  <div class='ocr_page' id='page_1' title='image "/cluster/home/n/w/nwhite01/storage/ocr_20150623/138/ien.35556001660133/676.png"; bbox 0 0 3998 6448; ppageno 0'>
   <div class='ocr_carea' id='block_1_1' title="bbox 273 365 409 433">
    <p class='ocr_par' dir='ltr' id='par_1_1' title="bbox 273 365 409 433">
     <span class='ocr_line' id='line_1_1' title="bbox 273 365 409 433; baseline 0.029 -4"><span class='ocrx_word' id='word_1_1' title='bbox 273 365 409 433; x_wconf 70' lang='grc'>1325</span> 
     </span>
    </p>
   </div>
   <div class='ocr_carea' id='block_1_2' title="bbox 1322 368 2463 430">
    <p class='ocr_par' dir='ltr' id='par_1_2' title="bbox 1322 368 2463 430">
     <span class='ocr_line' id='line_1_2' title="bbox 1322 368 2463 430; baseline 0.001 -4"><span class='ocrx_word' id='word_1_2' title='bbox 1322 371 1665 430; x_wconf 68' lang='grc' dir='ltr'><strong>ΕΟΝδΤίΤ.</strong></span> <span class='ocrx_word' id='word_1_3' title='bbox 1704 369 1996 427; x_wconf 80' lang='lat' dir='ltr'><strong>ECCLES.</strong></span> <span class='ocrx_word' id='word_1_4' title='bbox 2025 368 2463 428; x_wconf 65' lang='lat' dir='ltr'><strong>COLLECTIO.</strong></span> 
     </span>
    </p>
   </div>
   <div class='ocr_carea' id='block_1_3' title="bbox 3369 368 3500 435">
    <p class='ocr_par' dir='ltr' id='par_1_3' title="bbox 3369 368 3500 435">
     <span class='ocr_line' id='line_1_3' title="bbox 3369 368 3500 435; baseline -0.008 -4"><span class='ocrx_word' id='word_1_5' title='bbox 3369 368 3500 435; x_wconf 70' lang='lat'><strong>1326</strong></span> 
     </span>
    </p>
   </div>
   <div class='ocr_carea' id='block_1_4' title="bbox 279 477 1830 554">
    <p class='ocr_par' dir='ltr' id='par_1_4' title="bbox 279 483 1828 554">
     <span class='ocr_line' id='line_1_4' title="bbox 279 483 1828 554; baseline 0 -20"><span class='ocrx_word' id='word_1_6' title='bbox 279 485 526 537; x_wconf 70' lang='lat' dir='ltr'><strong>&#39;louottv.</strong></span> <span class='ocrx_word' id='word_1_7' title='bbox 579 485 636 536; x_wconf 80' lang='grc' dir='ltr'>τὸ</span> <span class='ocrx_word' id='word_1_8' title='bbox 692 483 780 553; x_wconf 81' lang='grc' dir='ltr'><strong>ιβ’,</strong></span> <span class='ocrx_word' id='word_1_9' title='bbox 840 485 977 553; x_wconf 82' lang='grc' dir='ltr'><strong>μετὰ</strong></span> <span class='ocrx_word' id='word_1_10' title='bbox 1034 483 1132 553; x_wconf 77' lang='grc' dir='ltr'><strong>τὴν</strong></span> <span class='ocrx_word' id='word_1_11' title='bbox 1183 486 1448 537; x_wconf 75' lang='grc' dir='ltr'>ὑπατείαν</span> <span class='ocrx_word' id='word_1_12' title='bbox 1515 485 1828 554; x_wconf 78' lang='grc' dir='ltr'>Βελισαρίου</span> 
     </span>
    </p>
   </div>
   <div class='ocr_carea' id='block_1_5' title="bbox 1939 477 3495 554">
    <p class='ocr_par' dir='ltr' id='par_1_5' title="bbox 1939 477 3495 550">
     <span class='ocr_line' id='line_1_5' title="bbox 1939 477 3495 550; baseline -0.006 -11"><span class='ocrx_word' id='word_1_13' title='bbox 1939 500 2078 539; x_wconf 87' lang='lat' dir='ltr'><strong>anno</strong></span> <span class='ocrx_word' id='word_1_14' title='bbox 2133 486 2454 544; x_wconf 81' lang='lat' dir='ltr'><strong>undecimo,</strong></span> <span class='ocrx_word' id='word_1_15' title='bbox 2511 487 2629 550; x_wconf 80' lang='lat' dir='ltr'><strong>post</strong></span> <span class='ocrx_word' id='word_1_16' title='bbox 2679 480 3022 535; x_wconf 87' lang='lat' dir='ltr'><strong>consulatum</strong></span> <span class='ocrx_word' id='word_1_17' title='bbox 3075 477 3358 544; x_wconf 85' lang='lat' dir='ltr'><strong>Belisarii,</strong></span> <span class='ocrx_word' id='word_1_18' title='bbox 3412 501 3495 530; x_wconf 71' lang='lat' dir='ltr'><strong>M2-</strong></span> 
     </span>
    </p>
   </div>
   <div class='ocr_carea' id='block_1_6' title="bbox 264 573 418 641">
    <p class='ocr_par' dir='ltr' id='par_1_6' title="bbox 264 573 418 641">
     <span class='ocr_line' id='line_1_6' title="bbox 264 573 418 641; baseline 0.019 -19"><span class='ocrx_word' id='word_1_19' title='bbox 264 577 323 623; x_wconf 73' lang='grc' dir='ltr'>τὸ</span> <span class='ocrx_word' id='word_1_20' title='bbox 354 573 418 641; x_wconf 89' lang='grc' dir='ltr'><strong>γ’.</strong></span> 
     </span>
    </p>
   </div>
   <div class='ocr_carea' id='block_1_7' title="bbox 743 666 1370 734">
    <p class='ocr_par' dir='ltr' id='par_1_7' title="bbox 743 666 1370 734">
     <span class='ocr_line' id='line_1_7' title="bbox 743 666 1370 734; baseline -0.005 -15"><span class='ocrx_word' id='word_1_21' title='bbox 743 666 854 719; x_wconf 75' lang='grc' dir='ltr'><strong>Καὶ</strong></span> <span class='ocrx_word' id='word_1_22' title='bbox 881 666 994 720; x_wconf 71' lang='grc' dir='ltr'>ὅσα</span> <span class='ocrx_word' id='word_1_23' title='bbox 1020 667 1370 734; x_wconf 65' lang='grc' dir='ltr'>παράτιτλα.</span> 
     </span>
    </p>
   </div>
   <div class='ocr_carea' id='block_1_8' title="bbox 333 755 1833 826">
    <p class='ocr_par' dir='ltr' id='par_1_8' title="bbox 333 755 1833 826">
     <span class='ocr_line' id='line_1_8' title="bbox 333 755 1833 826; baseline -0.001 -18"><span class='ocrx_word' id='word_1_24' title='bbox 333 756 453 808; x_wconf 86' lang='grc' dir='ltr'>Τίτ.</span> <span class='ocrx_word' id='word_1_25' title='bbox 493 764 538 808; x_wconf 89' lang='grc' dir='ltr'>α’</span> <span class='ocrx_word' id='word_1_26' title='bbox 606 758 746 810; x_wconf 80' lang='grc' dir='ltr'>διάτ.</span> <span class='ocrx_word' id='word_1_27' title='bbox 784 756 853 808; x_wconf 84' lang='grc' dir='ltr'><strong>α’.</strong></span> <span class='ocrx_word' id='word_1_28' title='bbox 887 759 1165 826; x_wconf 77' lang='grc' dir='ltr'>Χρήματα</span> <span class='ocrx_word' id='word_1_29' title='bbox 1222 759 1314 808; x_wconf 80' lang='grc' dir='ltr'>ἐπὶ</span> <span class='ocrx_word' id='word_1_30' title='bbox 1350 756 1648 825; x_wconf 78' lang='grc' dir='ltr'><strong>χειροτονίᾳ</strong></span> <span class='ocrx_word' id='word_1_31' title='bbox 1696 755 1833 807; x_wconf 79' lang='grc' dir='ltr'>διδό-</span> 
     </span>
    </p>
   </div>
   <div class='ocr_carea' id='block_1_9' title="bbox 266 843 1833 916">
    <p class='ocr_par' dir='ltr' id='par_1_9' title="bbox 266 843 1833 916">
     <span class='ocr_line' id='line_1_9' title="bbox 266 843 1833 916; baseline -0.001 -20"><span class='ocrx_word' id='word_1_32' title='bbox 266 865 404 913; x_wconf 84' lang='grc' dir='ltr'>μενα</span> <span class='ocrx_word' id='word_1_33' title='bbox 428 848 459 915; x_wconf 77' lang='grc' dir='ltr'>ἢ</span> <span class='ocrx_word' id='word_1_34' title='bbox 486 846 936 916; x_wconf 74' lang='grc' dir='ltr'><strong>ἐπαγγελλόμενα</strong></span> <span class='ocrx_word' id='word_1_35' title='bbox 963 850 1080 908; x_wconf 88' lang='grc' dir='ltr'>ταῖς</span> <span class='ocrx_word' id='word_1_36' title='bbox 1119 847 1436 916; x_wconf 68' lang='grc' dir='ltr'><strong>ἐκκλησίαις</strong></span> <span class='ocrx_word' id='word_1_37' title='bbox 1489 843 1833 914; x_wconf 72' lang='grc' dir='ltr'>προσκυροῦ-</span> 
     </span>
    </p>
   </div>
   <div class='ocr_carea' id='block_1_10' title="bbox 264 936 1202 1000">
    <p class='ocr_par' dir='ltr' id='par_1_10' title="bbox 264 936 1202 1000">
     <span class='ocr_line' id='line_1_10' title="bbox 264 936 1202 1000; baseline 0.003 -12"><span class='ocrx_word' id='word_1_38' title='bbox 264 936 377 988; x_wconf 82' lang='grc' dir='ltr'>σΘω</span> <span class='ocrx_word' id='word_1_39' title='bbox 401 937 544 988; x_wconf 82' lang='grc' dir='ltr'>κατὰ</span> <span class='ocrx_word' id='word_1_40' title='bbox 577 937 668 990; x_wconf 80' lang='grc' dir='ltr'><strong>τὸν</strong></span> <span class='ocrx_word' id='word_1_41' title='bbox 696 937 865 988; x_wconf 81' lang='grc' dir='ltr'><strong>τύπον</strong></span> <span class='ocrx_word' id='word_1_42' title='bbox 888 936 1202 1000; x_wconf 78' lang='grc' dir='ltr'><strong>διατάξεως.</strong></span> 
     </span>
    </p>
   </div>
   <div class='ocr_carea' id='block_1_11' title="bbox 338 1026 1829 1097">
    <p class='ocr_par' dir='ltr' id='par_1_11' title="bbox 338 1026 1829 1097">
     <span class='ocr_line' id='line_1_11' title="bbox 338 1026 1829 1097; baseline 0.001 -20"><span class='ocrx_word' id='word_1_43' title='bbox 338 1026 418 1078; x_wconf 81' lang='grc' dir='ltr'><strong>Τὰ</strong></span> <span class='ocrx_word' id='word_1_44' title='bbox 453 1027 754 1095; x_wconf 76' lang='grc' dir='ltr'>πράγματα</span> <span class='ocrx_word' id='word_1_45' title='bbox 785 1027 882 1095; x_wconf 86' lang='grc' dir='ltr'>τῆς</span> <span class='ocrx_word' id='word_1_46' title='bbox 919 1027 1243 1096; x_wconf 77' lang='grc' dir='ltr'><strong>φθαρείσης,</strong></span> <span class='ocrx_word' id='word_1_47' title='bbox 1277 1027 1307 1096; x_wconf 86' lang='grc' dir='ltr'>ἢ</span> <span class='ocrx_word' id='word_1_48' title='bbox 1337 1027 1680 1097; x_wconf 84' lang='grc' dir='ltr'>γαμηθείσης</span> <span class='ocrx_word' id='word_1_49' title='bbox 1710 1027 1829 1078; x_wconf 82' lang='grc' dir='ltr'>δια-</span> 
     </span>
    </p>
   </div>
   <div class='ocr_carea' id='block_1_12' title="bbox 263 1116 1832 1187">
    <p class='ocr_par' dir='ltr' id='par_1_12' title="bbox 263 1116 1832 1187">
     <span class='ocr_line' id='line_1_12' title="bbox 263 1116 1832 1187; baseline 0.001 -19"><span class='ocrx_word' id='word_1_50' title='bbox 263 1116 443 1180; x_wconf 71' lang='grc' dir='ltr'>κόνου,</span> <span class='ocrx_word' id='word_1_51' title='bbox 477 1117 508 1185; x_wconf 81' lang='grc' dir='ltr'>ἢ</span> <span class='ocrx_word' id='word_1_52' title='bbox 538 1119 616 1178; x_wconf 88' lang='grc' dir='ltr'><strong>είς</strong></span> <span class='ocrx_word' id='word_1_53' title='bbox 648 1117 833 1183; x_wconf 77' lang='grc' dir='ltr'>ἕτερον</span> <span class='ocrx_word' id='word_1_54' title='bbox 859 1117 1271 1186; x_wconf 77' lang='grc' dir='ltr'>μεταϐαλούσης</span> <span class='ocrx_word' id='word_1_55' title='bbox 1329 1117 1462 1186; x_wconf 82' lang='grc' dir='ltr'><strong>βίον⁹</strong></span> <span class='ocrx_word' id='word_1_56' title='bbox 1500 1119 1531 1183; x_wconf 80' lang='grc' dir='ltr'>ἡ</span> <span class='ocrx_word' id='word_1_57' title='bbox 1564 1117 1832 1187; x_wconf 75' lang='grc' dir='ltr'>ἐκκλησία</span> 
     </span>
    </p>
   </div>
   <div class='ocr_carea' id='block_1_13' title="bbox 261 1205 1512 1276">
    <p class='ocr_par' dir='ltr' id='par_1_13' title="bbox 261 1205 1512 1276">
     <span class='ocr_line' id='line_1_13' title="bbox 261 1205 1512 1276; baseline 0.002 -17"><span class='ocrx_word' id='word_1_58' title='bbox 261 1207 294 1276; x_wconf 77' lang='grc' dir='ltr'>ἢ</span> <span class='ocrx_word' id='word_1_59' title='bbox 324 1207 383 1260; x_wconf 79' lang='grc' dir='ltr'>τὸ</span> <span class='ocrx_word' id='word_1_60' title='bbox 435 1205 556 1258; x_wconf 84' lang='grc' dir='ltr'>κατ’</span> <span class='ocrx_word' id='word_1_61' title='bbox 589 1206 758 1274; x_wconf 79' lang='grc' dir='ltr'>αὐτὴν</span> <span class='ocrx_word' id='word_1_62' title='bbox 789 1206 1088 1269; x_wconf 80' lang='grc' dir='ltr'><strong>διαδέξεται</strong></span> <span class='ocrx_word' id='word_1_63' title='bbox 1132 1209 1512 1275; x_wconf 84' lang='grc' dir='ltr'>μοναστήριον.</span> 
     </span>
    </p>
   </div>
   <div class='ocr_carea' id='block_1_14' title="bbox 333 1366 1830 1453">
    <p class='ocr_par' dir='ltr' id='par_1_14' title="bbox 333 1366 1830 1453">
     <span class='ocr_line' id='line_1_14' title="bbox 333 1366 1830 1453; baseline 0.003 -22"><span class='ocrx_word' id='word_1_64' title='bbox 333 1380 486 1433; x_wconf 80' lang='grc' dir='ltr'><strong>Διάτ.</strong></span> <span class='ocrx_word' id='word_1_65' title='bbox 513 1380 577 1449; x_wconf 85' lang='grc' dir='ltr'><strong>β’.</strong></span> <span class='ocrx_word' id='word_1_66' title='bbox 614 1383 736 1434; x_wconf 76' lang='lat' dir='ltr'><strong>&quot;Ott</strong></span> <span class='ocrx_word' id='word_1_67' title='bbox 770 1382 874 1451; x_wconf 82' lang='grc' dir='ltr'>χρὴ</span> <span class='ocrx_word' id='word_1_68' title='bbox 892 1383 1010 1443; x_wconf 72' lang='grc' dir='ltr'>ταῖς</span> <span class='ocrx_word' id='word_1_69' title='bbox 1038 1382 1358 1450; x_wconf 79' lang='grc' dir='ltr'><strong>ἐκκλησίαις</strong></span> <span class='ocrx_word' id='word_1_70' title='bbox 1388 1366 1830 1453; x_wconf 77' lang='grc' dir='ltr'>προσκυροῦσθαι</span> 
     </span>
    </p>
   </div>
   <div class='ocr_carea' id='block_1_15' title="bbox 259 1472 1832 1545">
    <p class='ocr_par' dir='ltr' id='par_1_15' title="bbox 259 1472 1832 1545">
     <span class='ocr_line' id='line_1_15' title="bbox 259 1472 1832 1545; baseline 0.004 -22"><span class='ocrx_word' id='word_1_71' title='bbox 259 1474 329 1524; x_wconf 79' lang='grc' dir='ltr'>τὰ</span> <span class='ocrx_word' id='word_1_72' title='bbox 359 1472 499 1542; x_wconf 75' lang='grc' dir='ltr'>ὑπὲρ</span> <span class='ocrx_word' id='word_1_73' title='bbox 529 1475 863 1543; x_wconf 82' lang='grc' dir='ltr'><strong>χειροτονίας</strong></span> <span class='ocrx_word' id='word_1_74' title='bbox 899 1477 1049 1543; x_wconf 77' lang='grc' dir='ltr'>παρὰ</span> <span class='ocrx_word' id='word_1_75' title='bbox 1076 1474 1167 1526; x_wconf 79' lang='grc' dir='ltr'>τὸν</span> <span class='ocrx_word' id='word_1_76' title='bbox 1202 1475 1372 1529; x_wconf 82' lang='grc' dir='ltr'><strong>τύπον</strong></span> <span class='ocrx_word' id='word_1_77' title='bbox 1410 1479 1504 1545; x_wconf 79' lang='grc' dir='ltr'>τῆς</span> <span class='ocrx_word' id='word_1_78' title='bbox 1538 1477 1832 1542; x_wconf 75' lang='grc' dir='ltr'><strong>διατάξεως</strong></span> 
     </span>
    </p>
   </div>
   <div class='ocr_carea' id='block_1_16' title="bbox 262 1562 528 1630">
    <p class='ocr_par' dir='ltr' id='par_1_16' title="bbox 262 1562 528 1630">
     <span class='ocr_line' id='line_1_16' title="bbox 262 1562 528 1630; baseline 0.008 -16"><span class='ocrx_word' id='word_1_79' title='bbox 262 1562 366 1615; x_wconf 88' lang='grc' dir='ltr'>διδό</span> <span class='ocrx_word' id='word_1_80' title='bbox 375 1581 506 1630; x_wconf 87' lang='grc' dir='ltr'>μενα</span> <span class='ocrx_word' id='word_1_81' title='bbox 515 1603 528 1617; x_wconf 93' lang='grc'><em>.</em></span> 
     </span>
    </p>
   </div>
   <div class='ocr_carea' id='block_1_17' title="bbox 333 1653 1829 1730">
    <p class='ocr_par' dir='ltr' id='par_1_17' title="bbox 333 1653 1829 1730">
     <span class='ocr_line' id='line_1_17' title="bbox 333 1653 1829 1730; baseline 0.004 -24"><span class='ocrx_word' id='word_1_82' title='bbox 333 1653 414 1706; x_wconf 79' lang='grc' dir='ltr'><strong>Τὰ</strong></span> <span class='ocrx_word' id='word_1_83' title='bbox 444 1653 536 1706; x_wconf 76' lang='grc' dir='ltr'>τοῦ</span> <span class='ocrx_word' id='word_1_84' title='bbox 603 1654 906 1707; x_wconf 80' lang='grc' dir='ltr'>ἐπισκόπου</span> <span class='ocrx_word' id='word_1_85' title='bbox 950 1657 1251 1723; x_wconf 77' lang='grc' dir='ltr'>πράγματα</span> <span class='ocrx_word' id='word_1_86' title='bbox 1301 1658 1394 1709; x_wconf 83' lang='grc' dir='ltr'>τοῦ</span> <span class='ocrx_word' id='word_1_87' title='bbox 1457 1658 1751 1726; x_wconf 78' lang='grc' dir='ltr'>μισθώσεις</span> <span class='ocrx_word' id='word_1_88' title='bbox 1799 1661 1829 1730; x_wconf 83' lang='grc' dir='ltr'>ἦ</span> 
     </span>
    </p>
   </div>
   <div class='ocr_carea' id='block_1_18' title="bbox 261 1745 1831 1819">
    <p class='ocr_par' dir='ltr' id='par_1_18' title="bbox 261 1745 1831 1819">
     <span class='ocr_line' id='line_1_18' title="bbox 261 1745 1831 1819; baseline 0.006 -23"><span class='ocrx_word' id='word_1_89' title='bbox 261 1745 628 1813; x_wconf 68' lang='grc' dir='ltr'>δμῳυτεύσεις</span> <span class='ocrx_word' id='word_1_90' title='bbox 665 1749 940 1817; x_wconf 81' lang='grc' dir='ltr'><strong>ἀκινήτων</strong></span> <span class='ocrx_word' id='word_1_91' title='bbox 971 1749 1448 1816; x_wconf 85' lang='grc' dir='ltr'>ὲκκλησιαστικῶν</span> <span class='ocrx_word' id='word_1_92' title='bbox 1484 1753 1831 1819; x_wconf 67' lang='grc' dir='ltr'>πραγμάτων</span> 
     </span>
    </p>
   </div>
   <div class='ocr_carea' id='block_1_19' title="bbox 263 1837 1829 1908">
    <p class='ocr_par' dir='ltr' id='par_1_19' title="bbox 263 1837 1829 1908">
     <span class='ocr_line' id='line_1_19' title="bbox 263 1837 1829 1908; baseline 0.003 -20"><span class='ocrx_word' id='word_1_93' title='bbox 263 1837 831 1900; x_wconf 84' lang='grc' dir='ltr'>καταπιστεύσαντος,</span> <span class='ocrx_word' id='word_1_94' title='bbox 867 1839 1172 1906; x_wconf 83' lang='grc' dir='ltr'>διοικηταῖς</span> <span class='ocrx_word' id='word_1_95' title='bbox 1222 1839 1253 1908; x_wconf 82' lang='grc' dir='ltr'>ἦ</span> <span class='ocrx_word' id='word_1_96' title='bbox 1297 1841 1715 1908; x_wconf 67' lang='grc' dir='ltr'>χαρτουλαρέοις</span> <span class='ocrx_word' id='word_1_97' title='bbox 1732 1842 1829 1908; x_wconf 79' lang='grc' dir='ltr'>τῆς</span> 
     </span>
    </p>
   </div>
   <div class='ocr_carea' id='block_1_20' title="bbox 264 1926 1828 2000">
    <p class='ocr_par' dir='ltr' id='par_1_20' title="bbox 264 1926 1828 2000">
     <span class='ocr_line' id='line_1_20' title="bbox 264 1926 1828 2000; baseline 0.005 -23"><span class='ocrx_word' id='word_1_98' title='bbox 264 1926 388 1981; x_wconf 84' lang='grc' dir='ltr'>κατ’</span> <span class='ocrx_word' id='word_1_99' title='bbox 448 1928 628 1980; x_wconf 80' lang='grc' dir='ltr'>αὐτῶν</span> <span class='ocrx_word' id='word_1_100' title='bbox 680 1929 994 1996; x_wconf 75' lang='grc' dir='ltr'>ἁγιωτάτης</span> <span class='ocrx_word' id='word_1_101' title='bbox 1051 1930 1370 1996; x_wconf 67' lang='grc' dir='ltr'>ἐκκλησίας,</span> <span class='ocrx_word' id='word_1_102' title='bbox 1423 1932 1453 2000; x_wconf 82' lang='grc' dir='ltr'>ἢ</span> <span class='ocrx_word' id='word_1_103' title='bbox 1513 1935 1828 1998; x_wconf 78' lang='grc' dir='ltr'>συγγενέσιν</span> 
     </span>
    </p>
   </div>
   <div class='ocr_carea' id='block_1_21' title="bbox 256 2018 1830 2092">
    <p class='ocr_par' dir='ltr' id='par_1_21' title="bbox 256 2018 1830 2092">
     <span class='ocr_line' id='line_1_21' title="bbox 256 2018 1830 2092; baseline 0.003 -22"><span class='ocrx_word' id='word_1_104' title='bbox 256 2018 460 2084; x_wconf 78' lang='grc' dir='ltr'>αὐτῶν,</span> <span class='ocrx_word' id='word_1_105' title='bbox 511 2019 545 2087; x_wconf 78' lang='grc' dir='ltr'>ἢ</span> <span class='ocrx_word' id='word_1_106' title='bbox 600 2018 934 2087; x_wconf 82' lang='grc' dir='ltr'>ἁγχιστεῦσι,</span> <span class='ocrx_word' id='word_1_107' title='bbox 982 2023 1047 2089; x_wconf 81' lang='grc' dir='ltr'>τῇ</span> <span class='ocrx_word' id='word_1_108' title='bbox 1101 2021 1365 2091; x_wconf 74' lang='grc' dir='ltr'>ἐκκλησίᾳ</span> <span class='ocrx_word' id='word_1_109' title='bbox 1438 2023 1830 2092; x_wconf 67' lang='grc' dir='ltr'>προσκυρωθή-</span> 
     </span>
    </p>
   </div>
   <div class='ocr_carea' id='block_1_22' title="bbox 260 2126 470 2162">
    <p class='ocr_par' dir='ltr' id='par_1_22' title="bbox 260 2126 470 2162">
     <span class='ocr_line' id='line_1_22' title="bbox 260 2126 470 2162; baseline 0 0"><span class='ocrx_word' id='word_1_110' title='bbox 260 2126 470 2162; x_wconf 69' lang='grc' dir='ltr'>σονται.</span> 
     </span>
    </p>
   </div>
   <div class='ocr_carea' id='block_1_23' title="bbox 331 2201 1830 2272">
    <p class='ocr_par' dir='ltr' id='par_1_23' title="bbox 331 2201 1830 2272">
     <span class='ocr_line' id='line_1_23' title="bbox 331 2201 1830 2272; baseline 0.001 -21"><span class='ocrx_word' id='word_1_111' title='bbox 331 2201 412 2252; x_wconf 78' lang='grc' dir='ltr'><strong>Τὰ</strong></span> <span class='ocrx_word' id='word_1_112' title='bbox 444 2201 582 2270; x_wconf 77' lang='grc' dir='ltr'>ὑπὲρ</span> <span class='ocrx_word' id='word_1_113' title='bbox 615 2201 919 2271; x_wconf 78' lang='grc' dir='ltr'>προσϐολῆς</span> <span class='ocrx_word' id='word_1_114' title='bbox 966 2202 1200 2270; x_wconf 70' lang='grc' dir='ltr'>εὐαγοῦς</span> <span class='ocrx_word' id='word_1_115' title='bbox 1257 2203 1662 2272; x_wconf 81' lang='grc' dir='ltr'>φροντίσματος</span> <span class='ocrx_word' id='word_1_116' title='bbox 1690 2201 1830 2253; x_wconf 83' lang='grc' dir='ltr'>διδό-</span> 
     </span>
    </p>
   </div>
   <div class='ocr_carea' id='block_1_24' title="bbox 261 2291 1828 2362">
    <p class='ocr_par' dir='ltr' id='par_1_24' title="bbox 261 2291 1828 2362">
     <span class='ocr_line' id='line_1_24' title="bbox 261 2291 1828 2362; baseline 0.001 -18"><span class='ocrx_word' id='word_1_117' title='bbox 261 2310 400 2360; x_wconf 87' lang='grc' dir='ltr'>μενα</span> <span class='ocrx_word' id='word_1_118' title='bbox 429 2296 455 2346; x_wconf 79' lang='grc' dir='ltr'>ὁ</span> <span class='ocrx_word' id='word_1_119' title='bbox 483 2295 672 2346; x_wconf 85' lang='grc' dir='ltr'>τούτου</span> <span class='ocrx_word' id='word_1_120' title='bbox 696 2296 980 2358; x_wconf 73' lang='grc' dir='ltr'>δεσπόζων</span> <span class='ocrx_word' id='word_1_121' title='bbox 1006 2295 1207 2362; x_wconf 76' lang='grc' dir='ltr'>εὖαγὴς</span> <span class='ocrx_word' id='word_1_122' title='bbox 1227 2294 1508 2346; x_wconf 80' lang='grc' dir='ltr'>ὲκδικείτω</span> <span class='ocrx_word' id='word_1_123' title='bbox 1524 2291 1666 2356; x_wconf 82' lang='grc' dir='ltr'>οἶκος</span> <span class='ocrx_word' id='word_1_124' title='bbox 1691 2295 1828 2360; x_wconf 85' lang='grc' dir='ltr'>μετὰ</span> 
     </span>
    </p>
   </div>
   <div class='ocr_carea' id='block_1_25' title="bbox 259 2380 1379 2453">
    <p class='ocr_par' dir='ltr' id='par_1_25' title="bbox 259 2380 1379 2453">
     <span class='ocr_line' id='line_1_25' title="bbox 259 2380 1379 2453; baseline 0.004 -20"><span class='ocrx_word' id='word_1_125' title='bbox 259 2380 373 2452; x_wconf 84' lang='grc' dir='ltr'><strong>[ῐσ.</strong></span> <span class='ocrx_word' id='word_1_126' title='bbox 421 2382 585 2453; x_wconf 69' lang='grc' dir='ltr'>κατὰ]</span> <span class='ocrx_word' id='word_1_127' title='bbox 609 2384 698 2435; x_wconf 73' lang='grc' dir='ltr'><strong>τὸν</strong></span> <span class='ocrx_word' id='word_1_128' title='bbox 730 2385 898 2436; x_wconf 78' lang='grc' dir='ltr'>τύπον</span> <span class='ocrx_word' id='word_1_129' title='bbox 924 2386 1024 2452; x_wconf 80' lang='grc' dir='ltr'>τῆς</span> <span class='ocrx_word' id='word_1_130' title='bbox 1057 2384 1379 2446; x_wconf 79' lang='grc' dir='ltr'>διατάξεως.</span> 
     </span>
    </p>
   </div>
   <div class='ocr_carea' id='block_1_26' title="bbox 335 2552 1828 2624">
    <p class='ocr_par' dir='ltr' id='par_1_26' title="bbox 335 2552 1828 2624">
     <span class='ocr_line' id='line_1_26' title="bbox 335 2552 1828 2624; baseline -0.001 -19"><span class='ocrx_word' id='word_1_131' title='bbox 335 2554 591 2624; x_wconf 79' lang='grc' dir='ltr'>ὐτιχρὴ</span> <span class='ocrx_word' id='word_1_132' title='bbox 649 2555 774 2616; x_wconf 72' lang='grc' dir='ltr'>τοὺς</span> <span class='ocrx_word' id='word_1_133' title='bbox 816 2555 1206 2623; x_wconf 74' lang='grc' dir='ltr'>δ.οικήσαντας</span> <span class='ocrx_word' id='word_1_134' title='bbox 1269 2554 1334 2605; x_wconf 82' lang='grc' dir='ltr'>τὰ</span> <span class='ocrx_word' id='word_1_135' title='bbox 1403 2552 1828 2621; x_wconf 75' lang='grc' dir='ltr'>ἐκκλησιαστικὰ</span> 
     </span>
    </p>
   </div>
   <div class='ocr_carea' id='block_1_27' title="bbox 260 2643 1826 2717">
    <p class='ocr_par' dir='ltr' id='par_1_27' title="bbox 260 2643 1826 2717">
     <span class='ocr_line' id='line_1_27' title="bbox 260 2643 1826 2717; baseline -0.003 -19"><span class='ocrx_word' id='word_1_136' title='bbox 260 2647 566 2717; x_wconf 73' lang='grc' dir='ltr'>πράγματα</span> <span class='ocrx_word' id='word_1_137' title='bbox 599 2647 954 2717; x_wconf 77' lang='grc' dir='ltr'>ἀπαιτεῖσθαι</span> <span class='ocrx_word' id='word_1_138' title='bbox 992 2649 1093 2699; x_wconf 81' lang='grc' dir='ltr'><strong>ὅσα</strong></span> <span class='ocrx_word' id='word_1_139' title='bbox 1127 2646 1193 2698; x_wconf 81' lang='grc' dir='ltr'><strong>ἂν</strong></span> <span class='ocrx_word' id='word_1_140' title='bbox 1235 2646 1433 2705; x_wconf 71' lang='grc' dir='ltr'>αὐτοὺς</span> <span class='ocrx_word' id='word_1_141' title='bbox 1466 2643 1770 2709; x_wconf 79' lang='grc' dir='ltr'>λογοθετῶν</span> <span class='ocrx_word' id='word_1_142' title='bbox 1800 2645 1826 2694; x_wconf 85' lang='grc' dir='ltr'><strong>ό</strong></span> 
     </span>
    </p>
   </div>
   <div class='ocr_carea' id='block_1_28' title="bbox 259 2735 1827 2807">
    <p class='ocr_par' dir='ltr' id='par_1_28' title="bbox 259 2735 1827 2807">
     <span class='ocr_line' id='line_1_28' title="bbox 259 2735 1827 2807; baseline -0.001 -19"><span class='ocrx_word' id='word_1_143' title='bbox 259 2739 560 2797; x_wconf 76' lang='grc' dir='ltr'>ἐπίσκοπος</span> <span class='ocrx_word' id='word_1_144' title='bbox 581 2738 820 2801; x_wconf 72' lang='grc' dir='ltr'>εἰθύνει,</span> <span class='ocrx_word' id='word_1_145' title='bbox 861 2739 959 2807; x_wconf 76' lang='grc' dir='ltr'><strong>τῆς</strong></span> <span class='ocrx_word' id='word_1_146' title='bbox 989 2737 1339 2806; x_wconf 73' lang='grc' dir='ltr'>ἀπκιτήσεως</span> <span class='ocrx_word' id='word_1_147' title='bbox 1392 2736 1487 2788; x_wconf 75' lang='grc' dir='ltr'>καὶ</span> <span class='ocrx_word' id='word_1_148' title='bbox 1515 2738 1592 2797; x_wconf 85' lang='grc' dir='ltr'>εἰς</span> <span class='ocrx_word' id='word_1_149' title='bbox 1633 2735 1827 2804; x_wconf 84' lang='grc' dir='ltr'>κληρο-</span> 
     </span>
    </p>
   </div>
   <div class='ocr_carea' id='block_1_29' title="bbox 258 2829 900 2898">
    <p class='ocr_par' dir='ltr' id='par_1_29' title="bbox 258 2829 900 2898">
     <span class='ocr_line' id='line_1_29' title="bbox 258 2829 900 2898; baseline 0.005 -18"><span class='ocrx_word' id='word_1_150' title='bbox 258 2829 457 2898; x_wconf 79' lang='grc' dir='ltr'>νόμους</span> <span class='ocrx_word' id='word_1_151' title='bbox 486 2829 900 2898; x_wconf 79' lang='grc' dir='ltr'>διαϐαινοόσης.</span> 
     </span>
    </p>
   </div>
   <div class='ocr_carea' id='block_1_30' title="bbox 327 2915 1822 2988">
    <p class='ocr_par' dir='ltr' id='par_1_30' title="bbox 327 2915 1822 2988">
     <span class='ocr_line' id='line_1_30' title="bbox 327 2915 1822 2988; baseline -0.005 -16"><span class='ocrx_word' id='word_1_152' title='bbox 327 2922 450 2988; x_wconf 77' lang='grc' dir='ltr'>Χρὴ</span> <span class='ocrx_word' id='word_1_153' title='bbox 478 2920 545 2971; x_wconf 71' lang='grc' dir='ltr'>τὰ</span> <span class='ocrx_word' id='word_1_154' title='bbox 567 2922 867 2988; x_wconf 76' lang='grc' dir='ltr'>πράγματα</span> <span class='ocrx_word' id='word_1_155' title='bbox 899 2919 994 2987; x_wconf 83' lang='grc' dir='ltr'>τῆς</span> <span class='ocrx_word' id='word_1_156' title='bbox 1018 2917 1362 2982; x_wconf 63' lang='grc' dir='ltr'>δἰακονὶσσης</span> <span class='ocrx_word' id='word_1_157' title='bbox 1385 2916 1479 2984; x_wconf 80' lang='grc' dir='ltr'>τῆς</span> <span class='ocrx_word' id='word_1_158' title='bbox 1515 2915 1669 2984; x_wconf 76' lang='grc' dir='ltr'>ἀνδρὶ</span> <span class='ocrx_word' id='word_1_159' title='bbox 1699 2931 1822 2966; x_wconf 76' lang='grc' dir='ltr'>συν-</span> 
     </span>
    </p>
   </div>
   <div class='ocr_carea' id='block_1_31' title="bbox 257 3005 1829 3080">
    <p class='ocr_par' dir='ltr' id='par_1_31' title="bbox 257 3005 1829 3080">
     <span class='ocr_line' id='line_1_31' title="bbox 257 3005 1829 3080; baseline -0.004 -17"><span class='ocrx_word' id='word_1_160' title='bbox 257 3010 514 3080; x_wconf 79' lang='grc' dir='ltr'>οικούσης</span> <span class='ocrx_word' id='word_1_161' title='bbox 578 3010 812 3078; x_wconf 75' lang='grc' dir='ltr'>ὑποψίαν</span> <span class='ocrx_word' id='word_1_162' title='bbox 843 3009 1118 3075; x_wconf 73' lang='grc' dir='ltr'>εἰσάγοντι</span> <span class='ocrx_word' id='word_1_163' title='bbox 1156 3007 1402 3074; x_wconf 69' lang='grc' dir='ltr'>πονηρὰν</span> <span class='ocrx_word' id='word_1_164' title='bbox 1433 3005 1573 3074; x_wconf 83' lang='grc' dir='ltr'>μετὰ</span> <span class='ocrx_word' id='word_1_165' title='bbox 1617 3021 1829 3073; x_wconf 85' lang='grc' dir='ltr'>παραγ-</span> 
     </span>
    </p>
   </div>
   <div class='ocr_carea' id='block_1_32' title="bbox 257 3096 1830 3170">
    <p class='ocr_par' dir='ltr' id='par_1_32' title="bbox 257 3096 1830 3170">
     <span class='ocr_line' id='line_1_32' title="bbox 257 3096 1830 3170; baseline -0.004 -16"><span class='ocrx_word' id='word_1_166' title='bbox 257 3103 444 3168; x_wconf 78' lang='grc' dir='ltr'>γελίαν</span> <span class='ocrx_word' id='word_1_167' title='bbox 474 3105 591 3160; x_wconf 84' lang='grc' dir='ltr'>ταῖς</span> <span class='ocrx_word' id='word_1_168' title='bbox 624 3099 944 3170; x_wconf 70' lang='grc' dir='ltr'>ἐκκλησίαις</span> <span class='ocrx_word' id='word_1_169' title='bbox 978 3097 1426 3168; x_wconf 83' lang='grc' dir='ltr'>προσκυροῡσθαι</span> <span class='ocrx_word' id='word_1_170' title='bbox 1459 3097 1596 3149; x_wconf 85' lang='grc' dir='ltr'>κατὰ</span> <span class='ocrx_word' id='word_1_171' title='bbox 1617 3097 1706 3148; x_wconf 82' lang='grc' dir='ltr'><strong>τὸν</strong></span> <span class='ocrx_word' id='word_1_172' title='bbox 1739 3096 1830 3149; x_wconf 83' lang='grc' dir='ltr'><strong>τύ-</strong></span> 
     </span>
    </p>
   </div>
   <div class='ocr_carea' id='block_1_33' title="bbox 259 3191 1518 3260">
    <p class='ocr_par' dir='ltr' id='par_1_33' title="bbox 259 3191 1518 3260">
     <span class='ocr_line' id='line_1_33' title="bbox 259 3191 1518 3260; baseline -0.006 -16"><span class='ocrx_word' id='word_1_173' title='bbox 259 3210 362 3246; x_wconf 88' lang='grc' dir='ltr'><strong>πον</strong></span> <span class='ocrx_word' id='word_1_174' title='bbox 407 3192 505 3260; x_wconf 78' lang='grc' dir='ltr'>τῆς</span> <span class='ocrx_word' id='word_1_175' title='bbox 541 3191 860 3254; x_wconf 79' lang='grc' dir='ltr'>διατάξεως.</span> <span class='ocrx_word' id='word_1_176' title='bbox 1513 3232 1518 3236; x_wconf 83' lang='lat'><strong>.</strong></span> 
     </span>
    </p>
   </div>
   <div class='ocr_carea' id='block_1_34' title="bbox 324 3279 1832 3350">
    <p class='ocr_par' dir='ltr' id='par_1_34' title="bbox 324 3279 1832 3350">
     <span class='ocr_line' id='line_1_34' title="bbox 324 3279 1832 3350; baseline -0.004 -16"><span class='ocrx_word' id='word_1_177' title='bbox 324 3284 468 3334; x_wconf 77' lang='grc' dir='ltr'>Πότε</span> <span class='ocrx_word' id='word_1_178' title='bbox 502 3285 571 3334; x_wconf 71' lang='grc' dir='ltr'><strong>τὰ</strong></span> <span class='ocrx_word' id='word_1_179' title='bbox 603 3282 909 3350; x_wconf 83' lang='grc' dir='ltr'>πράγματα</span> <span class='ocrx_word' id='word_1_180' title='bbox 937 3280 1005 3332; x_wconf 75' lang='grc' dir='ltr'>τὰ</span> <span class='ocrx_word' id='word_1_181' title='bbox 1042 3279 1148 3332; x_wconf 77' lang='grc' dir='ltr'>ὑπὸ</span> <span class='ocrx_word' id='word_1_182' title='bbox 1176 3280 1389 3347; x_wconf 81' lang='grc' dir='ltr'>αἵρεσιν</span> <span class='ocrx_word' id='word_1_183' title='bbox 1424 3279 1607 3347; x_wconf 81' lang='grc' dir='ltr'>γάμου</span> <span class='ocrx_word' id='word_1_184' title='bbox 1645 3280 1676 3347; x_wconf 79' lang='grc' dir='ltr'>ἦ</span> <span class='ocrx_word' id='word_1_185' title='bbox 1706 3295 1832 3330; x_wconf 81' lang='grc' dir='ltr'>παι·</span> 
     </span>
    </p>
   </div>
   <div class='ocr_carea' id='block_1_35' title="bbox 256 3371 1829 3441">
    <p class='ocr_par' dir='ltr' id='par_1_35' title="bbox 256 3371 1829 3441">
     <span class='ocr_line' id='line_1_35' title="bbox 256 3371 1829 3441; baseline -0.004 -14"><span class='ocrx_word' id='word_1_186' title='bbox 256 3374 501 3436; x_wconf 85' lang='grc' dir='ltr'>δοποιίας</span> <span class='ocrx_word' id='word_1_187' title='bbox 543 3373 975 3439; x_wconf 79' lang='grc' dir='ltr'>καταλειφθέντα</span> <span class='ocrx_word' id='word_1_188' title='bbox 1011 3372 1294 3441; x_wconf 83' lang='grc' dir='ltr'>κληρικοίς</span> <span class='ocrx_word' id='word_1_189' title='bbox 1329 3371 1361 3440; x_wconf 84' lang='grc' dir='ltr'>ἢ</span> <span class='ocrx_word' id='word_1_190' title='bbox 1423 3375 1680 3440; x_wconf 54' lang='grc' dir='ltr'>μοναχυκ</span> <span class='ocrx_word' id='word_1_191' title='bbox 1712 3372 1829 3430; x_wconf 84' lang='grc' dir='ltr'>ταῖς</span> 
     </span>
    </p>
   </div>
   <div class='ocr_carea' id='block_1_36' title="bbox 258 3461 1612 3534">
    <p class='ocr_par' dir='ltr' id='par_1_36' title="bbox 258 3461 1612 3534">
     <span class='ocr_line' id='line_1_36' title="bbox 258 3461 1612 3534; baseline -0.003 -16"><span class='ocrx_word' id='word_1_192' title='bbox 258 3466 583 3534; x_wconf 77' lang='grc' dir='ltr'>ἐκκλησίαις</span> <span class='ocrx_word' id='word_1_193' title='bbox 611 3462 1046 3534; x_wconf 76' lang='grc' dir='ltr'>προσκυροῦται,</span> <span class='ocrx_word' id='word_1_194' title='bbox 1073 3464 1242 3531; x_wconf 73' lang='grc' dir='ltr'>φησιν</span> <span class='ocrx_word' id='word_1_195' title='bbox 1281 3464 1313 3530; x_wconf 82' lang='grc' dir='ltr'>ὴ</span> <span class='ocrx_word' id='word_1_196' title='bbox 1344 3461 1612 3524; x_wconf 74' lang='grc' dir='ltr'>διάταξις.</span> 
     </span>
    </p>
   </div>
   <div class='ocr_carea' id='block_1_37' title="bbox 332 3635 1761 3706">
    <p class='ocr_par' dir='ltr' id='par_1_37' title="bbox 332 3635 1761 3706">
     <span class='ocr_line' id='line_1_37' title="bbox 332 3635 1761 3706; baseline 0 -20"><span class='ocrx_word' id='word_1_197' title='bbox 332 3636 414 3688; x_wconf 81' lang='grc' dir='ltr'><strong>Τὰ</strong></span> <span class='ocrx_word' id='word_1_198' title='bbox 471 3637 772 3706; x_wconf 74' lang='grc' dir='ltr'>πράγματα</span> <span class='ocrx_word' id='word_1_199' title='bbox 831 3635 938 3688; x_wconf 67' lang='grc' dir='ltr'><strong>τῶν</strong></span> <span class='ocrx_word' id='word_1_200' title='bbox 1005 3635 1372 3703; x_wconf 71' lang='grc' dir='ltr'>ἁρπασᾶιντων</span> <span class='ocrx_word' id='word_1_201' title='bbox 1428 3635 1761 3704; x_wconf 81' lang='grc' dir='ltr'>μονάστριαν</span> 
     </span>
    </p>
   </div>
   <div class='ocr_carea' id='block_1_38' title="bbox 258 3725 1834 3796">
    <p class='ocr_par' dir='ltr' id='par_1_38' title="bbox 258 3725 1834 3796">
     <span class='ocr_line' id='line_1_38' title="bbox 258 3725 1834 3796; baseline -0.001 -18"><span class='ocrx_word' id='word_1_202' title='bbox 258 3727 648 3778; x_wconf 78' lang='grc' dir='ltr'>διακὸνισσσαν</span> <span class='ocrx_word' id='word_1_203' title='bbox 677 3727 710 3796; x_wconf 82' lang='grc' dir='ltr'>ἦ</span> <span class='ocrx_word' id='word_1_204' title='bbox 743 3726 910 3795; x_wconf 79' lang='grc' dir='ltr'>ἄλλην</span> <span class='ocrx_word' id='word_1_205' title='bbox 955 3725 1159 3794; x_wconf 77' lang='grc' dir='ltr'>εὐλαϐῆ</span> <span class='ocrx_word' id='word_1_206' title='bbox 1188 3728 1422 3790; x_wconf 78' lang='grc' dir='ltr'>γυναῖκα</span> <span class='ocrx_word' id='word_1_207' title='bbox 1455 3727 1566 3787; x_wconf 84' lang='grc' dir='ltr'>τοῖς</span> <span class='ocrx_word' id='word_1_208' title='bbox 1593 3727 1713 3778; x_wconf 81' lang='grc' dir='ltr'>κατ’</span> <span class='ocrx_word' id='word_1_209' title='bbox 1740 3725 1834 3776; x_wconf 76' lang='grc' dir='ltr'><strong>αὺ-</strong></span> 
     </span>
    </p>
   </div>
   <div class='ocr_carea' id='block_1_39' title="bbox 257 3816 1335 3887">
    <p class='ocr_par' dir='ltr' id='par_1_39' title="bbox 257 3816 1335 3887">
     <span class='ocr_line' id='line_1_39' title="bbox 257 3816 1335 3887; baseline -0.003 -16"><span class='ocrx_word' id='word_1_210' title='bbox 257 3820 354 3880; x_wconf 71' lang='grc' dir='ltr'>τὰς</span> <span class='ocrx_word' id='word_1_211' title='bbox 385 3819 634 3883; x_wconf 83' lang='grc' dir='ltr'>εὺαγέσιν</span> <span class='ocrx_word' id='word_1_212' title='bbox 669 3820 839 3879; x_wconf 79' lang='grc' dir='ltr'>οἴκοις</span> <span class='ocrx_word' id='word_1_213' title='bbox 869 3816 1335 3887; x_wconf 81' lang='grc' dir='ltr'>προσκυροῦσθαι.</span> 
     </span>
    </p>
   </div>
   <div class='ocr_carea' id='block_1_40' title="bbox 332 3904 1832 3978">
    <p class='ocr_par' dir='ltr' id='par_1_40' title="bbox 332 3904 1832 3978">
     <span class='ocr_line' id='line_1_40' title="bbox 332 3904 1832 3978; baseline -0.003 -16"><span class='ocrx_word' id='word_1_214' title='bbox 332 3908 452 3962; x_wconf 68' lang='lat' dir='ltr'><strong>Tit.</strong></span> <span class='ocrx_word' id='word_1_215' title='bbox 480 3910 557 3978; x_wconf 83' lang='grc' dir='ltr'>τῷ</span> <span class='ocrx_word' id='word_1_216' title='bbox 589 3908 767 3978; x_wconf 81' lang='grc' dir='ltr'>αὐτῷ,</span> <span class='ocrx_word' id='word_1_217' title='bbox 815 3906 1062 3972; x_wconf 82' lang='grc' dir='ltr'>διάταξις</span> <span class='ocrx_word' id='word_1_218' title='bbox 1116 3904 1184 3969; x_wconf 78' lang='grc' dir='ltr'><strong>ζ’.</strong></span> <span class='ocrx_word' id='word_1_219' title='bbox 1214 3907 1336 3958; x_wconf 81' lang='grc' dir='ltr'>Ὅτι</span> <span class='ocrx_word' id='word_1_220' title='bbox 1395 3905 1567 3967; x_wconf 72' lang='grc' dir='ltr'>οὐδεὶς</span> <span class='ocrx_word' id='word_1_221' title='bbox 1611 3905 1832 3959; x_wconf 81' lang='grc' dir='ltr'>δύναται</span> 
     </span>
    </p>
   </div>
   <div class='ocr_carea' id='block_1_41' title="bbox 259 3993 1833 4070">
    <p class='ocr_par' dir='ltr' id='par_1_41' title="bbox 259 3993 1833 4070">
     <span class='ocr_line' id='line_1_41' title="bbox 259 3993 1833 4070; baseline -0.003 -15"><span class='ocrx_word' id='word_1_222' title='bbox 259 4002 551 4070; x_wconf 80' lang='grc' dir='ltr'>εὐκτήριον</span> <span class='ocrx_word' id='word_1_223' title='bbox 584 3998 734 4054; x_wconf 84' lang='grc' dir='ltr'>οἷκον</span> <span class='ocrx_word' id='word_1_224' title='bbox 800 4001 1034 4067; x_wconf 72' lang='grc' dir='ltr'>κτίζειν,</span> <span class='ocrx_word' id='word_1_225' title='bbox 1069 4001 1117 4051; x_wconf 79' lang='grc' dir='ltr'><strong>εἰ</strong></span> <span class='ocrx_word' id='word_1_226' title='bbox 1145 4000 1220 4068; x_wconf 80' lang='grc' dir='ltr'>μὴ</span> <span class='ocrx_word' id='word_1_227' title='bbox 1249 3997 1444 4069; x_wconf 81' lang='grc' dir='ltr'>γνώμῃ</span> <span class='ocrx_word' id='word_1_228' title='bbox 1488 3997 1581 4049; x_wconf 86' lang='grc' dir='ltr'>τοῦ</span> <span class='ocrx_word' id='word_1_229' title='bbox 1613 3993 1833 4052; x_wconf 71' lang='grc' dir='ltr'>ἐπισκό-</span> 
     </span>
    </p>
   </div>
   <div class='ocr_carea' id='block_1_42' title="bbox 262 4089 1832 4163">
    <p class='ocr_par' dir='ltr' id='par_1_42' title="bbox 262 4089 1832 4163">
     <span class='ocr_line' id='line_1_42' title="bbox 262 4089 1832 4163; baseline -0.003 -17"><span class='ocrx_word' id='word_1_230' title='bbox 262 4110 363 4146; x_wconf 85' lang='grc' dir='ltr'><strong>που</strong></span> <span class='ocrx_word' id='word_1_231' title='bbox 398 4094 476 4162; x_wconf 79' lang='grc' dir='ltr'><strong>τῷ</strong></span> <span class='ocrx_word' id='word_1_232' title='bbox 511 4092 623 4161; x_wconf 79' lang='grc' dir='ltr'><strong>[ἷσ.</strong></span> <span class='ocrx_word' id='word_1_233' title='bbox 656 4091 745 4163; x_wconf 67' lang='grc' dir='ltr'><strong>τὰ]</strong></span> <span class='ocrx_word' id='word_1_234' title='bbox 776 4092 903 4160; x_wconf 76' lang='grc' dir='ltr'>περὶ</span> <span class='ocrx_word' id='word_1_235' title='bbox 921 4091 1017 4160; x_wconf 82' lang='grc' dir='ltr'>τὴν</span> <span class='ocrx_word' id='word_1_236' title='bbox 1045 4091 1367 4159; x_wconf 79' lang='grc' dir='ltr'>ἐπιμέλειαν</span> <span class='ocrx_word' id='word_1_237' title='bbox 1393 4091 1487 4142; x_wconf 75' lang='grc' dir='ltr'><strong>καὶ</strong></span> <span class='ocrx_word' id='word_1_238' title='bbox 1503 4089 1832 4158; x_wconf 84' lang='grc' dir='ltr'>λυχνοκαῖαν</span> 
     </span>
    </p>
   </div>
   <div class='ocr_carea' id='block_1_43' title="bbox 259 4180 1833 4252">
    <p class='ocr_par' dir='ltr' id='par_1_43' title="bbox 259 4180 1833 4252">
     <span class='ocr_line' id='line_1_43' title="bbox 259 4180 1833 4252; baseline -0.001 -17"><span class='ocrx_word' id='word_1_239' title='bbox 259 4183 447 4248; x_wconf 81' lang='grc' dir='ltr'>αὑτοῦ,</span> <span class='ocrx_word' id='word_1_240' title='bbox 481 4187 575 4235; x_wconf 69' lang='grc' dir='ltr'>καὶ</span> <span class='ocrx_word' id='word_1_241' title='bbox 601 4185 843 4251; x_wconf 85' lang='grc' dir='ltr'>σιτήσεις</span> <span class='ocrx_word' id='word_1_242' title='bbox 866 4184 973 4235; x_wconf 83' lang='grc' dir='ltr'><strong>τῶν</strong></span> <span class='ocrx_word' id='word_1_243' title='bbox 998 4182 1302 4250; x_wconf 69' lang='grc' dir='ltr'>μελλόντων</span> <span class='ocrx_word' id='word_1_244' title='bbox 1330 4183 1385 4231; x_wconf 85' lang='grc' dir='ltr'>ὲν</span> <span class='ocrx_word' id='word_1_245' title='bbox 1406 4180 1554 4250; x_wconf 81' lang='grc' dir='ltr'>αὐτῷ</span> <span class='ocrx_word' id='word_1_246' title='bbox 1587 4181 1833 4252; x_wconf 83' lang='grc' dir='ltr'>λειτουρ-</span> 
     </span>
    </p>
   </div>
   <div class='ocr_carea' id='block_1_44' title="bbox 264 4273 1426 4344">
    <p class='ocr_par' dir='ltr' id='par_1_44' title="bbox 264 4273 1426 4344">
     <span class='ocr_line' id='line_1_44' title="bbox 264 4273 1426 4344; baseline 0.001 -19"><span class='ocrx_word' id='word_1_247' title='bbox 264 4279 378 4341; x_wconf 84' lang='grc' dir='ltr'>γεῖν</span> <span class='ocrx_word' id='word_1_248' title='bbox 409 4275 550 4326; x_wconf 77' lang='grc' dir='ltr'>κατὰ</span> <span class='ocrx_word' id='word_1_249' title='bbox 583 4275 684 4343; x_wconf 81' lang='grc' dir='ltr'><strong>τὴν</strong></span> <span class='ocrx_word' id='word_1_250' title='bbox 724 4274 897 4344; x_wconf 85' lang='grc' dir='ltr'>ίδικὴν</span> <span class='ocrx_word' id='word_1_251' title='bbox 920 4273 1128 4340; x_wconf 77' lang='grc' dir='ltr'>δωρεὰν</span> <span class='ocrx_word' id='word_1_252' title='bbox 1152 4273 1426 4341; x_wconf 66' lang='grc' dir='ltr'>ἀφορίσει.</span> 
     </span>
    </p>
   </div>
   <div class='ocr_carea' id='block_1_45' title="bbox 1934 579 2132 633">
    <p class='ocr_par' dir='ltr' id='par_1_45' title="bbox 1934 579 2132 633">
     <span class='ocr_line' id='line_1_45' title="bbox 1934 579 2132 633; baseline -0.01 -1"><span class='ocrx_word' id='word_1_253' title='bbox 1934 579 2132 633; x_wconf 87' lang='lat' dir='ltr'><strong>eundo.</strong></span> 
     </span>
    </p>
   </div>
   <div class='ocr_carea' id='block_1_46' title="bbox 2424 666 2996 722">
    <p class='ocr_par' dir='ltr' id='par_1_46' title="bbox 2424 666 2996 722">
     <span class='ocr_line' id='line_1_46' title="bbox 2424 666 2996 722; baseline -0.003 0"><span class='ocrx_word' id='word_1_254' title='bbox 2424 666 2584 722; x_wconf 79' lang='lat' dir='ltr'><strong>Tituli</strong></span> <span class='ocrx_word' id='word_1_255' title='bbox 2613 666 2670 721; x_wconf 84' lang='lat' dir='ltr'><strong>ll</strong></span> <span class='ocrx_word' id='word_1_256' title='bbox 2709 666 2996 720; x_wconf 81' lang='lat' dir='ltr'><strong>Paratitla.</strong></span> 
     </span>
    </p>
   </div>
   <div class='ocr_carea' id='block_1_47' title="bbox 2007 757 3501 824">
    <p class='ocr_par' dir='ltr' id='par_1_47' title="bbox 2007 757 3501 824">
     <span class='ocr_line' id='line_1_47' title="bbox 2007 757 3501 824; baseline -0.005 -9"><span class='ocrx_word' id='word_1_257' title='bbox 2007 762 2177 816; x_wconf 86' lang='lat' dir='ltr'><strong>Tituli</strong></span> <span class='ocrx_word' id='word_1_258' title='bbox 2218 763 2266 824; x_wconf 87' lang='lat' dir='ltr'><strong>l,</strong></span> <span class='ocrx_word' id='word_1_259' title='bbox 2297 759 2686 814; x_wconf 89' lang='lat' dir='ltr'><strong>constitutione</strong></span> <span class='ocrx_word' id='word_1_260' title='bbox 2726 758 2773 810; x_wconf 90' lang='lat' dir='ltr'><strong>l.</strong></span> <span class='ocrx_word' id='word_1_261' title='bbox 2809 757 3080 822; x_wconf 72' lang='lat' dir='ltr'><strong>Pecuniae,</strong></span> <span class='ocrx_word' id='word_1_262' title='bbox 3117 771 3238 824; x_wconf 66' lang='lat' dir='ltr'><strong>ilum</strong></span> <span class='ocrx_word' id='word_1_263' title='bbox 3282 757 3377 808; x_wconf 89' lang='lat' dir='ltr'><strong>ord</strong></span> <span class='ocrx_word' id='word_1_264' title='bbox 3407 767 3501 808; x_wconf 73' lang='lat' dir='ltr'><strong>n1-</strong></span> 
     </span>
    </p>
   </div>
   <div class='ocr_carea' id='block_1_48' title="bbox 1935 842 3494 920">
    <p class='ocr_par' dir='ltr' id='par_1_48' title="bbox 1935 842 3494 920">
     <span class='ocr_line' id='line_1_48' title="bbox 1935 842 3494 920; baseline -0.006 -13"><span class='ocrx_word' id='word_1_265' title='bbox 1935 855 2102 908; x_wconf 90' lang='lat' dir='ltr'><strong>tionis</strong></span> <span class='ocrx_word' id='word_1_266' title='bbox 2147 854 2364 906; x_wconf 87' lang='lat' dir='ltr'><strong>nomine</strong></span> <span class='ocrx_word' id='word_1_267' title='bbox 2412 850 2629 912; x_wconf 84' lang='lat' dir='ltr'><strong>dantur,</strong></span> <span class='ocrx_word' id='word_1_268' title='bbox 2656 842 2902 902; x_wconf 87' lang='lat' dir='ltr'><strong>ecclesiis</strong></span> <span class='ocrx_word' id='word_1_269' title='bbox 2926 845 3227 920; x_wconf 88' lang='lat' dir='ltr'><strong>secundum</strong></span> <span class='ocrx_word' id='word_1_270' title='bbox 3256 847 3494 900; x_wconf 83' lang='lat' dir='ltr'><strong>sanctio-</strong></span> 
     </span>
    </p>
   </div>
   <div class='ocr_carea' id='block_1_49' title="bbox 1935 940 2877 997">
    <p class='ocr_par' dir='ltr' id='par_1_49' title="bbox 1935 940 2877 997">
     <span class='ocr_line' id='line_1_49' title="bbox 1935 940 2877 997; baseline -0.006 -1"><span class='ocrx_word' id='word_1_271' title='bbox 1935 958 2058 996; x_wconf 89' lang='lat' dir='ltr'><strong>nem</strong></span> <span class='ocrx_word' id='word_1_272' title='bbox 2093 942 2499 997; x_wconf 83' lang='lat' dir='ltr'><strong>constitutionis</strong></span> <span class='ocrx_word' id='word_1_273' title='bbox 2529 940 2877 994; x_wconf 77' lang='lat' dir='ltr'><strong>addicuntur.</strong></span> 
     </span>
    </p>
   </div>
   <div class='ocr_carea' id='block_1_50' title="bbox 2007 1028 3495 1100">
    <p class='ocr_par' dir='ltr' id='par_1_50' title="bbox 2007 1028 3495 1100">
     <span class='ocr_line' id='line_1_50' title="bbox 2007 1028 3495 1100; baseline -0.005 -15"><span class='ocrx_word' id='word_1_274' title='bbox 2007 1032 2112 1086; x_wconf 78' lang='lat' dir='ltr'><strong>Res</strong></span> <span class='ocrx_word' id='word_1_275' title='bbox 2164 1040 2456 1100; x_wconf 85' lang='lat' dir='ltr'><strong>stupratae,</strong></span> <span class='ocrx_word' id='word_1_276' title='bbox 2517 1030 2598 1084; x_wconf 86' lang='lat' dir='ltr'><strong>vel</strong></span> <span class='ocrx_word' id='word_1_277' title='bbox 2657 1037 2840 1096; x_wconf 64' lang='lat' dir='ltr'><strong>nuptae</strong></span> <span class='ocrx_word' id='word_1_278' title='bbox 2895 1028 3240 1088; x_wconf 68' lang='lat' dir='ltr'><strong>diaconissas.</strong></span> <span class='ocrx_word' id='word_1_279' title='bbox 3290 1030 3372 1082; x_wconf 75' lang='lat' dir='ltr'><strong>vel</strong></span> <span class='ocrx_word' id='word_1_280' title='bbox 3429 1029 3495 1079; x_wconf 88' lang='lat' dir='ltr'><strong>ad</strong></span> 
     </span>
    </p>
   </div>
   <div class='ocr_carea' id='block_1_51' title="bbox 1936 1111 3496 1185">
    <p class='ocr_par' dir='ltr' id='par_1_51' title="bbox 1936 1111 3496 1185">
     <span class='ocr_line' id='line_1_51' title="bbox 1936 1111 3496 1185; baseline -0.004 -10"><span class='ocrx_word' id='word_1_281' title='bbox 1936 1121 2095 1175; x_wconf 88' lang='lat' dir='ltr'><strong>aliam</strong></span> <span class='ocrx_word' id='word_1_282' title='bbox 2156 1121 2315 1174; x_wconf 86' lang='lat' dir='ltr'><strong>vitam</strong></span> <span class='ocrx_word' id='word_1_283' title='bbox 2389 1131 2479 1172; x_wconf 89' lang='lat' dir='ltr'><strong>aut</strong></span> <span class='ocrx_word' id='word_1_284' title='bbox 2533 1111 2821 1172; x_wconf 90' lang='lat' dir='ltr'><strong>ecclesiam</strong></span> <span class='ocrx_word' id='word_1_285' title='bbox 2885 1117 3268 1178; x_wconf 80' lang='lat' dir='ltr'><strong>transeuntis,</strong></span> <span class='ocrx_word' id='word_1_286' title='bbox 3323 1117 3496 1185; x_wconf 77' lang='lat' dir='ltr'><strong>ipsius</strong></span> 
     </span>
    </p>
   </div>
   <div class='ocr_carea' id='block_1_52' title="bbox 1934 1204 3493 1275">
    <p class='ocr_par' dir='ltr' id='par_1_52' title="bbox 1934 1204 3493 1275">
     <span class='ocr_line' id='line_1_52' title="bbox 1934 1204 3493 1275; baseline -0.004 -12"><span class='ocrx_word' id='word_1_287' title='bbox 1934 1210 2165 1264; x_wconf 81' lang='lat' dir='ltr'><strong>ecclesia</strong></span> <span class='ocrx_word' id='word_1_288' title='bbox 2205 1220 2297 1262; x_wconf 90' lang='lat' dir='ltr'><strong>aut</strong></span> <span class='ocrx_word' id='word_1_289' title='bbox 2349 1207 2739 1262; x_wconf 80' lang='lat' dir='ltr'><strong>monasterium</strong></span> <span class='ocrx_word' id='word_1_290' title='bbox 2772 1220 2868 1275; x_wconf 84' lang='lat' dir='ltr'><strong>per</strong></span> <span class='ocrx_word' id='word_1_291' title='bbox 2903 1204 3311 1261; x_wconf 89' lang='lat' dir='ltr'><strong>successionem</strong></span> <span class='ocrx_word' id='word_1_292' title='bbox 3363 1218 3493 1258; x_wconf 86' lang='lat' dir='ltr'><strong>eon-</strong></span> 
     </span>
    </p>
   </div>
   <div class='ocr_carea' id='block_1_53' title="bbox 1937 1312 2219 1368">
    <p class='ocr_par' dir='ltr' id='par_1_53' title="bbox 1937 1312 2219 1368">
     <span class='ocr_line' id='line_1_53' title="bbox 1937 1312 2219 1368; baseline -0.004 -14"><span class='ocrx_word' id='word_1_293' title='bbox 1937 1312 2219 1368; x_wconf 69' lang='lat' dir='ltr'><strong>sequetur.</strong></span> 
     </span>
    </p>
   </div>
   <div class='ocr_carea' id='block_1_54' title="bbox 2006 1381 3510 1449">
    <p class='ocr_par' dir='ltr' id='par_1_54' title="bbox 2006 1381 3510 1449">
     <span class='ocr_line' id='line_1_54' title="bbox 2006 1381 3510 1449; baseline -0.002 -10"><span class='ocrx_word' id='word_1_294' title='bbox 2006 1385 2407 1439; x_wconf 75' lang='lat' dir='ltr'><strong>Constitutionc</strong></span> <span class='ocrx_word' id='word_1_295' title='bbox 2451 1384 2503 1437; x_wconf 74' lang='grc'><strong>2.</strong></span> <span class='ocrx_word' id='word_1_296' title='bbox 2551 1384 2703 1449; x_wconf 84' lang='lat' dir='ltr'><strong>Quod</strong></span> <span class='ocrx_word' id='word_1_297' title='bbox 2749 1383 2995 1437; x_wconf 85' lang='lat' dir='ltr'><strong>ecclesiis</strong></span> <span class='ocrx_word' id='word_1_298' title='bbox 3043 1381 3220 1437; x_wconf 81' lang='lat' dir='ltr'><strong>addici</strong></span> <span class='ocrx_word' id='word_1_299' title='bbox 3268 1384 3510 1438; x_wconf 76' lang='lat' dir='ltr'><strong>debeant‘</strong></span> 
     </span>
    </p>
   </div>
   <div class='ocr_carea' id='block_1_55' title="bbox 1934 1474 3494 1544">
    <p class='ocr_par' dir='ltr' id='par_1_55' title="bbox 1934 1474 3494 1544">
     <span class='ocr_line' id='line_1_55' title="bbox 1934 1474 3494 1544; baseline -0.003 -14"><span class='ocrx_word' id='word_1_300' title='bbox 1934 1492 2026 1540; x_wconf 87' lang='lat' dir='ltr'><strong>ca,</strong></span> <span class='ocrx_word' id='word_1_301' title='bbox 2055 1492 2176 1544; x_wconf 68' lang='lat' dir='ltr'><strong>quae</strong></span> <span class='ocrx_word' id='word_1_302' title='bbox 2221 1474 2588 1528; x_wconf 88' lang='lat' dir='ltr'><strong>ordinationis</strong></span> <span class='ocrx_word' id='word_1_303' title='bbox 2633 1477 2853 1528; x_wconf 86' lang='lat' dir='ltr'><strong>nomine</strong></span> <span class='ocrx_word' id='word_1_304' title='bbox 2916 1483 3111 1542; x_wconf 59' lang='lat' dir='ltr'><strong>printer</strong></span> <span class='ocrx_word' id='word_1_305' title='bbox 3161 1477 3494 1529; x_wconf 74' lang='lat' dir='ltr'><strong>sanctionem</strong></span> 
     </span>
    </p>
   </div>
   <div class='ocr_carea' id='block_1_56' title="bbox 1935 1565 2597 1621">
    <p class='ocr_par' dir='ltr' id='par_1_56' title="bbox 1935 1565 2597 1621">
     <span class='ocr_line' id='line_1_56' title="bbox 1935 1565 2597 1621; baseline 0 0"><span class='ocrx_word' id='word_1_306' title='bbox 1935 1568 2345 1621; x_wconf 84' lang='lat' dir='ltr'><strong>constitutionis</strong></span> <span class='ocrx_word' id='word_1_307' title='bbox 2377 1565 2597 1621; x_wconf 84' lang='lat' dir='ltr'><strong>dantur.</strong></span> 
     </span>
    </p>
   </div>
   <div class='ocr_carea' id='block_1_57' title="bbox 2005 1651 3496 1726">
    <p class='ocr_par' dir='ltr' id='par_1_57' title="bbox 2005 1651 3496 1726">
     <span class='ocr_line' id='line_1_57' title="bbox 2005 1651 3496 1726; baseline -0.002 -16"><span class='ocrx_word' id='word_1_308' title='bbox 2005 1658 2111 1712; x_wconf 79' lang='lat' dir='ltr'><strong>Res</strong></span> <span class='ocrx_word' id='word_1_309' title='bbox 2162 1658 2442 1726; x_wconf 84' lang='lat' dir='ltr'><strong>episcopi,</strong></span> <span class='ocrx_word' id='word_1_310' title='bbox 2476 1658 2567 1726; x_wconf 89' lang='lat' dir='ltr'><strong>qui</strong></span> <span class='ocrx_word' id='word_1_311' title='bbox 2618 1657 2921 1712; x_wconf 80' lang='lat' dir='ltr'><strong>locationes</strong></span> <span class='ocrx_word' id='word_1_312' title='bbox 2973 1662 3068 1708; x_wconf 87' lang='lat' dir='ltr'><strong>aut</strong></span> <span class='ocrx_word' id='word_1_313' title='bbox 3111 1651 3496 1723; x_wconf 75' lang='lat' dir='ltr'><strong>empbyteuscs</strong></span> 
     </span>
    </p>
   </div>
   <div class='ocr_carea' id='block_1_58' title="bbox 1937 1745 3498 1802">
    <p class='ocr_par' dir='ltr' id='par_1_58' title="bbox 1937 1745 3498 1802">
     <span class='ocr_line' id='line_1_58' title="bbox 1937 1745 3498 1802; baseline -0.002 -2"><span class='ocrx_word' id='word_1_314' title='bbox 1937 1765 2117 1802; x_wconf 86' lang='lat' dir='ltr'><strong>rerum</strong></span> <span class='ocrx_word' id='word_1_315' title='bbox 2201 1750 2701 1802; x_wconf 84' lang='lat' dir='ltr'><strong>ecclesiasticarum</strong></span> <span class='ocrx_word' id='word_1_316' title='bbox 2795 1745 3149 1802; x_wconf 88' lang='lat' dir='ltr'><strong>immobilium</strong></span> <span class='ocrx_word' id='word_1_317' title='bbox 3225 1747 3498 1798; x_wconf 75' lang='lat' dir='ltr'><strong>commisit</strong></span> 
     </span>
    </p>
   </div>
   <div class='ocr_carea' id='block_1_59' title="bbox 1937 1835 3497 1899">
    <p class='ocr_par' dir='ltr' id='par_1_59' title="bbox 1937 1835 3497 1899">
     <span class='ocr_line' id='line_1_59' title="bbox 1937 1835 3497 1899; baseline -0.003 -8"><span class='ocrx_word' id='word_1_318' title='bbox 1937 1839 2513 1899; x_wconf 83' lang='lat' dir='ltr'><strong>administratoribus,</strong></span> <span class='ocrx_word' id='word_1_319' title='bbox 2581 1845 2675 1890; x_wconf 89' lang='lat' dir='ltr'><strong>aut</strong></span> <span class='ocrx_word' id='word_1_320' title='bbox 2724 1835 3074 1889; x_wconf 88' lang='lat' dir='ltr'><strong>chartulariis</strong></span> <span class='ocrx_word' id='word_1_321' title='bbox 3138 1844 3497 1890; x_wconf 75' lang='lat' dir='ltr'><strong>sac‘rosanct:e</strong></span> 
     </span>
    </p>
   </div>
   <div class='ocr_carea' id='block_1_60' title="bbox 1937 1923 3493 1996">
    <p class='ocr_par' dir='ltr' id='par_1_60' title="bbox 1937 1923 3493 1996">
     <span class='ocr_line' id='line_1_60' title="bbox 1937 1923 3493 1996; baseline -0.003 -12"><span class='ocrx_word' id='word_1_322' title='bbox 1937 1931 2177 1984; x_wconf 73' lang='lat' dir='ltr'><strong>ecclesia:</strong></span> <span class='ocrx_word' id='word_1_323' title='bbox 2225 1946 2360 1994; x_wconf 70' lang='lat' dir='ltr'><strong>sum,</strong></span> <span class='ocrx_word' id='word_1_324' title='bbox 2394 1930 2473 1982; x_wconf 82' lang='lat' dir='ltr'><strong>vel</strong></span> <span class='ocrx_word' id='word_1_325' title='bbox 2517 1943 2704 1983; x_wconf 86' lang='lat' dir='ltr'><strong>eorum</strong></span> <span class='ocrx_word' id='word_1_326' title='bbox 2743 1927 3009 1996; x_wconf 77' lang='lat' dir='ltr'><strong>cognatis,</strong></span> <span class='ocrx_word' id='word_1_327' title='bbox 3058 1935 3153 1980; x_wconf 87' lang='lat' dir='ltr'><strong>aut</strong></span> <span class='ocrx_word' id='word_1_328' title='bbox 3206 1923 3493 1991; x_wconf 82' lang='lat' dir='ltr'><strong>alllnibus,</strong></span> 
     </span>
    </p>
   </div>
   <div class='ocr_carea' id='block_1_61' title="bbox 1937 2019 2636 2075">
    <p class='ocr_par' dir='ltr' id='par_1_61' title="bbox 1937 2019 2636 2075">
     <span class='ocr_line' id='line_1_61' title="bbox 1937 2019 2636 2075; baseline -0.003 -1"><span class='ocrx_word' id='word_1_329' title='bbox 1937 2022 2184 2075; x_wconf 71' lang='lat' dir='ltr'><strong>ecclesia:</strong></span> <span class='ocrx_word' id='word_1_330' title='bbox 2227 2021 2428 2075; x_wconf 81' lang='lat' dir='ltr'><strong>dcbcnt</strong></span> <span class='ocrx_word' id='word_1_331' title='bbox 2458 2019 2636 2073; x_wconf 86' lang='lat' dir='ltr'><strong>addici</strong></span> 
     </span>
    </p>
   </div>
   <div class='ocr_carea' id='block_1_62' title="bbox 2007 2196 3495 2266">
    <p class='ocr_par' dir='ltr' id='par_1_62' title="bbox 2007 2196 3495 2266">
     <span class='ocr_line' id='line_1_62' title="bbox 2007 2196 3495 2266; baseline -0.003 -14"><span class='ocrx_word' id='word_1_332' title='bbox 2007 2200 2136 2266; x_wconf 63' lang='lat' dir='ltr'><strong>Quae</strong></span> <span class='ocrx_word' id='word_1_333' title='bbox 2167 2202 2384 2253; x_wconf 85' lang='lat' dir='ltr'><strong>nomine</strong></span> <span class='ocrx_word' id='word_1_334' title='bbox 2417 2200 2708 2253; x_wconf 77' lang='lat' dir='ltr'><strong>creationis</strong></span> <span class='ocrx_word' id='word_1_335' title='bbox 2739 2198 2802 2251; x_wconf 92' lang='lat' dir='ltr'><strong>ad</strong></span> <span class='ocrx_word' id='word_1_336' title='bbox 2851 2197 3087 2265; x_wconf 80' lang='lat' dir='ltr'><strong>religiosi</strong></span> <span class='ocrx_word' id='word_1_337' title='bbox 3124 2196 3368 2249; x_wconf 87' lang='lat' dir='ltr'><strong>muneris</strong></span> <span class='ocrx_word' id='word_1_338' title='bbox 3399 2210 3495 2248; x_wconf 89' lang='lat' dir='ltr'><strong>cu-</strong></span> 
     </span>
    </p>
   </div>
   <div class='ocr_carea' id='block_1_63' title="bbox 1939 2287 3497 2357">
    <p class='ocr_par' dir='ltr' id='par_1_63' title="bbox 1939 2287 3497 2357">
     <span class='ocr_line' id='line_1_63' title="bbox 1939 2287 3497 2357; baseline -0.004 -11"><span class='ocrx_word' id='word_1_339' title='bbox 1939 2310 2050 2346; x_wconf 86' lang='lat' dir='ltr'><strong>rant</strong></span> <span class='ocrx_word' id='word_1_340' title='bbox 2110 2296 2341 2356; x_wconf 89' lang='lat' dir='ltr'><strong>dantur,</strong></span> <span class='ocrx_word' id='word_1_341' title='bbox 2394 2295 2634 2346; x_wconf 82' lang='lat' dir='ltr'><strong>vindicet</strong></span> <span class='ocrx_word' id='word_1_342' title='bbox 2677 2306 2739 2343; x_wconf 89' lang='lat' dir='ltr'><strong>ea</strong></span> <span class='ocrx_word' id='word_1_343' title='bbox 2794 2290 3047 2357; x_wconf 70' lang='lat' dir='ltr'><strong>religiosa</strong></span> <span class='ocrx_word' id='word_1_344' title='bbox 3097 2287 3330 2349; x_wconf 85' lang='lat' dir='ltr'><strong>domus,</strong></span> <span class='ocrx_word' id='word_1_345' title='bbox 3377 2300 3497 2354; x_wconf 65' lang='lat' dir='ltr'><strong>quae</strong></span> 
     </span>
    </p>
   </div>
   <div class='ocr_carea' id='block_1_64' title="bbox 1937 2370 3496 2450">
    <p class='ocr_par' dir='ltr' id='par_1_64' title="bbox 1937 2370 3496 2450">
     <span class='ocr_line' id='line_1_64' title="bbox 1937 2370 3496 2450; baseline -0.006 -15"><span class='ocrx_word' id='word_1_346' title='bbox 1937 2397 2118 2435; x_wconf 86' lang='lat' dir='ltr'><strong>rerum</strong></span> <span class='ocrx_word' id='word_1_347' title='bbox 2151 2383 2393 2450; x_wconf 84' lang='lat' dir='ltr'><strong>ipsarum</strong></span> <span class='ocrx_word' id='word_1_348' title='bbox 2433 2379 2814 2449; x_wconf 83' lang='lat' dir='ltr'><strong>proprietatem</strong></span> <span class='ocrx_word' id='word_1_349' title='bbox 2853 2375 3032 2441; x_wconf 84' lang='lat' dir='ltr'><strong>habet,</strong></span> <span class='ocrx_word' id='word_1_350' title='bbox 3058 2372 3210 2442; x_wconf 68' lang='lat' dir='ltr'><strong>juxta</strong></span> <span class='ocrx_word' id='word_1_351' title='bbox 3255 2370 3496 2429; x_wconf 85' lang='lat' dir='ltr'><strong>sanctio-</strong></span> 
     </span>
    </p>
   </div>
   <div class='ocr_carea' id='block_1_65' title="bbox 1937 2471 2521 2526">
    <p class='ocr_par' dir='ltr' id='par_1_65' title="bbox 1937 2471 2521 2526">
     <span class='ocr_line' id='line_1_65' title="bbox 1937 2471 2521 2526; baseline -0.007 0"><span class='ocrx_word' id='word_1_352' title='bbox 1937 2487 2059 2526; x_wconf 90' lang='lat' dir='ltr'><strong>nem</strong></span> <span class='ocrx_word' id='word_1_353' title='bbox 2095 2471 2521 2526; x_wconf 77' lang='lat' dir='ltr'><strong>conStitutionis.</strong></span> 
     </span>
    </p>
   </div>
   <div class='ocr_carea' id='block_1_66' title="bbox 2011 2558 3495 2632">
    <p class='ocr_par' dir='ltr' id='par_1_66' title="bbox 2011 2558 3495 2632">
     <span class='ocr_line' id='line_1_66' title="bbox 2011 2558 3495 2632; baseline -0.006 -16"><span class='ocrx_word' id='word_1_354' title='bbox 2011 2563 2164 2629; x_wconf 87' lang='lat' dir='ltr'><strong>Quod</strong></span> <span class='ocrx_word' id='word_1_355' title='bbox 2211 2563 2350 2632; x_wconf 75' lang='lat' dir='ltr'><strong>exigi</strong></span> <span class='ocrx_word' id='word_1_356' title='bbox 2387 2563 2619 2618; x_wconf 87' lang='lat' dir='ltr'><strong>debeant</strong></span> <span class='ocrx_word' id='word_1_357' title='bbox 2662 2561 2729 2615; x_wconf 87' lang='lat' dir='ltr'><strong>ab</strong></span> <span class='ocrx_word' id='word_1_358' title='bbox 2769 2558 3260 2614; x_wconf 85' lang='lat' dir='ltr'><strong>ecclesiasticarum</strong></span> <span class='ocrx_word' id='word_1_359' title='bbox 3315 2569 3495 2609; x_wconf 79' lang='lat' dir='ltr'><strong>rerum</strong></span> 
     </span>
    </p>
   </div>
   <div class='ocr_carea' id='block_1_67' title="bbox 1937 2646 3497 2723">
    <p class='ocr_par' dir='ltr' id='par_1_67' title="bbox 1937 2646 3497 2723">
     <span class='ocr_line' id='line_1_67' title="bbox 1937 2646 3497 2723; baseline -0.008 -14"><span class='ocrx_word' id='word_1_360' title='bbox 1937 2654 2470 2709; x_wconf 89' lang='lat' dir='ltr'><strong>administratoribus</strong></span> <span class='ocrx_word' id='word_1_361' title='bbox 2495 2693 2510 2717; x_wconf 91' lang='lat'><strong>,</strong></span> <span class='ocrx_word' id='word_1_362' title='bbox 2550 2665 2886 2723; x_wconf 71' lang='lat' dir='ltr'><strong>quzecunque</strong></span> <span class='ocrx_word' id='word_1_363' title='bbox 2934 2649 3237 2704; x_wconf 80' lang='lat' dir='ltr'><strong>debitorum</strong></span> <span class='ocrx_word' id='word_1_364' title='bbox 3279 2646 3497 2701; x_wconf 87' lang='lat' dir='ltr'><strong>nomine</strong></span> 
     </span>
    </p>
   </div>
   <div class='ocr_carea' id='block_1_68' title="bbox 1936 2735 3499 2816">
    <p class='ocr_par' dir='ltr' id='par_1_68' title="bbox 1936 2735 3499 2816">
     <span class='ocr_line' id='line_1_68' title="bbox 1936 2735 3499 2816; baseline -0.008 -16"><span class='ocrx_word' id='word_1_365' title='bbox 1936 2747 2140 2816; x_wconf 70' lang='lat' dir='ltr'><strong>ﬂagitat</strong></span> <span class='ocrx_word' id='word_1_366' title='bbox 2189 2746 2257 2798; x_wconf 91' lang='lat' dir='ltr'><strong>ab</strong></span> <span class='ocrx_word' id='word_1_367' title='bbox 2296 2745 2376 2798; x_wconf 90' lang='lat' dir='ltr'><strong>eis</strong></span> <span class='ocrx_word' id='word_1_368' title='bbox 2409 2742 2702 2812; x_wconf 81' lang='lat' dir='ltr'><strong>episcOpus</strong></span> <span class='ocrx_word' id='word_1_369' title='bbox 2739 2759 2752 2794; x_wconf 93' lang='lat'><strong>:</strong></span> <span class='ocrx_word' id='word_1_370' title='bbox 2787 2738 2973 2794; x_wconf 85' lang='lat' dir='ltr'><strong>eadem</strong></span> <span class='ocrx_word' id='word_1_371' title='bbox 3021 2737 3380 2794; x_wconf 81' lang='lat' dir='ltr'><strong>conventione</strong></span> <span class='ocrx_word' id='word_1_372' title='bbox 3431 2735 3499 2788; x_wconf 76' lang='lat' dir='ltr'><strong>ad</strong></span> 
     </span>
    </p>
   </div>
   <div class='ocr_carea' id='block_1_69' title="bbox 1937 2836 2741 2906">
    <p class='ocr_par' dir='ltr' id='par_1_69' title="bbox 1937 2836 2741 2906">
     <span class='ocr_line' id='line_1_69' title="bbox 1937 2836 2741 2906; baseline -0.011 -15"><span class='ocrx_word' id='word_1_373' title='bbox 1937 2838 2088 2906; x_wconf 78' lang='lat' dir='ltr'><strong>ipSos</strong></span> <span class='ocrx_word' id='word_1_374' title='bbox 2121 2836 2365 2889; x_wconf 53' lang='lat' dir='ltr'><strong>heredes</strong></span> <span class='ocrx_word' id='word_1_375' title='bbox 2405 2843 2741 2886; x_wconf 84' lang='lat' dir='ltr'><strong>transeunte.</strong></span> 
     </span>
    </p>
   </div>
   <div class='ocr_carea' id='block_1_70' title="bbox 2011 2917 3495 2992">
    <p class='ocr_par' dir='ltr' id='par_1_70' title="bbox 2011 2917 3495 2992">
     <span class='ocr_line' id='line_1_70' title="bbox 2011 2917 3495 2992; baseline -0.008 -12"><span class='ocrx_word' id='word_1_376' title='bbox 2011 2926 2118 2982; x_wconf 76' lang='lat' dir='ltr'><strong>Res</strong></span> <span class='ocrx_word' id='word_1_377' title='bbox 2167 2925 2512 2986; x_wconf 70' lang='lat' dir='ltr'><strong>diaconissae,</strong></span> <span class='ocrx_word' id='word_1_378' title='bbox 2567 2937 2688 2992; x_wconf 75' lang='lat' dir='ltr'><strong>qtue</strong></span> <span class='ocrx_word' id='word_1_379' title='bbox 2735 2921 2788 2974; x_wconf 90' lang='lat' dir='ltr'><strong>in</strong></span> <span class='ocrx_word' id='word_1_380' title='bbox 2837 2918 3195 2975; x_wconf 88' lang='lat' dir='ltr'><strong>contubernio</strong></span> <span class='ocrx_word' id='word_1_381' title='bbox 3238 2917 3342 2972; x_wconf 75' lang='lat' dir='ltr'><strong>viri</strong></span> <span class='ocrx_word' id='word_1_382' title='bbox 3391 2925 3495 2979; x_wconf 79' lang='lat' dir='ltr'><strong>est,</strong></span> 
     </span>
    </p>
   </div>
   <div class='ocr_carea' id='block_1_71' title="bbox 1939 3006 3498 3083">
    <p class='ocr_par' dir='ltr' id='par_1_71' title="bbox 1939 3006 3498 3083">
     <span class='ocr_line' id='line_1_71' title="bbox 1939 3006 3498 3083; baseline -0.008 -12"><span class='ocrx_word' id='word_1_383' title='bbox 1939 3016 2222 3072; x_wconf 86' lang='lat' dir='ltr'><strong>sinistram</strong></span> <span class='ocrx_word' id='word_1_384' title='bbox 2257 3013 2625 3083; x_wconf 83' lang='lat' dir='ltr'><strong>suspicionem</strong></span> <span class='ocrx_word' id='word_1_385' title='bbox 2660 3009 2969 3078; x_wconf 74' lang='lat' dir='ltr'><strong>praebentis,</strong></span> <span class='ocrx_word' id='word_1_386' title='bbox 2997 3015 3121 3078; x_wconf 90' lang='lat' dir='ltr'><strong>post</strong></span> <span class='ocrx_word' id='word_1_387' title='bbox 3169 3006 3362 3060; x_wconf 81' lang='lat' dir='ltr'><strong>factam</strong></span> <span class='ocrx_word' id='word_1_388' title='bbox 3406 3006 3498 3058; x_wconf 86' lang='lat' dir='ltr'><strong>de-</strong></span> 
     </span>
    </p>
   </div>
   <div class='ocr_carea' id='block_1_72' title="bbox 1937 3097 3496 3170">
    <p class='ocr_par' dir='ltr' id='par_1_72' title="bbox 1937 3097 3496 3170">
     <span class='ocr_line' id='line_1_72' title="bbox 1937 3097 3496 3170; baseline -0.008 -9"><span class='ocrx_word' id='word_1_389' title='bbox 1937 3108 2362 3170; x_wconf 87' lang='lat' dir='ltr'><strong>nuntiationem,</strong></span> <span class='ocrx_word' id='word_1_390' title='bbox 2391 3103 2638 3159; x_wconf 87' lang='lat' dir='ltr'><strong>ecclesiis</strong></span> <span class='ocrx_word' id='word_1_391' title='bbox 2664 3101 2841 3155; x_wconf 84' lang='lat' dir='ltr'><strong>addici</strong></span> <span class='ocrx_word' id='word_1_392' title='bbox 2873 3102 3027 3170; x_wconf 77' lang='lat' dir='ltr'><strong>juxta</strong></span> <span class='ocrx_word' id='word_1_393' title='bbox 3052 3099 3278 3154; x_wconf 80' lang='lat' dir='ltr'><strong>formam</strong></span> <span class='ocrx_word' id='word_1_394' title='bbox 3300 3097 3496 3150; x_wconf 80' lang='lat' dir='ltr'><strong>consti-</strong></span> 
     </span>
    </p>
   </div>
   <div class='ocr_carea' id='block_1_73' title="bbox 1937 3196 2422 3251">
    <p class='ocr_par' dir='ltr' id='par_1_73' title="bbox 1937 3196 2422 3251">
     <span class='ocr_line' id='line_1_73' title="bbox 1937 3196 2422 3251; baseline 0 -1"><span class='ocrx_word' id='word_1_395' title='bbox 1937 3197 2159 3251; x_wconf 86' lang='lat' dir='ltr'><strong>tutionis</strong></span> <span class='ocrx_word' id='word_1_396' title='bbox 2205 3196 2422 3250; x_wconf 76' lang='lat' dir='ltr'><strong>debent.</strong></span> 
     </span>
    </p>
   </div>
   <div class='ocr_carea' id='block_1_74' title="bbox 2013 3278 3494 3353">
    <p class='ocr_par' dir='ltr' id='par_1_74' title="bbox 2013 3278 3494 3353">
     <span class='ocr_line' id='line_1_74' title="bbox 2013 3278 3494 3353; baseline -0.008 -14"><span class='ocrx_word' id='word_1_397' title='bbox 2013 3288 2242 3352; x_wconf 84' lang='lat' dir='ltr'><strong>Quando</strong></span> <span class='ocrx_word' id='word_1_398' title='bbox 2291 3303 2418 3351; x_wconf 78' lang='lat' dir='ltr'><strong>res,</strong></span> <span class='ocrx_word' id='word_1_399' title='bbox 2465 3299 2584 3353; x_wconf 64' lang='lat' dir='ltr'><strong>qua:</strong></span> <span class='ocrx_word' id='word_1_400' title='bbox 2631 3282 2733 3337; x_wconf 90' lang='lat' dir='ltr'><strong>sub</strong></span> <span class='ocrx_word' id='word_1_401' title='bbox 2775 3278 3084 3335; x_wconf 85' lang='lat' dir='ltr'><strong>conditione</strong></span> <span class='ocrx_word' id='word_1_402' title='bbox 3138 3285 3448 3348; x_wconf 78' lang='lat' dir='ltr'><strong>nuptiarum</strong></span> <span class='ocrx_word' id='word_1_403' title='bbox 3478 3314 3494 3341; x_wconf 93' lang='lat'><strong>,</strong></span> 
     </span>
    </p>
   </div>
   <div class='ocr_carea' id='block_1_75' title="bbox 1936 3367 3495 3446">
    <p class='ocr_par' dir='ltr' id='par_1_75' title="bbox 1936 3367 3495 3446">
     <span class='ocr_line' id='line_1_75' title="bbox 1936 3367 3495 3446; baseline -0.011 -7"><span class='ocrx_word' id='word_1_404' title='bbox 1936 3395 2029 3438; x_wconf 86' lang='lat' dir='ltr'><strong>aut</strong></span> <span class='ocrx_word' id='word_1_405' title='bbox 2065 3385 2358 3437; x_wconf 87' lang='lat' dir='ltr'><strong>liberorum</strong></span> <span class='ocrx_word' id='word_1_406' title='bbox 2397 3374 2815 3446; x_wconf 81' lang='lat' dir='ltr'><strong>procreationis,</strong></span> <span class='ocrx_word' id='word_1_407' title='bbox 2853 3369 3056 3425; x_wconf 65' lang='lat' dir='ltr'><strong>relicta!</strong></span> <span class='ocrx_word' id='word_1_408' title='bbox 3108 3376 3231 3424; x_wconf 85' lang='lat' dir='ltr'><strong>sunt</strong></span> <span class='ocrx_word' id='word_1_409' title='bbox 3281 3367 3495 3422; x_wconf 74' lang='lat' dir='ltr'><strong>clericis</strong></span> 
     </span>
    </p>
   </div>
   <div class='ocr_carea' id='block_1_76' title="bbox 1936 3457 3493 3540">
    <p class='ocr_par' dir='ltr' id='par_1_76' title="bbox 1936 3457 3493 3540">
     <span class='ocr_line' id='line_1_76' title="bbox 1936 3457 3493 3540; baseline -0.012 -13"><span class='ocrx_word' id='word_1_410' title='bbox 1936 3487 2030 3527; x_wconf 87' lang='lat' dir='ltr'><strong>aut</strong></span> <span class='ocrx_word' id='word_1_411' title='bbox 2079 3469 2389 3540; x_wconf 77' lang='lat' dir='ltr'><strong>monachis,</strong></span> <span class='ocrx_word' id='word_1_412' title='bbox 2441 3462 2700 3533; x_wconf 81' lang='lat' dir='ltr'><strong>applicari</strong></span> <span class='ocrx_word' id='word_1_413' title='bbox 2752 3460 2987 3516; x_wconf 75' lang='lat' dir='ltr'><strong>debeant</strong></span> <span class='ocrx_word' id='word_1_414' title='bbox 3023 3457 3306 3523; x_wconf 87' lang='lat' dir='ltr'><strong>ccclesiis,</strong></span> <span class='ocrx_word' id='word_1_415' title='bbox 3341 3457 3493 3527; x_wconf 78' lang='lat' dir='ltr'><strong>juxta</strong></span> 
     </span>
    </p>
   </div>
   <div class='ocr_carea' id='block_1_77' title="bbox 1935 3551 2823 3621">
    <p class='ocr_par' dir='ltr' id='par_1_77' title="bbox 1935 3551 2823 3621">
     <span class='ocr_line' id='line_1_77' title="bbox 1935 3551 2823 3621; baseline -0.015 -8"><span class='ocrx_word' id='word_1_416' title='bbox 1935 3555 2347 3613; x_wconf 87' lang='lat' dir='ltr'><strong>constitutionis</strong></span> <span class='ocrx_word' id='word_1_417' title='bbox 2380 3553 2540 3621; x_wconf 87' lang='lat' dir='ltr'><strong>hujus</strong></span> <span class='ocrx_word' id='word_1_418' title='bbox 2573 3551 2823 3604; x_wconf 79' lang='lat' dir='ltr'><strong>formam.</strong></span> 
     </span>
    </p>
   </div>
   <div class='ocr_carea' id='block_1_78' title="bbox 2006 3635 3492 3711">
    <p class='ocr_par' dir='ltr' id='par_1_78' title="bbox 2006 3635 3492 3711">
     <span class='ocr_line' id='line_1_78' title="bbox 2006 3635 3492 3711; baseline -0.01 -11"><span class='ocrx_word' id='word_1_419' title='bbox 2006 3647 2114 3701; x_wconf 79' lang='lat' dir='ltr'><strong>Res</strong></span> <span class='ocrx_word' id='word_1_420' title='bbox 2146 3661 2358 3708; x_wconf 84' lang='lat' dir='ltr'><strong>eorum,</strong></span> <span class='ocrx_word' id='word_1_421' title='bbox 2412 3643 2502 3711; x_wconf 89' lang='lat' dir='ltr'><strong>qui</strong></span> <span class='ocrx_word' id='word_1_422' title='bbox 2563 3640 2938 3702; x_wconf 86' lang='lat' dir='ltr'><strong>monastriam,</strong></span> <span class='ocrx_word' id='word_1_423' title='bbox 2977 3637 3061 3692; x_wconf 76' lang='lat' dir='ltr'><strong>rel</strong></span> <span class='ocrx_word' id='word_1_424' title='bbox 3105 3635 3492 3699; x_wconf 87' lang='lat' dir='ltr'><strong>diaconissam,</strong></span> 
     </span>
    </p>
   </div>
   <div class='ocr_carea' id='block_1_79' title="bbox 1936 3726 3492 3801">
    <p class='ocr_par' dir='ltr' id='par_1_79' title="bbox 1936 3726 3492 3801">
     <span class='ocr_line' id='line_1_79' title="bbox 1936 3726 3492 3801; baseline -0.009 -9"><span class='ocrx_word' id='word_1_425' title='bbox 1936 3742 2019 3793; x_wconf 84' lang='lat' dir='ltr'><strong>vel</strong></span> <span class='ocrx_word' id='word_1_426' title='bbox 2051 3739 2212 3792; x_wconf 80' lang='lat' dir='ltr'><strong>aliam</strong></span> <span class='ocrx_word' id='word_1_427' title='bbox 2248 3735 2556 3801; x_wconf 79' lang='lat' dir='ltr'><strong>religiosam</strong></span> <span class='ocrx_word' id='word_1_428' title='bbox 2591 3731 2870 3784; x_wconf 83' lang='lat' dir='ltr'><strong>nmlicrem</strong></span> <span class='ocrx_word' id='word_1_429' title='bbox 2904 3735 3223 3796; x_wconf 88' lang='lat' dir='ltr'><strong>rapuerunt,</strong></span> <span class='ocrx_word' id='word_1_430' title='bbox 3254 3726 3492 3795; x_wconf 81' lang='lat' dir='ltr'><strong>ipsarum</strong></span> 
     </span>
    </p>
   </div>
   <div class='ocr_carea' id='block_1_80' title="bbox 1938 3819 3193 3893">
    <p class='ocr_par' dir='ltr' id='par_1_80' title="bbox 1938 3819 3193 3893">
     <span class='ocr_line' id='line_1_80' title="bbox 1938 3819 3193 3893; baseline -0.01 -10"><span class='ocrx_word' id='word_1_431' title='bbox 1938 3833 2222 3884; x_wconf 87' lang='lat' dir='ltr'><strong>mulierum</strong></span> <span class='ocrx_word' id='word_1_432' title='bbox 2261 3825 2533 3893; x_wconf 74' lang='lat' dir='ltr'><strong>religiosis</strong></span> <span class='ocrx_word' id='word_1_433' title='bbox 2564 3821 2816 3875; x_wconf 84' lang='lat' dir='ltr'><strong>domibus</strong></span> <span class='ocrx_word' id='word_1_434' title='bbox 2844 3819 3193 3873; x_wconf 87' lang='lat' dir='ltr'><strong>addicuntur.</strong></span> 
     </span>
    </p>
   </div>
   <div class='ocr_carea' id='block_1_81' title="bbox 2007 3907 3490 3975">
    <p class='ocr_par' dir='ltr' id='par_1_81' title="bbox 2007 3907 3490 3975">
     <span class='ocr_line' id='line_1_81' title="bbox 2007 3907 3490 3975; baseline -0.009 -3"><span class='ocrx_word' id='word_1_435' title='bbox 2007 3918 2202 3972; x_wconf 77' lang='lat' dir='ltr'><strong>Eodem</strong></span> <span class='ocrx_word' id='word_1_436' title='bbox 2258 3916 2443 3975; x_wconf 84' lang='lat' dir='ltr'><strong>titulo,</strong></span> <span class='ocrx_word' id='word_1_437' title='bbox 2496 3912 2716 3966; x_wconf 89' lang='lat' dir='ltr'><strong>constit.</strong></span> <span class='ocrx_word' id='word_1_438' title='bbox 2771 3910 2820 3964; x_wconf 88' lang='grc'><strong>’1.</strong></span> <span class='ocrx_word' id='word_1_439' title='bbox 2859 3908 3009 3974; x_wconf 83' lang='lat' dir='ltr'><strong>Quod</strong></span> <span class='ocrx_word' id='word_1_440' title='bbox 3063 3922 3223 3962; x_wconf 91' lang='lat' dir='ltr'><strong>nemo</strong></span> <span class='ocrx_word' id='word_1_441' title='bbox 3272 3907 3490 3960; x_wconf 87' lang='lat' dir='ltr'><strong>domum</strong></span> 
     </span>
    </p>
   </div>
   <div class='ocr_carea' id='block_1_82' title="bbox 1933 3995 3494 4071">
    <p class='ocr_par' dir='ltr' id='par_1_82' title="bbox 1933 3995 3494 4071">
     <span class='ocr_line' id='line_1_82' title="bbox 1933 3995 3494 4071; baseline -0.01 -9"><span class='ocrx_word' id='word_1_442' title='bbox 1933 4009 2227 4063; x_wconf 83' lang='lat' dir='ltr'><strong>oratoriam</strong></span> <span class='ocrx_word' id='word_1_443' title='bbox 2268 4004 2534 4057; x_wconf 71' lang='lat' dir='ltr'><strong>mdiﬁcare</strong></span> <span class='ocrx_word' id='word_1_444' title='bbox 2565 4001 2773 4071; x_wconf 80' lang='lat' dir='ltr'><strong>possit,</strong></span> <span class='ocrx_word' id='word_1_445' title='bbox 2805 4000 2907 4052; x_wconf 87' lang='lat' dir='ltr'><strong>nisi</strong></span> <span class='ocrx_word' id='word_1_446' title='bbox 2945 3997 3012 4051; x_wconf 88' lang='lat' dir='ltr'><strong>de</strong></span> <span class='ocrx_word' id='word_1_447' title='bbox 3061 3995 3327 4051; x_wconf 86' lang='lat' dir='ltr'><strong>sententia</strong></span> <span class='ocrx_word' id='word_1_448' title='bbox 3376 3995 3494 4063; x_wconf 82' lang='lat' dir='ltr'><strong>cpi-</strong></span> 
     </span>
    </p>
   </div>
   <div class='ocr_carea' id='block_1_83' title="bbox 1935 4085 3491 4166">
    <p class='ocr_par' dir='ltr' id='par_1_83' title="bbox 1935 4085 3491 4166">
     <span class='ocr_line' id='line_1_83' title="bbox 1935 4085 3491 4166; baseline -0.01 -13"><span class='ocrx_word' id='word_1_449' title='bbox 1935 4098 2106 4166; x_wconf 88' lang='lat' dir='ltr'><strong>scopi,</strong></span> <span class='ocrx_word' id='word_1_450' title='bbox 2156 4110 2248 4163; x_wconf 87' lang='lat' dir='ltr'><strong>per</strong></span> <span class='ocrx_word' id='word_1_451' title='bbox 2293 4093 2635 4146; x_wconf 86' lang='lat' dir='ltr'><strong>donationem</strong></span> <span class='ocrx_word' id='word_1_452' title='bbox 2687 4088 2973 4158; x_wconf 86' lang='lat' dir='ltr'><strong>specialem</strong></span> <span class='ocrx_word' id='word_1_453' title='bbox 3025 4085 3361 4154; x_wconf 85' lang='lat' dir='ltr'><strong>deputaverit</strong></span> <span class='ocrx_word' id='word_1_454' title='bbox 3404 4099 3491 4148; x_wconf 90' lang='lat' dir='ltr'><strong>ca,</strong></span> 
     </span>
    </p>
   </div>
   <div class='ocr_carea' id='block_1_84' title="bbox 1934 4176 3492 4257">
    <p class='ocr_par' dir='ltr' id='par_1_84' title="bbox 1934 4176 3492 4257">
     <span class='ocr_line' id='line_1_84' title="bbox 1934 4176 3492 4257; baseline -0.007 -18"><span class='ocrx_word' id='word_1_455' title='bbox 1934 4204 2054 4257; x_wconf 77' lang='lat' dir='ltr'><strong>qua:</strong></span> <span class='ocrx_word' id='word_1_456' title='bbox 2084 4190 2148 4239; x_wconf 90' lang='lat' dir='ltr'><strong>ad</strong></span> <span class='ocrx_word' id='word_1_457' title='bbox 2182 4185 2512 4239; x_wconf 87' lang='lat' dir='ltr'><strong>curationem</strong></span> <span class='ocrx_word' id='word_1_458' title='bbox 2536 4181 2688 4245; x_wconf 68' lang='lat' dir='ltr'><strong>mdis,</strong></span> <span class='ocrx_word' id='word_1_459' title='bbox 2720 4190 2772 4232; x_wconf 88' lang='lat' dir='ltr'><strong>et</strong></span> <span class='ocrx_word' id='word_1_460' title='bbox 2804 4178 3063 4231; x_wconf 88' lang='lat' dir='ltr'><strong>luminum</strong></span> <span class='ocrx_word' id='word_1_461' title='bbox 3097 4176 3492 4238; x_wconf 83' lang='lat' dir='ltr'><strong>accensionem,</strong></span> 
     </span>
    </p>
   </div>
   <div class='ocr_carea' id='block_1_85' title="bbox 1935 4266 3495 4341">
    <p class='ocr_par' dir='ltr' id='par_1_85' title="bbox 1935 4266 3495 4341">
     <span class='ocr_line' id='line_1_85' title="bbox 1935 4266 3495 4341; baseline -0.01 -8"><span class='ocrx_word' id='word_1_462' title='bbox 1935 4289 1988 4333; x_wconf 88' lang='lat' dir='ltr'><strong>et</strong></span> <span class='ocrx_word' id='word_1_463' title='bbox 2019 4292 2263 4332; x_wconf 86' lang='lat' dir='ltr'><strong>annonas</strong></span> <span class='ocrx_word' id='word_1_464' title='bbox 2299 4290 2510 4339; x_wconf 89' lang='lat' dir='ltr'><strong>eorum,</strong></span> <span class='ocrx_word' id='word_1_465' title='bbox 2542 4271 2633 4341; x_wconf 86' lang='lat' dir='ltr'><strong>qui</strong></span> <span class='ocrx_word' id='word_1_466' title='bbox 2661 4269 2863 4325; x_wconf 88' lang='lat' dir='ltr'><strong>cultum</strong></span> <span class='ocrx_word' id='word_1_467' title='bbox 2902 4269 2954 4321; x_wconf 91' lang='lat' dir='ltr'><strong>in</strong></span> <span class='ocrx_word' id='word_1_468' title='bbox 2987 4281 3048 4321; x_wconf 89' lang='lat' dir='ltr'><strong>ea</strong></span> <span class='ocrx_word' id='word_1_469' title='bbox 3101 4280 3315 4320; x_wconf 90' lang='lat' dir='ltr'><strong>sacrum</strong></span> <span class='ocrx_word' id='word_1_470' title='bbox 3343 4266 3495 4320; x_wconf 79' lang='lat' dir='ltr'><strong>exhi-</strong></span> 
     </span>
    </p>
   </div>
   <div class='ocr_carea' id='block_1_86' title="bbox 1937 4370 2579 4435">
    <p class='ocr_par' dir='ltr' id='par_1_86' title="bbox 1937 4370 2579 4435">
     <span class='ocr_line' id='line_1_86' title="bbox 1937 4370 2579 4435; baseline -0.012 -12"><span class='ocrx_word' id='word_1_471' title='bbox 1937 4370 2100 4425; x_wconf 89' lang='lat' dir='ltr'><strong>bituri</strong></span> <span class='ocrx_word' id='word_1_472' title='bbox 2131 4381 2277 4430; x_wconf 89' lang='lat' dir='ltr'><strong>sunt,</strong></span> <span class='ocrx_word' id='word_1_473' title='bbox 2314 4372 2579 4435; x_wconf 80' lang='lat' dir='ltr'><strong>Spectant.</strong></span> 
     </span>
    </p>
   </div>
   <div class='ocr_carea' id='block_1_87' title="bbox 334 4417 1830 4526">
    <p class='ocr_par' dir='ltr' id='par_1_87' title="bbox 334 4446 1830 4517">
     <span class='ocr_line' id='line_1_87' title="bbox 334 4446 1830 4517; baseline 0.002 -19"><span class='ocrx_word' id='word_1_474' title='bbox 334 4447 593 4511; x_wconf 76' lang='grc' dir='ltr'>Διὰταξις</span> <span class='ocrx_word' id='word_1_475' title='bbox 629 4453 720 4512; x_wconf 87' lang='grc' dir='ltr'>ιγ’.</span> <span class='ocrx_word' id='word_1_476' title='bbox 753 4446 833 4500; x_wconf 71' lang='grc' dir='ltr'><strong>Τὰ</strong></span> <span class='ocrx_word' id='word_1_477' title='bbox 862 4446 1166 4514; x_wconf 81' lang='grc' dir='ltr'>πράγματα</span> <span class='ocrx_word' id='word_1_478' title='bbox 1217 4447 1326 4499; x_wconf 84' lang='grc' dir='ltr'><strong>τῶν</strong></span> <span class='ocrx_word' id='word_1_479' title='bbox 1354 4448 1432 4507; x_wconf 86' lang='grc' dir='ltr'>εἰς</span> <span class='ocrx_word' id='word_1_480' title='bbox 1477 4449 1667 4515; x_wconf 79' lang='grc' dir='ltr'>ἕτερον</span> <span class='ocrx_word' id='word_1_481' title='bbox 1716 4448 1830 4517; x_wconf 88' lang='grc' dir='ltr'>βίον</span> 
     </span>
    </p>
   </div>
   <div class='ocr_carea' id='block_1_88' title="bbox 1939 4417 3494 4526">
    <p class='ocr_par' dir='ltr' id='par_1_88' title="bbox 2007 4417 3494 4517">
     <span class='ocr_line' id='line_1_88' title="bbox 2007 4417 3494 4517; baseline -0.009 -3"><span class='ocrx_word' id='word_1_482' title='bbox 2007 4460 2302 4514; x_wconf 86' lang='lat' dir='ltr'><strong>Constitnt.</strong></span> <span class='ocrx_word' id='word_1_483' title='bbox 2342 4417 2424 4510; x_wconf 64' lang='lat' dir='ltr'><strong>i5.</strong></span> <span class='ocrx_word' id='word_1_484' title='bbox 2471 4454 2578 4510; x_wconf 78' lang='lat' dir='ltr'><strong>Res</strong></span> <span class='ocrx_word' id='word_1_485' title='bbox 2629 4468 2814 4509; x_wconf 89' lang='lat' dir='ltr'><strong>eorum</strong></span> <span class='ocrx_word' id='word_1_486' title='bbox 2850 4448 3258 4511; x_wconf 87' lang='lat' dir='ltr'><strong>monachorum,</strong></span> <span class='ocrx_word' id='word_1_487' title='bbox 3289 4449 3377 4517; x_wconf 87' lang='lat' dir='ltr'><strong>qui</strong></span> <span class='ocrx_word' id='word_1_488' title='bbox 3427 4449 3494 4502; x_wconf 85' lang='lat' dir='ltr'><strong>ad</strong></span> 
     </span>
    </p>
   </div>
   <div class='ocr_carea' id='block_1_89' title="bbox 263 4537 1831 4609">
    <p class='ocr_par' dir='ltr' id='par_1_89' title="bbox 263 4537 1831 4609">
     <span class='ocr_line' id='line_1_89' title="bbox 263 4537 1831 4609; baseline 0.001 -19"><span class='ocrx_word' id='word_1_489' title='bbox 263 4539 636 4608; x_wconf 66' lang='grc' dir='ltr'>μετελθόντων</span> <span class='ocrx_word' id='word_1_490' title='bbox 675 4537 928 4608; x_wconf 84' lang='grc' dir='ltr'>μοναχῶν</span> <span class='ocrx_word' id='word_1_491' title='bbox 961 4537 1020 4590; x_wconf 80' lang='grc' dir='ltr'><strong>τὸ</strong></span> <span class='ocrx_word' id='word_1_492' title='bbox 1044 4537 1163 4590; x_wconf 79' lang='grc' dir='ltr'>κατ’</span> <span class='ocrx_word' id='word_1_493' title='bbox 1189 4538 1389 4600; x_wconf 73' lang='grc' dir='ltr'>αὐτοὺς</span> <span class='ocrx_word' id='word_1_494' title='bbox 1419 4538 1696 4606; x_wconf 78' lang='grc' dir='ltr'>ἐκδικήσει</span> <span class='ocrx_word' id='word_1_495' title='bbox 1735 4558 1831 4609; x_wconf 83' lang='grc' dir='ltr'>μο-</span> 
     </span>
    </p>
   </div>
   <div class='ocr_carea' id='block_1_90' title="bbox 263 4633 572 4700">
    <p class='ocr_par' dir='ltr' id='par_1_90' title="bbox 263 4633 572 4700">
     <span class='ocr_line' id='line_1_90' title="bbox 263 4633 572 4700; baseline -0.006 -17"><span class='ocrx_word' id='word_1_496' title='bbox 263 4633 428 4695; x_wconf 60' lang='grc' dir='ltr'>ναστέ,</span> <span class='ocrx_word' id='word_1_497' title='bbox 439 4647 572 4700; x_wconf 80' lang='grc' dir='ltr'>ριον.</span> 
     </span>
    </p>
   </div>
   <div class='ocr_carea' id='block_1_91' title="bbox 333 4719 1823 4790">
    <p class='ocr_par' dir='ltr' id='par_1_91' title="bbox 333 4719 1823 4790">
     <span class='ocr_line' id='line_1_91' title="bbox 333 4719 1823 4790; baseline 0.002 -17"><span class='ocrx_word' id='word_1_498' title='bbox 333 4721 456 4790; x_wconf 82' lang='grc' dir='ltr'><strong>Χρὴ</strong></span> <span class='ocrx_word' id='word_1_499' title='bbox 489 4720 576 4773; x_wconf 72' lang='grc' dir='ltr'>τὸν</span> <span class='ocrx_word' id='word_1_500' title='bbox 608 4721 874 4788; x_wconf 75' lang='grc' dir='ltr'>μέλλοντα</span> <span class='ocrx_word' id='word_1_501' title='bbox 912 4719 1166 4788; x_wconf 75' lang='grc' dir='ltr'>μονάζειν</span> <span class='ocrx_word' id='word_1_502' title='bbox 1199 4719 1608 4787; x_wconf 77' lang='grc' dir='ltr'>προδιατιθέναι</span> <span class='ocrx_word' id='word_1_503' title='bbox 1655 4725 1720 4776; x_wconf 70' lang='grc' dir='ltr'>τὰ</span> <span class='ocrx_word' id='word_1_504' title='bbox 1747 4727 1823 4776; x_wconf 84' lang='grc' dir='ltr'><strong>οἱ·</strong></span> 
     </span>
    </p>
   </div>
   <div class='ocr_carea' id='block_1_92' title="bbox 263 4811 1833 4882">
    <p class='ocr_par' dir='ltr' id='par_1_92' title="bbox 263 4811 1833 4882">
     <span class='ocr_line' id='line_1_92' title="bbox 263 4811 1833 4882; baseline -0.001 -17"><span class='ocrx_word' id='word_1_505' title='bbox 263 4815 388 4865; x_wconf 78' lang='grc' dir='ltr'>κεῖα</span> <span class='ocrx_word' id='word_1_506' title='bbox 410 4829 422 4842; x_wconf 70' lang='grc' dir='ltr'><strong>ο</strong></span> <span class='ocrx_word' id='word_1_507' title='bbox 457 4815 579 4864; x_wconf 72' lang='grc' dir='ltr'>ἐπεὶ</span> <span class='ocrx_word' id='word_1_508' title='bbox 597 4814 696 4865; x_wconf 76' lang='grc' dir='ltr'><strong>οὐκ</strong></span> <span class='ocrx_word' id='word_1_509' title='bbox 731 4813 885 4864; x_wconf 74' lang='grc' dir='ltr'>ἔσται</span> <span class='ocrx_word' id='word_1_510' title='bbox 928 4812 1131 4864; x_wconf 82' lang='grc' dir='ltr'>τούτων</span> <span class='ocrx_word' id='word_1_511' title='bbox 1161 4813 1373 4881; x_wconf 79' lang='grc' dir='ltr'>κύριος,</span> <span class='ocrx_word' id='word_1_512' title='bbox 1405 4811 1540 4865; x_wconf 77' lang='grc' dir='ltr'>ἀλλὰ</span> <span class='ocrx_word' id='word_1_513' title='bbox 1574 4816 1630 4864; x_wconf 73' lang='grc' dir='ltr'><strong>τὸ</strong></span> <span class='ocrx_word' id='word_1_514' title='bbox 1670 4833 1833 4882; x_wconf 84' lang='grc' dir='ltr'>μονα-</span> 
     </span>
    </p>
   </div>
   <div class='ocr_carea' id='block_1_93' title="bbox 264 4904 510 4972">
    <p class='ocr_par' dir='ltr' id='par_1_93' title="bbox 264 4904 510 4972">
     <span class='ocr_line' id='line_1_93' title="bbox 264 4904 510 4972; baseline 0 -17"><span class='ocrx_word' id='word_1_515' title='bbox 264 4904 510 4972; x_wconf 75' lang='grc' dir='ltr'>στήριον.</span> 
     </span>
    </p>
   </div>
   <div class='ocr_carea' id='block_1_94' title="bbox 325 4994 1831 5066">
    <p class='ocr_par' dir='ltr' id='par_1_94' title="bbox 325 4994 1831 5066">
     <span class='ocr_line' id='line_1_94' title="bbox 325 4994 1831 5066; baseline -0.001 -15"><span class='ocrx_word' id='word_1_516' title='bbox 325 4999 408 5051; x_wconf 69' lang='grc' dir='ltr'>Τὰ</span> <span class='ocrx_word' id='word_1_517' title='bbox 441 4997 533 5050; x_wconf 68' lang='grc' dir='ltr'>τοῦ</span> <span class='ocrx_word' id='word_1_518' title='bbox 567 4997 802 5065; x_wconf 79' lang='grc' dir='ltr'>μοναχοῦ</span> <span class='ocrx_word' id='word_1_519' title='bbox 835 4996 1130 5066; x_wconf 82' lang='grc' dir='ltr'>πράγματα</span> <span class='ocrx_word' id='word_1_520' title='bbox 1159 4994 1249 5048; x_wconf 71' lang='grc' dir='ltr'><strong>τοῦ</strong></span> <span class='ocrx_word' id='word_1_521' title='bbox 1284 4998 1360 5058; x_wconf 86' lang='grc' dir='ltr'>εἰς</span> <span class='ocrx_word' id='word_1_522' title='bbox 1412 4995 1599 5064; x_wconf 68' lang='grc' dir='ltr'>ἕτερον</span> <span class='ocrx_word' id='word_1_523' title='bbox 1654 4997 1831 5050; x_wconf 78' lang='grc' dir='ltr'>κοινό-</span> 
     </span>
    </p>
   </div>
   <div class='ocr_carea' id='block_1_95' title="bbox 263 5086 1832 5157">
    <p class='ocr_par' dir='ltr' id='par_1_95' title="bbox 263 5086 1832 5157">
     <span class='ocr_line' id='line_1_95' title="bbox 263 5086 1832 5157; baseline 0.001 -18"><span class='ocrx_word' id='word_1_524' title='bbox 263 5089 380 5139; x_wconf 73' lang='grc' dir='ltr'>6ιον</span> <span class='ocrx_word' id='word_1_525' title='bbox 424 5090 916 5157; x_wconf 76' lang='grc' dir='ltr'>μεταχωρήσαντος</span> <span class='ocrx_word' id='word_1_526' title='bbox 948 5087 1026 5156; x_wconf 85' lang='grc' dir='ltr'>τῷ</span> <span class='ocrx_word' id='word_1_527' title='bbox 1064 5086 1318 5157; x_wconf 79' lang='grc' dir='ltr'>προτέρῳ</span> <span class='ocrx_word' id='word_1_528' title='bbox 1349 5086 1616 5138; x_wconf 77' lang='grc' dir='ltr'>διοίσουσι·</span> <span class='ocrx_word' id='word_1_529' title='bbox 1664 5105 1832 5154; x_wconf 72' lang='grc' dir='ltr'>μονα-</span> 
     </span>
    </p>
   </div>
   <div class='ocr_carea' id='block_1_96' title="bbox 234 5179 492 5247">
    <p class='ocr_par' dir='ltr' id='par_1_96' title="bbox 234 5179 492 5247">
     <span class='ocr_line' id='line_1_96' title="bbox 234 5179 492 5247; baseline 0.008 -17"><span class='ocrx_word' id='word_1_530' title='bbox 234 5205 245 5216; x_wconf 80' lang='grc' dir='ltr'><strong><em>ο</em></strong></span> <span class='ocrx_word' id='word_1_531' title='bbox 264 5179 492 5247; x_wconf 80' lang='grc' dir='ltr'>στηρίῳ.</span> 
     </span>
    </p>
   </div>
   <div class='ocr_carea' id='block_1_97' title="bbox 335 5265 1832 5337">
    <p class='ocr_par' dir='ltr' id='par_1_97' title="bbox 335 5265 1832 5337">
     <span class='ocr_line' id='line_1_97' title="bbox 335 5265 1832 5337; baseline -0.002 -15"><span class='ocrx_word' id='word_1_532' title='bbox 335 5270 453 5322; x_wconf 87' lang='grc' dir='ltr'>Τίτ.</span> <span class='ocrx_word' id='word_1_533' title='bbox 483 5267 553 5337; x_wconf 87' lang='grc' dir='ltr'><strong>γ’,</strong></span> <span class='ocrx_word' id='word_1_534' title='bbox 580 5267 814 5336; x_wconf 83' lang='grc' dir='ltr'>διάτ.γ’.</span> <span class='ocrx_word' id='word_1_535' title='bbox 850 5269 974 5320; x_wconf 77' lang='grc' dir='ltr'>Ὀτι</span> <span class='ocrx_word' id='word_1_536' title='bbox 1007 5267 1113 5337; x_wconf 83' lang='grc' dir='ltr'>χρὴ</span> <span class='ocrx_word' id='word_1_537' title='bbox 1146 5267 1263 5327; x_wconf 78' lang='grc' dir='ltr'>ταῖς</span> <span class='ocrx_word' id='word_1_538' title='bbox 1308 5265 1629 5334; x_wconf 73' lang='grc' dir='ltr'>ἐκκλησίαις</span> <span class='ocrx_word' id='word_1_539' title='bbox 1662 5283 1832 5336; x_wconf 85' lang='grc' dir='ltr'>προσ-</span> 
     </span>
    </p>
   </div>
   <div class='ocr_carea' id='block_1_98' title="bbox 266 5353 1832 5427">
    <p class='ocr_par' dir='ltr' id='par_1_98' title="bbox 266 5353 1832 5427">
     <span class='ocr_line' id='line_1_98' title="bbox 266 5353 1832 5427; baseline -0.003 -13"><span class='ocrx_word' id='word_1_540' title='bbox 266 5361 569 5427; x_wconf 66' lang='lat' dir='ltr'><strong>acopo-30020.</strong></span> <span class='ocrx_word' id='word_1_541' title='bbox 607 5365 732 5422; x_wconf 67' lang='grc' dir='ltr'>τοὺς</span> <span class='ocrx_word' id='word_1_542' title='bbox 765 5360 968 5423; x_wconf 82' lang='grc' dir='ltr'>οἴκους,</span> <span class='ocrx_word' id='word_1_543' title='bbox 1006 5362 1062 5410; x_wconf 79' lang='grc' dir='ltr'>ἐν</span> <span class='ocrx_word' id='word_1_544' title='bbox 1104 5353 1184 5420; x_wconf 78' lang='grc' dir='ltr'>οἷς</span> <span class='ocrx_word' id='word_1_545' title='bbox 1213 5357 1616 5427; x_wconf 74' lang='grc' dir='ltr'>παρασυναξεις</span> <span class='ocrx_word' id='word_1_546' title='bbox 1650 5358 1832 5409; x_wconf 73' lang='grc' dir='ltr'>ποιοῦ-</span> 
     </span>
    </p>
   </div>
   <div class='ocr_carea' id='block_1_99' title="bbox 264 5451 738 5520">
    <p class='ocr_par' dir='ltr' id='par_1_99' title="bbox 264 5451 738 5520">
     <span class='ocr_line' id='line_1_99' title="bbox 264 5451 738 5520; baseline -0.004 -16"><span class='ocrx_word' id='word_1_547' title='bbox 264 5470 349 5504; x_wconf 87' lang='grc' dir='ltr'><strong>σιν</strong></span> <span class='ocrx_word' id='word_1_548' title='bbox 377 5454 425 5503; x_wconf 83' lang='grc' dir='ltr'>οἱ</span> <span class='ocrx_word' id='word_1_549' title='bbox 450 5454 600 5520; x_wconf 74' lang='grc' dir='ltr'>αἱρεῖ</span> <span class='ocrx_word' id='word_1_550' title='bbox 614 5451 738 5502; x_wconf 85' lang='grc' dir='ltr'>ικοί.</span> 
     </span>
    </p>
   </div>
   <div class='ocr_carea' id='block_1_100' title="bbox 340 5539 1831 5609">
    <p class='ocr_par' dir='ltr' id='par_1_100' title="bbox 340 5539 1831 5609">
     <span class='ocr_line' id='line_1_100' title="bbox 340 5539 1831 5609; baseline -0.001 -15"><span class='ocrx_word' id='word_1_551' title='bbox 340 5541 458 5594; x_wconf 74' lang='lat' dir='ltr'><strong>Tit.</strong></span> <span class='ocrx_word' id='word_1_552' title='bbox 495 5540 575 5604; x_wconf 84' lang='grc' dir='ltr'>ιδ’,</span> <span class='ocrx_word' id='word_1_553' title='bbox 609 5541 747 5595; x_wconf 78' lang='grc' dir='ltr'>διὰτ,</span> <span class='ocrx_word' id='word_1_554' title='bbox 921 5540 1044 5592; x_wconf 85' lang='grc' dir='ltr'>Ὅτι</span> <span class='ocrx_word' id='word_1_555' title='bbox 1079 5540 1148 5591; x_wconf 72' lang='grc' dir='ltr'>τὰ</span> <span class='ocrx_word' id='word_1_556' title='bbox 1191 5541 1287 5608; x_wconf 80' lang='grc' dir='ltr'>τῆς</span> <span class='ocrx_word' id='word_1_557' title='bbox 1322 5540 1700 5609; x_wconf 71' lang='grc' dir='ltr'>μοιχευθείτης</span> <span class='ocrx_word' id='word_1_558' title='bbox 1734 5557 1831 5608; x_wconf 78' lang='grc' dir='ltr'>γυ-</span> 
     </span>
    </p>
   </div>
   <div class='ocr_carea' id='block_1_101' title="bbox 265 5633 1829 5702">
    <p class='ocr_par' dir='ltr' id='par_1_101' title="bbox 265 5633 1829 5702">
     <span class='ocr_line' id='line_1_101' title="bbox 265 5633 1829 5702; baseline -0.001 -15"><span class='ocrx_word' id='word_1_559' title='bbox 265 5635 449 5695; x_wconf 69' lang='grc' dir='ltr'>ναικὸς</span> <span class='ocrx_word' id='word_1_560' title='bbox 476 5636 802 5701; x_wconf 71' lang='grc' dir='ltr'>πράγματα,</span> <span class='ocrx_word' id='word_1_561' title='bbox 846 5633 954 5683; x_wconf 76' lang='grc' dir='ltr'>εἴτε</span> <span class='ocrx_word' id='word_1_562' title='bbox 993 5634 1206 5694; x_wconf 81' lang='grc' dir='ltr'>παῖδας,</span> <span class='ocrx_word' id='word_1_563' title='bbox 1242 5634 1272 5702; x_wconf 86' lang='grc' dir='ltr'>ἢ</span> <span class='ocrx_word' id='word_1_564' title='bbox 1316 5636 1491 5699; x_wconf 83' lang='grc' dir='ltr'>γονεῖς</span> <span class='ocrx_word' id='word_1_565' title='bbox 1531 5633 1664 5700; x_wconf 77' lang='grc' dir='ltr'>ἔχει,</span> <span class='ocrx_word' id='word_1_566' title='bbox 1719 5635 1829 5686; x_wconf 75' lang='grc' dir='ltr'>εἴτε</span> 
     </span>
    </p>
   </div>
   <div class='ocr_carea' id='block_1_102' title="bbox 265 5722 1829 5794">
    <p class='ocr_par' dir='ltr' id='par_1_102' title="bbox 265 5722 1829 5794">
     <span class='ocr_line' id='line_1_102' title="bbox 265 5722 1829 5794; baseline -0.001 -15"><span class='ocrx_word' id='word_1_567' title='bbox 265 5725 360 5779; x_wconf 74' lang='grc' dir='ltr'><strong>καὶ</strong></span> <span class='ocrx_word' id='word_1_568' title='bbox 403 5725 498 5794; x_wconf 76' lang='grc' dir='ltr'><strong>μὴ,</strong></span> <span class='ocrx_word' id='word_1_569' title='bbox 539 5725 676 5775; x_wconf 73' lang='grc' dir='ltr'>κατὰ</span> <span class='ocrx_word' id='word_1_570' title='bbox 708 5724 799 5776; x_wconf 59' lang='grc' dir='ltr'>τὸν</span> <span class='ocrx_word' id='word_1_571' title='bbox 832 5724 1000 5775; x_wconf 74' lang='grc' dir='ltr'>τύπον</span> <span class='ocrx_word' id='word_1_572' title='bbox 1049 5722 1147 5792; x_wconf 77' lang='grc' dir='ltr'><strong>τῆς</strong></span> <span class='ocrx_word' id='word_1_573' title='bbox 1197 5723 1495 5785; x_wconf 76' lang='grc' dir='ltr'>διατάξεως</span> <span class='ocrx_word' id='word_1_574' title='bbox 1555 5724 1829 5789; x_wconf 74' lang='grc' dir='ltr'>ἐκδικήσει</span> 
     </span>
    </p>
   </div>
   <div class='ocr_carea' id='block_1_103' title="bbox 1934 4541 3494 4617">
    <p class='ocr_par' dir='ltr' id='par_1_103' title="bbox 1934 4541 3494 4617">
     <span class='ocr_line' id='line_1_103' title="bbox 1934 4541 3494 4617; baseline -0.009 -11"><span class='ocrx_word' id='word_1_575' title='bbox 1934 4554 2093 4606; x_wconf 85' lang='lat' dir='ltr'><strong>aliam</strong></span> <span class='ocrx_word' id='word_1_576' title='bbox 2137 4553 2298 4605; x_wconf 76' lang='lat' dir='ltr'><strong>vitam</strong></span> <span class='ocrx_word' id='word_1_577' title='bbox 2340 4557 2666 4608; x_wconf 85' lang='lat' dir='ltr'><strong>transeunt,</strong></span> <span class='ocrx_word' id='word_1_578' title='bbox 2719 4548 2783 4599; x_wconf 91' lang='lat' dir='ltr'><strong>ad</strong></span> <span class='ocrx_word' id='word_1_579' title='bbox 2828 4547 3068 4617; x_wconf 88' lang='lat' dir='ltr'><strong>ipsorum</strong></span> <span class='ocrx_word' id='word_1_580' title='bbox 3107 4541 3494 4597; x_wconf 85' lang='lat' dir='ltr'><strong>monasterium</strong></span> 
     </span>
    </p>
   </div>
   <div class='ocr_carea' id='block_1_104' title="bbox 1937 4643 2306 4711">
    <p class='ocr_par' dir='ltr' id='par_1_104' title="bbox 1937 4643 2306 4711">
     <span class='ocr_line' id='line_1_104' title="bbox 1937 4643 2306 4711; baseline -0.003 -18"><span class='ocrx_word' id='word_1_581' title='bbox 1937 4643 2306 4711; x_wconf 84' lang='lat' dir='ltr'><strong>pertinebunt.</strong></span> 
     </span>
    </p>
   </div>
   <div class='ocr_carea' id='block_1_105' title="bbox 2009 4730 3492 4801">
    <p class='ocr_par' dir='ltr' id='par_1_105' title="bbox 2009 4730 3492 4801">
     <span class='ocr_line' id='line_1_105' title="bbox 2009 4730 3492 4801; baseline -0.005 -16"><span class='ocrx_word' id='word_1_582' title='bbox 2009 4735 2171 4788; x_wconf 71' lang='lat' dir='ltr'><strong>Debet</strong></span> <span class='ocrx_word' id='word_1_583' title='bbox 2207 4733 2281 4794; x_wconf 89' lang='lat' dir='ltr'><strong>is,</strong></span> <span class='ocrx_word' id='word_1_584' title='bbox 2322 4733 2413 4801; x_wconf 82' lang='lat' dir='ltr'><strong>qui</strong></span> <span class='ocrx_word' id='word_1_585' title='bbox 2451 4731 2747 4786; x_wconf 80' lang='lat' dir='ltr'><strong>solitariam</strong></span> <span class='ocrx_word' id='word_1_586' title='bbox 2783 4732 2945 4783; x_wconf 72' lang='lat' dir='ltr'><strong>vitam</strong></span> <span class='ocrx_word' id='word_1_587' title='bbox 2997 4740 3080 4786; x_wconf 89' lang='lat' dir='ltr'><strong>est</strong></span> <span class='ocrx_word' id='word_1_588' title='bbox 3129 4730 3492 4798; x_wconf 78' lang='lat' dir='ltr'><strong>amplcxnrus,</strong></span> 
     </span>
    </p>
   </div>
   <div class='ocr_carea' id='block_1_106' title="bbox 1937 4819 3498 4892">
    <p class='ocr_par' dir='ltr' id='par_1_106' title="bbox 1937 4819 3498 4892">
     <span class='ocr_line' id='line_1_106' title="bbox 1937 4819 3498 4892; baseline -0.004 -17"><span class='ocrx_word' id='word_1_589' title='bbox 1937 4824 2087 4892; x_wconf 88' lang='lat' dir='ltr'><strong>prius</strong></span> <span class='ocrx_word' id='word_1_590' title='bbox 2119 4827 2184 4876; x_wconf 88' lang='lat' dir='ltr'><strong>de</strong></span> <span class='ocrx_word' id='word_1_591' title='bbox 2218 4823 2380 4876; x_wconf 90' lang='lat' dir='ltr'><strong>rebus</strong></span> <span class='ocrx_word' id='word_1_592' title='bbox 2429 4822 2543 4876; x_wconf 86' lang='lat' dir='ltr'><strong>suis</strong></span> <span class='ocrx_word' id='word_1_593' title='bbox 2577 4821 2782 4874; x_wconf 87' lang='lat' dir='ltr'><strong>testari.</strong></span> <span class='ocrx_word' id='word_1_594' title='bbox 2826 4819 2960 4873; x_wconf 86' lang='lat' dir='ltr'><strong>Nam</strong></span> <span class='ocrx_word' id='word_1_595' title='bbox 3004 4822 3260 4888; x_wconf 88' lang='lat' dir='ltr'><strong>deinceps</strong></span> <span class='ocrx_word' id='word_1_596' title='bbox 3299 4833 3391 4873; x_wconf 85' lang='lat' dir='ltr'><strong>eas</strong></span> <span class='ocrx_word' id='word_1_597' title='bbox 3443 4819 3498 4870; x_wconf 87' lang='lat' dir='ltr'><strong>in</strong></span> 
     </span>
    </p>
   </div>
   <div class='ocr_carea' id='block_1_107' title="bbox 1937 4912 3306 4982">
    <p class='ocr_par' dir='ltr' id='par_1_107' title="bbox 1937 4912 3306 4982">
     <span class='ocr_line' id='line_1_107' title="bbox 1937 4912 3306 4982; baseline 0 -20"><span class='ocrx_word' id='word_1_598' title='bbox 1937 4923 2200 4982; x_wconf 58' lang='lat' dir='ltr'><strong>potestate</strong></span> <span class='ocrx_word' id='word_1_599' title='bbox 2231 4929 2326 4967; x_wconf 85' lang='lat' dir='ltr'><strong>sua</strong></span> <span class='ocrx_word' id='word_1_600' title='bbox 2362 4929 2465 4965; x_wconf 88' lang='lat' dir='ltr'><strong>non</strong></span> <span class='ocrx_word' id='word_1_601' title='bbox 2501 4913 2740 4972; x_wconf 85' lang='lat' dir='ltr'><strong>habebit,</strong></span> <span class='ocrx_word' id='word_1_602' title='bbox 2769 4913 2860 4966; x_wconf 88' lang='lat' dir='ltr'><strong>sed</strong></span> <span class='ocrx_word' id='word_1_603' title='bbox 2899 4912 3306 4965; x_wconf 89' lang='lat' dir='ltr'><strong>monasterium.</strong></span> 
     </span>
    </p>
   </div>
   <div class='ocr_carea' id='block_1_108' title="bbox 2006 5001 3498 5076">
    <p class='ocr_par' dir='ltr' id='par_1_108' title="bbox 2006 5001 3498 5076">
     <span class='ocr_line' id='line_1_108' title="bbox 2006 5001 3498 5076; baseline -0.003 -22"><span class='ocrx_word' id='word_1_604' title='bbox 2006 5001 2113 5057; x_wconf 79' lang='lat' dir='ltr'><strong>Res</strong></span> <span class='ocrx_word' id='word_1_605' title='bbox 2149 5003 2421 5076; x_wconf 77' lang='lat' dir='ltr'><strong>monachi,</strong></span> <span class='ocrx_word' id='word_1_606' title='bbox 2451 5003 2540 5070; x_wconf 82' lang='lat' dir='ltr'><strong>qui</strong></span> <span class='ocrx_word' id='word_1_607' title='bbox 2577 5003 2641 5056; x_wconf 87' lang='lat' dir='ltr'><strong>ad</strong></span> <span class='ocrx_word' id='word_1_608' title='bbox 2673 5001 2817 5056; x_wconf 85' lang='lat' dir='ltr'><strong>aliud</strong></span> <span class='ocrx_word' id='word_1_609' title='bbox 2866 5001 3174 5055; x_wconf 73' lang='lat' dir='ltr'><strong>emnobium</strong></span> <span class='ocrx_word' id='word_1_610' title='bbox 3220 5014 3340 5055; x_wconf 82' lang='lat' dir='ltr'><strong>sese</strong></span> <span class='ocrx_word' id='word_1_611' title='bbox 3364 5013 3498 5053; x_wconf 81' lang='lat' dir='ltr'><strong>con-</strong></span> 
     </span>
    </p>
   </div>
   <div class='ocr_carea' id='block_1_109' title="bbox 1940 5093 3190 5163">
    <p class='ocr_par' dir='ltr' id='par_1_109' title="bbox 1940 5093 3190 5163">
     <span class='ocr_line' id='line_1_109' title="bbox 1940 5093 3190 5163; baseline 0 -18"><span class='ocrx_word' id='word_1_612' title='bbox 1940 5094 2082 5157; x_wconf 90' lang='lat' dir='ltr'><strong>tulit,</strong></span> <span class='ocrx_word' id='word_1_613' title='bbox 2121 5093 2185 5146; x_wconf 90' lang='lat' dir='ltr'><strong>ad</strong></span> <span class='ocrx_word' id='word_1_614' title='bbox 2216 5094 2600 5148; x_wconf 82' lang='lat' dir='ltr'><strong>monasterium</strong></span> <span class='ocrx_word' id='word_1_615' title='bbox 2644 5093 2792 5160; x_wconf 87' lang='lat' dir='ltr'><strong>prius</strong></span> <span class='ocrx_word' id='word_1_616' title='bbox 2827 5093 3190 5163; x_wconf 86' lang='lat' dir='ltr'><strong>pertinebunt.</strong></span> 
     </span>
    </p>
   </div>
   <div class='ocr_carea' id='block_1_110' title="bbox 2007 5267 3500 5340">
    <p class='ocr_par' dir='ltr' id='par_1_110' title="bbox 2007 5267 3500 5340">
     <span class='ocr_line' id='line_1_110' title="bbox 2007 5267 3500 5340; baseline -0.003 -16"><span class='ocrx_word' id='word_1_617' title='bbox 2007 5273 2334 5327; x_wconf 84' lang='lat' dir='ltr'><strong>Constitutio</strong></span> <span class='ocrx_word' id='word_1_618' title='bbox 2366 5272 2398 5324; x_wconf 80' lang='grc'>5</span> <span class='ocrx_word' id='word_1_619' title='bbox 2455 5271 2593 5324; x_wconf 91' lang='lat' dir='ltr'><strong>tituli</strong></span> <span class='ocrx_word' id='word_1_620' title='bbox 2641 5271 2696 5335; x_wconf 75' lang='lat'><strong>2,</strong></span> <span class='ocrx_word' id='word_1_621' title='bbox 2746 5285 2864 5340; x_wconf 79' lang='lat' dir='ltr'><strong>cap.</strong></span> <span class='ocrx_word' id='word_1_622' title='bbox 2912 5269 2998 5324; x_wconf 79' lang='lat' dir='ltr'><strong>l3.</strong></span> <span class='ocrx_word' id='word_1_623' title='bbox 3048 5267 3203 5336; x_wconf 85' lang='lat' dir='ltr'><strong>Quod</strong></span> <span class='ocrx_word' id='word_1_624' title='bbox 3252 5269 3500 5322; x_wconf 83' lang='lat' dir='ltr'><strong>ecclesiis</strong></span> 
     </span>
    </p>
   </div>
   <div class='ocr_carea' id='block_1_111' title="bbox 1938 5359 3499 5444">
    <p class='ocr_par' dir='ltr' id='par_1_111' title="bbox 1938 5359 3499 5444">
     <span class='ocr_line' id='line_1_111' title="bbox 1938 5359 3499 5444; baseline -0.003 -29"><span class='ocrx_word' id='word_1_625' title='bbox 1938 5363 2116 5419; x_wconf 85' lang='lat' dir='ltr'><strong>addici</strong></span> <span class='ocrx_word' id='word_1_626' title='bbox 2145 5365 2340 5444; x_wconf 82' lang='lat' dir='ltr'><strong>domus</strong></span> <span class='ocrx_word' id='word_1_627' title='bbox 2365 5377 2440 5416; x_wconf 74' lang='lat' dir='ltr'><strong>ea:</strong></span> <span class='ocrx_word' id='word_1_628' title='bbox 2469 5361 2736 5425; x_wconf 81' lang='lat' dir='ltr'><strong>debeant,</strong></span> <span class='ocrx_word' id='word_1_629' title='bbox 2772 5361 2824 5414; x_wconf 91' lang='lat' dir='ltr'><strong>in</strong></span> <span class='ocrx_word' id='word_1_630' title='bbox 2858 5360 3060 5430; x_wconf 83' lang='lat' dir='ltr'><strong>quibus</strong></span> <span class='ocrx_word' id='word_1_631' title='bbox 3088 5359 3322 5414; x_wconf 66' lang='lat' dir='ltr'><strong>haeretici</strong></span> <span class='ocrx_word' id='word_1_632' title='bbox 3369 5373 3499 5412; x_wconf 85' lang='lat' dir='ltr'><strong>cou-</strong></span> 
     </span>
    </p>
   </div>
   <div class='ocr_carea' id='block_1_112' title="bbox 1938 5453 2835 5510">
    <p class='ocr_par' dir='ltr' id='par_1_112' title="bbox 1938 5453 2835 5510">
     <span class='ocr_line' id='line_1_112' title="bbox 1938 5453 2835 5510; baseline -0.004 0"><span class='ocrx_word' id='word_1_633' title='bbox 1938 5457 2210 5510; x_wconf 83' lang='lat' dir='ltr'><strong>venticula</strong></span> <span class='ocrx_word' id='word_1_634' title='bbox 2244 5468 2491 5510; x_wconf 85' lang='lat' dir='ltr'><strong>seorsum</strong></span> <span class='ocrx_word' id='word_1_635' title='bbox 2522 5453 2835 5509; x_wconf 86' lang='lat' dir='ltr'><strong>instituunt.</strong></span> 
     </span>
    </p>
   </div>
   <div class='ocr_carea' id='block_1_113' title="bbox 2009 5541 3500 5608">
    <p class='ocr_par' dir='ltr' id='par_1_113' title="bbox 2009 5541 3500 5608">
     <span class='ocr_line' id='line_1_113' title="bbox 2009 5541 3500 5608; baseline -0.003 -12"><span class='ocrx_word' id='word_1_636' title='bbox 2009 5545 2115 5597; x_wconf 79' lang='lat' dir='ltr'><strong>Tit.</strong></span> <span class='ocrx_word' id='word_1_637' title='bbox 2148 5545 2180 5598; x_wconf 68' lang='grc'>4</span> <span class='ocrx_word' id='word_1_638' title='bbox 2230 5542 2566 5598; x_wconf 71' lang='lat' dir='ltr'><strong>ronstit.22.</strong></span> <span class='ocrx_word' id='word_1_639' title='bbox 2615 5543 2769 5608; x_wconf 84' lang='lat' dir='ltr'><strong>Quod</strong></span> <span class='ocrx_word' id='word_1_640' title='bbox 2822 5557 2908 5596; x_wconf 79' lang='lat' dir='ltr'><strong>res</strong></span> <span class='ocrx_word' id='word_1_641' title='bbox 2957 5541 3198 5596; x_wconf 87' lang='lat' dir='ltr'><strong>mulieris</strong></span> <span class='ocrx_word' id='word_1_642' title='bbox 3233 5541 3500 5594; x_wconf 73' lang='lat' dir='ltr'><strong>adulterio</strong></span> 
     </span>
    </p>
   </div>
   <div class='ocr_carea' id='block_1_114' title="bbox 1940 5633 3499 5704">
    <p class='ocr_par' dir='ltr' id='par_1_114' title="bbox 1940 5633 3499 5704">
     <span class='ocr_line' id='line_1_114' title="bbox 1940 5633 3499 5704; baseline -0.001 -16"><span class='ocrx_word' id='word_1_643' title='bbox 1940 5637 2178 5704; x_wconf 75' lang='lat' dir='ltr'><strong>poliutzc,</strong></span> <span class='ocrx_word' id='word_1_644' title='bbox 2223 5637 2337 5688; x_wconf 67' lang='lat' dir='ltr'><strong>sive</strong></span> <span class='ocrx_word' id='word_1_645' title='bbox 2391 5635 2609 5700; x_wconf 85' lang='lat' dir='ltr'><strong>liberos,</strong></span> <span class='ocrx_word' id='word_1_646' title='bbox 2658 5633 2772 5688; x_wconf 80' lang='lat' dir='ltr'><strong>sive</strong></span> <span class='ocrx_word' id='word_1_647' title='bbox 2821 5644 3071 5702; x_wconf 83' lang='lat' dir='ltr'><strong>parentes</strong></span> <span class='ocrx_word' id='word_1_648' title='bbox 3121 5633 3336 5694; x_wconf 74' lang='lat' dir='ltr'><strong>habeat,</strong></span> <span class='ocrx_word' id='word_1_649' title='bbox 3386 5633 3499 5687; x_wconf 76' lang='lat' dir='ltr'><strong>sive</strong></span> 
     </span>
    </p>
   </div>
   <div class='ocr_carea' id='block_1_115' title="bbox 1941 5722 3499 5794">
    <p class='ocr_par' dir='ltr' id='par_1_115' title="bbox 1941 5722 3499 5794">
     <span class='ocr_line' id='line_1_115' title="bbox 1941 5722 3499 5794; baseline -0.003 -13"><span class='ocrx_word' id='word_1_650' title='bbox 1941 5744 2048 5781; x_wconf 88' lang='lat' dir='ltr'><strong>non</strong></span> <span class='ocrx_word' id='word_1_651' title='bbox 2104 5727 2295 5780; x_wconf 81' lang='lat' dir='ltr'><strong>habeat</strong></span> <span class='ocrx_word' id='word_1_652' title='bbox 2325 5767 2338 5794; x_wconf 92' lang='lat'><strong>,</strong></span> <span class='ocrx_word' id='word_1_653' title='bbox 2387 5724 2538 5794; x_wconf 77' lang='lat' dir='ltr'><strong>juxta</strong></span> <span class='ocrx_word' id='word_1_654' title='bbox 2591 5724 2926 5781; x_wconf 80' lang='lat' dir='ltr'><strong>sanctionem</strong></span> <span class='ocrx_word' id='word_1_655' title='bbox 2986 5723 3411 5780; x_wconf 64' lang='lat' dir='ltr'><strong>constitutionis</strong></span> <span class='ocrx_word' id='word_1_656' title='bbox 3448 5722 3499 5776; x_wconf 85' lang='lat' dir='ltr'><strong>id</strong></span> 
     </span>
    </p>
   </div>
  </div>
