3998 6476
260 404 392 467 1329

1244 398 1583 460 CONSTIT.
1631 393 1927 454 ECCLES.
1984 390 2414 450 COLLECTI‘).

3314 373 3447 435 13Ἱο

260 534 418 586 μενος
499 517 590 570 τοῦ
663 516 1003 587 Σαμαρείτου
1072 514 1258 577 παιδὸς
1308 515 1341 583 ἢ
1392 510 1697 578 συγγενοῦς.
1742 509 1792 560 Ei

1906 520 1989 559 res
2016 514 2152 569 esto,
2200 503 2423 572 potioris
2476 498 2740 554 Samarita
2788 493 3138 551 conditionis.
3181 488 3274 542 Sin
3302 502 3444 591 “prou-

256 605 317 656 δὲ
372 605 790 674 προσεχέστερὸς
848 607 963 657 ἐστι
1020 604 1146 673 περὶ
1201 620 1291 656 τον
1354 601 1556 670 βαθμὸν
1618 599 1652 667 ἢ
1707 597 1803 663 τὴν

257 694 408 758 τάξιν
435 696 463 746 ὁ
494 694 856 763 Σαμαρείτης,
915 693 1265 774 προτιμᾶσθω
1317 690 1407 744 τοῦ
1451 683 1797 756 Χριπιανοῦ.

333 783 468 835 ἰσθι
498 784 575 845 δὲ,
599 786 626 835 ὁ
655 782 1077 851 ἀποκλειόμενος
1107 780 1453 849 Σαμαρείτης
1483 778 1619 847 μετὰ
1634 775 1804 827 ταῦτα

264 874 586 943 Χριστιανὸς
619 873 905 941 γενόμενος
932 874 993 925 τὸ
1020 873 1215 923 οἰκεῖον
1271 868 1645 937 ἀπ›).αμ6άνει
1712 864 1805 933 μὲ-

265 979 358 1032 ρος
388 963 538 1030 παρὰ
569 963 665 1015 τοῦ
700 965 1029 1032 Χριστιανοῠ
1064 960 1530 1031 συγκληρονὸμου,
1567 956 1688 1016 τοὺς
1747 956 1805 1006 ἐν

264 1054 332 1122 μέ
342 1070 417 1123 σῳ
447 1054 811 1123 ζημιούμενος
846 1055 1114 1123 καρπούς.

333 1236 394 1286 Oi
425 1235 755 1302 Σαμαρεῖται
788 1233 869 1294 είς
895 1234 1021 1295 τοὺς
1065 1232 1312 1294 ἀνιόντας
1344 1262 1350 1269 -
1377 1239 1469 1283 καὶ
1521 1231 1804 1289 κατιόντας

263 1323 441 1374 αὐτῶν
472 1321 814 1389 Σαμαρείτας
844 1321 1001 1382 ὄντας
1040 1322 1114 1382 ὡς
1151 1320 1430 1389 βούλονται
1459 1317 1806 1370 διατιθέσθω-

263 1424 384 1459 σαν.
422 1409 481 1461 Εἰ
509 1409 563 1459 δὲ
605 1409 701 1460 σὺν
722 1409 900 1469 αὐτοῖς
935 1408 1255 1476 Χριστιανοὶ
1280 1408 1373 1460 τοῦ
1408 1404 1566 1459 αὐτοῦ
1596 1405 1803 1478 τνγχὰ-

261 1514 411 1550 νουσι
444 1496 672 1565 βαθμοῦ,
709 1498 788 1559 είς
818 1498 977 1562 μόνον
1012 1496 1072 1549 τὸ
1118 1497 1377 1565 τέταρτον
1463 1495 1626 1562 μέρος
1680 1493 1805 1555 τοὺς

266 1588 607 1654 Σαμαρείτας
633 1588 993 1656 γραφέτωσαν
1057 1586 1440 1655 κληρονόμους.
1495 1585 1587 1669 iii;
1642 1583 1694 1635 δὲ
1746 1582 1805 1634 τὸ

264 1678 555 1729 ὑπόλοιπον
578 1680 703 1740 τοὺς
745 1678 1103 1746 Χριστιανοὺς
1152 1677 1461 1753 δυναμένων
1518 1674 1717 1737 αὐτῶν,
1756 1674 1804 1725 εί

264 1768 393 1835 περὶ
418 1767 573 1818 τοῦτο
594 1766 911 1836 παροφθῶσι
928 1768 987 1819 τδ
1019 1767 1199 1834 μέρος,
1218 1764 1316 1833 τὴν
1341 1763 1407 1816 δὲ
1431 1763 1804 1829 ίννοφικίοσο

1905 597 2023 661 pior
2090 596 2162 647 sit
2213 590 2538 655 orthodoxo,
2583 590 2795 643 ratione
2849 584 3047 656 gradus
3094 581 3192 640 veL
3218 578 3446 642 ordinis,

1905 684 2195 747 Samarita,
2255 680 2567 735 Christiano
2593 679 2896 748 praefertur.

1977 770 2127 825 Scias
2164 779 2375 832 autem,
2412 768 2754 832 Samaritam,
2784 765 2877 834 qui
2907 761 3215 818 excluditur
3258 774 3288 811 a
3327 773 3449 813 suc-

1905 862 2170 923 cessione,
2209 862 2255 912 si
2287 872 2469 927 poetea
2518 858 2859 911 Christianus
2896 853 3229 907 ortliodoxus
3274 849 3448 903 factus

1906 951 2104 1012 fuerit,
2136 960 2337 1016 partem
2388 962 2541 1002 suam
2574 961 2765 1015 capere
2792 960 2911 1000 cum
2940 944 3092 1006 aliis.
3122 942 3215 1012 qui
3248 941 3313 994 ab
3348 940 3451 993 ini-

1907 1042 1979 1093 tio
2016 1048 2169 1093 erant.
2203 1038 2511 1102 orthodoxi,
2556 1036 2822 1090 fructibus
2865 1041 3043 1089 tamen
3092 1032 3186 1101 qui
3230 1029 3452 1085 interim

1906 1129 2146 1198 producti
2170 1134 2313 1191 sunt,
2340 1125 2675 1180 frustratum.

1978 1215 2258 1270 Samaritae
2308 1231 2438 1271 suos
2482 1215 2878 1280 ascendentes,
2935 1221 2987 1268 et
3031 1213 3447 1273 descendentes.

1905 1309 1995 1376 qui
2030 1307 2310 1361 Samaritre
2345 1314 2508 1367 sunt,
2543 1320 2639 1374 pro
2670 1306 2891 1359 arbitrio
2923 1318 3023 1358 suo
3060 1304 3306 1358 scribunt
3353 1305 3451 1356 Ine—

1904 1398 2081 1452 rcdes.
2115 1396 2171 1450 Si
2211 1412 2337 1450 vero
2369 1412 2490 1450 cum
2516 1397 2595 1452 eis
2634 1404 2687 1451 et
2719 1396 3015 1451 Christiani
3046 1394 3287 1464 ejusdem
3333 1408 3451 1463 gra-

1905 1489 2007 1543 dus
2048 1487 2113 1541 ad
2161 1487 2559 1543 successionem
2609 1497 2891 1550 vocantur,
2937 1502 3044 1540 non
3095 1487 3317 1539 ulterius
3354 1484 3453 1537 Sa-

1907 1575 2128 1630 maritas
2204 1575 2447 1630 scribant
2524 1576 2800 1642 haaredes,
2879 1591 3039 1645 quam
3104 1590 3169 1629 ex
3244 1575 3453 1627 duabus

1906 1666 2219 1719 facultatum
2292 1681 2514 1726 suarum
2578 1668 2774 1721 unciis.
2844 1668 3076 1722 Possunt
3143 1675 3321 1720 autem
3401 1675 3453 1718 et

1905 1755 2282 1820 ascendentes,
2316 1764 2368 1810 et
2401 1755 2794 1812 descendentes
2826 1757 3134 1821 orthodoxi,
3177 1757 3449 1823 querelam

264 1858 431 1909 κινεῖν
465 1858 601 1909 κατὰ
626 1858 722 1925 τῆς
761 1856 980 1908 ἐκείνων
1024 1857 1304 1923 διαθήκης,
1362 1856 1468 1907 τῶν
1500 1853 1792 1921 εἰρημένων

1905 1846 1971 1899 de
2002 1845 2294 1900 inofﬁcioso
2344 1845 2605 1901 adversus
2651 1861 2837 1899 eorum
2890 1847 3197 1901 testamenti
3243 1847 3451 1899 tabulas

263 1949 321 1997 ὲν
351 1948 415 2013 τῇ
468 1947 707 2014 προτέρᾳ
746 1946 1005 2014 διαιρέσει
1065 1963 1190 2014 περι
1243 1945 1351 1997 τῶν
1398 1942 1799 2011 μετανοούντων

265 2035 613 2103 Σαμαρειτῶν
640 2036 732 2088 καὶ
756 2035 987 2087 ἐνταῦθα
1016 2034 1382 2103 κρατούντων.

323 2300 428 2351 Καὶ
466 2297 770 2367 σημείωσαι
802 2297 883 2350 ὃτι
909 2297 1155 2350 δύνανται
1184 2297 1231 2347 oi
1257 2296 1588 2364 Σαμαρεῖται
1620 2295 1682 2347 ἐκ
1708 2293 1802 2348 τοῦ
1885 2336 1889 2339 -

1858 2381 1865 2385 ’
1904 2385 2093 2438 relicta
2128 2397 2279 2454 parte
2316 2388 2494 2454 tertia,
2524 2404 2641 2457 quae
2674 2389 2808 2458 ipsis
2840 2406 2904 2445 ex
2940 2397 3261 2445 testamento
3305 2404 3451 2442 com-

262 2388 501 2454 ἡμίσεως
532 2389 715 2457 τρίτου
772 2387 970 2456 μέρους
1031 2388 1093 2439 ὲκ
1139 2385 1399 2453 διαθήκης
1476 2384 1804 2454 ἁρμόζοντος

261 2478 372 2537 τοῖς
436 2476 774 2544 Χριστιανῶν
811 2475 987 2529 αὐτῶν
1018 2475 1283 2543 διαδόχοις
1321 2477 1489 2541 legata
1525 2475 1620 2526 καὶ
1668 2491 1804 2542 πρε-

260 2563 413 2614 σϐεῖα
476 2563 816 2632 Χριστιανοῖς
873 2564 1298 2637 καταλιμπάνειν
1333 2604 1346 2627 ,
1412 2563 1560 2614 οὐδὲν
1623 2564 1804 2616 λοιπον

262 2646 351 2699 τοῦ
385 2648 639 2716 δημοσίου
676 2650 737 2701 ἐκ
770 2650 865 2717 τῆς
890 2650 1067 2701 αὐτῶν
1094 2648 1434 2709 ἐκδικοῦντος
1465 2649 1801 2715 περιουσίας,

260 2730 348 2789 οἷα
386 2738 446 2805 δὴ
477 2737 575 2805 τῆς
604 2740 881 2807 παρούσης
921 2739 1213 2803 διατάξεως
1254 2738 1347 2790 καὶ
1376 2740 1455 2798 εἰς
1504 2738 1572 2789 τὰ
1599 2737 1800 2807 προλα-

259 2826 420 2877 ὄόντα
450 2827 627 2892 φάκτα
666 2830 763 2895 τὴν
817 2830 1021 2880 οἰκείαν
1097 2828 1399 2895 ἐναγούσης
1459 2827 1799 2895 νομοθεσίαν.

334 2917 576 2986 Ἐγράφη
628 2918 732 2986 πρὸ
791 2919 851 2982 ιζ’
890 2919 1177 2971 Καλανδῶν
1246 2918 1494 2978 Ἰουλίων,
1544 2916 1803 2985 βασιλέως

270 3001 639 3055 Ἰουστινιανοῦ
666 3005 724 3057 τὸ
750 3005 827 3057 κε’
863 3007 997 3074 μετὰ
1043 3008 1138 3076 τὴν
1170 3006 1427 3058 ὑπατείαν
1473 3004 1799 3075 βελισαρίου.

604 3120 675 3170 Γ’.
703 3118 841 3182 Περὶ
865 3115 985 3168 τῶν
1015 3114 1408 3184 Σαμαρειτῶν.

257 3268 629 3336 Αὐτοκράτωρ
729 3269 1151 3332 Ἰουστινιαγός
1228 3270 1494 3335 Διομήδει
1564 3271 1799 3339 ἐπάρχῳ

315 3360 697 3427 πραιτωρίων.
735 3360 851 3425 Τὴν
880 3357 1069 3425 ἀσεϐῆ
1100 3357 1218 3411 τῶν
1265 3360 1644 3427 Σαμαρειτῶν
1703 3363 1795 3413 αἵ-

315 3466 511 3516 ρεσιν,
547 3448 641 3500 καί
669 3448 780 3514 τὴν
816 3448 1155 3514 παράλογον
1176 3450 1405 3504 τούτων
1426 3452 1666 3517 μανίαν.

334 3540 397 3589 ἸΙ
421 3537 658 3599 διάταξις
683 3539 895 3606 ἀναιρεῖ
919 3538 1016 3604 τὴν
1047 3536 1089 3604 β’
1120 3536 1269 3589 τοῦδε
1299 3538 1392 3590 τοῦ
1452 3540 1631 3590 τίτλου
1682 3541 1793 3592 διά-

251 3628 420 3690 ταξιν,
454 3627 545 3678 καὶ
578 3627 1012 3694 παρακελεύεται
1038 3626 1130 3678 τοῦ
1193 3627 1383 3679 λοιποῦ
1448 3630 1796 3699 Σαμαρείτας

256 3718 329 3783 μὴ
363 3717 798 3782 κληρονομεῖνὲκ
828 3715 1103 3783 διαθηκῶν
1134 3716 1164 3785 ἢ
1198 3718 1404 3769 τούτων
1430 3721 1621 3787 χωρὶς,
1659 3720 1794 3788 μηδὲ

253 3806 544 3873 πρεσϐείαν
572 3804 884 3871 λαμϐάνειν,
917 3805 947 3872 ἢ
980 3807 1117 3857 κατᾶ
1160 3807 1369 3874 δωρεᾶς
1420 3807 1528 3876 Πον.
1564 3808 1791 3879 τρόπου]

249 3893 465 3959 τρόπων
521 3892 839 3959 κομίζεσθαι
864 3895 1114 3961 πρᾶγμα.
1164 3896 1321 3949 Ἀλλὰ
1368 3898 1498 3965 μηδὲ
1528 3898 1666 3949 κατὰ
1696 3899 1794 3966 τὴν

248 3981 307 4042 ἐξ
331 3979 610 4031 ἀδίαθέτου
635 3981 825 4047 κλῆσιν
860 3980 1132 4050 διαδόχους
1155 3983 1298 4052 ἔχειν
1361 3985 1720 4054 Σαμαρείτας,
1756 3985 1788 4055 ἢ

250 4074 383 4131 ὅλως
422 4072 749 4140 αἱρετικοὺς,
778 4073 913 4139 μηδὲ
959 4075 1461 4141 σχηματιζομὲνους
1507 4078 1603 4146 τὴν
1625 4079 1789 4148 ὀρθὴν

248 4161 352 4211 τῶν
380 4158 711 4229 Χριστιανῶν
739 4163 1126 4231 προσδέχεσθαι
1159 4165 1360 4228 πίστιν,
1422 4168 1538 4228 ταῖς
1568 4167 1624 4218 δὲ
1655 4168 1789 4237 ἁλη-

247 4245 526 4313 θείαιςούχ
554 4246 695 4297 οὕτω
734 4247 1090 4313 φρονοῦντας.
1158 4249 1308 4315 Μηδὲ
1362 4250 1470 4319 μὴν
1523 4252 1786 4320 διαθήκας

244 4337 321 4394 εἰς
352 4336 883 4404 αὐτοὺςγράφειν,ἣ
954 4337 1161 4406 ληγάτα
1238 4339 1689 4408 καταλιμπάνειν,
1750 4344 1782 4411 ἢ

1905 1934 2201 1996 instituere,
2234 1934 2322 1997 iis,
2354 1948 2475 2002 quae
2520 1934 2729 1987 sancita
2776 1940 2903 1987 sunt
2956 1934 3010 1987 in
3046 1933 3214 2002 priori
3248 1933 3454 1986 consti-

1902 2027 2108 2080 tntione
2151 2026 2217 2080 de
2249 2026 2356 2090 his,
2391 2026 2482 2094 qui
2534 2026 2901 2094 resipiscunt,
2938 2026 3016 2079 uti
3048 2026 3259 2079 scilicet
3297 2037 3452 2092 pares

1902 2116 2008 2169 sint
2032 2115 2098 2169 ab
2134 2116 2286 2170 initio
2332 2113 2679 2182 Christianis,
2730 2115 2818 2170 hic
2866 2130 3082 2186 quoque
3126 2116 3304 2170 locum
3353 2114 3452 2168 ba-

1904 2205 2046 2258 benti
2058 2205 2176 2260 bus.

1973 2293 2129 2359 Nota,
2190 2297 2333 2365 quod
2398 2298 2681 2353 Samarita:
2759 2298 3077 2353 orthodoxis
3145 2297 3454 2352 lunredibus

1907 2475 2060 2543 petit,
2095 2476 2256 2528 etiam
2289 2476 2463 2544 legata
2498 2478 2824 2534 Christianis
2870 2479 2999 2534 dare
3031 2486 3295 2548 possunt,
3335 2478 3453 2529 nul-

1905 2565 2008 2616 lam
2040 2575 2223 2632 postea
2255 2565 2565 2622 facultatem
2600 2569 2830 2624 habente
2859 2570 3018 2634 fisco,
3059 2570 3349 2637 quidquam
3387 2583 3451 2621 ex

1904 2653 2143 2719 ipsorum
2184 2655 2512 2721 patrimoniu
2556 2645 2877 2725 accipiendi.
2921 2672 3043 2710 cuin
3086 2672 3321 2725 praesens
3353 2657 3453 2709 ista

1903 2742 2221 2797 constitutio
2254 2744 2421 2813 legem
2447 2754 2571 2801 ante
2619 2748 2759 2801 hanc
2788 2748 3185 2823 promulgatam
3219 2749 3450 2801 abolent.

1975 2913 2189 2970 Dat.....
2221 2917 2745 2986 imperii-Iustiniani
2783 2937 2928 2978 anno
2960 2904 3218 2979 vicesimo
3262 2924 3454 2994 quinto

1906 3018 2024 3070 post
2062 3009 2406 3062 consulatum
2440 3010 2690 3065 Basilii...

1843 3141 1868 3199 ἶ
1937 3114 2018 3168 ill.
2066 3116 2139 3169 De
2189 3116 2490 3199 Samaritis.
2524 3138 2640 3190 qua:
2668 3126 3087 3199 constitutionem
3128 3137 3249 3182 ante
3277 3129 3414 3182 hanc

2455 3190 2616 3243 latam
2647 3194 2888 3262 abrogat.

1904 3275 2035 3343 Imp.
2070 3278 2270 3332 Justin.
2304 3280 2545 3334 Diomedi
2580 3282 2638 3337 Ρ.
2675 3282 2738 3337 Ρ.
2789 3284 3015 3352 Impiam
3059 3284 3449 3342 Samaritarum

2026 3367 2286 3431 Im'resim,
2307 3380 2370 3449 ,ει
2403 3372 2682 3424 absurdam
2710 3377 2994 3441 vesaniam,
3023 3388 3073 3431 et
3105 3389 3316 3434 caetera.

1970 3542 2090 3595 Haec
2128 3547 2443 3600 constitutio
2476 3552 2768 3603 secundam
2806 3552 2968 3620 hujus
2999 3556 3141 3610 tituli
3175 3562 3446 3615 constitu-

1896 3631 2095 3684 tionem
2137 3634 2334 3696 aholet,
2387 3649 2449 3688 ac
2501 3637 2745 3705 praecipit
2798 3649 2857 3693 ut
2909 3642 3189 3698 Samaritae
3243 3649 3444 3705 nullam

1897 3722 2257 3775 lnnreditatem
2313 3724 2507 3778 adeant
2558 3742 2622 3780 ex
2671 3738 3023 3797 testamento,
3079 3736 3158 3788 vel
3205 3738 3271 3791 ab
3307 3741 3443 3794 inte-

1894 3816 2055 3867 stato.
2097 3826 2267 3877 neque
2310 3813 2480 3879 legata
2533 3817 2786 3883 capiant,
2845 3821 3075 3876 ullamve
3125 3840 3236 3878 rem
3287 3827 3444 3881 titulo

1892 3898 2198 3953 donationis
2245 3912 2665 3970 consequantur.
2721 3905 2982 3963 Prmterea
3042 3928 3139 3967 nec
3188 3917 3256 3970 ab
3305 3918 3440 3973 inte-

1890 3995 2031 4041 stato
2065 4000 2324 4043 vocentur
2363 3993 2427 4046 ad
2458 4008 2643 4048 eorum
2675 4002 3075 4056 successionem
3114 4005 3395 4064 Samaritae
3422 4046 3441 4073 ,

1892 4078 2217 4133 velomnino
2263 4080 2533 4147 haeretici;
2576 4099 2643 4138 ne
2682 4088 2898 4155 quidem
2930 4091 2973 4144 si
3014 4109 3119 4160 pne
3163 4110 3221 4149 se
3264 4098 3439 4155 ferant

1889 4177 2089 4221 rectam
2135 4185 2193 4224 se
2242 4172 2672 4229 Christianorum
2740 4178 2899 4234 fidem
2971 4186 3253 4253 amplecti,
3311 4205 3436 4246 cum

1888 4272 2078 4326 reapse
2126 4275 2229 4312 non
2264 4262 2334 4314 ita
2372 4265 2629 4318 sentiant.
2678 4266 2788 4324 Nec
2832 4271 2959 4326 item
3009 4276 3129 4330 illos
3172 4278 3224 4331 in
3274 4288 3436 4334 testa-

1880 4354 2070 4398 mento
2124 4346 2361 4403 haeredes
2409 4351 2713 4419 instituant,
2752 4359 2833 4412 vel
2888 4360 3055 4430 legata
3103 4366 3433 4437 relinquant,

241 4425 549 4489 δωρεῖσθαι,
585 4425 722 4489 πλὴν
774 4427 822 4476 εί
875 4426 947 4494 μὴ
998 4426 1265 4495 ὀρθόδεξοι
1306 4424 1414 4481 εἷεν
1462 4430 1556 4483 κα)⁸
1604 4432 1781 4484 πίστει

1891 4433 1970 4487 vel
2019 4433 2254 4502 donent;
2299 4448 2611 4509 extraquam
2664 4446 2708 4500 si
2748 4456 2853 4501 tam
2894 4424 3015 4513 fide,
3069 4469 3227 4523 quam
3258 4424 3435 4516 .faetis

241 4514 332 4565 καί
363 4513 544 4581 ἔργοις
570 4515 618 4564 ot
642 4514 813 4566 ταῦτα
841 4515 1154 4583 ληψόμενοι.
1210 4520 1270 4570 Ei
1302 4521 1408 4588 γὰρ
1444 4522 1630 4590 μηδεὶς
1658 4522 1779 4575 τούο

238 4618 345 4652 των
369 4601 476 4669 εἴη,
518 4601 592 4669 τῷ
626 4605 905 4671 ίερωτάτῳ
932 4608 1031 4666 τὰς
1062 4607 1268 4659 τούτων
1302 4613 1618 4677 περιουσίας
1641 4613 1781 4678 μετὰ

234 4691 489 4759 τελευτὴν
517 4696 817 4759 προσήκειν
837 4696 1292 4762 παρακελεύεται.

288 4865 613 4932 Ἐξαιρεῖται
646 4868 701 4918 δὲ
732 4870 829 4937 τῆς
859 4872 1067 4934 οἰκείας
1130 4876 1465 4942 νομοθεσίας
1522 4882 1650 4944 τοὺς
1711 4886 1778 4937 τὰ

234 4951 588 5019 Σαμαρειτῶν
625 4959 1023 5025 πρεσϐεύοντας
1062 4966 1335 5031 γεωργοὺς
1393 4970 1530 5037 πρὸς
1580 4970 1778 5025 σύστα-

234 5057 316 5090 σιν
362 5041 466 5091 τῶν
494 5045 621 5109 παρ’
676 5047 852 5099 αὐτῶν
910 5055 1331 5121 γεωργουμένων
1356 5060 1587 5127 χωρίων,
1649 5079 1752 5130 συγ

229 5130 479 5197 χωροῦσα
536 5134 761 5197 τούτοις,
822 5141 1123 5208 γεωργοῦσι
1198 5148 1379 5212 μέντοι
1452 5152 1519 5202 τὰ
1593 5155 1772 5221 γήδια,

229 5220 323 5269 καὶ
345 5219 732 5290 κληρονόμους,
757 5229 849 5278 καὶ
878 5229 1258 5302 ληγαταρίους,
1286 5240 1378 5289 καὶ
1397 5240 1626 5309 γράφειν
1645 5249 1769 5308 τοὺς

227 5307 404 5359 αὐτῶν
427 5312 673 5374 ἀνιόντας
705 5317 799 5367 καὶ
823 5321 1125 5383 κατιόντας,
1153 5327 1246 5377 καὶ
1299 5307 1442 5390 τοὺς
1468 5332 1764 5400 ὲκπλαγίου

229 5405 535 5462 συγγενεῖς.
572 5404 674 5455 κᾶν
707 5406 1039 5476 Σαμαρεῖταί
1066 5415 1193 5468 εισι.
1251 5418 1491 5486 Μηδενὺς
1544 5423 1600 5475 δὲ
1650 5426 1768 5476 τού.

226 5501 332 5535 των
367 5487 768 5556 εὑρισκομένων
827 5495 916 5546 τὸν
980 5498 1169 5565 κύριον
1212 5502 1304 5553 τοῦ
1357 5508 1554 5574 χωρίου
1604 5511 1663 5560 ὲν
1724 5506 1765 5577 ᾧ

224 5574 466 5637 γεωργὸς
494 5570 982 5649 ἦνὸτελευτήσας,
1031 5587 1102 5637 τὰ
1151 5592 1279 5657 παρ’
1326 5592 1533 5646 ἐκείνου
1596 5614 1763 5652 κατα-

223 5659 511 5725 λειφθέντα
543 5666 861 5731 κομίζεσθαι
896 5675 1189 5744 πράγματα
1221 5680 1523 5751 ἐπιτρέπει,
1559 5692 1648 5739 καὶ
1674 5690 1764 5759 τὴν

1886 4522 2169 4577 orthodoxi
2198 4526 2338 4593 sint,
2371 4532 2462 4597 qui
2514 4546 2576 4586 ea
2629 4543 2758 4588 sunt
2792 4522 3099 4607 accepturi.
3147 4545 3350 4615 Quippe
3387 4552 3432 4604 si

1887 4613 2065 4668 nullus
2110 4615 2231 4671 talis
2278 4628 2475 4683 exstet,
2531 4639 2720 4678 eorum
2768 4632 3090 4695 patrimonia
3142 4638 3207 4691 ad
3254 4613 3435 4693 sacra-

1887 4702 2153 4799 tissimum
2186 4707 2373 4762 fiscum
2403 4710 2599 4767 debere
2642 4726 2763 4784 post
2808 4731 3032 4776 mortem
3078 4740 3264 4781 eorum
3308 4746 3432 4799 per-

1884 4791 2074 4856 tinere,
2108 4799 2321 4851 statuit.

1949 4883 2211 4939 Czeterum
2251 4890 2453 4945 Eximit
2487 4910 2513 4946 a
2558 4896 2893 4962 legislatioue
2926 4918 3021 4957 sua
3055 4916 3293 4963 colentes
3327 4908 3424 4962 Sa-

1880 4973 2189 5068 maritarum
2216 4979 2524 5049 religionem
2561 4992 2826 5056 agricolas
2847 5033 2860 5053 ,
2902 5007 2957 5044 ιιι
3002 4997 3080 5049 cis
3110 5012 3267 5065 agros
3288 5039 3301 5061 ,
3333 5002 3425 5068 qui

1878 5059 1944 5113 ab
2000 5061 2132 5128 ipsis
2183 5071 2524 5136 excoluntur,
2563 5083 2919 5135 commendet.
2974 5082 3066 5139 "is
3108 5089 3252 5141 enim
3294 5059 3425 5145 con-

1877 5152 2037 5216 cedit,
2081 5158 2238 5211 modo
2270 5170 2449 5217 tamen
2497 5181 2656 5235 agros
2690 5171 2833 5238 ipsos
2875 5177 3075 5239 enlant,
3113 5187 3218 5231 tam
3258 5182 3425 5236 hatre-

1877 5239 1992 5306 des,
2027 5258 2185 5310 quam
2229 5250 2511 5318 legatarios
2544 5258 2825 5314 instituere
2870 5280 2998 5319 suos
3044 5270 3419 5337 ascendentes,

1875 5340 1929 5382 et
1968 5331 2373 5404 descendentes,
2410 5353 2462 5395 et
2504 5358 2762 5415 cognatos
2811 5369 2873 5405 ex
2922 5365 3250 5424 transverso,
3281 5370 3420 5415 tam-

1875 5420 1974 5472 etsi
2024 5420 2305 5479 Samaritae
2355 5433 2480 5484 sint.
2540 5436 2691 5498 Quod
2725 5442 2766 5493 si
2804 5445 2982 5500 nullus
3033 5448 3220 5500 borum
3269 5450 3420 5503 inve-

1875 5509 2087 5572 niatur,
2119 5516 2233 5580 ejus
2279 5522 2460 5585 pranlii
2509 5525 2820 5592 dominum,
2878 5538 2928 5586 in
2982 5552 3088 5603 quo
3135 5536 3420 5594 defunctus

1863 5600 2110 5665 agricola:
2160 5620 2354 5662 munus
2410 5616 2729 5682 exercebat,
2775 5623 2844 5675 ab
2885 5600 3009 5689 ipso
3044 5625 3224 5679 relicta
3279 5627 3419 5681 ferre

1863 5691 1971 5747 vult
2020 5695 2377 5759 perinissione
2427 5706 2682 5772 quadam,
2738 5720 2789 5764 et
2832 5714 2941 5768 iisci
2987 5714 3156 5770 vicem
3212 5717 3265 5772 in
3330 5723 3412 5777 his
