3998 6464
281 322 421 390 1353

1481 326 1730 389 EPIST.
1767 327 1868 387 DE
1899 327 2016 388 JEJ
2032 327 2268 388 UNIIS.

3327 339 3466 403 1354

274 435 497 505 λέγοντα
521 438 876 505 κρύπτεσθαι·
913 440 1005 492 καὶ
1037 441 1064 492 6
1097 439 1351 504 ἐκλεκτὸς
1395 442 1519 506 λαὸς
1562 442 1656 496 τοῦ
1687 443 1806 496 Θεοῐ

1937 446 2064 498 tatis
2097 447 2276 499 lumen
2301 445 2560 500 abscondi
2600 449 2702 502 sub
2743 448 3058 518 ignorantiae
3102 451 3467 514 .lenebris;et

275 526 574 596 ἑορταζέτω
603 528 723 579 ἀντὶ
760 528 857 597 τῆς
882 530 1262 600 Σκηνοπηγίας
1296 532 1395 601 τῆς
1427 535 1658 602 νομικῆς
1683 534 1821 587 κατά

270 617 369 684 τὴν
419 623 477 668 ιε’
529 615 621 667 τοῦ
663 617 888 686 ἑϐδόμου
933 620 1117 689 μηνὸς,
1170 620 1261 673 τοῦ
1282 621 1610 688 Αὐγούστου,
1659 624 1819 690 φημὶ,

271 707 366 774 τῆς
390 705 551 772 ’ἁγίας
590 706 851 759 Θεοτόκου
894 708 992 777 τὴν
1041 710 1308 779 Κοίμησιν
1339 747 1353 773 ,
1401 711 1580 773 καθὼς
1617 714 1646 763 ὀ
1691 713 1822 773 Θεὸς

271 797 566 859 διετάξατο.

338 886 406 939 κ’.
443 888 658 940 Τούτων
691 888 859 950 οὕτως
905 889 1154 956 ἐχόντων,
1209 890 1402 958 ῥητέον
1444 893 1535 944 καὶ
1564 892 1694 960 περὶ
1721 892 1820 960 τῆς

271 975 501 1043 νομικῆς
538 975 644 1026 τῶν
675 976 993 1042 Σαλπίγγων
1023 977 1220 1045 ἑορτῆς
1241 975 1293 1027 τί
1323 977 1632 1045 νενόμισται
1685 976 1819 1044 πρό-

269 1083 445 1132 τερον,
488 1066 581 1117 καὶ
605 1066 653 1116 τί
683 1065 992 1117 τετέλεσται
1018 1065 1290 1134 δεύτερον.
1335 1065 1396 1118 Ἦ
1423 1066 1530 1118 τῶν
1585 1065 1820 1131 Σαλπίγ-

271 1171 382 1220 γων
409 1157 713 1223 πανήγυρις
747 1156 1049 1222 ὲωρτάζετο
1084 1155 1182 1222 μὲν
1215 1156 1361 1225 παρά
1391 1158 1501 1218 τοῖς
1545 1155 1818 1218 Ἰουδαίοις

270 1245 398 1296 ποτὲ
419 1247 554 1296 κατά
576 1245 856 1315 διαφόρους
875 1245 1117 1314 καιροὺς,
1143 1245 1322 1307 καθὼς
1347 1248 1372 1296 ὁ
1388 1245 1516 1306 Θεὸς
1534 1244 1609 1314 τῷ
1633 1244 1819 1297 Maias!

269 1335 569 1404 διωρίσατο.
595 1339 858 1400 Ποίησον
888 1339 1012 1405 γὰρ,
1042 1338 1196 1406 φησὶ,
1221 1337 1452 1401 σεαυτῷ
1479 1336 1815 1406 σάλπιγγας

266 1425 480 1490 ἐλατὰς
530 1425 805 1494 ἀργυρᾶς·
860 1427 953 1480 καὶ
1003 1430 1309 1481 σαλπιεῆε
1365 1427 1435 1479 ἐν
1482 1429 1689 1493 αὐταῖς
1715 1427 1813 1480 ἐπὶ

267 1515 389 1578 τοῖς
440 1517 934 1585 ὁλοκαυτώμασιν
1002 1517 1187 1584 ὑμῶν,
1245 1518 1342 1570 καὶ
1405 1517 1533 1582 ταῖς
1577 1517 1814 1584 θυσίαις

263 1600 381 1652 τῶν
427 1604 730 1669 σωτηρίων
759 1602 944 1671 ὑμῶν·
980 1605 1109 1673 παρ’
1135 1605 1291 1674 ἡμῶν
1337 1607 1392 1657 δὲ
1424 1605 1572 1669 ἅπαξ
1602 1607 1670 1658 δι’
1691 1607 1812 1659 ὅλου

265 1694 697 1761 πανηγυρίζεται
757 1696 849 1746 τοῦ
909 1696 1177 1749 ἐνιαυτοῦ.
1245 1696 1541 1758 Βλέποντες
1567 1699 1808 1766 γὰρ,τὰς

263 1784 529 1846 ἐξαισίους
556 1784 919 1852 μαρμαρυγὰς
947 1785 1038 1836 τοῦ
1071 1785 1378 1852 λάμψαντος
1409 1787 1636 1855 ἀστέρος
1663 1791 1802 1854 φάτ-

263 1889 356 1937 νης
416 1873 626 1938 ἀλόγων
679 1872 1006 1942 ἐφύπερθεν,
1057 1875 1276 1927 καὶτοῦ
1333 1877 1530 1944 Κυρίου
1563 1878 1661 1947 τὴν
1689 1878 1812 1945 γέν.

260 1979 414 2029 νησιν
455 1961 880 2030 προμηνύοντος,
906 1963 1234 2030 πιστεύομεν
1277 1965 1490 2031 ἐκείνην
1521 1965 1618 2033 τὴν
1640 1967 1810 2035 ἀργυ-

264 2052 526 2120 ρόοτομον
583 2051 857 2118 σάλπιγγα
888 2053 1012 2121 περὶ
1055 2053 1220 2122 αὐτῆς
1249 2056 1348 2122 τῆς
1385 2056 1686 2124 γεννήσεως
1714 2054 1807 2108 τοῦ

259 2142 488 2208 Χριστοῦ
522 2142 793 2195 ποιεῖσθαι
823 2143 916 2203 τὰς
940 2144 1236 2203 διαλαλιά;·
1266 2144 1558 2198 κάντεῦθεν
1578 2148 1637 2197 τὸ
1659 2164 1811 2199 σκια-

264 2234 452 2300 μαχεῖν
497 2231 924 2300 βδελυττόμενοι,
963 2233 1373 2300 άγκαλιζόμεθα
1393 2234 1488 2302 τὴν
1517 2236 1799 2302 ἀλήθειαν.

258 2319 673 2388 Ἀστεροσκόποι
700 2321 792 2372 καὶ
827 2320 1009 2388 μάγοι,
1056 2320 1149 2372 καὶ
1179 2321 1377 2388 Μήδων
1435 2321 1689 2389 ἄρχοντες
1717 2321 1809 2372 καὶ

261 2409 426 2471 Σαϐᾶ,
483 2408 660 2459 πόσων
717 2407 1002 2475 ἀργυρέων
1078 2408 1391 2475 σαλπίγγων
1471 2411 1644 2475 φωναὶ
1709 2412 1808 2478 τὴν

259 2499 315 2564 ἐξ
342 2499 610 2550 ἀνατολῶν
635 2499 714 2560 είς
741 2498 838 2567 τὴν
877 2496 1122 2566 Βηθλεὲμ
1176 2498 1444 2568 ὑμετέραν
1495 2500 1809 2568 ἐσχεδίασαν

256 2588 474 2654 ipsius;
517 2587 610 2648 Τίς
642 2581 708 2658 ἦν
767 2589 967 2649 ἐκεῖνος
993 2588 1020 2637 ὁ
1050 2587 1315 2657 εὺρυὸόας
1377 2589 1469 2640 καὶ
1525 2589 1808 2657 Στεντορό-

256 2696 448 2744 φωνος,
473 2685 500 2730 ὁ
532 2678 796 2740 σαλπίσας
851 2678 950 2748 τὴν
1002 2678 1270 2746 ὑμετέραν
1312 2679 1643 2748 μετάκλησιν
1669 2695 1682 2743 ;
1714 2679 1808 2741 Τίς

254 2765 321 2838 ἧν
355 2771 556 2830 ἐκεῖνος
585 2773 612 2821 ὁ
644 2769 853 2838 λύχνος,
889 2772 915 2821 ὁ
945 2769 1041 2837 τὴν
1090 2771 1308 2838 χρονίαν
1325 2771 1627 2839 ἀποδημίαν
1657 2772 1808 2840 ὑμῶν

256 2860 610 2920 καταπαύσας
637 2861 716 2920 είς
747 2858 1048 2927 σπήλαιονς
1083 2860 1301 2921 Πάντως
1325 2861 1495 2928 ἐρεῖτε
1534 2863 1625 2913 καὶ
1647 2861 1806 2916 ἄκον-

251 2967 340 3011 τες
365 2951 569 3001 ἐκεῖνον
621 2944 760 3001 εἷναι
807 2949 898 3006 τὸν
929 2950 1136 3020 ἀστέρα
1169 2951 1261 3003 τὸν
1329 2953 1585 3020 παμφαῆ,
1630 2952 1721 3005 τὸν
1750 2953 1807 3005 ἐν

1921 539 2128 589 electus
2169 535 2259 590 Dei
2314 537 2541 606 populus
2575 538 2691 592 vice
2725 538 2912 609 legalis
2945 539 3292 610 Scenopegiae
3325 542 3467 594 cele-

1920 623 2041 677 bret
2094 623 2180 678 die
2237 626 2642 694 quintodeci’mo
2702 629 2913 696 septiml
2967 632 3166 686 mensis
3217 629 3464 698 Augusti,

1924 714 2166 782 inquam,
2217 724 2423 768 sancta:
2475 716 2718 785 Deiparte
2775 716 3252 781 Obdormitionem,
3300 719 3463 772 sicuti

1924 802 2061 856 Deus
2092 806 2362 872 praecepit.

1987 894 2076 947 20.
2109 893 2202 950 llis
2235 896 2307 948 ita
2332 910 2390 949 se
2425 897 2767 960 habentibus,
2800 898 3086 953 dicendum
3127 915 3338 969 quoque
3392 901 3458 957 de

1920 982 2072 1051 legali
2107 983 2379 1038 Tnbarum
2420 986 2575 1052 festo,
2613 986 2744 1055 quid
2783 987 2931 1052 prius
2961 991 3230 1043 sancitum
3275 990 3458 1057 fuerit,

1918 1083 1970 1126 et
2002 1075 2128 1140 quid
2158 1075 2487 1129 celebratum
2525 1078 2766 1130 secundo
2815 1078 2953 1131 loco.
2986 1079 3260 1133 Tubarum
3311 1082 3455 1137 cele-

1917 1164 2106 1225 britas,
2137 1179 2164 1215 a
2193 1163 2397 1220 Iudaeis
2460 1167 2819 1234 peragebatur
2871 1169 2998 1221 olim
3061 1171 3291 1224 diversis
3323 1180 3462 1226 tem-

1916 1251 2622 1319 poribus,quemadmodum
2645 1253 2782 1308 Deus
2809 1256 3262 1329 mandavitMnysi
3301 1277 3313 1310 :
3346 1258 3461 1313 Fac

1914 1339 2083 1402 enim,
2107 1339 2308 1406 inquit,
2335 1339 2428 1393 tibi
2459 1340 2612 1392 tubas
2655 1341 2874 1395 ductiles
2903 1354 3172 1410 argenteas
3191 1361 3210 1398 .·
3235 1356 3281 1397 et
3315 1346 3462 1397 clan-

1912 1431 2041 1499 getis
2073 1433 2125 1483 in
2151 1432 2276 1495 ipsis
2302 1446 2457 1496 super
2501 1433 2818 1485 holocaustis
2857 1435 3061 1499 vestris,
3086 1445 3129 1486 et
3179 1438 3459 1504 sacriﬁciis

1912 1521 2226 1573 salutarium
2251 1535 2534 1576 vestrorum
2577 1524 2620 1554 "
2701 1524 2854 1589 Apud
2911 1540 3008 1578 nos
3058 1536 3234 1580 autem
3287 1529 3457 1592 semel

1915 1627 2006 1678 per
2045 1619 2219 1666 totum
2250 1627 2448 1666 annum
2481 1614 2911 1668 concelebratur.
2966 1615 3210 1685 Namque.
3268 1616 3452 1671 intuiti

1912 1704 2137 1755 eximias
2161 1704 2564 1757 cornscationes
2597 1705 2782 1767 stulte,
2811 1721 2928 1771 quae
2977 1709 3226 1775 apparuit
3277 1724 3446 1776 supra

1913 1804 2150 1858 praesepe
2181 1791 2490 1843 animalium
2549 1798 2601 1842 et
2661 1795 2993 1846 nativitamm
3057 1794 3266 1847 Domini
3320 1811 3455 1862 prat-

1913 1879 2198 1942 nuntiavit,
2226 1880 2501 1933 credimus
2538 1881 2679 1932 illam
2732 1885 2968 1949 argentei
3020 1885 3130 1936 oris
3174 1886 3356 1936 tubam
3387 1885 3452 1939 de

1911 1969 2025 2035 ipsa
2051 1969 2255 2023 Christi
2288 1971 2571 2024 nativitate
2622 1986 2902 2027 sermones
2955 1974 3247 2041 evulgare:
3299 1977 3454 2029 inde:

1909 2075 2013 2126 que
2050 2061 2388 2114 umbratilem
2423 2077 2653 2130 pugnam
2695 2062 3007 2126 abominati,
3040 2068 3452 2132 comp'cctitnur

1909 2150 2212 2204 veritatem.
2256 2153 2542 2205 Astrorum
2573 2154 2916 2220 inspectores
2945 2162 2996 2205 et
3048 2157 3206 2223 magi,
3239 2163 3290 2206 et
3346 2155 3456 2209 Me-

1909 2239 2099 2290 dorum
2138 2240 2411 2309 principes
2437 2255 2498 2294 ac
2529 2239 2689 2302 Saba,
2724 2249 3042 2308 qunnlarnm
3077 2251 3453 2304 argentearunt

1912 2331 2162 2394 tubarum
2203 2346 2383 2394 voces,
2421 2342 2654 2384 vesuam
2683 2347 2746 2384 ex
2785 2330 3002 2384 Oriente
3048 2331 3100 2384 in
3145 2332 3453 2385 Bethlebem

1909 2422 2301 2488 profectionem
2374 2422 2766 2474 concitarunt?
2820 2422 2953 2485 Quis
3022 2433 3137 2476 erat
3189 2424 3278 2477 ille
3352 2425 3457 2476 late

1915 2513 2154 2565 clamans
2186 2523 2238 2565 et
2273 2511 2555 2565 Slenlorea
2591 2529 2720 2566 voce
2756 2514 3034 2581 praeditus,
3088 2516 3178 2583 qui
3215 2526 3454 2569 vestrum

1909 2604 2112 2656 clausit
2160 2603 2433 2655 accitum?
2481 2602 2762 2667 Quodnam
2829 2603 2957 2655 illnd
3021 2605 3244 2662 lumen.
3303 2603 3450 2672 quod

1909 2694 2220 2746 diuturnam
2255 2694 2746 2761 peregrinationem
2783 2702 3018 2746 vestram
3080 2694 3216 2746 stitit
3250 2694 3304 2746 in
3335 2708 3457 2761 spc-

1913 2781 2123 2833 lnucam
2149 2781 2171 2832 ?
2200 2781 2432 2833 Omnino
2453 2779 2848 2847 respondebitis
2878 2790 2926 2832 cl
2960 2778 3134 2840 inviti,
3168 2780 3306 2830 illam
3335 2793 3462 2833 esse.

1910 2870 2294 2924 lucidissimam
2347 2870 2584 2933 stellam,
2619 2886 2737 2937 qua:
2790 2870 2842 2922 in
2891 2867 3200 2922 Betbleliem
3262 2878 3454 2923 exorta

1910 2969 2016 3020 cst.
2052 2971 2104 3012 ct
2133 2960 2280 3013 stetit
2334 2974 2498 3026 supra
2551 2973 2808 3026 prtrsepe,
2865 2959 2919 3011 in
2969 2972 3076 3026 quo
3130 2965 3452 3011 cunctorum

254 3043 500 3111 Βηθλεὲμ
561 3041 935 3104 άνατείλαντα,
994 3041 1223 3110 καὶτῆς
1278 3043 1482 3111 φάτνης
1515 3041 1797 3112 ἱστάμενον

1913 3050 2022 3104 [lex
2062 3060 2115 3104 et
2161 3051 2422 3104 Conditor
2485 3051 2537 3103 in
2583 3057 2724 3101 statu
2775 3048 3013 3102 infantiae
3078 3049 3450 3106 recumbebat.

253 3133 475 3192 ἄνωθεν,
519 3132 598 3192 είς
637 3131 701 3200 ἢν
729 3132 754 3182 ὀ
783 3131 1001 3183 πάντων
1057 3130 1305 3199 βασιλεὺς
1333 3133 1428 3184 καὶ
1479 3134 1805 3203 δημιουργὸς

255 3223 390 3288 μετὰ
455 3220 718 3289 βρεφικῆς
769 3221 1012 3272 ἀνέκειτο
1061 3222 1464 3283 καταστάσεως.
1504 3223 1691 3291 Ὑμεῖς
1723 3225 1802 3290 δὲ,

1909 3140 2012 3193 Vos
2041 3149 2216 3192 autem
2250 3150 2493 3205 pastores
2516 3148 2567 3191 et
2599 3138 2821 3190 bubulci
2872 3139 3086 3205 quales,
3115 3149 3452 3204 quantasque

1903 3232 2062 3285 tubas
2106 3231 2381 3294 audiistis,
2442 3239 2498 3282 ut
2552 3229 2772 3281 milium
2834 3243 3018 3280 curant
3077 3228 3446 3297 negligeretis.

251 3311 508 3380 ποιμένες
552 3311 644 3361 καὶ
679 3310 939 3378 βουκόλοι,
977 3309 1145 3361 ποίων
1197 3312 1292 3363 καὶ
1346 3311 1526 3363 πόσων
1571 3310 1803 3379 σαλπίγ-

1909 3337 1963 3374 ac
1984 3322 2243 3375 veniretis
2270 3320 2334 3372 ad
2369 3335 2603 3388 praesepe
2632 3325 2683 3369 et
2714 3319 3063 3385 speluncam?
3091 3319 3258 3371 Aictis
3291 3321 3450 3387 plano

249 3421 360 3469 γων
385 3402 682 3469 ﬁxo-iocre;
738 3401 830 3452 καὶ
863 3402 958 3468 τὴν
1005 3401 1112 3452 τῶν
1171 3400 1432 3468 ποιμνίων
1472 3402 1800 3469 κηδεμονίαν

1909 3427 1930 3464 a
1961 3412 2111 3465 vobis
2142 3412 2285 3464 visos
2327 3410 2544 3478 angelos
2580 3411 2631 3461 in
2688 3408 3000 3462 Betlilelicm
3061 3409 3352 3477 prolectas,
3392 3418 3449 3462 et

251 3491 704 3561 παρελογίσασθε,
734 3492 824 3542 καὶ
858 3492 934 3551 είς
964 3491 1172 3558 φάτνην
1197 3491 1290 3542 καὶ
1325 3480 1584 3559 σπήλαιον
1607 3492 1798 3560 ἥκατε.

263 3581 466 3651 Ἐρεῖτε
496 3581 708 3642 πάντως
735 3580 994 3647 ἀγγέλους
1025 3579 1152 3631 ἰδεῖν
1185 3580 1261 3642 είς
1290 3578 1533 3647 Βηθλεὲμ
1568 3582 1802 3634 καταλύ-

251 3689 469 3736 σαντας,
503 3673 597 3724 καὶ
625 3670 1095 3741 πτερυσσομένους
1129 3671 1258 3739 περὶ
1287 3670 1345 3721 τὸ
1393 3671 1673 3739 σπήλαιον,
1710 3675 1803 3724 καὶ

248 3762 550 3831 διαπρυσίῳ
585 3767 731 3828 φωνῇ
759 3759 1112 3824 σαλπίζοντάς
1162 3777 1218 3811 τε
1239 3761 1329 3813 καὶ
1354 3761 1629 3829 λέγοντας·
1650 3762 1803 3825 Δόξα

246 3855 317 3907 ἐν
341 3855 622 3921 ὑψίστοις
652 3850 792 3916 Θεῷ,
831 3850 928 3903 καὶ
957 3849 1057 3903 ἐπὶ
1084 3849 1196 3918 γῆς
1238 3848 1468 3916 εἰρήνη,
1492 3850 1561 3902 ὲν
1584 3851 1802 3923 ἀνθρὼ-

252 3961 384 4010 ποις
416 3944 674 3998 εὐδοκία.

318 4035 426 4089 κα⁹.
472 4036 687 4104 Ὁρᾶτε,
734 4035 894 4087 τέκνα
951 4037 1007 4086 ὲν
1058 4034 1244 4103 Κυρίῳ
1277 4033 1559 4102 ἀγαπητά,
1595 4033 1710 4096 πῶς
1742 4034 1800 4101 ἐξ

1903 3503 2047 3555 circa
2105 3501 2418 3568 speluncam
2475 3499 2736 3549 alacriter
2812 3498 3142 3558 volitantes,
3207 3511 3450 3563 voceque

1904 3594 2048 3646 clara
2080 3592 2392 3657 clangentes
2421 3597 2474 3642 et
2503 3588 2743 3641 dicentes
2774 3604 2787 3639 :
2850 3586 3032 3640 Gloria
3080 3587 3131 3638 iu
3173 3587 3448 3640 altissimis

1908 3682 2032 3746 Deo,
2073 3692 2120 3734 et
2169 3682 2222 3733 in
2271 3691 2410 3734 terra
2459 3694 2585 3747 pax,
2638 3679 2692 3730 in
2739 3677 3029 3731 hominibus
3080 3676 3214 3730 bona
3265 3675 3448 3730 uoluu-

1902 3783 1980 3826 tas
2009 3773 2075 3825 “.

1971 4037 2062 4088 2t.
2102 4034 2328 4096 Videtis,
2362 4034 2454 4087 lilii
2485 4035 2538 4087 in
2581 4034 2806 4087 Domino
2837 4033 3042 4097 dilecti,
3085 4031 3360 4100 quomodo
3382 4047 3446 4086 ex

247 4128 492 4197 ὶναργῶν
535 4125 856 4189 ἀποδείξεων
910 4125 1002 4176 καὶ
1060 4123 1452 4192 λαμπροτέρων
1496 4122 1588 4174 τοῦ
1650 4123 1798 4192 ἡλίου

1909 4124 2240 4181 evidentibus
2261 4124 2840 4185 demonstrationiluts,
2865 4122 3086 4191 ipsoque
3116 4121 3226 4175 sole
3244 4121 3446 4174 clario-

249 4221 415 4272 αὐτοῦ
466 4221 588 4280 τοὺς
652 4218 898 4278 εὐσεϐεῖς
950 4215 1476 4284 ὲπληροφορήσαμεν
1510 4217 1607 4275 τὰς
1637 4213 1798 4265 πέντε

245 4311 338 4364 τοῦ
370 4310 691 4380 γράμματος
709 4308 898 4378 ὲορτάς
922 4308 1133 4367 εἰκόνας
1155 4302 1290 4357 εἶναι
1321 4305 1411 4356 καὶ
1433 4306 1674 4374 μήνυτρα
1687 4305 1796 4356 τῶν

1911 4214 2084 4280 ribus,
2115 4214 2391 4284 piislplene
2416 4213 2808 4281 persuasimus,
2835 4212 3074 4279 quinque
3103 4212 3292 4264 litterze
3312 4210 3446 4264 festa

1905 4304 2167 4374 imagines
2199 4318 2319 4357 esse
2349 4311 2509 4370 atque
2537 4302 2738 4355 indicia
2764 4301 3170 4369 splendidarum
3217 4300 3449 4354 celebri—

245 4401 375 4470 παρ’
402 4402 555 4470 ἡμῶν
577 4400 908 4467 τελουμένων
942 4402 1032 4451 καὶ
1053 4399 1318 4468 ῥηθεισών
1343 4399 1499 4449 πέντε
1526 4398 1792 4467 λαμπρῶν

1909 4404 2065 4446 .atum
2097 4407 2216 4462 quae
2250 4406 2278 4445 a
2318 4393 2475 4445 nobis
2515 4400 2841 4458 peraguntur
2881 4402 2935 4443 et
2980 4389 3049 4444 de
3104 4389 3306 4458 quibus
3356 4389 3435 4441 lo-

247 4495 625 4562 πανηγύρεων.
679 4493 768 4559 Μὴ
791 4491 969 4543 τοίνυν
1008 4489 1415 4560 ἀντιφερόμενοι
1447 4490 1631 4555 λέγετε
1663 4491 1804 4542 κατά

243 4589 366 4647 τοὺς
389 4583 632 4644 πολλούς·
670 4585 805 4635 Ὀσα
830 4587 855 4635 ὁ
889 4582 1065 4649 Νόμος
1090 4581 1258 4642 λαλεῖ,
1297 4581 1408 4641 τοῖς
1443 4581 1500 4630 ὲν
1530 4579 1608 4641 τῷ
1637 4581 1802 4648 Νόμῳ

243 4675 432 4726 λαλεῖ·
466 4675 622 4741 ἡμεῖς
644 4673 696 4724 δὲ
742 4673 876 4742 μόνῃ
928 4670 1105 4721 πίστει
1159 4668 1462 4734 σωζόμεθα.
1511 4667 1802 4720 Ἀκούσατε

247 4763 340 4816 τοῦ
388 4765 618 4830 μεγάλου
652 4762 864 4815 Παύλου
895 4762 1251 4820 διδάσκοντος·
1282 4758 1494 4826 Οὐχὶοί
1517 4759 1802 4824 ἀκροαταὶ

244 4849 352 4902 τοῦ
393 4851 613 4916 Νόμου,
650 4849 866 4902 δίκαιοι
899 4845 1057 4914 παρά
1116 4847 1194 4910 τῷ
1221 4845 1360 4908 Θεῷ·
1390 4846 1527 4898 ἀλλ’
1551 4849 1602 4898 ol
1633 4862 1800 4911 ποιη-

244 4941 338 4993 ταὶ
369 4940 472 4991 τοῦ
500 4940 700 5007 Νόμου
719 4937 1236 5001 δικαιωθήσονται.
1258 4937 1324 4989 Ἦ
1358 4935 1664 4988 Ἰουδαίων
1689 4939 1800 5002 μόο

244 5047 367 5083 νων
399 5032 429 5081 d
487 5032 666 5093 Θεός;
725 5027 868 5094 Οὐχὶ
930 5026 992 5076 δὲ
1023 5026 1119 5077 καὶ
1154 5023 1385 5088 ἐθνῶν;
1430 5025 1540 5076 Ναὶ
1589 5024 1656 5077 δὲ
1704 5026 1799 5078 καὶ

245 5119 457 5174 ἐθνῶν.
493 5119 761 5181 Ὡσαύτως
794 5117 885 5170 καὶ
935 5118 1026 5168 τοῦ
1064 5116 1267 5185 Κυρίου
1335 5116 1801 5184 παραγγέλλοντος

245 5211 320 5278 τῷ
354 5211 457 5262 ὑπὸ
479 5211 666 5262 τούτου
703 5208 1088 5279 θεραπευθέντι
1111 5206 1314 5276 λεπρῷ·
1354 5209 1667 5274 Πορευοεὶς
1688 5207 1800 5259 δεῖ·

245 5301 356 5364 εον
376 5301 635 5353 σεαυτὸν
662 5297 740 5363 τῷ
774 5297 1052 5366 ἀρχιερεῖ,
1079 5299 1174 5351 καὶ
1200 5296 1563 5365 προσένεγκε
1594 5298 1658 5349 τὸ
1687 5295 1796 5348 δῶ-

237 5409 351 5458 ρον
380 5391 409 5444 ὃ
437 5390 769 5457 προσέταξε
803 5388 1043 5456 Μωσῆς,
1085 5391 1172 5453 είς
1190 5389 1531 5457 μαρτύριον·
1582 5387 1672 5438 καὶ
1700 5389 1802 5438 πά-

1904 4485 2012 4538 cuti
2038 4497 2246 4536 smnus.
2271 4479 2347 4535 Ne
2390 4481 2553 4549 igitur
2582 4487 2948 4548 repugnantes
3005 4477 3256 4532 dixeritis
3296 4476 3441 4545 quod

1905 4574 2055 4627 multi
2085 4573 2295 4625 solent:
2332 4570 2678 4638 Quaecunque
2707 4570 2791 4621 lex
2832 4568 3099 4636 loquitur,
3163 4567 3227 4620 iis
3263 4567 3356 4635 qui
3389 4566 3446 4620 iu

1904 4667 2019 4734 lege
2046 4673 2173 4718 sunt
2227 4665 2471 4730 loquitur
2500 4665 2542 4694 "
2575 4679 2589 4727 ;
2635 4676 2733 4715 nos
2770 4669 2950 4714 autem
3005 4661 3117 4713 sola
3160 4659 3260 4712 lide
3298 4659 3448 4712 salu-

1903 4765 2007 4810 tem
2037 4755 2442 4822 consequimur.
2468 4754 2663 4805 Andite
2691 4766 2944 4819 magnum
2980 4749 3205 4802 Paulum
3243 4750 3446 4801 docen-

1902 4855 2005 4899 tem
2029 4864 2042 4898 :
2066 4843 2186 4896 Non
2217 4844 2481 4896 auditores
2505 4842 2630 4910 legis
2656 4842 2790 4906 justi
2829 4849 2947 4892 sunt
2971 4843 3108 4907 apud
3135 4836 3445 4901 Deum;sed

1899 4937 2120 5004 factores
2155 4935 2276 5000 legis
2296 4933 2750 5000 justiﬁcabuntur.
2780 4932 2857 4982 An
2880 4928 3191 4982 Judaorum
3217 4929 3447 4980 solorum

1905 5028 2085 5080 Deus?
2148 5024 2333 5077 Nonne
2373 5035 2419 5076 et
2476 5024 2747 5090 gentium?
2825 5019 2940 5073 Ima
2990 5031 3038 5072 et
3106 5019 3332 5088 gentium
3378 5017 3446 5068 ".

1903 5117 2074 5170 Simili
2105 5115 2262 5169 modo
2291 5121 2344 5167 et
2387 5113 2673 5166 Dominum
2709 5113 2920 5175 leproso
2957 5123 3118 5176 quem
3151 5113 3446 5159 curaverat

1905 5205 2341 5273 praecipientem:
2409 5200 2610 5254 Vadens
2662 5203 2870 5252 ostende
2935 5208 2983 5251 te
3038 5196 3319 5264 pontiﬁci.
3393 5201 3445 5245 et

1900 5299 2028 5366 offer
2063 5311 2250 5348 munus
2281 5294 2417 5361 quod
2435 5293 2671 5358 prwrepit
2694 5291 2895 5359 Moyses
2921 5291 2973 5341 iu
2995 5291 3347 5341 testimonium
3378 5285 3446 5337 ".

1904 5384 1965 5435 Et
1997 5384 2188 5434 iterum
2224 5397 2237 5432 :
2273 5378 2570 5431 Ameudico
2603 5379 2771 5436 vobis.
2826 5377 2936 5429 iota
2972 5390 3155 5433 unum,
3181 5383 3270 5425 aut
3309 5386 3445 5423 unus

247 5488 346 5538 ὶιν·
383 5486 564 5551 Ἀμὴν
588 5483 740 5551 λέγω
778 5482 917 5551 ὑμῖν
953 5481 1042 5533 ὅτι
1071 5481 1206 5534 ιὼτα
1230 5478 1298 5530 ἒν
1347 5478 1384 5544 ἢ
1437 5480 1544 5546 μία
1596 5479 1801 5545 κεραιά

1909 5489 2036 5542 apex
2089 5488 2188 5525 nou
2220 5470 2501 5538 pra'teribit
2532 5486 2562 5520 a
2594 5468 2723 5538 lege.
2753 5467 2913 5519 donec
2942 5467 3116 5519 omnia
3143 5465 3249 5517 Ιιιεο
3293 5462 3445 5530 ﬁant.

333 5619 376 5648 "
409 5617 565 5670 Num.
603 5635 654 5681 ιι,
686 5617 846 5679 2,10.
927 5619 971 5646 “
997 5614 1127 5669 Luc.
1168 5614 1356 5676 3:1,”.
1435 5613 1478 5643 ⁸⁸
1517 5611 1674 5664 Rom.
1709 5626 1788 5675 Ill,

1909 5649 1913 5661 .
1992 5610 2033 5639 "
2067 5606 2223 5661 Rom.
2261 5622 2318 5667 ιι,
2355 5606 2460 5669 125;
2498 5605 2656 5658 llom.
2689 5603 2878 5666 ut,°}.9.
2951 5603 2990 5630 ’τ
3016 5599 3199 5651 Matth.
3235 5614 3350 5660 vm,
3379 5598 3452 5662 ις

245 5690 406 5744 Matr.
440 5706 476 5752 ι,
518 5688 599 5740 44.
1323 5748 1455 5752 _____

625 5761 866 5815 l’M‘nnL
927 5755 1045 5810 Gtt.
1082 5748 1482 5812 CXXXVI”.
2915 5740 2988 5797 43
