3998 6442
198 328 336 391 1357

1426 332 1670 390 EPlS'l‘.
1695 331 1789 389 DE
1828 325 2199 389 JEJUNIIS.

3273 345 3410 410 1358

267 451 363 505 κδ’.
395 451 458 504 Ol
480 450 534 503 δὲ
559 450 762 503 τούτων
797 447 1094 517 σοφώτεροι
1142 447 1235 498 καὶ
1267 447 1400 512 πρὸς
1457 446 1552 514 τὴν
1595 462 1748 496 συνι-

1923 443 2012 496 ἓί.
2049 445 2219 499 Petro
2251 446 2417 514 quies
2447 447 2551 503 illis
2579 451 2936 520 sapientiores
2970 467 3117 518 sunt,
3153 469 3407 530 tanquam

188 542 355 602 δικῶς
393 540 821 611 ἐγχαραχοεῖσαν
851 539 1144 608 ἀπόκρισιν
1175 537 1317 590 κατὰ
1378 537 1475 605 τὴν
1551 538 1758 603 ἐφημε-

193 634 320 702 ρίαν
346 632 440 684 τοῦ
469 633 777 699 ἁγιωτάτου
808 631 1018 682 ἐκείνου
1055 629 1395 697 πατριάρχου
1449 624 1617 694 κυροῦ
1650 625 1758 676 ’Νιοε

190 723 418 785 κολάου,
466 722 560 774 καὶ
610 720 1107 788 διαλαμϐάνουσαν,
1160 718 1235 781 ὡς
1278 716 1606 784 διείληπται,
1652 731 1749 783 με·

188 812 485 877 τατεοῆναι
515 810 615 880 τὴν
652 808 904 875 νηστείαν
945 807 1040 860 τοῦ
1100 805 1407 872 Αὐγούστου
1463 804 1650 873 μηνὸς,
1683 803 1758 862 ὡς

195 905 277 963 εἰς
349 902 407 952 τὸ
470 899 852 969 κρησφύγετον
926 895 1372 963 καταφεύγουσι,
1441 896 1536 946 καὶ
1601 893 1754 945 ἀδια-

193 994 414 1061 κρίτους
462 989 802 1044 ἀποκαλοῦσι
835 989 927 1040 καὶ
957 988 1321 1055 νηπιόφρονας
1381 987 1505 1048 τοὺς
1535 984 1758 1051 νηστεύ-

189 1102 375 1144 οντας.
409 1085 469 1135 El.
505 1082 561 1135 δέ
600 1099 682 1143 τις
723 1079 1062 1148 ὲπιστομίσει
1109 1078 1330 1139 τούτους
1355 1118 1369 1141 ,
1424 1077 1616 1140 είπὼν,
1670 1076 1756 1126 Ἑν

193 1177 362 1227 παντὶ
397 1173 572 1242 καιρῷ
607 1173 668 1223 τὸ
701 1173 798 1240 τῆς
821 1172 1072 1238 νηστείας
1101 1169 1369 1238 ὴνέῳκται
1403 1166 1636 1228 στάδιον,
1665 1166 1756 1217 καὶ

187 1266 252 1319 τὸ
278 1267 340 1318 ὲκ
377 1265 580 1332 ταύτης
615 1263 861 1333 βραϐεῖον
887 1262 948 1313 ού
976 1258 1323 1329 μεσιτεύεται
1349 1274 1363 1289 ο
1400 1255 1592 1309 Ἀπιθι
1623 1255 1756 1324 πρὸς

189 1357 316 1416 τοὺς
364 1354 702 1416 πωλοῦντας,
734 1353 886 1420 φασὶ,
916 1352 984 1404 τὰ
1006 1351 1071 1403 ὲκ
1103 1348 1417 1420 βουκολίων,
1475 1350 1567 1399 καὶ
1637 1363 1758 1398 ποι-

191 1449 388 1515 μνίων,
464 1449 559 1499 καὶ
602 1446 884 1507 πετεινῶν,
940 1445 1034 1497 καὶ
1116 1443 1479 1509 κατανοήσεις
1545 1438 1755 1492 ἐκεῖθεν

187 1539 397 1605 ταύτης
426 1539 523 1607 τῆς
560 1538 819 1604 νηστείας
863 1537 923 1588 τὸ
969 1534 1332 1601 ἀποτέλεσμα.
1373 1533 1433 1584 Ei
1494 1532 1591 1599 μὶν
1649 1530 1754 1600 γὰρ

186 1629 534 1698 ἀπρακτοῢσι
584 1632 653 1680 τα
708 1627 855 1695 παρὰ
926 1627 1129 1678 τούτων
1195 1625 1447 1694 διδόμενα
1516 1624 1610 1676 καὶ
1659 1623 1754 1673 ἀν-

187 1719 516 1789 τιδιδόμενα,
548 1719 797 1788 νηστείας
827 1720 945 1770 ἐστὶ
978 1717 1170 1788 καιρός
1196 1733 1209 1746 ·
1247 1720 1294 1768 εί
1327 1715 1382 1769 δὲ
1424 1715 1492 1767 τὰ
1526 1715 1750 1782 κρέατος

1861 531 1924 582 ad
1955 533 2190 598 praesidii
2245 534 2504 588 latebram
2555 537 2875 607 confugiunt
2911 543 2975 596 ad
3006 547 3408 614 responsionem

1861 621 2118 688 synodica
2172 635 2448 675 (‘lalalam
2488 637 2730 696 tempore
2762 630 3092 686 sanctissimi
3145 634 3286 690 illius
3315 651 3412 706 pa-

1860 710 2107 764 triarcha:
2149 712 2352 765 domini
2381 712 2585 768 Nicolai
2610 756 2624 781 ,
2657 731 2775 784 quas
2819 718 2994 782 docet,
3024 723 3165 776 sicut
3194 726 3407 791 exposi-

1859 807 1972 854 tum
2009 802 2120 870 jam
2177 802 2296 868 fuit,
2325 804 2639 858 translatum
2672 807 2838 862 fuisse
2866 811 3133 879 jejunium
3180 814 3410 886 Augusti

1861 893 2102 958 mensis;
2136 903 2298 962 atque
2344 895 2687 950 discernendi
2736 900 3021 967 imperitos
3078 912 3131 958 et
3185 906 3406 972 puerilia

1859 981 2155 1036 sentientes
2199 993 2394 1038 vocant
2435 1001 2528 1040 eos
2575 988 2668 1054 qui
2697 987 2964 1056 jejunant.
3015 991 3166 1056 Quod
3203 995 3249 1049 si
3283 995 3410 1064 quis

1856 1084 1918 1122 os
1970 1071 2074 1124 illis
2119 1072 2471 1139 obturaverit,
2500 1075 2706 1137 dicens.
2763 1080 2818 1132 in
2860 1081 3007 1135 omni
3042 1091 3287 1152 tempore
3327 1083 3411 1152 je-

1857 1157 1991 1226 junii
2038 1159 2272 1214 stadium
2313 1173 2518 1231 patere,
2572 1181 2633 1220 ac
2675 1169 2952 1236 praemium
3005 1171 3052 1224 ei
3084 1172 3408 1227 destinatum

1858 1249 2200 1303 medietatem
2238 1254 2714 1331 exceptionemque
2780 1273 2883 1311 non
2925 1261 3254 1317 admittere:
3287 1263 3406 1329 Abi,

1859 1341 2206 1407 respondent,
2252 1342 2317 1395 ad
2366 1356 2461 1396 eos
2485 1344 2578 1412 qui
2604 1359 2797 1401 carnes
2842 1346 3077 1403 bubulas
3122 1358 3176 1404 et
3219 1355 3408 1405 ovluas

1856 1443 2091 1499 avesque
2136 1432 2391 1495 vendunt,
2432 1434 2664 1502 hincque
2710 1450 2973 1504 agnosces
3018 1439 3181 1508 hujus
3211 1438 3408 1510 jejuni!

1855 1521 2328 1588 complementum.
2376 1521 2508 1574 Nam
2562 1524 2606 1576 si
2656 1521 2921 1579 feriantur
2966 1541 3085 1594 quae
3121 1541 3215 1596 per
3262 1527 3410 1597 ipsos

1855 1605 2057 1660 dantur
2102 1617 2158 1662 et
2197 1609 2563 1676 accipiuntur,
2591 1603 2784 1678 jejunii
2819 1619 3028 1680 tempus
3061 1621 3163 1666 est.
3189 1611 3286 1669 Sin
3316 1629 3413 1670 au-

1857 1701 1964 1749 tem
1993 1710 2187 1750 carnes
2217 1698 2452 1759 venales,
2484 1712 2580 1765 pro
2609 1713 2756 1753 more
2791 1700 2856 1752 ad
2881 1713 3103 1753 censum
3122 1709 3409 1766 vocantur,

188 1808 324 1862 (υνια
382 1810 625 1878 συνήθως
668 1808 1165 1875 κατακηνσεύονται
1216 1806 1289 1876 μὴ
1327 1803 1750 1871 κατακιὸδήλευε

1859 1785 1967 1837 noli
2013 1786 2309 1853 depravare
2331 1788 2718 1854 celebritatem,
2777 1803 2878 1843 nec
2927 1791 3098 1845 solam
3139 1791 3208 1845 ob
3245 1791 3414 1862 hypo—

187 1902 288 1968 τὴν
348 1902 684 1969 πανήγυριν,
753 1898 885 1968 μηδὲ
952 1898 1039 1949 διὰ
1096 1898 1262 1965 μόνην
1322 1895 1606 1964 ὑπόκρισιν
1661 1894 1758 1953 τὰς

189 1990 292 2059 ήδη
334 1990 673 2058 σχολασάσας
703 1989 811 2040 τῶν
857 1986 1124 2040 Ἰουδαίων
1154 1985 1403 2053 νηστείας
1442 1983 1758 2051 ἐπισφαλῶς

188 2079 525 2141 ἀνακαίνιζε.
581 2079 671 2146 Μὴ
701 2077 851 2144 γοῦν,
911 2077 1049 2131 κατὰ
1098 2077 1322 2139 τούτους
1357 2077 1652 2146 προφάσεις
1700 2075 1758 2125 ὲν

187 2171 482 2239 ἁμαρτίαις
528 2170 1008 2238 προφασιζόμενοι,
1046 2169 1153 2221 τῶν
1194 2168 1459 2236 ρηθεισῶν
1495 2167 1756 2235 νηστειῶν

185 2263 574 2331 ἀχρειὼσωμεν
602 2263 700 2328 τὴν
731 2261 1036 2329 σεμνότητα
1063 2276 1074 2288 '
1124 2262 1255 2330 μηδὲ
1281 2260 1421 2312 κατὰ
1449 2260 1538 2312 τὸν
1574 2258 1756 2310 δοῦλον

181 2355 389 2406 ἐκεῖνον
414 2355 502 2406 τὸν
530 2356 896 2423 περιπόνηρον
925 2355 986 2406 τὸ
1023 2355 1122 2421 τῆς
1150 2355 1398 2422 νηστείας
1433 2351 1757 2405 ὀλϐιώτατον

180 2446 442 2500 τάλαντον
511 2450 591 2509 είς
667 2448 771 2514 γῆν
853 2446 1296 2515 γαστριμαργίας
1366 2446 1457 2498 καὶ
1506 2441 1755 2510 ἀπογνώ-

182 2554 320 2598 σεως
345 2538 780 2607 καταχώσωμεν·
821 2538 956 2606 μηδὲ
982 2540 1225 2603 εἴπωμεν
1260 2540 1392 2605 πρὸς
1425 2537 1515 2589 τὸν
1555 2537 1752 2589 Δεσπό-

184 2645 280 2694 την
326 2628 419 2678 καὶ
471 2625 602 2678 Θεὸν
657 2628 812 2696 ήμῶν
849 2643 863 2657 ⁸
923 2626 1118 2695 Ἔχεις
1166 2627 1233 2679 τὸ
1283 2628 1442 2679 σόνο
1497 2627 1745 2694 νηστείαν

182 2721 290 2788 γὰρ
332 2719 732 2789 ἐνηστεύσαμεν
769 2718 1361 2788 τεσσαρακονθήμερον,
1396 2719 1460 2788 ἢν
1521 2719 1612 2770 καὶ
1651 2718 1746 2768 αὺ-

176 2810 270 2872 τδς
312 2811 645 2878 ἑνήστευσας
686 2811 762 2873 ὡς
804 2811 1154 2879 Θεάνθρωπος
1185 2827 1198 2839 ·
1229 2810 1363 2862 ἀλλὰ
1430 2809 1575 2861 κατὰ
1654 2811 1747 2860 τὸν

175 2903 362 2954 δοῦλον
387 2904 476 2953 τὸν
515 2903 719 2969 ἀγαθὸν
752 2902 1347 2970 πολλαπλασιάσωμεν,
1378 2902 1464 2954 διὰ
1490 2900 1743 2969 νηστείας

177 2992 272 3044 καὶ
302 2993 604 3060 προσευχῆς
644 2991 744 3059 τὴν
780 2993 1052 3061 ἐμπορίαν
1098 2991 1196 3058 τῆς
1245 2991 1515 3057 σωτηρίας
1551 3005 1732 3057 πραγ-

181 3083 562 3151 ματευόμενοι.

255 3176 349 3223 κε’.
391 3171 515 3221 Ὅτι
545 3169 601 3220 δὲ
633 3169 730 3229 τὰς
758 3168 929 3229 Θείας,
956 3170 1052 3220 καὶ
1113 3169 1291 3231 ἁγίοις
1345 3167 1663 3230 ἀποστόλοις
1691 3169 1747 3220 ἐν

180 3262 258 3333 τῷ
291 3260 364 3325 ξο’
399 3262 583 3314 κανόνι
661 3260 1104 3330 νενομοθέτηται,
1160 3262 1259 3323 τὰς
1306 3261 1746 3329 παραδεδομένας

180 3354 460 3424 νηστείας,
500 3353 588 3405 διὰ
622 3354 951 3420 σωματικὴν
984 3353 1272 3406 ἀσθένειαν
1337 3352 1697 3405 καταλύεσθαι
1734 3367 1747 3381 ·

181 3442 293 3498 εἷεν
322 3444 376 3496 δὲ
397 3442 632 3499 αὗταιαί
659 3446 752 3496 τοῦ
785 3445 906 3496 ὅλου
940 3445 1135 3513 χρόνου
1194 3445 1463 3512 Τετράδες
1517 3447 1609 3496 καὶ
1645 3446 1752 3495 Πα-

186 3534 454 3603 ρασκευαί
481 3547 494 3562 ·
535 3533 940 3603 παρεγγυῶμαι
966 3534 1114 3600 ὑμῖν,
1159 3532 1264 3600 πρὸ
1308 3532 1404 3599 μὲν
1459 3530 1748 3597 ἑπταήμεσ

185 3626 297 3694 ρῶν
323 3625 560 3695 ἑκάστης
601 3625 708 3677 τῶν
743 3623 1020 3696 ρηοεισῶν
1045 3623 1276 3692 ἑορτῶν,
1309 3622 1368 3684 ἐξ
1440 3621 1752 3688 ἀπαραιτή-

181 3732 276 3768 του
310 3716 593 3785 νηστεύειν
626 3718 721 3768 καὶ
761 3713 1218 3783 ἐγκρατεύεσοαι,
1259 3712 1436 3772 καθὼς
1489 3713 1749 3762 καὶκατὰ

179 3806 280 3876 τὴν
341 3807 436 3858 τοῦ
479 3806 716 3873 μεγάλου
772 3804 1174 3872 Θεοπαραδότου
1242 3801 1752 3870 τεσσαρακονθημέ·

181 3915 299 3966 ρου,
353 3898 446 3948 καὶ
481 3897 554 3966 μὴ
577 3894 869 3948 καταλύειν
909 3895 1064 3956 ὅλως,
1124 3893 1212 3945 διὰ
1254 3910 1374 3947 τινα
1431 3893 1748 3961 περίστασιν

181 3989 432 4057 σώματος
464 4005 478 4020 ο
505 3991 561 4041 ὲν
592 3987 648 4040 δὲ
676 3989 794 4049 ταῖς
823 3986 1036 4047 λοιπαῖς
1062 3986 1348 4055 νηστίμοις
1393 3986 1649 4052 ἡμέραις,
1676 3985 1748 4043 ὼς

178 4083 419 4150 εἴρηται,
471 4079 562 4132 δύο
621 4079 889 4149 λαμπρῶν
955 4077 1340 4145 πανηγύρεων,
1403 4075 1511 4127 τῶν
1578 4075 1749 4140 ἁγίων

191 4173 553 4236 ’Λποστόλων,
597 4173 761 4241 φημὶ,
804 4171 901 4223 καὶ
931 4173 1037 4222 τῶν
1067 4168 1363 4220 Γενεθλίων
1383 4166 1477 4219 τοῦ
1507 4166 1746 4236 Χριστοῦ

180 4262 273 4313 καὶ
299 4261 455 4322 Θεοῦ,
482 4263 602 4322 ταῖς
633 4261 741 4327 πρὸ
767 4259 870 4311 τῶν
891 4259 1290 4327 ἐπτὰιήμερῶν
1354 4258 1456 4324 τῆς
1505 4259 1746 4325 ἀπαραι-

179 4356 342 4421 τήτου
377 4352 630 4420 νηστείας
661 4351 1149 4419 παραδεδομέναις,
1199 4350 1273 4412 ὠς
1312 4350 1547 4418 εἴρηται,
1578 4350 1625 4399 εί
1648 4365 1745 4400 κα-

1855 1874 2066 1935 crisim,
2098 1877 2205 1943 jam
2238 1879 2405 1933 desita
2426 1877 2738 1934 Iudaeorum
2764 1880 2970 1949 jejunia
3003 1897 3264 1938 renovare
3283 1898 3406 1938 cum

1857 1964 2122 2030 periculo.
2179 1966 2258 2020 Ne
2302 1968 2466 2036 igitur
2531 1985 2718 2024 eormn
2777 1972 3023 2039 exemplo
3080 1982 3409 2030 excusantes

1856 2057 2238 2110 excusationes
2281 2059 2335 2111 in
2373 2059 2613 2127 peccatis
2641 2060 2708 2122 ⁸⁸,
2755 2060 3023 2114 dictorum
3075 2061 3406 2131 jejuniorum

1859 2145 2173 2200 aboleamus
2222 2147 2610 2214 sanctitatem;
2654 2165 2828 2220 neque
2876 2150 3031 2220 juxta
3070 2166 3287 2205 servum
3344 2150 3409 2204 il.

1862 2236 1970 2288 lum
1998 2237 2415 2305 nequissimum,
2466 2240 2656 2308 jejunii
2699 2240 3074 2295 beatissimum
3106 2242 3362 2296 talentum
3395 2278 3410 2303 .

1857 2323 1911 2378 in
1941 2333 2141 2380 terram
2175 2328 2311 2396 gulae
2342 2336 2394 2381 et
2420 2329 2644 2397 abjectae
2683 2331 2799 2399 spei
2835 2331 3164 2395 obruamus;
3203 2345 3299 2383 nec
3335 2329 3416 2383 di-

1857 2430 2042 2470 camus
2123 2417 2188 2470 ad
2247 2418 2530 2472 Dominum
2591 2420 2869 2489 Deumque
2920 2419 3410 2475 nostrumzﬂubes

1852 2507 1990 2575 quod
2024 2515 2169 2559 tuum
2211 2519 2283 2560 est
2335 2509 2428 2558 “z
2480 2509 2963 2578 Quadragesimam
3009 2513 3151 2564 enirn
3198 2510 3411 2581 jejuna-

1856 2595 2058 2658 vimus,
2094 2609 2259 2662 quam
2294 2596 2409 2664 ipse
2453 2605 2508 2648 tu
2539 2595 2799 2665 jejunasti
2835 2597 2980 2650 velut
3009 2596 3152 2652 Deus
3198 2599 3363 2653 homo
3395 2617 3410 2655 :

1855 2682 1949 2736 sed
1975 2682 2126 2750 juxta
2157 2698 2374 2737 servum
2415 2697 2636 2748 bonum,
2674 2686 3117 2755 multiplicemus,
3151 2701 3247 2755 per
3273 2685 3414 2756 jeju-

1856 2773 2006 2824 nium
2042 2783 2095 2825 et
2131 2775 2429 2826 orationem
2460 2774 2525 2826 ad
2569 2774 2994 2844 negotiationem
3043 2775 3235 2830 salutis
3271 2776 3410 2845 adji-

1855 2863 2060 2916 cientes
2095 2866 2359 2916 animum.

1922 3151 2012 3204 25.
2047 3151 2313 3205 Carterum
2350 3153 2480 3220 quia
2529 3167 2624 3220 per
2661 3161 2881 3208 sanctos
2926 3155 3205 3224 apostolos
3235 3156 3288 3210 in
3319 3172 3413 3212 ea—

1855 3257 1997 3295 none
2044 3241 2132 3304 69,
2182 3245 2298 3312 lege
2349 3242 2620 3296 sancitum
2651 3253 2756 3307 est,
2801 3251 2858 3296 ut
2889 3245 3074 3299 divina
3115 3247 3415 3317 traditaque

1848 3331 2056 3399 jejunia
2091 3341 2312 3399 propter
2339 3333 2672 3398 corporalem
2700 3333 3066 3388 infirmitatem
3099 3338 3413 3401 solvantur;

1858 3421 2057 3474 fuerint
2082 3432 2261 3474 autem
2304 3422 2416 3484 illa,
2450 3423 2615 3476 totius
2651 3423 2776 3476 anni
2811 3434 3016 3492 quarta;
3039 3436 3309 3496 sextaeque
3332 3425 3411 3480 fe-

1860 3513 1985 3576 rim;
2022 3514 2283 3566 denuntio
2311 3513 2484 3578 vobis,
2518 3520 2574 3565 ut
2607 3521 2731 3566 ante
2759 3522 2957 3582 septem
2999 3516 3114 3570 dics
3146 3517 3409 3586 cujusque

1854 3605 2147 3659 relatorum
2184 3605 2467 3672 festorum,
2499 3607 2634 3659 citra
2676 3607 3109 3675 deprecationem
3148 3607 3408 3677 jejunetis

1850 3705 1906 3750 et
1940 3695 2273 3749 abstinenter
2302 3698 2514 3760 vivatis,
2559 3710 2768 3749 necnon
2803 3711 2896 3763 per
2924 3711 3172 3766 magnam
3225 3712 3252 3751 a
3305 3697 3414 3752 Deo

1863 3787 2116 3839 traditam
2150 3783 2650 3854 Quadragcsimam,
2682 3801 2780 3839 nec
2801 3787 3064 3840 ullatenus
3091 3788 3310 3844 solvatis
3331 3789 3416 3857 je-

1847 3877 2061 3946 junium
2115 3886 2340 3946 propter
2370 3876 2668 3944 quamlibet
2697 3878 2947 3944 corporis
2992 3879 3373 3933 necessitatem
3399 3893 3415 3942 ;

1852 3973 1903 4023 in
1931 3971 2154 4038 reliquis
2193 3985 2322 4022 vero
2357 3968 2684 4023 esurialihus
2707 3968 2928 4035 diebus,
2964 3980 3021 4022 ut
3051 3970 3257 4025 dictum
3293 3980 3374 4025 εει
3397 4009 3415 4028 .

1852 4062 2083 4115 duarum
2109 4062 2380 4115 clararum
2409 4061 2804 4123 celebritatum,
2849 4072 3165 4117 sanctorum
3201 4075 3421 4130 aposto-

1852 4152 2050 4219 lorum,
2080 4155 2327 4220 inquam,
2359 4162 2408 4205 et
2444 4151 2653 4206 Natalis
2683 4150 2889 4208 Christi
2932 4153 3154 4221 Deique,
3189 4168 3282 4220 per
3314 4167 3423 4206 Ira-

1849 4243 1991 4296 (litos
2044 4243 2161 4296 dies
2201 4242 2290 4311 qui
2325 4241 2635 4311 praecedunt
2674 4242 2796 4295 illos
2829 4251 3160 4297 memoratos
3199 4251 3401 4308 septem

1844 4333 2032 4400 jejunii
2095 4333 2316 4386 omnino
2374 4331 2700 4396 necessarii,
2762 4331 2806 4386 si
2867 4331 3134 4399 jejunium
3196 4333 3407 4388 solvere

177 4442 410 4502 ταλῦσαι
469 4444 674 4508 δεήσει,
749 4442 836 4494 διὰ
899 4441 1218 4508 σωματικὴν
1280 4442 1408 4501 ἴσως
1465 4438 1747 4490 ἀσθένειαν

1856 4432 2133 4492 oporteat,
2178 4425 2361 4476 forsan
2419 4421 2721 4490 corporalis
2771 4423 3113 4477 necessitatis
3157 4439 3310 4494 ergo,
3355 4427 3406 4479 id

180 4536 354 4585 ποιεῖν
415 4532 503 4583 καὶ¹
562 4531 738 4594 τοῦτο,
792 4529 930 4599 μετὰ
977 4529 1293 4598 προτροπῆς
1367 4525 1752 4593 ὲπισκοπικῆς.

181 4623 395 4686 ’Δλλως
418 4623 737 4686 κινδυνῶδες
761 4625 875 4674 ἐστι
917 4623 1009 4675 καὶ
1040 4621 1308 4690 ὀλέθριον.

249 4779 363 4843 κς’.
394 4779 764 4847 Νηστεύοντες
801 4777 879 4840 δὲ,
911 4777 984 4847 μὴ
1007 4778 1400 4844 νηστεύσωμεν
1428 4775 1507 4834 είς
1541 4775 1754 4843 κρίσεις

180 4876 275 4925 καὶ
309 4873 487 4940 μάχας
511 4872 606 4922 καί⁸
633 4871 1034 4940 ψιθυρίσματα,
1064 4869 1200 4936 μηδὲ
1218 4866 1476 4935 τύψωμεν
1507 4868 1754 4934 πυγμαῖς

179 4967 270 5017 τὸν
306 4964 559 5015 ταπεινὸν
588 4964 682 5015 καὶ
701 4961 1067 5030 προσήλυτον.
1127 4958 1396 5027 Λύσωμιν
1456 4958 1511 5010 δὲ
1554 4957 1757 5025 μᾶλλον

183 5055 364 5107 πάντα
388 5051 685 5117 σύνδεσμον
711 5049 948 5114 ἀδικίας,
991 5048 1086 5100 καὶ
1119 5047 1312 5116 βιαίων
1377 5043 1759 5113 συναλλαγμάο

182 5161 289 5194 των
327 5144 664 5211 χειρόγραφα
691 5141 1080 5206 διασπάσωμεν
1113 5155 1125 5168 ·
1158 5137 1389 5190 πεινῶσι
1420 5138 1517 5205 μὲν
1567 5137 1762 5202 ἄρτους

184 5236 278 5287 καὶ
304 5236 511 5303 τροφὰς
543 5231 990 5301 διαθρύπτοντες,
1024 5231 1277 5296 ἁστέγοις
1294 5230 1350 5282 δὲ
1384 5229 1476 5281 καὶ
1528 5230 1762 5296 πτωχοῖς

183 5327 310 5387 τοὺς
356 5326 540 5386 οἴκους
613 5326 946 5393 ἀνοίγοντες,
1013 5323 1153 5374 κατὰ
1211 5322 1270 5373 τὸ
1341 5319 1427 5372 τοῦ
1483 5321 1761 5389 προφήτου

190 5417 580 5489 παράγγελμα.
614 5415 772 5469 Οὕτω
797 5417 904 5484 γὰρ
929 5415 986 5467 τὸ
1031 5415 1146 5480 φῶς
1192 5415 1290 5483 τῆς
1356 5413 1499 5481 ζωῆς
1594 5413 1750 5481 ήμῶν

196 5511 403 5580 λάμψει
442 5512 504 5562 ἐκ
528 5510 760 5578 πρωτας,
800 5511 873 5570 ὡς
894 5509 1227 5574 γέγραπται,
1261 5507 1353 5558 καὶ
1389 5505 1486 5573 τῆς
1511 5505 1754 5574 κραυγῆς

1855 4526 2070 4579 quoque
2115 4509 2329 4564 faciatis
2378 4526 2497 4562 cum
2546 4508 2788 4576 episcopi
2843 4511 3218 4563 concessione.
3284 4511 3410 4563 Alio

1853 4600 2053 4667 quippe
2097 4599 2277 4662 modo,
2313 4596 2612 4666 quamlibet
2640 4609 2961 4650 cunctarum
3014 4598 3156 4650 diem
3203 4599 3412 4653 violare

1855 4689 2034 4743 soluto
2071 4689 2304 4758 jejunio.
2349 4687 2718 4751 periculosum
2766 4696 2851 4742 est
2899 4698 3064 4757 atque
3098 4690 3416 4744 exitiosum.

1927 4779 2018 4833 26.
2056 4777 2187 4830 Dum
2223 4786 2397 4831 autem
2423 4777 2840 4846 jejunamus,ne
2866 4778 2919 4831 in
2945 4779 3089 4843 lites,
3120 4780 3426 4833 dimicatio-

1855 4885 1952 4923 nes
1983 4877 2034 4922 et
2086 4869 2380 4924 maledicos
2408 4883 2664 4922 susurros
2696 4869 3004 4937 jejunemus
3029 4908 3042 4930 ,
3067 4883 3198 4922 neve
3228 4870 3423 4937 pugnis

1858 4958 2209 5012 verberemus
2245 4959 2502 5012 humilem
2527 4967 2582 5013 et
2617 4961 2902 5012 advenam.
2935 4959 3074 5025 Quin
3111 4960 3291 5028 potius
3319 4962 3428 5016 sol-

1859 5064 2048 5102 Vnmus
2077 5063 2239 5103 omne
2275 5047 2552 5102 vinculum
2603 5037 2929 5117 iniquitatis,
2974 5060 3030 5101 et
3063 5049 3426 5103 violentorum

1861 5151 2242 5195 contractnum
2294 5141 2653 5211 chirographa
2697 5141 3120 5208 discerpamus;
3170 5141 3416 5195 esurien-

1865 5231 2009 5286 tibus
2047 5230 2267 5300 quidem
2333 5230 2639 5300 fraugentcs
2667 5245 2834 5300 panes
2873 5241 2925 5283 et
2949 5232 3121 5295 cibos,
3150 5240 3291 5285 tecto
3335 5245 3402 5284 au

1873 5332 1976 5376 tem
2018 5323 2335 5376 carentibus
2385 5331 2439 5375 et
2489 5321 2822 5391 pauperibus
2863 5323 3175 5390 aperientes
3215 5320 3429 5386 domos,

1856 5415 2009 5484 juxta
2043 5415 2316 5482 prophetze
2353 5414 2617 5466 monitum
2647 5413 2712 5465 ³³.
2761 5413 2852 5466 Sic
2885 5413 3029 5468 enim
3082 5413 3262 5467 lumen
3310 5413 3433 5468 vita

1866 5516 2070 5559 nostrae
2129 5505 2365 5556 diluculo
2395 5504 2640 5572 fulgebit,
2671 5503 3123 5573 quemadmodum
3165 5503 3430 5572 scriptum

260 5689 300 5719 "
335 5688 477 5743 Psal.
506 5701 624 5748 cve.
656 5689 706 5740 4.
788 5689 830 5718 ³⁸
873 5686 1061 5741 Matth.
1101 5701 1227 5752 xxv,
1253 5687 1338 5740 9.5.
1420 5687 1460 5717 ³³
1492 5685 1590 5738 lsa.
1622 5703 1772 5752 Lvm,
1807 5687 1837 5742 6
1863 5694 1914 5740 et
1949 5703 2055 5755 seq.
