3998 6464
224 383 350 446 1361

1395 382 1634 442 EPIST.
1656 380 1752 439 DE
1782 380 2258 442 RASOPHOIUS

3293 377 3426 440 1392

217 516 475 553 σκουσαν.
502 499 621 552 Κᾶν
652 501 760 567 γὰρ
813 500 1074 570 χρίσματι
1137 499 1472 569 χειροτονίας
1512 498 1772 567 ἐχρίσθη-

1882 497 2029 549 enim
2065 512 2159 565 per
2187 495 2618 551 misericordiam
2678 496 2766 549 Dei
2802 495 3094 550 chrismate
3127 494 3424 546 ordinatio-

216 606 318 656 μεν
344 591 478 657 ἐλέῳ
535 590 694 653 Θεοῦ,
719 591 838 642 ἀλλ’
892 591 1052 660 ἐλαίῳ
1101 589 1452 650 διδασκαλίας
1505 589 1769 642 λιπαίνειν

212 679 338 739 τοὺς
387 680 648 746 μετόχους
671 680 769 745 τῆς
785 680 884 746 γῆς
907 679 1111 746 ταύτης
1148 678 1538 748 ἐπετράπημεν
1570 692 1584 707 ⁸
1639 675 1708 728 δι’
1742 675 1769 727 ὃ

211 774 311 821 καὶ
342 772 481 822 κατὰ
522 773 646 832 τοὺς
679 773 736 824 ἐν
775 772 958 823 σκότει
988 771 1080 822 καὶ
1101 773 1228 840 σκιᾷ
1250 769 1592 839 καθημένους
1628 769 1770 834 ἀγω-

211 859 492 927 νιάζομεν.
529 863 681 912 Ἐπεὶ
714 862 770 912 δὲ
805 862 863 914 τὺ
889 863 987 930 μὲν
1012 863 1279 914 διδάσκειν
1311 861 1629 930 ὑπερορίους
1654 861 1770 911 ἐπι·-

215 951 460 1012 οκόπυυς
498 953 895 1020 ἀπηγόρευται,
946 953 1003 1004 τὸ
1032 953 1086 1003 δὲ
1121 951 1506 1019 ἀπολογεῖσθαι
1537 953 1664 1020 περὶ
1696 943 1769 1002 ὧν

211 1039 523 1107 ἐρωτῶνται
549 1041 884 1108 νενόμισται·
916 1043 991 1094 Τὰ
1008 1043 1183 1110 χείλη
1215 1042 1342 1112 γὰρ,
1375 1043 1561 1110 φησὶν,
1602 1039 1771 1108 ἡμῶν

211 1131 351 1196 παρ’
371 1131 518 1196 ἡμῖν
541 1133 702 1186 εἰσιν
733 1149 746 1163 ⁸
778 1133 1178 1202 ἀπεστείλαμέν
1240 1150 1323 1186 σοι
1372 1134 1463 1185 τὸν
1526 1134 1770 1201 παρόντα

213 1222 383 1273 παῖδα
412 1221 571 1287 λόγον
604 1221 785 1290 ἡμῶν,
819 1223 1296 1292 ἀπολογησόμενον
1326 1224 1460 1292 πρὸς
1508 1224 1605 1284 τὰς
1645 1223 1773 1275 πεύ-

214 1326 332 1371 σεις
370 1329 485 1372 σου,
524 1312 598 1379 μὴ
619 1314 1058 1380 πεποικιλμένον,
1105 1315 1181 1376 ὡς
1223 1314 1348 1366 ἔδει.
1395 1314 1533 1382 μετά
1575 1332 1773 1381 χρυσο-

213 1401 777 1470 πάστωνίματισμῶν
838 1405 931 1455 καὶ
1010 1404 1340 1470 σοφιστικῶν
1420 1405 1768 1472 κροσσωτὼν,

211 1491 350 1543 ἀλλά
404 1492 542 1560 μετά
612 1495 918 1562 χλαμυδίων
981 1493 1234 1562 ἀμούσων
1297 1494 1391 1546 καὶ
1472 1495 1768 1563 ῥυπαρῶνο

211 1583 438 1635 τοιαῦτα
473 1585 577 1652 γάρ
612 1581 749 1637 οἶδεν
777 1585 1022 1652 ὑφαίνειν
1056 1586 1198 1648 ἱστὸς
1241 1586 1551 1654 ὑπερόριος.
1583 1586 1644 1637 Ei
1673 1587 1772 1650 μὲν

211 1672 308 1724 οὖν
347 1674 483 1742 πρὸς
509 1676 610 1741 τὴν
634 1676 902 1743 ἐρώτησιν
940 1676 1340 1744 ἀπολογήσεται
1369 1693 1423 1728 τι
1467 1677 1771 1745 πρόσφορον

212 1763 307 1863 καῖ
343 1762 700 1863 κατάλληλον,
722 1763 1118 1833 φιλοφροσύνης
1137 1763 1422 1830 ἀξιωθήτω
1445 1779 1459 1793 ’
1494 1763 1542 1814 εί
1559 1761 1613 1813 ’δ’
1632 1765 1773 1830 ἀμαο
1810 1812 1849 1863 Β

215 1851 370 1914 θείας
412 1853 626 1917 ἀπόζει,
659 1856 1076 1922 ἀντιστραφήτω
1105 1856 1239 1921 πρὸς
1271 1855 1361 1904 τὸν
1399 1852 1770 1920 γεγεννηκότα

218 1943 450 2012 πατέρα,
487 1945 585 2014 τὴν
615 1946 835 1998 δικαίαν
861 1945 1212 2016 ἀποστροφὴν
1251 1945 1703 2015 προαρπάσαντα.

286 2122 351 2190 β’.
416 2122 708 2192 Ἔγραψας
744 2126 895 2194 ἡμῖν,
927 2126 1005 2186 ὣς
1039 2126 1277 2187 τινεςαέκ
1327 2123 1434 2176 τῶν
1459 2124 1774 2195 ρασοφόρων

211 2211 469 2270 τῆςκατὰ
506 2212 564 2263 σέ
611 2213 771 2278 ἁγίας
839 2213 1025 2282 μονῆς,
1077 2215 1513 2281 ἀναγκαζόμενοι
1554 2213 1772 2267 τελειω-

213 2301 373 2370 θῆναι
398 2303 873 2372 δι’ἀποκάρσεως,
911 2303 1164 2370 λέγουσιν
1206 2305 1282 2364 ὡς
1338 2304 1366 2355 ὁ
1433 2303 1612 2372 μέγας
1665 2305 1773 2356 Ba-

214 2393 416 2453 σίλειο;
448 2395 506 2445 ἐν
532 2411 646 2445 τισι
674 2394 782 2444 τῶν
815 2395 1132 2462 ἀσκητικῶν
1193 2395 1554 2447 διδασκαλιῶν
1609 2395 1770 2448 αὐτοῦ

211 2481 504 2550 διωρίσατο
533 2485 626 2536 ἐπὶ
654 2485 866 2554 τριετίᾳ
889 2486 980 2536 τὸν
1021 2485 1253 2554 μονάσαι
1295 2485 1582 2552 ὀφείλοντα
1620 2487 1769 2539 δοκι-

218 2569 511 2637 μάζεσθαι,
549 2573 643 2625 καὶ
702 2573 838 2642 μετὰ
900 2577 1000 2642 τὴν
1074 2574 1279 2641 ταύτης
1331 2575 1695 2644 παραδρομὴν
1741 2577 1771 2644 ῆ

212 2660 514 2729 λαμϐάνειν
543 2663 639 2732 τὴν
667 2665 827 2732 χάριν
873 2666 970 2734 τῆς
999 2663 1380 2734 ἀποκάρσεως,
1415 2666 1445 2733 ἢ
1477 2668 1776 2736 ἀναχωρεῖν

211 2751 313 2821 τῆς
350 2754 539 2822 μονῆς,
565 2756 660 2807 καὶ
687 2755 823 2822 πρδς
847 2754 944 2822 τὴν
964 2755 1238 2823 προτέραν
1308 2754 1505 2823 λα’ίκὴν
1543 2758 1774 2824 μεταπί-

212 2863 369 2900 πτειν
403 2847 698 2914 διαγωγὴν,
726 2848 1075 2916 λαμϐάνοντα
1113 2850 1205 2901 καὶ
1234 2849 1267 2902 δι
1327 2849 1431 2917 πρὸ
1460 2849 1554 2900 τοῦ
1612 2868 1778 2918 προσ-

213 2939 390 2994 ελθεῖν
437 2944 500 3009 τῇ
560 2945 690 3011 μονῇ
747 2942 1112 2994 ἐνεδιδύσκετο
1164 2943 1343 3011 ἄμφια
1378 2960 1390 2970 ·
1455 2947 1548 2996 καὶ
1605 2945 1777 2998 ταῦτα

214 3032 323 3099 γὰρ
377 3035 433 3084 ὲν
465 3035 649 3102 ἀσύλῳ
680 3034 1058 3102 συντηρεῖσθαι
1100 3036 1562 3103 παρεκελεύσατο.
1612 3037 1771 3088 Ἰνατί

1881 588 1964 641 uis
1999 588 2204 640 inuncti
2240 588 2527 650 fuerimus,
2559 588 2677 641 oleo
2702 596 2879 640 tamen
2903 585 3166 638 doctrina:
3196 599 3421 638 consor-

1885 687 1964 731 tes
1992 685 2151 731 terrze
2187 678 2346 746 hujus
2381 677 2719 746 impinguare
2749 677 3100 730 commissum
3133 677 3290 728 nobis
3308 686 3421 736 est;

1878 769 2017 822 unde
2074 780 2126 823 et
2169 771 2341 822 instar
2387 783 2572 822 eorum
2615 769 2705 835 qui
2750 768 2802 819 in
2857 766 3097 820 tenebris
3137 775 3187 818 et
3235 766 3424 818 umbra

1877 858 2064 915 sedent
2102 857 2494 913 conﬂictamur.
2544 857 2680 923 Quia
2717 872 2841 911 vero
2893 864 2950 908 ut
2995 855 3228 924 episcopi
3273 862 3424 907 extra

1879 948 2212 1018 provinciam
2265 950 2424 1017 positi
2454 950 2683 1002 doceant
2715 949 2935 1000 vetitum
2980 955 3062 1000 est
3091 987 3105 1011 ,
3160 947 3423 998 rationem

1880 1050 2058 1094 autem
2106 1040 2330 1094 reddere
2377 1040 2442 1093 de
2475 1041 2542 1093 iis
2581 1039 2647 1092 de
2682 1039 2878 1107 quibus
2927 1037 3330 1105 interrogantur
3359 1036 3424 1087 li-

1878 1140 1996 1195 cet;
2019 1129 2339 1183 Lnbiaenim
2371 1139 2573 1188 nostra.
2605 1130 2802 1197 inquit,
2833 1145 2864 1180 a
2891 1128 3035 1180 nobis
3067 1136 3186 1178 sunt
3207 1128 3262 1188 ';
3291 1125 3426 1177 adte

1880 1221 2128 1274 misimus
2173 1230 2492 1289 prmsentem
2524 1234 2771 1286 puerum,
2799 1231 3101 1272 sermonem
3141 1222 3383 1267 nostrum
3407 1251 3423 1275 ,

1879 1312 1968 1380 qui
2003 1310 2385 1365 satisiacturus
2434 1311 2504 1363 sit
2542 1309 2607 1363 ad
2637 1309 2970 1378 quaestiones
3017 1316 3175 1368 tuas;
3204 1319 3309 1357 non
3337 1317 3428 1354 va-

1880 1402 1958 1454 rie
2000 1411 2272 1461 ornatum,
2297 1408 2355 1452 ut
2395 1399 2598 1462 decuit,
2619 1413 2746 1452 cum
2780 1397 2974 1452 vestitu
3004 1403 3216 1456 aurato,
3249 1390 3427 1453 sophi-

1880 1491 2142 1558 sticisque
2185 1489 2494 1555 ﬁmbriatis,
2547 1489 2642 1543 sed
2699 1503 2820 1542 cum
2850 1483 3210 1554 chlamydulis
3263 1480 3424 1534 ἰιιεεὶσ

1881 1581 1950 1633 tis
1999 1589 2055 1634 et
2108 1579 2344 1634 sordidis
2398 1597 2412 1632 :
2471 1577 2783 1647 hujusmodi
2832 1575 3032 1644 quippe
3083 1572 3250 1625 ordiri
3289 1570 3424 1623 solet

1881 1684 1943 1722 ac
1973 1669 2122 1722 novit
2166 1669 2459 1722 textorium
2501 1674 2805 1719 externum.
2844 1663 3030 1729 Itaque
3072 1659 3116 1714 si
3150 1659 3214 1711 ad
3253 1658 3423 1709 inter-

1882 1759 2212 1825 rogationem
2257 1757 2458 1826 aliquid
2511 1753 2848 1823 responderit
2894 1761 3076 1820 aptum
3132 1758 3186 1803 et
3230 1761 3424 1800 conve-

1879 1850 2058 1913 niens,
2104 1848 2365 1904 benevole
2409 1846 2753 1914 excipiatur;
2822 1842 2868 1897 si
2922 1856 3051 1894 vero
3095 1837 3419 1906 imperitiam

1874 1939 2100 2002 redolet,
2146 1939 2210 1991 ad
2258 1948 2461 2007 patrem
2505 1936 2598 2005 qui
2643 1935 2828 2005 genuit
2858 1932 3186 1993 remittatur,
3222 1926 3425 1996 quique

1867 2033 2071 2100 justam
2115 2028 2512 2083 aversationem
2553 2022 2969 2095 praeoccupavit.

1948 2122 2000 2174 2.
2041 2119 2318 2187 Scripsisti
2368 2118 2546 2181 nobis,
2603 2115 2864 2184 quosdam
2931 2108 3102 2165 sancti
3149 2112 3420 2160 monaste-

1872 2214 1937 2266 rii
1967 2211 2042 2266 tui
2077 2210 2449 2280 Rasophnros,
2481 2207 2606 2261 dum
2632 2222 2728 2276 per
2756 2215 3035 2259 tonsuram
3057 2195 3419 2254 consummari

1873 2313 2161 2372 coguntur,
2195 2301 2378 2354 dicere
2412 2297 2553 2366 quod
2583 2311 2811 2366 magnus
2837 2293 3062 2348 Basilius
3105 2291 3159 2342 in
3191 2287 3419 2356 quihus-

1873 2397 1998 2448 dam
2054 2393 2170 2448 suis
2224 2390 2473 2446 asceticis
2508 2384 2962 2456 praeceptionibus
3016 2380 3325 2441 deﬁnierit,
3368 2383 3426 2426 nt

1874 2484 1964 2554 qui
1992 2482 2291 2536 monachus
2323 2479 2544 2533 futurus
2567 2487 2671 2542 est,
2694 2491 2786 2544 per
2824 2471 3112 2526 triennium
3148 2467 3424 2531 probetur,

1875 2588 1984 2643 quo
2022 2579 2320 2633 transacto,
2368 2579 2462 2621 aut
2493 2566 2718 2635 gratiam
2759 2573 3001 2616 tonsurae
3052 2557 3302 2624 accipiat,
3334 2563 3428 2607 aut

1878 2665 2093 2717 recedat
2129 2676 2157 2713 a
2203 2657 2536 2713 monasterio
2586 2663 2637 2707 et
2665 2654 2731 2706 ad
2771 2652 3002 2721 priorem
3036 2649 3225 2700 laicam
3261 2646 3424 2698 vitam

1877 2754 2175 2814 relabatur,
2221 2747 2456 2816 receptis
2511 2746 2675 2798 etiam
2721 2739 3055 2795 indumentis
3105 2751 3224 2804 qua:
3277 2742 3430 2788 ante-

1875 2861 2038 2915 quam
2093 2843 2157 2896 ad
2201 2837 2590 2894 monasterium
2647 2833 2932 2887 accederet
2977 2828 3259 2898 gestabat:
3313 2823 3428 2877 haec

1875 2937 2018 2988 enim
2056 2935 2106 2985 in
2149 2940 2265 2984 tuto
2291 2931 2410 2982 loco
2443 2926 2754 2982 conservari
2797 2923 2981 2990 jussit.
3009 2921 3114 2972 Cnr
3147 2931 3275 2984 ergo
3301 2919 3426 2967 ante

1879 3025 2168 3078 triennium
2220 3020 2466 3087 cogimur
2515 3027 2753 3069 tonsura:
2799 3026 2961 3064 onere
2993 3002 3429 3077 premi?Verisi-

212 3122 345 3189 γοῦν
404 3122 509 3190 πρὸ
567 3124 663 3190 τῆς
716 3125 958 3190 τριετίας
1007 3102 1434 3189 ἀναγκαζόμεθα
1487 3123 1547 3177 ἰδ
1607 3125 1770 3194 βάρος

1876 3113 1998 3167 mile
2044 3120 2146 3175 est,
2180 3111 2317 3164 intra
2344 3107 2475 3162 illud
2510 3122 2605 3161 nos
2637 3103 2957 3159 sententiam
2995 3107 3320 3156 mutaturos.
3367 3102 3422 3146 et

210 3212 668 3280 ἐπιφορτισθῆναι
696 3214 794 3280 τῆς
833 3213 1194 3280 ἀποκάρσεως
1220 3227 1235 3277 ;
1300 3213 1462 3276 Είκός
1495 3217 1610 3267 ἐστι
1639 3216 1772 3268 ταύ-

207 3320 310 3368 της
343 3303 492 3365 ἐντὸς
518 3303 960 3371 μεταμεληθῆναι
985 3304 1152 3372 ἡμᾶς,
1188 3306 1281 3357 καὶ
1308 3305 1403 3374 τῆς
1432 3309 1775 3376 τραχυτέρας

211 3397 356 3462 ζωῆς
382 3396 477 3464 τὴν
510 3395 907 3465 μαλακωτέραν
965 3397 1436 3466 προτιμήσασθαι,
1515 3398 1606 3451 καὶ
1673 3399 1774 3465 τῆς

211 3486 470 3540 ἐπιπόνου
517 3488 614 3556 τὴν
671 3490 891 3549 ἄπονον,
957 3487 1051 3540 καὶ
1102 3487 1478 3556 ἀπεκδυθῆναι
1550 3487 1651 3556 μὲν
1705 3488 1774 3541 τὰ

218 3579 507 3646 μοναχικὰ,
571 3578 858 3646 ἐνδυθῆναι
909 3578 965 3630 δὲ
995 3577 1366 3647 κογχυλόχροα
1413 3577 1507 3631 καὶ
1563 3579 1775 3649 χρυσό-

221 3687 426 3722 παστα·
479 3669 614 3722 ἀλλὰ
644 3669 750 3738 μὴν
776 3670 867 3722 καὶ
925 3670 1342 3738 κρεωφαγῆσαι,
1397 3671 1492 3723 καὶ
1525 3671 1772 3739 νομίμως

216 3759 558 3828 συναφθῆναι
589 3759 838 3826 γυναιξίν
866 3776 879 3789 ·
914 3761 960 3810 εἰ
991 3759 1174 3828 δεήσει
1202 3759 1278 3824 δὲ,
1324 3761 1422 3811 καὶ
1482 3762 1776 3827 στρατολο-

217 3849 476 3918 γηθῆναι,
546 3851 640 3900 καὶ
719 3849 898 3911 ζώνας
973 3848 1366 3918 περιδληθῆναι
1446 3848 1770 3917 ἀξιωμάτων

216 3939 538 4008 βασιλικῶν.
584 3941 755 4005 Ἀφες
789 3933 881 3991 οὖν
903 3938 1000 4004 τῆς
1035 3936 1372 4007 προθεσμίας
1405 3935 1503 4006 τὴν
1563 3935 1768 4004 δωρεὰν

212 4029 624 4097 ἀκιδδήλευτον.
674 4031 837 4089 Ἴσως
865 4029 974 4097 γὰρ
1003 4026 1342 4098 παραδράμῃ
1374 4026 1510 4094 μετά
1548 4027 1644 4094 τῆς
1678 4027 1772 4078 αύ-

212 4123 309 4188 τῆς
339 4121 753 4189 εύθυδρομοῠσα
814 4118 1142 4186 προθέσεως,
1217 4117 1311 4169 καὶ
1367 4115 1610 4184 στηρίξει
1675 4117 1770 4184 τῆς

213 4212 543 4278 ἐπαγγελίας
581 4210 677 4279 τὴν
706 4209 1013 4277 εἴσπραξιν.
1045 4209 1107 4259 El
1167 4208 1224 4260 δὲ
1274 4211 1625 4276 κατεπείγεις
1673 4208 1772 4273 τὴν

208 4303 354 4355 δῦσιν
387 4302 538 4370 παρά
567 4301 894 4364 ταδόξαντα,
935 4301 1088 4350 αὐτοὶ
1149 4300 1364 4359 ἑαυτοῖς
1427 4302 1490 4351 ἐκ
1531 4298 1773 4368 μεταμέ-

212 4393 304 4445 λου
333 4391 672 4461 χαρισόμεθα
705 4390 805 4455 τὴν
828 4389 1097 4441 ἀθώωσιν.
1127 4389 1334 4451 Ἀλλως
1368 4406 1423 4439 τε
1450 4389 1575 4448 τοὺς
1609 4388 1770 4438 εὐλα-

1871 3207 1994 3258 vitae
2037 3202 2324 3257 austeriori
2358 3215 2420 3252 ac
2471 3198 2756 3251 laboriosae
2790 3195 3094 3248 molliorem
3139 3201 3191 3243 et
3242 3188 3424 3240 labore

1871 3302 2147 3349 carentem
2179 3293 2499 3360 praelaturos
2523 3325 2538 3348 ,
2581 3299 2791 3340 necnon
2832 3291 3094 3336 exuturos
3133 3274 3421 3330 monacha-

1872 3386 1976 3440 lcm
2011 3384 2293 3445 vestitum,
2337 3389 2499 3446 atque
2550 3378 2836 3430 induturos
2892 3382 3219 3439 purpureum
3266 3376 3425 3416 auro-

1873 3492 1978 3546 que
2006 3474 2323 3529 distinctum
2354 3488 2366 3530 ;
2398 3467 2491 3522 sed
2529 3475 2583 3520 et
2622 3481 2839 3520 carnem
2868 3469 3208 3515 comesturos
3262 3464 3424 3520 atque

1877 3543 2113 3632 legitime
2151 3573 2374 3614 uxorem
2410 3558 2715 3616 ducturos;
2751 3553 2795 3606 si
2831 3563 3053 3603 necesse
3093 3555 3271 3599 autem
3309 3543 3424 3594 fue-

1876 3657 1970 3718 rit,
2011 3655 2172 3707 etiam
2225 3650 2579 3710 militaturos,
2615 3645 2855 3711 itemque
2882 3637 3094 3706 cingula
3133 3637 3422 3704 imperato-

1875 3747 2080 3800 riarum
2119 3742 2440 3811 dignitatum
2477 3743 2876 3803 assumpturos.
2944 3730 3208 3795 Relinque
3260 3725 3422 3791 igitur

1875 3833 2165 3904 pratstituti
2207 3829 2467 3897 temporis
2488 3826 2717 3894 gratiam
2746 3821 3080 3874 inviolatam.
3109 3815 3266 3868 Forte
3281 3814 3423 3868 enim

1871 3923 2190 3996 praeteribit,
2221 3935 2343 3974 cum
2368 3916 2554 3973 eodem
2585 3913 2869 3983 proposito
2897 3919 3044 3962 recta
3074 3922 3334 3965 currens,
3372 3911 3424 3956 et

1874 3994 2131 4082 promissi
2159 4009 2500 4065 exactionem
2529 3999 2897 4058 conﬁrmabit.
2927 3997 3020 4050 Sin
3053 4006 3231 4048 autem
3259 3994 3425 4046 tradi-

1875 4105 2074 4158 tionem
2115 4107 2311 4169 prteter
2360 4096 2578 4150 decreta
2620 4107 2809 4160 urges,
2867 4088 2970 4158 ipsi
3020 4086 3426 4148 nobismetipsis

1871 4213 1934 4252 ex
1965 4191 2345 4263 resipiscentia
2379 4186 2780 4242 absolutionem
2810 4183 3125 4252 largiemur.
3155 4177 3421 4230 Prmterea

1870 4287 1963 4358 qui
2009 4283 2357 4340 charismatis
2405 4277 2796 4348 perfectionem
2846 4279 3181 4334 reverentur,
3230 4267 3425 4321 debent

1878 4378 2059 4446 potius
2114 4369 2484 4441 comprobari,
2521 4380 2684 4437 quam
2748 4364 2946 4432 puniri,
2989 4361 3280 4428 gratiarum
3337 4371 3428 4408 ac-

212 4437 302 4445 ""
336 4437 671 4461 Λ’”Γ’⁷”Γ”“⁷“⁷
717 4437 797 4455 “Ί’
833 4437 1097 4441 "‘"'""'
1151 4437 1332 4451 '7’V’"?
1380 4437 1419 4439 "
1463 4437 1572 4448 ""
1619 4437 1657 4438 "

211 4483 519 4549 σουμένους
578 4480 681 4547 τὴν
740 4479 1056 4544 τελειότητα
1110 4477 1204 4529 τοῦ
1260 4480 1600 4546 χαρίσματος
1651 4477 1769 4528 δέον

1876 4471 2074 4521 tionem
2103 4463 2331 4524 referre,
2367 4473 2473 4512 non
2506 4454 2774 4518 convicia,
2810 4450 3239 4521 praedicari,non
3279 4447 3428 4499 abdi-

215 4575 334 4626 ὲστὶ
362 4570 763 4641 φιλοτιμεῖσθαι
794 4569 992 4636 μᾶλλον
1016 4569 1107 4620 καὶ
1142 4568 1213 4636 μὴ
1241 4567 1580 4631 κολάζεσθαι,
1616 4569 1774 4636 εὐχα-

215 4665 515 4735 ριστεῖσοαι
547 4662 638 4714 καὶ
671 4660 744 4727 μὴ
791 4659 1148 4721 τωθάζεσθαι,
1177 4657 1540 4725 κηρύττεσθαι
1571 4659 1662 4708 καὶ
1700 4659 1773 4728 μὴ

216 4750 712 4820 ἀποκηρύττεσθαι.
751 4745 812 4798 'H
863 4747 958 4815 μὲν
990 4744 1242 4811 γάρπερὶ
1275 4743 1342 4793 τὰ
1379 4741 1497 4792 θεῖα
1524 4741 1774 4792 εὐλάϐεια

217 4841 492 4908 συνίστησι
527 4839 758 4897 πίστεως
773 4835 1112 4903 καθαρότητα
1136 4849 1150 4863 ’
1183 4833 1212 4900 ἡ
1247 4831 1290 4882 δ’
1319 4832 1401 4883 ἐπ’
1425 4831 1604 4887 αὑτοῖ;
1635 4831 1772 4896 πρό-

217 4947 388 5000 χειρος
420 4929 740 4981 ἀνευλάόεια
771 4927 1021 4987 ἀπιστίας
1055 4925 1346 4994 παρίστησι
1386 4921 1760 4989 κιϐδηλότητα.

279 5032 346 5090 γ’.
383 5019 516 5074 Εἶτά
546 5035 712 5090 φασιο
746 5019 1054 5078 Παλαιστάς
1109 5019 1203 5085 μὲν
1242 5017 1328 5068 καὶ
1392 5017 1515 5075 τοὺς
1571 5014 1765 5073 ἄλλους

212 5109 644 5180 ἀγωνιζομένους
673 5107 1008 5177 παγκράτιον
1031 5106 1118 5156 δια
1145 5103 1398 5174 χρονικῆς
1431 5100 1766 5170 προθεσμίας

215 5205 387 5262 θέλεις
419 5199 785 5267 γυμνάζεσθαι
809 5211 822 5226 ’
855 5197 979 5258 τοὺς
1002 5197 1057 5247 δὲ
1103 5194 1394 5246 πένταθλον
1444 5191 1774 5258 ἀναδεχομέ-

212 5310 336 5354 νους
373 5291 674 5359 αίσθήσεων
701 5286 1073 5346 ἀϐασανίστως
1121 5284 1447 5353 προτρέπεις
1465 5281 1541 5349 τῷ
1566 5279 1776 5343 ἐξεναν-

212 5387 332 5446 τίας
375 5378 824 5452 συμπλέκεσθαι·
859 5378 950 5429 καὶ
1010 5378 1115 5446 μὴν
1153 5375 1372 5433 τούτους
1423 5371 1616 5441 μᾶλλον
1668 5370 1772 5422 ἔδει

217 5475 355 5544 μετά
376 5472 699 5540 δοκιμασίας
723 5472 799 5532 εἰς
835 5469 921 5522 τὸν
944 5468 1128 5536 ἀγῶνα
1153 5469 1248 5534 τῆς
1281 5463 1563 5530 ἀσκήσεως
1589 5477 1767 5526 παρα-

211 5564 478 5633 δέχεσθαι.
507 5563 734 5615 Ἐκεῖνοι
778 5560 872 5630 μὲν
921 5560 1027 5628 γὰρ
1072 5559 1285 5626 ὁρατοῖς
1341 5553 1761 5620 ἀντιμάχονται,

287 5740 304 5766 ¹
337 5734 473 5794 Ιξδειί.
526 5750 597 5788 χι.
622 5733 669 5785 5.

1877 4558 2016 4612 cari.
2053 4555 2110 4610 Si
2154 4552 2376 4623 quidem
2409 4562 2536 4616 erga
2575 4561 2660 4599 res
2691 4543 2927 4602 divinas,
2955 4539 3275 4600 reverentia,
3302 4537 3423 4589 ﬁdei

1875 4647 2167 4717 puritatem
2221 4639 2602 4698 commendat;
2647 4648 2769 4686 cum
2825 4640 3014 4684 contra
3063 4633 3308 4695 prompta
3367 4624 3419 4675 in

1872 4755 1967 4794 eas
2016 4730 2407 4791 irreverentia,
2443 4721 2780 4780 inﬁdelitatis
2831 4719 3081 4773 exhibeat
3143 4722 3424 4782 corrupte-

1873 4831 1999 4882 lant.

1945 5015 1997 5066 3.
2027 5009 2247 5072 Deinde,
2282 5004 2557 5075 inquiunt,
2590 5001 2886 5054 luctatores
2926 4993 3142 5063 quidem
3181 4991 3427 5055 aliusque

1880 5104 1970 5172 qui
2020 5097 2300 5170 pancratio
2347 5097 2602 5154 certant,
2664 5102 2760 5157 per
2832 5095 3046 5152 tempus
3109 5079 3422 5147 praeﬁnitum

1876 5168 2116 5247 exerceri
2167 5186 2283 5249 vis;
2334 5198 2426 5236 ens
2460 5194 2590 5235 vero
2627 5178 2717 5246 qui
2770 5187 3031 5229 sensuum
3086 5168 3420 5238 pentathlnm

1878 5296 1988 5334 Sive
2031 5271 2440 5345 quinquenium
2495 5267 2836 5333 suscipiunt,
2898 5263 3102 5328 absque
3160 5257 3424 5311 exercita-

1874 5372 2022 5423 tione
2073 5381 2195 5419 cum
2260 5357 2570 5416 adversario
2631 5352 2887 5423 congredi
2937 5349 3265 5419 compellis:
3331 5346 3427 5398 hos

1875 5468 2055 5509 tamen
2097 5450 2266 5520 magis
2293 5443 2573 5517 oportebat
2619 5457 2741 5496 cum
2785 5441 3107 5510 probatione
3139 5437 3202 5491 ad
3237 5444 3424 5488 asceti-

1873 5563 1993 5604 Cum
2013 5553 2284 5601 certamen
2316 5538 2618 5593 admittere.
2640 5534 2718 5587 Illi
2750 5533 3014 5600 siquidem
3053 5545 3174 5583 cum
3208 5524 3426 5578 visibili-
