3998 6466
551 355 685 423 1363

1761 331 2029 416 Taceo.
2063 350 2542 414 BALSAMONIS

3669 339 3818 406 136-5

549 471 649 524 bus
691 479 952 540 pugnant,
989 471 1038 524 in
1069 471 1398 538 conspicuos
1431 470 1716 523 bellatores
1760 477 1815 523 et
1848 467 2096 524 cominus

2217 471 2295 522 ταὶ
2331 470 2622 539 προόπτοις
2648 472 2984 538 ἀγχεμάχοις
3037 463 3462 524 ὑπαντιάζουσι,
3513 460 3617 512 καὶ
3674 457 3820 522 βαλο

552 573 851 628 p‘ugnantes
897 565 1205 624 incurrunt,
1261 563 1488 631 itnpetiti
1542 563 1830 630 impetum,
1873 558 2098 626 propul-

552 655 652 706 s-tti
700 654 1014 722 propulsant
1059 673 1071 708 :
1127 653 1180 706 bi
1239 668 1367 706 vero
1421 667 1543 706 cum
1616 640 2100 718 inaspectabilibus

555 741 802 796 hostibus
850 758 1040 797 manus
1079 753 1448 806 conserenles,
1482 759 1605 797 cum
1637 744 1942 812 improvisis
2000 741 2098 794 ad-

555 837 809 888 versariis
860 836 1150 898 luctantes,
1198 835 1412 889 occulte
1465 835 1728 904 sagittati.
1783 843 1968 901 aperte
2013 848 2102 888 sa-

560 937 722 988 gittas
754 928 996 979 vicissim
1030 927 1277 981 emittere
1322 936 1616 994 nequeunt,
1651 939 1704 979 et
1744 925 1918 978 instar
1969 936 2101 974 sau-

554 1017 763 1068 ciorum
806 1015 1071 1069 vulnerati
1125 1031 1234 1069 non
1292 1016 1687 1084 aggrediuntur
1737 1015 1942 1082 pariter
1985 1012 2107 1064 vul-

555 1121 765 1168 nesare,
800 1108 939 1175 quod
993 1107 1274 1161 ferientem
1317 1110 1586 1175 ignorent.
1619 1106 1882 1174 Quodque
1935 1104 2108 1170 maius

555 1205 657 1256 rst,
707 1204 761 1248 et
809 1212 1022 1249 omnem
1069 1196 1279 1249 excedit
1331 1197 1609 1258 malitiam,
1665 1209 1806 1261 saepe
1862 1194 2110 1262 nequiter

556 1287 898 1353 vapulantes,
949 1287 1066 1339 sine
1107 1295 1249 1339 metu
1319 1287 1645 1340 incommodi
1701 1286 1925 1340 verbera
1970 1285 2109 1338 rcci-

560 1376 736 1443 piunt,
777 1385 830 1430 et
880 1377 1104 1429 vulnera
1153 1376 1438 1431 luctator-ia
1485 1384 1738 1446 reputant
1783 1391 1879 1444 pro
1912 1375 2109 1428 litteris

558 1469 1048 1531 reconciliatoriis,
1087 1484 1224 1536 opus
1256 1469 1418 1538 gladii
1461 1483 1560 1537 pro
1598 1484 1766 1537 opere
1815 1465 2110 1531 amici,ja-

558 1557 862 1611 culaticnes
899 1572 994 1624 pro
1023 1558 1506 1618 celebrationibus,
1552 1556 1769 1609 letbalia
1803 1570 1900 1623 pro
1935 1553 2112 1606 vivifi-

559 1649 658 1711 ris,
707 1650 993 1702 tenebrosa
1016 1664 1112 1712 pro
1149 1648 1363 1711 lucidis,
1393 1648 1584 1701 bellica
1610 1662 1707 1715 pro
1737 1645 1998 1715 paciﬁcis,
2021 1661 2108 1698 ve-

2198 562 2412 630 λόμενοι
2445 560 2713 628 βάλλουσι,
2733 561 2826 614 καὶ
2847 559 3143 627 ἀμύνονται
3175 555 3543 625 ἀμυνόμενοι·
3571 543 3738 600 οὗτοι
3757 545 3820 596 δὲ

2201 653 2451 722 ἀοράτοις
2496 653 2705 720 ἐχθροῖς
2731 649 3269 718 ἀντιπαλαμὼμενοι,
3303 644 3401 698 καὶ
3446 639 3820 708 ἀπροόπτοις

2201 741 2520 799 ἀντιπάλοις
2551 740 2897 802 παλαίοντες,
2959 737 3179 804 ἀφανῶς
3212 734 3576 799 τοξαζόμενοι
3621 730 3821 794 ἐμφα-

2202 834 2306 896 νῶς
2359 832 2728 896 ἀντιτοξόιζειν
2769 834 2830 884 οὐ
2855 830 3149 887 ’δύνανται.
3205 828 3301 879 καὶ
3332 826 3411 886 ὡς
3439 818 3816 890 τραυματίαι

2161 916 2163 918 ’
2207 922 2698 989 τραυματιζόμενοι
2726 922 2825 973 οὐκ
2855 919 3238 984 ἀποτολμῶσιν
3264 909 3819 980 ἀντιτραυματέζειν

2205 1013 2291 1065 διὰ
2341 1013 2439 1082 τὴν
2487 1013 2580 1064 τοῦ
2623 1013 2946 1076 πλήττοντος
2994 1009 3238 1076 ἄγνοιαν.
3279 1007 3353 1058 Τὸ
3379 1006 3437 1056 δὲ
3470 1004 3676 1072 μεῖζον
3714 999 3818 1051 καὶ

2206 1105 2387 1155 πᾶσαν
2448 1102 2776 1171 ὑπερϐαίνον
2841 1104 3123 1168 κακότητα
3173 1099 3323 1150 ἔστιν
3373 1096 3463 1146 ὅτε
3519 1092 3820 1158 πονηρίαν

2208 1193 2672 1260 καταικιζόμενοι,
2700 1191 2995 1259 ἀπονήρως
3040 1189 3136 1249 τὰς
3177 1189 3451 1256 μάστιγας
3516 1183 3818 1250 δέχονται,

2209 1285 2305 1338 καὶ
2325 1284 2633 1352 λογίζονται
2683 1282 2750 1335 τά
2792 1281 3163 1348 παλαιστήρια
3226 1277 3529 1347 τραύματα
3593 1271 3823 1325 καταλ-

2208 1375 2473 1444 λακτήρια
2504 1375 2824 1442 γράμματα,
2856 1371 3142 1440 φιλεργίαν
3172 1370 3269 1438 τὴν
3307 1365 3646 1435 ξιφουργίαν
3670 1404 3687 1426 ,
3726 1363 3823 1414 δο-

2211 1463 2454 1527 ξεύματα
2491 1463 2560 1515 τά
2588 1461 2920 1530 τοξεύματα,
2959 1457 3285 1522 ζωοποιάτά
3312 1452 3656 1523 φθοροποιά,
3695 1466 3823 1515 (pm-

2208 1555 2403 1607 τοποιά
2432 1555 2499 1606 τὰ
2526 1551 2838 1615 σκοτοποιά,
2879 1553 3128 1620 εἰρηναῖα
3158 1550 3225 1601 τά
3265 1549 3515 1615 μάχιμα,
3579 1543 3659 1595 τὰ
3721 1541 3825 1608 δη-

2211 1645 2448 1714 λητήρια
2491 1644 2731 1712 ίατήρια,
2762 1642 2831 1694 τά
2883 1640 3096 1694 δυσωδά
3147 1638 3348 1698 εὐωδά,
3398 1635 3495 1688 καὶ
3551 1631 3824 1700 σωτήρια

563 1751 696 1790 uena
743 1753 836 1804 pro
865 1739 1131 1798 remediis,
1171 1737 1353 1790 fmtida
1413 1750 1508 1803 pro
1542 1733 2106 1796 odoriferis,exitiosa

2217 1735 2283 1787 τὰ
2331 1734 2572 1804 ὀλέθρια.
2621 1733 2727 1785 Τοῦ
2784 1730 3170 1814 σκότουςγγάρ
3224 1723 3711 1796 προστατεύοντες
3769 1720 3821 1770 οἱ

567 1840 663 1891 pro
695 1826 1051 1880 salutaribus.
1089 1825 1216 1878 Nam
1254 1826 1345 1893 qui
1382 1825 1620 1878 tenebris
1653 1823 1983 1892 prmsideant
2015 1836 2109 1875 eo-

566 1931 682 1968 rum
720 1916 925 1976 hostes,
979 1916 1028 1967 in
1088 1915 1324 1969 obscuro
1351 1915 1652 1981 sagittam,
1709 1911 1812 1964 tela
1853 1910 2113 1963 ententito

566 2004 853 2069 fallacique
886 2006 1042 2058 melle
1085 2015 1311 2071 ungunt.
1352 2005 1574 2071 Oportet
1619 2002 1784 2070 igitur
1815 2010 1872 2054 ut
1913 2000 2004 2067 qui
2046 1999 2114 2052 ab

566 2095 816 2149 hostibus
850 2095 950 2147 sub
981 2107 1259 2161 aspectum
1303 2109 1409 2148 non
1448 2093 1769 2146 cadentibus
1796 2091 2114 2159 impugnan-

566 2195 674 2246 tur,
710 2193 947 2252 tempore
979 2194 1060 2239 Sai
1096 2189 1286 2246 multo,
1336 2199 1398 2237 ac
1437 2199 1528 2250 per
1562 2184 1776 2250 longam
1809 2183 1946 2234 cotis
1978 2195 2106 2233 exa-

566 2275 835 2329 cutionem
882 2276 1202 2343 probentur,
1251 2289 1422 2340 eoque
1458 2275 1615 2324 modo
1646 2273 1727 2325 vel
1771 2271 2112 2338 rejiciantur,

565 2363 646 2415 vel
684 2364 737 2415 in
764 2362 921 2415 stadii
960 2376 1213 2415 cursores
1242 2368 1586 2429 eooptentur.

635 2495 690 2550 ι.
728 2493 793 2546 Ει
827 2496 939 2548 haec
973 2494 1192 2562 quidem
1229 2493 1422 2545 littera»
1465 2502 1566 2544 tuae
1604 2490 1976 2544 continebant.
2002 2488 2114 2542 Nos

567 2592 744 2638 autem
784 2585 1040 2644 dicimus.
1071 2598 1323 2652 magnum
1370 2585 1510 2636 inter
1536 2592 1757 2636 sanctos
1789 2579 1977 2635 Patres
2013 2581 2113 2631 Ba-

568 2673 770 2735 silium,
795 2673 1210 2729 C:esariensiunt
1241 2673 1493 2743 gloriam,
1527 2680 1578 2725 et
1620 2671 1786 2725 totius
1821 2672 1972 2725 orbis
2001 2685 2116 2722 ma-

567 2764 817 2827 gistrum,
857 2766 909 2814 in
947 2763 1061 2816 suis
1085 2763 1344 2815 divinitus
1386 2755 1594 2815 edoctis
1637 2761 1985 2815 sermonibus
2025 2759 2118 2827 qui

565 2853 969 2906 exercitationis
992 2853 1305 2906 monasticae
1327 2853 1553 2906 formant
1583 2852 1962 2920 przescribunt,
1984 2865 2119 2917 prae-

569 2945 868 3011 sertimque
921 2944 971 2996 in
1003 2957 1110 2995 uno
1142 2944 1355 2995 illorum
1391 2943 1482 3011 qui
1537 2943 1646 2995 haec
1679 2942 1745 2994 ad
1790 2941 2014 2996 verbum
2058 2945 2112 2994 in

570 3035 726 3087 titulo
777 3035 1145 3103 complectitur
1185 3033 1498 3103 :Numquid
1543 3043 1756 3087 cunctos
1811 3036 2114 3088 accedentes

2215 1827 2425 1888 τούτοις
2477 1824 2899 1891 ἀντιμαχόμενοι
2927 1860 2942 1884 ,
2987 1811 3044 1872 ιν
3105 1818 3416 1886 σκοτομήνῃ
3475 1813 3816 1878 τοξάζουσι,

2210 1918 2275 1971 τά
2306 1918 2434 1986 βέλη
2470 1914 2816 1983 ψευδομέλιτι.
2842 1911 3109 1980 χρίοντες.
3139 1909 3260 1974 Χρὴ
3298 1907 3482 1959 τοίνυν
3517 1905 3660 1966 τοὺς
3718 1919 3821 1955 πο-

2210 2008 2575 2074 λεμουμένους
2615 2005 2702 2056 ὑπ’
2749 2000 2996 2067 ἀοράτων
3050 1999 3263 2066 ἐχθρῶν
3313 1995 3399 2062 ἐφ’
3456 1993 3652 2045 ίκανόν
3716 1991 3819 2044 καὶ

2211 2099 2278 2152 δι’
2314 2097 2638 2164 ἀκονίστρας
2672 2095 2892 2162 μακρᾶς
2921 2089 3335 2158 δοκιμάζεσθαι,
3394 2089 3496 2152 καὶ
3541 2085 3732 2145 οὕτως
3781 2083 3816 2151 ἦ

2214 2187 2736 2259 ἀποδοκιμάζεσθαι,
2767 2186 2801 2254 ἢ
2837 2185 2952 2246 τοῖς
3000 2181 3325 2242 σταδιώταις
3373 2176 3813 2232 συντάττεσθαι.

2283 2503 2347 2553 δ’.
2419 2497 2531 2550 Καὶ
2585 2496 2650 2548 τὰ
2700 2495 2796 2563 μὲν
2832 2494 2932 2563 τῆς
2997 2492 3222 2562 γραφῆς
3275 2508 3371 2544 σου
3450 2490 3512 2542 ὲν
3562 2489 3810 2550 τούτοις.

2223 2588 2411 2658 Ἡμεῖς
2436 2586 2492 2638 δέ
2519 2602 2700 2652 φαμεν
2726 2585 2800 2646 ὡς
2832 2584 2859 2635 ὁ
2893 2581 3065 2652 μέγας
3095 2583 3152 2633 ὲν
3183 2581 3366 2648 ἁγίοις
3395 2579 3662 2648 Πατράσι
3703 2579 3814 2630 Βα-

2216 2679 2430 2742 σίλειος,
2468 2677 2577 2728 τῶν
2607 2674 2942 2746 Καισαρέων
2976 2673 3037 2725 τὸ
3082 2671 3366 2741 καύχημα,
3405 2671 3504 2724 καὶ
3559 2672 3664 2738 τῆς
3731 2669 3815 2720 οἰ-

2218 2771 2485 2840 κουμένης
2517 2767 2857 2830 διδάσκαλος,
2885 2770 2941 2820 ὲν
2966 2767 3075 2823 τοῖς
3099 2763 3447 2816 ὑποτυποῦσι
3488 2761 3592 2830 τὴν
3633 2760 3816 2830 ἄσκη-

2219 2875 2302 2911 σιν
2361 2857 2718 2918 θεοδιδάκτοις
2768 2856 2947 2923 λόγοις
2989 2852 3176 2913 αὑτοῦ,
3215 2853 3313 2905 καὶ
3378 2851 3587 2919 μᾶλλον
3619 2851 3683 2901 ὲν
3729 2850 3813 2902 ἐνὶ

2217 2949 2421 3002 τούτων
2448 2947 2867 3015 διαλαμϐάνοντι
2899 2943 3050 3014 παρά
3108 2945 3206 3013 τὴν
3250 2943 3576 3011 ἐπιγραφὴν
3629 2941 3813 2994 ταῦτα

2222 3038 2398 3106 ῥητῶς
2459 3054 2478 3087 ί
2541 3036 2768 3103 Πότερον
2837 3033 2943 3105 χρὴ
2999 3033 3207 3092 πάντας
3279 3033 3407 3095 τοὺς
3470 3031 3813 3099 προσιόντας

568 3127 837 3179 conveniat
873 3127 1167 3186 admittere,
1204 3142 1270 3178 an
1305 3127 1509 3194 aliquos
1554 3135 1759 3179 tantum
1790 3137 1840 3180 et
1878 3144 1962 3181 eos
1988 3145 2112 3180 con-

2219 3092 2549 3198 δέχεσθαι,ἢ
2595 3092 2766 3191 τινάς,
2797 3092 2889 3179 uel
2930 3092 3105 3186 ἐὐθὺς
3140 3125 3340 3185 αὐτοὺς
3383 3092 3743 3189 προσίεσθαι,
3775 3124 3808 3191 ἢ

567 3217 840 3284 confestim
880 3219 1121 3285 recipere,
1176 3227 1268 3269 aut
1294 3234 1410 3269 cum
1442 3218 1767 3285 probatione,
1793 3236 1954 3290 eaque
1985 3237 2118 3288 qua-

567 3309 648 3362 li?
670 3307 916 3371 delinire,
955 3307 1122 3374 utqui
1155 3308 1336 3361 volunt
1368 3307 1482 3361 leve
1528 3308 1736 3361 Domini
1761 3308 1950 3378 jugum
1983 3311 2117 3364 sub-

568 3400 666 3461 ire,
708 3398 1083 3460 admittantnr,
1139 3412 1244 3451 non
1314 3400 1673 3465 repellantur;
1737 3400 1879 3454 nolle
1936 3411 2114 3455 tamen

568 3499 627 3541 ut
678 3489 840 3542 illotis
889 3490 1134 3542 manibus
1167 3497 1352 3543 sancta
1387 3497 1639 3552 tractent,
1677 3489 1769 3544 sed
1812 3491 1949 3545 velle
1972 3501 2030 3545 ut
2071 3493 2116 3546 si

571 3580 661 3646 qui
693 3595 877 3633 eorum
916 3576 1238 3649 perfectiora
1271 3581 1520 3649 dogmata
1550 3581 1820 3649 ignorent,
1854 3583 2117 3650 quosdam

578 3684 706 3723 vero
739 3685 916 3722 mores
957 3670 1125 3725 malos
1158 3671 1604 3739 promiscuosque
1645 3672 1818 3726 edocti
1839 3674 1970 3736 sint,
2009 3675 2121 3730 dis-

569 3759 789 3828 quisitio
843 3762 952 3820 liat,
987 3760 1388 3829 doceantur-que
1423 3771 1475 3813 et
1501 3761 1564 3814 ad
1591 3763 1784 3817 melius
1810 3764 2115 3818 reformen-

573 3861 679 3914 tur,
715 3851 896 3918 sicque
929 3866 1047 3904 cum
1091 3853 1488 3906 exercitatione
1512 3869 1572 3905 ac
1611 3855 1985 3923 exploratione
2027 3873 2118 3912 ac-

570 3949 774 4000 curata,
816 3939 895 3991 vel
958 3939 1302 4006 recipiantur,
1357 3941 1438 3993 vel
1491 3942 1829 3996 emittantur.
1888 3941 2116 4000 Frustra

570 4045 698 4099 ergo
749 4039 800 4084 et
855 4030 1137 4083 calumnia:
1190 4030 1464 4098 proposito
1537 4034 1874 4088 mentiuntur
1925 4045 2114 4088 contra

571 4119 1099 4182 sanctnm'l’atrem,
1135 4122 1226 4189 qui
1263 4121 1519 4187 praedicta
1585 4124 1896 4180 fabulantur
1956 4135 2116 4194 atque

569 4210 904 4278 contingunt.

642 4341 695 4394 5.
729 4340 892 4394 Porro
913 4343 1038 4410 quia
1064 4344 1304 4396 nonnulli
1328 4356 1601 4408 asserunt,
1634 4363 1885 4416 magnum
1918 4351 2124 4404 l’acbo-

571 4433 761 4495 mium,
787 4434 1004 4500 quando
1037 4434 1104 4487 al)
1137 4437 1325 4503 angelo
1359 4439 1690 4493 monacbalis
1726 4442 1847 4495 vitae
1876 4444 2120 4513 disciplio

2222 3218 2358 3286 μετά
2379 3217 2716 3284 δοκιμασίας,
2741 3217 2836 3270 καὶ
2871 3217 3027 3278 ποίας
3073 3214 3278 3282 ταύτης
3306 3230 3354 3278 ;›
3398 3211 3812 3282 προσδέχεσθαι

2222 3311 2319 3377 μὲν
2351 3308 2443 3361 καὶ
2499 3307 2572 3377 μὴ
2628 3307 2966 3360 ἀπωθεῖσθαι
3018 3305 3315 3374 διορίζεται
3368 3305 3496 3365 τοὺς
3546 3303 3813 3364 θέλοντας

2220 3391 2470 3454 ὑπελθεῖν
2501 3399 2592 3451 τδν
2615 3399 2848 3467 ἐλαφρὸν
2885 3398 2978 3451 τοῦ
3020 3398 3228 3468 Κυρίου
3283 3397 3479 3461 ζυγόν·
3552 3395 3806 3454 ἀνίπτοις

2219 3491 2274 3544 δὲ
2301 3492 2456 3561 χερσὶ
2484 3491 2590 3544 τῶν
2615 3491 2785 3557 ἁγίων
2818 3490 3161 3559 ἐφάπτεσθαι
3185 3491 3286 3541 οὐκ
3315 3488 3569 3540 εὐδοκεῖ·
3598 3487 3723 3539 ἀλλ’
3763 3485 3815 3537 εἴ

2219 3601 2359 3647 τινες
2381 3583 2583 3636 τούτων
2637 3582 2744 3635 εἰσὶ
2771 3583 2900 3651 περὶ
2930 3582 3028 3650 μὲν
3061 3582 3129 3635 τά
3158 3578 3468 3648 τελεώτερα
3519 3581 3635 3631 τῶν
3686 3579 3812 3646 δογ-

2222 3675 2406 3744 μάτων
2429 3675 2720 3736 ἀδίδακτοι,
2752 3675 2882 3742 περὶ
2919 3673 2976 3724 δέ
3007 3690 3128 3725 τινα
3165 3671 3377 3738 πονηρά
3408 3669 3505 3721 καὶ
3525 3669 3812 3738 ἀδιάφορα

2221 3766 2327 3836 ἡθη
2350 3764 2666 3828 ὲνδίδακτοι,
2703 3765 3017 3833 ἀνακρίνειν
3045 3762 3244 3823 αὐτοὺς
3273 3763 3368 3813 καὶ
3396 3759 3682 3811 διδάσκειν
3715 3762 3808 3811 καῖ

2221 3856 2688 3928 μεταρῤυθμίζειν
2739 3857 2828 3909 ἐπὶ
2890 3855 2950 3907 τὸ
2997 3855 3246 3922 βέλτιον,
3310 3853 3406 3904 καὶ
3463 3852 3612 3905 οὕτω
3667 3855 3811 3921 μετά

2218 3949 2522 4018 γυμνασίας
2547 3949 2640 4000 καὶ
2671 3947 2866 4016 πείρας
2895 3946 3154 4017 ἀκριϐοῦς
3207 3947 3239 4015 ἢ
3295 3945 3630 4014 προσίεσθαι
3676 3944 3811 3997 τού-

2216 4057 2358 4104 τους,
2394 4039 2427 4106 ἦ
2455 4039 2905 4107 ἀποπέμπεσθαι.
2938 4039 3133 4106 Μάτην
3163 4037 3345 4089 τοίνυν
3388 4036 3486 4089 καὶ
3518 4053 3809 4104 συκοφαν-

2218 4133 2342 4201 τικῇ
2373 4129 2684 4198 προαιρέσει
2730 4127 3154 4197 καταψεύδονται
3189 4127 3282 4179 τοῦ
3314 4127 3472 4194 ἁγίου
3506 4128 3728 4195 Πατρὶς
3760 4130 3808 4180 οἱ

2217 4225 2285 4276 τὰ
2318 4221 2552 4292 ρηθέντα
2579 4219 3047 4290 μυθοσκοποῦντες
3077 4219 3170 4271 καὶ
3193 4218 3659 4280 ἀναπλάττοντες.

2290 4356 2349 4409 ε’.
2388 4355 2541 4411 Ἐπεὶ
2571 4357 2625 4408 δέ
2653 4371 2793 4418 τινες
2824 4355 3072 4422 λέγουσιν
3117 4353 3191 4414 ὡς
3219 4356 3248 4404 ὁ
3277 4353 3450 4421 μέγας
3479 4353 3808 4422 Παχώμιος,

2223 4449 2328 4502 ὑπὸ
2355 4448 2585 4514 ἀγγέλου
2620 4446 3013 4516 χρηματισθεὶς
3068 4446 3163 4513 τὴν
3224 4445 3316 4496 τοῦ
3362 4450 3636 4513 μονήρους
3691 4445 3809 4512 βίου

567 4540 692 4579 nam
727 4527 991 4579 miraculo
1041 4526 1269 4585 edoctus
1312 4527 1431 4592 fuit,
1486 4543 1608 4584 cum
1668 4532 1790 4586 aliis
1841 4535 2112 4598 didicisse,

2227 4538 2518 4606 διαγωγὴν,
2554 4538 2718 4604 ἔμαθε
2745 4539 2882 4604 μετά
2904 4535 3013 4589 τῶν
3043 4538 3217 4589 ἄλλων
3250 4537 3324 4597 ὡς
3345 4537 3440 4586 ἐπὶ
3470 4539 3722 4600 τριετίαν
3759 4538 3808 4586 οἱ

568 4614 799 4669 triennio
830 4615 1160 4671 exercendas
1189 4633 1308 4672 esse
1334 4633 1427 4672 eos
1449 4621 1538 4688 qui
1560 4637 1680 4675 rasa
1709 4632 1938 4691 gestant,
1965 4637 2123 4693 atque

569 4707 642 4758 ita
675 4706 757 4759 vel
799 4708 1256 4762 consuntmandos
1287 4724 1384 4776 per
1418 4711 1848 4767 benedictionem
1903 4725 1958 4769 et
1997 4727 2120 4770 ton-

571 4811 775 4859 suram,
804 4800 886 4852 vel
907 4799 1278 4866 reprobandos
1302 4809 1464 4867 atque
1493 4802 1558 4855 ad
1586 4804 1816 4871 priorem
1842 4806 1894 4858 in
1917 4809 2120 4862 mundo

570 4897 767 4941 statum
812 4890 1198 4956 dimittendos;
1236 4891 1458 4945 audiant
1500 4893 1575 4946 illi
1627 4909 1879 4962 quoque;
1940 4899 2116 4952 fabula

571 4991 754 5044 aperte
785 4989 865 5033 est
896 4990 950 5034 et
973 4980 1225 5035 Satanica
1255 4981 1554 5036 ludiﬁcatio
1579 4984 1840 5041 adversus
1863 5003 2114 5058 magnum

571 5068 803 5123 Patrem.
836 5069 983 5125 Libri
1017 5073 1216 5141 quippe
1245 5073 1392 5127 illius
1426 5090 1534 5127 non
1559 5090 1588 5128 a
1612 5077 1767 5131 nobis
1803 5080 1996 5144 solum,
2025 5083 2117 5134 sed

569 5161 729 5214 etiam
776 5163 844 5215 ab
889 5163 1009 5217 aliis
1066 5163 1311 5231 pluribus
1361 5165 1664 5220 divinarum
1717 5186 1898 5223 rerum
1932 5173 2117 5240 peritis

570 5249 787 5312 evoluti,
819 5249 918 5301 alia
958 5253 1171 5319 quidem
1204 5266 1327 5306 cum
1363 5258 1658 5309 monastica
1697 5259 1898 5326 pietate
1925 5277 2116 5317 conve~

572 5333 769 5389 nientia
808 5338 1096 5392 decernere
1139 5340 1527 5408 ostenduntur;
1569 5345 1634 5398 de
1666 5349 1982 5414 probatione
2019 5368 2115 5406 au-

569 5436 694 5484 tem,
725 5441 786 5480 ac
815 5428 1068 5492 triennio,
1117 5438 1168 5482 ct
1205 5446 1324 5485 rasa
1360 5432 1678 5500 ferentibus,
1728 5449 1819 5492 aut
1853 5458 1969 5495 rasa
2007 5459 2112 5496 non

571 5519 883 5580 l'vrrntibus,
919 5519 1048 5572 nihil
1080 5521 1130 5572 in
1164 5521 1294 5589 ipsis
1325 5527 1692 5591 conscriptum
1720 5540 1819 5583 est.

646 5672 725 5748 (ἢ
758 5676 1111 5748 Δοκιμσσίας
1140 5678 1204 5729 δὲ
1227 5679 1355 5744 πέρι
1389 5681 1482 5732 καί
1513 5683 1780 5748 τριετίσσ.
1828 5685 1939 5737 Non
1977 5689 2120 5739 vide-

574 5743 659 5793 tur
691 5741 972 5799 lialsanion
1011 5747 1203 5811 legisse
1239 5741 1326 5800 aut
1361 5741 1554 5805 salleni
1585 5741 1841 5805 memoria
1878 5758 2114 5811 tenuisse

2224 4628 2642 4698 ρασοφοροῦντες
2679 4631 3061 4698 γυμνάζονται,
3095 4630 3189 4681 καὶ
3220 4627 3391 4688 οὕτως
3415 4627 3446 4694 ἢ
3467 4627 3808 4679 τελειοῦνται

2219 4719 2286 4772 δι’
2319 4719 2565 4786 εὐλογίας
2591 4721 2683 4772 καὶ
2709 4720 3086 4787 ἀποκάρσεως,
3119 4719 3150 4789 ἢ
3181 4717 3685 4785 ἀποδοκιμάζονται
3713 4722 3810 4771 καὶ

2219 4812 2354 4880 πρὸς
2387 4811 2483 4880 τὴν
2513 4811 2783 4879 προτέραν
2840 4812 3110 4880 κοσμικὴν
3145 4812 3482 4863 κατάστασιν
3541 4811 3808 4863 ἀπολύον-

2219 4915 2306 4951 ται
2331 4915 2346 4930 ⁸
2382 4899 2767 4951 ἀκουσάτωσαν
2795 4899 2886 4950 καὶ
2913 4900 3064 4951 αὐτοί
3091 4917 3106 4932 ο
3143 4899 3309 4967 μῦθος
3357 4901 3628 4968 ἄντικρύς
3691 4906 3807 4953 ἐστι

2220 4991 2313 5041 καὶ
2343 4991 2619 5060 ὲρεσχελία
2644 4989 2903 5060 σατανικὴ
2945 4990 3086 5043 κατὰ
3133 4991 3217 5042 τοῦ
3276 4992 3517 5059 μεγάλου
3566 4994 3804 5061 Πατρός.

2220 5082 2284 5132 Al
2312 5081 2417 5150 γὰρ
2463 5081 2630 5148 βίὸλοι
2676 5081 2863 5134 τούτου
2907 5082 3267 5151 ἀνελιχθεῖσαι
3315 5085 3390 5150 μὴ
3437 5086 3591 5150 παρὰ
3628 5087 3807 5150 μόνων

2219 5171 2395 5240 ἡμῶν,
2423 5172 2554 5223 ά)λά
2587 5173 2674 5223 καὶ
2706 5170 2834 5242 παρ’
2887 5173 3087 5241 ἑτέρων
3119 5174 3329 5224 πολλῶν
3387 5176 3518 5242 περὶ
3561 5177 3629 5225 τὰ
3685 5176 3802 5226 θεῖα

2219 5262 2424 5322 δεινῶν,
2450 5261 2580 5314 ἄλλα
2615 5263 2709 5328 μὲν
2744 5264 2807 5329 τῇ
2848 5264 3113 5330 μοναχικῇ
3172 5260 3432 5331 εὐλαϐείᾳ
3486 5263 3800 5328 κατάλληὶα

2224 5350 2572 5411 θεσπίζουσαι
2615 5352 2912 5417 φαίνονται,
2941 5351 3260 5420 δοκιμασίας
3290 5353 3345 5404 δὲ
3371 5352 3498 5418 πέρι
3529 5353 3625 5403 καὶ
3653 5373 3705 5419 1;.
3721 5370 3799 5405 t2-

2222 5442 2340 5500 τίας
2375 5443 2448 5508 (‘2)
2477 5444 2567 5492 καὶ
2594 5442 3032 5511 ρασῡφορούντων
3069 5444 3161 5494 καὶ
3199 5445 3272 5511 μὴ
3321 5445 3797 5513 paco-pomata”,

2222 5534 2371 5581 οὐδὲν
2398 5532 2618 5592 ταύταις
2650 5535 3038 5599 ἐγγέγραπται.

2236 5689 2515 5768 ξιικίιιιίριιῑ
2539 5703 2588 5743 et
2611 5690 2834 5768 Palladi
2853 5696 3158 5768 testimonia
3180 5695 3245 5749 dc
3263 5695 3545 5768 Pachomii
3571 5698 3790 5768 llegula.

2225 5759 2325 5809 Τὶν
2478 5763 2742 5813 συνοικεῖν
2781 5763 2965 5824 αὐτοῖς
3001 5763 3323 5826 βουλόμινον
3377 5759 3676 5836 πρότεραι-Γ
3701 5770 3792 5819 ἐπὶ
