3998 6448
489 382 622 446 136Ἱ
1707 374 1984 434 ΤῙΙΕιΠ).
2033 373 2510 435 ΒΑΙιδεΧΜέλΧΙΞ
3629 372 3778 435 1368

484 515 608 567 erga
638 495 806 550 Deum
853 493 1079 554 amoris.
1131 508 1252 546 cum
1293 489 1618 561 probatione
1650 504 1757 542 non
1800 487 2056 542 mediocri

2199 490 2345 552 ὐτοῦ,
2377 489 2511 558 μετά
2544 490 2866 560 δηιιμασίας
2890 490 2988 542 οὐκ
3021 490 3248 554 ἀγενοῦε
3275 488 3775 558 παραστξσεσθαι.

486 587 823 650 exhibuerit,
857 587 973 640 haec
1025 583 1092 639 ad
1139 585 1366 638 verbum
1423 581 1683 635 admonet
1735 598 1748 634 :
1804 579 1931 633 [duo
1977 577 2058 632 sic

2204 582 2336 637 αὕτα
2368 585 2546 653 ρητῶς
2604 582 3033 652 παρακελεύεται
3057 583 3130 649 (οὗ)
3169 599 3182 613 ·
3227 583 3327 634 Διά
3375 580 3538 634 τοῦτο
3589 580 3776 636 οὓτως

487 678 864 747 ιιιιιιςιιιυίιιιιυθ
890 676 1133 746 antiquis
1163 674 1519 732 facultatibus
1569 672 1828 734 nudatur,
1881 682 1939 724 ut
1966 686 2057 723 ne-

2196 694 2388 739 καστος
2419 677 2717 746 γυμνοῦται
2754 677 2831 748 (5)
2870 677 2967 746 τῆς
3011 679 3244 746 ἀρχαίας
3281 675 3633 744 περιουσίας,
3692 672 3775 734 ὡς

488 790 592 842 quc
619 773 796 840 ipsum
827 770 1214 825 indumentum
1243 783 1355 838 quo
1395 767 1630 820 amictus
1683 764 1852 827 venit,
1901 762 2057 815 dein-

2191 772 2302 837 ιηδέ
2339 771 2470 824 αὐτὸ
2502 772 2560 823 τὸ
2621 770 2823 840 ἔνδυμα
2869 771 2898 823 ὃ
2935 771 3404 840 περιϐεϐλημένος
3458 766 3620 839 ἦλθε,
3667 767 3770 820 τοῦ

485 881 613 933 ceps
647 874 860 933 gestare
901 862 1254 931 permittatur
1283 877 1297 915 :
1337 874 1520 913 verum
1551 857 1767 912 cunctis
1795 855 2056 909 fratribus

2195 863 2352 916 οιποῦ
2402 864 2585 932 φορεῖν
2654 861 3095 932 συγχωρεῖσθαιο
3138 862 3275 915 ἀλλά
3333 861 3446 914 τῶν
3505 860 3771 928 ἀδελφῶν

483 955 828 1025 congregatis
883 957 1180 1023 productus
1235 953 1290 1007 in
1348 951 1608 1011 medium,
1670 950 1787 1005 suis
1838 947 2057 1004 exuitur

2193 954 2382 1009 πάντων
2440 955 2814 1024 συνηγμένων,
2870 953 3164 1024 προαχθεὶς
3209 956 3287 1017 είς
3342 953 3403 1006 τδ
3443 952 3639 1022 μέσον,
3672 953 3772 1003 ἐκ·

482 1046 746 1111 vestibus,
771 1059 975 1114 perque
1009 1059 1203 1098 manus
1236 1042 1447 1098 abbatis
1477 1040 1812 1096 indumentis
1868 1051 2061 1093 mona-

2197 1049 2345 1101 ύεται
2378 1047 2445 1100 τὰ
2477 1047 2584 1100 ῐδια
2617 1047 2828 1114 ἱμάτια,
2860 1047 2955 1100 καὶ
2982 1047 3071 1099 διά
3099 1046 3207 1098 τῶν
3237 1046 3438 1115 χειρῶν
3477 1043 3577 1096 τοῦ
3612 1042 3770 1096 assa

482 1138 636 1194 sterii
660 1138 919 1192 amicitur
949 1154 964 1202 ;
1004 1150 1114 1206 quo
1146 1151 1240 1204 per
1277 1133 1592 1203 hujusmodi
1626 1141 1811 1202 typum
1842 1142 1894 1185 et
1928 1130 2058 1202 θειλ-
2161 1140 2424 1207 ὲνδύμασι
2453 1139 2544 1192 τοῦ
2579 1137 2943 1209 μοναστηρίου
2993 1137 3492 1206 μεταμφιέννυται·
3526 1133 3610 1198 ὡς
3670 1133 3769 1186 διὰ

483 1246 600 1284 ram
638 1240 922 1298 agnoscat,
981 1229 1127 1300 quod
1191 1227 1446 1280 omnibus
1509 1224 1696 1278 mundi
1764 1223 1948 1288 rebus,
2003 1232 2057 1277 et

2188 1233 2351 1285 robtou
2372 1231 2467 1285 τοῦ
2498 1229 2670 1284 τύπου
2698 1229 2990 1297 ἐπιγνῶναι
3024 1228 3186 1281 αύτδν
3223 1227 3328 1290 δτι,
3371 1227 3596 1280 πάντων
3645 1224 3767 1277 τῶν

480 1323 742 1392 iactantia
796 1321 1047 1390 fastuque
1113 1318 1374 1381 nudatus,
1417 1324 1792 1384 paupertatem
1850 1313 2053 1369 Christi

2184 1323 2446 1393 ιοσμικῶν
2475 1321 2816 1392 πραγμάτων
2848 1321 3070 1390 καὶτῆς
3111 1317 3432 1383 ἀλαζονείας
3495 1317 3597 1370 καὶ
3659 1315 3763 1368 τοῦ

483 1414 683 1477 induit,
719 1413 977 1482 quodque
1004 1416 1254 1479 prompte
1281 1409 1414 1461 citra
1440 1405 1828 1461 verecundiam
1856 1413 2056 1459 semet—

2188 1417 2330 1484 τύφου
2363 1416 2693 1486 γυμνωθεὶς,
2723 1416 3011 1470 ἐνεδύσατο
3045 1415 3143 1485 τὴν
3165 1413 3439 1483 πτωχείαν
3469 1410 3566 1464 τοῦ
3624 1412 3767 1480 Χρι-

481 1504 661 1573 ipsum
697 1509 954 1558 accenset
1005 1499 1364 1569 adaequatque
1394 1495 1608 1566 corpori
1661 1494 2052 1550 fraternitatis.

2184 1506 2312 1571 ιτοῢ,
2347 1508 2441 1561 καὶ
2464 1508 2545 1560 ὅτι
2578 1507 3021 1577 ἀνεπαισχύντως
3052 1505 3376 1576 συναριθμεῖ
3417 1502 3620 1558 ἐαυτὸν
3658 1505 3763 1555 καὶ

479 1593 825 1651 Vestimenta
885 1607 1013 1648 vero
1066 1608 1187 1662 qua
1246 1592 1397 1646 exuit
1449 1604 1678 1645 sumens
1736 1587 2053 1643 monasterii

2186 1599 2329 1663 ,ξισοί
2358 1600 2435 1669 τῷ
2464 1599 2674 1667 σώματι
2703 1600 2802 1668 τῆς
2842 1599 3221 1666 ἀδελφότητος.
3267 1599 3349 1651 Ta
3405 1597 3463 1651 δέ
3487 1597 3690 1666 ἱμάτια
3727 1595 3765 1647 ἃ

482 1701 826 1750 ωουηοηιυε,
863 1683 1030 1738 multo
1063 1691 1304 1751 tempore
1335 1688 1517 1735 servat
1572 1679 1831 1748 seposita,
1879 1678 2056 1732 donec

2189 1692 2478 1757 ιποδύεται,
2503 1690 2680 1746 λαϐὼν
2702 1694 2730 1745 ὁ
2753 1693 3034 1760 οἰκονόμος
3061 1691 3161 1760 τῆς
3205 1690 3398 1759 μονῆς,
3438 1691 3531 1742 ἐπὶ
3587 1687 3768 1740 πολὺν

480 1793 811 1850 progressus
839 1778 947 1843 sui,
993 1785 1047 1831 et
1083 1777 1242 1831 bona
1282 1773 1747 1836 conversationis,
1808 1787 1874 1827 ac
1922 1773 2056 1824 tote.

2191 1785 2350 1855 [ρόνον
2389 1783 2665 1852 φυλάττει,
2701 1785 2970 1854 ἀφορίσας
3023 1784 3130 1846 ἕως
3158 1783 3446 1853 προκοπῆς
3500 1783 3606 1850 τῆς
3655 1781 3770 1832 αύ-

485 1872 680 1926 rantiae
737 1871 791 1924 in
848 1869 1017 1923 variis
1066 1866 1483 1929 tentationibus,
1530 1864 2053 1920 demonstrationem

2189 1836 2256 1926 iis
2285 1874 2378 1927 καὶ
2401 1836 2762 1942 ’ἀναστροφῆς
2796 1836 2891 1927 καί
2922 1836 3326 1943 ὔιπομονῆςιτῆς
3361 1836 3442 1925 εἴ
3470 1836 3768 1940 διαφόροις

483 1965 798 2036 prmbuerit.
835 1963 900 2017 Et
931 1963 974 2017 si
1003 1978 1125 2016 eum
1158 1961 1376 2031 quidem
1414 1958 1870 2029 deprehenderint
1897 1973 2056 2028 posse

2190 1970 2484 2035 ιειρασμοῖς
2509 1967 2782 2032 ἀπόδειξιν
2812 1967 3092 2037 παράσχῃ.
3127 1965 3240 2019 Καὶ
3266 1965 3315 2016 εί
3365 1965 3466 2032 μὲν
3513 1965 3769 2034 εὕρωσιν

486 2059 542 2110 in
575 2057 643 2111 iis
676 2069 1048 2126 perseverare,
1097 2069 1306 2109 necnon
1360 2054 1412 2107 in
1473 2053 1656 2107 studio
1697 2066 1763 2106 ac
1819 2053 2056 2116 fervore,

2189 2058 2320 2111 ιύτδν
2381 2058 2676 2125 δυνάμενον
2725 2058 2932 2122 τούτοις
2976 2059 3352 2126 ἐγκαρτερεῖν,
3414 2056 3510 2108 καὶ
3566 2057 3626 2107 ἐν
3693 2055 3768 2122 τῇ

487 2167 596 2214 quo
624 2150 790 2218 coepit
823 2162 1165 2218 permanere,
1194 2161 1318 2202 eum
1345 2161 1470 2198 cum
1501 2144 1726 2214 reliquis
1756 2158 2057 2198 connume-

2186 2151 2363 2221 ιπουδῇ
2391 2152 2482 2203 καὶ
2515 2151 2762 2221 διαπύρῳ
2797 2150 2975 2222 θέρμῃ
3097 2148 3360 2219 ἐνήρξατο
3400 2147 3765 2217 διαμένοντα,

488 2251 656 2307 rant;
698 2242 781 2295 sin
823 2254 950 2294 vero
987 2238 1206 2308 aliquod
1235 2236 1683 2292 murmurationis
1720 2237 1933 2301 vitium,
1963 2243 2056 2290 aut

2187 2244 2274 2305 τοῖς
2329 2242 2537 2305 λοιποῖς
2587 2241 3047 2312 συναριθμοῠσινο
3104 2244 3153 2294 εί
3203 2240 3260 2292 δέ
3326 2256 3380 2291 τι
3433 2237 3766 2306 γογγυσμοῦ

489 2332 782 2401 cujuslibet
808 2331 1188 2386 inobedieutize
1228 2337 1515 2398 peccatum
1564 2332 1616 2383 in
1658 2329 1780 2396 ipso
1813 2327 2060 2382 animad-

2193 2333 2476 2402 λάττωμα,
2520 2333 2554 2402 ἢ
2584 2333 2868 2403 παρακοῆς
2897 2331 3222 2400 οῑασδήποτε
3257 2332 3316 2382 ἐν
3373 2328 3527 2398 αὺτῷ
3580 2329 3767 2396 ἀμαρ-

490 2425 777 2486 verterint,
836 2436 1045 2480 exuunt
1083 2423 1287 2494 quibus
1315 2439 1344 2477 e
1378 2423 1708 2478 monasterio
1747 2422 2058 2485 induerant,

2189 2425 2285 2479 τίαν
2320 2423 2736 2495 καταμάθωσιν,
2767 2423 3088 2484 ἐκδύσαντες
3131 2421 3321 2474 τοῦτον
3393 2420 3544 2489 ειπερ
3578 2417 3768 2470 ἐνεδύ-

490 2528 544 2570 rt
576 2517 932 2572 szecularibus
985 2517 1320 2572 indumentis
1376 2524 1711 2577 contectum,
1748 2530 1778 2569 e
1808 2515 2057 2584 qmnobio

2165 2532 2296 2570 σατο
2318 2516 2384 2568 ἐκ
2411 2515 2505 2568 τοῦ
2540 2514 2926 2584 μοναστηρίου,
2952 2513 3047 2566 καὶ
3097 2513 3213 2573 τοῖς
3259 2511 3563 2579 κοσμικοῖς
3614 2505 3738 2558 ἐνδύ

492 2611 753 2678 ι·]ὶείιιιιι;
789 2617 846 2663 ιιι
877 2625 939 2664 ex
977 2609 1077 2664 hoc
1103 2610 1364 2678 deinceps
1393 2609 1693 2680 disciplinae
1725 2609 1922 2678 rigore,
1956 2623 2061 2663 non

2183 2623 2303 2660 ιασι
2331 2606 2519 2660 τοῦτον
2543 2605 2950 2677 περιϐαλόντες,
2972 2601 3318 2657 ἀπωθοῦνται
3335 2600 3431 2652 τοῦ
3465 2597 3762 2651 κοινοϐίου·

495 2703 549 2756 in
579 2710 829 2771 promptu
863 2703 934 2757 sit
963 2702 1168 2756 volenti
1204 2717 1304 2771 pro
1329 2702 1481 2756 libitu
1518 2703 1771 2757 recedere
1803 2716 1834 2755 a
1867 2715 2058 2756 mona-

2187 2702 2242 2764 ὓς
2273 2700 2337 2752 ἐκ
2367 2699 2570 2766 ταύτης
2592 2698 2779 2751 λοιπὸν
2830 2698 2934 2766 τῆς
2985 2694 3271 2766 ἀκριϐείας
3331 2694 3406 2762 μὴ
3476 2691 3766 2761 εὐχέρειαν

495 2794 697 2858 sterio;
735 2793 830 2849 sed
883 2793 976 2864 qui
1005 2794 1155 2848 omni
1193 2794 1355 2848 modo
1386 2809 1492 2847 non
1525 2801 1810 2864 permanet
1859 2794 1912 2847 in
1960 2808 2062 2848 sua

2186 2788 2309 2846 ιῐναι
2337 2791 2417 2861 τῷ
2447 2791 2758 2862 βουλομένῳ
2783 2790 2859 2852 ὡς
2904 2790 3096 2858 ἔτυχεν
3152 2787 3463 2856 ἀναχωρεῖν
3507 2786 3612 2852 τῆς
3670 2799 3765 2850 μο-

495 2887 854 2956 professione,
893 2886 1228 2942 mundanum
1260 2890 1517 2942 vestitum
1569 2887 1818 2957 recipiat,
1877 2887 2068 2956 sicque

2185 2887 2266 2954 ιῆς
2293 2901 2308 2916 ⁸
2335 2885 2472 2938 ἀλλά
2503 2884 2594 2936 τὸν
2625 2883 2699 2954 μὴ
2726 2882 3031 2952 ἐμμένοντα
3053 2879 3195 2932 κατὰ
3223 2878 3404 2931 πάντα
3429 2876 3644 2945 τρόπον
3698 2877 3764 2943 τῇ

495 2987 650 3032 extra
678 2981 1077 3034 monasterium
1111 2980 1382 3033 mittatur.

2185 2981 2279 3051 δίᾳ
2306 2979 2568 3049 ὁμολογίᾳ
2631 2975 3012 3047 μετενδύεσθαι
3061 2974 3161 3042 τὴν
3203 2971 3481 3040 κοσμικὴν
3537 2969 3764 3038 ἐσθῆτα,

2172 3075 2266 3126 καὶ
2294 3073 2468 3134 οὕτως
2494 3071 2823 3124 ἀπολύεσθαι
2847 3069 2940 3121 τοῦ
2970 3067 3359 3138 μοναστηρίου.

569 3181 622 3234 8.
661 3179 848 3234 Dicant
872 3193 1000 3248 ergo
1031 3179 1121 3249 qui
1160 3186 1347 3233 contra
1383 3178 1626 3234 sentiunt
1659 3194 1672 3232 :
1705 3177 1972 3246 numquid
2003 3193 2064 3231 ex
2095 3166 2141 3225 (Σ

2244 3189 2312 3254 η’.
2348 3183 2674 3237 Είπάτωσαν
2711 3181 2803 3236 οὖν
2831 3183 2880 3234 οί
2901 3182 3187 3245 ἀντίθετοι,
3219 3181 3330 3232 ἀπὸ
3351 3178 3461 3232 τῶν
3501 3178 3770 3250 ῥημάτων

499 3270 679 3325 verbis
706 3270 790 3324 his
823 3285 1051 3340 magnus
1075 3271 1176 3324 iste
1226 3269 1388 3324 Pater
1422 3269 1675 3324 concedit
1703 3270 1749 3322 ei
1788 3270 1880 3339 qui
1912 3283 2068 3322 exer-

2189 3279 2380 3332 rod'rtov
2411 3275 2684 3328 ἐνδίδωσιν
2713 3275 2741 3326 ό
2773 3274 2947 3343 μέγας
2973 3272 3130 3333 οὗτος
3162 3270 3355 3340 Πατὴρ
3378 3269 3454 3339 τῷ
3485 3270 3768 3338 γυμναζο·

500 3370 674 3420 cetur,
703 3377 884 3414 rasum
926 3370 1143 3432 gestare
1169 3370 1224 3416 et
1249 3363 1642 3418 monachorum
1691 3361 1936 3415 habitum
1973 3376 2068 3416 su-

2192 3370 2320 3440 ιένῳ
2367 3368 2687 3436 ῥασοφορεῖν
2711 3366 2801 3418 καὶ
2829 3363 3403 3432 μετασχηματίζεσθαι
3431 3360 3581 3414 κατὰ
3604 3379 3771 3432 μονα-

502 3467 674 3509 luere.
706 3467 1039 3521 rursumque
1090 3459 1294 3506 mutata
1355 3454 1625 3508 sententia
1685 3452 2067 3522 transfigurari

2184 3465 2299 3535 χοῦς
2324 3505 2337 3526 ,
2369 3463 2463 3515 καὶ
2492 3459 2647 3521 αὖθις
2680 3459 2742 3510 ἐκ
2773 3456 3136 3527 μεταμελείας
3202 3452 3763 3523 ἀποσχηματίζεσθαι

503 3546 559 3598 in
597 3545 835 3598 laicum?
865 3544 1026 3610 Sane,
1062 3544 1341 3614 inquiunt.
1378 3545 1577 3598 Dellnit
1609 3545 1776 3606 enim,
1812 3559 1936 3598 eum
1971 3545 2067 3612 qui

2183 3557 2314 3609 κατὰ
2332 3553 2584 3618 λαῖκούςς
2615 3550 2738 3614 Ναὶ,
2761 3551 2891 3616 φασί
2921 3563 2936 3577 °
2960 3547 3251 3617 διορίζεται
3272 3546 3382 3616 γὰρ
3403 3545 3498 3598 τδν
3525 3563 3762 3616 προσερ-

503 3638 712 3693 accedit
728 3640 847 3692 exui
881 3640 1074 3692 vestitu
1102 3653 1261 3705 quem
1293 3637 1510 3706 gerebat
1533 3638 1751 3706 quando
1782 3641 1848 3690 ad
1885 3651 2074 3692 mona-

2185 3649 2400 3718 χύμενον
2424 3643 2784 3698 ἀπεκδύεσθαι
2815 3643 2841 3694 ὃ
2868 3639 3232 3694 ἐνεδιδύσκετο
3254 3639 3459 3706 ἔνδυμα
3479 3639 3572 3690 ὅτε
3595 3633 3764 3708 ἦλθεν

504 3726 732 3782 sterium
757 3729 920 3791 venit,
958 3729 1222 3796 illumque
1259 3729 1510 3782 vestitum
1543 3730 1593 3781 in
1634 3736 1753 3782 tuto
1783 3729 2071 3792 custodiri,

2188 3742 2254 3800 είς
2279 3738 2377 3807 τὴν
2411 3737 2598 3805 μονὴν,
2634 3734 2726 3787 καὶ
2760 3735 2816 3785 ἐν
2870 3731 3052 3799 ἀσύλῳ
3087 3728 3641 3800 παραφυλάττεσθαι,
3679 3727 3767 3780 διὰ

505 3819 684 3887 ipsqu
710 3834 839 3873 vero
875 3828 1080 3872 mutata
1115 3831 1266 3872 veste
1295 3835 1392 3893 per
1421 3835 1614 3875 manus
1659 3821 1871 3874 abbatis
1912 3820 2076 3874 indu-

2188 3833 2232 3885 δὲ
2261 3831 2367 3882 τῶν
2398 3827 2595 3898 χειρῶν
2621 3827 2713 3878 τοῦ
2753 3824 2894 3877 ἀϐϐἄ
2938 3822 3197 3890 ἐνδύμασι
3251 3819 3346 3873 τοῦ
3393 3823 3767 3888 μοναστηρίου

509 3908 706 3962 mentis
741 3909 1059 3963 monasterii
1091 3908 1301 3972 vestiri,
1332 3919 1390 3961 ut
1424 3910 1642 3978 quando
1694 3909 1908 3963 vocabit
1937 3920 2074 3963 tem-

2186 3895 2701 3992 μεταμφιέννυσθαι,
2737 3913 3158 3984 ἴνα,κα).οῦντος
3215 3895 3432 3981 καιροῦ,
3482 3911 3584 3962 ἐάν
3643 3910 3765 3962 ἀδό-

509 4013 634 4067 pus,
673 3998 720 4052 si
748 3997 1143 4066 improbandus
1178 3997 1232 4050 in
1277 3997 1584 4052 monachali
1643 3998 1750 4051 vita
1801 4008 2074 4066 appareat,

2187 4030 2342 4082 κιμος
2375 4012 2504 4081 περὶ
2528 4011 2617 4062 τὸν
2646 4009 2852 4079 μονήρη
2911 4007 3024 4075 βίον
3081 4006 3360 4080 ἀναφανῇ,
3409 4003 3479 4056 τὰ
3537 4003 3643 4072 μὲν
3674 4003 3766 4054 τοῦ

507 4090 756 4146 vestibus
789 4090 1106 4144 monasterii
1138 4097 1393 4151 exuatur,
1419 4090 2075 4154 saecularibusinduatur,

2190 4103 2544 4176 μοναστηρίου
2574 4100 2753 4170 ἄμφια
2800 4097 3101 4166 ἀπεκδυθῇ,
3135 4096 3203 4147 τά
3231 4094 3287 4146 δὲ
3321 4092 3572 4162 κοσμικά
3617 4093 3769 4145 ἐνδυ-

511 4195 676 4253 atque
701 4183 1010 4236 dimittatur
1040 4198 1069 4236 e
1106 4183 1453 4236 monasterio.
1484 4181 1640 4248 Quod
1670 4191 1846 4236 autem
1887 4198 2078 4235 mona-

2188 4199 2283 4268 θῇο
2311 4195 2523 4250 καὶτοῦ
2563 4191 2920 4263 μοναστηρίου
2966 4187 3254 4258 μοναχικά,
3305 4188 3372 4238 τὰ
3419 4186 3478 4240 δέ
3521 4185 3767 4253 κοσμικά

514 4274 666 4331 sterii
728 4285 929 4338 vestes,
984 4276 1094 4328 sint
1145 4273 1516 4336 monachales,
1567 4274 1856 4329 saeuiares
1926 4288 2076 4338 vero,

2186 4291 2365 4353 λαῖκά,
2387 4289 2488 4341 οὐκ
2514 4286 2797 4356 ἠγνόηται.
2839 4284 2946 4335 Καὶ
2987 4281 3093 4349 μὴν
3121 4280 3221 4331 οὐκ
3247 4274 3402 4330 εἶπεν
3460 4279 3491 4330 ὁ
3547 4279 3765 4346 Πατὴρ,

516 4367 688 4431 laicaa,
723 4380 826 4418 non
863 4374 947 4417 est
981 4365 1244 4433 ignotum.
1271 4365 1526 4419 Attamen
1567 4379 1674 4418 non
1706 4363 1845 4417 dixit
1897 4363 2078 4429 Pater,

2190 4381 2457 4451 ἐνδύματα
2491 4378 2626 4447 μόνα
2655 4377 2747 4429 καὶ
2776 4373 3007 4440 πενιχρὰ
3043 4369 3493 4440 προσερχόμενον
3527 4368 3769 4436 ἀμφιέν-

516 4474 641 4512 eutn
677 4457 768 4527 qui
807 4456 1035 4519 accedit,
1099 4455 1519 4516 induivestibus
1577 4455 1862 4518 duntaxat,
1905 4456 2080 4523 iisque

2186 4473 2397 4533 νυσθαι,
2441 4469 2555 4522 ἀλλ’
2591 4467 2860 4534 ἐνδύματα
2927 4461 3019 4514 τοῦ
3074 4459 3460 4528 μοναστηρίου.
3528 4459 3595 4510 El
3658 4458 3765 4526 γάρ

517 4549 748 4612 vilibus,
775 4547 869 4601 sed
896 4547 1134 4600 veStibus
1168 4547 1497 4599 monasterii.
1535 4544 1668 4601 Nam
1702 4546 1747 4600 si
1775 4546 1913 4600 forte
1943 4546 2084 4598 mili-

2188 4563 2314 4622 ἴσως
2352 4557 2680 4629 στρατιώτου
2729 4556 2792 4623 δὴ
2858 4553 3174 4621 ἐνδυμενίαν
3217 4548 3640 4616 περιεϐέϐλητο,
3703 4550 3767 4600 ἐκ

521 4643 592 4696 tis
624 4642 882 4693 amictum
912 4639 1185 4700 habuerit,
1209 4653 1274 4690 ex
1315 4653 1574 4706 purpura,
1607 4638 1688 4690 vel
1733 4637 1898 4691 etiam
1950 4651 2089 4690 auro

2185 4649 2508 4719 κογχύληςῆ
2536 4648 2631 4699 καὶ
2660 4644 3056 4714 χρυσόπαστον,
3087 4641 3385 4710 διατρίϐειν
3409 4642 3467 4691 ἐν
3504 4643 3570 4708 τῇ
3631 4644 3763 4709 μονῇ

522 4736 908 4792 intertextum,
934 4728 1260 4783 commorari
1295 4728 1346 4780 in
1377 4726 1706 4780 monasterio
1731 4742 1848 4778 cum
1879 4741 1943 4779 eo
1977 4741 2084 4778 non

2188 4742 2324 4812 μετά
2356 4739 2557 4809 ταύτης
2605 4738 2666 4789 ού
2719 4733 3254 4803 παραχωρηθήσεται
3319 4731 3406 4784 διὰ
3460 4729 3563 4799 τὴν
3592 4731 3765 4798 ἀπρέ-

524 4823 893 4894 permittctnr,
950 4829 1060 4872 tum
1113 4828 1332 4888 propter
1390 4817 1792 4880 indecentiam,
1846 4825 1959 4870 tum
2022 4833 2088 4871 ne

2186 4827 2367 4894 πειαν,
2395 4831 2486 4882 καὶ
2512 4827 2597 4879 ίνα
2645 4826 2717 4893 μὴ
2763 4825 2965 4892 γαυριᾷ
3019 4822 3081 4874 τὸ
3131 4822 3289 4888 σῶμα
3327 4824 3438 4882 τοῖς
3503 4823 3765 4886 μαλακοῖς

528 4929 731 4983 corpus
761 4912 1015 4966 mollibus
1038 4912 1368 4965 indumentis
1395 4921 1708 4964 enervatum
1732 4923 1848 4963 sese
1873 4907 2081 4962 efferat.

2190 4918 2406 4990 ἀμφίοις
2429 4915 2799 4984 θρυπτόμενον
2823 4930 2837 4944 ο
2873 4912 3011 4979 μετᾶ
3045 4910 3100 4962 δὲ
3129 4911 3366 4961 εὐτελῶν
3416 4908 3644 4976 ἀμφίων
3687 4910 3769 4960 ἐν-

530 5002 736 5056 Verum
789 5003 953 5054 laicos
990 5000 1105 5053 vult
1145 5015 1265 5052 cum
1326 4999 1475 5065 parvi
1535 4997 1687 5062 pretii
1737 4992 2092 5055 indumentis,

2192 5009 2418 5078 δυμενίᾳ
2443 5005 2825 5076 προσηκόντων
2847 5003 3065 5064 λαῖκοὺς
3099 5003 3193 5054 καὶ
3219 5005 3285 5068 τῇ
3313 5003 3447 5068 μονῇ
3476 4999 3766 5068 διαφερόν-

533 5094 754 5151 amictui
789 5089 1265 5151 convenientibus,
1303 5089 1366 5140 ad
1408 5087 1791 5140 monasterium
1822 5085 2094 5152 pertinen-

2189 5117 2297 5154 των
2327 5099 2780 5167 ἀναστρέφεσθαι.
2815 5096 2909 5146 Ἐκ
2940 5095 2995 5147 δὲ
3024 5095 3115 5145 τοῦ
3164 5094 3337 5144 εἰπεῖν
3396 5093 3622 5160 Πατέρα
3669 5109 3765 5158 με·

537 5189 701 5248 tihns,
745 5185 969 5239 versari.
1013 5183 1086 5236 Ex
1120 5197 1181 5235 eo
1211 5190 1391 5233 autrtn
1421 5179 1564 5248 quod
1619 5178 1778 5230 Pater
1809 5177 1965 5237 dicit,
1999 5190 2094 5229 eos

2190 5185 2619 5240 τενδιδύσκεσθαι
2650 5187 2773 5245 τοὺς
2808 5183 3274 5252 προσερχομένους
3294 5183 3363 5233 τὰ
3391 5183 3682 5250 μοναχικά,
3705 5182 3763 5233 οὐ

538 5279 630 5347 qui
671 5277 1003 5330 accesserint
1060 5275 1314 5326 vestitum
1377 5287 1535 5325 suum
1597 5271 1648 5321 in
1713 5268 2090 5322 monachalem

2193 5279 2516 5346 παρίσταται
2581 5276 2638 5339 ἐξ
2686 5274 3089 5341 ἀντιδιαστολῆς
3159 5273 3429 5340 μοναχικά
3493 5272 3602 5341 πρὸ
3670 5272 3766 5336 τῆς

540 5378 897 5430 commutare,
948 5383 1053 5420 non
1092 5363 1294 5421 indicat
1324 5379 1416 5430 per
1455 5360 1881 5430 oppositionetn,
1946 5361 2091 5426 ipsos

2197 5370 2556 5436 μετενδύσεως
2612 5368 2808 5428 αὐτοὺς
2847 5364 3243 5434 ἀμφιέννυσθαι
3280 5381 3292 5394 ο
3346 5364 3503 5416 οὐδὲν
3559 5364 3666 5430 γὰρ
3698 5357 3765 5429 ἦν

615 5520 691 5596 (1)
725 5526 842 5578 ιη’·
879 5538 1032 5596 "’10"
1067 5520 1120 5573 5'
1158 5590 1180 5596 _
1287 5587 1300 5596 _
1437 5584 1448 5596 ,
1834 5582 1844 5596 ,
1983 5580 2020 5596 η
2207 5520 2554 5596 μονιτξηρίῳ
2595 5517 2913 5584 ἀναχωρῶν,
2968 5519 3063 5569 οὐκ
3111 5516 3428 5584 ἀνεχώρησέ
3484 5535 3587 5578 σοι,
3655 5521 3766 5570 ἀλλ’

614 5580 690 5665 (si
727 5592 1065 5665 meam
1111 5590 1221 5665 τῆς
1269 5584 1519 5665 ἀρχαίας
1570 5580 2096 5665 περερνσίαςς.ιιιιε
2706 5580 2974 5665 amau-
3044 5587 3100 5638 ρο
3500 5589 3767 5665 ,ἐχώρησέ

545 5653 908 5737 μεῖ-ιίηειιιέηι
947 5653 1210 5737 οοχίρεςίε
1250 5658 1641 5737 conjecturam.
1669 5653 1957 5737 ‘Athanasiii
1999 5666 2090 5704 seu

2205 5673 2305 5737 σοι.
2349 5655 2407 5708 Si
2443 5656 2621 5706 villam
2656 5657 2954 5721 possedisti,
2986 5672 3100 5707 cum
3137 5657 3185 5706 in
3218 5657 3601 5737 monasterium
3629 5653 3764 5711 sece-

546 5721 720 5807 ;iotius
760 5733 980 5787 alterius
1004 5721 1298 5807 Sy'utagtAua
1328 5721 1682 5807 .tlo‘ctriuaalad
1721 5721 2011 5807 monachos
2038 5731 2091 5800 ιιι
2201 5726 2371 5807 εἰει-εδ.
2407 5741 2506 5775 non
2542 5741 2640 5775 tum
2677 5735 2840 5776 (rrum
2874 5726 3109 5786 arcessit,
3151 5724 3239 5776 sed
3287 5723 3470 5778 illudis
3498 5738 3660 5795 atque
3702 5727 3765 5779 il-

543 5788 882 5864 tltt'istiauos
907 5788 1116 5860 omnes,
1140 5788 1306 5868 p732.
1328 5796 1451 5847 Ἐὰν
1483 5791 1679 5862 χωρίον
1703 5788 1960 5855 κέκτησαι
1987 5829 1998 5852 ,
2033 5795 2088 5840 εν

830 5819 882 5859 os
907 5788 1116 5860 omnes,
1140 5788 1306 5868 p722.
1328 5796 1451 5847 Ἐὰν
1483 5791 1679 5862 χωρίον
1703 5788 1960 5855 κέκτησαι
1987 5829 1998 5852 ,
2033 5795 2088 5840 ‘av
2200 5795 2409 5847 (um-is.
