3998 6466
241 393 375 455 1373

1383 390 1606 450 EPIST
1664 391 1762 451 DE
1805 389 2314 452 ilASOPllORlS.

3330 386 3462 449 ιιι-ιι

237 507 481 576 γίνεσθαι
519 525 535 540 ο
569 507 689 560 οὐδὲ
725 507 831 576 γὰρ
864 507 1010 560 εἴποι
1058 523 1146 570 τις
1171 505 1298 574 τοὺς
1336 508 1539 577 μίμους
1569 508 1657 561 διὰ
1682 525 1796 578 τρι-

1917 525 2000 564 nec
2027 510 2172 562 enim
2206 507 2402 562 dixerit
2433 507 2554 577 quis
2586 507 2779 561 mimos
2815 523 2907 575 per
2932 507 3250 574 capillorum
3281 518 3467 559 tonsu-

238 602 348 669 χῶν
379 601 760 669 ἀποκάρσεως,
809 601 901 651 καὶ
934 599 1093 667 ἁγίας
1134 599 1306 667 εὐχῶν
1339 599 1561 666 τελετῆς
1613 602 1796 668 μιμείο

238 690 358 742 σθαι
392 689 486 758 τὴν
515 689 808 757 μοναδικὴν
834 688 1035 756 βιοτὴν,
1076 687 1393 740 κάντεῦθεν
1427 685 1664 739 νοεῖσθαι
1703 688 1797 740 καὶ

245 779 770 848 τιετασχηματισμὸν
824 779 924 846 τὴν
962 779 1270 844 ἀπόκαρσιν
1309 794 1324 811 ·
1355 776 1472 838 πῶς
1520 778 1674 829 αὐτοὶ
1710 777 1797 829 ἐν·

240 871 565 928 θουσιιῖιντες
634 868 944 928 σατανικῶς
996 867 1369 938 ἀσχημονοῦσι
1428 866 1798 932 φαυλιστικῶς

239 961 376 1011 κατὰ
406 961 505 1026 τῆς
537 960 872 1026 μονοτρόπου
901 955 1180 1026 διαγωγῆς
1209 976 1223 1022 ;
1279 959 1413 1009 ὅπου
1445 973 1508 1023 γε
1551 959 1579 1009 ὁ
1633 974 1800 1008 κατα-

243 1049 498 1118 ττρωθεὶς
529 1049 740 1102 ἄνωθεν
771 1055 812 1099 ε’
839 1047 1017 1100 κανὼν
1047 1048 1146 1116 τῆς
1173 1049 1230 1098 ὲν
1283 1049 1801 1099 Κωνσταντινουπό-

239 1144 316 1192 λει
377 1142 598 1210 πρώτης
661 1145 754 1193 καὶ
813 1141 1077 1207 δευτέρας
1165 1140 1412 1200 συνόδου,
1479 1139 1635 1207 εἴπερ
1690 1134 1802 1206 εἶχε

241 1230 419 1293 ζῶσαν
451 1230 628 1300 ᾳωνὴν
655 1231 747 1282 καὶ
777 1229 990 1282 ὠλενὶσι
1027 1231 1120 1281 καὶ
1166 1229 1444 1296 παλάμαις
1491 1230 1800 1296 ἐστήρικτο,

241 1323 300 1373 οὐ
336 1323 589 1383 κοτύλαις
616 1323 875 1389 ἐλέγχων.
910 1321 1026 1374 ἀλλ’
1066 1323 1208 1381 ὅλοις
1247 1320 1444 1385 πίθοις,
1487 1320 1688 1381 αὐτοὺς
1737 1319 1803 1372 ἂν

241 1415 620 1482 ἐπεστόμισεν.
691 1414 827 1466 Ἰδοὺ
856 1414 964 1483 γὰρ
1010 1415 1103 1466 καὶ
1169 1413 1332 1472 αὐτὸς
1389 1411 1492 1464 ὑπὸ
1543 1411 1804 1477 Πατέρων

242 1506 416 1571 ἁγίων
447 1504 863 1574 τελεσφορηθεὶς
893 1507 987 1556 καὶ
1016 1504 1350 1573 ἡλικιωθεὶς,
1381 1504 1474 1555 καὶ
1507 1502 1610 1554 ὑπὸ
1638 1499 1804 1556 Πνεύ-

242 1613 409 1664 ματος
438 1595 593 1660 ἁγίου
623 1595 995 1663 ὁμματωθεὶς,
1027 1594 1133 1647 ὑπὸ
1164 1595 1371 1648 τούτων
1433 1593 1543 1646 τῶν
1575 1594 1807 1662 ὑποκρι-

243 1687 347 1738 τῶν
387 1685 762 1754 ἐρωτώμενος.
791 1687 938 1747 ὅπως
962 1687 994 1754 ἡ
1023 1684 1115 1737 τοῦ
1143 1682 1678 1754 μετασχηματισμοῦ
1706 1700 1805 1752 ση-

243 1777 416 1846 μασία
477 1779 681 1828 νοεῖται
731 1777 826 1828 καὶ
868 1775 1290 1846 ἑκλαμϐἀνεται,
1342 1773 1484 1828 κατὰ
1537 1774 1807 1841 Στέντορα

1899 618 2037 665 ram,
2074 610 2126 655 et
2147 607 2392 656 sanctam
2425 614 2647 668 precum
2675 599 3050 662 initiationcm,
3081 601 3245 652 vitam
3278 614 3465 652 monac

1901 693 2094 746 sticam
2157 691 2383 753 imitari,
2444 691 2677 759 indeque
2739 706 2832 759 per
2889 671 3133 743 habitum
3193 699 3462 743 inutatum

1900 782 2127 849 intelligi
2163 791 2481 846 tonsuram;
2541 797 2649 849 quo
2701 781 2862 834 tundo
2907 782 2941 833 ii
2979 780 3234 833 Satanico
3286 779 3468 832 furore

1901 874 2162 942 correpti,
2195 874 2441 940 improbe
2484 881 2538 925 et
2566 874 2917 938 contemptim
2951 871 3094 926 lonia
3129 871 3335 923 Lit-inut
3370 873 3467 923 ad-

1902 981 2094 1020 versus
2160 966 2464 1019 solitarium
2523 965 2644 1018 vitae
2715 965 2965 1018 statum?
3029 963 3466 1030 quandoquidem

1904 1071 2067 1123 supra
2101 1057 2339 1110 insertus
2372 1070 2547 1108 canon
2598 1056 2823 1122 quintus
2856 1051 3468 1118 Constantinopolitanae

1905 1148 2095 1216 synodi
2129 1148 2311 1210 prima:
2338 1155 2392 1200 et
2413 1147 2684 1206 secundze,
2728 1149 2771 1198 si
2803 1146 2921 1198 viva
2959 1161 3089 1198 voce
3125 1153 3384 1205 uteretur,
3421 1144 3467 1195 si

1906 1239 2050 1291 ulnis
2078 1238 2443 1304 manibusque
2493 1239 2838 1298 consisteret,
2894 1252 3000 1288 non
3043 1236 3236 1304 t'olylis
3289 1249 3469 1298 repre-

1905 1328 2172 1393 hendens,
2204 1329 2298 1382 sed
2325 1329 2451 1382 totis
2472 1328 2654 1389 doliis,
2686 1343 2871 1380 eorum
2905 1343 2966 1379 os
2995 1327 3299 1378 obturaret.
3330 1324 3468 1378 Ecce

1906 1421 2051 1474 enim
2105 1421 2150 1473 is
2199 1435 2226 1471 a
2279 1420 2489 1472 sanctis
2543 1418 2800 1473 Patribus
2862 1416 3132 1485 pet-femus
3182 1417 3379 1474 editus,
3419 1421 3472 1467 et

1907 1509 2149 1572 adultus,
2182 1519 2344 1575 atque
2371 1523 2399 1560 a
2425 1505 2630 1574 Spiritu
2651 1515 2844 1560 sancto
2869 1506 3142 1566 oculatus,
3178 1519 3271 1572 per
3307 1505 3473 1555 lmsce

1909 1600 2219 1668 liypocritas
2249 1607 2304 1652 et
2348 1598 2696 1652 simulatores
2729 1598 3131 1664 interrogatus,
3170 1610 3276 1662 quo
3316 1605 3474 1658 pacto

1908 1689 2406 1758 transligurationis
2454 1688 2732 1742 deuotatio
2767 1685 3115 1754 intelligenda
3155 1687 3226 1737 sit
3281 1698 3344 1736 ac
3380 1696 3474 1736 su-

1913 1780 2133 1842 menda,
2181 1779 2352 1831 instar
2386 1778 2658 1833 Stentoris
2692 1776 2946 1832 clamavit
2977 1793 2989 1827 :
3025 1773 3142 1828 Non
3175 1782 3260 1827 est
3287 1785 3475 1826 mona-

243 1871 514 1936 κὲκραγεν
544 1885 559 1899 ο
591 1868 707 1920 υύκ
737 1867 851 1920 ἔστι
883 1867 946 1919 τὸ
980 1871 1270 1934 μοναχικὸν
1310 1864 1497 1936 σχῆμα
1529 1864 1808 1926 τελείωσις

1915 1869 2087 1922 cbalis
2124 1869 2341 1922 babitus
2370 1877 2424 1921 et
2467 1869 2660 1935 ﬁgura,
2713 1866 3059 1922 consecratio
3115 1875 3468 1930 tonsuraque,

244 1962 337 2011 καὶ
367 1961 702 2028 ἀπόκαρσις,
735 1958 870 2011 ἀλλὰ
912 1958 1222 2028 μοναχικῶν
1247 1957 1468 2025 ἁμφίων
1524 1955 1807 2024 περιεολή.

244 2049 345 2102 Δύο
359 2050 465 2119 γὰρ
485 2049 767 2117 προτίθησι
794 2048 1070 2117 σχήματα,
1100 2048 1360 2116 κοσμικδν
1377 2045 1472 2098 καὶ
1495 2045 1809 2113 μοναχικὸν,

246 2141 338 2194 καί
361 2160 489 2209 φησι
510 2141 613 2210 πρὸ
631 2141 727 2208 τῆς
741 2143 976 2209 τριετίας
999 2139 1198 2206 μηδένα
1211 2137 1303 2190 τοῦ
1330 2135 1622 2206 μοναχικοῦ
1648 2152 1813 2188 κατα-

243 2233 486 2298 ξιοῦσθαι
521 2235 817 2302 σχήματος,
841 2232 889 2283 ει
923 2231 996 2300 μὴ
1025 2233 1082 2283 ἐν
1112 2230 1352 2299 σχήματι
1371 2227 1622 2295 κοσμικῷ
1643 2226 1810 2296 ἥνυσὲ

245 2342 324 2383 τις
357 2324 468 2392 βίον
501 2325 792 2392 μοναχικόν
817 2340 831 2354 ·
862 2325 980 2376 τότε
1015 2322 1121 2390 γὰρ
1151 2324 1242 2374 καὶ
1276 2320 1632 2387 ἑξαμηνιαῖος
1655 2319 1793 2388 πρὸς

244 2412 563 2478 δοκιμασίαν
596 2412 828 2479 ἀρκέσει
861 2412 1074 2479 καιρός.

317 2523 404 2590 ιγ’.
450 2526 776 2576 Είπάτουσαν
809 2525 988 2576 τοίνυν
1019 2526 1197 2586 αὐτοὶ,
1232 2526 1350 2586 πῶς
1385 2527 1412 2575 ὁ
1447 2539 1806 2592 μετασχημα-

245 2617 440 2682 τισμός
490 2619 570 2676 είς
600 2617 905 2684 ἀπόκαρσιν
949 2617 1394 2685 ἐκληφθήσεται;
1447 2615 1542 2666 τοῦ
1588 2615 1812 2675 κανόνος

248 2709 601 2772 μεμνημένου
657 2708 748 2757 καὶ
783 2708 1062 2776 σχήματος
1112 2705 1401 2775 κοσμικοῦ.
1472 2706 1596 2756 Ἐὰν
1631 2707 1664 2774 ἡ
1716 2705 1810 2756 τοῦ

246 2797 523 2865 σχήματος
577 2799 824 2866 σημασία
881 2799 1002 2851 ἀντὶ
1051 2797 1384 2851 τελειοποιοῦ
1447 2798 1812 2865 ἀποκάρσεως

245 2887 511 2955 ἐκληιρθῇ,
546 2887 765 2955 νοηθείη
798 2888 888 2939 καὶ
919 2889 980 2939 τὸ
1009 2887 1372 2955 εύαγγελικδν
1426 2889 1577 2958 ῥῆμα
1638 2889 1713 2958 (8)
1751 2889 1812 2941 τὸ

245 2980 424 3045 λέγον,
482 2979 736 3047 Παρὰγει
766 2978 874 3048 γὰρ
901 2981 966 3032 τὸ
997 2979 1207 3048 σχῆμα
1245 2981 1353 3033 τοῦ
1395 2982 1630 3050 κόσμου
1675 2983 1811 3036 τού-

248 3087 376 3134 του,
417 3072 496 3132 εἰς
548 3071 908 3140 ἀποκάρσεως
937 3072 1532 3138 σημαινόμενονίόπερ
1581 3074 1808 3125 ἄτοπον.

262 3161 537 3222 Ὡσαύτως
586 3164 680 3210 καὶ
757 3162 838 3221 τὸ,
904 3161 1342 3231 Ἐσχηματίσατο
1423 3163 1628 3230 φιλίαν,
1697 3167 1811 3228 καὶ,

262 3252 695 3319 Ἐσχηματίσατο
734 3252 1178 3319 δικαιοπραγίαν,
1212 3254 1304 3305 καὶ
1334 3253 1400 3306 τὰ
1440 3255 1624 3308 λοιπά.
1675 3255 1817 3307 Τού-

248 3359 358 3393 των
393 3344 449 3394 δὲ
487 3342 630 3394 οὕτω
663 3352 733 3411 μὴ
792 3343 1301 3413 ὲκλαμδανομὲνων,
1331 3347 1502 3415 ἄραρε
1530 3348 1816 3412 μοναδικόν

249 3429 386 3486 εἶναι
419 3433 604 3501 σχῆμα
641 3434 713 3503 μὴ
743 3433 902 3500 μόνον
927 3435 1022 3485 τὸν
1060 3435 1198 3503 μετὰ
1225 3436 1585 3504 ἀποκάρσεως
1638 3453 1808 3505 μετα-

251 3527 654 3594 σχηματισμὶν,
687 3525 824 3578 ἀλλὰ
852 3528 944 3578 καὶ
973 3526 1062 3578 τὸν
1091 3527 1159 3578 δι’
1200 3527 1444 3595 ἐσθήτων
1505 3529 1812 3598 μοναδικῶν

254 3619 698 3687 μεταμφιασμόν.
735 3617 854 3679 Πῶς
881 3617 933 3668 δέ
960 3635 1044 3679 τις
1074 3619 1439 3688 ἀπροσπαθὴς
1484 3621 1814 3687 διαγνώμων

249 3712 380 3780 εἴπῃ
409 3713 595 3780 σχῆμα
634 3710 920 3779 μοναδικὸν
950 3709 1094 3763 εἶναι
1126 3713 1224 3780 τὴν
1255 3711 1467 3762 τελείαν
1490 3713 1816 3780 ἀπόκαρσιν,

249 3803 348 3867 τῆς
385 3800 775 3868 διαληφθείσης
810 3800 1246 3851 Ἰουστινιανείου
1284 3800 1502 3868 Νεαρᾶς
1553 3799 1820 3867 λεγούσης

251 3891 579 3955 κολάζεσθαι
614 3891 705 3942 τὸν
739 3892 878 3942 κατὰ
939 3891 1139 3958 μίμους
1163 3889 1500 3957 ὲμπαίζοντα
1543 3887 1603 3939 τὸ
1656 3904 1822 3957 μονα-

249 3982 396 4035 δικδν
447 3981 800 4050 ὁπωσδήποτε
852 3982 1076 4050 aﬂuat;
1139 3983 1201 4032 Et
1263 3979 1383 4032 κατ’
1445 3980 1642 4040 αὐτοὺς
1695 3979 1821 4040 τοὺς

253 4073 578 4138 φιλομαθεῖς
610 4072 827 4141 νοηθείη
865 4075 896 4141 ὴ
937 4072 1182 4138 σημασία
1211 4071 1304 4123 τοῦ
1336 4074 1637 4139 σχήματος,
1689 4070 1817 4139 εἴπῃ

250 4185 335 4228 τις
366 4168 580 4227 πάντως
606 4167 847 4229 καὶτοὺς
870 4165 1238 4234 ἁκειροκόμας
1279 4164 1477 4233 μίμους
1507 4164 1598 4215 καὶ
1650 4162 1820 4231 ὀρχη-

252 4261 405 4318 στὰς,
431 4259 553 4320 τοὺς
573 4260 691 4321 ταῖς
722 4258 896 4326 θριξὶν
931 4258 1416 4328 ὲπιγαννυμένους,
1446 4257 1475 4324 ἦ
1510 4257 1601 4308 ἐπὶ
1627 4258 1692 4323 τῇ
1723 4255 1820 4321 τῆς

253 4351 498 4419 κεφαλῆς
531 4352 693 4421 νοερᾷ
724 4353 1001 4422 τιμιότητι
1027 4351 1125 4415 τὴν
1149 4352 1513 4421 χρυσίζουσαν
1557 4349 1718 4415 τρίχα
1745 4346 1819 4413 19)

257 4444 398 4492 κατὰ
437 4441 670 4509 μίμησιν
716 4443 1161 4510 ἀποκείρεσθαι·
1194 4443 1288 4494 καὶ
1345 4442 1439 4491 τὸν
1494 4440 1629 4508 χθὲς,
1678 4438 1819 4507 ὑπὲρ

1916 1961 2010 2013 sed
2040 1959 2490 2014 monaebicorum
2523 1960 2969 2014 indumentorum
3023 1961 3276 2010 amictus.
3331 1954 3476 2007 Duos

1917 2067 2151 2113 namque
2179 2052 2400 2105 habitus
2433 2051 2704 2120 proponit,
2749 2048 3065 2104 szecularem
3097 2059 3148 2102 et
3181 2047 3475 2099 monacha-

1915 2145 2043 2205 lem,
2081 2143 2283 2210 aitque,
2336 2151 2462 2195 ante
2498 2140 2791 2194 triennium
2846 2139 3115 2192 neminem
3173 2137 3479 2190 monastico

1917 2232 2102 2286 habitu
2137 2231 2351 2293 donari,
2389 2231 2496 2284 nisi
2529 2230 2573 2285 si
2621 2231 2672 2283 in
2731 2229 3007 2283 mundano
3065 2226 3250 2279 habitu
3313 2226 3478 2278 vitam

1916 2324 2173 2377 monachi
2211 2323 2518 2392 peregerit;
2550 2333 2682 2374 tunc
2710 2321 2856 2376 enim
2883 2325 3149 2375 semestre
3173 2329 3383 2385 tempus
3413 2319 3478 2368 ad

1918 2417 2285 2484 probationem
2320 2414 2705 2470 suﬂecturum.

1988 2527 2074 2579 l5.
2114 2527 2306 2580 Dicant
2339 2540 2469 2594 ergo
2510 2525 2612 2591 ipsi
2649 2539 2757 2592 quo
2812 2523 2970 2577 modo
3025 2523 3243 2574 lianitus
3301 2528 3482 2571 trans~

1916 2617 2169 2670 formatio
2197 2619 2248 2669 in
2283 2625 2561 2669 tonsuram
2599 2614 2936 2681 accipietur?
2974 2629 3094 2666 cum
3131 2613 3291 2664 etiam
3321 2611 3480 2663 habi-

1917 2718 2003 2761 tus
2033 2707 2295 2759 mundani
2334 2720 2508 2758 canon
2543 2705 2868 2757 meminerit.
2922 2702 2979 2756 Si
3025 2702 3242 2755 habitus
3273 2702 3481 2754 notatio

1917 2815 2016 2869 pro
2053 2807 2274 2850 tonsura
2294 2797 2648 2864 perfectionis
2687 2793 2959 2848 eﬂectrice
2992 2810 3086 2848 seu
3123 2792 3484 2847 consecrant‘e

1917 2899 2188 2953 Sumatur,
2230 2889 2360 2942 illud
2390 2903 2608 2957 quoque
2638 2887 3009 2953 evangelicum
3039 2885 3240 2938 dictum
3274 2901 3285 2936 :
3322 2883 3484 2935 Prw-

1919 2985 2036 3035 terit
2065 2983 2199 3034 enim
2248 2980 2419 3048 ﬁgura
2453 2979 2608 3044 Imjus
2654 2976 2875 3029 mundia
2909 3015 2922 3037 ,
2982 2976 3033 3026 iu
3089 2971 3484 3041 signiﬁcatione

1919 3083 2156 3125 tonsura!
2188 3070 2549 3137 intelligatur;
2588 3069 2730 3134 quod
2760 3065 3052 3119 absurdum
3083 3073 3186 3118 est.
3225 3061 3484 3113 Similiter

1869 3210 1887 3228 ,
1919 3180 2043 3214 cum
2075 3162 2232 3230 vulgo
2265 3161 2492 3222 dicitur,
2514 3159 2784 3212 Amicitia:
2817 3157 3062 3209 habitum
3111 3171 3218 3223 pm!
3251 3170 3308 3205 se
3341 3152 3483 3213 tulit,

1924 3259 2144 3319 liguram
2187 3261 2240 3304 et
2293 3251 2537 3304 habitum
2581 3249 2734 3315 iusta:
2789 3250 3018 3301 a'tionts
3071 3244 3377 3315 praetexuit,
3433 3251 3487 3294 et

1924 3347 2152 3411 reliqua.
2185 3343 2315 3408 Qua:
2345 3342 2605 3410 quoniam
2642 3343 2712 3391 ita
2751 3353 2856 3391 non
2881 3338 3240 3405 accipiuntur,
3268 3341 3487 3386 conSIat

1925 3436 2298 3492 mouaclialem
2375 3433 2619 3486 habitum
2675 3445 2837 3486 esse.
2895 3445 3001 3481 non
3047 3426 3205 3478 modo
3264 3423 3485 3476 habitus

1921 3527 2458 3596 transﬂgurationem
2495 3537 2618 3574 cum
2651 3529 2899 3578 tonsura,
2935 3516 3026 3570 sed
3063 3517 3222 3570 etiam
3257 3529 3349 3580 per
3395 3527 3479 3565 ve-

1923 3631 2032 3675 stos
2065 3619 2391 3671 monasticas
2414 3615 2643 3667 amictus
2683 3609 3160 3678 permutatinunm.
3207 3604 3319 3668 Qua
3358 3616 3486 3654 γε·ιο

1925 3707 2136 3763 ratione
2169 3707 2296 3774 quis
2321 3704 2520 3758 atlectu
2555 3713 2748 3754 carens
2782 3697 3110 3764 dijtltiiculnr
3143 3693 3339 3746 dixerit
3389 3693 3486 3743 lia-

1924 3803 2096 3856 bitutn
2130 3796 2510 3851 monachicum
2545 3807 2666 3844 esse
2710 3789 3001 3858 perlectam
3035 3794 3336 3842 tonsuram,
3363 3796 3484 3833 cum

1923 3893 2088 3946 citata
2122 3887 2417 3942 Justiuiani
2452 3885 2669 3939 Novella
2714 3883 2894 3953 puniri
2937 3883 3080 3934 dicat
3112 3895 3233 3932 eum
3278 3879 3367 3944 qui
3409 3877 3488 3928 iu-

1925 3994 2036 4038 star
2066 3984 2357 4035 mimorum
2407 3981 2459 4031 in
2513 3977 2891 4030 monachicum
2941 3975 3183 4028 habitum
3233 3969 3490 4039 qualiTet'o

1925 4092 2139 4144 cunque
2191 4073 2414 4127 illudit?
2465 4069 2520 4124 Si
2555 4068 2852 4124 secundum
2891 4068 3036 4135 ipsos
3069 4063 3310 4118 discendi
3340 4062 3490 4129 cupi~

1924 4171 2022 4222 dos
2043 4168 2261 4221 habitus
2285 4163 2610 4235 signiﬁcatio
2633 4156 3194 4228 intelligatur,dixcrit
3217 4153 3486 4222 quispiam

1924 4260 2166 4322 Omnino,
2205 4259 2369 4310 etiam
2430 4256 2674 4308 intonsos
2726 4255 2915 4304 mimos
2946 4258 2997 4302 et
3031 4249 3338 4309 saltatores,
3396 4242 3485 4310 qui

1923 4352 2138 4420 Capillis
2163 4350 2336 4418 magis
2362 4349 2667 4408 exsultant,
2710 4359 2872 4412 quam
2911 4341 3242 4406 intelligente
3286 4336 3488 4402 capitis

1925 4443 2266 4504 excellentia,
2306 4441 2558 4508 capillum
2593 4437 2742 4490 aurei
2775 4434 2973 4488 coloris
3008 4447 3100 4500 per
3127 4430 3486 4483 imitationem

255 4531 476 4600 χρυσίον
510 4532 645 4584 πολὺ
679 4535 772 4585 καὶ
799 4533 1060 4596 τοπάζιον
1087 4534 1188 4598 τῆς
1233 4532 1477 4600 κορυφῆς
1519 4529 1811 4597 ἀγαπῶντα

1927 4535 2255 4597 dclniulcre;
2322 4544 2558 4598 cumque
2618 4527 2706 4590 cuj
2762 4525 2875 4577 lteri
2955 4523 3240 4590 plusquam
3292 4531 3489 4569 aurum

255 4623 358 4692 τὴν
406 4624 687 4692 τρίχωσιν,
740 4624 943 4687 ὀϐολοῖς
985 4626 1204 4687 λεπτοῖς
1251 4624 1422 4692 αὐτὴν
1467 4622 1820 4691 προῖέμενθν.

258 4715 350 4768 καὶ
381 4716 524 4766 κατὰ
585 4714 882 4783 μαστιγίας
934 4716 1353 4783 πολιτευόμενον
1388 4730 1402 4747 ο
1454 4715 1590 4781 ὅπερ
1645 4715 1823 4766 πᾶσαν

257 4809 582 4878 ύπερῦαίνει
611 4809 770 4876 λόγου
801 4809 899 4861 σαθ
910 4809 1037 4880 ρότη
1049 4827 1132 4862 τα.

335 5000 417 5056 ιδ’.
443 5003 739 5069 Συνάγεται
767 5003 948 5055 τοίνυν
985 5002 1041 5068 ἐξ
1083 5005 1297 5073 ἀληθῶν
1335 5005 1426 5058 καὶ
1486 5010 1820 5078 ἀναντιρῥή-

258 5112 365 5148 των
394 5095 712 5162 προτάσεων
743 5095 815 5164 μὴ
853 5095 1012 5164 μόνον
1046 5095 1143 5164 τὴν
1187 5097 1548 5164 ἀδοκίμαστον
1578 5100 1822 5168 ἀπόκαρ-

262 5203 346 5238 σιν
393 5187 498 5238 ἀπὸ
524 5185 616 5237 τοῦ
639 5187 860 5249 κανόνος
893 5187 1242 5249 κολάζεσθαι,
1265 5188 1398 5240 ἀλλὰ
1422 5191 1512 5240 καὶ
1538 5189 1701 5242 αύτὸν
1735 5191 1824 5243 τὸν

263 5293 799 5346 μετασχηματισμον.
837 5279 945 5330 Καὶ
983 5278 1218 5348 ὦσπερό
1248 5278 1452 5341 τελείας
1486 5279 1662 5348 τυχὼν
1694 5283 1827 5334 ἀπο-

335 5414 390 5464 ³1
417 5414 543 5470 Cor.
576 5430 670 5477 vn,
701 5414 788 5468 3|.

337 5558 411 5623 (8)
445 5554 848 5620 Εὐαγγελικόν·
875 5552 1428 5624 ῥῆμαΕνοηςεΙίιιιη
1453 5557 1518 5611 de
1545 5567 1656 5610 toto
1675 5556 1822 5610 Novo

262 5627 613 5707 Testamento
642 5625 843 5678 dictum
882 5628 1062 5678 notavi
1097 5626 1222 5677 oliui
1252 5627 1316 5676 ad
1351 5626 1646 5692 Epistulam
1695 5629 1821 5682 Cle-

393 5705 478 5746 tis.

266 5711 478 5751 tuentis.

339 5767 412 5835 κθ)
445 5767 857 5834 Χμνσίζοιίσαν
893 5769 1076 5834 uixit.
1121 5767 1177 5819 ὃ.
1214 5767 1460 5821 L'tiinuui
1499 5769 1553 5820 ὃ.
1593 5769 1812 5822 Βκειιιίι·

1921 4623 2148 4676 multum
2179 4634 2231 4673 et
2262 4621 2734 4687 tepaziumcarum
2765 4625 2878 4668 erat
2901 4612 3120 4666 verticis
3139 4610 3492 4676 capillamen-

1925 4722 2059 4771 tum,
2089 4711 2217 4762 illud
2251 4708 2474 4761 minutis
2526 4705 2700 4758 obolis
2748 4705 3038 4769 deponere.
3077 4715 3138 4753 ac
3176 4701 3226 4751 in
3273 4699 3487 4750 modum

1923 4803 2243 4870 ﬂztgrionttm
2270 4799 2500 4869 degere:
2541 4798 2592 4851 id
2626 4795 2773 4866 quod
2810 4808 3027 4848 omnem
3059 4801 3349 4860 exsuperat
3376 4806 3494 4843 scr-

1925 4895 2102 4947 monis
2140 4892 2504 4962 putiditatetn.

1991 5007 2076 5060 Η.
2120 5006 2302 5073 Itaque
2333 5020 2397 5058 ex
2432 5003 2599 5067 veris,
2655 4999 2818 5055 claris
2871 5007 2925 5050 et
2977 4993 3293 5050 indubitatis
3352 5008 3480 5059 pro-

1925 5099 2288 5168 positionibus
2341 5096 2638 5164 colligitur,
2699 5107 2806 5144 non
2857 5090 3030 5143 solum
3091 5086 3488 5152 inexploratum

1924 5200 2205 5244 tensuram
2237 5204 2264 5239 a
2293 5201 2502 5239 canone
2540 5181 2742 5252 puniri,
2773 5193 2955 5232 verum
2999 5178 3161 5230 etiam
3194 5177 3364 5244 ipsam
3399 5175 3494 5224 tia-

1927 5285 2073 5338 bitus
2136 5282 2509 5335 mutationem.
2556 5275 2617 5327 Et
2649 5270 3127 5343 quemadmodum,
3177 5269 3267 5337 qui
3318 5264 3494 5333 perle-

1926 5562 2046 5613 cius
2097 5559 2378 5622 describit,
2425 5557 2636 5626 capillis
2675 5554 2826 5624 [lavis
2866 5561 2915 5606 et
2955 5552 3151 5626 planis,
3190 5558 3491 5626 commixtis

1927 5634 2096 5683 cauis.
2132 5631 2204 5683 Ita
2233 5619 2375 5684 enim
2414 5619 2531 5682 meo
2563 5619 2770 5694 judicio
2813 5619 3212 5676 emendandum
3267 5627 3347 5672 est
3380 5619 3496 5671 nat-

1929 5720 2045 5754 "HS.
