3998 6474
510 367 645 435 13ἳὸ
1679 379 1949 439 ΤΗΕΟῙ).
1994 379 2464 442 BALSAMONIS
3590 376 3735 441 1376

500 495 644 563 ctam
699 494 992 549 tonsuram,
1056 494 1184 543 ante
1236 489 1452 544 triennii
1520 498 1779 545 statutum
1838 502 2077 559 tempus.

2179 491 2397 561 εάρσεως
2431 493 2660 563 πρὸτῆς
2692 492 2936 563 τριετοῦς
2985 491 3328 563 προθεσμίας
3394 491 3457 544 οὐ
3512 496 3739 557 συγχω-

502 560 830 630 eonseeutus
863 584 966 640 est,
1003 576 1388 645 professionem
1442 580 1746 649 repudiare.
1786 589 1840 636 et
1870 584 1935 634 ad
1970 579 2044 633 vi-

2179 560 2322 634 νεῖται
2347 582 2444 650 τὴν
2470 560 2743 651 διαγωγὴν
2776 560 3055 652 ἀθετῆσαι,
3099 560 3297 645 καὶνείς
3329 582 3447 649 βίον
3503 598 3738 648 μετενε-

502 674 611 718 tam
644 666 956 721 saecularem
999 669 1196 722 reverti
1247 677 1509 737 praetextu
1560 681 1797 724 tonsurae
1849 685 2053 737 nequa-

2179 670 2343 739 [θῆναι
2374 673 2633 741 κοσμικὸν
2670 671 2759 723 διὰ
2784 672 2882 742 την
2929 675 3027 742 τῆς
3064 672 3424 725 ἅκανονίστου
3476 671 3741 733 ἀποκαρ-

502 771 661 823 quam
693 760 989 821 canonice,
1023 774 1127 813 non
1168 760 1519 827 permittitur,
1559 762 1651 816 sed
1676 762 1831 816 alteri
1862 775 2050 815 mona—

2179 776 2287 821 ἐως
2313 760 2604 828 πρόφασιν,
2633 761 2748 814 ἀλλ’
2774 763 2855 822 είς
2891 761 3074 829 ἕτερον
3126 763 3494 829 μοναστήριον
3548 774 3740 827 mapa-

503 847 666 900 sterio
692 846 835 913 quod
885 847 1224 916 disciplinam
1292 860 1537 905 exactam
1590 853 1834 905 observet
1888 850 2053 904 tradi-

2183 848 2348 901 ίδοται
2395 850 2681 919 μοναδικὴν
2704 850 2990 919 ἀκρίϐειαν
3014 851 3315 920 συντηροῦν
3338 865 3353 880 ο
3397 849 3549 902 οὕτω
3584 850 3683 900 καὶ
3708 850 3738 899 ὁ

503 946 627 1001 tur;
664 938 735 989 ita
763 937 853 1005 qui
902 952 1082 991 rasum
1116 940 1364 1006 gestavit,
1415 948 1540 994 ante
1596 941 1885 995 triennium
1940 956 2048 996 non

2179 941 2526 1009 ιασοφορήσας
2552 940 2655 1008 πρὸ
2682 941 2779 1008 τῆς
2802 940 3039 1009 τριετίας
3063 940 3161 991 οὐκ
3208 938 3739 1007 είσακουσθήσεται,

500 1026 842 1084 exaudietur.
901 1028 946 1081 si
994 1029 1190 1083 dixerit
1246 1046 1260 1083 :
1320 1030 1577 1084 Pmnituit
1628 1046 1763 1093 me;
1837 1030 2050 1085 videtur

2184 1027 2359 1093 έγων’
2416 1027 2729 1097 Ἀᾶετάμελος
2771 1028 2999 1095 γέγονα·
3041 1028 3315 1095 λογίζεται
3346 1029 3457 1096 γάρ
3527 1044 3624 1094 μοι
3676 1029 3741 1077 τὸ

500 1116 642 1168 enim
670 1116 799 1169 mihi
832 1120 955 1171 vita:
985 1119 1295 1173 monasticae
1342 1136 1479 1173 onus
1527 1120 1904 1188 gravissimum
1933 1159 1947 1181 ,
1986 1135 2048 1173 ac

2179 1119 2371 1186 ›ορτίον
2399 1118 2491 1172 τοῦ
2519 1119 2780 1188 μονήρους
2806 1119 2920 1188 βίου
2951 1118 3275 1189 βαρύτατον,
3297 1120 3393 1171 καὶ
3420 1113 3537 1169 οἷον
3562 1117 3672 1185 ἄχθ
3710 1142 3736 1176 ς

500 1206 646 1258 velut
692 1207 904 1275 pondus
954 1209 1314 1274 abjurandum
1371 1221 1425 1263 et
1478 1208 1847 1277 refugiendum
1878 1227 1891 1263 :
1928 1210 2050 1264 volo

2179 1210 2466 1278 ιπὼμοτον·
2498 1210 2633 1262 θέλω
2665 1210 2758 1262 οῦν
2783 1210 2859 1279 μὴ
2893 1212 2987 1260 ἐπὶ
3031 1209 3195 1261 πλέον
3250 1206 3740 1261 καταποντοῦσϋαι

502 1296 667 1361 igitur
700 1300 893 1351 anima:
941 1311 1107 1352 ratem
1135 1315 1243 1353 non
1281 1299 1515 1369 amplius
1570 1301 1805 1369 pondere
1859 1315 2049 1353 mona-

2179 1298 2246 1367 ὴν
2277 1299 2449 1367 ψυχὴν
2484 1298 2568 1370 [Ιλ.
2601 1301 2696 1369 τὴν
2724 1301 2823 1367 τῆς
2842 1299 3039 1369 ψυχῆς]
3078 1299 3278 1353 ὁλκάδα
3316 1298 3467 1373 ’μετὰ
3499 1297 3601 1347 τοῦ
3636 1296 3742 1363 βά-

502 1386 618 1440 stici
648 1394 821 1440 status
849 1386 1147 1457 submergi,
1204 1389 1297 1444 sed
1328 1405 1448 1445 cum
1493 1391 1647 1445 laicis
1668 1392 1801 1447 velis
1858 1392 2045 1446 attolli.

2179 1405 2276 1448 κους
2302 1389 2397 1457 τῆς
2431 1388 2719 1455 μοναδικῆς
2756 1388 3155 1447 καταστάσεως,
3183 1385 3319 1438 ἀλλὰ
3345 1385 3485 1454 μετὰ
3515 1384 3737 1436 λαῖκῶν

504 1475 693 1529 Audiet
752 1478 927 1544 potius
960 1496 973 1532 :
1005 1478 1221 1535 Licebat
1254 1482 1345 1535 tibi
1393 1496 1515 1535 eum
1572 1480 1891 1536 Prometheo
1938 1484 2049 1535 haec

2184 1478 2369 1530 θονίων
2401 1478 2841 1545 μετεωρίζεσθαι.
2871 1477 3118 1531 Ἀκούσει
3142 1477 3198 1529 δὲ
3234 1476 3436 1545 μᾶλλον
3457 1476 3535 1537 ὡς
3570 1472 3741 1540 Ἐξῆν

506 1565 653 1631 prius
683 1567 1049 1631 considerare,
1080 1578 1134 1623 et
1172 1570 1225 1623 in
1274 1570 1464 1624 habitu
1512 1570 1637 1624 laici
1695 1570 2048 1625 sutlicientem

2179 1583 2232 1618 ὀι
2254 1568 2388 1634 μετὰ
2404 1566 2733 1635 Προμηθέως
2750 1565 3455 1634 ταῦταπροδιασκέψασθαι,
3469 1567 3567 1616 καὶ
3591 1564 3744 1631 μετὰ

503 1654 584 1705 vir
609 1669 695 1706 um
716 1663 927 1709 tuarum
951 1659 1322 1724 probationem
1344 1675 1405 1712 ac
1427 1660 1812 1728 experientiam
1835 1676 2047 1729 capere;

2179 1656 2427 1723 ’χήματος
2459 1656 2647 1708 λαῖκοῦ
2667 1657 2765 1725 τῆς
2791 1658 3071 1725 δυνάμεώς
3096 1673 3189 1708 σου
3212 1656 3401 1707 λαϐεῖν
3447 1652 3743 1723 ἀρκοῦσαν

506 1746 631 1810 quia
662 1762 793 1800 vero
858 1756 1047 1817 sponte
1106 1748 1411 1816 probationi
1474 1753 1819 1813 renuntiasti,
1896 1752 2049 1804 habi-

2181 1750 2375 1816 ομικὴν
2405 1750 2497 1799 καὶ
2527 1747 2853 1814 ἀπόπειραν
2876 1748 3058 1798 ἐκοντὶ
3079 1746 3135 1798 δὲ
3158 1741 3223 1818 τῇ
3265 1744 3569 1813 δοκιμασίᾳ
3589 1746 3743 1796 ἀπο-

504 1843 728 1902 tttmque
780 1838 1159 1890 monachorum
1225 1841 1583 1908 assttmpsisti,
1649 1858 1753 1895 non
1811 1842 2042 1909 amplius

2179 1833 2461 1901 αξάμενος,
2480 1838 2573 1888 καὶ
2596 1839 2732 1888 κατὰ
2754 1837 3014 1905 μοναχοὺς
3037 1835 3707 1905 μετασχηματισθεὶς,ο3κ
3724 1863 3741 1873 -

506 1932 730 1992 propter
755 1924 1092 1994 insipientem
1126 1936 1274 1980 tuum
1311 1926 1687 1997 Epimetheum
1725 1931 2055 1998 perntitteris

2179 1927 2243 1979 ἑτι
2277 1926 2362 1978 διὰ
2394 1927 2481 1978 τὸν
2505 1925 2759 1979 ἀσύνετον
2793 1942 2884 1976 σου
2947 1926 3252 1994 Ἐπιμηθέα
3274 1924 3742 1994 παραχωρηηὴσῃ

507 2013 683 2066 redire
702 2014 861 2071 male.
889 2016 1028 2069 unde
1054 2016 1189 2070 bene
1208 2019 1419 2082 exiisti;
1453 2020 1545 2074 sed
1569 2022 1778 2090 c0geris
1804 2031 2055 2088 tanquam

2179 2015 2499 2083 ὃποστρέψαι
2528 2015 2730 2079 κακῶς,
2757 2015 2876 2068 ὅθεν
2904 2013 3125 2082 ἐξῆλθες
3149 2014 3330 2076 καλῶς
3361 2030 3376 2045 ⁸
3415 2013 3531 2065 ἀλλ’
3560 2014 3740 2077 ἀναγ-

505 2103 604 2157 hos
636 2103 747 2172 jugi
792 2106 1122 2174 inexpertus,
1144 2123 1439 2175 agnoscere
1486 2126 1853 2179 possessorem
1906 2122 2054 2163 tuum

2179 2103 2432 2175 ιασθήσῃ,
2465 2106 2535 2167 ὡς
2566 2105 2689 2171 βοῦς
2723 2107 3104 2174 ἀπειρὸζυγος,
3134 2102 3439 2170 ἐπιγνῶναι
3473 2103 3568 2153 τὸν
3603 2118 3746 2166 κτη-

508 2193 696 2258 Deum,
726 2203 778 2248 et
807 2204 1057 2263 tanquam
1115 2198 1299 2254 asinus
1351 2216 1585 2268 praesepe
1635 2202 1835 2254 domini
1875 2202 2001 2254 sui6
2042 2221 2055 2255 :

2179 2193 2405 2263 πάμενόν
2440 2211 2495 2245 σε
2515 2194 2665 2254 Θεὸν,
2682 2196 2777 2246 καὶ
2804 2194 2875 2256 ὼς
2901 2194 3017 2257 ὄνος
3044 2195 3141 2263 τὴν
3172 2194 3380 2261 φάτνην
3404 2192 3499 2243 τοῦ
3523 2190 3743 2260 Κυρίου

510 2285 651 2350 quod
679 2286 718 2337 si
752 2286 815 2339 ad
852 2287 1087 2340 debitum
1126 2304 1230 2342 non
1294 2292 1459 2358 probe
1514 2291 1847 2360 ﬁdeliterque
1910 2308 2051 2345 com-

2179 2282 2357 2333 ιὺτοῖν
2392 2285 2481 2334 καὶ
2517 2285 2564 2334 εἰ
2592 2284 2666 2351 μὴ
2696 2284 3029 2345 εὐσυνοετείς
3061 2285 3195 2351 πρὸς
3228 2283 3290 2333 τὸ
3331 2282 3577 2348 ὄφλημα,
3622 2297 3738 2345 μη-

512 2378 672 2442 ponis
709 2391 771 2429 ac
804 2379 946 2445 geris
995 2387 1068 2444 te,
1123 2396 1299 2450 neque
1356 2382 1411 2435 in
1472 2384 1555 2435 via
1627 2385 2054 2436 testimoniorum

2179 2371 2214 2423 ῡέ
2241 2371 2394 2432 δίδως
2420 2374 2476 2422 ἐν
2496 2374 2559 2439 τῇ
2583 2371 2683 2438 6δῷ
2705 2373 2809 2423 τῶν
2835 2372 3147 2440 μαρτυρίων
3173 2387 3267 2421 σου
3300 2371 3361 2421 τὸ
3378 2368 3741 2435 ἐπάγγελμα,

510 2474 723 2515 tuorum
757 2464 854 2520 das
910 2465 1322 2533 professionem,
1410 2470 1734 2537 episcopalis
1781 2471 2058 2524 sententia:

2179 2460 2513 2529 ταραδοθήσῃ
2540 2463 2604 2526 τῇ
2643 2459 2968 2527 δικαιοδοσίᾳ
2999 2459 3104 2525 τῆς
3153 2458 3525 2525 ἐπισκοπικῆς
3595 2457 3738 2508 ἀπο-

509 2554 867 2623 iurisalictioni
903 2557 1152 2621 traderis,
1184 2570 1295 2611 tum
1329 2562 1619 2627 conjiceris
1668 2563 1720 2613 in
1765 2578 2055 2616 carcerem.

2179 2550 2391 2616 ράσεως,
2425 2552 2514 2601 καὶ
2545 2550 2860 2619 ἐμϐληθήσῃ
2888 2551 2965 2613 είς
3000 2547 3267 2617 φυλακήν.
3310 2548 3510 2615 Ἀμὴν,
3560 2545 3743 2613 Ἀμὴν

511 2644 701 2702 Amen,
737 2644 902 2696 Anien
937 2645 1057 2698 dico
1105 2646 1223 2703 tibi.
1277 2661 1380 2698 non
1436 2650 1581 2700 exies
1628 2649 1771 2709 inde,
1828 2650 1931 2701 nisi
1970 2652 2059 2699 ili--

2179 2643 2302 2706 ιέγω
2360 2657 2460 2703 σοι,
2509 2642 2568 2691 οὐ
2618 2642 2692 2708 μὴ
2748 2640 2968 2709 ἐξέλθῃς
3028 2640 3262 2703 ἐκεῖθεν,
3296 2640 3369 2700 [εἰ
3417 2638 3493 2705 μὴ
3524 2635 3744 2704 κατά.οῃ

512 2731 761 2796 posueris
792 2747 898 2798 quo
930 2733 1121 2786 reddas
1155 2735 1505 2787 novissimum
1536 2736 1887 2803 quadrantem
1940 2747 2058 2789 ton-

2179 2732 2454 2783 Ιιποδοῦναι
2496 2732 2586 2782 τὸν
2617 2730 2842 2796 ἔσχατον
2871 2729 3172 2800 κοδράντην
3213 2728 3320 2797 τῆς
3350 2730 3743 2795 ἀποκάρσεως.

511 2820 708 2871 surae".

582 2952 668 3005 15.
716 2953 792 3003 Ad
828 2954 937 3005 haec
969 2954 1147 3004 dicunt
1184 2972 1196 3006 :
1228 2955 1403 3018 Quare
1432 2971 1551 3007 cum
1582 2957 1833 3011 decernat
1860 2974 2053 3024 canon,

2233 2955 2311 3000 ιε’.
2359 2948 2481 3000 Ἐπὶ
2524 2947 2731 3007 τούτοις
2782 2946 2982 3013 ἐροῦσι,
3036 2947 3147 2998 Κιὶ
3194 2944 3312 3006 ⁸πῶς
3374 2943 3472 2995 τοῦ
3516 2943 3746 3001 κανόνος

514 3044 783 3096 nontinem
817 3046 997 3095 habitu
1032 3048 1224 3097 mutari
1259 3058 1381 3097 ante
1415 3049 1623 3099 triennii
1656 3058 2054 3115 transcursum,

2179 3041 2525 3110 ἱιοριξομένου
2568 3038 2641 3107 μὴ
2694 3035 3270 3106 μετασχηματίζεσθαι
3312 3052 3436 3087 τινα
3490 3034 3603 3103 πρὸ
3648 3032 3751 3086 τοῦ

517 3132 609 3198 qui
644 3132 801 3185 hodze
830 3147 920 3199 per
953 3141 1125 3184 totum
1161 3135 1345 3185 orbem
1387 3146 1652 3187 terrarum
1714 3140 2060 3192 monasteriis

2179 3131 2399 3196 ξριετίαν
2436 3128 2836 3196 παραδραμεῖν,
2858 3127 2907 3175 οἱ
2937 3127 3177 3194 σήμερον
3200 3123 3343 3175 κατὰ
3391 3125 3575 3174 πᾶσαν
3639 3123 3750 3190 τὴν

515 3233 773 3288 βτατειιιιι,
805 3238 897 3276 eos
928 3225 1015 3290 qui
1042 3224 1305 3276 accedunt
1335 3225 1399 3277 ad
1431 3225 1598 3292 ipsos,
1645 3227 1851 3294 absque
1900 3230 2057 3283 unius

2179 3218 2480 3284 iizouptéqu
2544 3214 3000 3283 ἡγουμενεύοντες
3079 3215 3205 3274 τοὺς
3256 3215 3750 3281 προσερχομένους

516 3314 627 3365 t'ere
660 3314 761 3364 diei
790 3313 840 3364 iu
874 3315 1167 3366 monastica
1198 3316 1308 3367 vita
1341 3330 1511 3379 mura,
1560 3331 1665 3368 non
1715 3317 1887 3371 solum
1942 3320 2060 3374 sine

2179 3311 2364 3371 κὺτοίς,
2393 3308 2527 3376 μηδέ
2564 3305 3027 3374 διημερεύσαντας
3078 3304 3264 3372 σχεδὸν
3323 3305 3405 3365 είς
3455 3302 3748 3354 πολιοείαν

518 3403 753 3463 delectu,
792 3404 973 3454 habitu
1005 3412 1058 3456 et
1106 3406 1321 3456 nomine
1349 3405 1455 3458 alio
1498 3405 1721 3469 donant,
1758 3408 1851 3461 sed
1897 3411 2057 3463 etiam

2179 3400 2482 3467 μοναδικὴν,
2522 3398 2580 3450 οὐ
2624 3397 2783 3464 μόνον
2829 3394 3314 3463 ἀποκριματίστως
3365 3409 3740 3461 μετασχημα-

517 3507 609 3560 per
642 3501 913 3544 tonsuram
946 3492 1302 3545 consecrant?
1338 3492 1393 3545 Si
1420 3494 1582 3547 verba
1614 3499 1836 3550 canonis
1865 3499 2051 3550 intelli~

2179 3492 2375 3555 ιίζουσι
2403 3492 2493 3543 καὶ
2536 3489 3011 3558 μετονομάζουσιν,
3039 3488 3175 3541 ἀλλὰ
3206 3489 3301 3539 καὶ
3331 3486 3678 3540 τελειοποιοῦ
3692 3502 3743 3535 σι

517 3593 715 3649 guntur
766 3582 1215 3649 accipiuntttrqne
1281 3584 1423 3636 sicut
1480 3600 1642 3651 supra
1698 3588 1903 3639 dictum
1958 3597 2059 3649 est,

2179 3583 2234 3633 5ι’
2264 3582 2617 3648 ἀποκάρσεως
2643 3597 2656 3643 ;
2694 3582 2756 3631 El
2784 3580 2852 3630 τὰ
2883 3579 2975 3630 τοῦ
3003 3581 3225 3641 κανόνος
3251 3577 3500 3631 νοοῦνται
3527 3579 3625 3629 καὶ
3655 3580 3756 3629 ὲκσ

518 3670 909 3722 monachorum
944 3672 1210 3737 praepositi
1244 3688 1338 3725 eos
1388 3674 1476 3740 qui
1511 3674 1561 3726 in
1611 3676 1943 3729 monasterio
1971 3692 2063 3743 per

2179 3672 2530 3741 λαμὸἁνονται
2567 3669 2743 3729 καθὼς
2775 3669 2981 3721 ἄνωθεν
3003 3670 3241 3738 εἴρηται,
3277 3667 3512 3735 ὤφειλον
3543 3670 3595 3719 oi
3629 3668 3743 3719 τῶν

517 3768 715 3810 statum
751 3761 1110 3812 monasticum
1164 3763 1506 3826 commorari,
1554 3766 1825 3832 vitamque
1876 3782 2062 3821 mona-

2179 3764 2451 3831 μοναστῶν
2468 3762 2774 3830 καθηγηταί
2806 3761 2927 3820 τοὺς
2965 3760 3261 3829 ζητοῦντας
3321 3760 3407 3810 διὰ
3443 3759 3748 3824 μοναδικῆς

519 3851 743 3901 chorum
771 3850 968 3903 ducere
1004 3853 1367 3919 postulabant,
1394 3855 1699 3908 debuerunt
1728 3873 1834 3909 non
1865 3858 2066 3924 absque

520 3943 685 3992 multa
711 3941 1065 4007 inquisitione
1098 3942 1405 4004 admittere,
1450 3954 1504 3997 at
1560 3946 1881 3998 canonicum
1942 3961 2066 3999 ora-

519 4030 693 4083 culum
737 4031 984 4093 edocere,
1047 4046 1108 4084 ac
1134 4033 1458 4086 demandare
1481 4042 1535 4086 ut
1561 4050 1681 4086 cum
1714 4036 1850 4089 laico
1879 4036 2064 4089 habitu

521 4122 668 4187 prius
720 4131 1125 4184 exercerentur,
1177 4125 1359 4190 sicque
1415 4134 1598 4190 postea
1664 4126 1832 4179 instar
1880 4142 2067 4181 mona-

526 4210 749 4261 chorum
791 4220 989 4261 mutata
1043 4222 1191 4263 veste
1244 4212 1640 4267 induereutur:
1686 4229 1791 4280 que
1844 4217 2071 4268 nullate-

531 4310 633 4348 nus
674 4312 768 4363 per
824 4298 967 4362 ipsos
1013 4297 1172 4359 facto,
1226 4298 1260 4350 ii
1318 4300 1409 4365 qui
1463 4316 1582 4353 rasa
1636 4302 1926 4356 induerunt
1976 4318 2071 4371 spe

2175 3854 2553 3914 καταστάσεως
2584 3855 2639 3903 ἐν
2678 3854 2808 3920 μονῇ
2839 3850 3152 3919 διατρίϐειν,
3190 3851 3285 3902 καὶ
3308 3850 3451 3902 κατὰ
3480 3853 3756 3918 μοναχοϋς

2175 3940 2571 4002 πολιτεύεσθαι,
2596 3939 3178 4008 ἁπολυπραγμονήτως
3207 3940 3282 4007 μὴ
3315 3939 3754 4007 παραδέχεσθαι,

2175 4035 2289 4085 ἀλλ’
2315 4033 2686 4085 ἀναδιδάσκειν
2710 4034 2770 4082 τὸ
2801 4033 3082 4082 κανονικὸν
3106 4030 3379 4099 θεσπιῴδη
3390 4048 3488 4098 μα,
3512 4032 3610 4081 καὶ
3637 4033 3757 4081 ἐπι-

2173 4122 2390 4190 τρέπειν
2421 4121 2555 4189 μετὰ
2580 4120 2765 4172 λαῖκοῦ
2790 4120 3051 4188 πρότερον
3088 4119 3473 4186 γυμνάζεσθαι
3529 4123 3755 4188 σχήμα-

2175 4229 2285 4273 τος,
2322 4212 2416 4263 καὶ
2454 4210 2593 4263 οὕτω
2624 4211 2766 4263 κατὰ
2810 4210 3077 4278 μοναχοὺς
3130 4211 3716 4279 μετασχηματίζεσθαι
3739 4227 3753 4240 ·

2176 4300 2414 4352 τοιούτου
2445 4300 2501 4351 δέ
2535 4315 2677 4361 τινος
2707 4300 2781 4367 μὴ
2804 4300 3085 4367 γινομένου
3115 4301 3244 4367 παρ’
3302 4300 3505 4360 αὐτῶν,
3562 4302 3616 4351 οἱ
3656 4302 3757 4367 μὲν

525 4385 863 4452 probationis
898 4403 957 4439 ac
1017 4388 1400 4453 resipiscentiae
1446 4390 1726 4445 allevantis
1792 4393 2068 4461 inceptum

524 4477 667 4544 quod
704 4478 845 4529 vires
874 4476 1118 4537 excedat,
1166 4478 1375 4529 veniam
1430 4489 1486 4530 ut
1523 4481 1692 4547 culpa:
1722 4496 1828 4534 non
1886 4483 2073 4537 aiIines
2104 4461 2153 4520 ι)

523 4566 911 4629 merebuntur;
958 4567 1229 4633 praepositi
1290 4582 1418 4620 vero
1467 4576 1944 4639 et_susceptores,
1985 4569 2081 4640 qui

524 4656 694 4708 divini
735 4658 962 4709 canonis
990 4659 1312 4710 sententiam
1351 4660 1649 4723 violarunt,
1705 4665 1879 4730 pmnis
1916 4678 2083 4717 cano-

524 4744 659 4799 nicis
693 4747 1080 4813 subjicientur.

596 4882 679 4934 16.
718 4882 951 4934 Attiliattt
982 4897 1110 4950 ergo
1142 4884 1301 4936 etiam
1336 4885 1400 4937 ad
1437 4887 1545 4939 haec
1572 4926 1586 4948 ,
1622 4886 1900 4941 laudatum
1958 4890 2078 4955 qui-

2184 4391 2673 4457 ρασοφορήσαντες,
2708 4388 2879 4439 ἐλπίδι
2932 4388 3254 4454 δοκιμασίας
3306 4388 3403 4439 καὶ
3442 4388 3756 4457 μεταμέλου

2188 4478 2527 4546 κουφίζοντος
2558 4479 2617 4530 τὸ
2648 4476 2795 4545 παρὰ
2829 4476 3056 4545 δύναμιν
3080 4478 3752 4546 τὸλμημα,συγγνωστὲοι

2184 4571 2256 4630 ὡς
2294 4569 2700 4633 ἀκατάγνωστοι
2725 4567 2937 4619 ἔσονται
2964 4581 2978 4596 ⁶
3004 4567 3052 4621 οἱ
3080 4568 3254 4637 δὲτὴν
3283 4568 3376 4619 cui:
3409 4567 3562 4619 θείου
3594 4570 3758 4621 κανό-

2183 4675 2270 4718 vo;
2303 4655 2587 4724 περίληψιν
2614 4655 2978 4725 ἀθετήσαντες
3009 4653 3317 4722 καθηγηταὶ
3347 4655 3445 4707 καὶ⁵
3502 4655 3755 4723 ἀνάδοχοι

2091 4760 2096 4767 ·
2182 4748 2427 4807 εὐθύναις
2458 4748 2766 4807 κανοεδικαῖς
2798 4743 3401 4813 καθυποόληθήσονται.

2254 4879 2349 4942 ις’.
2391 4881 2803 4931 Ἀκουσάτωσαν
2831 4878 3009 4930 τοίνυν
3039 4877 3130 4930 καὶ
3168 4878 3303 4945 πρὸς
3330 4878 3509 4931 ταῦτα
3561 4880 3639 4941 ὼῖ
3696 4882 3753 4931 τὸ

523 4971 643 5025 dem
672 4974 896 5024 canonis
948 4973 1226 5027 decretum
1284 4984 1339 5028 ct
1400 4978 1701 5041 oraculum,
1772 4988 1916 5032 recte
1980 4980 2071 5033 Dei

526 5062 702 5127 gratia
748 5062 1072 5116 elucitlatum
1127 5064 1295 5118 fuisse
1348 5080 1409 5119 ac
1468 5067 1917 5135 interpretatum:
1958 5086 2074 5121 ino-

527 5152 889 5203 nasteriorttm
917 5162 1093 5205 autem
1130 5156 1448 5221 praepositos
1509 5158 1641 5209 nihil
1693 5159 1846 5225 plane
1902 5159 2075 5213 iaci-rc

528 5239 669 5307 quod
706 5255 809 5293 non
860 5242 931 5293 sit
982 5245 1322 5306 canonicum,
1378 5261 1550 5313 neque
1579 5247 1826 5300 Patrihus
1885 5250 2074 5302 adver-

530 5330 662 5393 sari,
698 5331 822 5383 dum
852 5332 1168 5387 accedentes
1204 5333 1266 5387 ad
1297 5349 1408 5397 eos,
1445 5335 1591 5389 illico
1619 5336 1669 5387 in
1706 5339 2072 5391 monachalem

536 5420 776 5470 habitum
814 5419 1220 5485 transformant,
1273 5433 1364 5475 aut
1408 5439 1502 5490 per
1550 5432 1829 5478 tonsuram
1885 5443 2077 5481 consc-

530 5518 707 5561 crant.
748 5508 1080 5577 Caputenitn
1117 5515 1332 5565 tertium
1359 5514 1522 5581 primi
1560 5515 1698 5569 tituli
1747 5516 1866 5570 ιιι)ιί
1905 5520 2076 5587 quarti

2177 4973 2273 5041 μὲν
2294 4971 2581 5038 animos;
2612 4970 2886 5022 κανονικὸν
2910 4968 3267 5039 θεσπιῲδημα
3296 4970 3478 5031 καλῶς
3500 4972 3751 5038 διεφωτξ-

2175 5063 2276 5128 σθη
2300 5063 2389 5112 καὶ
2418 5059 2736 5129 ἡρμηνεύθη
2765 5063 2831 5128 τῇ
2865 5063 3049 5128 χάριτι
3080 5060 3172 5112 τοῦ
3195 5060 3335 5112 Θεοῦ
3365 5077 3379 5090 ·
3410 5062 3461 5112 et
3491 5061 3547 5112 δὲ
3585 5063 3752 5131 καθη-

2173 5157 2336 5224 γηταί
2367 5156 2472 5203 τῶν
2500 5152 2871 5221 μοναστηρίων
2903 5152 3053 5203 οὐδέν
3104 5170 3156 5203 τι
3201 5150 3441 5204 ποιοῦσιν
3504 5155 3755 5205 ἀκανονι·

2175 5263 2318 5303 στον,
2347 5244 2466 5295 οὐδὲ
2496 5246 2604 5304 τοῖς
2639 5243 2915 5311 Πατρὰσιν
2940 5241 3336 5305 ἐναντιοῦνται,
3366 5245 3497 5303 τοὺς
3526 5258 3758 5311 rep-4:59.

2186 5338 2444 5404 χυμένους
2480 5335 2661 5395 αὐτοῖς
2712 5332 3038 5385 ἁπεντεῦοεν
3080 5332 3221 5385 κατὰ
3269 5331 3542 5401 μοναχοὺς
3592 5349 3755 5400 μετα-

2187 5425 2629 5495 σχηματίζοντες,
2661 5424 2693 5492 ῆ
2726 5429 2816 5475 καὶ
2868 5421 3331 5485 τελειοποιοῦντες
3391 5424 3458 5475 δι’
3515 5422 3757 5490 ἀποκάρ·

2191 5536 2324 5580 σεως
2375 5518 2506 5584 Φησὶ
2535 5517 2639 5583 γὰρ
2662 5516 2719 5567 τὸ
2750 5514 2797 5582 γ’
2825 5515 3115 5581 κεφάλαιον
3150 5515 3244 5568 τοῦ
3284 5524 3330 5568 α’
3380 5515 3562 5567 τίτλου
3594 5516 3681 5565 τοὶ
3716 5513 3755 5565 '3'

613 5682 634 5713 ⁸
664 5684 767 5737 lsa.
809 5702 845 5752 ι,
882 5687 931 5739 5.
1010 5688 1025 5716 ⁷
1064 5686 1254 5740 Matth.
1287 5704 1405 5749 xxv,
1445 5689 1531 5741 9.6.
