  <div class='ocr_page' id='page_1' title='image "/cluster/home/n/w/nwhite01/storage/ocr_20150623/138/mdp.39015078384222/011.png"; bbox 0 0 4098 6288; ppageno 0'>
   <div class='ocr_carea' id='block_1_1' title="bbox 1312 347 2804 443">
    <p class='ocr_par' dir='ltr' id='par_1_1' title="bbox 1312 347 2804 443">
     <span class='ocr_line' id='line_1_1' title="bbox 1312 347 2804 443; baseline 0.003 -5"><span class='ocrx_word' id='word_1_1' title='bbox 1312 347 1934 440; x_wconf 80' lang='lat' dir='ltr'>TRADITIO</span> <span class='ocrx_word' id='word_1_2' title='bbox 2035 349 2804 443; x_wconf 85' lang='lat' dir='ltr'>CATHOLICA.</span> 
     </span>
    </p>
   </div>
   <div class='ocr_carea' id='block_1_2' title="bbox 1495 551 2629 617">
    <p class='ocr_par' dir='ltr' id='par_1_2' title="bbox 1495 551 2629 617">
     <span class='ocr_line' id='line_1_2' title="bbox 1495 551 2629 617; baseline -0.001 -3"><span class='ocrx_word' id='word_1_3' title='bbox 1495 551 1889 617; x_wconf 61' lang='lat' dir='ltr'>SECULUM</span> <span class='ocrx_word' id='word_1_4' title='bbox 1934 552 2088 614; x_wconf 83' lang='lat' dir='ltr'><strong><em>XIII.</em></strong></span> <span class='ocrx_word' id='word_1_5' title='bbox 2154 552 2409 616; x_wconf 83' lang='lat' dir='ltr'><strong><em>ANNUS</em></strong></span> <span class='ocrx_word' id='word_1_6' title='bbox 2455 552 2629 614; x_wconf 66' lang='lat'>1205.</span> 
     </span>
    </p>
   </div>
   <div class='ocr_carea' id='block_1_3' title="bbox 1587 959 2536 1091">
    <p class='ocr_par' dir='ltr' id='par_1_3' title="bbox 1587 959 2536 1091">
     <span class='ocr_line' id='line_1_3' title="bbox 1587 959 2536 1091; baseline 0.003 -3"><span class='ocrx_word' id='word_1_7' title='bbox 1587 959 2536 1091; x_wconf 87' lang='lat' dir='ltr'>ELENCHUS</span> 
     </span>
    </p>
   </div>
   <div class='ocr_carea' id='block_1_4' title="bbox 459 1241 3650 1325">
    <p class='ocr_par' dir='ltr' id='par_1_4' title="bbox 459 1241 3650 1325">
     <span class='ocr_line' id='line_1_4' title="bbox 459 1241 3650 1325; baseline -0.001 -9"><span class='ocrx_word' id='word_1_8' title='bbox 459 1245 974 1318; x_wconf 76' lang='lat' dir='ltr'>AUCTORUM</span> <span class='ocrx_word' id='word_1_9' title='bbox 1038 1243 1148 1314; x_wconf 90' lang='lat' dir='ltr'>ET</span> <span class='ocrx_word' id='word_1_10' title='bbox 1195 1243 1583 1316; x_wconf 82' lang='lat' dir='ltr'><strong>OPEBUM</strong></span> <span class='ocrx_word' id='word_1_11' title='bbox 1634 1243 1785 1325; x_wconf 83' lang='lat' dir='ltr'>QUI</span> <span class='ocrx_word' id='word_1_12' title='bbox 1840 1242 1928 1315; x_wconf 86' lang='lat' dir='ltr'><strong><em>IN</em></strong></span> <span class='ocrx_word' id='word_1_13' title='bbox 1981 1241 2158 1317; x_wconf 85' lang='lat' dir='ltr'>HOC</span> <span class='ocrx_word' id='word_1_14' title='bbox 2201 1242 2464 1316; x_wconf 85' lang='lat' dir='ltr'><strong>TOMO</strong></span> <span class='ocrx_word' id='word_1_15' title='bbox 2515 1243 2932 1316; x_wconf 85' lang='lat' dir='ltr'>CXXXVIII</span> <span class='ocrx_word' id='word_1_16' title='bbox 2989 1242 3650 1317; x_wconf 83' lang='lat' dir='ltr'>CONTINENTUR</span> 
     </span>
    </p>
   </div>
   <div class='ocr_carea' id='block_1_5' title="bbox 1839 1459 2254 1474">
    <p class='ocr_par' dir='ltr' id='par_1_5' title="bbox 1839 1459 2254 1474">
     <span class='ocr_line' id='line_1_5' title="bbox 1839 1459 2254 1474; baseline 0.002 -1"><span class='ocrx_word' id='word_1_17' title='bbox 1839 1459 2254 1474; x_wconf 67' lang='lat' dir='ltr'><em>W</em></span> 
     </span>
    </p>
   </div>
   <div class='ocr_carea' id='block_1_6' title="bbox 1563 1655 2544 1722">
    <p class='ocr_par' dir='ltr' id='par_1_6' title="bbox 1563 1655 2544 1722">
     <span class='ocr_line' id='line_1_6' title="bbox 1563 1655 2544 1722; baseline -0.004 -1"><span class='ocrx_word' id='word_1_18' title='bbox 1563 1657 2034 1722; x_wconf 81' lang='lat' dir='ltr'>THEODORUS</span> <span class='ocrx_word' id='word_1_19' title='bbox 2099 1655 2544 1720; x_wconf 79' lang='lat' dir='ltr'>BALSAMON.</span> 
     </span>
    </p>
   </div>
   <div class='ocr_carea' id='block_1_7' title="bbox 455 1835 3168 1914">
    <p class='ocr_par' dir='ltr' id='par_1_7' title="bbox 455 1835 3168 1914">
     <span class='ocr_line' id='line_1_7' title="bbox 455 1835 3168 1914; baseline -0 -15"><span class='ocrx_word' id='word_1_20' title='bbox 455 1835 750 1900; x_wconf 90' lang='lat' dir='ltr'>Theodori</span> <span class='ocrx_word' id='word_1_21' title='bbox 793 1836 1195 1905; x_wconf 82' lang='lat' dir='ltr'>Balsamonis,</span> <span class='ocrx_word' id='word_1_22' title='bbox 1246 1838 1515 1907; x_wconf 52' lang='lat' dir='ltr'>Zonaras,</span> <span class='ocrx_word' id='word_1_23' title='bbox 1566 1837 1831 1899; x_wconf 76' lang='lat' dir='ltr'>Aristeni</span> <span class='ocrx_word' id='word_1_24' title='bbox 1865 1837 2314 1900; x_wconf 85' lang='lat' dir='ltr'>Commentaria</span> <span class='ocrx_word' id='word_1_25' title='bbox 2350 1836 2409 1898; x_wconf 93' lang='lat' dir='ltr'>in</span> <span class='ocrx_word' id='word_1_26' title='bbox 2441 1836 2713 1899; x_wconf 88' lang='lat' dir='ltr'>Canones</span> <span class='ocrx_word' id='word_1_27' title='bbox 2759 1835 2863 1897; x_wconf 89' lang='lat' dir='ltr'><strong>SS.</strong></span> <span class='ocrx_word' id='word_1_28' title='bbox 2903 1837 3168 1914; x_wconf 83' lang='lat' dir='ltr'>Aposto-</span> 
     </span>
    </p>
   </div>
   <div class='ocr_carea' id='block_1_8' title="bbox 536 1940 3128 2024">
    <p class='ocr_par' dir='ltr' id='par_1_8' title="bbox 536 1940 3128 2024">
     <span class='ocr_line' id='line_1_8' title="bbox 536 1940 3128 2024; baseline -0.001 -21"><span class='ocrx_word' id='word_1_29' title='bbox 536 1943 754 2014; x_wconf 85' lang='lat' dir='ltr'>lorum,</span> <span class='ocrx_word' id='word_1_30' title='bbox 802 1943 1212 2015; x_wconf 85' lang='lat' dir='ltr'>conciliorum,</span> <span class='ocrx_word' id='word_1_31' title='bbox 1261 1949 1321 2005; x_wconf 89' lang='lat' dir='ltr'>et</span> <span class='ocrx_word' id='word_1_32' title='bbox 1353 1942 1412 2003; x_wconf 91' lang='lat' dir='ltr'>in</span> <span class='ocrx_word' id='word_1_33' title='bbox 1442 1940 1748 2024; x_wconf 65' lang='lat' dir='ltr'>Epistolas</span> <span class='ocrx_word' id='word_1_34' title='bbox 1787 1942 2104 2004; x_wconf 84' lang='lat' dir='ltr'>canonicas</span> <span class='ocrx_word' id='word_1_35' title='bbox 2134 1940 2238 2002; x_wconf 91' lang='lat' dir='ltr'>SS.</span> <span class='ocrx_word' id='word_1_36' title='bbox 2273 1943 2522 2004; x_wconf 84' lang='lat' dir='ltr'>Patrum</span> <span class='ocrx_word' id='word_1_37' title='bbox 2556 1943 2604 1998; x_wconf 76' lang='lat'>*.</span> <span class='ocrx_word' id='word_1_38' title='bbox 2655 1941 3128 2019; x_wconf 77' lang='lat' dir='ltr'>(Continuatio.)</span> 
     </span>
    </p>
   </div>
   <div class='ocr_carea' id='block_1_9' title="bbox 456 2049 1534 2129">
    <p class='ocr_par' dir='ltr' id='par_1_9' title="bbox 456 2049 1534 2129">
     <span class='ocr_line' id='line_1_9' title="bbox 456 2049 1534 2129; baseline -0.003 -19"><span class='ocrx_word' id='word_1_39' title='bbox 456 2049 733 2113; x_wconf 89' lang='lat' dir='ltr'>Canones</span> <span class='ocrx_word' id='word_1_40' title='bbox 765 2049 973 2129; x_wconf 82' lang='lat' dir='ltr'>synodi</span> <span class='ocrx_word' id='word_1_41' title='bbox 1006 2049 1534 2129; x_wconf 84' lang='lat' dir='ltr'>Carthagincnsis.</span> 
     </span>
    </p>
   </div>
   <div class='ocr_carea' id='block_1_10' title="bbox 456 2155 2139 2236">
    <p class='ocr_par' dir='ltr' id='par_1_10' title="bbox 456 2155 2139 2236">
     <span class='ocr_line' id='line_1_10' title="bbox 456 2155 2139 2236; baseline -0.002 -16"><span class='ocrx_word' id='word_1_42' title='bbox 456 2157 907 2220; x_wconf 84' lang='lat' dir='ltr'>Commentaria</span> <span class='ocrx_word' id='word_1_43' title='bbox 937 2157 999 2217; x_wconf 89' lang='lat' dir='ltr'>in</span> <span class='ocrx_word' id='word_1_44' title='bbox 1032 2155 1344 2236; x_wconf 78' lang='lat' dir='ltr'>Epistolas</span> <span class='ocrx_word' id='word_1_45' title='bbox 1373 2157 1694 2220; x_wconf 89' lang='lat' dir='ltr'>canonicas</span> <span class='ocrx_word' id='word_1_46' title='bbox 1727 2155 1832 2218; x_wconf 89' lang='lat' dir='ltr'><strong>SS.</strong></span> <span class='ocrx_word' id='word_1_47' title='bbox 1867 2155 2139 2218; x_wconf 79' lang='lat' dir='ltr'>Patrum.</span> 
     </span>
    </p>
   </div>
   <div class='ocr_carea' id='block_1_11' title="bbox 455 2261 3170 2343">
    <p class='ocr_par' dir='ltr' id='par_1_11' title="bbox 455 2261 3170 2343">
     <span class='ocr_line' id='line_1_11' title="bbox 455 2261 3170 2343; baseline -0.001 -18"><span class='ocrx_word' id='word_1_48' title='bbox 455 2263 767 2343; x_wconf 83' lang='lat' dir='ltr'>Responsa</span> <span class='ocrx_word' id='word_1_49' title='bbox 799 2262 876 2325; x_wconf 92' lang='lat' dir='ltr'>ad</span> <span class='ocrx_word' id='word_1_50' title='bbox 905 2263 1423 2343; x_wconf 80' lang='lat' dir='ltr'>interrogationes</span> <span class='ocrx_word' id='word_1_51' title='bbox 1453 2265 1634 2326; x_wconf 86' lang='lat' dir='ltr'>Marci</span> <span class='ocrx_word' id='word_1_52' title='bbox 1667 2263 2028 2342; x_wconf 67' lang='lat' dir='ltr'>patriarchae</span> <span class='ocrx_word' id='word_1_53' title='bbox 2062 2261 2474 2338; x_wconf 76' lang='lat' dir='ltr'>Alexandrini,</span> <span class='ocrx_word' id='word_1_54' title='bbox 2516 2280 2586 2325; x_wconf 84' lang='lat' dir='ltr'>ex</span> <span class='ocrx_word' id='word_1_55' title='bbox 2615 2263 2786 2323; x_wconf 86' lang='lat' dir='ltr'>Joan.</span> <span class='ocrx_word' id='word_1_56' title='bbox 2825 2261 3170 2325; x_wconf 88' lang='lat' dir='ltr'>Leunclavii</span> 
     </span>
    </p>
   </div>
   <div class='ocr_carea' id='block_1_12' title="bbox 532 2369 1032 2434">
    <p class='ocr_par' dir='ltr' id='par_1_12' title="bbox 532 2369 1032 2434">
     <span class='ocr_line' id='line_1_12' title="bbox 532 2369 1032 2434; baseline -0.002 -3"><span class='ocrx_word' id='word_1_57' title='bbox 532 2370 562 2431; x_wconf 89' lang='lat' dir='ltr'><strong>J</strong></span> <span class='ocrx_word' id='word_1_58' title='bbox 573 2385 677 2434; x_wconf 88' lang='lat' dir='ltr'>ure</span> <span class='ocrx_word' id='word_1_59' title='bbox 706 2369 1032 2434; x_wconf 82' lang='lat' dir='ltr'>Gr.-Rom.</span> 
     </span>
    </p>
   </div>
   <div class='ocr_carea' id='block_1_13' title="bbox 457 2475 1138 2553">
    <p class='ocr_par' dir='ltr' id='par_1_13' title="bbox 457 2475 1138 2553">
     <span class='ocr_line' id='line_1_13' title="bbox 457 2475 1138 2553; baseline -0.001 -15"><span class='ocrx_word' id='word_1_60' title='bbox 457 2475 772 2553; x_wconf 86' lang='lat' dir='ltr'>Meditata,</span> <span class='ocrx_word' id='word_1_61' title='bbox 803 2493 877 2540; x_wconf 79' lang='lat' dir='ltr'>ex</span> <span class='ocrx_word' id='word_1_62' title='bbox 909 2476 1138 2540; x_wconf 87' lang='lat' dir='ltr'>eodem.</span> 
     </span>
    </p>
   </div>
   <div class='ocr_carea' id='block_1_14' title="bbox 457 2582 2951 2659">
    <p class='ocr_par' dir='ltr' id='par_1_14' title="bbox 457 2582 2951 2659">
     <span class='ocr_line' id='line_1_14' title="bbox 457 2582 2951 2659; baseline -0.001 -13"><span class='ocrx_word' id='word_1_63' title='bbox 457 2584 1026 2647; x_wconf 88' lang='lat' dir='ltr'>Ecclesiasticarum</span> <span class='ocrx_word' id='word_1_64' title='bbox 1057 2584 1558 2646; x_wconf 85' lang='lat' dir='ltr'>constitutionum</span> <span class='ocrx_word' id='word_1_65' title='bbox 1588 2585 1882 2659; x_wconf 89' lang='lat' dir='ltr'>collectio,</span> <span class='ocrx_word' id='word_1_66' title='bbox 1919 2601 1992 2648; x_wconf 81' lang='lat' dir='ltr'>ex</span> <span class='ocrx_word' id='word_1_67' title='bbox 2027 2584 2394 2648; x_wconf 86' lang='lat' dir='ltr'>Bibliotheca</span> <span class='ocrx_word' id='word_1_68' title='bbox 2426 2582 2651 2646; x_wconf 85' lang='lat' dir='ltr'>Christ.</span> <span class='ocrx_word' id='word_1_69' title='bbox 2685 2583 2951 2645; x_wconf 85' lang='lat' dir='ltr'>Justelli.</span> 
     </span>
    </p>
   </div>
   <div class='ocr_carea' id='block_1_15' title="bbox 458 2687 2874 2769">
    <p class='ocr_par' dir='ltr' id='par_1_15' title="bbox 458 2687 2874 2769">
     <span class='ocr_line' id='line_1_15' title="bbox 458 2687 2874 2769; baseline -0 -19"><span class='ocrx_word' id='word_1_70' title='bbox 458 2689 727 2769; x_wconf 88' lang='lat' dir='ltr'>Epistola</span> <span class='ocrx_word' id='word_1_71' title='bbox 759 2689 833 2753; x_wconf 90' lang='lat' dir='ltr'>de</span> <span class='ocrx_word' id='word_1_72' title='bbox 857 2691 1104 2768; x_wconf 87' lang='lat' dir='ltr'>jejuniis</span> <span class='ocrx_word' id='word_1_73' title='bbox 1135 2707 1244 2769; x_wconf 89' lang='lat' dir='ltr'>per</span> <span class='ocrx_word' id='word_1_74' title='bbox 1271 2707 1519 2758; x_wconf 83' lang='lat' dir='ltr'>annum,</span> <span class='ocrx_word' id='word_1_75' title='bbox 1555 2708 1626 2753; x_wconf 78' lang='lat' dir='ltr'>ex</span> <span class='ocrx_word' id='word_1_76' title='bbox 1658 2689 2062 2754; x_wconf 85' lang='lat' dir='ltr'>Monumentis</span> <span class='ocrx_word' id='word_1_77' title='bbox 2087 2690 2339 2752; x_wconf 90' lang='lat' dir='ltr'>Joannis</span> <span class='ocrx_word' id='word_1_78' title='bbox 2371 2689 2537 2769; x_wconf 85' lang='lat' dir='ltr'>Bapt.</span> <span class='ocrx_word' id='word_1_79' title='bbox 2575 2687 2874 2751; x_wconf 85' lang='lat' dir='ltr'>Cotelerii.</span> 
     </span>
    </p>
   </div>
   <div class='ocr_carea' id='block_1_16' title="bbox 458 2795 2210 2876">
    <p class='ocr_par' dir='ltr' id='par_1_16' title="bbox 458 2795 2210 2876">
     <span class='ocr_line' id='line_1_16' title="bbox 458 2795 2210 2876; baseline 0 -20"><span class='ocrx_word' id='word_1_80' title='bbox 458 2795 732 2876; x_wconf 85' lang='lat' dir='ltr'>Epistola</span> <span class='ocrx_word' id='word_1_81' title='bbox 762 2796 836 2860; x_wconf 91' lang='lat' dir='ltr'>de</span> <span class='ocrx_word' id='word_1_82' title='bbox 868 2796 1240 2876; x_wconf 86' lang='lat' dir='ltr'>Rasophoris</span> <span class='ocrx_word' id='word_1_83' title='bbox 1270 2812 1375 2860; x_wconf 88' lang='lat' dir='ltr'>seu</span> <span class='ocrx_word' id='word_1_84' title='bbox 1407 2814 1548 2860; x_wconf 88' lang='lat' dir='ltr'>raso</span> <span class='ocrx_word' id='word_1_85' title='bbox 1581 2797 1834 2869; x_wconf 87' lang='lat' dir='ltr'>indutis,</span> <span class='ocrx_word' id='word_1_86' title='bbox 1870 2814 1942 2860; x_wconf 80' lang='lat' dir='ltr'>ex</span> <span class='ocrx_word' id='word_1_87' title='bbox 1973 2796 2210 2859; x_wconf 89' lang='lat' dir='ltr'>eodem.</span> 
     </span>
    </p>
   </div>
   <div class='ocr_carea' id='block_1_17' title="bbox 548 3381 2188 3430">
    <p class='ocr_par' dir='ltr' id='par_1_17' title="bbox 548 3381 2188 3430">
     <span class='ocr_line' id='line_1_17' title="bbox 548 3381 2188 3430; baseline 0 0"><span class='ocrx_word' id='word_1_88' title='bbox 548 3383 576 3411; x_wconf 78' lang='lat'><strong>*</strong></span> <span class='ocrx_word' id='word_1_89' title='bbox 616 3382 820 3430; x_wconf 79' lang='lat' dir='ltr'>Textum</span> <span class='ocrx_word' id='word_1_90' title='bbox 852 3383 1152 3430; x_wconf 83' lang='lat' dir='ltr'>contulimus</span> <span class='ocrx_word' id='word_1_91' title='bbox 1188 3395 1296 3429; x_wconf 90' lang='lat' dir='ltr'>cum</span> <span class='ocrx_word' id='word_1_92' title='bbox 1333 3381 1552 3430; x_wconf 85' lang='lat' dir='ltr'>editione</span> <span class='ocrx_word' id='word_1_93' title='bbox 1582 3381 1872 3430; x_wconf 78' lang='lat' dir='ltr'>Atheniensi</span> <span class='ocrx_word' id='word_1_94' title='bbox 1902 3381 2018 3429; x_wconf 89' lang='lat' dir='ltr'>anni</span> <span class='ocrx_word' id='word_1_95' title='bbox 2053 3384 2188 3430; x_wconf 78' lang='grc'>1855.</span> 
     </span>
    </p>
   </div>
   <div class='ocr_carea' id='block_1_18' title="bbox 864 5767 3217 5836">
    <p class='ocr_par' dir='ltr' id='par_1_18' title="bbox 864 5767 3217 5836">
     <span class='ocr_line' id='line_1_18' title="bbox 864 5767 3217 5836; baseline 0.004 -22"><span class='ocrx_word' id='word_1_96' title='bbox 864 5773 1057 5836; x_wconf 75' lang='lat' dir='ltr'>Clichy,</span> <span class='ocrx_word' id='word_1_97' title='bbox 1089 5801 1149 5809; x_wconf 92' lang='lat'><em>_</em></span> <span class='ocrx_word' id='word_1_98' title='bbox 1180 5773 1244 5822; x_wconf 67' lang='lat' dir='ltr'>Ex</span> <span class='ocrx_word' id='word_1_99' title='bbox 1275 5774 1413 5836; x_wconf 76' lang='lat' dir='ltr'>typis</span> <span class='ocrx_word' id='word_1_100' title='bbox 1446 5773 1606 5822; x_wconf 77' lang='lat' dir='ltr'>PAUL</span> <span class='ocrx_word' id='word_1_101' title='bbox 1640 5771 1907 5830; x_wconf 72' lang='lat' dir='ltr'>DUPONT,</span> <span class='ocrx_word' id='word_1_102' title='bbox 1940 5774 2017 5827; x_wconf 63' lang='grc' dir='ltr'>ιε,</span> <span class='ocrx_word' id='word_1_103' title='bbox 2050 5770 2131 5816; x_wconf 71' lang='lat' dir='ltr'>via</span> <span class='ocrx_word' id='word_1_104' title='bbox 2160 5767 2296 5817; x_wconf 85' lang='lat' dir='ltr'>dicta</span> <span class='ocrx_word' id='word_1_105' title='bbox 2325 5769 2756 5821; x_wconf 71' lang='lat' dir='ltr'>Bac-d‘Asniéi-cs.</span> <span class='ocrx_word' id='word_1_106' title='bbox 2795 5801 2854 5808; x_wconf 94' lang='lat'><strong>—</strong></span> <span class='ocrx_word' id='word_1_107' title='bbox 2892 5778 3217 5825; x_wconf 66' lang='lat' dir='ltr'>111.9.190L</span> 
     </span>
    </p>
   </div>
   <div class='ocr_carea' id='block_1_19' title="bbox 3534 2157 3656 2218">
    <p class='ocr_par' dir='ltr' id='par_1_19' title="bbox 3534 2157 3656 2218">
     <span class='ocr_line' id='line_1_19' title="bbox 3534 2157 3656 2218; baseline 0 -1"><span class='ocrx_word' id='word_1_108' title='bbox 3534 2157 3656 2218; x_wconf 73' lang='lat'>455</span> 
     </span>
    </p>
   </div>
   <div class='ocr_carea' id='block_1_20' title="bbox 3537 2369 3648 2433">
    <p class='ocr_par' dir='ltr' id='par_1_20' title="bbox 3537 2369 3648 2433">
     <span class='ocr_line' id='line_1_20' title="bbox 3537 2369 3648 2433; baseline -0.018 0"><span class='ocrx_word' id='word_1_109' title='bbox 3537 2369 3648 2433; x_wconf 78' lang='grc'>951</span> 
     </span>
    </p>
   </div>
   <div class='ocr_carea' id='block_1_21' title="bbox 3499 2475 3656 2538">
    <p class='ocr_par' dir='ltr' id='par_1_21' title="bbox 3499 2475 3656 2538">
     <span class='ocr_line' id='line_1_21' title="bbox 3499 2475 3656 2538; baseline 0 0"><span class='ocrx_word' id='word_1_110' title='bbox 3499 2475 3656 2538; x_wconf 80' lang='grc'><strong>1013</strong></span> 
     </span>
    </p>
   </div>
   <div class='ocr_carea' id='block_1_22' title="bbox 3501 2583 3655 2645">
    <p class='ocr_par' dir='ltr' id='par_1_22' title="bbox 3501 2583 3655 2645">
     <span class='ocr_line' id='line_1_22' title="bbox 3501 2583 3655 2645; baseline 0 -1"><span class='ocrx_word' id='word_1_111' title='bbox 3501 2583 3655 2645; x_wconf 85' lang='grc'>1077</span> 
     </span>
    </p>
   </div>
   <div class='ocr_carea' id='block_1_23' title="bbox 3501 2691 3656 2752">
    <p class='ocr_par' dir='ltr' id='par_1_23' title="bbox 3501 2691 3656 2752">
     <span class='ocr_line' id='line_1_23' title="bbox 3501 2691 3656 2752; baseline 0.013 -2"><span class='ocrx_word' id='word_1_112' title='bbox 3501 2691 3526 2750; x_wconf 82' lang='lat' dir='ltr'>I</span> <span class='ocrx_word' id='word_1_113' title='bbox 3538 2691 3656 2752; x_wconf 82' lang='lat'>335</span> 
     </span>
    </p>
   </div>
   <div class='ocr_carea' id='block_1_24' title="bbox 3498 2797 3653 2857">
    <p class='ocr_par' dir='ltr' id='par_1_24' title="bbox 3498 2797 3653 2857">
     <span class='ocr_line' id='line_1_24' title="bbox 3498 2797 3653 2857; baseline 0 0"><span class='ocrx_word' id='word_1_114' title='bbox 3498 2799 3524 2857; x_wconf 81' lang='lat' dir='ltr'>I</span> <span class='ocrx_word' id='word_1_115' title='bbox 3536 2797 3653 2857; x_wconf 80' lang='lat'><strong>359</strong></span> 
     </span>
    </p>
   </div>
  </div>
