4098 6288
389 386 462 447 39
1648 369 1933 432 THEOD.
1974 367 2375 432 BALSAMON
3559 375 3629 441 to

378 496 452 549 De
503 510 597 550 sua
649 494 792 548 enim
844 491 1106 562 dignitate
1165 489 1220 544 in
1265 486 1561 558 periculum
1613 486 1807 551 veniet,
1845 485 1948 538 hoc

2057 480 2374 548 ἐκφεύξεται
2410 483 2499 535 τὸν
2536 484 2800 541 κίνδυνον.
2841 487 3190 543 Κινδυνεύσει
3228 490 3336 562 γὰρ
3377 492 3505 563 περὶ
3536 495 3631 563 τὴν

378 600 477 646 est,
532 587 851 652 deponetur.

446 676 698 730 ZONAR.
725 674 858 729 Cum
884 675 950 729 de
994 671 1372 727 interdicendo
1420 670 1635 726 clericis
1664 668 1938 731 fenerario

378 750 583 840 quastu
635 768 720 822 hic
776 780 951 821 canon
1001 777 1223 818 acturus
1253 764 1345 829 sit,
1400 762 1466 817 de
1515 760 1740 815 avaritia
1777 761 1949 827 primo

377 862 621 925 disserit,
669 875 896 927 eamque
944 858 1184 912 omnium
1238 856 1498 911 malorum
1545 863 1822 925 parentem
1856 868 1949 921 ap-

378 953 557 1021 pellat,
586 952 1092 1025 contlnendamquc,
1137 949 1239 1002 hoc
1283 957 1367 1003 est
1403 947 1754 1001 coercendam
1787 955 1950 1015 atque

379 1046 761 1114 amputandam
794 1058 915 1099 esse
944 1043 1205 1107 decernit,
1243 1056 1310 1096 ne
1348 1056 1435 1095 res
1466 1040 1672 1094 alienas
1705 1038 1945 1103 invadat,

375 1138 569 1206 eisque
617 1139 891 1191 abutatur.
941 1136 1182 1189 Abusum
1215 1147 1343 1188 vero
1373 1132 1748 1185 inconcessum
1778 1129 1949 1184 alicu-

373 1230 464 1298 jus
499 1229 577 1285 rei
608 1242 764 1281 usum
790 1225 1109 1280 nominavit.
1137 1223 1279 1279 Usus
1304 1236 1430 1276 vero
1484 1222 1559 1275 rei
1598 1221 1947 1275 inroncessus

377 1323 541 1378 etiam
593 1330 701 1383 est,
735 1318 936 1388 aliquid
968 1317 1209 1371 honesta:
1234 1330 1414 1369 causa:
1447 1323 1830 1386 prtetexeutem
1864 1327 1951 1366 res

380 1412 584 1467 alienas
630 1411 865 1464 auferre.
900 1408 1055 1473 Nam,
1101 1417 1156 1462 et
1200 1408 1293 1477 qui
1332 1405 1604 1471 fenerant,
1657 1404 1812 1474 quasi
1858 1402 1949 1472 qui

376 1503 565 1559 fenore
597 1500 869 1571 accipiunt
916 1499 1045 1554 illud
1100 1498 1154 1553 in
1211 1512 1366 1553 suum
1420 1498 1760 1553 commodum
1818 1509 1951 1550 eon-

380 1605 615 1656 vertant,
666 1595 738 1646 ita
771 1607 835 1646 ex
882 1589 1067 1645 fenore
1115 1588 1267 1643 lucro
1306 1587 1625 1657 sesclpouri
1658 1586 1947 1642 aﬂirmant.

378 1685 751 1741 llesecandam
797 1684 978 1753 itaque
1021 1664 1183 1738 aliter.
1230 1682 1515 1737 avaritiam
1552 1691 1819 1745 autumat,
1863 1695 1946 1746 ar,

379 1794 449 1833 ne
499 1778 631 1831 lucri
668 1776 964 1845 cupiditate
994 1774 1320 1830 constitutos
1350 1788 1379 1826 a
1408 1771 1660 1827 Patrihus
1692 1775 1949 1827 terminus

379 1869 648 1938 quispiam
685 1866 977 1931 transiliat,
1012 1864 1419 1934 providendum.
1462 1861 1746 1918 Terminus
1786 1877 1950 1933 porro

378 1960 598 2015 Patrum
629 1973 816 2014 sacros
848 1942 1087 2013 canones
1115 1956 1436 2011 nominavit.
1484 1955 1616 2010 Nam
1647 1964 1701 2010 et
1730 1964 1951 2009 sancto-

379 2070 497 2107 rum
538 2053 902 2122 apostolorum
944 2060 1140 2117 quarto
1184 2059 1238 2105 et
1275 2049 1693 2120 quadragesimo
1719 2062 1948 2116 canone,

376 2147 516 2201 sacri
562 2132 771 2199 ordinis
821 2144 1130 2198 hominibus
1162 2140 1410 2196 fenerare
1442 2156 1506 2194 ne
1534 2140 1719 2205 liceat,
1748 2138 1949 2195 consti-

378 2247 571 2291 tutum.
596 2238 663 2291 Et
684 2238 868 2305 prima:
885 2236 1233 2289 meumenica:
1251 2232 1443 2305 synodi
1472 2232 1682 2287 decimo
1700 2232 1949 2300 septimo,

376 2328 466 2399 qui
518 2339 867 2383 recensentur
920 2327 972 2380 in
1017 2340 1244 2392 canone,
1321 2326 1368 2380 si
1432 2323 1583 2379 l‘enus
1639 2333 1948 2389 exerceant,

375 2421 719 2489 depositione
749 2419 1046 2473 multantur
1069 2427 1126 2473 et
1177 2417 1626 2472 condemnamur.
1656 2414 1723 2469 Et
1757 2413 1953 2469 Laodi-

377 2526 522 2566 ccntc
568 2513 759 2581 synodi
797 2526 968 2564 canon
1001 2509 1035 2566 4
1086 2507 1256 2563 sacris
1287 2505 1526 2561 initiatos
1571 2522 1682 2560 rem
1717 2505 1950 2573 aliquam

377 2606 564 2660 fenore
587 2604 767 2658 locare
795 2602 1017 2657 omnino
1055 2608 1226 2656 vetat.
1260 2598 1373 2653 Hos
1406 2614 1535 2669 ergo
1577 2613 1814 2652 canones
1853 2597 1952 2652 Pa-

380 2707 523 2751 trum
556 2696 815 2751 terminos
846 2693 1192 2763 nuncupavit.
1226 2690 1526 2746 Besecetur
1554 2704 1705 2753 vero,
1756 2690 1953 2760 inquit,

377 2786 717 2859 inexplebilis
764 2785 991 2841 habendi
1023 2784 1318 2853 cupiditas,
1367 2792 1427 2836 ιιι
1470 2796 1540 2837 ne
1590 2782 1789 2836 clerico
1837 2781 1953 2834 cui-

376 2895 539 2949 quam
587 2892 798 2943 usuras,
836 2890 1159 2947 quacunque
1190 2874 1407 2929 demum
1432 2888 1505 2927 ex
1559 2887 1640 2937 re,
1678 2871 1955 2941 percipere

381 2971 489 3025 ullo
536 2970 693 3024 modo
722 2968 901 3023 liceat.
966 2964 1077 3021 Nec
1111 2968 1255 3021 enim
1320 2965 1548 3036 pecunia
1594 2964 1952 3029 solummodo,

379 3063 476 3116 sed
502 3060 835 3115 frumentum
888 3073 1127 3129 quoque,
1168 3060 1353 3112 vinum
1404 3067 1458 3111 et
1482 3057 1681 3121 oleum,
1742 3055 1955 3125 aliaque

2050 573 2259 626 οἰκείαν
2292 575 2598 644 ἐπιτιμίαν,
2632 577 2876 632 τουτέστι
2909 581 3386 652 καθαιρεθήσεται.

2122 665 2373 718 ΖΩΝΛΡ.
2406 667 2542 736 Περὶ
2573 667 2665 720 τοῦ
2698 670 2774 739 μὴ
2802 672 3038 737 τοκίζειν
3070 672 3367 742 κληρικοὺς
3395 677 3425 728 ό
3456 677 3633 731 κανὼν

2050 752 2411 820 διατάξασθαι
2468 758 2717 825 μέλλων,
2776 763 2905 829 περὶ
2964 764 3271 835 ἀπληστίας
3322 767 3639 836 διαλέγεται

2050 846 2291 917 πρῶτον,
2322 848 2417 902 καὶ
2448 850 2648 923 ταύτην
2680 851 2826 907 εἶναί
2857 872 2989 925 φησι
3020 857 3129 911 τῶν
3162 860 3347 915 κακῶν
3380 861 3635 919 ἁπάντων

2053 936 2291 1007 μητέρα,
2332 940 2399 1012 ἢν
2439 944 2536 994 καὶ
2578 944 2799 1013 ἐπέχειν
2842 946 3040 1016 ὁρίζει,
3080 952 3332 1004 τουτέστι
3378 952 3629 1018 κωλύειν,

2050 1028 2380 1083 ἀνακόπτειν
2400 1072 2414 1096 ,
2453 1032 2538 1087 ἴνα
2573 1036 2648 1104 μὴ
2678 1039 2791 1099 τοῖς
2823 1038 3128 1110 ἀλλοτρίοις
3161 1042 3503 1116 ἐπεμϐαίνῃ,
3536 1047 3632 1100 καὶ

2049 1121 2459 1193 κατακέχρηται
2509 1126 2712 1190 αὐτοῖς.
2756 1129 3111 1201 Κατάχρησιν
3159 1133 3203 1185 δ’
3233 1133 3486 1202 ὠνόμασε
3536 1138 3634 1209 τὴν

2051 1213 2203 1281 παρὰ
2233 1214 2293 1266 τὸ
2329 1214 2444 1268 δέον
2475 1217 2705 1287 χρῆσινο
2740 1222 2935 1291 χρῆσις
2977 1224 3033 1276 δὲ
3080 1226 3228 1296 παρά
3260 1228 3320 1280 τὸ
3362 1229 3482 1284 δέον
3514 1230 3633 1284 ἐστὶ

2050 1303 2146 1356 καὶ
2170 1302 2229 1356 τὸ
2255 1306 2585 1378 εύαφόρμως
2611 1309 2753 1379 τάχα
2778 1312 2847 1364 τὰ
2876 1313 3137 1384 ἀλλότρια
3164 1319 3542 1389 ἀφαιρεῖσθαι.
3568 1326 3633 1378 Ol

2049 1394 2160 1464 γὰρ
2193 1394 2531 1463 δανείζοντες
2566 1400 2660 1453 ἐπὶ
2693 1402 2894 1468 τόκοις,
2928 1405 3005 1469 ὡς
3036 1407 3198 1477 δῆθεν
3231 1411 3633 1484 ὠφελουμένων

2048 1486 2156 1540 τῶν
2191 1486 2614 1567 δανειζομένων,
2654 1494 2719 1546 ἐκ
2757 1494 2849 1547 τοῦ
2891 1497 3083 1561 δὰνους
3126 1503 3263 1567 φασὶ
3303 1506 3396 1557 stati.
3435 1507 3635 1570 αὐτοὺς

2050 1581 2421 1652 συμμετέχειν
2449 1583 2543 1635 τοῦ
2576 1586 2826 1653 κέρδους.
2860 1588 2970 1643 Καὶ
3004 1590 3179 1655 ἄλλως
3209 1592 3266 1647 δὲ
3300 1596 3634 1651 ἀνακόπτειν

2049 1670 2165 1735 δεῖ,
2204 1674 2374 1745 φησι,
2409 1674 2507 1747 τὴν
2544 1677 2895 1746 πλεονεξίαν,
2932 1681 3022 1735 [va
3059 1684 3133 1754 μὴ
3169 1684 3257 1738 διά
3290 1687 3477 1754 κέρδος
3507 1687 3635 1753 τοὺς

2049 1763 2158 1816 τών
2186 1765 2447 1827 Πατέρων
2472 1767 2634 1839 ὄρους
2664 1786 2747 1834 τις
2777 1771 3107 1847 ὑπερϐαίνει,
3135 1777 3295 1846 δρους
3321 1779 3429 1831 τῶν
3460 1782 3635 1834 Πατέ-

2053 1871 2165 1924 ρων
2193 1857 2323 1917 τοὺς
2358 1858 2539 1928 ἱεροὺς
2574 1862 2810 1928 κανόνας
2845 1864 3052 1921 καλῶν.
3081 1867 3150 1920 Ὀ
3181 1884 3241 1921 τε
3279 1870 3389 1941 γὰρ
3430 1870 3511 1943 μδ¹
3538 1890 3637 1927 κα-

2051 1946 2160 2002 νὼν
2201 1949 2309 2002 τῶν
2349 1950 2666 2007 ἀποστόλων
2708 1955 2771 2008 τὸ
2816 1956 3084 2023 δανείζειν
3126 1960 3254 2024 τοὺς
3304 1962 3634 2031 ίερωμένους

2051 2042 2144 2095 ἐπὶ
2171 2044 2351 2108 τόκοις
2380 2046 2739 2118 ἀπαγορεύει,
2773 2050 2868 2104 καὶ
2892 2052 2921 2103 ό
2944 2050 3045 2119 τῆς
3073 2051 3298 2124 πρώτης
3325 2057 3635 2128 οίκουμενι-

2050 2132 2155 2203 κ’ἠς
2189 2134 2411 2189 συνόδου
2448 2134 2511 2200 ιζ’
2536 2137 2719 2192 κανὼν
2748 2139 3071 2208 καθαιρέσει
3102 2142 3505 2199 καθυποϐάλλει
3539 2149 3636 2201 καὶ

2052 2224 2406 2289 καταδικάζει
2446 2230 2573 2291 τοὺς
2616 2232 2675 2282 ἐν
2717 2228 2796 2301 τῷ
2838 2232 3026 2286 κανόνι
3071 2232 3496 2304 ἐξεταζομένους
3540 2238 3636 2292 ἐπὶ

2051 2320 2230 2383 τόκοις
2263 2320 2633 2387 δανείζοντας.
2665 2322 2778 2377 Καὶ
2809 2324 2837 2376 ό
2867 2324 2969 2393 τῆς
3002 2327 3058 2377 έν
3089 2325 3382 2398 Λαοδικείᾳ
3418 2330 3633 2385 συνόδου

2051 2408 2093 2465 δ’
2119 2410 2301 2466 κανὼν
2325 2414 2627 2484 ἀποτρέπει
2654 2415 2768 2477 τοῖς
2800 2415 3099 2483 ἱερατικοῖς
3122 2417 3184 2469 τὸ
3212 2417 3309 2470 ἐπὶ
3335 2419 3513 2484 τόκοις
3539 2420 3635 2476 δα-

2052 2505 2270 2569 νείζειν.
2303 2506 2540 2570 Τούτους
2569 2501 2664 2560 οὖν
2693 2508 2822 2571 τοὺς
2856 2509 3086 2572 κανόνας
3120 2509 3282 2579 ὅρους
3314 2510 3423 2567 τῶν
3456 2514 3633 2569 Πατέ-

2054 2613 2165 2667 ρων
2199 2595 2479 2653 ἐκάλεσεν.
2508 2597 2925 2656 ’Δνακοπτέσθω
2948 2602 3025 2669 δὲ,
3056 2606 3251 2674 φησιν,
3279 2608 3311 2676 ἡ
3335 2604 3634 2678 ἀπληστία,

2053 2690 2151 2741 καὶ
2184 2687 2271 2741 ῐνα
2308 2690 2384 2759 μὴ
2419 2689 2515 2761 ἐξῇ
2550 2690 2800 2763 κληρικῷ
2833 2694 3109 2768 οίῳδήτινι
3140 2696 3300 2752 τόκον
3331 2696 3635 2767 λαμϐάνειν

2054 2778 2161 2832 ἀπὸ
2193 2781 2513 2850 οίουδήποτε
2550 2784 2903 2854 πράγματος.
2936 2787 3014 2840 Οὐ
3054 2788 3216 2857 μόνον
3247 2788 3361 2860 γὰρ
3392 2788 3638 2861 ἀργύρια

2054 2872 2576 2959 δανείζονταιηάλλά
2607 2878 2701 2929 καὶ
2734 2879 2881 2940 σῖτος
2910 2879 3008 2932 καὶ
3035 2874 3179 2943 eive;
3209 2881 3303 2933 καὶ
3333 2880 3512 2934 nam
3539 2880 3634 2934 καὶ

2060 2962 2231 3035 μυρία
2267 2963 2432 3030 ἕτερα
2467 2966 2604 3036 εἴδη.
2639 2966 2753 3021 Καὶ
2786 2967 2979 3040 ὥσπερ
3016 2970 3110 3024 επὶ
3137 2970 3247 3025 τῶν
3278 2970 3633 3042 νομισμάτων

2060 3058 2435 3127 συμφωνεῖται
2472 3057 2711 3112 δίδοσθαι
2746 3062 2927 3126 τόκος,
2960 3060 3104 3117 οὕτω
3146 3064 3243 3117 καὶ
3284 3063 3380 3116 επὶ
3410 3062 3519 3116 τῶν
3560 3064 3639 3117 εί-

382 3168 564 3209 rerum
626 3167 823 3224 genera
888 3150 1305 3206 innumerabilia
1349 3148 1525 3203 fenori
1582 3147 1849 3203 locantur.
1889 3145 1953 3199 Et

2057 3146 2182 3203 δῶν.
2214 3149 2485 3213 Δανείζων
2516 3151 2626 3221 γάρ
2656 3168 2741 3216 τις
2775 3155 2922 3207 σῖτον
2953 3154 3115 3225 τυχὸν
3150 3154 3366 3220 μοδίους
3399 3155 3631 3221 ἑκατὸν,

378 3246 831 3314 quemadmodum
865 3243 916 3296 in
956 3242 1204 3313 pecunia,
1235 3241 1311 3295 ita
1345 3255 1410 3294 ex
1474 3239 1723 3294 condicto
1776 3253 1956 3293 usurae

382 3340 435 3392 in
467 3339 587 3391 aliis
611 3353 790 3392 rerum
826 3338 1120 3405 generibus
1173 3336 1487 3401 exiguntur.
1550 3330 1704 3385 Datis
1762 3345 1957 3399 nempe

379 3434 673 3504 quispiam,
703 3432 937 3501 exetnpli
981 3445 1168 3495 causa,
1205 3427 1412 3482 mutuis
1444 3436 1661 3481 centum
1700 3422 1955 3479 frumenti

385 3529 604 3592 modiis,
639 3527 908 3596 praeﬁnito
937 3534 1180 3593 tempore
1214 3521 1403 3590 elapso
1457 3528 1670 3573 centum
1708 3532 1768 3572 se
1805 3520 1954 3571 insu-

384 3636 484 3691 per
533 3620 839 3675 modiorum
894 3630 1178 3671 numerum
1241 3619 1595 3682 accepturum
1644 3610 1954 3681 paciscitur,

384 3709 545 3777 idque
574 3711 631 3763 in
662 3709 783 3765 aliis
804 3708 996 3763 eodem
1032 3706 1209 3760 modo.
1241 3702 1321 3758 Ne
1366 3702 1490 3772 quis
1520 3702 1685 3772 igitur
1720 3710 1868 3755 esset
1902 3700 1957 3754 in

385 3803 741 3857 adulterando
764 3803 971 3854 canone
992 3796 1167 3852 fraudi
1219 3796 1392 3860 locus,
1422 3797 1496 3850 ita
1544 3804 1602 3850 ut
1632 3809 1662 3849 ο
1726 3793 1958 3863 pecunia

384 3893 598 3967 quidem
628 3890 948 3955 feateranda,
978 3906 1084 3944 non
1114 3899 1293 3945 tamen
1322 3890 1389 3943 ab
1426 3886 1608 3942 usuris
1640 3899 1704 3942 ex
1728 3885 1957 3940 aliarum

384 4002 568 4043 rerum
620 3986 921 4040 mutatione
943 3982 1265 4052 colligendis
1305 3981 1504 4035 sacrati
1533 3980 1781 4035 homines
1834 3974 1960 4031 abs-

384 4081 658 4142 tinerent;
710 4076 915 4131 idcirco
939 4072 1156 4140 Patres,
1192 4088 1259 4127 ne
1282 4085 1346 4127 ex
1381 4084 1709 4142 quacunque
1749 4084 1809 4145 re
1861 4067 1959 4123 de-

386 4186 533 4224 mum
569 4183 767 4224 usuras
810 4167 1091 4238 percipere
1122 4166 1304 4229 liceat,
1335 4165 1609 4219 addidere.
1636 4163 1716 4215 Ac
1739 4176 1805 4216 ea
1840 4161 1960 4231 qui-

383 4260 528 4327 dem,
558 4259 829 4328 inquiunt,
860 4271 981 4328 qu:e
1036 4256 1201 4311 relata
1252 4269 1447 4324 nuper,
1507 4254 1609 4307 hoc
1657 4262 1760 4316 est,
1805 4252 1959 4307 nobis

386 4350 691 4420 signilicata
722 4358 871 4413 sunt,
923 4345 1155 4401 obscura
1210 4345 1429 4413 quippe,
1466 4343 1516 4397 id
1567 4352 1671 4407 est,
1732 4342 1959 4407 incerta,

387 4440 625 4496 involuta
652 4438 889 4495 tenebris
922 4449 977 4493 et
1009 4438 1211 4509 ignota,
1246 4433 1691 4498 eﬂ‘ormahuntur,
1725 4434 1823 4489 hoc
1853 4443 1956 4500 est,

387 4551 417 4589 a
447 4534 599 4589 nobis
629 4543 884 4588 accurate
907 4533 1163 4586 meditata
1194 4530 1551 4583 deiinientur:
1579 4543 1699 4599 qua:
1729 4542 1858 4583 vero
1875 4529 1957 4582 di-

388 4628 526 4681 vina:
559 4625 854 4696 Scriptura:
882 4623 1118 4677 oraculis
1175 4622 1515 4695 praescripta,
1580 4624 1693 4675 sive
1755 4621 1958 4675 consti-

389 4729 526 4784 tuta,
550 4719 767 4772 decreta
800 4725 949 4782 sunt,
976 4714 1106 4768 nihil
1126 4715 1193 4769 de
1229 4714 1295 4768 iis
1322 4715 1614 4783 quidquam
1646 4715 1958 4777 decernere,

389 4811 491 4863 hoc
521 4817 601 4861 est
628 4846 643 4871 ,
699 4808 1033 4861 constituere
1057 4843 1072 4870 ,
1129 4806 1222 4859 sed
1252 4818 1315 4858 ea
1343 4841 1358 4868 ,
1397 4819 1515 4872 qua:
1567 4804 1680 4873 jam
1740 4802 1959 4857 deﬁnita

388 4910 536 4968 sunt,
564 4900 717 4969 sequi
746 4914 811 4952 ac
838 4912 1057 4951 servare
1087 4904 1320 4963 oportet.
1352 4895 1555 4949 Divinas
1616 4909 1778 4961 porro
1809 4895 1960 4950 Scri-

389 5000 561 5059 ptura:
587 4989 945 5058 appellatione
1014 5000 1197 5041 sacros
1253 4999 1490 5039 canones
1548 4999 1613 5038 ac
1663 4982 1961 5056 Scriptum

390 5082 695 5137 testimonia
727 5080 1076 5151 signiﬁcavit,
1110 5078 1266 5147 quale
1292 5076 1419 5132 illud
1470 5087 1585 5131 est:
1622 5075 1743 5129 Non
1806 5076 1959 5131 dabis

390 5175 546 5243 fratri
574 5183 663 5226 tuo
683 5176 959 5243 pecuniam
992 5173 1061 5224 ad
1084 5187 1338 5238 usuram;
1364 5178 1417 5224 et
1445 5170 1598 5236 illud,
1666 5168 1961 5225 Pecuniam

388 5283 537 5319 suam
588 5283 691 5319 non
717 5266 859 5318 dedit
891 5266 957 5319 ad
994 5282 1237 5329 usuram,
1265 5274 1674 5333 etquacunque
1724 5264 1830 5317 alia
1862 5264 1961 5318 hu-

385 5360 620 5429 jusmodi
657 5360 1022 5428 reperiuntur.
1086 5356 1223 5411 Hinc
1251 5359 1515 5411 rationem
1580 5371 1817 5427 quoque,
1865 5372 1963 5411 cur

394 5456 629 5510 sacratis
676 5454 986 5509 hominibus
1026 5450 1278 5508 fenerare
1329 5454 1645 5508 indecorum
1689 5469 1754 5508 ac
1805 5462 1963 5523 turpe

392 5552 484 5612 sit,
510 5546 803 5616 explicant.
829 5545 981 5611 Quod
1039 5546 1183 5600 enim
1237 5545 1288 5599 iu
1352 5544 1528 5609 laicis,
1563 5546 1834 5613 inquiunt,
1875 5558 1963 5599 an-

394 5654 507 5692 sam
550 5637 985 5707 reprehensionis
1013 5638 1236 5705 pra-bet,
1268 5637 1371 5691 hoc
1419 5647 1525 5703 est,
1587 5637 1965 5707 vituperatiOni

393 5730 874 5800 criminationique
928 5731 1223 5785 obnoxium
1277 5740 1397 5795 est,
1459 5731 1629 5784 multo
1684 5729 1854 5800 magis
1909 5731 1963 5784 in

394 5828 607 5885 clericis
640 5826 802 5884 luerit
825 5827 1316 5884 condemnandum.
1338 5824 1418 5881 Ad
1450 5825 1563 5880 haec
1608 5827 1839 5895 synodus
1870 5839 1963 5881 ne-

2058 3245 2341 3310 συμφωνεῖ
2388 3241 2575 3296 λαὸεἰν
2625 3244 2768 3314 μετά
2817 3248 3013 3315 καιρὸν
3060 3247 3367 3319 ὡρισμένον
3419 3250 3638 3321 μοδίους

2056 3333 2315 3387 ἐπέκεινα
2354 3334 2569 3402 τόσους,
2615 3338 2711 3390 καὶ
2754 3338 2849 3395 ἐπὶ
2890 3338 3000 3392 τῶν
3044 3339 3223 3395 ἄλλων
3264 3340 3489 3410 ὁμοίως.
3518 3340 3637 3396 Ἵνα

2056 3424 2150 3479 οὖν
2189 3427 2263 3497 μὴ
2302 3428 2715 3500 περιγράφηται
2756 3434 2784 3484 ό
2825 3429 3030 3498 κανὼν,
3065 3432 3380 3504 νομίσματα
3422 3433 3522 3502 μὲν
3562 3432 3641 3506 μὴ

2055 3517 2413 3581 δανειζόντων
2448 3520 2541 3572 ἐπὶ
2576 3520 2719 3590 τόκῳ
2751 3520 2860 3575 τῶν
2897 3522 3245 3593 ἱερωμένων,
3284 3524 3343 3576 ἑν
3378 3524 3543 3579 εἴδεσι
3580 3525 3639 3578 δὲ

2056 3607 2216 3662 τοῦτο
2266 3606 2598 3675 ποιούντων,
2641 3612 2971 3682 προσέθεντο
3013 3615 3065 3667 oi
3110 3615 3392 3687 Πατέρες,
3438 3615 3643 3687 οίουδή-

2058 3712 2190 3756 ποτε
2231 3704 2577 3774 πράγματος.
2620 3703 2732 3757 Kal.
2768 3705 2838 3759 τὰ
2882 3706 2982 3775 μὲν
3022 3708 3217 3762 νεωστὶ
3255 3709 3638 3780 ἀνενεχθέντα,

2056 3793 2335 3847 τουτέστιν
2358 3795 2805 3865 ὑπομνησθέντα,
2830 3799 3018 3866 φασιν,
3042 3788 3269 3869 ἀμαυρά
3293 3799 3446 3869 ὅντα,
3470 3802 3640 3873 ἧγουν

2057 3887 2273 3960 ἀσαφῆ,
2304 3890 2593 3955 σκοτεινὰ,
2623 3888 2968 3959 ἀγνοούμενα
2990 3928 3007 3955 ,
3034 3892 3487 3962 τυπωθήσσνται,
3518 3893 3641 3946 ἀντὶ

2058 3978 2153 4032 τοῦ
2193 3978 2577 4055 ὁρισθησονται
2616 3978 2747 4049 παρ’
2774 3981 2933 4051 ἡμῶν
2975 3984 3350 4053 σκοπούμενα,
3390 3982 3427 4038 ἃ
3470 3986 3563 4038 καὶ
3606 3984 3642 4055 ἡ

2059 4067 2180 4121 θεία
2206 4068 2399 4144 Γραφη
2422 4069 2730 4135 ἐθέσπισεν,
2760 4071 2880 4141 ῆτοι
2906 4071 3292 4145 ἐνομοθέτησε,
3320 4073 3639 4145 διωρίσατο,

2059 4163 2189 4231 περὶ
2226 4162 2449 4214 ἑκείνων
2482 4160 2543 4215 οὐ
2581 4162 2665 4214 δεῖ
2697 4161 3056 4232 ψηφίζεσθαι,
3095 4164 3377 4218 τουτέστιν
3413 4164 3645 4234 ἀποφαί-

2062 4255 2280 4321 νεσθαι,
2310 4254 2447 4309 ἀλλά
2481 4256 2576 4307 καὶ
2608 4254 2841 4310 ἔπεσθαι
2874 4257 2969 4309 καὶ
3003 4256 3321 4310 ἀκολουθεῖν
3354 4258 3470 4322 τοῖς
3501 4273 3646 4314 νενο-

2064 4346 2478 4418 μοθετημένοις.
2504 4346 2667 4399 Θείαν
2695 4346 2751 4400 δὲ
2781 4347 3006 4417 Γραφὴν
3033 4347 3159 4413 τούς
3186 4365 3247 4401 τε
3281 4348 3460 4420 ἱεροὺς
3490 4349 3647 4402 κανόο

2064 4455 2159 4502 νας
2178 4437 2450 4507 ὠνόμασε,
2470 4437 2567 4498 τὰς
2592 4438 2870 4505 γραφικάς
2894 4438 3107 4508 ῥήσεις,
3124 4438 3183 4490 τὸ
3208 4441 3331 4493 οὐκ
3354 4439 3646 4507 ἐκτοκιεῖς

2067 4529 2129 4582 τὸ
2154 4528 2442 4595 ἀργύριόν
2456 4541 2574 4582 σου
2591 4527 2671 4593 τῷ
2694 4527 2935 4597 ἀδελφῷ
2959 4545 3098 4593 σου,
3116 4530 3309 4596 καὶτὸ,
3337 4530 3646 4600 Ἀργύριον

2068 4619 2252 4672 αὑτοῦ
2279 4620 2390 4672 οὐκ
2417 4618 2641 4672 ἔδωκεν
2663 4619 2763 4673 ἐπὶ
2791 4620 2965 4686 τόκῳ,
2992 4618 3088 4672 καὶ⁸
3112 4620 3210 4673 ὅσα
3234 4621 3482 4677 τοιαῦτα.
3509 4617 3645 4677 Εἶτα

2068 4710 2164 4763 καὶ
2193 4709 2665 4775 κατασκευάζουσι
2693 4709 2811 4773 πῶς
2836 4709 3039 4765 ἄτοπόν
3063 4712 3181 4765 ἐστι
3211 4716 3305 4765 καὶ
3334 4715 3557 4785 αἰσχρὸν
3582 4714 3646 4770 τὸ

2068 4800 2334 4865 δανείζειν
2361 4801 2455 4854 ἰπὶ
2484 4803 2663 4864 τόκοις
2692 4803 2817 4865 τοὺς
2850 4802 3207 4873 ίερωμένους,
3241 4805 3336 4857 καί
3367 4822 3531 4873 φασιν
3561 4809 3645 4861 ὅτι

2069 4895 2206 4964 ὅπερ
2237 4909 2295 4949 εν
2321 4896 2533 4957 λαῖκοίς
2564 4893 2899 4965 ἐπιλήψιμόν
2929 4894 3098 4959 ἔστιν,
3130 4896 3297 4965 ἤγουν
3322 4897 3524 4966 ψεκτὸν
3550 4902 3647 4953 καὶ

2062 4988 2517 5057 διαϐαλλόμενον,
2549 4986 2863 5047 ἀκολούθως
2892 4989 2949 5040 ὲν
2979 4985 3078 5057 κλη
3093 4991 3267 5059 ρικοῐς
3302 4990 3481 5060 πολλῷ
3516 4993 3647 5061 μᾶλ-

2065 5082 2155 5134 λον
2194 5079 2397 5148 ὀφείλει
2438 5078 2919 5142 καταδικάζεσθαι.
2958 5080 3102 5147 Πρὸς
3138 5082 3316 5134 ταῦτα
3354 5084 3388 5153 ἠ
3428 5081 3646 5147 σύνοδος

2066 5170 2219 5227 εἶπεν
2239 5189 2253 5203 ⁶
2282 5172 2473 5234 Οὐδεὶς
2502 5170 2645 5224 κατὰ
2678 5172 2787 5223 τῶν
2819 5173 3140 5241 προφητῶν,
3169 5172 3348 5236 οὐδεὶς
3378 5175 3521 5229 κατὰ
3549 5175 3648 5229 τοῦ

2066 5263 2402 5332 Εὑαγγελίου
2433 5266 2607 5335 χωρὶς
2640 5262 2886 5317 κινδύνου
2922 5263 3198 5333 ἐποίησεν.
3227 5265 3397 5319 Τοῦτο
3429 5265 3473 5319 δ’
3496 5248 3647 5320 ἔστιν

2063 5356 2092 5409 ὃ
2121 5351 2311 5409 εἷπον·
2332 5356 2436 5418 ὅτι,
2461 5356 2586 5407 επεὶ
2611 5358 2704 5408 καὶ
2727 5358 2794 5427 τῇ
2827 5356 3164 5427 παλαιοτέρα
3192 5356 3410 5430 Γραφῇ,
3435 5360 3646 5428 ταύτην

2067 5448 2176 5519 γὰρ
2205 5448 2295 5501 διὰ
2324 5448 2433 5501 τῶν
2461 5447 2759 5517 προφητῶν
2789 5448 3010 5518 ᾐνίξατο
3029 5489 3045 5515 ,
3078 5452 3172 5501 καὶ
3202 5453 3269 5521 τῇ
3300 5451 3426 5523 νέᾳ,
3459 5451 3529 5523 ἢν
3554 5452 3648 5506 διὰ

2066 5542 2160 5594 τοῦ
2204 5540 2535 5609 Εὑαγγελίου
2577 5541 2869 5610 ἐνέφηνεν,
2908 5543 3398 5611 ἀποτετραμμένον
3430 5545 3547 5595 ἐστὶ
3583 5544 3648 5595 τὸ
3743 5574 3751 5579 ~

2066 5634 2302 5700 τοκίζειν
2322 5671 2337 5698 ,
2366 5633 2537 5696 οὐδεὶς
2572 5632 2743 5685 ποιῶν
2774 5633 2842 5685 τὰ
2874 5634 3302 5703 ἀπηγορευμένα
3335 5634 3527 5712 agni;
3559 5635 3650 5685 ὲκ-

2069 5726 2326 5796 φεύξεται
2367 5725 2467 5795 τὴν
2511 5724 2777 5783 κίνδυνον.
2820 5726 3175 5779 Κινδυνεύσει
3220 5726 3329 5797 γὰρ
3378 5729 3505 5799 περὶ
3543 5725 3649 5798 τὴν

2068 5822 2275 5879 οἰκείαν
2306 5821 2607 5893 ἐπιτιμίαν,
2632 5821 2878 5875 τουτέστι
2909 5820 3397 5885 καθαιρεθήσεται.

4036 4686 4051 5097 ν
