4098 6288
291 371 363 434 45
1205 416 1226 436 .
1373 373 1456 435 1N
1487 373 1650 434 CAN.
1712 369 1785 430 VI
1838 371 2045 432 CONC.
2087 373 2459 432 CARTHAG.
3493 373 3562 433 46

294 486 394 540 καὶ
427 486 591 542 τοῦτο
619 489 839 564 θελήσει
874 495 1123 563 γίνεσθαι
1147 495 1286 549 κατᾶ
1315 495 1486 564 μόνην
1515 491 1610 545 τοῦ
1643 488 1871 560 paveton

1992 487 2139 554 sropi
2194 486 2376 540 facere
2437 484 2677 541 debent:
2715 484 2815 538 nisi
2851 483 2972 553 quis
3023 482 3159 538 forte
3212 482 3314 538 hoc
3345 497 3564 552 quoque

292 579 485 648 ἱερέως
525 581 745 652 θέλησιν
779 587 888 639 ἀπὸ
915 589 1013 659 τῆς
1050 590 1266 660 μακρᾶς
1303 585 1595 656 συνηθείας
1621 585 1720 652 τῆς
1752 582 1872 634 ἀντὶ

290 673 462 742 νόμον
498 678 592 730 καὶ
621 682 846 743 κανόνος
877 682 1186 754 κρατούσης
1219 682 1381 753 μέχρι
1406 683 1496 735 τοῦ
1527 681 1640 736 νῦν.

365 862 620 917 ΖΩΝΔΡ.
642 861 960 929 Χρίσιιατος
993 861 1209 931 ποίησις
1245 863 1280 933 ἠ
1311 863 1400 914 ἐπὶ
1434 861 1511 930 τῷ
1541 863 1680 932 ἁγίῳ
1716 863 1874 932 μύρῳ

291 959 413 1011 ἑστι
450 957 666 1027 τελετή.
703 956 1041 1027 Καταλ>.αγὴ
1086 956 1142 1008 δὲ
1179 957 1585 1024 μετανοούντων
1613 957 1676 1009 τὸ
1712 957 1874 1010 λῦσαι

289 1051 385 1104 τὸν
417 1050 958 1121 ὲξομολογησάμενον
991 1049 1087 1103 τοῦ
1129 1050 1406 1120 ἐπιτιμίου
1432 1092 1446 1114 ,
1484 1052 1580 1104 καὶ
1611 1053 1669 1104 ἐν
1705 1070 1873 1120 μετα-

290 1147 413 1217 νοίᾳ
445 1145 736 1214 γενόμενον
768 1148 860 1197 καὶ
891 1143 1312 1214 ἐπιτιμηθέντα.
1362 1145 1448 1208 Ὠς
1483 1145 1591 1217 γὰρ
1619 1145 1718 1217 ἠδη
1755 1147 1874 1200 ἰκα-

290 1239 400 1304 νῶς
433 1240 562 1303 ἴσως
583 1243 610 1292 ὁ
629 1238 866 1299 τοιοῧτος
886 1238 1175 1299 δουλεύσας
1201 1237 1277 1308 τῷ
1299 1239 1576 1310 ἐπιτιμίῳ,
1603 1240 1634 1310 ἢ
1668 1242 1762 1293 καὶ
1782 1241 1872 1294 τὸν

287 1332 598 1403 ὡρισμένον
626 1331 920 1401 πληρώσας
947 1332 1158 1400 χρόνον,
1191 1331 1289 1385 καὶ
1315 1332 1574 1400 ἀνάλογον
1605 1333 1874 1399 ἐπιδειξά-

294 1442 462 1497 μενος
507 1426 604 1494 τὴν
639 1426 954 1494 μετάνοιαν,
992 1424 1181 1479 λύεται
1213 1424 1309 1478 τοῦ
1341 1426 1641 1495 ἐπιτιμίου,
1690 1428 1786 1481 καὶ
1836 1427 1870 1498 ἢ

290 1519 620 1574 συνεστάναι
662 1519 776 1582 τοῖς
817 1520 1033 1580 πιστοῖς
1081 1521 1517 1590 παραχωρεῖται,
1569 1520 1601 1591 ἢ
1637 1519 1873 1574 καὶτῶν

290 1614 659 1683 ἁγιασμάτων
683 1612 1144 1684 μεταλαμϐάνειν.
1163 1611 1539 1666 Καταλλάττει
1561 1613 1670 1684 γὰρ
1683 1612 1872 1683 ὥσπερ

290 1707 460 1758 αὐτὸν
494 1703 572 1775 τῷ
603 1703 723 1773 Θεῷ
749 1705 779 1756 ὸ
829 1705 1118 1776 ἀρχιερεὺς
1148 1703 1236 1759 διὰ
1280 1706 1379 1772 τῆς
1422 1705 1742 1775 μετανοίας,
1777 1704 1873 1759 καὶ

289 1798 440 1851 οὕτω
462 1798 780 1866 συνέστησιν
800 1797 962 1850 αὑτὸν
988 1801 1103 1860 τοῖς
1127 1799 1338 1861 πιστοῖς
1361 1799 1418 1850 ὲν
1444 1799 1510 1868 τῇ
1551 1796 1870 1872 Ἐκκλησίᾳ,
1898 1840 1948 1902 Β

287 1891 390 1942 καὶ
409 1888 518 1940 τῶν
547 1887 906 1958 ἁγιασμὰτων
930 1888 1179 1955 καταειοῖ
1199 1904 1213 1918 °
1237 1889 1270 1958 ἦ
1295 1889 1411 1954 καὶ,
1443 1888 1522 1942 ἔτι
1548 1889 1646 1942 τοῦ
1676 1891 1868 1960 χρόνον

286 1978 392 2047 τῆς
411 1978 699 2047 μετανοίας
719 1977 1066 2048 ἐπιδαψιλευο
1073 1981 1234 2047 μένου
1258 1979 1870 2046 καταλλάττεται,ἔστιν

290 2071 402 2136 ὅτε,
433 2072 523 2124 ὅτε
558 2071 761 2141 δηλαδὴ
793 2072 921 2142 περὶ
950 2071 1050 2142 τὴν
1085 2070 1232 2144 ζωὴν
1265 2073 1590 2134 κινδυνεύει,
1626 2072 1702 2136 ὥς
1737 2092 1871 2144 φησι

287 2165 422 2234 περὶ
461 2163 654 2218 τούτου
696 2165 724 2216 ό
753 2165 956 2233 ἐφεξῆς
992 2163 1192 2220 κανών.
1225 2165 1421 2236 Κορῶν
1453 2166 1508 2220 δὲ
1541 2165 1870 2237 καθιέρωσις

285 2260 415 2326 οὐχὶ
467 2259 824 2312 διακονισσιῖιν
877 2258 1185 2328 χειροθεσία
1230 2262 1414 2312 ἐστίν·
1460 2261 1576 2314 ἀλλ’
1631 2259 1751 2325 ἔθος
1800 2257 1871 2334 ἦν

287 2350 667 2421 προσάγεσθαι
699 2351 866 2421 κόρας
909 2355 1028 2414 ταῖς
1059 2351 1380 2421 ἐκκλησίαις
1409 2352 1709 2421 παρθενίαν
1737 2355 1871 2424 ὁμο-

287 2442 587 2510 λογούσας,
623 2444 715 2495 καὶ
746 2444 1000 2510 ἁγνεύειν
1033 2445 1469 2513 ύπισχνουμένας
1491 2487 1506 2510 ,
1539 2446 1636 2498 καὶ
1666 2447 1872 2510 ταύτας

287 2538 336 2589 oi.
381 2537 672 2588 ἐπίσκοποι
724 2536 795 2588 δι’
833 2536 1005 2606 εὐχῶν
1039 2535 1365 2604 καθιέρουν,
1412 2535 1489 2598 ὡς
1518 2536 1870 2600 ἀνατεθείσας

285 2632 366 2700 τῷ
411 2630 553 2696 Θεῷ,
605 2631 699 2685 καὶ
751 2631 948 2682 ἐκεῖνοι
998 2626 1314 2697 ἐφρόντιζον
1359 2629 1458 2698 τῆς
1492 2630 1737 2699 φυλακῆς
1776 2631 1870 2684 καὶ

285 2725 580 2795 ἀναγωγῆς
606 2724 809 2785 αὐτῶν,
845 2724 983 2790 μετὰ
1007 2724 1066 2774 τὸ
1087 2722 1424 2792 χωρισθῆναι
1459 2723 1628 2785 αὑτὰς
1658 2725 1720 2774 ὲκ
1757 2723 1867 2776 τῶν

285 2820 542 2887 πατέρων
589 2816 768 2868 αὐτῶν
812 2813 996 2876 καθὼς
1039 2814 1191 2884 δηλοῖ
1213 2815 1241 2866 ό
1274 2813 1355 2884 μδ⁹
1396 2814 1575 2868 κανὼν
1605 2815 1703 2885 τῆς
1726 2831 1870 2886 παρ-

283 2911 455 2978 οὑσης
503 2909 742 2964 συνόδου.
793 2907 975 2959 Ταῦτα
997 2902 1092 2960 οὖν
1121 2909 1371 2972 γίνεσθαι
1394 2908 1546 2976 παρὰ
1569 2908 1870 2978 πρεσϐυτέ-

287 3021 401 3069 ρων
441 3002 823 3072 ἀπηγόρευσεν
856 3002 890 3069 ὴ
936 2999 1174 3063 σύνοδος.
1226 2999 1381 3067 Παρὰ
1415 2999 1523 3070 γὰρ
1565 3000 1868 3072 ἀρχιερέων

287 3097 471 3150 καὶτὸ
521 3095 676 3162 ἅγιον
721 3095 932 3164 χρίσμα
977 3091 1216 3145 τελεῖται
1264 3093 1359 3147 καὶ
1407 3092 1720 3161 ἁγιάζεται,
1768 3093 1867 3146 καὶ

1972 580 2082 630 sola
2137 578 2386 632 monachi
2444 578 2752 631 sacerdotis
2795 577 3072 630 voluntate
3126 575 3240 627 ﬁeri
3302 573 3561 633 veli:,cx

1975 672 2131 739 longa
2161 669 2576 737 consuetudine,
2612 684 2734 738 qua!
2763 684 2860 737 pro
2885 670 2996 734 lege
3029 676 3081 719 et
3113 682 3320 720 canone
3357 665 3561 720 hucus-

1973 784 2076 837 que
2108 768 2361 821 obtinuit.

2054 857 2310 913 ZOlVAR.
2366 857 2698 914 Chrismatis
2723 858 2996 914 confectio
3039 868 3121 910 cst
3152 857 3292 910 sacri
3354 858 3456 909 olei
3491 874 3558 910 cx

1978 951 2210 1020 mystico
2232 949 2688 1004 caeremoniarum
2743 951 2850 1002 ritu
2882 935 3247 1002 consecratio:
3284 947 3557 1001 l’wniten-

1976 1045 2110 1096 tium
2145 1059 2273 1097 vero
2335 1042 2706 1097 reconciliatio
2739 1043 2820 1107 lit,
2848 1058 2971 1097 cum
3032 1042 3301 1112 quiSpiam
3352 1041 3557 1094 crimen

1981 1135 2293 1200 confessus,
2357 1147 2645 1206 postquam
2722 1137 2862 1192 inter
2893 1136 3224 1207 pteniteutes
3256 1135 3386 1204 egit,
3420 1137 3560 1188 mul-

1979 1238 2196 1298 tamque
2257 1230 2550 1298 persolvit',
2585 1247 2614 1284 a
2647 1245 2802 1302 pcena
2842 1231 2893 1286 in
2930 1229 3169 1284 luturum
3213 1239 3425 1297 tempus
3458 1232 3558 1285 ab-

1975 1321 2228 1378 solvitur.
2255 1321 2542 1394 Tanquam
2574 1324 2719 1378 enim
2753 1324 2801 1377 is
2827 1322 3104 1392 forteiam
3148 1323 3282 1376 satis
3303 1324 3553 1393 supplicii

1974 1416 2165 1483 luerit,
2193 1417 2276 1473 vel
2315 1418 2480 1473 etiam
2511 1418 2636 1488 quia
2666 1418 2945 1472 deﬁnitum
2977 1426 3192 1486 tempus
3219 1415 3551 1485 impleverit,

1975 1526 2039 1568 ac
2061 1512 2196 1567 satis
2218 1527 2474 1583 magnum
2497 1513 2664 1566 animi
2690 1512 2929 1565 dolorem
2951 1523 3050 1581 pro
3079 1510 3286 1564 ratione
3307 1509 3553 1563 criminis

1978 1605 2260 1668 indicarit,
2293 1620 2320 1658 a
2353 1618 2511 1675 pu'ua
2545 1604 2828 1667 liberatur,
2851 1603 3013 1671 eique
3032 1603 3114 1658 vel
3147 1617 3271 1656 cum
3300 1594 3553 1656 ﬁdelibus

1976 1699 2298 1768 consistere,
2325 1700 2410 1752 vel
2443 1698 2615 1753 sacris
2638 1697 2802 1752 etiam
2839 1695 3115 1766 mysteriis
3151 1696 3555 1750 communicare

1976 1789 2334 1860 permittitur.
2369 1789 2480 1846 Deo
2529 1791 2672 1845 enim
2709 1787 3110 1858 quodammodo
3144 1787 3398 1844 coaciliat
3427 1803 3551 1843 eum

1981 1863 2240 1948 antistes,
2306 1883 2690 1937 intercedente
2751 1882 3096 1953 penitentia,
3141 1897 3204 1933 ac
3241 1882 3295 1934 in
3325 1880 3551 1936 ecclesia

1974 1990 2100 2030 cum
2137 1975 2389 2030 ﬁdelibus
2427 1977 2733 2044 constituit,
2773 1987 2934 2044 atque
2957 1979 3023 2029 ad
3052 1987 3365 2029 sanctorum
3402 1987 3551 2027 com-

1972 2069 2398 2124 municationem
2446 2070 2707 2125 admittit.
2764 2068 3100 2124 Couciliatur
3144 2077 3398 2136 praaterea
3428 2069 3551 2136 quis

1971 2163 2285 2233 aliquando,
2311 2164 2434 2218 licet
2461 2165 2797 2234 pcenitentiae
2824 2174 3065 2235 tempore
3087 2167 3323 2218 nondum
3342 2166 3547 2231 elapso,

1974 2256 2020 2312 si
2058 2258 2124 2313 de
2155 2256 2267 2311 vita
2300 2258 2552 2313 videlicet
2584 2259 2637 2312 in
2686 2258 2986 2328 periculum
3023 2259 3228 2321 veniat,
3263 2264 3318 2310 ut
3351 2259 3417 2310 de
3449 2258 3549 2310 hac

1973 2369 2032 2408 re
2068 2367 2244 2407 canon
2303 2353 2353 2407 iu
2399 2354 2758 2424 sequentibus
2793 2354 3035 2409 disserit.
3099 2353 3348 2422 Virgines
3385 2367 3548 2421 porro

1980 2463 2311 2502 consecrare
2360 2465 2465 2503 nou
2519 2450 2659 2504 idem
2689 2458 2795 2515 est,
2830 2464 2894 2503 ac
2919 2449 3254 2504 diaconissas
3286 2461 3545 2501 manuum

1984 2543 2332 2613 impositione
2353 2545 2726 2610 constituere;
2761 2559 2945 2598 verum
2985 2544 3194 2611 antiqui
3228 2541 3395 2596 moris
3423 2540 3546 2605 fuit,

1971 2636 2197 2704 puellas,
2235 2653 2354 2706 qua:
2385 2638 2753 2706 virginitatem
2781 2636 3171 2707 proﬁterentur
3202 2645 3257 2688 et
3285 2635 3546 2689 castimo-

1971 2727 2118 2781 niam
2173 2737 2451 2793 voverent,
2487 2730 2538 2780 in
2597 2727 2797 2798 templo
2857 2729 3074 2792 sistere,
3128 2743 3264 2796 quas
3307 2725 3546 2793 episcopi

1971 2818 2234 2873 adhibitis
2275 2820 2705 2889 precationibus,
2750 2819 2915 2875 veluti
2952 2819 3061 2874 Deo
3096 2820 3326 2880 dicatas,
3363 2834 3550 2872 conse-

1970 2912 2251 2990 crabant,
2309 2927 2609 2982 earumque
2659 2913 2920 2968 custodiae
2995 2928 3060 2968 ac
3131 2911 3492 2966 institutionis
3531 2952 3546 2971 .

1969 3015 2260 3075 postquam
2320 3021 2349 3059 a
2399 3005 2718 3075 parentibus
2768 3006 3149 3067 secessissent,
3192 3021 3378 3060 curam
3446 3005 3547 3076 ipsi
3632 3060 3635 3062 _

1969 3097 2358 3166 suscipiebant,
2383 3107 2440 3152 ut
2456 3113 2521 3151 ex
2544 3105 2738 3166 quarto
2765 3105 2820 3150 et
2848 3096 3259 3166 quadragesimo
3279 3094 3439 3166 hujus
3460 3110 3552 3166 sy-

285 3188 604 3258 καταλλαγὴ
643 3187 1050 3255 μετανοούντων
1090 3184 1321 3252 γίνεται.
1359 3179 1456 3247 Οἷς
1501 3185 1613 3256 γὰρ
1640 3187 1861 3254 δεσμεῖν

1973 3191 2090 3245 nodi
2119 3204 2326 3246 canone
2341 3189 2496 3244 facile
2521 3197 2764 3258 apparet.
2798 3185 2954 3258 521
2988 3185 3112 3242 Haec
3127 3202 3259 3256 ergo
3277 3202 3306 3241 a
3329 3189 3550 3259 presby-

282 3279 516 3344 δέδοται,
553 3276 758 3339 τούτοις
779 3277 875 3329 καὶ⁵
902 3276 961 3328 τὸ
991 3274 1138 3330 λύειν
1161 3275 1582 3342 ἐπιτέτραπται.
1614 3276 1720 3327 Καὶ
1746 3274 1864 3344 ἅμα

280 3370 610 3441 διακρίσεως
633 3368 895 3438 ἀκριϐοῦς
916 3368 1076 3438 χρεία
1098 3369 1178 3429 εἰς
1201 3366 1262 3420 τὸ
1286 3367 1512 3437 γνῶναι,
1533 3368 1581 3420 εί
1603 3368 1667 3421 ὲκ
1686 3366 1865 3438 ψυχῆς

288 3462 588 3532 μετενόησε
641 3461 737 3512 καὶ
788 3459 1110 3529 ἀρκούντως
1155 3460 1185 3512 ὁ
1238 3460 1592 3530 ἁμαρτήσας,
1651 3461 1788 3531 πρὸς
1829 3457 1868 3514 ἃ

283 3555 317 3607 6
350 3553 724 3627 πρεσϐύτερος
758 3555 891 3616 ίσως
921 3553 1022 3624 οὐχ
1057 3552 1242 3615 ἱκανὸς
1271 3553 1450 3608 ἔσται.
1485 3554 1595 3607 Καὶ
1622 3555 1656 3626 ἡ
1687 3553 1869 3624 κορῶν

286 3645 627 3717 καθιέρωσις
675 3643 827 3713 παρὰ
859 3643 1163 3714 ἀρχιερέων
1195 3642 1442 3710 γίνεσθαι
1477 3643 1826 3699 διατέτακται
1848 3687 1865 3713 ,

288 3743 381 3797 ἵνα
421 3741 632 3811 εἴδησιν
679 3739 818 3808 ἔχων
862 3737 944 3790 δτι
990 3733 1432 3808 καθιερώθησαν,
1473 3738 1735 3809 φροντίζῃ
1776 3741 1870 3793 καὶ

287 3836 386 3904 τῆς
428 3831 608 3886 αὐτῶν
647 3828 922 3898 διαγωγῆς
957 3846 1018 3882 τε
1055 3830 1150 3882 καὶ
1194 3829 1444 3900 φυλακῆς
1485 3830 1716 3894 ἕκαστος
1755 3831 1867 3885 τῶν

287 3923 630 3978 ἐπισκόπων.
663 3921 738 3973 Τὸ
759 3920 820 3974 δὲ
845 3917 1185 3984 καταλλάξαι
1215 3921 1296 3982 είς
1320 3920 1588 3990 δημοσίαν
1622 3922 1870 3993 λειτουρ-

288 4020 417 4089 γίαν
474 4013 718 4070 τοιοῦτόν
772 4015 920 4067 εστιν
949 4028 965 4043 ⁸
1022 4013 1087 4068 οι
1144 4011 1559 4084 ἑπιτιμηθέντες
1617 4014 1713 4069 καὶ
1769 4016 1872 4086 τῆς

285 4111 584 4182 ἐκκλησίας
613 4107 923 4179 εἰργόμενοι
945 4107 1004 4160 ὲν
1033 4109 1156 4169 ταῖς
1189 4102 1443 4172 συνάξεσι
1476 4105 1576 4177 μὲν
1600 4109 1736 4175 μετὰ
1760 4108 1871 4161 τῶν

289 4204 504 4260 πιστῶν
536 4202 601 4256 οὐ
648 4197 1107 4272 παραχωροῦνται
1150 4199 1500 4253 συνίστασθαι
1530 4216 1543 4228 ·
1589 4198 1711 4253 καθ’
1746 4201 1874 4254 ἑαυο

286 4299 415 4362 τοὺς
459 4297 519 4352 δὲ
552 4295 744 4367 ὑμνεῖν
776 4294 869 4347 τὸν
912 4293 1047 4348 Θεδν
1081 4293 1175 4346 καὶ
1206 4291 1425 4347 δέεσθαι
1471 4291 1638 4346 αὐτοῦ
1663 4294 1726 4347 οὐ
1755 4310 1872 4348 atto-

286 4393 512 4448 λύονται
529 4405 545 4420 ⁶
571 4391 660 4444 δτε
683 4389 741 4442 δὲ
764 4387 860 4442 τοῦ
883 4386 1166 4458 ιπιτιμίου
1189 4386 1417 4450 mortem,
1441 4386 1562 4439 τότε
1590 4387 1873 4441 συνίσταν-

287 4501 384 4540 ται
406 4485 519 4545 τοῖς
551 4480 787 4543 πιστοῖς,
809 4479 905 4532 καὶ
929 4477 1185 4548 δημοσία,
1212 4477 1382 4548 ῆγουν
1406 4476 1544 4547 μετὰ
1574 4476 1668 4529 τοῦ
1695 4476 1868 4548 δήμου

287 4577 402 4632 τῶν
452 4574 686 4636 πιστῶν,
741 4570 835 4625 τού
889 4569 1127 4640 πλήθους
1172 4569 1396 4639 δηλαδὴ,
1440 4569 1865 4641 λειτουργοῦσιν,

286 4673 411 4728 ἀντὶ
441 4669 541 4723 τοῦ
573 4666 827 4737 φανερῶς
861 4663 1092 4734 ὑμνοῦσι
1122 4663 1184 4714 τὺ
1219 4661 1381 4723 θεῖον,
1420 4664 1511 4715 καὶ
1546 4662 1869 4734 λατρεύουσι

284 4765 366 4835 τῷ
392 4762 540 4834 Θεῷ.
576 4759 925 4828 Ἐξείληπται
950 4758 1144 4827 γαρ-τὸ
1175 4753 1510 4826 λειτουργεῖν
1540 4757 1636 4810 καὶ
1661 4758 1756 4810 ἀπὶ
1779 4758 1869 4810 λα-

283 4860 474 4930 τρείας
508 4856 608 4909 καὶ
648 4853 840 4923 ὕμνου.

288 4953 512 5028 populo,
545 4947 782 5005 ﬁdelium
831 4944 1085 5002 videlicet
1130 4943 1498 5010 multitudine,
1579 4947 1656 5001 rei
1707 4965 1883 5011 sacra;
1958 4949 2265 5011 ministerio
2315 4957 2532 5011 vacant,
2594 4949 2697 5003 hoc
2750 4961 2852 5010 est,

1965 3283 2095 3338 teris
2118 3283 2232 3338 ﬁeri
2256 3282 2496 3355 synodus
2520 3283 2710 3337 vetuit.
2743 3280 2847 3337 Per
2873 3281 3143 3337 antistites
3171 3282 3314 3335 enim
3342 3291 3391 3335 et
3424 3296 3552 3334 san-

1963 3383 2108 3429 ctum
2125 3373 2365 3430 chrisma
2389 3373 2618 3428 solemni
2643 3374 2749 3427 ritu
2766 3371 3053 3428 coniicitur
3079 3381 3134 3426 et
3159 3371 3547 3431 sanctiﬁcatur.

1968 3480 2024 3525 et
2057 3467 2235 3537 paruis
2262 3467 2480 3523 obnoxii
2509 3466 2891 3522 conciliantur.
2920 3466 3125 3532 Quibus
3153 3465 3299 3520 enim
3328 3465 3548 3533 ligandi,

1967 3563 2160 3618 iisdem
2213 3569 2269 3616 et
2324 3559 2572 3616 solvendi
2632 3569 2873 3628 potestas
2904 3560 3174 3630 permissa
3203 3567 3308 3614 est.
3346 3558 3550 3613 Solerti

1969 3659 2234 3722 praeterea
2262 3651 2477 3719 judicio
2505 3662 2593 3705 est
2617 3664 2779 3721 opus,
2818 3660 2913 3716 ut,
2943 3666 3008 3704 an
3041 3666 3107 3705 ex
3141 3652 3324 3704 animo
3371 3649 3554 3704 doleat

1970 3745 2064 3816 qui
2115 3744 2360 3812 peccavit
2413 3751 2470 3800 et
2521 3747 2656 3799 satis
2712 3745 2963 3814 supplicii
3005 3744 3187 3811 luerit,
3220 3744 3551 3815 investiges;

1970 3836 2041 3890 ad
2072 3851 2193 3904 qua:
2220 3834 2556 3899 providenda
2603 3835 2785 3890 minus
2817 3836 3050 3890 idoneus
3101 3835 3242 3890 forte
3293 3836 3554 3890 sacerdos

1973 3927 2163 3983 fuerit.
2225 3926 2477 3998 Virgines
2533 3942 2753 3998 quoque
2804 3941 2903 3998 per
2936 3927 3214 3984 antistites
3236 3931 3551 3984 consecrari

1973 4021 2250 4077 decretum
2285 4029 2393 4085 est,
2423 4027 2484 4074 ut
2533 4032 2657 4074 cum
2685 4035 2782 4075 eas
2834 4019 3077 4076 initiatae
3141 4036 3264 4077 esse
3312 4021 3552 4092 episcopi

1973 4112 2179 4176 norint,
2259 4126 2449 4167 earum
2504 4111 2840 4167 institutioni
2915 4121 2974 4167 et
3035 4113 3296 4169 custodite
3353 4113 3550 4185 singuli

1976 4201 2312 4257 deserviant.
2349 4202 2505 4269 Quod
2557 4213 2742 4258 autem
2771 4205 3000 4268 dicitur,
3038 4204 3106 4258 ad
3155 4203 3434 4274 publicum
3467 4204 3548 4258 rei

1973 4310 2144 4350 sacrm
2165 4296 2528 4350 ministerium
2552 4295 2872 4365 conciliare,
2898 4297 2970 4351 id.
2986 4313 3114 4351 vero
3132 4310 3215 4357 est
3237 4297 3502 4366 ejusmodi
3531 4315 3547 4350 :

1974 4387 2185 4454 Quibus
2247 4387 2431 4442 multa!
2489 4387 2710 4442 indictas
2761 4398 2908 4455 sunt,
2945 4389 3148 4458 quique
3207 4391 3274 4444 ab
3306 4389 3550 4445 Ecclesia

1977 4494 2234 4537 arcentur
2268 4520 2286 4545 ,
2350 4481 2420 4536 iis
2471 4482 2525 4536 in
2584 4491 2856 4538 conventu
2952 4483 3191 4537 lideliutn
3248 4482 3553 4539 consistere

1977 4577 2394 4646 haudquaquam
2412 4575 2580 4641 licet;
2603 4574 2856 4646 privatim
2881 4585 3061 4631 taen
3084 4575 3281 4632 divinis
3304 4577 3551 4631 laudibus

1974 4683 2042 4726 ac
2101 4669 2404 4739 precationi
2461 4682 2657 4724 vacare
2719 4669 2944 4723 minime
3013 4667 3386 4737 prohibentur.
3451 4667 3552 4724 Ubi

1976 4776 2110 4816 vero
2139 4776 2316 4830 pennae
2342 4759 2563 4814 obnoxii
2591 4774 2711 4814 esse
2735 4759 3018 4825 desierint,
3057 4769 3188 4816 tunc
3220 4761 3287 4814 ad
3310 4759 3551 4815 ﬁdelium

1975 4868 2330 4925 congressum
2363 4853 2748 4917 admittuntur,
2783 4863 2839 4908 et
2866 4853 3102 4923 publice,
3137 4855 3240 4909 hoc
3277 4863 3384 4918 est,
3418 4869 3547 4910 cum

2947 4950 3067 5006 luce
3123 4953 3300 5018 palam
3350 4951 3548 5007 divinis

284 5041 622 5100 laudibasac
641 5037 972 5094 venerationi
995 5036 1321 5093 inserviunt.
1375 5033 1490 5092 Hoc
1531 5035 1650 5094 loco
1715 5055 1949 5114 namque
1989 5041 2266 5100 veneratio
2322 5052 2378 5096 et
2429 5040 2613 5097 laudes
2665 5058 2759 5112 per
2815 5042 2892 5098 rei
2962 5057 3132 5099 sacrae
3192 5043 3550 5099 ministerium

286 5138 694 5210 signiﬁcantur.

285 5235 512 5292 ΔΡΙΣΤ.
552 5251 572 5284 ι
612 5231 722 5285 Καὶ
749 5229 1052 5300 χρίσματος
1075 5227 1316 5298 ⁴ιιςοίησις,
1349 5227 1517 5298 ἤγουν
1547 5226 1721 5300 μύρου
1775 5248 1874 5283 κα.

365 5347 386 5378 ι
423 5323 690 5394 τασκευὴ,
751 5323 931 5391 κορῶν
980 5319 1337 5389 καθιέρωσις,
1394 5319 1494 5372 καὶ
1553 5319 1868 5392 καταλλαγῇ

364 5441 385 5471 s
425 5433 572 5478 τινος
602 5417 682 5477 είς
707 5413 972 5483 δημοσίαν
1002 5408 1350 5480 λειτουργίαν
1375 5451 1392 5476 ,
1423 5408 1534 5462 ἀπὸ
1561 5409 1868 5478 πρεσϐυτέ-

365 5529 386 5562 s
427 5526 539 5582 ρων
571 5506 646 5578 μὴ
674 5503 925 5574 γινέσθω.
964 5521 984 5554 ι

360 5603 475 5672 Τὴν
508 5600 605 5654 τος
639 5599 796 5668 ἁγίου
829 5596 1002 5667 μύρου
1036 5597 1408 5665 κατασκευὴν,
1436 5595 1533 5648 καὶ
1563 5597 1867 5662 τελείωσιν,

287 5697 385 5749 καὶ
413 5697 518 5765 τὴν
544 5692 877 5764 καθιέρωσιν
907 5693 1012 5746 τῶν
1039 5691 1323 5763 παρθένων
1346 5731 1362 5756 ,
1404 5692 1500 5746 καὶ
1527 5692 1624 5764 τὴν
1652 5691 1866 5745 τελείαν

289 5789 646 5858 καταλλαγὴν
671 5787 778 5840 τῶν
809 5787 866 5839 ἰν
897 5786 1152 5856 μετανοίᾳ
1175 5826 1190 5852 ,
1226 5784 1368 5838 ὥστε
1398 5775 1595 5850 αὐτοὺς
1625 5785 1863 5856 δημοσίᾳ

291 5885 426 5944 μετὰ
472 5881 582 5933 τῶν
614 5878 822 5933 πιστῶν
854 5878 1231 5944 συνίστασθαι,
1270 5879 1360 5931 καὶ
1385 5875 1490 5930 τῶν
1514 5876 1672 5930 θείων
1695 5892 1864 5947 μετα-

1976 5228 2212 5288 Απιετ.
2251 5248 2271 5282 ι
2329 5229 2396 5284 Et
2425 5229 2744 5284 chrismatis
2781 5228 3071 5292 confectio,
3124 5230 3240 5284 sive
3288 5229 3545 5303 unguenti

2048 5339 2067 5371 s
2109 5310 2471 5390 przeparatio,
2499 5319 2806 5388 puellarum
2840 5322 3208 5386 consecratio,
3256 5331 3311 5375 et
3348 5336 3545 5375 recon-

2051 5432 2070 5465 ι
2110 5413 2316 5469 ciliatio
2339 5414 2641 5485 cuiuspiam
2674 5414 2742 5469 ad
2773 5429 2931 5469 sacra
2961 5415 3174 5484 publice
3199 5416 3548 5480 celebranda,

2047 5524 2066 5558 ι
2099 5522 2130 5562 a
2161 5505 2500 5578 presbyteris
2527 5521 2592 5560 ne
2622 5499 2768 5561 ﬁat.-

2045 5599 2231 5656 Saucti
2251 5599 2564 5653 chrismatis
2579 5610 3046 5668 preparationem.
3066 5607 3117 5653 et
3137 5599 3545 5668 perfectionem,

1969 5701 2028 5748 et
2061 5685 2532 5747 consecrationem
2561 5693 2855 5762 virginum,
2889 5703 2944 5746 et
2989 5692 3283 5759 perfectam
3331 5709 3542 5752 eorum.

1972 5781 2065 5854 qui
2116 5775 2488 5850 panitentiam
2534 5794 2725 5853 agunt,
2785 5783 3313 5848 reconciliationem,
3371 5794 3423 5836 ut
3466 5785 3538 5837 illi

1971 5874 2186 5947 publice
2231 5888 2352 5929 cum
2415 5874 2665 5930 ﬁdelibus
2719 5878 3042 5939 consistant,
3111 5889 3162 5931 et
3229 5877 3535 5931 divinorum
