4080 6286
557 251 623 317 55
1818 263 2096 328 ΤΗΕΟΙ).

2205 263 2535 328 ιιδΑΜΟΝ
3725 271 3791 337 56

551 373 774 429 ARIST.
812 396 829 428 ι
867 375 968 444 Qui
990 379 1057 434 ab
1087 382 1344 451 episcopo
1382 381 1796 449 condemnatur,
1848 381 1892 435 si
1928 390 2096 446 poste:

2218 377 2444 434 ΑΡΙΣΤ.
2501 398 2519 432 ι
2561 380 2620 433 Ὀ
2671 380 2773 433 ὑπὸ
2824 377 3125 432 ἐπισκόπου
3177 375 3622 446 καταγνωσθεὶς,
3669 374 3794 432 εἶτα

629 486 647 517 ι
683 468 1013 533 discesserit.
1041 482 1094 528 et
1120 474 1291 530 altare
1345 473 1544 539 ﬁxerit,
1599 473 1683 527 vel
1713 470 1987 532 obtulerit,
2019 485 2088 540 pu

625 578 643 609 ι
681 559 930 615 niendus.
967 581 986 614 ι

621 651 724 717 Qui
751 667 780 706 a
815 658 1030 724 proprio
1061 667 1373 726 segregatus
1401 659 1681 729 episcopo,
1728 663 1792 716 ad
1824 664 2115 732 synodum,

548 744 634 796 cui
670 745 952 812 episcopus
976 762 1106 803 suus
1141 749 1404 813 subjacet,
1462 768 1567 805 non
1625 755 1848 814 accedit,
1890 759 1955 809 υι
1997 771 2117 824 qlia:

547 835 612 887 ad
650 838 1080 906 segregationem
1135 841 1257 910 ejus
1315 844 1586 910 pertinent
1641 847 2002 911 examinaret,
2061 853 2115 901 et

547 927 689 993 quod
723 934 920 996 praeter
951 931 1211 984 rationem
1236 931 1443 986 factum
1505 946 1592 988 est
1625 938 1922 1007 corrigeret
1954 955 1970 1008 ;
2020 936 2112 991 sed

547 1016 797 1084 superbia
834 1030 890 1071 et
935 1018 1072 1073 faslu
1132 1023 1327 1087 elatus,
1352 1040 1415 1078 eo
1454 1027 1666 1093 quidem
1711 1039 2023 1098 contempto
2056 1045 2115 1084 se

546 1110 615 1162 ab
635 1106 883 1165 Ecclesia
926 1117 1285 1182 separaverit,
1313 1127 1371 1169 et
1419 1118 1560 1171 aliud
1610 1119 1870 1174 struxerit
1917 1119 2109 1185 altare,

545 1207 597 1252 et
638 1211 829 1254 sancta
857 1203 972 1256 Deo
1004 1204 1295 1271 obtulerit;
1337 1208 1484 1275 talis,
1537 1219 1592 1261 ιιι
1638 1219 1827 1263 contra
1865 1211 2022 1265 fidem
2060 1218 2115 1266 et

544 1293 980 1349 constitutionem
1004 1298 1426 1354 ecclesiasticam
1459 1303 1570 1356 haec
1599 1302 1830 1368 faciens,
1867 1319 1977 1359 non
2009 1304 2114 1360 im-

545 1397 686 1463 pune
716 1383 873 1450 feret,
914 1388 1003 1442 sed
1049 1391 1393 1446 anathemate
1422 1394 1774 1461 percutietur.

1131 1591 1365 1648 CANON
1423 1593 1518 1652 Χῐ.

548 1675 648 1730 ο8ῐ
684 1680 808 1749 quis
861 1683 1140 1751 presbyter
1189 1684 1240 1736 in
1294 1699 1405 1738 suae
1455 1691 1581 1740 vitae
1625 1686 1846 1754 agenda:
1899 1688 2111 1745 ratione

615 1791 636 1818 σ
672 1774 1068 1827 condemnatus
1099 1774 1281 1840 fuerit,
1308 1777 1467 1831 debet
1507 1779 1552 1833 is
1607 1780 1801 1835 vicinis
1839 1782 2109 1852 episcopis

620 1880 642 1912 ‹
669 1876 1012 1925 renumeare,
1048 1876 1106 1919 ut
1149 1866 1246 1935 ipsi
1281 1884 1389 1922 rem
1427 1870 1666 1934 audiaut,
1696 1880 1751 1925 et
1811 1888 1908 1943 per
1958 1874 2108 1946 ipsos

558 1973 561 1975 ·
623 1976 642 2006 ο
683 1956 901 2027 proprio
930 1961 1184 2026 episcopo
1210 1962 1625 2027 reconcilietur;
1685 1965 1732 2019 si
1766 1966 1869 2021 hoc
1918 1972 2102 2024 autem

620 2071 636 2098 ι
669 2062 775 2102 non
828 2047 1031 2113 fecerit,
1067 2051 1156 2110 sed
1192 2050 1353 2121 (quod
1383 2054 1524 2108 absit
1549 2055 1606 2127 ίῖ)
1637 2059 1888 2127 superbia
1947 2059 2106 2115 inﬂa-

618 2160 637 2190 ο
670 2149 776 2202 tus,
818 2155 878 2196 se
917 2158 945 2194 a
977 2143 1177 2213 proprii
1215 2145 1452 2215 episcopi
1478 2151 1856 2207 communione
1882 2167 2108 2222 separa-

614 2235 829 2299 t‘verit,
862 2245 916 2289 et
947 2251 1052 2291 una
1101 2251 1228 2291 cum
1284 2239 1552 2308 aliquibus
1605 2243 1843 2299 schisma
1901 2245 2107 2304 faciens

616 2343 637 2377 ι
661 2325 776 2380 Deo
811 2333 1058 2381 sanctum
1092 2327 1366 2394 obtulerit,
1395 2331 1440 2386 is
1480 2334 1778 2390 anathema
1822 2339 2104 2407 reputabi-

612 2433 633 2467 ι
671 2426 779 2482 tur,
813 2427 867 2471 et
890 2420 1166 2489 proprium
1213 2421 1387 2476 locum
1449 2425 1679 2493 perdet;
1735 2428 1839 2485 hoc
1897 2419 2105 2488 scilicet

618 2531 636 2562 ι
671 2511 1034 2576 considerato,
1072 2517 1330 2587 numquid
1362 2516 1623 2576 adversus
1681 2524 1990 2593 episcopum
2018 2524 2106 2594 ju-

615 2623 634 2656 ι
669 2615 808 2662 Stam
843 2607 1036 2662 habeat
1063 2609 1571 2679 expostulationem.
1604 2635 1621 2666 ι

607 2789 800 2846 BALS.
837 2791 936 2847 Hic
972 2810 1184 2865 quoque
1212 2814 1385 2852 canon
1413 2801 1598 2854 eadem
1620 2816 1742 2859 cum
1766 2806 2104 2873 prmcedente

534 2884 918 2940 dicitrslatuit
943 2888 1084 2940 enim
1113 2896 1170 2941 ut
1195 2905 1299 2942 non
1368 2891 1540 2946 solum
1585 2898 1946 2964 deponantur.
2006 2901 2102 2953 sed

533 2978 697 3033 etiam
743 2979 1275 3036 anathematizentur
1298 2986 1623 3059 presbyteri,
1652 2989 1740 3057 qui
1785 2989 1854 3042 ab
1888 2992 2100 3060 episeo-

2305 490 2323 523 ι
2364 471 2616 538 διαστὰς,
2652 472 2743 526 καὶ
2774 472 3157 544 θυσιαστήριον
3184 471 3389 543 πήξας,
3423 473 3454 542 ἢ
3490 487 3793 542 προσενεγ-

2301 583 2318 614 ι
2365 563 2496 628 κὼν,
2527 563 2886 632 τιμωρητέος.
2939 583 2956 615 ι

2303 657 2366 710 ‘0
2401 659 2549 728 παρὰ
2581 657 2673 709 τοῦ
2712 657 2838 710 ἰδίου
2876 657 3176 711 ἐπισκόπου
3211 655 3547 727 ἀφορισθεὶς,
3585 655 3678 709 καὶ
3712 654 3789 724 μὴ

2225 748 2537 818 προσελθὼν
2566 753 2630 820 τῇ
2665 751 2885 818 συνόδῳ,
2915 743 3056 822 ᾖτινι
3084 749 3112 802 ὁ
3139 749 3435 811 ἐπίσκοπος
3461 746 3628 802 αὐτοῦ
3653 746 3791 799 ὑπό-

2222 859 2417 905 κειται,
2458 845 2550 895 ἐπὶ
2584 841 2662 912 τῷ
2703 844 2955 909 ἐξετάσαι
2987 844 3056 897 τά
3095 843 3191 897 τοῦ
3232 842 3564 913 ἀφορισμοῦ,
3600 841 3697 895 καὶ
3730 839 3792 893 τὺ

2222 931 2550 1002 παραλόγως
2579 932 2870 1000 γενόμενον
2895 928 3296 1002 διορθώσασθαι
3314 969 3332 993 ,
3358 929 3476 983 ἀλλ’
3498 927 3791 997 ὑπερηφα-

2222 1022 2311 1093 νίᾳ
2344 1023 2438 1075 καὶ
2467 1023 2623 1093 τύφῳ
2658 1022 2918 1093 ἐπαρθεὶς
2940 1061 2955 1086 ,
2988 1022 3179 1074 τούτου
3220 1021 3318 1090 μὲν
3347 1020 3752 1089 καταφρονήσει
3772 1056 3789 1083 ,

2219 1114 2509 1184 ἀποσχίσει
2537 1114 2594 1167 δὲ
2623 1114 2815 1168 ἑαυτὸν
2847 1114 2943 1183 τῆς
2977 1109 3303 1183 Ἐκκλησίας
3329 1153 3343 1177 ,
3374 1113 3468 1166 καὶ
3495 1110 3791 1181 θυσιαστή-

2222 1222 2338 1275 ριον
2361 1207 2550 1278 ἕτερον
2578 1207 2756 1277 πήξει,
2788 1208 2878 1260 καὶ
2907 1208 3038 1275 ἅγια
3061 1206 3139 1277 τῷ
3163 1205 3282 1276 Θεῷ
3306 1204 3564 1276 προσάξει
3584 1220 3598 1234 ·
3625 1205 3654 1256 ό
3678 1219 3791 1256 τοι-

2216 1300 2397 1364 οῦτος,
2441 1301 2517 1364 ὡς
2567 1301 2708 1354 κατὰ
2752 1304 2852 1370 τῆς
2897 1299 3356 1370 ἐκκλησιαστικῆς
3403 1290 3655 1358 πίστεως
3689 1297 3788 1350 καὶ

2218 1391 2608 1453 καταστάσεως
2644 1389 2814 1443 ταῦτα
2853 1390 3043 1455 ποιῶν,
3083 1392 3183 1443 οὐκ
3219 1386 3567 1460 ἀτιμώρητος
3606 1385 3784 1445 ἔσται.

2218 1482 2333 1536 ἀλλ’
2361 1481 2953 1551 ἀναθεματισθήσεται.
3400 1472 3402 1474 ’

2278 1590 2280 1594 ’
2366 1622 2371 1630 -
2811 1589 3050 1648 ΚΛΝΩΝ
3087 1595 3191 1648 IA'.

2223 1707 2242 1738 c
2281 1686 2404 1741 Ἐάν
2442 1704 2526 1748 τις
2566 1684 2939 1756 πρεσϐύτερος
2978 1687 3090 1755 (12)
3130 1687 3189 1738 ὲν
3228 1687 3294 1756 τῇ
3331 1682 3576 1754 διαγωγῇ
3619 1681 3791 1737 αὗτοῦ

2294 1800 2311 1832 ι
2358 1779 2746 1849 καταγνωσθῇ,
2777 1779 2982 1847 ὀφείλει
3010 1778 3040 1830 ὁ
3067 1777 3307 1839 τοιοῦτος
3336 1777 3451 1839 τοῖς
3479 1774 3793 1844 γειτνιῶσιν

2292 1890 2311 1923 ι
2354 1869 2673 1934 ἐπισκόποις
2709 1869 3105 1940 προσαγγεῖλαι
3127 1909 3140 1932 ,
3172 1869 3260 1922 ἵνα
3292 1865 3448 1921 αὐτοὶ
3474 1866 3569 1920 τοῦ
3604 1867 3788 1937 πράγ-

2288 1983 2307 2016 ι
2355 1969 2523 2034 ματος
2542 1963 2942 2032 ἀκροάσωνται,
2974 1962 3069 2015 καὶ
3101 1959 3376 2016 διἀὺτῶν
3401 1958 3480 2031 τῷ
3515 1958 3630 2029 ἰδίῳ
3664 1961 3792 2013 ἐπιο

2291 2074 2312 2106 ι
2355 2055 2542 2127 σκόπῳ
2587 2055 2942 2125 καταλλαγῇ·
2982 2053 3142 2108 τοῦτο
3185 2053 3242 2108 δέ
3291 2050 3511 2124 ἐὰνμὴ
3555 2053 3782 2122 ποιήσῃ,

2287 2167 2306 2199 ι
2354 2144 2491 2211 ἀλλ’,
2516 2148 2650 2218 ὅπερ
2681 2144 2869 2217 ἀπείη,
2901 2144 3171 2218 ὑπεροψίᾳ
3200 2142 3564 2215 φυσιοῦμενος
3593 2144 3659 2196 ἐκ
3685 2142 3788 2212 τῆς

2291 2258 2309 2291 ι
2354 2239 2449 2293 τοῦ
2494 2239 2624 2292 ίδίου
2662 2237 2966 2292 ἐπισκόπου
3003 2235 3292 2299 κοινωνίας
3324 2234 3516 2292 ἐαυτὸν
3549 2231 3783 2305 χωρίσῃ.

2284 2353 2304 2385 ι
2350 2333 2444 2388 καὶ
2471 2331 2623 2403 παρὰ
2653 2333 2783 2400 μίαν
2809 2332 2951 2400 μετά
2975 2345 3138 2385 τινων
3170 2328 3374 2399 σχίσμα
3402 2325 3592 2387 ποιῶν.
3623 2326 3789 2394 ἁγία-

2283 2444 2302 2476 r
2350 2442 2463 2495 σμα
2501 2423 2576 2492 τῷ
2615 2421 2736 2494 Θεῷ
2772 2421 3151 2494 προσενεγκῃο
3186 2423 3216 2475 ό
3253 2419 3493 2483 τοιοῦτος
3533 2418 3784 2489 ἀνάθεμα

2285 2539 2304 2572 ι
2353 2516 2754 2587 λογισθήσεται,
2795 2517 2886 2570 καὶ
2927 2515 3020 2570 τὸν
3064 2514 3195 2569 ίδιον
3237 2514 3399 2569 τόπον
3441 2513 3786 2577 ἀπολισάτω,

2286 2631 2304 2664 ι
2348 2611 2591 2680 δηλονότι
2638 2608 3036 2679 σκοπουμένου,
3087 2608 3298 2679 μήποτε
3339 2604 3481 2661 κατὰ
3524 2603 3620 2660 τοῦ
3662 2605 3786 2658 ἐπι-

2284 2725 2302 2758 ι
2349 2706 2550 2759 σκόπου
2586 2703 2794 2773 μέμψιν
2820 2703 2917 2772 ἔχῃ
2947 2701 3182 2754 δικαίαν.
3230 2719 3248 2748 ι
3777 2709 3784 2715 ’

2275 2803 2475 2856 ΒΑΛΣ.
2517 2801 2625 2854 Καὶ
2654 2792 2809 2863 οὗτος
2835 2802 2864 2852 ό
2891 2795 3070 2852 κανὼν
3102 2797 3169 2850 τὰ
3201 2793 3340 2850 αὐτὰ
3369 2793 3446 2863 τῷ
3479 2808 3586 2863 προ
3616 2789 3782 2844 αὑτοῦ

2207 2897 2594 2965 ἀποφαίνεται·
2621 2892 2916 2964 διορίζεται
2941 2890 3051 2959 γὰρ
3081 2889 3156 2960 μὴ
3188 2888 3348 2957 μόνον
3376 2885 3781 2952 καθαιρεῖσθαι,

2207 2988 2342 3047 ἀλλὰ
2377 2987 2471 3041 καὶ
2508 2981 3005 3055 ἀναθεματίζεσθαι
3035 2982 3160 3043 τοὺς
3193 2977 3784 3047 καταγινωσκομένους

531 3072 616 3142 pis
651 3074 994 3129 condemnati
1048 3077 1239 3130 uolunt
1272 3095 1382 3133 rem
1437 3081 1660 3148 paciﬁce
1713 3085 1963 3152 componi
2007 3101 2096 3154 per

2209 3079 2362 3150 παρὰ
2408 3078 2722 3132 ἐπισκόπων
2763 3074 3205 3146 πρεσϐυτέρους,
3256 3072 3352 3126 καὶ
3401 3073 3475 3142 μὴ
3523 3070 3783 3132 θέλοντας

531 3166 983 3222 oxaminationem
1021 3167 1313 3223 vicinorum
1345 3172 1734 3243 episcoporum.
1763 3181 1855 3230 sed
1885 3177 2097 3245 seipsos

532 3255 882 3320 abscindunt,
911 3259 1012 3313 hoc
1044 3270 1150 3325 est,
1182 3275 1441 3328 separant
1471 3281 1497 3316 a
1549 3268 1766 3334 prcprio
1819 3271 2094 3339 episcopo,

530 3356 584 3403 et
611 3351 906 3418 separatim
935 3366 1090 3407 sacra
1115 3353 1395 3410 celebrant
1424 3365 1625 3426 praeter
1678 3358 1823 3416 illius
1875 3374 2098 3418 senten-

531 3445 685 3498 tiam.
743 3442 886 3512 Lege
925 3451 985 3498 et
1019 3460 1283 3501 canonem
1334 3447 1368 3502 6
1399 3448 1753 3507 Antiochenaa
1806 3455 1993 3525 synodi
2046 3465 2099 3510 et

532 3533 598 3588 ﬂ
628 3531 985 3592 Sardicensis.
1016 3539 1244 3606 Oportet
1264 3548 1473 3605 autem,
1502 3544 1705 3613 inquit,
1741 3547 2096 3605 considerare

527 3634 581 3681 et
613 3631 949 3693 examinare,
988 3632 1246 3700 numquid
1284 3635 1560 3703 proprium
1601 3638 1909 3708 episcopum
1950 3642 2098 3712 justo

527 3730 753 3778 accuset
782 3721 1049 3789 clericus,
1091 3733 1146 3776 et
1203 3729 1641 3783 communionem
1693 3746 1820 3786 cum
1853 3747 1918 3787 eo
1973 3733 2097 3803 jure

527 3813 784 3869 declinet.
813 3813 954 3886 Lege
983 3825 1038 3870 et
1074 3833 1341 3874 canonem
1375 3820 1443 3876 29
1474 3823 1630 3876 istius
1653 3825 1860 3893 synodi,
1896 3837 1951 3880 et
1985 3829 2097 3881 An-

531 3907 799 3963 tiocheam
832 3924 1097 3965 canonem
1127 3911 1183 3965 4.
1236 3913 1511 3967 Adversus
1569 3916 1879 3986 episcopum
1931 3919 2093 3991 525

527 4004 708 4055 autem
747 4002 1243 4071 expostulationem
1279 4022 1347 4058 ne
1378 4004 1581 4063 dixeris
1605 4024 1729 4063 esse
1753 4026 1821 4064 ex
1849 4016 2090 4080 peccato,

527 4091 609 4146 vel
644 4092 712 4147 ab
751 4093 853 4146 lia
880 4095 1145 4152 criminali
1176 4098 1559 4165 accusatione;
1598 4102 1689 4156 sed
1715 4102 1797 4155 vel
1829 4118 1894 4158 ex
1928 4119 2093 4158 causa

527 4185 850 4256 dogmatica,
886 4188 966 4239 vel
1002 4187 1198 4256 injusta
1232 4189 1346 4259 ejus
1397 4193 1519 4247 vitae
1574 4194 1937 4254 institutione.
1985 4195 2088 4254 Ne-

524 4293 631 4346 que
653 4279 795 4332 enim
819 4279 978 4335 debet
1024 4281 1254 4336 clericus
1305 4297 1334 4334 a
1387 4285 1608 4353 prcprio
1660 4287 1914 4354 epise0po
1970 4302 2095 4347 ante

525 4371 1029 4425 condemnationem
1053 4374 1315 4441 separari,
1353 4375 1452 4428 nisi
1482 4390 1604 4432 eum
1631 4378 1780 4433 videt
1807 4381 2090 4436 manifeste

525 4462 778 4528 iniuriam
804 4461 1115 4530 facientem,
1142 4465 1227 4519 vel
1242 4477 1389 4520 recto
1407 4468 1643 4536 dogmati
1673 4475 2089 4537 repugnantem.

521 4553 656 4609 Cum
689 4563 865 4610 autem
886 4555 974 4614 ille
1008 4559 1450 4629 metropolitanus
1474 4559 2095 4632 Philippopolisltalicus

517 4645 800 4719 proprium
841 4647 1096 4701 clericum
1123 4647 1566 4722 Campsorymem
1589 4656 1948 4722 segregassei.
1977 4658 2094 4725 agi.

523 4744 694 4790 latum
727 4745 810 4790 est
866 4741 1007 4807 apud
1068 4740 1465 4795 sanctissimum
1525 4743 1672 4798 illum
1727 4745 2088 4813 patriarebam

515 4828 881 4890 Muzalonem,
920 4847 1042 4883 eum
1095 4831 1464 4888 misericordia
1520 4836 1738 4905 dignum
1790 4853 1892 4891 non
1942 4855 2085 4903 esse.

521 4931 582 4976 ut
604 4923 718 4992 qui,
754 4924 1048 4979 secundum
1085 4923 1228 4979 hunc
1255 4941 1539 4990 canouem,
1571 4929 1635 4983 ad
1666 4930 1924 4985 finitimos
1972 4934 2088 4997 epi-

519 5027 709 5086 scopos
745 5031 848 5068 non
884 5020 1196 5085 accesserit,
1236 5030 1290 5074 et
1331 5021 1394 5072 ad
1425 5021 1688 5091 synodum
1715 5039 1834 5090 qum
1886 5035 2006 5076 erat
2036 5025 2088 5077 in

521 5122 583 5162 ea
603 5110 840 5176 regione,
868 5119 924 5162 ut
950 5125 1045 5179 per
1070 5123 1164 5166 eos
1189 5111 1632 5167 reconciliaretur
1653 5115 2085 5182 metropolitano;

522 5201 616 5254 sed
639 5201 750 5256 sedi
788 5201 1020 5270 primum
1046 5204 1395 5274 patriarchali
1425 5204 1724 5260 molestiam
1756 5207 2088 5273 exhibuerit,

2204 3174 2495 3245 εἰρηνικῶς
2521 3171 2744 3240 λυθῆναι
2771 3169 2834 3223 τὸ
2860 3169 3093 3240 πρᾶγμα
3118 3167 3204 3222 διὰ
3233 3165 3640 3230 κατεξετάσεως
3667 3163 3781 3216 τῶν

2200 3266 2616 3337 γειτνιαζόντων
2640 3261 2975 3323 ἐπισκόπων,
2997 3260 3165 3325 ἀλλὰ,
3189 3257 3603 3328 ἀποσχίζοντας,
3629 3271 3784 3310 τουτ-

2201 3362 2315 3416 έστι
2362 3355 2716 3427 χωρίζοντας,
2765 3353 2995 3415 ἑαυτοὺς
3020 3350 3129 3404 ἀπὸ
3155 3348 3249 3403 τοῦ
3284 3348 3415 3403 ἰδίου
3449 3347 3775 3408 ἐπισκόπου,

2205 3453 2300 3508 καὶ
2331 3447 2741 3520 ίερουργοῦντας
2773 3443 3079 3505 ίδιαιτάτως
3107 3441 3257 3513 παρᾶ
3284 3441 3510 3509 γνώμην
3537 3437 3773 3492 ἐκείνου,

2216 3543 2510 3612 Ἀνάγνωθι
2544 3541 2640 3594 καὶ
2669 3541 2758 3592 τὸν
2793 3543 2845 3601 ς’
2871 3534 3070 3590 κανόνα
3098 3535 3198 3603 τῆς
3233 3535 3288 3586 ἐν
3316 3529 3614 3599 Ἀντιοχείᾳ
3648 3536 3777 3583 συν-

2201 3638 2352 3702 όδου,
2380 3634 2473 3688 καὶ
2497 3637 2586 3686 τὸν
2613 3631 2672 3683 ιδ’
2696 3630 2794 3700 τῆς
2821 3633 2879 3682 ὲν
2905 3628 3162 3697 Σαρδικῇ.
3189 3625 3306 3694 Χρὴ
3332 3625 3420 3685 δὲ,
3448 3623 3608 3693 φησι,
3642 3638 3779 3675 σκο-

2204 3732 2325 3784 πεῖν
2367 3728 2463 3782 καὶ
2508 3725 2814 3793 ἐξετάζειν,
2862 3723 3072 3792 μήποτε
3117 3719 3342 3782 δικαίως
3392 3718 3632 3773 αἰτιᾶται
3678 3716 3776 3770 τὸν

2203 3823 2333 3876 ἴδιον
2358 3821 2654 3876 ἐπίσκοπον
2678 3817 2708 3867 ό
2733 3814 3013 3887 κληρικδς,
3040 3817 3130 3866 καί
3158 3811 3394 3879 εὐλόγως
3419 3807 3516 3879 τὴν
3544 3809 3661 3878 μετ’
3677 3808 3780 3862 αὐ-

2199 3917 2295 3969 τοῦ
2325 3914 2608 3968 κοινωνίαν
2636 3908 2881 3982 mum.
2918 3905 3211 3972 Ἀνάγνωθι
3239 3902 3444 3956 καὶτὸν
3469 3899 3552 3956 κθ⁹
3576 3901 3782 3954 κανόνα

2199 4011 2299 4076 τῆς
2329 4002 2547 4060 συνόδου
2575 4002 2802 4072 ταύτης,
2828 4002 2922 4055 καὶ
2943 4000 3039 4068 τῆς
3067 3999 3123 4049 ὲν
3154 3994 3452 4067 Ἀντιοχείᾳ
3481 3997 3683 4049 κανόνα
3707 3994 3775 4049 δ’.

2201 4101 2312 4172 Τήν
2345 4099 2402 4153 δέ
2438 4098 2578 4152 κατὰ
2609 4095 2701 4149 τοῦ
2741 4094 3040 4148 ἐπισκόπου
3082 4091 3290 4162 μέμψιν
3328 4089 3402 4158 μὴ
3436 4088 3597 4158 εἴπῃς
3633 4080 3778 4142 εἶναι

2197 4194 2261 4258 ἐξ
2295 4193 2689 4264 ἁμαρτήματος
2716 4187 2888 4259 nam
2914 4181 3081 4253 ἄλλης
3110 4184 3399 4243 αἰτιάσεως
3435 4180 3778 4250 ἐγκληματι-

2201 4288 2303 4353 κής
2323 4328 2336 4351 ,
2368 4284 2499 4338 ἀλλὰ
2529 4283 2639 4336 άπὸ
2663 4281 2999 4350 δογματικῆς
3029 4279 3061 4350 ἢ
3093 4278 3279 4331 ἀδίκου
3308 4276 3603 4344 διαγωγῆς.
3635 4272 3778 4326 Οὐδὲ

2201 4379 2308 4448 γὰρ
2349 4376 2556 4443 ὀφείλει
2596 4377 2624 4428 ὁ
2663 4373 2922 4444 κληρικὸς
2965 4371 3073 4424 ἀπὸ
3113 4367 3208 4423 τοῦ
3257 4368 3558 4421 ἐπισκόπου
3601 4361 3775 4418 αὐτοῦ

2199 4470 2526 4542 χωρίζεσθαι
2565 4469 2672 4537 πρὸ
2711 4466 3032 4533 καταδίκης.
3072 4464 3122 4516 εί
3162 4460 3239 4534 μὴ
3279 4458 3571 4530 προφανῶς
3609 4457 3780 4512 αὑτὸν

2202 4562 2386 4630 βλέπει
2419 4560 2707 4613 ἀδικοῦντα
2733 4556 2764 4627 ἦ
2798 4555 3210 4624 ἐναντιούμενον
3239 4551 3318 4623 τῷ
3344 4549 3489 4620 ὀρθῷ
3515 4550 3775 4617 δόγματι.

2199 4654 2302 4707 Τοῦ
2340 4652 2393 4705 δὲ
2430 4649 2829 4721 μητροπολίτου
2861 4645 3342 4708 Φιλιππουπόλεως
3371 4643 3463 4696 τοῦ
3499 4637 3773 4696 Ἰταλικοῦ

2197 4746 2404 4799 ἐκείνου
2434 4743 2792 4815 ἀφορίσαντος
2819 4741 2913 4793 τὸν
2943 4739 3071 4792 ἴδιον
3101 4737 3362 4806 κληρικδν
3389 4736 3480 4788 τὸν
3509 4732 3774 4805 Καψορῦ·

2200 4857 2338 4910 μην,
2377 4839 2530 4902 λόγος
2563 4838 2779 4904 ἐγένετο
2816 4833 2967 4902 παρὰ
2999 4832 3076 4900 τῷ
3111 4831 3398 4899 ἁγιωτάτῳ
3435 4826 3627 4918 ἐκείνδῳ
3663 4841 3779 4880 πα-

2199 4935 2432 5005 τριάρχῃ
2467 4931 2545 4999 τῷ
2584 4928 2901 4993 Μουζάλωνι
2941 4926 3016 4995 μὴ
3051 4923 3290 4992 ὀφείλειν
3325 4921 3514 4976 τοῦτον
3554 4937 3781 4989 συμπα-

2200 5027 2348 5089 θείας
2382 5023 2704 5089 ὰξιωθῆναι,
2733 5019 2809 5082 ὡς
2846 5021 2924 5089 μὴ
2960 5015 3323 5088 προσελθόντα
3356 5017 3498 5066 κατὰ
3517 5012 3605 5065 τὸν
3627 5029 3779 5081 παρα

2196 5118 2322 5170 όντα
2364 5117 2564 5167 κανόνα
2607 5114 2716 5176 τοῖς
2756 5110 3153 5180 γειτνιάζουσιν
3217 5104 3534 5166 ἐπισκόποις
3574 5103 3672 5154 καὶ
3702 5105 3776 5174 τῇ

2201 5210 2338 5263 κατά
2359 5207 2544 5276 χώοαν
2569 5204 2767 5273 συνόδῳ
2789 5202 2948 5272 χάριν
2968 5199 3058 5253 τοῦ
3085 5196 3483 5266 καταλλαγῆναι
3507 5196 3572 5249 δι’
3592 5196 3782 5249 αὐτῶν

1750 5349 1945 5411 Guill.
1991 5347 2321 5428 Beveregii
2357 5353 2548 5411 notae.

486 5507 492 5518 ..
589 5469 699 5536 (12)
733 5469 878 5522 Ἐάν
896 5487 982 5533 τις
1025 5471 1448 5538 πρεσϐύτερος.
1504 5471 1709 5524 Praeter
1742 5469 2088 5522 Balsamonis

521 5547 565 5592 et
588 5539 812 5594 Zonara:
838 5542 1315 5610 interpretationes
1337 5542 1391 5595 in
1421 5541 1608 5596 codice
1630 5539 2088 5605 Amerhachiano,

518 5611 1058 5688 b_oc_et_iam‘cxdltov
1091 5611 1142 5665 in
1181 5622 1505 5688 praesentem
1534 5610 2087 5688 can‘oneni_l_iabetu_r,

522 5683 654 5734 Ηιοὶ
698 5680 1400 5750 άναψηλαφήσιο›ς”ψήφων
1450 5681 1766 5735 ἐπισκόπων
1797 5680 1955 5745 ζήτει
1985 5680 2088 5744 τῆς

521 5754 581 5804 ὲν
614 5751 906 5823 Ἀντιοχείᾳ
940 5751 1157 5804 συνόδου
1187 5757 1386 5806 κανόνα
1413 5760 1487 5815 ς’.
1511 5751 1612 5821 τῆς
1644 5754 1699 5803 ἒν
1719 5752 1953 5820 Σαρδικῇ
1990 5767 2087 5803 κα·-

2198 5473 2354 5533 νόνας
2383 5475 2452 5536 γ’,
2484 5467 2547 5530 δ’,
2583 5465 2663 5522 ιδ’.
2689 5466 2782 5517 καὶ
2798 5461 3034 5516 ἐνταῦθα
3062 5459 3152 5514 τὸν
3181 5458 3427 5532 παρόντα
3452 5462 3528 5536 ἰα’
3546 5459 3778 5524 κανόνα,

2193 5540 2275 5595 De
2331 5530 2709 5593 sententiarum
2760 5536 3126 5605 episcoporum
3187 5530 3566 5605 retractatione
3593 5545 3779 5599 ιιιιαετε

2193 5613 2381 5683 synodi
2409 5599 3023 5683 Antiochenmcananem
3069 5603 3124 5666 6,
3149 5609 3199 5656 et
3225 5599 3562 5683 Sardicertsis
3608 5616 3779 5656 cano-

2195 5673 2280 5738 n}:
2311 5681 2364 5746 5,
2392 5683 2426 5737 4
2453 5692 2500 5736 et
2535 5681 2625 5746 ιι,
2652 5688 2698 5734 et
2722 5678 2793 5733 ibi
2815 5685 3121 5746 pra-tentem
3156 5688 3408 5727 capionem
3439 5673 3525 5727 Η.
