4098 6288
529 358 604 421 63
1780 351 2059 415 THEOD.

2202 352 2338 412 LSA
2353 353 2402 411 M
2412 352 2512 414 ΟΝ
3699 354 3772 418 64-

528 466 707 537 θεσίᾳ,
736 465 789 522 id
825 476 926 533 est,
979 482 1234 522 manuum
1263 468 1605 537 impositione
1639 471 1690 521 et
1729 469 2092 530 ordinatione,

2202 469 2290 521 καὶ
2330 469 2666 538 καθιέρωσιν
2714 468 2949 540 νοήσεις,
2992 468 3126 524 ἀλλὰ
3175 467 3272 542 τὴν
3307 468 3508 540 ψῆφον.
3542 467 3667 522 Ὀτι
3709 486 3771 521 τε

528 572 625 611 seu
678 561 1086 615 consecratione
1141 561 1496 625 intellexeris,
1535 563 1628 618 sed
1675 578 1772 632 pro
1803 563 2092 619 electione.

525 644 660 700 Nam
699 650 874 707 ethoc
916 667 980 705 ex
1014 651 1117 708 [ille
1147 655 1368 710 canonis
1412 655 1733 720 ostenditur,
1779 670 1888 725 quo
1935 671 2096 710 cave-

529 748 638 802 tur,
673 751 728 794 ut
760 742 1062 812 deponatur
1093 747 1402 818 episcopus,
1460 751 1552 816 qui
1595 761 1780 804 contra
1823 750 2094 818 propriam

527 835 981 903 subscriptionem
1034 850 1088 893 et
1123 841 1516 898 confessionem
1573 843 1786 910 fecerit,
1822 858 1940 912 qua:
1964 845 2096 900 sub-

531 929 754 997 scriptio
787 946 891 984 non
930 933 986 989 lit
1035 932 1100 986 ad
1150 934 1545 990 ordinationem
1581 936 1692 992 sive
1736 939 2097 994 consecratio—

519 1032 672 1086 ‘nem.
733 1020 827 1075 scd
877 1023 943 1076 ad
989 1023 1305 1080 electionem
1361 1044 1376 1080 :
1440 1039 1493 1082 et
1529 1029 1675 1098 quia,
1733 1046 1858 1085 cum
1886 1034 2096 1102 primus

529 1125 704 1166 canon
739 1116 1067 1182 apostolicus
1105 1128 1307 1174 statuat
1332 1123 1645 1189 episcOpum
1679 1140 1706 1177 a
1740 1124 1950 1180 duobus
1974 1140 2095 1181 esse

528 1204 794 1274 episcOpis
841 1209 1222 1272 ordinandum,
1258 1212 1302 1266 si
1347 1214 1689 1284 χειροτονίαν
1744 1231 1840 1286 pro
1873 1217 2096 1274 ordina-

531 1293 678 1347 tione
705 1294 808 1350 hoc
848 1298 896 1350 in
939 1300 1056 1352 loco
1086 1305 1473 1372 acceperimus,
1525 1308 1667 1362 dicto
1724 1310 1919 1365 canoni
1966 1325 2097 1366 con-

475 1437 478 1439 Α
532 1383 698 1438 traria
761 1389 940 1445 dicere
989 1392 1358 1450 admlttemus.
1418 1397 1553 1452 Cum
1604 1412 1784 1456 autem
1833 1417 2006 1459 canon
2063 1405 2097 1458 4

530 1476 720 1547 primae
775 1478 1002 1535 Nicaeum
1053 1487 1240 1555 synodi
1284 1487 1469 1557 jubeat
1521 1491 1814 1547 electiones
1859 1495 1927 1548 ab
1979 1511 2098 1551 om-

531 1567 688 1622 nibus
763 1574 1183 1638 provincialibus
1237 1581 1516 1648 constitui,
1587 1583 1669 1638 sin
1733 1594 1911 1641 autem
1993 1589 2098 1643 hoc

534 1662 608 1718 sit
637 1662 850 1718 dilllcile
880 1675 987 1721 tres
1029 1670 1186 1724 simul
1252 1677 1588 1746 congregari,
1619 1677 1845 1747 reliquis
1880 1695 2100 1750 quoque

529 1766 628 1819 per
675 1752 888 1809 litteras
943 1759 1256 1830 suﬂragium
1314 1762 1629 1829 ferentibus,
1699 1771 2094 1840 metropolitani

529 1843 769 1908 quidam,
797 1855 854 1899 ut
875 1859 960 1902 est
997 1853 1289 1910 verisimile
1318 1857 1438 1927 (eos
1463 1859 1608 1913 enim
1642 1877 1881 1930 presens
1922 1877 2102 1920 canon

527 1933 787 2008 primates
807 1942 1094 2008 provincia:
1110 1949 1308 2016 vocat),
1327 1963 1431 2004 non
1455 1951 1825 2010 observabant
1841 1969 2100 2012 canones.

529 2025 684 2084 Unde
742 2042 795 2087 et
835 2049 866 2088 a
907 2033 1162 2091 Patribus
1219 2041 1499 2099 deﬁnitum
1559 2055 1669 2110 est,
1717 2056 1775 2102 ut
1831 2063 1860 2102 a
1917 2049 2103 2104 multis

526 2123 794 2192 episcopis
816 2126 1016 2184 fierent
1037 2131 1330 2191 electiones
1361 2153 1376 2190 :
1413 2138 1496 2191 sin
1542 2149 1717 2194 autem
1747 2141 1848 2195 hoc
1879 2158 1985 2197 non
2011 2144 2083 2199 sit

530 2212 673 2268 factu
716 2206 895 2282 facile,
955 2227 1259 2280 necessario
1296 2243 1323 2280 a
1376 2229 1565 2295 tribus,
1623 2235 1713 2303 qui
1751 2235 1945 2291 debent
1974 2251 2096 2294 cum

530 2306 756 2364 Scientia
791 2319 849 2364 et.
890 2315 1246 2380 permissione
1280 2323 1436 2385 primi
1487 2338 1581 2377 seu
1614 2329 2015 2398 metropolitani
2040 2331 2096 2386 in

534 2417 853 2472 quocunque
908 2407 1027 2469 loco
1059 2414 1369 2470 convenire.
1420 2415 1476 2471 Si
1517 2421 1642 2488 quis
1697 2432 1878 2477 autem
1907 2440 2094 2480 eorum

531 2496 620 2562 qui
640 2497 692 2551 in
723 2498 984 2556 electione
1013 2503 1264 2576 sulfragia
1296 2511 1555 2568 dederunt
1595 2523 1780 2572 contra
1825 2520 2100 2586 propriam

532 2588 982 2660 subscriptionem
1041 2596 1252 2662 fecerit,
1317 2605 1631 2677 deponetur.
1674 2605 1827 2663 Acin
1866 2610 1949 2666 his
1975 2611 2098 2680 qui-

530 2681 652 2735 dem
689 2686 938 2743 consistit
999 2705 1192 2748 eanon.
1227 2694 1361 2749 Cum
1413 2710 1594 2753 autem
1626 2703 1843 2770 quidam
1895 2717 2116 2766 metro-4

527 2774 801 2847 politanus
859 2779 1050 2836 fuisset
1093 2784 1385 2853 aliquando
1438 2801 1747 2855 accusatus,
1795 2795 1939 2864 quod
1989 2811 2096 2851 non

528 2881 651 2920 cum
710 2870 823 2925 suis
867 2875 1288 2939 provincialibus
1337 2881 1642 2948 episcopum
1693 2884 1967 2955 elegisset,
2001 2890 2096 2942 sed

529 2975 653 3014 cum
693 2966 1119 3029 metropolitanis
1148 3009 1162 3032 ,
1213 2972 1303 3039 qui
1343 2972 1394 3023 in
1444 2973 1635 3042 regina.
1663 2976 1878 3030 urbium
1914 2994 2098 3034 versae

533 3052 764 3120 bantur;
799 3056 1017 3123 quidam
1060 3070 1378 3127 praesentem
1411 3079 1670 3121 canonem
1696 3085 1793 3137 pro
1836 3086 1904 3125 eo
1928 3073 2098 3126 addu-

529 3144 723 3197 cebant

529 3237 562 3290 4
618 3239 806 3308 primae
865 3244 1050 3313 synodi
1094 3243 1336 3304 Nicaenae
1385 3265 1606 3308 necesse
1653 3263 1737 3307 est
1789 3271 1824 3309 ει
1883 3258 2096 3324 βιοτὴν

528 3331 758 3387 cialibus
817 3335 884 3388 ad
925 3337 1206 3391 minimum
1254 3340 1426 3395 tribus
1475 3343 1794 3399 electionem
1848 3347 1992 3413 fieri,
2062 3367 2091 3404 a

529 3429 788 3496 praesenti
832 3437 1010 3484 tamen
1042 3446 1273 3496 canone,
1310 3434 1400 3501 qui
1453 3445 1535 3491 est
1581 3439 1747 3494 multo
1802 3443 2095 3510 posterior,

538 3519 950 3588 metropolitano
1002 3536 1322 3579 concessum
1376 3536 1456 3582 est
1486 3538 1598 3585 tres
1622 3533 1926 3602 episcopos,
1957 3553 2095 3606 quos

533 3613 767 3669 voluerit
811 3631 1128 3683 accersere,
1166 3628 1225 3674 et
1272 3635 1369 3688 per
1419 3638 1517 3678 eos
1559 3625 1875 3683 electionem
1919 3631 2098 3691 facere

538 3703 590 3760 in
617 3722 940 3777 quocunque
977 3709 1095 3768 loco
1124 3713 1377 3778 voluerit,
1415 3724 1469 3770 et
1522 3718 1772 3774 volebant
1825 3718 2098 3790 metropo-

528 3799 758 3856 litanum
828 3800 960 3857 nulli
1045 3806 1450 3873 reprehensioni
1516 3795 1809 3867 obnoxium
1874 3816 1940 3870 ab
2000 3817 2101 3872 hoc

533 3907 742 3948 canone
787 3897 1121 3950 conservari.
1172 3897 1475 3956 Audierant
1523 3913 1700 3958 autem
1755 3908 1930 3977 quod,
1969 3924 2103 3977 quo-

534 3986 677 4038 niam
711 4002 949 4052 praesens
983 4003 1153 4044 canon
1203 3990 1334 4044 nihil
1361 3992 1483 4046 novi
1541 3994 1807 4062 decernit,
1849 3998 1945 4052 sed
1978 4016 2099 4071 qua:

538 4093 569 4132 a
599 4077 850 4135 Patribus
880 4089 1038 4134 antea
1075 4082 1292 4139 deﬁnita
1354 4095 1518 4148 sunt,
1580 4087 1834 4157 deinceps
1876 4106 2092 4162 quoque

534 4171 806 4226 servanda
835 4173 1047 4234 statuit,
1073 4173 1273 4227 debent.
1301 4178 1542 4241 omnino,
1573 4194 1692 4247 quae
1711 4179 1776 4234 de
1791 4185 2103 4238 convocatis

533 4265 802 4333 episcopis
837 4266 1107 4332 dicuntur,
1141 4271 1438 4324 secundum
1469 4271 1618 4326 illum
1650 4287 1913 4329 canonem
1950 4277 2106 4331 intel-

537 4357 650 4426 ligi,
693 4367 746 4412 et
779 4360 1068 4414 electiones
1095 4363 1402 4416 necessario
1435 4380 1463 4417 a
1505 4366 1928 4434 provincialibus
1962 4369 2101 4427 ﬁeri.

535 4451 666 4505 illud
703 4461 883 4505 autem
915 4451 967 4506 in
1023 4453 1219 4522 quovis
1263 4453 1382 4507 loco
1409 4459 1722 4524 procedere,
1780 4471 1884 4512 non
1948 4459 2102 4513 allert

2125 1806 2175 1866 B

2198 561 2351 612 τοῦτο
2385 560 2712 631 παρίσταται
2743 561 2850 616 ἀπὺ
2883 561 2977 614 τοῦ
3002 561 3186 625 τέλους
3212 561 3310 615 τοῦ
3342 561 3564 626 κανόνος
3593 563 3765 633 διορι-

2199 649 2428 720 ζομένου
2481 651 2861 721 καθαιρεῖσθαι
2921 650 3010 706 τδν
3056 654 3122 722 τῇ
3160 651 3269 724 ἰδίᾳ
3321 653 3614 722 ὑπογραφῇ
3672 654 3768 706 καὶ

2199 743 2458 814 ὁμολογίᾳ
2490 743 2899 813 ἐναντιούμενον
2943 743 3261 805 ἐπίσκοπον,
3311 744 3433 814 ἣτις
3471 743 3768 813 ὑπογραφὴ

2198 836 2260 889 οὐ
2296 837 2500 906 γίνεται
2554 837 2631 898 εἰς
2683 837 3017 908 χειροτονίαν
3064 836 3185 908 ἦτοι
3227 837 3580 906 καθιέρωσιν,
3631 837 3769 890 ἀλλὰ

2198 930 2277 993 είς
2301 930 2481 1000 ψῆφον
2506 945 2522 959 ·
2561 929 2650 982 καὶ
2698 930 2780 982 ὅτι
2810 928 2905 982 τοῦ
2941 927 3302 982 ἀποστολικοῦ
3349 928 3569 998 πρώτου
3602 927 3764 982 κανό-

2197 1038 2288 1082 νος
2359 1018 2731 1090 διοριζομὲνου
2797 1019 3224 1089 χειροτονεῖσθαι
3287 1019 3584 1071 ἐπίσκοπον
3657 1018 3765 1071 ὑπὸ

2195 1113 2514 1168 ἐπισκόπων
2543 1111 2657 1178 δύο,
2689 1112 2851 1183 εἴπερ
2899 1110 3257 1179 ἐκλαύὼμεθα
3285 1112 3385 1181 τὴν
3410 1110 3763 1180 χειροτονίαν

2197 1210 2278 1272 είς
2308 1205 2666 1278 χειροθεσίαν,
2691 1205 2937 1273 δόξοιμεν
2958 1205 3140 1272 λέγειν
3172 1202 3393 1256 ἐναντία
3433 1201 3512 1274 τῷ
3543 1202 3765 1273 ῥηθέντι
3804 1189 3813 1211 ⁵

2198 1298 2404 1352 κανόνι.
2435 1296 2541 1350 Τοῦ
2589 1297 2645 1350 δὲ
2703 1297 2744 1349 δ’
2792 1296 3012 1358 κανόνος
3070 1297 3169 1366 τῆς
3201 1294 3259 1347 ἐν
3289 1296 3497 1366 Νικαίᾳ
3543 1297 3767 1367 πρώτης

2199 1391 2417 1445 συνόδου
2468 1387 2981 1459 παρακελευομένου
3031 1388 3137 1441 ὑπὸ
3190 1389 3411 1442 πάντων
3443 1388 3551 1443 τῶν
3588 1391 3759 1460 ἐπαρ·

2198 1483 2409 1552 χιωτῶν
2465 1481 2823 1537 καθίστασθαι
2878 1479 2979 1544 τὰς
3027 1480 3278 1551 ψήφουςο
3329 1481 3377 1533 εἰ
3413 1481 3470 1534 δὲ
3504 1482 3765 1551 δυσχερὲς

2196 1573 2354 1628 τοῦτό
2383 1576 2517 1638 ἐστι,
2546 1575 2695 1645 τρεῖς
2738 1574 2833 1628 ἐπὶ
2873 1572 2936 1628 τὸ
2983 1573 3119 1626 αὐτὸ
3165 1571 3518 1641 συνάγεσθαι,
3552 1573 3770 1643 συμψή-

2199 1682 2315 1735 φων
2338 1667 2641 1736 γινομένων
2668 1664 2760 1718 διὰ
2781 1665 3131 1735 γραμμάτων
3169 1665 3263 1718 καὶ
3296 1665 3405 1719 τῶν
3434 1665 3658 1729 λοιπῶν,
3687 1665 3767 1731 ὡς

2201 1757 2367 1821 ἔοικε,
2409 1757 2555 1821 τινές
2608 1757 3004 1828 μητροπολὴαι
3048 1757 3294 1828 (τούτους
3339 1760 3447 1828 γὰρ
3484 1759 3513 1811 ὁ
3565 1760 3759 1827 παρὼν

2200 1848 2383 1904 κανὼν
2410 1847 2789 1918 πρωτεύοντας
2827 1848 3098 1919 ἐπαρχίας
3119 1848 3296 1917 καλεῖ)
3334 1850 3435 1902 οὐκ
3465 1850 3769 1917 ἐφύλαττον

2198 1942 2266 1996 τὰ
2288 1941 2381 1995 τοῦ
2415 1941 2828 2004 κανόνος.Ὄθεν
2844 1943 2936 1996 καὶ
2962 1940 3168 2012 ὡρίσθη
3189 1942 3334 2013 παρὰ
3355 1941 3464 1995 τῶν
3487 1944 3768 2013 Πατέρων,

2201 2031 2308 2086 ὑπὸ
2329 2031 2538 2087 πολλῶν
2568 2032 2889 2086 ἐπισκόπων
2922 2031 3168 2101 γίνεσθαι
3195 2030 3294 2095 τὰς
3321 2034 3540 2104 ψήφους
3569 2051 3582 2065 ·
3618 2037 3668 2088 εί
3712 2035 3770 2089 δὲ

2199 2125 2300 2178 οὐκ
2355 2124 2472 2178 ἐστι
2504 2122 2662 2178 τοῦτο
2717 2124 2964 2192 εὐχερὲς,
3014 2123 3074 2190 ἐξ
3128 2124 3373 2192 ἀνάγκης
3425 2126 3527 2177 ὑπὸ
3574 2126 3767 2194 τριῶν,

2201 2215 2524 2284 ὀφειλόντων
2559 2217 2699 2286 μετὰ
2733 2216 2995 2286 εἰδήσεως
3036 2216 3130 2268 καὶ
3159 2216 3464 2286 ἐπιτροπῆς
3492 2217 3586 2270 τοῦ
3617 2217 3770 2289 πρῶ-

2200 2328 2337 2373 τον,
2383 2310 2553 2380 ἤγουν
2632 2309 2728 2362 τσῦ
2798 2309 3235 2379 μητροπολὶτου,
3295 2309 3658 2379 συνέρχεσθαι
3714 2310 3774 2363 ἐν

2198 2405 2472 2476 οίῳδήτινι
2522 2402 2695 2474 τόπῳ.
2748 2402 2880 2456 Ἐὰν
2938 2401 2996 2455 δέ
3047 2419 3134 2466 τις
3197 2400 3308 2454 τῶν
3367 2401 3772 2472 ψηφισαμένων

2201 2499 2499 2568 ἐναντιωθῇ
2533 2499 2597 2568 τῇ
2639 2497 2744 2567 ἰδίᾳ
2782 2497 3072 2566 ὑπογραφῇ
3100 2537 3116 2562 ,
3150 2495 3628 2564 καθαιρεθήσεται.
3661 2494 3773 2548 Καὶ

2198 2594 2228 2646 ό
2280 2592 2378 2661 μὲν
2429 2589 2608 2643 κανὼν
2659 2591 2717 2642 ἐν
2776 2588 3006 2652 τούτοις.
3048 2590 3202 2653 Τινδς
3263 2589 3321 2644 δὲ
3373 2589 3774 2661 μητροπολίτου

2201 2683 2540 2746 αἰτιαθέντος
2585 2683 2739 2748 ποτὲ,
2768 2684 2844 2748 ὡς
2897 2683 2972 2756 μὴ
3028 2681 3168 2752 μετὰ
3199 2682 3558 2753 ἐπαρχιωτῶν
3605 2682 3774 2736 αὐτοῦ

2199 2775 2579 2846 ψηφισαμένου
2625 2777 2951 2843 ἐπίσκοπον,
2982 2775 3118 2830 ἀλλᾶ
3165 2776 3306 2848 μετὰ
3357 2775 3773 2845 μητροπολιτῶν

2199 2870 2496 2936 διαγόντων
2529 2872 2607 2933 είς
2651 2872 2749 2940 τὴν
2775 2871 2882 2925 τῶν
2920 2871 3129 2923 πόλεων
3162 2870 3577 2940 βασιλεύουσαν,
3609 2872 3780 2940 ἐχρή-

2202 2964 2364 3018 σαντό
2392 2981 2558 3027 τινες,
2593 2965 2733 3034 ὑπὲρ
2774 2965 2940 3020 αὑτοῦ
2988 2965 3238 3032 λέγοντες
3275 2965 3354 3033 τῷ
3399 2966 3629 3035 παρόντι
3671 2983 3780 3021 κα-

2198 3056 2312 3111 νόνι
2336 3073 2351 3088 ·
2389 3058 2482 3111 καὶ
2511 3053 2665 3110 εἷπον
2693 3057 2790 3120 ὡς,
2826 3058 2876 3110 εί
2903 3058 3000 3110 καὶ
3038 3057 3145 3113 ἀπὸ
3176 3057 3271 3111 τοῦ
3319 3060 3362 3112 δ’
3409 3060 3633 3122 κανόνος
3676 3060 3781 3125 τῆς

779 3163 793 3199 :
845 3156 901 3200 et
959 3149 1212 3207 dicebant
1267 3156 1435 3221 quod,
1489 3158 1697 3214 etiamsi
1747 3175 1813 3215 ex
1889 3178 2094 3219 canone

2202 3150 2258 3201 ἐν
2286 3148 2492 3220 Νικαίςι
2524 3148 2748 3217 πρώτης
2781 3149 3001 3201 συνόδου
3034 3148 3249 3218 ἀνάγκη
3280 3149 3429 3201 ἐστὶν
3460 3149 3566 3204 ὑπὸ
3597 3151 3776 3220 ἐπαρ-

2204 3246 2410 3316 χιωτῶν
2457 3245 2518 3298 τδ
2562 3244 2846 3314 ἐλάχιστον
2877 3244 3046 3314 τριῶν
3090 3244 3190 3308 τὰς
3237 3244 3453 3316 ψήφους
3497 3246 3770 3312 γίνεσθαι.

2201 3336 2336 3390 ἀλλὰ
2391 3336 2497 3390 ἀπὺ
2547 3336 2639 3391 τοῦ
2691 3337 2958 3406 παρόντος
3017 3339 3247 3400 κανόνος
3305 3342 3774 3407 μεταγενεστέρου

2200 3427 2350 3490 ὖντος
2382 3427 2598 3494 ἐνεδόθη
2632 3426 2706 3495 τῷ
2756 3426 3128 3498 μητροπολίτῃ
3163 3428 3593 3498 μετακαλείσθαι
3626 3432 3782 3499 τρεῖς

2202 3521 2535 3582 ἐπισκόπους
2565 3522 2688 3583 τοὺς
2721 3519 2870 3588 αὑτῷ
2925 3521 3274 3590 βουλητέους,
3309 3523 3400 3573 καὶ
3452 3526 3628 3574 ποιεῖν
3675 3522 3777 3592 τὴν

2201 3613 2383 3683 ψῆφον
2419 3613 2485 3665 δι’
2521 3613 2701 3666 αὐτῶν
2746 3614 2803 3666 ἐν
2845 3613 2943 3682 οἵῳ
2971 3614 3036 3666 ἂν
3068 3615 3217 3687 τόπῳ
3247 3614 3451 3686 θελήσῃ
3475 3630 3492 3645 ο
3524 3616 3619 3667 καὶ
3652 3615 3780 3686 illis-

2201 3707 2292 3762 λον
2322 3707 2428 3761 ἀπὸ
2469 3709 2660 3758 τούτου
2701 3704 2796 3760 τοῦ
2839 3707 3065 3769 κανόνος
3105 3707 3495 3761 ἀκαταιτίατον
3534 3707 3627 3763 τὸν
3673 3726 3781 3777 μη-

2204 3799 2530 3869 τροπολίτην
2588 3799 3019 3866 συντηρηθῆναι.
3052 3799 3334 3854 ’Ἤκουσαν
3378 3801 3434 3852 δὲ
3475 3799 3572 3865 ὡς,
3597 3800 3720 3853 ἐπεὶ
3752 3804 3780 3855 ὁ

2205 3891 2394 3959 παρὼν
2426 3891 2608 3943 κανὼν
2649 3891 2710 3942 οὐ
2755 3891 2873 3943 νέον
2916 3909 2970 3942 τι
3002 3891 3338 3961 θεσμοθετεῖ,
3372 3892 3507 3945 ἀλλὰ
3536 3892 3604 3946 τὰ
3635 3910 3775 3960 προσ

2203 3985 2543 4056 διορισθέντα
2588 3983 2740 4052 παρὰ
2773 3983 2884 4037 τῶν
2912 3982 3180 4054 Πατέρων
3224 3988 3320 4040 καὶ
3370 3985 3570 4054 ἐφεξῆς
3604 3986 3778 4054 διορίο

2205 4079 2357 4142 ζεται
2385 4077 2772 4146 φυλάττεσθαι,
2803 4077 3080 4145 ὀφείλουσι
3110 4079 3326 4141 πάντως
3370 4077 3440 4131 τὰ
3490 4081 3618 4148 περὶ
3665 4080 3776 4131 τῶν

2206 4169 2666 4239 συγκαλουμένων
2720 4169 3040 4221 ἐπισκόπων
3105 4169 3346 4224 νοεῖσθαι
3396 4170 3519 4222 κατ’
3568 4173 3779 4224 ἐκεῖνον

2205 4263 2296 4316 τὸν
2323 4264 2546 4325 κανόνα,
2587 4263 2678 4314 καί
2709 4261 2768 4326 ἐξ
2807 4263 3054 4333 ἀνάγκης
3089 4261 3228 4332 μετὰ
3271 4262 3639 4331 ἐπαρχιωτῶν
3681 4265 3780 4326 τὰς

2203 4356 2418 4425 ψήφους
2445 4353 2710 4422 γίνεσθαι.
2750 4353 2824 4406 Τὸ
2850 4353 2906 4406 δὲ
2937 4356 2996 4406 ἐν
3021 4354 3325 4425 οἱῳδήποτε
3381 4358 3532 4420 τόπῳ
3566 4356 3781 4424 προδῆ-

2207 4465 2318 4513 ναι,
2346 4447 2406 4500 οὐ
2458 4447 2882 4517 προκριματίςει
2925 4449 3024 4515 τὴν
3075 4445 3276 4514 ψῆφον,
3339 4447 3500 4515 μόνον
3544 4448 3782 4509 γινέσθω

537 4542 906 4612 praeiudicium
960 4545 1231 4611 electioni,
1291 4523 1465 4600 solum
1505 4549 1596 4600 liat
1647 4565 1769 4603 cum
1824 4552 1999 4607 tribus
2034 4554 2099 4607 ad

2211 4542 2350 4611 μετὰ
2390 4542 2701 4594 ἐπισκόπων
2729 4543 2789 4593 τὺ
2820 4541 3102 4609 ἐλάχιστον
3132 4538 3297 4610 τριῶν
3343 4541 3482 4592 κατὰ
3513 4541 3601 4592 τὸν
3634 4557 3780 4610 παρ-

534 4635 816 4689 minimum
889 4637 1206 4706 episcopis,
1275 4639 1427 4702 juxta
1489 4641 1633 4693 hunc
1704 4657 1965 4697 canonem
2019 4653 2095 4707 et,

534 4736 655 4788 quae
687 4723 735 4775 ei
767 4734 1163 4794 consequenter
1190 4727 1418 4790 obtinet,
1468 4733 1934 4787 consuetudinem.
1965 4734 2100 4788 Cum

534 4823 710 4868 autem
745 4830 915 4871 canon
945 4820 1201 4873 decernat
1227 4817 1517 4875 electiones
1544 4821 1659 4877 fieri
1690 4838 1717 4874 a
1769 4822 1940 4877 tribus
1993 4825 2106 4891 cpio

537 4910 742 4977 scopis,
775 4915 818 4966 si
857 4914 927 4967 sit
963 4914 1157 4970 multos
1211 4916 1500 4969 convenire
1533 4915 1760 4978 diliicile,
1796 4919 2102 4987 interroga-

535 5007 677 5061 verit
729 5006 1036 5075 quispiam:
1069 5007 1125 5058 Si
1172 5006 1323 5059 multi
1371 5008 1574 5078 possint
1611 5008 1768 5064 facile
1793 5013 2100 5075 convenire,

535 5099 726 5153 electio
751 5098 1131 5165 inlirmabitur,
1160 5115 1226 5150 an
1248 5100 1393 5157 non?
1413 5098 1634 5155 Salutio.
1663 5100 1792 5167 Qua
1810 5104 1872 5154 de
1896 5105 2106 5168 episco-

537 5192 589 5259 pi
623 5207 651 5243 ο
673 5191 952 5245 duodecim
975 5191 1116 5243 facta
1147 5191 1480 5259 depositione
1507 5209 1664 5262 supra
1699 5193 1862 5265 528
1909 5197 2103 5262 scripta

541 5291 683 5345 sunt,
718 5283 937 5352 quando
973 5283 1159 5350 plures
1207 5293 1460 5350 poterant
1494 5283 1648 5336 facile
1700 5288 2012 5348 convenire,
2041 5288 2105 5339 ad

539 5376 818 5446 praesentis
867 5375 1184 5445 quaestionis
1254 5375 1578 5430 solutionem
1625 5378 1919 5434 sufﬁciunt.
1975 5380 2105 5434 Illud

537 5477 742 5530 autem,
789 5469 840 5520 in
880 5467 1071 5537 quovis
1135 5469 1275 5530 loco,
1324 5473 1585 5536 scriptum
1625 5479 1730 5535 est,
1763 5480 1981 5540 propter
2013 5487 2107 5527 eos

535 5562 626 5630 qui
685 5561 869 5615 dicunt
923 5555 1121 5620 debere
1174 5561 1289 5616 ﬁeri
1337 5563 1692 5617 ecclesiarum
1745 5565 2033 5619 electiones
2075 5581 2105 5625 ιι

540 5654 952 5722 metropolitano
1013 5656 1063 5707 in
1126 5668 1216 5710 sua
1278 5657 1606 5722 metropoli,
1667 5657 1806 5726 quod
1888 5655 2106 5726 quidem

543 5759 648 5797 non
686 5755 959 5813 receptum
993 5757 1093 5802 est.
1126 5745 1300 5804 Locus
1341 5749 1484 5806 enim
1523 5765 1626 5806 non
1687 5750 1963 5804 constituit
1991 5751 2108 5818 epi-

537 5848 786 5900 scopum,
826 5839 919 5890 scd
958 5837 1266 5904 suffragium
1305 5850 1360 5894 ct
1410 5842 1706 5894 antistitum
1731 5841 1939 5896 electio.
1973 5841 2108 5895 Nota

2205 4637 2332 4688 όντα
2376 4637 2595 4700 κανόνα,
2649 4637 2743 4689 καὶ
2777 4636 2874 4704 τὴν
2906 4634 3215 4695 ἀκολούθως
3244 4635 3433 4686 τούτου
3467 4633 3780 4703 κρατοῦσαν

2211 4729 2520 4798 συνήθειαν,
2551 4727 2658 4780 Τοῦ
2708 4728 2764 4780 δὲ
2794 4727 3016 4789 κανόνος
3054 4726 3428 4794 διοριζομὲνου
3471 4726 3580 4779 ὑπὸ
3610 4727 3780 4796 τριῶν

2205 4819 2525 4874 ἐπισκόπων
2551 4821 2650 4883 τὰς
2691 4820 2907 4888 ψήφους
2947 4818 3212 4886 γίνεσθαι,
3254 4818 3415 4885 εἴπερ
3443 4819 3560 4870 ἐστὶ
3591 4819 3782 4888 δυσχε-

2210 4915 2299 4980 ρὲς
2331 4911 2560 4973 πολλοὺς
2592 4910 2890 4971 συνελθεῖν,
2925 4911 3187 4980 ἐρωτήσει
3239 4929 3346 4972 τις,
3384 4914 3479 4964 ἐὰν
3523 4913 3782 4982 εὐχέρειά

2205 5010 2323 5061 ἐστι
2355 5004 2580 5066 πολλοὺς
2636 5004 2933 5067 συνελθεῖν,
2972 5003 3394 5073 ἀκυρωθὴσεται
3441 5003 3472 5071 ἡ
3519 5004 3716 5071 ψῆφος,
3745 5005 3780 5075 ἢ

2205 5096 2296 5162 ob;
2332 5098 2543 5162 Λύσις.
2581 5096 2660 5149 Τὰ
2687 5094 2891 5147 ἄνωθεν
2921 5095 3199 5164 γραφέντα
3245 5095 3372 5161 περὶ
3404 5095 3781 5162 καθαιρέσεως

2210 5191 2506 5244 ἐπισκόπου
2589 5189 2889 5257 γενομένης
2967 5186 3117 5255 παρά
3171 5185 3374 5239 δώδεκα
3441 5189 3782 5251 ἐπισκόπων,

2209 5289 2338 5340 ὅταν
2380 5286 2625 5353 ὑπῆρχεν
2673 5283 2896 5352 εὐχερὲς
2933 5282 3029 5333 καὶ
3072 5280 3293 5342 πλείους
3339 5282 3633 5346 συνελθεῖν,
3676 5281 3782 5352 ἀρ·

2211 5379 2397 5433 κοῦσιν
2440 5381 2520 5440 εἰς
2566 5375 2861 5442 ἀπολογίαν
2905 5373 3000 5425 τοῦ
3033 5377 3297 5442 παρόντος
3330 5373 3666 5441 ζητήματος,
3722 5375 3784 5427 τὸ

2209 5473 2286 5532 δὲ,
2325 5471 2382 5523 ἐν
2405 5469 2704 5540 οἱῳδήποτε
2749 5467 2922 5534 τόπῳ,
2957 5466 3269 5536 γέγραπται
3326 5464 3414 5518 διὰ
3444 5467 3570 5526 τοὺς
3601 5465 3785 5533 λέγονο

2212 5583 2330 5625 τας,
2359 5563 2595 5632 ὀφείλειν
2640 5561 2739 5621 τὰς
2772 5561 2986 5628 ψήφους
3030 5558 3140 5611 τῶν
3179 5558 3493 5628 ἐκκλησιῶν
3542 5558 3785 5625 γίνεσθαι

2217 5655 2371 5725 παρὰ
2413 5653 2508 5706 τοῦ
2537 5651 2938 5722 μητροπολίτου
2975 5651 3054 5710 είς
3092 5649 3192 5716 τὴν
3221 5650 3343 5701 κατ’
3377 5649 3540 5702 αὐτὸν
3576 5651 3784 5718 μητρό-

2213 5749 2392 5811 πολιν,
2418 5747 2552 5813 ὃπερ
2579 5746 2681 5799 οὐκ
2717 5743 2930 5815 ἐδέχθη.
2961 5742 3097 5796 Οὖδέ
3147 5741 3253 5814 γὰρ
3281 5746 3309 5796 ὀ
3341 5741 3508 5806 τόπος
3551 5743 3785 5814 καθιστᾷ

2216 5843 2310 5895 τὸν
2343 5841 2694 5898 ’ἐπίσκοπα-δ,
2750 5835 2886 5889 ἀλλὰ
2933 5837 2965 5899 ἡ
3007 5836 3183 5902 ψῆφος
3235 5835 3328 5888 καὶ
3356 5835 3388 5899 ὴ
3416 5835 3645 5897 ὲπιλογὴ
3677 5837 3787 5891 τῶν
