  <div class='ocr_page' id='page_1' title='image "/cluster/home/n/w/nwhite01/storage/ocr_20150623/138/mdp.39015078384222/040.png"; bbox 0 0 4098 6288; ppageno 0'>
   <div class='ocr_carea' id='block_1_1' title="bbox 347 356 3590 436">
    <p class='ocr_par' dir='ltr' id='par_1_1' title="bbox 347 356 3590 436">
     <span class='ocr_line' id='line_1_1' title="bbox 347 356 3590 436; baseline -0.009 0"><span class='ocrx_word' id='word_1_1' title='bbox 347 370 420 436; x_wconf 82' lang='grc'>65</span> <span class='ocrx_word' id='word_1_2' title='bbox 1375 360 1460 422; x_wconf 87' lang='lat' dir='ltr'><strong>IN</strong></span> <span class='ocrx_word' id='word_1_3' title='bbox 1487 360 1655 422; x_wconf 79' lang='lat' dir='ltr'><strong>CAN.</strong></span> <span class='ocrx_word' id='word_1_4' title='bbox 1697 357 1847 422; x_wconf 80' lang='lat' dir='ltr'>XIII</span> <span class='ocrx_word' id='word_1_5' title='bbox 1884 357 2091 421; x_wconf 78' lang='lat' dir='ltr'><strong>CONC.</strong></span> <span class='ocrx_word' id='word_1_6' title='bbox 2123 357 2506 419; x_wconf 79' lang='lat' dir='ltr'><strong>CAR’I‘HAG.</strong></span> <span class='ocrx_word' id='word_1_7' title='bbox 3517 356 3590 422; x_wconf 80' lang='lat'><strong><em>66</em></strong></span> 
     </span>
    </p>
   </div>
   <div class='ocr_carea' id='block_1_2' title="bbox 351 472 1927 560">
    <p class='ocr_par' dir='ltr' id='par_1_2' title="bbox 351 475 1919 560">
     <span class='ocr_line' id='line_1_2' title="bbox 351 475 1919 560; baseline -0.011 -16"><span class='ocrx_word' id='word_1_8' title='bbox 351 484 679 560; x_wconf 73' lang='grc' dir='ltr'><strong>ἀρχιερέων.</strong></span> <span class='ocrx_word' id='word_1_9' title='bbox 731 479 1048 557; x_wconf 77' lang='grc' dir='ltr'><strong>Σημείωσαι</strong></span> <span class='ocrx_word' id='word_1_10' title='bbox 1102 481 1160 536; x_wconf 79' lang='grc' dir='ltr'><strong>δέ</strong></span> <span class='ocrx_word' id='word_1_11' title='bbox 1206 479 1303 535; x_wconf 73' lang='lat' dir='ltr'><strong>ttat</strong></span> <span class='ocrx_word' id='word_1_12' title='bbox 1360 478 1469 534; x_wconf 72' lang='grc' dir='ltr'><strong>ἀπὸ</strong></span> <span class='ocrx_word' id='word_1_13' title='bbox 1502 475 1599 533; x_wconf 82' lang='grc' dir='ltr'><strong>τοῦ</strong></span> <span class='ocrx_word' id='word_1_14' title='bbox 1649 475 1919 547; x_wconf 79' lang='grc' dir='ltr'><strong>παρόντος</strong></span> 
     </span>
    </p>
   </div>
   <div class='ocr_carea' id='block_1_3' title="bbox 2030 472 3593 560">
    <p class='ocr_par' dir='ltr' id='par_1_3' title="bbox 2030 472 3593 545">
     <span class='ocr_line' id='line_1_3' title="bbox 2030 472 3593 545; baseline 0.003 -19"><span class='ocrx_word' id='word_1_15' title='bbox 2030 485 2145 543; x_wconf 77' lang='lat' dir='ltr'><strong>ergo</strong></span> <span class='ocrx_word' id='word_1_16' title='bbox 2172 479 2336 526; x_wconf 82' lang='lat' dir='ltr'><strong>etiam</strong></span> <span class='ocrx_word' id='word_1_17' title='bbox 2369 485 2436 527; x_wconf 80' lang='lat' dir='ltr'><strong>ex</strong></span> <span class='ocrx_word' id='word_1_18' title='bbox 2470 472 2573 527; x_wconf 84' lang='lat' dir='ltr'><strong>hoc</strong></span> <span class='ocrx_word' id='word_1_19' title='bbox 2613 485 2845 539; x_wconf 79' lang='lat' dir='ltr'><strong>canone,</strong></span> <span class='ocrx_word' id='word_1_20' title='bbox 2875 472 3019 543; x_wconf 89' lang='lat' dir='ltr'><strong>quod</strong></span> <span class='ocrx_word' id='word_1_21' title='bbox 3051 472 3255 545; x_wconf 84' lang='lat' dir='ltr'><strong>primas</strong></span> <span class='ocrx_word' id='word_1_22' title='bbox 3311 473 3428 530; x_wconf 88' lang='lat' dir='ltr'><strong>sive</strong></span> <span class='ocrx_word' id='word_1_23' title='bbox 3474 490 3593 531; x_wconf 87' lang='lat' dir='ltr'><strong>mc-</strong></span> 
     </span>
    </p>
   </div>
   <div class='ocr_carea' id='block_1_4' title="bbox 349 564 1917 645">
    <p class='ocr_par' dir='ltr' id='par_1_4' title="bbox 349 564 1917 645">
     <span class='ocr_line' id='line_1_4' title="bbox 349 564 1917 645; baseline -0.01 -13"><span class='ocrx_word' id='word_1_24' title='bbox 349 578 577 641; x_wconf 83' lang='grc' dir='ltr'><strong>κανόνος</strong></span> <span class='ocrx_word' id='word_1_25' title='bbox 621 578 706 629; x_wconf 84' lang='grc' dir='ltr'><strong>ὅτι</strong></span> <span class='ocrx_word' id='word_1_26' title='bbox 761 576 789 629; x_wconf 84' lang='grc' dir='ltr'><strong>ό</strong></span> <span class='ocrx_word' id='word_1_27' title='bbox 826 572 1147 645; x_wconf 77' lang='grc' dir='ltr'><strong>πρωτεύων,</strong></span> <span class='ocrx_word' id='word_1_28' title='bbox 1199 572 1365 641; x_wconf 75' lang='grc' dir='ltr'><strong>ῆγουν</strong></span> <span class='ocrx_word' id='word_1_29' title='bbox 1405 572 1433 623; x_wconf 86' lang='grc' dir='ltr'>ὀ</span> <span class='ocrx_word' id='word_1_30' title='bbox 1489 564 1917 638; x_wconf 82' lang='grc' dir='ltr'><strong>μητροπολίτης,</strong></span> 
     </span>
    </p>
   </div>
   <div class='ocr_carea' id='block_1_5' title="bbox 345 657 1921 739">
    <p class='ocr_par' dir='ltr' id='par_1_5' title="bbox 345 657 1921 739">
     <span class='ocr_line' id='line_1_5' title="bbox 345 657 1921 739; baseline -0.01 -14"><span class='ocrx_word' id='word_1_31' title='bbox 345 673 446 725; x_wconf 84' lang='grc' dir='ltr'><strong>οὐκ</strong></span> <span class='ocrx_word' id='word_1_32' title='bbox 495 668 704 739; x_wconf 80' lang='grc' dir='ltr'><strong>ὀφείλει</strong></span> <span class='ocrx_word' id='word_1_33' title='bbox 758 665 1157 737; x_wconf 74' lang='grc' dir='ltr'><strong>παρονσιάζειν</strong></span> <span class='ocrx_word' id='word_1_34' title='bbox 1205 664 1286 725; x_wconf 86' lang='grc' dir='ltr'><strong>είς</strong></span> <span class='ocrx_word' id='word_1_35' title='bbox 1336 666 1434 725; x_wconf 71' lang='grc' dir='ltr'><strong>τὰς</strong></span> <span class='ocrx_word' id='word_1_36' title='bbox 1484 662 1725 731; x_wconf 73' lang='grc' dir='ltr'><strong>ψήφους,</strong></span> <span class='ocrx_word' id='word_1_37' title='bbox 1782 657 1921 711; x_wconf 75' lang='grc' dir='ltr'><strong>ἀλλὰ</strong></span> 
     </span>
    </p>
   </div>
   <div class='ocr_carea' id='block_1_6' title="bbox 349 748 1923 837">
    <p class='ocr_par' dir='ltr' id='par_1_6' title="bbox 349 748 1923 837">
     <span class='ocr_line' id='line_1_6' title="bbox 349 748 1923 837; baseline -0.01 -20"><span class='ocrx_word' id='word_1_38' title='bbox 349 765 503 837; x_wconf 84' lang='grc' dir='ltr'><strong>μόνοι</strong></span> <span class='ocrx_word' id='word_1_39' title='bbox 551 762 602 815; x_wconf 83' lang='lat' dir='ltr'><strong>ot</strong></span> <span class='ocrx_word' id='word_1_40' title='bbox 650 759 964 814; x_wconf 79' lang='grc' dir='ltr'><strong>ἐπίσκοποι.</strong></span> <span class='ocrx_word' id='word_1_41' title='bbox 994 757 1060 810; x_wconf 91' lang='grc' dir='ltr'><strong>Τί</strong></span> <span class='ocrx_word' id='word_1_42' title='bbox 1088 758 1165 822; x_wconf 76' lang='grc' dir='ltr'><strong>δὲ,</strong></span> <span class='ocrx_word' id='word_1_43' title='bbox 1198 757 1296 808; x_wconf 79' lang='grc' dir='ltr'><strong>ἐάν</strong></span> <span class='ocrx_word' id='word_1_44' title='bbox 1349 772 1432 818; x_wconf 88' lang='grc' dir='ltr'><strong>τις</strong></span> <span class='ocrx_word' id='word_1_45' title='bbox 1463 753 1574 807; x_wconf 82' lang='grc' dir='ltr'><strong>τῶν</strong></span> <span class='ocrx_word' id='word_1_46' title='bbox 1603 748 1923 822; x_wconf 76' lang='grc' dir='ltr'><strong>ψηφισαμέ-</strong></span> 
     </span>
    </p>
   </div>
   <div class='ocr_carea' id='block_1_7' title="bbox 344 842 1921 924">
    <p class='ocr_par' dir='ltr' id='par_1_7' title="bbox 344 842 1921 924">
     <span class='ocr_line' id='line_1_7' title="bbox 344 842 1921 924; baseline -0.009 -15"><span class='ocrx_word' id='word_1_47' title='bbox 344 874 452 909; x_wconf 88' lang='grc' dir='ltr'><strong>νων</strong></span> <span class='ocrx_word' id='word_1_48' title='bbox 507 852 807 924; x_wconf 74' lang='grc' dir='ltr'><strong>ἐναντιωθῇ</strong></span> <span class='ocrx_word' id='word_1_49' title='bbox 856 855 922 922; x_wconf 80' lang='grc' dir='ltr'><strong>τῇ</strong></span> <span class='ocrx_word' id='word_1_50' title='bbox 972 850 1151 920; x_wconf 82' lang='grc' dir='ltr'><strong>οίκείᾳ</strong></span> <span class='ocrx_word' id='word_1_51' title='bbox 1201 848 1523 919; x_wconf 76' lang='grc' dir='ltr'><strong>ὑπογραφῇ,</strong></span> <span class='ocrx_word' id='word_1_52' title='bbox 1582 842 1921 898; x_wconf 78' lang='grc' dir='ltr'><strong>ἅπεντεῦθεν</strong></span> 
     </span>
    </p>
   </div>
   <div class='ocr_carea' id='block_1_8' title="bbox 344 933 1920 1014">
    <p class='ocr_par' dir='ltr' id='par_1_8' title="bbox 344 933 1920 1014">
     <span class='ocr_line' id='line_1_8' title="bbox 344 933 1920 1014; baseline -0.01 -13"><span class='ocrx_word' id='word_1_53' title='bbox 344 946 836 1014; x_wconf 65' lang='grc' dir='ltr'><strong>καθαιρεθήσεται,</strong></span> <span class='ocrx_word' id='word_1_54' title='bbox 865 948 900 1013; x_wconf 75' lang='grc' dir='ltr'><strong>ἢ</strong></span> <span class='ocrx_word' id='word_1_55' title='bbox 930 946 1070 1009; x_wconf 82' lang='grc' dir='ltr'><strong>μετὰ</strong></span> <span class='ocrx_word' id='word_1_56' title='bbox 1098 939 1430 1009; x_wconf 71' lang='grc' dir='ltr'><strong>δοκιμασίαν</strong></span> <span class='ocrx_word' id='word_1_57' title='bbox 1474 936 1571 989; x_wconf 73' lang='grc' dir='ltr'><strong>καὶ</strong></span> <span class='ocrx_word' id='word_1_58' title='bbox 1618 933 1920 1004; x_wconf 81' lang='grc' dir='ltr'><strong>ἀποτυχίαν</strong></span> 
     </span>
    </p>
   </div>
   <div class='ocr_carea' id='block_1_9' title="bbox 343 1022 1922 1102">
    <p class='ocr_par' dir='ltr' id='par_1_9' title="bbox 343 1022 1922 1102">
     <span class='ocr_line' id='line_1_9' title="bbox 343 1022 1922 1102; baseline -0.005 -18"><span class='ocrx_word' id='word_1_59' title='bbox 343 1028 419 1089; x_wconf 77' lang='grc' dir='ltr'><strong>ὧν</strong></span> <span class='ocrx_word' id='word_1_60' title='bbox 453 1033 804 1102; x_wconf 85' lang='grc' dir='ltr'><strong>προστίθησιν</strong></span> <span class='ocrx_word' id='word_1_61' title='bbox 830 1047 847 1096; x_wconf 88' lang='lat'><strong>;</strong></span> <span class='ocrx_word' id='word_1_62' title='bbox 879 1030 1092 1095; x_wconf 83' lang='grc' dir='ltr'><strong>Λύσις.</strong></span> <span class='ocrx_word' id='word_1_63' title='bbox 1120 1029 1182 1081; x_wconf 81' lang='grc' dir='ltr'><strong>Εἰ</strong></span> <span class='ocrx_word' id='word_1_64' title='bbox 1212 1027 1310 1097; x_wconf 84' lang='grc' dir='ltr'><strong>μὲν</strong></span> <span class='ocrx_word' id='word_1_65' title='bbox 1358 1023 1669 1096; x_wconf 71' lang='grc' dir='ltr'><strong>ἐκληφθῶσι</strong></span> <span class='ocrx_word' id='word_1_66' title='bbox 1708 1023 1778 1076; x_wconf 82' lang='grc' dir='ltr'><strong>τὰ</strong></span> <span class='ocrx_word' id='word_1_67' title='bbox 1825 1022 1922 1094; x_wconf 76' lang='grc' dir='ltr'><strong>ρή-</strong></span> 
     </span>
    </p>
   </div>
   <div class='ocr_carea' id='block_1_10' title="bbox 348 1115 1921 1195">
    <p class='ocr_par' dir='ltr' id='par_1_10' title="bbox 348 1115 1921 1195">
     <span class='ocr_line' id='line_1_10' title="bbox 348 1115 1921 1195; baseline -0.006 -16"><span class='ocrx_word' id='word_1_68' title='bbox 348 1144 498 1195; x_wconf 87' lang='grc' dir='ltr'><strong>ματα</strong></span> <span class='ocrx_word' id='word_1_69' title='bbox 524 1121 617 1178; x_wconf 77' lang='grc' dir='ltr'><strong>τοῦ</strong></span> <span class='ocrx_word' id='word_1_70' title='bbox 646 1124 874 1187; x_wconf 84' lang='grc' dir='ltr'><strong>κανόνος</strong></span> <span class='ocrx_word' id='word_1_71' title='bbox 903 1125 983 1185; x_wconf 81' lang='grc' dir='ltr'><strong>είς</strong></span> <span class='ocrx_word' id='word_1_72' title='bbox 1014 1122 1076 1174; x_wconf 74' lang='grc' dir='ltr'><strong>τὸ</strong></span> <span class='ocrx_word' id='word_1_73' title='bbox 1121 1121 1510 1189; x_wconf 86' lang='grc' dir='ltr'><strong>ἐπιγινώσκειν</strong></span> <span class='ocrx_word' id='word_1_74' title='bbox 1563 1116 1663 1188; x_wconf 83' lang='grc' dir='ltr'><strong>μὲν</strong></span> <span class='ocrx_word' id='word_1_75' title='bbox 1698 1115 1789 1169; x_wconf 80' lang='grc' dir='ltr'><strong>τὸν</strong></span> <span class='ocrx_word' id='word_1_76' title='bbox 1817 1118 1921 1186; x_wconf 77' lang='grc' dir='ltr'><strong>ψη-</strong></span> 
     </span>
    </p>
   </div>
   <div class='ocr_carea' id='block_1_11' title="bbox 346 1207 1923 1289">
    <p class='ocr_par' dir='ltr' id='par_1_11' title="bbox 346 1207 1923 1289">
     <span class='ocr_line' id='line_1_11' title="bbox 346 1207 1923 1289; baseline -0.006 -17"><span class='ocrx_word' id='word_1_77' title='bbox 346 1219 654 1289; x_wconf 75' lang='grc' dir='ltr'><strong>φισάμενον</strong></span> <span class='ocrx_word' id='word_1_78' title='bbox 687 1219 787 1287; x_wconf 83' lang='grc' dir='ltr'><strong>τὴν</strong></span> <span class='ocrx_word' id='word_1_79' title='bbox 834 1215 1046 1269; x_wconf 74' lang='grc' dir='ltr'><strong>οἰκείαν</strong></span> <span class='ocrx_word' id='word_1_80' title='bbox 1074 1213 1423 1285; x_wconf 79' lang='grc' dir='ltr'><strong>ὑπογραφὴν,</strong></span> <span class='ocrx_word' id='word_1_81' title='bbox 1458 1210 1637 1280; x_wconf 81' lang='grc' dir='ltr'><strong>λέγειν</strong></span> <span class='ocrx_word' id='word_1_82' title='bbox 1677 1207 1733 1263; x_wconf 78' lang='grc' dir='ltr'><strong>δὲ</strong></span> <span class='ocrx_word' id='word_1_83' title='bbox 1784 1208 1923 1279; x_wconf 79' lang='grc' dir='ltr'><strong>μετὰ</strong></span> 
     </span>
    </p>
   </div>
   <div class='ocr_carea' id='block_1_12' title="bbox 342 1302 1923 1378">
    <p class='ocr_par' dir='ltr' id='par_1_12' title="bbox 342 1302 1923 1378">
     <span class='ocr_line' id='line_1_12' title="bbox 342 1302 1923 1378; baseline -0.007 -15"><span class='ocrx_word' id='word_1_84' title='bbox 342 1311 519 1364; x_wconf 79' lang='grc' dir='ltr'><strong>ταῦτα</strong></span> <span class='ocrx_word' id='word_1_85' title='bbox 568 1308 764 1378; x_wconf 72' lang='grc' dir='ltr'><strong>μαθεῖν</strong></span> <span class='ocrx_word' id='word_1_86' title='bbox 794 1307 849 1362; x_wconf 88' lang='grc' dir='ltr'><strong>τί</strong></span> <span class='ocrx_word' id='word_1_87' title='bbox 882 1307 1093 1361; x_wconf 83' lang='grc' dir='ltr'><strong>κωλύον</strong></span> <span class='ocrx_word' id='word_1_88' title='bbox 1124 1306 1217 1359; x_wconf 74' lang='grc' dir='ltr'><strong>τὸν</strong></span> <span class='ocrx_word' id='word_1_89' title='bbox 1268 1303 1612 1375; x_wconf 78' lang='grc' dir='ltr'><strong>ψηφισθέντα</strong></span> <span class='ocrx_word' id='word_1_90' title='bbox 1668 1302 1750 1365; x_wconf 84' lang='grc' dir='ltr'><strong>είς</strong></span> <span class='ocrx_word' id='word_1_91' title='bbox 1799 1303 1923 1353; x_wconf 82' lang='grc' dir='ltr'><strong>ἐπι-</strong></span> 
     </span>
    </p>
   </div>
   <div class='ocr_carea' id='block_1_13' title="bbox 345 1394 1924 1471">
    <p class='ocr_par' dir='ltr' id='par_1_13' title="bbox 345 1394 1924 1471">
     <span class='ocr_line' id='line_1_13' title="bbox 345 1394 1924 1471; baseline -0.006 -16"><span class='ocrx_word' id='word_1_92' title='bbox 345 1402 614 1455; x_wconf 69' lang='grc' dir='ltr'><strong>σκοπικὸν</strong></span> <span class='ocrx_word' id='word_1_93' title='bbox 658 1401 944 1471; x_wconf 82' lang='grc' dir='ltr'><strong>προελθεῖν</strong></span> <span class='ocrx_word' id='word_1_94' title='bbox 974 1398 1214 1468; x_wconf 78' lang='grc' dir='ltr'><strong>ἀξίωμα,</strong></span> <span class='ocrx_word' id='word_1_95' title='bbox 1246 1396 1421 1460; x_wconf 77' lang='grc' dir='ltr'><strong>ἄλλως</strong></span> <span class='ocrx_word' id='word_1_96' title='bbox 1476 1397 1538 1449; x_wconf 85' lang='grc' dir='ltr'><strong>οὐ</strong></span> <span class='ocrx_word' id='word_1_97' title='bbox 1586 1394 1924 1464; x_wconf 82' lang='grc' dir='ltr'><strong>καθαιρεθή-</strong></span> 
     </span>
    </p>
   </div>
   <div class='ocr_carea' id='block_1_14' title="bbox 344 1485 1919 1562">
    <p class='ocr_par' dir='ltr' id='par_1_14' title="bbox 344 1485 1919 1562">
     <span class='ocr_line' id='line_1_14' title="bbox 344 1485 1919 1562; baseline -0.005 -16"><span class='ocrx_word' id='word_1_98' title='bbox 344 1509 523 1556; x_wconf 85' lang='grc' dir='ltr'><strong>σεται,</strong></span> <span class='ocrx_word' id='word_1_99' title='bbox 554 1494 605 1544; x_wconf 88' lang='grc' dir='ltr'><strong>εί</strong></span> <span class='ocrx_word' id='word_1_100' title='bbox 666 1489 744 1562; x_wconf 78' lang='grc' dir='ltr'><strong>μὴ</strong></span> <span class='ocrx_word' id='word_1_101' title='bbox 775 1494 903 1560; x_wconf 75' lang='grc' dir='ltr'><strong>περὶ</strong></span> <span class='ocrx_word' id='word_1_102' title='bbox 953 1490 1051 1552; x_wconf 82' lang='grc' dir='ltr'><strong>τὰς</strong></span> <span class='ocrx_word' id='word_1_103' title='bbox 1100 1486 1405 1552; x_wconf 76' lang='grc' dir='ltr'><strong>ἀποδείξεις</strong></span> <span class='ocrx_word' id='word_1_104' title='bbox 1456 1487 1739 1557; x_wconf 78' lang='grc' dir='ltr'><strong>ἅτονήσει.</strong></span> <span class='ocrx_word' id='word_1_105' title='bbox 1770 1486 1830 1538; x_wconf 77' lang='lat' dir='ltr'><strong>Et</strong></span> <span class='ocrx_word' id='word_1_106' title='bbox 1861 1485 1919 1538; x_wconf 83' lang='grc' dir='ltr'><strong>δὲ</strong></span> 
     </span>
    </p>
   </div>
   <div class='ocr_carea' id='block_1_15' title="bbox 340 1577 1920 1656">
    <p class='ocr_par' dir='ltr' id='par_1_15' title="bbox 340 1577 1920 1656">
     <span class='ocr_line' id='line_1_15' title="bbox 340 1577 1920 1656; baseline -0.006 -17"><span class='ocrx_word' id='word_1_107' title='bbox 340 1584 594 1656; x_wconf 57' lang='grc' dir='ltr'><strong>ἐκληφη</strong></span> <span class='ocrx_word' id='word_1_108' title='bbox 626 1584 661 1654; x_wconf 79' lang='grc' dir='ltr'>ή</span> <span class='ocrx_word' id='word_1_109' title='bbox 692 1582 1010 1644; x_wconf 77' lang='grc' dir='ltr'><strong>ἐναντίωσις</strong></span> <span class='ocrx_word' id='word_1_110' title='bbox 1049 1580 1150 1651; x_wconf 78' lang='grc' dir='ltr'><strong>τῆς</strong></span> <span class='ocrx_word' id='word_1_111' title='bbox 1181 1578 1510 1650; x_wconf 80' lang='grc' dir='ltr'><strong>ὑπογραφῆς</strong></span> <span class='ocrx_word' id='word_1_112' title='bbox 1542 1579 1622 1641; x_wconf 86' lang='grc' dir='ltr'><strong>είς</strong></span> <span class='ocrx_word' id='word_1_113' title='bbox 1668 1577 1920 1647; x_wconf 77' lang='grc' dir='ltr'><strong>ἄρνησιν,</strong></span> 
     </span>
    </p>
   </div>
   <div class='ocr_carea' id='block_1_16' title="bbox 341 1671 1924 1747">
    <p class='ocr_par' dir='ltr' id='par_1_16' title="bbox 341 1671 1924 1747">
     <span class='ocr_line' id='line_1_16' title="bbox 341 1671 1924 1747; baseline -0.004 -17"><span class='ocrx_word' id='word_1_114' title='bbox 341 1678 547 1747; x_wconf 82' lang='grc' dir='ltr'><strong>ταύτης</strong></span> <span class='ocrx_word' id='word_1_115' title='bbox 575 1676 935 1747; x_wconf 78' lang='grc' dir='ltr'><strong>ἐλεγχομένον</strong></span> <span class='ocrx_word' id='word_1_116' title='bbox 962 1673 1056 1727; x_wconf 80' lang='grc' dir='ltr'><strong>τοῦ</strong></span> <span class='ocrx_word' id='word_1_117' title='bbox 1087 1673 1413 1745; x_wconf 73' lang='grc' dir='ltr'><strong>πράγματος</strong></span> <span class='ocrx_word' id='word_1_118' title='bbox 1453 1671 1540 1724; x_wconf 83' lang='grc' dir='ltr'><strong>διὰ</strong></span> <span class='ocrx_word' id='word_1_119' title='bbox 1576 1671 1924 1740; x_wconf 72' lang='grc' dir='ltr'><strong>συγκρίσεως</strong></span> 
     </span>
    </p>
   </div>
   <div class='ocr_carea' id='block_1_17' title="bbox 339 1763 1921 1842">
    <p class='ocr_par' dir='ltr' id='par_1_17' title="bbox 339 1763 1921 1842">
     <span class='ocr_line' id='line_1_17' title="bbox 339 1763 1921 1842; baseline -0.006 -17"><span class='ocrx_word' id='word_1_120' title='bbox 339 1772 455 1839; x_wconf 81' lang='grc' dir='ltr'><strong>τῶν</strong></span> <span class='ocrx_word' id='word_1_121' title='bbox 478 1767 907 1842; x_wconf 75' lang='grc' dir='ltr'><strong>τραμμὰτων,ἢ</strong></span> <span class='ocrx_word' id='word_1_122' title='bbox 954 1768 1131 1831; x_wconf 77' lang='grc' dir='ltr'><strong>ἄλλως</strong></span> <span class='ocrx_word' id='word_1_123' title='bbox 1183 1785 1322 1832; x_wconf 81' lang='grc' dir='ltr'><strong>πως,</strong></span> <span class='ocrx_word' id='word_1_124' title='bbox 1356 1764 1690 1819; x_wconf 85' lang='grc' dir='ltr'><strong>ἀπεντεῦθεν</strong></span> <span class='ocrx_word' id='word_1_125' title='bbox 1724 1763 1921 1817; x_wconf 82' lang='grc' dir='ltr'><strong>καθαι-</strong></span> 
     </span>
    </p>
   </div>
   <div class='ocr_carea' id='block_1_18' title="bbox 341 1855 1920 1934">
    <p class='ocr_par' dir='ltr' id='par_1_18' title="bbox 341 1855 1920 1934">
     <span class='ocr_line' id='line_1_18' title="bbox 341 1855 1920 1934; baseline -0.004 -18"><span class='ocrx_word' id='word_1_126' title='bbox 341 1863 663 1934; x_wconf 75' lang='grc' dir='ltr'><strong>ρεθήσεται.</strong></span> <span class='ocrx_word' id='word_1_127' title='bbox 718 1861 1032 1930; x_wconf 83' lang='grc' dir='ltr'><strong>Σημείωσαι</strong></span> <span class='ocrx_word' id='word_1_128' title='bbox 1090 1858 1184 1911; x_wconf 76' lang='grc' dir='ltr'><strong>οὖν</strong></span> <span class='ocrx_word' id='word_1_129' title='bbox 1250 1859 1343 1910; x_wconf 82' lang='grc' dir='ltr'><strong>τὸν</strong></span> <span class='ocrx_word' id='word_1_130' title='bbox 1414 1856 1660 1927; x_wconf 88' lang='grc' dir='ltr'><strong>παρόντα</strong></span> <span class='ocrx_word' id='word_1_131' title='bbox 1720 1855 1920 1910; x_wconf 81' lang='grc' dir='ltr'><strong>κανόνα</strong></span> 
     </span>
    </p>
   </div>
   <div class='ocr_carea' id='block_1_19' title="bbox 343 1949 1922 2024">
    <p class='ocr_par' dir='ltr' id='par_1_19' title="bbox 343 1949 1922 2024">
     <span class='ocr_line' id='line_1_19' title="bbox 343 1949 1922 2024; baseline -0.003 -17"><span class='ocrx_word' id='word_1_132' title='bbox 343 1957 482 2024; x_wconf 79' lang='grc' dir='ltr'><strong>περὶ</strong></span> <span class='ocrx_word' id='word_1_133' title='bbox 536 1955 822 2023; x_wconf 77' lang='grc' dir='ltr'><strong>ἀρνήσεως</strong></span> <span class='ocrx_word' id='word_1_134' title='bbox 872 1950 1203 2021; x_wconf 74' lang='grc' dir='ltr'><strong>ὑπογραφῆς</strong></span> <span class='ocrx_word' id='word_1_135' title='bbox 1244 1950 1650 2020; x_wconf 84' lang='grc' dir='ltr'><strong>διαλεγόμενον,</strong></span> <span class='ocrx_word' id='word_1_136' title='bbox 1690 1950 1766 2011; x_wconf 86' lang='grc' dir='ltr'><strong>ὡς</strong></span> <span class='ocrx_word' id='word_1_137' title='bbox 1800 1949 1922 2018; x_wconf 76' lang='grc' dir='ltr'><strong>ἐμοὶ</strong></span> 
     </span>
    </p>
   </div>
   <div class='ocr_carea' id='block_1_20' title="bbox 338 2041 1918 2113">
    <p class='ocr_par' dir='ltr' id='par_1_20' title="bbox 338 2041 1918 2113">
     <span class='ocr_line' id='line_1_20' title="bbox 338 2041 1918 2113; baseline -0.002 -13"><span class='ocrx_word' id='word_1_138' title='bbox 338 2048 517 2101; x_wconf 81' lang='grc' dir='ltr'><strong>δοκεῖ.</strong></span> <span class='ocrx_word' id='word_1_139' title='bbox 554 2044 857 2113; x_wconf 77' lang='grc' dir='ltr'><strong>’Δνάγνωθι</strong></span> <span class='ocrx_word' id='word_1_140' title='bbox 909 2044 1007 2096; x_wconf 51' lang='grc' dir='ltr'><strong>καί⁹</strong></span> <span class='ocrx_word' id='word_1_141' title='bbox 1048 2045 1347 2112; x_wconf 83' lang='grc' dir='ltr'><strong>κεφάλαιον</strong></span> <span class='ocrx_word' id='word_1_142' title='bbox 1392 2048 1465 2097; x_wconf 78' lang='lat' dir='ltr'><strong>os’</strong></span> <span class='ocrx_word' id='word_1_143' title='bbox 1509 2043 1603 2097; x_wconf 81' lang='grc' dir='ltr'><strong>τοῦ</strong></span> <span class='ocrx_word' id='word_1_144' title='bbox 1650 2049 1700 2096; x_wconf 86' lang='grc' dir='ltr'><strong>α’</strong></span> <span class='ocrx_word' id='word_1_145' title='bbox 1729 2041 1918 2097; x_wconf 88' lang='grc' dir='ltr'><strong>τίτλον</strong></span> 
     </span>
    </p>
   </div>
   <div class='ocr_carea' id='block_1_21' title="bbox 339 2132 1921 2212">
    <p class='ocr_par' dir='ltr' id='par_1_21' title="bbox 339 2132 1921 2212">
     <span class='ocr_line' id='line_1_21' title="bbox 339 2132 1921 2212; baseline -0.003 -19"><span class='ocrx_word' id='word_1_146' title='bbox 339 2140 442 2193; x_wconf 78' lang='grc' dir='ltr'><strong>τοῦ</strong></span> <span class='ocrx_word' id='word_1_147' title='bbox 492 2137 576 2209; x_wconf 54' lang='lat' dir='ltr'><strong>ac?</strong></span> <span class='ocrx_word' id='word_1_148' title='bbox 638 2137 844 2208; x_wconf 75' lang='grc' dir='ltr'><strong>βιϐλίου</strong></span> <span class='ocrx_word' id='word_1_149' title='bbox 873 2137 1001 2212; x_wconf 71' lang='grc' dir='ltr'><strong>Δτῶν</strong></span> <span class='ocrx_word' id='word_1_150' title='bbox 1044 2136 1371 2200; x_wconf 80' lang='grc' dir='ltr'><strong>Βασιλικῶν,</strong></span> <span class='ocrx_word' id='word_1_151' title='bbox 1405 2139 1499 2189; x_wconf 68' lang='grc' dir='ltr'><strong>καὶ</strong></span> <span class='ocrx_word' id='word_1_152' title='bbox 1528 2152 1652 2204; x_wconf 79' lang='grc' dir='ltr'><strong>κειρ.</strong></span> <span class='ocrx_word' id='word_1_153' title='bbox 1685 2132 1731 2189; x_wconf 88' lang='grc' dir='ltr'><strong>α’</strong></span> <span class='ocrx_word' id='word_1_154' title='bbox 1754 2136 1849 2189; x_wconf 80' lang='grc' dir='ltr'><strong>τοῦ</strong></span> <span class='ocrx_word' id='word_1_155' title='bbox 1873 2141 1921 2205; x_wconf 88' lang='grc' dir='ltr'><strong>γ’</strong></span> 
     </span>
    </p>
   </div>
   <div class='ocr_carea' id='block_1_22' title="bbox 339 2227 1920 2301">
    <p class='ocr_par' dir='ltr' id='par_1_22' title="bbox 339 2227 1920 2301">
     <span class='ocr_line' id='line_1_22' title="bbox 339 2227 1920 2301; baseline -0.002 -17"><span class='ocrx_word' id='word_1_156' title='bbox 339 2232 530 2285; x_wconf 85' lang='grc' dir='ltr'><strong>τίτλον</strong></span> <span class='ocrx_word' id='word_1_157' title='bbox 559 2231 655 2284; x_wconf 85' lang='grc' dir='ltr'><strong>τοῦ</strong></span> <span class='ocrx_word' id='word_1_158' title='bbox 686 2228 852 2299; x_wconf 68' lang='grc' dir='ltr'><strong>αὐτοῦ</strong></span> <span class='ocrx_word' id='word_1_159' title='bbox 884 2229 1115 2301; x_wconf 71' lang='grc' dir='ltr'><strong>βιϐλίον,</strong></span> <span class='ocrx_word' id='word_1_160' title='bbox 1144 2230 1239 2281; x_wconf 77' lang='grc' dir='ltr'><strong>καὶ</strong></span> <span class='ocrx_word' id='word_1_161' title='bbox 1264 2230 1355 2283; x_wconf 80' lang='grc' dir='ltr'><strong>τὸν</strong></span> <span class='ocrx_word' id='word_1_162' title='bbox 1389 2230 1510 2281; x_wconf 83' lang='grc' dir='ltr'><strong>ὅλον</strong></span> <span class='ocrx_word' id='word_1_163' title='bbox 1544 2229 1585 2282; x_wconf 84' lang='grc' dir='ltr'><strong>δ’</strong></span> <span class='ocrx_word' id='word_1_164' title='bbox 1617 2228 1798 2281; x_wconf 89' lang='grc' dir='ltr'><strong>τίτλον</strong></span> <span class='ocrx_word' id='word_1_165' title='bbox 1824 2227 1920 2282; x_wconf 76' lang='grc' dir='ltr'><strong>τοῦ</strong></span> 
     </span>
    </p>
   </div>
   <div class='ocr_carea' id='block_1_23' title="bbox 343 2319 1923 2393">
    <p class='ocr_par' dir='ltr' id='par_1_23' title="bbox 343 2319 1923 2393">
     <span class='ocr_line' id='line_1_23' title="bbox 343 2319 1923 2393; baseline -0.003 -16"><span class='ocrx_word' id='word_1_166' title='bbox 343 2323 516 2391; x_wconf 71' lang='grc' dir='ltr'><strong>αὐτοῦ</strong></span> <span class='ocrx_word' id='word_1_167' title='bbox 550 2322 757 2393; x_wconf 72' lang='grc' dir='ltr'><strong>βιὸλίου</strong></span> <span class='ocrx_word' id='word_1_168' title='bbox 787 2337 801 2351; x_wconf 78' lang='grc'><strong><em>⁸</em></strong></span> <span class='ocrx_word' id='word_1_169' title='bbox 840 2322 1021 2378; x_wconf 76' lang='grc' dir='ltr'><strong>καὶτὸ</strong></span> <span class='ocrx_word' id='word_1_170' title='bbox 1053 2320 1093 2387; x_wconf 80' lang='grc' dir='ltr'><strong>ξ’</strong></span> <span class='ocrx_word' id='word_1_171' title='bbox 1121 2338 1247 2390; x_wconf 82' lang='grc' dir='ltr'><strong>κεφ.</strong></span> <span class='ocrx_word' id='word_1_172' title='bbox 1282 2321 1378 2374; x_wconf 84' lang='grc' dir='ltr'><strong>τοῦ</strong></span> <span class='ocrx_word' id='word_1_173' title='bbox 1411 2320 1459 2374; x_wconf 85' lang='grc' dir='ltr'><strong>α’</strong></span> <span class='ocrx_word' id='word_1_174' title='bbox 1494 2321 1676 2375; x_wconf 86' lang='grc' dir='ltr'><strong>τίτλον</strong></span> <span class='ocrx_word' id='word_1_175' title='bbox 1705 2319 1805 2374; x_wconf 77' lang='grc' dir='ltr'><strong>τοῦ</strong></span> <span class='ocrx_word' id='word_1_176' title='bbox 1837 2320 1923 2390; x_wconf 90' lang='grc' dir='ltr'><strong>κγ’</strong></span> 
     </span>
    </p>
   </div>
   <div class='ocr_carea' id='block_1_24' title="bbox 338 2412 1923 2485">
    <p class='ocr_par' dir='ltr' id='par_1_24' title="bbox 338 2412 1923 2485">
     <span class='ocr_line' id='line_1_24' title="bbox 338 2412 1923 2485; baseline -0.001 -18"><span class='ocrx_word' id='word_1_177' title='bbox 338 2415 580 2485; x_wconf 78' lang='grc' dir='ltr'><strong>βιϐλίου,</strong></span> <span class='ocrx_word' id='word_1_178' title='bbox 612 2416 709 2467; x_wconf 84' lang='grc' dir='ltr'><strong>καὶ</strong></span> <span class='ocrx_word' id='word_1_179' title='bbox 750 2414 930 2485; x_wconf 78' lang='grc' dir='ltr'><strong>μάθῃς</strong></span> <span class='ocrx_word' id='word_1_180' title='bbox 957 2413 1107 2475; x_wconf 81' lang='grc' dir='ltr'><strong>ὅπως</strong></span> <span class='ocrx_word' id='word_1_181' title='bbox 1137 2412 1268 2467; x_wconf 83' lang='grc' dir='ltr'><strong>ποτὲ</strong></span> <span class='ocrx_word' id='word_1_182' title='bbox 1316 2412 1416 2482; x_wconf 77' lang='grc' dir='ltr'><strong>μὲν</strong></span> <span class='ocrx_word' id='word_1_183' title='bbox 1440 2413 1526 2466; x_wconf 83' lang='grc' dir='ltr'><strong>διὰ</strong></span> <span class='ocrx_word' id='word_1_184' title='bbox 1555 2412 1923 2483; x_wconf 77' lang='grc' dir='ltr'><strong>ἀντισυγγρά-</strong></span> 
     </span>
    </p>
   </div>
   <div class='ocr_carea' id='block_1_25' title="bbox 341 2506 1922 2579">
    <p class='ocr_par' dir='ltr' id='par_1_25' title="bbox 341 2506 1922 2579">
     <span class='ocr_line' id='line_1_25' title="bbox 341 2506 1922 2579; baseline -0.001 -18"><span class='ocrx_word' id='word_1_185' title='bbox 341 2527 487 2577; x_wconf 80' lang='grc' dir='ltr'><strong>φων,</strong></span> <span class='ocrx_word' id='word_1_186' title='bbox 521 2511 650 2562; x_wconf 83' lang='grc' dir='ltr'><strong>ποτὲ</strong></span> <span class='ocrx_word' id='word_1_187' title='bbox 680 2508 737 2561; x_wconf 80' lang='grc' dir='ltr'><strong>δὲ</strong></span> <span class='ocrx_word' id='word_1_188' title='bbox 768 2508 855 2561; x_wconf 67' lang='grc' dir='ltr'><strong>διὰ</strong></span> <span class='ocrx_word' id='word_1_189' title='bbox 894 2506 1191 2579; x_wconf 83' lang='grc' dir='ltr'><strong>μαρτύρων</strong></span> <span class='ocrx_word' id='word_1_190' title='bbox 1226 2507 1541 2578; x_wconf 83' lang='grc' dir='ltr'><strong>ὀμννόντων</strong></span> <span class='ocrx_word' id='word_1_191' title='bbox 1585 2507 1868 2579; x_wconf 78' lang='grc' dir='ltr'><strong>ἐλέγχεται</strong></span> <span class='ocrx_word' id='word_1_192' title='bbox 1894 2510 1922 2560; x_wconf 83' lang='grc' dir='ltr'>ὁ</span> 
     </span>
    </p>
   </div>
   <div class='ocr_carea' id='block_1_26' title="bbox 341 2598 1922 2671">
    <p class='ocr_par' dir='ltr' id='par_1_26' title="bbox 341 2598 1922 2671">
     <span class='ocr_line' id='line_1_26' title="bbox 341 2598 1922 2671; baseline -0.003 -15"><span class='ocrx_word' id='word_1_193' title='bbox 341 2602 683 2671; x_wconf 78' lang='grc' dir='ltr'><strong>ἀρνούμενος</strong></span> <span class='ocrx_word' id='word_1_194' title='bbox 729 2598 825 2670; x_wconf 79' lang='grc' dir='ltr'><strong>τὴν</strong></span> <span class='ocrx_word' id='word_1_195' title='bbox 871 2599 1083 2653; x_wconf 86' lang='grc' dir='ltr'><strong>οίκείαν</strong></span> <span class='ocrx_word' id='word_1_196' title='bbox 1133 2599 1484 2670; x_wconf 80' lang='grc' dir='ltr'><strong>ὑπογραφὴν,</strong></span> <span class='ocrx_word' id='word_1_197' title='bbox 1515 2601 1610 2651; x_wconf 78' lang='grc' dir='ltr'><strong>καὶ</strong></span> <span class='ocrx_word' id='word_1_198' title='bbox 1658 2600 1741 2652; x_wconf 84' lang='grc' dir='ltr'><strong>ὅτι</strong></span> <span class='ocrx_word' id='word_1_199' title='bbox 1777 2599 1922 2668; x_wconf 81' lang='grc' dir='ltr'><strong>μετὰ</strong></span> 
     </span>
    </p>
   </div>
   <div class='ocr_carea' id='block_1_27' title="bbox 342 2691 1923 2765">
    <p class='ocr_par' dir='ltr' id='par_1_27' title="bbox 342 2691 1923 2765">
     <span class='ocr_line' id='line_1_27' title="bbox 342 2691 1923 2765; baseline -0.002 -16"><span class='ocrx_word' id='word_1_200' title='bbox 342 2696 573 2763; x_wconf 68' lang='grc' dir='ltr'><strong>ἱλεγχον</strong></span> <span class='ocrx_word' id='word_1_201' title='bbox 594 2695 623 2747; x_wconf 77' lang='grc' dir='ltr'><strong>ό</strong></span> <span class='ocrx_word' id='word_1_202' title='bbox 653 2693 1010 2765; x_wconf 73' lang='grc' dir='ltr'><strong>κατακριθεὶς</strong></span> <span class='ocrx_word' id='word_1_203' title='bbox 1054 2692 1432 2758; x_wconf 70' lang='grc' dir='ltr'><strong>ἀναγκάζεται</strong></span> <span class='ocrx_word' id='word_1_204' title='bbox 1471 2691 1694 2761; x_wconf 84' lang='grc' dir='ltr'><strong>ποιῆσαι</strong></span> <span class='ocrx_word' id='word_1_205' title='bbox 1721 2692 1799 2764; x_wconf 82' lang='grc' dir='ltr'><strong>τῷ</strong></span> <span class='ocrx_word' id='word_1_206' title='bbox 1828 2692 1923 2746; x_wconf 82' lang='grc' dir='ltr'><strong>ἀν-</strong></span> 
     </span>
    </p>
   </div>
   <div class='ocr_carea' id='block_1_28' title="bbox 342 2783 1924 2857">
    <p class='ocr_par' dir='ltr' id='par_1_28' title="bbox 342 2783 1924 2857">
     <span class='ocr_line' id='line_1_28' title="bbox 342 2783 1924 2857; baseline -0.001 -19"><span class='ocrx_word' id='word_1_207' title='bbox 342 2786 537 2855; x_wconf 78' lang='grc' dir='ltr'><strong>τιδίκῳ</strong></span> <span class='ocrx_word' id='word_1_208' title='bbox 573 2784 650 2857; x_wconf 69' lang='grc' dir='ltr'><strong>μὴ</strong></span> <span class='ocrx_word' id='word_1_209' title='bbox 681 2786 840 2854; x_wconf 87' lang='grc' dir='ltr'><strong>μόνον</strong></span> <span class='ocrx_word' id='word_1_210' title='bbox 880 2785 944 2838; x_wconf 82' lang='grc' dir='ltr'><strong>τὸ</strong></span> <span class='ocrx_word' id='word_1_211' title='bbox 983 2784 1169 2837; x_wconf 73' lang='grc' dir='ltr'><strong>ἱκανὸν</strong></span> <span class='ocrx_word' id='word_1_212' title='bbox 1198 2785 1293 2838; x_wconf 82' lang='grc' dir='ltr'><strong>τοῦ</strong></span> <span class='ocrx_word' id='word_1_213' title='bbox 1332 2783 1727 2855; x_wconf 80' lang='grc' dir='ltr'><strong>περιεχομένου</strong></span> <span class='ocrx_word' id='word_1_214' title='bbox 1762 2786 1820 2837; x_wconf 83' lang='grc' dir='ltr'><strong>ἐν</strong></span> <span class='ocrx_word' id='word_1_215' title='bbox 1843 2783 1924 2853; x_wconf 83' lang='grc' dir='ltr'><strong>τῷ</strong></span> 
     </span>
    </p>
   </div>
   <div class='ocr_carea' id='block_1_29' title="bbox 341 2874 1924 2949">
    <p class='ocr_par' dir='ltr' id='par_1_29' title="bbox 341 2874 1924 2949">
     <span class='ocr_line' id='line_1_29' title="bbox 341 2874 1924 2949; baseline -0.003 -16"><span class='ocrx_word' id='word_1_216' title='bbox 341 2879 616 2949; x_wconf 76' lang='grc' dir='ltr'><strong>ἐγγράφῳ</strong></span> <span class='ocrx_word' id='word_1_217' title='bbox 664 2875 857 2943; x_wconf 85' lang='grc' dir='ltr'><strong>ποσοῦ,</strong></span> <span class='ocrx_word' id='word_1_218' title='bbox 887 2875 1023 2931; x_wconf 78' lang='grc' dir='ltr'><strong>ἀλλὰ</strong></span> <span class='ocrx_word' id='word_1_219' title='bbox 1073 2876 1169 2930; x_wconf 78' lang='grc' dir='ltr'><strong>καὶ</strong></span> <span class='ocrx_word' id='word_1_220' title='bbox 1200 2874 1390 2947; x_wconf 72' lang='grc' dir='ltr'><strong>ἕτερον</strong></span> <span class='ocrx_word' id='word_1_221' title='bbox 1439 2876 1717 2930; x_wconf 84' lang='grc' dir='ltr'><strong>τοσοῦτον.</strong></span> <span class='ocrx_word' id='word_1_222' title='bbox 1757 2875 1824 2929; x_wconf 85' lang='grc' dir='ltr'><strong>Ἦ</strong></span> <span class='ocrx_word' id='word_1_223' title='bbox 1864 2875 1924 2928; x_wconf 83' lang='grc' dir='ltr'><strong>δέ</strong></span> 
     </span>
    </p>
   </div>
   <div class='ocr_carea' id='block_1_30' title="bbox 343 2967 1927 3041">
    <p class='ocr_par' dir='ltr' id='par_1_30' title="bbox 343 2967 1927 3041">
     <span class='ocr_line' id='line_1_30' title="bbox 343 2967 1927 3041; baseline -0.003 -16"><span class='ocrx_word' id='word_1_224' title='bbox 343 2968 425 3041; x_wconf 81' lang='grc' dir='ltr'><strong>οβ’</strong></span> <span class='ocrx_word' id='word_1_225' title='bbox 457 2970 649 3037; x_wconf 80' lang='grc' dir='ltr'><strong>Νεαρὰ</strong></span> <span class='ocrx_word' id='word_1_226' title='bbox 674 2968 771 3023; x_wconf 82' lang='grc' dir='ltr'><strong>τοῦ</strong></span> <span class='ocrx_word' id='word_1_227' title='bbox 806 2969 1071 3041; x_wconf 80' lang='grc' dir='ltr'><strong>βασιλέως</strong></span> <span class='ocrx_word' id='word_1_228' title='bbox 1102 2967 1275 3040; x_wconf 82' lang='grc' dir='ltr'><strong>κυροῦ</strong></span> <span class='ocrx_word' id='word_1_229' title='bbox 1306 2969 1536 3032; x_wconf 79' lang='grc' dir='ltr'><strong>Λέοντος</strong></span> <span class='ocrx_word' id='word_1_230' title='bbox 1566 2967 1661 3022; x_wconf 80' lang='grc' dir='ltr'><strong>τοῦ</strong></span> <span class='ocrx_word' id='word_1_231' title='bbox 1705 2967 1927 3021; x_wconf 61' lang='grc' dir='ltr'><strong>Φιλοσό-</strong></span> 
     </span>
    </p>
   </div>
   <div class='ocr_carea' id='block_1_31' title="bbox 348 3059 1924 3135">
    <p class='ocr_par' dir='ltr' id='par_1_31' title="bbox 348 3059 1924 3135">
     <span class='ocr_line' id='line_1_31' title="bbox 348 3059 1924 3135; baseline -0.004 -16"><span class='ocrx_word' id='word_1_232' title='bbox 348 3082 454 3134; x_wconf 78' lang='grc' dir='ltr'><strong>φου</strong></span> <span class='ocrx_word' id='word_1_233' title='bbox 481 3064 782 3135; x_wconf 75' lang='grc' dir='ltr'><strong>διορίζεται</strong></span> <span class='ocrx_word' id='word_1_234' title='bbox 804 3065 918 3119; x_wconf 72' lang='grc' dir='ltr'><strong>πᾶν</strong></span> <span class='ocrx_word' id='word_1_235' title='bbox 946 3064 1247 3133; x_wconf 73' lang='grc' dir='ltr'><strong>ἔγγραφον,</strong></span> <span class='ocrx_word' id='word_1_236' title='bbox 1284 3064 1342 3115; x_wconf 85' lang='grc' dir='ltr'><strong>ἐν</strong></span> <span class='ocrx_word' id='word_1_237' title='bbox 1386 3059 1430 3130; x_wconf 81' lang='grc' dir='ltr'><strong>ᾧ</strong></span> <span class='ocrx_word' id='word_1_238' title='bbox 1462 3064 1871 3133; x_wconf 82' lang='grc' dir='ltr'><strong>ἐπιγέγραπται</strong></span> <span class='ocrx_word' id='word_1_239' title='bbox 1893 3061 1924 3113; x_wconf 84' lang='grc' dir='ltr'><strong>ό</strong></span> 
     </span>
    </p>
   </div>
   <div class='ocr_carea' id='block_1_32' title="bbox 341 3152 1995 3241">
    <p class='ocr_par' dir='ltr' id='par_1_32' title="bbox 341 3152 1995 3241">
     <span class='ocr_line' id='line_1_32' title="bbox 341 3152 1995 3241; baseline -0.002 -27"><span class='ocrx_word' id='word_1_240' title='bbox 341 3160 441 3220; x_wconf 82' lang='grc' dir='ltr'><strong>τοῦ</strong></span> <span class='ocrx_word' id='word_1_241' title='bbox 491 3162 677 3230; x_wconf 78' lang='grc' dir='ltr'><strong>τιμίου</strong></span> <span class='ocrx_word' id='word_1_242' title='bbox 713 3157 810 3212; x_wconf 74' lang='grc' dir='ltr'><strong>καὶ</strong></span> <span class='ocrx_word' id='word_1_243' title='bbox 835 3152 1390 3227; x_wconf 72' lang='grc' dir='ltr'><strong>ζωοποιοΰ²σταυροῦ</strong></span> <span class='ocrx_word' id='word_1_244' title='bbox 1418 3156 1589 3219; x_wconf 87' lang='grc' dir='ltr'><strong>τύπος</strong></span> <span class='ocrx_word' id='word_1_245' title='bbox 1619 3156 1710 3210; x_wconf 79' lang='grc' dir='ltr'><strong>διὰ</strong></span> <span class='ocrx_word' id='word_1_246' title='bbox 1742 3158 1925 3228; x_wconf 81' lang='grc' dir='ltr'><strong>χειρὸς</strong></span> <span class='ocrx_word' id='word_1_247' title='bbox 1949 3182 1995 3241; x_wconf 68' lang='grc' dir='ltr'>ο</span> 
     </span>
    </p>
   </div>
   <div class='ocr_carea' id='block_1_33' title="bbox 348 3247 1927 3321">
    <p class='ocr_par' dir='ltr' id='par_1_33' title="bbox 348 3247 1927 3321">
     <span class='ocr_line' id='line_1_33' title="bbox 348 3247 1927 3321; baseline -0.004 -15"><span class='ocrx_word' id='word_1_248' title='bbox 504 3249 838 3321; x_wconf 76' lang='grc' dir='ltr'><strong>συνθεμένου</strong></span> <span class='ocrx_word' id='word_1_249' title='bbox 888 3250 1045 3319; x_wconf 79' lang='grc' dir='ltr'><strong>αὐτὸ,</strong></span> <span class='ocrx_word' id='word_1_250' title='bbox 1091 3249 1238 3318; x_wconf 75' lang='grc' dir='ltr'><strong>ἔχειν</strong></span> <span class='ocrx_word' id='word_1_251' title='bbox 1278 3247 1343 3302; x_wconf 78' lang='grc' dir='ltr'><strong>τὸ</strong></span> <span class='ocrx_word' id='word_1_252' title='bbox 1387 3248 1610 3320; x_wconf 77' lang='grc' dir='ltr'><strong>ἰσχυρὸν</strong></span> <span class='ocrx_word' id='word_1_253' title='bbox 1650 3248 1746 3301; x_wconf 76' lang='grc' dir='ltr'><strong>καὶ</strong></span> <span class='ocrx_word' id='word_1_254' title='bbox 1789 3249 1927 3318; x_wconf 83' lang='grc' dir='ltr'><strong>ἀμε-</strong></span> 
     </span>
    </p>
   </div>
   <div class='ocr_carea' id='block_1_34' title="bbox 351 3339 1923 3412">
    <p class='ocr_par' dir='ltr' id='par_1_34' title="bbox 351 3339 1923 3412">
     <span class='ocr_line' id='line_1_34' title="bbox 351 3339 1923 3412; baseline -0.001 -17"><span class='ocrx_word' id='word_1_255' title='bbox 351 3343 660 3407; x_wconf 76' lang='grc' dir='ltr'><strong>τάπτωτον,</strong></span> <span class='ocrx_word' id='word_1_256' title='bbox 711 3341 813 3395; x_wconf 74' lang='grc' dir='ltr'><strong>κᾶν</strong></span> <span class='ocrx_word' id='word_1_257' title='bbox 890 3342 991 3394; x_wconf 82' lang='grc' dir='ltr'><strong>οὐκ</strong></span> <span class='ocrx_word' id='word_1_258' title='bbox 1067 3340 1186 3394; x_wconf 81' lang='grc' dir='ltr'><strong>ἐστι</strong></span> <span class='ocrx_word' id='word_1_259' title='bbox 1254 3339 1768 3412; x_wconf 77' lang='grc' dir='ltr'><strong>κατησφαλισμένον</strong></span> <span class='ocrx_word' id='word_1_260' title='bbox 1833 3339 1923 3393; x_wconf 82' lang='grc' dir='ltr'><strong>διὰ</strong></span> 
     </span>
    </p>
   </div>
   <div class='ocr_carea' id='block_1_35' title="bbox 344 3430 1921 3505">
    <p class='ocr_par' dir='ltr' id='par_1_35' title="bbox 344 3430 1921 3505">
     <span class='ocr_line' id='line_1_35' title="bbox 344 3430 1921 3505; baseline 0 -18"><span class='ocrx_word' id='word_1_261' title='bbox 344 3432 677 3505; x_wconf 84' lang='grc' dir='ltr'><strong>προστίμου.</strong></span> <span class='ocrx_word' id='word_1_262' title='bbox 722 3432 834 3485; x_wconf 73' lang='grc' dir='ltr'><strong>Καὶ</strong></span> <span class='ocrx_word' id='word_1_263' title='bbox 887 3430 1164 3500; x_wconf 80' lang='grc' dir='ltr'><strong>ἀνάγνωθι</strong></span> <span class='ocrx_word' id='word_1_264' title='bbox 1220 3433 1322 3502; x_wconf 73' lang='grc' dir='ltr'><strong>τὴν</strong></span> <span class='ocrx_word' id='word_1_265' title='bbox 1374 3433 1633 3501; x_wconf 83' lang='grc' dir='ltr'><strong>τοιαύτην</strong></span> <span class='ocrx_word' id='word_1_266' title='bbox 1680 3431 1921 3502; x_wconf 78' lang='grc' dir='ltr'><strong>Νεαρὰν.</strong></span> 
     </span>
    </p>
   </div>
   <div class='ocr_carea' id='block_1_36' title="bbox 348 3524 1924 3597">
    <p class='ocr_par' dir='ltr' id='par_1_36' title="bbox 348 3524 1924 3597">
     <span class='ocr_line' id='line_1_36' title="bbox 348 3524 1924 3597; baseline 0 -18"><span class='ocrx_word' id='word_1_267' title='bbox 348 3526 462 3579; x_wconf 74' lang='grc' dir='ltr'><strong>Καὶ</strong></span> <span class='ocrx_word' id='word_1_268' title='bbox 489 3524 820 3594; x_wconf 83' lang='grc' dir='ltr'><strong>συναγαγὼν</strong></span> <span class='ocrx_word' id='word_1_269' title='bbox 852 3525 971 3577; x_wconf 76' lang='grc' dir='ltr'><strong>εἰπὲ</strong></span> <span class='ocrx_word' id='word_1_270' title='bbox 1001 3525 1085 3578; x_wconf 83' lang='grc' dir='ltr'><strong>ὄτι</strong></span> <span class='ocrx_word' id='word_1_271' title='bbox 1115 3524 1174 3577; x_wconf 78' lang='grc' dir='ltr'><strong>τὸ</strong></span> <span class='ocrx_word' id='word_1_272' title='bbox 1214 3525 1600 3595; x_wconf 75' lang='grc' dir='ltr'><strong>καθαιρεῖσθαι</strong></span> <span class='ocrx_word' id='word_1_273' title='bbox 1648 3526 1775 3589; x_wconf 81' lang='grc' dir='ltr'><strong>τοὺς</strong></span> <span class='ocrx_word' id='word_1_274' title='bbox 1821 3530 1924 3597; x_wconf 70' lang='grc' dir='ltr'><strong>ἀρε</strong></span> 
     </span>
    </p>
   </div>
   <div class='ocr_carea' id='block_1_37' title="bbox 349 3615 1922 3689">
    <p class='ocr_par' dir='ltr' id='par_1_37' title="bbox 349 3615 1922 3689">
     <span class='ocr_line' id='line_1_37' title="bbox 349 3615 1922 3689; baseline 0 -20"><span class='ocrx_word' id='word_1_275' title='bbox 349 3617 552 3689; x_wconf 68' lang='grc' dir='ltr'><strong>ιιερείς</strong></span> <span class='ocrx_word' id='word_1_276' title='bbox 587 3616 958 3686; x_wconf 77' lang='grc' dir='ltr'><strong>ἀρνουμένους</strong></span> <span class='ocrx_word' id='word_1_277' title='bbox 981 3616 1081 3678; x_wconf 80' lang='grc' dir='ltr'><strong>τὰς</strong></span> <span class='ocrx_word' id='word_1_278' title='bbox 1110 3616 1171 3669; x_wconf 81' lang='grc' dir='ltr'><strong>ἐν</strong></span> <span class='ocrx_word' id='word_1_279' title='bbox 1210 3618 1332 3678; x_wconf 78' lang='grc' dir='ltr'><strong>ταῖς</strong></span> <span class='ocrx_word' id='word_1_280' title='bbox 1358 3616 1560 3684; x_wconf 79' lang='grc' dir='ltr'><strong>ψήφοις</strong></span> <span class='ocrx_word' id='word_1_281' title='bbox 1594 3615 1922 3685; x_wconf 79' lang='grc' dir='ltr'><strong>ὑπογραφὰς</strong></span> 
     </span>
    </p>
   </div>
   <div class='ocr_carea' id='block_1_38' title="bbox 347 3707 1920 3778">
    <p class='ocr_par' dir='ltr' id='par_1_38' title="bbox 347 3707 1920 3778">
     <span class='ocr_line' id='line_1_38' title="bbox 347 3707 1920 3778; baseline -0.002 -14"><span class='ocrx_word' id='word_1_282' title='bbox 347 3711 529 3764; x_wconf 78' lang='grc' dir='ltr'><strong>αὐτῶν</strong></span> <span class='ocrx_word' id='word_1_283' title='bbox 584 3708 753 3763; x_wconf 83' lang='grc' dir='ltr'><strong>ίδικόν</strong></span> <span class='ocrx_word' id='word_1_284' title='bbox 807 3708 928 3762; x_wconf 76' lang='grc' dir='ltr'><strong>ἐστι</strong></span> <span class='ocrx_word' id='word_1_285' title='bbox 977 3708 1075 3764; x_wconf 70' lang='grc' dir='ltr'><strong>καὶ</strong></span> <span class='ocrx_word' id='word_1_286' title='bbox 1129 3707 1336 3777; x_wconf 63' lang='grc' dir='ltr'><strong>ὀρείλει</strong></span> <span class='ocrx_word' id='word_1_287' title='bbox 1364 3712 1590 3778; x_wconf 83' lang='grc' dir='ltr'><strong>κρατεῖν</strong></span> <span class='ocrx_word' id='word_1_288' title='bbox 1633 3711 1715 3773; x_wconf 88' lang='grc' dir='ltr'><strong>είς</strong></span> <span class='ocrx_word' id='word_1_289' title='bbox 1759 3709 1920 3763; x_wconf 80' lang='grc' dir='ltr'><strong>τοῦτο</strong></span> 
     </span>
    </p>
   </div>
   <div class='ocr_carea' id='block_1_39' title="bbox 347 3799 1922 3874">
    <p class='ocr_par' dir='ltr' id='par_1_39' title="bbox 347 3799 1922 3874">
     <span class='ocr_line' id='line_1_39' title="bbox 347 3799 1922 3874; baseline -0.001 -18"><span class='ocrx_word' id='word_1_290' title='bbox 347 3806 443 3857; x_wconf 75' lang='grc' dir='ltr'><strong>καὶ</strong></span> <span class='ocrx_word' id='word_1_291' title='bbox 486 3801 653 3874; x_wconf 82' lang='grc' dir='ltr'><strong>μόνον</strong></span> <span class='ocrx_word' id='word_1_292' title='bbox 691 3801 754 3855; x_wconf 77' lang='grc' dir='ltr'><strong>τὸ</strong></span> <span class='ocrx_word' id='word_1_293' title='bbox 801 3801 1027 3870; x_wconf 84' lang='grc' dir='ltr'><strong>φάκτον.</strong></span> <span class='ocrx_word' id='word_1_294' title='bbox 1078 3799 1209 3854; x_wconf 82' lang='grc' dir='ltr'><strong>Ἐὰν</strong></span> <span class='ocrx_word' id='word_1_295' title='bbox 1253 3803 1365 3871; x_wconf 69' lang='grc' dir='ltr'><strong>γὰρ</strong></span> <span class='ocrx_word' id='word_1_296' title='bbox 1404 3800 1594 3872; x_wconf 70' lang='grc' dir='ltr'><strong>ἕτερον</strong></span> <span class='ocrx_word' id='word_1_297' title='bbox 1640 3800 1922 3872; x_wconf 66' lang='grc' dir='ltr'><strong>ἔγγραφον</strong></span> 
     </span>
    </p>
   </div>
   <div class='ocr_carea' id='block_1_40' title="bbox 345 3891 1922 3965">
    <p class='ocr_par' dir='ltr' id='par_1_40' title="bbox 345 3891 1922 3965">
     <span class='ocr_line' id='line_1_40' title="bbox 345 3891 1922 3965; baseline -0.003 -15"><span class='ocrx_word' id='word_1_298' title='bbox 345 3893 518 3950; x_wconf 77' lang='grc' dir='ltr'><strong>αὐτοῦ</strong></span> <span class='ocrx_word' id='word_1_299' title='bbox 558 3893 869 3965; x_wconf 75' lang='grc' dir='ltr'><strong>ἀρνήσηταί</strong></span> <span class='ocrx_word' id='word_1_300' title='bbox 918 3891 1221 3955; x_wconf 74' lang='grc' dir='ltr'><strong>ἐπίσκοπος</strong></span> <span class='ocrx_word' id='word_1_301' title='bbox 1264 3891 1299 3962; x_wconf 77' lang='grc' dir='ltr'>ἢ</span> <span class='ocrx_word' id='word_1_302' title='bbox 1348 3893 1633 3963; x_wconf 81' lang='grc' dir='ltr'><strong>κληρικὸς,</strong></span> <span class='ocrx_word' id='word_1_303' title='bbox 1674 3892 1749 3956; x_wconf 83' lang='grc' dir='ltr'><strong>ὡς</strong></span> <span class='ocrx_word' id='word_1_304' title='bbox 1798 3894 1922 3963; x_wconf 78' lang='grc' dir='ltr'><strong>ἐμοὶ</strong></span> 
     </span>
    </p>
   </div>
   <div class='ocr_carea' id='block_1_41' title="bbox 347 3985 1966 4067">
    <p class='ocr_par' dir='ltr' id='par_1_41' title="bbox 347 3985 1966 4067">
     <span class='ocr_line' id='line_1_41' title="bbox 347 3985 1966 4067; baseline 0.001 -24"><span class='ocrx_word' id='word_1_305' title='bbox 347 3991 532 4053; x_wconf 71' lang='grc' dir='ltr'><strong>δοκεῖ,</strong></span> <span class='ocrx_word' id='word_1_306' title='bbox 584 3988 649 4040; x_wconf 83' lang='grc' dir='ltr'><strong>οὐ</strong></span> <span class='ocrx_word' id='word_1_307' title='bbox 715 3987 1224 4060; x_wconf 74' lang='grc' dir='ltr'><strong>καθαιρεθήσεται,</strong></span> <span class='ocrx_word' id='word_1_308' title='bbox 1262 3985 1411 4044; x_wconf 82' lang='grc' dir='ltr'><strong>καθά</strong></span> <span class='ocrx_word' id='word_1_309' title='bbox 1460 4004 1606 4052; x_wconf 87' lang='grc' dir='ltr'><strong>τινες</strong></span> <span class='ocrx_word' id='word_1_310' title='bbox 1681 3989 1966 4067; x_wconf 75' lang='grc' dir='ltr'><strong>λέγουσιν,</strong></span> 
     </span>
    </p>
   </div>
   <div class='ocr_carea' id='block_1_42' title="bbox 347 4079 774 4151">
    <p class='ocr_par' dir='ltr' id='par_1_42' title="bbox 347 4079 774 4151">
     <span class='ocr_line' id='line_1_42' title="bbox 347 4079 774 4151; baseline -0.005 -15"><span class='ocrx_word' id='word_1_311' title='bbox 347 4079 774 4151; x_wconf 59' lang='grc' dir='ltr'><strong>κολασθήσεται.</strong></span> 
     </span>
    </p>
   </div>
   <div class='ocr_carea' id='block_1_43' title="bbox 417 4170 1927 4246">
    <p class='ocr_par' dir='ltr' id='par_1_43' title="bbox 417 4170 1927 4246">
     <span class='ocr_line' id='line_1_43' title="bbox 417 4170 1927 4246; baseline 0 -17"><span class='ocrx_word' id='word_1_312' title='bbox 417 4170 672 4229; x_wconf 77' lang='grc' dir='ltr'><strong>ΖΩΝΔΡ.</strong></span> <span class='ocrx_word' id='word_1_313' title='bbox 706 4171 768 4226; x_wconf 89' lang='lat'><strong>&#39;0</strong></span> <span class='ocrx_word' id='word_1_314' title='bbox 796 4173 1059 4242; x_wconf 83' lang='grc' dir='ltr'><strong>τέταρτος</strong></span> <span class='ocrx_word' id='word_1_315' title='bbox 1092 4172 1277 4226; x_wconf 83' lang='grc' dir='ltr'><strong>κανὼν</strong></span> <span class='ocrx_word' id='word_1_316' title='bbox 1300 4172 1399 4242; x_wconf 75' lang='grc' dir='ltr'><strong>τῆς</strong></span> <span class='ocrx_word' id='word_1_317' title='bbox 1431 4172 1724 4246; x_wconf 71' lang='grc' dir='ltr'><strong>ἐνΝικαίᾳ</strong></span> <span class='ocrx_word' id='word_1_318' title='bbox 1776 4174 1927 4246; x_wconf 84' lang='grc' dir='ltr'><strong>πρώ-</strong></span> 
     </span>
    </p>
   </div>
   <div class='ocr_carea' id='block_1_44' title="bbox 348 4248 1929 4337">
    <p class='ocr_par' dir='ltr' id='par_1_44' title="bbox 348 4248 1929 4337">
     <span class='ocr_line' id='line_1_44' title="bbox 348 4248 1929 4337; baseline 0.001 -20"><span class='ocrx_word' id='word_1_319' title='bbox 348 4280 450 4335; x_wconf 83' lang='grc' dir='ltr'><strong>της</strong></span> <span class='ocrx_word' id='word_1_320' title='bbox 498 4264 727 4319; x_wconf 81' lang='grc' dir='ltr'><strong>συνόδου</strong></span> <span class='ocrx_word' id='word_1_321' title='bbox 762 4263 870 4317; x_wconf 79' lang='grc' dir='ltr'><strong>ὑπὸ</strong></span> <span class='ocrx_word' id='word_1_322' title='bbox 919 4264 1138 4318; x_wconf 86' lang='grc' dir='ltr'><strong>πάντων</strong></span> <span class='ocrx_word' id='word_1_323' title='bbox 1172 4262 1283 4316; x_wconf 83' lang='grc' dir='ltr'><strong>τῶν</strong></span> <span class='ocrx_word' id='word_1_324' title='bbox 1311 4248 1370 4317; x_wconf 82' lang='grc' dir='ltr'><strong>ἐν</strong></span> <span class='ocrx_word' id='word_1_325' title='bbox 1405 4267 1471 4334; x_wconf 74' lang='grc' dir='ltr'><strong>τῇ</strong></span> <span class='ocrx_word' id='word_1_326' title='bbox 1521 4266 1761 4337; x_wconf 73' lang='grc' dir='ltr'><strong>ἐπαρχίᾳ</strong></span> <span class='ocrx_word' id='word_1_327' title='bbox 1804 4268 1929 4318; x_wconf 86' lang='grc' dir='ltr'><strong>ἐπι-</strong></span> 
     </span>
    </p>
   </div>
   <div class='ocr_carea' id='block_1_45' title="bbox 330 4350 1925 4430">
    <p class='ocr_par' dir='ltr' id='par_1_45' title="bbox 330 4350 1925 4430">
     <span class='ocr_line' id='line_1_45' title="bbox 330 4350 1925 4430; baseline 0 -18"><span class='ocrx_word' id='word_1_328' title='bbox 330 4356 576 4412; x_wconf 80' lang='grc' dir='ltr'><strong>σκόπων</strong></span> <span class='ocrx_word' id='word_1_329' title='bbox 604 4350 970 4411; x_wconf 77' lang='grc' dir='ltr'><strong>καθίστασθαι</strong></span> <span class='ocrx_word' id='word_1_330' title='bbox 990 4355 1164 4425; x_wconf 75' lang='grc' dir='ltr'><strong>ὁρίζει</strong></span> <span class='ocrx_word' id='word_1_331' title='bbox 1199 4357 1522 4411; x_wconf 85' lang='grc' dir='ltr'><strong>ἐπίσκοπον.</strong></span> <span class='ocrx_word' id='word_1_332' title='bbox 1551 4356 1615 4410; x_wconf 77' lang='lat' dir='ltr'><strong>Et</strong></span> <span class='ocrx_word' id='word_1_333' title='bbox 1645 4359 1703 4411; x_wconf 80' lang='grc' dir='ltr'><strong>δέ</strong></span> <span class='ocrx_word' id='word_1_334' title='bbox 1728 4374 1810 4421; x_wconf 88' lang='grc' dir='ltr'><strong>τις</strong></span> <span class='ocrx_word' id='word_1_335' title='bbox 1839 4359 1925 4430; x_wconf 70' lang='grc' dir='ltr'><strong>εἴη</strong></span> 
     </span>
    </p>
   </div>
   <div class='ocr_carea' id='block_1_46' title="bbox 348 4449 1924 4524">
    <p class='ocr_par' dir='ltr' id='par_1_46' title="bbox 348 4449 1924 4524">
     <span class='ocr_line' id='line_1_46' title="bbox 348 4449 1924 4524; baseline -0.001 -19"><span class='ocrx_word' id='word_1_336' title='bbox 348 4452 665 4524; x_wconf 79' lang='grc' dir='ltr'><strong>δυσχέρεια,</strong></span> <span class='ocrx_word' id='word_1_337' title='bbox 694 4453 845 4520; x_wconf 77' lang='grc' dir='ltr'><strong>τρεῖς</strong></span> <span class='ocrx_word' id='word_1_338' title='bbox 878 4449 1171 4504; x_wconf 75' lang='grc' dir='ltr'><strong>ἐπιτοαντδ</strong></span> <span class='ocrx_word' id='word_1_339' title='bbox 1199 4450 1562 4519; x_wconf 83' lang='grc' dir='ltr'><strong>συνάγεσθαι,</strong></span> <span class='ocrx_word' id='word_1_340' title='bbox 1613 4452 1924 4522; x_wconf 77' lang='grc' dir='ltr'><strong>συμψήφων</strong></span> 
     </span>
    </p>
   </div>
   <div class='ocr_carea' id='block_1_47' title="bbox 2025 565 3591 635">
    <p class='ocr_par' dir='ltr' id='par_1_47' title="bbox 2025 565 3591 635">
     <span class='ocr_line' id='line_1_47' title="bbox 2025 565 3591 635; baseline 0.004 -17"><span class='ocrx_word' id='word_1_341' title='bbox 2025 565 2378 635; x_wconf 85' lang='lat' dir='ltr'><strong>tropolitanus</strong></span> <span class='ocrx_word' id='word_1_342' title='bbox 2409 579 2513 619; x_wconf 88' lang='lat' dir='ltr'><strong>non</strong></span> <span class='ocrx_word' id='word_1_343' title='bbox 2547 566 2708 621; x_wconf 88' lang='lat' dir='ltr'><strong>debet</strong></span> <span class='ocrx_word' id='word_1_344' title='bbox 2747 566 3011 623; x_wconf 75' lang='lat' dir='ltr'><strong>interesse</strong></span> <span class='ocrx_word' id='word_1_345' title='bbox 3058 568 3330 631; x_wconf 88' lang='lat' dir='ltr'><strong>electioni,</strong></span> <span class='ocrx_word' id='word_1_346' title='bbox 3357 570 3450 622; x_wconf 85' lang='lat' dir='ltr'><strong>sed</strong></span> <span class='ocrx_word' id='word_1_347' title='bbox 3487 567 3591 625; x_wconf 87' lang='lat' dir='ltr'><strong>soli</strong></span> 
     </span>
    </p>
   </div>
   <div class='ocr_carea' id='block_1_48' title="bbox 2022 654 3591 732">
    <p class='ocr_par' dir='ltr' id='par_1_48' title="bbox 2022 654 3591 732">
     <span class='ocr_line' id='line_1_48' title="bbox 2022 654 3591 732; baseline 0.004 -23"><span class='ocrx_word' id='word_1_348' title='bbox 2022 656 2278 725; x_wconf 76' lang='lat' dir='ltr'><strong>episcopi.</strong></span> <span class='ocrx_word' id='word_1_349' title='bbox 2311 654 2448 722; x_wconf 83' lang='lat' dir='ltr'><strong>Quid</strong></span> <span class='ocrx_word' id='word_1_350' title='bbox 2484 672 2631 723; x_wconf 86' lang='lat' dir='ltr'><strong>vero,</strong></span> <span class='ocrx_word' id='word_1_351' title='bbox 2684 658 2731 713; x_wconf 87' lang='lat' dir='ltr'><strong>si</strong></span> <span class='ocrx_word' id='word_1_352' title='bbox 2761 658 2885 727; x_wconf 84' lang='lat' dir='ltr'><strong>quis</strong></span> <span class='ocrx_word' id='word_1_353' title='bbox 2938 674 3125 714; x_wconf 90' lang='lat' dir='ltr'><strong>eorum</strong></span> <span class='ocrx_word' id='word_1_354' title='bbox 3155 660 3247 729; x_wconf 86' lang='lat' dir='ltr'><strong>qui</strong></span> <span class='ocrx_word' id='word_1_355' title='bbox 3308 660 3591 732; x_wconf 77' lang='lat' dir='ltr'><strong>elegerunt</strong></span> 
     </span>
    </p>
   </div>
   <div class='ocr_carea' id='block_1_49' title="bbox 2024 747 3593 823">
    <p class='ocr_par' dir='ltr' id='par_1_49' title="bbox 2024 747 3593 823">
     <span class='ocr_line' id='line_1_49' title="bbox 2024 747 3593 823; baseline 0.003 -22"><span class='ocrx_word' id='word_1_356' title='bbox 2024 763 2134 802; x_wconf 67' lang='lat' dir='ltr'><strong>suae</strong></span> <span class='ocrx_word' id='word_1_357' title='bbox 2170 747 2557 818; x_wconf 86' lang='lat' dir='ltr'><strong>subscriptioni</strong></span> <span class='ocrx_word' id='word_1_358' title='bbox 2585 751 2996 815; x_wconf 79' lang='lat' dir='ltr'><strong>contradixerit,</strong></span> <span class='ocrx_word' id='word_1_359' title='bbox 3035 767 3173 806; x_wconf 89' lang='lat' dir='ltr'><strong>eone</strong></span> <span class='ocrx_word' id='word_1_360' title='bbox 3204 752 3320 819; x_wconf 88' lang='lat' dir='ltr'><strong>ipso</strong></span> <span class='ocrx_word' id='word_1_361' title='bbox 3344 752 3593 823; x_wconf 83' lang='lat' dir='ltr'><strong>depone-</strong></span> 
     </span>
    </p>
   </div>
   <div class='ocr_carea' id='block_1_50' title="bbox 2029 840 3597 917">
    <p class='ocr_par' dir='ltr' id='par_1_50' title="bbox 2029 840 3597 917">
     <span class='ocr_line' id='line_1_50' title="bbox 2029 840 3597 917; baseline 0.003 -24"><span class='ocrx_word' id='word_1_362' title='bbox 2029 840 2137 905; x_wconf 88' lang='lat' dir='ltr'><strong>tur,</strong></span> <span class='ocrx_word' id='word_1_363' title='bbox 2172 855 2239 894; x_wconf 89' lang='lat' dir='ltr'><strong>an</strong></span> <span class='ocrx_word' id='word_1_364' title='bbox 2275 850 2395 910; x_wconf 90' lang='lat' dir='ltr'><strong>post</strong></span> <span class='ocrx_word' id='word_1_365' title='bbox 2426 842 2881 897; x_wconf 78' lang='lat' dir='ltr'><strong>examinationem</strong></span> <span class='ocrx_word' id='word_1_366' title='bbox 2915 885 2931 906; x_wconf 91' lang='lat'><strong>,</strong></span> <span class='ocrx_word' id='word_1_367' title='bbox 2965 859 3087 898; x_wconf 84' lang='lat' dir='ltr'><strong>cum</strong></span> <span class='ocrx_word' id='word_1_368' title='bbox 3137 860 3199 899; x_wconf 85' lang='lat' dir='ltr'><strong>ea</strong></span> <span class='ocrx_word' id='word_1_369' title='bbox 3236 861 3355 916; x_wconf 67' lang='lat' dir='ltr'><strong>quae</strong></span> <span class='ocrx_word' id='word_1_370' title='bbox 3399 861 3597 917; x_wconf 79' lang='lat' dir='ltr'><strong>propo-</strong></span> 
     </span>
    </p>
   </div>
   <div class='ocr_carea' id='block_1_51' title="bbox 2026 932 3593 1004">
    <p class='ocr_par' dir='ltr' id='par_1_51' title="bbox 2026 932 3593 1004">
     <span class='ocr_line' id='line_1_51' title="bbox 2026 932 3593 1004; baseline 0.003 -19"><span class='ocrx_word' id='word_1_371' title='bbox 2026 933 2101 985; x_wconf 91' lang='lat' dir='ltr'><strong>nit</strong></span> <span class='ocrx_word' id='word_1_372' title='bbox 2130 933 2360 1002; x_wconf 87' lang='lat' dir='ltr'><strong>probare</strong></span> <span class='ocrx_word' id='word_1_373' title='bbox 2381 949 2491 988; x_wconf 89' lang='lat' dir='ltr'><strong>non</strong></span> <span class='ocrx_word' id='word_1_374' title='bbox 2515 933 2724 1004; x_wconf 85' lang='lat' dir='ltr'><strong>possit?</strong></span> <span class='ocrx_word' id='word_1_375' title='bbox 2755 932 2982 989; x_wconf 87' lang='lat' dir='ltr'><strong>Solutio.</strong></span> <span class='ocrx_word' id='word_1_376' title='bbox 3020 935 3075 989; x_wconf 91' lang='lat' dir='ltr'><strong>Si</strong></span> <span class='ocrx_word' id='word_1_377' title='bbox 3121 936 3351 992; x_wconf 80' lang='lat' dir='ltr'><strong>cananis</strong></span> <span class='ocrx_word' id='word_1_378' title='bbox 3374 938 3593 1004; x_wconf 78' lang='lat' dir='ltr'><strong>quidem</strong></span> 
     </span>
    </p>
   </div>
   <div class='ocr_carea' id='block_1_52' title="bbox 2026 1029 3594 1104">
    <p class='ocr_par' dir='ltr' id='par_1_52' title="bbox 2026 1029 3594 1104">
     <span class='ocr_line' id='line_1_52' title="bbox 2026 1029 3594 1104; baseline 0.004 -23"><span class='ocrx_word' id='word_1_379' title='bbox 2026 1029 2191 1084; x_wconf 87' lang='lat' dir='ltr'><strong>verba</strong></span> <span class='ocrx_word' id='word_1_380' title='bbox 2223 1038 2445 1100; x_wconf 86' lang='lat' dir='ltr'><strong>accepta</strong></span> <span class='ocrx_word' id='word_1_381' title='bbox 2470 1029 2671 1087; x_wconf 82' lang='lat' dir='ltr'><strong>fuerint</strong></span> <span class='ocrx_word' id='word_1_382' title='bbox 2704 1035 2772 1087; x_wconf 90' lang='lat' dir='ltr'><strong>ad</strong></span> <span class='ocrx_word' id='word_1_383' title='bbox 2806 1034 2929 1097; x_wconf 85' lang='lat' dir='ltr'><strong>hoc,</strong></span> <span class='ocrx_word' id='word_1_384' title='bbox 2961 1042 3021 1087; x_wconf 88' lang='lat' dir='ltr'><strong>ut</strong></span> <span class='ocrx_word' id='word_1_385' title='bbox 3051 1033 3097 1087; x_wconf 91' lang='lat' dir='ltr'><strong>is</strong></span> <span class='ocrx_word' id='word_1_386' title='bbox 3136 1035 3226 1103; x_wconf 85' lang='lat' dir='ltr'><strong>qui</strong></span> <span class='ocrx_word' id='word_1_387' title='bbox 3268 1035 3429 1104; x_wconf 79' lang='lat' dir='ltr'><strong>elegit</strong></span> <span class='ocrx_word' id='word_1_388' title='bbox 3466 1049 3594 1104; x_wconf 59' lang='lat' dir='ltr'><strong>pro.</strong></span> 
     </span>
    </p>
   </div>
   <div class='ocr_carea' id='block_1_53' title="bbox 2006 1121 3594 1195">
    <p class='ocr_par' dir='ltr' id='par_1_53' title="bbox 2006 1121 3594 1195">
     <span class='ocr_line' id='line_1_53' title="bbox 2006 1121 3594 1195; baseline 0.004 -21"><span class='ocrx_word' id='word_1_389' title='bbox 2006 1122 2198 1194; x_wconf 23' lang='lat' dir='ltr'><strong>.priarn</strong></span> <span class='ocrx_word' id='word_1_390' title='bbox 2233 1121 2696 1193; x_wconf 74' lang='lat' dir='ltr'><strong>subscriptionem</strong></span> <span class='ocrx_word' id='word_1_391' title='bbox 2721 1126 3169 1194; x_wconf 71' lang='lat' dir='ltr'><strong>agnOScat,dicat</strong></span> <span class='ocrx_word' id='word_1_392' title='bbox 3193 1134 3373 1180; x_wconf 87' lang='lat' dir='ltr'><strong>autem</strong></span> <span class='ocrx_word' id='word_1_393' title='bbox 3407 1136 3594 1195; x_wconf 85' lang='lat' dir='ltr'><strong>postea</strong></span> 
     </span>
    </p>
   </div>
   <div class='ocr_carea' id='block_1_54' title="bbox 2024 1215 3594 1288">
    <p class='ocr_par' dir='ltr' id='par_1_54' title="bbox 2024 1215 3594 1288">
     <span class='ocr_line' id='line_1_54' title="bbox 2024 1215 3594 1288; baseline 0.002 -20"><span class='ocrx_word' id='word_1_394' title='bbox 2024 1230 2082 1268; x_wconf 90' lang='lat' dir='ltr'><strong>se</strong></span> <span class='ocrx_word' id='word_1_395' title='bbox 2117 1215 2397 1285; x_wconf 77' lang='lat' dir='ltr'><strong>accepisse</strong></span> <span class='ocrx_word' id='word_1_396' title='bbox 2452 1215 2679 1284; x_wconf 88' lang='lat' dir='ltr'><strong>aliquid,</strong></span> <span class='ocrx_word' id='word_1_397' title='bbox 2710 1218 2851 1287; x_wconf 88' lang='lat' dir='ltr'><strong>quod</strong></span> <span class='ocrx_word' id='word_1_398' title='bbox 2888 1229 3034 1273; x_wconf 84' lang='lat' dir='ltr'><strong>vetet</strong></span> <span class='ocrx_word' id='word_1_399' title='bbox 3085 1219 3377 1287; x_wconf 79' lang='lat' dir='ltr'><strong>quominus</strong></span> <span class='ocrx_word' id='word_1_400' title='bbox 3403 1218 3469 1282; x_wconf 85' lang='lat' dir='ltr'><strong>is,</strong></span> <span class='ocrx_word' id='word_1_401' title='bbox 3501 1218 3594 1288; x_wconf 90' lang='lat' dir='ltr'><strong>qui</strong></span> 
     </span>
    </p>
   </div>
   <div class='ocr_carea' id='block_1_55' title="bbox 2025 1306 3595 1381">
    <p class='ocr_par' dir='ltr' id='par_1_55' title="bbox 2025 1306 3595 1381">
     <span class='ocr_line' id='line_1_55' title="bbox 2025 1306 3595 1381; baseline 0.003 -20"><span class='ocrx_word' id='word_1_402' title='bbox 2025 1306 2228 1363; x_wconf 88' lang='lat' dir='ltr'><strong>electus</strong></span> <span class='ocrx_word' id='word_1_403' title='bbox 2249 1320 2355 1373; x_wconf 89' lang='lat' dir='ltr'><strong>est,</strong></span> <span class='ocrx_word' id='word_1_404' title='bbox 2385 1310 2451 1363; x_wconf 88' lang='lat' dir='ltr'><strong>ad</strong></span> <span class='ocrx_word' id='word_1_405' title='bbox 2504 1310 2820 1380; x_wconf 82' lang='lat' dir='ltr'><strong>dignitatem</strong></span> <span class='ocrx_word' id='word_1_406' title='bbox 2869 1312 3225 1381; x_wconf 75' lang='lat' dir='ltr'><strong>episcopalem</strong></span> <span class='ocrx_word' id='word_1_407' title='bbox 3269 1312 3595 1381; x_wconf 71' lang='lat' dir='ltr'><strong>provehatur</strong></span> 
     </span>
    </p>
   </div>
   <div class='ocr_carea' id='block_1_56' title="bbox 2026 1402 3598 1475">
    <p class='ocr_par' dir='ltr' id='par_1_56' title="bbox 2026 1402 3598 1475">
     <span class='ocr_line' id='line_1_56' title="bbox 2026 1402 3598 1475; baseline 0.003 -20"><span class='ocrx_word' id='word_1_408' title='bbox 2026 1416 2134 1457; x_wconf 89' lang='lat' dir='ltr'><strong>non</strong></span> <span class='ocrx_word' id='word_1_409' title='bbox 2161 1402 2295 1455; x_wconf 85' lang='lat' dir='ltr'><strong>alias</strong></span> <span class='ocrx_word' id='word_1_410' title='bbox 2330 1403 2648 1471; x_wconf 85' lang='lat' dir='ltr'><strong>deponetur,</strong></span> <span class='ocrx_word' id='word_1_411' title='bbox 2681 1419 2843 1474; x_wconf 85' lang='lat' dir='ltr'><strong>quam</strong></span> <span class='ocrx_word' id='word_1_412' title='bbox 2871 1404 2916 1460; x_wconf 89' lang='lat' dir='ltr'><strong>si</strong></span> <span class='ocrx_word' id='word_1_413' title='bbox 2974 1406 3026 1459; x_wconf 91' lang='lat' dir='ltr'><strong>in</strong></span> <span class='ocrx_word' id='word_1_414' title='bbox 3058 1404 3467 1475; x_wconf 75' lang='lat' dir='ltr'><strong>probationibus</strong></span> <span class='ocrx_word' id='word_1_415' title='bbox 3503 1405 3598 1459; x_wconf 80' lang='lat' dir='ltr'><strong>de-</strong></span> 
     </span>
    </p>
   </div>
   <div class='ocr_carea' id='block_1_57' title="bbox 2023 1492 3597 1569">
    <p class='ocr_par' dir='ltr' id='par_1_57' title="bbox 2023 1492 3597 1569">
     <span class='ocr_line' id='line_1_57' title="bbox 2023 1492 3597 1569; baseline 0.001 -19"><span class='ocrx_word' id='word_1_416' title='bbox 2023 1492 2235 1550; x_wconf 79' lang='lat' dir='ltr'><strong>fecerit.</strong></span> <span class='ocrx_word' id='word_1_417' title='bbox 2265 1493 2370 1547; x_wconf 85' lang='lat' dir='ltr'><strong>Sed</strong></span> <span class='ocrx_word' id='word_1_418' title='bbox 2405 1493 2450 1547; x_wconf 89' lang='lat' dir='ltr'><strong>si</strong></span> <span class='ocrx_word' id='word_1_419' title='bbox 2479 1494 2899 1565; x_wconf 77' lang='lat' dir='ltr'><strong>subscriptionis</strong></span> <span class='ocrx_word' id='word_1_420' title='bbox 2948 1494 3307 1551; x_wconf 84' lang='lat' dir='ltr'><strong>contradictio</strong></span> <span class='ocrx_word' id='word_1_421' title='bbox 3347 1511 3444 1565; x_wconf 89' lang='lat' dir='ltr'><strong>pro</strong></span> <span class='ocrx_word' id='word_1_422' title='bbox 3470 1495 3597 1569; x_wconf 83' lang='lat' dir='ltr'><strong>ejus</strong></span> 
     </span>
    </p>
   </div>
   <div class='ocr_carea' id='block_1_58' title="bbox 2027 1578 3593 1654">
    <p class='ocr_par' dir='ltr' id='par_1_58' title="bbox 2027 1578 3593 1654">
     <span class='ocr_line' id='line_1_58' title="bbox 2027 1578 3593 1654; baseline 0.002 -18"><span class='ocrx_word' id='word_1_423' title='bbox 2027 1584 2312 1651; x_wconf 80' lang='lat' dir='ltr'><strong>negatione</strong></span> <span class='ocrx_word' id='word_1_424' title='bbox 2342 1583 2565 1653; x_wconf 79' lang='lat' dir='ltr'><strong>accepta</strong></span> <span class='ocrx_word' id='word_1_425' title='bbox 2586 1578 2778 1649; x_wconf 76' lang='lat' dir='ltr'><strong>fuerit,</strong></span> <span class='ocrx_word' id='word_1_426' title='bbox 2809 1598 2870 1640; x_wconf 84' lang='lat' dir='ltr'><strong>re</strong></span> <span class='ocrx_word' id='word_1_427' title='bbox 2907 1599 3004 1653; x_wconf 87' lang='lat' dir='ltr'><strong>per</strong></span> <span class='ocrx_word' id='word_1_428' title='bbox 3054 1585 3359 1639; x_wconf 87' lang='lat' dir='ltr'><strong>litterarum</strong></span> <span class='ocrx_word' id='word_1_429' title='bbox 3392 1586 3593 1654; x_wconf 79' lang='lat' dir='ltr'><strong>proba-</strong></span> 
     </span>
    </p>
   </div>
   <div class='ocr_carea' id='block_1_59' title="bbox 2025 1672 3595 1745">
    <p class='ocr_par' dir='ltr' id='par_1_59' title="bbox 2025 1672 3595 1745">
     <span class='ocr_line' id='line_1_59' title="bbox 2025 1672 3595 1745; baseline 0.004 -21"><span class='ocrx_word' id='word_1_430' title='bbox 2025 1672 2252 1739; x_wconf 83' lang='lat' dir='ltr'><strong>tionem,</strong></span> <span class='ocrx_word' id='word_1_431' title='bbox 2310 1675 2392 1729; x_wconf 82' lang='lat' dir='ltr'><strong>vel</strong></span> <span class='ocrx_word' id='word_1_432' title='bbox 2447 1676 2631 1744; x_wconf 85' lang='lat' dir='ltr'><strong>aliquo</strong></span> <span class='ocrx_word' id='word_1_433' title='bbox 2679 1675 2789 1730; x_wconf 87' lang='lat' dir='ltr'><strong>alio</strong></span> <span class='ocrx_word' id='word_1_434' title='bbox 2847 1676 3005 1731; x_wconf 88' lang='lat' dir='ltr'><strong>modo</strong></span> <span class='ocrx_word' id='word_1_435' title='bbox 3051 1676 3331 1739; x_wconf 81' lang='lat' dir='ltr'><strong>convicta,</strong></span> <span class='ocrx_word' id='word_1_436' title='bbox 3376 1692 3442 1731; x_wconf 90' lang='lat' dir='ltr'><strong>eo</strong></span> <span class='ocrx_word' id='word_1_437' title='bbox 3478 1677 3595 1745; x_wconf 88' lang='lat' dir='ltr'><strong>ipso</strong></span> 
     </span>
    </p>
   </div>
   <div class='ocr_carea' id='block_1_60' title="bbox 2029 1765 3597 1839">
    <p class='ocr_par' dir='ltr' id='par_1_60' title="bbox 2029 1765 3597 1839">
     <span class='ocr_line' id='line_1_60' title="bbox 2029 1765 3597 1839; baseline 0.003 -20"><span class='ocrx_word' id='word_1_438' title='bbox 2029 1769 2353 1837; x_wconf 82' lang='lat' dir='ltr'><strong>deponetur.</strong></span> <span class='ocrx_word' id='word_1_439' title='bbox 2384 1765 2520 1821; x_wconf 78' lang='lat' dir='ltr'><strong>Nota</strong></span> <span class='ocrx_word' id='word_1_440' title='bbox 2552 1782 2680 1835; x_wconf 75' lang='lat' dir='ltr'><strong>ergo</strong></span> <span class='ocrx_word' id='word_1_441' title='bbox 2723 1780 3047 1837; x_wconf 63' lang='lat' dir='ltr'><strong>prasentem</strong></span> <span class='ocrx_word' id='word_1_442' title='bbox 3090 1782 3375 1832; x_wconf 81' lang='lat' dir='ltr'><strong>canonem,</strong></span> <span class='ocrx_word' id='word_1_443' title='bbox 3409 1770 3499 1839; x_wconf 87' lang='lat' dir='ltr'><strong>qui</strong></span> <span class='ocrx_word' id='word_1_444' title='bbox 3528 1771 3597 1824; x_wconf 84' lang='lat' dir='ltr'><strong>de</strong></span> 
     </span>
    </p>
   </div>
   <div class='ocr_carea' id='block_1_61' title="bbox 2026 1857 3597 1932">
    <p class='ocr_par' dir='ltr' id='par_1_61' title="bbox 2026 1857 3597 1932">
     <span class='ocr_line' id='line_1_61' title="bbox 2026 1857 3597 1932; baseline 0.002 -20"><span class='ocrx_word' id='word_1_445' title='bbox 2026 1857 2448 1927; x_wconf 84' lang='lat' dir='ltr'><strong>subscriptionis</strong></span> <span class='ocrx_word' id='word_1_446' title='bbox 2476 1858 2807 1913; x_wconf 76' lang='lat' dir='ltr'><strong>inﬁciatione</strong></span> <span class='ocrx_word' id='word_1_447' title='bbox 2832 1857 3095 1929; x_wconf 82' lang='lat' dir='ltr'><strong>loquitur,</strong></span> <span class='ocrx_word' id='word_1_448' title='bbox 3129 1871 3186 1913; x_wconf 89' lang='lat' dir='ltr'><strong>ut</strong></span> <span class='ocrx_word' id='word_1_449' title='bbox 3217 1860 3348 1915; x_wconf 80' lang='lat' dir='ltr'><strong>milii</strong></span> <span class='ocrx_word' id='word_1_450' title='bbox 3376 1863 3597 1932; x_wconf 83' lang='lat' dir='ltr'><strong>quidem</strong></span> 
     </span>
    </p>
   </div>
   <div class='ocr_carea' id='block_1_62' title="bbox 2026 1948 3596 2022">
    <p class='ocr_par' dir='ltr' id='par_1_62' title="bbox 2026 1948 3596 2022">
     <span class='ocr_line' id='line_1_62' title="bbox 2026 1948 3596 2022; baseline 0.002 -19"><span class='ocrx_word' id='word_1_451' title='bbox 2026 1950 2260 2005; x_wconf 87' lang='lat' dir='ltr'><strong>videtur.</strong></span> <span class='ocrx_word' id='word_1_452' title='bbox 2318 1948 2462 2022; x_wconf 72' lang='lat' dir='ltr'><strong>Lege</strong></span> <span class='ocrx_word' id='word_1_453' title='bbox 2496 1961 2551 2005; x_wconf 85' lang='lat' dir='ltr'><strong>et</strong></span> <span class='ocrx_word' id='word_1_454' title='bbox 2608 1948 2767 2019; x_wconf 83' lang='lat' dir='ltr'><strong>caput</strong></span> <span class='ocrx_word' id='word_1_455' title='bbox 2818 1950 2906 2018; x_wconf 79' lang='lat'><strong>75,</strong></span> <span class='ocrx_word' id='word_1_456' title='bbox 2951 1952 3107 2021; x_wconf 88' lang='lat' dir='ltr'><strong>primi</strong></span> <span class='ocrx_word' id='word_1_457' title='bbox 3143 1953 3303 2018; x_wconf 84' lang='lat' dir='ltr'><strong>tituli,</strong></span> <span class='ocrx_word' id='word_1_458' title='bbox 3344 1952 3439 2008; x_wconf 83' lang='lat' dir='ltr'><strong>lib.</strong></span> <span class='ocrx_word' id='word_1_459' title='bbox 3480 1966 3596 2007; x_wconf 77' lang='lat' dir='ltr'><strong>nit</strong></span> 
     </span>
    </p>
   </div>
   <div class='ocr_carea' id='block_1_63' title="bbox 2025 2039 3595 2112">
    <p class='ocr_par' dir='ltr' id='par_1_63' title="bbox 2025 2039 3595 2112">
     <span class='ocr_line' id='line_1_63' title="bbox 2025 2039 3595 2112; baseline 0.003 -17"><span class='ocrx_word' id='word_1_460' title='bbox 2025 2039 2275 2109; x_wconf 82' lang='lat' dir='ltr'><strong>Basilic.,</strong></span> <span class='ocrx_word' id='word_1_461' title='bbox 2302 2052 2354 2096; x_wconf 88' lang='lat' dir='ltr'><strong>et</strong></span> <span class='ocrx_word' id='word_1_462' title='bbox 2405 2057 2527 2112; x_wconf 87' lang='lat' dir='ltr'><strong>cap.</strong></span> <span class='ocrx_word' id='word_1_463' title='bbox 2584 2043 2633 2097; x_wconf 77' lang='lat' dir='ltr'><strong>l.</strong></span> <span class='ocrx_word' id='word_1_464' title='bbox 2665 2039 2745 2097; x_wconf 83' lang='lat' dir='ltr'><strong>tit.</strong></span> <span class='ocrx_word' id='word_1_465' title='bbox 2777 2044 2833 2098; x_wconf 83' lang='lat'><strong>3.</strong></span> <span class='ocrx_word' id='word_1_466' title='bbox 2879 2045 3120 2111; x_wconf 79' lang='lat' dir='ltr'><strong>ejusdem</strong></span> <span class='ocrx_word' id='word_1_467' title='bbox 3151 2045 3292 2111; x_wconf 85' lang='lat' dir='ltr'><strong>libri,</strong></span> <span class='ocrx_word' id='word_1_468' title='bbox 3341 2054 3395 2099; x_wconf 88' lang='lat' dir='ltr'><strong>et</strong></span> <span class='ocrx_word' id='word_1_469' title='bbox 3423 2054 3595 2099; x_wconf 86' lang='lat' dir='ltr'><strong>totum</strong></span> 
     </span>
    </p>
   </div>
   <div class='ocr_carea' id='block_1_64' title="bbox 2022 2133 3594 2206">
    <p class='ocr_par' dir='ltr' id='par_1_64' title="bbox 2022 2133 3594 2206">
     <span class='ocr_line' id='line_1_64' title="bbox 2022 2133 3594 2206; baseline 0.001 -17"><span class='ocrx_word' id='word_1_470' title='bbox 2022 2136 2107 2189; x_wconf 89' lang='lat' dir='ltr'><strong>tit.</strong></span> <span class='ocrx_word' id='word_1_471' title='bbox 2140 2133 2173 2188; x_wconf 77' lang='grc'><strong>4</strong></span> <span class='ocrx_word' id='word_1_472' title='bbox 2211 2134 2452 2201; x_wconf 78' lang='lat' dir='ltr'><strong>ejusdem</strong></span> <span class='ocrx_word' id='word_1_473' title='bbox 2488 2135 2633 2199; x_wconf 88' lang='lat' dir='ltr'><strong>libri,</strong></span> <span class='ocrx_word' id='word_1_474' title='bbox 2677 2146 2736 2190; x_wconf 90' lang='lat' dir='ltr'><strong>et</strong></span> <span class='ocrx_word' id='word_1_475' title='bbox 2759 2150 2881 2206; x_wconf 84' lang='lat' dir='ltr'><strong>cap.</strong></span> <span class='ocrx_word' id='word_1_476' title='bbox 2908 2134 2978 2190; x_wconf 83' lang='lat'><strong>60</strong></span> <span class='ocrx_word' id='word_1_477' title='bbox 3009 2136 3147 2190; x_wconf 81' lang='lat' dir='ltr'><strong>tituli</strong></span> <span class='ocrx_word' id='word_1_478' title='bbox 3181 2137 3232 2191; x_wconf 81' lang='lat' dir='ltr'><strong>l.</strong></span> <span class='ocrx_word' id='word_1_479' title='bbox 3275 2135 3396 2190; x_wconf 86' lang='lat' dir='ltr'><strong>libri</strong></span> <span class='ocrx_word' id='word_1_480' title='bbox 3439 2152 3594 2200; x_wconf 67' lang='lat' dir='ltr'><strong>siml,</strong></span> 
     </span>
    </p>
   </div>
   <div class='ocr_carea' id='block_1_65' title="bbox 2023 2227 3595 2297">
    <p class='ocr_par' dir='ltr' id='par_1_65' title="bbox 2023 2227 3595 2297">
     <span class='ocr_line' id='line_1_65' title="bbox 2023 2227 3595 2297; baseline 0 -15"><span class='ocrx_word' id='word_1_481' title='bbox 2023 2238 2078 2282; x_wconf 89' lang='lat' dir='ltr'><strong>et</strong></span> <span class='ocrx_word' id='word_1_482' title='bbox 2109 2228 2258 2281; x_wconf 84' lang='lat' dir='ltr'><strong>dices</strong></span> <span class='ocrx_word' id='word_1_483' title='bbox 2287 2230 2577 2296; x_wconf 87' lang='lat' dir='ltr'><strong>quomodo,</strong></span> <span class='ocrx_word' id='word_1_484' title='bbox 2610 2227 2902 2296; x_wconf 70' lang='lat' dir='ltr'><strong>aliquando</strong></span> <span class='ocrx_word' id='word_1_485' title='bbox 2924 2228 3137 2297; x_wconf 86' lang='lat' dir='ltr'><strong>quidem</strong></span> <span class='ocrx_word' id='word_1_486' title='bbox 3166 2243 3261 2297; x_wconf 83' lang='lat' dir='ltr'><strong>per</strong></span> <span class='ocrx_word' id='word_1_487' title='bbox 3290 2228 3595 2283; x_wconf 83' lang='lat' dir='ltr'><strong>litterarum</strong></span> 
     </span>
    </p>
   </div>
   <div class='ocr_carea' id='block_1_66' title="bbox 2028 2319 3591 2390">
    <p class='ocr_par' dir='ltr' id='par_1_66' title="bbox 2028 2319 3591 2390">
     <span class='ocr_line' id='line_1_66' title="bbox 2028 2319 3591 2390; baseline -0.001 -16"><span class='ocrx_word' id='word_1_488' title='bbox 2028 2319 2396 2385; x_wconf 79' lang='lat' dir='ltr'><strong>collationem,</strong></span> <span class='ocrx_word' id='word_1_489' title='bbox 2421 2319 2714 2388; x_wconf 80' lang='lat' dir='ltr'><strong>aliquando</strong></span> <span class='ocrx_word' id='word_1_490' title='bbox 2748 2329 2929 2377; x_wconf 85' lang='lat' dir='ltr'><strong>autem</strong></span> <span class='ocrx_word' id='word_1_491' title='bbox 2983 2336 3082 2390; x_wconf 85' lang='lat' dir='ltr'><strong>per</strong></span> <span class='ocrx_word' id='word_1_492' title='bbox 3107 2327 3275 2374; x_wconf 87' lang='lat' dir='ltr'><strong>testes</strong></span> <span class='ocrx_word' id='word_1_493' title='bbox 3321 2320 3591 2388; x_wconf 78' lang='lat' dir='ltr'><strong>iurantes,</strong></span> 
     </span>
    </p>
   </div>
   <div class='ocr_carea' id='block_1_67' title="bbox 2025 2410 3590 2481">
    <p class='ocr_par' dir='ltr' id='par_1_67' title="bbox 2025 2410 3590 2481">
     <span class='ocr_line' id='line_1_67' title="bbox 2025 2410 3590 2481; baseline -0.001 -15"><span class='ocrx_word' id='word_1_494' title='bbox 2025 2411 2371 2466; x_wconf 81' lang='lat' dir='ltr'><strong>convincitur</strong></span> <span class='ocrx_word' id='word_1_495' title='bbox 2396 2411 2447 2465; x_wconf 82' lang='lat' dir='ltr'><strong>is</strong></span> <span class='ocrx_word' id='word_1_496' title='bbox 2467 2412 2557 2481; x_wconf 86' lang='lat' dir='ltr'><strong>qui</strong></span> <span class='ocrx_word' id='word_1_497' title='bbox 2592 2422 2752 2480; x_wconf 73' lang='lat' dir='ltr'><strong>negat</strong></span> <span class='ocrx_word' id='word_1_498' title='bbox 2779 2413 3051 2481; x_wconf 83' lang='lat' dir='ltr'><strong>prOpriam</strong></span> <span class='ocrx_word' id='word_1_499' title='bbox 3078 2410 3537 2480; x_wconf 81' lang='lat' dir='ltr'><strong>subscriptiOuem</strong></span> <span class='ocrx_word' id='word_1_500' title='bbox 3576 2428 3590 2464; x_wconf 89' lang='lat'><strong>:</strong></span> 
     </span>
    </p>
   </div>
   <div class='ocr_carea' id='block_1_68' title="bbox 2025 2504 3594 2574">
    <p class='ocr_par' dir='ltr' id='par_1_68' title="bbox 2025 2504 3594 2574">
     <span class='ocr_line' id='line_1_68' title="bbox 2025 2504 3594 2574; baseline -0.002 -17"><span class='ocrx_word' id='word_1_501' title='bbox 2025 2513 2079 2557; x_wconf 90' lang='lat' dir='ltr'><strong>et</strong></span> <span class='ocrx_word' id='word_1_502' title='bbox 2105 2504 2246 2570; x_wconf 88' lang='lat' dir='ltr'><strong>quod</strong></span> <span class='ocrx_word' id='word_1_503' title='bbox 2271 2515 2387 2570; x_wconf 85' lang='lat' dir='ltr'><strong>post</strong></span> <span class='ocrx_word' id='word_1_504' title='bbox 2411 2505 2805 2572; x_wconf 79' lang='lat' dir='ltr'><strong>probationem,</strong></span> <span class='ocrx_word' id='word_1_505' title='bbox 2825 2504 2913 2573; x_wconf 91' lang='lat' dir='ltr'><strong>qui</strong></span> <span class='ocrx_word' id='word_1_506' title='bbox 2932 2505 3211 2558; x_wconf 80' lang='lat' dir='ltr'><strong>convictus</strong></span> <span class='ocrx_word' id='word_1_507' title='bbox 3230 2509 3335 2566; x_wconf 85' lang='lat' dir='ltr'><strong>est,</strong></span> <span class='ocrx_word' id='word_1_508' title='bbox 3361 2504 3594 2574; x_wconf 71' lang='lat' dir='ltr'><strong>cogitur,</strong></span> 
     </span>
    </p>
   </div>
   <div class='ocr_carea' id='block_1_69' title="bbox 2029 2596 3598 2666">
    <p class='ocr_par' dir='ltr' id='par_1_69' title="bbox 2029 2596 3598 2666">
     <span class='ocr_line' id='line_1_69' title="bbox 2029 2596 3598 2666; baseline 0 -15"><span class='ocrx_word' id='word_1_509' title='bbox 2029 2613 2131 2652; x_wconf 90' lang='lat' dir='ltr'><strong>non</strong></span> <span class='ocrx_word' id='word_1_510' title='bbox 2164 2596 2339 2651; x_wconf 85' lang='lat' dir='ltr'><strong>solum</strong></span> <span class='ocrx_word' id='word_1_511' title='bbox 2370 2599 2682 2654; x_wconf 76' lang='lat' dir='ltr'><strong>satisfacere</strong></span> <span class='ocrx_word' id='word_1_512' title='bbox 2708 2596 3023 2651; x_wconf 79' lang='lat' dir='ltr'><strong>adversario</strong></span> <span class='ocrx_word' id='word_1_513' title='bbox 3046 2597 3111 2654; x_wconf 88' lang='lat' dir='ltr'><strong>de</strong></span> <span class='ocrx_word' id='word_1_514' title='bbox 3145 2599 3444 2666; x_wconf 84' lang='lat' dir='ltr'><strong>quantitate</strong></span> <span class='ocrx_word' id='word_1_515' title='bbox 3476 2611 3598 2665; x_wconf 73' lang='lat' dir='ltr'><strong>qua:</strong></span> 
     </span>
    </p>
   </div>
   <div class='ocr_carea' id='block_1_70' title="bbox 2026 2689 3597 2759">
    <p class='ocr_par' dir='ltr' id='par_1_70' title="bbox 2026 2689 3597 2759">
     <span class='ocr_line' id='line_1_70' title="bbox 2026 2689 3597 2759; baseline -0.002 -15"><span class='ocrx_word' id='word_1_516' title='bbox 2026 2690 2082 2745; x_wconf 90' lang='lat' dir='ltr'><strong>in</strong></span> <span class='ocrx_word' id='word_1_517' title='bbox 2139 2690 2356 2759; x_wconf 86' lang='lat' dir='ltr'><strong>scriptis</strong></span> <span class='ocrx_word' id='word_1_518' title='bbox 2411 2690 2740 2753; x_wconf 84' lang='lat' dir='ltr'><strong>continetur,</strong></span> <span class='ocrx_word' id='word_1_519' title='bbox 2786 2690 2878 2744; x_wconf 87' lang='lat' dir='ltr'><strong>sed</strong></span> <span class='ocrx_word' id='word_1_520' title='bbox 2904 2698 2960 2743; x_wconf 90' lang='lat' dir='ltr'><strong>et</strong></span> <span class='ocrx_word' id='word_1_521' title='bbox 2993 2689 3222 2743; x_wconf 85' lang='lat' dir='ltr'><strong>alterum</strong></span> <span class='ocrx_word' id='word_1_522' title='bbox 3254 2692 3597 2743; x_wconf 78' lang='lat' dir='ltr'><strong>tantumdem</strong></span> 
     </span>
    </p>
   </div>
   <div class='ocr_carea' id='block_1_71' title="bbox 2026 2781 3600 2852">
    <p class='ocr_par' dir='ltr' id='par_1_71' title="bbox 2026 2781 3600 2852">
     <span class='ocr_line' id='line_1_71' title="bbox 2026 2781 3600 2852; baseline -0.002 -14"><span class='ocrx_word' id='word_1_523' title='bbox 2026 2785 2255 2838; x_wconf 81' lang='lat' dir='ltr'><strong>solvere.</strong></span> <span class='ocrx_word' id='word_1_524' title='bbox 2292 2782 2701 2852; x_wconf 73' lang='lat' dir='ltr'><strong>Septuagesima</strong></span> <span class='ocrx_word' id='word_1_525' title='bbox 2744 2782 2979 2836; x_wconf 88' lang='lat' dir='ltr'><strong>secunda</strong></span> <span class='ocrx_word' id='word_1_526' title='bbox 3013 2793 3191 2836; x_wconf 90' lang='lat' dir='ltr'><strong>autem</strong></span> <span class='ocrx_word' id='word_1_527' title='bbox 3253 2781 3600 2849; x_wconf 83' lang='lat' dir='ltr'><strong>imperatoris</strong></span> 
     </span>
    </p>
   </div>
   <div class='ocr_carea' id='block_1_72' title="bbox 2029 2873 3600 2942">
    <p class='ocr_par' dir='ltr' id='par_1_72' title="bbox 2029 2873 3600 2942">
     <span class='ocr_line' id='line_1_72' title="bbox 2029 2873 3600 2942; baseline 0 -13"><span class='ocrx_word' id='word_1_528' title='bbox 2029 2874 2231 2929; x_wconf 89' lang='lat' dir='ltr'><strong>domini</strong></span> <span class='ocrx_word' id='word_1_529' title='bbox 2262 2874 2458 2929; x_wconf 88' lang='lat' dir='ltr'><strong>Leonis</strong></span> <span class='ocrx_word' id='word_1_530' title='bbox 2490 2873 2800 2942; x_wconf 82' lang='lat' dir='ltr'><strong>Philosophi</strong></span> <span class='ocrx_word' id='word_1_531' title='bbox 2835 2874 3042 2928; x_wconf 85' lang='lat' dir='ltr'><strong>novella</strong></span> <span class='ocrx_word' id='word_1_532' title='bbox 3088 2875 3301 2939; x_wconf 86' lang='lat' dir='ltr'><strong>statuit,</strong></span> <span class='ocrx_word' id='word_1_533' title='bbox 3336 2884 3392 2928; x_wconf 91' lang='lat' dir='ltr'><strong>ut</strong></span> <span class='ocrx_word' id='word_1_534' title='bbox 3422 2873 3600 2941; x_wconf 87' lang='lat' dir='ltr'><strong>quod-</strong></span> 
     </span>
    </p>
   </div>
   <div class='ocr_carea' id='block_1_73' title="bbox 2028 2966 3600 3037">
    <p class='ocr_par' dir='ltr' id='par_1_73' title="bbox 2028 2966 3600 3037">
     <span class='ocr_line' id='line_1_73' title="bbox 2028 2966 3600 3037; baseline 0.001 -16"><span class='ocrx_word' id='word_1_535' title='bbox 2028 2982 2240 3037; x_wconf 89' lang='lat' dir='ltr'><strong>cunque</strong></span> <span class='ocrx_word' id='word_1_536' title='bbox 2293 2970 2580 3036; x_wconf 80' lang='lat' dir='ltr'><strong>scriptum,</strong></span> <span class='ocrx_word' id='word_1_537' title='bbox 2647 2968 2700 3020; x_wconf 91' lang='lat' dir='ltr'><strong>in</strong></span> <span class='ocrx_word' id='word_1_538' title='bbox 2761 2982 2868 3035; x_wconf 91' lang='lat' dir='ltr'><strong>quo</strong></span> <span class='ocrx_word' id='word_1_539' title='bbox 2935 2966 3249 3022; x_wconf 69' lang='lat' dir='ltr'><strong>venerandae</strong></span> <span class='ocrx_word' id='word_1_540' title='bbox 3286 2975 3341 3022; x_wconf 87' lang='lat' dir='ltr'><strong>et</strong></span> <span class='ocrx_word' id='word_1_541' title='bbox 3370 2966 3600 3022; x_wconf 73' lang='lat' dir='ltr'><strong>viviﬁca:</strong></span> 
     </span>
    </p>
   </div>
   <div class='ocr_carea' id='block_1_74' title="bbox 2030 3058 3604 3131">
    <p class='ocr_par' dir='ltr' id='par_1_74' title="bbox 2030 3058 3604 3131">
     <span class='ocr_line' id='line_1_74' title="bbox 2030 3058 3604 3131; baseline -0.002 -17"><span class='ocrx_word' id='word_1_542' title='bbox 2030 3060 2212 3114; x_wconf 88' lang='lat' dir='ltr'><strong>crucis</strong></span> <span class='ocrx_word' id='word_1_543' title='bbox 2247 3060 2416 3129; x_wconf 80' lang='lat' dir='ltr'><strong>ligura</strong></span> <span class='ocrx_word' id='word_1_544' title='bbox 2458 3073 2554 3128; x_wconf 85' lang='lat' dir='ltr'><strong>per</strong></span> <span class='ocrx_word' id='word_1_545' title='bbox 2576 3075 2794 3115; x_wconf 85' lang='lat' dir='ltr'><strong>manum</strong></span> <span class='ocrx_word' id='word_1_546' title='bbox 2832 3060 2949 3131; x_wconf 83' lang='lat' dir='ltr'><strong>ejus</strong></span> <span class='ocrx_word' id='word_1_547' title='bbox 2984 3060 3077 3130; x_wconf 84' lang='lat' dir='ltr'><strong>qui</strong></span> <span class='ocrx_word' id='word_1_548' title='bbox 3103 3061 3275 3127; x_wconf 87' lang='lat' dir='ltr'><strong>ipsum</strong></span> <span class='ocrx_word' id='word_1_549' title='bbox 3298 3058 3604 3127; x_wconf 84' lang='lat' dir='ltr'><strong>composuit</strong></span> 
     </span>
    </p>
   </div>
   <div class='ocr_carea' id='block_1_75' title="bbox 2030 3132 3593 3222">
    <p class='ocr_par' dir='ltr' id='par_1_75' title="bbox 2030 3132 3593 3222">
     <span class='ocr_line' id='line_1_75' title="bbox 2030 3132 3593 3222; baseline -0.003 -15"><span class='ocrx_word' id='word_1_550' title='bbox 2030 3152 2231 3222; x_wconf 85' lang='lat' dir='ltr'><strong>scripta</strong></span> <span class='ocrx_word' id='word_1_551' title='bbox 2256 3160 2358 3214; x_wconf 89' lang='lat' dir='ltr'><strong>est,</strong></span> <span class='ocrx_word' id='word_1_552' title='bbox 2400 3151 2611 3204; x_wconf 86' lang='lat' dir='ltr'><strong>lirmum</strong></span> <span class='ocrx_word' id='word_1_553' title='bbox 2663 3161 2716 3205; x_wconf 91' lang='lat' dir='ltr'><strong>et</strong></span> <span class='ocrx_word' id='word_1_554' title='bbox 2746 3132 3081 3205; x_wconf 84' lang='lat' dir='ltr'><strong>immutabile</strong></span> <span class='ocrx_word' id='word_1_555' title='bbox 3114 3159 3347 3218; x_wconf 77' lang='lat' dir='ltr'><strong>maneat,</strong></span> <span class='ocrx_word' id='word_1_556' title='bbox 3379 3149 3593 3206; x_wconf 80' lang='lat' dir='ltr'><strong>etiamsi</strong></span> 
     </span>
    </p>
   </div>
   <div class='ocr_carea' id='block_1_76' title="bbox 2032 3246 3602 3321">
    <p class='ocr_par' dir='ltr' id='par_1_76' title="bbox 2032 3246 3602 3321">
     <span class='ocr_line' id='line_1_76' title="bbox 2032 3246 3602 3321; baseline 0 -16"><span class='ocrx_word' id='word_1_557' title='bbox 2032 3264 2138 3305; x_wconf 88' lang='lat' dir='ltr'><strong>non</strong></span> <span class='ocrx_word' id='word_1_558' title='bbox 2164 3250 2235 3306; x_wconf 89' lang='lat' dir='ltr'><strong>sit</strong></span> <span class='ocrx_word' id='word_1_559' title='bbox 2276 3250 2577 3321; x_wconf 85' lang='lat' dir='ltr'><strong>adjectioue</strong></span> <span class='ocrx_word' id='word_1_560' title='bbox 2624 3263 2801 3319; x_wconf 67' lang='lat' dir='ltr'><strong>paena:</strong></span> <span class='ocrx_word' id='word_1_561' title='bbox 2860 3249 3148 3304; x_wconf 88' lang='lat' dir='ltr'><strong>munitum.</strong></span> <span class='ocrx_word' id='word_1_562' title='bbox 3207 3246 3350 3317; x_wconf 82' lang='lat' dir='ltr'><strong>Lege</strong></span> <span class='ocrx_word' id='word_1_563' title='bbox 3387 3262 3602 3320; x_wconf 82' lang='lat' dir='ltr'><strong>quoque</strong></span> 
     </span>
    </p>
   </div>
   <div class='ocr_carea' id='block_1_77' title="bbox 2030 3344 3601 3415">
    <p class='ocr_par' dir='ltr' id='par_1_77' title="bbox 2030 3344 3601 3415">
     <span class='ocr_line' id='line_1_77' title="bbox 2030 3344 3601 3415; baseline -0.004 -12"><span class='ocrx_word' id='word_1_564' title='bbox 2030 3350 2275 3403; x_wconf 88' lang='lat' dir='ltr'><strong>eamdem</strong></span> <span class='ocrx_word' id='word_1_565' title='bbox 2303 3345 2590 3402; x_wconf 80' lang='lat' dir='ltr'><strong>novellam.</strong></span> <span class='ocrx_word' id='word_1_566' title='bbox 2614 3345 2681 3400; x_wconf 83' lang='lat' dir='ltr'><strong>Et</strong></span> <span class='ocrx_word' id='word_1_567' title='bbox 2710 3345 2924 3400; x_wconf 81' lang='lat' dir='ltr'><strong>tandem</strong></span> <span class='ocrx_word' id='word_1_568' title='bbox 2954 3344 3242 3405; x_wconf 84' lang='lat' dir='ltr'><strong>conclude,</strong></span> <span class='ocrx_word' id='word_1_569' title='bbox 3265 3344 3407 3415; x_wconf 90' lang='lat' dir='ltr'><strong>quod</strong></span> <span class='ocrx_word' id='word_1_570' title='bbox 3432 3344 3601 3413; x_wconf 86' lang='lat' dir='ltr'><strong>depo-</strong></span> 
     </span>
    </p>
   </div>
   <div class='ocr_carea' id='block_1_78' title="bbox 2032 3434 3602 3507">
    <p class='ocr_par' dir='ltr' id='par_1_78' title="bbox 2032 3434 3602 3507">
     <span class='ocr_line' id='line_1_78' title="bbox 2032 3434 3602 3507; baseline -0.003 -14"><span class='ocrx_word' id='word_1_571' title='bbox 2032 3441 2085 3493; x_wconf 92' lang='lat' dir='ltr'><strong>ni</strong></span> <span class='ocrx_word' id='word_1_572' title='bbox 2116 3438 2387 3494; x_wconf 81' lang='lat' dir='ltr'><strong>antistites</strong></span> <span class='ocrx_word' id='word_1_573' title='bbox 2442 3436 2533 3507; x_wconf 86' lang='lat' dir='ltr'><strong>qui</strong></span> <span class='ocrx_word' id='word_1_574' title='bbox 2579 3446 2775 3506; x_wconf 74' lang='lat' dir='ltr'><strong>negant</strong></span> <span class='ocrx_word' id='word_1_575' title='bbox 2820 3450 2949 3489; x_wconf 85' lang='lat' dir='ltr'><strong>suas</strong></span> <span class='ocrx_word' id='word_1_576' title='bbox 2976 3456 2977 3459; x_wconf 49' lang='grc' dir='ltr'><strong>η</strong></span> <span class='ocrx_word' id='word_1_577' title='bbox 3002 3435 3053 3488; x_wconf 91' lang='lat' dir='ltr'><strong>in</strong></span> <span class='ocrx_word' id='word_1_578' title='bbox 3083 3434 3439 3489; x_wconf 87' lang='lat' dir='ltr'><strong>electionibus</strong></span> <span class='ocrx_word' id='word_1_579' title='bbox 3468 3435 3602 3489; x_wconf 82' lang='lat' dir='ltr'><strong>sub-</strong></span> 
     </span>
    </p>
   </div>
   <div class='ocr_carea' id='block_1_79' title="bbox 2032 3523 3603 3601">
    <p class='ocr_par' dir='ltr' id='par_1_79' title="bbox 2032 3523 3603 3601">
     <span class='ocr_line' id='line_1_79' title="bbox 2032 3523 3603 3601; baseline -0.006 -14"><span class='ocrx_word' id='word_1_580' title='bbox 2032 3531 2379 3601; x_wconf 88' lang='lat' dir='ltr'><strong>scriptiones,</strong></span> <span class='ocrx_word' id='word_1_581' title='bbox 2400 3529 2637 3601; x_wconf 85' lang='lat' dir='ltr'><strong>speciale</strong></span> <span class='ocrx_word' id='word_1_582' title='bbox 2661 3539 2769 3593; x_wconf 86' lang='lat' dir='ltr'><strong>est,</strong></span> <span class='ocrx_word' id='word_1_583' title='bbox 2802 3539 2858 3581; x_wconf 86' lang='lat' dir='ltr'><strong>et</strong></span> <span class='ocrx_word' id='word_1_584' title='bbox 2884 3527 3042 3580; x_wconf 91' lang='lat' dir='ltr'><strong>debet</strong></span> <span class='ocrx_word' id='word_1_585' title='bbox 3076 3526 3129 3579; x_wconf 89' lang='lat' dir='ltr'><strong>in</strong></span> <span class='ocrx_word' id='word_1_586' title='bbox 3168 3526 3271 3581; x_wconf 89' lang='lat' dir='ltr'><strong>hoc</strong></span> <span class='ocrx_word' id='word_1_587' title='bbox 3299 3523 3416 3580; x_wconf 86' lang='lat' dir='ltr'><strong>solo</strong></span> <span class='ocrx_word' id='word_1_588' title='bbox 3452 3523 3603 3580; x_wconf 78' lang='lat' dir='ltr'><strong>facto</strong></span> 
     </span>
    </p>
   </div>
   <div class='ocr_carea' id='block_1_80' title="bbox 2034 3617 3604 3687">
    <p class='ocr_par' dir='ltr' id='par_1_80' title="bbox 2034 3617 3604 3687">
     <span class='ocr_line' id='line_1_80' title="bbox 2034 3617 3604 3687; baseline -0.003 -10"><span class='ocrx_word' id='word_1_589' title='bbox 2034 3625 2239 3678; x_wconf 84' lang='lat' dir='ltr'><strong>valere.</strong></span> <span class='ocrx_word' id='word_1_590' title='bbox 2292 3620 2349 3676; x_wconf 87' lang='lat' dir='ltr'><strong>Si</strong></span> <span class='ocrx_word' id='word_1_591' title='bbox 2397 3622 2541 3676; x_wconf 86' lang='lat' dir='ltr'><strong>enim</strong></span> <span class='ocrx_word' id='word_1_592' title='bbox 2586 3621 2730 3675; x_wconf 89' lang='lat' dir='ltr'><strong>aliud</strong></span> <span class='ocrx_word' id='word_1_593' title='bbox 2778 3634 2934 3674; x_wconf 86' lang='lat' dir='ltr'><strong>suum</strong></span> <span class='ocrx_word' id='word_1_594' title='bbox 2996 3617 3257 3685; x_wconf 83' lang='lat' dir='ltr'><strong>scriptum</strong></span> <span class='ocrx_word' id='word_1_595' title='bbox 3327 3620 3604 3687; x_wconf 76' lang='lat' dir='ltr'><strong>negaverit</strong></span> 
     </span>
    </p>
   </div>
   <div class='ocr_carea' id='block_1_81' title="bbox 2030 3710 3604 3786">
    <p class='ocr_par' dir='ltr' id='par_1_81' title="bbox 2030 3710 3604 3786">
     <span class='ocr_line' id='line_1_81' title="bbox 2030 3710 3604 3786; baseline -0.001 -18"><span class='ocrx_word' id='word_1_596' title='bbox 2030 3718 2317 3786; x_wconf 88' lang='lat' dir='ltr'><strong>episcopus</strong></span> <span class='ocrx_word' id='word_1_597' title='bbox 2339 3715 2423 3769; x_wconf 79' lang='lat' dir='ltr'><strong>vel</strong></span> <span class='ocrx_word' id='word_1_598' title='bbox 2452 3714 2703 3776; x_wconf 86' lang='lat' dir='ltr'><strong>clericus,</strong></span> <span class='ocrx_word' id='word_1_599' title='bbox 2755 3714 2812 3764; x_wconf 89' lang='lat' dir='ltr'><strong>ut</strong></span> <span class='ocrx_word' id='word_1_600' title='bbox 2842 3710 2971 3765; x_wconf 85' lang='lat' dir='ltr'><strong>mihi</strong></span> <span class='ocrx_word' id='word_1_601' title='bbox 3015 3711 3246 3776; x_wconf 87' lang='lat' dir='ltr'><strong>videtur,</strong></span> <span class='ocrx_word' id='word_1_602' title='bbox 3297 3725 3403 3765; x_wconf 90' lang='lat' dir='ltr'><strong>non</strong></span> <span class='ocrx_word' id='word_1_603' title='bbox 3436 3712 3604 3782; x_wconf 80' lang='lat' dir='ltr'><strong>depo-</strong></span> 
     </span>
    </p>
   </div>
   <div class='ocr_carea' id='block_1_82' title="bbox 2032 3802 3604 3876">
    <p class='ocr_par' dir='ltr' id='par_1_82' title="bbox 2032 3802 3604 3876">
     <span class='ocr_line' id='line_1_82' title="bbox 2032 3802 3604 3876; baseline 0.001 -15"><span class='ocrx_word' id='word_1_604' title='bbox 2032 3821 2211 3869; x_wconf 89' lang='lat' dir='ltr'><strong>netur,</strong></span> <span class='ocrx_word' id='word_1_605' title='bbox 2234 3817 2291 3861; x_wconf 93' lang='lat' dir='ltr'><strong>ut</strong></span> <span class='ocrx_word' id='word_1_606' title='bbox 2315 3806 2701 3876; x_wconf 81' lang='lat' dir='ltr'><strong>dicuntaliqui,</strong></span> <span class='ocrx_word' id='word_1_607' title='bbox 2739 3804 2835 3861; x_wconf 88' lang='lat' dir='ltr'><strong>sed</strong></span> <span class='ocrx_word' id='word_1_608' title='bbox 2867 3819 2934 3859; x_wconf 81' lang='lat' dir='ltr'><strong>ex</strong></span> <span class='ocrx_word' id='word_1_609' title='bbox 2975 3802 3181 3874; x_wconf 77' lang='lat' dir='ltr'><strong>legibus</strong></span> <span class='ocrx_word' id='word_1_610' title='bbox 3219 3819 3381 3874; x_wconf 84' lang='lat' dir='ltr'><strong>supra</strong></span> <span class='ocrx_word' id='word_1_611' title='bbox 3414 3807 3604 3875; x_wconf 82' lang='lat' dir='ltr'><strong>positis</strong></span> 
     </span>
    </p>
   </div>
   <div class='ocr_carea' id='block_1_83' title="bbox 2030 3900 2308 3968">
    <p class='ocr_par' dir='ltr' id='par_1_83' title="bbox 2030 3900 2308 3968">
     <span class='ocr_line' id='line_1_83' title="bbox 2030 3900 2308 3968; baseline 0.011 -17"><span class='ocrx_word' id='word_1_612' title='bbox 2030 3900 2308 3968; x_wconf 88' lang='lat' dir='ltr'><strong>punietur.</strong></span> 
     </span>
    </p>
   </div>
   <div class='ocr_carea' id='block_1_84' title="bbox 2039 3994 3607 4076">
    <p class='ocr_par' dir='ltr' id='par_1_84' title="bbox 2039 3994 3607 4076">
     <span class='ocr_line' id='line_1_84' title="bbox 2039 3994 3607 4076; baseline 0.011 -30"><span class='ocrx_word' id='word_1_613' title='bbox 2039 3994 2176 4048; x_wconf 75' lang='grc' dir='ltr'><strong>ἀλλὰ</strong></span> <span class='ocrx_word' id='word_1_614' title='bbox 2229 3995 2373 4050; x_wconf 84' lang='grc' dir='ltr'><strong>κατά</strong></span> <span class='ocrx_word' id='word_1_615' title='bbox 2423 4000 2552 4063; x_wconf 70' lang='grc' dir='ltr'><strong>τοὺς</strong></span> <span class='ocrx_word' id='word_1_616' title='bbox 2606 3999 2814 4056; x_wconf 75' lang='grc' dir='ltr'><strong>ἄνωθεν</strong></span> <span class='ocrx_word' id='word_1_617' title='bbox 2865 4002 3354 4076; x_wconf 81' lang='grc' dir='ltr'><strong>καταστρωθέντας</strong></span> <span class='ocrx_word' id='word_1_618' title='bbox 3404 4000 3607 4072; x_wconf 73' lang='grc' dir='ltr'><strong>νόμους</strong></span> 
     </span>
    </p>
   </div>
   <div class='ocr_carea' id='block_1_85' title="bbox 2104 4180 3604 4253">
    <p class='ocr_par' dir='ltr' id='par_1_85' title="bbox 2104 4180 3604 4253">
     <span class='ocr_line' id='line_1_85' title="bbox 2104 4180 3604 4253; baseline 0.003 -15"><span class='ocrx_word' id='word_1_619' title='bbox 2104 4181 2355 4240; x_wconf 78' lang='lat' dir='ltr'><strong>ZONAB.</strong></span> <span class='ocrx_word' id='word_1_620' title='bbox 2430 4180 2762 4252; x_wconf 86' lang='lat' dir='ltr'><strong>Episcopum</strong></span> <span class='ocrx_word' id='word_1_621' title='bbox 2833 4194 3060 4253; x_wconf 87' lang='lat' dir='ltr'><strong>quartus</strong></span> <span class='ocrx_word' id='word_1_622' title='bbox 3130 4181 3361 4240; x_wconf 68' lang='lat' dir='ltr'><strong>Nicana:</strong></span> <span class='ocrx_word' id='word_1_623' title='bbox 3413 4184 3604 4253; x_wconf 63' lang='lat' dir='ltr'><strong>prima</strong></span> 
     </span>
    </p>
   </div>
   <div class='ocr_carea' id='block_1_86' title="bbox 2036 4275 3608 4349">
    <p class='ocr_par' dir='ltr' id='par_1_86' title="bbox 2036 4275 3608 4349">
     <span class='ocr_line' id='line_1_86' title="bbox 2036 4275 3608 4349; baseline -0.001 -18"><span class='ocrx_word' id='word_1_624' title='bbox 2036 4278 2231 4349; x_wconf 83' lang='lat' dir='ltr'><strong>synodi</strong></span> <span class='ocrx_word' id='word_1_625' title='bbox 2267 4291 2439 4331; x_wconf 86' lang='lat' dir='ltr'><strong>canon</strong></span> <span class='ocrx_word' id='word_1_626' title='bbox 2468 4281 2709 4331; x_wconf 89' lang='lat' dir='ltr'><strong>omnium</strong></span> <span class='ocrx_word' id='word_1_627' title='bbox 2746 4277 3041 4348; x_wconf 64' lang='lat' dir='ltr'><strong>provincia</strong></span> <span class='ocrx_word' id='word_1_628' title='bbox 3082 4278 3457 4346; x_wconf 81' lang='lat' dir='ltr'><strong>episcoporum</strong></span> <span class='ocrx_word' id='word_1_629' title='bbox 3487 4275 3608 4331; x_wconf 83' lang='lat' dir='ltr'><strong>suf-</strong></span> 
     </span>
    </p>
   </div>
   <div class='ocr_carea' id='block_1_87' title="bbox 2037 4369 3610 4440">
    <p class='ocr_par' dir='ltr' id='par_1_87' title="bbox 2037 4369 3610 4440">
     <span class='ocr_line' id='line_1_87' title="bbox 2037 4369 3610 4440; baseline 0.001 -16"><span class='ocrx_word' id='word_1_630' title='bbox 2037 4369 2209 4440; x_wconf 74' lang='lat' dir='ltr'><strong>fragio</strong></span> <span class='ocrx_word' id='word_1_631' title='bbox 2238 4370 2678 4424; x_wconf 85' lang='lat' dir='ltr'><strong>constituendum</strong></span> <span class='ocrx_word' id='word_1_632' title='bbox 2710 4383 2834 4426; x_wconf 88' lang='lat' dir='ltr'><strong>esse</strong></span> <span class='ocrx_word' id='word_1_633' title='bbox 2858 4370 3121 4426; x_wconf 87' lang='lat' dir='ltr'><strong>decernit.</strong></span> <span class='ocrx_word' id='word_1_634' title='bbox 3151 4372 3223 4423; x_wconf 82' lang='lat' dir='ltr'><strong>At</strong></span> <span class='ocrx_word' id='word_1_635' title='bbox 3249 4370 3293 4425; x_wconf 88' lang='lat' dir='ltr'><strong>si</strong></span> <span class='ocrx_word' id='word_1_636' title='bbox 3318 4370 3610 4439; x_wconf 84' lang='lat' dir='ltr'><strong>quonimus</strong></span> 
     </span>
    </p>
   </div>
   <div class='ocr_carea' id='block_1_88' title="bbox 2038 4460 3607 4534">
    <p class='ocr_par' dir='ltr' id='par_1_88' title="bbox 2038 4460 3607 4534">
     <span class='ocr_line' id='line_1_88' title="bbox 2038 4460 3607 4534; baseline 0.001 -19"><span class='ocrx_word' id='word_1_637' title='bbox 2038 4460 2089 4516; x_wconf 88' lang='lat' dir='ltr'><strong>id</strong></span> <span class='ocrx_word' id='word_1_638' title='bbox 2123 4461 2235 4516; x_wconf 72' lang='lat' dir='ltr'><strong>fieri</strong></span> <span class='ocrx_word' id='word_1_639' title='bbox 2260 4463 2448 4529; x_wconf 88' lang='lat' dir='ltr'><strong>possit,</strong></span> <span class='ocrx_word' id='word_1_640' title='bbox 2473 4477 2635 4518; x_wconf 84' lang='lat' dir='ltr'><strong>causa</strong></span> <span class='ocrx_word' id='word_1_641' title='bbox 2658 4461 2843 4533; x_wconf 84' lang='lat' dir='ltr'><strong>aliqua</strong></span> <span class='ocrx_word' id='word_1_642' title='bbox 2887 4465 3106 4534; x_wconf 69' lang='lat' dir='ltr'><strong>gravior</strong></span> <span class='ocrx_word' id='word_1_643' title='bbox 3149 4462 3458 4531; x_wconf 78' lang='lat' dir='ltr'><strong>obstiterit,</strong></span> <span class='ocrx_word' id='word_1_644' title='bbox 3492 4470 3607 4518; x_wconf 87' lang='lat' dir='ltr'><strong>tum</strong></span> 
     </span>
    </p>
   </div>
   <div class='ocr_carea' id='block_1_89' title="bbox 349 4541 1927 4627">
    <p class='ocr_par' dir='ltr' id='par_1_89' title="bbox 349 4541 1927 4615">
     <span class='ocr_line' id='line_1_89' title="bbox 349 4541 1927 4615; baseline 0 -18"><span class='ocrx_word' id='word_1_645' title='bbox 349 4545 444 4598; x_wconf 78' lang='grc' dir='ltr'><strong>διὰ</strong></span> <span class='ocrx_word' id='word_1_646' title='bbox 493 4541 846 4614; x_wconf 79' lang='grc' dir='ltr'><strong>γραμμάτων</strong></span> <span class='ocrx_word' id='word_1_647' title='bbox 898 4546 993 4596; x_wconf 70' lang='grc' dir='ltr'><strong>καὶ</strong></span> <span class='ocrx_word' id='word_1_648' title='bbox 1042 4544 1150 4597; x_wconf 82' lang='grc' dir='ltr'><strong>τῶν</strong></span> <span class='ocrx_word' id='word_1_649' title='bbox 1199 4543 1405 4608; x_wconf 79' lang='grc' dir='ltr'><strong>λοιπῶν</strong></span> <span class='ocrx_word' id='word_1_650' title='bbox 1449 4545 1782 4615; x_wconf 80' lang='grc' dir='ltr'><strong>γινομένων,</strong></span> <span class='ocrx_word' id='word_1_651' title='bbox 1833 4544 1927 4599; x_wconf 77' lang='grc' dir='ltr'><strong>καὶ</strong></span> 
     </span>
    </p>
   </div>
   <div class='ocr_carea' id='block_1_90' title="bbox 2030 4541 3609 4627">
    <p class='ocr_par' dir='ltr' id='par_1_90' title="bbox 2036 4554 3609 4627">
     <span class='ocr_line' id='line_1_90' title="bbox 2036 4554 3609 4627; baseline 0.003 -21"><span class='ocrx_word' id='word_1_652' title='bbox 2036 4568 2169 4608; x_wconf 87' lang='lat' dir='ltr'><strong>vero</strong></span> <span class='ocrx_word' id='word_1_653' title='bbox 2205 4564 2315 4609; x_wconf 85' lang='lat' dir='ltr'><strong>tres</strong></span> <span class='ocrx_word' id='word_1_654' title='bbox 2342 4554 2505 4608; x_wconf 84' lang='lat' dir='ltr'><strong>simul</strong></span> <span class='ocrx_word' id='word_1_655' title='bbox 2533 4557 2853 4627; x_wconf 82' lang='lat' dir='ltr'><strong>convenire,</strong></span> <span class='ocrx_word' id='word_1_656' title='bbox 2892 4571 2959 4611; x_wconf 85' lang='lat' dir='ltr'><strong>ac</strong></span> <span class='ocrx_word' id='word_1_657' title='bbox 3009 4557 3221 4612; x_wconf 76' lang='lat' dir='ltr'><strong>steteris</strong></span> <span class='ocrx_word' id='word_1_658' title='bbox 3255 4571 3353 4624; x_wconf 85' lang='lat' dir='ltr'><strong>per</strong></span> <span class='ocrx_word' id='word_1_659' title='bbox 3397 4556 3609 4611; x_wconf 84' lang='lat' dir='ltr'><strong>litteras</strong></span> 
     </span>
    </p>
   </div>
   <div class='ocr_carea' id='block_1_91' title="bbox 349 4636 1934 4709">
    <p class='ocr_par' dir='ltr' id='par_1_91' title="bbox 349 4636 1934 4709">
     <span class='ocr_line' id='line_1_91' title="bbox 349 4636 1934 4709; baseline 0 -18"><span class='ocrx_word' id='word_1_660' title='bbox 349 4636 527 4700; x_wconf 78' lang='grc' dir='ltr'><strong>οὕτως</strong></span> <span class='ocrx_word' id='word_1_661' title='bbox 553 4639 652 4708; x_wconf 76' lang='grc' dir='ltr'><strong>τὴν</strong></span> <span class='ocrx_word' id='word_1_662' title='bbox 704 4638 1041 4707; x_wconf 87' lang='grc' dir='ltr'><strong>χειροτονίαν</strong></span> <span class='ocrx_word' id='word_1_663' title='bbox 1080 4637 1347 4705; x_wconf 84' lang='grc' dir='ltr'><strong>γίνεσθαι.</strong></span> <span class='ocrx_word' id='word_1_664' title='bbox 1396 4638 1465 4690; x_wconf 74' lang='grc' dir='ltr'><strong>Ἃ</strong></span> <span class='ocrx_word' id='word_1_665' title='bbox 1514 4638 1695 4690; x_wconf 86' lang='grc' dir='ltr'><strong>τοίνυν</strong></span> <span class='ocrx_word' id='word_1_666' title='bbox 1720 4641 1748 4690; x_wconf 86' lang='grc' dir='ltr'><strong>ὁ</strong></span> <span class='ocrx_word' id='word_1_667' title='bbox 1780 4641 1934 4709; x_wconf 85' lang='grc' dir='ltr'><strong>εἰρη-</strong></span> 
     </span>
    </p>
   </div>
   <div class='ocr_carea' id='block_1_92' title="bbox 356 4728 1933 4799">
    <p class='ocr_par' dir='ltr' id='par_1_92' title="bbox 356 4728 1933 4799">
     <span class='ocr_line' id='line_1_92' title="bbox 356 4728 1933 4799; baseline 0.001 -17"><span class='ocrx_word' id='word_1_668' title='bbox 356 4732 522 4799; x_wconf 72' lang='grc' dir='ltr'><strong>μένος</strong></span> <span class='ocrx_word' id='word_1_669' title='bbox 553 4729 734 4784; x_wconf 86' lang='grc' dir='ltr'><strong>κανὼν</strong></span> <span class='ocrx_word' id='word_1_670' title='bbox 754 4728 1120 4793; x_wconf 79' lang='grc' dir='ltr'><strong>διατάττεται,</strong></span> <span class='ocrx_word' id='word_1_671' title='bbox 1149 4730 1344 4793; x_wconf 80' lang='grc' dir='ltr'><strong>ταῦτα,</strong></span> <span class='ocrx_word' id='word_1_672' title='bbox 1376 4732 1541 4798; x_wconf 80' lang='grc' dir='ltr'><strong>φασὶν</strong></span> <span class='ocrx_word' id='word_1_673' title='bbox 1563 4730 1612 4783; x_wconf 86' lang='grc' dir='ltr'><strong>οί</strong></span> <span class='ocrx_word' id='word_1_674' title='bbox 1642 4730 1743 4799; x_wconf 82' lang='grc' dir='ltr'><strong>τῆς</strong></span> <span class='ocrx_word' id='word_1_675' title='bbox 1773 4732 1933 4783; x_wconf 85' lang='grc' dir='ltr'><strong>συνό-</strong></span> 
     </span>
    </p>
   </div>
   <div class='ocr_carea' id='block_1_93' title="bbox 355 4822 1930 4894">
    <p class='ocr_par' dir='ltr' id='par_1_93' title="bbox 355 4822 1930 4894">
     <span class='ocr_line' id='line_1_93' title="bbox 355 4822 1930 4894; baseline -0.001 -16"><span class='ocrx_word' id='word_1_676' title='bbox 355 4825 450 4878; x_wconf 89' lang='grc' dir='ltr'><strong>δου</strong></span> <span class='ocrx_word' id='word_1_677' title='bbox 472 4825 704 4894; x_wconf 84' lang='grc' dir='ltr'><strong>ταύτης,</strong></span> <span class='ocrx_word' id='word_1_678' title='bbox 746 4823 860 4877; x_wconf 75' lang='grc' dir='ltr'><strong>δεῖν</strong></span> <span class='ocrx_word' id='word_1_679' title='bbox 914 4822 1281 4892; x_wconf 80' lang='grc' dir='ltr'><strong>φυλαχθῆναι,</strong></span> <span class='ocrx_word' id='word_1_680' title='bbox 1315 4823 1390 4885; x_wconf 85' lang='grc' dir='ltr'><strong>ὡς</strong></span> <span class='ocrx_word' id='word_1_681' title='bbox 1433 4822 1724 4892; x_wconf 81' lang='grc' dir='ltr'><strong>ὁρισθέντα</strong></span> <span class='ocrx_word' id='word_1_682' title='bbox 1777 4825 1930 4894; x_wconf 79' lang='grc' dir='ltr'><strong>παρὰ</strong></span> 
     </span>
    </p>
   </div>
   <div class='ocr_carea' id='block_1_94' title="bbox 353 4912 1935 4986">
    <p class='ocr_par' dir='ltr' id='par_1_94' title="bbox 353 4912 1935 4986">
     <span class='ocr_line' id='line_1_94' title="bbox 353 4912 1935 4986; baseline -0.003 -16"><span class='ocrx_word' id='word_1_683' title='bbox 353 4915 468 4970; x_wconf 83' lang='grc' dir='ltr'><strong>τῶν</strong></span> <span class='ocrx_word' id='word_1_684' title='bbox 515 4916 625 4985; x_wconf 81' lang='grc' dir='ltr'><strong>πρὸ</strong></span> <span class='ocrx_word' id='word_1_685' title='bbox 673 4915 919 4969; x_wconf 86' lang='grc' dir='ltr'><strong>ἐκείνων.</strong></span> <span class='ocrx_word' id='word_1_686' title='bbox 951 4912 1304 4985; x_wconf 82' lang='grc' dir='ltr'><strong>Χειροτονίαν</strong></span> <span class='ocrx_word' id='word_1_687' title='bbox 1344 4914 1389 4967; x_wconf 77' lang='grc' dir='ltr'><strong>δ’</strong></span> <span class='ocrx_word' id='word_1_688' title='bbox 1448 4914 1686 4969; x_wconf 84' lang='grc' dir='ltr'><strong>ἐνταῦθα</strong></span> <span class='ocrx_word' id='word_1_689' title='bbox 1723 4915 1797 4985; x_wconf 83' lang='grc' dir='ltr'><strong>μὴ</strong></span> <span class='ocrx_word' id='word_1_690' title='bbox 1836 4914 1935 4986; x_wconf 73' lang='grc' dir='ltr'><strong>τὴν</strong></span> 
     </span>
    </p>
   </div>
   <div class='ocr_carea' id='block_1_95' title="bbox 355 5007 1935 5082">
    <p class='ocr_par' dir='ltr' id='par_1_95' title="bbox 355 5007 1935 5082">
     <span class='ocr_line' id='line_1_95' title="bbox 355 5007 1935 5082; baseline -0.009 -18"><span class='ocrx_word' id='word_1_691' title='bbox 355 5010 704 5082; x_wconf 82' lang='grc' dir='ltr'><strong>χειροθεσίαν</strong></span> <span class='ocrx_word' id='word_1_692' title='bbox 734 5010 829 5061; x_wconf 63' lang='grc' dir='ltr'><strong>καὶ⁸</strong></span> <span class='ocrx_word' id='word_1_693' title='bbox 860 5008 1197 5079; x_wconf 84' lang='grc' dir='ltr'><strong>καθιέρωσιν</strong></span> <span class='ocrx_word' id='word_1_694' title='bbox 1233 5023 1480 5078; x_wconf 85' lang='grc' dir='ltr'><strong>νοητεον,</strong></span> <span class='ocrx_word' id='word_1_695' title='bbox 1509 5008 1645 5062; x_wconf 85' lang='grc' dir='ltr'><strong>ἀλλὰ</strong></span> <span class='ocrx_word' id='word_1_696' title='bbox 1686 5010 1785 5079; x_wconf 75' lang='grc' dir='ltr'><strong>τὴν</strong></span> <span class='ocrx_word' id='word_1_697' title='bbox 1830 5007 1935 5079; x_wconf 76' lang='grc' dir='ltr'><strong>ψῆ-</strong></span> 
     </span>
    </p>
   </div>
   <div class='ocr_carea' id='block_1_96' title="bbox 358 5102 1935 5176">
    <p class='ocr_par' dir='ltr' id='par_1_96' title="bbox 358 5102 1935 5176">
     <span class='ocr_line' id='line_1_96' title="bbox 358 5102 1935 5176; baseline 0.001 -19"><span class='ocrx_word' id='word_1_698' title='bbox 358 5105 595 5176; x_wconf 77' lang='grc' dir='ltr'><strong>φον,ῖνα</strong></span> <span class='ocrx_word' id='word_1_699' title='bbox 631 5103 710 5174; x_wconf 78' lang='grc' dir='ltr'><strong>μὴ</strong></span> <span class='ocrx_word' id='word_1_700' title='bbox 739 5104 873 5174; x_wconf 78' lang='grc' dir='ltr'><strong>δοκῇ</strong></span> <span class='ocrx_word' id='word_1_701' title='bbox 913 5102 1297 5156; x_wconf 82' lang='grc' dir='ltr'><strong>ἐναντιοῦσθαι</strong></span> <span class='ocrx_word' id='word_1_702' title='bbox 1345 5102 1424 5172; x_wconf 79' lang='grc' dir='ltr'><strong>τῷ</strong></span> <span class='ocrx_word' id='word_1_703' title='bbox 1489 5104 1690 5172; x_wconf 83' lang='grc' dir='ltr'><strong>πρώτῳ</strong></span> <span class='ocrx_word' id='word_1_704' title='bbox 1746 5104 1935 5158; x_wconf 83' lang='grc' dir='ltr'><strong>κανόνι</strong></span> 
     </span>
    </p>
   </div>
   <div class='ocr_carea' id='block_1_97' title="bbox 356 5195 1934 5263">
    <p class='ocr_par' dir='ltr' id='par_1_97' title="bbox 356 5195 1934 5263">
     <span class='ocr_line' id='line_1_97' title="bbox 356 5195 1934 5263; baseline -0.002 -11"><span class='ocrx_word' id='word_1_705' title='bbox 356 5200 467 5253; x_wconf 83' lang='grc' dir='ltr'><strong>τῶν</strong></span> <span class='ocrx_word' id='word_1_706' title='bbox 508 5199 682 5263; x_wconf 77' lang='grc' dir='ltr'><strong>ἁγίων</strong></span> <span class='ocrx_word' id='word_1_707' title='bbox 730 5196 1077 5261; x_wconf 82' lang='grc' dir='ltr'><strong>ἀποστόλων,</strong></span> <span class='ocrx_word' id='word_1_708' title='bbox 1148 5195 1246 5250; x_wconf 81' lang='grc' dir='ltr'><strong>καὶ</strong></span> <span class='ocrx_word' id='word_1_709' title='bbox 1300 5195 1407 5249; x_wconf 78' lang='grc' dir='ltr'><strong>ὑπὸ</strong></span> <span class='ocrx_word' id='word_1_710' title='bbox 1459 5195 1555 5249; x_wconf 80' lang='grc' dir='ltr'><strong>δύο</strong></span> <span class='ocrx_word' id='word_1_711' title='bbox 1611 5198 1934 5251; x_wconf 82' lang='grc' dir='ltr'><strong>ἐπισκόπων</strong></span> 
     </span>
    </p>
   </div>
   <div class='ocr_carea' id='block_1_98' title="bbox 358 5289 1935 5362">
    <p class='ocr_par' dir='ltr' id='par_1_98' title="bbox 358 5289 1935 5362">
     <span class='ocr_line' id='line_1_98' title="bbox 358 5289 1935 5362; baseline 0 -18"><span class='ocrx_word' id='word_1_712' title='bbox 358 5292 601 5362; x_wconf 73' lang='grc' dir='ltr'><strong>ὁρίζοντι</strong></span> <span class='ocrx_word' id='word_1_713' title='bbox 639 5291 1068 5361; x_wconf 78' lang='grc' dir='ltr'><strong>χειροτονεῖσθαι</strong></span> <span class='ocrx_word' id='word_1_714' title='bbox 1120 5289 1447 5344; x_wconf 85' lang='grc' dir='ltr'><strong>ἐπίσκοπον.</strong></span> <span class='ocrx_word' id='word_1_715' title='bbox 1478 5289 1668 5354; x_wconf 84' lang='grc' dir='ltr'><strong>Ὅπως</strong></span> <span class='ocrx_word' id='word_1_716' title='bbox 1730 5290 1786 5343; x_wconf 85' lang='grc' dir='ltr'><strong>δὲ</strong></span> <span class='ocrx_word' id='word_1_717' title='bbox 1834 5291 1935 5344; x_wconf 81' lang='grc' dir='ltr'><strong>οὐκ</strong></span> 
     </span>
    </p>
   </div>
   <div class='ocr_carea' id='block_1_99' title="bbox 360 5381 1937 5459">
    <p class='ocr_par' dir='ltr' id='par_1_99' title="bbox 360 5381 1937 5459">
     <span class='ocr_line' id='line_1_99' title="bbox 360 5381 1937 5459; baseline -0.003 -19"><span class='ocrx_word' id='word_1_718' title='bbox 360 5383 726 5451; x_wconf 76' lang='grc' dir='ltr'><strong>ἐναντιοῦται,</strong></span> <span class='ocrx_word' id='word_1_719' title='bbox 759 5383 974 5457; x_wconf 72' lang='grc' dir='ltr'><strong>εἴρηται</strong></span> <span class='ocrx_word' id='word_1_720' title='bbox 1007 5387 1066 5439; x_wconf 78' lang='grc' dir='ltr'><strong>ἐν</strong></span> <span class='ocrx_word' id='word_1_721' title='bbox 1094 5385 1164 5456; x_wconf 79' lang='grc' dir='ltr'><strong>τῇ</strong></span> <span class='ocrx_word' id='word_1_722' title='bbox 1199 5383 1459 5456; x_wconf 72' lang='grc' dir='ltr'><strong>ἐξηγήσει</strong></span> <span class='ocrx_word' id='word_1_723' title='bbox 1507 5381 1604 5435; x_wconf 84' lang='grc' dir='ltr'><strong>τοῦ</strong></span> <span class='ocrx_word' id='word_1_724' title='bbox 1638 5381 1937 5459; x_wconf 32' lang='grc' dir='ltr'><strong>διΙκανόνος</strong></span> 
     </span>
    </p>
   </div>
   <div class='ocr_carea' id='block_1_100' title="bbox 359 5475 1932 5548">
    <p class='ocr_par' dir='ltr' id='par_1_100' title="bbox 359 5475 1932 5548">
     <span class='ocr_line' id='line_1_100' title="bbox 359 5475 1932 5548; baseline 0.001 -18"><span class='ocrx_word' id='word_1_725' title='bbox 359 5477 460 5545; x_wconf 84' lang='grc' dir='ltr'><strong>τῆς</strong></span> <span class='ocrx_word' id='word_1_726' title='bbox 489 5477 551 5531; x_wconf 82' lang='grc' dir='ltr'><strong>ἐν</strong></span> <span class='ocrx_word' id='word_1_727' title='bbox 572 5475 782 5548; x_wconf 79' lang='grc' dir='ltr'><strong>Νικαίᾳ</strong></span> <span class='ocrx_word' id='word_1_728' title='bbox 807 5475 1035 5547; x_wconf 84' lang='grc' dir='ltr'><strong>πρώτης</strong></span> <span class='ocrx_word' id='word_1_729' title='bbox 1066 5475 1309 5542; x_wconf 86' lang='grc' dir='ltr'><strong>συνόδου,</strong></span> <span class='ocrx_word' id='word_1_730' title='bbox 1344 5476 1383 5531; x_wconf 72' lang='grc' dir='ltr'><strong>ἃ</strong></span> <span class='ocrx_word' id='word_1_731' title='bbox 1400 5476 1497 5533; x_wconf 72' lang='grc' dir='ltr'><strong>καὶ</strong></span> <span class='ocrx_word' id='word_1_732' title='bbox 1526 5478 1932 5547; x_wconf 76' lang='grc' dir='ltr'><strong>ἀναγνωστέον.</strong></span> 
     </span>
    </p>
   </div>
   <div class='ocr_carea' id='block_1_101' title="bbox 365 5567 1941 5643">
    <p class='ocr_par' dir='ltr' id='par_1_101' title="bbox 365 5567 1941 5643">
     <span class='ocr_line' id='line_1_101' title="bbox 365 5567 1941 5643; baseline -0.001 -17"><span class='ocrx_word' id='word_1_733' title='bbox 365 5570 756 5642; x_wconf 77' lang='grc' dir='ltr'><strong>Πρωτεύοντας</strong></span> <span class='ocrx_word' id='word_1_734' title='bbox 799 5568 845 5622; x_wconf 87' lang='grc' dir='ltr'><strong>δ’</strong></span> <span class='ocrx_word' id='word_1_735' title='bbox 896 5567 1135 5624; x_wconf 76' lang='grc' dir='ltr'><strong>ἐνταῦθα</strong></span> <span class='ocrx_word' id='word_1_736' title='bbox 1180 5569 1292 5624; x_wconf 86' lang='grc' dir='ltr'><strong>τῶν</strong></span> <span class='ocrx_word' id='word_1_737' title='bbox 1327 5571 1614 5643; x_wconf 74' lang='grc' dir='ltr'><strong>ἐπαρχιῶν</strong></span> <span class='ocrx_word' id='word_1_738' title='bbox 1658 5571 1785 5635; x_wconf 86' lang='grc' dir='ltr'><strong>τοὺς</strong></span> <span class='ocrx_word' id='word_1_739' title='bbox 1841 5588 1941 5643; x_wconf 83' lang='grc' dir='ltr'><strong>μη-</strong></span> 
     </span>
    </p>
   </div>
   <div class='ocr_carea' id='block_1_102' title="bbox 363 5660 1936 5737">
    <p class='ocr_par' dir='ltr' id='par_1_102' title="bbox 363 5660 1936 5737">
     <span class='ocr_line' id='line_1_102' title="bbox 363 5660 1936 5737; baseline -0.001 -18"><span class='ocrx_word' id='word_1_740' title='bbox 363 5664 695 5737; x_wconf 87' lang='grc' dir='ltr'><strong>τροπολίτας</strong></span> <span class='ocrx_word' id='word_1_741' title='bbox 720 5663 906 5734; x_wconf 78' lang='grc' dir='ltr'><strong>φησὶν,</strong></span> <span class='ocrx_word' id='word_1_742' title='bbox 933 5660 1007 5720; x_wconf 81' lang='grc' dir='ltr'><strong>ὧν</strong></span> <span class='ocrx_word' id='word_1_743' title='bbox 1041 5665 1490 5737; x_wconf 84' lang='grc' dir='ltr'><strong>παραγγέλματι,</strong></span> <span class='ocrx_word' id='word_1_744' title='bbox 1522 5665 1691 5736; x_wconf 77' lang='grc' dir='ltr'><strong>ἧγοον</strong></span> <span class='ocrx_word' id='word_1_745' title='bbox 1724 5668 1936 5737; x_wconf 78' lang='grc' dir='ltr'><strong>ἐντολῇ,</strong></span> 
     </span>
    </p>
   </div>
   <div class='ocr_carea' id='block_1_103' title="bbox 364 5760 1940 5835">
    <p class='ocr_par' dir='ltr' id='par_1_103' title="bbox 364 5760 1940 5835">
     <span class='ocr_line' id='line_1_103' title="bbox 364 5760 1940 5835; baseline -0.003 -18"><span class='ocrx_word' id='word_1_746' title='bbox 364 5779 721 5835; x_wconf 84' lang='grc' dir='ltr'><strong>χειροτονειν,</strong></span> <span class='ocrx_word' id='word_1_747' title='bbox 744 5763 993 5815; x_wconf 85' lang='grc' dir='ltr'><strong>τουτέστι</strong></span> <span class='ocrx_word' id='word_1_748' title='bbox 1038 5761 1401 5832; x_wconf 76' lang='grc' dir='ltr'><strong>ψηφίζεσθαι,</strong></span> <span class='ocrx_word' id='word_1_749' title='bbox 1435 5760 1564 5825; x_wconf 81' lang='grc' dir='ltr'><strong>τοὺς</strong></span> <span class='ocrx_word' id='word_1_750' title='bbox 1604 5762 1940 5824; x_wconf 77' lang='grc' dir='ltr'><strong>ἐπισκίπους</strong></span> 
     </span>
    </p>
   </div>
   <div class='ocr_carea' id='block_1_104' title="bbox 366 5853 1939 5931">
    <p class='ocr_par' dir='ltr' id='par_1_104' title="bbox 366 5853 1939 5931">
     <span class='ocr_line' id='line_1_104' title="bbox 366 5853 1939 5931; baseline -0.003 -20"><span class='ocrx_word' id='word_1_751' title='bbox 366 5859 677 5911; x_wconf 74' lang='grc' dir='ltr'><strong>ἐπίσκοπον</strong></span> <span class='ocrx_word' id='word_1_752' title='bbox 706 5855 1078 5911; x_wconf 77' lang='grc' dir='ltr'><strong>διατάττεται.</strong></span> <span class='ocrx_word' id='word_1_753' title='bbox 1106 5855 1234 5910; x_wconf 81' lang='grc' dir='ltr'><strong>Ἐὰν</strong></span> <span class='ocrx_word' id='word_1_754' title='bbox 1267 5854 1324 5909; x_wconf 77' lang='grc' dir='ltr'><strong>δέ</strong></span> <span class='ocrx_word' id='word_1_755' title='bbox 1355 5870 1462 5923; x_wconf 84' lang='grc' dir='ltr'><strong>τις,</strong></span> <span class='ocrx_word' id='word_1_756' title='bbox 1504 5854 1662 5925; x_wconf 69' lang='grc' dir='ltr'><strong>φησὶ,</strong></span> <span class='ocrx_word' id='word_1_757' title='bbox 1693 5854 1802 5908; x_wconf 81' lang='grc' dir='ltr'><strong>τῶν</strong></span> <span class='ocrx_word' id='word_1_758' title='bbox 1829 5853 1939 5931; x_wconf 77' lang='grc' dir='ltr'><strong>ψη·</strong></span> 
     </span>
    </p>
   </div>
   <div class='ocr_carea' id='block_1_105' title="bbox 2035 4650 3601 4720">
    <p class='ocr_par' dir='ltr' id='par_1_105' title="bbox 2035 4650 3601 4720">
     <span class='ocr_line' id='line_1_105' title="bbox 2035 4650 3601 4720; baseline 0.003 -16"><span class='ocrx_word' id='word_1_759' title='bbox 2035 4650 2457 4705; x_wconf 81' lang='lat' dir='ltr'><strong>assentientibus</strong></span> <span class='ocrx_word' id='word_1_760' title='bbox 2493 4650 2806 4720; x_wconf 84' lang='lat' dir='ltr'><strong>episcopum</strong></span> <span class='ocrx_word' id='word_1_761' title='bbox 2834 4652 3046 4707; x_wconf 86' lang='lat' dir='ltr'><strong>illorum</strong></span> <span class='ocrx_word' id='word_1_762' title='bbox 3075 4654 3398 4708; x_wconf 84' lang='lat' dir='ltr'><strong>auctoritate</strong></span> <span class='ocrx_word' id='word_1_763' title='bbox 3416 4654 3601 4708; x_wconf 81' lang='lat' dir='ltr'><strong>creari</strong></span> 
     </span>
    </p>
   </div>
   <div class='ocr_carea' id='block_1_106' title="bbox 2034 4743 3606 4817">
    <p class='ocr_par' dir='ltr' id='par_1_106' title="bbox 2034 4743 3606 4817">
     <span class='ocr_line' id='line_1_106' title="bbox 2034 4743 3606 4817; baseline 0.004 -22"><span class='ocrx_word' id='word_1_764' title='bbox 2034 4743 2230 4814; x_wconf 88' lang='lat' dir='ltr'><strong>placet.</strong></span> <span class='ocrx_word' id='word_1_765' title='bbox 2270 4743 2398 4811; x_wconf 66' lang='lat' dir='ltr'><strong>Qua</strong></span> <span class='ocrx_word' id='word_1_766' title='bbox 2438 4745 2600 4814; x_wconf 76' lang='lat' dir='ltr'><strong>igitur</strong></span> <span class='ocrx_word' id='word_1_767' title='bbox 2649 4746 2742 4802; x_wconf 92' lang='lat' dir='ltr'><strong>illo</strong></span> <span class='ocrx_word' id='word_1_768' title='bbox 2792 4761 2999 4802; x_wconf 87' lang='lat' dir='ltr'><strong>canone</strong></span> <span class='ocrx_word' id='word_1_769' title='bbox 3050 4748 3499 4817; x_wconf 57' lang='lat' dir='ltr'><strong>praescribuntur,</strong></span> <span class='ocrx_word' id='word_1_770' title='bbox 3536 4764 3606 4811; x_wconf 78' lang='lat' dir='ltr'><strong>ea</strong></span> 
     </span>
    </p>
   </div>
   <div class='ocr_carea' id='block_1_107' title="bbox 2038 4835 3611 4913">
    <p class='ocr_par' dir='ltr' id='par_1_107' title="bbox 2038 4835 3611 4913">
     <span class='ocr_line' id='line_1_107' title="bbox 2038 4835 3611 4913; baseline 0.005 -24"><span class='ocrx_word' id='word_1_771' title='bbox 2038 4835 2293 4891; x_wconf 88' lang='lat' dir='ltr'><strong>nimirum</strong></span> <span class='ocrx_word' id='word_1_772' title='bbox 2324 4851 2354 4891; x_wconf 91' lang='lat' dir='ltr'><strong>a</strong></span> <span class='ocrx_word' id='word_1_773' title='bbox 2383 4839 2677 4905; x_wconf 85' lang='lat' dir='ltr'><strong>majoribus</strong></span> <span class='ocrx_word' id='word_1_774' title='bbox 2700 4848 2903 4894; x_wconf 87' lang='lat' dir='ltr'><strong>statuta</strong></span> <span class='ocrx_word' id='word_1_775' title='bbox 2933 4841 3139 4895; x_wconf 81' lang='lat' dir='ltr'><strong>servari</strong></span> <span class='ocrx_word' id='word_1_776' title='bbox 3166 4849 3418 4908; x_wconf 83' lang='lat' dir='ltr'><strong>oportere</strong></span> <span class='ocrx_word' id='word_1_777' title='bbox 3444 4840 3611 4913; x_wconf 73' lang='lat' dir='ltr'><strong>hujus</strong></span> 
     </span>
    </p>
   </div>
   <div class='ocr_carea' id='block_1_108' title="bbox 2034 4926 3611 4999">
    <p class='ocr_par' dir='ltr' id='par_1_108' title="bbox 2034 4926 3611 4999">
     <span class='ocr_line' id='line_1_108' title="bbox 2034 4926 3611 4999; baseline 0.003 -18"><span class='ocrx_word' id='word_1_778' title='bbox 2034 4927 2226 4998; x_wconf 83' lang='lat' dir='ltr'><strong>synodi</strong></span> <span class='ocrx_word' id='word_1_779' title='bbox 2269 4926 2461 4984; x_wconf 84' lang='lat' dir='ltr'><strong>Patres</strong></span> <span class='ocrx_word' id='word_1_780' title='bbox 2496 4928 2784 4984; x_wconf 71' lang='lat' dir='ltr'><strong>allii-mam.</strong></span> <span class='ocrx_word' id='word_1_781' title='bbox 2835 4928 3140 4987; x_wconf 83' lang='lat' dir='ltr'><strong>Creationis</strong></span> <span class='ocrx_word' id='word_1_782' title='bbox 3174 4947 3336 4999; x_wconf 83' lang='lat' dir='ltr'><strong>porro</strong></span> <span class='ocrx_word' id='word_1_783' title='bbox 3367 4933 3611 4993; x_wconf 88' lang='lat' dir='ltr'><strong>nomine,</strong></span> 
     </span>
    </p>
   </div>
   <div class='ocr_carea' id='block_1_109' title="bbox 2036 5021 3610 5089">
    <p class='ocr_par' dir='ltr' id='par_1_109' title="bbox 2036 5021 3610 5089">
     <span class='ocr_line' id='line_1_109' title="bbox 2036 5021 3610 5089; baseline 0.003 -18"><span class='ocrx_word' id='word_1_784' title='bbox 2036 5034 2142 5071; x_wconf 84' lang='lat' dir='ltr'><strong>non</strong></span> <span class='ocrx_word' id='word_1_785' title='bbox 2205 5032 2460 5073; x_wconf 83' lang='lat' dir='ltr'><strong>manuum</strong></span> <span class='ocrx_word' id='word_1_786' title='bbox 2510 5021 2785 5089; x_wconf 87' lang='lat' dir='ltr'><strong>impositio</strong></span> <span class='ocrx_word' id='word_1_787' title='bbox 2812 5031 2867 5074; x_wconf 89' lang='lat' dir='ltr'><strong>et</strong></span> <span class='ocrx_word' id='word_1_788' title='bbox 2895 5024 3255 5083; x_wconf 82' lang='lat' dir='ltr'><strong>consecratio,</strong></span> <span class='ocrx_word' id='word_1_789' title='bbox 3290 5026 3384 5079; x_wconf 87' lang='lat' dir='ltr'><strong>sed</strong></span> <span class='ocrx_word' id='word_1_790' title='bbox 3411 5022 3610 5077; x_wconf 86' lang='lat' dir='ltr'><strong>electio</strong></span> 
     </span>
    </p>
   </div>
   <div class='ocr_carea' id='block_1_110' title="bbox 2038 5108 3605 5183">
    <p class='ocr_par' dir='ltr' id='par_1_110' title="bbox 2038 5108 3605 5183">
     <span class='ocr_line' id='line_1_110' title="bbox 2038 5108 3605 5183; baseline 0.003 -18"><span class='ocrx_word' id='word_1_791' title='bbox 2038 5113 2141 5165; x_wconf 84' lang='lat' dir='ltr'><strong>hoc</strong></span> <span class='ocrx_word' id='word_1_792' title='bbox 2170 5108 2288 5167; x_wconf 88' lang='lat' dir='ltr'><strong>loco</strong></span> <span class='ocrx_word' id='word_1_793' title='bbox 2316 5112 2536 5182; x_wconf 82' lang='lat' dir='ltr'><strong>intelligi</strong></span> <span class='ocrx_word' id='word_1_794' title='bbox 2590 5115 2781 5179; x_wconf 89' lang='lat' dir='ltr'><strong>debet;</strong></span> <span class='ocrx_word' id='word_1_795' title='bbox 2815 5128 2885 5167; x_wconf 85' lang='lat' dir='ltr'><strong>ne</strong></span> <span class='ocrx_word' id='word_1_796' title='bbox 2930 5114 3106 5183; x_wconf 86' lang='lat' dir='ltr'><strong>primo</strong></span> <span class='ocrx_word' id='word_1_797' title='bbox 3128 5128 3440 5169; x_wconf 84' lang='lat' dir='ltr'><strong>sanctorum</strong></span> <span class='ocrx_word' id='word_1_798' title='bbox 3476 5128 3605 5183; x_wconf 84' lang='lat' dir='ltr'><strong>apo-</strong></span> 
     </span>
    </p>
   </div>
   <div class='ocr_carea' id='block_1_111' title="bbox 2036 5205 3606 5275">
    <p class='ocr_par' dir='ltr' id='par_1_111' title="bbox 2036 5205 3606 5275">
     <span class='ocr_line' id='line_1_111' title="bbox 2036 5205 3606 5275; baseline -0.001 -16"><span class='ocrx_word' id='word_1_799' title='bbox 2036 5207 2299 5259; x_wconf 82' lang='lat' dir='ltr'><strong>stolorum</strong></span> <span class='ocrx_word' id='word_1_800' title='bbox 2344 5205 2560 5268; x_wconf 85' lang='lat' dir='ltr'><strong>canoni,</strong></span> <span class='ocrx_word' id='word_1_801' title='bbox 2586 5205 2677 5275; x_wconf 83' lang='lat' dir='ltr'><strong>qui</strong></span> <span class='ocrx_word' id='word_1_802' title='bbox 2723 5221 2753 5257; x_wconf 73' lang='grc' dir='ltr'><strong>ε</strong></span> <span class='ocrx_word' id='word_1_803' title='bbox 2783 5205 2992 5260; x_wconf 86' lang='lat' dir='ltr'><strong>duobus</strong></span> <span class='ocrx_word' id='word_1_804' title='bbox 3018 5205 3286 5274; x_wconf 81' lang='lat' dir='ltr'><strong>episcopis</strong></span> <span class='ocrx_word' id='word_1_805' title='bbox 3311 5206 3606 5262; x_wconf 82' lang='lat' dir='ltr'><strong>creandum</strong></span> 
     </span>
    </p>
   </div>
   <div class='ocr_carea' id='block_1_112' title="bbox 2037 5300 3606 5369">
    <p class='ocr_par' dir='ltr' id='par_1_112' title="bbox 2037 5300 3606 5369">
     <span class='ocr_line' id='line_1_112' title="bbox 2037 5300 3606 5369; baseline -0.001 -15"><span class='ocrx_word' id='word_1_806' title='bbox 2037 5313 2159 5355; x_wconf 89' lang='lat' dir='ltr'><strong>esse</strong></span> <span class='ocrx_word' id='word_1_807' title='bbox 2188 5300 2498 5369; x_wconf 88' lang='lat' dir='ltr'><strong>episcopum</strong></span> <span class='ocrx_word' id='word_1_808' title='bbox 2528 5300 2796 5367; x_wconf 87' lang='lat' dir='ltr'><strong>decernit,</strong></span> <span class='ocrx_word' id='word_1_809' title='bbox 2830 5300 2921 5355; x_wconf 87' lang='lat' dir='ltr'><strong>hic</strong></span> <span class='ocrx_word' id='word_1_810' title='bbox 2949 5314 3126 5356; x_wconf 86' lang='lat' dir='ltr'><strong>canon</strong></span> <span class='ocrx_word' id='word_1_811' title='bbox 3148 5301 3457 5355; x_wconf 87' lang='lat' dir='ltr'><strong>contrarius</strong></span> <span class='ocrx_word' id='word_1_812' title='bbox 3479 5303 3606 5355; x_wconf 84' lang='lat' dir='ltr'><strong>esse</strong></span> 
     </span>
    </p>
   </div>
   <div class='ocr_carea' id='block_1_113' title="bbox 2038 5389 3605 5462">
    <p class='ocr_par' dir='ltr' id='par_1_113' title="bbox 2038 5389 3605 5462">
     <span class='ocr_line' id='line_1_113' title="bbox 2038 5389 3605 5462; baseline -0.001 -15"><span class='ocrx_word' id='word_1_813' title='bbox 2038 5393 2400 5447; x_wconf 82' lang='lat' dir='ltr'><strong>existimetur.</strong></span> <span class='ocrx_word' id='word_1_814' title='bbox 2428 5389 2563 5445; x_wconf 74' lang='lat' dir='ltr'><strong>Nam</strong></span> <span class='ocrx_word' id='word_1_815' title='bbox 2591 5390 2667 5448; x_wconf 89' lang='lat' dir='ltr'><strong>illi</strong></span> <span class='ocrx_word' id='word_1_816' title='bbox 2692 5392 2909 5462; x_wconf 76' lang='lat' dir='ltr'><strong>quidem</strong></span> <span class='ocrx_word' id='word_1_817' title='bbox 2937 5392 3085 5447; x_wconf 90' lang='lat' dir='ltr'><strong>nullo</strong></span> <span class='ocrx_word' id='word_1_818' title='bbox 3115 5393 3274 5448; x_wconf 86' lang='lat' dir='ltr'><strong>modo</strong></span> <span class='ocrx_word' id='word_1_819' title='bbox 3306 5392 3605 5460; x_wconf 84' lang='lat' dir='ltr'><strong>adversari,</strong></span> 
     </span>
    </p>
   </div>
   <div class='ocr_carea' id='block_1_114' title="bbox 2042 5481 3599 5556">
    <p class='ocr_par' dir='ltr' id='par_1_114' title="bbox 2042 5481 3599 5556">
     <span class='ocr_line' id='line_1_114' title="bbox 2042 5481 3599 5556; baseline -0.001 -19"><span class='ocrx_word' id='word_1_820' title='bbox 2042 5485 2094 5537; x_wconf 89' lang='lat' dir='ltr'><strong>in</strong></span> <span class='ocrx_word' id='word_1_821' title='bbox 2138 5481 2500 5554; x_wconf 82' lang='lat' dir='ltr'><strong>explicatione</strong></span> <span class='ocrx_word' id='word_1_822' title='bbox 2549 5483 2780 5539; x_wconf 78' lang='lat' dir='ltr'><strong>canonis</strong></span> <span class='ocrx_word' id='word_1_823' title='bbox 2830 5484 2865 5539; x_wconf 73' lang='grc'><strong>4</strong></span> <span class='ocrx_word' id='word_1_824' title='bbox 2921 5482 3147 5538; x_wconf 59' lang='lat' dir='ltr'><strong>Nicena</strong></span> <span class='ocrx_word' id='word_1_825' title='bbox 3176 5484 3362 5556; x_wconf 63' lang='lat' dir='ltr'><strong>prima</strong></span> <span class='ocrx_word' id='word_1_826' title='bbox 3414 5482 3599 5553; x_wconf 84' lang='lat' dir='ltr'><strong>synodi</strong></span> 
     </span>
    </p>
   </div>
   <div class='ocr_carea' id='block_1_115' title="bbox 2042 5561 3607 5643">
    <p class='ocr_par' dir='ltr' id='par_1_115' title="bbox 2042 5561 3607 5643">
     <span class='ocr_line' id='line_1_115' title="bbox 2042 5561 3607 5643; baseline -0.001 -11"><span class='ocrx_word' id='word_1_827' title='bbox 2042 5561 2578 5643; x_wconf 78' lang='lat' dir='ltr'><strong>demonstravimus;</strong></span> <span class='ocrx_word' id='word_1_828' title='bbox 2617 5586 2673 5631; x_wconf 91' lang='lat' dir='ltr'><strong>tu</strong></span> <span class='ocrx_word' id='word_1_829' title='bbox 2701 5592 2819 5633; x_wconf 87' lang='lat' dir='ltr'><strong>eam</strong></span> <span class='ocrx_word' id='word_1_830' title='bbox 2867 5576 3011 5632; x_wconf 88' lang='lat' dir='ltr'><strong>vide.</strong></span> <span class='ocrx_word' id='word_1_831' title='bbox 3067 5575 3333 5632; x_wconf 83' lang='lat' dir='ltr'><strong>Primates</strong></span> <span class='ocrx_word' id='word_1_832' title='bbox 3365 5589 3494 5630; x_wconf 77' lang='lat' dir='ltr'><strong>vero</strong></span> <span class='ocrx_word' id='word_1_833' title='bbox 3518 5575 3607 5630; x_wconf 86' lang='lat' dir='ltr'><strong>hic</strong></span> 
     </span>
    </p>
   </div>
   <div class='ocr_carea' id='block_1_116' title="bbox 2042 5669 3607 5741">
    <p class='ocr_par' dir='ltr' id='par_1_116' title="bbox 2042 5669 3607 5741">
     <span class='ocr_line' id='line_1_116' title="bbox 2042 5669 3607 5741; baseline 0 -19"><span class='ocrx_word' id='word_1_834' title='bbox 2042 5670 2445 5740; x_wconf 83' lang='lat' dir='ltr'><strong>provinciarum</strong></span> <span class='ocrx_word' id='word_1_835' title='bbox 2481 5708 2498 5737; x_wconf 95' lang='lat'><strong>,</strong></span> <span class='ocrx_word' id='word_1_836' title='bbox 2561 5670 2931 5741; x_wconf 85' lang='lat' dir='ltr'><strong>metropolitas</strong></span> <span class='ocrx_word' id='word_1_837' title='bbox 2985 5669 3250 5735; x_wconf 89' lang='lat' dir='ltr'><strong>nominat,</strong></span> <span class='ocrx_word' id='word_1_838' title='bbox 3306 5682 3607 5738; x_wconf 83' lang='lat' dir='ltr'><strong>eorumque</strong></span> 
     </span>
    </p>
   </div>
   <div class='ocr_carea' id='block_1_117' title="bbox 2045 5760 3606 5834">
    <p class='ocr_par' dir='ltr' id='par_1_117' title="bbox 2045 5760 3606 5834">
     <span class='ocr_line' id='line_1_117' title="bbox 2045 5760 3606 5834; baseline -0.003 -17"><span class='ocrx_word' id='word_1_839' title='bbox 2045 5763 2317 5829; x_wconf 86' lang='lat' dir='ltr'><strong>mandato,</strong></span> <span class='ocrx_word' id='word_1_840' title='bbox 2371 5762 2473 5817; x_wconf 86' lang='lat' dir='ltr'><strong>hoc</strong></span> <span class='ocrx_word' id='word_1_841' title='bbox 2519 5768 2620 5828; x_wconf 83' lang='lat' dir='ltr'><strong>est,</strong></span> <span class='ocrx_word' id='word_1_842' title='bbox 2650 5761 2830 5829; x_wconf 86' lang='lat' dir='ltr'><strong>jussu,</strong></span> <span class='ocrx_word' id='word_1_843' title='bbox 2869 5764 2939 5819; x_wconf 87' lang='lat' dir='ltr'><strong>ab</strong></span> <span class='ocrx_word' id='word_1_844' title='bbox 2962 5764 3226 5834; x_wconf 83' lang='lat' dir='ltr'><strong>episcopis</strong></span> <span class='ocrx_word' id='word_1_845' title='bbox 3290 5760 3606 5825; x_wconf 82' lang='lat' dir='ltr'><strong>creandum,</strong></span> 
     </span>
    </p>
   </div>
   <div class='ocr_carea' id='block_1_118' title="bbox 2047 5850 3608 5926">
    <p class='ocr_par' dir='ltr' id='par_1_118' title="bbox 2047 5850 3608 5926">
     <span class='ocr_line' id='line_1_118' title="bbox 2047 5850 3608 5926; baseline -0.001 -18"><span class='ocrx_word' id='word_1_846' title='bbox 2047 5858 2151 5909; x_wconf 86' lang='lat' dir='ltr'><strong>hoc</strong></span> <span class='ocrx_word' id='word_1_847' title='bbox 2174 5866 2285 5919; x_wconf 89' lang='lat' dir='ltr'><strong>est,</strong></span> <span class='ocrx_word' id='word_1_848' title='bbox 2327 5852 2636 5923; x_wconf 78' lang='lat' dir='ltr'><strong>eligendum</strong></span> <span class='ocrx_word' id='word_1_849' title='bbox 2666 5870 2789 5911; x_wconf 84' lang='lat' dir='ltr'><strong>esse</strong></span> <span class='ocrx_word' id='word_1_850' title='bbox 2810 5855 3113 5926; x_wconf 87' lang='lat' dir='ltr'><strong>episcopum</strong></span> <span class='ocrx_word' id='word_1_851' title='bbox 3143 5852 3406 5912; x_wconf 79' lang='lat' dir='ltr'><strong>decernit.</strong></span> <span class='ocrx_word' id='word_1_852' title='bbox 3452 5850 3608 5917; x_wconf 86' lang='lat' dir='ltr'><strong>Quod</strong></span> 
     </span>
    </p>
   </div>
  </div>
