4098 6288
558 383 626 444 ’11
1816 365 2093 427 THEOD.
2144 365 2155 422 1

2260 362 2375 423 LSA
2387 361 2545 423 ΜΟΝ
3745 357 3814 417 72

556 489 760 558 judicio
791 485 1050 539 adversus
1093 490 1365 537 sacratum
1403 477 1486 533 vel
1516 477 1839 535 monachum
1877 478 2133 531 erimina-

2263 475 2359 543 ὼν,
2429 474 2853 546 καταφρονήσας
2929 472 3026 544 τῆς
3098 472 3356 544 τοιαύτης
3427 469 3810 544 θεσμοθεσίαξ,

563 584 666 635 iem
697 579 965 633 actionem
999 574 1329 638 intenderit;
1359 570 1441 626 vel
1487 570 1534 627 si
1574 574 1697 641 quis
1723 570 1787 626 ad
1820 576 2132 639 competens

558 672 738 725 forum
797 668 1228 724 ecclesiasticum
1295 678 1523 732 tractus,
1588 667 1636 718 id
1697 664 2050 727 recusaverit,
2081 671 2134 719 et

562 765 835 836 publicum
897 777 992 816 seu
1045 762 1203 818 civile
1255 762 1478 829 elegerit
1534 759 1609 834 (id
1665 758 1810 812 enim
1857 769 1942 814 cst
2001 757 2136 812 velle

562 859 805 929 purgari,
868 873 962 910 seu
1015 871 1043 908 a
1086 855 1314 908 crimine
1349 851 1485 906 velle
1517 851 1724 905 absolvi
1769 852 2137 917 innocensque

563 949 830 1005 declarari
896 964 990 1016 per
1045 947 1319 1017 publicum
1345 943 1655 1013 judicium),
1699 943 1913 996 etiamsi
1945 943 1997 996 in
2045 941 2138 995 illo

565 1046 782 1112 publico
839 1041 1042 1109 judicio
1106 1039 1321 1101 vicerit,
1355 1035 1471 1090 sive
1503 1043 1672 1098 actor,
1720 1035 1836 1088 sive
1865 1051 2027 1088 reus:
2062 1044 2141 1088 ta-

567 1153 687 1192 men
725 1136 997 1206 preprium
1041 1133 1244 1194 locum,
1305 1132 1418 1184 sive
1485 1129 1709 1200 gradum
1768 1137 1824 1180 et
1879 1128 2136 1184 honorem

561 1228 959 1286 sacerdotalem
1018 1225 1263 1288 amittet;
1314 1232 1531 1292 prepter
1595 1220 1694 1273 hoc
1739 1220 1912 1288 ipsum
1965 1221 2138 1273 solum

564 1321 867 1388 depositus,
901 1320 1041 1386 quod
1083 1313 1288 1370 scilicet
1315 1314 1490 1369 lorum
1510 1312 1940 1368 ecclesiasticum
1980 1327 2139 1365 recu-

571 1413 797 1475 saverit,
825 1419 877 1466 et
908 1409 1063 1464 civile
1097 1407 1347 1476 elegerit.
1379 1408 1444 1460 Et
1484 1407 1705 1474 quando
1732 1403 1899 1457 fuerit
1923 1403 2139 1471 quidem

568 1502 852 1560 criminale
914 1498 1201 1570 judicium,
1231 1499 1310 1552 sic
1363 1499 1506 1552 erit:
1570 1499 1788 1566 quando
1843 1505 2142 1548 autemest

567 1597 728 1652 civile
757 1598 902 1664 quod
929 1602 1193 1658 movetur,
1226 1608 1317 1646 seu
1362 1591 1760 1660 pecuniarium,
1803 1589 2018 1642 etiamsi
2049 1603 2141 1643 sa-

568 1701 759 1746 cratus
791 1688 1115 1742 sententiam
1152 1684 1470 1749 obtinuerit,
1507 1683 1590 1738 sic
1619 1694 1835 1752 quoque
1861 1697 1894 1735 a
1921 1683 2144 1752 preprio

573 1784 740 1852 gradu
802 1776 1035 1846 excidet,
1077 1779 1178 1832 nisi
1239 1793 1351 1832 rem
1416 1778 1822 1845 contempserit,
1875 1792 1970 1845 pro
2035 1790 2140 1847 qua

572 1877 902 1931 sententiam
943 1873 1192 1935 obtinuit,
1226 1881 1279 1925 et
1325 1886 1388 1924 ea
1435 1871 1658 1924 cesserit
1708 1868 2020 1923 adversario
2043 1883 2143 1922 suo

573 1986 602 2022 a
631 1983 690 2022 se
726 1972 1003 2034 superato.
1042 1966 1304 2020 Praeterea
1355 1963 1712 2017 decreverunt
1755 1956 1970 2025 Patr-es,
2008 1971 2065 2014 ut
2097 1960 2141 2014 si

575 2061 699 2130 quis
728 2062 988 2115 adversus
1021 2058 1396 2127 episeuporum
1437 2055 1516 2108 vel
1560 2055 1787 2107 aliorum
1814 2053 2146 2110 ecclesiasti-

577 2167 762 2207 corum
815 2151 1056 2219 judicum
1091 2148 1413 2202 sententiam
1475 2147 1846 2219 appellaverit,
1881 2158 1935 2201 et
1968 2148 2146 2215 appel-

577 2244 706 2299 latio
744 2245 810 2298 ad
845 2244 1102 2311 majorem
1127 2244 1385 2311 judicent,
1416 2241 1849 2297 ecclesiasticum
1877 2243 2144 2307 videlicet,

586 2338 837 2401 redierit,
905 2335 1053 2404 juxta
1108 2337 1468 2391 universalem
1519 2334 1659 2402 juris
1725 2337 1984 2402 regulam,
2026 2347 2146 2401 qua:

581 2430 790 2491 statuit,
837 2429 1068 2498 judices,
1099 2428 1164 2481 ad
1195 2444 1330 2496 quos
1361 2429 1682 2498 appellatur,
1734 2437 1989 2494 oportere
2028 2439 2149 2480 esse

582 2518 816 2584 majores
842 2518 907 2570 iis
939 2518 1029 2586 qui
1061 2520 1295 2586 primum
1338 2518 1698 2588 judicaverint
1730 2534 1744 2570 :
1779 2525 1833 2570 et
1862 2520 2149 2588 contigerit

581 2625 611 2662 a
635 2609 905 2678 iudicibus
927 2609 1301 2678 appellationis
1333 2612 1558 2680 primatu
1585 2613 1906 2665 sententiam
1939 2612 2107 2664 everti
2133 2629 2148 2676 ;

583 2699 728 2752 nulla
759 2699 811 2751 in
850 2714 908 2752 re
937 2699 1204 2752 laedantur
1229 2700 1284 2762 ii,
1313 2701 1405 2768 qui
1438 2698 1669 2768 primam
1709 2704 2038 2756 sententiam
2071 2709 2154 2753 tu-

585 2792 781 2856 lerunt,
806 2793 920 2845 sive
969 2792 1038 2844 sit
1092 2807 1256 2843 causa
1291 2792 1610 2855 criminalis,
1651 2796 1768 2846 sive
1801 2796 2151 2863 pecuniaria;

587 2881 689 2935 nisi
726 2882 760 2934 ii
799 2881 1034 2935 convicti
1087 2881 1288 2934 fuerint
1318 2883 1645 2934 sententiam
1683 2882 1870 2935 tulisse
1937 2879 2155 2951 propter

583 2973 766 3026 odium
798 2973 917 3041 ejus
947 2971 1040 3040 qui
1090 2971 1382 3026 damnatus
1409 2983 1514 3036 est,
1550 2975 1633 3028 vel
1666 2983 1884 3043 propter
1912 2974 2154 3027 amerin-

585 3078 706 3118 netn
741 3065 794 3118 in
829 3079 954 3116 eum
1008 3064 1101 3132 qui
1143 3068 1224 3118 est
1278 3065 1578 3129 absolutus,
1608 3066 1691 3118 vel
1737 3077 1792 3119 ut
1842 3067 2158 3120 muneribus

2236 570 2483 639 ἐναγάγῃ
2537 568 2690 630 παρὰ
2754 566 3018 631 πολιτικῷ
3073 564 3414 637 δικαστηρίῳ
3471 566 3617 620 κατὰ
3652 567 3809 632 ἱερω-

2241 663 2472 738 μένουῆ
2518 661 2756 735 μοναχοῦ
2812 661 2942 730 περὶ
2993 659 3414 731 ἐγκληματικῆς
3475 659 3812 724 ὑποθέσεως,

2238 759 2271 830 ἢ
2303 760 2465 822 εἴτις
2494 756 2697 818 αὐτῶν,
2734 756 2882 826 παρὰ
2912 753 2990 825 τῷ
3021 755 3320 823 προσφόρῳ
3359 751 3810 822 ἐκκλησιαστικῷ

2238 849 2574 917 δικαστηρίῳ
2630 843 2954 908 ἐλκυσθεὶς,
3010 845 3412 914 παραιτήσεται
3475 843 3654 907 τοῦτο,
3715 844 3809 896 καὶ

2240 939 2544 1003 ἐπιλέξεται
2585 937 2944 1007 δικαστήριον
2993 934 3295 1004 δημοτικὸν
3342 935 3464 1006 ήτοι
3528 935 3807 986 πολιτικὸν

2242 1031 2422 1103 (τοῦτο
2499 1030 2609 1101 γάρ
2671 1031 2784 1082 ἐστι
2856 1028 2918 1080 τὸ
2995 1027 3202 1084 ἐθέλειν
3273 1028 3620 1098 καθαρθῆναι
3691 1027 3811 1099 ήτοι

2241 1124 2569 1192 ἀθωωθῆναι
2607 1121 2704 1175 τοῦ
2735 1120 3064 1187 αἰτιάματος
3105 1120 3198 1174 διὰ
3235 1122 3498 1192 δημοσίου
3544 1119 3808 1191 δικαστη-

2244 1216 2408 1283 ρίου),
2453 1213 2556 1266 κᾶν
2599 1210 2798 1281 νικήσῃ
2843 1211 2902 1262 ἐν
2969 1210 3048 1278 τῷ
3104 1211 3375 1280 δικαστηρ
3401 1227 3449 1281 ῳ
3494 1211 3689 1281 ἐκείνῳ
3737 1209 3814 1280 τῷ

2241 1305 2532 1376 πολιτικῷ,
2578 1306 2690 1359 εἴτε
2732 1303 2811 1368 ὡς
2855 1302 3104 1369 ἐνάγων,
3152 1305 3205 1355 εἰ
3248 1321 3308 1356 τε
3347 1305 3421 1370 ώς
3464 1307 3817 1374 ἐναγόμενος,

2243 1400 2399 1469 ὅμως
2427 1400 2518 1450 τὸν
2554 1398 2688 1459 ῐδιον
2713 1401 2899 1468 τόπον,
2922 1404 3039 1474 ﬁco:
3067 1401 3276 1472 βαθμὸν
3298 1401 3392 1455 καὶ
3419 1399 3517 1470 τὴν
3540 1399 3822 1473 ἱερατικὴν

2243 1488 2411 1556 τιμὴν
2438 1487 2701 1542 ἀπολέσει
2729 1506 2744 1519 ο
2771 1489 2861 1543 διὰ
2893 1491 3054 1544 τοῦτο
3101 1491 3236 1543 αὐτὸ
3265 1491 3362 1544 καὶ
3408 1490 3571 1560 μόνον
3621 1489 3819 1546 καθαι-

2250 1579 2532 1652 ρούμενος,
2567 1581 2655 1634 διὰ
2686 1582 2748 1634 τὸ
2779 1581 3224 1652 παραιτήσασθαι
3255 1581 3317 1635 τδ
3347 1579 3816 1653 ἐκκλησιαστικὸν

2245 1673 2620 1745 δικαστήριον,
2647 1675 2744 1728 καὶ
2776 1674 3135 1740 ἐπιλέξασθαι
3162 1673 3224 1728 τὺ
3250 1675 3552 1728 πολιτικόν.
3581 1674 3710 1727 Καὶ·
3729 1674 3820 1726 ὅτε

2255 1768 2353 1836 μὲν
2402 1767 2810 1836 ἐγκληματικὸν
2860 1767 2950 1836 εἴη
2989 1768 3050 1820 τὸ
3103 1767 3477 1837 δικαστήριον,
3525 1767 3822 1836 γενήσεται

2249 1863 2450 1917 τοῦτο’
2501 1864 2589 1916 ὅτε
2637 1863 2695 1916 δὲ
2745 1860 3027 1916 πολιτικόν
3082 1864 3203 1915 ἐστι
3243 1863 3304 1914 τὸ
3355 1859 3670 1930 κινούμενον
3701 1860 3823 1932 ήτοι

2249 1957 2612 2028 χρηματικὺν,
2649 1955 2754 2009 κᾶν
2795 1954 3060 2025 δικαιωθῇ
3094 1958 3122 2008 ὀ
3155 1953 3468 2025 ἱερωμένος,
3524 1958 3620 2007 καὶ
3647 1953 3823 2018 οὕτως

2252 2050 2567 2102 ἐκπεσεῖται
2595 2049 2690 2101 τοῦ
2722 2048 2926 2101 οἰκείου
2959 2045 3192 2116 βαθμοῦ,
3221 2049 3270 2099 ει
3307 2047 3381 2116 μὴ
3408 2047 3824 2115 καταφρονήσει

2250 2142 2344 2194 τοῦ
2372 2141 2700 2212 πράγματος
2727 2140 2817 2209 ἐφ’
2849 2133 2893 2208 ᾧ
2927 2138 3246 2207 ἐδικαιώθη,
3280 2141 3373 2191 καὶ
3418 2140 3823 2209 παραχωρήσει

2252 2232 2550 2286 εἷναιαὺτὸ
2585 2232 2835 2305 παρὰτῷ
2868 2233 3127 2302 ἀντιδίκῳ
3172 2231 3337 2285 αὑτοῦ
3379 2232 3456 2300 τῷ
3500 2231 3819 2302 ἡττηθέντι.

2255 2328 2396 2397 Πρὸς
2430 2325 2642 2387 τούτοις
2674 2325 2886 2393 ὥρισαν
2913 2327 2961 2378 οἱ
2987 2325 3255 2396 Πατέρες,
3294 2323 3404 2386 ἶνα,
3439 2324 3536 2377 ἐὰν
3584 2326 3819 2379 ἐκκαλέο

2257 2420 2416 2490 σηταί
2464 2435 2548 2481 τις
2604 2420 2747 2470 κατὰ
2790 2417 3123 2485 ἀποφάσεως
3167 2418 3489 2470 ἐπισκόπων
3536 2417 3568 2488 ἦ
3621 2420 3828 2489 ἐτέρων

2254 2512 2526 2566 δικαστῶν
2566 2511 3064 2582 ἐκκλησιαστικῶν,
3097 2511 3190 2563 καὶ
3245 2512 3278 2581 ή
3313 2509 3580 2581 ἐκκλητος
3613 2513 3826 2564 ἐπανα-

2253 2606 2439 2675 δράμῃ
2467 2605 2542 2665 εἰς
2568 2603 2786 2674 μείζονα
2811 2603 3093 2668 δικαστὴν,
3114 2602 3327 2664 πάντως
3349 2603 3825 2673 ἐκκλησιαστικὸν,

2256 2699 2397 2752 κατὰ
2441 2700 2538 2767 τὴν
2579 2697 2813 2750 καθόλου
2846 2696 3078 2767 νομικὴν
3113 2695 3494 2760 διδασκαλίαν,
3518 2696 3618 2767 τὴν
3649 2697 3828 2767 διορι-

2260 2791 2498 2861 ζομένην
2540 2791 2668 2853 τοὺς
2730 2788 3026 2858 ἐκκλήτους
3075 2789 3339 2850 δικαστὰς
3386 2788 3628 2855 ὀφεξλειν
3679 2783 3828 2844 εἶναι

2262 2885 2512 2954 μείζονας
2563 2883 2670 2934 τῶν
2735 2882 2968 2952 πρώτως
3045 2882 3422 2943 δικασάντων,
3481 2881 3577 2937 καὶ
3644 2882 3829 2954 συμϐῇ

2257 2976 2647 3045 ἀνατραπῆναι
2697 2974 2797 3046 τὴν
2867 2972 3094 3043 πρώτην
3163 2975 3444 3041 ἀπόφασιν
3509 2973 3662 3045 παρὰ
3722 2975 3834 3026 τῶν

2261 3066 2636 3138 ἐκκληταρίων
2683 3066 2997 3131 δικαστῶν,
3062 3066 3209 3119 κατὰ
3265 3067 3433 3137 μηδὲν
3493 3065 3833 3137 βλάπτεσθαι

585 3159 869 3226 corrupti;
915 3159 966 3210 id
999 3159 1143 3210 enim
1176 3169 1258 3211 εει
1285 3156 1456 3227 gratia
1502 3167 1818 3227 corruptum
1856 3172 2016 3216 esse;
2059 3167 2153 3211 aut

2260 3160 2386 3222 τοὺς
2435 3159 2669 3228 πρώτως
2731 3158 3233 3228 ἀποφηναμένους,
3280 3158 3385 3210 κᾶν
3437 3159 3828 3228 ὲγκληματική

588 3252 902 3304 muneribus
967 3251 1338 3317 corrumpitur
1384 3250 1699 3317 quispiam,
1761 3248 1842 3302 vel
1897 3251 2152 3318 pecunias

588 3342 923 3409 accipiendo,
949 3339 1030 3392 vel
1059 3357 1123 3393 eo
1146 3341 1238 3407 qui
1260 3343 1435 3408 ipsum
1468 3341 1734 3408 corrupit,
1768 3342 1948 3411 aliqua
1976 3343 2152 3412 gratia

589 3433 675 3488 vel
704 3434 967 3490 benelicio
1000 3434 1332 3486 demerente.
1375 3430 1511 3486 Nota
1547 3449 1674 3502 ergo
1699 3442 2021 3503 pmsentem
2059 3450 2157 3488 ea.

590 3543 808 3593 nonem,
867 3527 1111 3580 homines
1143 3534 1387 3581 sacratos
1442 3528 1592 3582 valde
1651 3531 2009 3598 punientem,
2066 3529 2156 3595 qui

591 3624 1076 3689 quomodocuuque
1133 3620 1184 3671 in
1242 3611 1478 3686 politicis
1529 3619 1750 3687 judiciis
1782 3621 2010 3690 litigant.
2044 3617 2157 3672 Nec

597 3713 695 3767 tibi
745 3714 1076 3766 centrarium
1124 3712 1365 3765 videatur
1411 3726 1531 3780 cap.
1575 3711 1665 3773 90,
1717 3713 1800 3767 lit.
1856 3713 1908 3778 l,
1964 3711 2056 3764 lib.
2109 3728 2158 3766 xx

591 3803 787 3857 Basilio
819 3843 835 3868 ,
869 3815 923 3857 et
953 3819 1078 3873 cap.
1114 3802 1169 3864 9.
1196 3804 1280 3856 tit.
1306 3801 1360 3867 5,
1390 3802 1483 3855 lib.
1514 3819 1593 3867 ιη,
1626 3805 1767 3872 quod
1793 3805 1943 3867 dicit,
1978 3820 2162 3859 sacra-

593 3908 677 3950 tos
705 3897 1016 3952 renuntiare
1043 3912 1200 3965 posse
1227 3901 1516 3954 sacerdotii
1547 3897 1956 3968 pmscriptioni.
1978 3895 2162 3962 Quan-

593 3997 705 4042 tum
765 3989 906 4042 enim
965 3994 1030 4042 ad
1091 3994 1460 4047 adversarium
1492 3988 1709 4055 attinet,
1741 3992 1876 4043 valet
1930 3991 2032 4044 hoc
2063 4004 2158 4056 pa.

593 4092 761 4135 ctum.
827 4081 920 4134 Est
970 4093 1150 4134 autem
1205 4084 1310 4136 alia
1338 4085 1478 4138 ratio
1503 4084 1647 4150 quod
1675 4083 1975 4137 secundum
2026 4097 2163 4152 pra:-

597 4184 804 4230 senrem
839 4191 1100 4229 canonem
1160 4176 1372 4229 laeditur
1436 4178 1525 4245 qui
1586 4191 1709 4230 eum
1777 4177 2166 4244 contempserit

596 4269 770 4320 sacris
853 4267 1118 4320 initiatus.
1179 4267 1318 4336 Lege
1380 4277 1434 4321 et
1495 4267 1856 4322 centesimum
1911 4275 2165 4334 quartum

597 4373 859 4417 canonem
943 4357 1130 4427 synodi
1187 4359 1490 4426 praesentis,
1541 4367 1594 4410 et
1642 4355 1901 4409 Chalced.
1974 4355 2164 4424 synodi

598 4462 859 4502 canonem
892 4446 947 4501 9.
969 4447 1104 4500 Cum
1140 4449 1318 4502 autem
1340 4461 1512 4499 canon
1533 4447 1780 4513 superius
1810 4448 2080 4501 statuerit,
2111 4450 2167 4493 ut

2260 3251 2515 3319 ἐστι,κᾶν
2544 3253 2862 3321 χρηματικὴ
2902 3252 3177 3314 ὑπόθεσις·
3215 3251 3262 3304 et
3294 3251 3462 3323 μήπω
3492 3250 3828 3321 ἐλεγχθῶσιν

2259 3341 2404 3400 οὗτοι
2440 3346 2851 3414 ἀποφηνάμενοι
2879 3345 3020 3397 κατᾶ
3048 3346 3249 3415 ἔχθραν
3279 3343 3373 3398 τοῦ
3401 3346 3836 3402 καταδικασθέν-

2261 3454 2373 3502 τος,
2408 3438 2441 3506 ἢ
2472 3436 2610 3488 κατὰ
2671 3438 3053 3503 προσπάθειαν
3089 3435 3184 3488 τοῦ
3235 3436 3642 3500 δικαιωθέντος,
3684 3437 3717 3508 ἦ
3756 3435 3836 3498 ὥς

2260 3527 2724 3600 δωροδοκηθέντες
2745 3546 2758 3559 ·
2792 3528 2951 3585 τοῦτο
2989 3529 3098 3597 γάρ
3130 3531 3247 3581 ἐστι
3277 3531 3338 3582 τὸ
3369 3529 3557 3601 χάριτι
3589 3528 3833 3598 ὑποφθαο

2268 3623 2455 3692 ρῆναι·
2479 3623 2598 3693 ἦτοι
2630 3621 3010 3693 δωροδοκιῖταί
3038 3638 3120 3682 τις
3147 3621 3182 3694 ἦ
3215 3622 3482 3694 χρήματα
3512 3622 3836 3692 λαμϐάνων,
3880 3623 3885 3626 ’

2263 3714 2297 3784 ἢ
2349 3713 2516 3782 ἄλλην
2560 3714 2682 3767 τινὰ
2730 3714 2894 3783 χάριν
2937 3711 3088 3782 αὐτῷ
3136 3712 3475 3782 πληροῦντας
3521 3713 3616 3766 τοῦ
3671 3714 3840 3768 αὐτὸν

2264 3803 2715 3874 ὑποφθείραντος.
2740 3805 3054 3873 Σημείωσαι
3091 3802 3184 3857 οὖν
3218 3805 3308 3856 τὸν
3334 3805 3578 3875 παρόντα
3605 3807 3830 3868 κανόνας

2269 3896 2517 3966 μεγάλως
2564 3895 2862 3960 κολάζοντα
2901 3897 3030 3958 τοὺς
3076 3898 3388 3967 ἱερατικοὺς
3435 3897 3835 3966 δικαζομένους

2266 3989 2625 4059 ὁπωσδήποτε
2689 3989 2768 4050 εἰς
2831 3979 3164 4058 δικαστήρία
3228 3991 3505 4044 πολιτικά·
3571 3992 3683 4045 Καὶ
3759 3994 3842 4059 μὴ

2267 4084 2561 4152 ἐναντιωθῇ
2590 4097 2670 4133 σοι
2691 4084 2750 4133 τὸ
2780 4099 2903 4150 κειρ.
2924 4087 2971 4148 t,’
2999 4081 3094 4136 τοῦ
3122 4079 3172 4134 α’
3195 4081 3376 4135 τίτλου
3406 4082 3500 4138 τοῦ
3532 4089 3600 4136 ια’
3631 4083 3840 4152 βιϐλίου

2267 4176 2373 4228 τῶν
2405 4172 2730 4237 Βασιλικῶν,
2757 4175 2850 4227 καὶ
2898 4174 2957 4226 τὺ
2993 4174 3035 4226 θ’
3088 4190 3218 4240 κεφ.
3269 4173 3364 4227 τοῦ
3399 4173 3451 4242 γ’
3471 4177 3577 4230 τίτ.
3630 4175 3841 4244 βιϐλίου

2266 4266 2360 4323 τοῦ
2399 4264 2447 4334 γ’
2479 4267 2731 4332 λέγοντος
2775 4265 3035 4318 δύνασθαι
3071 4265 3199 4330 τοὺς
3239 4265 3568 4336 ἱερωμένους
3606 4268 3845 4320 ἀποτάτ-

2268 4357 2457 4410 τεσθαι
2513 4360 2578 4426 τῇ
2628 4357 2727 4424 τῆς
2783 4357 3088 4428 ἱερωσύνης
3137 4361 3510 4429 παραγραφῇ’
3562 4359 3687 4413 ὅσον
3733 4361 3846 4431 γάρ

2272 4451 2407 4520 πρὸς
2454 4450 2544 4500 τὸν
2599 4448 2872 4500 ἀντίδικον
2935 4448 3171 4522 ἔρρωται
3214 4450 3275 4501 τὸ
3325 4449 3618 4518 σύμφωνον
3659 4450 3842 4504 τοῦτο.

597 4544 838 4612 episcopi
857 4541 1013 4612 531
1043 4557 1068 4590 a
1094 4540 1374 4594 duodecim
1391 4540 1662 4607 episcopis
1673 4539 2003 4606 judicentur,
2028 4552 2155 4591 asc:

2275 4519 2504 4610 Ἕτερον
2535 4540 2590 4592 δὲ
2620 4540 2779 4607 λόγου
2807 4519 3058 4605 £671,313
3091 4542 3387 4612 βλάπτεται
3413 4544 3554 4596 κατὰ
3576 4544 3668 4597 τὸν
3702 4560 3846 4615 παρ-

601 4643 780 4688 autem
831 4635 1169 4696 sacerdotes,
1201 4643 1254 4686 et
1281 4631 1497 4684 diaconi
1533 4647 1561 4684 a
1615 4632 1788 4685 tribus
1823 4647 1837 4682 :
1873 4629 2170 4698 sultjunxe-

606 4738 732 4782 runt
798 4727 1008 4787 Patres,
1062 4726 1204 4795 quod
1265 4740 1385 4793 quae
1438 4728 1504 4777 de
1538 4723 2168 4793 appellationibnsdtcta

602 4830 727 4872 sunt
760 4833 813 4874 et
852 4820 1052 4885 reliqua
1099 4817 1274 4871 locum
1314 4820 1531 4878 habent,
1573 4817 1795 4884 quando
1842 4815 2049 4882 judicia
2078 4828 2169 4865 ee-

601 4913 903 4968 clesiastiea
960 4911 1099 4980 apud
1127 4923 1205 4965 tot
1232 4919 1602 4978 competentes
1651 4910 1863 4978 judices
1913 4908 2167 4961 iuerint:

603 5020 708 5058 non
764 5015 968 5067 autem,
995 5004 1211 5072 quando
1242 5019 1304 5056 ex
1336 5002 1672 5056 accusatoris
1714 5009 1770 5055 et
1805 4999 1920 5066 ejus
1959 5000 2052 5069 qui
2083 5014 2175 5052 ac-

603 5105 824 5150 cusatur
851 5095 1153 5155 voluntate,
1193 5097 1333 5164 apud
1363 5095 1575 5164 aliquos
1607 5094 1809 5147 electos
1850 5107 1942 5146 seu
1972 5106 2036 5146 ex
2062 5091 2174 5143 ele-

603 5189 785 5242 ctione
834 5198 1116 5255 susceptos
1140 5189 1372 5256 judiees,
1406 5187 1496 5255 qni
1548 5201 1687 5252 saepe
1737 5196 1868 5240 sunt
1892 5184 2175 5254 pauciores

606 5297 769 5349 quam
826 5280 1128 5334 canonibus
1183 5282 1539 5334 constitutum
1604 5279 1697 5343 sit,
1758 5276 1924 5346 aliqui
1970 5270 2176 5346 judicio

603 5372 999 5430 contenderint.
1053 5370 1208 5426 Tunc
1237 5372 1382 5426 enim
1414 5373 1468 5424 in
1522 5385 1710 5425 eorum
1747 5372 2073 5423 sententiam
2111 5382 2175 5422 ne

604 5461 892 5531 appellatio
944 5463 1158 5533 quidem
1212 5462 1396 5527 cadit,
1430 5472 1488 5515 ut
1544 5461 1675 5518 dicit
1725 5461 1805 5514 lex
1864 5462 1915 5514 in
1951 5460 2041 5512 lib.
2080 5473 2175 5520 vn,

608 5558 693 5609 tit.
727 5556 799 5622 2,-
843 5571 962 5626 cap.
990 5555 1086 5621 Ἦ,
1118 5557 1282 5612 them.
1311 5557 1367 5621 '5,
1421 5555 1564 5626 quod
1599 5557 1687 5608 hic
1719 5570 1777 5609 se
1811 5555 2013 5620 habet;
2049 5554 2178 5608 Sive

601 5650 754 5718 justa
811 5649 927 5704 sive
982 5650 1181 5719 iniusta
1215 5660 1296 5704 est
1328 5651 1485 5704 electi
1532 5648 1732 5718 judicis
1804 5652 2092 5712 sententia,
2127 5647 2175 5700 ei

605 5745 750 5795 stare
794 5751 1031 5810 oportet.
1071 5742 1134 5795 Et
1170 5756 1334 5814 caput
1379 5744 1599 5798 tertium
1657 5743 1898 5814 ejusdem
1953 5741 2077 5796 libri
2114 5757 2178 5795 ac

606 5833 746 5887 tltuli
773 5847 789 5887 :
818 5830 932 5888 Non
961 5837 1200 5903 indigent
1237 5838 1616 5906 provocatione
1643 5835 1843 5903 judicis
1871 5835 2028 5892 electi
2057 5848 2180 5889 sen-

2272 4635 2398 4688 όντα
2444 4635 2644 4686 κανόνα
2689 4636 2716 4686 ό
2747 4637 3169 4704 καταφρονήσας
3213 4637 3406 4690 τούτου
3438 4639 3466 4689 ὁ
3505 4638 3843 4708 ἱερωμένος·

2274 4729 2366 4778 καὶ
2395 4726 2666 4792 ἀνάγνωθι
2703 4727 2794 4778 τὸν
2824 4726 2898 4796 ρδ¹
2937 4729 3138 4779 κανόνα
3167 4714 3268 4795 τῆς
3301 4732 3589 4798 παρούσης
3620 4725 3844 4781 συνόδου

2274 4820 2366 4868 καὶ
2415 4817 2514 4884 τῆς
2561 4819 2619 4868 ἐν
2663 4815 2972 4885 Χαλκηδόνι
3024 4819 3226 4870 κανόνα
3264 4817 3328 4870 θ’.
3378 4819 3482 4870 Τοῦ
3525 4816 3582 4871 δὲ
3621 4825 3850 4882 κανόνος

2276 4911 2482 4962 ἄνωθεν
2517 4908 2898 4978 διορισαμένου
2933 4910 3034 4961 ὑπὸ
3065 4910 3275 4962 δώδεκα
3308 4912 3628 4964 ἐπισκόπων
3658 4917 3849 4981 κρίνε-

2277 5001 2399 5053 σθαι
2425 5002 2549 5060 τοὺς
2575 5001 2926 5062 ἐπισκόπους,
2957 5005 3062 5052 ὑπὸ
3102 5001 3164 5064 ἒξ
3188 5005 3312 5065 τοὺς
3364 5004 3551 5073 ἱερεῖς,
3584 5006 3676 5055 καὶ
3716 5007 3849 5067 τοὺς

2274 5091 2559 5153 διακόνους
2605 5090 2709 5142 ὑπὸ
2750 5091 2939 5160 τριῶν,
2973 5093 3249 5162 ἐπήγαγον
3299 5094 3348 5143 οἱ
3399 5093 3639 5162 Πατέρες
3677 5094 3753 5154 ὡς
3783 5096 3852 5146 τα

2278 5183 2406 5251 περὶ
2445 5181 2555 5235 τῶν
2610 5179 2891 5250 ἐκκλήτων
2927 5185 3019 5234 καὶ
3053 5183 3122 5234 τὰ
3169 5184 3328 5236 λοιπὰ
3378 5184 3566 5255 χώραν
3608 5185 3853 5256 ἔχουσιν,

2275 5274 2362 5325 ὅτε
2404 5277 2474 5324 τὰ
2512 5272 2942 5339 ἐκκλησιαστικὰ
2992 5273 3322 5344 δικαστήρια
3370 5277 3523 5347 παρὰ
3575 5278 3853 5338 τοσούτοις

2280 5369 2610 5440 προσφόροις
2641 5369 2921 5431 δικασταῖς
2961 5371 3263 5434 γένωνται·
3303 5372 3365 5423 ού
3400 5374 3530 5442 μὴν,
3567 5375 3659 5426 ὅτε
3702 5376 3852 5428 κατὰ

2280 5462 2501 5528 θέλησιν
2565 5461 2662 5513 τοῦ
2729 5463 3043 5533 κατηγόρου
3089 5465 3319 5518 καὶτοῦ
3372 5469 3856 5537 κατηγορουμένου

2281 5555 2432 5625 παρά
2483 5571 2625 5608 τισιν
2692 5554 3047 5620 ἐπιλιγείσιν,
3103 5555 3179 5618 ὡς
3251 5557 3493 5627 αἱρετοῖς
3565 5557 3856 5619 δικασταῖς

2281 5649 2541 5710 πολλάκις
2564 5646 2655 5700 καὶ
2681 5647 3028 5716 ὀλιγωτέροις
3053 5643 3172 5700 οὖσι
3205 5647 3312 5700 τῶν
3334 5650 3664 5722 όριςςθέντων
3700 5651 3853 5718 παρὰ

2281 5742 2387 5795 τῶν
2436 5741 2713 5802 κανόνων,
2765 5739 3064 5793 δικασθὼσί
3132 5759 3298 5804 τινες.
3356 5742 3670 5812 Τηνικιῦτα
3747 5743 3858 5811 γὰρ

2284 5835 2406 5889 οὐδὲ
2435 5833 2685 5903 ἐκκλήτῳ
2711 5831 3068 5888 ὑποπεσεᾱαι
3103 5838 3139 5905 ή
3182 5836 3387 5891 τούτων
3414 5831 3738 5898 ’ἀπόφασις.
3786 5837 3854 5898 ῶς
