4098 6288
509 395 582 456 75
1049 401 1053 404 η
1769 378 2038 442 ΤΗΕΟΙ).
2080 375 2481 440 BALSAMON
3686 373 3761 440 τε

510 521 672 582 posse
726 506 991 562 adversus
1039 501 1326 573 episcopos
1374 499 1480 568 agi,
1515 507 1571 550 et
1608 510 1701 551 eos
1730 497 1854 551 sisti
1902 509 2086 550 coram

2195 511 2321 563 κεφ.
2356 492 2452 546 τοῦ
2493 498 2545 545 α’
2601 491 2787 546 τίτλον
2817 489 2913 545 τοῦ
2956 487 3268 559 γυβιϐλίου,
3299 485 3408 542 κᾶν
3455 483 3761 558 διορίζηται

510 597 758 654 civilibus
781 596 1053 668 judicibus
1074 609 1088 647 :
1113 591 1219 647 hoc
1244 593 1444 655 tamen,
1470 597 1531 642 ut
1558 587 1690 643 mihi
1716 588 1950 651 videtur,
1979 600 2086 641 non

512 691 742 758 quadrat
802 687 1082 742 canonica:
1123 683 1402 741 doctrinae.
1438 681 1599 754 532
1641 680 1914 735 Debemus
1941 680 2085 733 enim

514 781 719 846 dicere,
756 790 887 834 tunc
912 779 1050 833 trahi
1082 761 1393 847 episcopum
1427 790 1528 844 pro
1557 789 1635 840 re,
1679 788 1800 841 quae
1830 772 2084 843 privatim

512 874 579 926 ad
614 875 788 942 ipsum
855 871 1094 942 pertinet
1131 887 1145 923 :
1178 884 1290 923 non
1319 877 1496 921 autem
1532 879 1629 934 pro
1668 865 1965 934 quaestione
1985 879 2086 918 ec-

511 963 844 1019 clesiastica.
898 961 977 1013 Re
1001 960 1147 1014 enim
1175 956 1439 1027 ejusmodi
1493 956 1797 1028 proposita,
1847 953 2088 1010 non-de-

515 1057 641 1110 bent
672 1053 857 1107 civiles
881 1052 1093 1122 judices
1127 1050 1291 1102 ullam
1311 1049 1430 1119 ejus
1461 1049 1669 1102 habere
1695 1047 2087 1115 cognitionem.

508 1143 626 1200 Jam
664 1159 790 1198 vero
832 1158 1024 1212 magna
1067 1156 1280 1209 quoque
1337 1147 1421 1195 est
1469 1139 1588 1208 ejus
1633 1138 1961 1201 diﬂ‘crentia,
1994 1141 2085 1208 qui

511 1255 609 1295 sua
636 1249 828 1308 sponte
869 1235 1299 1306 ecclesiasticum
1343 1232 1606 1302 judicium
1642 1239 1856 1285 recusat
1898 1240 1956 1284 et
1986 1246 2088 1284 sre-

513 1333 699 1387 culare
720 1349 784 1384 cx
823 1327 1175 1397 imperatoris
1202 1325 1459 1380 mandato
1508 1323 1727 1391 quaerit,
1762 1330 1817 1377 et
1845 1321 1960 1387 ejus
1994 1320 2086 1388 qui

511 1427 664 1494 jussu
703 1421 1045 1491 imperatoris
1099 1418 1300 1471 invitus
1334 1424 1535 1470 tractus
1591 1424 1673 1468 eet
1724 1416 1792 1468 ad
1830 1414 2089 1469 saecularc

510 1514 796 1584 judicium.
872 1508 1015 1578 Lege
1081 1511 1244 1562 etiam
1310 1521 1444 1575 cap.
1505 1506 1526 1558 1
1599 1504 1751 1560 tit.9
1807 1506 2090 1572 prazsentis

2194 588 2336 658 μετὰ
2373 584 2667 657 βασιλικῆς
2695 583 2996 648 κελεύσεως
3028 582 3312 652 διάγεσθαι
3360 582 3451 636 καὶ
3485 581 3762 650 παρίστα-

2189 680 2317 734 σθαι
2363 681 2492 743 τοὺς
2527 679 2863 742 ἐπισκόπους
2895 677 3069 747 παρὰ.
3103 676 3405 740 πολιτικοῖς
3440 674 3753 744 άρχουσιν,

2187 771 2324 827 ἀλλὰ
2348 772 2506 827 τοῦτο
2540 773 2601 826 οὐ
2643 771 3029 843 προσίσταται,
3065 770 3142 833 ὡς
3173 769 3299 839 ἐμοὶ
3355 768 3525 832 δοκεῖ,
3559 769 3625 836 τῇ
3662 780 3761 819 κα-

2187 869 2378 934 νονικῇ
2399 863 2743 933 διδασκαλίᾳ.
2783 862 3106 931 Ὀφείλομεν
3143 861 3256 929 γὰρ
3296 859 3476 912 είπείν
3520 858 3612 910 τὸν
3641 857 3757 912 ἐπί-

2192 974 2399 1011 σκοπον
2424 956 2731 1027 τηνικαῦτα
2756 954 3016 1009 ἕλκεσθαι
3055 953 3186 1023 περὶ
3209 950 3538 1020 πράγματος
3564 937 3758 1012 teme;

2190 1049 2340 1120 αὐτῷ
2373 1050 2752 1120 διαφέροντος,
2783 1049 2844 1100 οὺ
2874 1046 2980 1118 μὴν
3009 1047 3138 1117 περὶ
3172 1041 3630 1112 ὲκκλησιαστικοῦ
3662 1040 3763 1108 ζη-

2188 1144 2435 1212 τήματος
2462 1157 2478 1172 ο
2507 1143 2757 1194 τοιούτου
2790 1140 2898 1209 γὰρ
2924 1140 3293 1207 προκειμένου
3325 1135 3469 1196 τινὸς
3501 1135 3762 1203 ἀμέτοχοι

2192 1230 2336 1289 εἶναι
2369 1234 2686 1303 ὀφείλουσιν
2722 1235 2769 1286 oi
2806 1229 3075 1285 πολιτικοὶ
3097 1227 3550 1290 δικασταί,-Τὲως
3578 1226 3636 1278 δὲ
3665 1226 3761 1277 καὶ

2194 1325 2408 1395 μεγάλη
2431 1326 2548 1378 ἐστὶ
2575 1325 2810 1395 διαφορὰ
2837 1322 2929 1376 τοῦ
2954 1320 3294 1390 αὐθαιρέτως
3318 1316 3761 1388 παραιτουμένου

2191 1417 2252 1469 τὸ
2297 1416 2750 1484 ἐκκλησιαστικὸν
2789 1413 3183 1484 δικαστήριον,
3210 1411 3302 1463 καὶ
3363 1407 3650 1479 ζητοῦντος
3699 1406 3763 1458 τὸ

2207 1505 2487 1560 πολιτικὸν
2533 1504 2886 1574 δικαστήριον
2931 1502 3017 1556 διὰ
3054 1502 3405 1572 προστάξεως
3453 1497 3760 1568 βασιλικῆς,

517 1605 721 1675 operis,
759 1615 811 1658 et
844 1618 963 1671 qua:
996 1601 1188 1669 iuipso
1214 1615 1242 1652 a
1284 1597 1685 1666 uubis,seripta
1715 1605 1865 1651 sunt.
1902 1596 2092 1653 Petere

2195 1598 2410 1652 καὶτοῦ
2446 1597 2799 1659 ἑλκυσθέντος
2822 1593 3092 1656 ἀκουσίως
3142 1593 3283 1644 κατὰ
3314 1591 3560 1643 κέλευσιν
3615 1588 3766 1661 βασι-

514 1706 696 1749 aulem
729 1691 1067 1759 conjudicem
1091 1688 1308 1743 civilem
1342 1702 1437 1756 per
1459 1686 1769 1739 mandatum
1809 1683 2089 1753 imperiale

2195 1691 2352 1761 λικὴν
2412 1693 2492 1754 εἰς
2542 1690 2810 1759 κοσμικόν
2869 1689 3240 1757 δικαστήριον.
3318 1681 3623 1750 Ἀνάγνωθι
3671 1679 3765 1732 καὶ

513 1803 618 1842 non
646 1796 748 1850 est,
797 1797 854 1838 ut
908 1783 1038 1838 mihi
1080 1782 1318 1840 videtur,
1362 1777 1696 1849 prohibitum
1749 1785 1804 1830 et
1856 1776 2090 1836 maxime

2195 1799 2323 1852 κεφ.
2363 1780 2412 1836 α’
2447 1782 2543 1836 τοῦ
2589 1784 2633 1837 θ’
2687 1782 2871 1835 τίτλον
2902 1780 2998 1833 τοῦ
3040 1778 3310 1850 παρόντος
3355 1775 3760 1843 συντάγματος,

516 1879 743 1952 quando
763 1888 1031 1933 estcausa
1071 1873 1411 1944 pecuniaria,
1451 1885 1572 1938 quae
1611 1879 1733 1928 est
1757 1868 2091 1940 synodallter

2197 1851 2294 1928 xui.
2321 1875 2391 1928 τὰ
2422 1878 2482 1930 ὲν
2510 1875 2663 1945 αὐτῷ
2689 1874 2820 1944 παρ’
2857 1872 3016 1944 ἡμῶν
3064 1870 3448 1943 γεγραμμένα.
3478 1868 3551 1920 Τὸ
3579 1866 3765 1936 μέντοι

513 1974 767 2030 dicenda.

2188 1964 2438 2035 ζητῆσαι
2471 1964 2835 2035 συνδικαστὴν
2862 1963 3142 2017 πολιτικὸν
3163 1961 3255 2015 διὰ
3292 1960 3642 2031 προστάξεως
3675 1952 3793 2027 βα·’

513 2066 749 2134 σιλικῆς,
780 2061 858 2126 ὡς
885 2059 1008 2131 ἐμοὶ
1040 2058 1210 2123 δοκεῖ,
1234 2056 1335 2111 οὐκ
1376 2055 1496 2108 ἐστι
1517 2052 1932 2123 κεκωλυμένον,
1975 2053 2072 2109 καὶ
2106 2058 2318 2126 μᾶλλον
2339 2060 2469 2113 ὅταν
2497 2059 2820 2131 χρηματική
2842 2059 2992 2110 ἐστιν
3014 2089 3018 2092 -
3043 2057 3321 2120 ὑπόθεσις,
3363 2057 3424 2126 -ή
3500 2056 3769 2126 μέλλουσα

512 2157 818 2228 λαληθῆναι
844 2152 1174 2225 συνοδικῶς.

585 2245 1014 2316 lnterrogaverit
1059 2253 1238 2304 autem
1295 2240 1587 2312 quiSpiam,
1616 2239 1750 2292 Cum
1800 2238 1890 2296 lex
1917 2238 2084 2302 dicat,

514 2361 635 2400 eum
670 2345 738 2398 ab
786 2343 1007 2396 actione
1039 2353 1137 2392 sua
1179 2335 1456 2399 excidere,
1493 2332 1584 2402 qui
1640 2346 1798 2385 suum
1831 2331 2089 2383 adversa-

517 2440 657 2491 rium
705 2433 770 2489 ad
823 2431 1096 2503 judicium
1147 2430 1521 2494 ineompetens
1560 2424 1825 2487 traxerit,
1857 2422 1948 2490 qui
1998 2437 2092 2477 sa-

515 2542 723 2586 cratum
761 2527 827 2580 ad
862 2523 1020 2580 civile
1062 2520 1325 2592 judicium
1360 2517 1588 2572 traxerit
1620 2556 1635 2580 ,
1687 2527 1866 2570 annexi
1891 2530 1958 2568 ex
1989 2515 2092 2568 hoc

515 2635 723 2677 canone
779 2633 877 2672 suo
913 2616 1036 2686 jure
1069 2613 1287 2669 excidet
1318 2611 1343 2664 ?
1383 2605 1612 2664 Salutio.
1650 2600 2081 2676 .lncom‘peteutls

512 2713 716 2784 judicis
746 2708 1085 2782 pratscriptio
1117 2705 1169 2759 in
1201 2702 1464 2774 principio
1507 2700 1696 2770 judicii
1729 2700 1907 2755 solum
1956 2713 2082 2766 pro-

521 2805 767 2872 ponitur,
801 2815 903 2854 non
933 2808 1110 2855 autem
1141 2796 1306 2849 etiam
1331 2803 1540 2862 postea.
1565 2785 1732 2859 Finge
1757 2803 1911 2857 ergo,
1948 2789 2091 2856 quod

518 2910 579 2949 ea
611 2908 642 2946 a
683 2891 946 2961 principio
997 2901 1104 2941 non
1137 2894 1224 2941 est
1256 2883 1542 2955 proposita
1575 2898 1616 2937 a.
1637 2897 1730 2936 reo
1763 2895 1778 2933 :
1824 2880 1910 2933 vel
1945 2895 2090 2948 .pro-

521 2985 698 3054 posita
729 2999 756 3035 a
791 2981 974 3052 judice
1003 2979 1240 3033 admissa
1291 2992 1396 3030 non
1426 2983 1530 3028 est.
1567 2972 1639 3026 Et
1677 2973 2091 3042 proptereade-

520 3076 778 3130 [inierunt
827 3073 1014 3124 Patres
1041 3110 1055 3132 ,
1113 3067 1283 3138 quod,
1319 3065 1532 3121 etiamsi
1567 3072 1722 3119 actor
1767 3057 1992 3126 vicerit,
2025 3075 2092 3116 eo

2265 2236 2579 2309 ,Ἑρωτήσει
2620 2237 2677 2290 δέ
2708 2255 2817 2304 τις,
2850 2237 2939 2300 Ὦς
2970 2233 3067 2289 τοῦ
3100 2234 3268 2304 νόμον
3323 2234 3574 2302 λέγοντος
3607 2236 3770 2288 ἐκπί-

2192 2333 2480 2398 πτειντῆς
2510 2331 2716 2393 οίκείας
2752 2329 3040 2399 έναγωγῆς
3056 2327 3144 2381 τὸν
3173 2330 3258 2390 εἰς
3293 2328 3640 2398 ἀπρόσφορον
3684 2330 3768 2381 δια

2194 2423 2494 2493 καοτήριον
2523 2422 2832 2474 ἐλκύσαντα
2856 2421 2950 2472 τὸν
2965 2421 3102 2472 ίδιον
3127 2420 3420 2483 ἀντίδικον,
3440 2420 3540 2472 οὐκ
3567 2419 3763 2487 ἔμελλε

2170 2513 2296 2567 ¹καὶ
2322 2516 2426 2584 πρὸ
2457 2511 2550 2566 τοῦ
2575 2514 2820 2576 ,κανόνος
2852 2513 3048 2565 τούτου
3079 2515 3108 2564 ὁ
3144 2511 3238 2562 τὸν
3273 2511 3576 2582 ἱερωμένον
3607 2511 3772 2564 ἑλκύο

2202 2624 2300 2669 σας
2332 2611 2411 2669 εἰς
2446 2606 2724 2659 πολιτικὸν
2755 2605 3107 2673 δικαστήριον
3141 2604 3398 2656 ἐκπεσεῖν
3425 2605 3519 2656 τοῦ
3549 2605 3770 2657 δικαίου

2190 2698 2364 2752 αὺτοῦ
2388 2716 2402 2764 ;
2432 2690 2645 2764 Λύσις.
2679 2699 2742 2749 Ἡ
2770 2696 2862 2750 τοῦ
2890 2697 3241 2767 ἀπροσφόρου
3268 2697 3610 2767 παραγραφὴ
3628 2701 3770 2750 κατὰ

2193 2795 2290 2864 τὴν
2323 2796 2497 2863 ἀρχὴν
2533 2791 2628 2844 τοῦ
2668 2791 3020 2861 δικαστηρίου
3065 2790 3386 2860 προτίθεται
3429 2792 3526 2842 καὶ
3568 2791 3760 2858 μόνον,

2198 2885 2258 2936 οὐ
2315 2883 2422 2954 μὴν
2484 2883 2580 2936 καὶ
2634 2882 2772 2952 μετὰ
2824 2879 3016 2934 ταῦτα.
3063 2879 3370 2952 Θεμάτισον
3415 2875 3529 2934 -οὖν
3569 2882 3651 2934 ὅτι
3701 2881 3768 2931 οὐ

2200 2972 2643 3042 προετέθηαῦτη
2677 2971 2828 3042 παρὰ
2858 2971 2953 3024 τοῦ
2985 2969 3400 3041 ἑναγομένου,ἢ
3435 2970 3769 3040 προτεθεῖσα

2196 3064 2298 3122 οὐκ
2328 3063 2522 3134 ἐδέχθη
2555 3064 2706 3132 παρὰ
2729 3062 2823 3114 τοῦ
2857 3061 3142 3116 δικαστοῦ.
3166 3061 3277 3116 Καὶ
3311 3061 3403 3115 διὰ
3432 3063 3592 3115 τοῦτο
3614 3061 3769 3130 -ὣρι-

518 3167 665 3238 quod
721 3163 1139 3230 iucompetentis
1173 3160 1372 3228 judicis
1405 3157 1652 3227 exceptio
1685 3157 2092 3225 quomodocun-

2200 3177 2299 3213 σαν
2328 3162 2378 3213 οἱ
2420 3161 2560 3212 Πατέ
2573 3175 2663 3229 ρες
2694 3159 2794 3224 ὡς,
2831 3157 2935 3211 κᾶν
2962 3159 3163 3228 νικήσῃ
3192 3158 3222 3211 ὁ
3248 3156 3558 3226 ἐναγαγὼν,
3595 3156 3682 3210 διὰ
3706 3155 3768 3209 τὸ

517 3274 621 3327 que
673 3256 922 3312 inefﬁcax
990 3252 1148 3306 fuerit
1194 3269 1207 3305 :
1271 3253 1352 3312 sic
1391 3263 1608 3318 quoque
1663 3250 1843 3301 tamen
1873 3252 2094 3316 propter

524 3352 783 3407 honorem
810 3345 1070 3402 Ecclesiae
1098 3357 1283 3397 eorum
1315 3340 1542 3396 victoria
1581 3339 1714 3392 nihil
1737 3340 1784 3392 ei
1817 3339 2092 3406 proderit;

522 3444 970 3510 seddeponetur,
993 3441 1059 3493 {si
1101 3451 1222 3490 eam
1257 3432 1509 3490 retineat.
1539 3430 1815 3486 Praeterea
1855 3431 2093 3483 interro-

522 3535 735 3606 gaverit
788 3532 1076 3601 quispiam,
1115 3544 1275 3599 quam
1337 3541 1550 3596 pinnam
1607 3523 1955 3578 sustinebunt
1986 3535 2099 3576 .ee-

523 3621 824 3676 clesiaslici
849 3619 1088 3688 judices,
1128 3618 1170 3671 si
1199 3617 1432 3671 convicti
1471 3611 1691 3678 fuerint,
1723 3628 1790 3666 ex
1827 3611 1976 3674 odio,
2011 3611 2097 3665 vel

523 3713 830 3777 aﬂectione,
862 3710 946 3766 vel
989 3719 1211 3780 propter
1245 3711 1479 3779 gratiam
1531 3707 1857 3761 sententiam
1885 3705 2096 3771 tulisse,

521 3820 643 3860 cum
673 3815 848 3860 canon
910 3803 976 3856 de
1024 3816 1091 3856 eo
1133 3801 1266 3856 nihil
1316 3799 1554 3869 jubeat?
1607 3797 1839 3853 Salutio.
1911 3794 2094 3851 Genus

517 3909 714 3962 pinna,
752 3893 854 3944 etsi
879 3905 945 3944 ex
979 3904 1191 3943 canone
1214 3905 1320 3943 non
1337 3874 1620 3958 appareat,
1654 3903 1719 3944 ea
1754 3885 1962 3954 legibus
2011 3888 2092 3937 ta-

520 4000 644 4040 men
695 3983 1030 4038 declaratur.
1095 3980 1215 4033 .Iam
1249 3979 1395 4034 enim
1431 3980 1497 4034 de
1538 3978 1725 4048 judice
1775 3978 2094 4032 muneribus

521 4086 776 4146 corrupto
806 4073 937 4128 dicit
967 4088 1087 4142 cap.
1117 4073 1173 4138 5,
1200 4072 1294 4128 tit.
1330 4071 1420 4133 25,
1454 4071 1545 4124 lib.
1602 4085 1652 4126 ix
1681 4111 1696 4134 ,
1727 4067 2092 4137 Magistratus,

522 4170 615 4240 qui
652 4167 917 4238 pecunias
946 4166 1148 4235 accipit
1200 4161 1265 4218 ad
1285 4163 1385 4233 jus
1443 4162 1756 4225 dicendum,
1789 4161 1871 4214 vel
1903 4160 2092 4214 decer-

523 4265 786 4326 nendum,
816 4260 900 4321 vel
941 4261 1008 4313 ad
1042 4259 1164 4327 plus
1196 4258 1281 4312 vel
1331 4258 1507 4313 minus
1535 4269 1634 4310 suo
1677 4251 1858 4307 ofﬁcio
1887 4250 2095 4305 iacien-

525 4359 688 4418 dum,
735 4365 789 4406 et
841 4353 1255 4422 magistratuum
1311 4362 1526 4419 quoque
1576 4359 1915 4413 assessores,
1954 4344 2095 4411 .lege

531 4454 809 4499 tenentur.
858 4443 926 4497 Et
976 4443 1153 4497 thema
1185 4443 1240 4507 5,
1277 4455 1398 4510 cap.
1433 4441 1500 4494 8:
1530 4437 1694 4494 Pmua
1733 4437 1868 4506 legis
1890 4443 1970 4491 est
2002 4451 2095 4493 ex-

2186 3253 2554 3324 κάπρακτῆσαι
2594 3252 2951 3321 ὁπωσδήποτε
2981 3252 3081 3318 τὴν
3110 3249 3202 3302 τοῦ
3230 3251 3582 3322 άπροσφὸρου
3615 3250 3770 3303 δικα-

2197 3345 2770 3415 στοῦιπαραγραφὴν,
2800 3342 2951 3397 -άλλὰ
2991 3345 3086 3395 καὶ
3127 3343 3269 3396 οὕτω
3298 3342 3410 3396 -διά
3449 3342 3550 3412 τὴν
3601 3340 3767 3412 τιμὴν

2195 3436 2297 3504 τῆς
2334 3436 2664 3505 Ἐκκλησίας
2697 3436 2778 3497 εἰς
2808 3434 2964 3488 οὐδὲν
2992 3434 3142 3501 αὐτῷ
3174 3435 3208 3503 ἡ
3239 3435 3366 3503 νίκη
3397 3432 3764 3504 λυσιτελήσειο

2193 3528 2333 3582 ἀλλὰ
2359 3528 2849 3598 καθαιρεθήσεται,
2887 3527 3046 3597 εἴπερ
3069 3526 3359 3596 ἀντέχεται
3384 3526 3610 3595 ταύτης.
3648 3522 3769 3578 Ἔτι

2198 3620 2468 3689 ἐρωτήσει
2499 3636 2608 3681 τις,
2646 3617 2807 3671 ποίαν
2841 3617 3050 3688 βλασην
3070 3619 3470 3687 ὑποστήσονται
3496 3618 3544 3669 oi
3572 3617 3771 3687 ἐκκλη-

2197 3713 2475 3765 σιαστικοὶ
2502 3711 2782 3777 δικασταὶ,
2834 3710 3336 3782 εἴπερίὲλεγχθῶσι
3368 3712 3513 3765 κατὰ
3567 3710 3770 3781 ἔχθραν

2261 3804 2406 3858 κατά
2438 3803 2821 3874 προσπάθειαν
2850 3803 2993 3874 ἢδιά
3013 3805 3172 3874 χάριν
3204 3804 3642 3873 ἀποφηνάμενοι,
3675 3803 3768 3856 τοῦ

2195 3898 2418 3960 κανόνος
2438 3896 2605 3967 μηδὲν
2628 3897 2755 3965 περὶ
2771 3894 2966 3949 τούτου
2979 3897 3496 3967 παρακελευομένου
3515 3915 3530 3965 ;
3554 3897 3768 3962 Λύσις.

2195 3989 2269 4042 Τὸ
2304 3985 2445 4051 εἶδος
2485 3987 2589 4059 τῆς
2657 3988 2884 4058 βλάϐης,
2945 3988 3049 4041 κᾶν
3083 3989 3192 4043 ἀπὸ
3257 3989 3354 4042 τοῦ
3411 3991 3638 4052 κανόνος
3670 3991 3771 4044 οὐκ

2195 4081 2588 4151 ἀναφαίνηται,
2612 4080 2752 4134 ἀλλὰ
2783 4082 2890 4134 ἀπὸ
2913 4082 3019 4134 τῶν
3046 4081 3229 4152 νόμων
3251 4080 3529 4152 δηλοῦται.
3560 4082 3770 4136 Αὐτίκα

2197 4174 2309 4242 γὰρ
2336 4178 2469 4243 περὶ
2490 4172 2586 4226 τοῦ
2613 4173 3082 4244 δωροδοκηθέντος
3124 4173 3385 4229 δικαποῦ
3422 4192 3556 4244 φησι
3594 4174 3657 4228 τὸ
3710 4175 3768 4244 γ’
3833 4195 3836 4197 ‘

2194 4283 2322 4335 κεφ.
2354 4264 2450 4317 τοῦ
2482 4260 2571 4334 μγ¹
2597 4264 2785 4316 τίτλον
2819 4264 2916 4318 τοῦ
2939 4263 2983 4332 ξ’
3024 4264 3236 4335 βιὸλίου
3259 4283 3276 4298 ·
3321 4265 3380 4319 '0
3419 4260 3606 4337 ἄρχων
3631 4268 3771 4339 λαμ·

2195 4355 2373 4408 ϐἁνων
2405 4357 2666 4424 χρήματα
2706 4355 2800 4407 ἐπὶ
2825 4352 2904 4424 τῷ
2930 4355 3178 4422 δικάσαι,
3207 4357 3240 4426 ἦ
3271 4356 3642 4426 ψηφίσασθαι,
3675 4360 3771 4412 ἐπὶ

2197 4444 2275 4515 τῷ
2309 4445 2537 4515 ποιῆσαί
2569 4461 2620 4497 τι
2676 4444 2842 4500 πλέον
2879 4445 2911 4515 ἢ
2955 4442 3126 4517 ἦττον
3170 4449 3266 4502 τοῦ
3318 4449 3452 4502 ἰδίου
3485 4451 3773 4518 όφφικίου,

527 4536 913 4600 traordinaria,
944 4547 997 4590 et
1055 4546 1112 4588 ut
1155 4535 1442 4603 plurimum
1489 4533 1685 4588 exsilio
1721 4533 2090 4590 condemnat,

2207 4538 2302 4590 καὶ
2330 4539 2382 4588 οἱ
2412 4536 2798 4608 σύνεδροιτῶν
2830 4540 3116 4608 ἀρχόντων
3147 4541 3469 4596 ὑπόκεινται
3495 4542 3573 4612 τῷ
3599 4542 3775 4613 νόμῳ.

526 4644 918 4697 nonnunquam
977 4628 1143 4682 etiam
1190 4625 1429 4694 gravius.
1465 4623 1534 4679 Et
1580 4624 1759 4678 thema
1776 4621 1837 4686 2,
1871 4635 1992 4690 cap.
2019 4619 2054 4677 9
2084 4637 2098 4674 :

2206 4633 2316 4686 Καὶ
2345 4632 2405 4684 τὸ
2431 4630 2477 4699 γ’
2516 4631 2659 4701 θέμα
2686 4632 2780 4685 τοῦ
2805 4632 2858 4703 η’
2900 4651 3030 4702 κεφ.
3064 4634 3165 4706 (Ὶι
3189 4634 3349 4703 ποινὴ
3375 4635 3470 4688 τοῦ
3495 4639 3659 4706 νόμου
3683 4638 3775 4690 ὲκ-

525 4722 624 4790 Qui
690 4724 795 4784 hac
857 4722 972 4791 lege
1024 4722 1443 4783 condemnatur,
1492 4733 1592 4773 nec
1651 4721 1831 4784 potest
1887 4715 2092 4784 publice

2205 4723 2636 4794 στραορδιναρία
2664 4725 2810 4788 ἐστὶ,
2841 4726 2936 4779 καὶ
2959 4726 3168 4781 ἐπίπαν
3195 4729 3274 4790 εἰς
3312 4727 3532 4798 ὲξορίαν
3555 4731 3774 4782 καταδι-

527 4815 902 4868 restimonium
955 4812 1162 4874 dicere,
1208 4826 1308 4866 nec
1354 4810 1516 4878 judex
1551 4824 1710 4870 esse,
1768 4823 1870 4862 nec
1909 4821 2103 4862 causas

524 4919 705 4975 agere.
765 4904 907 4972 Lege
955 4914 1006 4958 et
1043 4904 1218 4957 thema
1256 4902 1312 4966 2,
1372 4917 1496 4971 cap.
1545 4902 1626 4966 .6,
1657 4903 1739 4954 tit.
1791 4899 1968 4959 4.lib.
1998 4914 2094 4965 ως,

523 5000 666 5067 quod
704 4999 920 5065 quidem
954 5006 1039 5050 est
1080 5011 1202 5064 pars
1239 4993 1340 5047 124
1381 4991 1679 5048 Justiniani
1718 4993 1954 5055 novella,
1982 5005 2102 5059 quae

522 5093 606 5144 sic
629 5089 800 5144 dicit:
837 5083 893 5142 Si
929 5087 1050 5158 quis
1077 5097 1259 5142 autem
1296 5100 1509 5149 eorum,
1541 5086 1628 5154 qui
1680 5084 1913 5152 litigant,
1942 5084 2101 5138 dixe-

526 5183 596 5234 rit
629 5195 688 5234 se
725 5181 929 5250 aliquid
952 5179 1188 5243 dedisse,
1218 5179 1301 5232 vel
1357 5193 1480 5233 esse
1541 5176 1864 5246 pollicitum,
1893 5185 1951 5228 et
1977 5190 2100 5244 per-

525 5288 715 5326 sonam
746 5271 1134 5337 nominaverit,
1162 5281 1217 5329 et
1258 5272 1360 5325 hoc
1387 5270 1720 5340 probaverit,
1747 5269 1860 5335 ipse
1881 5269 2097 5336 quidem

527 5366 580 5419 in
637 5367 745 5421 litis
797 5367 946 5420 exitu
985 5365 1138 5419 venia
1197 5364 1393 5432 dignus
1427 5364 1714 5417 habeatur.
1759 5359 1859 5425 Qui
1918 5352 2097 5416 autem

527 5458 728 5512 donum
759 5457 838 5512 vel
895 5458 1225 5528 promissum
1269 5455 1561 5510 admisisse
1608 5453 1886 5508 convictus
1911 5450 2098 5514 fuerit,

528 5554 572 5606 si
609 5552 922 5620 sitquidem
979 5551 1141 5604 causa
1199 5550 1533 5617 pecuniaria,
1577 5547 1719 5614 quod
1770 5547 1958 5600 datum
1992 5553 2096 5607 est,

531 5645 774 5712 triplunt,
814 5643 958 5713 quod
1000 5659 1130 5697 vero
1161 5641 1511 5712 promissum,
1555 5639 1776 5707 (inpium
1839 5654 1867 5689 a
1899 5637 2099 5692 comite

531 5736 862 5804 privatarum
920 5744 1234 5788 nostrarum
1295 5731 1607 5784 facultatum
1639 5730 1905 5798 exigatur,
1932 5731 1988 5781 et
2015 5727 2098 5780 di-

527 5828 786 5897 gnitatem
812 5843 906 5882 seu
937 5828 1332 5895 magistratum,
1371 5842 1527 5894 quem
1564 5825 1746 5891 habet,
1790 5823 1840 5876 in
1870 5831 2097 5891 utroque

2201 4813 2383 4880 κάζει,
2415 4815 2530 4869 ἐσθ’
2577 4814 2668 4868 ὅτε
2702 4816 2760 4868 δὲ
2788 4819 2887 4870 καὶ
2927 4817 3311 4890 σφοδρότερον.
3333 4821 3444 4873 Καὶ
3471 4821 3530 4872 τὸ
3565 4821 3608 4887 β’
3633 4822 3776 4892 θέμα

2209 4907 2306 4962 τοῦ
2353 4906 2586 4976 θ’ῖκεφ.)
2632 4906 2694 4963 Ὀ
2719 4909 2811 4979 -τῷ
2861 4909 3012 4978 νόμῳ
3066 4911 3242 4982 τούτῳ
3277 4912 3776 4983 καταδικαζόμενος

2203 4999 2329 5053 οὔτε
2371 5005 2679 5072 μαρτυρεῖν
2736 5001 2976 5073 δημοσίᾳ
3024 5003 3276 5072 δύναται,
3326 5004 3451 5057 οὕτε
3505 5005 3774 5072 δικάζειν,

2207 5089 2332 5148 οὒτε
2364 5093 2707 5159 συνηγορεῖν.
2766 5093 3068 5158 ’Ἀνάγνωθι
3116 5096 3212 5147 καὶ
3241 5094 3302 5148 τὸ
3344 5097 3387 5166 β’
3415 5096 3561 5166 θέμα
3587 5096 3683 5152 τοῦ
3723 5105 3774 5164 ς’

2204 5198 2331 5250 κεφ.
2365 5181 2460 5233 τοῦ
2495 5183 2536 5234 δ’
2561 5183 2745 5235 τίτλον
2771 5184 2863 5235 τοῦ
2906 5183 2947 5248 ξ’
2996 5184 3229 5254 βιϐλίου,
3278 5189 3418 5260 ὅπερ
3447 5190 3565 5242 ἐστὶ
3609 5191 3775 5261 μέρος

2201 5273 2302 5341 τῆς
2337 5269 2451 5340 ρκδ¹
2490 5272 2926 5326 Ίουστινιανείου
2974 5276 3200 5345 νεαρᾶς,
3256 5275 3433 5344 λέγων
3461 5277 3635 5343 οὕτως
3661 5295 3676 5309 ·
3711 5283 3772 5334 Et

2200 5362 2257 5415 δέ
2287 5379 2370 5422 τις
2402 5362 2466 5413 ὲκ
2524 5364 2634 5413 τῶν
2691 5363 3066 5432 δικαζομένων
3119 5366 3268 5417 εἴποι
3314 5365 3606 5423 δεδωκέναι
3651 5372 3770 5440 τιῆ

2203 5453 2558 5522 ὑποσχέσθαι,
2615 5455 2710 5506 καὶ
2753 5454 2815 5506 τὸ
2863 5455 3163 5525 πρόσωπον
3204 5455 3420 5530 ἐξείπῃ,
3486 5460 3578 5512 καὶ
3616 5460 3774 5513 τοῦτο

2203 5545 2501 5610 ἀποδείξει,
2530 5546 2694 5608 αὐτὸς
2721 5547 2819 5616 μὲν
2846 5548 2943 5600 ἐπὶ
2963 5551 3031 5618 τῇ
3072 5549 3171 5615 τῆς
3201 5548 3358 5617 δίκης
3385 5548 3611 5604 ἐκϐάσει
3643 5568 3772 5619 συγ-

2201 5637 2427 5706 γνώμης
2458 5638 2765 5704 ἀξιούσθω·
2790 5641 2820 5692 ὁ
2847 5641 2901 5691 δὲ
2940 5640 3089 5692 δόσιν
3129 5640 3161 5710 ἢ
3201 5641 3495 5710 ὑπόσχεσιν
3543 5644 3774 5696 καταδέ-

2204 5731 2396 5795 ξασθαι
2423 5730 2794 5800 δεικνύμενος,
2813 5733 2860 5783 εἰ
2886 5732 2986 5800 μὲν
3002 5733 3320 5803 χρηματικὴ
3335 5732 3422 5800 εἴη
3446 5735 3479 5804 ἡ
3497 5734 3772 5801 ὑπόθεσις,

2201 5824 2259 5876 τὸ
2292 5822 2389 5890 μὲν
2418 5821 2703 5892 δεδομένον
2734 5823 3016 5895 τριπλοῦν,
3043 5826 3101 5876 τὸ
3127 5824 3183 5876 δὲ
3216 5824 3520 5895 ὑποσχεθὲν
3550 5825 3773 5882 διπλοῦν
