4098 6288
311 425 377 490 77
1374 431 1458 494 ΙΝ
1512 431 1679 495 CAN.
1703 428 1809 493 XV
1840 427 2049 490 CONC.
2090 429 2466 493 CARTHAG.
3464 426 3533 488 78

308 537 449 608 παρά
485 531 577 590 τοῦ
604 537 847 610 κόμητος
872 539 971 613 τῆς
1004 540 1184 614 ίδικῆς
1202 542 1363 615 ἡμῶν
1397 544 1717 616 περιουσίας
1747 546 1847 595 είσ-

1963 554 2090 596 casu
2116 542 2332 611 perdat.
2386 536 2484 595 Sin
2515 546 2699 595 autem
2758 538 2831 596 sit
2879 538 3185 619 criminalis
3225 538 3528 594 accusatio.

304 627 641 699 πραττέσθω,
682 633 775 684 καὶ
799 622 904 704 τὴν
939 632 1097 700 ἀξίαν
1140 636 1262 706 ήτοι
1300 634 1478 707 ἀρχὴν
1505 636 1573 707 ἢν
1612 635 1727 708 ἔχει
1768 631 1853 705 ἐφ’

301 720 550 791 ἑκατέρου
591 720 829 793 θέματος
876 724 1190 782 ἀπολλύτω.
1251 723 1315 783 Ei
1357 730 1416 782 δέ
1469 728 1855 802 ἐγκληματικὴ

302 812 439 883 είηή
470 814 801 886 κατηγορία,
836 816 1107 889 δήμευσιν
1150 819 1253 890 τῆς
1291 819 1503 884 οἰκείας
1531 820 1855 892 ὑπομενέτω

302 907 631 977 περιουσίας,
660 909 754 962 καὶ
792 912 871 973 εἰς
928 911 1146 984 ὲξορίαν
1211 913 1540 984 πεμπέσθω,
1589 917 1738 979 ὅστις
1766 916 1854 968 διὰ

302 998 454 1069 λῆψιν
484 998 767 1071 ἀλλότριον
800 1001 1058 1076 ἔγκλημα
1082 1008 1160 1069 είς
1194 1008 1390 1061 ἑαυτὸν
1417 1008 1721 1062 ἐσπούδακε
1756 1028 1853 1075 με-

299 1095 588 1160 τενεγκεῖν.
626 1092 692 1146 Εί
732 1093 789 1148 δὲ
827 1096 928 1165 τὴν
955 1096 1161 1170 δόσινῆ
1207 1087 1309 1171 τήν
1342 1101 1637 1172 ὑπόσχεσιν
1678 1102 1708 1154 ὁ
1736 1102 1851 1155 διά-

298 1184 436 1249 δικος
463 1184 539 1255 μὴ
564 1186 773 1260 δυνηθῇ
794 1185 988 1257 δεῖξαι,
1015 1191 1241 1260 ὀμνύτω
1264 1195 1326 1245 τὸ
1346 1194 1642 1265 πρόσωπον
1666 1194 1728 1247 τὸ
1754 1194 1853 1265 τὴν

298 1276 431 1330 δόσιν
462 1278 495 1349 ἢ
527 1279 631 1349 τὴν
663 1280 960 1352 ὑπόσχεσιν
986 1278 1286 1355 λεγόμενον
1311 1286 1735 1353 καταδέξασθαι,
1768 1286 1854 1341 ὅτι

296 1369 409 1424 οὐδὲ
436 1370 507 1425 δι’
547 1372 751 1427 ἑαυτοῦ
788 1375 913 1428 οὐδὲ
934 1376 1194 1432 δι’·ἀλλου
1218 1379 1520 1448 προσώπου
1540 1379 1574 1449 ή
1599 1378 1759 1433 έλασέ
1788 1396 1849 1447 ,τι

292 1460 323 1530 ή
351 1461 647 1533 ὑπόσχεσιν
686 1464 835 1536 ἔσχε.
866 1466 977 1520 Καὶ
1001 1466 1099 1521 τοῦ
1132 1467 1383 1523 τοιούτου
1412 1470 1581 1541 ὅρκου
1613 1464 1854 1541 παρεχο-

286 1553 470 1623 μένου,
493 1554 665 1618 αὐτὸς
700 1557 801 1626 μὲν
834 1557 1125 1631 ἐλεύθερος
1155 1558 1303 1613 ἔστω
1327 1576 1341 1591 ο
1377 1561 1405 1613 δ
1451 1561 1511 1614 δὲ
1557 1554 1800 1624 διάδικος
1824 1561 1854 1613 ὁ

293 1643 364 1716 μή
393 1643 654 1717 δυνηθεὶς
675 1647 850 1712 δεῖξαι
868 1649 963 1703 ἐπὶ
988 1650 1091 1720 μὲν
1111 1652 1234 1715 ταῖς
1250 1651 1852 1721 χρηματικαῐςάίτίαις

289 1734 381 1797 τὴν
404 1735 753 1808 ἀποτίμησιν
774 1741 875 1809 τῆς
903 1740 1065 1812 δίκης
1088 1742 1196 1796 ὑπὸ
1224 1742 1319 1796 τοῦ
1345 1743 1589 1816 κόμητος
1617 1745 1717 1814 τῆς
1747 1745 1853 1798 ἰδι-

285 1826 383 1899 κῆς
407 1828 571 1898 ήμῶν
606 1832 929 1901 περιουσίας
960 1834 1397 1904 εἰσπραττέσθω,
1438 1835 1540 1907 τῆς
1570 1834 1729 1905 δίκης
1756 1837 1849 1908 δη-

286 1918 451 1974 λονότι
483 1921 592 1994 τὴν
627 1922 767 1977 ίδίαν
795 1923 1025 1980 ἐκδασιν
1051 1925 1440 1998 ἀναμενούσης
1460 1946 1475 1961 ο
1516 1930 1610 1983 ἐπὶ
1636 1930 1691 1983 δὲ
1728 1910 1850 1995 ταῖς

283 2008 718 2081 δγκληματικαῐς
748 2013 1019 2086 δήμευσιν
1035 2019 1138 2088 τῆς
1184 2018 1322 2083 ιδίας
1362 2022 1684 2092 περιουσίας
1707 2021 1846 2076 ὑπο-

286 2104 511 2172 μενέτω,
555 2107 654 2159 καὶ
691 2108 753 2160 τὸ
774 2109 1012 2180 πρᾶγμα
1043 2111 1197 2182 παρά
1224 2113 1342 2175 τοῖς
1369 2112 1651 2185 ἀρμοδίοις
1684 2115 1848 2168 δικα-

283 2198 427 2261 σταῖς
455 2199 609 2251 κατά
638 2198 740 2270 τὴν
763 2200 875 2254 τῶν
899 2202 1083 2272 νόμων
1106 2202 1261 2270 τάξιν
1286 2206 1657 2275 περαιούσθω.
1688 2205 1755 2261 Ei
1788 2208 1848 2261 δὲ

281 2289 336 2340 τὸ
368 2291 520 2362 παρὰ
557 2290 654 2344 τοῦ
692 2291 1057 2364 δικαζομένου
1086 2296 1402 2365 φανερωθὶν
1430 2296 1724 2369 πρόσωπον
1756 2301 1849 2354 τὸν

282 2382 733 2450 μνήμονευθέντα
762 2386 1167 2457 παραιτήσεται
1191 2386 1379 2457 ὅρκον,
1420 2388 1579 2443 τοῦτο
1618 2392 1717 2460 μὲν
1749 2392 1845 2447 επὶ

277 2474 391 2535 ταῖς
429 2474 1095 2545 έγκληματικατς,’τοῦτο
1115 2478 1173 2531 δὲ
1207 2480 1303 2532 ἐπὶ
1324 2482 1444 2543 ταῖς
1467 2494 1573 2552 χρη
1584 2486 1846 2551 ματικαῖς

275 2566 491 2633 αἰτίαις,
520 2571 655 2632 ταῖς
698 2570 1196 2640 μνημονευθείσαις
1230 2572 1550 2626 ὑποκείσθω
1597 2580 1837 2640 ποιναῖς.

280 2657 335 2710 El
362 2658 417 2713 δέ
448 2676 538 2722 τις
571 2660 680 2714 τῶν
705 2659 1082 2732 δικαζομένων
1109 2663 1304 2733 ὀμόσει
1357 2664 1433 2735 μὴ
1477 2666 1773 2721 δεδωκέναι
1805 2668 1838 2739 ἢ

276 2752 733 2820 ἐπαγγείλασθαι,
760 2754 911 2819 ἐντὸς
955 2756 1013 2809 δὲ
1040 2757 1326 2829 τεσσάρων
1356 2760 1543 2830 μηνῶν
1564 2800 1578 2824 ,
1613 2764 1751 2831 μετά
1780 2765 1842 2815 τὸ

281 2847 679 2915 προενεχοῆναι
703 2845 801 2919 τὴν
816 2846 999 2918 ψῆφον
1020 2848 1462 2920 ἀριθμουμένων,
1486 2834 1670 2924 δειχθῇ
1694 2854 1847 2907 δοθέν

280 2954 329 2991 τι
356 2938 387 3009 ἢ
419 2940 527 2993 ὑπο
542 2940 759 3009 σχεθὲν,
798 2944 856 2996 αἱ
885 2942 1179 3014 εἰρημέναι
1224 2945 1412 2998 ποιναὶ
1462 2948 1608 3001 κατά
1649 2965 1705 3000 τε
1738 2948 1847 3002 τῶν

275 3032 520 3085 διδόντων
560 3035 705 3086 κατά
733 3050 795 3087 τε
833 3034 943 3087 τῶν
998 3032 1387 3105 λαμϐανόντων
1414 3038 1598 3107 χώραν
1637 3038 1843 3107 ἕξουσι.

282 3122 382 3174 Καὶ
412 3123 589 3178 ταῦτα
645 3124 745 3195 μὲν
798 3122 895 3182 ἐὰν
938 3128 1083 3180 κατά
1116 3128 1337 3197 χρῆσιν,
1360 3129 1530 3199 ήγουν
1559 3129 1650 3183 διὰ
1674 3130 1836 3201 λῆψιν

1962 633 2307 704 propriarum
2351 632 2672 688 facultatum
2706 632 3153 688 confiscationem
3172 630 3443 703 patiatur,
3474 640 3531 683 et

1960 724 2015 778 in
2048 725 2302 780 exsilium
2359 726 2629 791 mittatur,
2683 727 2745 780 ut
2773 726 2865 795 qui
2917 724 3236 796 accipiendo
3292 723 3528 779 alienum

1958 816 2165 870 crimen
2220 817 2271 871 in
2306 819 2543 887 seipsum
2584 816 2886 873 transferre
2921 816 3211 872 studuerit.
3243 816 3301 871 Si
3347 824 3528 869 autem

1959 907 2303 964 donationem
2358 910 2440 964 vel
2473 910 2890 979 promissionem
2948 909 3190 980 litigator
3239 910 3529 962 ostendere

1957 1013 2063 1052 non
2122 998 2401 1068 potuerit,
2427 1001 2574 1070 juret
2615 1017 2872 1073 persona,
2904 1016 3023 1071 quae
3068 1001 3416 1055 donationem
3447 997 3528 1051 vel

1957 1091 2373 1159 promissionem
2428 1094 2734 1161 suscepisse
2760 1093 2977 1156 dicitur,
3007 1092 3151 1159 quod
3194 1103 3291 1143 nec
3319 1103 3415 1159 per
3442 1102 3525 1147 se,

1956 1197 2059 1237 nec
2099 1198 2197 1256 per
2259 1184 2419 1237 aliam
2468 1200 2783 1252 personam.
2825 1185 2908 1239 vel
2938 1184 3140 1254 aliquid
3181 1183 3411 1249 accepit,
3441 1181 3524 1235 vel

1954 1276 2287 1344 promissum
2339 1275 2553 1331 habuit.
2589 1274 2656 1329 Et
2700 1275 2805 1333 hoc
2852 1277 2977 1329 dato
2999 1273 3380 1343 jurejurando,
3410 1272 3529 1341 ipse

1954 1368 2175 1439 quidem
2224 1368 2601 1425 liberabitur:
2635 1369 2880 1441 litigator
2941 1382 3094 1433 vero,
3159 1366 3251 1436 qui
3290 1365 3526 1435 probare

1955 1445 2073 1515 non
2103 1461 2302 1532 potuit,
2336 1463 2391 1517 in
2419 1463 2600 1517 causis
2630 1462 2845 1531 quidem
2874 1460 3224 1530 pecuniariis,
3253 1458 3363 1514 litis
3381 1457 3527 1512 aesti-

1954 1557 2251 1611 mationem
2310 1572 2340 1610 a
2380 1555 2582 1611 comite
2613 1556 2947 1626 privatarum
2986 1565 3295 1609 nostrarum
3349 1552 3525 1607 facul-

1952 1658 2123 1703 tatum
2154 1650 2426 1719 exigatur,
2481 1650 2691 1720 judicio
2727 1650 2942 1705 scilicet
2968 1663 3127 1707 suum
3149 1659 3403 1704 eventum
3432 1661 3527 1703 ex.-

1951 1752 2233 1812 spectante
2253 1762 2281 1797 ~:
2312 1744 2367 1799 in
2401 1744 2776 1800 criminalibus
2796 1754 2975 1800 autem
2995 1743 3265 1799 bonorum
3298 1754 3521 1797 suorum

1952 1832 2374 1904 publicationem
2420 1836 2711 1902 sustineat,
2742 1845 2797 1890 et
2827 1832 3336 1897 aconveuientibns
3374 1833 3525 1903 judi-

1881 1908 1924 1963 Β
1952 1922 2106 1981 cibus
2160 1938 2229 1979 ex
2263 1926 2441 1998 legum
2479 1926 2671 1981 ordine
2714 1927 3017 1996 negotium.
3045 1926 3393 1982 terminetur.
3425 1921 3521 1979 Sin

1950 2026 2131 2071 autem
2181 2031 2415 2087 persona
2465 2032 2495 2072 a
2551 2018 2823 2091 litigatore
2872 2004 3146 2073 declarata
3191 2017 3529 2089 praedictum

1946 2107 2333 2181 jusjurandum
2393 2112 2776 2177 recusaverit,
2826 2121 2941 2165 tam
3002 2110 3058 2165 in
3102 2109 3517 2171 criminalibus,

1951 2216 2115 2272 quam
2151 2202 2206 2257 in
2242 2204 2571 2271 pecuniariis
2611 2203 2816 2267 causis,
2848 2202 3123 2272 praedictis
3150 2203 3331 2270 pomis
3386 2200 3521 2257 sub-

1943 2293 2187 2365 jiciatur.
2229 2292 2285 2349 Si
2322 2295 2443 2362 quis
2476 2300 2655 2349 autem
2704 2308 2917 2361 eorum,
2962 2295 3052 2379 qui
3109 2294 3343 2363 litigant,
3372 2292 3522 2362 jura-

1950 2385 2094 2441 verit
2131 2398 2192 2459 se
2242 2385 2376 2439 nihil
2436 2385 2677 2450 dedisse,
2722 2387 2807 2441 vei
2866 2386 3168 2457 pollicitum
3196 2398 3339 2450 esse,
3374 2383 3517 2439 intra

1950 2488 2183 2546 quatuor
2204 2486 2385 2531 autem
2401 2492 2637 2545 menses,
2656 2460 2936 2545 postquam
2956 2476 3113 2548 533
3132 2478 3399 2531 sententia
3417 2475 3521 2530 lata

1951 2577 2039 2623 est
2090 2570 2481 2633 numerandos,
2533 2569 2718 2621 datum
2783 2569 2989 2639 aliquid
3040 2570 3124 2622 vel
3192 2568 3518 2638 promissum

1948 2670 2229 2717 ostensum
2278 2660 2471 2729 fuerit,
2532 2662 2802 2731 praedicta:
2860 2677 3038 2731 poenas
3085 2672 3193 2716 tam
3259 2663 3520 2717 adversus

1950 2736 2143 2807 dantes
2168 2766 2333 2823 quam
2368 2754 2629 2807 adversus
2648 2753 2984 2821 accipientes
3008 2754 3187 2830 locum
3217 2753 3513 2807 habebunt.

1944 2839 2017 2898 Et
2043 2844 2158 2899 lucc
2191 2844 2434 2913 quidem,
2465 2844 2513 2897 si
2552 2854 2772 2912 propter
2824 2844 3015 2898 sordes
3044 2857 3135 2897 seu
3167 2844 3516 2913 pecuniarum

1950 2936 2324 3004 acceptionem
2369 2936 2455 2989 vel
2484 2951 2725 2990 amorem
2761 2934 2845 2993 vel
2875 2935 3058 2989 odium
3099 2935 3366 2989 sententia
3410 2936 3517 2989 lata

1947 3026 2023 3081 sit
2055 3042 2070 3080 :
2105 3022 2345 3095 ejusdem
2386 3029 2531 3082 enim
2566 3028 2783 3082 virtutis
2831 3037 2960 3083 sunt
3006 3028 3121 3085 haec
3161 3028 3289 3082 tria.
3322 3026 3379 3081 Si
3410 3042 3515 3082 au-

1953 3128 2059 3173 tem
2094 3134 2200 3173 non
2234 3129 2460 3189 propter
2492 3118 2757 3187 ejusmodi
2788 3119 2946 3173 ullam
2981 3134 3235 3185 causam,
3274 3120 3368 3175 sed
3421 3135 3518 3189 per

280 3221 639 3288 νομισμάτων
670 3219 704 3289 ἢ
736 3219 1118 3289 προσπάθειαν
1169 3221 1200 3289 ἢ
1229 3220 1453 3291 ἔχθραν,
1480 3224 1511 3292 ή
1541 3220 1721 3292 ψῆφος
1757 3223 1847 3288 ἑξ-

1950 3210 2279 3281 imperitiam
2325 3214 2587 3270 adversus
2615 3212 2849 3282 aliquem
2883 3211 2991 3269 fert
3037 3214 3361 3268 sententiam
3401 3216 3516 3282 epi-

283 3309 470 3381 ενεχθῇ
492 3326 509 3343 ο
542 3310 653 3380 τῆς
689 3312 798 3383 γὰρ
834 3312 1007 3382 αὐτῆς
1037 3313 1323 3383 δυνάμεως
1351 3317 1460 3368 εισι
1486 3317 1554 3366 τά
1573 3315 1719 3387 τρίαο
1750 3310 1847 3369 ἐὰν

277 3401 331 3455 δὲ
355 3403 429 3474 μή
447 3403 537 3458 διά
575 3402 842 3475 τοιαύτην
864 3404 1072 3467 αἰτίαν,
1092 3406 1228 3459 ἀλλά
1250 3407 1390 3459 κατά
1420 3407 1678 3478 ἀπειρίαν
1710 3407 1848 3461 ἀπο-

284 3495 514 3564 φήνηται
550 3496 865 3558 ἐπίσκοπος
902 3497 1046 3551 κατά
1072 3514 1243 3562 τινος,
1274 3500 1328 3551 τι
1372 3498 1667 3569 γενήσεται
1688 3514 1706 3565 ;
1730 3499 1847 3554 Λύ-

280 3599 397 3651 σις.
434 3586 498 3638 Ol
523 3584 820 3655 ἄρχοντες,
852 3586 974 3658 ἤτοι
1006 3588 1057 3642 οἱ
1090 3588 1500 3659 προκαθήμενοι
1534 3588 1643 3642 τῶν
1686 3589 1843 3645 δικαο

282 3675 440 3739 στῶν,
464 3678 1020 3745 οὑκ-’ἀναγκάζονται
1048 3680 1292 3749 ἀκριϐῶς
1334 3680 1533 3734 εἰδέναι
1580 3683 1706 3745 τοὺς
1758 3681 1848 3734 νό-

280 3781 430 3835 μους,
451 3768 540 3837 ἐφ’
564 3768 785 3838 ἑτέραις
807 3769 1074 3838 μεγάλαις
1089 3770 1359 3834 δουλείαις
1374 3771 1663 3843 ἐνασχολοὺ
1673 3786 1844 3843 μενοι·

281 3860 372 3912 καὶ
400 3859 493 3914 διὰ
548 3860 718 3914 τοῦτο
758 3860 819 3928 ἐξ
851 3862 1117 3934 ἀπειρίας
1145 3863 1600 3934 ἀποφαινόμενοι,
1657 3882 1849 3935 συγγιο

279 3951 602 4008 νώσκονται.
631 3954 695 4007 οι
717 3954 775 4008 δὲ
805 3948 1054 4027 σύνεδροι
1068 3957 1299 4023 τούτων,
1322 3957 1657 4028 παρανόμως
1676 3960 1848 4029 ψηφι-

278 4040 519 4112 ζόμενοι.
551 4044 904 4111 κολάζονται.
934 4046 1076 4118 Φησὶ
1104 4047 1216 4120 γὰρ
1239 4050 1269 4101 ὁ
1300 4049 1464 4120 νόμος
1490 4050 1550 4103 ὲν
1566 4049 1755 4122 βιϐλίῳ
1780 4050 1845 4116 ζ’,

274 4134 437 4210 τίτλῳ
465 4144 544 4209 γ’,
578 4140 866 4208 κεφαλαίῳ
905 4141 1147 4214 κδ’·,Τδν
1163 4140 1312 4196 δόλον
1354 4143 1724 4215 ἐπιζητοῦμεν
1753 4146 1847 4201 τοῦ

283 4227 573 4298 ἄρχοντος.
636 4232 774 4287 Ἐὰν
821 4233 941 4305 γὰρ
983 4234 1213 4305 ἀπειρία
1232 4235 1338 4288 τοῦ
1373 4237 1631 4309 συνέδρου
1671 4240 1849 4312 ἄλλως

286 4318 561 4394 ψηφισθῇ,
592 4326 624 4377 ό
658 4324 847 4396 ἄρχων
877 4326 979 4381 οὐκ
1006 4328 1296 4388 ἀδικεῖται.
1321 4330 1437 4384 ἀλλ’
1468 4333 1497 4383 ὁ
1535 4320 1846 4403 συμπονῶν.

281 4414 388 4467 Καὶ
426 4418 455 4467 ό
486 4415 759 4487 λογισμὸς
788 4417 1036 4488 εὔλογος.
1085 4423 1149 4476 0i
1183 4422 1285 4492 μὲν
1315 4424 1427 4495 γὰρ
1450 4425 1732 4496 ἄρχοντες,
1778 4427 1848 4479 δι’

1949 3316 2174 3372 scepus.
2205 3304 2335 3373 Quid
2387 3304 2519 3359 fiet?
2577 3302 2807 3359 Salutio.
2865 3303 3233 3375 Magistratus,
3288 3318 3385 3359 seu
3421 3307 3514 3376 qui

1944 3401 2193 3467 praesunt
2220 3394 2518 3465 judieibus,
2546 3410 2653 3450 non
2678 3405 2945 3467 coguntur
2976 3395 3121 3465 leges
3143 3403 3334 3451 exacte
3354 3399 3515 3462 scire,

1950 3495 2008 3539 ut
2039 3485 2135 3554 qui
2194 3486 2246 3544 in
2278 3488 2465 3543 multis
2494 3487 2616 3543 aliis
2657 3487 2867 3559 magnis
2913 3488 3365 3557 occupationibus
3391 3504 3519 3547 ver—
3630 3546 3633 3549 .

1948 3577 2173 3644 senlur;
2207 3586 2266 3633 et
2285 3588 2572 3649 propterea
2606 3581 2651 3635 si
2680 3596 2776 3650 per
2820 3580 3148 3651 imperitiam
3185 3586 3516 3636 sententiam

1946 3666 2153 3733 ferant.
2186 3671 2267 3725 eis
2321 3673 2483 3726 venia
2518 3669 2699 3727 datur.
2734 3670 2935 3726 Eorum
2975 3682 3155 3727 autem
3187 3686 3514 3738 assessores,

1924 3760 1994 3815 si
2030 3773 2221 3816 contra
2252 3761 2398 3832 leges
2425 3760 2606 3817 ferant
2628 3762 2982 3822 sententiam.
3028 3764 3348 3829 puniuntur.
3372 3761 3517 3817 Dicit

1948 3853 2096 3905 enim
2138 3853 2225 3906 lex
2256 3851 2309 3906 in
2364 3852 2466 3907 lib.
2496 3862 2590 3919 vn,
2622 3853 2705 3907 tit.
2731 3852 2785 3917 5,
2827 3868 2947 3922 cap.
2972 3852 3042 3907 24
3074 3862 3090 3904 ε
3126 3852 3321 3908 Delum
3351 3854 3517 3922 magi-

1949 3952 2153 3997 stratus
2186 3943 2535 4013 requirimus.
2566 3943 2624 3998 Si
2656 3945 2800 4002 enim
2844 3959 2941 4014 per
2977 3945 3307 4013 imperitiam
3337 3942 3517 3999 asses-

1947 4035 2091 4091 soris
2114 4033 2271 4090 aliter
2288 4035 2588 4104 judicatum
2615 4034 2797 4102 fuerit,
2817 4052 2922 4090 non
2951 4035 3085 4091 facit
3111 4037 3360 4107 injuriam
3378 4050 3517 4105 prae-

1949 4143 2036 4183 ses
2064 4143 2163 4184 seu
2219 4131 2568 4199 magistratus
2593 4170 2608 4193 ,
2640 4129 2733 4184 sed
2774 4130 2868 4201 qui
2900 4128 2951 4183 ei
2999 4127 3105 4183 fert
3137 4128 3419 4187 auxilium.
3450 4130 3515 4184 Et

1948 4227 2036 4277 εει
2092 4221 2394 4291 probabilis
2458 4218 2676 4292 quidem
2728 4223 2886 4277 ratio.
2944 4221 3294 4291 Magistratus
3344 4224 3510 4292 enim,

1949 4320 2171 4384 propter
2194 4329 2314 4369 eam
2337 4329 2458 4384 quae
2492 4313 2635 4367 dicta
2666 4324 2753 4369 est
2782 4329 3025 4380 causam,
3057 4330 3167 4370 non
3196 4315 3516 4373 insimulan-

1951 4413 2039 4459 tur
2076 4421 2091 4459 :
2121 4405 2334 4475 iudices
2364 4412 2564 4470 autem,
2596 4421 2823 4473 quorum
2871 4409 2956 4460 est
3006 4410 3282 4477 proprium
3320 4424 3515 4465 munus

280 4504 343 4575 ην
383 4504 611 4581 εἴρηται
642 4510 843 4573 αἰτίαν,
877 4512 979 4566 οὐκ
1007 4513 1288 4569 αἰτιῶνται
1317 4532 1331 4546 ·
1367 4492 1419 4569 el
1446 4492 1750 4589 obvaptzat,
1785 4520 1846 4572 τὸ

1949 4493 2215 4567 judicare,
2268 4497 2315 4552 si
2368 4509 2556 4551 contra
2594 4499 2743 4565 leges
2782 4492 3032 4563 fecerint,
3077 4509 3330 4554 tenentur
3358 4517 3428 4556 ac
3467 4508 3514 4555 si

273 4576 521 4666 δικάζειν
549 4604 648 4657 καὶ
688 4605 854 4674 μόνον
889 4606 1052 4678 ἔργον
1082 4606 1321 4678 εχοντες,
1380 4610 1476 4663 ὲάν
1520 4576 1839 4682 παρανομή-

1949 4587 2070 4643 dolo
2099 4587 2378 4655 fecissent,
2403 4591 2698 4643 seenndum
2738 4589 2910 4659 legem
2944 4603 3061 4657 qua:
3091 4591 3259 4646 dicit:
3286 4589 3515 4663 Imperi-

279 4707 466 4759 σωσιν,
494 4697 784 4766 ἀνέχονται
823 4698 900 4762 ὡς
950 4697 1112 4754 ’δόλον
1164 4702 1517 4771 ποιήσαντες,
1576 4705 1717 4759 κατά
1748 4706 1841 4758 τὸν

278 4784 444 4853 νόμον
472 4788 575 4841 τὸν
598 4787 852 4857 lavatur
893 4786 962 4844 Ἦ
990 4792 1225 4864 ἀπειρία
1282 4792 1432 4847 ῐοικε
1464 4798 1532 4870 τῇ
1556 4778 1806 4867 ἀμελείᾳ
1827 4815 1842 4829 ο

284 4880 378 4928 καὶ
405 4877 598 4931 πάλιν·
634 4879 797 4935 Δόλον
856 4897 940 4946 τις
992 4883 1248 4956 ποιεῖ’μή
1302 4885 1462 4948 εἰδὼς
1517 4887 1766 4955 ἀκριϐῶς
1814 4889 1844 4943 δ

278 4970 685 5040 ἐπαγγέλλεται
712 4973 936 5029 ειδέναι.

349 5063 459 5118 Καὶ
494 5064 660 5117 τοῦτο
704 5066 804 5136 μὲν
836 5065 1152 5139 ammon
1200 5071 1327 5140 περὶ
1374 5070 1484 5123 τῶν
1545 5056 1845 5125 πολιτικῶν

276 5152 579 5210 δικαστῶν.
622 5157 719 5221 Εἰς
764 5157 825 5212 δὲ
868 5160 997 5225 τοὺς
1046 5159 1541 5232 ἐκκλησιαστικοὺς
1584 5163 1846 5228 δικαστὰς

276 5244 413 5317 ἄλλη
436 5262 525 5309 τις
551 5249 818 5320 κρατήσει
872 5248 1189 5315 ἀκολουθία,
1242 5252 1319 5317 ὡς
1365 5253 1490 5323 έμοὶ
1526 5254 1681 5308 δοκεῖ
1703 5268 1718 5284 ·
1752 5256 1846 5308 καὶ

279 5339 421 5411 αὕτη
452 5341 646 5411 μέντοι
696 5342 836 5398 κατά
882 5344 983 5415 τὴν
1029 5343 1316 5415 παροῦσαν
1359 5343 1744 5416 θεσμοθεσίαν.
1774 5342 1846 5400 Et

282 5431 381 5499 μὶν
431 5434 549 5501 γὰρ
604 5434 857 5489 ἰναντίαν
889 5439 998 5500 τοῖς
1031 5438 1253 5491 κανόσιν
1284 5438 1588 5502 ἐπίσκοπος
1643 5440 1844 5509 ἐνέγκῃ

278 5525 485 5591 ψῆφον,
537 5524 1007 5599 τιμωρηθήσεται,
1056 5528 1227 5598 ήγουν
1253 5528 1735 5600 καθαιρεθήσεται,
1772 5532 1846 5601 μὴ

274 5613 588 5683 ’δυνάμενος
611 5615 848 5684 ἀμαθίαν
869 5617 908 5687 ’ἢ
940 5601 1204 5688 ἀπειρίαν
1230 5617 1621 5689 προϐαλέσθαι.
1641 5619 1717 5673 Οὐ
1738 5629 1845 5690 γαρ

282 5706 666 5776 συγγνωστέος
686 5706 851 5762 ἔσται
902 5709 1078 5779 λέγων
1109 5712 1185 5780 μὴ
1220 5712 1423 5765 ειδέναι
1448 5712 1575 5776 τοὺς
1594 5712 1847 5776 κανόνας,

281 5792 375 5862 οὖς
409 5795 784 5869 ἀναγκᾶζεται
830 5790 919 5868 διὰ
947 5803 1198 5875 γλώττης
1243 5805 1391 5876 ἔχειν
1421 5805 1609 5877 σχεδὸν
1649 5805 1758 5860 ἀεί.
1787 5802 1848 5859 Ei

283 5884 340 5942 ὂδ
374 5891 732 5961 ἀποφήνηταί
766 5906 819 5945 τι
853 5894 1038 5964 νόμοις
1070 5892 1412 5962 ἀνένδεκτον,
1454 5896 1490 5967 ἢ
1522 5893 1849 5965 δικαστικῆς

1947 4682 2023 4735 tia
2090 4681 2427 4751 negligentia:
2481 4682 2883 4752 atquiparatur;
2942 4693 2999 4738 et
3053 4686 3511 4758 ru_rsus:Dolum

1946 4772 2069 4839 quis
2090 4772 2223 4828 facit
2251 4775 2342 4843 qui
2374 4772 2618 4844 perfecte
2640 4775 2815 4831 nescit
2847 4776 2992 4845 quod
3029 4793 3087 4832 se
3118 4777 3265 4835 scire
3289 4781 3513 4848 proﬁte-

1950 4868 2056 4916 tur.

2024 5058 2089 5114 Et
2118 5060 2218 5116 hoc
2251 5062 2469 5129 quidem
2494 5064 2693 5123 dictum
2725 5073 2815 5126 est,
2843 5066 2908 5127 de
2938 5066 3187 5125 civilibus
3213 5069 3508 5140 iudicibus.

1948 5151 2008 5205 In
2036 5153 2248 5221 judices
2268 5164 2445 5209 autem
2476 5140 2880 5213 ecclesiasticos
2904 5158 3008 5212 alia
3029 5160 3275 5231 quaedam
3314 5164 3518 5219 valebit

1949 5247 2363 5314 consequentia,
2395 5258 2456 5303 ιιι
2476 5247 2607 5303 mihi
2635 5248 2899 5305 videtur:
2946 5249 3001 5306 ei
3046 5267 3107 5307 ea
3164 5255 3382 5324 quidem
3426 5269 3516 5309 se—

1951 5339 2189 5394 cundum
2224 5350 2545 5407 prmsentem
2589 5342 3056 5399 constitutionem.
3095 5344 3153 5400 Si
3197 5345 3343 5401 enim
3388 5362 3517 5404 con-

1952 5431 2172 5514 trariam
2204 5433 2511 5488 eanonibus
2537 5436 2868 5491 sententiam
2896 5438 3185 5507 episcOpus
3208 5439 3515 5509 pretulcrit,

1952 5523 2208 5591 punietur
2243 5522 2362 5578 sive
2392 5523 2697 5609 deponetur
2722 5568 2737 5590 ,
2770 5538 2825 5582 ut
2849 5529 2938 5598 qui
2985 5544 3089 5584 non
3141 5531 3313 5599 possit
3363 5531 3517 5604 igno-

1953 5617 2186 5671 rantiam
2216 5616 2299 5671 vel
2328 5617 2654 5687 imperitiam
2696 5622 2956 5690 allegare.
2989 5620 3173 5691 Neque
3210 5625 3354 5679 enim
3411 5630 3517 5683 erit

1950 5709 1999 5763 ei
2037 5710 2447 5781 ignoscendum,
2478 5710 2524 5765 si
2562 5710 2706 5767 dicat
2739 5727 2795 5767 se
2829 5716 3043 5769 nescire
3072 5730 3331 5784 canones,
3377 5736 3515 5790 quos

1950 5804 2165 5872 cogitur
2187 5802 2239 5855 in
2271 5802 2455 5871 lingua
2482 5818 2695 5872 semper
2728 5805 2946 5862 habere.
2986 5808 3080 5861 Sin
3111 5818 3286 5863 autem
3315 5812 3517 5882 aliquid

1955 5892 2417 5963 pronuntiaverit,
2447 5897 2587 5963 quod
2623 5910 2650 5948 a
2684 5897 2893 5963 legibus
2931 5913 3035 5953 non
3079 5900 3400 5964 admittitur,
3438 5905 3520 5959 vel
