4098 6288
457 364 527 426 79
1715 355 1818 418 ΤΗ
1831 354 1996 416 EOD.
2045 354 2054 412 i

2159 348 2447 412 [ΒΑΜοΝ
3647 342 3717 407 8;)

463 481 547 526 est
572 481 724 526 extra
761 468 1104 540 judiciariam
1132 466 1788 539 consequeritiam,venia
1815 467 2035 520 dabitur

2159 462 2467 527 ικολουθίας
2499 458 2736 531 ἔξωθεν,
2776 460 3260 531 συγγνωσθήσεται
3285 459 3374 516 διὰ
3416 459 3521 530 τὴν
3555 460 3717 515 ἀπει-

466 572 686 633 propter
743 562 1073 634 imperitiam
1129 601 1144 628 ,
1196 569 1258 616 ut
1298 562 1396 632 qui
1452 575 1552 616 nec
1603 559 1843 631 perfecte
1893 561 2037 629 leges

2159 555 2287 620 ιίαν,
2340 554 2417 620 ὡς
2458 554 2597 627 μηδέ
2645 553 2882 623 ὀφείλων
2932 553 3135 608 είδέναι
3189 554 3390 624 νόμους
3442 551 3713 623 ἀκριϐῶς.

464 654 606 710 scire
655 655 867 709 debeat.
916 653 1042 709 Haec
1089 663 1268 708 autem
1303 653 1768 717 observabuntur,
1819 651 2038 723 quando

2159 647 2328 704 Γαῦτα
2348 648 2406 702 δέ
2426 649 2820 720 κρατήσουσιν,
2839 649 2969 702 ὃταν
2999 646 3420 718 ἐγκληματικην
3453 645 3718 700 ὑπόθεσιν

464 745 803 801 criminalem
827 761 1046 802 causam
1074 745 1402 817 judicaverit
1435 746 1745 814 episcopus,
1771 746 1853 799 vel
1877 745 2036 800 aliam

2159 742 2337 814 ῑικασῃ
2397 743 2722 805 ἐπίσκοπος,
2784 740 2954 811 ἄλλην
2983 739 3456 811 ἐκκλησιαστικὴν
3483 740 3715 811 ζήτησιν

465 838 896 894 ecclesiasticam
949 839 1347 909 quaestionem,
1393 852 1518 909 quae
1567 838 1774 893 inducit
1820 838 2041 908 deposi-

2159 835 2456 903 ίπάγσυσαν
2487 834 2831 906 καθαίρεσιν.
2878 834 2943 887 Ei
2988 834 3098 902 γὰρ
3144 832 3501 904 χρηματικήν
3537 847 3715 902 παρα-

469 931 694 984 tionem.
730 930 787 984 bi
814 930 959 985 enim
989 930 1363 1000 pecuniariam
1399 936 1590 984 contra
1641 928 1786 998 leges
1825 938 2043 984 sentcn-

470 1022 596 1073 tiam
631 1022 924 1091 protulerit
955 1035 1050 1092 per
1098 1021 1450 1090 imperitiam,
1485 1021 1537 1075 id
1574 1020 1623 1074 ei
1674 1020 2038 1089 pra-judicium

469 1128 574 1166 non
609 1113 821 1169 aﬂ‘eret.
855 1113 1126 1169 Praeterea
1174 1112 1536 1182 interrogabit
1587 1113 1880 1183 quispiam,
1916 1128 2042 1169 cum

2143 928 2329 998 νόμως
2360 925 2628 999 ἐξενέγκῃ
2660 929 2941 996 ἀπόφασιν
2971 924 3032 990 ἐξ
3054 925 3339 995 ἀπειρίας,
3386 925 3720 994 οὺ,προκρι-

2147 1021 2572 1095 ματισθήσεται.
2599 1022 2722 1075 Ἔτι
2777 1021 3050 1092 ἐρωτήσει
3102 1035 3211 1084 τις,
3264 1018 3341 1081 ῶς
3369 1017 3462 1071 τοῦ
3490 1011 3718 1077 κανόνος

2146 1113 2440 1178 ἐνδιδόντος
2495 1115 2612 1178 τοῖς
2668 1114 2988 1186 ίερωμένοις
3045 1110 3400 1180 ἐπιλέγεσθαι
3455 1108 3720 1172 δικαστὰς

470 1219 645 1258 canon
679 1206 961 1274 permittat
1006 1205 1183 1260 sacris
1230 1203 1474 1258 initiatos
1517 1203 1731 1274 judices
1775 1204 2043 1260 electitios

2159 1207 2422 1278 ιίρετοίις.
2455 1206 2676 1275 ἐξέσται
2709 1206 2898 1270 αὐτοῖς
2951 1204 3311 1273 ἐπιλέγεσθαι
3363 1202 3719 1268 πολιτικούς;

469 1299 692 1362 eligere,
722 1297 874 1351 eisne
904 1297 1090 1351 licebit
1127 1295 1316 1350 civiles
1345 1293 1588 1364 eligere?
1639 1291 1874 1351 Salutio.
1908 1296 2043 1362 Quia

2159 1300 2361 1364 Λύσις.
2397 1295 2550 1351 Ἐπεὶ
2579 1299 2608 1351 ό
2633 1294 2817 1350 κανὼν
2835 1294 3132 1368 διορίζεται
3162 1295 3388 1364 κρατεῖν
3413 1294 3514 1364 τήν
3539 1292 3721 1363 ψῆφον

468 1389 661 1442 statuit
687 1403 886 1454 canon,
922 1397 983 1442 ut
1014 1387 1314 1443 electorum
1339 1387 1586 1457 judicum
1613 1387 2044 1442 valeat-senten-

2159 1388 2258 1442 τῶν
2309 1386 2609 1460 αἱρετικῶν
2657 1387 2956 1452 δικαστῶν,
3002 1386 3100 1440 καὶ
3147 1387 3223 1458 μὴ
3259 1385 3585 1441 ὑποκεῖσθαι
3619 1387 3722 1438 ἐκ-

470 1482 564 1545 tia,
619 1497 720 1534 nec
772 1480 1119 1551 appellationi
1175 1480 1247 1535 sit
1279 1479 1541 1544 obnoxia,
1574 1479 1789 1533 etiamsi
1848 1478 1884 1532 ii
1934 1479 2048 1534 sint

2159 1481 2356 1553 ιιλήτῳ,
2391 1480 2498 1536 κᾶν
2524 1481 2750 1553 ήττονες
2780 1474 2920 1535 ὦσιν
2947 1472 3098 1534 οὗτοι
3129 1480 3236 1532 τῶν
3262 1478 3499 1544 δώδεκα,
3528 1478 3637 1532 τῶν
3663 1476 3724 1544 ἓξ

469 1575 752 1641 pauciores
803 1589 968 1643 quam
1021 1572 1346 1639 duodecim,
1387 1585 1551 1643 quam
1608 1585 1726 1638 sex,
1779 1581 1835 1627 et
1882 1587 2045 1640 quam

2159 1574 2248 1626 καὶ
2275 1572 2384 1627 τῶν
2410 1572 2601 1643 τριῶν,
2645 1572 2903 1641 φαίνεται
2946 1571 3199 1643 ἐναργῶς
3231 1572 3553 1626 ἀνένδεκτον
3581 1565 3723 1623 εῖναι

473 1677 601 1731 tres,
634 1666 917 1721 evidenter
937 1677 1160 1736 apparet
1186 1664 1430 1719 civilium
1457 1662 1703 1735 judicum
1725 1663 2046 1720 electionem

2159 1668 2262 1728 τοῖς
2294 1664 2486 1720 κανόσι
2515 1666 2617 1737 τήν
2641 1664 2906 1736 ἐπιλογήν
2951 1665 3061 1718 τῶν
3091 1665 3390 1718 πολιτικῶν
3425 1664 3723 1720 δικαστῶν.

473 1774 579 1811 non
615 1759 830 1834 admitti
863 1774 893 1813 a
922 1757 1244 1813 canonibus.
1293 1756 1467 1822 Unde,
1525 1765 1584 1812 ut
1636 1757 1768 1813 tnihi
1813 1758 2044 1826 videtur,

2159 1757 2344 1822 Ὅθεν,
2407 1759 2484 1822 ὡς
2539 1755 2664 1832 ἐμοὶ
2707 1757 2881 1822 δοκεῖ,
2945 1755 3380 1825 κολασθήσονται
3431 1755 3574 1809 κατὰ
3630 1753 3726 1807 τὸν

471 1853 766 1904 secundum
801 1861 1127 1920 praesentem
1177 1864 1444 1904 canonem
1480 1851 1778 1918 punientur
1821 1853 2043 1915 sacrati,

2159 1849 2402 1918 παρόντα
2436 1847 2643 1902 κανόνα
2676 1849 2728 1900 οἱ
2764 1846 2920 1918 παρὰ
2946 1847 3248 1910 πολιτικοῖς
3296 1846 3585 1908 δικασταῖς
3641 1845 3730 1898 ai-

470 1944 561 2008 qui
593 1957 620 1994 ιι
654 1941 904 1996 civilibus
927 1940 1203 2009 indicibus
1231 1939 1468 2011 judicari
1495 1941 1784 2010 elegerint.
1822 1939 2054 1998 Videtur

2159 1939 2506 2011 ρετισάμενοι
2563 1938 2894 2010 δικασθῆναι
2939 1939 3267 2010 ίερωμένοιο
3319 1937 3466 1991 ἔοικε
3511 1937 3569 1991 δὲ
3619 1936 3733 1991 ἀπὸ

472 2042 656 2086 autem
708 2048 774 2086 ex
827 2034 1012 2087 verbis
1035 2032 1287 2097 canonis,
1324 2047 1447 2103 quae
1482 2032 1674 2088 dicunt
1709 2035 1910 2102 deponi
1964 2049 2054 2089 sa-

474 2133 681 2188 cratos,
720 2124 812 2192 qui
862 2123 1200 2193 litigaverint
1252 2122 1304 2176 in
1362 2122 1484 2178 foro
1533 2122 1680 2178 civili
1739 2140 1838 2194 pro
1888 2141 2053 2181 causa

474 2215 785 2282 pecuniaria
817 2257 832 2279 ,
865 2223 917 2267 et
963 2215 1217 2280 vicerint,
1261 2217 1365 2272 nisi
1411 2233 1441 2272 ε
1499 2234 1592 2272 sua
1637 2221 1901 2274 sententia
1955 2221 2054 2276 de-

476 2309 696 2374 sismnt,
731 2307 1164 2377 quodjudicium
1200 2311 1420 2380 quidem
1469 2310 1675 2366 factum
1726 2314 1793 2367 ab
1846 2314 2054 2368 incom-

475 2400 676 2467 pctcnti
701 2400 909 2467 judice,
944 2415 1007 2453 ex
1045 2400 1324 2457 voluntate
1353 2402 1472 2470 ejus
1501 2405 1594 2473 qui
1640 2414 1725 2459 est
1777 2416 2051 2471 sacratus,

477 2489 768 2544 tenendum
811 2501 999 2546 estet
1055 2508 1162 2547 non
1209 2493 1668 2550 labefactandum.
1727 2496 1828 2562 Qui
1872 2510 2054 2554 autem

474 2579 908 2635 ecclesiasticum
945 2584 1215 2639 recusavit
1239 2583 1504 2653 judicium
1539 2595 1595 2641 et
1647 2588 1748 2641 fori
1801 2592 2047 2659 praescri-

476 2673 660 2741 ptione
693 2687 798 2726 non
829 2681 913 2727 est
949 2689 1104 2738 usus,
1140 2687 1386 2731 sacratus
1411 2679 1686 2745 punietur,
1721 2691 1779 2733 ut
1803 2684 2056 2750 superius

475 2768 676 2819 dictum
728 2777 830 2820 est.
867 2766 1149 2822 Eleatitios
1180 2781 1360 2824 autem
1399 2772 1723 2840 judicesltic
1762 2791 1830 2828 ne
1856 2775 2058 2830 dixeris

475 2857 780 2927 erijusmodi
815 2861 905 2914 tit.
938 2859 972 2911 2
1010 2861 1133 2914 libri
1186 2876 1264 2916 vu
1317 2863 1473 2926 dicit,
1522 2865 1616 2934 qui
1670 2866 1882 2920 scilicet
1931 2883 2055 2921 cum

479 2963 653 3018 laenae
743 2953 1092 3022 stipulatione
1156 2955 1448 3024 judicant,
1502 2961 1594 3012 sed
1661 2958 2059 3015 ecclesiasticos

479 3045 812 3099 ordinarios.
850 3044 932 3100 Illi
959 3046 1104 3099 enim
1142 3062 1253 3100 non
1283 3057 1511 3117 possunt
1548 3064 1766 3103 causam
1795 3051 2060 3105 crimina-

2154 2034 2266 2088 τῶν
2292 2033 2560 2104 ῥημάτων
2585 2031 2681 2086 τοῦ
2705 2033 2952 2097 κανόνος,
3005 2029 3116 2084 τῶν
3145 2015 3418 2099 λεγόντων
3443 2030 3732 2108 καθαιρεῖ-

2158 2128 2282 2182 σθαι
2308 2129 2435 2192 τοὺς
2464 2127 2794 2199 ἱερωμένους
2839 2125 3245 2197 δικασαμένους
3279 2126 3434 2196 παρὰ
3458 2121 3727 2192 πολιτικῷ

2154 2219 2495 2290 δικαστηρίῳ
2522 2220 2689 2291 χάριν
2718 2218 3072 2290 χρηματικῆς
3099 2217 3417 2282 αίτιάσεως,
3447 2216 3542 2270 καὶ
3575 2215 3732 2287 νική-

2157 2328 2380 2380 σαντας,
2413 2313 2509 2364 ἐὰν
2537 2311 2615 2383 μή
2645 2310 2927 2365 ἀποστῶσι
2971 2311 3070 2379 τῆς
3098 2309 3242 2380 ὺπέρ
3275 2310 3461 2364 αὐτῶν
3509 2310 3730 2378 ἀποφά-

2159 2421 2319 2469 σεως,
2344 2404 2420 2467 ὡς
2447 2404 2481 2476 ή
2516 2404 2617 2474 μὲν
2647 2404 2916 2473 γενομένη
2939 2402 3126 2472 κρίσις
3170 2403 3325 2472 παρὰ
3367 2403 3723 2473 ἀπροσφόρου

2155 2495 2412 2549 δικαστοῦ
2471 2496 2614 2551 κατὰ
2666 2495 2889 2564 θέλησιν
2938 2493 3034 2547 τοῦ
3089 2493 3391 2565 ἱερωμένου
3454 2492 3730 2564 στερκτέα

2157 2590 2312 2644 ἔσται
2370 2589 2466 2642 καὶ
2513 2590 2952 2651 ἀκατάσειστος·
3011 2589 3039 2641 ό
3070 2585 3216 2640 δὲτὸ
3267 2583 3728 2649 ἐκκλησιαστικὸν

2159 2682 2648 2752 παραιτησάμενος
2674 2680 3030 2749 δικαστήριον
3057 2680 3148 2730 καὶ
3187 2677 3263 2749 μή
3285 2679 3636 2747 χρησάμενος
3662 2680 3730 2747 τῇ

2156 2773 2250 2824 τοῦ
2302 2775 2471 2843 φόρου
2525 2773 2874 2843 παραγραφῇ
2939 2771 3242 2840 ἱερωμένος
3301 2770 3732 2838 κολασθήσεται,

2155 2863 2342 2928 καθὼς
2398 2864 2606 2918 ἄνωθεν
2663 2865 2902 2935 εἴρηται.
2935 2864 3201 2934 Alps-:06;
3239 2863 3295 2916 δὲ
3345 2864 3610 2926 δικαστὰς
3644 2866 3734 2917 ἐν-

2156 2957 2332 3011 ταῦθα
2359 2961 2434 3028 μὴ
2465 2959 2628 3028 εἴπῃς
2652 2959 2800 3021 οἴους
2828 2958 2856 3009 ὁ
2883 2955 2927 3027 β’
2949 2958 3091 3011 τίτλ.
3115 2957 3210 3010 τοῦ
3238 2955 3284 3022 ζ’
3313 2956 3523 3028 βιϐλίου
3574 2945 3744 3027 φησι,

2162 3047 2303 3118 μετὰ
2351 3050 2753 3117 ἐπερωτήσεως
2805 3045 3056 3118 δηλονότι
3118 3045 3312 3115 ποινῆς
3361 3044 3730 3108 δικάζονταςο

485 3152 583 3190 .em
637 3138 885 3208 judicare
916 3156 930 3192 :
966 3137 1019 3192 lii
1083 3153 1233 3203 vero,
1297 3150 1356 3193 ut
1405 3155 1472 3194 ex
1527 3144 1784 3210 praesenti
1848 3159 2054 3201 canone

2159 3140 2297 3195 ἀλλὰ
2329 3139 2823 3210 ἐκκλησιαστικοὺς
2875 3139 3207 3208 ἐνορδίνους.
3246 3139 3478 3191 Ἐκεῖνοι
3505 3139 3613 3207 γὰρ
3641 3133 3748 3207 ἐγ·’

480 3230 808 3294 υ-ιεηάίιιιτ,
844 3243 1062 3283 omnem
1089 3243 1308 3283 causam
1337 3228 1606 3299 judicant.
1633 3230 1710 3286 De
1729 3235 2058 3301 spectaculis

477 3327 680 3385 autem,
711 3329 768 3376 et
789 3317 1058 3392 equorum
1092 3320 1406 3388 curriculis,
1449 3330 1507 3378 et
1547 3324 1962 3392 venationibus,
1997 3336 2053 3381 et

478 3413 719 3467 scenicis
743 3413 1162 3476 saltationibus,
1195 3413 1333 3468 satis
1367 3413 1608 3468 diximus
1658 3415 1711 3470 in
1741 3431 1954 3472 canone
1981 3418 2054 3473 21

477 3505 670 3578 synodi
721 3506 772 3560 in
822 3505 1129 3570 Trullo,-et
1171 3505 1227 3560 in
1287 3505 1354 3560 51
1411 3507 1506 3562 ubi
1549 3506 1714 3563 etiam
1769 3510 2055 3578 praesentis

479 3598 706 3653 canonis
738 3597 1139 3656 meminimus:
1190 3597 1415 3669 etilcge
1463 3613 1581 3654 eos.
1639 3599 1834 3667 Quaere
1883 3601 2051 3656 etiam

476 3701 786 3746 sanctorum
807 3689 1186 3760 [apostolorum
1234 3703 1514 3746 canonem
1566 3690 1657 3756 74,
1703 3693 1892 3764 synodi
1939 3695 2055 3748 An-

484 3783 751 3838 tiochense
782 3795 1025 3836 canones
1055 3781 1123 3836 14
1154 3791 1206 3836 et
1232 3779 1322 3846 15,
1370 3782 1560 3854 synodi
1589 3782 2057 3841 Chalcedonensis

2159 3232 2516 3306 κληματικὴν
2552 3231 2817 3286 ὑπόθεσιν
2845 3231 2905 3285 οὐ
2962 3231 3222 3284 δύνανται
3277 3227 3553 3293 δικάζειν·
3584 3223 3752 3283 οὗτοι

2158 3327 2238 3391 δέ,
2267 3327 2341 3391 ὡς
2363 3325 2474 3382 ἀπὸ
2500 3324 2595 3380 τοῦ
2628 3325 2894 3398 παρόντος
2923 3323 3150 3387 κανόνος
3173 3323 3530 3395 παρίσταται,
3548 3324 3736 3376 πᾶσαν

2161 3417 2421 3474 ὑπόθεσιν
2481 3418 2754 3488 κρίνουσι.
2804 3417 2946 3488 Περὶ
2983 3416 3172 3487 μέντοι
3205 3416 3318 3469 τῶν
3348 3415 3599 3487 θεωρίων
3633 3416 3734 3470 καὶ

2159 3511 2269 3564 τῶν
2307 3510 2684 3579 ίπποδρομίων
2710 3511 2806 3563 καὶ
2837 3509 2950 3564 τῶν
2997 3509 3347 3580 κυνηγεσίων
3380 3509 3474 3562 καὶ
3497 3509 3604 3562 τῶν
3638 3509 3737 3564 ἐπὶ

2162 3604 2391 3672 σκηναῖς
2418 3603 2702 3672 ὀρχήσεων
2748 3601 2955 3665 ἱκανῶς
2995 3601 3322 3673 ἐγράψαμεν
3347 3604 3405 3655 ἐν
3434 3601 3517 3672 τῷ
3543 3599 3620 3656 κδ’
3629 3601 3759 3656 καί

2161 3695 2277 3750 νόνι
2300 3694 2400 3765 τῆς
2424 3697 2485 3748 ἐν
2515 3693 2594 3764 τῷ
2625 3692 2885 3765 Τρούλλῳ
2926 3694 3175 3756 συνόδου,
3209 3694 3308 3747 καὶ
3358 3693 3437 3763 τῷ
3463 3691 3566 3758 να’,
3597 3694 3736 3747 ὅπου

2160 3789 2258 3840 καὶ
2306 3786 2403 3841 τοῦ
2449 3786 2721 3855 παρόντος
2754 3785 2984 3848 κανόνος
3041 3785 3405 3856 ἐμνήσθημεν
3429 3801 3444 3816 ’
3471 3786 3569 3839 καὶ
3599 3785 3736 3839 avd-

480 3890 718 3930 canones
754 3874 842 3937 10,
879 3873 971 3936 17,
1019 3874 1210 3944 synodi
1241 3873 1582 3928 Sardicensis
1611 3877 1953 3942 canonesﬁ,
1995 3878 2054 3943 5,

2159 3896 2370 3948 γνωσον
2399 3880 2652 3939 τούτους.
2698 3876 2863 3948 Ζήτει
2893 3876 2990 3929 καὶ
3020 3875 3131 3929 τῶν
3177 3877 3351 3945 ἁγίων
3414 3876 3737 3929 ἀποστόλων

481 3971 573 4035 li,
613 3983 662 4023 et
696 3967 854 4035 huius
881 3982 1119 4024 canones
1156 3966 1247 4029 28,
1299 3965 1404 4021 120
1445 3979 1498 4022 et
1531 3967 1656 4021 121.
1687 3968 1839 4032 Quod
1874 3978 2052 4024 autem

2159 3975 2362 4028 κανόνα
2384 3973 2479 4034 οδ’,
2513 3970 2615 4039 τῆς
2643 3971 2703 4022 ἐν
2725 3967 3033 4040 Ἀντιοχείᾳ
3065 3968 3284 4021 συνόδου
3319 3969 3522 4021 κανόνα
3550 3965 3612 4020 ιδ’
3637 3967 3735 4020 καὶ

479 4064 689 4134 possint
717 4063 918 4116 sacrati
953 4063 1270 4115 renuntiare
1295 4061 1689 4128 prinscriptioni
1714 4061 1837 4129 fori,
1870 4077 2052 4132 quaere

2163 4069 2247 4127 ιε’,
2280 4064 2384 4133 τῆς
2442 4063 2501 4113 ἐν
2550 4058 2862 4128 Χαλκηδόνι
2887 4075 3010 4112 καν.
3071 4061 3127 4122 ι’,
3159 4056 3247 4123 ιζ’,
3274 4057 3372 4127 τῆς
3399 4059 3459 4111 ἐν
3493 4059 3732 4128 Σαρῗικῇ

477 4172 597 4225 cap.
631 4157 662 4210 9
695 4157 779 4208 tit.
811 4153 844 4206 5
875 4155 967 4208 lib.
995 4168 1049 4206 ιιι
1080 4152 1458 4205 Basilicorom.

2161 4158 2367 4211 κανόνα
2411 4160 2483 4222 γ’.
2514 4159 2580 4218 ε’,
2629 4152 2716 4217 ιδ’,
2748 4151 3085 4223 statuti-:1};
3114 4152 3320 4205 κανόνα
3341 4149 3458 4223 κη’,
3494 4154 3586 4206 καὶ
3623 4158 3732 4221 ρκ’,

480 4248 574 4298 καὶ
643 4243 783 4316 ρκα’.
820 4244 958 4313 Περ).
1040 4241 1099 4295 δὲ
1142 4240 1237 4294 τοῦ
1287 4239 1552 4294 δύνασθαι
1603 4242 1730 4304 τοὺς
1786 4245 2119 4315 ίερωμένους
2187 4245 2589 4301 ἀποτάττεσθαι
2646 4247 2714 4316 τῇ
2776 4242 2872 4298 τοῦ
2947 4245 3115 4314 φόρου
3179 4247 3517 4317 παραγραφῇ
3573 4244 3735 4316 ζήτει

479 4353 604 4404 κεφ.
635 4335 679 4387 θ’
707 4335 803 4388 τοῦ
837 4331 883 4401 γ’
904 4333 1086 4385 τίτλου
1117 4329 1212 4384 τοῦ
1250 4336 1301 4399 γ’
1335 4331 1548 4402 βιϐλίου
1575 4334 1685 4386 τῶν
1711 4334 2038 4394 Βασιλικῶν.

552 4425 716 4498 534
732 4425 982 4480 ZONAR.
1005 4426 1061 4478 in
1088 4424 1457 4494 omnium,_qui
1482 4428 1655 4480 sacris
1693 4428 1888 4483 initiati
1915 4441 2054 4486 sunt,

2248 4430 2496 4485 ΖΩΝΑΡ.
2551 4428 2678 4490 Τοῖς
2735 4428 3057 4498 ίερωμένοις
3086 4427 3317 4489 ἅπασιν,
3379 4426 3517 4480 ἀλλὰ
3550 4429 3735 4497 μέντοι

479 4523 610 4589 quin
661 4530 715 4573 et
755 4520 806 4572 in
863 4519 1261 4571 monachorum
1320 4517 1739 4585 controversiis,
1797 4521 1919 4591 ejus
1969 4524 2054 4577 cui

2163 4523 2260 4576 καὶ
2313 4523 2568 4592 μοναχοῖς
2607 4521 2899 4590 πρόσφορά
2956 4522 3064 4592 εισι
3127 4517 3460 4588 δικαστήρια
3511 4520 3579 4572 τὰ
3628 4519 3737 4573 τῶν

481 4611 710 4681 subjecti
739 4619 864 4662 sunt
899 4610 1140 4676 episcopi
1179 4608 1400 4677 propria
1449 4614 1906 4681 causaeqcognitio
1946 4625 2051 4668 est.

482 4707 606 4759 Sive
635 4703 798 4772 igitur
843 4700 1039 4768 aliquis
1095 4699 1290 4754 borum
1327 4697 1623 4766 deferatur,
1676 4704 1793 4756 sive
1844 4703 2055 4759 delerat

482 4795 872 4858 conclericum,
910 4807 1093 4846 coram
1126 4791 1295 4859 ipsius
1322 4795 1603 4863 episcopo,
1637 4793 1752 4848 sive
1793 4797 1874 4850 rei
1901 4799 2055 4867 capi-

485 4886 625 4948 talis,
657 4900 752 4938 sen
779 4881 982 4943 civilis,
1011 4889 1105 4934 aut
1141 4882 1474 4948 pecuniariae
1517 4882 1750 4952 quaestio
1793 4885 1884 4946 sit,
1935 4901 2053 4940 rem

484 4977 718 5052 transigi
762 4983 999 5042 oportet.
1050 4971 1207 5037 Quod
1246 4972 1291 5025 si
1323 4988 1390 5027 ex
1445 4972 1511 5028 iis
1551 4974 1845 5045 quispiam,
1891 4991 1950 5030 se
1988 4976 2082 5030 ab"

481 5067 850 5124 ecclesiastica
872 5064 1258 5134 jurisdictione
1285 5065 1638 5132 subtrahens,
1672 5067 2058 5137 publicojudi-

482 5165 587 5224 cio,
620 5165 758 5230 apud
789 5159 1135 5227 magistratus
1171 5158 1423 5211 nimirum
1458 5161 1772 5229 populares,
1807 5162 1910 5216 hoc
1967 5171 2052 5216 est

483 5256 699 5316 civiles,
731 5251 975 5320 purgari,
1020 5249 1070 5302 id
1106 5255 1209 5314 est,
1243 5264 1303 5303 se
1331 5264 1360 5301 a
1392 5252 1546 5320 culpa
1585 5253 1878 5306 immunem
1927 5269 2056 5322 pro-

484 5349 612 5402 bare
657 5344 984 5409 contendat;
1037 5342 1286 5411 quamvis
1320 5344 1388 5411 ,in
1439 5358 1505 5397 eo
1552 5343 1759 5411 judicio
1808 5348 2058 5415 superior

481 5439 738 5500 evaserit,
774 5450 1004 5504 eumque
1034 5439 1101 5488 ab
1135 5435 1335 5503 objecti
1366 5436 1624 5491 facinoris
1646 5438 1804 5507 culpa
1832 5441 2058 5493 omnino

484 5532 672 5601 procul
696 5530 933 5584 abfuiSse
954 5529 1164 5594 judices
1199 5529 1635 5597 pronuntiarint;
1665 5531 1843 5585 locutu
1876 5542 2057 5587 tamen

484 5625 786 5695 preprinni,
827 5623 1050 5691 gradum
1100 5622 1377 5687 videlicet,
1415 5637 1478 5676 ac
1536 5624 1830 5678 sacerdotii
1881 5627 2059 5694 digni-

487 5728 648 5770 tatem
705 5716 936 5777 amittet,
1002 5723 1164 5782 atque
1201 5713 1286 5768 vel
1337 5718 1405 5768 ob
1467 5716 1517 5768 id
1572 5715 1772 5784 ipsum,
1817 5717 1960 5784 quod
1990 5716 2067 5770 ab‘

484 5808 823 5865 celcsiastica
869 5805 1254 5876 jnrisdictione
1304 5823 1362 5861 se
1420 5807 1769 5872 subduxerit,
1811 5807 2044 5872 deposi—

2163 4616 2501 4680 ἐπισκόπων,
2528 4607 2611 4676 οἷς
2635 4611 2981 4665 ὑπόκεινται.
3040 4611 3167 4663 Είτε
3196 4605 3291 4663 οὖν
3337 4610 3597 4678 ἐνάγεταί
3651 4629 3735 4676 τις

2161 4707 2391 4772 τούτων,
2437 4706 2552 4761 εἴτε
2604 4707 2793 4774 ἐνάγει
2825 4706 2966 4758 κατὰ
3016 4704 3418 4773 συγκληρικοῦ,
3471 4707 3624 4774 παρὰ
3657 4707 3736 4777 τῷ

2163 4801 2447 4870 ἐπισκόπῳ
2468 4798 2635 4852 αὑτοῦ
2671 4799 2767 4851 καὶ
2801 4798 3095 4865 ἐνάγεσοαι
3124 4799 3229 4848 καὶ
3259 4795 3478 4863 ἐνάγειν
3507 4797 3732 4866 ὀφείλει,

2165 4891 2268 4946 κᾶν
2301 4889 2707 4961 ἐγκληματικὸν
2737 4890 2826 4959 εἴη
2852 4890 2914 4941 τὸ
2943 4889 3432 4957 δικαστήριον,καὶ
3459 4888 3737 4942 πολιτικὸν

2165 4986 2288 5055 ἦτοι
2347 4983 2714 5055 χρηματικόν.
2777 4983 2902 5035 Ἐὰν
2930 4980 2989 5033 δέ
3019 4980 3430 5051 παραιτήσηταί
3488 4998 3575 5043 τις
3629 4983 3738 5035 τῶν

2162 5080 2425 5131 τοιούτων
2447 5076 2510 5128 τὸ
2538 5074 3001 5145 ἐκκλησιαστικὸν
3028 5074 3408 5144 δικαστήριον,
3442 5074 3540 5126 καὶ
3559 5074 3736 5144 δημοο-

2166 5172 2301 5233 σίοις
2347 5168 2749 5238 δικαστηρίοις,
2817 5166 2990 5236 ήγουν
3051 5164 3370 5236 δημοτικῶν
3430 5165 3734 5236 ἀρχόντων,

2161 5262 2412 5315 τουτέστι
2444 5259 2765 5332 πολιτικῶν,
2824 5258 3032 5329 θελήσῃ
3087 5257 3454 5328 καθαρθῆναι,
3487 5259 3610 5309 ἀντὶ
3641 5258 3737 5310 τοῦ

2164 5336 2402 5418 καθαρὸς
2439 5348 2674 5418 φανῆναι
2735 5346 2830 5399 τοῦ
2863 5347 3219 5414 αἰτιάματος,
3258 5345 3363 5399 κᾶν
3406 5346 3623 5417 ’νικήσῃ
3679 5351 3736 5398 ἐν

2163 5443 2243 5512 τῷ
2272 5443 2613 5512 δικαστηρίῳ
2650 5442 2868 5509 ἐκείνῳ,
2901 5441 2993 5491 καὶ
3051 5440 3189 5509 ὑπὲρ
3219 5439 3386 5491 αὐτοῦ
3438 5440 3665 5508 γένηται
3701 5440 3734 5508 ή

2165 5536 2460 5605 ἀπόφασις,
2495 5533 2674 5586 ἀθῶον
2723 5533 2885 5585 αὑτὸν
2938 5531 3355 5601 ἀποφαινομένη
3407 5530 3503 5584 τοῦ
3533 5531 3742 5600 ἐγκλήο

2168 5644 2357 5698 ματος,
2386 5625 2468 5695 ἐφ’
2494 5617 2538 5691 ᾧ
2574 5624 2957 5694 κατηγορεῖτο,
2991 5622 3140 5692 ὅμως
3165 5622 3256 5674 τὸν
3289 5620 3420 5675 ἴδιον
3445 5622 3634 5682 τόπον,
3648 5620 3740 5672 τὸν

2168 5718 2374 5789 βαθμὸν
2397 5715 2620 5786 δηλαδὴ,
2649 5715 2746 5768 καὶ
2779 5714 2876 5785 τὴν
2922 5713 3208 5785 ἱερατικὴν
3253 5713 3423 5785 τιμήν
3455 5711 3734 5775 ἀπολέσει,

2165 5809 2250 5863 διὰ
2283 5807 2440 5861 τοῦτο
2469 5806 2602 5860 αὐτὸ
2633 5803 3091 5876 καθαιρούμενος,
3115 5803 3250 5859 διότι
3285 5803 3644 5877 παρῃτήσατο
3674 5799 3736 5855 τὸ
