4098 6288
506 315 578 380 83
1767 315 2047 381 ΤΠΕΟΙ).

2170 317 2502 381 tLSAMON
3682 314 3755 378 84

499 427 736 495 jusmodi
772 428 1019 493 ludicris,
1048 437 1407 501 occupamur,
1439 445 1615 502 neque
1646 431 2064 502 intemperantia

2184 433 2310 488 σθαι
2337 437 2596 491 ποιοῦντα
2650 436 2778 499 τοὺς
2803 431 3028 499 πιστοὺς
3057 432 3206 504 παρά
3234 431 3341 486 τῶν
3363 429 3637 499 ἀπίστων,
3661 427 3754 487 οἷα

504 515 708 570 crimen
738 518 1017 591 ell‘ugient,
1047 537 1221 593 neque
1265 523 1595 594 integritatis
1644 533 1699 580 et
1742 525 2064 579 eaStimonia

2188 525 2265 597 μὴ
2292 528 2349 581 ὲν
2382 528 2707 600 σωφροσύνῃ
2731 526 2940 592 ζῶντας
2969 527 3000 598 ἢ
3026 528 3315 598 σεμνότητι

499 612 814 666 testimonio
842 617 1388 674 commcndabuntur.
1427 617 1536 675 Nec
1587 635 1718 675 vero
1773 624 1971 674 mirum
2025 620 2070 675 si
2109 618 2226 674 hate
2251 622 2375 675 vitae
2406 622 2661 690 degendae
2689 621 2828 678 ratio
2865 635 2895 676 ο
2943 620 3070 676 liliis
3143 619 3487 675 sacerdotum
3555 617 3751 688 exiga-

500 709 632 762 tur:
668 719 793 759 nam
823 713 877 760 et
907 708 1235 766 Christianis
1299 712 1577 778 omnibus,
1634 723 1701 766 ne
1745 713 1812 766 ad
1898 726 1962 767 ea
2015 711 2133 767 loca
2187 711 2277 766 ubi
2307 710 2659 784 blasphemia:
2693 722 2820 769 sunt
2867 712 3128 768 accedere
3162 711 3341 774 liceat,
3399 709 3747 766 interdictum
3816 739 3819 741 -

499 798 624 852 fuit.
663 797 1018 867 Blaspliemia:
1047 819 1181 859 vero
1211 805 1430 859 nomine
1459 821 1543 871 ea,
1575 822 1697 874 quae
1742 805 1973 864 licenter
2003 820 2068 861 ac
2106 803 2470 863 inverecunde
2545 807 2701 874 ﬁunt,
2743 806 3092 880 signiﬁcavit.
3142 802 3223 860 0b
3293 804 3385 858 illa
3435 804 3638 876 quippe
3689 801 3755 860 ii-

496 896 666 958 deles,
709 900 860 963 quasi
911 901 1284 964 temperantia:
1334 901 1774 972 iutcgrltatisque
1823 908 2249 971 contemptores,
2277 902 2344 955 ab
2373 901 2683 957 inﬁdelibus
2715 901 3160 970 blasphemanrur

499 985 658 1058 535
687 988 915 1044 ARIST.
944 1010 963 1043 ι
1010 990 1308 1062 Episcopus
1335 994 1412 1049 vel
1433 994 1682 1059 clericus,
1704 1009 1869 1050 causa
1888 994 2072 1050 crimi-

568 1096 596 1130 -ι
643 1078 748 1134 nali
772 1080 819 1135 ci
853 1083 1122 1146 instituta,
1159 1085 1228 1149 si,
1265 1085 1453 1140 relicta
1491 1086 1743 1151 ecclesia,
1777 1087 1841 1139 ad
1869 1084 2068 1152 judicia

567 1189 590 1226 ι
629 1173 838 1242 publica
854 1175 1122 1238 recurrat,
1138 1177 1304 1231 etiam
1323 1177 1511 1246 injuria
1526 1176 1772 1240 affectus,
1792 1177 2067 1247 proprium

581 1284 600 1317 ι
641 1267 852 1322 amittet
880 1266 1127 1338 gradum.
1169 1268 1223 1324 Si
1251 1285 1379 1326 vero
1412 1278 1466 1326 et
1515 1270 1700 1326 vicerit
1734 1271 1786 1324 in
1840 1269 2067 1340 negotiis

575 1374 597 1409 ι
642 1357 898 1427 politicis,
935 1358 978 1413 si
1010 1360 1116 1415 hoc
1153 1371 1436 1430 sequatur,
1502 1362 1781 1432 proprium
1838 1362 2063 1432 gradum

571 1468 588 1500 ι
629 1449 860 1504 amittet.
908 1450 1318 1508 Ecclesiasticos
1348 1463 1526 1508 autem
1553 1455 1780 1524 judices,
1812 1454 1914 1509 nisi
1947 1469 2069 1523 gra-

573 1559 594 1593 ι
637 1543 708 1596 tia
735 1553 828 1598 aut
849 1546 973 1599 odio
997 1555 1150 1600 antea
1171 1545 1443 1617 judicasse
1458 1547 2073 1615 convincantur,appel-

576 1651 594 1686 ι
647 1634 775 1689 latio
806 1636 1049 1691 instituta
1082 1653 1184 1691 non
1218 1635 1483 1708 propellit.
1517 1636 1573 1692 Si
1611 1647 1792 1708 partes
1821 1653 1948 1693 vero
1975 1636 2068 1706 ju-

577 1745 594 1775 ι
633 1727 780 1782 dices
809 1727 1093 1797 elegerint,
1122 1729 1191 1784 ab
1220 1730 1288 1784 iis
1311 1745 1376 1784 ne
1409 1730 1711 1786 discedant.
1750 1749 1769 1783 ι

569 1903 688 1956 Non
719 1915 931 1974 oportet
959 1907 1269 1978 episcopum
1300 1917 1394 1963 aut
1419 1909 1674 1964 clericum
1703 1909 1963 1981 judicium
1983 1925 2070 1965 cc-

499 1993 862 2051 clesiasticutn
904 2014 1172 2056 recusare.
1207 2000 1546 2071 Quapropter
1565 2003 1607 2057 si
1638 2003 1762 2072 quis
1789 2019 1856 2058 ex
1882 2003 1949 2058 iis
1973 2004 2072 2058 (ξεῖν

503 2086 771 2145 minaliter
790 2099 1094 2153 accusatus,
1127 2093 1547 2148 ecclesiasticum
1576 2095 2070 2165 recusaveritjudi-

499 2179 666 2243 cium,
695 2186 749 2234 et
774 2180 840 2234 ad
863 2181 1046 2237 civiles
1073 2184 1285 2252 jndices
1312 2187 1622 2252 accesserit,
1657 2191 1713 2242 el
1746 2202 1927 2242 coram
1980 2189 2070 2253 iis,

499 2283 622 2340 quae
643 2270 709 2325 ad
735 2275 1137 2329 accusationem
1184 2289 1336 2330 suam
1388 2286 1658 2346 spectant,
1693 2278 2065 2343 denudaverit,

498 2365 746 2431 quamvis
795 2365 1055 2421 innocens
1075 2379 1351 2436 appareat,
1377 2378 1431 2422 et
1455 2385 1550 2438 pro
1575 2384 1642 2423 eo
1687 2370 1789 2424 lata
1835 2368 1910 2425 sit
1942 2387 2066 2426 sen-

501 2455 694 2514 tentia,
725 2448 1002 2524 proprium
1055 2459 1279 2527 gradum
1318 2459 1548 2516 amittet.
1605 2459 1660 2512 Si
1719 2471 1896 2516 autem
1959 2477 2066 2516 non

494 2544 791 2600 Criminalis
823 2546 890 2600 sit
918 2556 1104 2601 contra
1137 2563 1230 2603 eos
1265 2549 1562 2612 accusatio,
1593 2549 1688 2604 sed
1732 2551 2066 2618 pecuniaria,

495 2648 551 2691 et
577 2637 788 2693 accidat
814 2639 882 2695 de
908 2639 1012 2695 ista
1041 2644 1272 2698 evadere
1293 2656 1408 2710 eos,
1424 2642 1690 2710 judicium
1717 2644 1846 2714 ipsis
1871 2659 2069 2700 conve-

498 2730 648 2784 niens
681 2741 1007 2796 recusantes,
1028 2742 1083 2789 et
1107 2734 1172 2788 ad
1193 2736 1481 2791 smeulares
1500 2736 1710 2806 judiccs
1732 2739 2069 2803 accedentes,

497 2830 550 2874 et
581 2819 648 2875 ab
681 2821 745 2876 iis
780 2823 1050 2890 jndicatos
1077 2839 1092 2888 ;
1124 2823 1167 2877 si
1199 2825 1416 2893 quidem
1447 2825 1725 2879 sententia:
1754 2826 1820 2879 ab
1846 2825 1912 2879 iis
1947 2825 2071 2878 latae

494 2915 842 2980 acquiescere
867 2914 1082 2979 vellent,
1108 2922 1163 2968 et
1183 2915 1232 2968 id
1254 2929 1350 2983 pro
1381 2927 1487 2982 quo
1511 2915 1928 2978 contendebant,
1957 2915 2071 2970 exi-

497 3021 646 3074 gere,
687 3005 963 3075 proprium
1009 3007 1234 3076 gradum
1307 3008 1573 3062 amittent.
1628 3008 1685 3062 Si
1747 3018 1923 3061 autem
1977 3008 2070 3061 de-

2177 992 2402 1048 ΑΡΙΣΤ.
2465 1011 2483 1045 ι
2515 993 2849 1057 Ἐπίσκοπος
2875 992 2908 1062 ἢ
2940 991 3202 1062 κληρικὸς
3236 985 3645 1058 ἑγκληματικοῦ
3669 1001 3760 1040 κι-

2257 1105 2278 1138 ‹
2318 1086 2584 1156 νουμένου
2636 1086 2984 1157 πράγματος,
3030 1084 3080 1137 εί
3111 1082 3209 1155 τὴν
3229 1080 3530 1141 ἐκκλησίαν
3567 1077 3755 1149 ἀφεὶς.

2252 1196 2270 1230 ι
2308 1180 2422 1240 τοῖς
2484 1176 2767 1248 δημοσίοις
2817 1176 3187 1248 προσδράμοι,
3242 1176 3336 1228 καὶ
3369 1173 3750 1240 ἀδικούμενος,

2248 1287 2269 1321 ι
2307 1269 2401 1323 τὸν
2431 1269 2563 1323 ἴδιον
2588 1268 2852 1323 ἀπολέσει
2883 1267 3113 1340 βαθμόν.
3163 1269 3228 1322 Et
3265 1266 3520 1336 ὑπερέξει
3553 1264 3611 1318 δὲ
3657 1262 3753 1318 καὶ

2251 1381 2269 1414 ι
2309 1362 2404 1416 ἐπὶ
2436 1362 2746 1426 πολιτικαῖς
2778 1348 3070 1428 κεφαλαῖς,
3102 1363 3152 1416 εί
3176 1359 3352 1430 τούτῳ
3377 1358 3640 1430 στοιχείη,
3659 1354 3753 1410 τδν

2253 1473 2271 1506 ι
2308 1446 2444 1508 tam
2469 1454 2726 1508 ἀπολέσει
2747 1453 2979 1525 βαθμόν.
3009 1454 3285 1518 Δικαστάς
3311 1468 3376 1522 γε
3416 1453 3520 1522 μὴν
3549 1449 3754 1520 ἐκκλη-

2253 1564 2272 1598 ι
2312 1546 2651 1609 σιαστικοὺς.
2679 1547 2726 1598 εί
2757 1545 2832 1615 μὴ
2865 1539 3177 1616 ἐλέγχοιντο
3195 1545 3339 1599 κατά
3368 1541 3753 1614 προσπάθειαν

2253 1657 2271 1690 ι
2309 1637 2343 1708 ἢ
2380 1637 2739 1691 ἀντιπάθειαν
2779 1637 3310 1707 προδεδιῳκηκότες,
3352 1637 3619 1706 ἐκκλητος
3651 1651 3751 1702 γε-

2252 1751 2271 1785 ι
2307 1732 2510 1802 νομένη
2539 1733 2639 1784 οὐκ
2677 1731 2968 1800 ἀμύνεται.
3011 1730 3139 1786 Ἐὰν
3190 1730 3360 1786 δι’τά
3391 1733 3532 1804 μέρη
3568 1729 3755 1784 ἐπιλέο

2254 1847 2273 1880 ι
2308 1825 2504 1893 ξωνται
2531 1825 2815 1891 δικαστάς,
2841 1821 3049 1879 τούτων
3080 1825 3155 1896 μὴ
3207 1823 3655 1894 ἀφιστάσθωσαν.
3687 1839 3707 1873 ι

2245 1917 2321 1973 Οὐ
2353 1915 2433 1970 δεῖ
2460 1916 2850 1987 παραιτεῖσθαι
2885 1916 3188 1971 ἐπίσκοπον
3216 1916 3250 1986 ἢ
3273 1915 3539 1986 κληρικδν
3567 1914 3629 1966 τδ
3654 1912 3751 1967 ἐκ·

2174 2009 2565 2078 κλησιαστικδν
2594 2008 2969 2081 δικαστήριον.
3043 2010 3208 2063 Ὅθεν
3269 2009 3365 2062 ὲάν
3414 2025 3499 2070 τις
3541 2007 3753 2061 τούτων

2176 2092 2651 2176 κατηγορούμενος
2672 2101 3122 2172 ἐγκληματικῶς,
3151 2102 3251 2170 τὴν
3284 2097 3752 2170 ἐκκλησιαστικὴν

2176 2196 2417 2266 παραιτή
2427 2212 2586 2266 σηται
2609 2195 2812 2266 κρίσιν,
2841 2193 2937 2248 καί.
2959 2194 3260 2257 πολιτικοῖς
3279 2193 3564 2253 δικασταῖς
3583 2190 3752 2259 προσ-

2176 2286 2327 2358 aen,
2360 2287 2453 2340 καὶ
2478 2287 2607 2358 παρ’
2643 2288 2872 2350 ἐκείνοις
2907 2303 2974 2354 γυ
2987 2286 3166 2358 μνάσῃ
3201 2287 3271 2340 τά
3300 2287 3400 2356 τῆς
3431 2284 3750 2346 αίτιάσεως⁶

2175 2381 2281 2435 κᾶν
2314 2366 2604 2444 ἀνεύθυνος
2654 2382 2819 2451 φανῇ,
2865 2379 2964 2434 καὶ
3018 2379 3161 2451 ὑπὲρ
3210 2379 3376 2433 αὐτοῦ
3407 2378 3442 2449 ἡ
3471 2375 3750 2442 ἀπόφασις

2177 2473 2453 2543 ἐξενεχθῇ,
2480 2474 2572 2524 τὸν
2602 2471 2736 2526 ἴδιον
2762 2473 3022 2526 ἀπολέσει
3055 2470 3286 2543 βαθμόν.
3333 2471 3397 2524 Εί
3439 2470 3496 2524 δὲ
3525 2471 3627 2523 οὐκ
3656 2470 3752 2536 ὲγ-

2176 2567 2493 2638 κληματική
2525 2569 2675 2619 ἐστιν
2711 2567 2744 2635 ἡ
2777 2567 2900 2620 κατ’
2933 2565 3115 2618 αὐτῶν
3143 2564 3405 2630 αίτίασις,
3443 2562 3581 2618 ἀλλά
3607 2577 3748 2632 χρη-

2180 2662 2408 2730 ματικὴ,
2439 2661 2533 2712 καί
2562 2658 2746 2730 συμϐῇ
2769 2658 2865 2712 καί
2895 2659 2989 2711 ἐπὶ
3015 2656 3227 2727 ταύτην
3269 2656 3494 2730 νικῆσαι
3525 2651 3747 2720 αὐτοὺς,

2175 2750 2236 2804 τὸ
2263 2751 2571 2822 πρόσφορον
2598 2751 2785 2814 αὐτοῖς
2821 2751 3345 2820 παραιτησαμένους
3370 2747 3745 2817 δικαστήριον,

2176 2843 2273 2895 καί
2321 2845 2614 2912 κοσμικοῖς
2680 2843 2961 2906 δικασταῖς
3011 2840 3432 2912 προσελθόντας,
3493 2841 3588 2894 καί
3617 2838 3748 2907 παρ’

2177 2934 2406 2988 ἐκείνων
2429 2935 2718 3005 κριθέντας
2741 2950 2755 2964 ⁸
2787 2937 2835 2986 εί
2869 2933 2969 3004 μὲν
2993 2931 3278 3004 αἱροῦνται
3306 2934 3373 3003 τῇ
3401 2930 3544 3000 ὑπὲρ
3564 2929 3746 2986 αὐτῶν

2179 3028 2346 3099 ψήφῳ
2376 3029 2635 3098 στοιχεῖν,
2659 3029 2754 3082 καὶ
2778 3027 2839 3080 τὸ
2857 3028 3101 3097 πρᾶγμα
3130 3028 3210 3088 είς
3235 3025 3264 3076 ὃ
3295 3025 3517 3096 ἐνίκησα
3529 3019 3560 3079 ν’
3577 3026 3749 3079 ἀπαιο

498 3099 703 3168 spectui
742 3097 1032 3154 habuerint
1065 3115 1243 3155 causa:
1271 3115 1381 3155 suae
1425 3100 1805 3170 prolationem,
1839 3101 2064 3168 illudque

2176 3092 2361 3190 τῆσαι,
2393 3092 2650 3174 τὸντῖδιον
2711 3092 2924 3189 βαθμὸν
2952 3092 3335 3172 ἀπολέσουσιν.
3485 3117 3540 3168 δὲ
3579 3133 3750 3168 κατα-

499 3207 597 3259 pro
663 3207 771 3261 quo
813 3191 1210 3247 contendebant
1262 3193 1512 3247 amittere
1588 3193 1834 3258 mallent,
1892 3193 2068 3248 lorum

500 3301 657 3340 suum
690 3285 1017 3340 retinebunt.
1047 3285 1101 3340 Si
1125 3286 1246 3354 quis
1269 3295 1446 3339 autem
1469 3285 1538 3340 ab
1555 3285 1824 3356 episcopis
1849 3299 2072 3340 accusa-

500 3390 587 3431 tus
610 3386 663 3432 et
687 3377 1100 3441 condemnatus,
1125 3378 1190 3432 ad
1217 3378 1448 3448 majores
1485 3377 1880 3432 ecclesiasticos
1923 3376 2070 3444 judi-

496 3485 590 3523 ces
629 3470 1018 3539 appellaverit,
1084 3485 1382 3538 eorumque
1443 3469 1767 3525 sententiain
1824 3479 2068 3523 evertere

496 3561 752 3627 potuerit,
815 3561 1013 3615 nullam
1071 3563 1172 3616 hoc
1210 3562 1317 3616 illis
1349 3563 1622 3632 judicilms
1677 3560 2067 3616 ecclesiasticis

493 3665 722 3718 quorum
776 3653 1043 3706 sententia
1095 3655 1376 3716 evertitur,
1433 3667 1626 3707 noxam
1675 3650 1915 3718 σκοποί,
1966 3651 2067 3708 nisi

496 3741 723 3799 l‘orsitan
753 3755 973 3816 propter
1000 3746 1206 3810 odium,
1243 3755 1336 3800 aut
1366 3747 1692 3814 passionem,
1721 3749 1802 3802 vel
1833 3745 2064 3818 gratiam

494 3838 729 3908 aliquam
764 3854 886 3893 cum
921 3838 1114 3894 aﬂ‘ectu
1152 3840 1477 3895 sententiam
1517 3841 1702 3895 tulisse
1731 3840 2065 3894 convinean-

492 3939 599 3982 tur.
643 3929 965 4001 Quicunque
1003 3941 1188 3986 autem
1225 3948 1290 3986 ex
1343 3933 1612 3987 accusatis
1661 3929 1931 3999 episcOpis
1974 3938 2065 3983 aut

489 4023 728 4087 clericis.
759 4023 1156 4080 ecclesiasticos
1173 4023 1386 4092 judices
1412 4025 1694 4093 elegerint,
1716 4032 1770 4077 et
1794 4024 1863 4077 ab
1887 4022 1950 4078 iis
1975 4023 2066 4091 ju—

491 4114 659 4170 dicari
686 4115 975 4177 voluerint,
992 4117 1240 4183 quamvis
1262 4125 1450 4172 contra
1475 4117 1754 4184 episc0pos
1781 4125 2065 4171 accusatos

489 4207 770 4262 duodecim
800 4207 1065 4275 episcopis
1100 4209 1203 4261 sint
1242 4207 1545 4278 pauciores,
1599 4217 1788 4262 contra
1825 4208 2058 4280 presby-

488 4308 638 4355 teros
660 4307 835 4355 autem
869 4311 922 4354 et
949 4301 1208 4353 diaconos
1248 4310 1449 4368 septem
1485 4303 1566 4356 vel
1604 4302 1766 4355 etiam
1801 4311 2056 4369 quatuor,

487 4391 951 4459 quemadmodum
979 4401 1032 4444 et
1075 4391 1126 4444 in
1181 4393 1501 4447 duodecimo
1535 4392 1816 4460 praesentis
1867 4391 2056 4462 synodi

488 4497 698 4536 canone
731 4483 1069 4550 scripsimus.
1113 4483 1452 4538 condemnati
1494 4499 1595 4538 non
1632 4485 1829 4539 debent
1863 4495 2054 4539 contra

487 4575 748 4643 judicium
785 4591 967 4630 eorum
1015 4576 1325 4646 appellare:
1364 4577 1655 4647 appellatio
1685 4577 1827 4632 enim
1859 4577 2060 4649 judicis

492 4665 755 4721 inscitiam
792 4670 876 4723 vel
910 4669 1228 4737 injustitinm
1279 4669 1826 4740 corrigit.Quomodo
1854 4671 2058 4738 itaque,

489 4762 577 4826 qui
607 4762 816 4828 junices
843 4761 1239 4816 ecclesiasticos
1265 4761 1448 4829 elegit,
1474 4777 1609 4831 quos
1633 4771 1686 4815 et
1718 4777 1966 4817 sermone
2002 4772 2059 4818 et

491 4853 599 4905 vita
648 4851 949 4922 inculpatos
985 4870 1104 4907 esse
1127 4852 1411 4924 judicavit,
1443 4855 1628 4909 dicens
1655 4871 1714 4909 se
1740 4855 2060 4926 insipienter

489 4953 544 4997 et
575 4943 772 5012 injuste
797 4945 864 4997 ab
888 4944 953 4998 iis
977 4945 1228 5013 judicari,
1262 4958 1318 4999 et
1355 4947 1831 5014 reprehensionem
1865 4964 2058 5018 quam-

487 5033 612 5087 dam
668 5033 973 5089 hominibus
1027 5034 1457 5090 sacerdotalibus
1509 5037 1575 5091 ab
1631 5037 1748 5107 ipso
1799 5037 2057 5108 judicatis

487 5125 688 5180 stl‘erre
717 5126 1077 5182 admittatur?

1067 5418 1304 5477 CANON
1332 5419 1476 5476 XVI.

499 5531 518 5565 ι
557 5511 822 5568 Similiter
839 5511 1062 5584 placuit,
1083 5523 1142 5567 ut
1164 5513 1424 5583 episcopi,
1449 5515 1750 5587 presbyteri
1772 5522 1827 5568 et
1845 5514 2056 5569 diaconi

569 5624 588 5654 ι
639 5608 996 5662 conductores
1037 5605 1121 5663 vel
1164 5618 1544 5675 procuratores
1586 5622 1693 5663 non
1727 5606 1906 5675 ﬂant;
1959 5623 2057 5663 nec

570 5717 587 5749 ι
631 5713 697 5753 ex
728 5699 1070 5769 turpialiquo
1091 5699 1174 5755 vel
1196 5700 1286 5754 vili
1311 5700 1526 5772 negotio
1553 5702 1751 5756 victum
1776 5702 1878 5758 sibi
1906 5716 2052 5772 qua:-

569 5809 584 5837 ι
642 5801 799 5855 rant;
845 5794 1202 5849 debentenim
1233 5799 1297 5847 ad
1324 5795 1374 5848 id
1398 5796 1542 5865 quod
1584 5796 1840 5864 scriptum
1865 5811 1946 5851 est
1971 5811 2054 5851 rc-

2085 4442 2140 4503 D

2177 3212 2436 3286 φρονοῦσι
2484 3212 2588 3282 τῆς
2617 3211 2983 3275 δικαιώσεως,
3017 3212 3111 3264 καὶ
3162 3209 3430 3264 ἀπολέσαι
3462 3208 3748 3280 αἱροῦνται

2172 3307 2234 3360 τὸ
2272 3308 2351 3369 είς
2391 3304 2420 3358 ὅ
2472 3306 2758 3373 ἐνίκησαν,
2818 3304 2914 3358 τὸν
2949 3302 3152 3357 οίκεῖον
3202 3303 3369 3357 τόπον
3399 3302 3743 3368 καθέξουσιν.

2171 3400 2234 3454 El
2271 3399 2328 3454 δέ
2353 3416 2438 3462 τις
2468 3398 2623 3466 παρὰ
2655 3397 2971 3451 ἐπισκόπων
3027 3395 3264 3467 κριθεὶς,
3320 3397 3416 3450 καί
3451 3397 3751 3458 καταδικαη

2171 3491 2343 3554 σθείς,
2388 3491 2523 3562 πρὸς
2559 3489 2814 3562 μείζονας
2845 3489 3338 3557 ικκλησιαστικοὺς
3364 3487 3624 3550 δικαστάς
3647 3492 3746 3541 ὲκ-

2169 3584 2613 3652 καλέσηται,καὶ
2647 3582 2954 3653 ἀνατρέψαι
3017 3580 3230 3653 ἰσχύσει
3259 3583 3358 3652 τὴν
3411 3579 3594 3652 ψῆφον
3647 3581 3750 3634 αύ-

2168 3678 2275 3732 τῶν
2295 3693 2309 3708 ο
2343 3675 2601 3746 οὐδεμίαν
2631 3673 2838 3747 βλάϐην
2890 3674 3054 3729 τοῦτο
3084 3673 3280 3739 ἑπάξει
3305 3673 3420 3738 τοῖς
3446 3672 3747 3742 ἐκκλησια-

2170 3769 2373 3830 πικοῖς
2399 3765 2686 3829 δικασταῖς
2722 3763 2976 3828 ἐκείνοις,
3008 3757 3086 3818 ὧν
3117 3765 3152 3829 ή
3195 3763 3476 3832 ἀπόφασις
3503 3761 3745 3830 ἀνατρέο

2143 3869 2145 3872 ‘
2169 3875 2327 3911 πεται
2352 3874 2366 3888 ·
2389 3857 2440 3910 εί
2463 3860 2660 3927 μήπου
2681 3857 2826 3911 κατὰ
2861 3854 3088 3927 ἔχθραν,
3110 3855 3142 3925 ἢ
3165 3853 3306 3909 κατά
3334 3853 3742 3926 προσπάθειαν,

2166 3953 2200 4025 ἢ
2231 3953 2373 4005 κατά
2397 3967 2521 4003 τινα
2545 3951 2708 4020 χάριν
2734 3947 3150 4020 ἀπελεγχθῶσιν
3181 3947 3449 4015 ἐμπαθῶς
3487 3948 3587 4018 τὴν
3611 3947 3741 4016 κρί-

2167 4061 2252 4097 σιν
2270 4043 2623 4114 ποιήσασθαι.
2646 4043 2800 4096 Ὅσοι
2822 4040 2878 4094 δὲ
2903 4040 3014 4096 τῶν
3033 4041 3378 4111 αἰτιωμένων
3398 4041 3740 4103 ἐπισκόπων.

2165 4137 2198 4208 ἢ
2234 4135 2536 4207 κληρικῶν.
2562 4131 2906 4199 ἐπιλέξανται
2933 4134 3431 4198 ἐκκλησιαστικοὺς
3455 4133 3741 4196 δικαστάς,

2165 4232 2260 4283 καί
2291 4229 2421 4298 παρ’
2471 4228 2659 4291 αὐτοῖς
2702 4226 2958 4296 κριθῆναι
3007 4223 3324 4294 θελήσουσι,
3381 4227 3487 4278 κᾶν
3515 4225 3746 4295 ἥττονες

2164 4323 2256 4376 ἐπὶ
2283 4321 2382 4393 μὲν
2427 4321 2742 4374 ἐπισκόπων
2799 4320 3337 4390 κατηγορουμένων,
3388 4319 3500 4371 τῶν
3533 4318 3742 4372 δώδεκα

2165 4416 2482 4469 ἐπισκόπων
2512 4406 2666 4476 ὦσιν,
2688 4414 2781 4467 ἐπὶ
2808 4411 2866 4466 δὲ
2895 4411 3309 4484 πρεσϐυτέρων,
3333 4413 3428 4464 καὶ
3449 4411 3739 4473 διακόνων,

2166 4509 2273 4563 τῶν
2299 4509 2458 4570 ἑπτὰ,
2491 4508 2524 4579 ἢ
2549 4508 2643 4560 καί
2672 4507 2980 4576 τεσσάρων,
3013 4504 3198 4567 καθὼς
3229 4507 3300 4561 ὲνΔ
3335 4505 3414 4573 τῷ
3443 4504 3743 4568 δωδεκάτῳ

2167 4603 2353 4656 κανόνι
2381 4603 2478 4671 τῆς
2502 4600 2790 4673 παρούσης
2833 4600 3054 4653 συνόδου
3083 4595 3428 4671 ἐγράψαμεν,
3466 4599 3566 4650 οὐκ
3592 4597 3745 4666 ὀφεί-

2168 4697 2319 4749 λουσι
2350 4693 2844 4755 καταδικασθέντες
2911 4689 3263 4748 ἐκκαλεῖσθαι
3317 4691 3460 4744 κατά
3486 4693 3585 4760 τῆς
3616 4689 3743 4760 κρίο

2170 4805 2307 4850 σεως
2333 4786 2534 4840 αὐτῶν.
2587 4785 2653 4838 Ἦ
2683 4785 2792 4855 γὰρ
2837 4783 3106 4851 ἔκκλητος
3162 4781 3483 4853 ἀπειρίανῆ
3524 4781 3741 4835 ἀδικίαν

2171 4877 2568 4948 ἐπανορθοῦται
2598 4879 2696 4930 τοῦ
2729 4875 3014 4931 δικαστοῦ.
3044 4875 3170 4938 Πῶς
3193 4874 3326 4942 γοῦν
3355 4876 3385 4926 ὁ
3421 4873 3743 4943 ἐπιλεξάμε-

2169 4985 2258 5032 νος
2281 4969 2770 5038 ἐκκλησιαστικοὺς
2795 4967 3081 5039 δικαστάς,
3114 4963 3209 5030 οὓς
3239 4966 3333 5019 καὶ
3359 4964 3502 5019 κατά
3556 4963 3736 5033 λόγον,

2168 5063 2258 5114 καί
2311 5060 2452 5115 κατά
2479 5059 2602 5130 βίαν
2631 5058 3034 5124 ἀνεπιῒηπτυυς
3063 5058 3283 5129 ἔκρινεν
3313 5054 3476 5122 εἷναι,
3501 5058 3740 5129 παραδε-

2166 5149 2454 5220 χθήσεται,
2492 5147 2690 5214 λέγων,
2725 5147 2967 5218 ἀπείρως
2994 5149 3028 5220 ἦ
3051 5147 3252 5211 ἀδίκως
3281 5145 3381 5201 ὑπ’
3414 5148 3598 5201 αὐτῶν
3620 5164 3739 5219 κρι-

2166 5243 2344 5310 θῆναι,
2373 5241 2468 5295 καὶ
2499 5241 2660 5294 οἱονεί
2689 5258 2812 5293 τινα
2854 5239 3064 5309 μέμψιν
3092 5242 3207 5304 τοῖς
3239 5242 3374 5308 παρ’
3400 5239 3566 5301 αὑτοῦ
3593 5241 3734 5294 οίον-

2166 5337 2216 5388 si.
2245 5333 2512 5405 κριθεῖσιν
2545 5333 2842 5403 ίερατικοῖς
2866 5333 3096 5399 ἐπάγειν
3117 5332 3398 5402 ἀνδράσιν.

2755 5423 2996 5478 ΚΑΝΩΝ
3025 5425 3146 5502 ις’.

2172 5538 2190 5569 ι
2243 5519 2477 5589 Ὁμοίως
2499 5519 2718 5590 ἡρεσεν,
2755 5519 2845 5572 tvo.
2877 5518 3176 5573 ἐπίσκοποι
3228 5519 3326 5574 καὶ
3369 5519 3734 5594 πρεσϐύτεροι

2245 5632 2262 5664 ι
2301 5613 2396 5667 καὶ
2425 5610 3030 5686 διάκονοιηὲκλήπτορες
3058 5619 3132 5681 μὴ
3159 5612 3475 5684 γίνωνταιή
3502 5629 3738 5684 προκου-

2242 5726 2257 5754 ι
2302 5706 2547 5776 ράτορες,
2576 5703 2712 5774 μηδὲ
2755 5689 2821 5757 εκ
2853 5721 2996 5766 τινος
3023 5703 3253 5775 αἰσχροῦ
3281 5703 3320 5775 ἦ
3346 5702 3548 5776 ἀτίμου
3587 5706 3736 5775 πρά-

2246 5820 2259 5845 .
2301 5814 2509 5865 γματος
2541 5795 2748 5866 τροξὴν
2782 5795 3437 5876 πορίζωνταιοὸφεελουσι
3467 5797 3573 5865 γάρ
3593 5797 3734 5851 orto-
