4098 6288
594 326 662 388 95
1852 331 1948 393 ΤΗ
1959 330 2124 393 ΕΟῙ).

2269 331 2400 392 LSA
2413 332 2571 392 MON
3432 366 3435 369 -
3761 331 3841 394 96

591 440 782 492 ntififes
813 441 962 510 degit
990 440 1058 495 ³⁸.
1091 441 1312 509 Quodsi
1361 442 1428 496 de
1471 444 1691 512 profana
1738 443 1925 498 militia
1971 458 2155 495 verunt

2264 440 2364 510 κήν
2393 445 2848 514 στρατευομένοις
2884 442 3175 516 στρατείαν
3204 442 3360 498 τοῦτο
3391 442 3632 515 εἴρηται,
3655 441 3840 514 πολλῷ

589 541 670 585 est
694 573 708 595 ,
743 544 891 587 certe
923 534 976 587 in
1015 550 1132 598 eos,
1179 535 1271 604 qui
1296 535 1494 590 divina:
1526 533 1736 592 militia:
1791 536 1842 589 in
1875 551 2031 590 sacro
2063 550 2157 586 or-

585 621 713 676 dine
746 623 1039 690 mancipati
1089 633 1238 690 sunt,
1295 625 1453 696 longe
1501 628 1968 682 accommodatius
2023 641 2156 696 qua-

584 713 789 769 drabit.
817 715 896 770 De
927 715 1221 772 lectoribus
1271 733 1399 772 vero
1434 722 1576 788 quod
1623 720 1889 789 sequitur,
1947 731 2006 774 ut
2050 735 2152 787 pu-

586 805 818 862 bertatis
873 817 1154 878 tempore,
1209 823 1405 881 quarto
1466 813 1679 868 decimo
1743 815 1956 869 scilicet
2011 829 2155 868 anno

581 900 821 968 expleto,
853 903 932 956 vel
961 905 1305 958 matrimonio
1324 905 1499 976 jungi,
1532 907 1612 961 vel
1637 907 1943 963 cmlibatum
1986 909 2156 978 proﬁ-

587 991 688 1045 teri
716 1004 983 1063 cogantur
1016 1011 1031 1048 :
1065 1011 1133 1048 an
1169 1011 1232 1050 ea
1261 998 1313 1051 in
1349 997 1606 1053 Africana
1643 1001 1882 1056 Ecclesia
1922 1015 2151 1055 consue-

582 1086 714 1137 tudo
746 1084 1038 1140 inoleverit
1070 1088 1210 1142 haud
1262 1088 1422 1146 facile
1451 1090 1708 1146 dixerim.
1755 1091 1816 1147 in
1858 1092 1978 1146 aliis
2007 1104 2155 1147 certe

582 1170 844 1228 Ecclesiis
872 1176 1014 1229 haud
1040 1178 1211 1246 viget;
1249 1179 1357 1233 imo
1381 1195 1480 1235 nec
1509 1180 1620 1236 ullo
1642 1198 1878 1253 unquam
1913 1191 2154 1252 tempore

581 1263 821 1331 viguisse
851 1281 955 1335 ego
1001 1267 1220 1337 quidem
1267 1272 1905 1340 existimo;adversatur
1954 1278 2154 1346 quippe

581 1366 892 1410 sanctorum
959 1360 1328 1426 aposnolorum
1378 1363 1639 1418 vicesimo
1693 1374 1848 1420 sexto
1913 1368 2150 1430 canoni,

582 1448 674 1516 qui
703 1450 1000 1506 lectoribus
1043 1463 1098 1505 et
1133 1455 1468 1521 cantoribus,
1520 1466 1806 1527 postquam
1855 1458 1908 1511 in
1945 1458 2150 1512 clerum

581 1542 802 1611 ascripti
856 1543 1098 1611 iuerint,
1159 1562 1356 1603 uxores
1426 1548 1701 1604 ducendas
1751 1562 1874 1604 esse
1919 1548 2150 1613 statuit,

581 1649 758 1704 neque
789 1646 995 1711 certum
1023 1637 1240 1707 aliquod
1263 1647 1474 1708 tempus
1498 1640 1806 1709 nuptiarum
1829 1639 2149 1708 praescribit,

581 1737 674 1781 aut
707 1727 890 1797 aliqua
920 1746 1015 1785 eos
1058 1733 1408 1788 continentiae
1451 1731 1792 1802 professione
1834 1733 2152 1806 obligandos

579 1836 703 1876 esse
733 1826 1001 1878 decernit.
1043 1824 1117 1878 De
1147 1825 1330 1880 fenore
1368 1841 1532 1897 porro
1559 1842 1586 1879 a
1620 1827 1834 1882 clericis
1860 1843 1964 1882 non
1992 1842 2155 1881 exer-

579 1915 753 1968 cendo
786 1916 939 1970 inulti
966 1932 1208 1972 canones
1227 1927 1443 1973 exstant
1473 1936 1488 1974 :
1532 1920 1786 1990 idemque
1813 1919 1912 1973 hoc
1937 1932 2154 1988 quoque

580 2020 794 2059 canone
825 2020 890 2060 ne
915 2005 1072 2061 liceat
1105 2009 1489 2074 constitutum;
1513 2024 1578 2063 ac
1608 2009 1654 2065 si
1685 2008 1925 2078 quidem,
1958 2010 2153 2079 inquit,

582 2097 865 2165 pecuniam
919 2110 1007 2152 aut
1065 2115 1318 2156 nummos
1365 2101 1594 2155 utendos
1637 2101 1873 2170 cuipiam
1921 2099 2153 2156 clericus

580 2188 936 2256 concesserit,
984 2193 1083 2246 hoc
1111 2203 1213 2258 est,
1252 2202 1473 2247 mutuos
1494 2193 1729 2257 dederit,
1778 2193 1998 2249 totidem
2049 2194 2150 2248 sibi

583 2282 843 2347 vicissim,
875 2299 974 2338 nec
1004 2284 1184 2351 plures
1220 2283 1329 2342 ullo
1379 2285 1563 2350 modo,
1612 2296 1767 2342 curet
1806 2285 2108 2342 reddendos
2138 2306 2154 2344 :

580 2373 626 2430 si
659 2388 789 2429 vero
822 2375 898 2429 rei
933 2376 1194 2444 speciem,
1242 2377 1571 2433 frumentum
1611 2378 1808 2450 quippe
1832 2387 1927 2434 aut
1949 2380 2153 2444 vinum,

582 2474 678 2519 aut
707 2465 974 2534 ejusmodi
1014 2467 1291 2538 quidpiam
1327 2469 1558 2535 dederit,
1592 2471 1951 2536 tantumdem,
1983 2487 2160 2541 quan-

583 2568 702 2612 tum
737 2558 908 2625 dedit,
944 2576 1045 2616 nec
1068 2561 1191 2630 plus
1217 2560 1421 2630 aliquid
1453 2562 1694 2618 vicissim
1723 2563 1980 2634 accipiat.
2019 2563 2155 2620 illud

581 2667 819 2722 quoque,
875 2669 944 2710 ne
1011 2656 1248 2712 minores
1319 2655 1560 2727 quinque
1614 2665 1671 2712 et
1730 2656 1916 2726 viginti
1989 2655 2148 2710 annis

584 2741 798 2797 diaconi
834 2743 1126 2814 eligantur,
1164 2750 1474 2815 complures
1505 2746 1632 2801 item
1683 2761 1924 2801 canones
1963 2747 2152 2800 decre-

583 2851 736 2894 vere.
768 2835 975 2894 Deinde
1001 2839 1322 2903 lectoribus,
1378 2855 1448 2895 ne
1488 2841 1705 2908 expleto
1750 2839 2056 2894 ministerio
2094 2852 2153 2893 se

583 2928 652 2982 ad
706 2931 965 3002 p0pulum
1020 2931 1291 2986 salutandi
1357 2935 1528 3003 gratia
1586 2941 1940 2997 convertant,
1985 2930 2155 2984 inter-

2263 535 2463 603 μᾶλλον
2491 536 2723 607 ἁρμόσει
2751 537 2866 601 τοῖς
2893 537 2972 608 τῷ
2995 536 3113 607 Θεῷ
3140 537 3598 608 στρατευομένοις
3619 535 3710 591 διὰ
3733 537 3837 604 τῆς

2263 627 2589 700 ἱερωσύνης.
2622 630 2697 684 Τὸ
2749 630 2806 683 δὲ
2841 630 2969 694 τοὺς
3001 629 3360 696 ἀναγνώστας
3410 630 3470 682 ὲν
3524 627 3602 699 τῷ
3649 629 3834 699 καιρῷ

2257 719 2356 788 τῆς
2389 721 2549 792 ἦόης,
2570 725 2736 792 ἤγουν
2757 723 2894 789 μετά
2916 724 3007 776 τὸν
3039 724 3101 777 ιδ’
3134 721 3386 776 ἐνιαυτὸν
3417 721 3833 788 ἀναγκάζεσθαι

2257 810 2290 880 ἢ
2337 815 2501 885 γάμῳ
2529 814 2812 882 ὁμιλῆσαι,
2847 815 2879 884 ἢ
2913 814 3156 883 ἀγαμίαν
3191 815 3545 886 ὑποσχέσθαι,
3581 815 3684 868 οὐκ
3712 810 3832 868 οἶδα

2256 903 2304 956 εἰ
2336 907 2483 972 παρὰ
2517 909 2627 967 τοῖς
2678 907 2736 958 ὲν
2766 907 3003 975 Ἀφρικῇ
3063 906 3362 975 ἐκρότησε.
3409 903 3567 973 Παρὰ
3599 903 3657 957 δδ
3705 907 3828 966 ταῖς

2255 993 2440 1055 ἄλλαις
2483 995 2831 1065 Ἐκκλησέαις
2884 996 2944 1048 οὐ
2979 997 3212 1061 κρατεῖ’
3273 988 3426 1062 οἶμαι
3481 993 3538 1046 δὲ
3593 995 3676 1047 ὅτι
3707 995 3832 1048 οὐδὲ

2255 1085 2476 1140 πώποτε
2527 1088 2855 1159 ἐκράτησεν,
2909 1085 3333 1152 ιναντιούμενον
3362 1084 3441 1154 τῷ
3472 1083 3564 1149 κς⁹
3593 1085 3831 1138 ἀποστοο

2254 1176 2391 1247 λικῷ
2421 1178 2628 1241 κανόνι,
2659 1177 2898 1250 ὁρίζοντι
2924 1177 3280 1245 ἀναγνώστας
3313 1177 3407 1230 καὶ
3433 1176 3661 1246 ψάλτας,
3687 1177 3832 1246 μετὰ

2253 1267 2317 1319 τὸ
2373 1269 2454 1330 εἰς
2505 1267 2706 1338 κλῆρον
2759 1267 3072 1338 προελθεῖν,
3106 1269 3326 1336 γαμεῖν,
3363 1265 3457 1321 καὶ
3516 1266 3592 1337 μὴ
3623 1265 3825 1336 καιρὸν

2255 1360 2440 1422 αὐτοῖς
2468 1360 2565 1414 τοῦ
2609 1362 2790 1430 γάμου
2845 1359 3108 1431 ὁρίζοντι,
3145 1361 3286 1432 μήτε
3344 1359 3678 1428 ἐγκράτειαν
3725 1361 3831 1412 suo

2254 1452 2620 1521 αγγέλλεσθαι
2658 1454 3000 1509 ἀπαιτοῦντι.
3032 1453 3106 1507 To
3136 1454 3193 1508 δὲ
3219 1453 3490 1518 δανείζειν
3530 1455 3658 1516 τοὺς
3695 1453 3836 1523 κλη-

2257 1547 2441 1617 ρικοϋς
2494 1546 2588 1599 ἐπὶ
2645 1545 2825 1609 τόκοις
2875 1546 3093 1610 πολλοῖς
3151 1546 3529 1616 ἀπηγόρευται
3596 1544 3831 1599 atavos:-

2253 1638 2349 1692 καὶ
2379 1632 2536 1702 οὗτος
2568 1638 2627 1692 δὶ
2656 1638 2716 1692 τὸ
2748 1639 2882 1694 αὐτὸ
2908 1637 3152 1692 κελεύειο
3207 1637 3304 1691 καί
3335 1653 3524 1708 φησιν.
3555 1635 3653 1692 MV
3695 1637 3839 1706 χρή-

2258 1747 2406 1799 ματα
2437 1730 2559 1804 ἦτοι
2593 1730 2910 1801 νομίσματα
2940 1729 3016 1799 δῷ
3043 1728 3308 1799 κληρικὸς
3337 1730 3394 1782 ιν
3417 1728 3638 1800 χρήσει,
3661 1728 3840 1798 ἤγουν

2259 1821 2479 1895 δανείσῃ
2509 1822 2578 1876 τὰ
2605 1823 2890 1894 χρήματα,
2922 1822 3173 1876 τουτέστι
3200 1821 3439 1876 τοσαῦτα
3465 1819 3699 1891 λήψεται
3738 1821 3843 1873 καὶ

2259 1915 2321 1970 οὐ
2348 1915 2573 1970 πλείονα
2593 1932 2610 1947 ο
2647 1915 2747 1968 ἐὰν
2790 1916 2846 1969 δὲ
2874 1911 3017 1979 εἶδος
3043 1916 3144 1985 δῷ,
3175 1919 3324 1970 σῖτον
3349 1915 3515 1986 τυχὸν
3540 1913 3574 1987 ἢ
3599 1909 3770 1980 οἶνον,
3800 1916 3836 1984 ἢ

2257 2009 2448 2079 ἔτερόν
2478 2025 2532 2062 τι
2564 2007 2832 2071 τοιοῦτον,
2881 2009 3008 2062 δσον
3063 2007 3254 2074 ἔδωκε,
3308 2006 3567 2078 λήψεται,
3615 2007 3715 2063 καὶ
3774 2007 3839 2060 οὗ

2257 2099 2442 2154 πλέον.
2473 2101 2584 2154 Καὶ
2627 2100 2688 2154 τὸ
2723 2103 2830 2171 πρὸ
2864 2102 3318 2170 συμπληρώσεως
3349 2107 3425 2153 κε’
3455 2100 3722 2154 ἐνιαυτῶν
3756 2101 3835 2170 μὴ

2258 2192 2684 2263 χειροτονεῖσθαι
2718 2193 2987 2250 διάκονον,
3013 2193 3295 2261 διαφόροις
3324 2193 3544 2246 κανόσιν
3567 2192 3832 2263 ὥρισται.

2270 2284 2673 2356 ’Δπηγόρευται
2727 2285 2783 2339 δὲ
2814 2288 2924 2348 τοῖς
2976 2285 3357 2354 ἁναγνώσταις
3387 2287 3445 2338 ὲν
3476 2284 3554 2356 τῷ
3583 2283 3835 2354 πληροῦν

2256 2377 2357 2449 τὴν
2392 2377 2674 2433 διακονίαν
2715 2379 2895 2431 αὐτῶν
2933 2379 3262 2449 στρέφεσθαι
3301 2377 3438 2449 πρὸς
3487 2383 3580 2434 τὸν
3635 2381 3839 2451 δῆμον,

2258 2469 2355 2523 καὶ
2383 2475 2739 2539 προσκυνεῖν.
2787 2472 2991 2534 Μόνοις
3020 2472 3129 2542 γὰρ
3162 2475 3276 2535 τοῖς
3330 2471 3655 2542 ἀρχιερεῦσι
3712 2471 3840 2524 τότε

2259 2561 2489 2627 καὶτοῖς
2527 2562 2771 2634 ἱερεῦσιν
2798 2563 3072 2633 ὀφείλουσι
3099 2567 3450 2636 προσκυνεῖν,
3488 2569 3580 2618 και
3601 2565 3726 2636 οὐχὶ
3759 2567 3841 2633 τῷ

2263 2654 2459 2726 πλήθει
2499 2657 2609 2708 τῶν
2639 2659 2699 2710 ἰν
2724 2660 2794 2728 τῇ
2837 2657 3138 2730 Ἐκκλησία
3198 2659 3723 2730 συναθροιζομένων.
3773 2662 3842 2713 Οί

2262 2747 2364 2817 μὲν
2387 2748 2498 2819 γὰρ
2525 2747 2800 2820 ίέρωνται,
2828 2751 2880 2803 οἱ
2909 2749 2968 2805 δδ
2991 2751 3086 2805 τοῦ
3117 2753 3291 2824 δήμου
3327 2753 3519 2823 πόρρω
3549 2755 3646 2823 τῆς
3679 2755 3841 2823 ἱερω-

2265 2839 2435 2908 σύνης
2463 2841 2596 2906 εισι,
2633 2843 2727 2897 καὶ
2760 2844 2966 2913 μᾶλλον
2994 2845 3262 2914 τιμᾶσθαι
3291 2843 3430 2914 δέον,
3463 2844 3755 2899 καὶταῦτα
3779 2846 3841 2898 ἐν

2261 2931 2442 3004 καιρῷ
2467 2933 2566 3004 τῆς
2589 2933 2896 3006 ὑπουργίας
2923 2937 3124 2992 αὐτῶν.

584 3025 812 3080 dictum.
847 3027 1005 3083 Solos
1033 3045 1263 3100 namque
1290 3046 1355 3085 eo
1386 3039 1628 3100 tempore
1652 3030 1927 3085 antistites
1948 3031 2018 3098 ζει
2059 3023 2527 3096 sacerdotes,non
2579 3047 2962 3109 congregatam
3025 3038 3078 3092 in
3135 3036 3362 3094 ecclesia
3415 3037 3838 3095 multitudinem.

584 3119 656 3172 ab
704 3118 773 3173 iis
826 3121 1051 3174 salutari
1095 3118 1176 3174 fas
1221 3130 1322 3176 est.
1376 3120 1480 3190 ipsi
1535 3123 1677 3176 enim
1730 3119 1929 3176 sacrati
1983 3125 2146 3181 sunt,
2187 3117 2475 3178 multitudo
2508 3139 2635 3180 vero
2665 3143 2696 3181 a
2728 3129 2906 3184 sacris
2959 3128 3243 3185 ordinibus

3320 3131 3481 3199 longo
3557 3131 3845 3188 intervallo

587 3210 852 3279 disjunctn
886 3229 900 3266 :
932 3221 988 3266 nt
1017 3213 1241 3280 proinde
1267 3214 1335 3268 iis
1361 3214 1540 3284 p0tius
1574 3230 1604 3268 a
1650 3215 1845 3284 pepulo
1877 3213 2138 3268 honorem
2171 3205 2442 3279 exhiberi,
2479 3217 2780 3284 pnesertim
2819 3219 2948 3274 dum
3007 3221 3061 3275 in
3125 3220 3210 3276 sui
3272 3219 3560 3276 ministerii
3605 3219 3847 3276 functio-

588 3306 748 3360 nibns
780 3314 1082 3368 versantur,
1105 3318 1352 3376 Oportcat

588 3397 816 3455 ARIST.
867 3418 886 3451 ι
918 3399 1240 3469 Episcopus,
1290 3399 1597 3471 presbyter,
1642 3410 1692 3453 et
1740 3399 2003 3456 diaconus
2059 3419 2159 3458 non

2269 3402 2496 3459 ΔΡΙΣΤ.
2536 3419 2556 3452 ι
2594 3397 2947 3462 Ἐπίσκοπος.
2991 3396 3384 3468 πρεσϐύτερος,
3445 3401 3537 3452 και
3571 3397 3838 3462 διάκονος,

665 3511 683 3543 ε
724 3491 859 3546 ﬁunt
891 3492 1273 3558 conductores,
1303 3509 1481 3562 neque
1530 3504 1935 3563 procuratores.
1967 3493 2164 3551 Lector

668 3607 687 3639 ι
728 3589 901 3655 pubes
945 3585 1123 3642 factus
1156 3588 1241 3642 vel
1295 3591 1706 3644 matrimonium
1759 3590 2050 3645 contrahat
2080 3591 2167 3646 vel

668 3697 689 3731 ι
730 3678 1118 3736 continentiam
1148 3680 1491 3751 proﬁteatur.
1528 3699 1547 3735 ι

665 3771 982 3840 EpiscOpos,
1028 3781 1082 3826 et
1124 3773 1487 3843 presbyteros,
1538 3783 1592 3828 et
1640 3773 1901 3831 diaconos
1947 3775 2167 3832 fenera-

591 3873 760 3928 tores,
790 3863 952 3934 540
979 3875 1071 3918 aut
1106 3866 1504 3934 possessionum
1533 3867 1836 3936 aliquarum
1868 3871 2168 3926 conducto-

599 3971 716 4018 res,
755 3962 837 4010 vel
871 3957 1034 4009 etiam
1073 3958 1386 4024 provisores
1415 3957 1553 4024 fieri,
1601 3968 1656 4014 et
1700 3975 1945 4030 praesens
1990 3976 2164 4018 canon

596 4048 845 4114 prohibet
874 4059 928 4100 et
968 4048 1168 4104 diversi
1203 4049 1318 4105 alii.
1350 4049 1550 4106 Lector
1591 4061 1794 4117 autem,
1844 4055 1936 4123 qui
1987 4054 2166 4125 impn-

597 4137 779 4190 bercm
809 4147 1025 4193 aetatem
1086 4141 1427 4208 transilierit,
1474 4153 1528 4197 et
1580 4143 1772 4212 viginti
1827 4143 1945 4199 fere
1993 4161 2168 4203 annos

599 4232 858 4300 attigerit,
893 4243 947 4288 et
985 4234 1397 4304 bypodiaconus
1433 4235 1547 4291 ﬁeri
1582 4236 1727 4306 cupit
1774 4236 1920 4306 (nam
1975 4239 2166 4309 viginti
2210 4280 2212 4282 τ

601 4325 756 4377 annis
792 4325 1409 4398 juniorhypodiaconus
1444 4344 1549 4383 non
1600 4327 1910 4394 ordinatur,
1959 4339 2018 4384 ut
2069 4331 2168 4386 de-

597 4416 773 4470 cimus
794 4417 1014 4485 quintus
1037 4426 1200 4474 sexta:
1224 4421 1276 4473 in
1293 4420 1478 4474 Trullo
1498 4420 1686 4490 synodi
1716 4435 1891 4475 canon
1925 4423 2164 4492 statuit),

603 4511 684 4564 vel
718 4527 937 4566 uxorem
970 4525 1095 4568 ante
1119 4515 1518 4570 ordinationem
1569 4515 1771 4581 ducat,
1807 4515 1893 4568 vel
1927 4516 2166 4570 caalibem

598 4618 760 4671 agere
815 4598 1154 4672 proﬁteatur.
1223 4606 1360 4661 Nam
1433 4620 1549 4676 p05t
1607 4608 2008 4662 ordinationem
2072 4625 2171 4662 nec

598 4699 935 4766 presbytero,
969 4712 1073 4752 nec
1107 4697 1361 4762 diacono,
1408 4714 1507 4754 nec
1548 4698 1927 4771 hypodiacono
1975 4701 2168 4755 matri-

2346 3515 2367 3548 ι
2403 3496 2742 3564 ὲκλήπτορες
2787 3493 2850 3544 οὐ
2906 3491 3175 3559 γίνονται,
3207 3490 3331 3544 οὐδὲ
3367 3493 3839 3562 προκουράτορες.

2345 3612 2365 3644 ι
2416 3589 2474 3642 ὐ
2507 3587 2708 3659 ἄνηϐος
2764 3582 3124 3656 ἀναγνώστης
3172 3584 3206 3653 ἢ
3266 3583 3443 3654 γάμον
3491 3587 3840 3659 αἱρείσθω,ἢ

2344 3699 2364 3734 ι
2401 3681 2731 3749 ἐγκράτειαν
2761 3674 3112 3746 όμολογείτω.
3141 3692 3161 3727 ι

2338 3772 2414 3827 Τὸ
2443 3767 2886 3838 πακτωναρίους,
2918 3765 2951 3836 ἦ
2996 3765 3274 3835 μισθωτὰς
3307 3767 3611 3836 κτημάτων
3653 3770 3842 3830 τινῶν.

2268 3865 2304 3940 ἢ
2334 3864 2432 3919 καὶ
2466 3860 2777 3933 προνοητὰς
2805 3857 3051 3928 γίνεσθαι
3081 3859 3436 3924 ἐπισκόπους,
3472 3861 3567 3914 καὶ
3597 3863 3846 3933 πρεσδυ-

2267 3959 2483 4029 τέρους.
2507 3956 2600 4010 καὶ
2627 3953 2938 4016 διακόνους,
2972 3950 3067 4005 καὶ
3093 3953 3123 4004 ό
3149 3952 3341 4022 παρὼν
3398 3953 3597 4007 κωλύει
3632 3955 3841 4019 κανὼν,

2269 4053 2367 4108 καὶ
2418 4051 2599 4121 ἕτεροι
2629 4047 2905 4116 διάφοροι.
2946 4043 3332 4116 Ἀναγνώστης
3379 4045 3436 4100 δὲ
3482 4046 3587 4118 τὴν
3642 4046 3848 4120 ἀνησον

2269 4141 2625 4215 ύπεραναόὰς
2689 4139 2929 4209 ἠλικίαν,
2982 4137 3080 4191 καὶ
3133 4136 3303 4204 ἐγγύς
3353 4156 3457 4193 που
3502 4140 3610 4194 τῶν
3661 4140 3846 4197 είκοσι

2271 4237 2480 4309 χρόνων
2509 4233 2824 4301 γενόμενος,
2860 4229 2955 4284 καί⁵
3006 4225 3292 4300 βουληθεὶς
3321 4230 3578 4299 γενέσθαι
3621 4232 3850 4287 ὑποδια-

2273 4344 2425 4390 κονος
2456 4324 2596 4390 (οὐδὲ
2621 4323 2732 4394 γὰρ
2760 4321 2942 4393 ἥττων
2981 4319 3092 4374 τῶν
3137 4320 3309 4373 εῐκοσι
3347 4322 3563 4391 χρόνων
3592 4341 3848 4396 χειροτο-

2272 4423 2444 4474 νεῖται
2468 4415 2848 4481 ύποδιὰκονος,
2878 4411 3060 4477 καθὼς
3083 4414 3112 4466 δ
3137 4413 3626 4480 πεντεκαιδέκατος
3658 4417 3844 4471 κανὼν

2272 4515 2373 4584 τῆς
2404 4513 2460 4563 ὲν
2493 4510 2572 4579 τῷ
2601 4506 2858 4577 Τρούλλῳ
2925 4504 3095 4574 ἕκτης
3131 4504 3353 4558 συνόδου
3396 4504 3782 4573 διαλαμϐάνει)
3813 4512 3848 4580 ἢ

2273 4609 2509 4678 γυναῖκα
2536 4604 2645 4673 πρὸ
2673 4604 2771 4672 τῆς
2811 4599 3153 4672 χειροτονίας
3182 4596 3535 4666 λαμὸανέτω,
3566 4600 3600 4671 ἢ
3639 4601 3850 4672 παρθε-

2273 4701 2453 4755 νεύειν
2477 4695 2838 4767 ὁμολογείτω.
2867 4691 3023 4747 Μετὰ
3057 4693 3169 4760 γὰρ
3197 4692 3297 4760 τὴν
3355 4696 3694 4764 χειροτονίαν
3721 4696 3848 4752 οὒτε

604 4759 838 4844 inoniale
885 4759 1072 4860 jugum
1130 4791 1184 4846 in
1233 4806 1294 4847 se
1348 4759 1947 4862 susciper'e-licetzsed
1997 4794 2159 4849 lecto-

2276 4759 2674 4865 πρεσῦύτερος,
2705 4786 2829 4841 οὔτε
2867 4784 3138 4848 διάκονος,
3164 4759 3291 4836 οὒτε
3343 4759 3720 4851 δτιοδιάκονος,
3747 4806 3850 4857 γα-

603 4881 752 4936 ribus
784 4883 916 4937 solis
949 4892 1006 4937 et
1054 4884 1370 4939 cantoribus
1391 4884 1520 4939 illud
1567 4887 1918 4955 permittitur,
1975 4903 2170 4957 quem-

601 4972 890 5026 admodum
944 4982 1130 5031 sextus
1195 4986 1360 5031 sexta:
1409 4977 1462 5032 in
1511 4974 1696 5031 Trullo
1746 4978 1938 5049 synodi
1993 4994 2167 5034 canon

601 5065 813 5119 statuit.

1135 5249 1365 5307 CANth
1404 5251 1567 5313 XV".

613 5361 630 5393 ι
675 5341 901 5408 Placuit,
953 5353 1012 5400 ut
1055 5343 1377 5404 Mauritania
1429 5350 1792 5419 Sitiphensis,
1847 5361 1907 5406 ut
1959 5349 2172 5421 petivit,

714 5481 760 5511 "
790 5483 831 5536 ll
873 5481 1012 5538 Tim.
1059 5501 1119 5549 tl,
1175 5486 1228 5540 4.

2282 4887 2441 4958 μικὸν
2471 4883 2653 4954 ἑαυτῷ
2689 4880 2946 4948 συνιστᾷν
2982 4876 3325 4930 συνοικὲσιον
3358 4875 3452 4929 ἐπ’
3475 4875 3665 4942 ἁδείας
3696 4879 3846 4949 ἔχει·

2279 4977 2414 5033 ἀλλὰ
2470 4975 2655 5045 μόνοις
2708 4971 2824 5034 τοῖς
2873 4965 3256 5036 ἀναγνώσταις
3279 4967 3377 5020 καὶ
3426 4965 3662 5036 ψάλταις
3693 4970 3855 5024 τοῦτο

2278 5072 2489 5139 ἐφεῖται
2511 5109 2526 5133 ,
2559 5063 2746 5127 καθὼς
2773 5063 2802 5116 ό
2833 5061 2990 5124 ἕκτος
3019 5057 3202 5114 κανὼν
3255 5060 3354 5128 τῆς
3385 5065 3444 5115 ἐν
3473 5061 3552 5130 τῷ
3593 5061 3853 5132 Τρούλλῳ

2279 5164 2447 5231 ἕκτης
2475 5156 2694 5211 συνόδου
2721 5151 3026 5224 παρίστησι

2883 5242 3120 5297 ΚΑΝΩΝ
3147 5241 3243 5297 ΙΖ’.

2292 5366 2310 5398 ι
2355 5340 2720 5414 Ἥρεσεν,ίνα
2757 5339 2794 5410 ἡ
2845 5335 3193 5408 Μαυριτανία
3235 5334 3555 5408 Σιτιφένσης
3593 5338 3748 5412 (16),
3778 5340 3854 5403 ὼς

1789 5621 1985 5684 Gnill.
2016 5620 2348 5700 Beveregii
2394 5627 2578 5680 notua.

679 5725 792 5793 (l6)
819 5727 952 5780 "Ira
979 5729 1016 5795 ἠ
1059 5730 1424 5794 Μαυριτανία
1451 5726 1833 5795 Σιτιφένσης.
1877 5727 1973 5781 llic
1996 5743 2170 5781 canon

613 5800 674 5848 ut
716 5806 863 5851 recte
917 5798 1274 5869 intelligatur,
1309 5799 1485 5869 primo
1527 5801 1822 5853 tenendum
1883 5809 1988 5863 cst,
2031 5797 2170 5851 Afri-

2282 5741 2402 5778 cam
2460 5721 2681 5794 proprie
2741 5723 2821 5777 sic
2852 5722 3076 5794 dictam,
3135 5723 3250 5776 sive
3309 5729 3542 5774 tractum
3603 5721 3768 5773 istum
3822 5733 3848 5771 τι

2280 5798 2416 5850 freto
2461 5794 2733 5849 Gaditano
2779 5795 2844 5846 ad
2895 5793 3258 5858 Cyrenaicam
3324 5794 3606 5858 regionem
3670 5807 3852 5860 pot-rc-
