4098 6288
571 378 675 443 103

1825 372 2105 434 TIlEOD.
2150 371 2381 434 BALSA
2391 373 2551 433 MON

3707 363 3819 433 104

560 499 654 545 aut
682 486 866 544 clerici
910 485 1253 552 ordinantur,
1289 485 1357 542 ab
1402 483 1595 540 eodem
1629 480 1684 538 in
1722 480 1790 537 iis
1821 497 1942 552 quae
1969 495 2133 551 syno-

2241 495 2332 534 κον
2366 485 2464 547 δεῖ,
2500 480 2665 552 φησὶν
2712 484 2739 536 ό
2782 480 2984 546 κανὼν,
3019 478 3202 550 λέγειν
3248 479 3366 545 τοῖς
3397 487 3814 552 χειροτονουμισ

561 585 751 637 dorum
779 581 996 636 decreto
1035 579 1100 632 de
1133 579 1258 646 ﬁde,
1287 587 1341 633 et
1374 578 1496 631 vitae
1522 574 1868 630 instituenda:
1899 574 2134 639 ratione,

563 676 737 740 deque
779 673 1148 727 ecclesiastica
1198 671 1668 727 administratione
1720 668 1932 724 saucita
1981 676 2135 733 sunt,

564 766 766 820 erudiri
820 768 1036 828 debent,
1085 776 1141 819 ut
1191 763 1416 834 proinde
1469 763 1540 816 illi
1576 761 1991 816 constitutiones
2036 758 2138 814 Pa-

563 865 706 909 trum
771 857 1020 924 cognitas
1077 864 1322 920 servent,
1382 869 1482 908 nec
1530 868 1627 908 eos
1678 852 1874 906 iisdem
1922 849 2138 905 violatis

564 947 879 1018 pmniteutia
930 947 1054 1001 facti
1111 946 1450 1015 postmodum
1503 952 1889 1012 consequatur.
1939 943 2141 996 Conse-

564 1053 762 1108 quetur
809 1054 873 1094 ea
922 1056 1178 1107 namque,
1216 1054 1337 1093 cum
1395 1038 1616 1092 admissi
1651 1037 1919 1100 criminis,
1968 1034 2053 1090 vel
2085 1035 2136 1088 in

563 1129 665 1182 hac
695 1145 907 1200 quoque
957 1130 1086 1196 vita,
1120 1129 1204 1183 vel
1235 1130 1289 1183 in
1336 1127 1516 1183 futura
1545 1135 1693 1182 certe
1723 1142 1911 1194 ptenas
1934 1125 2138 1196 judicio

567 1220 887 1273 inexorabili
917 1220 1224 1286 expeudeut

566 1309 794 1364 ARIST.
854 1331 872 1362 ι
914 1310 1254 1382 Syuotlorutn
1302 1309 1500 1380 placita
1555 1309 1778 1363 auribus
1845 1308 1987 1378 ejus,
2045 1306 2139 1377 qui

819 1421 838 1453 ι
871 1405 1200 1458 ordinandus
1243 1411 1346 1468 cst,
1380 1402 1810 1457 inculcabuutnr.
1864 1419 1884 1453 ›

645 1495 746 1562 Qui
801 1497 1086 1566 episcopus
1140 1496 1226 1550 vel
1284 1495 1513 1551 clericus
1571 1499 1876 1561 ordinatur,
1933 1511 2055 1567 qua:
2109 1511 2138 1550 a

567 1588 790 1659 synodis
834 1589 1050 1642 decreta
1100 1598 1227 1644 sunt
1257 1587 1310 1642 iu
1344 1603 1507 1641 aures
1549 1589 1684 1656 ejus,
1733 1589 1802 1643 ab
1838 1604 1902 1643 eo
1937 1589 2028 1658 qui
2063 1588 2141 1657 ip-

567 1693 688 1733 sum
736 1678 968 1743 ordinat,
1023 1678 1221 1734 tradita
1259 1678 1411 1733 debet
1445 1679 1702 1747 recipere,
1737 1689 1811 1745 et,
1862 1679 2139 1734 admoneri

567 1783 629 1823 ea
659 1769 971 1823 observare.

1149 1857 1380 1916 CANON
1425 1858 1543 1914 XX.

575 1971 594 2004 ι
667 1951 935 2009 Similiter
1007 1954 1230 2024 placuit,
1289 1967 1345 2010 ut
1409 1956 1761 2009 morientium
1819 1954 2141 2025 corporibus

642 2066 663 2099 ι
708 2049 1038 2104 eucharistia
1089 2065 1192 2102 non
1246 2049 1427 2103 detur.
1490 2050 1765 2119 Scriptum
1819 2051 2137 2122 estleuitu,

646 2156 666 2188 ι
709 2139 973 2204 Accipite,
1024 2138 1342 2191 manducale
1392 2138 1436 2168 "
1491 2155 1506 2192 :
1577 2137 1907 2192 Mortuorum
1957 2148 2138 2191 autem

648 2248 668 2282 ι
718 2245 949 2298 corpora
994 2245 1090 2284 nec
1127 2231 1374 2298 accipere
1419 2239 1664 2299 possunt,
1701 2244 1800 2283 nec
1830 2229 2137 2283 comedere.

644 2340 665 2374 ι
700 2323 765 2376 Ει
793 2338 862 2376 ne
888 2336 1006 2384 eos,
1033 2322 1122 2390 qui
1146 2321 1258 2390 jam
1289 2331 1417 2374 sunt
1446 2321 1666 2386 mortui,
1702 2321 1963 2390 baptizari
1997 2323 2139 2375 tece-

639 2433 660 2466 ι
700 2414 1219 2483 ritpresbyterorum
1259 2412 1584 2482 ignorantia.
1617 2430 1637 2463 ι

641 2504 840 2559 BALS.
892 2504 1104 2560 Rursus
1155 2505 1246 2559 ltie
1292 2520 1465 2557 canon
1514 2503 1670 2574 jubet
1717 2518 1821 2558 non
1878 2505 2136 2573 baptizari

567 2607 837 2664 mortuos,
890 2611 992 2652 nec
1037 2607 1502 2652 sacramentorum
1539 2599 1916 2652 communione
1946 2599 2140 2668 dignos

571 2693 785 2747 haberi.
848 2690 1149 2746 Morientes
1207 2699 1386 2745 autem
1442 2690 1681 2760 appellat
1735 2706 1851 2757 eos,
1905 2696 1995 2761 qui
2025 2692 2138 2761 jam

569 2785 767 2839 mortui
816 2793 966 2849 sunt,
1016 2800 1122 2839 non
1155 2786 1245 2854 qui
1300 2785 1628 2839 moribundi.
1668 2784 1729 2838 Hi
1781 2785 1924 2839 etaim
1968 2788 2141 2853 magis

572 2877 774 2931 debent
826 2888 1141 2931 sanctorum
1190 2876 1573 2948 mysteriorum
1612 2877 1868 2932 viaticqu
1903 2892 2139 2944 sumere,

569 2981 622 3024 et
658 2984 871 3023 sacrum
904 2968 1233 3039 baptismum
1271 2970 1542 3040 accipere,
1594 2970 1640 3025 si
1673 2985 1778 3024 nou
1814 2970 1922 3023 sint
1961 2970 2140 3039 bapti-

570 3061 700 3114 zati.

2236 586 2348 631 νοις
2392 571 2460 623 τὰ
2499 570 2724 635 δόξαντα
2755 574 2876 633 ταῖς
2906 571 3146 634 συνόδοις
3181 567 3311 643 περί
3339 585 3400 622 τε
3448 570 3686 632 πίστεως
3716 568 3818 622 καὶ

2241 666 2370 734 περὶ
2403 661 2495 716 τοῦ
2546 664 2663 727 πῶς
2695 663 2800 735 χρὴ
2837 662 3008 734 βιοῦν,
3038 663 3131 716 καὶ
3160 661 3228 716 τὰ
3253 660 3688 733 ἐκκλησιαστικὰ
3731 663 3815 714 οί-

2238 754 2510 825 κοδομεῖν,
2559 758 2644 810 ἴνα
2694 757 2897 821 ειδότες
2939 758 3034 819 τὰς
3083 754 3355 819 διατάξεις
3384 752 3494 808 τῶν
3544 753 3816 825 Πατέρων

2237 848 2359 901 κατ’
2391 849 2562 912 αὐτὰς
2592 849 2810 911 ποιῶσι,
2843 851 2936 903 καὶ
2967 849 3042 919 μὴ
3080 847 3503 919 μεταμεληθῶσι
3529 845 3817 916 παρ’ὲκεί-

2237 956 2336 1002 νας
2370 939 2672 1003 ποιοῦντες.
2707 939 3262 1012 Μεταμεληθήσονται
3292 939 3348 992 δὲ
3392 939 3740 1010 εὐθυνόμενοι
3772 937 3813 1006 ἢ

2240 1032 2334 1086 καὶ
2363 1035 2422 1084 ἐν
2449 1036 2514 1104 τῇ
2546 1032 2801 1109 παρούσῃ
2832 1034 2967 1106 ζωῇ,
3000 1035 3034 1104 ἢ
3069 1034 3205 1096 τέως
3235 1032 3626 1103 ἀπαραιτήτως
3667 1028 3818 1082 κατὰ

2238 1124 2336 1195 τὴν
2366 1124 2691 1196 μέλλουσαν.

2238 1301 2462 1356 ΔΡΙΣΤ.
2499 1319 2518 1353 ι
2558 1301 2641 1356 Τὰ
2683 1302 2804 1366 ταῖς
2848 1302 3085 1366 συνόδοις
3121 1301 3349 1368 δόξαντα
3378 1305 3406 1356 ό
3435 1303 3821 1373 χειροτονηοη..

2600 1413 2619 1446 ι
2669 1395 2895 1465 σόμενος
2955 1395 3398 1467 δνωτισθήσεται.
3437 1415 3457 1446 ›

2322 1492 2382 1546 '0
2411 1487 2882 1561 χειροτονούμενος
2915 1489 3211 1552 ἐπίσκοπος
3240 1490 3272 1560 ἢ
3305 1487 3566 1559 κληρικὺς
3603 1487 3818 1555 ὀφείλει

2239 1585 2309 1639 τὰ
2351 1584 2651 1655 δεδογμένα
2683 1586 2803 1648 ταῖς
2859 1583 3099 1646 συνόδοις
3128 1585 3207 1647 είς
3233 1581 3406 1653 ἀκοὰς
3435 1581 3602 1635 ἀὺτοῦ
3636 1597 3821 1652 παρα-

2241 1678 2491 1750 δέχεσθαι
2521 1678 2670 1746 παρὰ
2699 1675 2793 1731 τοῦ
2820 1677 3256 1748 χειροτονοῦντος
3281 1676 3466 1741 αὐτδν,
3493 1677 3586 1729 καὶ
3615 1677 3822 1747 ὑπομι-

2246 1771 2586 1841 μνήσκεσθαι
2619 1765 2794 1823 ταῦτα
2824 1769 3134 1838 φυλάττειν.

2846 1863 3087 1919 ΚΑΝΩΝ
3112 1866 3176 1918 K'

2246 1978 2268 2010 ι
2323 1957 2556 2028 Ὁμοίως
2583 1957 2807 2027 ήρεσεν,
2838 1959 2925 2011 ἵνα
2956 1959 3066 2021 τοῖς
3103 1956 3320 2027 σώμασι
3350 1958 3458 2011 τῶν
3513 1953 3822 2013 τελευτῶν·

2315 2070 2336 2102 ε
2381 2067 2490 2104 των
2553 2049 2878 2122 εὐχαριστία
2967 2049 3044 2120 μὴ
3096 2049 3246 2119 δοθῇ.
3301 2049 3620 2117 Γέγραπται
3680 2046 3822 2116 γὰρ,

2314 2160 2337 2198 ι
2378 2143 2620 2207 Λάϐετε,
2672 2141 2932 2212 φάγετεο
2979 2141 3048 2194 τὰ
3091 2142 3147 2194 δὲ
3176 2141 3283 2195 τῶν
3332 2143 3542 2210 νεκρῶν
3583 2141 3822 2210 σώματα

2317 2255 2346 2309 ι,
2382 2237 2504 2290 οὐδὲ
2544 2236 2736 2291 λαϐεῖν
2767 2234 3014 2298 δύναται,
3043 2235 3165 2288 οὐδὲ
3214 2237 3429 2303 φαγεῖν.
3465 2236 3573 2287 Καὶ
3609 2235 3696 2288 ἵνα
3735 2235 3816 2306 μὴ

2316 2351 2338 2384 ι
2382 2332 2505 2394 τοὺς
2542 2330 2642 2400 ήδη
2684 2328 3055 2389 τελευτῶντας
3107 2325 3468 2397 βαπτισθῆναι
3518 2327 3725 2400 ποιήσῃ
3776 2329 3816 2400 ἡ

2315 2442 2337 2474 ε
2381 2423 2492 2475 τῶν
2527 2420 2916 2492 πρεσϐυτέρων
2952 2419 3167 2489 ἄγνοια.
3199 2437 3217 2469 ι

2311 2515 2508 2570 ΒΛΛΣ.
2561 2513 2672 2567 Καὶ
2717 2512 2872 2574 αὖθις
2924 2513 2951 2564 ὁ
2999 2511 3178 2564 κανὼν
3210 2509 3644 2580 παρακελεύεται
3688 2509 3824 2572 τοὺς

2239 2611 2468 2679 νεκροὺς
2503 2609 2638 2678 μήτε
2666 2604 3050 2676 βαπτίζεσθαι,
3087 2607 3223 2674 μήτε
3261 2605 3361 2671 τῆς
3390 2605 3498 2656 τῶν
3531 2601 3816 2672 ἁγιασμά-

2239 2717 2350 2753 των
2393 2698 2749 2768 μεταλήψεως
2788 2695 3090 2761 ἀξιοῦσθαι.
3137 2695 3520 2755 Τελευτῶντας
3566 2695 3624 2747 δὲ
3659 2694 3828 2748 καλεῖ

2238 2791 2368 2853 τοὺς
2413 2790 2514 2860 ήδη
2549 2789 3002 2859 τελευτήσαντας,
3034 2785 3157 2856 οὐχὶ
3199 2786 3327 2848 τοὺς
3350 2786 3420 2836 τὰ
3452 2785 3656 2854 ἔσχατα
3691 2786 3823 2838 πνέ-

2241 2894 2423 2944 οντας.
2446 2875 2603 2936 Οὗτοι
2634 2881 2741 2949 γὰρ
2774 2881 2974 2946 μᾶλλον
3005 2878 3388 2944 ἑφοδιάζεσθαι
3418 2877 3694 2945 ὀφείλουσι
3728 2879 3819 2930 διὰ
3851 2911 3856 2914 -

2240 2974 2338 3045 τῆς
2366 2971 2475 3025 τῶν
2503 2966 2676 3038 ἁγίων
2708 2970 3030 3040 μυστηρίων
3059 2967 3442 3038 μεταλῆψεως,
3474 2970 3570 3022 καὶ
3598 2968 3689 3020 διὰ
3717 2969 3817 3021 τοῦ

2242 3066 2388 3120 θείου
2421 3065 2818 3134 βαπτίσματος,
2846 3064 2944 3116 ἐὰν
2972 3056 3109 3118 ὦσιν
3135 3063 3462 3117 ἁϐἀπτιστοι

638 3151 888 3208 ZONAR.
946 3152 1179 3207 Rursum
1234 3153 1300 3208 de
1356 3155 1682 3211 eucharistia
1742 3157 1971 3213 mortuis
2030 3174 2136 3213 non

2313 3158 2561 3213 ΖΩΝΑΡ.
2596 3157 2710 3212 Καὶ
2759 3155 2922 3210 πάλιν
2973 3155 3104 3227 περὶ
3152 3154 3252 3208 τοῦ
3296 3156 3371 3224 μὴ
3416 3155 3541 3215 τοὺς
3584 3155 3815 3224 νεκροὶς

572 3246 929 3316 impertienda
981 3246 1095 3302 haec
1133 3246 1374 3318 synodus
1401 3251 1530 3318 agit.
1579 3248 1836 3316 Quamvis
1867 3251 2009 3306 enim
2046 3253 2136 3306 illa

570 3340 756 3404 dictio,
811 3339 1176 3406 Morientium,
1231 3357 1336 3395 non
1379 3357 1474 3397 eos
1505 3342 1596 3412 qui
1631 3355 1739 3398 Vtta
1775 3344 1946 3400 functi
1991 3354 2137 3411 sunt,

569 3432 616 3487 si
666 3432 942 3502 propriam
1002 3431 1119 3502 ejus
1150 3432 1596 3503 signiﬁcationem
1647 3445 1881 3504 spectes,
1910 3437 2005 3492 sed
2045 3437 2138 3507 qui

565 3524 678 3593 jam
713 3525 1043 3588 moriuntur,
1080 3524 1388 3594 signiticet;
1435 3534 1618 3580 tamen
1665 3542 1784 3597 qua:
1813 3538 2139 3597 sequuntur,

568 3617 636 3670 de
684 3615 914 3670 mortuis
964 3629 1270 3670 sermonem
1318 3630 1440 3672 esse
1476 3617 1610 3673 satis
1641 3629 1826 3689 aperte
1869 3618 2138 3685 iudicant,

566 3707 695 3778 quia
725 3706 901 3778 inquit
921 3719 1256 3763 mortuorum
1279 3724 1504 3778 corpora
1529 3725 1626 3764 nec
1644 3712 1890 3782 accipere
1918 3723 2144 3780 possunt

570 3813 671 3852 uec
720 3799 1027 3855 comedere.
1079 3799 1179 3866 Qui
1212 3816 1338 3855 vero
1367 3804 1544 3858 adhuc
1577 3808 1717 3860 inter
1767 3809 1918 3859 vivos
1951 3817 2138 3875 agunt,

569 3891 818 3958 quamvis
872 3893 1214 3948 conclamata
1266 3895 1439 3952 salute
1489 3899 1718 3968 exiguus
1766 3899 2139 3956 deﬁcientibus

571 3983 800 4052 spiritus
831 3984 1198 4052 relinquatur,
1235 3999 1549 4044 sanctorum
1580 3992 1959 4061 mysteriorum
1987 4007 2140 4046 com-

570 4078 826 4132 munione
860 4093 968 4133 nou
1028 4089 1153 4134 sunt
1180 4081 1448 4150 privandi.
1478 4081 1617 4148 Quin
1648 4082 1969 4152 baptismum
2000 4098 2140 4151 quo-

567 4185 676 4239 que
734 4170 964 4224 mortuis
1021 4186 1088 4225 ex
1135 4172 1478 4227 sacerdotum
1517 4174 1783 4242 imperitia
1835 4175 1920 4228 hic
1967 4189 2140 4230 canon

573 4262 806 4316 conterri
837 4272 1002 4317 vetat.
1029 4261 1129 4318 Ubi
1159 4263 1321 4318 etiam
1347 4264 1919 4331 verbum,Moricute3,
1951 4267 2140 4322 eodem

573 4355 754 4417 modo,
805 4368 916 4422 quo
953 4355 1228 4418 diximus,
1265 4355 1487 4424 intelligi
1541 4366 1771 4422 oportet.
1815 4355 1948 4409 Dum
1995 4359 2141 4410 enim

573 4445 747 4513 Spirat
795 4445 937 4516 quis,
991 4444 1204 4500 divinus
1242 4445 1543 4516 baptismus
1589 4446 1636 4499 ei
1679 4447 1918 4501 conferri
1958 4447 2138 4502 debet.

2243 3253 2341 3322 τῆς
2386 3251 2495 3305 τῶν
2538 3250 2701 3304 θείων
2755 3249 3072 3319 μυστηρίων
3124 3247 3481 3317 μεταλήψεως
3525 3247 3711 3311 ἀξιοῦν
3776 3249 3815 3317 ή

2243 3345 2463 3409 σύνοδος
2493 3343 2831 3412 διαλέγεται.
2858 3342 2924 3395 Et
2957 3340 3067 3410 γὰρ
3095 3341 3189 3393 καὶ
3222 3341 3255 3410 ή
3287 3337 3433 3405 λέξις
3476 3339 3585 3394 τῶν
3620 3340 3815 3393 τελευο

2241 3437 2466 3494 τὼντων
2513 3436 2642 3500 τοὺς
2700 3436 2872 3508 μήπω
2930 3434 3194 3498 θανόντας
3247 3433 3504 3504 ἱμφαίνει
3560 3435 3703 3488 κατὰ
3753 3433 3820 3486 τὸ

2243 3530 2494 3603 ἀκριϐὲς,
2521 3530 2650 3594 τοὺς
2695 3530 2752 3583 δὲ
2780 3529 2862 3583 ἔτι
2893 3527 3254 3595 θνήσκοντας,
3282 3525 3419 3582 ἀλλὰ
3457 3525 3527 3579 τὰ
3560 3524 3688 3594 ἑξῆς
3723 3543 3826 3578 σαο

2244 3624 2362 3694 φῶς
2387 3622 2642 3694 δηλοῦσιν
2683 3621 2769 3677 ὃτι
2805 3619 2938 3691 περὶ
2963 3618 3237 3674 θανόντων
3263 3619 3367 3691 ήδη
3395 3622 3423 3673 δ
3455 3617 3613 3686 λόγος
3668 3618 3821 3698 ἐστι,

2241 3718 2305 3772 τὸ
2331 3719 2507 3770 εἰπεῖν
2546 3716 2794 3786 δηλονότι
2818 3715 2900 3768 ὅτι
2923 3713 2993 3768 τὰ
3019 3713 3130 3767 τῶν
3167 3712 3378 3784 νεκρῶν
3407 3709 3636 3782 σώματα
3689 3709 3820 3763 οὔτε

2243 3809 2433 3862 λαϐεῖν
2485 3808 2710 3862 δύναται
2761 3805 2888 3860 οὔτε
2923 3808 3141 3874 φαγεῖν.
3182 3805 3324 3868 Τοὺς
3354 3803 3412 3857 δὲ
3448 3802 3528 3856 ἔτι
3583 3800 3820 3868 ζῶντας,

2242 3903 2349 3956 κᾶν
2397 3901 2750 3970 ἀπέγνωσται
2781 3897 2981 3961 αὐτοὺς
3023 3898 3057 3968 ἡ
3107 3895 3244 3968 ζωὴ,
3291 3895 3394 3950 κᾶν
3447 3894 3585 3966 μετὰ
3637 3891 3819 3964 βραχῦ

2247 3994 2516 4066 μέλλωσιν
2541 3994 2785 4056 ἐκπνεῖν,
2812 3991 2924 4044 τῶν
2951 3989 3124 4059 ἁγίων
3162 3987 3480 4059 μυστηρίων
3532 3985 3820 4051 ἀξιοῦσθαι

2244 4087 2446 4159 χρεὼν.
2491 4086 2654 4140 Ἀλλὰ
2703 4085 2836 4155 μηδὲ
2882 4082 3240 4152 βαπτίζεσθαι
3285 4082 3414 4142 τοὺς
3440 4082 3669 4150 νεκροὺς
3723 4077 3824 4133 καὶ

2243 4175 2399 4242 οὗτος
2429 4181 2457 4232 ό
2484 4179 2665 4232 κανὼν
2715 4176 3063 4230 διατάττεται
3096 4175 3154 4240 ἐξ
3184 4173 3407 4240 ἀγνοίας
3435 4170 3545 4224 τῶν
3577 4171 3825 4242 πρεσϐυ-

2243 4272 2441 4342 τέρων.
2498 4268 2788 4324 Κάνταῦθα
2835 4269 2892 4320 δὲ
2948 4269 3048 4338 τὴν
3103 4267 3250 4331 λέξιν
3291 4265 3400 4317 τῶν
3438 4262 3822 4316 τελευτώντων

2247 4362 2422 4426 οὕτως
2457 4365 2698 4434 νοητέον,
2733 4361 2808 4424 ὡς
2839 4360 2939 4430 ήδη
2989 4358 3227 4430 εἴρηται.
3266 4357 3409 4421 Ἕως
3460 4359 3570 4427 γὰρ
3614 4355 3682 4410 ἂν
3730 4359 3826 4425 ἐμ-

2249 4455 2391 4527 πνέῃ
2417 4472 2523 4520 τις,
2556 4454 2650 4506 τοῦ
2687 4452 2833 4505 θείου
2872 4451 3254 4522 βαπτίσματος
3283 4448 3672 4518 ἀξιωθήσεται.

574 4535 800 4591 ARIST.
837 4555 857 4589 ι
911 4535 1136 4606 Corpori
1185 4538 1294 4590 vita
1361 4538 1604 4592 defuncti
1652 4539 1981 4593 eucbaristia
2035 4556 2138 4595 non

2244 4549 2466 4604 ΔΡΙΣΤ.
2505 4564 2524 4598 ι
2553 4546 2643 4623 Τιξι
2663 4543 2757 4599 τοῦ
2779 4543 3228 4613 τετελευτηκότος
3255 4541 3469 4611 σώματι
3501 4541 3825 4613 εὐχαριστία

653 4649 674 4682 ι
731 4630 893 4683 datur
941 4646 960 4685 :
1010 4646 1116 4685 nou
1169 4630 1315 4685 enim
1361 4632 1473 4686 edit
1501 4633 1585 4686 vel
1628 4632 1787 4688 bibit.
1834 4632 2138 4701 Ignorantia

2325 4660 2344 4694 ι
2393 4639 2686 4708 οὐιδίδοται
2712 4655 2729 4671 ·
2765 4636 2826 4690 οὗ
2858 4637 2966 4704 γὰρ
2993 4634 3188 4698 ἐσθίει,
3221 4635 3252 4704 ἦ
3286 4633 3430 4686 πίνει
3457 4649 3472 4663 ο
3511 4633 3606 4685 καὶ
3630 4632 3827 4701 ἄγνοια

653 4741 672 4774 ι
705 4724 869 4776 etiam
901 4723 1203 4792 presbyteri
1241 4738 1346 4777 non
1378 4724 1671 4793 baptizabit
1697 4735 1986 4780 mortumn.
2021 4744 2040 4776 ι

2324 4753 2343 4784 ι
2386 4729 2762 4803 πρεσϐυτέρου
2803 4728 2865 4780 οὐ
2917 4727 3168 4798 βαπτίσει
3199 4725 3293 4778 τὸν
3337 4723 3762 4793 τελευτήσαντα.
3798 4739 3820 4773 ι

646 4815 878 4869 Domino
924 4815 1158 4881 dicente,
1206 4815 1459 4884 Accipite,
1508 4818 1668 4877 edite.
1715 4819 1985 4888 quomodo
2027 4817 2138 4888 quis

2321 4824 2428 4878 Τοῦ
2485 4820 2693 4891 Κυρίου
2750 4818 3018 4882 εἰπόντος,
3056 4815 3299 4878 Λάϐετε,
3334 4813 3573 4883 φάγετε,
3609 4814 3730 4873 πῶς
3761 4813 3826 4866 ἄν

577 4919 792 4961 mortuo
838 4909 906 4962 de
950 4923 1178 4978 corpore
1225 4909 1408 4963 divino
1457 4912 1677 4965 tradat?
1709 4920 1953 4966 mortuus
2000 4912 2138 4965 enim

2245 4933 2331 4980 τις
2359 4912 2439 4984 τῷ
2477 4910 2865 4978 τελευτήσαντι
2891 4906 2986 4958 τοῦ
3019 4905 3165 4957 θείου
3199 4903 3448 4971 σώματος
3478 4901 3824 4973 μεταδώσεις

575 5017 673 5056 nec
704 5000 951 5070 accipere
999 5009 1195 5071 potest,
1246 5017 1345 5056 uec
1390 5004 1572 5058 edere.
1627 5002 1732 5059 Sed
1782 5020 1881 5058 nec.
1910 5003 2138 5073 baptizet

2250 5009 2377 5063 οὔτε
2430 5005 2541 5073 γὰρ
2597 5003 2785 5057 λαϐεῖν
2831 4998 2957 5054 οὔτε
3011 4999 3209 5068 φαγεῖν
3249 4999 3278 5050 ό
3327 4996 3521 5067 νεκρὸς
3571 4994 3826 5050 δύναται.

574 5095 843 5164 quispiam
873 5095 981 5148 vita
1025 5093 1288 5170 functum.
1339 5095 1778 5168 Presbyterorum
1807 5097 1948 5150 enim
1981 5097 2138 5166 igno-

2266 5099 2406 5154 ’Δλλ’
2434 5095 2556 5151 οὐδὲ
2590 5093 2846 5162 βαπτίσει
2879 5107 2964 5153 τις
2999 5090 3091 5142 τὸν
3143 5087 3569 5157 τελευτήσαντα.
3618 5087 3682 5138 Ἥ
3720 5087 3830 5155 γὰρ

578 5185 757 5238 rantia
810 5186 1039 5241 mortuis
1090 5200 1196 5240 non
1251 5189 1356 5242 erit
1401 5187 1734 5258 adjumento.
1787 5195 1846 5242 ut
1892 5186 2138 5256 baptizati

2253 5190 2364 5243 τῶν
2391 5183 2783 5257 πρεσϐυτέρων
2813 5183 3005 5251 ἄγνοια
3029 5180 3132 5233 οὐκ
3160 5177 3436 5249 ὠφελήσει
3468 5180 3594 5241 τοὺς
3639 5177 3832 5230 τελευ-

578 5283 980 5346 τεΡυιίιΐειὶιιΙΓο
2254 5282 2554 5352 τήσαντας,
2584 5275 2727 5330 ὥστε
2763 5273 3237 5345 βεϐαπτισμένους
3267 5268 3598 5338 λογίζεσθαι.

1154 5389 1385 5446 ΕΑΝΟΝ
1424 5387 1566 5444 XXI.

2829 5362 3070 5418 ΚΔΝΩΝ
3114 5359 3250 5418 KA'.

576 5495 596 5526 ε
631 5474 695 5529 Ει
729 5475 850 5527 idco
886 5472 939 5525 in
975 5472 1079 5525 bac
1109 5483 1298 5526 sancta
1329 5469 1543 5541 synodo
1578 5467 2020 5524 conﬁrmandum
2058 5476 2138 5524 est

2259 5489 2280 5523 ι
2323 5472 2416 5522 Διὸ
2449 5461 2775 5537 βεϐαιωτέον
2829 5458 2979 5512 ἐστὶν
3025 5457 3086 5509 ὲν
3134 5452 3308 5523 ταύτῃ
3336 5454 3403 5522 τῇ
3436 5451 3568 5523 ἁγίᾳ
3599 5450 3830 5519 συνόδῳ,

653 5591 674 5623 ι
710 5578 768 5624 ut
793 5570 1095 5623 secundum
1153 5567 1358 5621 Νἰοιιιιιὶ
1382 5564 1602 5621 concilii
1654 5563 1900 5623 decreta.
1942 5572 2134 5633 propte

2331 5579 2351 5616 ι
2396 5557 2538 5612 ὥστε
2591 5554 2734 5609 κατὰ
2782 5552 2909 5612 τοὺς
2945 5550 3005 5601 ὲν
3055 5544 3264 5617 Nimia.
3295 5547 3452 5616 ὄρους
3489 5544 3579 5597 διὰ
3606 5543 3709 5604 τὰς
3741 5544 3838 5595 ὲκ-

647 5684 668 5717 ι
700 5680 895 5719 causas
929 5663 1352 5725 ecclesiasticas,
1395 5676 1518 5730 quzr
1548 5674 1690 5728 saepe
1719 5659 1786 5712 ad
1825 5660 2006 5728 populi
2043 5673 2167 5726 per-

647 5776 665 5809 ι
697 5759 890 5812 ιιίιςιριη
916 5758 1293 5826 antiquautur,
1325 5755 1558 5826 singulis
1582 5756 1745 5810 anuis
1780 5756 1872 5808 tiat
1897 5757 2161 5823 synodus.

645 5871 689 5902 "
711 5870 902 5926 Matth.
941 5889 1086 5940 XXVI,
1122 5872 1213 5929 “26.

2334 5673 2355 5709 ι
2399 5646 2798 5722 κλησιαστικὰς
2856 5643 3058 5705 αἰτίας,
3117 5639 3322 5700 αἵτινες
3369 5637 3632 5698 πολλάκις
3691 5636 3834 5703 πρὸς

2336 5765 2356 5797 ι
2402 5745 2624 5801 δλεθοον
2669 5739 2765 5794 τοῦ
2816 5734 2945 5790 λαοῦ
2995 5732 3376 5797 παλαιοῦνται,
3427 5729 3550 5785 καθ’
3597 5730 3840 5784 Eua.er
