4098 6288
258 413 366 480 133

336 548 354 580 ι
389 528 650 598 ὥρισται.
705 525 769 578 Οί
809 523 868 576 δὲ
924 521 1059 595 πρὶς
1113 520 1471 592 περαματικὰ
1515 517 1848 586 δικαστήρια
1879 520 1927 575 Α

334 643 350 674 ι
387 619 864 688 διεκκαλούμενοι,
921 617 1052 689 παρ’
1103 615 1314 679 οὖδενὸς
1375 615 1433 667 ἐν
1485 615 1551 684 τῇ
1603 611 1840 682 Ἀφρικῇ

333 736 371 770 ι.
393 713 660 781 δεχθῶσιν
691 713 770 774 είς
798 712 1105 764 κοινωνίαν.
1144 729 1162 761 ι

331 809 528 861 ΒᾹΛΣ.
569 806 662 869 Εἰς
707 807 798 858 τὸν
839 812 899 858 ιε’
925 805 1121 858 κανόνα
1173 805 1271 873 τῆς
1300 802 1584 873 παρούσης
1618 799 1842 853 συνόδου

258 897 579 970 ἀρκούντως
624 896 951 968 ἐγράψαμεν
983 896 1114 967 περὶ
1141 895 1510 967 δικαστηρίων
1546 893 1846 964 ἐκκλησια-

259 995 467 1049 στικῶν
493 1009 506 1021 ⁸
541 997 634 1046 καὶ
666 993 943 1062 ἀνάγνωθι
991 993 1061 1048 τὰ
1088 996 1148 1048 ἐν
1190 993 1388 1061 ἐκείνῳ
1435 990 1740 1060 γραφέντα.
1785 989 1844 1041 Ὀ

257 1090 317 1143 δὲ
352 1088 546 1159 παρὼν
586 1085 766 1143 κανών
795 1106 958 1159 φησιν
1011 1087 1108 1152 ὡς,
1147 1087 1272 1140 ἐπεὶ
1305 1085 1414 1138 τῶν
1468 1085 1698 1138 εἰκότων
1727 1079 1846 1136 ἐστὶ¹

261 1182 417 1244 τινὰς
442 1182 741 1252 κληρικοὺς
773 1179 1186 1251 ἀπαρέσκεσθαι
1220 1179 1314 1232 ἐπὶ
1343 1181 1462 1239 ταῖς
1484 1177 1700 1246 κρίσεσι
1737 1175 1845 1226 τῶν

257 1275 412 1328 Δἰδίων
441 1276 780 1338 ἐπισκόπων,
835 1274 955 1327 δέον
984 1273 1102 1326 ἐστὶ
1139 1273 1277 1342 μετά
1316 1271 1593 1341 θελήσεως
1635 1269 1848 1321 τούτων

261 1367 696 1437 μετακαλεῖσθαι
754 1368 956 1430 αὐτοὺς
1018 1366 1423 1433 γειτνιάζοντας
1487 1361 1846 1423 ἐπισκόπους,

259 1461 484 1523 πάντως
520 1460 850 1532 ἀρκοῦντας,
884 1460 978 1513 καὶ
1014 1456 1198 1523 ἀξιοῦν
1243 1457 1397 1526 παρὰ
1449 1454 1654 1508 τούτων
1685 1453 1850 1524 λυθῆ-

259 1569 351 1605 ναι
384 1553 486 1621 τὴν
547 1552 668 1604 κατ’
719 1551 900 1604 αὐτῶν
949 1552 1250 1618 ἀπόφασιν.
1303 1549 1366 1601 Et
1413 1547 1492 1612 δέ,
1545 1547 1704 1616 φησι,
1757 1548 1851 1600 καὶ

259 1648 404 1701 κατὰ
461 1648 560 1714 τῆς
622 1645 954 1712 ἀποφάσεως
989 1643 1198 1696 τούτων
1254 1640 1365 1695 τῶν
1430 1639 1849 1707 γειτνιαζόντων

261 1740 697 1810 ἀπαρέσκονται,
754 1740 852 1791 οὐκ
891 1736 1201 1805 ὀφείλουσιν
1255 1733 1604 1788 ἐκκαλεῖσθαι
1669 1733 1748 1794 εἰς
1781 1733 1852 1785 τὰ

254 1834 443 1900 ’πέραν
475 1834 573 1896 τῆς
612 1832 890 1900 Θαλάσσης
923 1831 1275 1901 δικαστήρια,
1327 1829 1499 1900 ἦγουν
1532 1829 1610 1890 εἰς
1644 1844 1851 1897 μητρο-

1316 405 1395 465 IN
1437 403 1600 465 CAN.
1640 397 1830 462 XXX]
1868 395 2070 460 CONC.
2102 393 2480 455 CARTIIAG.

3432 389 3530 456 134

2044 531 2060 564 ι
2101 512 2168 566 ad
2212 510 2575 567 transmarina
2619 509 2825 582 judicia
2855 520 3172 581 provocant,
3213 525 3239 561 a
3289 511 3439 566 nttllo
3477 512 3528 565 in

2039 623 2057 657 ι
2092 604 2276 659 Africa
2301 603 2370 658 ad
2403 605 2844 661 communionem
2871 605 3228 676 recipiantur.
3266 625 3284 656 ι

2017 799 2213 854 BALS.
2267 802 2323 854 In
2364 800 2579 858 decimo
2615 803 2809 874 quinto
2856 819 3068 861 canone
3095 806 3378 877 praesentis
3407 822 3525 879 syn-

1946 894 2036 948 odi
2084 895 2218 950 satis
2267 895 2584 964 scripsimus
2634 899 2702 952 de
2729 897 2945 966 indiciis
2992 900 3411 967 ccc‘esiasticis;
3476 907 3531 953 et

1947 985 2064 1053 lege
2099 1000 2216 1052 quae
2251 985 2301 1038 in
2347 986 2463 1052 ipso
2505 985 2703 1054 scripta
2743 997 2891 1042 sunt.
2933 988 3180 1043 Praesens
3228 999 3408 1043 autem
3439 1005 3531 1044 ca-

1949 1094 2054 1130 non
2075 1077 2205 1130 dicit
2237 1079 2377 1146 quod
2399 1079 2657 1148 quoniam
2685 1087 2766 1133 est
2797 1080 3092 1135 verisimile
3125 1082 3239 1136 fore
3271 1093 3328 1136 ut
3365 1082 3534 1150 aliqui

1949 1171 2129 1226 clerici
2180 1187 2401 1227 suorum
2456 1173 2837 1241 episcoporum
2885 1175 3112 1243 judiciis
3160 1191 3267 1231 non
3321 1180 3538 1246 acquie-

1950 1273 2125 1327 scant,
2161 1280 2297 1332 opus
2325 1277 2428 1331 est,
2461 1275 2516 1317 ιιι
2554 1281 2677 1320 cum
2710 1281 2898 1320 eorum
2947 1268 3222 1322 voluntate
3257 1269 3356 1338 ipsi
3401 1271 3536 1324 vici-

1953 1373 2050 1411 nos
2101 1360 2384 1428 opis-00pm:
2435 1359 2662 1412 omnino
2727 1356 3060 1413 subicientes
3108 1360 3416 1429 appellent,
3483 1372 3539 1415 ct

1951 1459 2139 1520 petant
2190 1449 2454 1505 adversus
2507 1466 2564 1503 se
2608 1449 2874 1517 prolatam
2915 1453 3244 1506 sententiam
3290 1453 3357 1507 ab
3403 1453 3534 1523 ipsis

1953 1541 2172 1597 resolvi.
2210 1541 2266 1595 Si
2294 1551 2499 1603 autem,
2543 1541 2744 1612 inquit,
2786 1543 2950 1595 etiam
2980 1543 3284 1598 vicinorum
3317 1545 3537 1612 episco-

1953 1648 2142 1700 porum
2185 1634 2467 1688 sententia:
2499 1649 2604 1687 non
2655 1635 3030 1703 acquiescant,
3074 1652 3178 1690 non
3222 1638 3420 1692 debent
3467 1637 3534 1692 ad

1956 1723 2318 1778 transmarina
2361 1723 2560 1790 judicia
2605 1726 2900 1793 appellare,
2934 1728 3146 1782 scilicet
3194 1730 3259 1782 ad
3306 1730 3534 1784 aliarum

1957 1815 2359 1884 provinciarum
2414 1817 2900 1883 nmtropolitanos,
2979 1820 3072 1871 sed
3133 1819 3200 1874 ad
3249 1821 3533 1887 primatem

261 1891 486 1986 πολίτας
524 1891 729 1990 ἐτέρων
766 1891 1094 1992 animum,
1115 1891 1252 1974 ἀλλὰ
1299 1891 1376 1982 εἰς
1399 1920 1490 1973 τὸν
1517 1919 1732 1992 πρῶτον
1755 1921 1851 1986 τῆς

1959 1906 2317 1974 competentis
2348 1907 2660 1977 provincias.
2708 1907 2820 1963 lloc
2867 1911 3010 1964 enim
3054 1910 3107 1963 in
3155 1912 3534 1980 cpiscopornnt

258 2016 580 2086 προσφόρου
608 2011 899 2084 ἐπαρχίας.
929 2013 1101 2065 Τοῦτο
1133 2013 1240 2081 γὰρ
1277 2011 1465 2074 καὶείς
1495 2011 1564 2063 τὰ
1593 2009 1852 2078 δικαστή-

261 2124 356 2180 ρια
379 2107 490 2159 τῶν
520 2106 838 2159 ἐπισκόπων
889 2106 1232 2176 προωρίσθη.
1257 2106 1320 2158 (ll
1377 2104 1431 2157 δὲ
1466 2102 1620 2174 παρὰ
1676 2101 1851 2156 ταῦτα

259 2199 550 2260 ποιοῦντες
596 2198 1072 2266 ἀφοριζέσθωσαν.
1137 2197 1453 2266 Σημείωσαι
1484 2195 1579 2248 οὖν
1629 2195 1711 2248 ὅτι
1750 2195 1851 2246 οὐκ

257 2291 575 2359 ὀφείλουσιν
607 2289 962 2360 ἐϐριοπαθείν
1001 2292 1050 2342 οἱ
1083 2291 1378 2343 ἐπίσκοποι
1404 2289 1546 2342 κατὰ
1579 2288 1685 2341 τῶν
1713 2286 1849 2357 κλη-

261 2383 434 2454 ρικῶν
467 2383 647 2435 αὐτῶν
670 2383 1138 2452 ἁπαρεσκομένων
1173 2383 1267 2434 ἐπὶ
1299 2385 1419 2445 ταῖς
1449 2382 1673 2435 ἐκείνων
1713 2385 1850 2433 ἁπο-

260 2475 521 2544 φάσεσιν,
581 2473 715 2528 ἀλλὰ
771 2475 973 2544 μᾶλλον
1020 2473 1418 2544 προσδέχεσθαι
1482 2474 1702 2539 αὐτοὺς,
1753 2469 1851 2526 καὶ

263 2571 540 2623 συναινεῖν
565 2571 644 2632 είς
679 2569 740 2623 τὸ
772 2569 925 2638 παρὰ
955 2569 1378 2637 γειτνιαζόντων
1413 2568 1731 2621 ἐπισκόπων
1758 2583 1851 2636 τη-

263 2661 507 2731 ρηθῆναι
544 2662 646 2734 τὴν
686 2664 895 2714 τούτων
940 2662 1237 2729 ἀπόφασιν.
1287 2660 1447 2722 Τινὲς
1477 2661 1534 2714 δὲ
1560 2659 1850 2722 ἀκούοντες

259 2752 359 2809 τοῦ
418 2753 643 2817 κανόνος
703 2754 956 2822 λέγοντος
1018 2754 1094 2817 ὡς
1156 2756 1206 2806 οἱ
1255 2753 1499 2820 γείτονες
1555 2752 1850 2805 ἐπίσκοποι

261 2847 633 2920 ἀκροάσονται
660 2846 862 2910 αὐτῶν,
900 2846 993 2899 καὶ
1033 2845 1170 2915 μετὰ
1202 2847 1564 2908 συναινέσεως
1592 2844 1685 2897 τοῦ
1716 2844 1847 2898 ίδίου

261 2942 572 2997 ἐπισκόπου
600 2941 666 2993 τὰ
695 2940 896 3011 μεταξὺ
934 2940 1113 2993 αὐτῶν
1143 2938 1401 2991 διαθῶσιν
1429 2939 1476 2991 οἱ
1510 2937 1851 3006 προσκαλού-

264 3050 420 3102 μενοι
445 3033 512 3086 δι’
549 3033 729 3087 αὐτῶν
752 3033 1068 3098 ἐπίσκοποι,
1106 3031 1360 3101 λέγουσιν
1383 3033 1468 3083 ἐπ’
1491 3031 1679 3091 ἀδείας
1703 3031 1853 3100 ἔχειν

256 3127 357 3180 τὸν
385 3125 620 3196 πρώτως
669 3125 970 3180 δικάσαντα
1005 3124 1308 3178 ἐπίσκοπον
1347 3122 1745 3195 παρουσιὰζειν
1769 3125 1852 3187 είς

1953 1999 2174 2068 iudiciis
2207 2012 2334 2054 ante
2364 2001 2645 2056 delinitum
2685 2011 2788 2056 est.
2825 2003 2923 2070 Qui
2968 2016 3149 2059 autem
3177 2017 3371 2074 praeter
3421 2006 3537 2062 lucc

1958 2091 2187 2157 faciunt,
2223 2107 2596 2165 segregantur.
2631 2095 2765 2150 Nota
2797 2113 2950 2166 ergo,
2992 2103 3134 2167 quod
3158 2101 3396 2168 episcopi
3430 2117 3534 2155 non

1956 2185 2151 2239 debent
2201 2202 2340 2254 a‘gt-e
2377 2188 2538 2250 ferre,
2583 2188 2627 2243 si
2668 2191 2750 2241 sui
2799 2192 2986 2245 clerici
3022 2207 3208 2244 eorum
3254 2203 3539 2248 sententia:

1954 2291 2062 2331 non
2103 2283 2493 2347 acquiescant;
2542 2282 2634 2334 sed
2703 2283 2850 2351 ipsos
2902 2284 3081 2351 potius
3141 2285 3448 2351 admittere,
3483 2296 3538 2339 et

1955 2371 2302 2426 consentiant
2352 2383 2410 2426 ut
2467 2389 2496 2426 a
2540 2374 2731 2448 vicinis
2777 2375 3046 2444 cpiscoltis
3069 2393 3164 2430 sua
3195 2381 3540 2433 exanimetur

1954 2463 2245 2518 sententia.
2293 2464 2543 2518 Nonnulli
2596 2478 2777 2520 autem
2819 2483 3092 2522 canonem
3124 2470 3410 2524 audientes
3458 2473 3541 2525 di-

1953 2567 2190 2623 Centem,
2227 2559 2372 2628 quod
2415 2558 2576 2613 vicini
2621 2562 2859 2629 episcOpi
2892 2577 2988 2616 eos
3019 2564 3279 2626 audient,
3330 2573 3386 2618 ct
3417 2580 3538 2618 cum

1954 2665 2224 2706 consensu
2304 2652 2506 2720 proprii
2561 2654 2802 2722 episcopi
2865 2655 3270 2710 controversias
3353 2671 3538 2711 comm

1955 2754 2286 2811 componant
2316 2742 2374 2804 ii,
2407 2743 2498 2811 qui
2562 2745 2628 2795 alt
2674 2745 2805 2810 ipsis
2841 2747 3093 2812 appellati
3147 2759 3293 2808 sunt,
3331 2750 3544 2817 cpisco-

1955 2837 2044 2905 pi;
2072 2837 2257 2890 dicunt
2288 2849 2407 2890 esse
2437 2837 2489 2888 iu
2526 2847 2793 2905 potestate
2819 2836 2938 2903 eius
2961 2839 3049 2906 qni
3075 2839 3307 2907 primum
3327 2843 3539 2909 judica-

1958 2929 2034 2982 vit
2083 2928 2359 2996 episcopi,
2411 2937 2466 2982 ut
2521 2927 2875 2982 ﬁnitimorum
2923 2934 3296 2999 episcnporum
3337 2935 3542 3003 judicio

1957 3023 2191 3076 intersit.
2229 3020 2358 3074 Mihi
2403 3033 2585 3075 autem
2628 3038 2735 3076 non
2785 3024 3016 3077 videtur.
3041 3023 3141 3090 Qui
3175 3027 3320 3081 enim
3369 3032 3534 3084 semel

1961 3113 2285 3168 sententiam
2317 3113 2458 3175 tulit,
2488 3126 2670 3168 cessat
2698 3132 2821 3170 esse
2861 3116 3051 3185 judex.
3083 3117 3247 3192 554
3284 3120 3410 3176 Illud
3439 3137 3540 3178 att-

261 3221 324 3272 τὸ
356 3218 468 3271 τῶν
489 3218 908 3288 γειτνιαζόντων
942 3218 1258 3271 ἐπισκόπων
1287 3216 1666 3287 δικαστήριον.
1696 3213 1854 3285 Ἐμοὶ

1962 3215 2089 3272 tem,
2118 3221 2238 3260 cum
2277 3221 2574 3273 consensu,
2609 3209 2815 3263 dictum
2856 3220 2963 3277 est,
2994 3223 3052 3267 ut
3093 3229 3201 3268 non
3240 3231 3338 3283 per
3369 3217 3544 3284 impn-

255 3311 322 3365 δέ
366 3311 430 3364 οὐ
456 3311 624 3365 δοκεῖ.
658 3310 716 3366 '0
761 3310 870 3380 γὰρ
904 3310 1052 3377 ἅπαξ
1092 3310 1519 3379 ἀποφηνάμενος
1572 3310 1850 3364 πέπαυται

259 3403 362 3455 τοῦ
383 3400 525 3456 εἶναι
551 3403 837 3474 δικαστής.
873 3401 948 3457 Τὸ
969 3403 1026 3456 δὲ
1053 3402 1193 3472 μετὰ
1235 3403 1595 3464 συναινέσεως
1615 3403 1856 3474 εἴρηται,

265 3495 356 3548 ἶνα
380 3495 459 3565 μὴ
511 3495 653 3548 κατὰ
680 3495 1073 3565 ἀναισχυντίαν
1105 3496 1198 3549 καὶ
1250 3497 1421 3566 χωρὶς
1469 3495 1728 3566 εῑδήσεως
1757 3494 1855 3548 τοῦ

263 3584 570 3638 ἐπισκόπου
619 3584 719 3656 τὴν
743 3583 1010 3656 ἔκκλητον
1039 3584 1280 3654 ζητῶσιν
1305 3587 1352 3638 οί
1385 3585 1662 3656 κληρικοὶ,
1711 3583 1855 3639 ἀλλὰ

268 3673 413 3747 μετὰ
438 3673 672 3746 ὁρισμοῦ
700 3674 917 3730 τούτου.
965 3673 1188 3741 Ἐπειδὴ
1210 3674 1266 3728 δέ
1306 3676 1354 3728 οί
1387 3676 1656 3746 παρόντες
1688 3677 1852 3731 κανόο

264 3788 355 3836 νες
374 3769 642 3841 ἐτέθησαν
671 3769 731 3823 ἐν
746 3769 1095 3841 Καρθαγένῃ.
1121 3768 1288 3840 ἤγουν
1313 3770 1369 3822 ἐν
1394 3768 1651 3841 Ἀφρικῇ,
1680 3786 1853 3842 περα-

265 3865 478 3934 ματικὰ
509 3863 725 3926 πάντως
755 3862 1082 3934 δικαστήρια
1104 3861 1469 3934 κληθήσονται
1491 3864 1560 3916 τὰ
1588 3863 1686 3934 τῆς
1720 3864 1853 3918 Ῥώ-

267 3976 396 4030 μης.
424 3959 534 4013 Καὶ
558 3956 860 4027 σημείωσαι
879 3957 986 4008 ἀπὸ
1011 3954 1202 4008 τούτου
1229 3955 1310 4008 ὅτι
1342 3957 1517 4027 μάτην
1541 3957 1851 4027 καυχῶνται

261 4052 316 4105 οἱ
348 4052 593 4120 περὶτὴν
635 4047 960 4118 Ἐκκλησίαν
987 4047 1083 4119 τῆς
1115 4045 1356 4118 Ῥώμης,
1381 4047 1629 4116 λέγοντες
1657 4050 1851 4103 πασῶν

263 4139 376 4193 τῶν
404 4139 714 4209 ἐκκλησιῶν
748 4139 814 4192 τὰ
845 4137 1135 4208 ζητήματα
1164 4137 1404 4206 ὀφείλειν
1433 4138 1845 4192 διευλυτοῦσθαι

1961 3300 2202 3353 dentiam
2233 3308 2290 3354 et
2337 3299 2455 3353 sine
2488 3300 2716 3355 scientia
2751 3302 2988 3371 episcopi
3023 3306 3089 3358 ad
3123 3305 3540 3374 appellationem

1966 3404 2385 3462 prorumperent
2435 3392 2641 3460 clerici,
2691 3397 2787 3450 sed
2833 3397 2953 3467 cjus
3013 3398 3350 3455 deﬁnitione.
3403 3401 3542 3468 Quia

1964 3497 2144 3540 autem
2179 3497 2479 3556 praesentes
2513 3500 2750 3544 canones
2783 3489 3116 3562 Carthagine
3145 3510 3242 3549 seu
3281 3497 3334 3551 iu
3360 3499 3542 3554 Africa

1963 3579 2093 3634 editi
2121 3590 2266 3643 sunt,
2300 3581 2665 3634 transmarina
2713 3585 2937 3638 omnino
2963 3584 3165 3655 judicia
3189 3589 3545 3659 appellabun-

1975 3684 2062 3726 tur
2090 3672 2354 3727 Romana.
2390 3672 2453 3727 Et
2480 3683 2603 3729 nota
2644 3690 2708 3730 ex
2746 3694 2811 3729 eo
2852 3679 2996 3746 quod
3025 3680 3222 3735 frustra
3248 3697 3308 3738 se
3334 3685 3543 3754 lactant

1962 3766 2054 3835 qui
2079 3775 2204 3819 sunt
2229 3764 2486 3822 Romana:
2513 3767 2792 3834 Ecclesiae,
2825 3773 3069 3828 dicentes
3100 3790 3219 3830 eam
3249 3776 3447 3833 debere
3476 3778 3544 3834 de

1959 3860 2202 3914 omnium
2223 3857 2586 3915 Ecclesiarntn
2609 3864 2995 3928 qnmti0nibus
3015 3881 3113 3936 per
3129 3867 3542 3936 appellationem

1959 3951 2229 4006 decilere.
2250 3953 2304 4004 Si
2328 3953 2468 4005 enim
2495 3952 2540 4006 ci
2560 3968 2662 4006 non
2681 3956 3009 4023 permittitur
3035 3959 3421 4028 appellationes
3449 3977 3542 4018 co-

1959 4062 2078 4099 rum
2145 4048 2234 4113 qui
2285 4056 2411 4100 sunt
2461 4047 2714 4104 inAfrica
2751 4051 3087 4117 t‘xatttinare,
3139 4053 3310 4110 multo
3373 4060 3547 4128 magis

1961 4139 2060 4195 hoc
2083 4139 2174 4208 jus
2207 4153 2310 4193 non
2340 4139 2558 4194 habebit
2592 4141 2643 4195 in
2673 4143 2806 4197 alias
2841 4146 3111 4214 regiones.

267 4232 402 4306 παρ’
450 4233 619 4302 αὐτῆς
649 4231 792 4286 κατὰ
823 4232 981 4300 λόγον
1025 4231 1312 4302 ἐκκλήτου.
1360 4232 1423 4286 Εἰ
1463 4232 1572 4303 γὰρ
1601 4233 1727 4296 τοὺς
1758 4232 2059 4304 ἐκκλήτους
2109 4233 2218 4287 τῶν
2273 4234 2331 4285 ἐν
2367 4232 2599 4306 ’Δφρικῇ
2646 4237 2707 4288 οὐ
2733 4242 3096 4309 συγχωρείται
3123 4243 3330 4316 τηρεῖν,
3367 4243 3545 4317 πολλῷ

268 4329 476 4400 μᾶλλον
502 4327 626 4380 καθ’
645 4327 848 4398 ἐτέρων
871 4326 1068 4397 χωρῶν
1085 4326 1183 4396 οὐχ
1212 4325 1320 4391 seu
1343 4326 1403 4380 τὸ
1434 4326 1675 4382 τοιοῦτον
1700 4326 1928 4383 δίκαιον.

339 4421 591 4476 ΖΩΝΑΡ.
618 4421 757 4484 Τοὺς
785 4419 1084 4490 κληρικοὺς
1113 4420 1374 4474 ὑπόθεσιν
1424 4421 1647 4490 ἔχοντας
1678 4422 1726 4473 oi
1761 4438 1861 4474 κα-

268 4515 424 4577 νόνες
462 4514 615 4580 παρὰ
648 4514 762 4575 τοῖς
810 4513 1134 4579 ἐπισκόποις
1160 4513 1339 4568 αὐτῶν
1373 4513 1696 4576 δικάζεσθαι
1728 4514 1858 4567 διω-

274 4608 520 4681 ρίσαντο.
547 4607 606 4660 El
634 4606 769 4673 γοῦν
800 4605 1058 4675 κληρικοὶ
1092 4605 1246 4677 παρὰ
1274 4605 1350 4677 τῷ
1393 4606 1583 4678 οἰκείῳ
1632 4607 1859 4659 ἐπισκό-

270 4698 360 4770 πῷ
382 4699 744 4768 δικασάμενοι
770 4697 1052 4752 αἰτιῶνται
1083 4697 1182 4769 τὴν
1205 4698 1484 4768 ἀπόφασιν
1520 4698 1709 4763 αὐτοῦ,
1729 4700 1858 4764 τοὺς

269 4795 525 4864 γείτονας
557 4793 891 4856 ἐπισκόπους
919 4792 1026 4863 χρὴ
1072 4792 1488 4861 συγκαλείσθαι,
1524 4793 1620 4846 καὶ
1653 4794 1857 4864 ἀκροᾶ-

271 4888 399 4941 σθαι
438 4886 540 4956 τῆς
591 4885 906 4947 ὑποθέσεως
962 4885 1230 4948 ἐκείνους,
1288 4886 1428 4954 μετὰ
1489 4886 1856 4948 συναινέσεως

269 4982 369 5034 καὶ
408 4979 504 5034 τοῦ
533 4980 816 5050 κρίναντος
868 4980 1196 5032 ἐπισκόπου,
1256 4978 1316 5030 Ei
1347 4977 1400 5030 δὲ
1450 4980 1542 5030 καὶ
1577 4979 1717 5031 κατὰ
1761 4981 1859 5044 τῆς

2081 4421 2333 4477 ΖΟΝΑΒ.
2365 4420 2605 4478 Clericos
2629 4428 3019 4485 controversiae
3039 4430 3242 4500 aliquid
3280 4431 3548 4490 habentes

1964 4516 2035 4571 ab
2060 4519 2333 4587 episcopis
2355 4516 2470 4571 suis
2489 4515 2723 4582 judicari
2752 4537 2993 4577 canones
3014 4526 3320 4580 voluerunt.
3353 4526 3543 4598 Igitur,

1962 4608 2008 4663 si
2065 4611 2155 4678 qui
2221 4612 2401 4668 clerici
2455 4614 2738 4670 sententia:
2773 4617 2840 4668 ab
2875 4617 3132 4685 episcopo
3179 4634 3276 4673 suo
3322 4621 3544 4688 prolatae

1962 4700 2069 4754 n'on
2088 4703 2459 4770 acquiescant,
2476 4707 2674 4760 advoca
2685 4707 2725 4759 ri
2750 4707 2956 4761 vicinos
2973 4709 3279 4778 episcOpos,
3298 4727 3361 4765 ac
3387 4713 3452 4767 ab
3477 4713 3543 4767 iis

1958 4807 2199 4861 causam,
2228 4812 2333 4852 non
2354 4798 2634 4853 sineillius
2656 4798 3027 4869 qnljndicavit
3053 4789 3292 4873 episcopi
3340 4819 3542 4876 appro-

1962 4884 2208 4953 batioae,
2241 4889 2495 4958 cognosci
2535 4889 2725 4957 placet.
2780 4890 2935 4958 Quod
2981 4891 3026 4945 si
3061 4896 3127 4946 ab
3160 4893 3540 4964 episcoporum

1966 4995 2208 5049 quoque,
2238 4983 2328 5052 qui
2379 4983 2625 5038 advocati
2669 4993 2816 5047 sunt,
2861 4985 3066 5054 judicio
3099 4990 3536 5054 provocationem

267 5074 456 5143 ψήφου
480 5072 573 5124 τοῦ
605 5069 1026 5142 προκηλθέντων
1048 5070 1364 5122 ἐπισκόπων
1392 5069 1654 5139 ἔκκλητον
1677 5067 1855 5122 αἰτοῦ-

1965 5074 2065 5127 sibi
2098 5073 2212 5126 dari
2253 5074 2562 5141 postulent,
2610 5076 2674 5128 ad
2707 5077 3178 5146 metropalitanum
3231 5080 3544 5148 provincias,

271 5184 349 5232 σι,
377 5165 516 5236 πρὸς
546 5164 636 5218 τὸν
682 5162 1093 5235 μητροπολίτην
1119 5163 1217 5232 τῆς
1248 5162 1518 5233 ἐπαρχίας
1569 5161 1649 5214 δεῖ
1698 5162 1859 5214 ἀπιέ-

269 5276 385 5325 ναι,
446 5259 586 5331 ὅπερ
639 5259 736 5310 καὶ
801 5255 896 5309 ἐπὶ
945 5256 1057 5309 τῶν
1091 5255 1411 5309 ἐπισκόπων
1441 5253 1675 5326 ὡρίσθη.
1708 5255 1770 5309 El
1799 5255 1857 5310 δὲ

269 5352 455 5423 πέραν
478 5354 579 5422 τῆς
617 5351 916 5422 θαλάσσης,
950 5351 1070 5422 ἦτοι
1104 5351 1187 5412 εἰς
1218 5348 1386 5413 ἄλλας
1413 5350 1684 5420 ἐπαρχίας
1722 5351 1859 5422 πόρ-

260 5449 354 5515 ’ρω
390 5446 652 5516 κειμένας
678 5445 892 5500 ἀπίοιεν
915 5446 964 5498 ιί
999 5442 1292 5516 ζητοῦντες
1323 5444 1426 5514 τὴν
1455 5443 1744 5514 ἔκκλητον,
1771 5445 1861 5498 ἵνα

269 5541 392 5593 ἐκεῖ
417 5538 624 5609 ταύτην
647 5538 1024 5608 γυμνάσωσιν,
1052 5537 1453 5609 ἀφωρισμέναι,
1473 5539 1660 5608 φησὶν,
1692 5538 1861 5591 ἔστω-

271 5652 394 5701 σαν,
423 5634 483 5687 ἐν
514 5635 754 5704 Ἀιρρικῇ
788 5632 923 5704 πρὸς
958 5631 1246 5696 κοινωνίας
1279 5632 1354 5703 μὴ
1398 5631 1702 5703 δεχόμενοι.
1745 5632 1861 5686 Ἐν-

268 5725 464 5778 τεῦθεν
499 5725 528 5777 ὁ
555 5725 725 5793 τῦφος
749 5724 849 5793 τῆς
901 5723 1011 5777 τῶν
1059 5723 1343 5795 Ῥωμαίων
1394 5723 1722 5793 Ἐκκλησίας
1758 5741 1858 5779 κα·-

269 5818 626 5882 ταδὰλλεται,
669 5817 983 5886 αὐχούντων
1012 5817 1196 5880 αὐτοῖς
1243 5816 1492 5879 δεδόσθαι
1550 5819 1732 5881 πασας
1761 5819 1860 5884 τὰς

273 5913 572 5984 ἐκκλήτους
628 5913 842 5983 τηρεῖν.
896 5911 956 5965 Ei
1020 5909 1129 5982 γὰρ
1164 5911 1257 5975 τὰς
1315 5911 1618 5982 ἐκκλήτους
1663 5910 1771 5966 τῶν
1804 5913 1861 5964 ἐν

1965 5168 2108 5236 quod
2141 5167 2210 5222 de
2236 5167 2508 5238 episcopis
2541 5183 2758 5238 quoque
2792 5169 3073 5226 dellnitutn
3104 5181 3219 5237 est,
3255 5173 3547 5228 convenite

1965 5259 2181 5313 debent.
2212 5257 2271 5312 Si
2301 5273 2430 5315 vero
2463 5260 2553 5329 qui
2578 5260 2679 5314 sibi
2717 5262 3164 5330 provocationem
3189 5263 3412 5318 concedi
3442 5279 3542 5329 po-

1969 5352 2198 5421 stulant,
2239 5356 2382 5408 ultra
2439 5370 2627 5418 mare,
2665 5355 2768 5410 boc
2812 5365 2915 5421 est,
2961 5356 3013 5408 iu
3067 5355 3202 5412 alias
3239 5355 3549 5427 provincias

1969 5443 2126 5516 longe
2177 5447 2497 5516 disiunctas,
2535 5460 2595 5515 ut
2654 5448 2707 5504 in
2772 5450 2839 5503 iis
2886 5449 3154 5518 judicium
3211 5460 3547 5511 exerceant.

1969 5542 2398 5608 transmearint;
2433 5543 2725 5611 segregati,
2756 5542 2971 5612 inquit,
2999 5543 3128 5608 sint,
3164 5554 3266 5595 nec
3297 5543 3365 5594 ad
3397 5556 3548 5595 com-

1970 5632 2284 5686 tnunionem
2321 5633 2376 5687 in
2407 5631 2589 5688 Africa
2624 5634 2978 5705 recipiantur.
3019 5633 3118 5690 llic
3149 5645 3299 5690 certe
3327 5641 3546 5689 ventosa

1969 5723 2058 5778 illa
2111 5723 2481 5780 lloinanorum
2539 5726 2793 5783 Ecclesiae
2854 5729 3142 5799 superbia,
3195 5741 3255 5785 ut
3304 5730 3373 5786 ab
3427 5729 3547 5785 aliis

1967 5819 2222 5874 omnibus
2265 5818 2525 5877 Ecclesiis
2567 5822 2635 5877 ad
2673 5823 2817 5877 illam
2867 5826 3063 5880 dentur
3113 5827 3550 5896 provocationes,

1969 5916 2073 5972 sibi
2123 5930 2442 5973 concessum
2476 5933 2596 5976 esse
2619 5919 2982 5993 jactantium,
3024 5922 3271 5981 subsidat
3323 5938 3549 5979 necesse
