4098 6288
353 453 457 520 1155

1443 454 1528 519 ΙΝ
1567 455 1736 520 CAN.
1775 454 1905 516 XLI
1947 451 2566 518 CONC.’CARTHAG.

3525 455 3624 524 186

352 571 694 642 παρίσταται
722 572 882 627 τοῦτο
918 574 1031 628 tit-:5
1060 571 1154 629 τοῦ
1189 577 1255 632 ιο’
1295 577 1519 639 κανόνος
1548 573 1644 629 τοῦ
1696 573 1925 644 μεγάλοι

2045 585 2257 626 canone
2285 572 2355 627 l9
2387 572 2567 639 magni
2594 571 2778 627 Basilii
2803 574 3128 628 ostenditur.
3164 572 3299 628 Dicit
3326 589 3456 644 ergo
3485 592 3621 644 prte-

348 665 664 719 Βασιλείου.
697 667 837 737 Φησί
892 667 1024 736 γοῦν
1057 669 1086 722 ὁ
1115 669 1308 740 παρὼν
1338 669 1519 722 κανὼν
1556 669 1630 739 μὴ
1662 664 1935 735 ἐντυγχάο

342 770 467 810 νειν
499 757 800 829 κληρικοὺς
827 759 861 830 ἢ
891 761 1162 831 μοναχοίις
1192 763 1395 833 χήραις
1430 759 1463 832 ἢ
1501 759 1805 830 παρθένοις
1833 774 1936 809 κα-

345 849 727 920 ’θιερωμέναις
758 852 982 916 πάντως
1007 851 1218 920 οὖσαις,
1249 855 1297 906 εἰ
1331 853 1408 924 μὴ
1442 851 1596 924 παρὰ
1651 849 1759 905 τῶν
1810 850 1904 901 ἐπι
1926 877 1937 888 -

348 943 578 995 σκόπων
617 941 786 1012 ἢτῶν
836 945 1254 1016 πρεσϐυτέρων,
1289 946 1492 1016 δηλαδὴ
1528 943 1607 1017 μὴ
1651 942 1938 1012 παρόντων

349 1034 704 1102 ἐπισκόπων,
754 1036 1134 1107 ἐπιτραπεῖεν.
1191 1039 1307 1093 Καὶ
1349 1039 1471 1092 τότε
1517 1039 1580 1091 δὲ
1651 1036 1728 1106 μὴ
1784 1033 1936 1104 μόνοι

344 1125 677 1194 ἐἰσίτωσαν,
713 1128 855 1184 ἀλλὰ
881 1134 1025 1200 μετὰ
1050 1132 1463 1204 συγκληρικῶν,
1499 1132 1532 1203 ἢ
1568 1130 1688 1201 μετ’
1707 1129 1936 1181 ἐκείνων

347 1218 481 1290 μεθ’
511 1212 588 1275 ὧν
612 1220 711 1274 καὶ
754 1222 782 1274 ό
814 1222 1117 1286 ἐπίσκοπος
1140 1224 1233 1289 καὶ
1254 1227 1302 1278 οἰ
1336 1222 1700 1294 πρεσβύτεροι
1733 1218 1936 1273 εἰσίασι

312 1312 497 1384 ,πρὸς
537 1315 739 1378 αὐτάς·
773 1313 806 1384 ἢ
861 1314 980 1368 ἐκεῖ
1016 1315 1500 1385 ἐντυγχανέτωσαν
1552 1313 1770 1375 αὑταῖς,
1796 1310 1931 1362 ὃπου

343 1405 466 1462 είσί
493 1404 751 1480 κληρικοί
786 1404 820 1474 ἢ
881 1406 1095 1476 ἔντιμοί
1135 1424 1281 1471 τινες
1311 1404 1658 1477 Χριστιανοί,
1690 1405 1764 1457 Τὸ
1809 1404 1935 1457 κατ’

315 1497 663 1566 «ἐπιτροπὴν
697 1495 755 1573 δέ
788 1497 819 1566 ἢ
863 1499 1179 1552 συναίνεσιν
1213 1500 1453 1569 εἰρηται,
1489 1499 1626 1551 διότι
1673 1496 1706 1568 ἢ
1744 1496 1834 1549 διά
1882 1512 1934 1547 τι

281 1658 284 1661 Α
340 1589 629 1659 χρήσιμον
677 1589 759 1660 τῷ
787 1591 1078 1662 ἐπισκόπῳ
1120 1593 1216 1645 καί
1262 1595 1332 1663 τῇ
1386 1592 1658 1663 ἐκκλησίᾳ
1723 1591 1934 1658 γίνεται

314 1739 323 1742 _
350 1681 512 1753 παρὰ
535 1682 742 1738 τούτων
770 1683 803 1755 ἡ
836 1684 1082 1756 ἐντυχία,
1131 1685 1225 1738 καὶ
1268 1685 1626 1753 ἐπιτρέπουσι
1659 1684 1862 1752 ταύτην
1885 1684 1933 1736 οἰ

344 1775 666 1841 ἐπίσκοποι,
714 1775 748 1847 ἢ
788 1776 878 1831 διὰ
901 1777 1114 1831 οἰκείαν
1152 1779 1538 1849 χρησιμότητα
1565 1777 1658 1830 καὶ
1692 1781 1929 1846 αἴτησιν,

343 1867 446 1921 «καὶ
471 1867 752 1937 ὀφείλουσι
782 1871 1056 1923 συναινεῖν
1085 1870 1135 1921 οἰ
1160 1870 1474 1924 ἐπίσκοποι.
1519 1868 1816 1938 Ἀνάγνωθι
1837 1865 1931 1921 τοῦ

339 1961 622 2031 παρόντος
657 1962 1041 2032 συντάγματος
1070 1962 1254 2015 τίτλον
1292 1969 1364 2015 ια’
1395 1980 1520 2032 κεφ.
1541 1969 1604 2028 ε’,
1632 1963 1851 2016 συνόδου
1877 1967 1930 2027 ς’

340 2054 551 2108 ,κανόνα
592 2052 700 2124 μζ,
751 2056 849 2108 καὶ
897 2055 997 2126 τῆς
1059 2055 1176 2127 ρλγ⁹
1259 2057 1693 2110 Ἰουστινιανείου
1731 2059 1929 2127 νεαρᾶς

335 2163 474 2215 «καφ.
505 2148 573 2213 6',
603 2148 722 2216 ἦτοι
755 2165 880 2216 κεφ.
914 2149 977 2202 ιε’
1028 2149 1122 2203 τοῦ
1155 2152 1197 2202 δ’
1225 2149 1432 2220 βιϐλίου
1459 2150 1568 2203 τῶν
1601 2148 1927 2215 Βασιλικῶν,
1965 2196 1969 2199 .

331 2238 484 2310 ὅπερ
514 2239 874 2311 κατεστρώθη
908 2241 965 2294 ἐν
1004 2241 1082 2310 τῷ
1115 2239 1204 2312 με’
1253 2242 1446 2297 κανόνι
1474 2243 1574 2314 τῆς
1607 2242 1778 2313 ἕκτης
1800 2259 1930 2296 συν-

267 2383 272 2388 .
331 2333 489 2389 ἐδου.

412 2427 666 2482 ΖΩΝΔΡ.
701 2428 933 2496 Φεύγειν
979 2428 1080 2492 τὰς
1122 2429 1422 2501 ὑπολήψεις
1451 2429 1812 2502 παρηγγέλθη
1827 2446 1928 2499 μεν

305 2576 310 2578 _
337 2522 390 2575 οἰ
435 2521 642 2583 πιστοὶ,
688 2520 788 2574 κᾶν
817 2516 916 2574 ὦσι
945 2521 1183 2591 ψευδεῖς,
1223 2524 1320 2575 καί⁵
1356 2521 1434 2592 τῷ
1465 2521 1742 2591 θεσπεσίῳ
1765 2524 1920 2592 εἴρη-

336 2630 436 2668 ται
472 2613 689 2682 Παύλῳ.
733 2614 1130 2681 Ἀπρόσκοποι
1163 2614 1426 2685 γίνεσθε,
1450 2614 1551 2668 καί
1582 2614 1924 2680 Ἰουδαίοις,

333 2707 438 2759 καί
472 2707 761 2771 Ἕλλησι,
789 2707 888 2760 καί
921 2706 991 2774 τῇ
1036 2709 1372 2776 Ἐκκλησία
1415 2707 1524 2762 τοῦ
1574 2707 1747 2762 Θεοῦ.
1781 2708 1925 2761 Tati-

333 2813 463 2861 ταις
488 2797 583 2852 οὖν
608 2800 731 2860 ταῖς
785 2799 1208 2869 παραγγελίαις,
1244 2798 1382 2853 ἀλλὰ
1426 2798 1532 2870 μὴν
1569 2798 1664 2852 καί⁵
1708 2800 1923 2867 ἑτέραις

335 2895 436 2946 καὶ
465 2893 514 2946 οἱ
545 2893 792 2963 Πατέρες
821 2886 970 2946 οὗτοι
1001 2893 1290 2964 ἑπόμενοι,
1326 2895 1463 2963 φασί
1494 2895 1631 2964 πρὸς
1661 2895 1840 2966 χήρας
1887 2895 1920 2966 ἢ

335 2986 680 3054 παρθένους,
719 2985 925 3056 δηλαδὴ
953 2986 1394 3058 καθιερωμένας,
1420 2985 1496 3058 μὴ
1528 2988 1758 3042 εἰσιέναι
1794 2990 1924 3058 κλη-

333 3082 539 3151 ;ρικοῦς
571 3079 603 3151 ἢ
630 3079 1166 3150 ἐγκρατευομένους.
1195 3082 1333 3144 Τοὺς
1363 3081 1641 3151 μοναχοὺς
1671 3079 1734 3134 δέ
1781 3081 1919 3135 ὠνό-

326 3191 527 3244 μασαν
557 3175 1065 3246 ἐγκρατευομένους
1099 3175 1242 3230 κατὰ
1270 3175 1364 3229 τδν
1393 3175 1571 3244 μέγαν
1602 3177 1917 3243 Βασίλειον,

2041 679 2168 718 sens
2201 678 2396 726 canon,
2432 677 2530 716 nec
2561 663 2746 718 clerici
2776 662 2858 716 vel
2891 666 3140 718 monachi
3173 681 3298 720 cum
3336 668 3509 722 viduis
3536 671 3620 723 vel

2038 757 2363 826 virginibus,
2383 770 2503 826 qua:
2525 765 2656 812 sunt
2679 758 2902 813 omnino
2925 769 3272 826 consecratae,
3300 760 3585 829 colloquau
3606 791 3621 802 ο

2042 858 2149 913 tur,
2182 849 2287 904 nisi
2334 848 2386 904 id
2432 849 2510 903 eis
2544 851 2612 904 ab
2655 849 2946 919 episc0pis,
2978 851 3059 905 vel
3105 852 3461 922 presbyteris,
3518 869 3620 908 non

2039 941 2402 1010 presentibus
2445 940 2657 994 scilicet
2695 941 2988 1011 episcOpis,
3035 942 3407 1020 permittatur.-
3452 943 3620 998 Porro

2040 1050 2107 1088 ne
2142 1043 2268 1086 tunc
2297 1047 2516 1102 quoque
2548 1032 2648 1088 soli
2687 1033 3082 1101 ingrediantur,
3123 1035 3220 1090 sed
3251 1051 3373 1089 cum
3405 1038 3619 1091 concle-

2043 1126 2197 1192 ricis,
2229 1125 2313 1180 vel
2345 1142 2467 1180 cum
2501 1125 2629 1188 illis,
2663 1141 2784 1179 cum
2819 1127 3016 1195 quibus
3047 1127 3211 1181 etiam
3247 1127 3536 1198 episcopus
3564 1139 3620 1182 et

2036 1218 2346 1291 presbyteri
2375 1219 2440 1273 ad
2469 1234 2564 1273 cas
2608 1219 2985 1295 ingrediuntur
3020 1237 3039 1275 :
3074 1221 3155 1275 vel
3187 1233 3280 1276 eas
3326 1221 3435 1276 illic
3477 1219 3618 1276 allo-

2037 1325 2298 1385 quamur,
2327 1314 2418 1370 ubi
2447 1324 2573 1370 sunt
2605 1315 2790 1370 clerici
2812 1359 2828 1381 ,
2863 1315 2947 1370 vel
2974 1315 3138 1384 aliqui
3164 1315 3318 1370 bona
3340 1316 3620 1370 existima-

2039 1409 2206 1462 tiOuis
2249 1406 2575 1479 Christiani.
2620 1408 2756 1462 lllud
2787 1416 3094 1474 autem,“
3142 1409 3503 1478 permissione
3539 1409 3621 1462 vel

2038 1514 2330 1564 consensu,
2360 1499 2562 1552 dictum
2597 1508 2700 1563 est,
2735 1515 2802 1553 eo
2828 1501 2969 1569 quod
3007 1501 3089 1554 vel
3126 1511 3352 1571 propter
3386 1501 3616 1571 aliquid,

2035 1593 2177 1659 quod
2224 1601 2312 1646 est
2366 1590 2627 1660 episcopo~
2674 1590 2904 1661 ejusque
2950 1591 3210 1647 Ecclesia:
3252 1593 3619 1661 εοηόυοίὺιιρ,

2037 1700 2157 1736 cum
2188 1683 2271 1738 eis
2299 1683 2629 1753 colloquium
2672 1684 2923 1748 habetur,
2956 1685 3120 1755 idque
3148 1685 3472 1756 permittunt
3498 1691 3614 1756 epi-

2035 1777 2219 1846 scopi;
2255 1776 2334 1832 vel
2358 1784 2583 1848 propter
2605 1792 2760 1831 suam
2786 1776 3073 1834 utilitatem
3105 1786 3159 1832 et
3195 1778 3530 1849 petitionem,
3563 1791 3620 1834 ct

2037 1870 2235 1923 debent
2272 1869 2588 1925 consentire
2619 1870 2880 1941 episcopi.
2921 1869 3064 1942 Lege
3103 1873 3388 1941 praesentis
3431 1875 3618 1942 operis

2036 1965 2121 2017 tit.
2155 1964 2215 2018 il
2254 1978 2376 2033 cap.
2407 1961 2468 2027 5,
2508 1964 2698 2034 synodi
2734 1974 2902 2020 sextae
2942 1960 3206 2020 can'onem
3237 1965 3306 2019 47
3350 1977 3402 2019 et
3448 1965 3618 2020 Justi-

2033 2055 2180 2111 niaui
2210 2057 2434 2112 novella:
2473 2057 2579 2112 155
2611 2072 2734 2127 cap.
2763 2057 2820 2120 2.
2851 2058 2966 2113 sive
2995 2073 3121 2123 cap.
3158 2057 3227 2112 15
3267 2059 3388 2113 libri
3432 2076 3482 2113 tv
3513 2057 3618 2112 Ba-

2031 2150 2172 2206 silic.
2203 2151 2345 2220 quod
2377 2151 2538 2206 situm
2571 2159 2654 2206 est
2685 2154 2737 2205 in
2766 2166 2974 2206 canone
2997 2152 3064 2208 47
3091 2161 3259 2208 sextze
3291 2167 3426 2224 syno
3450 2153 3500 2206 li.

2098 2426 2351 2485 ZONAR.
2412 2427 2530 2485 Non
2582 2431 3031 2486 committendum
3085 2437 3143 2484 ut
3207 2430 3610 2484 inrommodéus

2029 2521 2231 2592 aliquid
2271 2522 2336 2577 de
2372 2523 2607 2578 fidelium
2644 2523 2905 2590 moribus,
2944 2523 3192 2592 quamvis
3225 2522 3361 2576 falso
3394 2522 3616 2594 evulge-

2030 2624 2138 2678 tur,
2176 2616 2284 2669 divi
2333 2631 2552 2686 quoque
2601 2614 2753 2673 Pauli
2798 2619 3018 2672 oraculo
3061 2617 3458 2672 admonemur:
3491 2618 3627 2671 Sine-

2028 2710 2336 2778 cﬁ'emione,
2374 2709 2586 2778 inquit,
2617 2719 2781 2764 estote
2815 2708 3044 2774 Iudaeis,
3075 2719 3122 2763 et
3158 2708 3379 2772 Grecis,
3420 2722 3467 2762 et
3508 2709 3616 2762 Ec-

2025 2801 2200 2857 clesia:
2242 2802 2338 2856 Dei
2383 2803 2450 2858 “.
2483 2802 2629 2870 Quas
2671 2802 2890 2873 quidem
2935 2803 3347 2872 praceptioues,
3395 2812 3450 2854 et
3487 2820 3615 2857 vero

2023 2895 2159 2949 alias
2207 2910 2426 2965 quoque
2467 2897 2637 2950 secuti
2687 2895 2846 2963 hujus
2878 2893 3069 2966 synodi
3092 2893 3307 2960 Patres,
3337 2895 3404 2948 ad
3430 2895 3635 2950 viduus.

2022 2997 2115 3040 aut
2163 2989 2229 3042 ad
2275 2989 2515 3060 virgines
2543 3027 2556 3052 ,
2595 3003 2688 3044 eas
2738 2987 2982 3043 videlicet
3026 3001 3145 3057 quae
3189 2997 3418 3042 sacratae
3460 3000 3633 3064 sunt”,

2019 3079 2257 3136 clericos
2293 3091 2387 3136 aut
2421 3080 2810 3136 continentiam
2858 3079 3134 3149 professos
3179 3081 3391 3150 ingredi
3427 3073 3605 3135 hand-

2018 3187 2292 3244 quaquam
2341 3173 2510 3228 licere
2554 3175 2873 3228 decernunt.
2922 3172 3117 3226 Eorum
3165 3189 3331 3243 porro
3364 3175 3626 3241 nomine,

325 3265 391 3330 ὓς
432 3267 567 3337 περί
606 3267 904 3337 ὁμολογίας
950 3267 1046 3322 τοῦ
1091 3267 1458 3338 παρθενεύειν
1489 3269 1922 3347 διαταττόμενος

2025 3265 2115 3334 qui
2148 3265 2540 3320 continentiam
2567 3263 2806 3334 professi
2840 3272 2990 3330 sunt,
3024 3266 3320 3321 menachos
3352 3266 3610 3337 designc-n

332 3362 394 3412 ὲν
425 3357 493 3413 ιθ¹
519 3360 686 3413 αὐτοῦ
723 3361 915 3414 κανόνι
966 3361 1137 3430 φησίν
1165 3378 1180 3393 ·
1249 3361 1484 3433 Ἀνδρῶν
1519 3363 1576 3416 δὲ
1626 3365 1921 3434 ὁμολογίαν

321 3452 436 3504 οὐκ
474 3451 748 3522 ἔγνωμεν,
790 3453 934 3525 πλὴν
954 3454 1004 3506 εἰ
1040 3455 1116 3524 μή
1145 3471 1292 3518 τινες
1325 3455 1553 3518 ἑαυτοὺς
1573 3455 1652 3526 τῷ
1675 3458 1919 3528 τάγματι

333 3544 447 3599 τῶν
473 3545 813 3614 μοναζόντων
851 3546 1371 3617 ἐγκατηρίθμησαν,
1417 3547 1467 3602 οἶ
1518 3550 1658 3603 κατά
1692 3551 1751 3604 τὺ
1795 3568 1922 3603 σιωο

325 3635 592 3705 θεώμενον
617 3635 839 3689 δοκοῦσι
869 3637 1283 3706 παραδέχεσθαι
1318 3639 1419 3711 τὴν
1472 3640 1741 3712 ἀγαμίαν.
1775 3643 1915 3706 Τοὺς
1951 3687 1954 3689 .

322 3721 432 3781 οὖν
491 3726 794 3799 κληριιιοὺς
854 3730 956 3783 καὶ
1010 3728 1141 3794 τοὺς
1185 3729 1714 3804 ἐγκρατευομένους,
1761 3736 1916 3806 εἰμὴ

331 3819 491 3890 παρᾶ
520 3818 615 3872 τοῦ
642 3821 949 3875 ἐπισκόπου
990 3823 1022 3894 ἢ
1071 3823 1184 3878 τῶν
1243 3824 1657 3898 πρεσϐυτέρων,
1714 3829 1916 3902 δηλαδὴ

331 3912 411 3983 μὴ
463 3913 735 3985 παρόντος
768 3916 1098 3980 ἐπισκόπου,
1129 3917 1510 3988 ἐπιτραπεϊεν,
1568 3922 1644 3990 μὴ
1685 3922 1915 3977 εἰσιέναι

325 4003 657 4059 κελεύουσιν
704 4007 789 4071 εἰς
837 4008 935 4071 τὰς
966 4009 1272 4078 εἰρημένας
1303 4013 1598 4079 γυναῖκας·
1644 4013 1740 4067 καί
1791 4016 1914 4069 τότε

322 4095 384 4150 δέ
426 4097 506 4166 μὴ
538 4098 694 4167 μόνοι
721 4098 1047 4166 εἰσίτωσαν,
1102 4098 1239 4155 ἀλλὰ
1274 4101 1414 4170 μετὰ
1447 4104 1836 4177 συγκληρικῶν
1876 4105 1909 4174 ἢ

329 4192 452 4261 μετ’
475 4190 725 4256 ἐκείνων,
760 4192 882 4263 μεθ’
909 4185 1008 4260 ὧν,
1040 4193 1136 4248 καὶ
1156 4196 1184 4248 ό
1217 4193 1514 4260 ἐπίσκοπος
1554 4196 1650 4250 καί
1692 4199 1741 4252 οί
1771 4216 1905 4270 πρε-

325 4279 587 4350 σϐύτεροι
617 4281 820 4336 εἰσίασι
847 4283 986 4355 πρὸς
1006 4284 1198 4348 αὐτάς⁹
1230 4285 1265 4358 ἢ
1291 4287 1410 4341 ἐκεῖ
1431 4289 1910 4359 ἐντυγχανέτωσαν

326 4375 547 4440 αὑταῖς,
579 4374 847 4428 ὅπουείσί
897 4374 1172 4448 κληρικοί,
1223 4379 1258 4450 ἢ
1308 4380 1449 4434 ὅπου
1513 4384 1658 4436 εἰσὶν
1701 4383 1932 4456 ἐντιμοίκ

315 4485 470 4531 τινες
496 4469 842 4537 Χριστιανοὶ,
869 4467 1015 4529 ὥστε
1071 4471 1258 4526 πᾶσαν
1297 4471 1536 4544 ὑποψίαν
1605 4480 1911 4549 περιαιρεί-

317 4558 474 4615 σθαι.
514 4561 653 4614 Κατ’
689 4562 997 4633 ἐπιτροπὴν
1024 4562 1101 4630 δέ,
1131 4565 1354 4635 φησὶνό
1397 4567 1601 4636 κανὼν,
1652 4571 1686 4641 ἢ
1722 4570 1909 4625 συναί-

2026 3365 2173 3421 runt,
2203 3371 2266 3410 ex
2306 3369 2501 3425 magno
2534 3353 2758 3420 Basilio,
2798 3355 2888 3424 qui
2923 3356 2989 3410 de
3016 3355 3359 3426 professione
3387 3358 3613 3427 virgini.

2023 3449 2152 3503 tatis
2192 3448 2552 3519 praecipiens,
2585 3448 2997 3504 undevicesimo
3034 3464 3244 3503 canone
3276 3467 3293 3503 :
3331 3448 3604 3515 Virorum,

2023 3540 2222 3612 inquit,
2262 3541 2464 3596 nullam
2499 3543 2749 3598 novimus
2784 3542 3198 3610 professionem,
3241 3554 3608 3613 Izrmterquam.

2019 3635 2065 3689 si
2117 3636 2210 3705 qui
2264 3635 2474 3705 seipsos
2526 3637 2915 3691 monachorum
2969 3636 3148 3692 ordini
3193 3641 3596 3707 iuauciparunt,

2018 3730 2110 3798 qui
2150 3726 2371 3796 quidem
2411 3726 2633 3782 silentio
2659 3727 2976 3783 caelibatum
3006 3728 3260 3783 videntur
3287 3729 3598 3785 admittere.

2018 3817 2211 3885 Clerici
2259 3817 2442 3887 igitur,
2485 3826 2540 3872 et
2586 3816 2677 3888 qui
2735 3819 3130 3873 continentiam
3178 3821 3411 3892 professi
3454 3834 3604 3886 sum,

2019 3909 2119 3965 nisi
2164 3908 2234 3963 ab
2275 3908 2557 3978 episcopo,
2592 3907 2677 3963 vel
2747 3923 2776 3963 a
2812 3910 3169 3980 presbyteris,
3220 3912 3312 3966 illo
3349 3913 3604 3967 videlicet

2014 4002 2262 4068 absente,
2306 4001 2614 4056 facultatem
2662 4001 3100 4071 impetraverint,
3144 4014 3602 4058 connucmoratas

2015 4081 2288 4147 mulieres.
2321 4091 2472 4148 adire
2546 4091 2901 4162 prohibentur
2945 4109 2959 4146 :
2992 4103 3047 4148 et
3088 4107 3220 4149 vero
3252 4107 3428 4164 neque
3471 4106 3601 4150 tunc

2015 4197 2230 4252 quoque
2258 4181 2385 4247 soli,
2414 4183 2507 4238 sed
2545 4181 2629 4237 vel
2663 4183 2963 4239 consociati
3006 4184 3246 4249 clericis,
3274 4186 3355 4241 vel
3384 4201 3600 4253 eorum,

2012 4290 2151 4345 quos
2193 4290 2376 4331 secum
2432 4276 2726 4346 episcopus
2770 4286 2824 4331 et
2873 4279 3174 4349 presbyteri
3234 4279 3300 4333 ad
3342 4279 3462 4336 illas
3502 4284 3598 4334 tut-

2009 4376 2201 4423 euutes
2222 4366 2482 4426 adhibere
2503 4369 2701 4435 solent,
2727 4372 2986 4425 comitatu
3017 4371 3154 4440 septi
3186 4371 3594 4442 ingrediantur;

2010 4468 2104 4515 aut
2141 4461 2232 4515 ubi
2280 4460 2464 4517 clerici
2496 4461 2697 4532 aliique
2739 4463 2949 4518 honesti
3000 4462 3254 4519 homines
3295 4466 3592 4521 Christiani

2010 4553 2301 4618 intersint,
2352 4561 2412 4608 ut
2459 4553 2657 4609 nullius
2702 4556 2998 4624 suspicioni
3033 4557 3374 4626 relinquatur
3417 4560 3592 4628 locus,

316 4668 470 4707 νεσιν
495 4651 591 4706 τοῦ
621 4653 756 4706 ἰδίου
787 4655 1118 4712 ἐπισκόπου.
1149 4656 1222 4710 Ἣ
1243 4655 1351 4728 γὰρ
1380 4658 1594 4723 ἐκεῖνος
1615 4639 1902 4732 ἐπιτρέψει

2025 4661 2105 4704 tas
2152 4647 2518 4718 alloquantur.
2563 4647 2636 4702 Ex’
2671 4649 3030 4716 permissione
3058 4660 3263 4719 autem,
3295 4653 3470 4725 inquit
3498 4673 3594 4712 ca-

316 4745 400 4817 τῷ
421 4745 677 4816 κληρικῷ
696 4747 791 4816 ἀφ’
820 4747 1024 4800 ἐαυτοῦ
1061 4749 1305 4818 κινηθεὶς
1337 4750 1427 4803 διά
1455 4767 1579 4805 τινα
1603 4747 1820 4824 χρείαν,
1864 4754 1899 4824 ἡ

2025 4756 2141 4806 ton,
2200 4741 2406 4811 proprii
2461 4742 2727 4815 episcopi,
2774 4742 2856 4796 vel
2902 4757 3188 4799 consensu.
3226 4742 3361 4800 Nam
3411 4751 3490 4804 vel
3545 4753 3596 4809 is-

318 4856 472 4906 τινος
530 4840 642 4896 τῶν
698 4842 1010 4912 εἰρημένων
1065 4843 1396 4912 αἰτήσαντος
1447 4849 1735 4917 συντυχεῖν
1779 4849 1901 4910 ταῖς

313 4931 652 5002 εἰρημέναις
682 4931 932 5003 γυναιξὶν
953 4933 1136 5000 αἰτίας
1169 4936 1515 5007 ἀπαιτούσης
1544 4939 1573 4991 ὁ
1597 4938 1899 5001 ἐπίσκοπος

315 5042 589 5081 συναινει.

2007 4849 2106 4891 sua
2141 4843 2368 4904 .sponte
2413 4832 2615 4890 clerico
2651 4835 2721 4891 ob
2765 4823 3050 4891 utilitatem
3104 4837 3338 4908 aliquam
3373 4840 3424 4894 id
3466 4859 3588 4914 per-

2006 4927 2208 4993 mittet,
2235 4927 2319 4982 vel
2361 4927 2429 4982 ab
2471 4926 2655 4996 aliquo
2687 4943 2875 4983 eorum
2912 4943 3048 4996 quos
3081 4929 3318 4988 diximus
3348 4946 3584 5004 rogatus,

2009 5021 2104 5091 qui
2128 5029 2472 5075 enumeratas
2509 5021 2783 5087 mulieres,
2818 5020 2960 5091 justa
2999 5035 3160 5075 causa
3192 5023 3581 5094 intercedente,

2007 5113 2299 5168 convenire
2323 5114 2472 5179 velit,
2508 5114 2794 5183 episcopus
2820 5123 3046 5170 annuet.

308 5203 547 5261 ΑΡΙΣΤ.
589 5226 607 5258 ι
646 5207 914 5279 Κληρικοί
948 5208 1046 5262 καὶ
1101 5209 1573 5282 ἐγκρατευόμενοι
1618 5212 1819 5283 χήραις
1862 5211 1896 5282 ἦ

2025 5203 2233 5260 lRlST.
2272 5223 2290 5257 ι
2333 5206 2527 5262 Clerici
2563 5214 2613 5262 et
2648 5209 2991 5264 continentes
3019 5210 3085 5265 ad
3119 5211 3309 5265 viduas
3346 5209 3425 5262 vel
3467 5209 3578 5262 vir-

377 5315 413 5349 ι
454 5295 752 5368 παρθένοις
782 5299 858 5371 μὴ
889 5301 1268 5372 προσιέτωσαν
1290 5304 1342 5355 εἰ
1375 5303 1451 5374 μὴ
1465 5306 1768 5358 ἐπισκόπου
1798 5305 1895 5358 καὶ

386 5405 411 5442 ε
450 5376 831 5462 πρεσϐιῖτέρου
859 5395 1097 5467 ἐπιταγῇ
1121 5409 1140 5426 ο
1169 5395 1264 5448 καὶ
1284 5394 1428 5449 οὕτω
1450 5395 1525 5468 μή
1553 5397 1726 5467 μόνοι,
1753 5399 1892 5452 ἀλλὰ

384 5498 408 5532 ι
455 5481 580 5552 μεθ’
622 5477 700 5536 ὧν
750 5487 1128 5557 πρεσὸύτεροι.
1167 5489 1261 5542 καί
1316 5489 1563 5544 διάκονοι
1617 5491 1752 5561 πρὸς
1799 5494 1894 5556 τὰς

383 5589 407 5624 ι
453 5571 715 5638 τοιαύτας
747 5577 1006 5632 εἰσίασιν.
1046 5595 1066 5631 ι

376 5666 478 5716 Δεῖ
511 5668 697 5720 πᾶσαν
717 5664 858 5722 εἶναι
885 5672 1190 5739 ἀσφάλειαν
1221 5674 1332 5727 τῶν
1351 5675 1634 5746 παρθένων
1667 5676 1759 5730 καὶ
1781 5677 1886 5730 τῶν
1972 5705 1977 5712 λ

295 5757 522 5827 χηρῶν,
555 5759 667 5811 τῶν
712 5764 1068 5835 τεταγμένων
1094 5770 1160 5840 τῇ
1202 5768 1518 5841 Ἐκκλησία,
1547 5770 1642 5825 καὶ
1663 5769 1755 5824 ὑπ’
1782 5770 1882 5824 αὑ-

383 5936 476 5997 ⁴¹ἰ
511 5941 636 6002 Cor.
675 5961 731 6017 x,
771 5945 859 6001 52.

2083 5317 2102 5352 ι
2141 5301 2295 5370 gincs
2336 5316 2407 5355 ne
2441 5299 2740 5367 accedant;
2775 5301 2877 5356 nisi
2901 5301 3056 5372 jussu
3096 5303 3332 5374 episcopi
3361 5312 3416 5356 et
3455 5317 3578 5370 pre-

2075 5404 2094 5438 ι
2135 5388 2336 5458 sbytcri
2368 5402 2383 5442 :
2410 5396 2465 5442 et
2485 5389 2562 5443 sic
2593 5403 2697 5442 non
2717 5389 2839 5456 soli,
2871 5388 2964 5443 sed
2989 5406 3108 5443 cum
3142 5390 3229 5453 iis,
3251 5389 3574 5460 quibuscum

2065 5499 2084 5534 ι
2122 5481 2425 5552 presbyteri
2451 5489 2504 5535 et
2533 5481 2745 5537 diaconi
2775 5484 2842 5536 ad
2874 5495 2968 5537 eas
3002 5482 3290 5538 accedunt.
3336 5499 3355 5533 ι

2067 5677 2293 5734 Omnem
2315 5688 2528 5746 oportet
2551 5679 2790 5733 adhiberi
2817 5694 3000 5734 curam
3026 5677 3290 5748 virginum
3313 5687 3364 5732 et
3390 5678 3576 5748 vidua-

2003 5787 2120 5826 rum
2167 5771 2219 5826 in
2263 5770 2503 5827 Ecclesia
2551 5773 2989 5840 constitutal'um,
3030 5781 3085 5828 et
3126 5769 3193 5825 ab
3225 5785 3286 5825 cn
3320 5771 3574 5830 altarum.
