4030 6304
582 345 695 412 919
1871 341 2145 405 rusco.
2189 339 2422 407 BALSA
2437 342 2588 402 nou
3696 345 3782 411 920

591 478 709 518 rum
737 471 1020 532 coOptat‘us
1053 461 1171 527 fuit,
1207 462 1399 516 iterum
1430 463 1758 527 reszituere;
1813 462 1915 516 nisi
1965 476 2153 531 ξρετε-

2314 463 2417 515 ιτδν
2449 466 2513 532 τῇ
2546 463 2831 532 ἐκκλησία,
2868 466 2944 528 εἰς
2978 467 3042 534 ἦν
3095 463 3152 514 τι
3191 463 3449 532 πρότερον
3495 464 3776 536 ἐκληρώθη·

588 565 746 624 gatus
781 569 902 609 esse
925 556 1127 623 cupiat,
1171 555 1324 624 juxta
1382 549 1699 609 vicesimum
1755 555 1946 625 synoli
1995 554 2160 608 Chal-

2362 555 2435 624 μὴ
2472 554 2718 624 βούλεται
2768 557 3146 626 ἀφωρισμένος
3201 553 3526 613 εἶναιμκιτὰ
3557 559 3635 609 τον
3666 564 3787 615 εἰκο-

591 649 912 704 cedonensis
942 665 1202 705 canonem
1229 666 1242 714 ;
1283 658 1470 717 utpote
1501 651 1590 717 qui
1623 633 1925 705 canonibus
1967 649 2159 700 adver-

2314 647 2388 698 τὸν
2441 649 2640 700 κανόνα
2692 651 2790 716 τῆς
2839 649 2898 699 ἐν
2947 646 3252 717 Χαλκηδόνι
3306 649 3540 708 συνόδου,
3571 651 3638 711 ὡς
3690 657 3791 717 τοῖς

591 750 764 803 setur,
793 751 844 796 et
877 744 1110 810 proprizr.
1155 743 1429 795 adhmreat
1480 741 1764 796 voluntati.
1825 744 1890 794 At
1921 742 2160 795 decimus

592 833 856 896 septimus
891 843 1059 887 sexta:
1101 835 1152 886 in
1182 831 1370 888 Trullo
1417 835 1606 903 synodi
1665 849 1837 886 canon
1891 849 2034 895 eum,
2067 833 2158 900 qui

593 919 825 973 alienum
860 923 1047 991 recipit
1075 924 1356 987 clericiim,
1388 925 1646 992 illumque
1668 925 1904 989 ordinat,
1959 925 2158 995 deponi

588 1009 763 1075 jubet,
796 1030 900 1066 una
933 1030 1052 1067 cum
1085 1029 1151 1068 eo
1194 1016 1278 1082 qui
1314 1016 1598 1070 ordinatus
1641 1017 1761 1071 fuit.

2263 743 2482 795 κανόσιν
2543 743 3128 807 ἑναντιούμενοξ,ικαὶ
3179 743 3272 796 τοῦ
3333 743 3463 795 ἰδίου
3517 743 3788 816 θελήματος

2262 833 2637 902 ἀντεχόμενος.
2666 835 2724 887 Ὀ
2753 835 2808 887 δὲ
2832 835 3290 895 ἑπτακαιδέκατος
3323 833 3503 887 κανὼν
3534 837 3622 902 τῆς
3654 841 3703 888 ἐν
3724 837 3790 907 τῷ

2262 926 2515 997 Τρούλλῳ
2563 927 2728 997 ἕκτης
2787 929 3006 981 συνόδου
3070 931 3160 982 τὸν
3211 929 3502 998 δεξάμενον
3547 930 3792 1002 ἀλλότριον

2261 1020 2540 1090 κληρικδν,
2575 1023 2667 1073 καὶ
2716 1023 3173 1090 χειροτονήσαντα
3212 1022 3397 1087 αὑτὸν,
3444 1021 3793 1091 καθαιρεῑσῢαι

2260 1112 2584 1182 προστάττει
2617 1114 2713 1166 σὺν
2747 1113 2817 1182 τῷ
2850 1115 3282 1184 χειροτονηθέντι

1164 1221 1393 1274 CANON
1450 1223 1583 1278 LIX.

2837 1207 3067 1260 KANQN
3110 1209 3233 1263 NH’.

2268 1315 2290 1347 1
2332 1298 2468 1367 Περὶ
2501 1297 2596 1351 τοῦ
2646 1296 2845 1362 ἐξεῖναι
2877 1300 2956 1368 τῷ
2987 1302 3274 1371 ὲπιτκόπῳ
3309 1303 3668 1371 Καρχηδᾶνος,
3693 1305 3800 1358 ὅθεν

2338 1410 2354 1442 ι
2401 1391 2565 1454 θέλει,
2606 1392 2866 1462 κληρικον
2903 1397 3250 1464 χειροτονεῖν.
3285 1396 3550 1464 Αὐρήλιος
3596 1397 3795 1450 ἐπίσκο-

605 1324 624 1359 1
663 1304 729 1361 Ut
747 1309 1087 1380 Carthaginis
1108 1315 1356 1386 episcopo
1380 1318 1559 1382 liceat,
1577 1319 1717 1372 unde
1731 1319 1878 1384 velit,
1897 1319 2154 1376 clericum

665 1418 686 1452 1
729 1402 1002 1457 ordinare.
1032 1405 1284 1460 Aurelius
1315 1409 1599 1476 episcopus
1630 1411 1802 1466 dixit:
1837 1409 2156 1469 Sermonem

664 1509 685 1544 1
733 1509 907 1547 meum
937 1497 1140 1560 audite,
1171 1499 1388 1555 fratres.
1423 1501 1578 1572 Saepe
1625 1506 1826 1570 evenit,
1875 1517 1931 1560 ut
1979 1509 2155 1563 eccle-

667 1603 687 1637 1
733 1586 961 1650 siastici,
1019 1592 1109 1659 qui
1166 1592 1433 1661 indigent,
1498 1598 1758 1663 diaconos
1817 1601 1897 1653 vel
1926 1602 2156 1674 presby-

664 1693 685 1728 1
733 1687 878 1732 teros
914 1681 995 1732 vel
1028 1683 1316 1748 episcopos
1341 1702 1369 1738 a
1406 1701 1488 1738 me
1513 1697 1700 1754 petant
1756 1708 1771 1743 :
1805 1705 1904 1756 ego
1952 1704 2151 1755 tamen,

665 1785 686 1819 1
730 1785 936 1824 memor
957 1787 1142 1828 eorum
1166 1792 1284 1846 quae
1309 1781 1601 1834 constituta
1634 1790 1782 1842 sunt,
1813 1782 1900 1835 illa
1936 1799 2152 1852 sequor,
2189 1809 2231 1863 Β

665 1878 685 1911 1
735 1873 792 1916 ut
819 1867 1138 1920 cauveuiam
1187 1871 1502 1938 episcopum
1562 1873 1766 1936 clerici,
1801 1875 1890 1942 qui
1927 1879 2145 1946 petitur,

662 1970 682 2004 1
727 1962 781 2007 et
836 1971 898 2009 ea
953 1957 1025 2011 illi
1059 1962 1364 2026 ostendam,
1399 1965 1540 2032 quod
1575 1968 1665 2033 qui
1729 1977 1854 2022 sunt
1911 1971 2152 2038 cujusﬁs

667 2061 686 2094 1
731 2043 1007 2108 Ecclesia.
1032 2050 1151 2120 ejus
1180 2052 1434 2107 clericum
1465 2057 1756 2124 po~tulunl.
1793 2062 1926 2115 liccc
1971 2071 2149 2115 autem

661 2153 683 2188 1
728 2137 779 2190 in
841 2143 1124 2206 prasscutia
1186 2160 1288 2200 nou
1347 2149 1729 2204 contradicunt
1778 2167 1793 2203 :
1846 2167 1911 2204 ne
1974 2163 2150 2207 autem

663 2245 683 2276 1
729 2238 912 2297 postea
974 2233 1273 2303 contingat,
1334 2238 1434 2291 hoc
1488 2248 1593 2304 est,
1647 2254 1713 2295 ne
1764 2243 1896 2296 mihi
1961 2245 2154 2298 adver-

659 2336 680 2369 1
727 2327 936 2384 sentur,
966 2323 1054 2388 qui
1091 2325 1142 2376 in
1186 2326 1287 2379 hoc
1325 2329 1539 2396 negotio
1563 2347 1591 2382 ιι
1640 2347 1725 2386 me
1757 2341 2014 2400 petuntur
2040 2335 2150 2389 cle-

664 2426 684 2460 1
731 2410 826 2465 rici
855 2411 1003 2479 (quia
1036 2415 1190 2470 scitis
1222 2431 1306 2470 me
1359 2419 1648 2474 tuultarutn
1694 2424 2044 2479 ecclesiarum
2097 2439 2153 2484 et

665 2518 688 2556 1
729 2504 1130 2562 ordinationum
1161 2524 1346 2566 curam
1377 2517 1597 2586 genere)
1618 2531 1995 2588 quemcunque
2021 2537 2153 2574 con-

660 2610 681 2645 1
723 2597 1067 2651 sacerdotum
1095 2615 1420 2668 convenero,
1451 2622 1572 2660 cum
1613 2609 1827 2664 duobus
1860 2611 1944 2665 vel
1977 2615 2152 2668 tribus

659 2704 680 2738 1
729 2691 958 2744 testibus
990 2693 1160 2746 nostri
1196 2697 1613 2765 conclericatus,
1652 2701 1696 2755 si
1729 2716 1833 2756 non
1879 2703 2075 2773 impius
2095 2715 2151 2760 et

613 2853 616 2856 _
662 2798 682 2832 1
729 2780 1015 2837 indi-vatus
1051 2785 1301 2842 inventus
1344 2788 1526 2857 fitcrit,
1553 2808 1766 2861 equum
1802 2806 1886 2850 est
1912 2809 2148 2851 vestram

657 2893 677 2926 1
721 2874 1066 2931 dilectionem
1103 2879 1344 2946 iudicare
1375 2884 1501 2952 quid
1532 2883 1713 2939 facere
1740 2897 2007 2954 oporteat.
2043 2889 2152 2959 Ego

661 2985 679 3017 1
725 2968 888 3027 enim.
917 2978 971 3023 ut
1001 2972 1172 3038 scitis,
1206 2975 1417 3038 fratres,
1453 2978 1539 3031 Dei
1568 2980 1832 3043 permissu
1862 2981 2148 3036 multarum

661 3079 682 3113 1
724 3063 1075 3119 ecclesiarum
1115 3083 1303 3122 curam
1352 3089 1498 3138 gero.
1548 3075 1828 3130 Numidius
1868 3078 2152 3146 episcopus

665 3172 685 3203 1
732 3155 865 3208 dixit
892 3175 906 3212 :
943 3157 1063 3212 Ιίαψ
1094 3175 1306 3230 semper
1335 3163 1430 3217 fuit
1464 3166 1589 3220 huic
1621 3168 1812 3221 throno
1833 3172 2152 3237 auctoritas,
2180 3179 2223 3235 C

663 3266 682 3298 1
727 3258 786 3303 ut
819 3250 962 3303 unde
995 3252 1178 3312 vellet.
1214 3266 1267 3311 et
1295 3257 1362 3310 de
1408 3275 1732 3329 quocunque
1783 3265 2000 3317 nomine
2050 3265 2148 3318 ad.

660 3357 678 3390 1
724 3343 926 3395 monita
958 3342 1136 3404 fuerit.
1168 3350 1554 3406 convenienter
1583 3354 2009 3422 uniuscujusque
2040 3354 2146 3411 Ec-

665 3449 686 3483 1
733 3433 909 3487 clesiaa
940 3436 1213 3492 desiderio
1240 3443 1449 3496 ordinet
1484 3445 1819 3515 episcopum.
1855 3445 2149 3516 Epigonius

657 3541 680 3575 1
719 3524 1012 3595 episcopus
1047 3529 1181 3583 dixit
1213 3548 1229 3585 :
1265 3531 1409 3586 Bona
1448 3544 1536 3588 tua
1571 3535 1816 3591 voluntas
1840 3538 2152 3592 moderatur

651 3633 670 3666 1
713 3628 1036 3684 potestatem
1063 3637 1082 3676 :
1111 3623 1289 3678 minus
1329 3625 1470 3680 enim
1522 3630 1706 3693 audes,
1757 3645 1920 3698 quam
1972 3637 2148 3698 potes,

662 3727 681 3759 ς
729 3711 784 3764 in
814 3727 877 3764 eo
909 3714 1053 3783 quod
1088 3717 1314 3785 teipsnm
1346 3721 1618 3787 omnibus,
1649 3737 1680 3775 ο
1723 3721 1912 3788 frater,
1947 3724 2148 3778 bonum

659 3821 681 3853 1
726 3810 780 3856 et.
814 3804 1106 3860 humanum
1160 3813 1436 3868 ostendas.
1500 3812 1632 3867 Nam
1675 3816 1775 3869 hoc
1832 3831 2048 3886 quoque
2093 3819 2148 3872 in

661 3910 681 3945 ς
724 3903 813 3948 tuo
836 3894 1044 3963 judicio
1077 3901 1243 3955 situm
1284 3911 1390 3966 est,
1441 3914 1499 3957 ut
1551 3907 1980 3976 uniuscujusque
2029 3907 2148 3977 epi-

663 4011 682 4036 ι
729 3993 882 4059 seopl
919 4006 1206 4059 personam
1245 3996 1534 4066 corrigas:
1573 3997 1730 4066 idque
1766 3999 1817 4053 in
1866 4001 2040 4068 primo
2094 4009 2151 4056 et

606 4152 609 4155 ι
661 4099 681 4130 1
725 4080 840 4134 solo
873 4099 1190 4151 congressu.
1230 4089 1271 4140 si
1308 4088 1576 4158 intelligas
1610 4090 1662 4144 in
1699 4091 1856 4160 hujus
1884 4107 2006 4149 esse
2051 4109 2148 4148 ca-

659 4191 680 4224 1
730 4176 930 4229 thedrw
952 4188 1221 4244 potestate
1244 4181 1470 4250 punire;
1501 4183 1754 4252 quoniam
1785 4183 1902 4249 ipse
1926 4199 2149 4242 necesse

659 4284 679 4316 1
728 4267 925 4321 habeas
957 4285 1144 4325 omnes
1182 4272 1443 4329 ecclesias
1478 4274 1694 4330 fulcire.
1743 4275 1891 4332 Unde
1922 4293 2021 4331 nos
2050 4278 2147 4333 tibi

652 4373 678 4409 1
727 4356 1035 4414 facultatem
1075 4380 1182 4416 nou
1215 4366 1432 4430 damus,
1482 4369 1574 4422 sed
1628 4383 1692 4422 ea
1741 4379 1830 4422 tua
1869 4369 2146 4426 voluntate

657 4469 679 4503 1
730 4453 1105 4522 obsignamns,
1137 4465 1193 4512 nt
1218 4474 1429 4528 semper
1464 4461 1622 4515 liceat
1651 4479 1711 4516 ea
1757 4462 2004 4518 obtinere
2025 4479 2146 4534 quin

661 4564 682 4596 1
732 4545 882 4609 velis,
917 4558 969 4601 et
1001 4565 1319 4616 promovere
1365 4555 1458 4622 qui
1505 4555 1725 4622 priesint
1771 4556 2042 4622 ecclesiis,
2092 4546 2226 4612 etD

659 4657 678 4688 1
726 4642 961 4706 reliquos
1011 4642 1175 4715 588
1228 4648 1319 4716 qui
1375 4658 1730 4717 queruntur,
1788 4651 1930 4704 unde
1977 4652 2150 4704 satius

662 4750 678 4782 1
726 4749 847 4788 esse
909 4741 1270 4802 perspexeris.
1351 4738 1788 4796 Postumetianus
1855 4743 2144 4810 episcopus

658 4845 678 4876 1
724 4826 849 4880 dixit
888 4826 1134 4883 :Dc'nde
1178 4832 1220 4882 si
1280 4832 1402 4901 quis
1451 4850 1614 4887 unum
1673 4849 1912 4904 eumque
1971 4834 2153 4888 solum-

659 4937 680 4970 1
728 4924 1101 4992 presbytJrum
1159 4925 1373 4990 habeat,
1434 4944 1560 4980 num
1613 4929 1775 4984 debet
1821 4927 1984 4982 etiam
2031 4928 2150 4996 ipse

661 5029 678 5061 1
730 5029 863 5065 unus
898 5016 963 5067 ab
995 5032 1057 5069 eu
1088 5017 1329 5072 auferri?
1353 5019 1603 5075 Aurelius
1648 5022 1937 5090 episcopus
1963 5021 2099 5073 dixit
2132 5035 2147 5072 :

660 5120 682 5152 1
734 5102 823 5157 liei
856 5109 1214 5172 permissione
1248 5122 1422 5180 potest
1452 5129 1593 5167 unus
1620 5114 1906 5184 episcopus
1953 5113 2152 5168 multos

661 5215 680 5247 1
727 5197 1068 5269 presbyteros
1103 5205 1402 5260 ordinare:
1439 5206 1723 5275 presbyter
1770 5217 1948 5261 autem
1992 5219 2152 5278 aptus

662 5307 680 5338 1
732 5291 1061 5362 episcopatui
1095 5295 1382 5352 tliﬂiculter
1415 5297 1710 5354 invenitur.
1744 5300 1924 5367 Quare
1961 5301 2004 5354 si
2031 5305 2152 5370 quis

659 5400 679 5431 1
727 5382 975 5440 inventus
1003 5385 1166 5442 fuerit
1223 5405 1388 5444 unum
1438 5391 1612 5444 solum
1667 5391 1874 5445 habens
1925 5395 2152 5463 presby-

664 5492 682 5524 1
731 5485 927 5534 terunt.
961 5495 1190 5550 eumque
1217 5492 1397 5551 aptum
1428 5483 1787 5550 episcopatui,
1825 5485 1997 5552 ipsum
2022 5499 2154 5554 quo-

660 5587 678 5618 1
721 5584 827 5636 que
852 5587 1015 5624 unum
1075 5576 1233 5627 debet
1285 5575 1414 5630 dare
1459 5578 1524 5631 ad
1571 5577 1998 5630 ordinationem.
2053 5577 2157 5631 Po,

670 5677 690 5710 1
739 5663 1100 5718 stnmetiauus
1153 5666 1441 5734 episcopus
1495 5667 1629 5720 dixit
1668 5684 1683 5720 :
1722 5665 1861 5734 Ergo
1914 5668 1964 5721 si
2017 5667 2154 5722 alius

662 5769 683 5802 1
729 5757 1013 5824 cpiscopus
1066 5757 1261 5812 habeat
1315 5760 1638 5814 clericorum
1711 5760 2147 5822 multitudinem,

666 5863 684 5894 1
735 5845 862 5899 tntni
897 5845 1053 5900 debet
1095 5848 1197 5903 alia
1235 5851 1520 5906 tuultituilo
1563 5853 1869 5909 conveni-re.
1906 5853 2154 5910 Aurelius

2335 1505 2355 1536 1
2403 1503 2499 1548 πος
2528 1481 2678 1540 εἴπεο
2703 1485 2807 1540 Τὸν
2834 1487 2988 1556 λόγον
3025 1505 3129 1558 μου
3166 1488 3556 1557 προσδέξασθε,
3581 1489 3797 1555 ἁδελφοξ.

2337 1597 2356 1628 ι
2400 1577 2608 1644 Συνέϐη
2642 1578 2902 1642 πολλάκις
2958 1580 3252 1650 αἰτηθῆναῖ
3290 1597 3358 1648 με
3389 1581 3496 1634 ἀπὸ
3529 1582 3802 1646 ἐκκλησιιο

2336 1686 2357 1722 1
2403 1669 2601 1724 στικῶν
2652 1671 2983 1739 ἐνδεομὲνων
3028 1673 3310 1737 διακόνους
3344 1673 3377 1744 ἦ
3415 1674 3806 1745 πρεσϐυτέρους

2335 1761 2432 1832 «ἢ
2491 1764 2860 1827 ὲττισκόπουςο
2926 1765 3022 1820 καὶ
3077 1767 3228 1832 ὅμως
3299 1769 3648 1836 μεμνημένος
3713 1769 3812 1822 τῶν

2337 1872 2356 1905 1
2403 1853 2730 1922 ὁρισθέντων
2756 1856 2969 1920 τούτοις
3018 1857 3244 1926 ἕπομαι,
3272 1859 3412 1912 ὥστε
3451 1859 3720 1913 συνελθεῖν
3752 1877 3809 1930 με

2336 1965 2356 1997 1
2398 1946 2474 2016 τῷ
2510 1949 2796 2018 ὲπισκόςιτῳ
2825 1949 2990 2002 αὐτοῦ
3025 1948 3119 2003 τοῦ
3152 1950 3494 2020 ζητουμένου
3533 1952 3806 2022 κληρικοῦ,

2335 2059 2354 2090 1
2397 2043 2487 2092 καὶ
2517 2039 2686 2092 ταῦτα
2723 2041 2874 2110 αύτῷ
2904 2043 3224 2112 ἐμφανίσαι,
3254 2044 3336 2096 ὃτι
3364 2045 3627 2112 κληρικδν
3657 2046 3810 2098 αύτοῦ

2336 2151 2350 2182 1
2397 2132 2667 2187 αἰτοῦνται
2706 2137 2753 2186 οἱ
2784 2134 2880 2204 τῆς
2925 2137 3246 2206 οἱασδήποτε
3303 2137 3654 2208 Ἐκκλησίας.
3699 2141 3814 2192 Ἰδοὺ

2334 2243 2353 2276 1
2395 2221 2486 2279 οὖν
2524 2227 2614 2278 ἐπὶ
2644 2227 2736 2280 τοῦ
2769 2231 3035 2298 παρόντος
3063 2231 3164 2282 οὐκ
3205 2233 3586 2300 ἀντιλέγουσιν
3607 2248 3621 2262 °
3656 2232 3735 2284 διὰ
3766 2232 3815 2284 δὲ

2333 2337 2352 2370 1
2396 2317 2456 2372 τὸ
2504 2322 2641 2389 μήτε
2706 2323 2846 2390 μετὰ
2893 2323 3063 2376 ταῦτα
3120 2325 3418 2394 συμϐῆναι,
3485 2325 3631 2380 τοῦτ’
3685 2326 3816 2380 ἔστιν

2334 2426 2354 2460 1
2399 2411 2792 2482 ἐναντιωθῆναί
2823 2431 2913 2482 μοι
2937 2416 3097 2469 τοῦτο
3125 2420 3183 2468 ἐν
3207 2417 3384 2486 τούτῳ
3411 2419 3495 2487 τῷ
3543 2421 3819 2489 πράγματι

2335 2519 2353 2552 ι
2395 2505 2524 2573 παρ’
2568 2505 2702 2574 ὲμοῦ
2750 2506 3109 2575 αἰτουμένους
3145 2510 3357 2581 (ἐπειδὴ
3393 2511 3580 2566 οἴδατε
3625 2513 3821 2565 πολλῶν

2334 2612 2352 2645 1
2398 2595 2700 2662 ἐκκλησιῶν
2730 2599 2825 2650 καὶ
2859 2601 3209 2670 χειροτονιῶν
3242 2603 3507 2672 φροντίδα
3537 2622 3606 2674 με
3633 2605 3816 2672 βαστά·

2335 2706 2354 2740 1
2397 2687 2530 2753 ζειν)
2589 2692 2940 2764 ᾡτινιδήττοτε
3019 2694 3128 2747 τῶν
3208 2697 3514 2766 συνιερὲων
3597 2698 3824 2751 συνέλθω

2335 2802 2352 2832 1
2401 2785 2540 2852 μετὰ
2573 2783 2668 2836 δύο
2718 2784 2985 2857 ἢπτριῶν
3045 2788 3340 2858 μαρτύρων
3399 2791 3505 2860 τῆς
3570 2791 3827 2861 ὑμετέρας

2320 2893 2354 2941 ,1
2402 2874 2857 2945 συγκληρώσεως,
2931 2879 3025 2932 ἐὰν
3099 2881 3483 2945 ἀκαοοσῖωτος
3564 2883 3825 2953 εὑρεθεὲη,

2333 2985 2352 3016 1
2397 2966 2608 3020 δίκαιον
2652 2971 2768 3022 ἐστι
2818 2971 3002 3040 κρῖναι
3033 2972 3130 3040 τὴν
3178 2972 3458 3044 ὑμετέραν
3507 2976 3756 3045 ἀγάπην,
3783 2980 3827 3026 τί

2334 3079 2352 3111 1
2397 3059 2479 3114 δεῖ
2504 3061 2750 3129 ποῖησαι.
2776 3061 2931 3128 ’Ἐγὼ
2957 3061 3088 3133 γὰρ,
3119 3062 3193 3126 ὡς
3231 3065 3370 3128 ἴστε,
3403 3066 3664 3133 ἀδελφοὶ,
3699 3069 3828 3120 κατέ

2334 3171 2356 3206 1
2401 3151 2748 3222 συγχώρησιν
2771 3154 2907 3208 Θεοῦ
2937 3155 3147 3209 πολλῶν
3181 3155 3534 3229 Ἐκκλησιῶν
3566 3161 3834 3229 φροντίδος

2332 3266 2350 3297 1
2392 3249 2677 3318 ἀνέχομαι.
2730 3250 3041 3319 Νουμήδιυς
3090 3252 3392 3316 ὲπίσκοπ·›ς
3453 3251 3664 3309 εἶπενο
3731 3255 3831 3308 Ἀεὶ

2331 3359 2349 3392 1
2397 3338 2638 3411 ὑπῆρξεν
2667 3343 2700 3410 ἡ
2731 3341 2991 3394 αὖθεντία
3040 3343 3182 3415 αὕτη
3207 3343 3282 3414 τῷ
3316 3345 3500 3417 θρόνῳ
3527 3347 3728 3416 τούτῳ,
3752 3346 3834 3398 ἵνα

2331 3451 2349 3484 1
2394 3431 2517 3485 ὅθεν
2564 3431 2750 3497 θέλει,
2801 3434 2896 3487 καὶ
2948 3435 3077 3504 περὶ
3124 3437 3452 3505 οἱανδήποτε
3515 3440 3835 3509 προετράπη

2332 3543 2351 3576 1
2394 3525 2657 3594 ὀνόματος
2694 3528 2832 3580 κατὰ
2859 3527 2958 3599 τὴν
2985 3528 3277 3598 ἐπιθυμίαν
3321 3531 3576 3600 ἑκάστης
3619 3529 3839 3599 Ἐκκλη-

2329 3635 2350 3669 1
2399 3617 2521 3680 σίας
2547 3619 2874 3688 ἐχειροτόνει
2904 3622 3227 3675 ἐπίσκοπον.
3266 3623 3590 3689 Ἑπιγόνιος
3624 3623 3838 3675 ὲπέσκο·

2329 3729 2350 3763 1
2389 3727 2492 3774 πος
2532 3705 2723 3764 εἶπενο
2767 3711 2834 3764 Ἦ
2859 3712 3226 3778 ἀγαθοθέλεια
3275 3717 3519 3785 μεσὰζει
3556 3718 3660 3786 τὴν
3693 3716 3837 3781 ἐξου-

2330 3821 2349 3856 1
2394 3802 2514 3857 σῖαν
2541 3818 2556 3834 ’
2583 3797 2746 3873 ἦττον
2778 3805 2885 3875 γὰρ
2916 3805 3120 3876 τολμᾷς
3147 3807 3288 3876 ἥπερ
3320 3807 3489 3878 δύνῃ,
3534 3809 3757 3878 aesaes,
3789 3809 3840 3860 ἐν

2329 3915 2347 3948 1
2397 3894 2473 3966 τῷ
2527 3897 2694 3949 πᾶσιν
2746 3896 2938 3950 ἐαυτον
3006 3898 3390 3952 ἀποδεικνύειν
3461 3902 3685 3967 ἀγαθον
3751 3901 3845 3954 καὶ

2259 4028 2262 4030 .
2327 4003 2348 4037 1
2390 3987 2795 4054 φιλάνθρωπον.
2832 3987 3019 4056 Ἔχεις
3073 3989 3181 4058 γὰρ
3239 3988 3418 4042 τοῦτο·
3459 3992 3526 4042 ὲν
3555 3994 3626 4062 τῇ
3665 3991 3843 4060 κρίσει

2327 4098 2346 4132 1
2395 4097 2512 4144 σου,
2576 4080 2636 4134 τὸ
2678 4080 3128 4152 ἀποθεραπεῦσαι
3176 4080 3296 4143 ἐνὸς
3338 4083 3592 4137 ἑκάστου
3623 4083 3851 4136 ἐπισκό-

2328 4191 2346 4225 1
2396 4189 2497 4225 που
2527 4174 2587 4226 τὸ
2621 4174 2912 4243 πρόσωπον
2934 4192 2947 4205 ’
2981 4173 3037 4226 ἐν
3066 4173 3255 4244 πρώτῃ
3281 4175 3339 4226 δὲ
3386 4177 3494 4229 καὶ
3551 4177 3698 4250 μόνῃ
3724 4193 3843 4230 συν·

2328 4284 2347 4317 1
2392 4266 2626 4330 ελεύσει,
2673 4269 2720 4320 εἰ
2758 4268 2978 4342 συνίδῃς
3026 4270 3085 4321 τὸ
3116 4267 3205 4321 ἐπ’
3239 4267 3511 4335 ἐξουσίας
3559 4272 3744 4342 ταύτῃ
3780 4271 3844 4336 τῇ

2330 4378 2349 4410 1
2395 4359 2634 4431 καθέδρᾳ
2691 4356 2832 4414 εἶναι
2892 4360 3247 4431 ὲκδικητέον·
3321 4363 3527 4434 ἐπειδὴ
3600 4365 3851 4430 ἀνάγκην

2329 4469 2349 4504 1
2393 4451 2536 4522 ἔχεις
2583 4453 2744 4514 αὐτὸς
2783 4453 2962 4516 πάσας
3010 4452 3110 4516 τὰς
3157 4452 3506 4524 Ἐκκλησῶς
3551 4453 3850 4525 ὑποστηρί-

2332 4563 2351 4597 1
2400 4545 2538 4609 ζειν.
2569 4545 2732 4599 Ὅθεν
2753 4545 3001 4610 ἐξουσίαν
3036 4563 3117 4599 σοι
3155 4546 3313 4616 ἡμεῖς
3346 4548 3410 4600 οὐ
3450 4548 3715 4615 δίδομεν,
3742 4547 3862 4602 ἀλλ’

2329 4661 2347 4694 1
2395 4639 2864 4711 ἐπισφραγίζομεν
2895 4638 3102 4708 ταύτην
3125 4641 3190 4709 τῇ
3224 4641 3290 4708 σῇ
3315 4643 3694 4710 προαιρέσει,
3719 4641 3857 4694 ὥστε

2328 4753 2346 4785 1
2390 4732 2593 4798 ἐξεῖναι
2646 4733 2734 4785 ἀεὶ
2780 4732 3004 4802 κρατεῖν
3039 4723 3114 4784 ὧν
3146 4730 3213 4784 ἂν
3244 4733 3434 4802 θέλῃς,
3474 4736 3588 4788 καὶ
3633 4749 3856 4804 προχει⁹

2328 4845 2346 4878 1
2388 4825 2642 4898 piCaaOgr
2671 4825 3015 4896 προεστῶτας
3041 4828 3160 4887 ταῖς
3195 4824 3599 4895 Ἐκκλησίακ,
3627 4827 3858 4887 καὶτοὺς

2327 4939 2347 4972 1
2392 4919 2612 4984 λοιποὺς
2657 4919 2780 4980 τοὺς
2824 4918 3215 4988 ζητουμένους,
3257 4919 3383 4972 ὅθεν
3438 4923 3711 4994 συνίδῃς.
3766 4921 3864 4974 [lo-

2329 5032 2349 5067 1
2395 5013 2778 5085 στουμετιανὺς
2831 5012 3134 5077 ἐπίσκοπος
3188 5007 3384 5067 εἶπεν·
3432 5012 3611 5077 Εϊτα,
3641 5017 3738 5068 ἐὰν
3774 5029 3854 5072 τις

2329 5126 2349 5161 1
2395 5107 2492 5160 ἕνα
2526 5107 2616 5159 καὶ
2649 5105 2808 5176 μόνον
2831 5105 2930 5177 ἔχῃ
2960 5104 3356 5177 πρεσϐύτερον,
3397 5106 3489 5178 μὴ
3525 5108 3752 5178 ὀφείλει
3779 5105 3864 5159 καὶ

2327 5217 2347 5253 1
2394 5201 2555 5263 αὐτὸς
2602 5201 2631 5253 ὁ
2670 5193 2750 5262 εἷς
2797 5200 2855 5266 ἐξ
2887 5199 3050 5253 αὐτοῦ
3094 5201 3523 5270 ἀφαιρεθῆναις
3590 5199 3862 5269 Αὐρήλιος

2329 5312 2347 5343 1
2395 5292 2694 5355 ἐπίσκοπος
2727 5285 2920 5345 εἶπεν·
2953 5291 3109 5344 Κατὰ
3143 5292 3523 5362 συγχώρησιν
3545 5347 3556 5354 ,
3580 5291 3732 5347 Θεοῦ
3773 5290 3863 5344 δύο

2330 5405 2349 5446 1
2394 5402 2557 5440 ναται
2609 5388 2637 5439 ὁ
2697 5380 2779 5450 εἷς
2845 5386 3143 5448 ἐπίσκοπος
3197 5384 3442 5447 πολλοὺς
3512 5388 3861 5458 χειροτονεῖν

2333 5500 2352 5532 1
2400 5478 2820 5551 upsaGu-rtpoog'
2859 5476 3230 5549 πρεσϐύτερος
3260 5476 3317 5531 δὲ
3347 5477 3508 5548 πρὸς
3543 5478 3865 5547 ἐπισκοπὴν

2331 5591 2350 5624 1
2399 5572 2705 5639 ἐπιτήδειος
2765 5570 3044 5641 δυσχερῶς
3099 5568 3450 5640 εὑρίσκεται.
3503 5573 3612 5624 Διὸ
3658 5574 3756 5625 ἐάν
3785 5584 3865 5628 τις

2332 5687 2350 5718 ι
2396 5667 2591 5737 εὑρεθῇ
2625 5665 2764 5733 ἔχων
2789 5664 2885 5717 ἐνα
2919 5663 3078 5733 μόνον
3105 5661 3530 5730 πρεσϐύτερον,
3569 5665 3678 5718 καὶ
3713 5661 3870 5717 αὐτὴν

2332 5778 2349 5810 ι
2393 5761 2459 5830 τῇ
2522 5759 2794 5827 ἐπισκοπῇ
2849 5756 3181 5826 ἐπιτήδειον,
3242 5755 3335 5809 καὶ
3358 5755 3559 5810 αὐτὸν
3623 5757 3723 5809 τὸν
3778 5756 3869 5805 ἕνα

2336 5873 2352 5904 1
2401 5850 2606 5921 ὀφείλει
2639 5850 2822 5905 δοῦναι
2851 5850 2929 5914 εἰς
2962 5849 3318 5921 χειροτονίαν.
3352 5844 3870 5922 Ποστουμετιανὺς
