4056 6302
589 296 695 365 235

1851 286 2126 350 ΊἮΕΟΙ).
2170 290 2572 355 BALSAMON

3711 297 3804 369 236

609 442 627 474 ε
671 408 797 478 Post
845 416 1179 472 consulatum
1229 410 1395 469 Flavii
1440 407 1755 465 Stilichonis
1798 406 2215 471 illustrissimi”

2338 402 2492 455 Μετὰ
2544 404 2644 471 τὴν
2699 398 2968 452 ὑπατείαν
3039 394 3273 452 Φλαϐίου
3355 393 3669 465 Στελίχωνος
3727 398 3807 451 τοῦ

682 523 704 566 ι
740 510 950 566 decimo
992 513 1144 561 sexto
1182 502 1431 564 calendas
1458 499 1629 556 Julias
1655 496 1979 571 Carthagine
2001 495 2056 549 in
2087 508 2173 547 se-

680 620 700 654 ι
739 604 887 657 creto
907 592 1200 653 Restituttc
1220 594 1485 658 ecclesiae,
1516 590 1811 661 pmsidens
1838 584 2001 644 simul
2048 599 2171 641 cum

680 712 700 747 ι
739 692 857 751 suis
874 688 1229 760 coepiscOpis,
1259 684 1641 743 assistentibus
1691 680 1955 744 diaconis,
2004 679 2175 732 Aure-

681 806 701 839 ι
744 786 851 843 lius
880 785 1170 854 episcopus
1194 781 1329 835 dixit
1358 796 1370 833 :
1396 775 1771 833 Ecclesiarum
1805 767 1935 837 Dei,
1966 785 2087 841 quae
2118 769 2175 822 in

682 898 701 931 ι
737 887 848 933 tota
868 875 1124 931 Afrorum
1151 872 1371 942 regione
1392 869 1507 924 sita:
1525 874 1673 930 sunt,
1694 863 2048 921 necessitates
2070 872 2175 912 una

671 989 701 1023 -t
735 982 943 1026 mecum
975 964 1211 1038 perfecte
1242 957 1348 1018 scit
1368 970 1542 1017 vestra
1568 957 1805 1021 dilectio,
1837 950 2174 1010 sanctissimi

672 1082 701 1117 ε
738 1063 935 1118 fratres
960 1078 977 1116 :
1007 1069 1062 1115 et
1082 1059 1209 1129 quia
1235 1056 1492 1111 Dominus
1515 1052 1781 1125 praestitit,
1804 1060 1863 1103 ut
1889 1048 2079 1129 saltem
2110 1059 2178 1098 ex

682 1171 702 1206 ι
743 1161 898 1223 parte
919 1126 1238 1221 congregata
1262 1146 1333 1202 sit
1355 1143 1639 1216 praesentia
1662 1141 1831 1198 sancti
1869 1126 2031 1194 vestri
2055 1148 2180 1191 con-

683 1261 702 1296 ι
743 1252 959 1306 ventus,
979 1239 1110 1295 mihi
1127 1245 1487 1308 opportunum
1522 1232 1741 1288 videtur
1763 1230 1999 1293 easdem,
2025 1236 2083 1282 ut
2101 1225 2179 1281 di-

684 1355 703 1387 ε
739 1346 884 1390 ctum
913 1343 1019 1397 est,
1052 1331 1399 1385 necessitates
1430 1329 1483 1381 in
1530 1326 1763 1382 medium
1807 1321 2023 1386 afferre,
2047 1333 2180 1387 quas

683 1444 705 1479 ι
744 1426 961 1496 propria
974 1421 1351 1480 sollicitudine
1370 1419 1701 1490 investigare
1718 1414 1864 1486 potui
1884 1398 2047 1483 ;q'uas
2065 1412 2183 1481 qui-

684 1537 704 1573 ‹
748 1520 870 1575 dem
896 1515 1114 1587 quando
1149 1521 1325 1570 vestra
1352 1511 1692 1568 conﬁrmabit
1717 1508 2023 1569 sinceritas,
2051 1518 2180 1558 con-

684 1632 703 1665 ε
738 1624 968 1681 sequens
994 1606 1120 1675 erit,
1164 1614 1227 1661 ut
1267 1620 1435 1660 unum
1481 1602 1824 1658 sacerdotum
1871 1614 1937 1655 ex
1995 1605 2182 1652 nostro

684 1726 705 1758 ι
743 1717 967 1765 numero
1002 1701 1359 1765 declaremns,
1380 1696 1473 1769 qui
1510 1694 1604 1751 Dei
1636 1692 1837 1750 auxilio
1857 1691 2017 1748 debet
2058 1688 2184 1761 pro-

694 1817 714 1851 ι
750 1802 869 1867 pter
899 1803 1109 1850 vestras
1148 1804 1336 1863 preces
1373 1754 1589 1845 easdem
1616 1784 1966 1842 necessitates
2011 1778 2185 1837 susci—
2210 1754 2259 1815 Β

687 1912 703 1945 ι
742 1905 892 1963 pere,
922 1898 977 1945 et
1008 1886 1221 1944 fortiter
1248 1881 1555 1955 peragendo
1581 1879 1792 1936 deferre
1827 1876 1880 1931 in
1913 1882 2185 1931 transma-

688 2006 704 2037 ι
752 1984 903 2041 rinas
949 1981 1116 2039 Italia:
1158 1986 1377 2051 partes;
1418 1975 1509 2045 qui
1564 1972 1705 2029 hanc
1758 1970 2137 2025 necessitatem
2164 2005 2181 2031 ,

692 2099 706 2131 ι
741 2076 982 2135 laborem
1003 2088 1058 2133 et
1084 2073 1320 2143 inopiam
1352 2070 1523 2143 possit
1547 2066 1909 2124 sanctissimis
1928 2076 1983 2123 et
2002 2078 2189 2121 sacro-

690 2194 705 2223 ι
743 2185 860 2227 tum
898 2164 1287 2225 comministris
1316 2162 1577 2218 fratribus
1610 2161 1813 2215 nostris
1863 2158 2184 2221 ostendere;

694 2284 711 2318 ι
747 2262 945 2335 partim
996 2260 1214 2331 quidem
1256 2254 1565 2312 venerando
1622 2262 1814 2309 sancto
1879 2250 2187 2321 apostolica:

692 2374 713 2411 ι
757 2355 1030 2412 cathedra:
1053 2352 1305 2422 episcopo
1343 2347 1663 2411 Anastasio;
1696 2345 1894 2415 partim
1928 2351 2107 2399 autem
2133 2350 2189 2395 et

694 2469 713 2502 ι
761 2446 1109 2505 sanctissimo
1160 2442 1316 2497 fratri
1348 2439 1576 2495 Venerio
1620 2435 1887 2493 sacerdoti
1945 2433 2191 2490 ecclesia:

692 2562 713 2595 ε
747 2537 1188 2598 Mediolanensis.
1218 2535 1302 2591 Ab
1333 2534 1400 2589 iis
1421 2533 1568 2589 enim
1616 2528 1827 2586 tbronis
1857 2526 2189 2601 prohibitum

692 2654 715 2690 ι
761 2635 957 2699 fuerat,
1019 2639 1166 2703 quod
1233 2623 1510 2683 communi
1578 2621 1820 2693 periculo
1862 2629 2193 2690 magnOpere

699 2748 718 2781 ι
761 2722 1177 2796 providendum,
1199 2717 1324 2789 quia
1351 2722 1499 2771 tanta
1526 2721 1611 2781 est
1636 2711 1957 2767 clericorurn
1986 2709 2189 2779 inopia,

698 2834 719 2867 ε
754 2824 811 2870 et
836 2813 1017 2869 multa:
1045 2809 1287 2867 ecclesiae
1320 2806 1455 2861 adeo
1489 2810 1618 2857 sunt
1642 2802 1895 2866 deserta,
1924 2807 1983 2854 ut
2014 2798 2193 2854 nullus

702 2929 722 2961 ι
752 2907 929 2979 possit
953 2906 1216 2962 diaconus
1238 2901 1323 2957 vel
1352 2899 1660 2956 illitteratus
1688 2894 1938 2951 inveniri.
1973 2894 2048 2948 De
2068 2892 2196 2947 reli—

696 3018 730 3051 -ε
767 2999 890 3070 quis
919 3004 1099 3053 autem
1132 2990 1503 3065 superioribus
1540 2988 1823 3044 ordinibus
1851 2996 1904 3041 et
1938 2985 2197 3057 gradibus

701 3114 719 3145 ι
758 3092 1042 3148 tacendum
1092 3100 1212 3142 esse
1247 3084 1522 3140 exiStimo.
1562 3078 1700 3135 Nam
1744 3093 1890 3145 cum,
1947 3087 2007 3133 ut
2062 3077 2193 3143 dixi,
2222 3098 2267 3157 α

700 3204 718 3237 ι
761 3181 973 3239 diaconi
1009 3176 1370 3236 ministerium
1413 3188 1518 3228 non
1564 3170 1722 3226 facile
1770 3170 2100 3235 inveniatur,
2129 3168 2200 3223 de

717 3298 735 3331 ι
773 3272 1146 3346 superioribus
1189 3266 1489 3325 honoribus
1522 3264 1691 3321 multo
1722 3274 1808 3319 est
1832 3264 2091 3334 apertius.
2127 3262 2201 3317 Et

717 3390 735 3422 ι
768 3366 1111 3439 quotidianas
1172 3362 1507 3417 diversorum
1558 3367 1615 3414 et
1662 3356 1781 3412 fere
1823 3357 2199 3413 emorientium

728 3484 749 3513 ι
786 3460 1105 3531 populorum
1138 3452 1552 3510 lamentationes
1585 3450 1836 3517 deinceps
1857 3464 1967 3505 non
1993 3447 2203 3504 sufferi—

705 3574 725 3605 ε
783 3565 905 3607 inus
957 3567 972 3603 :
1033 3548 1229 3617 quibus
1290 3542 1393 3598 nisi
1445 3543 1705 3597 auxilium
1753 3540 1898 3597 ferre
1952 3540 2201 3606 velimus,

709 3665 728 3698 ι
764 3640 931 3716 59‘,
954 3638 1332 3713 gravissimum
1360 3644 1417 3693 et
1436 3634 1804 3692 inexcusabile
1826 3644 2049 3705 propter
2078 3649 2203 3705 per-

716 3758 737 3791 ε
774 3739 917 3794 ditas
942 3734 1154 3792 animas
1179 3730 1431 3790 delictum
1454 3743 1553 3786 nos
1579 3730 1719 3801 apud
1760 3726 1929 3784 Deum
1951 3728 2163 3798 excipit.
2180 3744 2198 3777 ι

660 4342 663 4343 ν
710 4379 910 4451 BALS.
939 4378 1200 4435 Praesenti
1242 4377 1447 4446 scripto
1481 4378 1604 4433 vult
1625 4376 1877 4433 Aurelius
1920 4376 2207 4433 certiorem

2350 514 2369 547 ι
2404 494 2900 565 λαμπροτάτου,τῇ
2930 492 3036 563 πρὸ
3068 489 3266 556 δεκαὲξ
3298 489 3574 545 καλανδῶν
3606 489 3811 547 Ἰουλίων

2348 607 2369 640 ι
2409 590 2469 642 ἂν
2498 586 2811 658 Καρχηδόνι
2841 588 2921 649 εἰς
2949 585 3010 638 τὸ
3031 587 3311 657 σήκρητον
3336 583 3436 653 τῆς
3469 581 3811 656 Ῥεστιτούτης

2349 699 2367 734 ι
2405 681 2703 750 ἐκκλησίας
2730 679 3072 750 προκαθίσας
3115 678 3237 749 ἃμα
3267 678 3383 741 τοῖς
3417 675 3812 741 συνεπισκόποις

2354 794 2372 827 ι
2415 774 2605 840 αὐτοῦ,
2664 770 3036 845 παρεστώτων
3074 770 3183 825 τῶν
3236 770 3528 835 διακόνων,
3566 769 3812 841 Αὐρήλιος

2351 887 2371 921 ι
2410 868 2709 931 ἐπίσκοπος
2748 862 2931 921 εἶπενδ
2992 864 3115 918 Τῶν
3171 862 3482 935 ἐκκλησιῶν
3536 861 3631 917 τοῦ
3674 863 3814 930 Θεοῦ,

2352 980 2372 1012 ε
2408 959 2515 1015 τῶν
2536 960 2644 1016 ἀνὰ
2673 962 2855 1015 πᾶσαν
2881 957 2978 1029 τὴν
3005 957 3117 1010 τῶν
3137 957 3361 1027 ιἌφρων
3391 953 3574 1027 χώραν
3592 955 3806 1026 καθιδρυ-

2354 1068 2373 1103 ι
2414 1049 2612 1119 μένων,
2641 1047 2741 1111 τάς
2776 1048 3025 1114 ἀνάγκας
3057 1046 3301 1117 ἀκρισῶς
3330 1046 3443 1115 ἅμα
3472 1045 3598 1117 ἐμοὶ
3624 1046 3820 1101 ἐπίστα-

2358 1159 2376 1194 ι
2411 1142 2556 1211 ταιή
2587 1140 2831 1211 ὑμετέρα
2862 1140 3074 1211 ἀγάπη.
3102 1138 3398 1209 ἁγιώτατοι
3450 1138 3664 1209 ἀδελφοί
3696 1155 3709 1169 ·
3744 1141 3817 1193 καὶ

2363 1253 2383 1286 ι
2419 1234 2609 1305 ἐπειδὴ
2656 1232 2750 1287 τοῦ
2779 1234 2986 1305 Κυρίου
3039 1234 3374 1304 παρέχοντος
3423 1232 3530 1286 κᾶν
3580 1231 3638 1284 ὲν
3689 1231 3819 1302 μέρε-

2359 1344 2378 1378 ι
2426 1324 2667 1398 συνήχθη
2701 1327 2735 1394 ἡ
2767 1323 3043 1397 παρουσία
3062 1325 3162 1395 τῆς
3196 1324 3352 1388 ὁσίας
3392 1322 3549 1394 ὑμῶν
3596 1323 3822 1375 συνελεύ-

2362 1437 2381 1470 ι
2422 1434 2581 1483 σεως,
2613 1419 2763 1472 δοκεῖ
2791 1434 2881 1489 μοι
2908 1420 2989 1482 είς
3028 1417 3193 1489 μέσον
3226 1416 3611 1487 παρακομίσαι
3631 1414 3721 1479 τὰς
3748 1416 3823 1469 αύ-

2362 1528 2382 1561 ι
2418 1509 2539 1574 τὰς,
2569 1507 2645 1573 ῶς
2667 1508 2906 1579 εἴρηται,
2935 1509 3204 1578 ἀνάγκας,
3241 1508 3424 1580 ἇσπερ
3458 1508 3637 1578 οἰκεία
3693 1524 3824 1577 φρον-

2326 1619 2328 1621 ’
2360 1619 2381 1655 ι
2420 1601 2525 1656 τίδι
2562 1602 2829 1675 ἠδυνήθην
2855 1602 3193 1675 ἀνιχνεῦσαι*
3227 1604 3451 1667 ἅστινας
3478 1602 3642 1675 ήνίκα
3664 1602 3828 1656 taturu-

2362 1716 2381 1751 ι
2422 1695 2576 1770 ρώσῃ
2602 1698 2637 1769 ἡ
2672 1697 2918 1769 ὑμετέρα
2947 1696 3337 1768 είλικρινότης,
3371 1695 3665 1751 ἀκόλουθον
3698 1695 3830 1748 ἔσται

2361 1809 2379 1842 ι
2414 1788 2803 1855 ἀποδείξασθαι
2834 1790 2934 1845 ἕνα
2962 1789 3114 1863 ἱερέα
3146 1791 3211 1844 ἐκ
3226 1789 3320 1844 τοῦ
3370 1789 3641 1863 ἡμετέρου
3699 1788 3832 1859 ἀριθ-

2364 1900 2381 1934 ι
2421 1881 2548 1954 μού,
2572 1882 2665 1936 τὸν
2696 1881 2981 1951 ὀφείλοντα
3015 1884 3083 1956 τῇ
3106 1880 3202 1937 τοῦ
3236 1883 3442 1953 Κυρίου
3507 1881 3725 1954 βοηθείᾳ
3749 1881 3824 1935 διὰ

2364 1993 2383 2028 ι
2418 1973 2527 2028 τῶν
2558 1973 2737 2045 εὐχῶν
2758 1973 2913 2045 ὑμῶν
2937 1974 3145 2039 ταύτας
3169 1974 3344 2039 αὑτάς
3386 1974 3637 2043 ἀνάγκας
3665 1972 3832 2026 ἀναδι-

2362 2085 2382 2119 ι
2429 2064 2647 2132 ξασθαι,
2681 2067 2779 2119 καὶ
2826 2065 3093 2136 ἀνδρείως
3142 2064 3473 2132 ὲεανυστέας
3525 2062 3834 2133 ἀποκομίσαι

2364 2176 2382 2210 ι
2419 2159 2558 2229 πρὸς
2594 2158 2661 2211 τά
2688 2157 3055 2229 πραγματικά
3083 2159 3182 2228 τῆς
3226 2156 3458 2220 Ἰταλίας
3515 2158 3655 2227 μέρη
3708 2156 3836 2217 ὅστις

2366 2270 2385 2303 ι
2422 2252 2627 2323 δυνηθῇ
2655 2251 2832 2323 αὐτήν
2863 2268 2922 2305 τε
2959 2251 3058 2323 τὴν
3112 2250 3363 2321 ἀνάγκην
3402 2250 3499 2305 καὶ
3557 2250 3647 2304 τὸν
3694 2250 3835 2302 πόνον

2364 2363 2384 2397 ι
2422 2344 2519 2398 καὶ
2542 2342 2641 2416 τὴν
2670 2342 2882 2398 ενδειαν
2912 2342 3071 2414 ὑμῶν
3100 2342 3451 2415 παραστῆσαι
3474 2345 3590 2406 τοῖς
3624 2341 3837 2410 ἀγιωτάο

2363 2453 2383 2489 ι
2421 2450 2534 2501 τοις
2565 2435 2814 2507 ἀδελφοῖς
2847 2439 2943 2491 καί⁸
2998 2436 3443 2505 συλλειτουργοϊς
3466 2434 3628 2507 ἡμῶν
3650 2450 3665 2464 ·
3704 2434 3837 2488 τοῦτο

2364 2545 2385 2581 ι
2423 2527 2524 2601 μὲν
2574 2527 2914 2600 Ἀναστασίφ
2986 2527 3067 2601 τῷ
3118 2525 3485 2600 προσκυνητῷ
3560 2525 3699 2595 ἁγίῳ
3756 2525 3835 2593 τῆς

2369 2639 2388 2672 ι
2430 2620 2806 2691 ἀποπολικῆς
2850 2620 3125 2694 καθέδρας
3182 2621 3474 2690 ἐπισκόπιρ
3501 2635 3518 2650 ⁶
3575 2620 3727 2672 τοῦτο
3789 2618 3837 2671 δι

2368 2731 2387 2766 ι
2424 2711 2507 2767 ἔτι
2539 2713 2647 2785 μὴν
2680 2714 2776 2766 καὶ
2805 2711 2885 2783 τῷ
2927 2711 3221 2784 ἁγιωτάτῳ
3273 2712 3489 2783 ἀδελφῷ
3519 2709 3749 2781 Βενερίῳ
3772 2707 3835 2774 τῷ

2371 2822 2392 2859 ι
2433 2805 2573 2877 ἱερεῖ
2594 2805 2693 2877 τῆς
2714 2804 3062 2861 Μεδιολάνων
3118 2804 3438 2876 ἐκκλησίας.
3512 2803 3611 2857 Ἐκ
3662 2802 3839 2856 τούτων

2370 2913 2391 2948 ι
2426 2895 2537 2967 γάρ
2564 2895 2674 2949 τῶν
2703 2896 2910 2966 θρόνων
2942 2895 3216 2967 ἐκωλύθη,
3268 2897 3406 2967 ὅπερ
3468 2896 3737 2965 ὲπιγνοῖεν
3791 2894 3838 2944 ὲν

2372 3006 2393 3042 ι
2431 2987 2598 3060 κοινῷ
2636 2988 2868 3060 κινδύνῳ
2900 2989 3154 3059 μεγάλως
3182 2989 3424 3058 ὀφείλειν
3475 2987 3836 3061 προνοηθῆναι·

2377 3099 2397 3133 ι
2428 3079 2512 3135 δτι
2540 3079 2777 3150 τοσαύτη
2802 3082 2921 3135 ἐστὶ
2953 3080 3234 3153 κληρικῶν
3260 3081 3464 3144 ἔνδεια,
3523 3078 3620 3132 καὶ
3674 3075 3841 3131 πολλαὶ

2375 3188 2397 3224 ι
2430 3172 2719 3243 ἐκκλησίαι
2748 3170 2921 3236 οὕτως
2944 3171 3285 3245 ὑπάρχουσιν
3312 3170 3531 3244 ιρημοι,
3568 3170 3643 3234 ὡς
3666 3168 3843 3240 μηδένα

2374 3282 2393 3316 ι
2430 3264 2680 3319 διάκονον
2720 3263 2825 3319 κᾶν
2874 3264 3243 3335 ἀγράμματον
3293 3265 3439 3335 ἔχειν
3497 3262 3841 3335 εὑρίσκεσθαι.

2377 3371 2398 3407 ι
2437 3355 2571 3425 Περὶ
2598 3354 2657 3408 δὲ
2677 3353 2787 3408 τῶν
2806 3354 3010 3409 λοιπῶν
3034 3354 3321 3425 ἀνωτέρων
3355 3353 3585 3425 βαθμῶν
3630 3351 3719 3407 καὶ
3762 3350 3842 3404 τᾶ-

2380 3463 2398 3497 ι
2434 3443 2572 3510 ξεων
2647 3444 2956 3515 σιωπητέον
3022 3445 3418 3516 ὑπολαμσάνω.
3494 3441 3733 3511 Ἐπειδὴ,
3782 3440 3846 3501 ὡς

2379 3554 2397 3588 ι
2436 3531 2614 3601 εἷπον,
2645 3538 2741 3591 ἐὰν
2769 3539 2801 3608 η
2829 3535 2927 3591 τοῦ
2956 3537 3207 3591 διακόνου
3265 3536 3542 3610 ὑπουργία
3588 3537 3686 3590 οὐκ
3713 3536 3845 3604 εὐχε-

2387 3648 2407 3682 ι
2448 3630 2554 3701 ρῶς
2586 3629 2937 3702 εὑρίσκηται,
2967 3628 3151 3701 πολλῷ
3181 3628 3344 3685 πλέον
3384 3629 3517 3700 περὶ
3570 3628 3677 3683 τῶν
3727 3628 3843 3679 ἀνω-

2383 3744 2400 3777 ι
2437 3724 2617 3796 τέρων
2676 3722 2857 3794 τιμῶν
2912 3721 3217 3793 κατάδηλον
3281 3723 3540 3794 ὑπάρχει.
3598 3722 3704 3776 Καὶ
3742 3720 3846 3780 τοὺς

2384 3835 2403 3868 ι
2442 3817 2848 3886 καθημερινοὺς
2882 3815 3116 3887 θρήνους
3144 3814 3253 3869 τῶν
3305 3815 3581 3886 διαφόρων
3634 3814 3720 3868 καὶ
3748 3821 3847 3883 ult-

2388 3926 2407 3962 ι
2440 3907 2531 3961 δὸν
2560 3904 3020 3978 ἀποθνησκόντων
3052 3906 3198 3960 λαῶν
3238 3905 3333 3960 τοῦ
3384 3907 3576 3961 λοιποῦ
3615 3906 3709 3978 οὑχ
3738 3904 3846 3957 uno.

2387 4020 2406 4055 ι
2447 4003 2693 4074 φέρομεν
2714 4015 2729 4031 ο
2760 3994 2843 4065 οἷς
2870 4002 2919 4053 εἰ
2945 3999 3218 4071 μηδέποτε
3250 3999 3570 4071 θελήσωμεν
3591 3998 3844 4071 βοηθῆσαι,

2386 4112 2404 4146 ι
2452 4091 2729 4164 βαρυτάτη
2767 4092 2865 4144 καὶ
2914 4091 3323 4163 ἀναπολόγητος
3369 4091 3522 4145 αίτία
3566 4091 3671 4145 τῶν
3706 4086 3848 4143 ἀπολ-

2386 4205 2405 4239 ι
2446 4186 2697 4258 λυμένων
2760 4183 2949 4255 ψυχῶν
3026 4182 3309 4256 εκδέχεται
3371 4186 3524 4257 ἡμᾶς
3593 4184 3736 4256 παρά
3785 4179 3848 4251 τῷ

2385 4297 2404 4330 ε
2447 4279 2584 4348 Θεῷ.
2619 4298 2639 4330 r

2380 4366 2576 4428 ΒΑΛΣ.
2610 4370 2709 4423 Διά
2738 4370 2840 4439 τῆς
2883 4370 3167 4442 παρούσης
3196 4372 3417 4443 γραφῆς
3474 4371 3619 4436 ἀξιοῖ
3645 4373 3671 4426 6
3692 4369 3848 4439 Αὐρή.

641 4471 754 4531 fleti
776 4450 967 4544 papam
987 4479 1041 4527 et
1062 4442 1510 4525 Mediolancnsem
1534 4468 1869 4538 episcopum,
1887 4472 2028 4539 quod
2048 4469 2207 4523 Afro-

2317 4463 2427 4527 λιος
2452 4462 2672 4533 δοθῆναι
2695 4462 2903 4533 εἴδησιν
2933 4463 3013 4535 τῷ
3043 4442 3248 4536 πάππα
3270 4466 3368 4519 καλ⁸
3394 4464 3474 4533 τῷ
3506 4465 3847 4523 Μεδιολάνων,

638 4580 758 4621 rum
807 4564 1055 4636 regiones
1095 4577 1222 4617 sunt
1253 4560 1310 4615 in
1353 4574 1574 4634 magnas
1619 4560 1898 4629 angustias
1943 4562 2205 4628 adducta;

637 4672 750 4715 non
779 4658 951 4713 solum
993 4654 1337 4712 sacerdotum
1368 4664 1425 4709 et
1463 4654 1863 4724 episcoporum,
1905 4656 2000 4709 sed
2042 4655 2204 4710 etiam

638 4751 873 4821 ipsorum
914 4747 1304 4813 diaconatum;
1356 4752 1414 4800 et
1459 4755 1519 4799 ut
1563 4754 1754 4801 curent
1797 4746 2033 4816 aliquam
2090 4746 2208 4802 ﬁeri

637 4843 1091 4915 dispensationem
1136 4854 1234 4895 seu
1278 4839 1639 4910 provisionem
1694 4840 1748 4893 in
1781 4836 2206 4893 Christianorum

638 4933 923 4988 auxilium.

706 5018 959 5081 ZONAR.
986 5022 1117 5090 Qua)
1165 5022 1441 5091 superiore
1483 5022 1818 5077 oratiuncula
1863 5020 2211 5076 continentur

642 5118 758 5174 hac
790 5126 919 5171 sunt
945 5130 961 5170 :
992 5112 1197 5179 Nostis,
1222 5113 1437 5178 fratres,
1471 5107 1672 5184 [inquit
1710 5111 1988 5181 Aurelius]
2014 5106 2210 5179 quibus

640 5211 905 5265 malorum
961 5209 1343 5279 asperitatibus
1405 5219 1595 5262 omnes
1644 5205 1912 5260 Africana:
1969 5204 2211 5260 ecclesiae

640 5300 1034 5357 conﬂictentur.
1062 5299 1131 5353 Et
1164 5299 1422 5369 quoniam
1441 5299 1488 5353 si
1519 5299 1699 5352 minus
1731 5299 1992 5362 universi,
2030 5298 2210 5367 plures

641 5403 788 5449 certe
828 5392 895 5446 ad
936 5393 1201 5462 synodum
1240 5390 1630 5458 convenimusl,
1666 5407 1801 5459 quas
1846 5406 1944 5461 ego
1994 5392 2208 5460 quidem

641 5484 979 5540 difﬁcultates
1030 5482 1292 5537 sollicitus
1348 5482 1688 5553 investigavi,
1734 5484 1839 5537 hoc
1886 5495 1990 5548 est,
2046 5487 2211 5539 multa

642 5592 773 5633 cura
802 5591 866 5633 ac
892 5574 1171 5645 diligentia
1200 5574 1443 5631 adhibita
1468 5575 1797 5645 conquisivi,
1830 5585 1923 5631 eas
1951 5577 2054 5633 hoc
2077 5592 2213 5635 tem-

647 5683 775 5740 pore
806 5673 858 5723 in
892 5666 1131 5724 medium
1159 5667 1404 5738 proferre
1445 5667 1729 5722 constitui.
1780 5665 2067 5738 Reliquum
2110 5671 2212 5728 erit

642 5760 859 5827 deinde,
911 5767 969 5814 ut
1005 5758 1236 5834 aliquem
1272 5772 1337 5813 ex
1372 5765 1558 5814 nostro
1601 5772 1824 5817 numero
1852 5761 2133 5831 delegatis,
2177 5780 2206 5819 a

2313 4559 2395 4612 ὅτι
2449 4559 2819 4629 στενοχωρίαν
2877 4558 3123 4629 μεγάλην
3179 4557 3397 4629 ἔχουσιν
3446 4560 3505 4613 αἱ
3560 4558 3729 4630 χῶραι
3762 4555 3850 4607 τῶν

2318 4652 2544 4723 Ἀφρων
2579 4652 2655 4722 μὴ
2699 4651 2861 4721 μόνον
2904 4649 3095 4722 ἱερέων
3124 4656 3220 4705 καὶ
3252 4652 3596 4717 ἐπισκόπων,
3629 4649 3852 4707 ἀλλὰκαὶ

2316 4742 2497 4796 αὐτῶν
2522 4740 2632 4795 τῶν
2660 4741 2950 4807 διακόνων,
2978 4742 3074 4796 καὶ
3110 4744 3398 4814 φροντίσαι
3439 4746 3690 4814 γενέσθαι
3735 4746 3844 4798 οἱκο-

2315 4836 2513 4906 νομίαν
2537 4838 2616 4897 εἰς
2647 4834 2905 4905 βοήθειαν
2949 4833 3057 4889 τῶν
3087 4835 3460 4907 Χριστιανῶν.

2387 5020 2633 5075 ΖΩΝΑΡ.
2666 5019 2837 5074 Τοῦτο
2863 5022 2897 5091 ἡ
2923 5024 3174 5093 παροῦσα
3196 5022 3342 5093 λέγει
3368 5027 3586 5099 γραφή·
3612 5027 3690 5081 ὅτι
3730 5023 3848 5076 Ἐπί-

2321 5113 2542 5175 στασθε,
2567 5112 2812 5181 ἀδελφοὶ,
2840 5115 2940 5178 τὰς
2969 5115 3238 5184 ἀνάγκας.
3270 5115 3337 5181 ἃς
3363 5117 3548 5189 ἔχουσι
3600 5119 3760 5172 πᾶσαι
3802 5116 3847 5168 αἱ

2318 5206 2460 5256 κατά
2493 5206 2589 5275 τὴν
2630 5205 2902 5279 Ἀφρικὴν
2928 5209 3239 5279 ἐκκλησίαι.
3268 5209 3375 5265 Καὶ
3400 5212 3525 5265 ἐπεὶ
3569 5211 3787 5282 συνήχθη
3810 5210 3846 5259 ti

2317 5301 2516 5371 καὶμὴ
2551 5303 2699 5355 πᾶσα
2746 5304 2778 5371 ἡ
2832 5304 3071 5372 σύνοδος,
3115 5305 3254 5361 ἀλλά
3304 5324 3369 5376 γε
3418 5308 3522 5361 κᾶν
3581 5311 3639 5362 ἐν
3696 5306 3847 5376 μέρει.

2318 5396 2464 5447 δοκεῖ
2490 5412 2581 5465 μοι
2609 5396 2891 5467 προθεῖναι
2910 5398 2992 5461 είς
3025 5399 3190 5469 μέσον
3214 5402 3310 5466 τὰς
3334 5403 3588 5466 τοιαύτας
3614 5403 3845 5467 ἀνάγκας,

2317 5486 2383 5551 ἃς
2428 5490 2727 5557 ἐφρόντισα
2753 5492 2848 5544 καὶ
2878 5490 3399 5564 ἀνίχνευσα,-ἣγουν
3438 5495 3703 5565 ἐπιμελῶς
3745 5492 3847 5556 ἑξήο

2318 5599 2479 5654 τησα.
2521 5582 2839 5636 ’Δκόλουθον
2893 5583 2953 5636 δὲ
3014 5584 3192 5653 ἔσται,
3256 5588 3613 5654 ἐπιλέξασθαι
3680 5587 3763 5639 ἕνα
3804 5580 3848 5645 ἐξ

2320 5676 2508 5747 ὴμῶν,
2555 5676 2705 5737 ὅστις
2757 5676 2962 5737 ταύτας
3011 5678 3344 5750 ἀποκομίσει
3401 5680 3553 5750 πρὸς,
3590 5680 3657 5734 τὰ
3692 5678 3846 5746 πέραν

2328 5772 2471 5846 μέρη
2506 5773 2603 5842 τῆς
2658 5769 2908 5839 Ἰταλίας,
2946 5771 3116 5843 {now
3142 5775 3445 5845 ἀπαγγελεῖ
3465 5774 3541 5847 τῷ
3562 5776 3747 5843 πάππα
3774 5769 3845 5825 καὶ
