4056 6302
211 325 319 393 23¹1

1285 328 1370 392 ΙΝ
1408 328 1573 395 CAN.
1621 330 1752 390 LXI
1793 328 2001 395 CONC.
2037 329 2412 394 CARTHAG.

3382 320 3490 390 238

207 441 289 510 τῷ
332 441 684 498 Μεδιολάνων
711 443 807 514 τὴν
831 443 1080 515 ἀνάγκην
1113 447 1209 499 καὶ
1239 446 1335 500 τδν
1373 446 1535 501 πόνον
1568 447 1662 500 καὶ
1692 446 1792 514 τὴν

1902 460 2006 514 quo
2045 449 2157 501 time
2179 448 2230 501 in
2260 446 2468 501 Italiam
2508 444 2843 508 deferantur,
2877 459 2970 500 seu
3017 457 3168 516 papa:
3195 451 3246 498 et
3275 440 3484 496 Medo-

208 534 420 588 ἔνδειαν
454 535 637 608 ἡμῶν,
673 537 756 590 ὅτι
786 543 1032 610 τοσαύτη
1089 538 1210 592 ἐστὶ
1278 539 1564 610 κληρικῶν
1594 540 1794 601 ἔνδεια,

205 626 348 680 ὥστε
436 629 634 682 πολλαὶ
711 628 1002 701 ἐκκλησίαι
1055 630 1165 683 οὐδ’
1219 629 1317 683 ἕνα
1383 630 1652 694 διάκονον,
1691 629 1796 682 κᾶν

204 722 596 791 ἀγράμματον,
625 722 864 794 ἔχουσιν.
920 723 1048 777 Ἐὰν
1081 723 1139 776 δὲ
1167 722 1433 787 διάκονοι,
1471 723 1661 793 φησὶν,
1696 721 1796 775 οὐκ

205 810 451 886 εὐχερῶς
493 815 885 886 εὑρίσκωνται,
951 815 1282 886 σκοπητὲον,
1330 816 1376 868 εἰ
1425 816 1474 866 οἱ
1528 812 1794 881 ἀνώτεροι

205 899 435 970 βαθμοὶ,
495 902 664 973 {now
725 904 1092 975 πρεσϐύτεροι
1153 905 1251 958 καὶ
1325 904 1638 967 ἐπίσκοποι,
1702 904 1793 956 eo.

204 991 573 1062 ρεθήσονταιο
609 995 693 1049 ὅτι
763 1000 888 1062 τοὺς
934 997 1173 1070 θρήνους
1211 998 1336 1061 τοὺς
1390 995 1796 1068 καθημερινοὺς

197 1083 310 1136 τῶν
337 1085 506 1150 λαῶν,
542 1086 653 1139 τῶν
688 1088 875 1159 σχεδὸν
920 1090 984 1142 ὲκ
1033 1091 1134 1160 τῆς
1188 1089 1367 1158 λύπης
1416 1088 1788 1160 θνησκόντων,

195 1179 260 1231 οὐ
295 1179 562 1249 φέρομεν.
602 1179 670 1234 Ἥ
710 1182 769 1235 δὲ
805 1180 949 1254 λύπη
997 1182 1230 1247 ὶκείνοις
1284 1177 1353 1252 ἦν
1413 1180 1498 1235 ὅτι
1556 1179 1783 1234 ἐπισκό-

195 1289 338 1336 πους
371 1273 470 1327 καὶ
516 1275 926 1346 πρεσϐυτέρους
988 1275 1088 1329 οὐκ
1125 1272 1296 1348 εἶχον,
1357 1271 1461 1342 οἷς,
1511 1275 1702 1346 φησιν,
1748 1276 1796 1326 εἰ

197 1367 279 1436 μὴ
317 1364 692 1438 βοηθήσομεν,
727 1367 1012 1440 βαρυτάτη
1050 1367 1278 1432 κόλασις
1307 1369 1591 1440 ικδέχεται
1643 1370 1791 1441 ἡμᾶς

193 1458 353 1528 παρὰ
390 1458 471 1530 τῷ
493 1458 613 1532 Θεῷ
643 1461 784 1531 ὑπὲρ
805 1460 916 1515 τῶν
940 1463 1330 1534 ἀπολλυμένων
1356 1460 1545 1534 ψυχῶν

797 1735 1039 1792 ΚΛΝΩΝ
1102 1732 1226 1790 ΞΝ.

1902 537 2203 593 lanensium
2231 539 2486 608 episcOpo
2529 549 2728 592 nosme
2771 535 3136 604 ditlicultates,
3183 534 3336 590 labor
3367 533 3487 589 ino-

1899 631 2100 700 piaque
2131 630 2528 701 signiﬁcentur.
2561 629 2764 701 Nempe
2787 639 3000 690 tantam
3047 629 3191 700 apud
3227 642 3325 683 nos
3369 641 3486 682 esse

1905 721 2227 777 clericorum
2282 723 2634 794 paucitatem,
2679 733 2737 778 ut
2772 723 2958 778 multae
2994 721 3241 778 ecclesia:
3268 734 3334 774 ne
3372 720 3491 775 dia-

1897 828 2096 869 conum
2139 816 2378 881 quidem,
2431 819 2510 869 vel
2560 815 2921 880 illitteratum,
2973 814 3230 869 habeam.
3260 808 3412 879 Quod
3439 808 3486 864 si

1905 904 2174 970 diaconis,
2209 905 2408 974 inquit,
2430 904 2772 962 inveniendis
2816 916 2988 973 usque
3022 905 3156 956 adeo
3184 900 3485 961 laboratur,

1911 995 2040 1064 quid
2071 995 2139 1050 de
2177 996 2549 1064 superioribus
2577 994 2882 1057 ordinibus,
2923 992 3295 1048 sacerdotibus
3329 991 3486 1044 nilni-

1902 1103 2019 1141 rum
2039 1097 2093 1141 et
2120 1088 2388 1157 episcopis
2409 1087 2645 1142 futurum
2672 1087 2762 1151 sit,
2788 1084 3133 1156 cogitandum
3156 1101 3171 1150 ;
3203 1096 3378 1153 neque
3403 1097 3491 1135 vr-

1900 1194 1962 1235 ro
1993 1182 2340 1250 quotidianus
2361 1179 2679 1251 pepulorum
2707 1177 3097 1251 querimonias,
3123 1177 3311 1231 dolore
3352 1189 3490 1244 pene

1903 1275 2334 1339 tabescentium,
2396 1275 2538 1341 quod
2592 1275 2972 1341 episcoporum
3028 1279 3084 1324 et
3136 1270 3486 1326 sacerdotum

1900 1368 2220 1423 ministeriis
2260 1364 2504 1423 destituti
2546 1366 2677 1430 sint,
2737 1365 2941 1420 diutius
2990 1379 3018 1418 a
3073 1363 3226 1418 nobis
3256 1361 3484 1432 perferri

1899 1475 2080 1529 posse.
2106 1462 2256 1527 Quos
2285 1457 2526 1532 quldem,
2560 1459 2758 1531 inquit,
2795 1456 2898 1513 nisi
2935 1458 3196 1528 adjuvare
3227 1459 3484 1523 nitamur,

1901 1551 2256 1607 acerbissima
2322 1551 2611 1621 supplicia,
2658 1553 2727 1607 ob
2776 1551 3081 1606 animarum
3143 1550 3486 1622 pereuntium

1899 1644 2191 1716 iacturam,
2226 1658 2323 1701 nos
2356 1660 2382 1698 a
2422 1643 2530 1700 Deo
2570 1656 2792 1699 manere
2819 1641 3112 1713 putandum
3146 1651 3249 1699 est.

2490 1736 2721 1794 CANON
2759 1735 2890 1792 LXI.

265 1828 435 1881 Ὥστε
464 1828 593 1892 τοὺς
630 1831 862 1900 μικροὺς
920 1832 1073 1903 παρὰ
1139 1834 1252 1896 τοῖς
1293 1836 1646 1899 Δονατισταῖς
1689 1834 1788 1907 βοι-

1909 1853 1926 1885 ι
1963 1831 2030 1888 Ut
2052 1833 2288 1902 parvuli,
2309 1833 2400 1904 qui
2426 1848 2456 1888 a
2495 1830 2793 1888 Donatistis
2816 1830 3185 1904 baptizantur,
3217 1833 3268 1888 in
3299 1831 3490 1890 catho-

273 1938 292 1969 ι
335 1919 729 1987 πτιζομένους,
766 1923 825 1972 ὲν
850 1923 918 1992 τῇ
950 1923 1213 1995 καθολικῇ
1258 1924 1558 1998 Ἐκκλησία
1604 1926 1797 1998 κληρι-

273 2031 292 2063 ι
336 2011 470 2074 troia;
494 2014 956 2082 χειροτονεῖσθαι.
988 2014 1101 2082 Διὸ,
1148 2017 1337 2088 ὲπειδη
1363 2019 1423 2071 ὲν
1451 2021 1517 2091 τῇ
1543 2020 1793 2092 ἀνωτέρᾳ

271 2123 290 2157 ι
327 2104 541 2174 συνόδῳ
559 2105 623 2157 τὸ
652 2105 869 2175 ὁρισθὲν
900 2107 1175 2179 μέμνηται
1203 2108 1319 2180 ἃμα
1339 2110 1463 2181 ἐμοὶ
1489 2113 1523 2181 ἡ
1552 2113 1796 2182 ὑμετέρα

268 2216 287 2248 ι
329 2196 628 2268 δμοψυχία,
688 2196 830 2251 ὥστε
896 2201 1022 2263 τοὺς
1085 2205 1235 2272 παρὰ
1289 2205 1400 2265 τοῖς
1459 2204 1797 2269 δονατισταῖς

267 2307 288 2340 ι
332 2293 571 2362 μικροὺς
641 2291 1079 2363 βαπτιζομένους
1162 2295 1392 2364 μηδέπω
1466 2295 1795 2368 δυναμένους

267 2401 287 2431 ι
328 2382 636 2453 γινώσκειν
665 2384 763 2454 τῆς
799 2383 1013 2457 πλάνης
1043 2386 1223 2441 αὐτῶν
1250 2387 1344 2441 τὸν
1368 2388 1617 2461 ὄλεθρον,
1654 2395 1795 2460 μετὰ

271 2494 290 2526 ι
325 2477 394 2528 τὸ
449 2475 643 2546 κεῖραν
694 2476 962 2546 λογισμοῦ
1032 2477 1295 2549 δεκτικὴν
1363 2481 1793 2552 παραγενέσθαι,

273 2587 292 2619 ι
331 2567 776 2638 ἐπιγνωσθείσης
830 2569 929 2640 τῆς
982 2569 1276 2642 ἀληθείας,
1318 2573 1417 2644 τὴν
1479 2575 1793 2646 φαυλότητα

273 2679 292 2710 ι
336 2661 572 2715 ἐκείνων
621 2661 1080 2734 βδελυττομένους
1129 2669 1269 2736 πρὸς
1333 2667 1432 2735 τὴν
1496 2669 1794 2740 καθολικὴν

274 2774 296 2806 ι
333 2755 434 2809 τοῦ
465 2754 604 2809 Θεοῦ
619 2754 970 2826 Ἐκκλησίαν,
1000 2761 1100 2828 τὴν
1134 2759 1237 2811 ἀνὰ
1276 2762 1451 2815 πάντα
1479 2762 1568 2814 τὸν
1589 2762 1793 2831 κόσμον

283 2867 304 2899 ι
343 2848 783 2923 διακεχυμένην,
814 2848 964 2913 τάξει
996 2849 1199 2920 ἀρχαία
1253 2849 1339 2904 διὰ
1372 2850 1470 2921 τῆς
1495 2852 1792 2917 ἐπιθέσεως

277 2960 296 2993 ι
336 2939 454 2994 τῶν
485 2940 688 3011 χειρῶν
711 2940 1100 3012 ἀναδεχθῆναι,
1123 2942 1250 3006 τοὺς
1298 2944 1574 3009 τοιούτους
1604 2947 1668 3000 ὲκ
1696 2947 1790 2999 τοῦ

272 3052 292 3085 ι
335 3032 439 3104 τῆς
465 3034 675 3103 πλάνης
726 3034 992 3103 ὀνόματος
1018 3036 1095 3106 μὴ
1129 3035 1366 3105 ὀφείλειν
1399 3038 1791 3108 ἐμποδίζεσθαι

275 3144 295 3177 ι
335 3126 417 3188 είς
444 3124 600 3190 τάξιν
627 3125 983 3198 κληρώσεως,
1019 3127 1222 3180 ὁπόταν
1250 3127 1345 3201 τὴν
1370 3127 1632 3201 ἀληθινὴν
1667 3132 1801 3185 Ἐκ-.
1822 3167 1869 3229 C

277 3238 300 3270 ι
343 3218 582 3290 κλησίαν
651 3219 790 3275 ἰδίαν
841 3217 1024 3274 αὐτῶν
1087 3220 1404 3289 ἓλογίσαντο
1474 3225 1540 3295 τῇ
1611 3222 1791 3277 πίστει

273 3329 296 3362 ι
344 3311 807 3382 προσερχόμενοι,
840 3312 934 3365 καὶ
955 3313 1016 3365 ὲν
1040 3311 1179 3381 αὐτῇ
1217 3310 1293 3383 τῷ
1321 3312 1543 3384 Χριστῷ
1572 3315 1794 3368 πιστεύ-

272 3425 293 3456 ι
336 3420 538 3468 σαντες
572 3405 670 3476 τῆς
708 3404 939 3475 Τριὰδος
980 3409 1048 3458 τὰ
1087 3406 1411 3475 ἁγιάσματα
1439 3406 1790 3472 ὑπεδέξαντο.

270 3517 293 3550 ι
336 3498 541 3553 ’Δτινα
575 3499 755 3553 πάντα
801 3498 978 3570 ἀληθῆ
1009 3498 1105 3552 καὶ
1143 3498 1276 3566 ἅγια
1335 3501 1429 3551 καὶ
1490 3501 1611 3553 θεῖα
1647 3497 1787 3554 εἶναι

273 3609 299 3641 e
339 3589 506 3661 ᾶῆλόν
536 3594 677 3655 ἐστι,
735 3594 829 3645 καὶ
856 3594 912 3645 ἐν
936 3589 1148 3656 τούτοις
1178 3593 1361 3648 πᾶσαν
1395 3594 1496 3664 τὴν
1538 3594 1638 3665 τῆς
1687 3594 1791 3665 ψυ-

275 3702 296 3734 ι
337 3682 448 3754 χῆς
476 3682 669 3737 ἐλπίδα
696 3683 991 3755 ὑπάρχειν.
1021 3685 1143 3740 Κᾶν
1170 3687 1218 3737 εί
1271 3684 1341 3737 τὰ
1402 3687 1640 3755 μάλιστα
1697 3685 1792 3743 οὗν

273 3797 294 3829 ι
335 3776 435 3830 καὶ
477 3777 511 3843 ὴ
549 3774 659 3828 τῶν
709 3777 1007 3848 αἱρετικῶν
1060 3775 1440 3848 προληφθεῖσα
1490 3780 1666 3852 τόλμα
1714 3782 1792 3852 τῷ

272 3891 294 3922 ι
333 3867 568 3938 ὀνόματι
613 3869 714 3939 τῆς
749 3868 1010 3942 ἀληθείας
1040 3872 1431 3945 ἐναντιούμενὰ
1456 3891 1580 3930 τινα
1611 3892 1792 3947 παρα-

274 3982 295 4015 ι
340 3963 547 4018 διδόναι
586 3965 1201 4035 προπετεύιται,ταῡτα
1232 3968 1422 4040 ἐπειδὴ
1445 3969 1594 4022 ἁπλᾶ
1618 3971 1786 4032 ἐστιν,

277 4078 296 4121 ι
334 4056 668 4122 ὤςδιδάσκει
690 4060 718 4110 ὁ
736 4057 890 4127 ἂγιος
906 4058 1251 4126 Ἀπόστολος,
1271 4061 1466 4131 λέγων,
1492 4081 1510 4116 ι
1526 4060 1618 4127 Εἷς
1635 4062 1788 4126 Θεὸς,

276 4173 296 4203 ι
351 4149 455 4222 μία
484 4150 690 4216 πίστις,
753 4149 812 4203 ἓν
870 4151 1228 4226 βάπτισμα.»
1290 4155 1398 4207 Καὶ
1451 4155 1510 4208 τὸ
1571 4157 1790 4225 ὀφεῖλον

278 4262 297 4295 ι
343 4243 645 4318 προσάπαξ
668 4243 931 4309 δίδοσθαι,
961 4245 1529 4316 ἑπαναληφθῆναιοὺκ
1556 4247 1790 4312 ἔξεστιν,

276 4355 297 4388 ι
340 4334 894 4407 ἁναθεματιζομὲνου
955 4335 1048 4389 τοῦ
1103 4338 1203 4410 τῆς
1263 4338 1473 4409 πλάνης
1525 4339 1790 4408 ὀνόματος

275 4449 293 4479 ι
329 4430 421 4484 διὰ
483 4427 587 4498 τῆς
645 4428 944 4491 ἐπιθέσεως
997 4431 1106 4484 τῶν
1162 4431 1364 4502 χειρῶν
1419 4431 1790 4504 ἀναδεχθῶσιν

280 4545 298 4574 ι
340 4523 540 4593 είςτὴν
570 4521 698 4594 μίαν
747 4522 1099 4593 Ἐκκλησίαν,
1130 4525 1252 4596 τὴν.
1290 4525 1366 4588 ὼς
1395 4525 1636 4595 εἴρηται,
1689 4543 1789 4580 πε·
1818 4529 1867 4586 D

283 4636 300 4669 ι
343 4617 607 4690 ριστερὰν
638 4618 734 4672 καὶ
762 4627 932 4688 μονην
956 4620 1170 4689 μητέρα
1197 4618 1306 4671 τῶν
1334 4619 1706 4690 Χριστιανῶν,
1732 4624 1792 4673 ὲν

282 4732 298 4763 ι
407 4711 592 4778 πάντα
619 4711 684 4764 τὰ
715 4710 1038 4779 ἁγιάσματα
1092 4711 1452 4782 σωτηριωδῶς
1474 4710 1670 4766 αἰώνια
1697 4717 1794 4768 καὶ

279 4824 298 4852 ι
344 4800 559 4863 ζωτικὰ
589 4800 1134 4869 παραλαμϐάνονται,
1169 4803 1328 4856 ἅτινα
1358 4806 1470 4868 τοῖς
1504 4804 1796 4874 ἐπιμένου-

277 4917 296 4946 ι
343 4912 428 4951 σιν
479 4896 536 4947 ιν
567 4896 630 4965 τῇ
668 4894 878 4963 αἱρέσει
916 4895 1162 4965 μεγάλην
1215 4894 1312 4962 τῆς
1346 4897 1647 4966 καταδίκης
1701 4898 1796 4968 τὴν

278 5009 297 5039 ι
335 4988 612 5058 τιμωρίαν
649 4986 986 5058 πορίζουσιν,
1008 4987 1096 5041 ἵνα
1122 4987 1263 5058 ὅπερ
1294 4985 1361 5061 ἦν
1408 4989 1596 5052 αὐτοῖς
1629 4991 1687 5042 ιν
1725 4994 1791 5061 τῇ

277 5102 296 5134 ι
343 5081 578 5153 ἀληθείᾳ
609 5081 747 5151 πρὸς
783 5080 885 5152 τὴν
926 5079 1148 5135 αἰώνιον
1192 5082 1356 5154 ζωὴν
1395 5084 1792 5155 ἀκολουθητέον

278 5192 297 5224 ι
342 5172 780 5247 φωτεινοτέρως,
844 5168 1011 5228 τοῦτο
1061 5173 1291 5244 γένηται
1353 5175 1550 5238 αὐταῖς
1600 5178 1659 5228 ὲν
1717 5178 1785 5248 τῇ

281 5288 302 5320 e
350 5267 531 5338 πλάνῃ
567 5265 974 5336 σκοτεινότερον
1012 5267 1108 5321 καὶ
1133 5268 1295 5322 πλέον
1323 5268 1796 5340 καταδεδικωμέὲ

280 5381 299 5413 ι
340 5377 455 5415 νον.
482 5359 667 5429 Ὅπερ
694 5358 838 5423 τινὲς
902 5358 1125 5428 ἔφυγον,
1178 5363 1274 5414 καὶ
1320 5361 1421 5431 τῆς
1465 5361 1788 5434 Ἐκκλησίας

282 5475 301 5505 ι
347 5454 448 5525 τῆς
467 5450 760 5522 καθολικῆς
785 5453 992 5524 μητρὸς
1007 5453 1075 5506 τὰ
1100 5452 1370 5507 coactam
1386 5456 1790 5524 ἐπεγνωκότες,

283 5567 304 5600 ι
342 5551 520 5602 πάντα
548 5548 738 5600 ἐκεῖνα
770 5547 841 5598 τὰ
889 5544 1023 5614 ἇγια
1072 5547 1354 5618 μυστήρια
1422 5548 1630 5620 φίλτρῳ
1692 5549 1790 5620 τῆς

279 5660 299 5693 ι
340 5637 601 5704 ἀληθείας
656 5636 988 5693 ἐπίστευσαν
1066 5633 1166 5690 καὶ
1244 5635 1595 5702 ὑπεδέξαντο.
1664 5633 1791 5700 Tot,-

319 5837 368 5868 ⁸⁸
392 5833 600 5908 Ephes.
633 5849 714 5891 tv.
749 5832 805 5890 5.

1980 1946 1996 1978 ι
2031 1927 2134 1982 lica
2151 1925 2392 1982 Ecclesia
2408 1926 2592 1982 clerici
2610 1925 2952 1982 ordinentur.
2977 1923 3209 1980 Proinde
3229 1927 3487 1993 quoniam

1978 2039 1996 2071 ι
2034 2019 2087 2074 in
2115 2020 2397 2089 superiore
2429 2018 2634 2091 synodo
2672 2018 2948 2075 decretum
2979 2035 3100 2076 esse
3132 2034 3238 2074 una
3271 2034 3488 2076 mecum

1979 2133 1998 2165 ι
2028 2123 2207 2168 vestra
2239 2112 2488 2167 meminit
2513 2112 2828 2168 concordia.
2857 2122 2913 2166 ut
2941 2113 3174 2182 parvuli,
3203 2111 3293 2183 qui
3318 2128 3348 2167 a
3378 2111 3488 2166 Do-

1979 2224 1996 2256 ι
2043 2205 2254 2260 natistis
2283 2206 2646 2276 baptizantur.
2677 2204 2889 2259 erroris
2918 2207 3002 2260 sui
3049 2206 3348 2276 perniciem
3389 2219 3486 2260 co-

1977 2317 1995 2348 ι
2037 2312 2301 2367 gnoscere
2353 2311 2462 2352 non
2509 2298 2771 2359 valentes,
2807 2303 3094 2367 postquam
3145 2299 3213 2354 ad
3263 2305 3483 2354 aetatem

1977 2409 1995 2440 ι
2037 2389 2266 2444 rationis
2307 2404 2563 2458 capacem
2606 2391 2973 2461 pervenerint,
3020 2389 3204 2460 agnita
3233 2373 3484 2457 veritate,

1988 2502 2003 2533 ι
2033 2480 2249 2538 illorum
2290 2481 2698 2552 improbitatem
2737 2482 3095 2539 abhorrentes
3122 2481 3176 2536 in
3209 2481 3488 2538 universa-

1977 2592 1993 2623 ι
2035 2571 2138 2625 lem
2179 2570 2273 2626 Dei
2314 2562 2637 2635 Ecclesiam,
2681 2588 2801 2641 quae
2827 2587 2924 2642 per
2964 2572 3280 2630 universum
3326 2590 3485 2630 mun-

1976 2682 1993 2713 ‹
2043 2663 2167 2715 dum
2205 2661 2405 2718 ditl'usa
2445 2674 2548 2730 est,
2583 2666 2806 2734 antiquo
2836 2664 3046 2729 ordine,
3087 2679 3186 2734 per
3229 2681 3486 2720 manuum

1974 2773 1991 2804 ι
2026 2755 2425 2824 impositionem
2461 2755 2812 2825 recipiantur,
2839 2754 3128 2826 quominus
3171 2756 3484 2825 huiusmodi

1973 2865 1991 2897 (
2041 2847 2093 2901 in
2117 2847 2412 2902 clericatus
2432 2846 2680 2902 ordinem
2733 2846 3104 2917 provehantur
3153 2845 3358 2901 erroris
3385 2860 3486 2900 uo-

1976 2958 1994 2991 ι
2035 2940 2179 2994 mine
2206 2937 2458 3009 impediri
2487 2954 2598 2992 non
2629 2937 2832 2994 debent
2859 2955 2872 2993 :
2905 2938 3126 3008 quando
3156 2953 3338 2994 veram
3375 2936 3484 2995 Ec-

1974 3055 1993 3088 ι
2028 3037 2250 3094 clcsiatn
2296 3050 2453 3091 suam
2487 3035 2763 3106 propriam
2795 3034 3186 3090 existimarunt
3219 3036 3287 3089 ad
3324 3033 3486 3092 ﬁdem

1978 3149 1996 3180 ι
2041 3129 2381 3193 accedentes,
2410 3137 2466 3182 et
2499 3129 2553 3182 in
2582 3126 2696 3198 ipsa
2728 3125 2953 3184 Christo
2985 3125 3276 3183 credentes
3303 3124 3488 3181 Trini-

1974 3240 1992 3272 ι
2029 3223 2154 3278 tatis
2183 3231 2525 3278 sacramenta
2571 3228 2950 3290 susceperunt.
2975 3218 3105 3286 Quae
3128 3219 3346 3290 quidem
3367 3235 3487 3275 orn-

1982 3336 2000 3367 ι
2041 3317 2128 3370 nia
2158 3330 2287 3371 vera
2315 3323 2370 3370 et
2405 3319 2598 3370 sancta
2624 3322 2681 3369 et
2705 3313 2887 3369 divina
2913 3327 3036 3370 esse
3065 3310 3274 3368 clarum
3298 3321 3404 3380 est,
3427 3324 3483 3369 et

1991 3428 2010 3460 ι
2057 3409 2110 3463 ἰιι
2162 3407 2230 3462 iis
2269 3422 2488 3462 omnem
2539 3421 2692 3478 spem
2731 3405 2928 3461 animo:
2964 3421 3088 3463 esse
3131 3406 3318 3463 sitam.
3356 3405 3485 3463 Etsi

1973 3520 1992 3553 ι
2029 3504 2270 3558 maxime
2297 3517 2428 3575 ergo
2459 3504 2624 3557 etiam
2651 3501 3028 3557 lueretieorum
3052 3501 3367 3570 praecedens
3389 3514 3484 3553 au-

1975 3616 1993 3647 ι
2031 3595 2186 3651 dacis
2218 3596 2284 3651 ad
2313 3595 2562 3665 quadam
2594 3596 2871 3651 contraria
2911 3595 3010 3652 sub
3041 3593 3262 3651 nomine
3288 3595 3487 3651 verita-

1971 3708 1991 3741 ι
2035 3690 2104 3744 tis
2148 3688 2410 3744 tradenda
2458 3696 2710 3759 prompta
2761 3687 2870 3754 sit;
2930 3700 2995 3741 ea
3044 3687 3305 3756 quoniam
3359 3698 3487 3742 sunt

1975 3803 1991 3834 ι
2032 3781 2322 3852 simplicia,
2360 3790 2420 3836 ut
2457 3782 2623 3837 docet
2661 3791 2886 3836 sanctus
2930 3779 3224 3851 Apostolus
3252 3780 3485 3837 dicens:

1973 3897 1991 3928 ι
2031 3876 2188 3933 Unus
2223 3875 2386 3940 Deus,
2430 3887 2541 3928 una
2591 3871 2746 3940 ﬁdes,
2787 3887 2953 3929 unum
2991 3873 3261 3943 baptisma
3299 3890 3312 3941 ;
3370 3892 3391 3926 ι
3431 3885 3489 3931 et

1974 3988 1993 4021 ι
2028 3968 2172 4041 quod
2203 3968 2369 4023 debet
2389 3966 2557 4023 semel
2589 3967 2728 4033 dari,
2756 3980 2865 4022 non
2903 3966 3034 4023 licet
3067 3981 3259 4023 rursus
3280 3967 3485 4036 recipi;

1972 4081 1990 4112 ι
2034 4059 2495 4116 anathematizato
2532 4059 2738 4114 erroris
2769 4057 3011 4125 nomino,
3043 4073 3141 4128 per
3163 4073 3357 4115 manus
3381 4061 3487 4114 im-

1977 4175 1994 4206 ι
2029 4153 2357 4226 positionem
2382 4155 2442 4210 in
2464 4167 2625 4208 unam
2658 4152 2802 4207 illam
2837 4151 3134 4207 Ecclesium
3171 4152 3485 4222 suscipian-

1973 4269 1991 4299 ι
2027 4259 2134 4312 tur,
2152 4262 2293 4318 quae,
2342 4247 2624 4301 utdictum
2651 4255 2760 4310 est,
2790 4245 3041 4300 columba
3077 4256 3132 4300 et
3154 4244 3268 4300 sola
3314 4256 3486 4301 mater

1974 4361 1991 4394 ι
2033 4341 2488 4406 Christianorum,
2525 4343 2699 4410 inqua
2745 4340 2927 4393 omnia
2971 4340 3316 4393 sacramenta
3341 4338 3486 4394 salu-

1977 4452 1996 4486 ι
2031 4434 2220 4488 tariter
2248 4443 2450 4490 acterna
2473 4440 2529 4486 et
2557 4431 2769 4486 vivifica
2800 4429 3180 4500 accipiuntur,
3220 4444 3340 4500 quae
3363 4431 3486 4499 qui-

1974 4546 1992 4581 ‹
2036 4528 2159 4583 dem
2187 4527 2274 4592 iis,
2306 4526 2401 4596 qui
2443 4513 2662 4581 manent
2685 4525 2740 4578 in
2788 4525 3007 4593 hatresi,
3036 4535 3286 4594 magnam
3334 4537 3486 4594 prat-

1974 4639 1991 4671 ι
2030 4622 2160 4675 bent
2233 4619 2702 4675 condemnationis
2755 4631 3010 4687 prunam,
3065 4625 3126 4672 ut
3163 4617 3307 4688 quod
3363 4626 3483 4672 erat

1972 4733 1990 4765 ι
2032 4713 2165 4782 ipsis
2204 4713 2256 4767 in
2305 4711 2531 4767 veritate
2577 4711 2642 4765 ad
2670 4714 2833 4766 vitam
2872 4718 3131 4767 aeternam
3167 4709 3368 4766 clarius
3393 4724 3484 4766 se.

1971 4829 1986 4859 ι
2032 4807 2330 4878 quendum,
2361 4807 2462 4860 hoc
2498 4807 2568 4860 sit
2590 4796 2756 4860 eisin
2789 4820 2979 4860 errore
3005 4805 3402 4861 tenebricosins
3430 4815 3485 4859 et

1974 4918 1990 4949 ι
2031 4899 2204 4968 magis
2239 4899 2680 4950 condemnatum.
2711 4895 2842 4961 Quae
2873 4896 3091 4964 quidem
3135 4894 3374 4949 nonnulli
3409 4896 3486 4949 vi-

1980 5012 1998 5043 ι
2037 5000 2250 5057 terunt,
2274 5000 2327 5046 et
2359 4990 2611 5046 Ecclesia:
2637 4989 2920 5046 catholicae
2948 4990 3139 5045 matris
3166 4989 3348 5059 agnita
3392 5003 3488 5042 ve-

1976 5104 1995 5136 ι
2036 5084 2216 5150 ritate,
2254 5085 2436 5138 omnia
2484 5083 2807 5137 ille'sancta
2866 5081 3124 5153 mySteria
3175 5096 3205 5134 a
3258 5080 3487 5133 veritate

1976 5197 1994 5229 ι
2033 5177 2196 5232 illecti
2239 5167 2591 5233 crediderunt
2631 5185 2685 5229 et
2731 5185 3115 5245 susceperunt.
3169 5173 3239 5229 lis
3270 5176 3488 5243 quando

1978 5290 1996 5322 ι
2051 5271 2205 5327 bona:
2252 5274 2376 5326 vitae
2413 5269 2662 5341 probatio
2709 5267 3026 5330 accesserit,
3071 5279 3178 5320 non
3225 5266 3386 5320 dubie
3432 5275 3485 5318 et

1979 5383 1997 5415 ι
2041 5366 2252 5436 integre
2293 5368 2360 5418 ad
2387 5369 2851 5420 sacramentorum
2887 5358 3244 5414 ministerium
3297 5356 3488 5412 contir-

1978 5479 1996 5510 ι
2029 5464 2323 5515 mabuntur
2343 5476 2357 5511 :
2381 5468 2434 5511 et
2465 5454 2774 5510 maximein
2803 5462 2950 5507 tanta
2975 5465 3154 5506 rerum
3189 5449 3488 5504 necessitu-

1981 5571 1998 5602 ι
2043 5553 2099 5605 te
2125 5565 2282 5607 nemo
2305 5562 2385 5606 est
2416 5551 2505 5620 qui
2538 5551 2642 5603 huc
2669 5563 2774 5601 non
2802 5545 3085 5600 concedat.
3118 5542 3279 5616 595
3308 5542 3363 5598 Si
3394 5539 3487 5612 qui

1983 5663 2001 5696 ι
2041 5657 2220 5704 autem
2251 5645 2407 5714 huius
2452 5642 2719 5713 dogmatis
2752 5638 2931 5695 clerici
2971 5651 3094 5694 cum
3144 5633 3487 5692 multitudine
