4056 6302
516 307 621 368 ⁸271

1734 307 2013 370 ΤΠΕΟῘ).
2043 307 2444 369 BALSAMON

3635 309 3729 373 280

518 421 728 472 rahnnt.
770 416 966 470 Deinde
993 417 1153 468 etiam
1178 417 1384 488 eyt-lum
1408 419 1533 472 solis
1559 418 1738 474 inveni
1765 420 1866 474 hoc
1896 420 2077 474 modo:

2204 417 2381 473 ιύκλον
2437 419 2539 488 τῆς
2582 418 2834 489 σελήνης,
2890 418 2950 482 ὃς
2996 417 3090 473 καὶ
3149 418 3460 491 εὑρίσκεται
3507 421 3728 475 οὑτωσί·

516 511 746 564 Numera
781 524 951 564 annos
980 526 1008 563 a
1041 511 1316 564 creatione
1352 511 1558 576 tnttndi,
1583 521 1633 567 et
1651 527 1760 567 eos
1782 512 1956 567 dixide
1986 528 2082 582 per

515 602 702 670 viginti
744 611 887 666 orto,
924 613 973 656 et
1007 603 1096 671 qui
1134 613 1338 658 restant
1370 603 1455 657 dic
1481 618 1574 658 eos
1605 604 1818 675 cyclum
1848 603 2079 659 solarem

513 697 807 753 declarare.
837 697 977 768 Cycli
1012 698 1225 766 quidem
1253 699 1514 770 lnnm,qui
1543 710 1669 755 sunt
1691 701 2080 766 novemdecitn,

519 791 782 859 incipiunt
814 808 841 844 a
879 807 1062 848 mense
1097 789 1394 846 Januario:
1436 792 1570 863 cycli
1602 802 1778 848 autem
1813 793 1966 856 solis,
1989 790 2080 860 qui

461 937 465 942 _
517 893 639 937 sunt
675 883 862 951 viginti
893 894 1017 939 octo
1049 898 1298 944 numero.
1333 883 1600 954 incipiunt
1650 900 1679 936 a
1710 898 1895 938 mense
1921 881 2083 938 Octo-

518 976 618 1030 tiri.
653 975 788 1028 Cum
822 991 948 1046 ergo
972 975 1105 1046 rycli
1137 975 1277 1030 lunae
1306 984 1361 1030 et
1406 976 1533 1031 solis
1578 976 1656 1030 sic
1691 975 2038 1030 inveniantur
2062 1015 2080 1042 ,

519 1065 813 1136 multiplica
858 1067 1110 1121 undecies
1147 1075 1271 1121 tunc
1302 1077 1608 1123 currentem
1655 1068 1792 1122 lunae
1829 1068 2076 1138 cyclnm;

520 1159 727 1214 tletnde-
759 1158 894 1214 adde
930 1175 1096 1228 usque
1147 1161 1212 1213 ad
1245 1160 1512 1214 decimum
1568 1171 1779 1214 sextum
1831 1159 2038 1230 cyclum
2066 1197 2084 1224 ,

523 1267 619 1322 pro
653 1253 860 1304 smculis
889 1253 1107 1322 elapsis,
1143 1268 1233 1307 sex
1264 1253 1401 1315 dies,
1436 1252 1523 1321 qui
1549 1261 1749 1317 epactm
1786 1251 2083 1317 dicuntur;

519 1354 636 1412 pthl
673 1343 940 1397 decimum
985 1357 1195 1399 sextum
1237 1345 1444 1415 cyclum
1475 1359 1642 1408 usque
1699 1345 1764 1397 ad
1815 1343 2082 1396 decimum

520 1451 741 1496 nonum,
761 1436 895 1490 adde
925 1435 1173 1491 similiter
1197 1445 1398 1507 septem
1427 1435 1568 1493 dies:
1600 1442 1649 1487 et
1679 1443 1959 1503 postquam
1989 1435 2087 1488 Itos

518 1542 705 1580 omnes
738 1528 848 1582 dies
880 1529 930 1581 in
968 1544 1130 1581 unam
1159 1543 1422 1582 summam
1451 1527 1751 1598 collegeris,
1779 1526 1960 1580 divide
1993 1541 2087 1582 eos

519 1635 616 1686 per
655 1619 866 1687 triginta
895 1661 909 1686 ,
945 1628 998 1673 et
1035 1635 1155 1674 cum
1195 1619 1409 1674 veneris
1437 1619 1501 1674 ad
1548 1635 1831 1674 numerum
1871 1619 2088 1689 triginta

519 1711 711 1765 diebus
748 1712 1010 1765 minorem
1041 1756 1055 1778 ,
1088 1727 1208 1764 eum
1243 1727 1415 1774 sume,
1460 1723 1514 1766 et
1548 1721 1622 1767 tot
1652 1713 1767 1766 dies
1801 1729 1866 1766 ex
1899 1726 2089 1767 mense

2195 511 2526 582 ’Λρίθμησον
2554 511 2620 563 τὰ
2669 509 2774 563 άπὸ
2806 510 3038 573 κτίσεως
3070 511 3275 580 κόσμου
3304 511 3420 581 ἔτη,
3452 513 3546 566 καὶ
3573 513 3723 582 figas):

2183 603 2320 658 αὐτὰ
2358 603 2450 654 ἐπὶ
2483 603 2592 654 τῶν
2626 600 2711 666 ιϐ’,
2743 603 2836 656 καὶ
2861 603 2930 656 τὰ
2955 603 3396 673 ὲναπομείναντά
3426 605 3530 658 εἰσι
3575 606 3734 676 δηλω-

2182 695 2311 749 τικὰ
2363 693 2459 748 τοῦ
2517 694 2722 749 κύκλου
2752 694 2855 764 τῆς
2905 696 3159 766 σελήνης.
3188 691 3323 750 Εἶτα
3356 696 3482 766 εὑρὲ
3525 700 3615 751 καὶ
3652 702 3735 754 τὸν

2184 787 2382 844 κύκλον
2431 788 2525 841 τοῦ
2575 788 2728 860 ἡλίου
2764 786 2940 852 οὕτως
2985 804 3001 822 ο
3049 789 3358 859 άρίθμησον
3387 790 3455 843 τά
3490 793 3595 845 άπὸ
3630 795 3736 847 κτί-

2183 903 2323 948 σεως
2358 887 2565 953 κόσμου
2619 884 2738 954 έτη,
2774 886 2869 939 καὶ
2909 884 3072 954 ὕφελε
3121 886 3262 940 αὐτὰ
3291 886 3383 940 ἐπὶ
3416 887 3526 940 τῶν
3577 891 3736 944 εἴκοσι

2184 977 2278 1030 καὶ
2305 974 2470 1040 ὀκτὼ,
2510 975 2605 1028 καὶ
2651 975 2722 1028 τὰ
2757 975 3277 1044 περιλιμπανόμενα
3317 976 3437 1030 sine
3477 976 3738 1045 δηλωτικὰ

2183 1063 2326 1122 εἶναι
2382 1064 2476 1120 τοῦ
2517 1065 2716 1119 κύκλου
2743 1065 2849 1119 ’τοῦ
2883 1065 3054 1137 ἡλίου.
3089 1067 3152 1118 Ut
3192 1066 3374 1135 μέντοι
3419 1067 3610 1120 κύκλοι
3652 1069 3739 1137 τῆς

2187 1160 2441 1230 σελήνης,
2477 1157 2770 1213 δεκαεννέα
2819 1158 2992 1223 ὅντες,
3021 1158 3290 1227 ἄρχονται
3343 1158 3451 1210 ἀπὸ
3489 1158 3582 1212 τοῦ
3620 1160 3740 1213 Ἰαν-

2183 1250 2439 1318 νουαρίου
2473 1249 2678 1320 μηνός·
2713 1251 2764 1303 οί
2805 1251 2861 1303 δὲ
2894 1248 3082 1303 κύκλοι
3105 1247 3200 1303 τοῦ
3235 1249 3410 1318 ἡλίου.
3449 1249 3620 1303 εἰκοσι
3659 1251 3742 1305 καὶ

2183 1341 2327 1395 ὀκτὼ
2351 1341 2507 1404 ὄντες
2539 1341 2632 1394 τὸν
2675 1341 2931 1412 άριθμδν,
2977 1340 3235 1412 ἄρχονται
3279 1341 3390 1395 ἀπὸ
3433 1341 3530 1395 τοῦ
3561 1341 3744 1395 Ὀκτω-

2187 1432 2342 1502 ϐρίου
2399 1432 2587 1503 μηνός.
2622 1433 2745 1486 Τῶν
2798 1433 2929 1500 γοῦν
2971 1431 3190 1486 κύκλων
3247 1433 3346 1501 τῆς
3402 1433 3631 1503 σελήνης
3660 1435 3744 1488 καὶ

2183 1526 2280 1582 τοῦ
2330 1526 2484 1598 ἡλίου
2547 1527 2720 1590 οὕτως
2765 1526 3216 1596 εὑρισκομένων,
3264 1524 3747 1580 ἑνδεκαπλασίασον

2186 1620 2277 1674 τον
2309 1620 2572 1690 τρέχοντα
2592 1617 2893 1690 τηνικαῦτα
2935 1617 3136 1671 κύκλον
3183 1617 3280 1686 τῆς
3330 1616 3561 1687 σελήνης
3585 1632 3600 1648 ·
3635 1613 3743 1670 εἶτα

2192 1713 2629 1785 πρόσθεςῖμέχρι
2661 1713 2759 1782 μὲν
2809 1710 2903 1765 τοῦ
2940 1717 2993 1776 ς’
3031 1709 3234 1763 κύκλου
3287 1711 3448 1778 χάριν
3489 1709 3597 1762 τῶν
3625 1725 3751 1777 παρ-

521 1802 710 1856 Martio
747 1802 824 1859 vel
857 1806 1017 1858 etiam
1055 1803 1222 1872 Aprili
1256 1805 1326 1859 illi
1356 1807 1513 1868 adde,
1547 1815 1681 1876 quot.
1710 1804 1998 1871 sufﬁciant,
2031 1816 2086 1860 ttt

2204 1809 2451 1861 ελθόντων
2508 1807 2721 1860 αίὼνων
2784 1804 2998 1875 ἡμέρας
3053 1803 3112 1868 ἓξ
3158 1804 3258 1866 τὰς
3319 1800 3618 1869 λεγομένας
3661 1800 3749 1853 ἑπ-

520 1897 610 1947 liat
643 1911 900 1950 numerus
934 1898 1430 1968 quinquagesimus,
1470 1909 1523 1953 et
1549 1899 1634 1954 tlic
1667 1899 1854 1953 statim
1891 1899 1942 1953 itt
1982 1899 2087 1954 [ine

518 1989 964 2058 quinquagenarii
993 1990 1187 2045 debere
1211 2006 1328 2045 esse
1358 1990 1560 2044 Pascha
1597 1989 1786 2059 legale.
1815 1990 1881 2047 Ut
1907 2002 2085 2046 autem

521 2082 662 2148 quod
696 2081 894 2134 dictum
930 2090 1031 2142 est,
1069 2096 1166 2149 per
1195 2081 1497 2151 exemplum
1546 2081 1635 2136 ﬁat
1693 2082 2032 2136 manifestius
2063 2124 2078 2150 ,

521 2173 750 2227 labentis
783 2174 906 2228 anni
943 2175 1118 2229 sexies
1151 2173 1418 2227 millesimi
1449 2175 1827 2228 sexcentesimi
1873 2183 2088 2238 octoge-

519 2265 640 2319 simi
677 2266 814 2320 sexti
851 2265 1143 2321 Pasehnles
1173 2266 1284 2320 dies
1320 2279 1520 2332 quzcre,
1549 2275 1604 2319 et
1636 2265 1722 2319 dic
1752 2265 1864 2329 ita;
1896 2263 2090 2336 Cyclus

521 2356 663 2410 lunae
695 2365 869 2412 esteo
919 2372 1060 2412 anno
1090 2355 1478 2427 septemdecim
1542 2356 1633 2426 qui
1690 2370 1784 2424 per
1839 2355 2088 2409 undecim

526 2451 914 2520 mnltiptic.-.tns
946 2448 1110 2505 efﬁcit
1161 2449 1274 2503 dies
1308 2459 1521 2503 centum
1561 2450 1829 2518 octoginta
1863 2460 2090 2518 septem.

528 2543 790 2599 Undecies
815 2543 960 2597 enim
988 2541 1370 2612 septemdecim
1405 2550 1531 2595 sunt
1561 2551 1779 2596 centum
1817 2541 2090 2610 octoginta

524 2645 750 2706 septem.
784 2632 877 2688 liis
907 2649 1002 2705 pro
1029 2634 1261 2701 saeculis,
1297 2642 1353 2689 ut
1375 2634 1575 2688 dictum
1602 2643 1706 2696 est,
1733 2633 1923 2689 diebus
1958 2647 2095 2702 quo-

525 2745 631 2798 que
693 2738 901 2799 septem
954 2727 1184 2783 addictis
1218 2768 1233 2794 ,
1287 2727 1514 2783 edicitur
1575 2741 1830 2781 numerus
1887 2727 2092 2780 dierum

527 2833 747 2874 rentnzn
819 2820 1111 2890 nonaginta
1172 2833 1423 2889 quatuor.
1461 2821 1580 2887 Quo
1619 2822 1831 2890 quidem
1869 2835 2095 2876 numero

527 2929 621 2981 per
657 2912 879 2981 triginta
907 2911 1098 2976 diviso,
1123 2912 1498 2983 relinquuntur
1521 2912 1636 2966 dies
1664 2912 2092 2980 quatuordecim:

528 3004 704 3058 sexies
735 3004 873 3057 enim
907 3003 1122 3073 triginta
1146 3012 1274 3057 sunt
1306 3012 1524 3056 centum
1553 3004 1844 3071 octoginta.
1871 3001 1943 3056 Ut
1967 3014 2096 3070 ergo

2190 1898 2380 1962 ακτάς,
2415 1897 2565 1952 Μετὰ
2597 1897 2654 1950 δὲ
2678 1897 2769 1950 τὸν
2791 1898 2868 1960 ις’
2897 1895 3097 1949 κύκλον
3124 1894 3285 1964 μέχρι
3314 1893 3502 1962 τοῦξιίγ
3533 1891 3752 1962 πρόσθες

2191 1994 2329 2063 ὑπὲρ
2358 1992 2547 2065 ὁμοίου
2577 1993 2797 2063 ἡμέρας
2821 1990 2961 2044 ἑπτά
2983 2006 3001 2022 ο
3028 1989 3124 2042 καὶ
3151 1989 3292 2058 μετὰ
3321 1987 3382 2041 τὸ
3405 1986 3634 2057 ποιῆσαι
3663 1986 3753 2055 τὴν

2189 2089 2298 2143 τῶν
2325 2088 2589 2143 τοιούτων
2645 2087 2783 2141 ὅλων
2845 2084 3070 2156 ἡμερῶν
3121 2083 3336 2148 ἕνωσιν,
3379 2080 3546 2149 ὕφελε
3595 2079 3752 2141 αὐτὰς

2191 2183 2280 2236 ἐπὶ
2327 2182 2437 2235 τῶν
2490 2179 2554 2246 λ’,
2611 2179 2708 2232 καὶ
2764 2178 2894 2231 ὅταν
2952 2176 3302 2246 καταντήτῃς
3358 2176 3437 2237 είς
3493 2172 3754 2240 ποσότητα

2189 2276 2392 2346 ἥττονα
2421 2273 2529 2326 τῶν
2555 2271 2598 2324 λ’
2627 2270 2873 2341 ἡμερῶν,
2908 2270 3000 2323 καὶ
3031 2268 3304 2338 κράτησον
3330 2267 3412 2328 είς
3442 2266 3542 2328 τάς
3569 2264 3744 2334 χεῖράς

2194 2387 2287 2422 σου
2315 2367 2518 2436 ταύτην
2570 2367 2659 2420 καὶ
2688 2365 2888 2418 ένωσον
2937 2362 3023 2416 ἐπ’
3049 2362 3189 2432 αὑτῇ
3237 2361 3344 2415 ἀπὸ
3383 2361 3479 2411 τοῦ
3507 2358 3745 2424 Μαρτίου

2197 2462 2360 2531 μηνὸς
2395 2459 2428 2529 ἢ
2468 2458 2688 2512 καὶτοῦ
2730 2455 3043 2526 ’Δπριλλίου
3093 2453 3306 2523 ἡμέρας
3337 2453 3462 2506 ὅσαι
3505 2447 3757 2519 ὲξαρκοῦο

2196 2569 2281 2606 σιν
2329 2553 2409 2615 εἰς
2440 2551 2501 2603 τὸ
2548 2546 2982 2618 συμποσωθῆναι
3034 2560 3396 2616 πεντηκοντα.
3422 2541 3536 2596 Καὶ
3571 2541 3755 2594 αὐτίκα

2194 2647 2316 2700 είπὲ
2361 2644 2501 2700 κατά
2541 2643 2600 2697 τὸ
2626 2643 2778 2706 τέλος
2823 2641 2920 2710 τῆς
2947 2635 3384 2704 πεντηκοντάδος
3415 2633 3653 2701 ὀφείλειν
3680 2632 3758 2700 γί-

2196 2738 2386 2792 νεσθαι
2440 2736 2501 2790 τὸ
2557 2735 2779 2805 νομικὸν
2838 2734 3050 2801 Πάσχα.
3084 2731 3205 2783 Ίνα
3243 2729 3298 2784 δὲ
3330 2728 3425 2782 καὶ
3469 2728 3561 2781 διὰ
3604 2742 3762 2796 παρα-

2196 2832 2489 2900 δείγματος
2521 2827 2857 2896 σαφέστερον
2889 2825 3120 2894 γένηται
3157 2822 3218 2875 τὸ
3247 2821 3571 2891 λεγόμενον,
3603 2820 3756 2888 ζήτη·

2200 2941 2293 2980 σον
2343 2923 2442 2987 τὰς
2507 2921 2601 2974 τοῦ
2658 2919 2942 2990 τρέχοντος
2997 2916 3176 2986 ςχττς⁹
3231 2915 3386 2979 ἔτους
3463 2910 3760 2984 Πασχαλίου

2197 3016 2436 3088 ἡμέρας,
2471 3015 2564 3067 καὶ
2609 3013 2731 3066 είπὲ
2775 3011 2950 3073 οὕτως
2976 3027 2990 3044 ο
3057 3006 3118 3062 ’0
3151 3008 3351 3072 κύκλος
3405 3006 3513 3077 τῆς
3547 3006 3759 3075 σελήνης

531 3096 623 3149 ﬁat
662 3108 916 3149 numerus
943 3094 1152 3148 dierum
1202 3094 1623 3164 quinquaginta,
1656 3108 1761 3163 quo
1795 3093 2097 3148 inveniatur

2204 3110 2338 3162 κατὰ
2371 3106 2430 3159 τὸ
2456 3103 2699 3160 τοιοῦτον
2742 3102 2862 3167 έτος
2907 3101 3058 3155 ἐστὶν
3104 3099 3599 3162 ἑπτακαιδέκατος,
3627 3100 3760 3158 ὅστις

531 3192 647 3243 dies
684 3187 903 3242 Paschae
932 3189 1139 3257 legalis,
1175 3187 1311 3241 adde
1355 3188 1514 3243 dictis
1541 3189 1947 3256 quattuordecim
1982 3187 2096 3240 die-

533 3284 632 3335 bus
660 3297 825 3334 unnm
854 3291 908 3337 et
931 3282 1145 3352 triginta
1173 3282 1287 3335 dies
1310 3279 1483 3334 Martii
1508 3291 1560 3336 et
1585 3281 1783 3349 Aprilis
1811 3281 1923 3335 dies
1948 3281 2101 3349 quin-

535 3392 675 3444 qtte;
713 3386 766 3430 et
818 3377 895 3428 sic
944 3391 1065 3428 cum
1120 3375 1508 3448 quinquaginta
1553 3376 1762 3429 dierum
1816 3387 2099 3428 numerum

537 3470 806 3536 edet-eris,
839 3469 926 3523 dic
958 3469 1152 3522 debere
1183 3469 1299 3522 tieri
1348 3467 1551 3522 Pascha
1589 3468 1756 3536 legale
1795 3466 1988 3535 quinto
2016 3466 2103 3519 die

541 3561 744 3616 mensis
773 3560 993 3630 Aprilis.
1026 3560 1159 3625 Quia
1189 3569 1366 3614 autem
1399 3561 1602 3613 mensis
1639 3559 1854 3627 quidem
1878 3555 1993 3611 dies
2025 3555 2104 3611 sic

538 3653 1048 3723 comprehenditur;
1108 3654 1424 3723 septimana:
1472 3664 1653 3707 autem
1702 3650 1815 3705 dies
1865 3650 2106 3704 incertus

537 3760 620 3804 est
655 3768 667 3802 :
712 3765 848 3818 onus
876 3759 957 3804 est
986 3756 1040 3802 te
1086 3763 1297 3818 qttoque
1353 3763 1470 3801 eam
1517 3747 1718 3802 doceri.
1754 3744 1814 3799 Et
1852 3745 2106 3815 quoniam

541 3843 644 3896 hoc
674 3855 815 3896 anno
846 3841 1026 3911 ryclus
1059 3842 1188 3896 solis
1218 3847 1301 3894 est
1343 3841 1636 3894 vicesimus
1683 3838 1974 3900 secundus,
2010 3851 2108 3906 cy-

539 3935 734 3988 clicum
772 3932 913 3989 bttnc
963 3948 1244 3987 numerum
1303 3946 1474 3995 sume,
1528 3942 1579 3985 et
1625 3947 1726 4001 pro
1785 3942 2108 3998 unoquoque

538 4026 877 4097 quadrienno
925 4036 1141 4093 promer
1169 4027 1467 4078 bissextum
1498 4025 1640 4077 diem
1675 4038 1836 4077 unum
1869 4021 1918 4077 ei
1949 4022 2107 4084 adde,

539 4119 742 4173 sriiicet
774 4133 871 4185 pro
899 4119 1082 4190 viginti
1117 4120 1325 4172 duobus
1352 4117 1518 4186 t-yelis
1563 4117 1676 4170 dies
1719 4115 1979 4185 quinque,
2013 4115 2106 4183 qui

540 4217 704 4268 etiam
733 4224 934 4284 epaetre
974 4213 1245 4267 dicuntur.
1308 4211 1384 4265 Ita
1426 4213 1508 4265 his
1539 4210 1696 4276 adde,
1727 4210 1770 4264 si
1807 4209 2024 4280 quidem
2055 4210 2110 4263 in

545 4322 728 4361 mense
766 4306 958 4360 Martio
992 4306 1158 4374 legale
1186 4303 1388 4357 Pasrha
1420 4303 1711 4368 invenitur,
1740 4303 2111 4370 rationeprte-

542 4399 822 4453 teritornm
847 4397 1134 4460 mensium,
1164 4398 1256 4466 qui
1293 4404 1647 4450 numerantur
1677 4411 1704 4446 a
1742 4408 1923 4448 mense
1945 4391 2112 4448 Octo-

2208 3198 2839 3267 ἐνδεκαπλασιαξὸμενος
2890 3198 3150 3251 ἀποτελεῖ
3203 3197 3419 3267 ἡμέρας
3468 3193 3617 3263 ρπζ’.
3657 3190 3764 3245 Ἐν-

2205 3294 2427 3356 δεκάκις
2477 3293 2588 3362 γὰρ
2640 3289 2913 3344 δεκαεπτὰ
2969 3289 3114 3360 ρπξκ
3171 3287 3628 3360 Προστιθεμένων
3678 3283 3763 3337 οὖν

2205 3387 2414 3447 τούτοις
2447 3385 2607 3456 χάριν
2641 3382 2751 3437 τῶν
2786 3381 3021 3446 αἰώνων,
3053 3381 3130 3444 ὡς
3162 3383 3402 3449 εἴρηται,
3425 3378 3524 3432 καὶ
3551 3377 3761 3448 ἡμερῶν

2208 3476 2378 3542 ἑπτά,
2425 3474 2771 3529 ἀποτελεῖται
2812 3473 3048 3543 ποσότης
3084 3470 3314 3541 ἡμερῶν
3368 3467 3508 3540 ριδ.
3556 3461 3659 3528 τΠς
3710 3461 3765 3534 δὴ

2208 3570 2506 3640 ποσότητος
2538 3566 2882 3636 ὑφελομένης
2909 3566 3004 3619 ἐπὶ
3032 3563 3140 3616 τῶν
3175 3561 3241 3628 λ’,
3278 3560 3763 3632 περιλιμπάνονται

2209 3662 2414 3735 ἡμέραι
2451 3659 2531 3716 ιδ’.
2601 3659 2818 3724 Ἐξάκις
2847 3657 2955 3727 γάρ
2989 3656 3284 3726 τριάκοντα
3323 3659 3431 3722 ρπθ.
3453 3653 3576 3705 Ἵνα
3605 3648 3766 3704 τοίνυν

2210 3748 2499 3802 ποσωθῶσι
2537 3747 2878 3815 πεντήκοντα
2909 3745 3137 3815 ἡμέραι,
3167 3745 3329 3814 χάριν
3355 3740 3448 3795 τοῦ
3489 3740 3766 3811 εὑρεθῆναι

2209 3841 2307 3910 τὴν
2352 3839 2570 3912 ἡμέραν
2601 3837 2698 3893 τοῦ
2736 3837 2969 3909 νομικοῦ
3031 3838 3244 3908 Πάσχα,
3273 3837 3479 3890 ἓνωσον
3521 3836 3637 3898 ταῖς
3681 3833 3769 3903 ρη-

2213 3933 2421 3996 θείσαις
2451 3932 2587 3986 δέκα
2656 3931 2793 4002 πρὸς
2850 3933 2973 3994 ταῖς
3027 3931 3323 4000 τέσσαρσιν
3393 3929 3630 3998 ἡμέραις
3680 3924 3766 3985 τὰς

2211 4026 2506 4096 τριάκοντα
2535 4025 2671 4095 πρὸς
2704 4028 2770 4096 τῇ
2805 4027 2906 4096 μιᾷ
2950 4025 3166 4094 ἡμέρας
3198 4023 3292 4076 τοῦ
3326 4020 3579 4092 Μαρτίου
3619 4017 3768 4088 μηνὸς

2213 4118 2308 4173 καὶ
2342 4119 2450 4172 ἀπὸ
2494 4115 2590 4171 τοῦ
2636 4115 2950 4186 Ἀπριλλίου
3002 4115 3219 4188 ἡμέρας
3249 4113 3446 4168 πέντε·
3498 4114 3594 4166 καὶ
3639 4109 3768 4164 οὕτω

2218 4212 2583 4286 συμποσὼσας
2618 4212 2832 4283 ἡμέρας
2872 4209 2915 4266 ν’
2956 4211 3080 4280 λέγε
3137 4209 3376 4279 ὀτείλειν
3417 4206 3670 4278 γενέσθαι
3717 4202 3769 4254 τὸ

2215 4308 2437 4377 νομικὸν
2485 4305 2677 4374 Πάσχα
2729 4305 2870 4358 κατὰ
2892 4302 2995 4375 τὴν
3033 4303 3294 4373 πέμπτην
3335 4301 3430 4354 τοῦ
3470 4297 3767 4371 Ἀπριλλίου

2222 4399 2410 4470 μηνός.
2447 4398 2569 4451 Ὀτι
2601 4397 2656 4450 δὲ
2683 4397 2716 4467 ἡ
2752 4397 2852 4466 μὲν
2877 4395 2970 4449 τοῦ
3005 4395 3175 4465 μηνὸς
3208 4393 3394 4465 ἡμέρα
3424 4392 3567 4446 οὕτω
3611 4405 3769 4443 καταο

545 4492 624 4544 hri
658 4532 672 4553 ,
711 4491 827 4545 dies
860 4491 1145 4553 undecim;
1194 4489 1400 4544 scilicet
1445 4504 1540 4557 pro
1568 4486 1790 4542 Octobri
1832 4487 1946 4542 dies
1981 4497 2100 4551 tres,

2219 4491 2631 4562 λαμϐάνεται,ἡ
2662 4491 2719 4543 δὲ
2755 4492 2853 4559 τῆς
2884 4489 3177 4558 ἑϐδομάδος
3208 4487 3390 4559 ἡμέρα
3419 4485 3613 4556 ἄδηλός
3643 4483 3766 4542 ἐστι,

544 4601 607 4637 eo
636 4585 779 4652 quod
817 4585 1010 4639 haheat
1044 4583 1130 4638 hic
1176 4582 1376 4637 mensis
1422 4583 1536 4635 dies
1583 4581 1799 4650 triginta
1833 4591 1886 4634 et
1916 4597 2113 4647 unum;

546 4696 641 4748 pro
675 4677 999 4742 Novembri,
1042 4677 1176 4729 duos
1217 4676 1351 4738 dies,
1383 4674 1521 4744 quod
1555 4675 1601 4728 is
1634 4676 1826 4728 habeat
1857 4674 1974 4730 dies
2003 4675 2116 4739 tri-

548 4775 714 4843 ginta,
742 4785 795 4827 et
817 4788 917 4841 pro
956 4771 1235 4826 Decembri
1271 4781 1324 4824 et
1363 4770 1625 4825 Januario
1659 4771 1773 4825 dies
1807 4786 1897 4825 sex
1924 4809 1940 4834 ,
1974 4769 2115 4838 quod

553 4866 922 4937 «unusquisque
957 4881 1142 4920 eormn
1198 4865 1390 4919 habeat
1417 4864 1530 4917 dies
1565 4863 1780 4933 triginta
1825 4873 1880 4918 et
1930 4880 2115 4920 unum.

551 4961 657 5016 l‘ro
682 4975 865 5016 mense
901 4969 1079 5014 autent
1153 4958 1411 5012 ebruario
1461 4958 1590 5011 nihil
1641 4958 1829 5021 addes,
1866 4971 1932 5012 eo
1976 4958 2118 5027 quod

552 5057 597 5107 ei
632 5054 768 5108 desit
807 5068 819 5102 :
855 5053 898 5106 si
929 5063 1105 5105 antem
1149 5049 1420 5105 invenitur
1456 5049 1663 5104 Pascha
1711 5050 1879 5118 Ιεεηιθ
1939 5065 2123 5104 mense

554 5145 741 5214 Aprili,
784 5154 840 5197 ιιι
875 5144 929 5197 lit
960 5145 1010 5196 in
1038 5143 1284 5213 pnesenti
1321 5152 1559 5210 tempore
1589 5158 1604 5194 :
1636 5140 1771 5195 addc
1801 5141 1964 5195 etiam
2001 5151 2113 5196 tres

555 5241 688 5295 alios
725 5242 836 5292 dies
870 5255 965 5308 pro
998 5254 1178 5292 mense
1207 5237 1421 5300 Martio,
1452 5247 1507 5289 nt
1557 5236 1665 5292 sint
1704 5251 1802 5303 pro
1848 5234 2122 5289 mensibus

555 5335 672 5388 dies
701 5333 1128 5402 quattuordecim.
1173 5330 1437 5399 Legititno
1480 5343 1608 5398 ergo
1642 5327 1862 5382 Pascin
1896 5329 1982 5382 die
2036 5328 2121 5381 in-

558 5435 739 5487 vento,
776 5435 827 5477 ttt
863 5425 1121 5487 diximus,
1152 5424 1340 5491 quinto
1374 5422 1574 5476 mensis
1599 5421 1757 5491 ει]
1789 5420 2009 5489 Aprilis,
2043 5421 2128 5474 his

560 5520 694 5572 adde
729 5519 799 5573 22
828 5519 940 5573 dies
966 5516 1159 5573 solaris
1194 5516 1350 5587 cycli.
1394 5525 1448 5568 et
1488 5529 1552 5568 ex
1597 5515 1833 5570 bisseno
1867 5517 2128 5584 quinque,

559 5611 647 5674 qui
678 5609 838 5662 etiam
869 5618 1072 5676 epacta:
1116 5607 1393 5670 dicuntur,
1421 5615 1474 5658 et
1508 5604 1571 5658 14
1602 5604 1864 5658 mensium
1891 5621 1908 5669 ;
1936 5614 1990 5659 et
2036 5619 2130 5658 eos

562 5718 748 5758 ontnes
776 5704 834 5757 41
871 5701 1074 5756 dierum
1109 5714 1375 5754 summam
1404 5696 1596 5766 collige
1628 5712 1690 5751 ac
1720 5712 1910 5752 rursus
1938 5696 1992 5750 in
2035 5712 2127 5751 se:

564 5796 891 5863 septiu‘mnas
938 5791 1180 5857 resolve,
1229 5791 1306 5845 sic
1358 5789 1583 5844 dicendo
1614 5832 1627 5855 ,
1676 5789 1876 5844 sexties
1924 5797 2129 5858 septem

2222 4587 2399 4656 χρεών
2447 4586 2563 4637 ἐστι
2634 4584 2732 4637 καὶ
2788 4583 2992 4651 ταύτην
3057 4580 3483 4650 ἀναδιδαχθῆναι
3538 4593 3620 4630 σε.
3676 4573 3771 4627 Καὶ

2221 4678 2344 4730 ἐπεί
2403 4677 2520 4728 ἐστι
2576 4673 2716 4729 κατὰ
2771 4673 2830 4728 τὸ
2877 4672 3123 4726 τοιοῦτον
3185 4672 3305 4735 ἔτος
3351 4672 3380 4723 ὁ
3432 4669 3628 4731 κύκλος
3687 4660 3769 4716 τοῦ

2221 4767 2373 4838 ἡλίου
2425 4762 2525 4834 κβ’.
2561 4764 2832 4834 κράτησον
2864 4763 2943 4826 εἷς
2976 4761 3076 4825 τὰς
3107 4761 3296 4832 χεῖράς
3343 4776 3438 4812 σου
3478 4757 3576 4828 τὴν
3606 4751 3771 4808 τοιαύ-

2221 4878 2323 4931 την
2375 4858 2641 4928 κυκλικὴν
2695 4855 2993 4925 ποσότητα,
3038 4853 3134 4908 καὶ
3188 4853 3392 4905 ἕνωσον
3437 4851 3614 4922 ταύτῃ
3650 4843 3771 4911 ὑπὲρ

2224 4954 2459 5022 ἑκάστης
2509 4949 2828 5021 τετραετίας
2875 4947 3037 5018 χάριν
3084 4945 3179 4999 τοῦ
3236 4943 3517 5016 βισὲξστου
3575 4939 3771 5011 ἡμέραν

2229 5045 2378 5116 μίαν,
2409 5044 2575 5115 ἡγουν
2605 5041 2747 5112 ὑπὲρ
2775 5041 2883 5093 τῶν
2916 5037 2999 5110 κβ⁰
3031 5036 3247 5092 κύκλων
3278 5036 3492 5106 ἡμέρας
3521 5040 3583 5096 ε’,
3615 5031 3668 5087 αἳ
3692 5027 3771 5084 καὶ

2226 5135 2460 5190 ἑπακταὶ
2484 5133 2754 5201 λέγονται.
2788 5131 3069 5192 Ὡσαύτως
3101 5129 3305 5182 ἐνωσον
3336 5128 3581 5189 ταύταις,
3608 5124 3653 5176 εί
3688 5119 3772 5188 μὲν

2226 5229 2287 5282 τδ
2317 5228 2537 5297 νομικὸν
2595 5225 2785 5291 Πάσχα
2817 5223 3137 5292 εὑρίσκεται
3199 5220 3280 5282 εἰς
3327 5219 3572 5288 Μάρτιον
3622 5211 3770 5282 μῆνα.

2227 5322 2372 5390 λόγῳ
2402 5320 2512 5372 τῶν
2537 5315 3034 5387 προπαρελκόντων
3064 5313 3250 5384 μηνῶν
3273 5310 3383 5365 τῶν
3409 5303 3771 5379 ψηφιζομένων

2229 5413 2336 5467 άπδ
2370 5411 2459 5464 τού
2496 5408 2831 5479 Ὀκτωϐρίου
2866 5407 3057 5478 μηνὸς,
3090 5405 3305 5476 ἡμέρας
3342 5408 3438 5462 ια’,
3462 5402 3624 5470 ἤγουν
3650 5393 3771 5462 ὑπὲρ

2229 5505 2324 5558 τού
2359 5503 2693 5572 Ὀκτωϐρίου
2741 5501 2955 5573 ἡμέρας
2985 5497 3055 5568 γ’,
3082 5499 3174 5552 διὰ
3219 5502 3282 5550 τὸ
3310 5496 3456 5566 ἔχειν
3501 5494 3589 5546 τὸν
3633 5486 3770 5543 αύτὺν

2235 5597 2379 5666 μῆνα
2405 5594 2448 5648 λ’
2478 5596 2615 5665 πρὸς
2642 5597 2711 5665 τῇ
2767 5596 2900 5664 μιᾷσ
2933 5591 3074 5662 ὑπὲρ
3118 5591 3212 5644 τοῦ
3264 5589 3568 5660 Νοεμϐρίου
3624 5581 3772 5654 μηνὸς

2233 5689 2444 5759 ἡμέρας
2471 5688 2538 5758 β’,
2572 5689 2661 5741 διὰ
2688 5688 2748 5740 τὸ
2772 5688 2919 5757 ἔχειν
2978 5685 3168 5739 τοῦτον
3220 5684 3436 5756 ἡμέρας
3483 5680 3766 5754 τριάκοντα·

2237 5782 2333 5834 καὶ
2383 5781 2526 5852 ὑπὲρ
2574 5782 2669 5835 τοῦ
2723 5779 3063 5854 Δεκεμῦρίου
3120 5778 3215 5833 καὶ
3272 5775 3366 5830 τοῦ
3439 5768 3768 5837 Ἰαννουαρὶου
