4030 6304
497 289 606 354 805

1735 285 2015 348 ΤΗΕΟΙ).
2047 286 2060 343 l

2173 286 2453 350 .SAMON
3594 297 3683 360 30b

499 408 822 472 praesentem
851 412 1142 461 canouem,
1181 397 1270 468 qui
1304 405 1385 452 est
1439 396 1592 452 valde
1627 394 1778 451 utilis
1807 395 1875 451 ad
1904 395 2060 456 rusti-

2179 398 2474 468 μαρτύρων
2507 398 2589 451 ’ὲν
2662 398 2846 464 αὐτοῖς
2919 398 3210 455 ιπιτελεῖν.
3282 399 3569 471 Σημείωσαι
3621 413 3698 459 τὸν

491 509 658 548 canas
689 491 972 547 ecclesias.
1014 489 1174 544 Multa
1203 490 1349 545 enim
1382 489 1650 559 ejusmodi
1673 487 1811 544 (lunt
1838 503 1867 542 a
1900 487 2056 543 vica-

492 584 580 639 nis
610 582 985 645 homunculis,
1027 581 1284 637 mulieres
1335 580 1605 636 diabolico
1633 581 1903 636 instructu
1931 581 2065 636 bac-

489 678 721 731 chantes
765 687 818 730 et
883 675 1062 729 futura
1124 675 1264 729 l’orte
1299 676 1624 738 divinantes,
1682 674 2062 744 hominesque,

489 773 583 842 qui
620 785 679 826 se
715 768 1051 824 daemoniuco
1079 768 1275 838 spiritu
1311 767 1518 822 aﬂlatos
1550 768 1830 832 simulant,
1859 774 1912 822 et
1945 782 2066 833 quae

489 881 561 919 nc
621 865 804 919 dicere
862 862 1080 931 quidem
1131 861 1313 928 decet,
1380 861 1433 915 in
1495 860 1759 931 ejusmodi
1818 860 2065 914 ecclesiis

487 959 698 1014 faciunt
721 956 1146 1011 assumentibus.

557 1140 812 1198 ZONAR.
848 1138 1128 1201 Nonnulli,
1167 1151 1225 1192 se
1261 1136 1312 1191 id
1341 1136 1425 1206 pie
1457 1135 1640 1191 facere
1662 1134 2062 1194 existimantes.

492 1236 548 1289 in
587 1236 734 1302 agris
764 1243 822 1287 et
872 1231 1070 1286 vinetis
1117 1237 1418 1300 martyrum
1471 1228 1750 1291 aediculas,
1780 1228 1935 1297 quasi
1969 1242 2063 1297 per

489 1326 704 1382 somnia
756 1327 986 1393 visaque
1031 1321 1322 1386 admoniti,
1377 1321 1710 1376 excitabant.
1740 1319 1843 1374 Eas
1878 1319 2062 1389 igitur,

488 1420 532 1473 si
567 1433 670 1474 nec
724 1426 1021 1487 martyrum
1056 1429 1284 1483 corpora
1322 1413 1392 1468 ibi
1427 1415 1688 1482 reposita,
1741 1425 1843 1466 nec
1870 1411 2063 1479 aliqua:

489 1511 710 1565 illorum
744 1509 1012 1578 reliquiae,
1045 1517 1426 1571 asservcntur,
1456 1506 1863 1576 episcoporum,
1898 1503 2063 1574 620

493 1602 590 1673 qui
626 1603 691 1656 iis
749 1602 881 1657 locis
922 1610 1188 1669 praesunt,
1217 1599 1543 1654 auctoritate
1573 1600 1742 1652 everti
1791 1597 1940 1668 jubet
1969 1611 2064 1649 ca-

493 1708 622 1748 non.
655 1691 809 1759 Quod
840 1691 885 1746 si
911 1691 1221 1754 multitudo,
1257 1690 1459 1758 inquit,
1483 1688 1744 1743 seditiose
1777 1697 2058 1756 repugnet,

2176 490 2417 557 παρόντι
2492 487 2716 555 κανόνα,
2797 488 2968 545 πολλὰ
3035 491 3438 562 χρησιμεύοντα
3485 499 3556 559 εἰς
3615 506 3700 563 τὰς

2173 579 2499 649 ἀγροικικάς
2526 581 2843 653 ἐκκλησίας.
2883 583 3133 646 Γίνονται
3160 586 3269 654 γὰρ
3308 585 3468 641 πολλά
3507 591 3699 646 τοιαῦτα

2173 671 2325 741 παρά
2431 673 2745 745 χωριτικῶν
2842 675 3150 748 ἀνδραρίων
3216 678 3704 750 προσλαμϐανόντων

2173 769 2440 832 γυναῖκας
2482 766 2860 832 ὲνθουσιώσας
2882 771 2977 822 καὶ
3047 770 3191 823 κατὰ
3243 770 3551 842 δαιμονικὴν
3586 776 3708 845 ἐπῆν

2171 871 2326 922 ρειαν
2359 857 2828 924 πραεροιόαζούσας
2845 859 2988 930 τάχα
3008 860 3077 913 τὰ
3102 860 3390 929 μέλλοντα,
3420 866 3508 916 καί.
3533 862 3708 934 ἄνδρας

2172 951 2675 1018 προσποιουμένους
2706 951 2990 1022 δαιμονᾷν,
3023 953 3119 1005 καὶ
3146 953 3428 1016 ποιοῦντας
3457 971 3569 1007 τινα
3593 957 3708 1028 μηδὲ

2174 1038 2434 1105 λέγεσθαι
2461 1041 2590 1106 ἀξια
2627 1044 2707 1106 εἱς
2741 1045 2839 1107 τὰς
2868 1046 3128 1109 τοιαύτας
3154 1046 3466 1116 ἐκκλησίας.

2243 1129 2492 1184 ΖΩΝΑΡ.
2558 1131 2740 1198 Τινὲς,
2790 1134 3039 1187 εὐσεὸεῖν
3097 1134 3405 1199 δοκοῦντες,
3457 1137 3510 1189 ἐν
3543 1139 3711 1208 ἀγροῖς

2171 1221 2264 1272 καὶ
2297 1222 2355 1273 ὲν
2395 1221 2718 1290 ἀμπελῶσιν
2747 1222 3058 1294 ᾠκοδόμουν
3085 1226 3350 1295 εύκτήρια
3406 1229 3493 1282 ἐπὶ
3523 1230 3712 1300 μαρτύο

2171 1329 2284 1383 ρων
2314 1313 2603 1384 ὀνόμασιν,
2636 1315 2712 1381 ὡς
2768 1317 2836 1369 δι’
2872 1317 3142 1371 ἐνυπνίων
3183 1319 3356 1372 ταῦτα
3404 1322 3494 1374 καὶ
3521 1324 3714 1376 ἀποκαο

2169 1404 2385 1474 λύψεων
2416 1409 2819 1477 ἀνεγείροντες.
2848 1411 3195 1478 Προστάσσει
3229 1411 3437 1476 ,τοίνυν
3474 1414 3501 1464 ὁ
3555 1415 3716 1466 κανὼν

2167 1501 2237 1556 τὰ
2261 1501 2510 1566 τοιαῦτα,
2543 1505 2592 1558 εί
2623 1506 2762 1575 μήτε
2794 1506 3025 1576 σώματα
3051 1507 3346 1578 μαρτύρων
3363 1508 3536 1579 ἔχοιεν
3553 1510 3722 1572 αὐτοῖς

2169 1597 2589 1666 ἑναποκείμενα,
2627 1598 2762 1667 μήτε
2789 1598 2910 1650 τινὰ
2933 1597 3167 1668 λείψανα
3219 1600 3531 1672 μαρτύρων,
3580 1600 3718 1670 παρά

2167 1684 2279 1739 τῶν
2309 1687 2455 1742 κατά
2491 1688 2690 1751 τόπους
2706 1692 3023 1744 ἐπισκόπων
3053 1691 3553 1762 καταστρέφεσθαι.
3587 1692 3644 1744 El
3672 1692 3723 1745 δὲ

494 1800 669 1856 neque
699 1785 820 1841 illas
875 1784 1018 1838 dirui
1044 1785 1277 1853 patiatur
1307 1801 1322 1839 :
1356 1783 1572 1838 saltem.
1607 1796 1675 1835 ne
1733 1781 1802 1834 iis
1831 1781 1884 1834 in
1929 1779 2060 1833 locis

2171 1779 2213 1829 οι
2245 1775 2434 1846 δῆμοι,
2470 1781 2657 1849 φησὶν,
2699 1779 3047 1835 ἀνθίστανται
3083 1781 3467 1852 θορυϐοῦντες,
3518 1783 3608 1835 καὶ
3632 1783 3724 1836 οὐκ

495 1880 677 1946 populi
717 1887 1015 1934 conventus
1077 1884 1263 1946 agant,
1292 1876 1397 1930 hoc
1427 1888 1532 1941 est,
1583 1889 1650 1928 ne
1705 1872 1815 1928 illic
1877 1870 2065 1926 turbas

497 1978 848 2041 congregem,
881 1983 980 2025 nec
1017 1968 1196 2037 aliqua
1224 1982 1412 2021 eorum
1459 1965 1846 2036 superstitione
1872 1963 2064 2017 ortho—

471 2059 622 2116 διιοιί
682 2059 992 2130 alligentur,
1046 2072 1148 2113 nec
1179 2060 1232 2112 in
1286 2058 1353 2113 iis
1403 2066 1706 2128 martyrum
1741 2054 2064 2110 memoriam

493 2151 808 2218 celebrent;
841 2150 887 2205 si
915 2149 1134 2219 quidem
1163 2163 1265 2205 nec
1288 2149 1545 2220 martyris
1569 2162 1775 2217 corpus
1805 2161 1905 2202 nec
1938 2145 2065 2200 reli-

496 2241 638 2309 quia:
698 2239 774 2294 ibi
801 2239 1077 2295 recondita
1127 2238 1259 2304 sint,
1307 2253 1487 2307 neque
1532 2237 1644 2308 jam
1703 2235 1773 2291 ab
1827 2235 2064 2298 antiquis

492 2331 832 2403 temporibus
880 2329 1053 2384 altare
1085 2330 1217 2386 illud
1257 2332 1329 2385 sit
1383 2329 1816 2395 exaediﬁcatum;
1847 2327 2066 2398 publice

488 2426 745 2496 populum
797 2425 1201 2481 admonendum
1259 2438 1382 2480 esse
1413 2423 1681 2480 decernit.
1714 2421 2065 2490 Qutecunque

487 2521 663 2584 enim,
699 2519 855 2589 quasi
890 2535 984 2588 per
1017 2518 1252 2581 somnia,
1280 2524 1337 2572 et
1379 2515 1741 2571 revelationes
1769 2528 1798 2566 a
1827 2513 2063 2568 nonnul-

488 2613 554 2666 lis
578 2621 919 2673 constructa,
968 2620 1190 2676 repente
1253 2610 1538 2673 exstitere,
1596 2608 1804 2674 omnia,
1861 2605 2062 2675 inquit,

489 2704 704 2771 penitus
734 2702 1036 2771 improbata
1063 2702 1421 2756 damnentur.

489 2792 720 2849 ARIST.
757 2814 777 2846 ε
807 2793 994 2848 Altare
1025 2793 1077 2846 in
1108 2793 1254 2863 agris
1281 2801 1375 2846 aut
1422 2790 1644 2857 vinetis,
1680 2790 1878 2861 quibus
1904 2788 2065 2844 nulla:

569 2909 588 2939 1
628 2898 754 2943 sunt
797 2887 1036 2957 reliquiae
1087 2888 1343 2956 martyris
1373 2886 1619 2956 reposita:
1643 2925 1660 2951 ,
1692 2892 2054 2948 exstructum,

575 3002 592 3032 ι
638 2981 743 3037 nisi
794 2980 1040 3052 publicus
1090 2980 1359 3035 excitetur
1395 2980 1679 3045 tumultus,
1732 2987 2061 3035 evertatur:

562 3095 580 3125 ι
619 3084 673 3130 et
700 3088 1036 3144 quacunque
1093 3088 1188 3144 per
1219 3073 1488 3128 insomnia
1547 3088 1824 3143 variasque
1850 3072 2060 3130 revela-

566 3187 589 3220 s
624 3169 801 3223 tiones
830 3165 1019 3221 altaria
1054 3167 1362 3237 eriguntur.
1397 3184 1420 3218 ι

561 3260 909 3330 Quaecunque
939 3260 1081 3314 aedes
1113 3260 1364 3314 oratoriae
1392 3272 1490 3328 per
1514 3257 1895 3330 episcoporum
1924 3275 2055 3332 pre-

489 3368 585 3408 ces
621 3366 733 3406 non
765 3352 1197 3415 constituuntur,
1232 3365 1334 3406 nec
1383 3360 1694 3422 martyrum
1727 3351 1971 3421 reliquiae
2007 3353 2059 3408 in

491 3446 559 3498 iis
593 3453 952 3512 reponuntur,
977 3441 1224 3512 profanat
1245 3450 1391 3497 sunt.
1451 3441 1756 3513 Eapropter
1794 3444 1980 3514 itaque
2006 3455 2062 3500 et

490 3536 708 3601 altaria,
731 3551 855 3605 quae
886 3535 936 3588 in
968 3535 1115 3604 agris
1146 3545 1241 3589 aut
1278 3535 1480 3589 vinetis
1515 3535 1650 3590 lium
1672 3537 1794 3591 sine
1819 3538 2058 3606 episcopi

493 3628 768 3698 precibus,
799 3637 856 3683 et
886 3627 1234 3695 reliquiarum
1291 3636 1593 3699 martyrum
1624 3628 1985 3698 depositione,
2013 3630 2058 3684 si

493 3723 611 3776 lieri
663 3729 864 3790 potest,
927 3720 1320 3776 subvertantur
1376 3738 1392 3777 :
1440 3722 1523 3776 sin
1573 3731 1754 3776 autem
1784 3723 2060 3793 p0pularis

488 3813 753 3869 tumultus
787 3814 888 3869 hoc
925 3813 1039 3868 lteri
1080 3813 1358 3882 prohibet,
1394 3813 1584 3866 saltent
1635 3813 2057 3880 admoneamur,

485 3906 764 3975 popularis
813 3904 990 3959 turba:
1040 3904 1432 3958 concitationes
1487 3904 1540 3956 iu
1593 3904 1659 3958 iis
1713 3918 1820 3959 non
1853 3903 2054 3959 facere.

489 3999 890 4054 Snbvertantur
956 4007 1133 4051 autem
1183 4004 1237 4051 et
1302 3995 1493 4049 altaria
1556 4010 1654 4064 per
1708 3997 1974 4050 insomnia
2004 4009 2060 4051 et

488 4105 657 4144 vanas
691 4089 1056 4145 revelationes
1110 4097 1319 4143 erecta.
1364 4087 1502 4142 (lum
1533 4086 1785 4142 diabolus
1813 4088 1957 4142 enim
1986 4088 2061 4142 sit

485 4184 740 4248 tenebrae,
776 4181 960 4236 lumen
989 4179 1212 4237 simulat
1241 4195 1257 4233 :
1291 4190 1346 4234 et
1372 4179 1592 4248 pietatis
1627 4181 1883 4234 nimirum
1915 4195 2059 4250 prae-

483 4285 630 4329 textu
657 4275 939 4329 hominum
964 4273 1181 4327 animas
1209 4273 1438 4328 inescat.

975 4451 1204 4509 CANON
1247 4450 1558 4507 LXXXVII.

488 4566 509 4600 ι
543 4549 614 4601 De
642 4544 888 4614 reliquiis
927 4543 1194 4598 idolorum
1244 4544 1506 4598 radicitus
1531 4542 1917 4614 exstirpandis.
1953 4543 2057 4598 Si-

565 4658 583 4689 ι
621 4636 822 4691 militer
845 4633 1047 4704 placuit
1069 4635 1176 4703 peti
1209 4648 1239 4687 a
1262 4633 1585 4688 clarissimis
1611 4634 2057 4703 imperatoribus,

557 4745 577 4780 ι
619 4738 677 4782 ιιι
707 4727 947 4796 reliquiae
975 4725 1310 4788 idololatriae,
1342 4739 1445 4779 non
1492 4725 1666 4778 solum
1699 4738 1818 4793 quae
1845 4733 1975 4778 sunt
2004 4727 2054 4780 ιιι

557 4839 577 4870 ι
613 4818 942 4882 simulacris,
971 4817 1066 4872 sed
1088 4817 1141 4870 itt
1175 4817 1457 4886 quibusvis
1479 4815 1634 4883 locis,
1665 4821 1748 4871 vel
1775 4816 1933 4882 lucis,
1971 4817 2055 4872 vel

549 4932 567 4964 ‹
609 4910 916 4978 arboribus,
947 4907 1263 4964 omnimodo
1292 4907 1601 4964 deleantur.
1641 4927 1661 4962 ο

550 5094 744 5150 BALS.
779 5093 970 5148 Patres
1002 5093 1363 5162 imperatores
1396 5101 1608 5161 rogant,
1643 5102 1699 5146 ιιι
1728 5109 1847 5163 qua:
1877 5095 2055 5149 adhuc

488 5190 694 5244 relicua
739 5188 848 5242 sint
910 5186 1176 5240 idolorum
1227 5185 1511 5255 imagines,
1543 5193 1598 5239 et
1637 5186 1945 5256 ubicunque
1975 5204 2054 5242 ea:

481 5289 611 5345 sint,
636 5280 982 5336 adoleautur.

555 5373 808 5429 ZONAR.
844 5373 1103 5438 Quamvis
1132 5371 1424 5444 Evangelia
1481 5371 1638 5440 longe
1678 5371 1895 5444 lateque
1928 5387 2053 5443 pro-

477 5480 688 5539 pagato.
709 5467 883 5521 adhuc
912 5477 1088 5520 tamen
1119 5465 1360 5533 quadarn
1393 5480 1458 5520 ex
1488 5465 1790 5521 idololatria
1812 5465 2054 5534 reliquiae

475 5563 890 5633 superfuerant,
914 5571 968 5617 et
1019 5563 1195 5617 adhuc
1225 5561 1514 5616 simulacra
1554 5574 1717 5631 atque
1744 5575 1855 5616 ara
1882 5564 2052 5632 pluri-

477 5661 581 5710 bus
606 5657 658 5708 in
684 5654 816 5708 locis
847 5651 911 5708 ac
947 5654 1267 5710 nemoribus
1301 5656 1690 5712 servabantur.
1733 5655 1807 5708 De
1837 5657 1905 5711 iis
1945 5657 2050 5723 igi-

480 5758 565 5802 tur
591 5744 838 5803 funditus
895 5746 1200 5813 abolendis,
1235 5747 1308 5802 ita
1339 5756 1399 5802 ut
1429 5749 1565 5802 nihil
1613 5749 1848 5820 amplius
1879 5764 1945 5804 ex
1981 5751 2050 5806 iis

2086 4444 2133 4502 D

2165 1868 2295 1921 ἐῶσι
2333 1870 2728 1940 καθαιρεῖσθαι
2782 1874 2945 1938 αὐτὰ,
3004 1874 3378 1930 νουθετεῖσθαι
3435 1876 3506 1930 τὰ
3563 1875 3732 1946 πλήθη

2163 1959 2378 2014 κελεύει
2413 1962 2489 2034 μὴ
2515 1963 2853 2032 ὀχλαγωγεῖν
2886 1967 3014 2029 τοὺς
3054 1966 3253 2030 τόπους
3295 1967 3563 2034 ἐκείνους,
3584 1982 3731 2021 τουτο

2166 2052 2284 2105 ἐστι
2313 2053 2388 2122 μὴ
2424 2055 2759 2122 συνάγεσθαι
2804 2059 2932 2121 τοὺς
2981 2058 3173 2127 δχλους
3227 2061 3367 2128 ἐκεῖ,
3437 2059 3576 2130 μηδὲ
3618 2059 3736 2122 τοὺς

2162 2143 2477 2215 ὸρθοδόξους
2530 2149 2996 2221 καταδεσμείσθαι
3032 2154 3100 2222 τῇ
3138 2152 3347 2206 τούτων
3407 2152 3736 2219 δεισιδαιμο-

2163 2237 2272 2309 νίᾳ,
2304 2241 2444 2309 μηδὲ
2478 2243 2702 2312 μνήμας
2735 2243 3034 2318 μαρτύρων
3064 2246 3125 2299 ἒν
3159 2245 3345 2311 αὐτοῖς
3379 2244 3673 2308 ἐπιτελεῖν,
3695 2243 3742 2296 εί

2165 2332 2242 2400 μὴ
2275 2333 2435 2401 σῶμα
2483 2334 2758 2405 μάρτυρος
2789 2336 2925 2406 μηδὲ
2965 2336 3192 2406 λείψανα
3211 2340 3331 2391 ἐκεῖ
3347 2340 3587 2402 κεῖνται,
3615 2336 3648 2406 ἢ
3685 2333 3741 2399 ἐξ

2164 2419 2414 2489 ἀρχαίων
2450 2423 2662 2490 χρόνων
2685 2419 2753 2493 ἦν
2786 2424 3213 2498 ᾠκοδομημένον
3258 2428 3321 2480 τδ
3348 2427 3746 2498 θυσιαστήριον

2163 2512 2359 2569 ἐκεῖνο.
2395 2517 2461 2568 Ἃ
2485 2517 2617 2586 γὰρ,
2645 2517 2802 2587 φησι,
2828 2519 3196 2590 συνέστησαν,
3227 2522 3304 2585 ὡς
3361 2521 3427 2590 ἐξ
3482 2521 3745 2576 ἐνυπνίων

2163 2607 2260 2661 καὶ
2333 2609 2733 2681 ἀποκαλύψεων
2777 2612 3256 2686 οίκοδομησάντων
3335 2615 3493 2670 αὑτά
3564 2631 3746 2686 τινων,

2175 2696 2358 2750 πάντα
2395 2699 3006 2770 ἀποδοκιμαζὲσθωσαν.

2233 2789 2460 2843 ΑΡΙΣΤ.
2511 2809 2531 2842 ‹
2573 2791 2974 2863 Θυσιαστήριον
3007 2796 3066 2849 ἐν
3123 2795 3317 2867 ἀγροῖς
3370 2797 3408 2868 ἢ
3461 2795 3752 2867 ἀμπελῶσι

2166 2896 2187 2931 ι
2228 2880 2539 2951 γινόμενον,
2579 2883 2638 2936 ὲν
2682 2879 2765 2947 οἷς
2799 2886 2862 2938 ού
2903 2885 3155 2956 λείψανον
3196 2888 3505 2943 ἀπόκειται
3547 2888 3753 2959 μάρτυ-

2168 2989 2188 3024 ‹
2237 2989 2354 3042 ρος,
2388 2975 2439 3028 εί
2473 2975 2548 3046 μὴ
2567 2976 2828 3047 δημόσιος
2856 2979 3070 3046 γίνεται
3132 2981 3396 3051 θόρυϐος,
3441 3000 3755 3054 καταστρε-

2171 3083 2191 3116 ι
2230 3067 2416 3136 φέσθω
2442 3083 2456 3099 ο
2478 3069 2573 3122 καὶ
2599 3070 2697 3122 ὅσα
2712 3070 2779 3124 δι’
2802 3073 3071 3126 ἐνυπνίων
3098 3075 3194 3129 καὶ
3209 3076 3633 3148 ἀποκαλύψεων
3663 3096 3760 3148 μα·

2171 3174 2190 3208 ι
2222 3157 2390 3210 ταίων
2412 3159 2727 3213 συνίσταται
2760 3161 3145 3234 θυσιαστήρια.
3185 3183 3206 3216 ι

2237 3250 2394 3304 Ὅσοι
2415 3253 2526 3304 τῶν
2566 3253 2876 3326 εὐκτηρίων
2905 3255 3072 3309 οἴκων
3110 3259 3172 3310 οὐ
3221 3258 3287 3311 δι’
3317 3259 3506 3330 εὐχῆς
3534 3257 3762 3313 ιπισκό-

2164 3358 2284 3396 πων
2305 3344 2669 3413 συνέστησαν,
2710 3346 2804 3400 καὶ
2855 3346 3089 3417 λείψανα
3163 3352 3483 3421 μαρτύρων
3549 3353 3764 3417 τούτοις

2162 3435 2592 3503 ἑναπετέθησαν,
2627 3437 2836 3507 ἀνίεροί
2868 3440 2997 3494 είσι.
3027 3441 3129 3495 Διὰ
3176 3444 3342 3498 τοῦτο
3373 3447 3520 3512 γοῦν
3575 3448 3677 3502 καὶ⁵
3700 3451 3767 3501 τὰ

2161 3530 2222 3582 ὲν
2261 3531 2464 3605 ,ἀγροῖς
2494 3532 2527 3600 ἢ
2571 3531 2859 3600 ἀμπελῶσι
2881 3533 3144 3603 γινόμενα
3177 3536 3572 3612 θυσιαστήρια
3597 3543 3766 3615 χωρίς

2161 3624 2328 3692 εὐχῆς
2361 3623 2664 3676 ἐπισκόπου
2697 3623 2795 3676 καὶ
2835 3624 2952 3678 τοῦ.
2984 3626 3393 3698 ὲναποτεθῆναι
3463 3635 3772 3706 μαρτύρων

2160 3715 2413 3784 λείψανα,
2479 3719 2527 3768 εί
2587 3716 2835 3782 δυνατὸν,
2885 3722 3478 3790 καταστρεφέσθωσαν
3520 3743 3538 3758 ο
3601 3729 3655 3781 εἰ
3715 3727 3771 3780 δὲ

2160 3808 2452 3876 δημοτικὸς
2484 3806 2714 3875 θόρυϐος
2741 3806 2899 3862 τοῦτο
2925 3809 3127 3863 κωλύει
3157 3815 3459 3880 γενέσθαι,
3509 3818 3622 3872 κᾶν
3651 3835 3775 3874 νουσ-

2161 3897 2349 3952 θεσίαν
2373 3898 2722 3968 δεχέσθωσαν
2755 3900 2831 3970 μὴ
2881 3905 3059 3956 ποιεῖν
3089 3904 3149 3957 ὲν
3179 3905 3374 3969 αὐτοῖς
3411 3909 3774 3984 ὀχλᾳγώγια.

2172 3990 2758 4060 Καταστρεφέεθωσαν
2811 3992 2868 4044 δὲ
2929 3993 3026 4046 καὶ
3060 3994 3126 4048 τὰ
3178 3995 3244 4046 δι’
3314 4002 3624 4057 ἐνυπνίων
3687 4006 3784 4056 καὶ

2159 4080 2553 4150 ἀποκαλύψεων
2632 4083 2878 4152 ματαίων
2976 4088 3351 4154 συνιστάμενα
3459 4093 3779 4164 θυσιαστήο

2163 4190 2272 4241 ρια.
2299 4174 2499 4236 Σκότος
2538 4176 2648 4245 γὰρ
2676 4175 2752 4226 ὢν
2786 4177 2815 4228 ὁ
2836 4176 3106 4244 διάϐολος,
3166 4179 3283 4248 φῶς
3338 4182 3735 4255 ὑποκρίνεται
3769 4203 3784 4216 ο

2162 4265 2257 4318 καὶ
2279 4266 2549 4335 προφάσει
2570 4265 2733 4337 δῆθεν
2756 4268 3044 4332 εὐλαϐείας
3069 4270 3167 4332 τὰς
3187 4271 3297 4322 τῶν
3315 4275 3668 4346 ἀνθρώπων
3697 4280 3784 4332 δε-

2163 4358 2346 4422 λεάζει
2372 4358 2575 4430 ψυχάς.

2728 4454 2969 4513 ΚΑΝΩΝ
3003 4456 3126 4512 ιη’.

2237 4565 2257 4600 ι
2301 4549 2438 4618 Περὶ
2463 4549 2558 4602 τοῦ
2575 4550 2644 4603 τὰ
2665 4549 2899 4622 λείψανα
2949 4553 3062 4608 τῶν
3088 4553 3328 4608 εἰδώλων
3353 4556 3793 4629 ὲκριζωθῆναε.

2163 4658 2183 4691 ι
2232 4639 2468 4711 Ὁμοίως
2493 4643 2693 4713 ἤρεσεν
2741 4644 3037 4714 αίτηθῆναι
3064 4647 3173 4698 ἀπὸ
3216 4647 3334 4698 τῶν
3393 4652 3793 4715 ἐνδοξοτάτων

2165 4751 2184 4784 ι
2227 4733 2516 4804 βασιλέων,
2548 4737 2636 4789 ἵνα
2669 4735 2740 4790 τὰ
2773 4736 3004 4807 λείψανα
3028 4739 3126 4804 τῆς
3187 4740 3698 4813 είδωλολατρείας
3724 4749 3799 4813 μὴ

2165 4845 2184 4878 ι
2228 4828 2390 4896 μόνον
2413 4829 2560 4884 τάἐν
2606 4829 2840 4895 ξοάνοις,
2873 4831 3010 4885 ἀλλά
3043 4833 3138 4885 καὶ
3183 4835 3242 4886 ὲν
3280 4837 3676 4908 οἱοισδὴποτε
3707 4840 3797 4890 rd-

2163 4939 2183 4972 ί
2221 4937 2346 4983 ποις
2375 4923 2406 4993 ἢ
2433 4925 2659 4978 ἄλσεσιν
2711 4925 2744 4996 ἢ
2786 4925 3029 4996 δένδροις
3062 4927 3228 4979 παντὶ
3267 4930 3497 5002 τρόπῳ
3573 4931 3804 5000 ἐξαλει-

2164 5034 2180 5065 ι
2231 5015 2458 5084 φθῶσιν.
2497 5038 2516 5069 ι

2225 5107 2420 5162 ΒΑΛΣ.
2449 5107 2864 5179 Παρακαλοῦσιν
2882 5111 2930 5163 oi
2960 5110 3205 5181 Πατέρες
3229 5111 3370 5177 τοὺς
3401 5115 3706 5184 βασιλεῖς,
3740 5118 3808 5170 τὰ

2155 5200 2237 5251 ἔτι
2269 5201 2686 5270 περιλειφθέντα
2718 5201 3011 5270 ἀγάλματα.
3029 5200 3136 5255 τῶν
3167 5202 3456 5269 εἰδώλων,
3488 5213 3599 5261 καὶ
3632 5210 3808 5261 dnou-

2154 5293 2354 5363 δήποτε
2377 5295 2504 5347 ὖντα
2521 5291 2918 5364 ἐξαλειφθῆναι.

2228 5386 2479 5442 ΖΩΝΑΡ.
2505 5388 2615 5439 Καὶ
2643 5387 2737 5439 τοῦ
2770 5388 3141 5458 εὐαγγελικοῦ
3195 5391 3615 5464 κηρύγματος
3660 5399 3806 5449 πλα-

2153 5477 2576 5544 τυνθὲντος,ἐτι
2635 5479 2865 5550 λείψανα
2920 5481 3020 5550 τῆς
3077 5482 3596 5556 εἰδωλολατρείας
3651 5491 3809 5547 τινὰ,

2155 5571 2326 5640 ἧγουν
2355 5570 2878 5641 ἑγκαταλείμματα,
2897 5572 3419 5643 περιελιμπάνοντο
3448 5594 3461 5609 ·
3513 5578 3813 5643 ἐσώζοντο

2154 5663 2250 5716 καὶ
2291 5661 2586 5732 ἀγάλματα
2608 5665 2702 5715 καὶ
2737 5663 2910 5734 βωμοὶ
2943 5667 3000 5716 ἐν
3049 5664 3345 5732 διαφόροις
3422 5671 3651 5736 ’τόποις
3711 5671 3814 5726 καὶ

2157 5758 2367 5811 ἄλσεσι.
2413 5756 2548 5824 Περὶ
2578 5754 2771 5811 τούτου
2801 5757 2942 5823 ἔδοξε
2970 5760 3086 5821 τοῖς
3145 5760 3472 5827 ῐῐατράσιν
3531 5769 3809 5835 ὑπομνη-
