4056 6302
557 319 666 382 363

1821 314 2101 377 THEOD.
2143 311 2550 375 BALSAMON

3693 317 3789 384 364

557 429 751 502 synodi
782 424 1127 484 Sardiccnsis
1148 438 1374 482 nonum.
1409 424 1596 496 Legati
1624 439 1655 481 e
1689 427 1898 496 synodo
1931 427 1996 481 ad
2029 426 2134 480 im«

2245 423 2466 478 δέκατον
2515 422 2615 492 τῆς
2662 421 2721 474 ἐν
2792 422 3105 494 ’Λντιοχείᾳ
3163 425 3406 489 συνόδου,
3459 429 3550 479 καὶ
3603 429 3693 500 τῆς
3739 434 3793 486 ἐν

559 526 868 586 peratorem
904 513 1054 569 missi
1075 513 1312 584 episcopi
1338 510 1601 567 adversus
1627 511 1848 567 Graecos
1873 521 1929 565 et
1954 513 2130 565 haere-

566 611 728 677 ticos,
762 607 1040 664 licentiam
1091 613 1418 676 acceperunt
1456 603 1821 676 quodcunque
1873 597 2135 658 Ecclesia:

559 703 844 761 catholicae
871 699 1216 759 commodum
1252 695 1368 752 fore
1392 696 1750 768 cognoverint
1774 703 1962 750 contra
1985 690 2136 748 Grat-

559 814 749 859 corum
776 805 831 854 et
858 792 1268 852 Donatistarum
1303 787 1645 861 religionem,
1675 787 1808 844 illud
1856 787 1925 844 ab
1961 785 2139 853 impe-

563 899 747 949 ratore
778 897 985 959 petere,
1013 884 1265 958 quamvis
1297 881 1426 940 illud
1448 878 2136 960 peculiaritermandatum

560 1001 666 1044 non
698 985 1030 1042 habuerunt.

1059 1159 1228 1236 su
1253 1153 1486 1217 CANON
1520 1153 1637 1214 cx.

569 1282 586 1315 ι
632 1260 883 1334 Synodus
909 1266 1100 1314 contra
1145 1254 1365 1310 Graecos
1395 1259 1450 1309 et
1485 1248 1790 1307 hereticos.
1827 1242 1947 1303 Sub
1967 1243 2137 1301 Basso

641 1377 659 1410 ι
705 1365 760 1410 et
782 1352 1051 1424 Philippo,
1078 1347 1404 1406 clarissimis
1423 1341 1764 1408 consulibus,
1799 1341 1864 1395 Α.
1883 1337 1956 1393 Ι).
1984 1346 2137 1394 sexto

641 1469 660 1501 ι
707 1448 923 1502 decimo
954 1443 1208 1500 calendas
1235 1437 1428 1504 Iulias,
1449 1435 1791 1505 Carthagine
1827 1432 1882 1486 in
1923 1435 2140 1487 secreto

640 1562 659 1594 ι
706 1540 992 1596 Restitutae
1033 1533 1296 1597 ecclesiae,
1337 1531 1398 1587 ιιι
1434 1530 1538 1585 hac
1571 1527 1774 1599 synodo
1810 1523 2137 1595 legationem

642 1650 684 1686 ι’
709 1641 1004 1700 suscepere
1035 1626 1344 1683 Restitutus
1383 1632 1441 1678 et
1494 1617 1849 1674 Florentinus
1894 1602 2138 1684 episcopi

647 1746 665 1777 ι
710 1723 975 1778 adversus
1000 1716 1218 1775 Graecos
1242 1722 1299 1771 et
1329 1709 1638 1776 haereticos,
1657 1708 1718 1761 in
1745 1703 1841 1761 illo
1872 1710 2153 1773 tempore,.

636 1837 655 1869 ι
701 1831 809 1887 quo
839 1810 1075 1868 Severus
1096 1817 1152 1865 et
1179 1803 1450 1861 Macarius
1475 1799 1706 1872 depositi
1734 1802 1860 1856 sunt
1887 1812 1904 1849 :
1934 1802 2144 1887 e_t_'_pro-
2171 1781 2216 1839 Β

644 1927 662 1960 ι
707 1883 829 1978 pter
857 1916 1045 1960 eorum
1066 1912 1286 1954 causam
1312 1892 1572 1958 Evodius,
1591 1887 1860 1948 Tbeasius
1877 1896 1932 1944 et
1961 1883 2146 1940 Victor

645 2020 664 2054 ι
711 1995 952 2070 episcopi
978 1992 1104 2050 caesi
1133 1997 1284 2048 sunt.

644 2282 663 2317 ι
709 2259 965 2335 Synodus
995 2259 1062 2316 de
1085 2255 1398 2330 cognitione
1438 2252 1842 2325 episcoporum.
1880 2247 1993 2306 Sub
2026 2245 2146 2318 glo-

574 2375 592 2406 ι
644 2349 961 2409 riosissimis
988 2345 1435 2418 imperatoribus,
1470 2342 1714 2400 Honorio
1739 2341 2057 2413 septimum,
2091 2347 2147 2396 et

574 2469 591 2500 ι
632 2442 943 2502 Theodosio
978 2439 1246 2502 tertium,
1292 2437 1554 2509 Augustis
1611 2434 1929 2491 causulibus
1962 2434 2027 2518 Α,
2076 2432 2141 2488 D.

576 2558 595 2592 ι
642 2538 858 2595 decimo
885 2533 1130 2604 septimo
1172 2529 1427 2585 calendas
1460 2526 1653 2592 Julias,
1697 2524 2029 2593 Carthagine
2081 2521 2144 2578 in

573 2652 591 2684 ι
638 2630 906 2688 Secunda:
932 2624 1184 2684 ecclesia.
1219 2624 1277 2680 In
1303 2623 1407 2678 hac
1433 2620 1645 2693 synodo
1663 2617 1891 2688 placuit,
1911 2627 1971 2672 ut
1999 2627 2147 2671 unus

574 2746 592 2777 ι
637 2724 922 2796 episcOpus
975 2733 1082 2774 non
1127 2714 1384 2773 vendicet
1427 2715 1531 2770 sibi
1578 2712 1967 2783 cognitionem.
2007 2710 2146 2765 Acta

577 2836 594 2866 ι
640 2813 928 2886 praesentis
986 2808 1178 2883 synodi
1237 2822 1348 2862 non
1405 2813 1532 2862 sunt
1579 2805 1806 2871 scripta,
1852 2811 2143 2874 propterea

574 2928 593 2961 ι
637 2908 778 2978 quod
825 2903 1137 2975 specialiter
1185 2898 1260 2955 ob
1299 2897 1446 2953 illam
1495 2895 1793 2969 regionem,
1837 2903 1894 2950 et
1943 2891 2145 2950 nonin

575 3021 594 3054 ο
637 3004 923 3056 commune
959 3005 1178 3066 peracta
1207 2997 1351 3048 sunt.
1394 3010 1416 3044 ι

637 3083 838 3145 BALS.
870 3088 1002 3156 Quae
1035 3087 1089 3141 in
1119 3086 1372 3156 praesenti
1415 3099 1625 3140 canone
1665 3079 1866 3154 scripta
1903 3090 2051 3146 sunt,
2087 3088 2148 3136 ut

2239 514 2481 586 Σαρδικῇ
2517 513 2737 568 συνόδου
2769 517 2970 570 κανόνα
3003 514 3072 571 0'.
3129 515 3393 590 Πρέσὸεις
3417 517 3480 570 ἐκ
3524 519 3618 588 τῆς
3648 524 3792 576 συνό-

2235 606 2329 660 δου
2389 606 2526 675 πρὸς
2576 610 2668 660 τὸν
2723 605 2957 677 βασιλέα
3008 607 3614 672 σταλέντεςέπῖσκσποι
3662 617 3796 668 κατὰ

2212 699 2346 754 ¹’τῶν
2383 699 2661 772 Ἑλλήνων
2700 699 2938 755 καὶτῶν
3001 703 3306 772 αίρετικῶν
3357 701 3541 758 ἄδειαν
3592 702 3794 774 ἔλαϐον,

2239 793 2350 847 πᾶν
2369 792 2402 846 ὃ
2435 810 2488 847 τι
2511 792 2585 848 ’ἂν
2634 796 2916 866 συμφέρον
2942 797 3010 866 τῇ
3052 796 3317 868 καθολικῇ
3345 793 3644 869 Ἐκκλησία
3676 816 3799 852 συν-

2236 884 2416 953 ’ίδωσι,
2459 889 2602 942 κατὰ
2648 887 2747 958 τῆς
2783 887 3087 960 θρησκείας
3122 890 3231 942 τῶν
3286 885 3558 960 Ἑλλήνων
3586 894 3673 944 καὶ
3697 893 3799 946 τῶν

2235 979 2602 1045 Δονατιστῶν,
2666 978 2825 1035 τοῦτο
2882 983 3103 1051 αίτῆσαι
3157 985 3223 1038 ἐκ
3272 979 3559 1052 βασιλέως,
3604 965 3703 1037 κᾶν
3729 985 3802 1055 μὴ

2242 1063 2426 1132 ἰδικῶς
2461 1070 2593 1125 αὐτὸ
2624 1067 2772 1144 εἶχον
2805 1073 3217 1144 ἐντεταλμένον.

2800 1165 3041 1222 ΚΔΝΩΝ
3078 1168 3185 1222 P'l'.

2229 1273 2265 1308 1
2313 1254 2536 1322 Σύνοδος
2570 1258 2712 1312 κατᾶ
2745 1257 2856 1312 τῶν
2896 1258 3170 1331 Ἐλλήνων
3201 1263 3294 1314 καὶ⁸
3321 1259 3631 1332 αίρετικῶν.
3692 1262 3808 1317 Ἐπὶ

2317 1365 2337 1400 ι
2385 1345 2599 1402 Βάσσου
2637 1348 2732 1403 καὶ
2758 1349 3051 1414 Φιλίππου,
3083 1350 3196 1405 τῶν
3233 1352 3638 1423 λαμπροτάτων
3669 1355 3806 1412 timi-

2315 1457 2336 1492 ‹
2377 1457 2486 1495 των
2513 1443 2581 1512 τῇ
2629 1440 2736 1512 πρὸ
2768 1439 2830 1508 ἒξ
2863 1444 2959 1497 καὶ
2991 1441 3196 1516 δεκάτῃ
3245 1444 3531 1501 καλανδῶν
3558 1444 3808 1511 Ἰουλίων,

2317 1531 2442 1585 [ἐν
2492 1531 2807 1604 Καρχηδόνι
2879 1533 2961 1597 είς
3017 1533 3078 1587 τὸ
3127 1535 3403 1606 σήκρητον
3454 1533 3556 1604 τῆς
3619 1533 3812 1588 Ῥεστι-

2315 1640 2338 1676 ι
2380 1623 2581 1694 τούτης
2599 1623 2921 1706 ἐκκλησίας.
2945 1625 3037 1680 Ἐν
3072 1625 3246 1701 ταύτῃ
3281 1627 3486 1698 συνόδῳ
3528 1628 3814 1700 πρεσᾰείαν

2317 1734 2336 1768 ι
2382 1715 2704 1783 ἀνεδέξαντο
2741 1716 3111 1782 Ῥεστιτοῢτος
3161 1719 3260 1772 καί⁵
3284 1717 3598 1790 Φλορέντιος
3619 1721 3666 1773 οἱ
3697 1719 3813 1773 ἐπί-

2318 1823 2339 1860 (
2384 1823 2582 1862 σκοποι
2608 1807 2752 1863 κατὰ
2777 1808 2895 1863 τῶν.
2926 1807 3195 1882 Ἐλλήνων
3222 1807 3318 1864 καὶ
3368 1809 3482 1863 τῶν
3533 1808 3816 1882 αίρετικῒυν

2323 1919 2343 1953 ι
2387 1900 2449 1955 ἐν
2474 1900 2673 1973 ἐκείνῳ
2724 1899 2805 1971 τῷ
2856 1901 3037 1975 καιρῷ
3073 1900 3206 1971 καθ’
3222 1901 3284 1956 δν
3313 1901 3450 1974 Σευῆ
3462 1918 3552 1972 ρος
3583 1902 3678 1956 καὶ
3705 1901 3820 1958 Μα-

2324 2011 2342 2045 r
2388 1993 2578 2063 κάριος
2611 1991 2980 2064 ἀνῃρέθησαν,
3007 1991 3105 2047 καὶ
3143 1992 3232 2048 διὰ
3262 1991 3372 2047 τῶν
3395 1992 3607 2048 τούτων
3644 1993 3818 2046 αίτίαν

2321 2105 2340 2141 ι
2382 2086 2625 2155 Εὕόδιος,
2687 2087 2920 2152 Θεάσιος
2981 2087 3079 2142 καὶ
3127 2086 3370 2158 Βίκτωρ,
3428 2088 3484 2142 oi
3513 2087 3819 2152 ἐπίσκοποι,

2322 2196 2343 2233 ‹
2389 2180 2732 2252 ἐσφάγησαν.

2321 2292 2343 2328 r
2387 2272 2618 2339 Σύνοδος
2648 2273 2780 2344 περὶ⁸
2807 2272 3156 2344 διαγνώσεως
3188 2274 3529 2330 ἐπισκόπων.
3570 2273 3691 2327 Ἐπὶ
3720 2271 3823 2326 τῶν

2253 2384 2275 2419 ι
2321 2364 2681 2433 ἐνδοξοτάτων
2711 2364 2979 2436 βασιλέων
3026 2364 3287 2438 ὀνωρίου
3339 2366 3402 2421 τδ
3448 2365 3698 2436 ἓῦδομον,
3726 2364 3825 2418 ,καὶ

2253 2477 2274 2511 ι
2319 2456 2602 2512 Θεοδοσίου
2631 2457 2716 2524 ,τὸ
2758 2458 2970 2530 τρίτου,
3022 2457 3133 2512 τῶν
3183 2457 3522 2528 Αὐγούστων
3581 2457 3819 2518 ὑπάτων,

2251 2567 2272 2604 ι
2317 2551 2386 2622 τῇ
2415 2547 2524 2621 πρὸ
2551 2549 2830 2604 δεκαεπτὰ
2865 2548 3168 2618 καλανδῶν,
3213 2550 3452 2605 Ἰουλίων
3479 2550 3561 2614 είς
3614 2549 3828 2620 Καρχη-

2254 2660 2275 2696 r
2317 2643 2448 2697 δόνα
2474 2641 2532 2697 ἐν
2562 2644 2629 2714 τῇ
2661 2640 2964 2714 Σεκούνδης
3014 2642 3302 2716 ἐκκλησίᾳ.
3356 2640 3457 2709 Εἰς
3510 2643 3713 2714 ταύτην
3735 2642 3827 2712 τὴν

2252 2749 2272 2783 ι
2320 2730 2540 2787 σύνοδον
2572 2732 2793 2803 ἤρεσεν,
2820 2731 2964 2786 ὥστε
3002 2732 3100 2788 ἕνα
3148 2734 3451 2790 ἐπίσκοπον
3486 2732 3566 2806 μὴ
3601 2717 3828 2788 ἐκδικεῖν

2254 2844 2274 2879 ι
2321 2825 2517 2878 ἑαυτοῦ
2547 2823 2862 2894 διάγνωσιν.
2913 2825 2996 2880 Τὰ
3026 2827 3396 2898 πεπραγμένα
3419 2827 3524 2899 τῆς
3555 2825 3831 2897 παρούσης

2253 2937 2272 2970 ε
2321 2918 2542 2972 συνόδου
2574 2917 2664 2971 διὰ
2699 2919 2858 2972 τοῦτο
2880 2918 2983 2973 οὐκ
3013 2919 3251 2992 ἐγράφη,
3286 2919 3476 2992 ἐπειδὴ
3525 2920 3828 2992 ἐπιχωρίως

2253 3028 2275 3064 τ
2317 3009 2414 3064 καὶ
2441 3009 2504 3061 οὐ
2535 3010 2678 3064 κατὰ
2701 3010 2894 3064 κοινοῦ
2925 3011 3385 3082 ἐπετελέσθησαν.
3422 3031 3444 3064 ι

2320 3101 2520 3155 ΒΔΛΣ.
2565 3099 2647 3154 Τὰ
2677 3103 2735 3154 ἐν
2768 3101 2846 3172 τῷ
2874 3101 3106 3171 παρόντι
3158 3102 3348 3156 κανόνι
3393 3102 3728 3172 δηλωθέντα,
3757 3102 3828 3164 ὡς

570 3182 878 3257 specialiter
919 3181 1148 3251 prolata,
1201 3178 1546 3248 expositione
1590 3187 1696 3233 non
1758 3173 2146 3253 eg‘ent.IQuod

2251 3195 2437 3259 ίδικῶς
2469 3167 2869 3265 ἐκφωνηθέντα
2923 3167 3240 3266 ἐξηγήσεως
3285 3196 3346 3249 ού
3378 3167 3622 3252 δέονται.
3649 3167 3724 3249 Τό
3775 3195 3829 3247 δὲ

570 3289 750 3336 autem
781 3278 985 3332 dictum
1028 3283 1108 3330 cst
1132 3312 1148 3340 ,
1199 3285 1360 3326 unum
1402 3271 1714 3341 episcopum
1751 3269 1854 3324 sibi
1901 3282 2010 3323 non
2041 3266 2144 3322 de-

571 3374 697 3428 bere
723 3369 1008 3426 vendicare
1029 3366 1418 3436 cognitionem,
1447 3373 1530 3418 est
1550 3362 1923 3434 accipiendum
1951 3373 2146 3418 secun-

569 3467 701 3522 dum
732 3477 998 3519 canonem
1031 3460 1093 3513 ll
1134 3458 1414 3527 praesentis
1448 3456 1662 3528 synodi.

643 3553 898 3612 ZONAR.
936 3550 1007 3609 Ut
1040 3553 1105 3608 de
1131 3551 1452 3606 clericorum
1483 3550 1668 3604 causis
1691 3563 1853 3620 astro
1884 3547 2145 3618 cujusque

568 3651 824 3720 episcopo
872 3645 990 3718 jndi
1026 3655 1170 3712 etnr,
1228 3657 1372 3698 nono
1423 3653 1634 3713 quartae
1682 3641 1876 3714 synodi
1931 3655 2146 3698 canone

569 3744 920 3799 constitutum
947 3749 1031 3795 est
1060 3755 1075 3792 :
1112 3738 1156 3792 si
1195 3751 1344 3803 vero,
1373 3735 1454 3789 vel
1477 3735 1706 3790 clericus
1740 3748 1862 3789 eum
1892 3732 2146 3802 episcopo

569 3848 692 3900 suo,
745 3832 828 3887 vel
876 3832 980 3886 duo
1026 3829 1170 3884 inter
1197 3841 1256 3883 se
1298 3828 1536 3898 episcopi
1584 3825 1864 3897 quidpiam
1907 3823 2148 3880 habeant

568 3924 996 3989 controversiae,
1054 3934 1222 3991 penes
1273 3921 1537 3990 synodum
1591 3906 1711 3988 ejus
1758 3916 1836 3972 rei
1879 3916 2144 3987 judicium

569 4034 715 4076 esse.
740 4016 889 4072 idem
908 4017 1014 4070 hoc
1043 4026 1254 4068 canone
1283 4013 1495 4066 videtur
1520 4027 1641 4066 esse
1667 4010 1975 4075 sancitum;
2007 4020 2068 4064 ut
2096 4011 2144 4065 si

570 4109 679 4165 duo
709 4106 968 4163 nimirum
1001 4108 1144 4159 inter
1175 4117 1235 4158 se
1256 4103 1496 4173 episcopi
1519 4101 1759 4172 litigent,
1779 4102 1864 4158 vel
1889 4103 2148 4158 adversus

570 4202 883 4274 episcopum
917 4197 1150 4252 clericus
1179 4197 1446 4252 actionem
1482 4194 1769 4258 intendat;
1793 4207 1862 4250 ne
1892 4193 1999 4250 sibi
2032 4193 2148 4264 epi-

571 4301 766 4365 scopus
827 4292 1098 4363 quispiam
1162 4289 1284 4360 ejus
1330 4302 1510 4344 causa:
1558 4287 1932 4361 cognitionem
1996 4288 2148 4343 solus

573 4391 858 4453 assumat,
885 4385 987 4440 sed
1011 4398 1074 4438 ea
1109 4383 1178 4438 ad
1213 4381 1401 4454 synodi
1444 4379 1792 4452 provincialis
1816 4388 2145 4435 conventum

573 4478 860 4534 referatur.

2249 3285 2416 3357 ῥηθὲν
2444 3283 2606 3356 χάριν
2632 3282 2729 3338 τοῦ
2770 3283 2849 3356 μὴ
2878 3283 3170 3339 διεκδικεῐν
3195 3284 3296 3339 ἕνα
3327 3285 3632 3339 ἐπίσκοπον
3655 3279 3830 3355 ἐαυτῷ

2244 3377 2562 3447 διάγνωσιν,
2623 3376 2930 3448 ἐκληπτὲον
2978 3376 3127 3432 κατὰ
3157 3377 3253 3432 τὸν
3287 3377 3584 3433 ἑνδέκατον
3633 3377 3834 3432 κανόνα

2243 3468 2347 3540 τῆς
2395 3467 2680 3539 παρούσης
2713 3469 2954 3523 συνόδου.

2318 3561 2563 3616 ΖΩΝΑΡ.
2617 3561 2678 3613 Ὀ
2720 3560 2946 3625 ἑννατος
3000 3561 3184 3618 κανὼν
3213 3562 3312 3635 τῆς
3345 3563 3622 3636 τετάρτης
3683 3562 3834 3619 συνό-

2245 3650 2336 3706 δου
2359 3656 2486 3718 τοὺς
2514 3655 2818 3726 κληρικοὺς
2854 3655 3028 3724 ὁρίζει
3084 3655 3238 3725 παρὰ
3296 3658 3412 3720 τοῖς
3445 3638 3688 3718 οἰκείοις
3720 3657 3834 3709 ἑπι-

2248 3746 2476 3813 σκόποις
2530 3748 2876 3811 δικάζεσθαιο
2931 3750 2980 3802 εί
3028 3749 3085 3802 δὲ
3113 3750 3378 3821 κληρικὸς
3410 3751 3554 3819 πρὸς
3583 3750 3682 3804 τὸν
3715 3750 3834 3802 ἐπί-

2246 3855 2453 3894 σκοπον
2507 3840 2674 3894 αὑτοῦ
2746 3839 2863 3911 ἔχει
2915 3841 3195 3907 ὑπόθεσιν,
3243 3841 3275 3910 ἢ
3323 3841 3632 3905 ἐπίσκοπος
3699 3839 3834 3910 πρὸς

2245 3929 2575 3994 ἐπίσκοπον,
2607 3929 2760 4000 παρὰ
2793 3931 2859 4001 τῇ
2892 3930 3096 4002 συνόδῳ
3149 3932 3247 4000 τῆς
3297 3933 3579 4003 ἐπαρχίας
3620 3932 3835 3994 δικάζευ

2247 4020 2396 4075 σθαι.
2433 4021 2609 4075 Τοῦτο
2641 4016 2736 4076 οὖν
2785 4022 2931 4076 ἔοικε
2963 4023 3076 4077 καὶ
3100 4025 3129 4076 ό
3155 4023 3346 4095 παρὼν
3407 4025 3593 4079 κανὼν
3618 4023 3836 4078 διατάτ·

2244 4112 2478 4178 τεσθσι,
2538 4112 2680 4167 ὥστε
2732 4112 3052 4169 ἐπισκόπων
3113 4115 3208 4168 δύο
3277 4116 3435 4187 δίκην
3481 4117 3739 4187 ἐχόντων,
3799 4114 3834 4186 ἢ

2246 4203 2513 4272 κληρικοῦ
2569 4206 2713 4261 κατά
2757 4206 3060 4261 ἐπισκόπου
3127 4208 3438 4277 ἐνάγοντος,
3491 4209 3569 4279 μὴ
3597 4209 3695 4262 ενα
3716 4208 3834 4261 ἐπί·

2249 4315 2450 4352 σκοπον
2472 4298 2659 4368 ζητεῖν
2683 4297 2780 4368 τὴν
2811 4300 2938 4372 περὶ
2991 4299 3174 4353 αὐτῶν
3204 4301 3480 4353 ποιεῖσθαι
3519 4301 3833 4369 διάγνωσιν,

2247 4389 2386 4442 ἀλλὰ
2423 4388 2524 4461 τὴν
2558 4391 2778 4447 σύνοδον
2825 4391 2925 4463 τῆς
2949 4391 3219 4462 ἐπαρχίας
3243 4392 3514 4458 δικάζειν.

573 4570 809 4628 ARIST.
873 4591 893 4624 ί
941 4570 1092 4626 Unus
1142 4572 1426 4642 episcOpus
1477 4567 1842 4639 cognitionem
1907 4566 2010 4624 sibi
2075 4582 2143 4622 ne

2249 4570 2473 4626 ΑΡΙΣΤ.
2553 4589 2575 4626 ι
2632 4567 2728 4637 Εἷς
2791 4575 3088 4640 ἐπίσκοπος
3161 4576 3236 4650 μὴ
3311 4576 3604 4632 ἐκδικείτω
3660 4574 3835 4646 ἐαυτῷ

1165 4679 1186 4714 ι
1227 4659 1498 4716 vendicet.
1539 4677 1560 4711 ι

642 4753 760 4809 Non
814 4763 1025 4808 tantum
1079 4752 1241 4808 unius
1291 4751 1533 4822 episcopi
1563 4750 1852 4822 judicium,
1899 4749 1995 4806 scd
2045 4762 2144 4803 nec

575 4846 686 4903 duo
718 4844 990 4901 sullic'runt
1022 4846 1087 4900 ad
1134 4843 1434 4916 presbyteri
1468 4843 1552 4899 vel
1591 4841 1805 4899 diaconi
1849 4841 2145 4912 depositio-

519 4979 526 4984 -
579 4957 725 4997 nem.
750 4939 858 4996 Sed
883 4940 930 4997 si
967 4939 1257 5010 episcopus
1290 4940 1363 4994 sit
1394 4946 1704 5006 accusatus,
1736 4937 1784 4993 si
1830 4935 1987 4991 multi
2029 4934 2146 5004 cpi.

575 5033 722 5102 scopi
754 5032 1047 5087 convenire
1076 5045 1182 5084 non
1210 5039 1462 5100 possunt,
1483 5043 1513 5083 a
1541 5028 1829 5084 duodecim
1861 5025 2142 5083 minimum

575 5123 843 5194 episcopis
877 5121 1248 5193 iudicabitur;
1295 5121 1340 5176 si
1404 5120 1689 5192 presbyter
1726 5130 1928 5184 autem,
1969 5133 2001 5174 a
2047 5132 2144 5175 sex

575 5215 864 5286 episcopis,
902 5223 957 5270 et
977 5229 1078 5271 suo
1106 5213 1401 5285 episcopo;
1437 5215 1523 5269 sin
1574 5224 1754 5270 autem
1795 5212 2082 5278 diaconus,
2113 5227 2145 5266 a

577 5309 748 5364 tribus
768 5315 825 5364 et
853 5322 952 5364 suo
981 5307 1273 5378 episcopo:
1311 5307 1765 5378 quemadmodum
1797 5306 2147 5363 duodecimus

577 5412 630 5459 et
652 5402 945 5457 vicesimus
970 5401 1130 5473 hujus
1161 5400 1352 5472 synodi
1383 5415 1567 5465 canon
1586 5407 1844 5456 statuunt.
1880 5401 2002 5456 Non
2043 5399 2145 5470 igi-

578 5506 666 5549 tur
688 5495 976 5565 episcopus
1007 5509 1148 5549 unus
1203 5511 1264 5550 se
1286 5493 1526 5562 judicem
1559 5497 1854 5551 constituet
1880 5495 1932 5549 in
1955 5493 2164 5549 crimi--

579 5585 734 5640 nibus
762 5584 1062 5656 presbyteri
1091 5591 1186 5640 aut
1209 5585 1445 5653 diaconi,
1468 5591 1523 5640 et
1544 5599 1701 5640 suum
1733 5584 1988 5640 defendet
2007 5584 2152 5654 judi-

578 5679 742 5743 cium,
773 5687 832 5734 et
861 5678 928 5733 ad
950 5693 1085 5753 opus
1129 5679 1261 5734 illud
1290 5679 1584 5749 perducet;
1611 5678 1715 5734 nisi
1753 5681 1997 5736 accusati
2039 5683 2151 5737 sint

580 5780 612 5822 e
631 5783 858 5826 numero
877 5767 1224 5837 clericorum,
1249 5767 1343 5838 qui
1365 5776 1488 5825 sunt
1509 5771 1654 5826 intra
1677 5769 1953 5824 diaconos.
1981 5767 2054 5826 De
2079 5769 2148 5828 iis

2817 4684 2836 4720 ι
2880 4667 3193 4738 διάγνωσιν.
3237 4689 3255 4722 ι

2316 4755 2393 4809 Οὐ
2435 4757 2596 4828 μόνον
2622 4757 2742 4821 ἐνὸς
2798 4759 3102 4814 ἐπισκόπου
3159 4760 3482 4831 διάγνωσις,
3545 4762 3671 4819 ἀλλ’
3713 4764 3832 4817 οὐδὲ

2245 4849 2341 4904 δύο
2407 4849 2739 4919 ἀρκέσουσιν
2799 4853 2881 4916 είς
2956 4851 3282 4923 καθαίρεσιν
3360 4855 3744 4929 πρεσϐυτέρου
3797 4855 3830 4925 ἢ

2244 4942 2517 4999 διακόνου,
2577 4943 2721 4996 Ἀλλ’
2775 4945 2825 4996 εί
2856 4941 2956 5015 μὲν
2991 4945 3289 5009 ἐπίσκοπος
3334 4949 3489 5002 ἐστιν
3527 4949 3558 5002 ὁ
3595 4966 3829 5018 κατηγο-

2249 5037 2538 5106 ρούμενος,
2571 5039 2619 5090 εί
2653 5038 2728 5108 μὴ
2755 5037 2985 5094 δυνατὸν
3011 5039 3245 5104 πολλοὺς
3272 5040 3560 5097 συνελθεῖν
3616 5041 3836 5096 ἐπισκό·

2248 5143 2406 5194 πους,
2445 5127 2600 5197 παρὰ
2635 5129 2847 5184 δώδεκα
2899 5131 2962 5184 τὸ
3001 5131 3286 5203 ἐλάχιστον
3340 5135 3666 5188 ἐπισκόπων
3713 5151 3833 5205 κρι-

2249 5220 2494 5291 Θήσεταιο
2527 5222 2576 5275 εί
2634 5221 2691 5275 δέ
2747 5222 3136 5296 πρεσϐύτερος,
3193 5223 3346 5296 παρὰ
3399 5227 3458 5292 ἒξ
3518 5227 3832 5280 ἐπισκόπων

2247 5315 2348 5369 καὶ
2377 5314 2475 5368 τοῦ
2501 5315 2635 5369 ἰδίου
2667 5315 2996 5374 ἐπισκόπου·
3019 5319 3069 5371 εί
3091 5317 3148 5371 δὲ
3177 5317 3446 5383 διάκονος,
3476 5323 3635 5390 παρὰ
3660 5316 3829 5389 τριῶν

2248 5406 2476 5462 καὶτοῦ
2532 5407 2664 5461 ἰδίου
2718 5409 3047 5476 ἐπισκόπου,
3108 5409 3185 5475 ὠς
3212 5411 3242 5464 6
3293 5411 3604 5473 δωδέκατος
3651 5407 3829 5465 κανὼν

2251 5504 2345 5555 καὶ
2378 5502 2408 5554 ό
2441 5502 2688 5561 εἰκοστὸς
2710 5501 2810 5573 τῆς
2833 5502 3058 5557 συνόδού
3083 5490 3289 5576 ταύτης
3338 5504 3826 5576 διαλαμϐάνουσιν.

2250 5591 2364 5647 Οὐκ
2393 5587 2485 5647 οὖν
2513 5592 2814 5658 ἐπίσκοπος
2839 5594 2920 5658 είς
2950 5593 3213 5668 δικαστὴν
3269 5597 3465 5652 ἑαυτὸν
3495 5596 3594 5650 ἐπ’
3627 5593 3830 5666 ἐγκλή-

2255 5701 2392 5755 μασι
2415 5687 2750 5757 καταστήσει
2777 5687 3155 5759 πρεσϐυτέρου
3183 5731 3196 5754 ,
3226 5689 3259 5760 ἢ
3287 5689 3541 5744 διακόνου
3565 5733 3579 5756 ,
3611 5691 3704 5743 καὶ
3733 5687 3828 5758 τὴν

2252 5775 2459 5832 οἰκείαν
2483 5776 2817 5849 διεκδικήσει
2849 5777 3164 5851 διάγνωσιν,
3199 5781 3292 5838 καί
3321 5784 3402 5847 είς
3434 5781 3601 5855 ἔργον
3625 5779 3828 5851 ταύτην
