4056 6302
330 377 433 441 393

399 511 420 546 ι
457 493 516 560 ἐξ
542 496 651 549 ἀπὸ
687 496 786 566 τῆς
821 499 1033 569 ἡμέρας
1060 505 1158 572 τῆς
1197 507 1326 578 περ)⁵
1381 505 1574 560 τούτου
1636 503 1892 562 συνελεὺ-
1920 513 1969 570 Α

405 606 425 639 ι
465 603 602 652 σεως
627 589 797 661 μηδὲν
827 591 1092 657 ἁνύσωσι,
1123 596 1202 666 τῷ
1236 595 1525 668 δυναμένῳ
1555 598 1741 652 λοιπὸν
1770 598 1897 651 τού-

401 699 423 732 (
460 696 586 744 τους
632 683 893 752 κερδᾶναι
933 687 1432 756 προσκυρωθῶσιν·
1474 687 1648 754 οὕτως
1684 690 1894 761 μέντοι,

402 791 424 826 ι
462 773 568 839 ἶνα,
592 775 686 828 ἐὰν
715 776 948 841 ἐκεῖνος,
979 779 1114 849 πρὸς
1139 778 1198 832 ὃν
1242 780 1550 835 δείκνυνται
1589 783 1813 851 ἀνήκειν
1847 784 1897 837 οἱ

405 883 426 918 ι
465 865 717 934 τοιοῦτοι,
749 870 1066 940 ἐξεπίτηδες
1097 874 1187 926 διὰ
1228 889 1347 926 τινα
1376 873 1689 944 οἰκονομίαν
1716 876 1898 941 ἔδοξεν

397 977 418 1010 ι
454 959 703 1028 ἀμελεῖν,
745 961 908 1015 τοῦτο
966 964 1074 1015 τῶν
1125 965 1421 1034 αίρετικών
1463 967 1893 1038 ἐπιλεξαμένων,

403 1069 423 1102 ι
460 1051 600 1104 ὥστε
641 1053 926 1122 ἁθορύόως
979 1057 1174 1118 αὐτοὺς
1235 1058 1680 1126 παραδέξασθαιο
1716 1062 1808 1115 καὶ
1838 1065 1898 1115 ἐν

399 1157 417 1190 ι
456 1142 696 1214 τοσούτῳ
737 1147 769 1213 ή
805 1145 971 1197 αὑτοῦ
1020 1147 1312 1216 ἐπιμέλεια
1365 1149 1472 1202 ὑπὸ
1523 1151 1712 1220 ἐτέρου
1759 1169 1898 1224 προ-

401 1253 419 1283 ι
456 1235 688 1305 ιλήφθη,
730 1230 876 1310 ᾗτινι
907 1238 956 1290 εί
987 1240 1390 1308 κατεχρήσατο,
1423 1241 1550 1303 τοὺς
1581 1243 1778 1305 αὐτοὺς
1807 1244 1896 1296 ai-

400 1341 420 1376 t
460 1328 708 1396 ρετικοὺς
743 1328 910 1380 πλέον
958 1330 1245 1395 ἐκάκιζεν·
1300 1331 1493 1385 τούτου
1527 1332 1732 1401 μεταξὺ
1775 1336 1897 1390 ἐπιο

400 1433 420 1468 ι
463 1419 682 1472 σκόπων
728 1423 1025 1491 κρινόντων
1070 1421 1600 1492 διαγινωσκομένου,
1644 1426 1695 1477 oi
1739 1425 1894 1478 τόποι

397 1527 416 1558 ι
456 1511 521 1580 τῇ
573 1509 738 1564 αὑτοῦ
785 1513 1023 1583 καθέδρᾳ
1056 1513 1610 1570 ἀποκατασταθῶσιν.
1661 1516 1782 1570 Τῶν
1835 1517 1894 1570 δὲ

400 1617 418 1650 ι
459 1603 751 1670 κρινόντων
796 1604 1111 1657 ἐπισκόπων
1149 1608 1213 1658 ἐκ
1260 1605 1534 1678 διαφόρων
1579 1607 1749 1661 ὄντων
1796 1612 1894 1663 ἐπ-

397 1709 414 1742 ι
458 1693 684 1759 αρχιῶν,
742 1695 954 1756 ἐκεῖνος
1009 1699 1037 1748 ὁ
1088 1694 1393 1766 πρωτεύων
1446 1697 1573 1762 τοὺς
1629 1697 1892 1762 δικαστὰς

396 1805 413 1836 ι
449 1783 632 1848 δώσει,
689 1779 896 1848 οὗτινος
939 1786 999 1838 ἐν
1033 1789 1095 1856 τῇ
1134 1787 1286 1860 χώρᾳ
1338 1791 1367 1841 ὁ
1421 1790 1587 1854 αὐτὸς
1652 1791 1891 1862 ὑπάρχει

396 1894 412 1926 ι
451 1876 638 1941 τόπος,
701 1878 828 1946 περὶ
881 1872 941 1931 οὗ
996 1856 1411 1946 φιλονεικεῖται.
1465 1883 1590 1937 Ἐὰν
1645 1883 1700 1937 δέ
1927 1856 1969 1911 Β

393 1985 413 2020 ι
456 1970 640 2038 κοινὴν
674 1968 979 2022 συναίνεσιν
1005 1972 1256 2038 γείτονας
1288 1973 1887 2045 ἑπιλέξωνταικριτὰς,

397 2080 414 2112 ι
453 2061 485 2132 ἢ
523 2057 604 2125 εἷς
635 2061 862 2132 ἐπιλεγῇ
892 2064 924 2132 ἢ
959 2065 1112 2133 τρεῖς
1131 2080 1146 2095 ο
1179 2065 1274 2117 καὶ
1295 2067 1394 2120 ἐὰν
1415 2067 1567 2135 τρεῖς
1596 2067 1891 2133 tunsam.

391 2173 409 2205 ι
453 2157 612 2222 ται,ῆ
648 2157 712 2226 τῇ
767 2156 875 2208 τῶν
901 2156 1040 2209 ὅλων
1071 2155 1238 2229 ψήφῳ
1272 2157 1817 2230 ἐξακολουθήσουσιν,
1853 2160 1886 2232 ἢ

384 2265 403 2296 ι
450 2249 513 2317 τῇ
547 2246 653 2299 τῶν
675 2247 789 2300 δύο.
837 2267 856 2299 ι

381 2337 580 2390 ΒΛΛΣ.
630 2338 816 2391 Ἄλλοι
871 2342 970 2411 μὲν
1036 2343 1355 2408 ἐξελάὸοντο
1403 2346 1495 2399 τὸν
1548 2349 1751 2403 κανόνα
1808 2350 1888 2412 εἰς

308 2431 650 2493 ἐπισκόπους
671 2430 889 2498 ἀμελῶς
921 2433 1338 2506 διατιθεμένους
1368 2437 1459 2489 ἐπὶ⁵
1494 2439 1558 2508 τῇ
1599 2438 1882 2508 ἐκδικήσει

305 2522 421 2575 τῶν
479 2521 799 2592 ἀνηκόντων
856 2525 1000 2578 κατὰ
1039 2525 1360 2581 δεσποτείαν
1399 2531 1522 2592 ταῖς
1567 2528 1888 2601 ἐκκλησίαις

302 2612 734 2666 αὑτῶντόπωνο
793 2613 906 2681 ἐγὼ
955 2616 1013 2670 δέ
1060 2619 1198 2690 πρὸς
1238 2618 1338 2690 τὴν
1386 2619 1738 2674 ἐπιτίτλωσιν
1788 2621 1886 2675 τοῦ

305 2706 534 2767 κανόνος
566 2705 888 2776 ἑρμηνεύων
922 2707 1110 2774 αὑτὸν,
1143 2711 1286 2778 φημὶ
1320 2711 1402 2764 ὅτι.
1432 2711 1597 2782 ἡρεσε
1625 2714 1738 2775 τοῖς
1775 2713 1889 2766 [Ια-

301 2795 530 2866 τράσιν,
558 2796 646 2850 ίνα
672 2836 689 2861 ,
720 2798 814 2852 ἐὰν
844 2799 1141 2854 ἐπίσκοποί
1166 2818 1312 2866 τινες
1337 2802 1582 2873 ἀμελῶσι
1609 2804 1705 2857 τοῦ
1738 2805 1886 2862 διδά-

301 2903 462 2939 σκειν
492 2887 621 2950 τοὺς
657 2889 716 2941 ἐν
745 2890 864 2950 ταῐς
898 2890 1137 2957 ἐνορίαις
1183 2889 1388 2958 αὐτῶν,
1431 2893 1544 2946 εἴτε
1577 2895 1887 2964 κερδαίνειν

296 2982 397 3041 τὰς
436 2977 616 3049 ψυχὰς
660 2978 909 3046 τούτων,
962 2980 1250 3051 ὀφείλωσιν
1303 2986 1388 3046 εἰς
1442 2985 1543 3056 τὴν
1589 2987 1884 3060 καθολικὴν

297 3077 560 3144 ἑνότητα,
587 3076 754 3146 ἤγουν
774 3078 854 3139 είς
877 3078 973 3147 τὴν
1004 3078 1224 3148 ἐτησίαν
1243 3079 1482 3144 σύνοδον,
1505 3081 1880 3150 ἐγκαλεῖσθαι,

303 3168 478 3237 ἤγουν
535 3168 1016 3238 παραγγέλλεσθαι
1083 3172 1236 3241 παρὰ
1299 3169 1410 3224 τῶν
1458 3173 1948 3256 γειτνιαζόντωνο

295 3258 582 3329 ἐπιμελῶν
620 3260 936 3314 ἐπισκόπων
975 3262 1102 3332 περὶ
1135 3261 1230 3316 τοῦ
1278 3263 1355 3333 μὴ
1395 3265 1698 3335 ῥᾳθυμεῖν,
1737 3266 1876 3323 ἀλλὰ

292 3351 574 3405 διδάσκειν
606 3352 694 3405 τδν
721 3353 813 3406 ὑπ’
843 3354 1042 3418 αὐτοὺς
1073 3357 1228 3408 λαόν.
1283 3356 1410 3410 Ἐὰν
1435 3356 1490 3411 δὲ
1524 3359 1661 3428 μετὰ
1690 3358 1753 3413 τὸ
1779 3376 1875 3428 γε·

293 3445 488 3498 νέσθαι
514 3446 616 3516 τὴν
650 3447 1036 3515 παραγγελίαν
1094 3450 1153 3500 οὐ
1183 3447 1556 3518 διορθωθῶσιν
1583 3453 1633 3503 οί
1665 3455 1877 3522 ἐπιφω-

291 3536 554 3605 νηθέντες
582 3541 677 3590 καὶ
709 3543 790 3600 είς
813 3538 1173 3595 διδασκαλίαν
1193 3543 1698 3613 ἐπαγρυπνήσωσιν
1722 3543 1876 3609 ἐντὸς

293 3628 486 3696 μηνῶν
556 3626 634 3691 ἐξ,
704 3628 893 3683 ἔκτοτε
955 3631 1271 3701 ὀφείλουσιν
1327 3634 1377 3687 οἱ
1431 3633 1663 3688 τοιοῦτοι
1715 3637 1872 3690 τόποι

290 3720 748 3789 προσκυροῦσθαι
793 3723 966 3795 ἑτέρῳ
1021 3727 1387 3798 πλησιοχώρῳ
1423 3729 1710 3800 ἐπισκόπῳ
1735 3768 1751 3796 ,
1791 3729 1871 3802 τῷ

286 3811 577 3881 δυναμένῳ
602 3812 822 3879 τούτους
851 3818 1133 3886 κερδᾶναι,
1164 3820 1334 3891 ήγουν
1369 3819 1458 3874 διὰ
1477 3821 1577 3892 τῆς
1604 3823 1868 3878 διδασκα·

288 3904 413 3967 λίας
446 3903 863 3969 οίκειὼσασθαι.
901 3909 1026 3962 Ἐὰν
1067 3910 1123 3964 δέ
1151 3913 1178 3964 ὁ
1208 3912 1531 3979 ἐπίσκοπος,
1561 3914 1590 3968 δ
1617 3914 1724 3985 πρὸ
1746 3915 1871 3970 τού·

283 4014 381 4050 του
411 3996 516 4064 τὴν
544 4000 806 4068 τοιαύτην
839 4003 1059 4074 ἐνορίαν
1087 4003 1252 4073 ἔχων,
1286 4004 1421 4077 λέγῃ
1454 4006 1545 4061 διά
1569 4024 1692 4062 τινα
1717 4008 1868 4062 οἰκο-

287 4088 488 4158 νομίαν
522 4088 802 4160 ἀμελῆσαι
829 4091 925 4144 τοῦ
950 4093 1230 4148 διδάσκειν
1261 4095 1353 4149 τὸν
1374 4098 1431 4148 ἐν
1459 4097 1600 4168 αὐτῇ
1623 4096 1772 4164 λαὸν,
1791 4098 1868 4164 ὡς

283 4183 454 4252 τυχὸν
485 4182 593 4234 τῶν
629 4185 690 4236 ἐν
728 4185 912 4259 ἐκείνῃ
967 4186 1136 4240 δντων
1168 4189 1479 4259 ⁹αἱρετικῶν
1521 4189 1868 4258 θελησάντων

283 4278 454 4348 χωρίς
487 4292 630 4340 τινος
666 4276 888 4349 ἐλέγχου
923 4283 1351 4351 ἐπιστραφῆναι,
1381 4281 1471 4335 καὶ
1503 4283 1866 4348 ἀξιωσάντων

286 4366 680 4437 σεσιγημινως
713 4370 805 4423 τὸν
832 4369 992 4437 λόγον
1022 4371 1121 4441 τῆς
1143 4371 1403 4442 ἀληθείας
1427 4373 1862 4444 παραδέξασθαι,

281 4463 378 4514 καὶ
417 4462 511 4516 διὰ
546 4463 705 4515 τοῦτο
747 4463 1023 4533 ἀμελῆσαι
1067 4468 1170 4534 τῆς
1223 4465 1594 4528 διδασκαλίας,
1640 4465 1726 4519 ἵνα
1783 4466 1861 4536 μὴ

279 4552 715 4624 καταχρώμενος
745 4555 917 4624 ταύτῃ
963 4556 1090 4617 τοὺς
1118 4554 1436 4625 αίρετικοὺς
1487 4554 1748 4609 ἐπιπλέον
1777 4559 1856 4619 είς

279 4649 488 4700 κακίαν
515 4646 794 4718 παροξύνῃ
851 4646 940 4701 διὰ
992 4649 1121 4711 τοὺς
1170 4648 1426 4718 ἐλέγχους
1462 4647 1860 4720 ύσριοπαθοῦν-

277 4755 417 4801 τας,
467 4739 568 4790 καὶ
615 4737 773 4792 τοῦτο
821 4739 953 4793 αὐτὸ
999 4740 1310 4813 διαγνωσοῇ
1345 4743 1474 4811 παρ’
1503 4743 1854 4796 ἐπισκόπων·

276 4834 782 4903 ἀντιστραφήσεται
814 4834 846 4904 ή
879 4833 1063 4903 ἐνορία
1127 4835 1264 4904 πρὶς
1303 4836 1396 4888 τὸν
1443 4837 1607 4889 αὑτὸν
1634 4839 1857 4890 ἐπίσκο-

277 4941 403 4977 πον.
442 4924 601 4976 Ἐπεὶ
646 4923 702 4976 δέ
731 4925 877 4986 εἰκὸς
912 4919 980 4993 ἦν
1011 4926 1189 4979 είπεῖν
1215 4941 1388 4990 τινας,
1435 4927 1588 4990 Τίνες
1633 4929 1854 4983 δικάσαι

276 5016 561 5084 ὀφείλουσι
594 5015 692 5084 τὴν
720 5015 976 5086 τοιαύτην
1012 5015 1306 5082 ὑπόθεσιν;
1346 5017 1556 5089 ὥρισαν
1596 5020 1646 5073 oi
1675 5022 1855 5075 Πατέο

278 5126 371 5178 ρες
426 5109 673 5169 ἐκείνους
724 5107 964 5162 δίδοσθαι
995 5109 1262 5174 δικαστὰς
1318 5112 1654 5178 ἐπισκόπους
1703 5115 1852 5185 παρά

273 5203 372 5256 τοῦ
407 5202 786 5272 πρωτεύοντος
814 5201 914 5272 τῆς
942 5202 1217 5273 ἐπαρχίας
1253 5204 1372 5274 ἦτοι
1397 5204 1492 5258 τοῦ
1519 5209 1854 5278 μητροπολξ-

274 5313 395 5360 του,
429 5294 528 5358 οὓς
565 5296 631 5350 ἂν
683 5297 843 5359 αὐτὸς
872 5298 1031 5367 ὁρίσῃ
1054 5337 1069 5363 ,
1135 5300 1229 5352 ἆτε
1293 5300 1388 5352 καὶ
1421 5299 1518 5353 τοῦ
1551 5303 1716 5354 τόπου
1747 5302 1852 5355 ὑπὸ

271 5389 371 5460 τήν
428 5390 704 5458 ἐπαρχίαν
737 5388 932 5441 τούτου
968 5391 1337 5462 διακειμένου.
1385 5391 1510 5446 Ἐὰν
1547 5393 1604 5446 δέ
1632 5394 1680 5447 οἱ
1719 5394 1856 5466 περὶ

271 5483 372 5550 τῆς
408 5480 628 5550 ἐνορίας
665 5481 1021 5549 δικαζόμενοι
1051 5480 1408 5548 ἐπιλέξωνται
1464 5483 1726 5551 δικαστὰς
1783 5486 1849 5540 ἐκ

269 5571 542 5639 γειτόνων
579 5571 938 5636 ἐπισκόπους,
991 5570 1067 5642 μὴ
1104 5571 1331 5634 πολλοὺς
1383 5573 1845 5642 ἐπιλεγέσθωσαν,

266 5662 384 5715 ἀλλ’
417 5661 452 5732 ἦ
481 5662 580 5715 ἕνα
608 5661 834 5732 ἢτρεῐς.
864 5662 927 5714 Ei
963 5664 1062 5733 μὲν
1078 5661 1188 5734 γὰρ
1209 5658 1289 5726 εἷς
1313 5665 1564 5733 ἐπιλεγῇ,
1586 5668 1652 5737 τῇ
1680 5667 1847 5739 ψήφῳ

266 5753 488 5810 ἐκείνου
527 5751 756 5821 ἕψονται
774 5767 789 5782 ο
823 5753 1043 5824 αἱρετὸς
1066 5754 1173 5824 γὰρ
1202 5752 1280 5807 ὢν
1305 5755 1563 5824 δικαστὴς
1590 5757 1842 5829 ἐκκλήτῳ

263 5853 359 5923 οὐχ
427 5851 827 5905 ὑποπεσεῖται·
879 5853 928 5904 εί
972 5851 1030 5904 δὲ
1077 5855 1222 5922 τρεῖς
1267 5853 1425 5918 είςιν,
1478 5855 1510 5928 ἢ
1559 5851 1839 5926 σύμψηφοι

527 5942 800 6007 Ριιῑιιυι..
834 5951 950 6010 Gn.
984 5949 1364 6014 CXXXVI”.

1324 387 1408 450 IN
1443 390 1585 452 CAN
1595 439 1608 452 .
1639 392 1857 452 CXXII
1883 390 2092 452 CONC.
2121 391 2500 452 CABTIIAG.

3464 383 3569 448 394

2073 523 2093 559 ι
2140 507 2303 562 tionis
2337 507 2468 563 nibil
2511 504 2811 572 eﬂecerint,
2861 507 2908 564 ei
2972 506 3250 575 deinceps,
3301 503 3393 575 qui
3450 503 3572 558 illos

2078 615 2098 649 ι
2131 598 2302 666 possit
2347 597 2690 663 lucrifacere.
2744 597 3091 669 assignentur
3120 615 3135 655 :
3172 596 3253 652 sic
3287 604 3492 658 tamen,
3522 593 3567 648 si

2083 707 2103 742 ι
2137 690 2246 758 ille,
2296 691 2362 746 ad
2390 707 2549 760 quem
2585 691 2622 746 ii
2655 691 2929 764 pertinere
2957 689 3339 753 ostenduntur,
3377 689 3444 742 de
3489 687 3573 742 in-

2071 798 2094 831 ι
2130 781 2336 836 dustria
2368 791 2585 852 propter
2615 781 2850 850 aliquam
2901 779 3264 836 meonomiam
3299 778 3571 856 negligere

2069 891 2089 925 ι
2128 873 2276 928 visus
2298 874 2391 938 sit,
2421 888 2544 928 cum
2572 873 2675 929 hoc
2701 872 3020 928 maluissent
3043 871 3302 935 itmretici,
3334 882 3390 924 nt
3420 871 3571 941 ipsos

2081 987 2100 1020 ι
2137 969 2342 1036 absque
2375 970 2486 1024 ullo
2512 968 2740 1036 strepitu
2775 969 3087 1037 acciperet;
3119 977 3175 1022 et
3209 967 3417 1022 interea
3453 965 3570 1032 ejus

2085 1077 2105 1111 ι
2143 1057 2426 1130 diligentia
2456 1061 2526 1113 ab
2549 1057 2656 1112 alio
2688 1066 2962 1126 praeventa
2994 1056 3098 1122 sit;
3133 1070 3238 1124 qua
3271 1053 3491 1122 quidem
3523 1050 3570 1104 si

2087 1170 2106 1202 ι
2147 1166 2277 1205 usus
2301 1160 2467 1211 esset,
2500 1151 2649 1218 ipsos
2679 1148 2962 1202 lizereticos
2991 1145 3162 1214 magis
3185 1146 3252 1198 ad
3307 1141 3566 1210 improbi-

2087 1263 2106 1297 ι
2145 1254 2307 1299 tatem
2341 1244 2624 1298 incitasset
2653 1256 2759 1297 :eo
2790 1242 2934 1295 inter
2952 1241 3260 1310 judicantcs
3287 1234 3572 1305 episcopos

2083 1353 2103 1386 ι
2131 1336 2368 1404 cognito,
2394 1335 2512 1389 loca
2540 1335 2657 1402 ejus
2679 1333 2789 1388 sedi
2823 1331 3197 1387 restituantur.
3229 1327 3364 1382 Cum
3386 1338 3570 1380 autem

2087 1446 2105 1479 ι
2137 1427 2448 1495 judicantes
2481 1425 2718 1497 episcopi
2760 1426 2870 1480 sint
2896 1440 2958 1480 ex
2992 1423 3223 1478 diversis
3255 1419 3571 1492 provinciis,

2088 1537 2106 1570 ι
2139 1521 2341 1588 primas
2373 1519 2688 1587 iliejudiccs
2725 1517 2892 1580 dabit,
2937 1517 2990 1570 in
3037 1515 3194 1584 cujus
3223 1512 3442 1582 regione
3487 1520 3574 1564 est

2076 1627 2094 1660 ι
2134 1609 2283 1663 locus
2318 1609 2410 1664 ille
2450 1609 2516 1662 de
2544 1622 2654 1678 quo
2682 1605 3046 1661 contenditur.
3086 1601 3181 1657 Sin
3215 1611 3392 1655 autem
3423 1615 3572 1652 cou-

2082 1722 2100 1754 ι
2136 1703 2286 1756 muni
2343 1717 2612 1756 coxisensu
2668 1700 2875 1754 vicinos
2905 1696 3115 1770 judiccs
3169 1693 3456 1764 elegerint,
3488 1691 3570 1746 vel
3641 1757 3646 1763 _

2074 1813 2096 1846 ‹
2130 1810 2268 1847 unus
2318 1794 2569 1865 eligatur,
2633 1791 2714 1846 vel
2763 1803 2912 1846 tres:
2945 1801 3000 1843 et
3054 1789 3098 1844 si
3144 1799 3256 1842 tres
3287 1787 3567 1856 tlegerint,

2075 1907 2093 1938 ι
2129 1890 2206 1941 vel
2239 1887 2481 1941 omnium
2545 1884 2870 1941 sententiam
2932 1893 3254 1954 sequentur,
3300 1879 3382 1935 vel
3429 1879 3569 1933 due-

2075 1998 2093 2030 δ
2131 1992 2268 2030 rum.
2311 1993 2330 2028 ι

2063 2340 2259 2398 BALS.
2281 2340 2384 2396 Alii
2429 2342 2646 2413 quidem
2692 2350 3020 2413 acceperunt
3062 2355 3327 2396 canonem
3355 2339 3422 2396 de
3449 2341 3566 2410 epi-

1989 2434 2196 2506 scopis,
2225 2434 2317 2504 qui
2359 2433 2700 2505 negligenter
2724 2448 2784 2490 se
2828 2441 3024 2503 gerunt
3061 2432 3117 2488 in
3151 2435 3217 2488 iis
3250 2431 3407 2498 locis,
3442 2445 3565 2501 qua

1985 2524 2111 2596 jure
2141 2525 2362 2580 dominii
2387 2523 2454 2580 ad
2483 2525 2748 2581 ecclesias
2788 2539 2917 2581 suas
2951 2527 3246 2596 pertinent,
3279 2523 3564 2578 vindicano

1989 2619 2096 2674 dis.
2149 2616 2264 2690 Ego
2319 2633 2468 2685 vero,
2512 2617 2812 2673 secundum
2869 2618 3094 2672 canonis
3157 2617 3370 2672 titulum
3434 2630 3560 2671 eum

1989 2710 2379 2779 interpretans,
2442 2710 2584 2777 dico,
2674 2710 2818 2780 quod
2862 2708 3117 2765 Patribus
3149 2707 3372 2780 placuit,
3430 2708 3559 2762 utsi

1986 2805 2227 2877 episcOpi
2271 2805 2440 2876 aliqui
2490 2804 2764 2876 negligant
2823 2818 2920 2861 eos
2966 2803 3164 2859 docere
3209 2803 3300 2872 qui
3344 2802 3398 2857 in
3445 2803 3561 2857 suis

1987 2909 2114 2954 sunt
2137 2898 2486 2963 dimcesibus,
2521 2908 2580 2951 ut
2607 2912 2796 2953 eorum
2820 2897 3034 2951 animas
3060 2894 3425 2961 lucrifaciant,
3461 2895 3558 2950 de-

1986 2988 2116 3044 bent
2148 2990 2216 3043 ad
2238 2988 2557 3044 catholicam
2584 2987 2867 3052 unionem,
2892 3001 2986 3042 seu
3016 2986 3084 3040 ad
3129 2999 3364 3040 annuam
3396 3001 3558 3058 syno-

1987 3083 2112 3137 dum
2140 3083 2377 3148 evocari,
2404 3098 2497 3138 seu
2537 3080 2880 3146 denuntiari,
2925 3094 2956 3134 a
2987 3079 3180 3135 vicinis
3211 3077 3558 3150 diligentibus

1984 3170 2276 3242 episcOpis,
2309 3187 2377 3225 ne
2399 3171 2507 3226 sint
2529 3172 2808 3238 socordes,
2841 3170 2938 3226 sed
2963 3185 3122 3225 suum
3165 3170 3420 3240 pupulum
3456 3171 3554 3224 do-

1979 3273 2160 3320 ceant.
2183 3263 2277 3318 Sin
2300 3274 2478 3319 autem
2511 3273 2798 3335 postquam
2835 3262 2976 3319 facta
3004 3262 3167 3318 fuerit
3214 3263 3551 3318 denuntiatio

1978 3356 2305 3428 interpellati
2345 3373 2451 3412 non
2481 3357 2845 3428 corrigantur,
2864 3372 2963 3412 nec
2985 3358 3248 3415 doctrinae
3274 3358 3554 3428 invigilent

1979 3451 2118 3506 intra
2152 3467 2245 3507 sex
2268 3465 2524 3516 menses;
2560 3461 2688 3506 tunc
2722 3449 2890 3522 656
2915 3449 3112 3505 debent
3136 3452 3399 3518 ejusmodi
3435 3452 3549 3505 im-a

1976 3541 2068 3597 alii
2096 3541 2543 3611 vieinoepiscopo
2567 3540 2855 3610 assignari,
2882 3542 2973 3611 qui
3010 3543 3292 3610 possiteos
3327 3541 3548 3597 lucrifas

1974 3647 2121 3698 cere,
2159 3647 2252 3687 seu
2284 3646 2380 3699 per
2403 3631 2709 3687 doctrinam
2731 3632 2832 3686 sibi
2876 3633 3174 3686 familiares
3218 3634 3461 3689 reddere.
3491 3633 3546 3687 Si

1974 3734 2154 3780 autem
2185 3724 2491 3794 episcopus,
2524 3725 2615 3795 qui
2667 3735 2794 3779 ante
2865 3725 3009 3779 hunc
3064 3728 3309 3781 eamdem
3362 3728 3549 3783 babuit

1973 3816 2275 3883 dioecesim,
2302 3815 2448 3870 dicat
2475 3816 2778 3872 mconomia
2810 3815 2985 3885 aliqua
3011 3825 3066 3870 et
3097 3816 3328 3886 quodam
3365 3818 3548 3873 consi-

1971 3911 2044 3965 lio
2087 3923 2146 3964 se
2195 3907 2448 3979 populum
2508 3923 2670 3964 suum
2735 3909 2932 3964 docere
2988 3909 3296 3980 negligere;
3360 3919 3546 3980 utpote

1971 4005 2114 4074 quod
2142 4002 2409 4070 haeretici,
2438 4002 2530 4072 qui
2566 4001 2620 4058 in
2643 4016 2706 4058 ea
2749 4001 2891 4057 forte
2917 4012 3068 4068 sunt,
3097 4002 3267 4058 velint
3287 4004 3405 4061 sine
3435 4005 3542 4060 ulla

1971 4096 2401 4164 reprehensione
2431 4095 2699 4160 converti,
2727 4105 2782 4151 et
2811 4108 3030 4166 aequum
3074 4107 3333 4152 censeant
3364 4107 3421 4153 ut
3451 4113 3542 4154 ve-

1969 4189 2152 4243 ritatis
2207 4189 2473 4243 rationem
2527 4188 2692 4243 tacite
2747 4188 3086 4258 suscipiant;
3137 4199 3193 4244 et
3249 4198 3538 4262 propterea

1966 4279 2164 4335 docere
2214 4279 2457 4350 urgligit,
2507 4295 2576 4335 ne
2619 4294 2683 4335 ea
2731 4292 2892 4335 utens
2933 4280 3219 4337 haereticos
3259 4283 3431 4352 magis
3465 4284 3534 4339 ad

1969 4369 2370 4440 improbitatem
2397 4370 2608 4436 incitet,
2631 4381 2687 4426 ut
2710 4373 2798 4442 qui
2822 4373 3146 4443 reprehendi
3173 4389 3311 4446 agre
3334 4375 3535 4440 ferant,

1966 4472 2024 4518 et
2056 4462 2160 4517 hoc
2190 4462 2366 4531 ipsum
2401 4462 2469 4519 ab
2500 4463 2771 4534 episcopis
2801 4477 2988 4521 verum
3017 4467 3297 4536 cognitum
3332 4467 3490 4524 fuerit
3515 4484 3536 4525 :

1891 4532 1937 4589 θ
1967 4555 2036 4609 ad
2069 4556 2318 4610 eumdem
2351 4555 2664 4626 episcopum
2701 4558 2852 4628 regio
2899 4569 3222 4615 revertetur.
3268 4561 3404 4626 Quia
3437 4578 3539 4619 auo

1968 4656 2076 4700 tem
2124 4646 2418 4702 verisimile
2462 4659 2579 4702 erat
2617 4649 2797 4704 dicere
2847 4647 3078 4720 aliquos,
3131 4651 3359 4719 Quinam
3396 4656 3537 4711 banc

1969 4753 2191 4793 causam
2239 4737 2486 4806 judicare
2537 4739 2779 4795 debent?
2845 4752 3154 4798 statuerunt
3201 4743 3414 4812 Patres,
3445 4763 3536 4804 eos

1963 4831 2246 4899 episcopos
2281 4832 2399 4884 dari
2454 4832 2669 4902 judices
2721 4846 2752 4887 a
2801 4834 3032 4905 primate
3077 4837 3392 4904 provinciae,
3423 4854 3534 4892 seu

1967 4924 2407 4993 metropolitano,
2447 4939 2585 4992 quos
2624 4923 2726 4994 ipsi
2761 4926 2932 4980 visum
2986 4923 3176 4991 fuerit,
3206 4937 3389 4996 utpote
3408 4943 3530 4985 cum

1965 5017 2011 5070 is
2036 5017 2185 5070 locus
2223 5015 2359 5070 situs
2403 5017 2475 5070 sit
2508 5016 2559 5070 in
2603 5017 2719 5087 ejus
2750 5019 3047 5087 provincia.
3091 5017 3186 5073 Sin
3222 5029 3402 5074 autem
3438 5023 3529 5090 qui

1967 5107 2035 5162 de
2072 5109 2290 5179 regione
2311 5109 2665 5175 contendunt,
2699 5124 2760 5163 ex
2804 5111 2998 5165 vicinis
3022 5112 3291 5182 episcopis
3320 5113 3530 5182 judices

1958 5198 2244 5267 elegerint,
2277 5212 2380 5251 non
2429 5199 2626 5253 multos
2657 5199 2876 5268 eligant,
2914 5202 3005 5254 sed
3037 5215 3223 5264 unum,
3258 5205 3340 5253 vel
3387 5209 3522 5254 tres.

1959 5289 2028 5346 Et
2067 5292 2114 5346 si
2154 5307 2294 5346 unus
2324 5291 2542 5362 quidem
2573 5293 2781 5347 electus
2803 5291 2986 5357 fuerit,
3027 5293 3170 5347 illius
3201 5294 3524 5346 sententiam

1956 5397 2255 5456 sequentur
2284 5400 2301 5451 ;
2339 5400 2462 5440 cum
2485 5385 2556 5440 sit
2575 5385 2717 5440 enim
2752 5384 3159 5456 electusjudex,
3189 5387 3244 5440 in
3264 5400 3386 5439 eum
3418 5402 3524 5440 non

1956 5480 2100 5534 cadit
2150 5477 2442 5548 appellatio
2476 5496 2491 5534 :
2520 5481 2602 5534 sin
2649 5489 2830 5534 autem
2892 5480 3002 5534 sint
3057 5488 3184 5543 tres,
3229 5478 3312 5533 vel
3365 5489 3526 5534 erunt

1954 5572 2278 5641 concordes,
2306 5582 2359 5628 et
2383 5587 2572 5627 eorum
2619 5573 2888 5626 sententia
2933 5573 3241 5627 necessario
3281 5571 3518 5635 valebit.

1954 5667 2039 5721 vel
2077 5666 2428 5732 dissentient,
2461 5674 2514 5720 ct
2564 5665 2802 5735 plurium
2843 5665 3045 5721 valebit
3098 5667 3392 5722 sententia.
3427 5666 3524 5718 At-

1951 5774 2056 5827 que
2088 5761 2176 5813 bic
2211 5758 2430 5828 quidem
2487 5774 2657 5812 canon
2698 5759 2779 5814 sic
2809 5773 2904 5815 eos
2951 5769 3125 5830 punit,
3165 5760 3256 5830 qui
3285 5775 3388 5815 non
3421 5759 3520 5815 du-

1952 5861 2078 5908 cent
2104 5852 2207 5908 sibi
2234 5852 2506 5923 subjectos
2529 5853 2776 5924 populos.
2793 5851 3278 5922 Quinquagesimus
3298 5864 3518 5908 octavus

2963 5943 3034 6008 13
