4174 6302
518 289 626 355 107

1735 296 2020 358 ΤΠΕΟΙ).
2077 300 2479 364 BALSAMON

3655 303 3760 367 408

515 411 606 465 (ιω
636 409 835 451 vesano
859 398 971 464 ejus
1033 413 1220 455 amore
1260 411 1456 472 captus
1489 412 1624 463 erat.
1676 405 1757 459 vel
1813 404 2093 460 mortifero

2199 410 2516 481 ἀρε-παγῆναι
2545 413 2695 485 παρά
2744 429 2884 474 τινος
2922 410 3414 481 ἐριυτομανοῦντος.
3457 409 3487 480 ἦ
3526 411 3629 463 ὑπὸ
3662 411 3760 464 θαυ-

516 490 705 541 morhn
736 498 1007 559 correpta,
1039 506 1104 545 ne
1141 505 1172 546 e
1213 491 1319 547 vita
1352 495 1609 565 migraret
1663 495 1975 558 timebatur,
2005 506 2082 561 et,

517 595 583 633 ne
619 596 722 633 non
749 581 985 648 perfecta
1021 595 1342 649 remaneret,
1364 588 1633 644 adhortati
1664 598 1784 643 sunt
1810 600 2081 660 parentes,

514 673 596 724 vel
633 673 723 742 qui
749 674 947 743 alioqui
980 675 1100 746 ejus
1131 692 1318 732 curam
1361 681 1638 751 gerebant,
1673 696 1740 737 ne
1777 696 1838 737 ea
1894 690 2084 737 sancto

515 763 701 816 habitu
733 766 1035 834 privaretur
1064 787 1078 822 :
1112 779 1165 824 et
1199 781 1416 840 propter
1444 772 1708 843 ejusmodi
1753 775 1928 842 justas
1956 791 2081 828 cau-

512 870 602 908 sas
644 870 762 908 eam
789 866 916 912 ante
947 859 1152 928 justum
1190 872 1402 931 tempus
1462 865 1676 935 induit)
1731 867 1877 920 nulla
1925 866 1976 920 in
2026 880 2084 920 re

517 948 829 1016 prmjudicio
858 951 1120 1006 alliciatur
1141 954 1279 1022 apud
1310 955 1601 1025 synodum,
1624 972 1744 1026 quae
1775 957 2081 1027 hujusmodi

513 1055 708 1099 causas
757 1043 916 1097 debet
972 1045 1290 1112 observare,
1340 1057 1603 1118 tanquam
1657 1053 1748 1120 qui
1774 1049 1912 1104 forte
1959 1058 2087 1105 ante

514 1134 697 1205 viginti
727 1136 974 1206 quinque
1004 1151 1174 1194 annos
1203 1141 1502 1209 completos
1523 1143 1784 1214 virginem
1811 1143 2085 1207 induerit,

519 1233 574 1278 ot
605 1239 872 1280 canonum
929 1237 1299 1298 transgressor
1331 1241 1631 1301 reputetur.
1664 1234 1727 1288 Et
1761 1234 1813 1288 in
1845 1234 1932 1288 his
1963 1235 2086 1301 qui-

512 1315 636 1368 dem
677 1318 926 1372 consistit
957 1335 1154 1374 canon.
1195 1320 1274 1374 Tu
1306 1332 1487 1378 autem
1536 1323 1650 1392 lege
1695 1339 1960 1380 eanonem
2013 1325 2085 1380 40

512 1415 632 1472 Syu.
667 1407 718 1459 in
748 1405 972 1486 Trulla;
1001 1417 1054 1462 et
1086 1409 1171 1464 dic
1218 1412 1515 1467 secundum
1544 1413 1718 1481 illum,
1766 1429 1860 1470 eos
1891 1415 1981 1483 qui
2017 1416 2083 1469 ad

516 1497 683 1550 Deum
716 1500 1000 1562 accedunt,
1039 1501 1418 1558 transformari
1468 1506 1820 1577 habitumque
1852 1516 2084 1574 mutare,

513 1592 626 1644 sive
661 1593 768 1646 sint
819 1593 938 1658 viri,
992 1594 1106 1651 sive
1153 1598 1432 1663 mulieres,
1471 1600 1680 1655 scilicet
1735 1609 1856 1670 post
1887 1602 2084 1655 decen-

513 1687 686 1741 nium.
721 1690 816 1743 Est
848 1690 992 1745 enim
1024 1707 1086 1744 ea
1124 1694 1366 1764 synodus
1411 1697 1664 1765 praesenti
1708 1697 1997 1765 posterior,
2032 1706 2086 1750 ct

2193 504 2504 572 νατηερόρου
2531 505 2684 558 νόσου
2721 505 3120 575 κατασχεθεῖσα
3152 506 3415 575 ἠλπίζετο
3459 507 3767 561 καταλῦσαι

2190 596 2284 649 τὸν
2315 595 2429 665 βίον
2448 610 2469 639 ’λ
2495 597 2588 650 καὶ
2619 596 2709 651 ἵνα
2741 597 2814 666 μὴ
2841 597 3165 660 ἀτελείωτος
3198 598 3379 668 μείνῃ.
3415 598 3765 667 παράκλησις

2191 689 2383 756 γέγονε
2416 688 2569 758 παρὰ
2599 689 2710 742 τῶν
2737 690 2942 758 γονέων
2974 689 3191 759 αύτῆςῆ
3219 689 3330 742 τῶν
3360 689 3614 750 summa
3634 690 3756 742 κατ’

2190 777 2364 849 αὐτὴν
2408 779 2846 850 οἰκονομούντων
2903 779 2979 851 μὴ
3042 779 3377 851 στερηθῆναι
3429 779 3635 847 ταύτην
3671 780 3766 834 τοῦ

2192 866 2350 936 ἁγίου
2402 871 2720 940 σχήματος·
2777 870 2870 923 καὶ
2907 869 2995 922 διὰ
3032 869 3134 931 τὰς
3200 869 3458 932 τοιαύτας
3511 869 3770 934 εὐλόγους

2191 959 2370 1022 αἰτίας
2402 961 2496 1012 καὶ
2552 960 2661 1032 πρὸ
2688 959 2782 1014 τοῦ
2814 959 3209 1031 νενομισμένου
3262 959 3461 1030 καιροῦ
3495 977 3765 1031 μετεσχη⁸

2194 1052 2392 1120 μάτισε
2420 1051 2675 1123 ταύτην),
2722 1055 2863 1106 κατά
2908 1052 3077 1124 μηδὲν
3131 1053 3579 1124 προκριματισθῇ
3618 1054 3770 1122 παρὰ

2191 1146 2255 1213 τῇ
2311 1143 2600 1217 όφειλούσῃ
2653 1147 2892 1215 τηρῆσαι
2949 1145 3152 1217 συνόδῳ
3202 1145 3272 1200 τὰ
3334 1146 3433 1211 τῆς
3510 1143 3769 1215 τοιαύτης

2194 1237 2532 1302 ὑποθέσεως,
2589 1238 2668 1300 ὼς
2696 1240 2839 1308 τάχα
2879 1239 2983 1308 πρὸ
3031 1238 3130 1307 τῆς
3165 1237 3621 1310 συμπληρώσεως
3661 1239 3772 1291 τῶν

2193 1328 2274 1383 κε’
2298 1329 2564 1384 ἐνιαυτῶν
2618 1329 3113 1401 μετασχηματίσας
3142 1331 3244 1399 τὴν
3285 1331 3480 1400 κόρην,
3534 1331 3629 1383 καὶ
3668 1348 3773 1383 πα-

2196 1421 2442 1490 ραϐάτης
2461 1420 2571 1472 τῶν
2596 1420 2838 1474 κανόνων
2865 1417 3242 1488 λογιζόμενος.
3281 1420 3391 1472 Καὶ
3417 1420 3443 1470 ὁ
3475 1416 3774 1488 μένκανὼν

2202 1513 2260 1565 ἐν
2282 1510 2514 1573 τούτοις.
2544 1511 2616 1564 Σὺ
2645 1510 2700 1564 δὲ
2732 1512 3052 1580 ἀνάγνωσον
3084 1510 3175 1564 τὸν
3231 1508 3283 1581 μ’
3309 1511 3510 1564 κανόνα
3558 1511 3657 1579 τῆς
3717 1511 3775 1562 ἐν

2193 1605 2272 1675 τῷ
2306 1596 2566 1674 Τρούλλῳ
2602 1605 2823 1658 συνόδου
2851 1621 2865 1636 ο
2898 1605 2993 1657 καὶ
3026 1605 3149 1657 κατ’
3200 1604 3410 1657 ἐκεῖνον
3445 1604 3571 1671 λέγε
3611 1619 3776 1670 μετα-

2199 1694 2632 1766 σχηματίζεσθαι
2664 1697 2800 1760 τοὺς
2826 1694 3307 1767 προσερχομένους
3355 1694 3435 1764 τῷ
3470 1693 3616 1762 Θεῷ,
3675 1691 3776 1745 κᾶν

512 1782 686 1836 sancti
721 1781 885 1839 etiam
920 1782 1104 1839 Basilii
1131 1787 1450 1844 canonihus.
1486 1785 1542 1842 Si
1565 1799 1746 1842 autem
1781 1789 1911 1845 velis
1945 1805 2087 1858 pra-

2198 1786 2387 1858 ἀνδρες
2417 1780 2546 1852 ὦσι,
2586 1787 2693 1842 κᾶν
2722 1789 3004 1855 γυναῖκες,
3035 1788 3206 1858 ἤγουν
3253 1785 3392 1857 μετὰ
3420 1785 3512 1838 τὸν
3546 1785 3777 1855 δεκαετῆ

513 1879 720 1926 sentem
753 1889 1013 1930 canonem
1038 1877 1242 1942 valere,
1282 1887 1339 1935 ut
1365 1894 1471 1933 non
1500 1879 1816 1949 prmjudicio
1847 1881 2088 1935 allician-

513 1973 601 2016 tur
634 1966 873 2037 episcopi
921 1968 1034 2038 qui,
1066 1981 1289 2041 propter
1326 1972 1526 2042 justam
1592 1987 1838 2040 causam,
1877 1973 2093 2043 aliquos

510 2055 675 2110 etiam
698 2067 826 2114 ante
852 2060 1174 2117 decennium
1210 2063 1486 2132 vestiunt;
1537 2079 1699 2119 nemo
1729 2077 1810 2119 eet
1837 2066 1929 2136 qui
1967 2080 2094 2136 pro-

513 2147 716 2208 hibeat.
753 2150 886 2206 Nota
926 2162 1108 2207 autem
1141 2154 1315 2224 quod,
1350 2155 1516 2210 etiam
1564 2171 1630 2210 ex
1679 2157 1781 2211 hoc
1835 2156 2093 2227 praesenti

513 2257 746 2308 canone,
800 2262 905 2301 non
943 2248 1277 2317 permittitur
1306 2249 1468 2305 alicui
1514 2250 1757 2304 homines
1788 2244 2089 2305 monastico

513 2341 713 2396 vestitu
754 2342 981 2398 induere
1001 2344 1121 2400 sine
1146 2344 1440 2416 episcopali
1472 2345 1847 2416 permissione.

2197 1884 2414 1955 χρόνον.
2450 1882 2936 1954 Μεταγενέστερος
2960 1883 3066 1953 γάρ
3088 1884 3206 1936 ἐστι
3237 1882 3336 1950 τῆς
3378 1898 3440 1934 τε
3487 1879 3774 1950 παρούσης

2201 1974 2426 2029 συνόδου
2454 1977 2549 2028 καὶ
2597 1974 2710 2028 τῶν
2735 1975 2980 2029 κανόνων
3024 1973 3120 2027 τού
3156 1973 3312 2043 ἀγίου
3346 1972 3655 2026 Βασιλείου.
3716 1971 3779 2026 Εἰ

2193 2067 2250 2122 δέ
2291 2067 2471 2134 θέλεις
2500 2071 2730 2138 κρατεῖν
2756 2069 2851 2121 τὸν
2881 2068 3130 2136 παρόντα
3190 2066 3411 2129 κανόνα,
3456 2066 3543 2130 είς
3591 2066 3652 2118 τὸ
3704 2064 3779 2132 μὴ

2195 2160 2737 2232 προκριματίζεσθαι
2782 2160 2910 2224 τοὺς
2986 2159 3326 2224 ἐπισκόπους
3393 2159 3480 2213 διά
3554 2156 3780 2226 εὔλογον

2197 2251 2383 2306 αἰτίαν
2416 2269 2661 2323 μετασχη
2675 2250 3002 2322 ματίζοντάς
3024 2268 3180 2314 τινας
3205 2251 3297 2303 καὶ
3326 2249 3433 2320 πρὸ
3465 2248 3564 2302 τοῦ
3589 2247 3780 2301 δεκαε-

3238 2343 3560 2415 Σημείωσαι
3612 2339 3670 2395 δὲ
3699 2340 3780 2393 ότι

2199 2345 2329 2407 τοῦς
2359 2344 2578 2418 χρόνου,
2634 2349 2661 2400 ὁ
2695 2345 2925 2400 κωλύων
2983 2344 3183 2408 οὐδείς.

517 2432 612 2486 καὶ
665 2432 776 2487 ἀπὸ
821 2432 916 2488 τοῦ
970 2435 1239 2506 παρόντος
1290 2436 1516 2499 κανόνος
1567 2436 1666 2490 οὐκ
1723 2437 1936 2507 ἐφεῖταί
1975 2456 2082 2493 τινι
2128 2441 2638 2512 μετασχηματίζειν
2665 2439 2988 2509 ἀνθρώπους
3033 2440 3207 2511 χωρὶς
3277 2436 3604 2509 προτροπῆς
3656 2437 3780 2488 ἐπι·

512 2541 802 2596 οκοπικης.

582 2619 837 2682 ΖΟΝΑΒ.
874 2623 950 2682 Ne
977 2642 1009 2683 a
1034 2628 1364 2701 presbyteris
1400 2641 1791 2688 consecrentur
1821 2632 2080 2704 virgines,

513 2722 668 2769 sexto
702 2715 862 2785 hujus
890 2719 1079 2789 synodi
1115 2734 1323 2777 canone
1348 2722 1700 2779 constltutum
1732 2732 1815 2780 est
1852 2742 1867 2780 :
1900 2739 2086 2781 sacras

515 2819 692 2864 autem
730 2812 958 2879 puellas,
995 2814 1087 2868 ubi
1120 2829 1149 2869 a
1177 2813 1430 2885 patribus
1451 2817 1730 2873 discedunt
1761 2857 1777 2884 ,
1833 2832 1863 2870 a
1892 2816 2088 2887 quibus

2258 2630 2507 2687 ΖΩΝΑΡ.
2573 2629 2662 2683 Ἐν
2711 2627 2857 2700 ἕκτῳ
2906 2623 3092 2681 κανόνι
3143 2623 3244 2692 τῆς
3299 2619 3522 2677 συνόδου
3577 2614 3783 2684 ταύτης

2191 2723 2424 2798 ὥρισται
2451 2718 2781 2790 καθιέρωσιν
2813 2716 2992 2788 κορῶν
3029 2714 3138 2769 ἀπὸ
3163 2710 3557 2785 πρεσϐυτέρων
3593 2704 3667 2778 μὴ
3699 2703 3786 2771 γί-

2193 2814 2380 2870 νεσθαι
2402 2854 2416 2878 ,
2451 2814 2547 2868 καλ⁸
2585 2814 2642 2866 ἐν
2679 2808 2762 2879 μδ¹
2785 2826 2800 2842 ⁸
2835 2807 2976 2862 ὥστε
3003 2807 3099 2868 τὰς
3141 2804 3291 2875 ἱερὰς
3320 2800 3627 2870 παρθένους
3650 2840 3666 2864 ,
3694 2797 3784 2850 ὅτε

513 2905 980 2972 custmlichantur,
1008 2922 1204 2963 curare
1231 2910 1544 2981 episcopum
1566 2950 1583 2974 ,
1639 2910 1719 2965 vel
1755 2910 1800 2966 si
1824 2909 1869 2966 is
1901 2886 2091 2964 abfue-

2198 2910 2304 2964 τῶν
2340 2909 2590 2978 πατέρων
2619 2901 2967 2976 χωρίζονται.
2993 2900 3053 2966 ἐξ
3076 2891 3151 2953 ὧν
3183 2896 3569 2969 ἐφυλάττοντο,
3594 2892 3662 2962 τῇ
3689 2886 3782 2944 τοῦ

517 3000 609 3063 rit,
640 3000 1031 3071 presbyterum,
1072 3010 1131 3056 ut
1166 3002 1405 3058 honestis
1444 3003 1759 3058 mulieribus
1809 3017 2091 3058 commen-

2199 3002 2525 3066 ἐπισκόπου,
2566 2998 2623 3070 ἦ,
2656 2993 2820 3052 αὐτοῦ
2871 2993 3124 3057 ἀπόντος,
3165 2993 3233 3062 τῇ
3262 2987 3356 3042 τοῦ
3406 2983 3786 3056 πρεσϐυτέρου

516 3089 737 3155 dentur,
774 3091 1220 3163 quadragesimus
1247 3104 1474 3165 quartus
1502 3111 1675 3152 canon
1708 3095 1882 3166 jubet.
1930 3093 2094 3150 Moris

2200 3095 2429 3167 προνοίᾳ
2488 3096 2606 3153 ταῖς
2666 3087 3019 3162 τιμιωτέραις
3078 3082 3294 3152 γυναιξὶ
3359 3075 3781 3148 παρατίθεσθαι.

519 3183 664 3236 enim
692 3181 810 3244 fuit,
842 3182 1055 3252 templis
1085 3183 1270 3239 oﬂ'errl
1304 3183 1510 3254 puellas
1539 3183 1956 3248 consecrandas,
1993 3183 2094 3238 hoc

519 3283 624 3338 est,
654 3284 712 3328 ut
738 3273 847 3329 Deo
873 3275 1064 3331 dicata
1125 3275 1491 3346 virginitatem
1550 3277 1977 3346 proﬁterentur,
2031 3289 2095 3329 ac

521 3376 707 3434 postea
737 3375 1043 3435 opportuno
1077 3377 1316 3438 tempore
1364 3368 1417 3422 in
1474 3369 1897 3423 diaconissarum
1951 3366 2097 3421 ordi-

521 3473 644 3515 nem
702 3459 1031 3528 legerentur.
1085 3459 1228 3532 Ergo
1264 3461 1311 3516 si
1348 3460 1576 3532 virginis
1622 3459 1932 3530 hujusmodi
1988 3458 2098 3513 Deo

484 3550 714 3628 .dicalte
739 3550 1146 3623 potensaliquis
1175 3567 1360 3609 amore
1409 3561 1689 3623 correptus
1742 3560 1865 3620 est,
1923 3551 2007 3607 vel
2064 3563 2095 3605 a

521 3645 786 3700 scelerato
818 3645 1072 3716 quopiam
1129 3660 1225 3715 per
1252 3648 1360 3700 vim
1395 3647 1685 3701 abductum
1740 3645 1808 3701 iri
1862 3643 2099 3714 suspicio

522 3747 628 3803 est,
660 3753 726 3794 ex
751 3753 858 3809 quo
890 3739 1129 3794 castitati
1155 3738 1298 3794 illius
1345 3739 1640 3808 periculum
1689 3737 1971 3802 imminet,
2015 3734 2099 3791 vel

523 3833 836 3889 constitutae
869 3833 922 3888 in
953 3834 1078 3889 vitae
1121 3833 1439 3888 discrimine
1491 3833 1804 3909 religiosum
1855 3831 2099 3888 habitum

526 3925 793 3997 indulgeri
823 3941 947 3983 cum
977 3926 1226 3997 ipsamet,
1258 3933 1371 3981 tum
1400 3925 1571 3996 ipsius
1600 3925 1888 3996 pmpinqul
1945 3940 2102 3994 roga-

525 4026 742 4085 verunt,
780 4033 851 4075 ne
879 4032 944 4074 ea
979 4017 1097 4074 sine
1133 4017 1321 4074 habitu
1358 4018 1653 4084 moriatur;
1697 4031 1818 4072 eam
1867 4015 1990 4071 licet
2019 4016 2101 4070 vi-

525 4111 733 4167 cesimo
750 4109 942 4182 quinto
962 4125 1103 4166 anno
1129 4113 1368 4165 nondum
1389 4119 1603 4174 exacto,
1630 4118 1689 4164 ut
1713 4108 2101 4166 sceleratorum

529 4203 639 4257 vim
672 4199 896 4273 eﬂ‘ugiat
919 4201 1120 4274 quippe
1147 4210 1462 4258 consecrata
1488 4242 1503 4267 ,
1533 4201 1617 4256 vel
1654 4216 1722 4257 ne
1768 4215 1832 4256 es
1863 4201 1967 4256 hac
1995 4201 2104 4256 vita

532 4309 640 4350 non
668 4293 878 4349 initiata
906 4294 1125 4364 migret,
1153 4291 1364 4347 velandi
1392 4330 1410 4358 ,
1445 4291 1547 4347 hoc
1573 4301 1657 4347 est
1683 4333 1698 4358 ,
1727 4305 1884 4346 sacro
1908 4301 2103 4345 ornatu

533 4388 788 4445 induendi
844 4387 1075 4443 facultas
1100 4387 1372 4458 episcopis
1399 4387 1757 4453 conceditur;
1791 4400 1991 4454 eosque
2017 4401 2109 4440 ca-

2197 3190 2361 3252 Ἐθος
2405 3186 2514 3258 γὰρ
2550 3181 2617 3255 ἦν
2660 3179 3034 3254 προσάγεσθαι
3075 3177 3196 3240 ταῖς
3222 3173 3559 3242 ’ἐκκλησίαις
3596 3169 3783 3258 κόρας,

2197 3282 2290 3334 καλ⁸
2335 3256 2745 3346 καθιεροῦσθαι,
2795 3271 2918 3325 ἀντὶ
2969 3267 3064 3323 τοῦ
3107 3262 3458 3321 ἀνατίθεσθαι
3516 3259 3596 3328 τῷ
3644 3256 3781 3327 Θεῷ,

2198 3369 2635 3442 ὑπισχνουμένας
2695 3361 3073 3434 παρθενεύειν,
3117 3357 3258 3413 ὥστε
3311 3358 3368 3412 ἐν
3423 3358 3492 3427 τῇ
3547 3350 3786 3425 ἀρμοδίῳ

2199 3466 2390 3538 ἡλικίᾳ
2450 3464 2544 3516 καὶ
2597 3460 2944 3522 διακονίσσας
2994 3450 3421 3527 χειροτονεῖσθαι
3472 3448 3671 3538 αὐτὰς,
3719 3443 3784 3538 i5!

2200 3534 2296 3614 οὖν
2331 3534 2586 3626 τοιαύτης
2631 3551 2905 3623 παρθένου
2937 3544 3367 3616 ἀνατεθειμένης
3397 3540 3520 3610 Θεῷ
3571 3534 3783 3611 ἠράσθη

2201 3667 2283 3714 τις
2325 3648 2570 3711 δυνατὸς,
2610 3647 2645 3716 ἢ
2703 3641 2909 3712 ὑποψία
2943 3636 3010 3712 ἦν
3057 3636 3377 3710 ἀρπαγῆναι
3421 3631 3595 3703 αὐτὴν
3645 3627 3785 3699 παρά

2201 3761 2349 3808 τινος
2375 3741 2675 3796 ἀκολάστου
2695 3774 2712 3801 .
2743 3735 2841 3792 καὶ
2886 3732 3130 3796 κίνδυνος
3154 3732 3432 3801 ἐπήρτητο
3464 3727 3532 3797 τῇ
3573 3737 3784 3793 σωφροα

2207 3837 2343 3909 σύνη
2370 3833 2565 3904 αὐτῆς,
2594 3830 2629 3904 ἢ
2662 3829 2845 3884 θανεῖν
2870 3824 3234 3888 ἐκινδύνευσε,
3269 3821 3363 3874 καὶ
3391 3818 3572 3872 ἐδέετο
3601 3812 3779 3882 ἐκείνη

2203 3946 2264 3984 τε
2297 3931 2390 3982 καὶ
2413 3928 2463 3981 οί
2492 3925 2864 3997 προσήκοντες
2888 3920 3049 3989 αὐτῇ,
3086 3917 3162 3988 μὴ
3181 3914 3350 3986 χωρὶς
3376 3910 3472 3965 τοῦ
3509 3909 3779 3980 σχήματος

2203 4020 2562 4091 τελειωθῆναι
2600 4015 2790 4086 αὐτὴν,
2831 4013 2985 4068 ἄδεια
3012 4010 3166 4080 ἐδόθη
3194 4009 3303 4071 τοῖς
3332 4002 3658 4066 ἐπισκόπο·ς
3689 4017 3782 4053 κα-

2206 4116 2431 4170 λύπτειν
2455 4112 2554 4183 τὴν
2577 4109 2864 4178 παρθένον,
2890 4106 3059 4177 ἤγουν
3084 4104 3142 4157 τδ
3169 4101 3354 4173 σχῆμα
3383 4096 3553 4168 αὐτὴν
3579 4093 3780 4146 ἐκδύειν

2206 4208 2304 4264 καὶ
2332 4208 2439 4279 πρὸ
2462 4203 2555 4259 τοῦ
2581 4200 2661 4258 κε’
2693 4198 2964 4262 ἐνιαυτοῦ,
3001 4198 3088 4251 ίνα
3117 4195 3152 4266 ἦ
3175 4195 3302 4257 τοὺς
3335 4190 3663 4249 ἀκολάστους
3692 4186 3778 4237 ἐκ·

2210 4302 2382 4374 φύγῃ,
2414 4298 2491 4363 ὡς
2523 4295 2854 4358 τελεσθεῖσα,
2883 4292 2916 4366 ἢ
2950 4291 3025 4362 μὴ
3057 4290 3154 4361 τῆς
3189 4285 3466 4359 παρούσης
3502 4280 3780 4374 ἀτέλεστος

2212 4371 2403 4464 ἐξέλῧῖὶ
2432 4389 2601 4461 ζωῆς,
2623 4389 2717 4442 καὶ
2742 4385 2818 4457 μὴ
2852 4382 3180 4456 βλάπτεσθαι
3211 4382 3336 4443 τοὺς
3365 4374 3692 4464 ἐπισκόπους
3719 4371 3780 4422 ἐκ

533 4498 665 4546 non,
693 4480 940 4553 quamvis
989 4489 1206 4536 aetatem
1267 4496 1296 4534 a
1367 4481 1575 4551 synodo
1629 4479 1946 4548 pra-tinitam
1999 4493 2094 4532 non

2213 4485 2306 4541 τοῦ
2341 4486 2414 4554 μὴ
2444 4482 2748 4552 τηρηθῆναι
2776 4479 2865 4531 τὸν
2895 4478 3106 4546 καιρὸν,
3134 4473 3193 4528 ὃν
3233 4470 3360 4542 περὶ
3391 4469 3498 4525 τῶν
3527 4463 3779 4521 τοιούτων

536 4572 991 4643 exspectaverint,
1014 4571 1081 4626 ab
1111 4570 1257 4626 omni
1289 4579 1467 4625 tamen
1501 4569 1659 4640 culpa
1687 4571 1957 4649 immunes
1984 4582 2105 4623 esse

535 4665 800 4720 decernit.
1901 4649 1906 4657 ’

539 4757 770 4816 ARIST.
832 4775 854 4812 ι
897 4756 1234 4826 Quicumque
1311 4756 1504 4812 velavit
1563 4755 1643 4811 vel
1691 4753 1889 4810 velabit
1939 4753 2108 4822 virgi-

614 4872 633 4904 ι
677 4869 798 4907 nem
833 4860 960 4907 ante
990 4866 1163 4906 annos
1190 4849 1262 4904 25
1284 4891 1299 4916 ,
1339 4850 1441 4905 hoc
1462 4861 1569 4914 est,
1603 4848 1842 4903 habitum
1894 4845 2107 4910 induit,

615 4965 636 4999 s
673 4946 788 5002 sive
837 4945 1058 5011 induet,
1119 4951 1337 5014 propter
1388 4942 1792 5005 necessitatem,
1847 4945 1905 4991 ut
1962 4951 2102 4991 ama-

616 5059 636 5091 ι
672 5050 842 5093 torem
872 5046 1142 5108 potentem
1173 5077 1190 5102 ,
1221 5035 1303 5091 vel
1350 5043 1625 5102 raptorem
1652 5075 1667 5098 ,
1726 5031 1809 5085 vcl
1863 5029 2108 5084 morbum

615 5149 635 5182 ι
675 5131 1044 5195 mortiferum;
1080 5131 1161 5195 ‘is,
1199 5127 1392 5197 quibus
1439 5126 1527 5180 illa
1577 5139 1721 5179 cura:
1768 5135 1870 5188 est,
1915 5123 2113 5176 adhor-

604 5244 624 5278 ι
659 5225 899 5283 tantibus
936 5242 949 5279 :
990 5222 1122 5277 nihil
1153 5221 1333 5275 damni
1360 5236 1388 5275 a
1436 5219 1643 5292 synodo
1695 5218 1760 5274 de
1807 5218 1913 5272 isto
1969 5230 2111 5270 anno

611 5340 630 5370 ε
670 5318 917 5389 accipiet.
957 5337 976 5370 s

605 5413 856 5469 Decimus
885 5420 1109 5466 octavus
1140 5409 1318 5480 magni
1352 5406 1536 5463 Basilii
1577 5420 1746 5460 canon
1784 5405 1852 5460 de
1875 5421 1959 5471 ea,
1991 5419 2111 5474 quas

536 5505 767 5564 nomine
797 5519 856 5560 se
889 5502 1045 5558 oll'crt
1074 5542 1090 5568 ,
1124 5511 1177 5557 et
1210 5499 1560 5556 matrimonio
1607 5499 1918 5566 renuntiat,
1949 5509 1999 5553 et
2033 5499 2114 5550 vi-

543 5602 650 5651 tam
690 5597 741 5650 in
772 5596 1060 5652 sanctitate
1090 5605 1264 5651 actam
1295 5592 1533 5663 prmfert,
1565 5592 1823 5659 disserit,
1854 5591 2114 5660 jubetque

543 5699 661 5740 nam
691 5703 794 5739 non
823 5687 1052 5748 admitti,
1106 5685 1216 5746 nisi
1253 5686 1319 5738 sit
1377 5684 1656 5755 plusquam
1712 5682 1980 5736 sexdecim
2031 5677 2111 5734 vel

547 5779 706 5833 etiam
736 5776 1115 5849 septemdecim
1148 5792 1318 5834 annos
1346 5785 1490 5832 nata.
1522 5773 1762 5831 Pueriles
1790 5771 1928 5829 enim
1955 5784 2112 5826 voces

2213 4575 2497 4646 παρθένων
2525 4575 2558 4644 ἡ
2588 4571 2799 4632 σύνοδος
2823 4567 3040 4639 ὥρισεν.

2213 4760 2438 4816 ΑΡΙΣΤ.
2494 4778 2512 4811 ι
2561 4758 2747 4820 Ὅστις
2772 4752 3059 4822 ἐκάλυψεν,
3086 4750 3118 4822 ἦ
3141 4747 3369 4818 καλύψει
3392 4744 3655 4816 παρθένον
3680 4737 3782 4810 πρδ

2292 4872 2311 4905 ι
2357 4851 2532 4904 εἴκοσι
2561 4849 2720 4902 πέντε
2749 4843 3033 4911 ἐνιαυτῶν,
3061 4840 3206 4895 τοῦτ’
3237 4839 3352 4892 ἔστι
3382 4835 3570 4906 σχῆμα
3602 4829 3781 4902 περιέο

2292 4960 2311 4994 ι
2357 4940 2542 5003 ϐαλεν,
2579 4937 2612 5009 ἦ
2649 4933 2930 5008 περιϐάλοι
2961 4932 3027 4986 δι’
3070 4931 3337 4999 ἀνάγκην,
3393 4921 3504 4982 οἷον
3552 4918 3780 4995 ἐραστὴν

2293 5052 2312 5087 ι
2354 5032 2601 5096 δυνατὸν,
2630 5029 2879 5100 ἅρπαγα,
2916 5026 2951 5097 ἢ
2983 5023 3358 5093 θανατηφόρον
3391 5020 3578 5073 νόσονο
3608 5028 3781 5084 παρα-

2293 5142 2312 5178 ι
2362 5123 2694 5186 καλούντων,
2721 5116 2803 5184 οἷς
2826 5119 2994 5186 αὐτῆς
3013 5117 3194 5187 μέλει·
3222 5113 3375 5168 οὐδὲν
3405 5111 3507 5166 ύττδ
3530 5107 3630 5178 τῆς
3657 5103 3782 5172 περὶ

2295 5238 2313 5271 ι
2358 5217 2546 5271 τούτου
2575 5217 2669 5268 τοῦ
2695 5212 2942 5267 ἐνιαυτοῦ
2973 5210 3192 5265 συνόδου
3218 5205 3566 5280 βλαϐήσεται.
3596 5220 3614 5256 s

2295 5400 2356 5454 '0
2391 5401 2489 5471 μὲν
2531 5395 2992 5458 ὀκτωκαιδέκατος
3023 5391 3200 5448 κανὼν
3229 5389 3322 5444 τοῦ
3357 5388 3590 5460 μεγάλου
3621 5381 3777 5436 Βασι-

2215 5493 2362 5548 λεξου
2398 5491 2648 5560 περὶτῆς
2685 5486 3068 5559 προσαγούσης
3103 5485 3303 5552 ἑαυτὴν
3335 5482 3410 5553 τῷ
3446 5478 3650 5549 Κυρίῳ,
3690 5475 3775 5526 καὶ

2217 5584 2662 5655 ἀποταττομένης
2695 5581 2772 5653 τῷ
2808 5584 2998 5652 γάμῳ,
3036 5581 3129 5633 καὶ
3159 5577 3250 5632 τὸν
3280 5591 3338 5631 εν
3373 5569 3622 5644 ἁγιασμῷ
3650 5583 3776 5639 προ-

2215 5679 2464 5746 τιμὼσης
2496 5675 2609 5745 βίον
2629 5714 2643 5738 ,
2677 5674 3032 5743 διαλαμϐάνει
3052 5711 3066 5737 ,
3102 5671 3193 5724 καὶ
3223 5667 3544 5738 προστάττει
3575 5661 3650 5733 μὴ
3682 5675 3776 5710 πα·

2221 5771 2564 5837 eam-[$3011.
2602 5770 2648 5823 εἰ
2689 5768 2761 5834 μὴ
2795 5768 2933 5833 ύττῖρ
2966 5768 3031 5821 τὰ
3063 5764 3286 5829 iamsi,
3324 5764 3356 5832 ἢ
3395 5761 3485 5816 καὶ
3516 5750 3775 5812 δεκαεπτὰ
