  <div class='ocr_page' id='page_1' title='image "/cluster/home/n/w/nwhite01/storage/ocr_20150623/138/mdp.39015078384222/218.png"; bbox 0 0 4174 6302; ppageno 0'>
   <div class='ocr_carea' id='block_1_1' title="bbox 351 371 453 440">
    <p class='ocr_par' dir='ltr' id='par_1_1' title="bbox 351 371 453 440">
     <span class='ocr_line' id='line_1_1' title="bbox 351 371 453 440; baseline 0.039 -5"><span class='ocrx_word' id='word_1_1' title='bbox 351 371 453 440; x_wconf 74' lang='grc'><strong>421</strong></span> 
     </span>
    </p>
   </div>
   <div class='ocr_carea' id='block_1_2' title="bbox 1330 381 2594 448">
    <p class='ocr_par' dir='ltr' id='par_1_2' title="bbox 1330 381 2594 448">
     <span class='ocr_line' id='line_1_2' title="bbox 1330 381 2594 448; baseline 0.005 -6"><span class='ocrx_word' id='word_1_2' title='bbox 1330 381 1413 444; x_wconf 80' lang='lat' dir='ltr'><strong>1N</strong></span> <span class='ocrx_word' id='word_1_3' title='bbox 1453 381 1621 444; x_wconf 78' lang='lat' dir='ltr'><strong>CAN.</strong></span> <span class='ocrx_word' id='word_1_4' title='bbox 1660 381 1926 442; x_wconf 78' lang='lat' dir='ltr'><strong>CXXXII</strong></span> <span class='ocrx_word' id='word_1_5' title='bbox 1959 383 2163 446; x_wconf 81' lang='lat' dir='ltr'><strong>CONC.</strong></span> <span class='ocrx_word' id='word_1_6' title='bbox 2215 384 2594 448; x_wconf 75' lang='lat' dir='ltr'><strong>CAR&#39;I&#39;HAG.</strong></span> 
     </span>
    </p>
   </div>
   <div class='ocr_carea' id='block_1_3' title="bbox 3504 381 3618 455">
    <p class='ocr_par' dir='ltr' id='par_1_3' title="bbox 3504 381 3618 455">
     <span class='ocr_line' id='line_1_3' title="bbox 3504 381 3618 455; baseline 0.018 -2"><span class='ocrx_word' id='word_1_7' title='bbox 3504 381 3618 455; x_wconf 70' lang='grc'><strong>422</strong></span> 
     </span>
    </p>
   </div>
   <div class='ocr_carea' id='block_1_4' title="bbox 351 488 1920 575">
    <p class='ocr_par' dir='ltr' id='par_1_4' title="bbox 351 488 1920 563">
     <span class='ocr_line' id='line_1_4' title="bbox 351 488 1920 563; baseline 0.005 -18"><span class='ocrx_word' id='word_1_8' title='bbox 351 488 615 563; x_wconf 69' lang='grc' dir='ltr'>δημοσίαν</span> <span class='ocrx_word' id='word_1_9' title='bbox 666 491 931 558; x_wconf 68' lang='grc' dir='ltr'>ἐξέτασιν.</span> <span class='ocrx_word' id='word_1_10' title='bbox 978 489 1267 549; x_wconf 64' lang='lat' dir='ltr'><strong>Obtinui.</strong></span> <span class='ocrx_word' id='word_1_11' title='bbox 1313 497 1371 550; x_wconf 77' lang='grc' dir='ltr'><strong>δέ</strong></span> <span class='ocrx_word' id='word_1_12' title='bbox 1423 500 1585 562; x_wconf 78' lang='grc' dir='ltr'>εἰσιν,</span> <span class='ocrx_word' id='word_1_13' title='bbox 1633 501 1699 560; x_wconf 71' lang='grc' dir='ltr'>ἃς</span> <span class='ocrx_word' id='word_1_14' title='bbox 1749 499 1920 553; x_wconf 78' lang='grc' dir='ltr'>δοῦλοι</span> 
     </span>
    </p>
   </div>
   <div class='ocr_carea' id='block_1_5' title="bbox 2024 488 3614 575">
    <p class='ocr_par' dir='ltr' id='par_1_5' title="bbox 2025 499 3614 575">
     <span class='ocr_line' id='line_1_5' title="bbox 2025 499 3614 575; baseline 0.001 -22"><span class='ocrx_word' id='word_1_15' title='bbox 2025 501 2300 570; x_wconf 74' lang='lat' dir='ltr'><strong>degentes.</strong></span> <span class='ocrx_word' id='word_1_16' title='bbox 2335 502 2467 555; x_wconf 90' lang='lat' dir='ltr'><strong>Cum</strong></span> <span class='ocrx_word' id='word_1_17' title='bbox 2497 499 2945 570; x_wconf 63' lang='lat' dir='ltr'><strong>autem&#39;pra&#39;sens</strong></span> <span class='ocrx_word' id='word_1_18' title='bbox 2999 515 3172 556; x_wconf 79' lang='lat' dir='ltr'><strong>canon</strong></span> <span class='ocrx_word' id='word_1_19' title='bbox 3209 502 3356 557; x_wconf 90' lang='lat' dir='ltr'><strong>dicat</strong></span> <span class='ocrx_word' id='word_1_20' title='bbox 3381 519 3474 558; x_wconf 86' lang='lat' dir='ltr'><strong>eos</strong></span> <span class='ocrx_word' id='word_1_21' title='bbox 3522 501 3614 575; x_wconf 83' lang='lat' dir='ltr'><strong>qui</strong></span> 
     </span>
    </p>
   </div>
   <div class='ocr_carea' id='block_1_6' title="bbox 351 582 1932 660">
    <p class='ocr_par' dir='ltr' id='par_1_6' title="bbox 351 582 1932 660">
     <span class='ocr_line' id='line_1_6' title="bbox 351 582 1932 660; baseline 0.006 -23"><span class='ocrx_word' id='word_1_22' title='bbox 351 582 564 637; x_wconf 62' lang='grc' dir='ltr'>ποιοῦσι</span> <span class='ocrx_word' id='word_1_23' title='bbox 592 584 852 656; x_wconf 80' lang='grc' dir='ltr'>δεσπότῃ,</span> <span class='ocrx_word' id='word_1_24' title='bbox 878 586 975 639; x_wconf 74' lang='grc' dir='ltr'>καὶ</span> <span class='ocrx_word' id='word_1_25' title='bbox 1003 585 1361 660; x_wconf 69' lang='grc' dir='ltr'><strong>ἀπελεύθεροι</strong></span> <span class='ocrx_word' id='word_1_26' title='bbox 1393 594 1507 658; x_wconf 78' lang='grc' dir='ltr'>τοῖς</span> <span class='ocrx_word' id='word_1_27' title='bbox 1538 591 1807 660; x_wconf 80' lang='grc' dir='ltr'>πάτρωσι,</span> <span class='ocrx_word' id='word_1_28' title='bbox 1838 593 1932 647; x_wconf 77' lang='grc' dir='ltr'>καὶ</span> 
     </span>
    </p>
   </div>
   <div class='ocr_carea' id='block_1_7' title="bbox 354 677 1930 754">
    <p class='ocr_par' dir='ltr' id='par_1_7' title="bbox 354 677 1930 754">
     <span class='ocr_line' id='line_1_7' title="bbox 354 677 1930 754; baseline 0.006 -25"><span class='ocrx_word' id='word_1_29' title='bbox 354 677 558 749; x_wconf 79' lang='grc' dir='ltr'>μίσθιοι</span> <span class='ocrx_word' id='word_1_30' title='bbox 605 680 719 740; x_wconf 77' lang='grc' dir='ltr'>τοῖς</span> <span class='ocrx_word' id='word_1_31' title='bbox 758 680 1195 749; x_wconf 80' lang='grc' dir='ltr'>μισθωσαμένοις</span> <span class='ocrx_word' id='word_1_32' title='bbox 1248 683 1378 754; x_wconf 80' lang='grc' dir='ltr'>παρ’</span> <span class='ocrx_word' id='word_1_33' title='bbox 1416 686 1600 746; x_wconf 78' lang='grc' dir='ltr'>αὐτοῖς</span> <span class='ocrx_word' id='word_1_34' title='bbox 1630 685 1930 753; x_wconf 72' lang='grc' dir='ltr'>διάγοντες.</span> 
     </span>
    </p>
   </div>
   <div class='ocr_carea' id='block_1_8' title="bbox 351 767 1933 848">
    <p class='ocr_par' dir='ltr' id='par_1_8' title="bbox 351 767 1933 848">
     <span class='ocr_line' id='line_1_8' title="bbox 351 767 1933 848; baseline 0.003 -22"><span class='ocrx_word' id='word_1_35' title='bbox 351 767 457 826; x_wconf 78' lang='grc' dir='ltr'><strong>’1ὀῦ</strong></span> <span class='ocrx_word' id='word_1_36' title='bbox 483 771 542 822; x_wconf 78' lang='grc' dir='ltr'><strong>δὲ</strong></span> <span class='ocrx_word' id='word_1_37' title='bbox 575 772 844 840; x_wconf 80' lang='grc' dir='ltr'>παρόντος</span> <span class='ocrx_word' id='word_1_38' title='bbox 876 775 1098 838; x_wconf 76' lang='grc' dir='ltr'>κανόνος</span> <span class='ocrx_word' id='word_1_39' title='bbox 1125 775 1379 843; x_wconf 81' lang='grc' dir='ltr'>λέγοντος</span> <span class='ocrx_word' id='word_1_40' title='bbox 1414 779 1540 840; x_wconf 71' lang='grc' dir='ltr'>τοὺς</span> <span class='ocrx_word' id='word_1_41' title='bbox 1572 778 1801 848; x_wconf 75' lang='grc' dir='ltr'>ἥττονας</span> <span class='ocrx_word' id='word_1_42' title='bbox 1826 778 1933 831; x_wconf 78' lang='grc' dir='ltr'><strong>τῶν</strong></span> 
     </span>
    </p>
   </div>
   <div class='ocr_carea' id='block_1_9' title="bbox 355 858 1932 937">
    <p class='ocr_par' dir='ltr' id='par_1_9' title="bbox 355 858 1932 937">
     <span class='ocr_line' id='line_1_9' title="bbox 355 858 1932 937; baseline 0.004 -21"><span class='ocrx_word' id='word_1_43' title='bbox 355 865 414 916; x_wconf 75' lang='grc' dir='ltr'>ιδ’</span> <span class='ocrx_word' id='word_1_44' title='bbox 429 865 475 915; x_wconf 66' lang='grc' dir='ltr'>ἐκ</span> <span class='ocrx_word' id='word_1_45' title='bbox 493 863 690 917; x_wconf 77' lang='grc' dir='ltr'>ιαυτῶν</span> <span class='ocrx_word' id='word_1_46' title='bbox 709 858 782 936; x_wconf 79' lang='grc' dir='ltr'>μὴ</span> <span class='ocrx_word' id='word_1_47' title='bbox 809 870 1127 937; x_wconf 81' lang='grc' dir='ltr'><strong>μαρτυρεῖν,</strong></span> <span class='ocrx_word' id='word_1_48' title='bbox 1153 869 1285 922; x_wconf 79' lang='grc' dir='ltr'>ἀλλὰ</span> <span class='ocrx_word' id='word_1_49' title='bbox 1311 869 1437 932; x_wconf 83' lang='grc' dir='ltr'>τοὺς</span> <span class='ocrx_word' id='word_1_50' title='bbox 1462 870 1717 922; x_wconf 71' lang='grc' dir='ltr'>ἐπέκεινα</span> <span class='ocrx_word' id='word_1_51' title='bbox 1741 871 1932 923; x_wconf 83' lang='grc' dir='ltr'>τούτου</span> 
     </span>
    </p>
   </div>
   <div class='ocr_carea' id='block_1_10' title="bbox 348 957 1926 1030">
    <p class='ocr_par' dir='ltr' id='par_1_10' title="bbox 348 957 1926 1030">
     <span class='ocr_line' id='line_1_10' title="bbox 348 957 1926 1030; baseline 0.004 -22"><span class='ocrx_word' id='word_1_52' title='bbox 348 958 442 1009; x_wconf 79' lang='grc' dir='ltr'>τοῦ</span> <span class='ocrx_word' id='word_1_53' title='bbox 481 959 697 1028; x_wconf 75' lang='grc' dir='ltr'>χρόνου,</span> <span class='ocrx_word' id='word_1_54' title='bbox 742 957 837 1010; x_wconf 83' lang='grc' dir='ltr'>καὶ</span> <span class='ocrx_word' id='word_1_55' title='bbox 883 957 976 1012; x_wconf 83' lang='grc' dir='ltr'>τοῦ</span> <span class='ocrx_word' id='word_1_56' title='bbox 1023 959 1073 1012; x_wconf 75' lang='grc' dir='ltr'>κ’</span> <span class='ocrx_word' id='word_1_57' title='bbox 1103 977 1237 1030; x_wconf 50' lang='lat' dir='ltr'><strong>stega.</strong></span> <span class='ocrx_word' id='word_1_58' title='bbox 1283 962 1376 1014; x_wconf 78' lang='grc' dir='ltr'>τοῦ</span> <span class='ocrx_word' id='word_1_59' title='bbox 1431 961 1480 1015; x_wconf 83' lang='grc' dir='ltr'>α’</span> <span class='ocrx_word' id='word_1_60' title='bbox 1509 964 1644 1015; x_wconf 82' lang='grc' dir='ltr'>τίτλ.</span> <span class='ocrx_word' id='word_1_61' title='bbox 1691 961 1786 1016; x_wconf 84' lang='grc' dir='ltr'>τοῦ</span> <span class='ocrx_word' id='word_1_62' title='bbox 1841 968 1926 1016; x_wconf 81' lang='grc' dir='ltr'>κα¹</span> 
     </span>
    </p>
   </div>
   <div class='ocr_carea' id='block_1_11' title="bbox 347 1048 1931 1127">
    <p class='ocr_par' dir='ltr' id='par_1_11' title="bbox 347 1048 1931 1127">
     <span class='ocr_line' id='line_1_11' title="bbox 347 1048 1931 1127; baseline 0.007 -29"><span class='ocrx_word' id='word_1_63' title='bbox 347 1049 558 1118; x_wconf 69' lang='grc' dir='ltr'>νιῆλίου</span> <span class='ocrx_word' id='word_1_64' title='bbox 584 1048 832 1117; x_wconf 79' lang='grc' dir='ltr'>λέγοντος</span> <span class='ocrx_word' id='word_1_65' title='bbox 869 1050 1013 1106; x_wconf 76' lang='grc' dir='ltr'>οὕτω</span> <span class='ocrx_word' id='word_1_66' title='bbox 1048 1054 1228 1124; x_wconf 77' lang='grc' dir='ltr'><strong>ῥητῶς</strong></span> <span class='ocrx_word' id='word_1_67' title='bbox 1253 1071 1266 1086; x_wconf 73' lang='grc' dir='ltr'><strong>ο</strong></span> <span class='ocrx_word' id='word_1_68' title='bbox 1315 1055 1377 1110; x_wconf 88' lang='lat'><strong>&#39;0</strong></span> <span class='ocrx_word' id='word_1_69' title='bbox 1413 1057 1718 1127; x_wconf 80' lang='grc' dir='ltr'>κατήγορος</span> <span class='ocrx_word' id='word_1_70' title='bbox 1752 1057 1814 1108; x_wconf 82' lang='grc' dir='ltr'>οὗ</span> <span class='ocrx_word' id='word_1_71' title='bbox 1840 1057 1931 1108; x_wconf 75' lang='grc' dir='ltr'><strong>δύο</strong></span> 
     </span>
    </p>
   </div>
   <div class='ocr_carea' id='block_1_12' title="bbox 347 1142 1931 1218">
    <p class='ocr_par' dir='ltr' id='par_1_12' title="bbox 347 1142 1931 1218">
     <span class='ocr_line' id='line_1_12' title="bbox 347 1142 1931 1218; baseline 0.003 -23"><span class='ocrx_word' id='word_1_72' title='bbox 347 1159 504 1195; x_wconf 78' lang='grc' dir='ltr'>ναται</span> <span class='ocrx_word' id='word_1_73' title='bbox 535 1142 718 1196; x_wconf 80' lang='grc' dir='ltr'>καλεῖν</span> <span class='ocrx_word' id='word_1_74' title='bbox 742 1146 819 1206; x_wconf 82' lang='grc' dir='ltr'><strong>είς</strong></span> <span class='ocrx_word' id='word_1_75' title='bbox 852 1145 1160 1217; x_wconf 81' lang='grc' dir='ltr'>μαρτυρίαν</span> <span class='ocrx_word' id='word_1_76' title='bbox 1185 1146 1274 1199; x_wconf 86' lang='grc' dir='ltr'>τδν</span> <span class='ocrx_word' id='word_1_77' title='bbox 1299 1145 1569 1217; x_wconf 76' lang='grc' dir='ltr'>δημοσίως</span> <span class='ocrx_word' id='word_1_78' title='bbox 1595 1149 1931 1218; x_wconf 76' lang='grc' dir='ltr'>κατηγορού-</span> 
     </span>
    </p>
   </div>
   <div class='ocr_carea' id='block_1_13' title="bbox 349 1234 1929 1309">
    <p class='ocr_par' dir='ltr' id='par_1_13' title="bbox 349 1234 1929 1309">
     <span class='ocr_line' id='line_1_13' title="bbox 349 1234 1929 1309; baseline 0.002 -22"><span class='ocrx_word' id='word_1_79' title='bbox 349 1251 537 1304; x_wconf 76' lang='grc' dir='ltr'>μενον,</span> <span class='ocrx_word' id='word_1_80' title='bbox 573 1234 696 1288; x_wconf 73' lang='grc' dir='ltr'>οὔτε</span> <span class='ocrx_word' id='word_1_81' title='bbox 727 1235 818 1288; x_wconf 76' lang='grc' dir='ltr'>τὸν</span> <span class='ocrx_word' id='word_1_82' title='bbox 845 1237 1044 1305; x_wconf 73' lang='grc' dir='ltr'>ἥττονα</span> <span class='ocrx_word' id='word_1_83' title='bbox 1077 1239 1184 1290; x_wconf 80' lang='grc' dir='ltr'>τῶν</span> <span class='ocrx_word' id='word_1_84' title='bbox 1223 1237 1424 1290; x_wconf 75' lang='grc' dir='ltr'>εἴκοσιν</span> <span class='ocrx_word' id='word_1_85' title='bbox 1458 1236 1594 1290; x_wconf 71' lang='grc' dir='ltr'>ἐτῶν</span> <span class='ocrx_word' id='word_1_86' title='bbox 1615 1253 1628 1267; x_wconf 78' lang='grc'><em>’</em></span> <span class='ocrx_word' id='word_1_87' title='bbox 1664 1237 1929 1309; x_wconf 78' lang='grc' dir='ltr'><strong>ἐρωτήσει</strong></span> 
     </span>
    </p>
   </div>
   <div class='ocr_carea' id='block_1_14' title="bbox 345 1327 1933 1399">
    <p class='ocr_par' dir='ltr' id='par_1_14' title="bbox 345 1327 1933 1399">
     <span class='ocr_line' id='line_1_14' title="bbox 345 1327 1933 1399; baseline -0.001 -20"><span class='ocrx_word' id='word_1_88' title='bbox 345 1343 462 1388; x_wconf 81' lang='grc' dir='ltr'>τις,</span> <span class='ocrx_word' id='word_1_89' title='bbox 499 1327 615 1378; x_wconf 81' lang='grc' dir='ltr'>Τίνι</span> <span class='ocrx_word' id='word_1_90' title='bbox 653 1327 944 1399; x_wconf 72' lang='grc' dir='ltr'>προσέχειν</span> <span class='ocrx_word' id='word_1_91' title='bbox 976 1327 1308 1397; x_wconf 78' lang='grc' dir='ltr'>ὀφείλομεν;</span> <span class='ocrx_word' id='word_1_92' title='bbox 1340 1329 1446 1380; x_wconf 77' lang='grc' dir='ltr'><strong>Καὶ</strong></span> <span class='ocrx_word' id='word_1_93' title='bbox 1491 1329 1637 1380; x_wconf 80' lang='grc' dir='ltr'>δοκεί</span> <span class='ocrx_word' id='word_1_94' title='bbox 1670 1345 1760 1395; x_wconf 88' lang='grc' dir='ltr'><strong>μοι</strong></span> <span class='ocrx_word' id='word_1_95' title='bbox 1796 1328 1933 1396; x_wconf 83' lang='grc' dir='ltr'>μᾶλ-</span> 
     </span>
    </p>
   </div>
   <div class='ocr_carea' id='block_1_15' title="bbox 341 1417 1930 1492">
    <p class='ocr_par' dir='ltr' id='par_1_15' title="bbox 341 1417 1930 1492">
     <span class='ocr_line' id='line_1_15' title="bbox 341 1417 1930 1492; baseline 0.002 -23"><span class='ocrx_word' id='word_1_96' title='bbox 341 1417 433 1470; x_wconf 72' lang='grc' dir='ltr'><strong>λον</strong></span> <span class='ocrx_word' id='word_1_97' title='bbox 462 1419 538 1489; x_wconf 81' lang='grc' dir='ltr'>τῷ</span> <span class='ocrx_word' id='word_1_98' title='bbox 563 1419 733 1489; x_wconf 87' lang='grc' dir='ltr'>νόμῳ.</span> <span class='ocrx_word' id='word_1_99' title='bbox 760 1421 856 1482; x_wconf 71' lang='lat' dir='ltr'><strong>Et;</strong></span> <span class='ocrx_word' id='word_1_100' title='bbox 879 1421 988 1491; x_wconf 84' lang='grc' dir='ltr'>γὰρ</span> <span class='ocrx_word' id='word_1_101' title='bbox 1019 1421 1327 1492; x_wconf 76' lang='grc' dir='ltr'>μαρτυρίαν</span> <span class='ocrx_word' id='word_1_102' title='bbox 1355 1419 1773 1491; x_wconf 73' lang='grc' dir='ltr'>ἐγκληματικῆς</span> <span class='ocrx_word' id='word_1_103' title='bbox 1802 1423 1930 1472; x_wconf 78' lang='grc' dir='ltr'>ὑπο-</span> 
     </span>
    </p>
   </div>
   <div class='ocr_carea' id='block_1_16' title="bbox 344 1509 1929 1582">
    <p class='ocr_par' dir='ltr' id='par_1_16' title="bbox 344 1509 1929 1582">
     <span class='ocr_line' id='line_1_16' title="bbox 344 1509 1929 1582; baseline 0.001 -18"><span class='ocrx_word' id='word_1_104' title='bbox 344 1509 546 1573; x_wconf 77' lang='grc' dir='ltr'>θέσεως</span> <span class='ocrx_word' id='word_1_105' title='bbox 585 1513 814 1582; x_wconf 82' lang='grc' dir='ltr'>όῆττων</span> <span class='ocrx_word' id='word_1_106' title='bbox 842 1512 953 1564; x_wconf 83' lang='grc' dir='ltr'><strong>τῶν</strong></span> <span class='ocrx_word' id='word_1_107' title='bbox 995 1512 1200 1566; x_wconf 78' lang='grc' dir='ltr'>εἴκοσιν</span> <span class='ocrx_word' id='word_1_108' title='bbox 1236 1514 1497 1566; x_wconf 75' lang='grc' dir='ltr'>ἐνιαυτῶν</span> <span class='ocrx_word' id='word_1_109' title='bbox 1541 1514 1636 1566; x_wconf 72' lang='grc' dir='ltr'>καὶ</span> <span class='ocrx_word' id='word_1_110' title='bbox 1673 1513 1929 1566; x_wconf 79' lang='grc' dir='ltr'><strong>ἐπέκεινα</strong></span> 
     </span>
    </p>
   </div>
   <div class='ocr_carea' id='block_1_17' title="bbox 341 1601 1930 1679">
    <p class='ocr_par' dir='ltr' id='par_1_17' title="bbox 341 1601 1930 1679">
     <span class='ocr_line' id='line_1_17' title="bbox 341 1601 1930 1679; baseline 0.003 -24"><span class='ocrx_word' id='word_1_111' title='bbox 341 1603 451 1655; x_wconf 84' lang='grc' dir='ltr'>τῶν</span> <span class='ocrx_word' id='word_1_112' title='bbox 492 1601 553 1658; x_wconf 79' lang='grc' dir='ltr'><strong>ιδ’</strong></span> <span class='ocrx_word' id='word_1_113' title='bbox 578 1605 782 1675; x_wconf 78' lang='grc' dir='ltr'>χρόνων</span> <span class='ocrx_word' id='word_1_114' title='bbox 822 1606 1083 1676; x_wconf 74' lang='grc' dir='ltr'>ὑπάρχων</span> <span class='ocrx_word' id='word_1_115' title='bbox 1127 1606 1227 1660; x_wconf 76' lang='grc' dir='ltr'>οὐκ</span> <span class='ocrx_word' id='word_1_116' title='bbox 1267 1605 1384 1660; x_wconf 81' lang='grc' dir='ltr'>ἔστι</span> <span class='ocrx_word' id='word_1_117' title='bbox 1421 1608 1821 1679; x_wconf 80' lang='grc' dir='ltr'>παραδεκτὲος·</span> <span class='ocrx_word' id='word_1_118' title='bbox 1853 1608 1930 1672; x_wconf 82' lang='grc' dir='ltr'><strong>ὡς</strong></span> 
     </span>
    </p>
   </div>
   <div class='ocr_carea' id='block_1_18' title="bbox 347 1694 1928 1770">
    <p class='ocr_par' dir='ltr' id='par_1_18' title="bbox 347 1694 1928 1770">
     <span class='ocr_line' id='line_1_18' title="bbox 347 1694 1928 1770; baseline 0.003 -23"><span class='ocrx_word' id='word_1_119' title='bbox 347 1695 484 1766; x_wconf 71' lang='grc' dir='ltr'><strong>μηδὲ</strong></span> <span class='ocrx_word' id='word_1_120' title='bbox 515 1694 747 1766; x_wconf 80' lang='grc' dir='ltr'><strong>βεὸηκὸς</strong></span> <span class='ocrx_word' id='word_1_121' title='bbox 786 1697 927 1766; x_wconf 84' lang='grc' dir='ltr'>ἔχων</span> <span class='ocrx_word' id='word_1_122' title='bbox 959 1697 1236 1769; x_wconf 84' lang='grc' dir='ltr'>φρόνημα.</span> <span class='ocrx_word' id='word_1_123' title='bbox 1285 1700 1440 1752; x_wconf 85' lang='grc' dir='ltr'>Ἐστι</span> <span class='ocrx_word' id='word_1_124' title='bbox 1485 1700 1540 1754; x_wconf 76' lang='grc' dir='ltr'><strong>δὲ</strong></span> <span class='ocrx_word' id='word_1_125' title='bbox 1576 1701 1669 1752; x_wconf 88' lang='grc' dir='ltr'>καὶ</span> <span class='ocrx_word' id='word_1_126' title='bbox 1705 1702 1733 1755; x_wconf 82' lang='grc' dir='ltr'>ὁ</span> <span class='ocrx_word' id='word_1_127' title='bbox 1768 1701 1928 1770; x_wconf 83' lang='grc' dir='ltr'>νόμος</span> 
     </span>
    </p>
   </div>
   <div class='ocr_carea' id='block_1_19' title="bbox 343 1787 1926 1861">
    <p class='ocr_par' dir='ltr' id='par_1_19' title="bbox 343 1787 1926 1861">
     <span class='ocr_line' id='line_1_19' title="bbox 343 1787 1926 1861; baseline 0.003 -19"><span class='ocrx_word' id='word_1_128' title='bbox 343 1788 486 1842; x_wconf 79' lang='grc' dir='ltr'>κατᾶ</span> <span class='ocrx_word' id='word_1_129' title='bbox 514 1787 647 1841; x_wconf 81' lang='grc' dir='ltr'>πολὺ</span> <span class='ocrx_word' id='word_1_130' title='bbox 681 1789 1142 1861; x_wconf 83' lang='grc' dir='ltr'>μεταγενέστερος</span> <span class='ocrx_word' id='word_1_131' title='bbox 1169 1788 1264 1844; x_wconf 81' lang='grc' dir='ltr'>τοῦ</span> <span class='ocrx_word' id='word_1_132' title='bbox 1303 1790 1545 1857; x_wconf 72' lang='grc' dir='ltr'>κανόνος,</span> <span class='ocrx_word' id='word_1_133' title='bbox 1579 1793 1670 1845; x_wconf 71' lang='grc' dir='ltr'><strong>διὰ</strong></span> <span class='ocrx_word' id='word_1_134' title='bbox 1695 1795 1755 1846; x_wconf 81' lang='grc' dir='ltr'>τὸ</span> <span class='ocrx_word' id='word_1_135' title='bbox 1789 1794 1926 1860; x_wconf 78' lang='grc' dir='ltr'>μετὰ</span> 
     </span>
    </p>
   </div>
   <div class='ocr_carea' id='block_1_20' title="bbox 2039 595 3609 663">
    <p class='ocr_par' dir='ltr' id='par_1_20' title="bbox 2039 595 3609 663">
     <span class='ocr_line' id='line_1_20' title="bbox 2039 595 3609 663; baseline 0.003 -16"><span class='ocrx_word' id='word_1_136' title='bbox 2039 606 2165 648; x_wconf 90' lang='lat' dir='ltr'><strong>sunt</strong></span> <span class='ocrx_word' id='word_1_137' title='bbox 2186 595 2590 663; x_wconf 70' lang='lat' dir='ltr'><strong>quattuordecim</strong></span> <span class='ocrx_word' id='word_1_138' title='bbox 2629 595 2784 648; x_wconf 89' lang='lat' dir='ltr'><strong>annis</strong></span> <span class='ocrx_word' id='word_1_139' title='bbox 2810 595 3064 659; x_wconf 86' lang='lat' dir='ltr'><strong>minores,</strong></span> <span class='ocrx_word' id='word_1_140' title='bbox 3101 611 3204 649; x_wconf 91' lang='lat' dir='ltr'><strong>non</strong></span> <span class='ocrx_word' id='word_1_141' title='bbox 3240 599 3422 650; x_wconf 79' lang='lat' dir='ltr'><strong>dicere</strong></span> <span class='ocrx_word' id='word_1_142' title='bbox 3452 601 3609 652; x_wconf 84' lang='lat' dir='ltr'><strong>testi-</strong></span> 
     </span>
    </p>
   </div>
   <div class='ocr_carea' id='block_1_21' title="bbox 2035 687 3615 754">
    <p class='ocr_par' dir='ltr' id='par_1_21' title="bbox 2035 687 3615 754">
     <span class='ocr_line' id='line_1_21' title="bbox 2035 687 3615 754; baseline 0.003 -13"><span class='ocrx_word' id='word_1_143' title='bbox 2035 687 2301 749; x_wconf 86' lang='lat' dir='ltr'><strong>monium,</strong></span> <span class='ocrx_word' id='word_1_144' title='bbox 2323 687 2416 742; x_wconf 87' lang='lat' dir='ltr'><strong>sed</strong></span> <span class='ocrx_word' id='word_1_145' title='bbox 2445 702 2538 742; x_wconf 89' lang='lat' dir='ltr'><strong>eos</strong></span> <span class='ocrx_word' id='word_1_146' title='bbox 2559 687 2648 754; x_wconf 89' lang='lat' dir='ltr'><strong>qui</strong></span> <span class='ocrx_word' id='word_1_147' title='bbox 2684 696 2810 739; x_wconf 89' lang='lat' dir='ltr'><strong>sunt</strong></span> <span class='ocrx_word' id='word_1_148' title='bbox 2843 687 2980 740; x_wconf 84' lang='lat' dir='ltr'><strong>ultra</strong></span> <span class='ocrx_word' id='word_1_149' title='bbox 3014 687 3156 739; x_wconf 83' lang='lat' dir='ltr'><strong>illam</strong></span> <span class='ocrx_word' id='word_1_150' title='bbox 3184 699 3428 754; x_wconf 65' lang='lat' dir='ltr'><strong>aetatem;</strong></span> <span class='ocrx_word' id='word_1_151' title='bbox 3456 701 3512 743; x_wconf 91' lang='lat' dir='ltr'><strong>et</strong></span> <span class='ocrx_word' id='word_1_152' title='bbox 3540 693 3615 745; x_wconf 84' lang='lat' dir='ltr'><strong>vi-</strong></span> 
     </span>
    </p>
   </div>
   <div class='ocr_carea' id='block_1_22' title="bbox 2034 777 3606 847">
    <p class='ocr_par' dir='ltr' id='par_1_22' title="bbox 2034 777 3606 847">
     <span class='ocr_line' id='line_1_22' title="bbox 2034 777 3606 847; baseline 0.003 -16"><span class='ocrx_word' id='word_1_153' title='bbox 2034 777 2291 831; x_wconf 85' lang='lat' dir='ltr'><strong>cesimum</strong></span> <span class='ocrx_word' id='word_1_154' title='bbox 2318 788 2476 846; x_wconf 79' lang='lat' dir='ltr'><strong>caput</strong></span> <span class='ocrx_word' id='word_1_155' title='bbox 2506 777 2660 845; x_wconf 85' lang='lat' dir='ltr'><strong>primi</strong></span> <span class='ocrx_word' id='word_1_156' title='bbox 2694 777 2834 829; x_wconf 83' lang='lat' dir='ltr'><strong>tituli</strong></span> <span class='ocrx_word' id='word_1_157' title='bbox 2867 777 2956 830; x_wconf 89' lang='lat' dir='ltr'><strong>lib.</strong></span> <span class='ocrx_word' id='word_1_158' title='bbox 2987 792 3082 832; x_wconf 73' lang='lat' dir='ltr'><strong>ut</strong></span> <span class='ocrx_word' id='word_1_159' title='bbox 3130 780 3276 832; x_wconf 83' lang='lat' dir='ltr'><strong>dicat</strong></span> <span class='ocrx_word' id='word_1_160' title='bbox 3303 794 3557 847; x_wconf 70' lang='lat' dir='ltr'><strong>eXpresse</strong></span> <span class='ocrx_word' id='word_1_161' title='bbox 3590 800 3606 836; x_wconf 90' lang='lat'><strong>:</strong></span> 
     </span>
    </p>
   </div>
   <div class='ocr_carea' id='block_1_23' title="bbox 2032 867 3610 938">
    <p class='ocr_par' dir='ltr' id='par_1_23' title="bbox 2032 867 3610 938">
     <span class='ocr_line' id='line_1_23' title="bbox 2032 867 3610 938; baseline 0.003 -16"><span class='ocrx_word' id='word_1_162' title='bbox 2032 868 2152 922; x_wconf 85' lang='lat' dir='ltr'><strong>Non</strong></span> <span class='ocrx_word' id='word_1_163' title='bbox 2181 878 2355 938; x_wconf 86' lang='lat' dir='ltr'><strong>potest</strong></span> <span class='ocrx_word' id='word_1_164' title='bbox 2389 871 2672 922; x_wconf 78' lang='lat' dir='ltr'><strong>accusator</strong></span> <span class='ocrx_word' id='word_1_165' title='bbox 2711 883 2909 920; x_wconf 82' lang='lat' dir='ltr'><strong>vocare</strong></span> <span class='ocrx_word' id='word_1_166' title='bbox 2967 867 3020 920; x_wconf 92' lang='lat' dir='ltr'><strong>in</strong></span> <span class='ocrx_word' id='word_1_167' title='bbox 3068 871 3431 925; x_wconf 79' lang='lat' dir='ltr'><strong>teStimouium</strong></span> <span class='ocrx_word' id='word_1_168' title='bbox 3486 887 3610 926; x_wconf 88' lang='lat' dir='ltr'><strong>eum</strong></span> 
     </span>
    </p>
   </div>
   <div class='ocr_carea' id='block_1_24' title="bbox 2033 959 3611 1030">
    <p class='ocr_par' dir='ltr' id='par_1_24' title="bbox 2033 959 3611 1030">
     <span class='ocr_line' id='line_1_24' title="bbox 2033 959 3611 1030; baseline 0.001 -19"><span class='ocrx_word' id='word_1_169' title='bbox 2033 961 2122 1030; x_wconf 85' lang='lat' dir='ltr'><strong>qui</strong></span> <span class='ocrx_word' id='word_1_170' title='bbox 2162 960 2373 1028; x_wconf 75' lang='lat' dir='ltr'><strong>publice</strong></span> <span class='ocrx_word' id='word_1_171' title='bbox 2417 970 2720 1020; x_wconf 74' lang='lat' dir='ltr'><strong>accusatur,</strong></span> <span class='ocrx_word' id='word_1_172' title='bbox 2759 975 2852 1011; x_wconf 88' lang='lat' dir='ltr'><strong>nec</strong></span> <span class='ocrx_word' id='word_1_173' title='bbox 2888 973 3010 1010; x_wconf 86' lang='lat' dir='ltr'><strong>cum</strong></span> <span class='ocrx_word' id='word_1_174' title='bbox 3044 959 3134 1028; x_wconf 85' lang='lat' dir='ltr'><strong>qui</strong></span> <span class='ocrx_word' id='word_1_175' title='bbox 3178 968 3262 1012; x_wconf 89' lang='lat' dir='ltr'><strong>est</strong></span> <span class='ocrx_word' id='word_1_176' title='bbox 3307 961 3479 1013; x_wconf 86' lang='lat' dir='ltr'><strong>minor</strong></span> <span class='ocrx_word' id='word_1_177' title='bbox 3529 961 3611 1012; x_wconf 84' lang='lat' dir='ltr'><strong>vi-</strong></span> 
     </span>
    </p>
   </div>
   <div class='ocr_carea' id='block_1_25' title="bbox 2033 1052 3614 1124">
    <p class='ocr_par' dir='ltr' id='par_1_25' title="bbox 2033 1052 3614 1124">
     <span class='ocr_line' id='line_1_25' title="bbox 2033 1052 3614 1124; baseline -0.001 -19"><span class='ocrx_word' id='word_1_178' title='bbox 2033 1055 2167 1124; x_wconf 71' lang='lat' dir='ltr'><strong>ginti</strong></span> <span class='ocrx_word' id='word_1_179' title='bbox 2221 1053 2378 1104; x_wconf 83' lang='lat' dir='ltr'><strong>anuis</strong></span> <span class='ocrx_word' id='word_1_180' title='bbox 2411 1070 2422 1104; x_wconf 91' lang='lat'>:</span> <span class='ocrx_word' id='word_1_181' title='bbox 2459 1053 2732 1120; x_wconf 77' lang='lat' dir='ltr'><strong>rogaverit</strong></span> <span class='ocrx_word' id='word_1_182' title='bbox 2766 1052 3068 1119; x_wconf 77' lang='lat' dir='ltr'><strong>quispiam,</strong></span> <span class='ocrx_word' id='word_1_183' title='bbox 3107 1053 3235 1120; x_wconf 89' lang='lat' dir='ltr'><strong>quid</strong></span> <span class='ocrx_word' id='word_1_184' title='bbox 3273 1054 3340 1106; x_wconf 92' lang='lat' dir='ltr'><strong>sit</strong></span> <span class='ocrx_word' id='word_1_185' title='bbox 3387 1069 3614 1122; x_wconf 79' lang='lat' dir='ltr'><strong>sequen-</strong></span> 
     </span>
    </p>
   </div>
   <div class='ocr_carea' id='block_1_26' title="bbox 2032 1141 3610 1210">
    <p class='ocr_par' dir='ltr' id='par_1_26' title="bbox 2032 1141 3610 1210">
     <span class='ocr_line' id='line_1_26' title="bbox 2032 1141 3610 1210; baseline -0.004 -10"><span class='ocrx_word' id='word_1_186' title='bbox 2032 1147 2182 1200; x_wconf 91' lang='lat' dir='ltr'><strong>dum.</strong></span> <span class='ocrx_word' id='word_1_187' title='bbox 2219 1143 2283 1196; x_wconf 82' lang='lat' dir='ltr'><strong>Et</strong></span> <span class='ocrx_word' id='word_1_188' title='bbox 2313 1143 2436 1195; x_wconf 84' lang='lat' dir='ltr'><strong>mibi</strong></span> <span class='ocrx_word' id='word_1_189' title='bbox 2470 1141 2680 1194; x_wconf 79' lang='lat' dir='ltr'><strong>videtur</strong></span> <span class='ocrx_word' id='word_1_190' title='bbox 2710 1142 2790 1194; x_wconf 79' lang='lat' dir='ltr'><strong>lex</strong></span> <span class='ocrx_word' id='word_1_191' title='bbox 2826 1158 2947 1195; x_wconf 82' lang='lat' dir='ltr'><strong>esse</strong></span> <span class='ocrx_word' id='word_1_192' title='bbox 2993 1145 3163 1210; x_wconf 76' lang='lat' dir='ltr'><strong>magis</strong></span> <span class='ocrx_word' id='word_1_193' title='bbox 3204 1145 3473 1210; x_wconf 85' lang='lat' dir='ltr'><strong>sequenda</strong></span> <span class='ocrx_word' id='word_1_194' title='bbox 3511 1159 3526 1198; x_wconf 90' lang='lat'><strong>:</strong></span> <span class='ocrx_word' id='word_1_195' title='bbox 3559 1143 3610 1195; x_wconf 90' lang='lat' dir='ltr'><strong>in</strong></span> 
     </span>
    </p>
   </div>
   <div class='ocr_carea' id='block_1_27' title="bbox 2036 1225 3614 1302">
    <p class='ocr_par' dir='ltr' id='par_1_27' title="bbox 2036 1225 3614 1302">
     <span class='ocr_line' id='line_1_27' title="bbox 2036 1225 3614 1302; baseline -0.003 -11"><span class='ocrx_word' id='word_1_196' title='bbox 2036 1238 2394 1291; x_wconf 83' lang='lat' dir='ltr'><strong>testimonium</strong></span> <span class='ocrx_word' id='word_1_197' title='bbox 2431 1235 2572 1289; x_wconf 87' lang='lat' dir='ltr'><strong>enim</strong></span> <span class='ocrx_word' id='word_1_198' title='bbox 2596 1250 2773 1287; x_wconf 73' lang='lat' dir='ltr'><strong>causae</strong></span> <span class='ocrx_word' id='word_1_199' title='bbox 2812 1225 3130 1296; x_wconf 81' lang='lat' dir='ltr'><strong>criminaiis,</strong></span> <span class='ocrx_word' id='word_1_200' title='bbox 3168 1235 3256 1302; x_wconf 93' lang='lat' dir='ltr'><strong>qui</strong></span> <span class='ocrx_word' id='word_1_201' title='bbox 3311 1237 3484 1287; x_wconf 89' lang='lat' dir='ltr'><strong>minor</strong></span> <span class='ocrx_word' id='word_1_202' title='bbox 3528 1245 3614 1287; x_wconf 74' lang='grc' dir='ltr'><strong>εει</strong></span> 
     </span>
    </p>
   </div>
   <div class='ocr_carea' id='block_1_28' title="bbox 2033 1328 3612 1400">
    <p class='ocr_par' dir='ltr' id='par_1_28' title="bbox 2033 1328 3612 1400">
     <span class='ocr_line' id='line_1_28' title="bbox 2033 1328 3612 1400; baseline -0.001 -17"><span class='ocrx_word' id='word_1_203' title='bbox 2033 1331 2218 1400; x_wconf 75' lang='lat' dir='ltr'><strong>viginti</strong></span> <span class='ocrx_word' id='word_1_204' title='bbox 2257 1330 2434 1392; x_wconf 85' lang='lat' dir='ltr'><strong>annis,</strong></span> <span class='ocrx_word' id='word_1_205' title='bbox 2487 1329 2610 1380; x_wconf 87' lang='lat' dir='ltr'><strong>licet</strong></span> <span class='ocrx_word' id='word_1_206' title='bbox 2642 1328 2710 1381; x_wconf 77' lang='lat' dir='ltr'><strong>sit</strong></span> <span class='ocrx_word' id='word_1_207' title='bbox 2751 1329 2918 1391; x_wconf 83' lang='lat' dir='ltr'><strong>major</strong></span> <span class='ocrx_word' id='word_1_208' title='bbox 2971 1328 3374 1395; x_wconf 82' lang='lat' dir='ltr'><strong>quatuorrlcciln</strong></span> <span class='ocrx_word' id='word_1_209' title='bbox 3434 1332 3612 1390; x_wconf 84' lang='lat' dir='ltr'><strong>annis,</strong></span> 
     </span>
    </p>
   </div>
   <div class='ocr_carea' id='block_1_29' title="bbox 2034 1417 3610 1488">
    <p class='ocr_par' dir='ltr' id='par_1_29' title="bbox 2034 1417 3610 1488">
     <span class='ocr_line' id='line_1_29' title="bbox 2034 1417 3610 1488; baseline -0.001 -14"><span class='ocrx_word' id='word_1_210' title='bbox 2034 1435 2138 1474; x_wconf 84' lang='lat' dir='ltr'><strong>neu</strong></span> <span class='ocrx_word' id='word_1_211' title='bbox 2164 1423 2264 1474; x_wconf 85' lang='lat' dir='ltr'><strong>erit</strong></span> <span class='ocrx_word' id='word_1_212' title='bbox 2295 1417 2698 1479; x_wconf 68' lang='lat' dir='ltr'><strong>admittendus;</strong></span> <span class='ocrx_word' id='word_1_213' title='bbox 2752 1432 2806 1471; x_wconf 93' lang='lat' dir='ltr'><strong>ut</strong></span> <span class='ocrx_word' id='word_1_214' title='bbox 2845 1423 2931 1488; x_wconf 87' lang='lat' dir='ltr'><strong>qui</strong></span> <span class='ocrx_word' id='word_1_215' title='bbox 2963 1434 3059 1473; x_wconf 85' lang='lat' dir='ltr'><strong>nec</strong></span> <span class='ocrx_word' id='word_1_216' title='bbox 3080 1422 3295 1472; x_wconf 74' lang='lat' dir='ltr'><strong>tit-mum</strong></span> <span class='ocrx_word' id='word_1_217' title='bbox 3323 1417 3610 1488; x_wconf 83' lang='lat' dir='ltr'><strong>judicium,</strong></span> 
     </span>
    </p>
   </div>
   <div class='ocr_carea' id='block_1_30' title="bbox 2033 1510 3610 1582">
    <p class='ocr_par' dir='ltr' id='par_1_30' title="bbox 2033 1510 3610 1582">
     <span class='ocr_line' id='line_1_30' title="bbox 2033 1510 3610 1582; baseline -0.003 -13"><span class='ocrx_word' id='word_1_218' title='bbox 2033 1531 2132 1569; x_wconf 88' lang='lat' dir='ltr'><strong>nec</strong></span> <span class='ocrx_word' id='word_1_219' title='bbox 2153 1514 2329 1568; x_wconf 89' lang='lat' dir='ltr'><strong>adhuc</strong></span> <span class='ocrx_word' id='word_1_220' title='bbox 2354 1522 2693 1567; x_wconf 83' lang='lat' dir='ltr'><strong>constantem</strong></span> <span class='ocrx_word' id='word_1_221' title='bbox 2719 1512 3054 1582; x_wconf 86' lang='lat' dir='ltr'><strong>prudentiam</strong></span> <span class='ocrx_word' id='word_1_222' title='bbox 3077 1513 3288 1567; x_wconf 79' lang='lat' dir='ltr'><strong>habeat.</strong></span> <span class='ocrx_word' id='word_1_223' title='bbox 3313 1510 3408 1567; x_wconf 86' lang='lat' dir='ltr'><strong>Est</strong></span> <span class='ocrx_word' id='word_1_224' title='bbox 3434 1517 3610 1565; x_wconf 81' lang='lat' dir='ltr'><strong>autem</strong></span> 
     </span>
    </p>
   </div>
   <div class='ocr_carea' id='block_1_31' title="bbox 2031 1604 3610 1684">
    <p class='ocr_par' dir='ltr' id='par_1_31' title="bbox 2031 1604 3610 1684">
     <span class='ocr_line' id='line_1_31' title="bbox 2031 1604 3610 1684; baseline -0.002 -23"><span class='ocrx_word' id='word_1_225' title='bbox 2031 1607 2114 1661; x_wconf 76' lang='lat' dir='ltr'><strong>lex</strong></span> <span class='ocrx_word' id='word_1_226' title='bbox 2140 1619 2347 1660; x_wconf 82' lang='lat' dir='ltr'><strong>canone</strong></span> <span class='ocrx_word' id='word_1_227' title='bbox 2379 1604 2548 1659; x_wconf 89' lang='lat' dir='ltr'><strong>multo</strong></span> <span class='ocrx_word' id='word_1_228' title='bbox 2575 1604 2878 1674; x_wconf 75' lang='lat' dir='ltr'><strong>posterior;</strong></span> <span class='ocrx_word' id='word_1_229' title='bbox 2913 1619 2977 1657; x_wconf 90' lang='lat' dir='ltr'><strong>eo</strong></span> <span class='ocrx_word' id='word_1_230' title='bbox 3005 1605 3148 1674; x_wconf 88' lang='lat' dir='ltr'><strong>quod</strong></span> <span class='ocrx_word' id='word_1_231' title='bbox 3183 1606 3339 1673; x_wconf 77' lang='lat' dir='ltr'><strong>longo</strong></span> <span class='ocrx_word' id='word_1_232' title='bbox 3367 1613 3610 1684; x_wconf 76' lang='lat' dir='ltr'><strong>tempore</strong></span> 
     </span>
    </p>
   </div>
   <div class='ocr_carea' id='block_1_32' title="bbox 2031 1696 3609 1770">
    <p class='ocr_par' dir='ltr' id='par_1_32' title="bbox 2031 1696 3609 1770">
     <span class='ocr_line' id='line_1_32' title="bbox 2031 1696 3609 1770; baseline -0.003 -17"><span class='ocrx_word' id='word_1_233' title='bbox 2031 1709 2154 1770; x_wconf 81' lang='lat' dir='ltr'><strong>post</strong></span> <span class='ocrx_word' id='word_1_234' title='bbox 2202 1699 2339 1752; x_wconf 88' lang='lat' dir='ltr'><strong>banc</strong></span> <span class='ocrx_word' id='word_1_235' title='bbox 2383 1698 2646 1768; x_wconf 83' lang='lat' dir='ltr'><strong>synodum</strong></span> <span class='ocrx_word' id='word_1_236' title='bbox 2678 1696 2730 1749; x_wconf 89' lang='lat' dir='ltr'><strong>in</strong></span> <span class='ocrx_word' id='word_1_237' title='bbox 2767 1697 3125 1752; x_wconf 81' lang='lat' dir='ltr'><strong>Basilicorum</strong></span> <span class='ocrx_word' id='word_1_238' title='bbox 3157 1699 3441 1764; x_wconf 77' lang='lat' dir='ltr'><strong>repetitam</strong></span> <span class='ocrx_word' id='word_1_239' title='bbox 3471 1711 3609 1765; x_wconf 73' lang='lat' dir='ltr'><strong>prte-</strong></span> 
     </span>
    </p>
   </div>
   <div class='ocr_carea' id='block_1_33' title="bbox 2033 1789 3615 1858">
    <p class='ocr_par' dir='ltr' id='par_1_33' title="bbox 2033 1789 3615 1858">
     <span class='ocr_line' id='line_1_33' title="bbox 2033 1789 3615 1858; baseline -0.003 -12"><span class='ocrx_word' id='word_1_240' title='bbox 2033 1792 2314 1846; x_wconf 79' lang='lat' dir='ltr'><strong>lectionein</strong></span> <span class='ocrx_word' id='word_1_241' title='bbox 2349 1789 2434 1843; x_wconf 86' lang='lat' dir='ltr'><strong>ille</strong></span> <span class='ocrx_word' id='word_1_242' title='bbox 2455 1792 2707 1858; x_wconf 85' lang='lat' dir='ltr'><strong>receptus</strong></span> <span class='ocrx_word' id='word_1_243' title='bbox 2749 1789 2843 1842; x_wconf 89' lang='lat' dir='ltr'><strong>sit.</strong></span> <span class='ocrx_word' id='word_1_244' title='bbox 2878 1789 3014 1858; x_wconf 79' lang='lat' dir='ltr'><strong>Lege</strong></span> <span class='ocrx_word' id='word_1_245' title='bbox 3055 1799 3361 1842; x_wconf 84' lang='lat' dir='ltr'><strong>sanctorum</strong></span> <span class='ocrx_word' id='word_1_246' title='bbox 3394 1799 3615 1848; x_wconf 81' lang='lat' dir='ltr'><strong>aposto-</strong></span> 
     </span>
    </p>
   </div>
   <div class='ocr_carea' id='block_1_34' title="bbox 345 1861 1920 1971">
    <p class='ocr_par' dir='ltr' id='par_1_34' title="bbox 345 1881 1920 1971">
     <span class='ocr_line' id='line_1_34' title="bbox 345 1881 1920 1971; baseline 0.003 -37"><span class='ocrx_word' id='word_1_247' title='bbox 345 1881 573 1971; x_wconf 77' lang='grc' dir='ltr'>χρόνους</span> <span class='ocrx_word' id='word_1_248' title='bbox 621 1881 848 1947; x_wconf 69' lang='grc' dir='ltr'>πολλοὺς</span> <span class='ocrx_word' id='word_1_249' title='bbox 905 1885 1006 1952; x_wconf 79' lang='grc' dir='ltr'><strong>τῆς</strong></span> <span class='ocrx_word' id='word_1_250' title='bbox 1063 1882 1344 1971; x_wconf 67' lang='grc' dir='ltr'>παρουσης</span> <span class='ocrx_word' id='word_1_251' title='bbox 1394 1885 1615 1939; x_wconf 81' lang='grc' dir='ltr'>συνόδου</span> <span class='ocrx_word' id='word_1_252' title='bbox 1667 1886 1920 1957; x_wconf 78' lang='grc' dir='ltr'>δεχθῆναι</span> 
     </span>
    </p>
   </div>
   <div class='ocr_carea' id='block_1_35' title="bbox 2024 1861 3313 1971">
    <p class='ocr_par' dir='ltr' id='par_1_35' title="bbox 2029 1883 3313 1955">
     <span class='ocr_line' id='line_1_35' title="bbox 2029 1883 3313 1955; baseline -0.004 -15"><span class='ocrx_word' id='word_1_253' title='bbox 2029 1887 2201 1940; x_wconf 85' lang='lat' dir='ltr'><strong>lorum</strong></span> <span class='ocrx_word' id='word_1_254' title='bbox 2237 1883 2695 1955; x_wconf 71' lang='lat' dir='ltr'><strong>septuagesimum</strong></span> <span class='ocrx_word' id='word_1_255' title='bbox 2726 1883 2978 1951; x_wconf 85' lang='lat' dir='ltr'><strong>quintum</strong></span> <span class='ocrx_word' id='word_1_256' title='bbox 3022 1896 3313 1941; x_wconf 82' lang='lat' dir='ltr'><strong>canonem.</strong></span> 
     </span>
    </p>
   </div>
   <div class='ocr_carea' id='block_1_36' title="bbox 343 1968 3139 2050">
    <p class='ocr_par' dir='ltr' id='par_1_36' title="bbox 343 1968 3139 2050">
     <span class='ocr_line' id='line_1_36' title="bbox 343 1968 3139 2050; baseline 0 -21"><span class='ocrx_word' id='word_1_257' title='bbox 343 1968 534 2030; x_wconf 68' lang='grc' dir='ltr'>τοῦτον</span> <span class='ocrx_word' id='word_1_258' title='bbox 575 1977 656 2039; x_wconf 80' lang='grc' dir='ltr'><strong>εἰς</strong></span> <span class='ocrx_word' id='word_1_259' title='bbox 703 1977 801 2047; x_wconf 75' lang='grc' dir='ltr'>τὴν</span> <span class='ocrx_word' id='word_1_260' title='bbox 835 1976 944 2030; x_wconf 86' lang='grc' dir='ltr'>τῶν</span> <span class='ocrx_word' id='word_1_261' title='bbox 989 1968 1290 2032; x_wconf 80' lang='grc' dir='ltr'>Βασιλικῶν</span> <span class='ocrx_word' id='word_1_262' title='bbox 1333 1975 1727 2050; x_wconf 73' lang='grc' dir='ltr'>ἀνακάθαρπιν.</span> <span class='ocrx_word' id='word_1_263' title='bbox 1768 1978 2071 2048; x_wconf 81' lang='grc' dir='ltr'>’Δνάγνωθι</span> <span class='ocrx_word' id='word_1_264' title='bbox 2104 1977 2214 2030; x_wconf 80' lang='grc' dir='ltr'><strong>τῶν</strong></span> <span class='ocrx_word' id='word_1_265' title='bbox 2241 1977 2415 2044; x_wconf 81' lang='grc' dir='ltr'>ἁγίων</span> <span class='ocrx_word' id='word_1_266' title='bbox 2446 1971 2763 2027; x_wconf 73' lang='grc' dir='ltr'>ἀποστόλων</span> <span class='ocrx_word' id='word_1_267' title='bbox 2798 1973 3021 2028; x_wconf 78' lang='grc' dir='ltr'>κανόνα·</span> <span class='ocrx_word' id='word_1_268' title='bbox 3045 1981 3139 2029; x_wconf 78' lang='lat' dir='ltr'><strong>os&#39;.</strong></span> 
     </span>
    </p>
   </div>
   <div class='ocr_carea' id='block_1_37' title="bbox 410 2072 1922 2158">
    <p class='ocr_par' dir='ltr' id='par_1_37' title="bbox 410 2072 1922 2158">
     <span class='ocr_line' id='line_1_37' title="bbox 410 2072 1922 2158; baseline 0.001 -31"><span class='ocrx_word' id='word_1_269' title='bbox 410 2073 660 2130; x_wconf 70' lang='lat' dir='ltr'><strong>ZQNAP.</strong></span> <span class='ocrx_word' id='word_1_270' title='bbox 686 2074 946 2137; x_wconf 78' lang='grc' dir='ltr'>Είπόντες</span> <span class='ocrx_word' id='word_1_271' title='bbox 969 2077 1018 2127; x_wconf 80' lang='lat' dir='ltr'><strong>oi</strong></span> <span class='ocrx_word' id='word_1_272' title='bbox 1040 2077 1135 2145; x_wconf 83' lang='grc' dir='ltr'><strong>τῆς</strong></span> <span class='ocrx_word' id='word_1_273' title='bbox 1161 2076 1380 2130; x_wconf 76' lang='grc' dir='ltr'>συνόδου</span> <span class='ocrx_word' id='word_1_274' title='bbox 1416 2079 1544 2149; x_wconf 69' lang='grc' dir='ltr'>περὶ</span> <span class='ocrx_word' id='word_1_275' title='bbox 1576 2072 1922 2158; x_wconf 80' lang='grc' dir='ltr'><strong>κατηγόρων⁹</strong></span> 
     </span>
    </p>
   </div>
   <div class='ocr_carea' id='block_1_38' title="bbox 338 2166 1923 2239">
    <p class='ocr_par' dir='ltr' id='par_1_38' title="bbox 338 2166 1923 2239">
     <span class='ocr_line' id='line_1_38' title="bbox 338 2166 1923 2239; baseline 0 -17"><span class='ocrx_word' id='word_1_276' title='bbox 338 2166 435 2222; x_wconf 81' lang='grc' dir='ltr'>νῦν</span> <span class='ocrx_word' id='word_1_277' title='bbox 466 2171 562 2222; x_wconf 77' lang='grc' dir='ltr'>καὶ</span> <span class='ocrx_word' id='word_1_278' title='bbox 604 2171 728 2238; x_wconf 79' lang='grc' dir='ltr'>περὶ</span> <span class='ocrx_word' id='word_1_279' title='bbox 756 2167 1049 2238; x_wconf 82' lang='grc' dir='ltr'>μαρτύρων</span> <span class='ocrx_word' id='word_1_280' title='bbox 1076 2168 1451 2224; x_wconf 72' lang='grc' dir='ltr'>διατάττονται</span> <span class='ocrx_word' id='word_1_281' title='bbox 1473 2211 1488 2235; x_wconf 94' lang='grc'><strong>,</strong></span> <span class='ocrx_word' id='word_1_282' title='bbox 1516 2170 1610 2222; x_wconf 85' lang='grc' dir='ltr'><strong>καί</strong></span> <span class='ocrx_word' id='word_1_283' title='bbox 1639 2187 1771 2239; x_wconf 82' lang='grc' dir='ltr'>φασι</span> <span class='ocrx_word' id='word_1_284' title='bbox 1799 2173 1923 2232; x_wconf 67' lang='grc' dir='ltr'>τοὺς</span> 
     </span>
    </p>
   </div>
   <div class='ocr_carea' id='block_1_39' title="bbox 339 2259 1924 2330">
    <p class='ocr_par' dir='ltr' id='par_1_39' title="bbox 339 2259 1924 2330">
     <span class='ocr_line' id='line_1_39' title="bbox 339 2259 1924 2330; baseline 0 -18"><span class='ocrx_word' id='word_1_285' title='bbox 339 2259 715 2329; x_wconf 55' lang='grc' dir='ltr'>κωλυομένους</span> <span class='ocrx_word' id='word_1_286' title='bbox 752 2261 1177 2329; x_wconf 79' lang='grc' dir='ltr'>ὲγκληματικῶς</span> <span class='ocrx_word' id='word_1_287' title='bbox 1207 2261 1446 2328; x_wconf 73' lang='grc' dir='ltr'>ἐνάγειν,</span> <span class='ocrx_word' id='word_1_288' title='bbox 1480 2261 1615 2330; x_wconf 79' lang='grc' dir='ltr'><strong>μηδὲ</strong></span> <span class='ocrx_word' id='word_1_289' title='bbox 1663 2263 1742 2322; x_wconf 83' lang='grc' dir='ltr'>είς</span> <span class='ocrx_word' id='word_1_290' title='bbox 1781 2279 1924 2330; x_wconf 88' lang='grc' dir='ltr'>μαρ-</span> 
     </span>
    </p>
   </div>
   <div class='ocr_carea' id='block_1_40' title="bbox 336 2351 1925 2424">
    <p class='ocr_par' dir='ltr' id='par_1_40' title="bbox 336 2351 1925 2424">
     <span class='ocr_line' id='line_1_40' title="bbox 336 2351 1925 2424; baseline 0 -22"><span class='ocrx_word' id='word_1_291' title='bbox 336 2352 532 2420; x_wconf 82' lang='grc' dir='ltr'>τυρίαν</span> <span class='ocrx_word' id='word_1_292' title='bbox 560 2351 972 2420; x_wconf 82' lang='grc' dir='ltr'>προσδέχεσθαι.</span> <span class='ocrx_word' id='word_1_293' title='bbox 999 2353 1107 2405; x_wconf 70' lang='grc' dir='ltr'><strong>Καὶ</strong></span> <span class='ocrx_word' id='word_1_294' title='bbox 1129 2354 1256 2415; x_wconf 81' lang='grc' dir='ltr'>τοὺς</span> <span class='ocrx_word' id='word_1_295' title='bbox 1284 2352 1674 2424; x_wconf 73' lang='grc' dir='ltr'>προσδέχεσθαι</span> <span class='ocrx_word' id='word_1_296' title='bbox 1701 2353 1756 2405; x_wconf 79' lang='grc' dir='ltr'><strong>δὲ</strong></span> <span class='ocrx_word' id='word_1_297' title='bbox 1779 2352 1925 2421; x_wconf 75' lang='grc' dir='ltr'>ὀφεί-</span> 
     </span>
    </p>
   </div>
   <div class='ocr_carea' id='block_1_41' title="bbox 338 2440 1922 2515">
    <p class='ocr_par' dir='ltr' id='par_1_41' title="bbox 338 2440 1922 2515">
     <span class='ocr_line' id='line_1_41' title="bbox 338 2440 1922 2515; baseline -0.001 -19"><span class='ocrx_word' id='word_1_298' title='bbox 338 2446 530 2506; x_wconf 75' lang='grc' dir='ltr'>λοντας</span> <span class='ocrx_word' id='word_1_299' title='bbox 556 2445 632 2515; x_wconf 79' lang='grc' dir='ltr'>μὴ</span> <span class='ocrx_word' id='word_1_300' title='bbox 664 2444 898 2514; x_wconf 77' lang='grc' dir='ltr'>ἀνήϐους</span> <span class='ocrx_word' id='word_1_301' title='bbox 930 2440 1086 2498; x_wconf 79' lang='grc' dir='ltr'>εἶναι.</span> <span class='ocrx_word' id='word_1_302' title='bbox 1117 2444 1180 2496; x_wconf 88' lang='grc' dir='ltr'><strong>Οί</strong></span> <span class='ocrx_word' id='word_1_303' title='bbox 1206 2447 1313 2513; x_wconf 83' lang='grc' dir='ltr'>γὰρ</span> <span class='ocrx_word' id='word_1_304' title='bbox 1344 2444 1509 2515; x_wconf 78' lang='grc' dir='ltr'>μὴ’πω</span> <span class='ocrx_word' id='word_1_305' title='bbox 1530 2445 1621 2497; x_wconf 78' lang='grc' dir='ltr'><strong>τὸν</strong></span> <span class='ocrx_word' id='word_1_306' title='bbox 1652 2445 1712 2497; x_wconf 82' lang='grc' dir='ltr'>ιδ’</span> <span class='ocrx_word' id='word_1_307' title='bbox 1739 2447 1922 2497; x_wconf 77' lang='grc' dir='ltr'>ἐνιαυ-</span> 
     </span>
    </p>
   </div>
   <div class='ocr_carea' id='block_1_42' title="bbox 335 2536 1916 2608">
    <p class='ocr_par' dir='ltr' id='par_1_42' title="bbox 335 2536 1916 2608">
     <span class='ocr_line' id='line_1_42' title="bbox 335 2536 1916 2608; baseline -0.001 -17"><span class='ocrx_word' id='word_1_308' title='bbox 335 2541 432 2591; x_wconf 75' lang='grc' dir='ltr'>τὸν</span> <span class='ocrx_word' id='word_1_309' title='bbox 489 2538 588 2607; x_wconf 76' lang='grc' dir='ltr'><strong>τῆς</strong></span> <span class='ocrx_word' id='word_1_310' title='bbox 643 2538 860 2608; x_wconf 72' lang='grc' dir='ltr'>ἡλικίας</span> <span class='ocrx_word' id='word_1_311' title='bbox 911 2538 1093 2591; x_wconf 82' lang='grc' dir='ltr'>αὐτῶν</span> <span class='ocrx_word' id='word_1_312' title='bbox 1147 2537 1451 2605; x_wconf 79' lang='grc' dir='ltr'>προϐάντες</span> <span class='ocrx_word' id='word_1_313' title='bbox 1510 2536 1702 2607; x_wconf 75' lang='grc' dir='ltr'>ἄνηϐοί</span> <span class='ocrx_word' id='word_1_314' title='bbox 1755 2537 1916 2590; x_wconf 77' lang='grc' dir='ltr'>εἰσιν.</span> 
     </span>
    </p>
   </div>
   <div class='ocr_carea' id='block_1_43' title="bbox 351 2629 1916 2702">
    <p class='ocr_par' dir='ltr' id='par_1_43' title="bbox 351 2629 1916 2702">
     <span class='ocr_line' id='line_1_43' title="bbox 351 2629 1916 2702; baseline 0.001 -20"><span class='ocrx_word' id='word_1_315' title='bbox 351 2630 598 2700; x_wconf 73' lang='grc' dir='ltr'>’Δνήεοις</span> <span class='ocrx_word' id='word_1_316' title='bbox 619 2631 698 2693; x_wconf 74' lang='grc' dir='ltr'><strong>δὲ,</strong></span> <span class='ocrx_word' id='word_1_317' title='bbox 725 2629 806 2694; x_wconf 79' lang='grc' dir='ltr'><strong>οἷς</strong></span> <span class='ocrx_word' id='word_1_318' title='bbox 827 2634 993 2700; x_wconf 80' lang='grc' dir='ltr'>μήπω</span> <span class='ocrx_word' id='word_1_319' title='bbox 1014 2632 1073 2686; x_wconf 80' lang='grc' dir='ltr'>τὸ</span> <span class='ocrx_word' id='word_1_320' title='bbox 1100 2631 1356 2702; x_wconf 81' lang='grc' dir='ltr'>φρόνημα</span> <span class='ocrx_word' id='word_1_321' title='bbox 1385 2631 1678 2699; x_wconf 81' lang='grc' dir='ltr'>σταθηρὺν,</span> <span class='ocrx_word' id='word_1_322' title='bbox 1708 2648 1916 2699; x_wconf 85' lang='grc' dir='ltr'>μαρτυ-</span> 
     </span>
    </p>
   </div>
   <div class='ocr_carea' id='block_1_44' title="bbox 339 2720 1915 2792">
    <p class='ocr_par' dir='ltr' id='par_1_44' title="bbox 339 2720 1915 2792">
     <span class='ocr_line' id='line_1_44' title="bbox 339 2720 1915 2792; baseline 0 -18"><span class='ocrx_word' id='word_1_323' title='bbox 339 2724 456 2792; x_wconf 78' lang='grc' dir='ltr'>ρεῖν</span> <span class='ocrx_word' id='word_1_324' title='bbox 485 2724 546 2775; x_wconf 76' lang='grc' dir='ltr'>οὐ</span> <span class='ocrx_word' id='word_1_325' title='bbox 597 2722 906 2790; x_wconf 73' lang='grc' dir='ltr'>δοθήσεται.</span> <span class='ocrx_word' id='word_1_326' title='bbox 959 2721 1098 2775; x_wconf 80' lang='grc' dir='ltr'>Ἀλλ’</span> <span class='ocrx_word' id='word_1_327' title='bbox 1131 2720 1254 2774; x_wconf 78' lang='grc' dir='ltr'>οὐδὲ</span> <span class='ocrx_word' id='word_1_328' title='bbox 1288 2720 1598 2782; x_wconf 76' lang='grc' dir='ltr'>οίκειακοὺς</span> <span class='ocrx_word' id='word_1_329' title='bbox 1632 2724 1915 2792; x_wconf 82' lang='grc' dir='ltr'>μάρτυρας</span> 
     </span>
    </p>
   </div>
   <div class='ocr_carea' id='block_1_45' title="bbox 337 2814 1912 2885">
    <p class='ocr_par' dir='ltr' id='par_1_45' title="bbox 337 2814 1912 2885">
     <span class='ocr_line' id='line_1_45' title="bbox 337 2814 1912 2885; baseline 0 -18"><span class='ocrx_word' id='word_1_330' title='bbox 337 2817 428 2868; x_wconf 72' lang='grc' dir='ltr'>τὸν</span> <span class='ocrx_word' id='word_1_331' title='bbox 490 2815 799 2885; x_wconf 78' lang='grc' dir='ltr'>κατήγορον</span> <span class='ocrx_word' id='word_1_332' title='bbox 860 2815 1202 2882; x_wconf 76' lang='grc' dir='ltr'>παραγαγεῖν</span> <span class='ocrx_word' id='word_1_333' title='bbox 1255 2814 1486 2866; x_wconf 72' lang='grc' dir='ltr'>δίδωσιν.</span> <span class='ocrx_word' id='word_1_334' title='bbox 1537 2814 1816 2867; x_wconf 78' lang='grc' dir='ltr'>Οξκειακοὶ</span> <span class='ocrx_word' id='word_1_335' title='bbox 1843 2815 1912 2882; x_wconf 62' lang='lat' dir='ltr'><strong>et</strong></span> 
     </span>
    </p>
   </div>
   <div class='ocr_carea' id='block_1_46' title="bbox 337 2905 1913 2971">
    <p class='ocr_par' dir='ltr' id='par_1_46' title="bbox 337 2905 1913 2971">
     <span class='ocr_line' id='line_1_46' title="bbox 337 2905 1913 2971; baseline -0.001 -13"><span class='ocrx_word' id='word_1_336' title='bbox 337 2909 495 2971; x_wconf 85' lang='grc' dir='ltr'>εἰσιν,</span> <span class='ocrx_word' id='word_1_337' title='bbox 531 2906 583 2958; x_wconf 75' lang='grc' dir='ltr'>οι</span> <span class='ocrx_word' id='word_1_338' title='bbox 636 2908 700 2958; x_wconf 59' lang='lat' dir='ltr'><strong>iet</strong></span> <span class='ocrx_word' id='word_1_339' title='bbox 753 2905 847 2958; x_wconf 82' lang='grc' dir='ltr'>τοῦ</span> <span class='ocrx_word' id='word_1_340' title='bbox 893 2907 1044 2959; x_wconf 83' lang='grc' dir='ltr'>οἴκου</span> <span class='ocrx_word' id='word_1_341' title='bbox 1094 2905 1372 2971; x_wconf 66' lang='grc' dir='ltr'><strong>αὺτοῦοοὺ</strong></span> <span class='ocrx_word' id='word_1_342' title='bbox 1429 2909 1636 2968; x_wconf 78' lang='grc' dir='ltr'>πάντας</span> <span class='ocrx_word' id='word_1_343' title='bbox 1681 2906 1738 2958; x_wconf 82' lang='grc' dir='ltr'><strong>δὲ</strong></span> <span class='ocrx_word' id='word_1_344' title='bbox 1785 2915 1913 2970; x_wconf 81' lang='grc' dir='ltr'>τοὺς</span> 
     </span>
    </p>
   </div>
   <div class='ocr_carea' id='block_1_47' title="bbox 335 2996 1916 3073">
    <p class='ocr_par' dir='ltr' id='par_1_47' title="bbox 335 2996 1916 3073">
     <span class='ocr_line' id='line_1_47' title="bbox 335 2996 1916 3073; baseline 0.002 -22"><span class='ocrx_word' id='word_1_345' title='bbox 335 2997 610 3060; x_wconf 79' lang='grc' dir='ltr'>τοιούτους</span> <span class='ocrx_word' id='word_1_346' title='bbox 689 2996 998 3052; x_wconf 71' lang='grc' dir='ltr'>κωλύουσιν</span> <span class='ocrx_word' id='word_1_347' title='bbox 1058 3002 1107 3052; x_wconf 74' lang='lat' dir='ltr'><strong>ei</strong></span> <span class='ocrx_word' id='word_1_348' title='bbox 1177 3003 1327 3068; x_wconf 83' lang='grc' dir='ltr'>νόμοι</span> <span class='ocrx_word' id='word_1_349' title='bbox 1401 3002 1720 3073; x_wconf 83' lang='grc' dir='ltr'>μαρτυρεῖν,</span> <span class='ocrx_word' id='word_1_350' title='bbox 1777 2999 1916 3054; x_wconf 77' lang='grc' dir='ltr'><strong>ἀλλᾶ</strong></span> 
     </span>
    </p>
   </div>
   <div class='ocr_carea' id='block_1_48' title="bbox 334 3089 1915 3168">
    <p class='ocr_par' dir='ltr' id='par_1_48' title="bbox 334 3089 1915 3168">
     <span class='ocr_line' id='line_1_48' title="bbox 334 3089 1915 3168; baseline 0.003 -24"><span class='ocrx_word' id='word_1_351' title='bbox 334 3109 509 3155; x_wconf 81' lang='grc' dir='ltr'>τινας,</span> <span class='ocrx_word' id='word_1_352' title='bbox 575 3092 744 3161; x_wconf 70' lang='grc' dir='ltr'>ἧγουν</span> <span class='ocrx_word' id='word_1_353' title='bbox 802 3089 1155 3158; x_wconf 71' lang='grc' dir='ltr'>ὑπεξουσίους</span> <span class='ocrx_word' id='word_1_354' title='bbox 1213 3094 1378 3147; x_wconf 78' lang='grc' dir='ltr'>αὐτοῦ</span> <span class='ocrx_word' id='word_1_355' title='bbox 1426 3095 1520 3148; x_wconf 84' lang='grc' dir='ltr'>τοῦ</span> <span class='ocrx_word' id='word_1_356' title='bbox 1575 3094 1915 3168; x_wconf 83' lang='grc' dir='ltr'>παράγοντος</span> 
     </span>
    </p>
   </div>
   <div class='ocr_carea' id='block_1_49' title="bbox 2094 2059 3611 2138">
    <p class='ocr_par' dir='ltr' id='par_1_49' title="bbox 2094 2059 3611 2138">
     <span class='ocr_line' id='line_1_49' title="bbox 2094 2059 3611 2138; baseline -0.003 -15"><span class='ocrx_word' id='word_1_357' title='bbox 2094 2067 2345 2124; x_wconf 73' lang='grc' dir='ltr'><strong>ΖΟΝΑίὶ.</strong></span> <span class='ocrx_word' id='word_1_358' title='bbox 2382 2069 2672 2138; x_wconf 85' lang='lat' dir='ltr'><strong>Postquam</strong></span> <span class='ocrx_word' id='word_1_359' title='bbox 2715 2069 2781 2123; x_wconf 86' lang='lat' dir='ltr'><strong>de</strong></span> <span class='ocrx_word' id='word_1_360' title='bbox 2819 2068 3226 2123; x_wconf 83' lang='lat' dir='ltr'><strong>accusatoribus</strong></span> <span class='ocrx_word' id='word_1_361' title='bbox 3270 2069 3461 2137; x_wconf 82' lang='lat' dir='ltr'><strong>synodi</strong></span> <span class='ocrx_word' id='word_1_362' title='bbox 3505 2059 3611 2119; x_wconf 67' lang='lat' dir='ltr'><strong>Pe-</strong></span> 
     </span>
    </p>
   </div>
   <div class='ocr_carea' id='block_1_50' title="bbox 2025 2163 3603 2232">
    <p class='ocr_par' dir='ltr' id='par_1_50' title="bbox 2025 2163 3603 2232">
     <span class='ocr_line' id='line_1_50' title="bbox 2025 2163 3603 2232; baseline -0.003 -15"><span class='ocrx_word' id='word_1_363' title='bbox 2025 2173 2132 2217; x_wconf 85' lang='lat' dir='ltr'><strong>tres</strong></span> <span class='ocrx_word' id='word_1_364' title='bbox 2163 2163 2429 2226; x_wconf 72' lang='lat' dir='ltr'><strong>dixerunt,</strong></span> <span class='ocrx_word' id='word_1_365' title='bbox 2470 2163 2537 2218; x_wconf 83' lang='lat' dir='ltr'><strong>de</strong></span> <span class='ocrx_word' id='word_1_366' title='bbox 2571 2164 2797 2217; x_wconf 78' lang='lat' dir='ltr'><strong>testibus</strong></span> <span class='ocrx_word' id='word_1_367' title='bbox 2831 2177 3048 2232; x_wconf 85' lang='lat' dir='ltr'><strong>quoque</strong></span> <span class='ocrx_word' id='word_1_368' title='bbox 3093 2166 3359 2223; x_wconf 81' lang='lat' dir='ltr'><strong>statuunt,</strong></span> <span class='ocrx_word' id='word_1_369' title='bbox 3397 2177 3458 2213; x_wconf 83' lang='lat' dir='ltr'><strong>ac</strong></span> <span class='ocrx_word' id='word_1_370' title='bbox 3487 2173 3603 2224; x_wconf 84' lang='lat' dir='ltr'><strong>eos,</strong></span> 
     </span>
    </p>
   </div>
   <div class='ocr_carea' id='block_1_51' title="bbox 2021 2254 3607 2324">
    <p class='ocr_par' dir='ltr' id='par_1_51' title="bbox 2021 2254 3607 2324">
     <span class='ocr_line' id='line_1_51' title="bbox 2021 2254 3607 2324; baseline -0.001 -17"><span class='ocrx_word' id='word_1_371' title='bbox 2021 2257 2109 2324; x_wconf 90' lang='lat' dir='ltr'><strong>qui</strong></span> <span class='ocrx_word' id='word_1_372' title='bbox 2149 2270 2406 2309; x_wconf 75' lang='lat' dir='ltr'><strong>accusare</strong></span> <span class='ocrx_word' id='word_1_373' title='bbox 2441 2255 2814 2324; x_wconf 82' lang='lat' dir='ltr'><strong>prohibentur,</strong></span> <span class='ocrx_word' id='word_1_374' title='bbox 2865 2273 2901 2308; x_wconf 78' lang='grc' dir='ltr'><strong>ιι</strong></span> <span class='ocrx_word' id='word_1_375' title='bbox 2930 2257 3240 2311; x_wconf 85' lang='lat' dir='ltr'><strong>testimonio</strong></span> <span class='ocrx_word' id='word_1_376' title='bbox 3275 2270 3489 2324; x_wconf 84' lang='lat' dir='ltr'><strong>quoque</strong></span> <span class='ocrx_word' id='word_1_377' title='bbox 3520 2254 3607 2307; x_wconf 86' lang='lat' dir='ltr'><strong>di-</strong></span> 
     </span>
    </p>
   </div>
   <div class='ocr_carea' id='block_1_52' title="bbox 2021 2347 3606 2418">
    <p class='ocr_par' dir='ltr' id='par_1_52' title="bbox 2021 2347 3606 2418">
     <span class='ocr_line' id='line_1_52' title="bbox 2021 2347 3606 2418; baseline -0.001 -17"><span class='ocrx_word' id='word_1_378' title='bbox 2021 2349 2194 2402; x_wconf 87' lang='lat' dir='ltr'><strong>cendo</strong></span> <span class='ocrx_word' id='word_1_379' title='bbox 2213 2347 2375 2418; x_wconf 74' lang='lat'><strong>667</strong></span> <span class='ocrx_word' id='word_1_380' title='bbox 2399 2348 2570 2402; x_wconf 82' lang='lat' dir='ltr'><strong>arceri</strong></span> <span class='ocrx_word' id='word_1_381' title='bbox 2585 2347 2801 2416; x_wconf 89' lang='lat' dir='ltr'><strong>jubent.</strong></span> <span class='ocrx_word' id='word_1_382' title='bbox 2825 2349 2904 2402; x_wconf 81' lang='lat' dir='ltr'><strong>Ad</strong></span> <span class='ocrx_word' id='word_1_383' title='bbox 2928 2351 3044 2402; x_wconf 75' lang='lat' dir='ltr'><strong>lucc</strong></span> <span class='ocrx_word' id='word_1_384' title='bbox 3070 2348 3372 2417; x_wconf 77' lang='lat' dir='ltr'><strong>impubeies</strong></span> <span class='ocrx_word' id='word_1_385' title='bbox 3390 2358 3606 2415; x_wconf 80' lang='lat' dir='ltr'><strong>qquuo</strong></span> 
     </span>
    </p>
   </div>
   <div class='ocr_carea' id='block_1_53' title="bbox 2021 2443 3609 2513">
    <p class='ocr_par' dir='ltr' id='par_1_53' title="bbox 2021 2443 3609 2513">
     <span class='ocr_line' id='line_1_53' title="bbox 2021 2443 3609 2513; baseline -0.002 -18"><span class='ocrx_word' id='word_1_386' title='bbox 2021 2443 2400 2512; x_wconf 82' lang='lat' dir='ltr'><strong>rejiciuut,qui</strong></span> <span class='ocrx_word' id='word_1_387' title='bbox 2430 2454 2682 2513; x_wconf 88' lang='lat' dir='ltr'><strong>quartum</strong></span> <span class='ocrx_word' id='word_1_388' title='bbox 2710 2446 2975 2500; x_wconf 89' lang='lat' dir='ltr'><strong>decimum</strong></span> <span class='ocrx_word' id='word_1_389' title='bbox 3020 2444 3266 2499; x_wconf 79' lang='lat' dir='ltr'><strong>videlicet</strong></span> <span class='ocrx_word' id='word_1_390' title='bbox 3307 2443 3482 2498; x_wconf 70' lang='lat' dir='ltr'><strong>artatis</strong></span> <span class='ocrx_word' id='word_1_391' title='bbox 3512 2459 3609 2494; x_wconf 84' lang='lat' dir='ltr'><strong>an-</strong></span> 
     </span>
    </p>
   </div>
   <div class='ocr_carea' id='block_1_54' title="bbox 2021 2538 3606 2608">
    <p class='ocr_par' dir='ltr' id='par_1_54' title="bbox 2021 2538 3606 2608">
     <span class='ocr_line' id='line_1_54' title="bbox 2021 2538 3606 2608; baseline 0.003 -20"><span class='ocrx_word' id='word_1_392' title='bbox 2021 2551 2144 2588; x_wconf 87' lang='lat' dir='ltr'><strong>num</strong></span> <span class='ocrx_word' id='word_1_393' title='bbox 2169 2553 2273 2589; x_wconf 90' lang='lat' dir='ltr'><strong>non</strong></span> <span class='ocrx_word' id='word_1_394' title='bbox 2299 2552 2612 2602; x_wconf 70' lang='lat' dir='ltr'><strong>excessere;</strong></span> <span class='ocrx_word' id='word_1_395' title='bbox 2644 2538 2860 2608; x_wconf 85' lang='lat' dir='ltr'><strong>quibus,</strong></span> <span class='ocrx_word' id='word_1_396' title='bbox 2905 2557 3028 2594; x_wconf 84' lang='lat' dir='ltr'><strong>cum</strong></span> <span class='ocrx_word' id='word_1_397' title='bbox 3071 2540 3270 2595; x_wconf 78' lang='lat' dir='ltr'><strong>mentis</strong></span> <span class='ocrx_word' id='word_1_398' title='bbox 3301 2538 3606 2596; x_wconf 77' lang='lat' dir='ltr'><strong>constantia</strong></span> 
     </span>
    </p>
   </div>
   <div class='ocr_carea' id='block_1_55' title="bbox 2017 2626 3604 2700">
    <p class='ocr_par' dir='ltr' id='par_1_55' title="bbox 2017 2626 3604 2700">
     <span class='ocr_line' id='line_1_55' title="bbox 2017 2626 3604 2700; baseline 0.003 -21"><span class='ocrx_word' id='word_1_399' title='bbox 2017 2629 2176 2691; x_wconf 81' lang='lat' dir='ltr'><strong>desit,</strong></span> <span class='ocrx_word' id='word_1_400' title='bbox 2199 2626 2489 2683; x_wconf 80' lang='lat' dir='ltr'><strong>testimonii</strong></span> <span class='ocrx_word' id='word_1_401' title='bbox 2515 2645 2727 2700; x_wconf 88' lang='lat' dir='ltr'><strong>quoque</strong></span> <span class='ocrx_word' id='word_1_402' title='bbox 2747 2632 2957 2687; x_wconf 80' lang='lat' dir='ltr'><strong>dicendi</strong></span> <span class='ocrx_word' id='word_1_403' title='bbox 2988 2630 3124 2686; x_wconf 79' lang='lat' dir='ltr'><strong>ratio</strong></span> <span class='ocrx_word' id='word_1_404' title='bbox 3150 2635 3288 2686; x_wconf 85' lang='lat' dir='ltr'><strong>haud</strong></span> <span class='ocrx_word' id='word_1_405' title='bbox 3310 2633 3604 2688; x_wconf 80' lang='lat' dir='ltr'><strong>constabit.</strong></span> 
     </span>
    </p>
   </div>
   <div class='ocr_carea' id='block_1_56' title="bbox 2018 2720 3604 2794">
    <p class='ocr_par' dir='ltr' id='par_1_56' title="bbox 2018 2720 3604 2794">
     <span class='ocr_line' id='line_1_56' title="bbox 2018 2720 3604 2794; baseline 0.003 -20"><span class='ocrx_word' id='word_1_406' title='bbox 2018 2720 2128 2774; x_wconf 80' lang='lat' dir='ltr'><strong>Sed</strong></span> <span class='ocrx_word' id='word_1_407' title='bbox 2154 2735 2324 2792; x_wconf 88' lang='lat' dir='ltr'><strong>neque</strong></span> <span class='ocrx_word' id='word_1_408' title='bbox 2347 2721 2674 2777; x_wconf 81' lang='lat' dir='ltr'><strong>domesticos</strong></span> <span class='ocrx_word' id='word_1_409' title='bbox 2692 2735 2860 2778; x_wconf 82' lang='lat' dir='ltr'><strong>testes</strong></span> <span class='ocrx_word' id='word_1_410' title='bbox 2883 2727 3208 2793; x_wconf 83' lang='lat' dir='ltr'><strong>producendi</strong></span> <span class='ocrx_word' id='word_1_411' title='bbox 3243 2736 3486 2794; x_wconf 78' lang='lat' dir='ltr'><strong>potestas</strong></span> <span class='ocrx_word' id='word_1_412' title='bbox 3513 2740 3604 2781; x_wconf 83' lang='lat' dir='ltr'><strong>ac-</strong></span> 
     </span>
    </p>
   </div>
   <div class='ocr_carea' id='block_1_57' title="bbox 2014 2816 3600 2885">
    <p class='ocr_par' dir='ltr' id='par_1_57' title="bbox 2014 2816 3600 2885">
     <span class='ocr_line' id='line_1_57' title="bbox 2014 2816 3600 2885; baseline 0.002 -18"><span class='ocrx_word' id='word_1_413' title='bbox 2014 2817 2248 2867; x_wconf 84' lang='lat' dir='ltr'><strong>cusatori</strong></span> <span class='ocrx_word' id='word_1_414' title='bbox 2269 2816 2390 2868; x_wconf 82' lang='lat' dir='ltr'><strong>data</strong></span> <span class='ocrx_word' id='word_1_415' title='bbox 2429 2822 2531 2872; x_wconf 86' lang='lat' dir='ltr'><strong>est.</strong></span> <span class='ocrx_word' id='word_1_416' title='bbox 2567 2817 2704 2870; x_wconf 83' lang='lat' dir='ltr'><strong>Sunt</strong></span> <span class='ocrx_word' id='word_1_417' title='bbox 2731 2831 2857 2869; x_wconf 84' lang='lat' dir='ltr'><strong>vero</strong></span> <span class='ocrx_word' id='word_1_418' title='bbox 2887 2818 3162 2874; x_wconf 77' lang='lat' dir='ltr'><strong>domestici</strong></span> <span class='ocrx_word' id='word_1_419' title='bbox 3187 2821 3376 2882; x_wconf 86' lang='lat' dir='ltr'><strong>testes,</strong></span> <span class='ocrx_word' id='word_1_420' title='bbox 3405 2818 3495 2885; x_wconf 85' lang='lat' dir='ltr'><strong>qui</strong></span> <span class='ocrx_word' id='word_1_421' title='bbox 3534 2830 3600 2872; x_wconf 74' lang='grc' dir='ltr'>οι</span> 
     </span>
    </p>
   </div>
   <div class='ocr_carea' id='block_1_58' title="bbox 2017 2905 3603 2978">
    <p class='ocr_par' dir='ltr' id='par_1_58' title="bbox 2017 2905 3603 2978">
     <span class='ocr_line' id='line_1_58' title="bbox 2017 2905 3603 2978; baseline 0.004 -21"><span class='ocrx_word' id='word_1_422' title='bbox 2017 2905 2185 2975; x_wconf 86' lang='lat' dir='ltr'><strong>ipsius</strong></span> <span class='ocrx_word' id='word_1_423' title='bbox 2212 2911 2542 2965; x_wconf 85' lang='lat' dir='ltr'><strong>accusatoris</strong></span> <span class='ocrx_word' id='word_1_424' title='bbox 2582 2909 2741 2964; x_wconf 90' lang='lat' dir='ltr'><strong>domo</strong></span> <span class='ocrx_word' id='word_1_425' title='bbox 2790 2912 3056 2978; x_wconf 84' lang='lat' dir='ltr'><strong>prodeunt</strong></span> <span class='ocrx_word' id='word_1_426' title='bbox 3085 2927 3100 2963; x_wconf 89' lang='lat'><strong>:</strong></span> <span class='ocrx_word' id='word_1_427' title='bbox 3129 2910 3217 2978; x_wconf 86' lang='lat' dir='ltr'><strong>qui</strong></span> <span class='ocrx_word' id='word_1_428' title='bbox 3274 2920 3450 2963; x_wconf 81' lang='lat' dir='ltr'><strong>tamen</strong></span> <span class='ocrx_word' id='word_1_429' title='bbox 3495 2925 3603 2964; x_wconf 85' lang='lat' dir='ltr'><strong>non</strong></span> 
     </span>
    </p>
   </div>
   <div class='ocr_carea' id='block_1_59' title="bbox 2016 3002 3598 3072">
    <p class='ocr_par' dir='ltr' id='par_1_59' title="bbox 2016 3002 3598 3072">
     <span class='ocr_line' id='line_1_59' title="bbox 2016 3002 3598 3072; baseline 0.004 -20"><span class='ocrx_word' id='word_1_430' title='bbox 2016 3013 2204 3054; x_wconf 80' lang='lat' dir='ltr'><strong>omnes</strong></span> <span class='ocrx_word' id='word_1_431' title='bbox 2230 3002 2592 3057; x_wconf 85' lang='lat' dir='ltr'><strong>testimonium</strong></span> <span class='ocrx_word' id='word_1_432' title='bbox 2626 3003 2808 3058; x_wconf 85' lang='lat' dir='ltr'><strong>dicere</strong></span> <span class='ocrx_word' id='word_1_433' title='bbox 2854 3003 3060 3072; x_wconf 74' lang='lat' dir='ltr'><strong>legibus</strong></span> <span class='ocrx_word' id='word_1_434' title='bbox 3091 3004 3466 3071; x_wconf 79' lang='lat' dir='ltr'><strong>prohibentur,</strong></span> <span class='ocrx_word' id='word_1_435' title='bbox 3504 3003 3598 3058; x_wconf 82' lang='lat' dir='ltr'><strong>sed</strong></span> 
     </span>
    </p>
   </div>
   <div class='ocr_carea' id='block_1_60' title="bbox 2016 3091 3602 3166">
    <p class='ocr_par' dir='ltr' id='par_1_60' title="bbox 2016 3091 3602 3166">
     <span class='ocr_line' id='line_1_60' title="bbox 2016 3091 3602 3166; baseline 0.002 -21"><span class='ocrx_word' id='word_1_436' title='bbox 2016 3091 2179 3161; x_wconf 83' lang='lat' dir='ltr'><strong>aliqui</strong></span> <span class='ocrx_word' id='word_1_437' title='bbox 2199 3102 2428 3160; x_wconf 77' lang='lat' dir='ltr'><strong>tantum,</strong></span> <span class='ocrx_word' id='word_1_438' title='bbox 2450 3094 2484 3150; x_wconf 93' lang='lat' dir='ltr'><strong>ii</strong></span> <span class='ocrx_word' id='word_1_439' title='bbox 2509 3096 2892 3166; x_wconf 84' lang='lat' dir='ltr'><strong>nimirum,qui</strong></span> <span class='ocrx_word' id='word_1_440' title='bbox 2917 3097 3058 3166; x_wconf 81' lang='lat' dir='ltr'><strong>ipsos</strong></span> <span class='ocrx_word' id='word_1_441' title='bbox 3086 3097 3602 3165; x_wconf 81' lang='lat' dir='ltr'><strong>producentispote-</strong></span> 
     </span>
    </p>
   </div>
   <div class='ocr_carea' id='block_1_61' title="bbox 334 3180 1920 3262">
    <p class='ocr_par' dir='ltr' id='par_1_61' title="bbox 334 3180 1913 3256">
     <span class='ocr_line' id='line_1_61' title="bbox 334 3180 1913 3256; baseline 0 -19"><span class='ocrx_word' id='word_1_442' title='bbox 334 3183 534 3245; x_wconf 80' lang='grc' dir='ltr'>αὐτοὺς</span> <span class='ocrx_word' id='word_1_443' title='bbox 585 3183 621 3253; x_wconf 68' lang='grc' dir='ltr'>ἢ</span> <span class='ocrx_word' id='word_1_444' title='bbox 689 3180 1039 3251; x_wconf 78' lang='grc' dir='ltr'>ὑποχειρίους</span> <span class='ocrx_word' id='word_1_445' title='bbox 1097 3185 1357 3250; x_wconf 80' lang='grc' dir='ltr'><strong>εὐτελεῖς,</strong></span> <span class='ocrx_word' id='word_1_446' title='bbox 1421 3186 1518 3238; x_wconf 82' lang='grc' dir='ltr'>καὶ</span> <span class='ocrx_word' id='word_1_447' title='bbox 1578 3187 1913 3256; x_wconf 82' lang='grc' dir='ltr'>προστάσσε-</span> 
     </span>
    </p>
   </div>
   <div class='ocr_carea' id='block_1_62' title="bbox 2024 3180 3602 3262">
    <p class='ocr_par' dir='ltr' id='par_1_62' title="bbox 2024 3184 3602 3260">
     <span class='ocr_line' id='line_1_62' title="bbox 2024 3184 3602 3260; baseline 0.001 -21"><span class='ocrx_word' id='word_1_448' title='bbox 2024 3184 2144 3239; x_wconf 84' lang='lat' dir='ltr'><strong>stati</strong></span> <span class='ocrx_word' id='word_1_449' title='bbox 2175 3187 2410 3252; x_wconf 77' lang='lat' dir='ltr'><strong>obnoxii,</strong></span> <span class='ocrx_word' id='word_1_450' title='bbox 2449 3188 2635 3243; x_wconf 85' lang='lat' dir='ltr'><strong>aliisve</strong></span> <span class='ocrx_word' id='word_1_451' title='bbox 2676 3189 2924 3260; x_wconf 83' lang='lat' dir='ltr'><strong>subjecti,</strong></span> <span class='ocrx_word' id='word_1_452' title='bbox 2957 3189 3087 3242; x_wconf 85' lang='lat' dir='ltr'><strong>viles</strong></span> <span class='ocrx_word' id='word_1_453' title='bbox 3120 3200 3268 3252; x_wconf 87' lang='lat' dir='ltr'><strong>sunt,</strong></span> <span class='ocrx_word' id='word_1_454' title='bbox 3308 3189 3504 3257; x_wconf 84' lang='lat' dir='ltr'><strong>quibus</strong></span> <span class='ocrx_word' id='word_1_455' title='bbox 3546 3197 3602 3244; x_wconf 86' lang='lat' dir='ltr'><strong>et</strong></span> 
     </span>
    </p>
   </div>
   <div class='ocr_carea' id='block_1_63' title="bbox 336 3277 1911 3349">
    <p class='ocr_par' dir='ltr' id='par_1_63' title="bbox 336 3277 1911 3349">
     <span class='ocr_line' id='line_1_63' title="bbox 336 3277 1911 3349; baseline 0.004 -21"><span class='ocrx_word' id='word_1_456' title='bbox 336 3277 460 3330; x_wconf 80' lang='grc' dir='ltr'>σθαι</span> <span class='ocrx_word' id='word_1_457' title='bbox 500 3277 852 3346; x_wconf 75' lang='grc' dir='ltr'>δυναμένους,</span> <span class='ocrx_word' id='word_1_458' title='bbox 899 3279 1060 3330; x_wconf 82' lang='grc' dir='ltr'><strong>καίεί</strong></span> <span class='ocrx_word' id='word_1_459' title='bbox 1094 3277 1168 3348; x_wconf 82' lang='grc' dir='ltr'>μὴ</span> <span class='ocrx_word' id='word_1_460' title='bbox 1206 3277 1474 3330; x_wconf 83' lang='grc' dir='ltr'>πείθοιντο</span> <span class='ocrx_word' id='word_1_461' title='bbox 1497 3277 1911 3349; x_wconf 80' lang='grc' dir='ltr'>κολαζομένους.</span> 
     </span>
    </p>
   </div>
   <div class='ocr_carea' id='block_1_64' title="bbox 335 3366 1910 3441">
    <p class='ocr_par' dir='ltr' id='par_1_64' title="bbox 335 3366 1910 3441">
     <span class='ocr_line' id='line_1_64' title="bbox 335 3366 1910 3441; baseline 0 -18"><span class='ocrx_word' id='word_1_462' title='bbox 335 3371 396 3423; x_wconf 83' lang='grc' dir='ltr'><strong>Εἰ</strong></span> <span class='ocrx_word' id='word_1_463' title='bbox 414 3369 467 3422; x_wconf 71' lang='grc' dir='ltr'><strong>δὲ</strong></span> <span class='ocrx_word' id='word_1_464' title='bbox 492 3370 758 3437; x_wconf 75' lang='grc' dir='ltr'>ἀξιόλογοι</span> <span class='ocrx_word' id='word_1_465' title='bbox 777 3367 888 3423; x_wconf 73' lang='grc' dir='ltr'>εἷεν</span> <span class='ocrx_word' id='word_1_466' title='bbox 910 3371 1231 3441; x_wconf 75' lang='grc' dir='ltr'>ὑποχείριοι,</span> <span class='ocrx_word' id='word_1_467' title='bbox 1258 3366 1370 3422; x_wconf 75' lang='grc' dir='ltr'>οἷον</span> <span class='ocrx_word' id='word_1_468' title='bbox 1393 3371 1578 3440; x_wconf 76' lang='grc' dir='ltr'>ίερεϊς,</span> <span class='ocrx_word' id='word_1_469' title='bbox 1603 3370 1910 3440; x_wconf 74' lang='grc' dir='ltr'>ἢδιάκονοι,</span> 
     </span>
    </p>
   </div>
   <div class='ocr_carea' id='block_1_65' title="bbox 337 3463 1913 3536">
    <p class='ocr_par' dir='ltr' id='par_1_65' title="bbox 337 3463 1913 3536">
     <span class='ocr_line' id='line_1_65' title="bbox 337 3463 1913 3536; baseline 0.001 -21"><span class='ocrx_word' id='word_1_470' title='bbox 337 3465 371 3533; x_wconf 82' lang='grc' dir='ltr'><strong>ἡ</strong></span> <span class='ocrx_word' id='word_1_471' title='bbox 397 3463 799 3533; x_wconf 75' lang='grc' dir='ltr'>γραμματικοὶ,</span> <span class='ocrx_word' id='word_1_472' title='bbox 838 3465 930 3517; x_wconf 57' lang='grc' dir='ltr'><strong>καί</strong></span> <span class='ocrx_word' id='word_1_473' title='bbox 965 3465 1078 3516; x_wconf 81' lang='grc' dir='ltr'>ὅσοι</span> <span class='ocrx_word' id='word_1_474' title='bbox 1112 3464 1288 3532; x_wconf 82' lang='grc' dir='ltr'>ὅμοιοι</span> <span class='ocrx_word' id='word_1_475' title='bbox 1320 3463 1553 3530; x_wconf 81' lang='grc' dir='ltr'>τούτοις,</span> <span class='ocrx_word' id='word_1_476' title='bbox 1589 3463 1687 3516; x_wconf 82' lang='grc' dir='ltr'>οὐκ</span> <span class='ocrx_word' id='word_1_477' title='bbox 1707 3463 1913 3536; x_wconf 83' lang='grc' dir='ltr'>ἀπρόσ-</span> 
     </span>
    </p>
   </div>
   <div class='ocr_carea' id='block_1_66' title="bbox 334 3554 1295 3628">
    <p class='ocr_par' dir='ltr' id='par_1_66' title="bbox 334 3554 1295 3628">
     <span class='ocr_line' id='line_1_66' title="bbox 334 3554 1295 3628; baseline 0.002 -20"><span class='ocrx_word' id='word_1_478' title='bbox 334 3555 510 3609; x_wconf 78' lang='grc' dir='ltr'>δεκτοι</span> <span class='ocrx_word' id='word_1_479' title='bbox 545 3555 758 3608; x_wconf 78' lang='grc' dir='ltr'>ἔσονται</span> <span class='ocrx_word' id='word_1_480' title='bbox 788 3558 922 3626; x_wconf 80' lang='grc' dir='ltr'>πρὸς</span> <span class='ocrx_word' id='word_1_481' title='bbox 957 3554 1295 3628; x_wconf 85' lang='grc' dir='ltr'>μαρτυρίαν.</span> 
     </span>
    </p>
   </div>
   <div class='ocr_carea' id='block_1_67' title="bbox 334 3737 1694 3810">
    <p class='ocr_par' dir='ltr' id='par_1_67' title="bbox 334 3737 1694 3810">
     <span class='ocr_line' id='line_1_67' title="bbox 334 3737 1694 3810; baseline -0.004 -14"><span class='ocrx_word' id='word_1_482' title='bbox 334 3741 556 3796; x_wconf 74' lang='grc' dir='ltr'><strong>ΑΡΙΣΤ.</strong></span> <span class='ocrx_word' id='word_1_483' title='bbox 591 3760 608 3792; x_wconf 87' lang='grc' dir='ltr'><strong>ι</strong></span> <span class='ocrx_word' id='word_1_484' title='bbox 631 3740 738 3796; x_wconf 71' lang='grc' dir='ltr'>Καὶ</span> <span class='ocrx_word' id='word_1_485' title='bbox 764 3739 790 3791; x_wconf 83' lang='grc' dir='ltr'>ὁ</span> <span class='ocrx_word' id='word_1_486' title='bbox 819 3739 892 3810; x_wconf 83' lang='grc' dir='ltr'>μὴ</span> <span class='ocrx_word' id='word_1_487' title='bbox 924 3737 1182 3792; x_wconf 75' lang='grc' dir='ltr'>ἐνιαυτῶν</span> <span class='ocrx_word' id='word_1_488' title='bbox 1214 3739 1643 3807; x_wconf 81' lang='grc' dir='ltr'>δεκατεσσάρων.</span> <span class='ocrx_word' id='word_1_489' title='bbox 1674 3757 1694 3790; x_wconf 67' lang='grc' dir='ltr'><strong>ι</strong></span> 
     </span>
    </p>
   </div>
   <div class='ocr_carea' id='block_1_68' title="bbox 405 3917 1906 3991">
    <p class='ocr_par' dir='ltr' id='par_1_68' title="bbox 405 3917 1906 3991">
     <span class='ocr_line' id='line_1_68' title="bbox 405 3917 1906 3991; baseline -0.001 -17"><span class='ocrx_word' id='word_1_490' title='bbox 405 3923 517 3975; x_wconf 76' lang='grc' dir='ltr'><strong>Καὶ</strong></span> <span class='ocrx_word' id='word_1_491' title='bbox 548 3917 700 3982; x_wconf 70' lang='grc' dir='ltr'>οὗτος</span> <span class='ocrx_word' id='word_1_492' title='bbox 731 3922 809 3984; x_wconf 79' lang='grc' dir='ltr'>είς</span> <span class='ocrx_word' id='word_1_493' title='bbox 836 3921 1148 3991; x_wconf 78' lang='grc' dir='ltr'>,μαρτυρίαν</span> <span class='ocrx_word' id='word_1_494' title='bbox 1181 3920 1397 3982; x_wconf 76' lang='grc' dir='ltr'>ἄδεκτος</span> <span class='ocrx_word' id='word_1_495' title='bbox 1423 3919 1508 3974; x_wconf 78' lang='grc' dir='ltr'><strong>διὰ</strong></span> <span class='ocrx_word' id='word_1_496' title='bbox 1539 3922 1635 3989; x_wconf 77' lang='grc' dir='ltr'>τὴν</span> <span class='ocrx_word' id='word_1_497' title='bbox 1665 3921 1764 3989; x_wconf 77' lang='grc' dir='ltr'><strong>τῆς</strong></span> <span class='ocrx_word' id='word_1_498' title='bbox 1797 3921 1906 3991; x_wconf 82' lang='grc' dir='ltr'>ἡλι-</span> 
     </span>
    </p>
   </div>
   <div class='ocr_carea' id='block_1_69' title="bbox 337 4011 1912 4083">
    <p class='ocr_par' dir='ltr' id='par_1_69' title="bbox 337 4011 1912 4083">
     <span class='ocr_line' id='line_1_69' title="bbox 337 4011 1912 4083; baseline -0.002 -16"><span class='ocrx_word' id='word_1_499' title='bbox 337 4017 459 4078; x_wconf 82' lang='grc' dir='ltr'>κίας</span> <span class='ocrx_word' id='word_1_500' title='bbox 509 4015 791 4068; x_wconf 75' lang='grc' dir='ltr'>ἀτέλειαν·</span> <span class='ocrx_word' id='word_1_501' title='bbox 837 4014 916 4066; x_wconf 82' lang='grc' dir='ltr'>δεῖ</span> <span class='ocrx_word' id='word_1_502' title='bbox 966 4016 1072 4082; x_wconf 78' lang='grc' dir='ltr'>γὰρ</span> <span class='ocrx_word' id='word_1_503' title='bbox 1119 4013 1207 4064; x_wconf 85' lang='grc' dir='ltr'>τὸν</span> <span class='ocrx_word' id='word_1_504' title='bbox 1264 4013 1642 4083; x_wconf 77' lang='grc' dir='ltr'>μαρτυροῦντα</span> <span class='ocrx_word' id='word_1_505' title='bbox 1692 4016 1788 4065; x_wconf 80' lang='grc' dir='ltr'>σὺν</span> <span class='ocrx_word' id='word_1_506' title='bbox 1834 4011 1912 4081; x_wconf 84' lang='grc' dir='ltr'>τῷ</span> 
     </span>
    </p>
   </div>
   <div class='ocr_carea' id='block_1_70' title="bbox 338 4103 1911 4179">
    <p class='ocr_par' dir='ltr' id='par_1_70' title="bbox 338 4103 1911 4179">
     <span class='ocr_line' id='line_1_70' title="bbox 338 4103 1911 4179; baseline -0.001 -19"><span class='ocrx_word' id='word_1_507' title='bbox 338 4113 554 4179; x_wconf 67' lang='grc' dir='ltr'>ἔντιμον</span> <span class='ocrx_word' id='word_1_508' title='bbox 587 4109 677 4160; x_wconf 73' lang='grc' dir='ltr'>καὶ</span> <span class='ocrx_word' id='word_1_509' title='bbox 706 4108 982 4178; x_wconf 78' lang='grc' dir='ltr'>ὀρθύδοξον</span> <span class='ocrx_word' id='word_1_510' title='bbox 1022 4103 1161 4160; x_wconf 80' lang='grc' dir='ltr'>εἶναι</span> <span class='ocrx_word' id='word_1_511' title='bbox 1197 4108 1292 4160; x_wconf 83' lang='grc' dir='ltr'>καὶ</span> <span class='ocrx_word' id='word_1_512' title='bbox 1323 4106 1698 4177; x_wconf 84' lang='grc' dir='ltr'>σταθηρότητα</span> <span class='ocrx_word' id='word_1_513' title='bbox 1732 4107 1911 4176; x_wconf 71' lang='grc' dir='ltr'>ἔχειν’</span> 
     </span>
    </p>
   </div>
   <div class='ocr_carea' id='block_1_71' title="bbox 345 4190 1919 4267">
    <p class='ocr_par' dir='ltr' id='par_1_71' title="bbox 345 4190 1919 4267">
     <span class='ocr_line' id='line_1_71' title="bbox 345 4190 1919 4267; baseline -0.003 -15"><span class='ocrx_word' id='word_1_514' title='bbox 345 4205 363 4252; x_wconf 71' lang='grc'>5</span> <span class='ocrx_word' id='word_1_515' title='bbox 394 4202 448 4254; x_wconf 81' lang='grc' dir='ltr'>δὲ</span> <span class='ocrx_word' id='word_1_516' title='bbox 480 4191 678 4267; x_wconf 70' lang='grc' dir='ltr'>ἀνηὸος</span> <span class='ocrx_word' id='word_1_517' title='bbox 712 4197 996 4266; x_wconf 79' lang='grc' dir='ltr'>ὀλισθηρός</span> <span class='ocrx_word' id='word_1_518' title='bbox 1037 4199 1153 4248; x_wconf 77' lang='grc' dir='ltr'>ἐστι</span> <span class='ocrx_word' id='word_1_519' title='bbox 1189 4196 1290 4264; x_wconf 83' lang='grc' dir='ltr'>τὴν</span> <span class='ocrx_word' id='word_1_520' title='bbox 1324 4195 1582 4249; x_wconf 76' lang='grc' dir='ltr'>διάνοιαν.</span> <span class='ocrx_word' id='word_1_521' title='bbox 1617 4195 1686 4247; x_wconf 79' lang='grc' dir='ltr'>Τὸ</span> <span class='ocrx_word' id='word_1_522' title='bbox 1715 4196 1771 4248; x_wconf 69' lang='grc' dir='ltr'><strong>δὲ</strong></span> <span class='ocrx_word' id='word_1_523' title='bbox 1801 4190 1919 4248; x_wconf 74' lang='grc' dir='ltr'><strong>δὲύ-</strong></span> 
     </span>
    </p>
   </div>
   <div class='ocr_carea' id='block_1_72' title="bbox 346 4287 1918 4363">
    <p class='ocr_par' dir='ltr' id='par_1_72' title="bbox 346 4287 1918 4363">
     <span class='ocr_line' id='line_1_72' title="bbox 346 4287 1918 4363; baseline -0.004 -17"><span class='ocrx_word' id='word_1_524' title='bbox 346 4309 493 4363; x_wconf 76' lang='grc' dir='ltr'>τερον</span> <span class='ocrx_word' id='word_1_525' title='bbox 522 4292 664 4360; x_wconf 80' lang='grc' dir='ltr'>θὲμα</span> <span class='ocrx_word' id='word_1_526' title='bbox 693 4289 783 4342; x_wconf 71' lang='grc' dir='ltr'>τοῦ</span> <span class='ocrx_word' id='word_1_527' title='bbox 815 4289 1277 4342; x_wconf 73' lang='grc' dir='ltr'>ἑπτακαιδεκάτου</span> <span class='ocrx_word' id='word_1_528' title='bbox 1313 4288 1612 4356; x_wconf 78' lang='grc' dir='ltr'>κεφαλαίου</span> <span class='ocrx_word' id='word_1_529' title='bbox 1643 4287 1734 4340; x_wconf 82' lang='grc' dir='ltr'>τοῦ</span> <span class='ocrx_word' id='word_1_530' title='bbox 1768 4289 1918 4357; x_wconf 80' lang='grc' dir='ltr'>πρώ-</span> 
     </span>
    </p>
   </div>
   <div class='ocr_carea' id='block_1_73' title="bbox 347 4363 1914 4450">
    <p class='ocr_par' dir='ltr' id='par_1_73' title="bbox 347 4363 1914 4450">
     <span class='ocr_line' id='line_1_73' title="bbox 347 4363 1914 4450; baseline -0.002 -13"><span class='ocrx_word' id='word_1_531' title='bbox 347 4404 426 4437; x_wconf 84' lang='grc' dir='ltr'><strong>του</strong></span> <span class='ocrx_word' id='word_1_532' title='bbox 461 4385 640 4437; x_wconf 76' lang='grc' dir='ltr'>τίτλου</span> <span class='ocrx_word' id='word_1_533' title='bbox 680 4363 774 4434; x_wconf 70' lang='grc' dir='ltr'>τοῧ</span> <span class='ocrx_word' id='word_1_534' title='bbox 807 4382 1054 4433; x_wconf 79' lang='grc' dir='ltr'>εἰκοστοῦ</span> <span class='ocrx_word' id='word_1_535' title='bbox 1095 4386 1142 4433; x_wconf 81' lang='grc' dir='ltr'>α’</span> <span class='ocrx_word' id='word_1_536' title='bbox 1171 4381 1380 4450; x_wconf 76' lang='grc' dir='ltr'>βιϐλίου</span> <span class='ocrx_word' id='word_1_537' title='bbox 1403 4422 1417 4447; x_wconf 91' lang='grc'><strong>,</strong></span> <span class='ocrx_word' id='word_1_538' title='bbox 1452 4382 1571 4434; x_wconf 69' lang='grc' dir='ltr'><strong>οὐδὲ</strong></span> <span class='ocrx_word' id='word_1_539' title='bbox 1603 4383 1691 4434; x_wconf 79' lang='grc' dir='ltr'>τὸν</span> <span class='ocrx_word' id='word_1_540' title='bbox 1715 4383 1914 4450; x_wconf 71' lang='grc' dir='ltr'>ἥττονα</span> 
     </span>
    </p>
   </div>
   <div class='ocr_carea' id='block_1_74' title="bbox 348 4471 1922 4541">
    <p class='ocr_par' dir='ltr' id='par_1_74' title="bbox 348 4471 1922 4541">
     <span class='ocr_line' id='line_1_74' title="bbox 348 4471 1922 4541; baseline -0.001 -13"><span class='ocrx_word' id='word_1_541' title='bbox 348 4475 442 4528; x_wconf 67' lang='grc' dir='ltr'>τῶν</span> <span class='ocrx_word' id='word_1_542' title='bbox 498 4475 702 4527; x_wconf 79' lang='grc' dir='ltr'>εἴκοσιν</span> <span class='ocrx_word' id='word_1_543' title='bbox 750 4474 888 4526; x_wconf 78' lang='grc' dir='ltr'>ἐτῶν</span> <span class='ocrx_word' id='word_1_544' title='bbox 941 4475 1022 4536; x_wconf 80' lang='lat' dir='ltr'><strong>ei;</strong></span> <span class='ocrx_word' id='word_1_545' title='bbox 1091 4472 1396 4541; x_wconf 82' lang='grc' dir='ltr'>μαρτυρίαν</span> <span class='ocrx_word' id='word_1_546' title='bbox 1449 4471 1588 4526; x_wconf 84' lang='grc' dir='ltr'>κατά</span> <span class='ocrx_word' id='word_1_547' title='bbox 1637 4489 1779 4536; x_wconf 86' lang='grc' dir='ltr'>τινος</span> <span class='ocrx_word' id='word_1_548' title='bbox 1835 4474 1922 4528; x_wconf 76' lang='grc' dir='ltr'><strong>ἐπ’</strong></span> 
     </span>
    </p>
   </div>
   <div class='ocr_carea' id='block_1_75' title="bbox 345 4564 1067 4638">
    <p class='ocr_par' dir='ltr' id='par_1_75' title="bbox 345 4564 1067 4638">
     <span class='ocr_line' id='line_1_75' title="bbox 345 4564 1067 4638; baseline 0 -19"><span class='ocrx_word' id='word_1_549' title='bbox 345 4568 645 4638; x_wconf 70' lang='grc' dir='ltr'>ἓγκλήμασι</span> <span class='ocrx_word' id='word_1_550' title='bbox 680 4564 1067 4635; x_wconf 79' lang='grc' dir='ltr'>παραδέχεται.</span> 
     </span>
    </p>
   </div>
   <div class='ocr_carea' id='block_1_76' title="bbox 345 4657 1916 4731">
    <p class='ocr_par' dir='ltr' id='par_1_76' title="bbox 345 4657 1916 4731">
     <span class='ocr_line' id='line_1_76' title="bbox 345 4657 1916 4731; baseline 0.001 -19"><span class='ocrx_word' id='word_1_551' title='bbox 345 4683 360 4712; x_wconf 87' lang='grc' dir='ltr'><strong>ι</strong></span> <span class='ocrx_word' id='word_1_552' title='bbox 412 4661 470 4715; x_wconf 84' lang='lat'><strong>&#39;0</strong></span> <span class='ocrx_word' id='word_1_553' title='bbox 515 4663 820 4731; x_wconf 77' lang='grc' dir='ltr'>κατήγορος</span> <span class='ocrx_word' id='word_1_554' title='bbox 873 4663 939 4712; x_wconf 73' lang='grc' dir='ltr'><strong>εκ</strong></span> <span class='ocrx_word' id='word_1_555' title='bbox 992 4659 1086 4712; x_wconf 81' lang='grc' dir='ltr'><strong>τοῦ</strong></span> <span class='ocrx_word' id='word_1_556' title='bbox 1151 4659 1282 4712; x_wconf 80' lang='grc' dir='ltr'>ἰδίου</span> <span class='ocrx_word' id='word_1_557' title='bbox 1323 4657 1472 4710; x_wconf 82' lang='grc' dir='ltr'>οίκου</span> <span class='ocrx_word' id='word_1_558' title='bbox 1520 4657 1804 4729; x_wconf 81' lang='grc' dir='ltr'>μάρτυρας</span> <span class='ocrx_word' id='word_1_559' title='bbox 1854 4659 1916 4713; x_wconf 82' lang='grc' dir='ltr'>οὐ</span> 
     </span>
    </p>
   </div>
   <div class='ocr_carea' id='block_1_77' title="bbox 937 4750 1351 4821">
    <p class='ocr_par' dir='ltr' id='par_1_77' title="bbox 937 4750 1351 4821">
     <span class='ocr_line' id='line_1_77' title="bbox 937 4750 1351 4821; baseline -0.002 -16"><span class='ocrx_word' id='word_1_560' title='bbox 937 4771 957 4805; x_wconf 79' lang='grc' dir='ltr'><strong>ι</strong></span> <span class='ocrx_word' id='word_1_561' title='bbox 994 4750 1304 4821; x_wconf 84' lang='grc' dir='ltr'>καθίστησι.</span> <span class='ocrx_word' id='word_1_562' title='bbox 1331 4771 1351 4804; x_wconf 77' lang='lat' dir='ltr'><strong>t</strong></span> 
     </span>
    </p>
   </div>
   <div class='ocr_carea' id='block_1_78' title="bbox 403 4842 1917 4915">
    <p class='ocr_par' dir='ltr' id='par_1_78' title="bbox 403 4842 1917 4915">
     <span class='ocr_line' id='line_1_78' title="bbox 403 4842 1917 4915; baseline -0.001 -19"><span class='ocrx_word' id='word_1_563' title='bbox 403 4844 470 4896; x_wconf 82' lang='grc' dir='ltr'><strong>Αἱ</strong></span> <span class='ocrx_word' id='word_1_564' title='bbox 505 4844 780 4898; x_wconf 81' lang='grc' dir='ltr'>οἰκειακαὶ</span> <span class='ocrx_word' id='word_1_565' title='bbox 811 4845 1113 4915; x_wconf 81' lang='grc' dir='ltr'>μαρτυρίαι</span> <span class='ocrx_word' id='word_1_566' title='bbox 1143 4842 1442 4912; x_wconf 74' lang='grc' dir='ltr'>ἀτιὸὕλητοι</span> <span class='ocrx_word' id='word_1_567' title='bbox 1473 4844 1566 4897; x_wconf 71' lang='grc' dir='ltr'>καὶ</span> <span class='ocrx_word' id='word_1_568' title='bbox 1594 4843 1700 4896; x_wconf 81' lang='grc' dir='ltr'><strong>ἀπὸ</strong></span> <span class='ocrx_word' id='word_1_569' title='bbox 1737 4845 1917 4912; x_wconf 87' lang='grc' dir='ltr'>νόμων</span> 
     </span>
    </p>
   </div>
   <div class='ocr_carea' id='block_1_79' title="bbox 339 4935 1916 5009">
    <p class='ocr_par' dir='ltr' id='par_1_79' title="bbox 339 4935 1916 5009">
     <span class='ocr_line' id='line_1_79' title="bbox 339 4935 1916 5009; baseline 0 -21"><span class='ocrx_word' id='word_1_570' title='bbox 339 4939 442 4992; x_wconf 75' lang='grc' dir='ltr'>εἰσί</span> <span class='ocrx_word' id='word_1_571' title='bbox 467 4954 483 4968; x_wconf 89' lang='grc'><strong>·</strong></span> <span class='ocrx_word' id='word_1_572' title='bbox 515 4940 652 5009; x_wconf 72' lang='grc' dir='ltr'>φησὶ</span> <span class='ocrx_word' id='word_1_573' title='bbox 682 4938 791 5009; x_wconf 82' lang='grc' dir='ltr'>γὰρ</span> <span class='ocrx_word' id='word_1_574' title='bbox 818 4940 880 4991; x_wconf 78' lang='grc' dir='ltr'>τὸ</span> <span class='ocrx_word' id='word_1_575' title='bbox 914 4935 998 4991; x_wconf 76' lang='grc' dir='ltr'>κα¹</span> <span class='ocrx_word' id='word_1_576' title='bbox 1036 4937 1328 5004; x_wconf 65' lang='grc' dir='ltr'>κεφάλαιον</span> <span class='ocrx_word' id='word_1_577' title='bbox 1358 4937 1448 4990; x_wconf 75' lang='grc' dir='ltr'>τοῦ</span> <span class='ocrx_word' id='word_1_578' title='bbox 1489 4937 1706 5007; x_wconf 79' lang='grc' dir='ltr'>πρώτου</span> <span class='ocrx_word' id='word_1_579' title='bbox 1740 4937 1916 4990; x_wconf 85' lang='grc' dir='ltr'>τίτλου</span> 
     </span>
    </p>
   </div>
   <div class='ocr_carea' id='block_1_80' title="bbox 338 5029 1920 5102">
    <p class='ocr_par' dir='ltr' id='par_1_80' title="bbox 338 5029 1920 5102">
     <span class='ocr_line' id='line_1_80' title="bbox 338 5029 1920 5102; baseline 0.001 -19"><span class='ocrx_word' id='word_1_580' title='bbox 338 5029 429 5083; x_wconf 81' lang='grc' dir='ltr'>τοῦ</span> <span class='ocrx_word' id='word_1_581' title='bbox 469 5037 556 5084; x_wconf 81' lang='grc' dir='ltr'>κα¹</span> <span class='ocrx_word' id='word_1_582' title='bbox 599 5030 804 5102; x_wconf 79' lang='grc' dir='ltr'>βιὸλίου</span> <span class='ocrx_word' id='word_1_583' title='bbox 851 5031 1033 5100; x_wconf 73' lang='grc' dir='ltr'>ῥητῶς</span> <span class='ocrx_word' id='word_1_584' title='bbox 1074 5029 1283 5083; x_wconf 67' lang='grc' dir='ltr'>οὑπωοί</span> <span class='ocrx_word' id='word_1_585' title='bbox 1310 5047 1325 5062; x_wconf 81' lang='grc'><em>’</em></span> <span class='ocrx_word' id='word_1_586' title='bbox 1384 5030 1441 5083; x_wconf 86' lang='grc' dir='ltr'>Ὀ</span> <span class='ocrx_word' id='word_1_587' title='bbox 1495 5033 1800 5100; x_wconf 80' lang='grc' dir='ltr'>κατήγορος</span> <span class='ocrx_word' id='word_1_588' title='bbox 1843 5033 1920 5084; x_wconf 84' lang='lat' dir='ltr'><strong>oi-</strong></span> 
     </span>
    </p>
   </div>
   <div class='ocr_carea' id='block_1_81' title="bbox 340 5121 1919 5195">
    <p class='ocr_par' dir='ltr' id='par_1_81' title="bbox 340 5121 1919 5195">
     <span class='ocr_line' id='line_1_81' title="bbox 340 5121 1919 5195; baseline 0.001 -20"><span class='ocrx_word' id='word_1_589' title='bbox 340 5125 590 5185; x_wconf 74' lang='grc' dir='ltr'>κιιακοῦς</span> <span class='ocrx_word' id='word_1_590' title='bbox 622 5121 786 5176; x_wconf 78' lang='grc' dir='ltr'>αὐτοῦ</span> <span class='ocrx_word' id='word_1_591' title='bbox 819 5122 1100 5194; x_wconf 83' lang='grc' dir='ltr'>μάρτυρας</span> <span class='ocrx_word' id='word_1_592' title='bbox 1136 5124 1196 5176; x_wconf 83' lang='grc' dir='ltr'>οὐ</span> <span class='ocrx_word' id='word_1_593' title='bbox 1229 5122 1453 5177; x_wconf 72' lang='grc' dir='ltr'>δύναται</span> <span class='ocrx_word' id='word_1_594' title='bbox 1481 5123 1750 5195; x_wconf 75' lang='grc' dir='ltr'>παράγειν</span> <span class='ocrx_word' id='word_1_595' title='bbox 1771 5139 1786 5154; x_wconf 71' lang='grc'><strong>⁸</strong></span> <span class='ocrx_word' id='word_1_596' title='bbox 1823 5125 1919 5177; x_wconf 75' lang='grc' dir='ltr'>καὶ</span> 
     </span>
    </p>
   </div>
   <div class='ocr_carea' id='block_1_82' title="bbox 337 5213 1917 5286">
    <p class='ocr_par' dir='ltr' id='par_1_82' title="bbox 337 5213 1917 5286">
     <span class='ocr_line' id='line_1_82' title="bbox 337 5213 1917 5286; baseline -0.001 -17"><span class='ocrx_word' id='word_1_597' title='bbox 337 5219 394 5269; x_wconf 65' lang='grc' dir='ltr'><strong>τό</strong></span> <span class='ocrx_word' id='word_1_598' title='bbox 422 5221 499 5268; x_wconf 83' lang='grc' dir='ltr'>κε’</span> <span class='ocrx_word' id='word_1_599' title='bbox 531 5213 827 5282; x_wconf 68' lang='grc' dir='ltr'>κεφάλαιον</span> <span class='ocrx_word' id='word_1_600' title='bbox 867 5213 960 5267; x_wconf 79' lang='grc' dir='ltr'>τοῦ</span> <span class='ocrx_word' id='word_1_601' title='bbox 988 5214 1151 5268; x_wconf 79' lang='grc' dir='ltr'>αὑτοῦ</span> <span class='ocrx_word' id='word_1_602' title='bbox 1179 5214 1358 5267; x_wconf 76' lang='grc' dir='ltr'>τίτλου</span> <span class='ocrx_word' id='word_1_603' title='bbox 1389 5217 1482 5269; x_wconf 71' lang='grc' dir='ltr'>καὶ</span> <span class='ocrx_word' id='word_1_604' title='bbox 1506 5214 1732 5286; x_wconf 78' lang='grc' dir='ltr'>βιϐλίου,</span> <span class='ocrx_word' id='word_1_605' title='bbox 1761 5214 1834 5278; x_wconf 79' lang='grc' dir='ltr'><strong>ὡς</strong></span> <span class='ocrx_word' id='word_1_606' title='bbox 1863 5217 1917 5268; x_wconf 83' lang='grc' dir='ltr'>αἱ</span> 
     </span>
    </p>
   </div>
   <div class='ocr_carea' id='block_1_83' title="bbox 335 5304 1918 5381">
    <p class='ocr_par' dir='ltr' id='par_1_83' title="bbox 335 5304 1918 5381">
     <span class='ocr_line' id='line_1_83' title="bbox 335 5304 1918 5381; baseline -0.001 -18"><span class='ocrx_word' id='word_1_607' title='bbox 335 5309 608 5363; x_wconf 63' lang='lat' dir='ltr'><strong>citatam.</strong></span> <span class='ocrx_word' id='word_1_608' title='bbox 650 5308 952 5381; x_wconf 84' lang='grc' dir='ltr'>μαρτυρίαι</span> <span class='ocrx_word' id='word_1_609' title='bbox 983 5306 1493 5377; x_wconf 71' lang='grc' dir='ltr'>ἁποδοκιμάζονται.</span> <span class='ocrx_word' id='word_1_610' title='bbox 1530 5308 1827 5379; x_wconf 85' lang='grc' dir='ltr'>Μάρτυρας</span> <span class='ocrx_word' id='word_1_611' title='bbox 1861 5304 1918 5363; x_wconf 80' lang='grc' dir='ltr'><strong>δὲ</strong></span> 
     </span>
    </p>
   </div>
   <div class='ocr_carea' id='block_1_84' title="bbox 338 5400 1914 5471">
    <p class='ocr_par' dir='ltr' id='par_1_84' title="bbox 338 5400 1914 5471">
     <span class='ocr_line' id='line_1_84' title="bbox 338 5400 1914 5471; baseline -0.002 -15"><span class='ocrx_word' id='word_1_612' title='bbox 338 5403 637 5464; x_wconf 74' lang='grc' dir='ltr'>οἱχειακοὺς</span> <span class='ocrx_word' id='word_1_613' title='bbox 661 5402 871 5471; x_wconf 75' lang='grc' dir='ltr'>νοήσεις</span> <span class='ocrx_word' id='word_1_614' title='bbox 897 5400 1022 5463; x_wconf 81' lang='grc' dir='ltr'>τοὺς</span> <span class='ocrx_word' id='word_1_615' title='bbox 1046 5400 1148 5452; x_wconf 83' lang='grc' dir='ltr'><strong>ὑπὸ</strong></span> <span class='ocrx_word' id='word_1_616' title='bbox 1172 5401 1419 5467; x_wconf 75' lang='grc' dir='ltr'>ἐξουσίαν</span> <span class='ocrx_word' id='word_1_617' title='bbox 1442 5402 1583 5463; x_wconf 70' lang='grc' dir='ltr'>τινος</span> <span class='ocrx_word' id='word_1_618' title='bbox 1611 5400 1914 5468; x_wconf 78' lang='grc' dir='ltr'>τελοῦντας,</span> 
     </span>
    </p>
   </div>
   <div class='ocr_carea' id='block_1_85' title="bbox 341 5492 1918 5564">
    <p class='ocr_par' dir='ltr' id='par_1_85' title="bbox 341 5492 1918 5564">
     <span class='ocr_line' id='line_1_85' title="bbox 341 5492 1918 5564; baseline 0.003 -19"><span class='ocrx_word' id='word_1_619' title='bbox 341 5495 430 5547; x_wconf 78' lang='grc' dir='ltr'>καὶ</span> <span class='ocrx_word' id='word_1_620' title='bbox 459 5494 792 5563; x_wconf 71' lang='grc' dir='ltr'>δυναμένους</span> <span class='ocrx_word' id='word_1_621' title='bbox 826 5493 1255 5564; x_wconf 80' lang='grc' dir='ltr'>προστάττεσθαι</span> <span class='ocrx_word' id='word_1_622' title='bbox 1285 5492 1417 5564; x_wconf 81' lang='grc' dir='ltr'>παρ’</span> <span class='ocrx_word' id='word_1_623' title='bbox 1440 5493 1635 5547; x_wconf 80' lang='grc' dir='ltr'>αὐτοῦ’</span> <span class='ocrx_word' id='word_1_624' title='bbox 1669 5496 1718 5548; x_wconf 84' lang='grc' dir='ltr'>οἱ</span> <span class='ocrx_word' id='word_1_625' title='bbox 1744 5494 1918 5549; x_wconf 84' lang='grc' dir='ltr'>τοιοῦ-</span> 
     </span>
    </p>
   </div>
   <div class='ocr_carea' id='block_1_86' title="bbox 337 5584 1922 5660">
    <p class='ocr_par' dir='ltr' id='par_1_86' title="bbox 337 5584 1922 5660">
     <span class='ocr_line' id='line_1_86' title="bbox 337 5584 1922 5660; baseline 0.003 -22"><span class='ocrx_word' id='word_1_626' title='bbox 337 5603 415 5639; x_wconf 87' lang='grc' dir='ltr'><strong>τοι</strong></span> <span class='ocrx_word' id='word_1_627' title='bbox 444 5585 553 5657; x_wconf 70' lang='grc' dir='ltr'>γάρ</span> <span class='ocrx_word' id='word_1_628' title='bbox 583 5585 706 5639; x_wconf 76' lang='grc' dir='ltr'>οὔτε</span> <span class='ocrx_word' id='word_1_629' title='bbox 731 5584 872 5656; x_wconf 79' lang='grc' dir='ltr'>ὑπὲρ</span> <span class='ocrx_word' id='word_1_630' title='bbox 908 5585 1095 5650; x_wconf 75' lang='grc' dir='ltr'>αὑτοῦ,</span> <span class='ocrx_word' id='word_1_631' title='bbox 1119 5587 1154 5659; x_wconf 81' lang='grc' dir='ltr'>ἢ</span> <span class='ocrx_word' id='word_1_632' title='bbox 1175 5588 1305 5641; x_wconf 79' lang='grc' dir='ltr'>’κατ’</span> <span class='ocrx_word' id='word_1_633' title='bbox 1337 5589 1519 5654; x_wconf 82' lang='grc' dir='ltr'>ἄλλου,</span> <span class='ocrx_word' id='word_1_634' title='bbox 1553 5589 1922 5660; x_wconf 79' lang='grc' dir='ltr'>κατηγοροῦν-</span> 
     </span>
    </p>
   </div>
   <div class='ocr_carea' id='block_1_87' title="bbox 339 5679 1920 5754">
    <p class='ocr_par' dir='ltr' id='par_1_87' title="bbox 339 5679 1920 5754">
     <span class='ocr_line' id='line_1_87' title="bbox 339 5679 1920 5754; baseline 0.003 -22"><span class='ocrx_word' id='word_1_635' title='bbox 339 5698 423 5744; x_wconf 80' lang='grc' dir='ltr'><strong>τος</strong></span> <span class='ocrx_word' id='word_1_636' title='bbox 451 5679 617 5735; x_wconf 77' lang='grc' dir='ltr'>αὑτοῦ</span> <span class='ocrx_word' id='word_1_637' title='bbox 641 5721 658 5745; x_wconf 95' lang='grc'><strong>,</strong></span> <span class='ocrx_word' id='word_1_638' title='bbox 680 5681 761 5744; x_wconf 72' lang='grc' dir='ltr'><strong>είς</strong></span> <span class='ocrx_word' id='word_1_639' title='bbox 796 5682 1104 5751; x_wconf 87' lang='grc' dir='ltr'>μαρτυρίαν</span> <span class='ocrx_word' id='word_1_640' title='bbox 1131 5681 1683 5753; x_wconf 72' lang='grc' dir='ltr'>παραδεχθὴσονταιῆ</span> <span class='ocrx_word' id='word_1_641' title='bbox 1711 5683 1797 5736; x_wconf 65' lang='grc' dir='ltr'><strong>ἐπ’</strong></span> <span class='ocrx_word' id='word_1_642' title='bbox 1827 5686 1920 5754; x_wconf 78' lang='grc' dir='ltr'>εγ-</span> 
     </span>
    </p>
   </div>
   <div class='ocr_carea' id='block_1_88' title="bbox 349 5771 1915 5848">
    <p class='ocr_par' dir='ltr' id='par_1_88' title="bbox 349 5771 1915 5848">
     <span class='ocr_line' id='line_1_88' title="bbox 349 5771 1915 5848; baseline 0.003 -23"><span class='ocrx_word' id='word_1_643' title='bbox 349 5772 660 5844; x_wconf 78' lang='grc' dir='ltr'>κληματικῇ</span> <span class='ocrx_word' id='word_1_644' title='bbox 691 5771 725 5844; x_wconf 83' lang='grc' dir='ltr'>ἢ</span> <span class='ocrx_word' id='word_1_645' title='bbox 776 5774 868 5826; x_wconf 66' lang='grc' dir='ltr'><strong>ἐπὶ</strong></span> <span class='ocrx_word' id='word_1_646' title='bbox 899 5777 1212 5845; x_wconf 68' lang='grc' dir='ltr'>χρηματικῇ</span> <span class='ocrx_word' id='word_1_647' title='bbox 1245 5775 1501 5830; x_wconf 75' lang='grc' dir='ltr'>αἰτιάσει.</span> <span class='ocrx_word' id='word_1_648' title='bbox 1536 5777 1592 5830; x_wconf 83' lang='grc' dir='ltr'><strong>Εἰ</strong></span> <span class='ocrx_word' id='word_1_649' title='bbox 1623 5778 1678 5832; x_wconf 79' lang='grc' dir='ltr'><strong>δὲ</strong></span> <span class='ocrx_word' id='word_1_650' title='bbox 1730 5778 1915 5848; x_wconf 68' lang='grc' dir='ltr'>ἕτερός</span> 
     </span>
    </p>
   </div>
   <div class='ocr_carea' id='block_1_89' title="bbox 340 5851 1915 5939">
    <p class='ocr_par' dir='ltr' id='par_1_89' title="bbox 340 5851 1915 5939">
     <span class='ocr_line' id='line_1_89' title="bbox 340 5851 1915 5939; baseline 0 -21"><span class='ocrx_word' id='word_1_651' title='bbox 340 5881 415 5930; x_wconf 78' lang='grc' dir='ltr'>τις</span> <span class='ocrx_word' id='word_1_652' title='bbox 441 5867 650 5936; x_wconf 75' lang='grc' dir='ltr'>ἐνάγει,</span> <span class='ocrx_word' id='word_1_653' title='bbox 708 5864 802 5916; x_wconf 85' lang='grc' dir='ltr'>καὶ</span> <span class='ocrx_word' id='word_1_654' title='bbox 831 5864 1082 5936; x_wconf 74' lang='grc' dir='ltr'>βούλεται</span> <span class='ocrx_word' id='word_1_655' title='bbox 1115 5851 1298 5920; x_wconf 81' lang='grc' dir='ltr'>ἄλλου</span> <span class='ocrx_word' id='word_1_656' title='bbox 1329 5868 1575 5939; x_wconf 75' lang='grc' dir='ltr'>οἰκειακῇ</span> <span class='ocrx_word' id='word_1_657' title='bbox 1636 5868 1915 5938; x_wconf 73' lang='grc' dir='ltr'>μαρτυρίᾳ</span> 
     </span>
    </p>
   </div>
   <div class='ocr_carea' id='block_1_90' title="bbox 2021 3277 3594 3351">
    <p class='ocr_par' dir='ltr' id='par_1_90' title="bbox 2021 3277 3594 3351">
     <span class='ocr_line' id='line_1_90' title="bbox 2021 3277 3594 3351; baseline 0.003 -22"><span class='ocrx_word' id='word_1_658' title='bbox 2021 3277 2298 3347; x_wconf 84' lang='lat' dir='ltr'><strong>imperari,</strong></span> <span class='ocrx_word' id='word_1_659' title='bbox 2317 3291 2369 3335; x_wconf 87' lang='lat' dir='ltr'><strong>et</strong></span> <span class='ocrx_word' id='word_1_660' title='bbox 2389 3280 2492 3336; x_wconf 87' lang='lat' dir='ltr'><strong>nisi</strong></span> <span class='ocrx_word' id='word_1_661' title='bbox 2518 3282 2741 3351; x_wconf 89' lang='lat' dir='ltr'><strong>imperio</strong></span> <span class='ocrx_word' id='word_1_662' title='bbox 2759 3293 3003 3350; x_wconf 76' lang='lat' dir='ltr'><strong>pareant,</strong></span> <span class='ocrx_word' id='word_1_663' title='bbox 3031 3281 3371 3351; x_wconf 70' lang='lat' dir='ltr'><strong>pmnainlligi</strong></span> <span class='ocrx_word' id='word_1_664' title='bbox 3399 3290 3594 3349; x_wconf 84' lang='lat' dir='ltr'><strong>potest.</strong></span> 
     </span>
    </p>
   </div>
   <div class='ocr_carea' id='block_1_91' title="bbox 2017 3365 3601 3430">
    <p class='ocr_par' dir='ltr' id='par_1_91' title="bbox 2017 3365 3601 3430">
     <span class='ocr_line' id='line_1_91' title="bbox 2017 3365 3601 3430; baseline 0.002 -9"><span class='ocrx_word' id='word_1_665' title='bbox 2017 3365 2153 3424; x_wconf 84' lang='lat' dir='ltr'><strong>Nam</strong></span> <span class='ocrx_word' id='word_1_666' title='bbox 2181 3371 2222 3423; x_wconf 88' lang='lat' dir='ltr'><strong>si</strong></span> <span class='ocrx_word' id='word_1_667' title='bbox 2248 3370 2613 3426; x_wconf 87' lang='lat' dir='ltr'><strong>honestiorem</strong></span> <span class='ocrx_word' id='word_1_668' title='bbox 2645 3371 2697 3426; x_wconf 91' lang='lat' dir='ltr'><strong>in</strong></span> <span class='ocrx_word' id='word_1_669' title='bbox 2742 3371 2945 3426; x_wconf 81' lang='lat' dir='ltr'><strong>l’arnilia</strong></span> <span class='ocrx_word' id='word_1_670' title='bbox 2974 3371 3150 3425; x_wconf 89' lang='lat' dir='ltr'><strong>locum</strong></span> <span class='ocrx_word' id='word_1_671' title='bbox 3180 3371 3476 3430; x_wconf 85' lang='lat' dir='ltr'><strong>obtineant,</strong></span> <span class='ocrx_word' id='word_1_672' title='bbox 3514 3381 3601 3424; x_wconf 84' lang='lat' dir='ltr'><strong>ut-</strong></span> 
     </span>
    </p>
   </div>
   <div class='ocr_carea' id='block_1_92' title="bbox 2021 3465 3600 3536">
    <p class='ocr_par' dir='ltr' id='par_1_92' title="bbox 2021 3465 3600 3536">
     <span class='ocr_line' id='line_1_92' title="bbox 2021 3465 3600 3536; baseline -0.001 -21"><span class='ocrx_word' id='word_1_673' title='bbox 2021 3473 2143 3528; x_wconf 89' lang='lat' dir='ltr'><strong>pote</strong></span> <span class='ocrx_word' id='word_1_674' title='bbox 2174 3465 2502 3529; x_wconf 82' lang='lat' dir='ltr'><strong>sacerdotes,</strong></span> <span class='ocrx_word' id='word_1_675' title='bbox 2535 3466 2766 3530; x_wconf 87' lang='lat' dir='ltr'><strong>diaconi,</strong></span> <span class='ocrx_word' id='word_1_676' title='bbox 2798 3467 2877 3520; x_wconf 78' lang='lat' dir='ltr'><strong>vel</strong></span> <span class='ocrx_word' id='word_1_677' title='bbox 2911 3465 3268 3536; x_wconf 80' lang='lat' dir='ltr'><strong>grammatici,</strong></span> <span class='ocrx_word' id='word_1_678' title='bbox 3295 3474 3347 3518; x_wconf 89' lang='lat' dir='ltr'><strong>et</strong></span> <span class='ocrx_word' id='word_1_679' title='bbox 3372 3466 3600 3532; x_wconf 82' lang='lat' dir='ltr'><strong>quicun-</strong></span> 
     </span>
    </p>
   </div>
   <div class='ocr_carea' id='block_1_93' title="bbox 2019 3558 3594 3628">
    <p class='ocr_par' dir='ltr' id='par_1_93' title="bbox 2019 3558 3594 3628">
     <span class='ocr_line' id='line_1_93' title="bbox 2019 3558 3594 3628; baseline 0.001 -19"><span class='ocrx_word' id='word_1_680' title='bbox 2019 3571 2124 3626; x_wconf 85' lang='lat' dir='ltr'><strong>que</strong></span> <span class='ocrx_word' id='word_1_681' title='bbox 2152 3558 2311 3627; x_wconf 86' lang='lat' dir='ltr'><strong>hujus</strong></span> <span class='ocrx_word' id='word_1_682' title='bbox 2342 3560 2574 3628; x_wconf 78' lang='lat' dir='ltr'><strong>generis,</strong></span> <span class='ocrx_word' id='word_1_683' title='bbox 2600 3574 2628 3612; x_wconf 88' lang='lat' dir='ltr'><strong>a</strong></span> <span class='ocrx_word' id='word_1_684' title='bbox 2660 3559 2967 3615; x_wconf 87' lang='lat' dir='ltr'><strong>testimonio</strong></span> <span class='ocrx_word' id='word_1_685' title='bbox 2996 3559 3220 3613; x_wconf 86' lang='lat' dir='ltr'><strong>dicendo</strong></span> <span class='ocrx_word' id='word_1_686' title='bbox 3253 3572 3594 3627; x_wconf 81' lang='lat' dir='ltr'><strong>nequaquam</strong></span> 
     </span>
    </p>
   </div>
   <div class='ocr_carea' id='block_1_94' title="bbox 2018 3650 2373 3704">
    <p class='ocr_par' dir='ltr' id='par_1_94' title="bbox 2018 3650 2373 3704">
     <span class='ocr_line' id='line_1_94' title="bbox 2018 3650 2373 3704; baseline 0.006 -2"><span class='ocrx_word' id='word_1_687' title='bbox 2018 3650 2373 3704; x_wconf 79' lang='lat' dir='ltr'><strong>excludentur</strong></span> 
     </span>
    </p>
   </div>
   <div class='ocr_carea' id='block_1_95' title="bbox 2014 3742 3598 3817">
    <p class='ocr_par' dir='ltr' id='par_1_95' title="bbox 2014 3742 3598 3817">
     <span class='ocr_line' id='line_1_95' title="bbox 2014 3742 3598 3817; baseline 0.004 -23"><span class='ocrx_word' id='word_1_688' title='bbox 2014 3742 2242 3800; x_wconf 77' lang='lat' dir='ltr'><strong>ARIS’I‘.</strong></span> <span class='ocrx_word' id='word_1_689' title='bbox 2304 3764 2322 3798; x_wconf 89' lang='grc' dir='ltr'><strong>ι</strong></span> <span class='ocrx_word' id='word_1_690' title='bbox 2379 3745 2444 3800; x_wconf 83' lang='grc' dir='ltr'><strong>Ει</strong></span> <span class='ocrx_word' id='word_1_691' title='bbox 2508 3748 2597 3817; x_wconf 89' lang='lat' dir='ltr'><strong>qui</strong></span> <span class='ocrx_word' id='word_1_692' title='bbox 2669 3763 2841 3803; x_wconf 86' lang='lat' dir='ltr'><strong>annos</strong></span> <span class='ocrx_word' id='word_1_693' title='bbox 2897 3747 3304 3816; x_wconf 85' lang='lat' dir='ltr'><strong>quatuordecim</strong></span> <span class='ocrx_word' id='word_1_694' title='bbox 3361 3749 3598 3803; x_wconf 90' lang='lat' dir='ltr'><strong>nondum</strong></span> 
     </span>
    </p>
   </div>
   <div class='ocr_carea' id='block_1_96' title="bbox 2611 3842 3010 3909">
    <p class='ocr_par' dir='ltr' id='par_1_96' title="bbox 2611 3842 3010 3909">
     <span class='ocr_line' id='line_1_96' title="bbox 2611 3842 3010 3909; baseline 0 -18"><span class='ocrx_word' id='word_1_695' title='bbox 2611 3858 2628 3891; x_wconf 84' lang='grc' dir='ltr'><strong>ι</strong></span> <span class='ocrx_word' id='word_1_696' title='bbox 2664 3842 2946 3909; x_wconf 76' lang='lat' dir='ltr'><strong>transegit.</strong></span> <span class='ocrx_word' id='word_1_697' title='bbox 2991 3859 3010 3891; x_wconf 72' lang='grc' dir='ltr'><strong>ι</strong></span> 
     </span>
    </p>
   </div>
   <div class='ocr_carea' id='block_1_97' title="bbox 2085 3926 3587 3998">
    <p class='ocr_par' dir='ltr' id='par_1_97' title="bbox 2085 3926 3587 3998">
     <span class='ocr_line' id='line_1_97' title="bbox 2085 3926 3587 3998; baseline 0.002 -15"><span class='ocrx_word' id='word_1_698' title='bbox 2085 3926 2154 3983; x_wconf 80' lang='lat' dir='ltr'><strong>Et</strong></span> <span class='ocrx_word' id='word_1_699' title='bbox 2185 3930 2270 3984; x_wconf 84' lang='lat' dir='ltr'><strong>hic</strong></span> <span class='ocrx_word' id='word_1_700' title='bbox 2318 3931 2383 3984; x_wconf 83' lang='lat' dir='ltr'><strong>ad</strong></span> <span class='ocrx_word' id='word_1_701' title='bbox 2449 3933 2815 3989; x_wconf 85' lang='lat' dir='ltr'><strong>testimonium</strong></span> <span class='ocrx_word' id='word_1_702' title='bbox 2869 3947 2973 3986; x_wconf 90' lang='lat' dir='ltr'><strong>non</strong></span> <span class='ocrx_word' id='word_1_703' title='bbox 3036 3941 3119 3985; x_wconf 84' lang='lat' dir='ltr'><strong>est</strong></span> <span class='ocrx_word' id='word_1_704' title='bbox 3179 3930 3587 3998; x_wconf 83' lang='lat' dir='ltr'><strong>admittendus,</strong></span> 
     </span>
    </p>
   </div>
   <div class='ocr_carea' id='block_1_98' title="bbox 2016 4023 3597 4094">
    <p class='ocr_par' dir='ltr' id='par_1_98' title="bbox 2016 4023 3597 4094">
     <span class='ocr_line' id='line_1_98' title="bbox 2016 4023 3597 4094; baseline 0.001 -20"><span class='ocrx_word' id='word_1_705' title='bbox 2016 4027 2237 4091; x_wconf 79' lang='lat' dir='ltr'><strong>propter</strong></span> <span class='ocrx_word' id='word_1_706' title='bbox 2268 4024 2445 4078; x_wconf 68' lang='lat' dir='ltr'><strong>aetatis</strong></span> <span class='ocrx_word' id='word_1_707' title='bbox 2481 4023 2966 4094; x_wconf 77' lang='lat' dir='ltr'><strong>imperfectionem.</strong></span> <span class='ocrx_word' id='word_1_708' title='bbox 3004 4023 3217 4082; x_wconf 78' lang='lat' dir='ltr'><strong>Testem</strong></span> <span class='ocrx_word' id='word_1_709' title='bbox 3252 4027 3394 4079; x_wconf 88' lang='lat' dir='ltr'><strong>enim</strong></span> <span class='ocrx_word' id='word_1_710' title='bbox 3433 4042 3597 4091; x_wconf 78' lang='lat' dir='ltr'><strong>opor-</strong></span> 
     </span>
    </p>
   </div>
   <div class='ocr_carea' id='block_1_99' title="bbox 2017 4119 3596 4183">
    <p class='ocr_par' dir='ltr' id='par_1_99' title="bbox 2017 4119 3596 4183">
     <span class='ocr_line' id='line_1_99' title="bbox 2017 4119 3596 4183; baseline 0.004 -16"><span class='ocrx_word' id='word_1_711' title='bbox 2017 4122 2113 4178; x_wconf 79' lang='lat' dir='ltr'><strong>tet,</strong></span> <span class='ocrx_word' id='word_1_712' title='bbox 2151 4131 2255 4168; x_wconf 88' lang='lat' dir='ltr'><strong>non</strong></span> <span class='ocrx_word' id='word_1_713' title='bbox 2291 4127 2498 4170; x_wconf 88' lang='lat' dir='ltr'><strong>tantum</strong></span> <span class='ocrx_word' id='word_1_714' title='bbox 2546 4119 2696 4171; x_wconf 70' lang='lat' dir='ltr'><strong>bonae</strong></span> <span class='ocrx_word' id='word_1_715' title='bbox 2734 4132 2855 4172; x_wconf 87' lang='lat' dir='ltr'><strong>esse</strong></span> <span class='ocrx_word' id='word_1_716' title='bbox 2898 4119 3053 4172; x_wconf 76' lang='lat' dir='ltr'><strong>fama:</strong></span> <span class='ocrx_word' id='word_1_717' title='bbox 3102 4127 3158 4172; x_wconf 85' lang='lat' dir='ltr'><strong>et</strong></span> <span class='ocrx_word' id='word_1_718' title='bbox 3184 4119 3544 4174; x_wconf 84' lang='lat' dir='ltr'><strong>ortbodoxum</strong></span> <span class='ocrx_word' id='word_1_719' title='bbox 3580 4159 3596 4183; x_wconf 86' lang='lat'><strong>,</strong></span> 
     </span>
    </p>
   </div>
   <div class='ocr_carea' id='block_1_100' title="bbox 2019 4209 3597 4280">
    <p class='ocr_par' dir='ltr' id='par_1_100' title="bbox 2019 4209 3597 4280">
     <span class='ocr_line' id='line_1_100' title="bbox 2019 4209 3597 4280; baseline 0.003 -21"><span class='ocrx_word' id='word_1_720' title='bbox 2019 4209 2110 4260; x_wconf 89' lang='lat' dir='ltr'><strong>sed</strong></span> <span class='ocrx_word' id='word_1_721' title='bbox 2147 4217 2200 4262; x_wconf 92' lang='lat' dir='ltr'><strong>et</strong></span> <span class='ocrx_word' id='word_1_722' title='bbox 2235 4210 2585 4264; x_wconf 84' lang='lat' dir='ltr'><strong>stabilitatem</strong></span> <span class='ocrx_word' id='word_1_723' title='bbox 2622 4211 2820 4263; x_wconf 80' lang='lat' dir='ltr'><strong>habere</strong></span> <span class='ocrx_word' id='word_1_724' title='bbox 2853 4227 2867 4263; x_wconf 87' lang='lat'><strong>:</strong></span> <span class='ocrx_word' id='word_1_725' title='bbox 2896 4223 2947 4264; x_wconf 79' lang='lat' dir='ltr'><strong>at</strong></span> <span class='ocrx_word' id='word_1_726' title='bbox 2978 4212 3067 4280; x_wconf 89' lang='lat' dir='ltr'><strong>qui</strong></span> <span class='ocrx_word' id='word_1_727' title='bbox 3100 4213 3430 4279; x_wconf 81' lang='lat' dir='ltr'><strong>pubertatem</strong></span> <span class='ocrx_word' id='word_1_728' title='bbox 3467 4227 3597 4264; x_wconf 85' lang='lat' dir='ltr'><strong>non-</strong></span> 
     </span>
    </p>
   </div>
   <div class='ocr_carea' id='block_1_101' title="bbox 2019 4298 3594 4370">
    <p class='ocr_par' dir='ltr' id='par_1_101' title="bbox 2019 4298 3594 4370">
     <span class='ocr_line' id='line_1_101' title="bbox 2019 4298 3594 4370; baseline 0.004 -21"><span class='ocrx_word' id='word_1_729' title='bbox 2019 4298 2144 4350; x_wconf 91' lang='lat' dir='ltr'><strong>dum</strong></span> <span class='ocrx_word' id='word_1_730' title='bbox 2195 4300 2410 4370; x_wconf 81' lang='lat' dir='ltr'><strong>attigit,</strong></span> <span class='ocrx_word' id='word_1_731' title='bbox 2463 4300 2666 4368; x_wconf 81' lang='lat' dir='ltr'><strong>judicio</strong></span> <span class='ocrx_word' id='word_1_732' title='bbox 2725 4301 2966 4357; x_wconf 85' lang='lat' dir='ltr'><strong>lubricus</strong></span> <span class='ocrx_word' id='word_1_733' title='bbox 3014 4314 3118 4358; x_wconf 82' lang='lat' dir='ltr'><strong>est.</strong></span> <span class='ocrx_word' id='word_1_734' title='bbox 3167 4302 3236 4357; x_wconf 81' lang='lat' dir='ltr'><strong>At</strong></span> <span class='ocrx_word' id='word_1_735' title='bbox 3295 4303 3594 4360; x_wconf 79' lang='lat' dir='ltr'><strong>secundum</strong></span> 
     </span>
    </p>
   </div>
   <div class='ocr_carea' id='block_1_102' title="bbox 2021 4391 3601 4467">
    <p class='ocr_par' dir='ltr' id='par_1_102' title="bbox 2021 4391 3601 4467">
     <span class='ocr_line' id='line_1_102' title="bbox 2021 4391 3601 4467; baseline 0.004 -24"><span class='ocrx_word' id='word_1_736' title='bbox 2021 4391 2197 4444; x_wconf 82' lang='lat' dir='ltr'><strong>tbema</strong></span> <span class='ocrx_word' id='word_1_737' title='bbox 2234 4406 2350 4461; x_wconf 85' lang='lat' dir='ltr'><strong>cap.</strong></span> <span class='ocrx_word' id='word_1_738' title='bbox 2388 4392 2448 4447; x_wconf 79' lang='lat' dir='ltr'><strong>l7</strong></span> <span class='ocrx_word' id='word_1_739' title='bbox 2491 4396 2574 4448; x_wconf 88' lang='lat' dir='ltr'><strong>tit.</strong></span> <span class='ocrx_word' id='word_1_740' title='bbox 2611 4396 2630 4448; x_wconf 86' lang='lat' dir='ltr'>l</span> <span class='ocrx_word' id='word_1_741' title='bbox 2675 4394 2769 4452; x_wconf 86' lang='lat' dir='ltr'><strong>lib.</strong></span> <span class='ocrx_word' id='word_1_742' title='bbox 2801 4414 2913 4463; x_wconf 75' lang='lat' dir='ltr'><strong>xxi,</strong></span> <span class='ocrx_word' id='word_1_743' title='bbox 2967 4414 3062 4450; x_wconf 87' lang='lat' dir='ltr'><strong>nec</strong></span> <span class='ocrx_word' id='word_1_744' title='bbox 3093 4398 3278 4467; x_wconf 74' lang='lat' dir='ltr'><strong>viginti</strong></span> <span class='ocrx_word' id='word_1_745' title='bbox 3314 4399 3469 4452; x_wconf 87' lang='lat' dir='ltr'><strong>annis</strong></span> <span class='ocrx_word' id='word_1_746' title='bbox 3501 4396 3601 4450; x_wconf 82' lang='lat' dir='ltr'><strong>mi-</strong></span> 
     </span>
    </p>
   </div>
   <div class='ocr_carea' id='block_1_103' title="bbox 2021 4475 3664 4558">
    <p class='ocr_par' dir='ltr' id='par_1_103' title="bbox 2021 4475 3664 4558">
     <span class='ocr_line' id='line_1_103' title="bbox 2021 4475 3664 4558; baseline 0.005 -22"><span class='ocrx_word' id='word_1_747' title='bbox 2021 4499 2205 4537; x_wconf 87' lang='lat' dir='ltr'><strong>norem</strong></span> <span class='ocrx_word' id='word_1_748' title='bbox 2234 4487 2298 4538; x_wconf 88' lang='lat' dir='ltr'><strong>ad</strong></span> <span class='ocrx_word' id='word_1_749' title='bbox 2328 4487 2694 4540; x_wconf 84' lang='lat' dir='ltr'><strong>testimonium</strong></span> <span class='ocrx_word' id='word_1_750' title='bbox 2748 4493 2934 4542; x_wconf 85' lang='lat' dir='ltr'><strong>contra</strong></span> <span class='ocrx_word' id='word_1_751' title='bbox 2961 4490 3267 4558; x_wconf 81' lang='lat' dir='ltr'><strong>quempiam</strong></span> <span class='ocrx_word' id='word_1_752' title='bbox 3320 4489 3375 4544; x_wconf 87' lang='lat' dir='ltr'><strong>in</strong></span> <span class='ocrx_word' id='word_1_753' title='bbox 3426 4506 3595 4545; x_wconf 78' lang='lat' dir='ltr'><strong>causa</strong></span> <span class='ocrx_word' id='word_1_754' title='bbox 3651 4475 3664 4494; x_wconf 72' lang='grc'><em>’</em></span> 
     </span>
    </p>
   </div>
   <div class='ocr_carea' id='block_1_104' title="bbox 1950 4555 2856 4636">
    <p class='ocr_par' dir='ltr' id='par_1_104' title="bbox 1950 4555 2856 4636">
     <span class='ocr_line' id='line_1_104' title="bbox 1950 4555 2856 4636; baseline 0.003 -4"><span class='ocrx_word' id='word_1_755' title='bbox 1950 4555 1994 4609; x_wconf 77' lang='lat' dir='ltr'><strong>D</strong></span> <span class='ocrx_word' id='word_1_756' title='bbox 2022 4577 2290 4632; x_wconf 84' lang='lat' dir='ltr'><strong>crituinali</strong></span> <span class='ocrx_word' id='word_1_757' title='bbox 2325 4579 2560 4633; x_wconf 83' lang='lat' dir='ltr'><strong>dandum</strong></span> <span class='ocrx_word' id='word_1_758' title='bbox 2593 4582 2856 4636; x_wconf 74' lang='lat' dir='ltr'><strong>admittit.</strong></span> 
     </span>
    </p>
   </div>
   <div class='ocr_carea' id='block_1_105' title="bbox 2024 4670 3584 4746">
    <p class='ocr_par' dir='ltr' id='par_1_105' title="bbox 2024 4670 3584 4746">
     <span class='ocr_line' id='line_1_105' title="bbox 2024 4670 3584 4746; baseline 0.003 -20"><span class='ocrx_word' id='word_1_759' title='bbox 2024 4689 2044 4726; x_wconf 92' lang='grc' dir='ltr'><strong>ι</strong></span> <span class='ocrx_word' id='word_1_760' title='bbox 2089 4670 2405 4738; x_wconf 48' lang='grc' dir='ltr'>,Αοευεοιοτ</span> <span class='ocrx_word' id='word_1_761' title='bbox 2453 4685 2484 4725; x_wconf 91' lang='lat' dir='ltr'><strong>e</strong></span> <span class='ocrx_word' id='word_1_762' title='bbox 2541 4674 2753 4741; x_wconf 83' lang='lat' dir='ltr'><strong>propr-ia</strong></span> <span class='ocrx_word' id='word_1_763' title='bbox 2800 4675 2957 4728; x_wconf 86' lang='lat' dir='ltr'><strong>domo</strong></span> <span class='ocrx_word' id='word_1_764' title='bbox 3007 4683 3180 4729; x_wconf 83' lang='lat' dir='ltr'><strong>testes</strong></span> <span class='ocrx_word' id='word_1_765' title='bbox 3271 4687 3380 4729; x_wconf 84' lang='lat' dir='ltr'><strong>non</strong></span> <span class='ocrx_word' id='word_1_766' title='bbox 3455 4689 3584 4746; x_wconf 82' lang='lat' dir='ltr'><strong>pro—</strong></span> 
     </span>
    </p>
   </div>
   <div class='ocr_carea' id='block_1_106' title="bbox 2663 4766 2970 4819">
    <p class='ocr_par' dir='ltr' id='par_1_106' title="bbox 2663 4766 2970 4819">
     <span class='ocr_line' id='line_1_106' title="bbox 2663 4766 2970 4819; baseline 0.01 -3"><span class='ocrx_word' id='word_1_767' title='bbox 2663 4782 2681 4816; x_wconf 82' lang='lat' dir='ltr'><strong>t</strong></span> <span class='ocrx_word' id='word_1_768' title='bbox 2740 4766 2906 4819; x_wconf 80' lang='lat' dir='ltr'><strong>ducit.</strong></span> <span class='ocrx_word' id='word_1_769' title='bbox 2951 4784 2970 4818; x_wconf 70' lang='grc' dir='ltr'><strong>ι</strong></span> 
     </span>
    </p>
   </div>
   <div class='ocr_carea' id='block_1_107' title="bbox 2089 4856 3614 4928">
    <p class='ocr_par' dir='ltr' id='par_1_107' title="bbox 2089 4856 3614 4928">
     <span class='ocr_line' id='line_1_107' title="bbox 2089 4856 3614 4928; baseline 0.005 -18"><span class='ocrx_word' id='word_1_770' title='bbox 2089 4856 2416 4911; x_wconf 83' lang='lat' dir='ltr'><strong>Testimonia</strong></span> <span class='ocrx_word' id='word_1_771' title='bbox 2453 4857 2752 4912; x_wconf 87' lang='lat' dir='ltr'><strong>domestica</strong></span> <span class='ocrx_word' id='word_1_772' title='bbox 2791 4859 2956 4911; x_wconf 88' lang='lat' dir='ltr'><strong>etiam</strong></span> <span class='ocrx_word' id='word_1_773' title='bbox 2990 4874 3019 4912; x_wconf 90' lang='lat' dir='ltr'><strong>a</strong></span> <span class='ocrx_word' id='word_1_774' title='bbox 3058 4859 3262 4928; x_wconf 77' lang='lat' dir='ltr'><strong>legibus</strong></span> <span class='ocrx_word' id='word_1_775' title='bbox 3309 4870 3434 4914; x_wconf 89' lang='lat' dir='ltr'><strong>sunt</strong></span> <span class='ocrx_word' id='word_1_776' title='bbox 3474 4862 3614 4928; x_wconf 85' lang='lat' dir='ltr'><strong>reji-.</strong></span> 
     </span>
    </p>
   </div>
   <div class='ocr_carea' id='block_1_108' title="bbox 2026 4949 3600 5024">
    <p class='ocr_par' dir='ltr' id='par_1_108' title="bbox 2026 4949 3600 5024">
     <span class='ocr_line' id='line_1_108' title="bbox 2026 4949 3600 5024; baseline 0.005 -21"><span class='ocrx_word' id='word_1_777' title='bbox 2026 4950 2238 5004; x_wconf 74' lang='lat' dir='ltr'><strong>cicnda.</strong></span> <span class='ocrx_word' id='word_1_778' title='bbox 2276 4949 2410 5003; x_wconf 81' lang='lat' dir='ltr'><strong>Nam</strong></span> <span class='ocrx_word' id='word_1_779' title='bbox 2470 4967 2590 5020; x_wconf 85' lang='lat' dir='ltr'><strong>cap.</strong></span> <span class='ocrx_word' id='word_1_780' title='bbox 2645 4953 2709 5005; x_wconf 62' lang='lat' dir='ltr'><strong>Et</strong></span> <span class='ocrx_word' id='word_1_781' title='bbox 2757 4951 2896 5006; x_wconf 79' lang='lat' dir='ltr'><strong>tit.l</strong></span> <span class='ocrx_word' id='word_1_782' title='bbox 2954 4951 3047 5006; x_wconf 91' lang='lat' dir='ltr'><strong>llb.</strong></span> <span class='ocrx_word' id='word_1_783' title='bbox 3088 4969 3179 5007; x_wconf 78' lang='lat' dir='ltr'><strong>nt</strong></span> <span class='ocrx_word' id='word_1_784' title='bbox 3226 4954 3306 5009; x_wconf 88' lang='lat' dir='ltr'><strong>sic</strong></span> <span class='ocrx_word' id='word_1_785' title='bbox 3341 4968 3600 5024; x_wconf 78' lang='lat' dir='ltr'><strong>expresse</strong></span> 
     </span>
    </p>
   </div>
   <div class='ocr_carea' id='block_1_109' title="bbox 2021 5043 3596 5117">
    <p class='ocr_par' dir='ltr' id='par_1_109' title="bbox 2021 5043 3596 5117">
     <span class='ocr_line' id='line_1_109' title="bbox 2021 5043 3596 5117; baseline 0.003 -21"><span class='ocrx_word' id='word_1_786' title='bbox 2021 5043 2150 5097; x_wconf 89' lang='lat' dir='ltr'><strong>dicit</strong></span> <span class='ocrx_word' id='word_1_787' title='bbox 2190 5061 2204 5096; x_wconf 85' lang='lat'><strong>:</strong></span> <span class='ocrx_word' id='word_1_788' title='bbox 2232 5045 2530 5097; x_wconf 78' lang='lat' dir='ltr'><strong>Accusator</strong></span> <span class='ocrx_word' id='word_1_789' title='bbox 2567 5045 2896 5098; x_wconf 85' lang='lat' dir='ltr'><strong>domesticos</strong></span> <span class='ocrx_word' id='word_1_790' title='bbox 2940 5059 3069 5099; x_wconf 81' lang='lat' dir='ltr'><strong>suos</strong></span> <span class='ocrx_word' id='word_1_791' title='bbox 3097 5055 3260 5099; x_wconf 86' lang='lat' dir='ltr'><strong>testes</strong></span> <span class='ocrx_word' id='word_1_792' title='bbox 3286 5064 3388 5100; x_wconf 88' lang='lat' dir='ltr'><strong>non</strong></span> <span class='ocrx_word' id='word_1_793' title='bbox 3417 5057 3596 5117; x_wconf 79' lang='lat' dir='ltr'><strong>potest</strong></span> 
     </span>
    </p>
   </div>
   <div class='ocr_carea' id='block_1_110' title="bbox 2022 5134 3595 5206">
    <p class='ocr_par' dir='ltr' id='par_1_110' title="bbox 2022 5134 3595 5206">
     <span class='ocr_line' id='line_1_110' title="bbox 2022 5134 3595 5206; baseline 0.003 -21"><span class='ocrx_word' id='word_1_794' title='bbox 2022 5134 2321 5203; x_wconf 80' lang='lat' dir='ltr'><strong>producere</strong></span> <span class='ocrx_word' id='word_1_795' title='bbox 2375 5151 2390 5186; x_wconf 78' lang='grc' dir='ltr'><strong>ι</strong></span> <span class='ocrx_word' id='word_1_796' title='bbox 2448 5144 2501 5188; x_wconf 89' lang='lat' dir='ltr'><strong>et</strong></span> <span class='ocrx_word' id='word_1_797' title='bbox 2561 5148 2681 5203; x_wconf 83' lang='lat' dir='ltr'><strong>cap.</strong></span> <span class='ocrx_word' id='word_1_798' title='bbox 2739 5134 2808 5187; x_wconf 71' lang='lat'><strong>25</strong></span> <span class='ocrx_word' id='word_1_799' title='bbox 2861 5134 3102 5206; x_wconf 87' lang='lat' dir='ltr'><strong>ejusdem</strong></span> <span class='ocrx_word' id='word_1_800' title='bbox 3159 5137 3292 5189; x_wconf 86' lang='lat' dir='ltr'><strong>tituli</strong></span> <span class='ocrx_word' id='word_1_801' title='bbox 3347 5147 3400 5192; x_wconf 91' lang='lat' dir='ltr'><strong>et</strong></span> <span class='ocrx_word' id='word_1_802' title='bbox 3447 5138 3595 5201; x_wconf 80' lang='lat' dir='ltr'><strong>libri,</strong></span> 
     </span>
    </p>
   </div>
   <div class='ocr_carea' id='block_1_111' title="bbox 2021 5225 3594 5296">
    <p class='ocr_par' dir='ltr' id='par_1_111' title="bbox 2021 5225 3594 5296">
     <span class='ocr_line' id='line_1_111' title="bbox 2021 5225 3594 5296; baseline 0.004 -20"><span class='ocrx_word' id='word_1_803' title='bbox 2021 5226 2162 5295; x_wconf 82' lang='lat' dir='ltr'><strong>quod</strong></span> <span class='ocrx_word' id='word_1_804' title='bbox 2219 5225 2527 5280; x_wconf 79' lang='lat' dir='ltr'><strong>testimonia</strong></span> <span class='ocrx_word' id='word_1_805' title='bbox 2582 5227 2881 5280; x_wconf 86' lang='lat' dir='ltr'><strong>domestica</strong></span> <span class='ocrx_word' id='word_1_806' title='bbox 2935 5227 3331 5296; x_wconf 84' lang='lat' dir='ltr'><strong>improbantur.</strong></span> <span class='ocrx_word' id='word_1_807' title='bbox 3398 5229 3594 5284; x_wconf 84' lang='lat' dir='ltr'><strong>Testes</strong></span> 
     </span>
    </p>
   </div>
   <div class='ocr_carea' id='block_1_112' title="bbox 2020 5317 3595 5388">
    <p class='ocr_par' dir='ltr' id='par_1_112' title="bbox 2020 5317 3595 5388">
     <span class='ocr_line' id='line_1_112' title="bbox 2020 5317 3595 5388; baseline 0.004 -19"><span class='ocrx_word' id='word_1_808' title='bbox 2020 5326 2199 5370; x_wconf 89' lang='lat' dir='ltr'><strong>autem</strong></span> <span class='ocrx_word' id='word_1_809' title='bbox 2215 5318 2542 5371; x_wconf 81' lang='lat' dir='ltr'><strong>domesticos</strong></span> <span class='ocrx_word' id='word_1_810' title='bbox 2567 5317 2854 5386; x_wconf 75' lang='lat' dir='ltr'><strong>intelligas,</strong></span> <span class='ocrx_word' id='word_1_811' title='bbox 2882 5319 2972 5387; x_wconf 92' lang='lat' dir='ltr'><strong>qui</strong></span> <span class='ocrx_word' id='word_1_812' title='bbox 3009 5321 3258 5388; x_wconf 71' lang='lat' dir='ltr'><strong>potestati</strong></span> <span class='ocrx_word' id='word_1_813' title='bbox 3307 5319 3595 5388; x_wconf 83' lang='lat' dir='ltr'><strong>cujuslibet</strong></span> 
     </span>
    </p>
   </div>
   <div class='ocr_carea' id='block_1_113' title="bbox 2026 5407 3599 5480">
    <p class='ocr_par' dir='ltr' id='par_1_113' title="bbox 2026 5407 3599 5480">
     <span class='ocr_line' id='line_1_113' title="bbox 2026 5407 3599 5480; baseline 0.004 -19"><span class='ocrx_word' id='word_1_814' title='bbox 2026 5407 2255 5477; x_wconf 83' lang='lat' dir='ltr'><strong>subjecti</strong></span> <span class='ocrx_word' id='word_1_815' title='bbox 2294 5414 2443 5472; x_wconf 78' lang='lat' dir='ltr'><strong>sinit,</strong></span> <span class='ocrx_word' id='word_1_816' title='bbox 2482 5415 2536 5462; x_wconf 89' lang='lat' dir='ltr'><strong>et</strong></span> <span class='ocrx_word' id='word_1_817' title='bbox 2563 5411 2758 5478; x_wconf 88' lang='lat' dir='ltr'><strong>quibus</strong></span> <span class='ocrx_word' id='word_1_818' title='bbox 2790 5411 2901 5480; x_wconf 89' lang='lat' dir='ltr'><strong>ipse</strong></span> <span class='ocrx_word' id='word_1_819' title='bbox 2934 5411 3187 5465; x_wconf 77' lang='lat' dir='ltr'><strong>mandare</strong></span> <span class='ocrx_word' id='word_1_820' title='bbox 3217 5419 3390 5480; x_wconf 86' lang='lat' dir='ltr'><strong>potest</strong></span> <span class='ocrx_word' id='word_1_821' title='bbox 3417 5429 3432 5465; x_wconf 83' lang='lat'><strong>;</strong></span> <span class='ocrx_word' id='word_1_822' title='bbox 3459 5413 3599 5470; x_wconf 83' lang='lat' dir='ltr'><strong>tales</strong></span> 
     </span>
    </p>
   </div>
   <div class='ocr_carea' id='block_1_114' title="bbox 2019 5502 3593 5573">
    <p class='ocr_par' dir='ltr' id='par_1_114' title="bbox 2019 5502 3593 5573">
     <span class='ocr_line' id='line_1_114' title="bbox 2019 5502 3593 5573; baseline 0.004 -19"><span class='ocrx_word' id='word_1_823' title='bbox 2019 5502 2184 5565; x_wconf 85' lang='lat' dir='ltr'><strong>enim,</strong></span> <span class='ocrx_word' id='word_1_824' title='bbox 2218 5517 2316 5555; x_wconf 90' lang='lat' dir='ltr'><strong>nec</strong></span> <span class='ocrx_word' id='word_1_825' title='bbox 2341 5515 2437 5570; x_wconf 89' lang='lat' dir='ltr'><strong>pro</strong></span> <span class='ocrx_word' id='word_1_826' title='bbox 2471 5517 2556 5568; x_wconf 84' lang='lat' dir='ltr'><strong>eo,</strong></span> <span class='ocrx_word' id='word_1_827' title='bbox 2589 5516 2687 5557; x_wconf 88' lang='lat' dir='ltr'><strong>nec</strong></span> <span class='ocrx_word' id='word_1_828' title='bbox 2713 5511 2902 5558; x_wconf 83' lang='lat' dir='ltr'><strong>contra</strong></span> <span class='ocrx_word' id='word_1_829' title='bbox 2936 5505 3096 5573; x_wconf 88' lang='lat' dir='ltr'><strong>alium</strong></span> <span class='ocrx_word' id='word_1_830' title='bbox 3117 5543 3134 5571; x_wconf 94' lang='lat'><strong>,</strong></span> <span class='ocrx_word' id='word_1_831' title='bbox 3167 5520 3232 5558; x_wconf 89' lang='lat' dir='ltr'><strong>eo</strong></span> <span class='ocrx_word' id='word_1_832' title='bbox 3255 5517 3547 5560; x_wconf 81' lang='lat' dir='ltr'><strong>accusante</strong></span> <span class='ocrx_word' id='word_1_833' title='bbox 3576 5546 3593 5569; x_wconf 87' lang='lat'><strong>.</strong></span> 
     </span>
    </p>
   </div>
   <div class='ocr_carea' id='block_1_115' title="bbox 2022 5595 3592 5665">
    <p class='ocr_par' dir='ltr' id='par_1_115' title="bbox 2022 5595 3592 5665">
     <span class='ocr_line' id='line_1_115' title="bbox 2022 5595 3592 5665; baseline 0.001 -16"><span class='ocrx_word' id='word_1_834' title='bbox 2022 5595 2074 5649; x_wconf 90' lang='lat' dir='ltr'><strong>in</strong></span> <span class='ocrx_word' id='word_1_835' title='bbox 2103 5595 2465 5649; x_wconf 74' lang='lat' dir='ltr'><strong>testimonium</strong></span> <span class='ocrx_word' id='word_1_836' title='bbox 2499 5595 2845 5665; x_wconf 84' lang='lat' dir='ltr'><strong>recipientur,</strong></span> <span class='ocrx_word' id='word_1_837' title='bbox 2901 5596 2953 5650; x_wconf 90' lang='lat' dir='ltr'><strong>in</strong></span> <span class='ocrx_word' id='word_1_838' title='bbox 2985 5612 3144 5651; x_wconf 84' lang='lat' dir='ltr'><strong>causa</strong></span> <span class='ocrx_word' id='word_1_839' title='bbox 3199 5595 3279 5651; x_wconf 84' lang='lat' dir='ltr'><strong>vel</strong></span> <span class='ocrx_word' id='word_1_840' title='bbox 3321 5599 3592 5652; x_wconf 87' lang='lat' dir='ltr'><strong>criminali</strong></span> 
     </span>
    </p>
   </div>
   <div class='ocr_carea' id='block_1_116' title="bbox 2019 5684 3594 5758">
    <p class='ocr_par' dir='ltr' id='par_1_116' title="bbox 2019 5684 3594 5758">
     <span class='ocr_line' id='line_1_116' title="bbox 2019 5684 3594 5758; baseline 0.004 -20"><span class='ocrx_word' id='word_1_841' title='bbox 2019 5687 2102 5739; x_wconf 69' lang='lat' dir='ltr'><strong>vel</strong></span> <span class='ocrx_word' id='word_1_842' title='bbox 2138 5686 2478 5755; x_wconf 84' lang='lat' dir='ltr'><strong>pecuniaria.</strong></span> <span class='ocrx_word' id='word_1_843' title='bbox 2519 5684 2574 5740; x_wconf 91' lang='lat' dir='ltr'><strong>Si</strong></span> <span class='ocrx_word' id='word_1_844' title='bbox 2607 5687 2744 5740; x_wconf 83' lang='lat' dir='ltr'><strong>alius</strong></span> <span class='ocrx_word' id='word_1_845' title='bbox 2790 5697 2970 5743; x_wconf 86' lang='lat' dir='ltr'><strong>autem</strong></span> <span class='ocrx_word' id='word_1_846' title='bbox 3023 5688 3285 5758; x_wconf 80' lang='lat' dir='ltr'><strong>quispiam</strong></span> <span class='ocrx_word' id='word_1_847' title='bbox 3337 5701 3552 5744; x_wconf 86' lang='lat' dir='ltr'><strong>accuset</strong></span> <span class='ocrx_word' id='word_1_848' title='bbox 3578 5729 3594 5754; x_wconf 86' lang='lat'><strong>,</strong></span> 
     </span>
    </p>
   </div>
   <div class='ocr_carea' id='block_1_117' title="bbox 2022 5778 3595 5858">
    <p class='ocr_par' dir='ltr' id='par_1_117' title="bbox 2022 5778 3595 5858">
     <span class='ocr_line' id='line_1_117' title="bbox 2022 5778 3595 5858; baseline 0.003 -26"><span class='ocrx_word' id='word_1_849' title='bbox 2022 5792 2074 5832; x_wconf 86' lang='lat' dir='ltr'><strong>et</strong></span> <span class='ocrx_word' id='word_1_850' title='bbox 2107 5779 2244 5832; x_wconf 87' lang='lat' dir='ltr'><strong>alius</strong></span> <span class='ocrx_word' id='word_1_851' title='bbox 2278 5778 2578 5831; x_wconf 88' lang='lat' dir='ltr'><strong>domestico</strong></span> <span class='ocrx_word' id='word_1_852' title='bbox 2610 5779 2917 5833; x_wconf 87' lang='lat' dir='ltr'><strong>testimonio</strong></span> <span class='ocrx_word' id='word_1_853' title='bbox 2948 5781 3022 5834; x_wconf 90' lang='lat' dir='ltr'><strong>uti</strong></span> <span class='ocrx_word' id='word_1_854' title='bbox 3072 5783 3266 5847; x_wconf 87' lang='lat' dir='ltr'><strong>vellet,</strong></span> <span class='ocrx_word' id='word_1_855' title='bbox 3304 5799 3412 5836; x_wconf 89' lang='lat' dir='ltr'><strong>non</strong></span> <span class='ocrx_word' id='word_1_856' title='bbox 3467 5802 3595 5858; x_wconf 82' lang='lat' dir='ltr'><strong>pro-</strong></span> 
     </span>
    </p>
   </div>
   <div class='ocr_carea' id='block_1_118' title="bbox 2033 5869 3599 5946">
    <p class='ocr_par' dir='ltr' id='par_1_118' title="bbox 2033 5869 3599 5946">
     <span class='ocr_line' id='line_1_118' title="bbox 2033 5869 3599 5946; baseline 0 -19"><span class='ocrx_word' id='word_1_857' title='bbox 2033 5872 2265 5927; x_wconf 83' lang='lat' dir='ltr'><strong>hibetur.</strong></span> <span class='ocrx_word' id='word_1_858' title='bbox 2312 5869 2444 5927; x_wconf 80' lang='lat' dir='ltr'><strong>Nam</strong></span> <span class='ocrx_word' id='word_1_859' title='bbox 2479 5885 2545 5927; x_wconf 83' lang='lat' dir='ltr'><strong>ex</strong></span> <span class='ocrx_word' id='word_1_860' title='bbox 2581 5887 2686 5927; x_wconf 84' lang='lat' dir='ltr'><strong>una</strong></span> <span class='ocrx_word' id='word_1_861' title='bbox 2720 5872 2877 5929; x_wconf 90' lang='lat' dir='ltr'><strong>domo</strong></span> <span class='ocrx_word' id='word_1_862' title='bbox 2899 5883 3076 5946; x_wconf 80' lang='lat' dir='ltr'><strong>potest</strong></span> <span class='ocrx_word' id='word_1_863' title='bbox 3107 5884 3158 5929; x_wconf 85' lang='lat' dir='ltr'><strong>et</strong></span> <span class='ocrx_word' id='word_1_864' title='bbox 3192 5885 3347 5944; x_wconf 82' lang='lat' dir='ltr'><strong>pater</strong></span> <span class='ocrx_word' id='word_1_865' title='bbox 3383 5877 3599 5931; x_wconf 83' lang='lat' dir='ltr'><strong>erilhus</strong></span> 
     </span>
    </p>
   </div>
  </div>
