4174 6302
350 318 452 384 425

1361 322 1439 382 IN
1472 320 1638 381 CAN.
1681 320 1968 386 CXXXIV
2002 319 2209 388 CONC.
2265 325 2647 388 CARTHAG.

3489 332 3598 396 426

344 437 713 506 ἀναγκάζεται
779 443 1163 508 συγκοινωνεῖν
1227 439 1452 512 ἐκείνῳ,
1517 439 1624 494 κᾶν
1687 440 1820 512 λέγῃ
1888 442 1913 492 ό

2020 440 2162 507 quod
2191 442 2293 496 soli
2333 443 2434 498 sibi
2469 460 2573 498 non
2605 444 2897 508 credatur.
2923 445 3178 518 quodque
3221 446 3274 501 in
3308 457 3595 518 posterum

343 528 638 592 ἰπίσκοπος
665 531 748 583 ὅτι
781 532 857 584 Οὐ
889 531 1026 584 θέλω
1065 531 1462 602 προσδέξασθαι
1494 530 1658 588 αὐτὸν
1690 531 1769 595 είς
1801 547 1914 583 κοι-

342 619 565 683 νωνίαν,
608 621 1099 693 σκανδαλιζομένης
1131 624 1218 675 in‘
1251 623 1399 692 αὐτῷ
1426 623 1523 692 τῆς
1561 621 1916 691 συνειδήσεώς

345 727 469 782 μου.
521 711 852 782 Σκινδαλμδν
882 716 991 784 γὰρ
1024 714 1055 783 i‘,
1101 714 1161 768 τὸ
1203 715 1495 768 σκάνδαλον
1518 714 1734 784 νοητέον
1763 713 1794 782 ἢ
1825 713 1916 766 τόν

341 799 569 870 θόρυϐον
595 802 698 871 τῆς
724 803 1083 873 συνειδήσεως
1109 804 1512 875 θορυϐουμένης
1539 803 1633 857 καὶ
1659 820 1915 873 ταραττος

342 892 509 962 μένης
536 892 623 946 διὰ
650 894 746 962 τὴν
771 893 1158 967 ἐξομολόγησιν
1187 897 1281 951 τοῦ
1321 897 1736 969 ἁμαρτήματος.

341 1065 560 1121 ΔΡΙΣΤ.
611 1087 631 1121 ι
668 1068 861 1141 Λόγων
898 1071 1195 1136 ἒπίσκοπος
1229 1074 1314 1128 ὅτι
1357 1073 1434 1128 Τὸ
1475 1073 1728 1145 ἔγκλημα
1771 1073 1914 1127 κατὰ

425 1179 444 1210 ι
490 1165 658 1233 μόνας
689 1167 718 1217 6
743 1163 914 1228 πέλας
949 1183 1040 1236 μοι
1064 1165 1438 1237 ὡμολόγησεν,
1472 1169 1522 1221 εί
1553 1168 1583 1221 6
1613 1167 1779 1230 πέλας
1811 1168 1914 1236 ap.

413 1277 434 1310 ι
472 1260 662 1323 νεῖται,
692 1255 792 1311 οὐκ
823 1256 1102 1322 εὗπιστος.

409 1373 485 1426 Οὐ
509 1372 617 1444 χρὴ
646 1371 999 1437 πιστεύεσθαι
1018 1371 1101 1441 τῷ
1119 1374 1407 1444 ὲπισκόπῳ
1429 1373 1639 1443 λέγοντι
1664 1373 1736 1434 ὡς
1760 1374 1916 1428 Κατὰ

343 1467 506 1536 μόνας
531 1469 558 1520 ό
585 1465 732 1520 δεῖνα
763 1465 1024 1537 κληρικὸς
1052 1466 1304 1538 ἐγκλημά
1337 1485 1427 1540 μοι
1447 1468 1783 1539 ὡμολόγησε,
1819 1469 1913 1520 καὶ

335 1559 422 1614 διὰ
467 1557 622 1613 τοῦτο
668 1560 704 1630 ἦ
754 1558 850 1613 τοῦ
907 1557 1116 1628 βαθμοῦ
1166 1560 1200 1629 ἢ
1257 1561 1358 1631 τῆς
1408 1562 1691 1625 κοινωνίας
1749 1560 1914 1614 αὑτὸν

333 1653 610 1724 ἁπείργω.
656 1653 716 1705 Ei
756 1651 866 1725 γάρ
911 1653 1162 1723 ἀρνεῖται
1207 1655 1436 1718 ἰκείνος,
1476 1652 1536 1708 ὃν
1575 1653 1912 1722 ὁμολογῆσαι

335 1745 508 1813 λέγει,
539 1744 640 1798 οὐκ
670 1742 875 1811 ὀφείλει
907 1743 1292 1809 καταδικάζειν
1325 1746 1488 1799 αὐτὸν
1518 1745 1550 1816 ἦ
1591 1745 1726 1800 ἰδίαν
1753 1746 1914 1816 ὓϐριν

330 1839 493 1893 τοῦτο
513 1836 848 1905 λογίζεσθαι,
873 1837 954 1891 ὅτι
984 1837 1145 1900 αὐτὸς
1175 1838 1238 1891 οὐ
1272 1836 1596 1890 πιστεύεται
1625 1839 1806 1909 μόνος.

910 1993 1146 2049 ΚΔΝΩΝ
1170 1992 1343 2050 ΡΛΔ⁸.

336 2151 358 2187 ε
399 2135 520 2190 Ἱνα
563 2133 659 2204 μὴ,
705 2133 778 2198 ὡς
811 2132 996 2205 ἔτυχε,
1038 2131 1164 2186 τινὰ
1206 2134 1448 2205 στερήσῃ
1488 2133 1586 2204 τῆς
1631 2131 1916 2196 κοινωνίας

405 2244 427 2277 ι
464 2227 783 2289 επξσκοπος.
827 2225 944 2292 Ἐφ’
975 2226 1100 2278 ὅσον
1131 2223 1205 2293 τῷ
1226 2225 1595 2296 άφωρισμίνῳ
1621 2222 1697 2294 μὴ
1724 2240 1916 2278 κοινω-

406 2337 427 2372 ι
461 2321 543 2373 vei
575 2321 604 2372 ό
643 2319 776 2380 ίδιος
806 2319 1100 2382 ἐπίσκοπος
1121 2360 1137 2380 ,
1171 2316 1248 2388 τῷ
1281 2317 1428 2389 αὐτῷ
1455 2318 1738 2386 ὲπισκόπῳ
1765 2315 1914 2370 ἄλλοι

405 2432 423 2464 ι
468 2413 541 2483 μὴ
592 2413 1112 2482 συγκοινωνήσουσιν
1160 2409 1483 2464 ἐπίσκοποι·
1525 2408 1664 2463 ὥστε
1713 2410 1916 2480 μᾶλλον

407 2523 425 2555 ι
469 2501 988 2573 παραφυλάττεσθαι
1007 2501 1100 2554 τὸν
1129 2501 1428 2554 ἐπίσκοπον
1459 2499 1536 2571 μὴ
1561 2499 1742 2568 λέγειν
1774 2501 1915 2554 κατά

409 2617 427 2649 ε
462 2614 630 2662 τινος,
661 2598 799 2665 ὅπερ
824 2594 1161 2660 ἀποδείξεσιν
1191 2593 1410 2662 ἐλέγξαι
1443 2595 1577 2663 παρ’
1610 2595 1823 2668 ἑτίροις
1850 2594 1912 2648 οὗ

406 2710 424 2742 ι
463 2689 704 2744 δύναται.
735 2707 756 2741 ε

400 2804 676 2860 ΒΔΛΣ.Ὅ
703 2800 1126 2874 παρεσιώπησεν
1153 2803 1182 2856 ὁ
1212 2800 1483 2873 ἁνὼτερος
1520 2802 1726 2865 κανὼν.
1759 2793 1916 2865 οὗτος

330 2897 674 2968 προήνεγκεν
693 2898 772 2955 εἰς
797 2893 1048 2963 φανερόν.
1077 2893 1150 2945 Τὸ
1171 2891 1227 2945 δὲ
1260 2888 1328 2964 ἦν
1361 2894 1445 2959 τὸ,
1483 2891 1611 2946 Ἐὰν
1643 2895 1719 2963 μὴ
1753 2890 1916 2963 θελή-

331 2987 451 3056 σῃὸ
507 2986 808 3044 ἐπίσκοπος
866 2983 1192 3053 κοινωνῆσαι
1263 2981 1344 3049 τῷ
1414 2983 1550 3054 παρ’
1594 2979 1760 3037 αὑτοῦ
1808 2982 1917 3052 ἀφ-

327 3077 627 3149 ορισθέντι,
654 3075 731 3140 ὡς
755 3074 1008 3146 ῑγκλημά
1026 3093 1077 3129 τι
1100 3074 1246 3147 αὐτῷ
1272 3074 1714 3149 ἐξαγορεύσαντι,
1743 3076 1796 3131 τί
1822 3075 1915 3129 ἰπὶ

2028 532 2171 588 illius
2215 538 2650 590 communionem
2733 537 3020 594 admittere
3079 539 3301 595 necesse
3355 539 3595 610 habent;

2023 626 2273 692 quamvis
2303 628 2371 682 ab
2397 642 2458 681 ea
2494 630 2985 686 communicatione
3025 645 3084 686 se
3134 633 3410 688 abstinere
3459 633 3598 688 velle

2025 719 2378 784 proﬁteatur,
2420 735 2486 776 et
2535 735 2710 790 eaque
2771 722 3162 778 conscientiam
3193 739 3344 780 suam
3394 725 3594 782 offendi

2023 821 2301 866 causetur.
2335 810 2433 866 llic
2456 812 2598 868 enim
2627 829 2720 884 per
2749 814 3097 885 σκινδαλμον,
3131 827 3224 872 aut
3254 819 3595 887 scandalum,

2023 910 2117 954 aut
2143 904 2494 959 conscientia:
2527 904 2867 962 confessione
2903 907 3070 961 auditi
3102 907 3365 965 facinoris
3409 912 3599 966 conci-

2027 1002 2148 1047 tnta:
2178 1009 2240 1047 ac
2268 999 2598 1065 perturbata
2633 999 2922 1054 tumultum
2957 999 3222 1072 intellige.

2023 1082 2248 1140 ARIST.
2290 1104 2310 1138 ι
2347 1085 2610 1156 Episcopo
2638 1088 2859 1153 dicenti,
2891 1090 3033 1160 quod
3077 1091 3285 1147 crimen
3316 1093 3448 1148 mihi
3493 1093 3596 1149 soli

2099 1198 2117 1231 ι
2150 1180 2358 1234 vicinus
2381 1179 2662 1236 confessus
2685 1187 2791 1247 est,
2824 1181 2870 1238 si
2899 1183 3109 1239 vicinus
3141 1186 3437 1256 negaverit,
3465 1187 3600 1244 (idea

2100 1291 2118 1324 ε
2161 1290 2265 1330 non
2293 1286 2377 1333 est
2411 1277 2569 1332 facile
2603 1279 2868 1334 habenda.
2915 1300 2932 1332 ι

2092 1385 2252 1442 Fides
2280 1389 2536 1459 episcopo
2563 1406 2668 1446 non
2709 1403 2796 1450 est
2847 1393 3096 1450 habenda
3159 1395 3392 1461 dicenti,
3452 1401 3594 1469 quod

2023 1483 2258 1540 clericus
2289 1487 2560 1557 quispiam
2599 1489 2732 1544 mihi
2763 1490 2865 1545 soli
2892 1491 3094 1546 crimen
3120 1488 3397 1547 confessus
3412 1500 3518 1558 est,
3543 1502 3598 1546 et

2023 1576 2094 1632 ob
2120 1576 2172 1631 id
2203 1580 2371 1644 gradu
2403 1589 2499 1633 aut
2529 1582 2910 1638 communione
2941 1597 3064 1638 eum
3116 1597 3296 1640 arceo.
3346 1584 3402 1639 Si
3448 1586 3593 1640 enim

2024 1682 2182 1740 negat
2213 1673 2322 1738 ille,
2355 1688 2517 1743 quem
2561 1673 2867 1732 confessum
2898 1690 3018 1731 esse
3059 1679 3226 1743 dicit,
3279 1693 3386 1734 non
3435 1679 3597 1734 debet

1945 1806 1991 1864 Β
2020 1784 2143 1824 eum
2170 1770 2573 1836 condemnare;
2622 1780 2717 1824 aut
2774 1785 2838 1827 se
2877 1769 3076 1840 injuria
3127 1771 3379 1829 aﬂectum
3404 1772 3594 1830 existi-

2017 1877 2188 1927 mare,
2220 1862 2361 1932 quod
2397 1862 2496 1932 ipsi
2520 1861 2620 1917 soli
2648 1877 2759 1918 non
2794 1863 3080 1920 adhibetur
3121 1864 3274 1923 ﬁdes.

2506 2022 2738 2082 CANON
2768 2023 3060 2081 CXXXIV.

2023 2182 2040 2212 ε
2080 2160 2160 2217 Ne
2187 2164 2475 2233 episc0pus
2508 2172 2714 2217 temere
2743 2161 3050 2232 quempiam
3113 2161 3287 2231 privet
3337 2175 3594 2218 commu-

2095 2273 2114 2306 ι
2155 2254 2336 2309 nione.
2379 2251 2650 2320 Quamdiu
2708 2261 2990 2322 segregate
3056 2267 3163 2307 non
3233 2252 3596 2308 communicat

2095 2364 2114 2396 ε
2151 2344 2399 2415 proprius
2448 2345 2754 2414 episcopus,
2803 2342 2979 2398 e’idcm
3038 2343 3291 2414 episcopo
3346 2343 3435 2398 alii
3486 2359 3592 2397 non

2093 2455 2114 2488 ε
2146 2434 2627 2507 communicabunt
2685 2432 2922 2504 episcopi
2979 2450 2994 2488 :
3049 2442 3109 2488 ut
3175 2433 3348 2504 magis
3403 2443 3594 2490 caveat

2099 2548 2118 2581 ε
2153 2527 2455 2599 episcopus,
2499 2541 2564 2582 ne
2593 2527 2852 2580 adversus
2891 2526 3125 2595 aliquem
3154 2527 3297 2581 dicat
3325 2525 3377 2581 id
3399 2567 3415 2592 ,
3448 2528 3592 2597 quod

2092 2641 2111 2673 ι
2146 2619 2487 2677 documentis
2512 2619 2741 2689 probare
2770 2616 2907 2687 apud
2937 2618 3074 2673 alios
3099 2632 3206 2672 non
3239 2625 3434 2686 potest.
3463 2637 3481 2671 ι

2092 2825 2281 2882 BALS.
2313 2823 2466 2893 Quod
2497 2824 2746 2893 superior
2783 2836 2956 2877 canon
3007 2819 3433 2891 pratermiscrat
3457 2860 3473 2884 ,
3507 2819 3595 2874 hic

2017 2918 2070 2973 iu
2097 2928 2342 2989 apertum
2379 2916 2618 2987 protulit.
2669 2915 2726 2971 ld
2757 2921 2941 2970 autem
2973 2922 3136 2968 erat:
3178 2912 3235 2968 Si
3260 2912 3430 2968 noluit
3473 2912 3593 2981 cpi.

2017 3028 2214 3082 scopus
2235 3013 2284 3066 ei
2320 3010 2731 3066 communicare
2768 3007 2861 3077 qui
2897 3021 2927 3060 a
2958 3021 3017 3062 se
3046 3013 3360 3076 segregatus
3386 3013 3503 3069 est,
3535 3015 3595 3060 ut

2017 3106 2109 3174 qui
2144 3105 2242 3174 ipsi
2277 3103 2495 3172 aliquod
2528 3101 2736 3155 crimen
2788 3099 3032 3154 dixerit:
3065 3097 3193 3167 quid
3243 3098 3291 3152 ei
3347 3097 3437 3152 lict
3476 3097 3594 3164 cpi-

329 3174 410 3240 τῷ
447 3167 673 3235 τοιούτῳ
718 3169 1003 3240 ἐπισκόπῳ
1050 3169 1339 3238 γενήσεται
1379 3168 1687 3237 ἀνευλόγως
1722 3168 1913 3238 haupt

2019 3149 2203 3264 :copor,
2234 3197 2322 3265 qui
2354 3149 2558 3262 injuria
2589 3204 2718 3246 ante
2749 3191 3255 3245 condemnationem
3308 3187 3583 3254 hominem

332 3277 490 3315 σαντι
521 3261 618 3316 καὶ
656 3262 761 3327 πρὸ
805 3259 1099 3330 καταδίκης
1133 3261 1225 3312 τὸν
1255 3259 1571 3328 ἄνθρωπονς
1613 3258 1751 3331 Φησὶ
1779 3258 1912 3328 γοῦν

328 3355 414 3410 ὃτι
459 3357 556 3409 ἐὰν
594 3353 832 3426 άφορίσῃ
874 3353 998 3406 τινὰ
1040 3353 1368 3420 ἁνευλόγως,
1410 3352 1498 3422 ἐφ’
1548 3355 1674 3407 ὅσον
1719 3354 1910 3422 καιρὸν

329 3449 541 3510 ὲκείνας
569 3447 631 3501 οὐ
655 3450 901 3501 κοινωνεῖ
930 3447 1008 3516 τῷ
1039 3445 1409 3516 άφορισθέντι,
1446 3444 1581 3515 μηδὲ
1607 3445 1800 3514 ἐκείνῳ
1833 3443 1910 3515 τῷ

329 3541 657 3611 ἀφορίσαντι
689 3539 914 3610 δηλαδὴ,
956 3540 1288 3593 κοινωνῶσιν
1327 3540 1374 3590 oi
1413 3537 1562 3591 ἄλλοι
1598 3537 1908 3591 ἐπίσκοποι.

343 3633 572 3700 Ἐπαγει
603 3630 660 3684 δι
707 3632 800 3684 καὶ
828 3630 927 3699 τὴν
956 3629 1162 3695 αἰτίαν,
1195 3631 1282 3682 ἵνα
1327 3630 1404 3701 μὴ
1434 3629 1618 3698 ταχεῖς
1648 3629 1741 3681 καὶ
1780 3629 1914 3681 άπε-

338 3715 739 3794 ρίσκεπτοιῶσι
769 3723 904 3793 πρὸς
930 3722 1264 3793 κατηγορίας
1291 3725 1386 3776 καὶ
1414 3722 1550 3791 πρὸς
1582 3720 1910 3792 ἁφοριςμὸν,

335 3818 432 3870 καὶ
474 3817 552 3888 μὴ
580 3817 726 3871 κατά
762 3833 924 3868 τινων
955 3817 1187 3883 λέγωσιν
1231 3816 1267 3869 ἃ
1305 3815 1516 3882 ἐλέγξαι
1544 3817 1608 3869 οὐ
1636 3814 1909 3869 δύνανται.

338 3909 446 3963 Καὶ
475 3910 588 3963 ἀπὸ
627 3909 726 3980 μὲν
757 3908 852 3963 τοῦ
891 3913 1161 3980 παρόντος
1191 3909 1412 3970 κανόνος
1446 3907 1590 3961 οὓτω
1623 3905 1912 3970 κολάζεται

333 4003 364 4054 ό
389 4001 696 4067 ἁνευλόγως
715 4001 980 4072 ἀφορίσας
1002 4001 1325 4064 ἐπίσκοπος.
1356 4001 1498 4070 Ἐγὼ
1516 3999 1574 4054 δὲ
1599 3998 1802 4071 νομίζω
1829 3999 1912 4052 ὅτι

333 4093 396 4145 οὐ
465 4091 626 4160 μόνον
683 4090 857 4145 ταῦτα
916 4092 1059 4146 οὕτω
1118 4092 1519 4163 κολασθήσεται
1583 4093 1612 4145 6
1668 4089 1912 4152 τοιοῦτος

336 4183 654 4248 ἐπίσκοπος,
677 4181 812 4236 ἀλλὰ
836 4183 929 4237 καὶ
955 4183 1046 4235 τοῦ
1072 4183 1364 4251 ἁνευλόγου
1381 4183 1574 4236 τούτου
1605 4179 1911 4254 ἀφορισμοῦ

337 4273 661 4346 λαληθέντος
694 4276 846 4347 παρὰ
876 4273 1083 4346 μείζονι
1112 4276 1380 4347 ἀρχιερεῖ,
1408 4277 1438 4329 6
1462 4277 1563 4346 μὲν
1599 4275 1914 4347 ἀφορισθεὶς

337 4367 636 4438 λυθήσεται
665 4367 759 4420 τοῦ
789 4366 1121 4439 άφορισμοῦ,
1150 4369 1178 4421 ό
1207 4367 1265 4420 δὲ
1296 4366 1565 4438 ἀφορίσας
1593 4366 1915 4439 τιμωρηθή-

2019 3285 2362 3356 segregavit?
2395 3287 2531 3340 Dicit
2557 3299 2707 3353 ergo,
2737 3283 2879 3353 quod
2910 3283 2954 3336 si
2989 3282 3222 3351 aliquem
3263 3279 3460 3348 injuria
3495 3295 3581 3335 se-

2019 3382 2306 3451 gregavit,
2354 3378 2609 3444 quamdiu
2669 3377 2757 3439 ei,
2813 3375 2906 3445 qui
2956 3384 3269 3444 segregatus
3311 3382 3433 3437 est,
3482 3387 3588 3427 non

2018 3472 2403 3536 communicat,
2440 3485 2539 3525 nec
2580 3470 2680 3533 illi,
2712 3467 2804 3537 qui
2849 3466 3153 3537 segregavit
3201 3467 3447 3531 scilicet,
3499 3465 3591 3519 alii

2017 3562 2500 3620 communicabunt
2526 3560 2790 3632 episcopi.
2821 3547 3108 3630 Suiijungit
3138 3557 3300 3611 etiam
3323 3572 3546 3610 causam
3574 3598 3588 3622 ,

2020 3672 2085 3710 ne
2118 3654 2422 3725 praecipites
2475 3655 2586 3709 sint
2628 3661 2681 3706 et
2713 3648 3099 3706 inconsiderati
3145 3648 3198 3702 in
3244 3648 3592 3702 accusatione

2018 3757 2072 3802 et
2120 3745 2405 3816 indigentia
2426 3743 2798 3814 segregatione
2829 3751 2921 3796 :et
2972 3755 3039 3795 ne
3086 3741 3271 3795 dicant
3329 3738 3592 3794 adversus

2021 3838 2251 3908 aliquos,
2275 3852 2394 3907 qua:
2433 3836 2662 3907 probare
2696 3849 2800 3887 non
2834 3841 3082 3901 possunt.
3121 3833 3189 3886 Et
3242 3846 3271 3884 a
3328 3831 3587 3901 praesenti

2019 3931 2235 4002 quidem
2264 3945 2472 3984 canone
2511 3930 2590 3984 sic
2619 3930 2839 3996 punitur
2871 3925 3158 3996 cpiscopus
3185 3963 3200 3988 ,
3255 3924 3347 3993 qui
3387 3923 3590 3993 injuste

2020 4023 2342 4093 segregavit.
2383 4021 2494 4091 Ego
2521 4031 2700 4074 autem
2733 4018 3008 4083 existimo,
3031 4017 3173 4088 quod
3198 4018 3243 4071 is
3278 4016 3589 4086 episcopus,

2019 4131 2125 4172 non
2157 4115 2330 4172 solum
2359 4115 2438 4168 sic
2469 4113 2725 4181 punietur
2746 4150 2764 4179 ,
2807 4111 2903 4166 sed
2942 4117 2998 4164 et
3043 4109 3182 4164 dicta
3215 4107 3591 4178 segregatione

2019 4208 2209 4279 majori
2238 4207 2471 4262 antistiti
2502 4206 2770 4274 exposita,
2800 4203 2846 4257 is
2884 4201 3125 4271 quidem,
3151 4201 3242 4269 qui
3276 4207 3360 4254 est
3401 4213 3586 4269 segre-

2019 4311 2196 4369 gatus,
2231 4315 2259 4354 a
2289 4301 2661 4369 segregatione
2691 4296 2933 4350 solvetur
2971 4312 2987 4349 :
3030 4292 3123 4362 qui
3174 4303 3355 4348 autem
3407 4305 3590 4362 segre-

2018 4392 2191 4463 gavit,
2234 4390 2489 4459 puuietnr
2514 4387 2804 4443 secundum
2833 4383 3122 4441 Justininni
3159 4383 3423 4440 novellam
3445 4423 3462 4450 ,
3493 4397 3587 4438 seu

340 4474 494 4512 σεται
518 4459 660 4511 κατά
678 4457 778 4530 τήν
813 4459 1236 4514 ’1ουστινιάνειον
1284 4459 1520 4528 Νεαρὰν,
1544 4458 1662 4531 ἦτοι
1690 4459 1830 4511 κατὰ
1854 4458 1912 4512 τὸ

2018 4457 2314 4540 secundum
2365 4481 2683 4537 vicesimum
2713 4489 2970 4548 quartum
3014 4485 3176 4547 caput
3218 4475 3386 4548 669
3428 4475 3588 4544 primi

342 4551 419 4606 κδ’
445 4551 642 4621 κεφάλ.
673 4551 768 4605 τοῦ
793 4557 841 4606 α’
870 4552 1050 4605 τίτλου
1075 4552 1172 4606 τοῦ
1206 4551 1256 4621 γ’
1282 4553 1513 4623 βιϐλίου,
1545 4552 1573 4605 ὃ
1602 4557 1690 4606 καὶ
1718 4553 1775 4605 ὲν
1797 4553 1915 4606 διας

341 4646 526 4716 φόροις
574 4646 764 4700 κανόσι
795 4644 1172 4715 κατεστρώθη,
1217 4647 1310 4698 καὶ
1345 4646 1488 4698 κατὰ
1519 4646 1610 4698 τὸν
1638 4645 1680 4698 δ’
1713 4646 1918 4699 κανόνα

343 4737 440 4808 τῆς
457 4738 501 4802 ζ’
531 4737 774 4792 συνόδου.
802 4738 913 4792 Καὶ
933 4736 1205 4806 ἀνάγνωθι
1230 4737 1321 4793 τὸν
1338 4735 1577 4790 τοιοῦτον
1606 4737 1803 4790 κανόνα
1825 4739 1919 4792 καὶ

345 4831 441 4902 τὴν
470 4829 686 4901 Νεαρὰν
706 4830 1183 4902 καταστρωθεῖσαν
1203 4830 1282 4894 είς
1303 4831 1398 4901 τὴν
1414 4831 1706 4901 ἑρμηνείαν
1727 4830 1917 4898 αὐτοῦ,

345 4921 553 4976 καὶτὸν
585 4919 647 4977 ιδ’
683 4923 885 4976 κανόνα
913 4922 1009 4990 τῆς
1034 4921 1094 4975 ὲν
1121 4922 1357 4992 Σαρδικῇ
1391 4922 1633 4977 συνόδου.

410 5035 658 5092 ΖΩΝΔΡ.
697 5039 765 5091 Ὃ
826 5035 1253 5110 παρεσιώπησεν
1291 5039 1321 5093 6
1373 5038 1631 5107 ἀνωτέρυ
1708 5054 1915 5105 κανων,

342 5127 494 5198 οὗτος
519 5135 859 5205 προήνεγκεν
889 5133 969 5195 είς
1001 5129 1255 5202 φανερόν.
1286 5132 1359 5186 Τὸ
1383 5131 1442 5185 δὲ
1465 5127 1533 5204 ἦν
1554 5132 1640 5199 τὸ,
1686 5133 1811 5188 Ἐὰν
1839 5134 1916 5206 μη

343 5226 526 5298 θέλῃό
555 5228 851 5287 ἐπίσκοπος
903 5223 1237 5293 κοινωνῆσαι
1271 5223 1349 5293 τῷ
1397 5227 1525 5296 παρ’
1585 5223 1754 5279 αὑτοῦ
1812 5227 1918 5295 ὰφ-

347 5319 636 5391 ορισθὲντι,
681 5318 756 5381 ὡς
801 5316 1054 5387 ἔγκλημά
1102 5335 1151 5370 τι
1196 5317 1344 5388 αὐτῷ
1381 5316 1826 5389 ἑξαγορεύσαντι,
1858 5320 1913 5373 τί

342 5413 467 5484 περὶ
503 5410 597 5464 τοῦ
617 5409 861 5464 τοιούτου
887 5410 1374 5481 οἰκονομηθήσεται
1407 5428 1424 5476 ;
1468 5413 1605 5481 One).
1653 5408 1783 5478 γοῦν
1806 5411 1910 5476 ὅτι,

342 5505 437 5558 ἰὰν
462 5504 710 5576 ἁφορίσῃ
767 5503 890 5557 τινὰ
913 5505 974 5557 οὐ
1003 5504 1253 5569 δικαίως,
1281 5504 1366 5571 ιφ’
1397 5503 1522 5555 ὅσον
1552 5505 1746 5572 καιρὸν
1772 5504 1914 5556 £st-

338 5614 430 5661 νος
444 5598 507 5651 οὐ
521 5598 770 5652 κοινωνεῖ
788 5595 863 5666 τῷ
891 5596 1259 5667 άτορισθέντι,
1282 5596 1414 5666 μηδὲ
1433 5596 1643 5668 ἐκείνῳ,
1675 5595 1753 5667 τῷ
1779 5595 1915 5666 ἀφο-

345 5686 787 5760 ρίσαντιθηλαδὴ,
806 5687 1134 5743 κοινωνῶσιν
1147 5689 1194 5740 οί
1214 5688 1363 5743 ἄλλοι
1385 5689 1694 5744 ἐπίσκοπον
1713 5690 1910 5759 ἐπάγει

342 5782 398 5838 ει
434 5783 530 5839 καὶ
559 5782 664 5853 τὴν
710 5782 911 5849 αἰτίαν,
941 5781 1028 5836 ίνα
1061 5784 1135 5853 μὴ
1160 5785 1347 5853 ταχεῖς
1386 5783 1484 5836 καὶ
1509 5785 1908 5855 ἀπερίσκεπτοι

620 5876 894 5939 Panos.
924 5877 1040 5937 Gn.
1090 5876 1480 5940 CXXXVIII.

2023 4574 2163 4628 tituli
2196 4573 2337 4628 tertii
2363 4572 2509 4637 libri,
2538 4572 2680 4640 quod
2704 4572 2871 4625 etiam
2924 4570 2978 4622 in
3016 4567 3244 4624 diversis
3287 4566 3590 4621 cauonibus

2017 4665 2181 4721 situm
2219 4673 2338 4728 est;
2367 4673 2420 4718 et
2446 4663 2742 4727 secundum
2775 4669 3030 4729 quartum
3060 4670 3323 4713 canonem
3346 4654 3587 4725 septimae

2016 4755 2231 4827 synodi.
2268 4754 2330 4807 Et
2361 4753 2474 4820 lege
2505 4751 2649 4806 hunc
2677 4762 2937 4804 cauonem
2995 4755 3050 4800 et
3097 4744 3374 4800 Novellam
3426 4743 3584 4799 sitam

2017 4848 2070 4903 in
2099 4849 2218 4918 ejus
2252 4845 2731 4915 interpretatione;
2765 4849 2823 4896 et
2852 4853 2974 4894 can.
3014 4837 3078 4893 ιι
3126 4835 3326 4892 sardic.
3372 4834 3583 4904 synodi.

2089 5048 2340 5106 ZONAR.
2368 5048 2526 5116 Quod
2559 5045 2779 5101 silentio
2823 5057 3076 5114 superior
3119 5054 3293 5094 canon
3344 5045 3578 5100 texerat,

2016 5143 2106 5197 hic
2135 5142 2189 5196 in
2228 5149 2477 5211 apertum
2519 5139 2764 5210 protulit.
2789 5135 2848 5191 id
2880 5145 3062 5189 autem
3113 5140 3234 5187 erat
3277 5126 3583 5198 ejusmodi;

2017 5229 2075 5286 Si
2116 5229 2584 5300 nolitgepiscopus
2608 5227 2659 5283 ei
2714 5225 3157 5287 communicare,
3211 5235 3368 5289 quem
3428 5217 3582 5287 quasi

2015 5323 2244 5379 crimina
2306 5322 2407 5390 ipsi
2454 5323 2763 5376 confessum
2793 5317 3120 5389 segregavit,
3150 5313 3282 5385 quid
3319 5311 3444 5366 huic
3482 5309 3584 5376 ipsi

2013 5415 2274 5484 episcopo
2303 5411 2440 5467 lict?
2476 5412 2800 5481 Respondet
2837 5409 3023 5479 igitur,
3062 5405 3207 5480 quod
3253 5403 3301 5460 si
3348 5403 3584 5472 aliquem

2015 5508 2210 5579 injuria
2241 5507 2573 5578 segregavit,
2605 5505 2849 5576 quandiu
2897 5503 2970 5571 ei,
2999 5500 3093 5574 qui
3127 5507 3444 5570 segregatus
3473 5504 3580 5558 est,

2015 5601 2131 5671 ipse
2161 5612 2268 5655 non
2303 5599 2712 5666 communicat;
2744 5611 2846 5652 nec
2873 5595 2952 5652 illi
2983 5591 3234 5649 videlicet
3263 5591 3355 5660 qui
3389 5601 3583 5659 segre-

2013 5695 2163 5771 gayit
2206 5693 2299 5749 alii
2351 5689 2593 5763 episcopi
2666 5687 3193 5753 communicabunt;
3248 5697 3583 5752 causamque

2013 5787 2276 5861 praterea
2328 5785 2642 5851 subnectit;
2666 5783 2814 5842 uein
2840 5781 3193 5838 accusatione
3245 5774 3581 5847 segregatio—

3200 5870 3272 5936 14
