4174 6302
553 299 657 360 499

1815 310 2090 373 THEOD.
2129 311 2531 378 BALSAMON

3684 320 3789 387 MO

557 438 575 470 ι
611 417 904 487 Bithynice
930 419 1237 488 metropoli,
1270 433 1332 474 ea
1356 434 1473 489 qua:
1520 436 1549 475 a
1606 422 1810 478 sanctis
1873 423 2109 478 Patribut

2231 448 2249 482 ι
2299 432 2629 503 μητροπόλει
2654 437 2751 504 τῆς
2783 434 3037 497 Βιθυνίας
3093 430 3418 503 αύθεντικῆς
3454 430 3691 498 συνόδου,
3720 437 3785 488 τά

556 529 572 559 ι
612 508 835 563 dellnita
866 517 918 563 et
941 509 1261 565 confirmata
1305 519 1451 577 sunt,
1487 512 1587 567 sub
1612 521 1810 567 nostra;
1839 514 1962 567 ﬁdei
1990 528 2117 582 pro-

553 619 570 651 ι
608 598 859 663 fossione,
895 610 1087 654 vestra:
1119 601 1390 656 eharitate
1416 604 1717 674 missuros;
1752 604 2117 657 necessarium

551 712 570 744 ι
609 693 764 756 duxi,
797 694 1003 749 domini
1046 694 1244 750 fratres
1276 699 1328 751 in
1355 697 1543 765 primis
1602 699 1968 764 venerabiles,
2030 714 2119 753 sa-

550 807 569 839 ι
606 788 865 843 lutatione
893 790 1249 857 praecedente.
1278 806 1374 860 per
1406 793 1651 846 eumdem
1680 792 1845 846 lilium
1874 799 2115 845 nostrum

553 897 571 930 ι
602 879 981 935 Innocentium
1016 882 1393 952 presbyterum
1426 883 1741 939 ﬁdelissima
1784 882 2116 954 exemplaria

549 988 566 1019 ι
606 970 930 1026 authentica:
958 972 1149 1042 synodi
1205 971 1418 1039 Nicaea,
1484 989 1603 1044 qua:
1664 973 1929 1047 Bithyniae
1988 974 2118 1028 urbs

551 1082 569 1115 ι
605 1073 707 1129 est,
739 1063 956 1131 habitae,
984 1075 1175 1120 vestrae
1205 1066 1460 1121 cltaritati
1486 1068 1745 1133 mittere;:
1778 1068 1921 1137 quod
1948 1066 2113 1121 etiam

553 1174 573 1207 ι
606 1156 660 1209 in
714 1156 1080 1211 ecclesiastica
1148 1156 1384 1213 Historia
1450 1171 1753 1227 quaerentes
1806 1160 2111 1214 invenietis.

550 1261 568 1292 ι
606 1242 677 1295 De
712 1241 916 1297 Pascha
974 1255 1179 1312 autem,
1243 1256 1302 1301 ut
1363 1248 1681 1316 scripsistis,
1735 1250 2115 1305 renuntiamus

551 1349 569 1382 ε
607 1333 776 1397 vobis,
810 1334 876 1388 Α.
913 1334 972 1390 D.
997 1336 1229 1404 septimo
1261 1337 1471 1393 decimo
1504 1338 1608 1393 cal.
1638 1337 1805 1394 Maias
1854 1350 2113 1409 sequente

552 1443 571 1475 ι
604 1424 897 1480 indictione
927 1441 1025 1483 nos
1058 1428 1452 1486 celebraturos.
1490 1430 1829 1501 Subscriptio
1861 1431 2037 1488 :Deus
2058 1442 2113 1488 et

557 1535 573 1568 ι
616 1516 879 1573 Dominus
911 1529 1097 1576 uoster
1119 1530 1363 1577 sanctam
1416 1534 1653 1580 vestram
1709 1526 1978 1597 synodum
2020 1541 2115 1582 cu-

548 1629 567 1659 ε
597 1610 814 1666 stodiat.
842 1612 998 1678 Quod
1026 1628 1265 1681 oramus,
1292 1615 1748 1674 venerabilissitni
1795 1618 2013 1674 fratres.
2047 1635 2066 1671 ι

540 1894 709 1969 674
747 1914 767 1951 ι
803 1896 996 1969 Incipit
1029 1902 1248 1967 epistola
1293 1905 1453 1958 Attici
1475 1906 1698 1973 episcopi
1732 1904 2110 1963 Constantino-

980 1989 1000 2023 ι
1038 1974 1259 2042 politani
1287 1975 1357 2028 ad
1386 1976 1611 2032 eosdem.
1635 1996 1654 2028 ι
1739 2027 1746 2033 .

615 2058 859 2117 Dominis
912 2065 1391 2123 venerabilissimis
1444 2074 1499 2122 et
1540 2067 1871 2124 beatissimis
1928 2066 2110 2123 fratri-

539 2154 641 2209 bus
669 2162 727 2210 et
756 2156 1110 2228 coepiscopis,
1146 2157 1390 2226 Aurelio,
1445 2160 1754 2223 Valentino,
1794 2172 1849 2217 et
1888 2162 2109 2231 reliquis

538 2245 630 2315 qui
666 2246 719 2301 in
746 2246 1001 2305 Africana
1032 2251 1238 2323 synodo
1298 2263 1693 2319 convenerunt,
1724 2252 1933 2310 Atticus
1989 2254 2108 2326 epl-

537 2352 755 2408 scopus.

542 2451 562 2481 ι
594 2432 696 2487 l’er
738 2434 904 2491 ﬁlium
932 2446 1174 2493 nostrum
1206 2440 1518 2498 Marcellum
1580 2445 1973 2503 subdiaconum
2007 2465 2103 2506 ve-

625 2535 868 2594 sslrum,
898 2529 1109 2588 litteras
1166 2544 1357 2589 vestrae
1413 2537 1722 2595 dilectionis
1779 2555 1904 2595 cum
1956 2546 2103 2599 omni

630 2641 646 2673 ι
680 2621 866 2678 laetitia
896 2628 1104 2697 accepi,
1131 2627 1237 2685 Deo
1258 2631 1461 2701 gratias
1484 2645 1670 2702 agens,
1693 2635 1835 2702 quod
1856 2635 2105 2706 dignatus

626 2734 649 2767 ι
678 2732 795 2772 sum
828 2718 934 2774 frui
977 2728 1248 2775 tantorum
1310 2721 1537 2778 fratrum
1574 2724 1973 2783 benedictione.
2002 2728 2105 2783 Do-

630 2810 807 2876 mnini
840 2809 1144 2868 beatissimi
1200 2814 1419 2882 fratres,
1469 2816 1786 2886 scripsistis,
1822 2826 1881 2873 ut
1934 2820 2105 2874 veris-

616 2920 634 2953 ι
668 2902 837 2959 sintos
856 2918 1114 2972 canones,
1153 2908 1246 2973 qui
1275 2905 1488 2972 Nicaeae,
1541 2925 1661 2979 quae
1701 2918 1785 2965 est
1835 2911 2101 2986 Bithyniae

616 3012 637 3044 ι
671 2995 1010 3063 metropolis,
1071 3013 1101 3052 a
1152 2998 1408 3055 Patribus
1459 3004 1737 3058 constituti
1780 3014 1927 3074 sunt,
1979 3017 2101 3078 post

620 3105 639 3136 ε
674 3086 797 3143 ﬁdei
831 3089 1227 3187 expositionem
1282 3092 1517 3149 mittam.
1560 3094 1629 3151 Et
1668 3095 1791 3165 quis
1850 3107 1955 3161 est,
2007 3099 2097 3169 qui
2125 3121 2175 3187 ρ

618 3199 637 3232 ι
664 3193 1006 3238 communem
1032 3182 1191 3239 ﬁdem
1220 3192 1275 3239 et
1301 3187 1518 3242 decreta
1542 3203 1570 3242 a
1610 3187 1681 3242 Pa
1693 3189 1865 3244 tribus
1896 3194 2099 3247 consti-

608 3284 799 3340 stuta,
860 3278 1095 3348 propriis
1137 3278 1395 3336 fratribus
1460 3282 1732 3351 deneget?
1786 3282 1941 3341 Unde
2001 3300 2100 3356 per

613 3387 638 3420 ε
665 3370 916 3425 eumdem
944 3370 1114 3426 lilium
1152 3382 1396 3427 nostrum
1432 3370 1751 3431 Marcellum
1811 3374 2102 3433 subdiaco-

618 3481 637 3512 ο
669 3477 797 3525 num
830 3473 1070 3517 vestrum
1101 3463 1260 3519 valde
1314 3465 1682 3529 festinantem,
1737 3471 2098 3536 quemadmo-

614 3573 633 3606 ι
664 3554 788 3610 dum
824 3570 1060 3613 canones
1089 3555 1278 3613 Nicmtc
1306 3573 1335 3613 a
1386 3557 1638 3615 Patribus
1694 3560 1900 3615 ἀεξηηίιί
1947 3570 2095 3627 sunt,

615 3664 634 3697 ε
671 3645 901 3715 integre,
957 3656 1014 3701 ut
1045 3647 1313 3717 iussistis,
1380 3649 1543 3715 misi;
1606 3663 1806 3719 rogans
1856 3660 2096 3706 vestram

610 3749 906 3795 «sanctam
972 3742 1277 3811 synodum,
1352 3751 1413 3797 ut
1476 3758 1574 3813 pro
1640 3758 1726 3798 me
1800 3743 2094 3814 plurimum

610 3852 629 3883 ι
667 3846 827 3887 orare
857 3831 1131 3903 dignetur.
1164 3834 1506 3903 Subscriptio
1538 3852 1554 3891 :
1593 3834 1850 3891 Dominus
1908 3844 2097 3892 noster

606 3944 625 3976 ι
665 3924 933 3981 custodiat
969 3936 1202 3980 vestram
1236 3930 1601 3993 sanctitatem,
1640 3927 1784 3999 quod
1835 3941 2080 3999 oramus,

612 4034 633 4069 ι
662 4016 991 4073 sanctissimi
1025 4016 1239 4073 fratres.
1286 4037 1303 4071 ι

601 4310 921 4381 «Incipiunt
975 4310 1306 4381 exemplaria
1372 4310 1605 4366 Nicaeum
1663 4309 1852 4379 synodi
1913 4310 1979 4366 A.
2017 4309 2079 4366 D.

529 4427 545 4457 ι
585 4414 738 4460 sexto
768 4403 1023 4460 calendas
1050 4401 1386 4468 Decembris,
1420 4411 1542 4471 post
1572 4404 1917 4458 consulatum
1965 4402 2081 4457 cla-

526 4520 543 4550 ε
581 4498 915 4553 rissimorum
938 4498 1353 4566 imperatorum,
1391 4494 1610 4551 Honorii
1642 4494 1739 4552 Xll
1798 4506 1854 4552 et
1899 4496 2086 4551 Tlieo-

531 4609 549 4641 ι
584 4590 720 4646 dosii
753 4587 849 4655 IX,
883 4589 1269 4658 Augustorum,
1334 4586 1613 4643 Bonifacio
1666 4585 1912 4641 Romanu
1966 4587 2085 4655 cpi-

529 4702 548 4735 ‹
597 4696 765 4753 scopo
792 4681 981 4736 missa.
1006 4680 1293 4737 Credimus
1316 4680 1368 4735 in
1428 4694 1592 4736 unum
1630 4678 1797 4736 Deum
1817 4678 2031 4735 Patrem
2066 4696 2083 4746 ;

526 4797 543 4827 ε
590 4788 644 4831 et
671 4774 929 4843 deinceps
958 4784 1204 4831 sanctum
1240 4773 1547 4845 symbolum
1593 4779 1653 4829 ut
1686 4771 1744 4829 in
1777 4775 1952 4846 prima
2001 4787 2088 4845 sy-

526 4890 542 4920 ι
583 4871 723 4926 nodo
753 4867 1016 4939 scriptum
1062 4876 1204 4924 est»

587 5049 841 5106 ZONAR.
869 5049 1004 5104 Huic
1034 5049 1280 5120 symbolo
1338 5048 1483 5113 fidei,
1530 5050 1697 5103 etiam
1744 5047 2080 5120 exemplaria

520 5143 900 5199 definitionum
944 5141 1144 5198 Nicaeui
1178 5141 1393 5197 concilii
1422 5155 1488 5195 ex
1537 5142 1852 5195 memoratis
1902 5154 2085 5195 sacer-

520 5236 741 5293 dotibus
767 5234 1024 5306 adjuncta
1084 5244 1231 5297 sunt,
1298 5244 1360 5290 ut
1412 5234 1661 5305 superius
1721 5234 1773 5289 in
1826 5233 2081 5289 omnibus

518 5329 900 5385 continentur:
941 5342 1061 5397 qua
1091 5342 1191 5383 nos
1220 5342 1364 5383 nunc
1415 5341 1635 5382 rursum
1698 5326 1889 5382 eadem
1940 5332 2081 5384 scrl-

519 5415 697 5470 benda
732 5429 853 5472 esse
876 5429 1101 5471 necesse
1126 5431 1234 5471 non
1265 5416 1595 5486 putavimus.

833 5593 1104 5661 Rescripta
1148 5593 1340 5666 Cyrilli
1400 5596 1761 5653 Alexandria.

2227 543 2246 574 ι
2290 524 2440 594 παρά
2464 523 2573 577 τῶν
2600 526 2769 592 ἀγίων
2800 526 3056 596 ῐιατέρων
3081 525 3366 597 ὁρισθέντα
3416 525 3509 577 καὶ
3557 523 3780 593 βεϐαιω-

2224 633 2244 665 ε
2285 616 2444 669 θέντα
2504 618 2759 671 ὑποκάτω
2793 617 2894 685 τῆς
2934 616 3221 686 ὁμολογίας
3252 615 3349 684 τῆς
3380 614 3650 686 ἡμετέρας
3691 617 3777 668 πί-

2225 727 2243 759 ι
2292 724 2498 771 στεως,
2561 712 2626 779 τῇ
2684 710 2929 780 ὑμετέρᾳ
2982 710 3174 783 ἀγάπῃ
3228 709 3374 778 ἡμᾶς
3444 710 3786 766 ἀποστεῖλαι.

2226 821 2243 852 ι
2289 804 2582 869 ἀναγκαῖον
2616 804 2935 874 ἡγησάμην,
2982 802 3506 874 κύριοιτιμιώτατοι
3548 804 3779 872 ἀδελφοὶ,

2224 912 2241 945 ι
2286 894 2582 962 ἀσπασμοῦ
2630 893 3071 964 προηγουμένου,
3126 894 3215 947 διὰ
3267 894 3360 947 τοῦ
3392 893 3558 949 αὐτοῦ
3592 894 3783 947 τέκνου

2223 1005 2242 1038 ι
2280 984 2437 1056 ἡμῶν
2476 984 2826 1040 Ἱννοκεντίου
2854 986 2946 1040 τοῦ
2990 987 3366 1057 πρεσϐυτέρου
3398 985 3467 1038 τὰ
3491 986 3782 1041 πιστότατα

2221 1099 2240 1133 ι
2282 1082 2372 1135 ίσα
2394 1080 2466 1134 τὰ
2491 1079 2590 1151 τῆς
2620 1080 2948 1149 αύθεντικῆς
2982 1082 3199 1136 συνόδου
3228 1079 3326 1149 τῆς
3354 1082 3410 1133 ἐν
3442 1084 3507 1151 τῇ
3536 1079 3783 1134 Νικαέων

2222 1191 2241 1223 ι
2286 1172 2439 1227 πόλει
2467 1174 2565 1244 τῆς
2618 1172 2869 1233 Βιθυνίας
2928 1174 3187 1244 ἐχόμενα,
3240 1176 3306 1245 τῇ
3358 1174 3611 1242 ὑμετέρᾳ
3644 1172 3782 1226 ἀπο-

2223 1285 2242 1318 ι
2288 1266 2493 1321 στεῖλαι
2548 1268 2757 1339 ἀγάπῃ·
2798 1270 2937 1337 ὅπερ
2990 1266 3084 1321 καὶ
3140 1269 3198 1321 ἐν
3256 1271 3320 1337 τῇ
3356 1266 3779 1337 ἑκκλησιαστικῇ

2219 1378 2239 1410 ι
2288 1360 2498 1430 ἱστορίᾳ
2525 1359 2811 1429 ζητοῦντες
2849 1360 3130 1430 εὑρήσετε.
3174 1360 3306 1429 Περὶ
3338 1360 3397 1413 δὲ
3426 1359 3519 1412 τοῦ
3571 1360 3782 1430 Πάσχα,

2220 1469 2239 1503 ι
2279 1452 2357 1515 ὡς
2387 1452 2691 1523 ἐγράψατε,
2748 1453 3157 1524 ἀναγγέλλομεν
3194 1454 3343 1524 ύμῖν,
3399 1457 3463 1523 τῇ
3490 1454 3595 1524 πρὸ
3626 1455 3782 1507 δεκα-

2219 1561 2239 1595 s
2274 1543 2415 1598 επτά
2470 1544 2749 1599 καλανδῶν
2802 1545 2998 1600 Μάτων
3053 1547 3203 1616 ἡμᾶς
3267 1546 3676 1608 ἐπιτελέσαντας
3718 1548 3782 1617 τῇ

2222 1656 2242 1691 ι
2287 1638 2732 1710 ὑπεισερχομένῃ
2761 1638 3074 1695 ίνδικτιῶνι.
3114 1640 3177 1694 Ἢ
3206 1640 3527 1709 ὑπογραφήο
3570 1638 3630 1691 '0
3654 1637 3783 1700 Θεὸς

2219 1749 2237 1782 ι
2278 1733 2409 1785 καὶὸ
2421 1731 2623 1802 Κύριος
2644 1733 2798 1802 ἡμῶν
2812 1733 2913 1804 τὴν
2929 1732 3089 1802 ἁγίαν
3107 1733 3261 1801 ὑμῶν
3284 1732 3503 1787 σύνοδον
3525 1731 3778 1801 φυλάξοι,

2221 1842 2241 1875 ι
2285 1823 2423 1896 ὅπερ
2456 1824 2750 1897 εὐχόμεθα,
2798 1825 3117 1897 τιμιώτατοι
3140 1826 3379 1895 ἀδελφοί.
3415 1845 3435 1877 ι

2214 1942 2492 2009 Ἀρχεται
2545 1942 2586 2008 ἡ
2624 1940 2922 2007 ἐπιστολὴ
2991 1940 3256 1996 Ἀττικοῦ
3284 1935 3390 1995 τοῦ
3436 1940 3782 1994 ἐπισκόπου

2317 2013 3019 2074 Κωνσταντινουπόλεως
3055 2013 3207 2080 πρὸς
3258 2011 3404 2077 τοὺς
3428 2012 3677 2075 αὐτούς.

2277 2101 2403 2164 Τοῖς
2463 2101 2674 2174 κυρίοις
2739 2103 3103 2170 τιμιωτάτοις
3180 2104 3271 2157 καὶ
3334 2100 3784 2171 μακαριωτάτοις

2207 2192 2460 2263 ἀδελφοῖς
2510 2195 2608 2250 καὶ
2657 2196 3097 2259 συνεπισκόποις,
3149 2193 3433 2268 Δύρηλίῳ,
3477 2194 3785 2265 Βαλεντίνῳ

2208 2286 2302 2340 καὶ
2346 2288 2461 2348 τοῖς
2520 2285 2729 2351 λοιποῖς
2782 2290 2894 2353 τοῖς
2956 2289 3012 2342 ἐν
3055 2290 3120 2362 τῇ
3164 2290 3398 2360 ’Λφρικῇ
3434 2285 3784 2341 συνελθοῦσιν

2209 2379 2433 2451 συνόδῳ,
2488 2380 2735 2445 Ἀττικὸς
2762 2381 3083 2444 ἐπίσκοπος.

2213 2490 2233 2523 ι
2277 2472 2376 2523 Διά
2425 2470 2518 2523 τοῦ
2574 2471 2764 2525 τέκνου
2794 2471 2951 2538 ἡμῶν
2977 2469 3320 2541 Μαρκέλλου,
3354 2470 3450 2523 τοῦ
3492 2468 3784 2524 ὑποδιακό-

2282 2583 2301 2616 ι
2343 2582 2436 2618 νου
2496 2564 2672 2634 ὑμῶν,
2735 2565 3038 2637 γράμματα
3094 2565 3187 2635 τῆς
3229 2565 3501 2637 ὑμετέρας
3560 2564 3782 2633 ἀγάπης

2282 2675 2301 2709 ι
2351 2658 2489 2727 μετά
2530 2659 2711 2728 πάσης
2759 2657 3110 2729 εὐχαριστίας
3142 2658 3437 2726 ἐδεξάμην,
3475 2656 3557 2727 τῷ
3592 2657 3783 2728 κυρίῳ

2283 2769 2302 2802 ι
2344 2750 2707 2819 εὐχαριστῶν,
2753 2751 2834 2802 ὅτι
2886 2746 3128 2818 ⁴ὴξιώθην
3199 2748 3470 2801 τοσούτων
3529 2746 3782 2816 ἀδελφῶν

2282 2861 2299 2892 ι
2343 2839 2595 2907 εὐλογίας
2663 2837 2990 2907 ἀπολαῦσαι,
3082 2837 3280 2909 Κύριοι
3366 2837 3785 2908 μακαριώτατοι

2278 2950 2297 2985 ι
2341 2931 2582 3001 ἀδελφοὶ,
2646 2931 2961 3002 ἐγράψατε,
3030 2930 3115 2984 ἵνα
3183 2932 3311 2993 τοὺς
3372 2929 3781 2999 ἀληθεστάτους

2279 3041 2297 3072 ι
2340 3021 2592 3085 κανόνας,
2646 3024 2773 3086 τοὺς
2803 3022 2861 3075 ἐν
2894 3024 2959 3093 τῇ
3009 3018 3259 3076 Νικαέων
3298 3021 3637 3093 μητροπόλει
3683 3023 3783 3091 ¹τῆς

2282 3132 2300 3164 ι
2345 3112 2597 3177 Βιθυνίας
2626 3111 2778 3185 παρὰ
2834 3112 2943 3165 τῶν
2973 3111 3237 3183 Πατέρων
3268 3112 3613 3183 ὁρισθέντας,
3645 3113 3780 3183 μετὰ

2279 3225 2297 3257 ι
2337 3205 2437 3277 τὴν
2485 3204 2723 3268 πίστεως
2755 3204 2972 3259 ἔκθεσιν
3017 3204 3345 3261 ἀποστείλω.
3382 3206 3494 3259 Καὶ
3512 3205 3601 3269 τίς
3628 3206 3781 3260 ἐστιν

2280 3316 2297 3350 ι
2339 3298 2368 3351 δ
2405 3295 2506 3371 τὴν
2536 3297 2723 3368 κοινὴν
2751 3296 2957 3361 πίστιν,
3014 3298 3111 3350 καὶ
3158 3298 3286 3361 τοὺς
3316 3300 3475 3367 ὅρους
3514 3301 3644 3362 τοὺς
3672 3298 3778 3351 ἀπὸ

2278 3410 2296 3443 ι
2337 3390 2445 3444 τῶν
2492 3390 2753 3460 Πατέρων
2806 3389 3223 3460 βεϐαιωθέντας,
3281 3392 3396 3455 τοῖς
3449 3390 3602 3454 ἰδίοις
3629 3390 3775 3443 ἀδελ-

2277 3500 2296 3535 ι
2343 3485 2465 3552 φοῖς
2501 3482 2873 3553 ἀρνούμενοςς
2912 3481 3079 3536 Ὅθεν
3103 3482 3191 3537 διὰ
3245 3481 3337 3537 τοῦ
3365 3483 3532 3538 αὐτοῦ
3581 3482 3777 3536 τέκνου

2279 3592 2298 3627 ι
2342 3573 2501 3645 ἡμῶν
2531 3573 2854 3645 Μαρκέλλου
2904 3573 3000 3629 τοῦ
3035 3575 3397 3630 ύποδιακόνου
3442 3576 3601 3648 ὑμῶν
3629 3577 3774 3630 πάνυ

2277 3685 2297 3719 ι
2344 3666 2687 3730 σπεύδοντος,
2720 3665 2904 3729 καθὼς
2940 3667 2991 3720 οἱ
3026 3666 3083 3720 ἐν
3122 3666 3330 3739 Νικαίᾳ
3380 3667 3491 3722 ἀπὸ
3523 3668 3636 3722 τῶν
3660 3669 3774 3721 Πα-

2273 3782 2293 3817 ι
2334 3763 2509 3831 τέρων
2571 3761 2888 3834 ὡρίσθησαν
2938 3764 3181 3827 κανόνες,
3247 3764 3307 3816 ἐν
3356 3762 3662 3833 ὁλοκλήρῳ,
3700 3760 3774 3825 ὡς

2273 3874 2292 3905 ι
2338 3854 2681 3921 ἐκελεύσατε,
2745 3854 3068 3921 ἀπέστειλα,
3125 3852 3296 3909 αίτῶν
3353 3855 3455 3927 τὴν
3495 3855 3774 3924 ὑμετέραν

2272 3965 2293 3999 ι
2336 3945 2498 4015 άγίαν
2549 3947 2767 4002 σύνοδον
2821 3947 2963 4019 ύπέρ
3014 3946 3152 4017 ἐμοῦ
3212 3946 3472 4008 πλείστας
3511 3945 3774 4013 εὔξασθαι

2272 4058 2292 4091 ι
2331 4040 2697 4107 καταξιῶσαι.
2741 4039 2805 4094 'll
2860 4040 3154 4112 ύπογραφή
3180 4057 3197 4074 ο
3238 4040 3299 4093 '0
3364 4039 3571 4111 Κύριος
3612 4039 3773 4109 ἡμῶν

2271 4150 2291 4185 ι
2336 4132 2565 4203 φυλάξοι
2607 4134 2708 4203 τὴν
2738 4131 3012 4203 ὑμετέραν
3045 4131 3381 4205 ἁγιωσύνην,
3431 4130 3571 4204 ὅπερ
3616 4130 3771 4202 εὐχό-

2270 4243 2290 4277 s
2334 4225 2492 4295 μεθα,
2526 4224 2819 4295 ἁγιώτατοι
2850 4225 3090 4294 ἀδελφοί.
3130 4244 3149 4277 ι

2269 4337 2286 4369 ι
2331 4319 2595 4389 ’Δρχεται
2624 4318 2695 4373 τά
2730 4317 2821 4371 ἶσα
2846 4317 2944 4386 τῆς
2970 4318 3027 4371 ἐν
3056 4316 3262 4387 Νικαίᾳ
3294 4315 3515 4369 συνόδου
3546 4316 3615 4371 τά
3636 4317 3771 4370 ἀπο-

2201 4430 2219 4463 ι
2267 4408 2530 4462 σταλέντα
2574 4411 2641 4479 τῇ
2687 4410 2795 4480 πρὸ
2824 4407 2883 4477 ἓξ
2905 4407 3187 4462 καλανδῶν
3225 4408 3597 4479 Δεκεμϐρίων,
3631 4407 3767 4477 μετά

2200 4519 2219 4551 ι
2262 4500 2359 4571 τὴν
2375 4498 2635 4554 ὑπατείαν
2662 4500 2771 4553 τῶν
2792 4500 3147 4567 ἐνδοξοτάτων
3171 4498 3460 4571 βασιλέων,
3497 4500 3763 4569 Ὀνωρίου

2199 4612 2217 4646 ι
2262 4592 2323 4648 τδ
2370 4592 2712 4657 δωδέκατον,
2763 4595 2857 4647 καὶ
2908 4592 3191 4647 Θεοδοσίου
3236 4594 3299 4647 τὸ
3353 4593 3597 4658 ἔννατον,
3656 4591 3767 4646 τῶν

2196 4705 2215 4738 s
2261 4686 2609 4755 Αὐγούστων,
2657 4685 2964 4754 Βονιφατίῳ
3021 4684 3100 4756 τῷ
3169 4686 3456 4756 ἐπισκόπῳ
3520 4684 3765 4755 Ῥώμης.

2193 4799 2215 4834 ι
2260 4779 2601 4850 Πιστεύομεν
2650 4780 2731 4840 είς
2778 4780 2875 4832 ἕνα
2919 4777 3052 4832 Θεὸν
3107 4778 3348 4848 Πατέρα·
3402 4780 3498 4833 καὶ
3562 4776 3764 4846 ἐφεξῆς

2195 4891 2215 4925 ι
2257 4871 2319 4926 τὸ
2373 4872 2530 4941 ἅγιον
2591 4870 2895 4943 σύμϐολον,
2948 4870 3024 4934 ὠς
3080 4871 3143 4924 ἐν
3197 4872 3263 4943 τῇ
3324 4870 3519 4944 πρώτῃ
3562 4870 3763 4940 συνόδῳ

2192 4981 2215 5017 ε
2259 4965 2498 5034 ἐγράφη.
2538 4983 2556 5015 ι

2259 5052 2507 5107 ΖΩΝΑΡ.
2537 5050 2628 5121 Τῷ
2654 5050 2883 5122 παρόντι
2922 5051 3175 5121 σὺμὸόλῳ
3213 5051 3313 5121 τῆς
3369 5052 3632 5116 πίστεως,
3671 5049 3761 5103 καὶ

2185 5144 2253 5198 τὰ
2278 5145 2367 5198 ἴσα
2398 5145 2507 5199 τῶν
2534 5146 2679 5213 ὅρων
2726 5146 2825 5214 τῆς
2882 5145 3055 5213 αὐτῆς
3078 5146 3138 5197 ὲν
3195 5144 3401 5215 Νικαίᾳ
3434 5144 3657 5197 συνόδου
3696 5145 3758 5196 ἐκ

2184 5236 2293 5289 τῶν
2321 5236 2811 5305 μνημονενθέντων
2877 5238 3069 5305 ἱερέων
3125 5234 3628 5306 προσεξεύχθησαν,
3683 5234 3757 5297 ὡς

2184 5327 2441 5397 ἀνωτέρω
2468 5329 2526 5379 ἐν
2554 5331 2687 5381 πᾶσι
2754 5330 3120 5400 περιέχονται·
3155 5330 3301 5399 ἆπερ
3332 5330 3493 5398 ἡμεῖς
3514 5326 3754 5381 ἐνταῦθα

2186 5416 2350 5470 πάλιν
2394 5417 2463 5470 τὰ
2524 5417 2664 5472 αὐτὰ
2718 5419 2997 5489 γραφῆναι
3050 5420 3348 5486 ἀναγκαῖον
3396 5416 3494 5488 οὐχ
3546 5414 3752 5487 ἡγησά·

2185 5510 2346 5579 μεθα.

2374 5604 2729 5673 ’Δντίγραεοα
2748 5601 3542 5671 ΚυρίλλουἈλεεανδρείας.

521 5684 741 5741 ABIS’I‘.
783 5706 801 5739 ι
831 5686 1289 5754 Quemadmodum
1337 5690 1405 5745 ad
1446 5704 1546 5745 nos
1599 5691 1929 5764 scripsistis;
1982 5708 2079 5750 nos

2197 5695 2400 5751 LPIET.
2466 5715 2486 5749 ι
2547 5699 2739 5761 Καθὼς
2809 5699 2941 5768 ἡμῖν
2995 5699 3293 5769 ἐγράψατε,
3325 5696 3391 5749 τά
3452 5694 3747 5748 πιστότατα

591 5794 610 5829 ι
648 5778 905 5834 ﬁdissima
945 5780 1275 5841 exemnlaria
1305 5783 1631 5839 authenticae
1650 5785 1840 5852 synodi
1859 5784 2073 5854 Νίσαια,

2264 5809 2281 5844 ι
2328 5792 2416 5843 ἴσα
2477 5790 2577 5856 νίς
2638 5789 2961 5857 αὐθεντικῆς
3013 5789 3232 5845 συνόδου
3260 5790 3360 5856 τῆς
3386 5791 3442 5842 ὲν
3501 5788 3752 5869 Νικαέων.
