4174 6302
475 378 581 444 442

1774 379 2050 441 ΤΗΕΟΙ).
2091 380 2181 438 ΒΛ
2192 379 2489 438 LSAMON

2091 380 2181 438 BA
2192 379 2489 438 LSAMON
3632 375 3738 442 444

552 515 571 547 ι
604 510 770 565 quem
808 503 894 551 tua
955 494 1241 560 sanctitas,
1267 509 1394 552 cum
1421 494 1749 552 credidisset
1778 496 2056 567 appellare
2081 499 2131 559 Α

2088 499 2131 559 Α
2238 512 2257 546 ι
2302 492 2834 563 ἐπιφέρνυν,νώσανεὶ
2858 494 2924 546 τὰ
2954 492 3390 565 πρισιλέγιαστῆς
3423 493 3736 566 Ῥωμαῖκῆς

552 609 569 639 ι
602 589 745 658 quod
770 588 994 660 quidem
1028 587 1266 658 probare
1314 602 1426 643 non
1450 587 1648 660 potuit,
1677 588 2047 644 communioni

542 702 564 734 ι
615 682 900 739 restituit:
951 681 1056 738 hoc
1109 690 1289 737 tamen
1332 682 1383 737 ei
1426 696 1535 737 non
1584 682 1871 752 processit,
1902 684 2046 752 quod

544 796 563 827 ι
596 776 778 831 adhuc
804 792 868 833 ex
896 786 1142 832 actorum
1191 775 1421 831 lectione
1457 776 1655 832 melius
1706 775 2045 848 cognoveris.

543 886 561 919 ι
602 867 879 924 Triduano
903 870 1050 925 enim
1081 878 1228 924 moto
1278 858 1555 925 laborioso
1576 869 1806 940 judicio,
1851 868 2048 937 inquo

546 982 564 1011 1
610 961 851 1027 diversa,
909 976 1033 1031 quae
1083 962 1135 1017 ei
1205 961 1647 1057 objiciebantur,
1706 960 2044 1016 aﬂlictissimi

542 1072 559 1103 ι
599 1052 1003 1122 quaerebamus,
1037 1052 1181 1107 Dens
1206 1052 1392 1122 justus
1416 1051 1618 1121 'judex,
1646 1054 1802 1109 fortis
1827 1062 1883 1109 et
1914 1054 2045 1109 lon-

543 1162 563 1195 α
603 1144 860 1215 ganimis,
908 1154 965 1199 et
994 1143 1305 1213 cocpiscopi
1339 1136 1516 1201 nostri
1547 1144 1793 1201 Faustini
1828 1146 2045 1200 dilatio-

547 1256 564 1285 ι
610 1250 728 1300 nes,
758 1244 814 1290 et
846 1234 1022 1306 ipsius
1079 1235 1287 1305 Apiarii
1342 1235 1693 1292 fmstatorias
1720 1237 1775 1292 in
1807 1236 2042 1292 dicendo

548 1348 566 1379 ι
603 1328 1111 1398 tergiversationes,
1158 1331 1364 1401 quibus
1397 1330 1640 1387 nefarias
1694 1346 1823 1387 suas
1879 1322 2043 1399 turpi-

542 1439 563 1471 ι
603 1421 816 1480 tudines
864 1422 1046 1481 velare
1098 1425 1424 1491 conabatur;
1464 1438 1662 1495 magno
1716 1424 2040 1491 compendio

544 1534 559 1564 ι
598 1516 932 1585 amputavit;
975 1516 1203 1574 molesta
1247 1518 1453 1573 scilicet
1503 1527 1557 1573 et
1588 1517 1747 1588 longe
1800 1516 2041 1587 fmiidis-

540 1624 560 1658 ι
601 1606 735 1661 sima
777 1604 1151 1665 obstinatione
1203 1623 1517 1679 compressa
1542 1648 1559 1674 ,
1620 1610 2041 1682 negationisque

540 1718 559 1750 ι
596 1699 955 1767 impudentia,
998 1715 1095 1771 per
1115 1715 1277 1770 quam
1316 1710 1524 1757 tantum
1553 1702 1893 1774 voluptatum
1920 1717 2037 1759 cut-

540 1809 560 1842 s
601 1806 727 1861 num
758 1791 992 1848 obruere
1041 1792 1279 1849 volebat.
1313 1792 1449 1849 Cum
1483 1794 1631 1849 enim
1681 1795 1825 1850 Deus
1854 1804 2038 1850 noster

538 1902 558 1936 ι
592 1858 710 1955 ejus
744 1886 1133 1943 conscientiam
1182 1885 1240 1941 in
1275 1888 1557 1958 angustias
1597 1888 1934 1950 deduxisset,
1982 1896 2039 1943 et
2070 1858 2112 1914 Β

539 1998 557 2031 ι
593 1995 715 2049 quae
746 1981 961 2035 occulta
1013 1990 1170 2036 erant
1208 1982 1261 2036 in
1294 1984 1460 2037 corde
1501 1992 1744 2053 peccata,
1781 1993 2037 2052 tanquam

532 2089 555 2123 ι
594 2076 647 2128 in
676 2073 966 2129 criminum
1004 2088 1163 2130 emno
1215 2074 1327 2145 jam
1358 2077 1746 2140 condemnata,
1783 2077 2038 2135 omnibus

529 2184 547 2217 ι
585 2166 750 2221 etiam
787 2166 1105 2223 hominibus
1134 2167 1493 2237 publicasset,
1542 2176 1773 2240 repente
1806 2169 1874 2225 ad
1907 2184 2039 2225 con-

537 2277 556 2312 ι
594 2260 894 2317 fessionem
945 2260 1191 2317 omnium
1236 2260 1341 2318 sibi
1374 2260 1709 2331 obiectorum
1744 2261 2032 2317 criminum

534 2371 551 2402 ι
594 2344 965 2409 fraudulentus
1016 2352 1291 2411 lniiciator
1345 2354 1569 2424 erupit,
1598 2361 1653 2409 et
1689 2352 1778 2407 vix
1817 2355 2035 2410 tandem

536 2463 552 2496 ι
591 2444 836 2499 omnium
868 2445 1268 2500 incredibilium
1299 2446 1621 2515 probrorum
1651 2444 1772 2515 ipse
1791 2447 2033 2515 seipsum

532 2555 551 2587 ι
586 2552 684 2591 sua
717 2547 912 2608 sponte
941 2536 1121 2608 arguit
1148 2553 1163 2603 ;
1198 2549 1253 2592 et
1288 2535 1461 2607 ipsam
1480 2536 1732 2592 similiter
1759 2552 1910 2606 spem
1936 2550 2036 2593 no.-

528 2648 546 2681 ι
584 2643 779 2696 stram,
802 2632 888 2687 cui
905 2632 1080 2700 ipsum
1106 2632 1553 2687 commiseramus
1569 2641 1623 2686 et
1636 2630 1955 2695 orabamus,
1972 2639 2034 2686 ut

530 2741 550 2776 ι
593 2740 623 2778 a
648 2734 755 2779 tam
785 2723 1050 2793 pudendis
1072 2722 1301 2779 maculis
1323 2731 1507 2793 posset
1528 2722 1770 2793 purgari,
1802 2738 2035 2778 conver-

529 2838 548 2869 ι
596 2818 657 2873 tit
683 2817 739 2873 in
765 2818 946 2873 luctus
977 2835 990 2871 :
1023 2817 1126 2873 nisi
1153 2820 1295 2887 quod
1324 2816 1465 2874 hanc
1491 2829 1731 2875 nostram
1754 2819 2030 2874 tristitiam

532 2930 548 2962 ι
594 2926 701 2966 uno
731 2926 905 2980 eoque
961 2910 1079 2965 solo
1125 2911 1323 2965 solatio
1369 2911 1656 2982 mitigavit,
1690 2912 1834 2981 quod
1861 2910 2030 2967 etiam

536 3026 554 3057 ι
597 3021 696 3062 nos
762 3022 790 3059 a
872 3006 1127 3061 maeroris
1184 3016 1446 3076 perpetuo
1494 3009 1687 3063 labore
1743 3008 2025 3073 liberavit},

529 3120 547 3149 ο
587 3110 641 3153 et
699 3100 816 3155 suis
864 3099 1206 3165 vulneribus,
1244 3100 1459 3154 etiamsi
1493 3100 1692 3156 invitus
1725 3111 1779 3157 et
1813 3103 2030 3171 propria

532 3208 552 3241 σ
588 3199 928 3259 repugnante
988 3189 1329 3245 conscientia
1386 3192 1698 3257 confessus,
1757 3193 2100 3291 medelamc

532 3302 550 3333 ι
588 3284 1026 3352 qualemcunque
1056 3283 1317 3353 providit,
1358 3285 1575 3339 domine
1605 3284 1797 3341 frater.
1827 3283 1883 3340 In
1914 3285 2027 3355 pri-

528 3395 547 3427 ι
584 3376 685 3431 mis
718 3390 845 3445 ergo
899 3374 1078 3431 cilicio
1132 3375 1329 3451 debita:
1380 3378 1749 3432 venerationis
1780 3378 2024 3448 impleto,

522 3487 540 3520 ι
582 3468 853 3537 supplices
887 3468 1240 3537 petimus,'ne
1269 3469 1527 3538 deinceps
1550 3470 1615 3525 ad
1636 3480 1848 3526 vestras
1865 3486 2039 3527 aures

529 3580 546 3612 ι
584 3575 699 3625 eos,
727 3562 818 3630 qui
876 3561 1004 3616 hinc
1033 3560 1295 3626 veniunt,
1335 3559 1496 3615 facile
1524 3561 1830 3618 admittaiis
1872 3581 1887 3619 :
1923 3577 2026 3619 nec

527 3671 545 3700 ε
588 3654 678 3723 qui
733 3668 761 3705 a
822 3636 1013 3707 nobis.
1044 3652 1499 3707 excommunicati
1536 3653 1757 3718 fuerint,
1795 3652 1845 3708 in
1875 3669 2024 3711 com-

530 3762 549 3796 ι
595 3744 906 3799 munioncm
966 3742 1149 3799 velitis
1206 3744 1351 3799 ultra
1410 3745 1678 3815 recipere.
1738 3743 1869 3801 ﬁam
1919 3747 2025 3801 hoc

526 3856 545 3891 ι
584 3852 799 3907 quoque
848 3837 900 3893 in
958 3834 1175 3892 Nicaeus
1246 3838 1455 3909 synodo
1504 3838 1783 3895 definitum
1837 3849 2021 3897 vestra

526 3949 544 3977 ι
582 3929 741 3986 facile
791 3929 1035 3985 inveniet
1094 3930 1401 3987 beatitudo.
1456 3929 1512 3986 Si
1570 3931 1715 3987 enim
1765 3933 1927 3988 etiam
1956 3933 2024 3989 de

530 4042 548 4074 ι
592 4021 945 4078 inferioribus
975 4022 1193 4077 clericis
1226 4032 1282 4078 et
1307 4023 1459 4079 laicis
1483 4023 1591 4079 illic
1623 4027 1835 4079 servari
1866 4025 2022 4082 vide-

529 4135 546 4165 ι
582 4125 705 4180 tur;
757 4114 860 4168 hoc
888 4113 1001 4165 vult
1035 4114 1205 4168 multo
1257 4113 1432 4183 magis
1458 4114 1620 4168 etiam
1647 4114 1717 4169 de
1751 4115 2024 4184 episcopis

525 4226 544 4257 ι
577 4205 815 4261 servari.
851 4205 1018 4276 676
1044 4203 1118 4260 Ne
1149 4219 1299 4275 ergo,
1336 4205 1428 4275 qui
1460 4204 1516 4259 in
1547 4205 1768 4275 propria
1798 4208 2021 4276 provin-

530 4320 547 4351 (
581 4302 664 4355 cia
696 4316 726 4355 a
758 4300 1142 4354 communione
1185 4300 1434 4368 suspensi
1472 4307 1617 4363 sunt,
1647 4314 1676 4353 a
1703 4308 1795 4355 tua
1816 4300 2025 4355 sancti-

527 4415 545 4444 ε
584 4402 713 4461 tate,
748 4393 927 4461 dedita
953 4408 1144 4462 opera,
1193 4401 1248 4447 et
1282 4403 1339 4447 ut
1372 4407 1476 4446 non
1511 4402 1747 4461 oportet,
1776 4407 2022 4448 commu-

528 4509 545 4539 I
584 4488 732 4542 nloni
768 4487 1005 4543 restituti
1065 4485 1377 4542 videantur.
1434 4484 2021 4555 Presbyterorum-au-

2229 605 2248 637 ι
2311 585 2637 655 Ἐκκλησίας
2685 587 2991 649 ὁιεκδικῶν,
3052 588 3145 639 καὶ
3180 586 3350 640 θέλων
3398 589 3561 641 αὐτὸν
3597 590 3734 661 παρ’

2230 698 2246 728 ι
2291 680 2448 748 ἡμῶν
2469 679 2546 740 είς
2572 679 2857 732 κοινωνίαν
2887 676 3164 749 δεχθῆναι,
3194 678 3309 751 δνη
3340 680 3407 751 σὴ
3442 682 3729 754 ἁγιωσύνη

2228 788 2244 820 ι
2295 770 2633 824 πιστεύσασα
2690 770 3070 835 ἐκκαλεῖσθαι,
3130 770 3270 843 ὅπερ
3320 772 3601 839 ἀποδείξαι
3628 776 3729 828 οὐκ

2226 882 2244 912 ι
2298 864 2555 943 ἡδυνῄθη,
2582 866 2644 935 τῇ
2682 864 2937 936 κοινωνίᾳ
2983 852 3323 920 ἀποδέδωκεν
3346 879 3362 895 ⁶
3388 869 3537 937 ὅμως
3568 862 3732 940 ⁴ἧττον

2226 976 2242 1007 ι
2303 958 2452 1027 αὐτῷ
2481 957 2639 1011 τοῦτο
2668 955 2964 1025 ἐξεγένετο,
2988 959 3125 1031 ὅπερ
3157 959 3237 1012 ἔτι
3268 961 3375 1033 μὴν
3398 965 3463 1033 τῇ
3483 960 3731 1029 ἀναγνώ-

2224 1066 2240 1099 ι
2292 1066 2375 1101 σει
2408 1066 2516 1103 των
2550 1051 2955 1121 πεπραγμένων
2980 1053 3302 1123 κρειττόνως
3331 1055 3535 1124 γνοίης.
3557 1057 3730 1129 Τριηο

2222 1161 2239 1192 ι
2291 1143 2457 1215 μέρου
2523 1146 2711 1214 μέντοι
2744 1146 2900 1214 δίκης
2946 1147 3041 1198 ιπὶ
3097 1146 3300 1215 μόχθου
3387 1146 3725 1219 κινηθείσης,

2219 1255 2239 1287 ι
2283 1237 2341 1289 ἐν
2370 1238 2480 1309 ὅσῳ
2508 1240 2575 1291 τὰ
2600 1238 2834 1308 διάφορα
2888 1238 2965 1309 τῷ
2988 1238 3138 1307 αὐτῷ
3163 1239 3546 1307 ὑποϐληθέντα
3596 1257 3727 1294 συν-

2221 1346 2239 1379 ι
2288 1329 2601 1399 τριϐόμενοι
2634 1329 2957 1401 ἐζητοῦμεν,
2994 1334 3021 1384 ὁ
3056 1329 3191 1394 Θεὸς
3216 1329 3482 1395 suum;
3510 1331 3725 1403 κριτὴς,

2219 1439 2239 1473 ι
2281 1423 2309 1474 ὁ
2342 1424 2561 1494 ίσχυρδς
2593 1426 2697 1479 καὶ·
2742 1426 3119 1495 μακροθυμος,
3175 1423 3277 1487 τάς
3330 1437 3391 1483 τε
3442 1426 3725 1498 παρολκάς

2218 1522 2240 1567 ι
2279 1513 2375 1569 τοῦ
2419 1518 2821 1572 συνεπισκόπου
2879 1518 3037 1588 ήμῶν
3102 1516 3425 1581 Φαυστίνου,
3490 1520 3584 1575 καὶ
3625 1520 3727 1585 τὰς

2216 1618 2235 1657 ‹
2280 1607 2436 1677 τριψε
2451 1609 2611 1680 ργίας
2634 1609 2728 1663 τοῦ
2760 1608 2925 1673 αὐτοῦ
2972 1610 3278 1679 Ἀπιαρίου,
3328 1606 3439 1675 αἷς
3464 1612 3568 1672 τὰς
3593 1612 3723 1667 ἀθε-

2217 1718 2235 1746 ι
2285 1698 2471 1767 μίτους
2492 1700 2661 1754 αὐτοῦ
2686 1701 3070 1773 αἰσχρότητας
3097 1702 3450 1774 συγκαλύψαι
3490 1704 3723 1776 ἐπηρεί-

2214 1810 2232 1843 ι
2280 1792 2423 1855 δετο,
2483 1795 2697 1866 μεγάλῃ
2743 1796 3010 1867 συντομία
3049 1796 3233 1866 ἔτεμε,
3290 1797 3724 1869 τῆςῖσικχαντῆς

2215 1900 2233 1935 ι
2283 1878 2487 1956 δηλαδή
2518 1889 2614 1940 καὶ
2663 1887 3391 1961 δυσωδεστέραςὲπιμονῆς
3442 1902 3725 1959 καταργιί⁴

2218 1996 2237 2028 ι
2280 1977 2491 2047 θείσης,
2546 1980 2641 2033 καὶ
2697 1980 2795 2051 τῆς
2860 1982 3250 2052 ἀναισχυντίας
3279 1983 3379 2052 τῆς
3413 1986 3719 2055 ἀρνήσεως,

2223 2089 2240 2121 ι
2287 2071 2356 2124 δι’
2408 2067 2476 2143 ἧς
2533 2073 2642 2127 τῶν
2721 2074 2995 2128 τοσούτων
3064 2074 3269 2145 ήδονῶν
3321 2075 3413 2129 τὸν
3459 2064 3723 2151 βόρϐορον

2214 2180 2233 2212 ι
2282 2163 2533 2219 ἐϐούλετο
2562 2166 2956 2227 κατασυθίσαι.
2991 2166 3098 2221 Τοῦ
3132 2167 3237 2239 γὰρ
3273 2168 3408 2223 Θεοῦ
3438 2169 3595 2240 ἡμῶν
3620 2169 3721 2242 τὴν

2214 2274 2232 2307 ι
2281 2257 2586 2329 συνείδησιν
2641 2259 2808 2315 αὐτοῦ
2856 2261 3391 2331 στινοχωρήσαντος,
3441 2264 3533 2316 καὶ
3566 2263 3637 2318 τὰ
3660 2266 3721 2319 ὲν

2212 2369 2230 2401 ι
2278 2353 2342 2423 τῇ
2373 2352 2572 2424 καρδίᾳ
2599 2354 2840 2425 κρυπτὰ,
2884 2353 2962 2418 ὡς
2992 2355 3048 2408 ἐν
3089 2354 3197 2408 ίλύῖ
3220 2352 3329 2408 τῶν
3351 2356 3719 2429 ἐγκλημάτων

2208 2462 2239 2495 4η
2275 2444 2377 2515 ήδη
2412 2446 2941 2518 καταδεδικασμένα,
3000 2448 3168 2500 πᾶσιν
3206 2447 3289 2501 ἔτι
3352 2446 3461 2518 μὲν
3492 2451 3602 2514 τοῖς
3625 2450 3722 2505 ἁν-

2198 2555 2231 2589 νι
2281 2538 2521 2608 θρώποις
2542 2539 3025 2611 δημοσιεῦσαντος,
3053 2540 3341 2609 αίφνιδίως
3390 2541 3472 2606 είς
3518 2542 3717 2612 ὁμολο-

2211 2637 2232 2683 ι
2278 2630 2405 2699 γίαν
2437 2632 2657 2686 πάντων
2694 2632 3115 2703 ὑποδληθέντων
3158 2633 3307 2704 αὐτῷ
3348 2635 3720 2705 ἐγκλημάτων

2210 2741 2228 2773 ι
2282 2724 2309 2775 δ
2329 2722 2509 2787 δόλιος
2530 2723 2766 2795 ἀρνητδς
2798 2724 3082 2798 ιξέρρηξε,
3103 2727 3199 2780 καὶ
3232 2728 3385 2799 μόλις
3411 2730 3541 2783 ποτὲ
3584 2731 3719 2801 περὶ

2212 2830 2230 2866 ι
2280 2817 2507 2873 πάντων·
2546 2818 2985 2873 τῶνέἀπιθάνων
3031 2819 3253 2874 ὀνειδῶν
3326 2823 3717 2889 ἐκοντὶμαύτὸς

2212 2930 2227 2960 ι
2270 2909 2745 2982 ἑαυτδνήλεγξεν,
2772 2916 2862 2965 καὶ
2880 2912 3052 2983 αὐτὴν
3078 2914 3283 2983 ὁμοίως
3307 2913 3407 2987 τὴν
3430 2918 3717 2991 ’ἡμετέραν

2209 3016 2229 3050 ι
2278 3001 2489 3067 ἐλπίδα,
2539 2996 2683 3077 ᾗτινι
2736 3005 2881 3057 καὶτ.
2910 3004 3320 3077 ἐπιστεύσαμεν
3367 3006 3554 3074 αὑτὸν,
3617 3012 3718 3065 καὶ

2212 3112 2229 3144 ι
2277 3094 2560 3167 ηὐχόμεθα
2585 3097 2650 3149 ἐκ
2674 3097 2783 3151 τῶν
2845 3097 3020 3162 οὕτως
3055 3098 3465 3170 ὲπαισχυντέων
3506 3103 3717 3158 σπίλων

2212 3202 2233 3237 ι
2278 3185 2541 3243 δύνασθαι
2571 3188 2955 3259 καθαρθῆναι,
2980 3191 3347 3263 μετέστρεψεν
3379 3196 3459 3259 είς
3490 3212 3721 3271 στεναγμ-

2209 3297 2229 3330 ι
2280 3276 2412 3348 μούς
2435 3292 2452 3310 ⁸
2476 3281 2533 3334 εί»
2557 3280 2633 3351 μὴ
2652 3281 2732 3350 ὅτι
2750 3280 2955 3352 ταύτην
2988 3282 3147 3352 ἡμῶν
3174 3284 3273 3355 τὴν
3299 3280 3478 3359 λύπην
3502 3291 3602 3361 μιᾷ
3617 3293 3711 3344 καὶ

2208 3388 2227 3422 ι
2272 3370 2405 3444 μόνῃ
2424 3372 2754 3445 παραμυθία
2777 3376 3179 3445 κατεπράϋνεν,
3196 3377 3282 3429 ὅτι
3318 3381 3412 3433 καὶ
3436 3380 3584 3450 ἡμᾶς
3617 3382 3715 3439 τοῦ

2210 3481 2228 3515 ι
2276 3464 2626 3535 ὁδυρμοῦτοῦ
2657 3464 2942 3538 διηνεκοῦς
2968 3468 3217 3538 καμάτου
3281 3470 3578 3541 εὐλύτωσε,
3617 3478 3715 3531 καὶ

2208 3575 2229 3609 ι
2275 3558 2387 3621 τοῖς
2444 3557 2594 3621 ίδίοις
2632 3557 2947 3629 τραύμασιν
2992 3558 3291 3631 ὁτεδήποτε
3328 3562 3503 3632 ίασεν,
3536 3568 3585 3619 εί
3614 3569 3714 3623 καὶ

2210 3669 2227 3700 ι
2275 3650 2547 3714 ἀκουσίως
2563 3652 2769 3715 καὶτῆς
2793 3650 2931 3716 ιδίας
2956 3653 3314 3724 συνειδήσεως
3337 3657 3715 3730 ἁντιμαχομέ-

2209 3762 2227 3794 ι
2275 3761 2373 3816 νης
2399 3742 2741 3814 ὁμολογήσας
2776 3745 3168 3817 προενοήσατο,
3201 3747 3356 3819 κύριε
3388 3752 3603 3821 ἀδελφέ.
3624 3755 3715 3811 Ἐν

2209 3857 2227 3886 ο
2286 3837 2548 3908 προφάτῳ
2564 3838 2746 3893 τοίνυν
2768 3836 2860 3891 τοῦ
2882 3840 3217 3911 καθήκοντος
3236 3841 3332 3911 τῆς
3359 3843 3715 3918 ὀφειλομένης

2208 3947 2227 3978 ι
2267 3929 2693 4000 προσκυνήσεως
2737 3928 3209 4002 ὲκπληρουμένου,
3248 3935 3585 4007 ἱκετεύομεν,
3625 3940 3715 3996 ἵνα

2208 4042 2226 4073 ι
2269 4021 2367 4083 τοῦ
2389 4022 2576 4078 λοιποῦ
2601 4022 2737 4094 πρὸς
2754 4024 2852 4089 τὰς
2885 4024 3156 4098 ὑμετέρας
3173 4027 3341 4093 ἀκοὰς
3372 4030 3495 4094 τοὺς
3519 4033 3718 4088 ἐντεῦ-

2212 4136 2229 4167 ι
2275 4117 2366 4170 Θεν
2401 4119 2873 4187 παραγινομένους
2927 4118 3168 4191 εὐχερῶς
3215 4123 3291 4192 μὴ
3316 4124 3712 4198 προσδέχησθεο

2207 4229 2224 4262 ι
2271 4208 2404 4278 μηδὲ
2430 4211 2558 4273 τοὺς
2586 4209 2717 4282 παρ’
2745 4209 2905 4281 ἡμῶν
2927 4211 3448 4283 ἁποκοινωνητέους,
3479 4219 3559 4283 είς
3599 4239 3713 4276 xm.

2209 4323 2227 4355 ι
2277 4303 2479 4357 νωνίαν
2507 4302 2602 4357 τοῦ
2630 4303 2819 4359 λοιποῦ
2854 4304 3120 4377 θελήσητε
3146 4306 3470 4379 μδέξασθαιτ
3493 4313 3710 4390 Ἐπειδὴ

2204 4415 2223 4447 ι
2265 4395 2421 4450 τοῦτο
2451 4395 2546 4450 καὶ
2568 4398 2633 4468 τῇ
2668 4398 2725 4450 ὲν
2756 4396 2964 4468 Νικαίᾳ
2995 4398 3198 4469 συνόδῳ
3224 4400 3442 4471 ὁρισθὲν
3470 4404 3712 4477 εὐχερῶς

2206 4509 2224 4541 ι
2267 4485 2461 4560 εῦροιή
2490 4488 2555 4560 σὴ
2579 4488 2962 4561 σεϐασμιότης.
2990 4490 3050 4543 Εί
3070 4490 3176 4561 γὰρ
3205 4495 3300 4555 καὶ
3328 4494 3455 4565 περ).
3473 4500 3711 4551 κατωτέ-

530 4595 688 4636 item
738 4579 989 4637 similiter
1050 4589 1106 4633 et
1159 4578 1611 4647 consequentium
1691 4570 2017 4631 cleriCorum
2057 4600 2105 4661 ο

2063 4600 2105 4661 ο
2207 4601 2226 4631 ι
2276 4597 2386 4649 ρων
2411 4579 2694 4649 κληρικῶν
2732 4579 2831 4634 καὶ
2887 4581 3016 4650 περὶ
3073 4579 3280 4637 λαῖκῶν
3318 4583 3566 4661 φαίνεται
3596 4586 3711 4641 ἐκεί

524 4698 542 4726 ι
584 4676 929 4746 impudentes
982 4672 1161 4744 fugas,
1222 4683 1282 4726 ut
1343 4682 1394 4727 te
1422 4670 1645 4741 dignum
1699 4677 1809 4734 est,
1841 4682 2024 4739 perse-

527 4788 544 4820 ι
591 4780 789 4838 quetur
849 4775 941 4822 tua
996 4767 1282 4823 sanctitas.
1332 4761 1469 4817 Nam
1518 4777 1693 4832 neque
1723 4775 1819 4832 per
1848 4759 2020 4816 ullum

530 4880 547 4910 ι
593 4861 814 4914 Patrum
868 4859 1146 4915 decretum
1200 4858 1320 4912 hoc
1358 4854 1627 4910 Africanae
1653 4853 1910 4913 Ecclesia
1939 4861 2023 4909 est

531 4972 549 5004 ι
591 4952 919 5019 prohibitum
953 4970 971 5006 :
1015 4962 1071 5008 et
1124 4949 1361 5005 Nicanae
1414 4947 1605 5020 synodi
1639 4954 1869 5013 statuta,
1901 4945 2021 5003 sive

532 5066 549 5097 ι
585 5045 814 5101 clericos
843 5043 1118 5099 inferioris
1148 5041 1515 5114 grulus,‘sive
1543 5040 1693 5110 ipsos
1716 5040 2021 5111 episcopos,

531 5159 549 5189 σ
593 5140 832 5211 propriis
860 5136 1294 5208 Metropolitanis
1349 5133 1698 5205 apertissime
1727 5133 2023 5189 commise-

529 5254 548 5285 ι
584 5242 735 5289 runt.
786 5231 1074 5303 Sapienter
1105 5231 1251 5286 enim
1283 5238 1339 5285 et
1394 5228 1543 5297 iuste
1584 5237 1979 5297 perspexerqu
2006 5266 2023 5292 ,

531 5349 548 5380 ι
591 5341 926 5399 quascunque
953 5324 1156 5379 fuerint
1202 5330 1392 5377 exorta
1437 5323 1677 5389 negotia,
1714 5334 1777 5374 ea
1809 5318 1862 5374 in
1896 5333 2025 5389 pro-

526 5440 546 5472 ι
586 5419 720 5489 priis
750 5418 881 5472 locis
913 5415 1193 5471 terminari
1252 5414 1476 5469 debere.
1508 5412 1693 5480 Neque
1720 5412 1863 5467 enim
1898 5410 2023 5466 uni-

530 5530 550 5566 ι
588 5511 785 5580 cuique
821 5508 1177 5580 providentia:
1231 5504 1421 5561 Sancti
1494 5505 1737 5574 Spiritus
1795 5504 2025 5574 gratiam

532 5624 553 5658 ι
594 5606 786 5661 deesse
842 5610 1122 5673 putarunt,
1159 5616 1254 5671 per
1311 5614 1473 5670 quam
1503 5597 1716 5668 iustitia
1755 5611 1789 5651 α
1818 5596 2024 5653 Christi

536 5719 558 5751 s
588 5698 963 5754 sacerdotibus
1019 5706 1075 5751 ct
1133 5697 1347 5751 videtur
1378 5694 1693 5763 prudenter,
1718 5698 1771 5745 et
1801 5690 2027 5745 ﬁrmiter

540 5809 562 5843 ε
610 5800 847 5855 tenetur,
881 5791 1115 5844 maxime
1172 5789 1315 5857 quod
1380 5787 1543 5840 etiam
1578 5784 1873 5852 unicuique
1898 5797 2028 5837 con-

540 5902 563 5937 ο
602 5897 815 5938 cessum
835 5892 940 5948 est,
966 5883 1009 5938 si
1041 5882 1091 5937 ei
1113 5883 1376 5948 videatur,
1403 5881 1468 5935 de
1494 5878 1735 5949 judicum
1762 5877 2030 5931 sententia

2205 4692 2223 4724 ι
2271 4669 2813 4741 παραφυλάττεσθαι,
2837 4670 3017 4743 πολλῷ
3050 4672 3250 4743 μᾶλλον
3270 4675 3425 4732 τοῦτο
3446 4678 3575 4747 περὶ
3590 4683 3711 4733 ἑπι-

2205 4782 2225 4816 ι
2273 4762 2489 4816 σκόπων
2534 4761 2787 4831 βούλεται
2821 4762 3349 4833 παραφυλαχθῆναι.
3385 4765 3479 4834 Μὴ
3505 4761 3600 4819 οὖν
3655 4770 3707 4823 oi

2202 4875 2222 4908 ι
2270 4858 2425 4926 ὲνντῇ
2462 4854 2569 4922 ίδίᾳ
2599 4852 2847 4926 ἐπαρχίᾳ
2878 4854 2986 4910 ἀπὸ
3007 4855 3105 4925 τῆς
3141 4858 3428 4921 κοινωνίας
3474 4860 3712 4935 ἀναρτη-

2206 4966 2223 4997 ι
2274 4945 2457 5008 θέντες
2512 4943 2665 5017 παρὰ
2691 4945 2790 5015 τῆς
2841 4944 2942 5015 σῆς
2991 4944 3327 5014 ἁγιωσύνης,
3383 4949 3710 5019 σπουδαίως,

2200 5058 2221 5091 ι
2270 5038 2364 5099 καὶ
2394 5037 2580 5102 καθὼς
2628 5037 2712 5109 μὴ
2739 5036 2870 5111 χρὴ,
2906 5037 3164 5108 ,φανῶσιν
3209 5041 3711 5114 ἀποκαθιστάμενα

2205 5155 2223 5187 ι
2266 5135 2335 5204 τῇ
2358 5132 2637 5203 κοινωνίᾳ.
2699 5132 2809 5188 Καὶ
2840 5132 2950 5186 τῶν
2977 5132 3369 5206 πρεσϐυτέρων
3405 5135 3462 5189 δὲ
3506 5138 3711 5204 ὁμοίως

2204 5247 2221 5280 ι
2273 5226 2365 5280 καὶ
2420 5210 2530 5282 τῶν
2559 5224 2845 5295 ἑπομένων
2864 5222 3146 5295 -κληρικῶν
3176 5227 3275 5290 τὰς
3306 5228 3544 5294 ἀναιδεῖς
3571 5231 3711 5284 ἀπο-

2208 5341 2226 5372 ι
2274 5321 2470 5389 φυγὰς,
2511 5319 2589 5384 ὡς
2617 5319 2763 5372 ἐστιν
2807 5337 2900 5373 σου
2934 5321 3107 5387 ἀξιον,
3144 5321 3435 5388 ἀποδιώξει
3478 5327 3512 5395 ἡ
3536 5325 3713 5393 ἁγιω-

2211 5433 2227 5465 ι
2278 5413 2409 5482 σύνη
2444 5413 2478 5483 ἡ
2499 5412 2590 5482 σή.
2649 5410 2866 5480 Ἐπειδῆ
2898 5412 2992 5469 καὶ
3025 5412 3087 5464 οὐ
3140 5411 3230 5466 διά
3259 5430 3405 5478 τινος
3443 5416 3571 5487 ὅρου
3600 5416 3713 5469 τῶν

2208 5526 2225 5557 ι
2274 5503 2531 5572 Πατέρων
2549 5499 2706 5555 τοῦτο
2725 5500 3101 5570 ἀπηγόρευται
3120 5504 3187 5573 τῇ
3214 5504 3273 5555 ὲν
3312 5502 3543 5573 ’Δφρικῇ
3587 5504 3714 5559 Ἐκ-

2208 5618 2229 5650 ‹
2274 5595 2477 5668 κλησίᾳ
2496 5610 2509 5623 ο
2540 5594 2636 5654 καὶ
2666 5593 2731 5647 τὰ
2762 5592 3089 5663 ψηφίσματα
3129 5594 3227 5663 τῆς
3251 5596 3309 5649 ἐν
3354 5594 3560 5668 Νικαίᾳ
3585 5613 3712 5649 συν-

2212 5711 2229 5743 ι
2275 5690 2418 5754 ὁδου,
2473 5687 2589 5746 εἴτε
2632 5687 2929 5757 κληρικοὺς
2995 5686 3091 5757 τοῦ
3151 5688 3462 5760 κατωτέρου
3497 5687 3710 5759 βαθμοῦ

2213 5803 2230 5835 ι
2278 5784 2391 5838 εἴτε
2449 5780 2650 5842 αὐτοὺς
2687 5779 2813 5842 τοὺς
2857 5778 3220 5849 ἐπισκόπους,
3273 5783 3383 5845 τοῖς
3425 5781 3574 5846 ἰδίοις
3602 5798 3711 5852 μη-

2222 5896 2240 5930 ι
2289 5873 2633 5946 τροπολξταις
2676 5872 3034 5945 φανερώτατα
3057 5874 3437 5946 κατέπεμψαν.
3461 5876 3705 5941 Συνετῶς
