4174 6302
533 315 644 384 463

1819 325 1920 386 ΤΗ
1929 325 2093 392 BOD.
2136 325 2537 390 BALSAMON

3660 331 3767 396 164

543 461 681 503 nare
709 461 817 502 aon
849 446 1112 503 debemus
1139 461 1239 501 nec
1263 445 1523 517 jejunium
1557 448 1785 513 solvere,
1821 464 1890 504 ne
1915 449 2098 503 vldea-
2128 468 2145 510 ι

2216 448 2460 514 στεύειν,
2489 450 2607 505 οὐδὲ
2657 451 3057 520 ἀπονηστίζειν,
3088 450 3175 506 ἵνα
3228 451 3302 524 μὴ
3336 447 3571 522 δόξωμεν
3605 451 3766 506 ἔναν-

545 554 674 594 mur
704 551 1011 609 repugnare
1042 539 1348 595 canonibus
1379 538 1475 609 qui
1512 548 1760 596 statuunt
1787 555 1889 598 nos
1911 541 2102 597 diebus

539 628 847 687 Dominicis
875 645 982 686 non
1010 631 1210 686 debere
1241 629 1510 702 jejunare.
1541 630 1655 687 Etsi
1687 633 1830 687 enim
1855 633 1974 688 dies
1997 642 2104 687 ter-

545 722 656 776 tius
708 729 991 791 reputetur
1015 719 1354 788 Dominicus,
1391 722 1566 777 solum
1608 731 1786 777 tamen
1819 736 2102 795 propterea

546 814 690 880 quod
734 813 896 867 trium
935 813 1144 868 dierum
1183 814 1511 870 resurrectio
1537 828 1662 870 eum
1715 814 1961 884 attingat,
1992 823 2104 868 ter-

549 905 658 958 tius
711 903 909 958 dicitur
935 920 950 956 ι
977 913 1060 959 est
1101 903 1246 958 enim
1279 904 1509 974 primus.
1550 903 1615 959 Et
1644 905 1714 958 89
1761 907 2103 977 can.syn.in

550 992 738 1048 Trullo
762 994 1162 1061 convenienter,
1187 992 1306 1059 die,
1330 1001 1454 1048 ante
1485 995 1671 1048 horam
1693 994 1976 1063 septimam
2008 1008 2105 1047 no-

548 1084 727 1139 cturni
759 1082 985 1140 Sabbati
1014 1085 1213 1140 debere
1235 1099 1337 1140 nos
1359 1083 1626 1155 jejunium
1651 1084 1861 1139 solvere
1892 1084 1944 1136 in
1968 1099 2104 1153 qua-

549 1189 765 1244 cunque
794 1175 927 1229 hora
956 1175 1188 1231 voluerit
1223 1175 1492 1245 quispiam
1527 1188 1592 1229 ex
1640 1189 1732 1228 sex
1777 1173 1966 1242 primis
2010 1173 2107 1227 hoc

549 1264 647 1327 ris,
681 1266 842 1334 idque
881 1265 1105 1318 omnino
1135 1279 1203 1320 ex
1256 1264 1427 1318 libera
1481 1263 1910 1334 uniuscujusque
1955 1273 2109 1334 pote-

549 1362 690 1410 state
715 1361 770 1410 et
792 1356 1039 1412 arbitrio.

629 1440 894 1516 520mm.
919 1444 1054 1501 Huic
1117 1444 1528 1514 interrogationi
1568 1444 1857 1515 respondet
1914 1443 1960 1498 is
2017 1443 2106 1500 cui

551 1534 827 1604 proposita
891 1534 1242 1605 interrogatio
1299 1544 1383 1590 est
1439 1551 1455 1592 :
1507 1534 1801 1591 Postulasti
1865 1535 2107 1590 sedulam

551 1623 756 1695 imponi
801 1625 996 1695 legem,
1025 1626 1127 1680 hoc
1154 1634 1257 1692 est,
1308 1626 1547 1696 regulam
1603 1621 1942 1694 formamque
1967 1639 2108 1694 pra-

551 1716 716 1772 scribi
742 1755 754 1779 ,
802 1732 866 1771 ac
903 1717 1142 1771 adhibita
1179 1716 1459 1787 diligentia
1501 1717 1634 1772 certi
1684 1714 1891 1787 aliquid
1940 1714 2106 1771 statui

551 1811 620 1866 de
655 1811 788 1865 hora
820 1808 1112 1864 Dominiczr
1143 1808 1591 1877 resurrectionis;
1622 1810 1767 1878 quod
1797 1808 2017 1879 quidem
2051 1816 2106 1861 et
2136 1788 2179 1844 Β

551 1902 764 1959 dimcile
798 1911 881 1958 est
931 1915 986 1958 et
1033 1903 1344 1958 lubricum:
1372 1901 1838 1973 quandoquidem,
1870 1910 1993 1972 post
2013 1916 2107 1957 ex-

550 1996 774 2050 citatum
800 2010 831 2050 a
858 1995 1088 2051 mortuis
1119 1993 1407 2050 Dominum
1435 1995 1849 2051 resurrectionis
1875 1993 2097 2050 celebri-

551 2089 716 2139 tatem
773 2084 1020 2138 inchoari
1053 2092 1284 2154 Oportet,
1316 2085 1599 2154 hucusque
1626 2084 1960 2156 jejunantes,
1989 2084 2134 2138 ani-s

553 2173 736 2242 mique
761 2172 865 2229 hoc
901 2182 1060 2244 pacto
1084 2173 1466 2229 demissionem
1490 2185 1764 2230 curantes.
1794 2173 1850 2229 ln
1868 2190 1934 2230 ea
1956 2190 2112 2229 nam.

548 2278 661 2334 que
705 2278 828 2334 qua:
877 2280 973 2334 per
1001 2264 1268 2335 jejunium
1311 2274 1394 2321 est
1444 2266 1687 2335 corporis
1741 2266 2106 2333 aﬂlictatione,

551 2353 720 2410 animi
747 2354 1009 2411 demissio
1031 2357 1325 2427 quaeritur;
1359 2367 1419 2413 ut
1469 2357 1702 2428 proinde
1724 2359 1771 2414 si
1801 2359 1996 2414 elatior
2035 2359 2107 2414 sit

547 2444 844 2519 jejunantis
886 2448 1125 2512 animus,
1154 2449 1370 2504 irritum
1409 2463 1532 2504 esse
1570 2448 1840 2521 jejunium
1866 2451 2110 2507 omnium

549 2537 896 2594 confessione
931 2537 1230 2610 judicetur.
1267 2538 1500 2610 Subjicit
1524 2541 1717 2596 deinde
1743 2558 1761 2598 :
1789 2540 2112 2612 Quicunque

551 2629 620 2684 ad
653 2630 964 2698 sepulcrum
1012 2640 1140 2686 sunt
1183 2630 1436 2700 profecti,
1461 2647 1558 2688 eos
1599 2631 1708 2695 iam
1754 2622 2046 2686 excitatum
2077 2647 2108 2686 a

551 2721 788 2775 mortuis
821 2719 1110 2777 Dominum
1163 2723 1484 2792 reperiisse;
1520 2738 1693 2792 neque
1720 2723 2006 2802 dissidere,
2036 2723 2113 2777 in-

551 2813 692 2880 quit,
727 2827 791 2867 ac
822 2813 924 2867 sibi
955 2813 1182 2869 invicem
1225 2815 1500 2870 adversari
1549 2815 1910 2884 evangelistas
1959 2815 2110 2869 arbi-

554 2913 782 2968 tremur,
827 2904 973 2974 quod
1023 2921 1150 2960 eum
1200 2907 1388 2960 eadem
1440 2914 1598 2960 nocte
1649 2905 1936 2962 Dominum
1991 2922 2112 2962 sur-

553 2991 763 3047 rexisse
795 2993 1070 3046 communi
1115 3009 1384 3050 consensu
1428 2993 1664 3058 tradant,
1690 3011 1927 3064 quanam
1977 2998 2110 3050 hora

556 3083 816 3147 surrexit,
849 3083 1032 3137 minus
1074 3084 1354 3152 explorate
1407 3085 1670 3140 iudicant.
1708 3084 1845 3138 Tum
1882 3085 2111 3154 ipsamet
2137 3117 2180 3176 ο

558 3174 740 3238 verba,
775 3173 861 3229 vel
889 3175 1070 3244 potius
1105 3175 1256 3230 locos
1307 3173 1604 3246 Scriptura;
1633 3176 1860 3246 profert,
1899 3176 1952 3229 in
1986 3176 2105 3245 qui-

559 3265 661 3322 bus
681 3265 1132 3335 evangelistarum
1163 3266 1391 3336 quilibet
1416 3265 1483 3322 de
1511 3267 1910 3322 resnrrectione
1927 3265 2109 3320 Domi-

557 3356 680 3413 nica
709 3357 974 3426 loquitur,
1006 3373 1072 3413 ac
1097 3373 1216 3412 eam
1249 3375 1370 3429 qua:
1411 3358 1553 3414 inter
1576 3359 1726 3430 ipsos
1757 3358 1971 3412 videtur
1995 3373 2114 3413 esse

555 3448 976 3520 discrepantiam
1021 3452 1320 3520 componit.
1362 3451 1538 3521 Atque
1584 3451 1649 3505 ad
1687 3449 1965 3516 llaeczQui
1992 3450 2114 3520 qui-

558 3537 680 3594 dem
723 3548 849 3595 ante
889 3541 1067 3595 noctis
1089 3541 1324 3596 medium
1375 3543 1597 3598 solvunt
1625 3542 1918 3611 jejunium,
1947 3542 2114 3596 veluti

560 3640 962 3702 contemptores
1029 3634 1560 3704 intemperantesque
1631 3634 2115 3704 reprehendimus,

560 3723 758 3795 quippe
805 3725 1060 3795 exiguum
1092 3726 1160 3780 ad
1188 3735 1400 3797 tempus
1446 3725 1644 3796 jejunii
1673 3740 1896 3780 cursum
1922 3725 2117 3780 dissol-

563 3824 728 3882 vunt;
755 3817 847 3885 qui
868 3831 994 3870 vero
1011 3817 1078 3871 ad
1103 3827 1352 3886 quartam
1379 3832 1551 3886 usque
1582 3817 1844 3886 vigiliam,
1880 3817 1981 3870 hoc
2013 3826 2117 3882 est,

560 3906 890 3961 matutinum
936 3913 1150 3977 tempus
1185 3907 1398 3964 fortiter
1455 3909 1749 3970 abstinent,
1782 3924 1876 3963 eos
1921 3907 2121 3976 proba-

559 4012 685 4054 mus
707 4014 721 4052 :
742 3999 787 4054 si
818 3999 911 4066 qui
944 4015 1073 4052 vero
1104 4011 1224 4069 post
1258 3999 1491 4054 mediam
1526 4009 1740 4055 noctem
1776 4002 2118 4068 quieverunt,

560 4089 666 4145 hoc
688 4096 772 4145 est
796 4090 1136 4145 amictiouem
1157 4106 1221 4145 ex
1252 4091 1461 4161 jejunio
1489 4089 1782 4160 profectam
1814 4099 1871 4144 ut
1902 4100 2122 4159 potuere

560 4183 906 4250 sedaveruut,
928 4183 1015 4247 iis,
1036 4183 1229 4252 inquit,
1258 4183 1394 4238 nihil
1417 4183 1628 4239 molesti
1655 4183 1858 4251 simus;
1889 4183 2004 4239 boc.
2016 4190 2122 4248 est,

561 4273 699 4328 nihil
734 4282 819 4329 est
855 4275 1002 4344 quod
1032 4289 1149 4341 eos,
1181 4275 1310 4343 quia
1347 4289 1452 4328 non
1490 4275 1555 4328 ad
1595 4275 1917 4328 matutinum
1953 4288 2125 4344 usque

562 4372 777 4434 tempus
798 4364 1228 4433 perduraverint,
1253 4380 1603 4421 accusemus:
1629 4365 1757 4434 quia
1788 4379 1880 4419 sex
1909 4379 2125 4434 quoque

2200 541 2447 604 τιοῦσθαι
2479 545 2591 606 τοῖς
2613 543 2800 596 κανόσι
2830 545 2942 606 τοῖς
2971 543 3356 616 διοριζομινοις
3386 542 3527 597 κατά
3555 542 3653 606 τὰς
3668 559 3763 597 κυκ

2207 631 2507 703 ριωνύμους
2530 633 2603 703 μὴ
2633 631 2913 703 νηστεύειν
2933 635 3100 704 ἡμᾶς.
3131 634 3249 689 Κᾶν
3272 635 3381 707 γὰρ
3399 635 3556 704 τρίτη
3584 631 3765 704 ἡμέρα

2202 723 2535 796 λογίζηταιή
2579 725 2936 797 κυριώνυμος,
2969 725 3082 778 ἀλλ’
3114 726 3194 790 είς
3229 726 3387 798 μόνον
3423 726 3486 780 τὸ
3527 725 3766 797 ἀψασθαι

2200 811 2404 883 ταύτης
2450 797 2548 883 τὴν
2578 814 2872 884 τριήμερον
2919 797 3239 877 ἀνάστασιν,
3267 813 3538 883 λογίζεται
3581 813 3762 886 τρίτηο

2205 903 2393 976 πρώτη
2422 905 2529 977 γάρ
2575 905 2724 958 ἐστι’
2753 906 2848 959 καὶ
2875 905 3184 969 ἀκολούθως
3217 905 3296 976 τῷ
3328 904 3414 960 ποι
3446 905 3629 960 κανόνι
3665 903 3765 975 τῆς

2204 996 2262 1046 ὲν
2291 994 2366 1066 τῷ
2397 994 2648 1067 Τρούλλῳ
2678 995 2913 1057 συνόδου,
2946 995 3069 1065 λέγε
3101 996 3206 1068 πρὸ
3237 997 3333 1066 τῆς
3367 995 3595 1067 ἑϐδόμης
3617 993 3766 1067 ώρας

2203 1085 2298 1139 τοῦ
2324 1086 2634 1158 νυκτερινοῦ
2665 1086 2941 1141 Σαδδάτου
2967 1087 3199 1156 ὀφείλειν
3240 1088 3384 1158 ἡμᾶς
3413 1086 3769 1158 ἀπονηστιζεο

2207 1174 2330 1230 σθαι
2358 1177 2416 1230 ὲν
2449 1178 2537 1248 οἶα
2564 1174 2684 1249 ὥρα
2712 1176 2926 1249 θελήσει
2964 1195 3050 1241 τις
3079 1179 3189 1232 τῶν
3223 1177 3282 1244 ἐξ
3322 1177 3551 1248 πρώτων
3585 1175 3768 1248 ώρῶν,

2207 1265 2422 1330 πάντως
2457 1268 2600 1323 κατά
2624 1266 2722 1340 τὴν
2750 1268 2956 1323 οίκείαν
2990 1268 3215 1340 δύναμιν
3248 1269 3344 1322 καὶ
3377 1267 3710 1340 προαίρεσιν.

2275 1446 2517 1500 ΖΩΝΔΡ.
2560 1447 2703 1519 Πρὸς
2731 1447 2792 1501 τὸ
2825 1446 3083 1520 ἐρώτημα
3109 1437 3266 1502 τοῦτο
3306 1448 3469 1519 φησὶν
3509 1451 3538 1502 δ
3565 1447 3771 1519 ἐρωτη-

2206 1537 2342 1602 θεὶς,
2370 1538 2469 1590 ὅτι·
2506 1534 2801 1608 Ἐξῄτησας
2820 1536 3024 1608 ἀκριδῆ
3056 1537 3183 1609 δρον
3225 1536 3557 1605 ἐπιτεθῆναι,
3598 1536 3768 1606 ῆγουν

2206 1629 2409 1684 κανόνα
2432 1631 2526 1685 καὶ
2555 1628 2722 1684 τύπον
2739 1629 3042 1700 ὁρισθῆναι,
3078 1630 3172 1684 καὶ
3197 1627 3595 1700 σαφηνισθῆναι
3615 1630 3775 1699 ἀκρι-

2209 1717 2318 1784 ϐῶς
2349 1719 2448 1791 τὴν
2503 1717 2651 1792 ώραν
2691 1721 2788 1791 τῆς
2828 1721 3178 1785 ἀναστάσεως
3221 1719 3313 1774 τοῦ
3362 1720 3591 1792 Κυρίου,
3636 1719 3776 1790 ὅπερ

2207 1809 2300 1863 καὶ
2322 1807 2576 1863 δύσκολον
2613 1808 2708 1863 καὶ
2748 1808 3013 1880 σφαλερόν
3044 1811 3223 1863 ἐστιν·
3257 1809 3339 1864 ὃτι
3375 1809 3475 1880 μὲν
3503 1809 3609 1882 γάρ
3639 1809 3776 1880 μετά

2207 1899 2268 1955 τὸ
2287 1899 2584 1970 ἀναστῆναι
2613 1899 2706 1953 τὸν
2735 1899 2939 1972 Κύριον
2966 1900 3066 1970 τῆς
3085 1900 3279 1970 ἑορτῆς
3305 1899 3404 1970 τῆς
3427 1901 3775 1962 ἀναστάσεως

2206 1989 2468 2064 ἄρχεσθαι
2499 1990 2599 2054 δεῖ,
2633 1990 2737 2055 ἓως
2770 1989 2960 2045 τούτου
3002 1989 3382 2061 νηστεύοντας,
3419 1990 3514 2044 καὶ
3554 1988 3651 2054 τὰς
3675 1989 3779 2060 ψυ-

2207 2082 2308 2155 χάς
2335 2082 2506 2148 οὕτως
2541 2081 2924 2148 ταπεινοῦντας
2989 2082 3056 2136 Ἦ
3101 2084 3210 2155 γὰρ
3249 2082 3336 2136 διὰ
3385 2082 3483 2154 τῆς
3524 2080 3778 2152 νηστείας

2205 2173 2531 2240 ταπείνωσις
2560 2173 2652 2229 τοῦ
2686 2172 2959 2246 σώματος,
2985 2174 3076 2228 διά
3103 2174 3201 2246 τὴν
3235 2175 3334 2245 τῆς
3367 2172 3547 2245 ψυχῆς
3582 2176 3776 2244 ἐπιτη-

2205 2266 2419 2322 δεύεται
2449 2267 2804 2322 ταπείνωσιν·
2851 2265 2928 2331 ώς
2955 2267 3068 2336 εῑγε
3105 2265 3394 2338 ἐπηρμένη
3439 2265 3524 2337 εἴη
3555 2263 3650 2320 τοῦ
3678 2281 3776 2338 νη-

2209 2359 2487 2424 στεύοντος
2537 2361 2571 2429 ἡ
2611 2358 2780 2432 ψυχὴ,
2831 2357 3038 2429 ματαία
3086 2359 3122 2430 η
3170 2357 3392 2430 νηστεία
3443 2356 3584 2422 ἐστὶ,
3619 2353 3782 2411 τοῦτο

2206 2449 2652 2522 ὁμολογούμενον.
2712 2448 2936 2517 Ἐπάγει
2979 2446 3035 2500 δὲ
3069 2448 3154 2501 ὅτι
3199 2446 3313 2501 δσοι
3360 2445 3498 2518 πρὸς
3539 2445 3601 2498 τδ
3642 2461 3782 2518 μνης

2212 2545 2361 2615 μεῖον
2389 2541 2650 2617 ἀπῆλθον.
2676 2540 2986 2596 ἀναστάντα
3012 2539 3112 2611 ῆδη
3136 2533 3294 2612 εὖρον
3319 2537 3410 2592 τὸν
3441 2537 3643 2610 Κύριον
3662 2553 3676 2567 ’
3703 2535 3784 2609 μὴ

2208 2634 2514 2703 διαφωνεῖν,
2545 2633 2699 2704 φησι,
2730 2631 2825 2687 καὶ
2854 2629 3228 2687 ἐναντιοῦσθαι
3260 2629 3510 2702 ἀλλήλοις
3541 2629 3783 2700 δόξωμεν

2207 2727 2335 2788 τοὺς
2365 2722 2774 2794 εὐαγγελιστάς,
2805 2723 2890 2776 δτι
2918 2720 3336 2793 συμφωνοῦντες
3374 2722 3502 2794 περὶ
3527 2721 3626 2792 τῆς
3649 2721 3782 2775 ἀναρ-

2210 2815 2451 2879 στάσεως
2481 2814 2557 2878 ὡς
2579 2815 2638 2868 ὲν
2666 2813 2846 2886 εκείνη
2875 2817 2943 2886 τῇ
2969 2815 3127 2868 νυκτὶ
3155 2810 3248 2865 τοῦ
3275 2813 3486 2883 Κυρίου
3516 2811 3784 2866 ἀναστάν-

2211 2923 2322 2973 τος,
2365 2905 2462 2979 τὴν
2500 2905 2648 2978 ὥραν
2687 2905 2810 2960 καθ’
2841 2906 2909 2977 ἢν
2941 2904 3139 2975 ἀνέστη
3179 2901 3366 2972 σαφῶς
3407 2903 3468 2956 ού
3511 2901 3782 2972 λέγουσιν.

2211 2997 2346 3056 εἶτα
2387 2999 2482 3055 καὶ
2510 2998 2650 3053 αὐτὰ
2675 2997 2744 3052 τά
2787 2999 3008 3068 ῥήματα
3039 2995 3073 3068 ἢ
3123 2994 3321 3067 μᾶλλον
3360 2993 3430 3047 τὰ
3464 2993 3642 3066 χωρία
3685 2992 3786 3066 τῆς

2212 3091 2433 3165 Γραφῆς
2459 3089 2672 3161 τίθησιν
2689 3126 2706 3154 ,
2733 3089 2834 3143 δσα
2869 3087 3100 3151 ἕκαστος
3139 3087 3245 3141 τῶν
3273 3085 3666 3156 εύαγγελυστών
3691 3083 3786 3139 λύ-

2210 3204 2298 3256 γει
2322 3188 2449 3256 περὶ
2469 3187 2568 3254 τῆς
2592 3181 2941 3245 ἀναστάσεως
2963 3180 3057 3235 τοῦ
3081 3180 3309 3253 Κυρίου,
3336 3179 3429 3233 καὶ
3458 3174 3784 3250 συμϐιϐάζει

2211 3275 2306 3347 τὴν
2357 3272 2616 3328 δοκοῦσαν
2669 3270 2962 3340 διαφωνίαν
3019 3268 3216 3324 αὐτῶν.
3272 3269 3381 3322 Καὶ
3427 3269 3519 3322 ἐπὶ
3576 3268 3788 3330 τούτοις

2212 3367 2337 3428 τοὺς
2368 3364 2466 3435 μὲν
2501 3362 2606 3434 πρὸ
2631 3359 2724 3416 τοῦ
2755 3359 3110 3433 μεσονυκτίου
3143 3357 3366 3422 λύοντας
3394 3357 3490 3428 τὴν
3511 3358 3788 3430 νηστείαν,

2211 3458 2286 3521 ώς
2311 3455 2602 3526 ὀλιγώρους
2629 3455 2722 3508 καὶ
2746 3453 3022 3525 ἀκρατεῖς,
3056 3451 3206 3523 φησὶ,
3233 3449 3579 3522 μεμφόμεθα,
3611 3448 3689 3513 ώς
3716 3447 3790 3503 δι’

2213 3547 2398 3619 ὀλίγην
2424 3545 2572 3618 ὥραν
2615 3545 2704 3599 τὸν
2733 3542 2931 3615 δρόμον
2968 3541 3068 3610 τῆς
3105 3539 3356 3611 νηστείας
3389 3535 3784 3602 καταλύοντας

2215 3638 2340 3702 τοὺς
2368 3636 2425 3690 δὲ
2462 3635 2620 3707 μέχρι
2643 3633 2905 3705 τετάρτης
2926 3630 3192 3702 φυλακῆς,
3221 3630 3338 3699 ῆτοι
3369 3627 3565 3700 ὄρθρου
3589 3628 3792 3698 ἐγκαρ-

2215 3729 2506 3802 τεροῦντας
2540 3725 2933 3796 ἀποδεχόμεθα.
2977 3726 3041 3778 Ei
3079 3723 3138 3777 δέ
3166 3739 3310 3786 τινες
3360 3720 3498 3791 μετὰ
3533 3720 3593 3774 τὸ
3629 3736 3794 3791 μεσο-

2219 3821 2432 3876 νύκτιον
2477 3818 2876 3882 ἀνεπαύσαντο,
2925 3817 3092 3888 ῆγουν
3134 3814 3232 3886 τὴν
3287 3810 3656 3866 κακοπάθειαν
3688 3809 3788 3881 τὴν

2219 3915 2284 3967 εκ
2331 3912 2426 3983 τῆς
2466 3910 2722 3983 νηστείας
2764 3908 3006 3962 ἔπαυσαν
3051 3906 3125 3969 ὡς
3166 3904 3526 3975 ἠδυνήθησαν,
3559 3900 3789 3965 τούτοις,

2221 4000 2376 4070 φησὶ,
2410 4000 2484 4071 μὴ
2511 3997 2813 4070 ἐνοχλῶμεν
2847 3997 2990 4067 (ἀντὶ
3011 3995 3129 4060 τοῦ,
3163 3994 3237 4067 μὴ
3264 3995 3344 4048 ὅτι
3377 3993 3482 4054 ἕως
3518 3989 3659 4062 πρωῒ
3691 3989 3795 4043 οὐκ

2221 4091 2594 4165 ἐκαρτιρησαν
2621 4087 2920 4158 αἰτιώμεθα
2945 4087 3184 4154 αὐτοὺς),
3208 4086 3288 4139 δτι
3310 4084 3428 4138 οὐδὲ
3454 4081 3550 4145 τὰς
3575 4080 3634 4147 ἒξ
3659 4079 3796 4151 ἡμι-

2223 4198 2323 4254 ρας
2367 4181 2467 4251 τῆς
2496 4179 2590 4233 τοῦ
2640 4177 2844 4242 πάθους
2885 4176 2979 4230 τοῦ
3019 4175 3225 4247 Κυρίου
3265 4172 3555 4244 ἑϐδομάδος
3594 4170 3794 4232 πάντες

2220 4272 2421 4345 ὁμοίως
2453 4271 2733 4326 ἀνύουσιν·
2778 4270 2826 4322 οί
2865 4268 2963 4339 μὲν
3003 4268 3111 4338 γάρ
3156 4265 3254 4329 τὰς
3288 4254 3467 4326 πάσας
3508 4260 3799 4333 νηστεύου-

2225 4380 2328 4427 σιν,
2361 4363 2411 4416 οἱ
2438 4361 2495 4415 δὲ
2520 4361 2614 4414 δύο
2643 4360 2676 4430 ἢ
2707 4360 2878 4431 τρεῖς,
2917 4359 2967 4412 ei
3000 4357 3059 4411 δὲ
3091 4355 3326 4418 πλείους,
3358 4355 3409 4408 οί
3431 4354 3489 4408 δὲ
3517 4351 3795 4422 οὐδεμίαν.

563 4453 682 4508 dies
707 4453 826 4525 ejus
862 4454 1212 4510 hebdomade
1239 4471 1346 4525 qua
1374 4471 1569 4525 passus
1596 4463 1678 4511 est
1704 4453 1984 4520 Dominus,
2013 4469 2120 4508 nou

2227 4453 2351 4515 Τοῖς
2384 4447 2477 4504 οὖν
2505 4451 2598 4504 ἐπὶ
2630 4447 2842 4512 πλείους
2877 4446 3090 4520 ἡμέρας
3126 4444 3447 4518 νηστεύσασι
3480 4445 3574 4497 καὶ
3605 4441 3800 4496 κοπιάφ

569 4559 758 4602 omnes
800 4547 992 4602 eodem
1034 4548 1196 4602 modo
1249 4547 1576 4619 transigunt.
1609 4545 1743 4601 Nam
1785 4547 1873 4600 alii
1905 4546 2123 4617 quidem

564 4650 758 4693 omnes
793 4638 1062 4708 jejunant,
1114 4639 1208 4694 alii
1262 4654 1393 4694 vero
1425 4639 1584 4706 duos,
1625 4647 1825 4702 tresve,
1855 4639 1945 4692 alii
2001 4655 2128 4694 vero

569 4728 772 4800 plures,
797 4730 888 4783 alii
917 4746 1079 4798 porro
1103 4745 1170 4784 ne
1218 4745 1384 4783 unum
1411 4729 1649 4798 quidem.
1683 4726 1752 4781 lis
1781 4743 1910 4796 ergo
1935 4727 2030 4798 qui
2061 4728 2128 4782 ad

567 4819 752 4890 plures
778 4822 893 4876 dies
923 4821 1331 4892 jejunaverunt,
1355 4819 1698 4891 ampliusque
1725 4818 2128 4884 laboraverunt,

567 4911 620 4967 si
667 4911 829 4967 citius
869 4913 1046 4967 cibum
1099 4913 1472 4981 degustarint,
1510 4909 1865 4983 ignoscimus.
1925 4908 1981 4963 Si
2037 4910 2132 4979 qui

569 5016 699 5056 vero
722 5018 826 5055 non
855 5003 1013 5057 modo
1039 5001 1155 5057 dies
1209 5004 1416 5073 aliquot
1447 5003 1590 5058 haud
1622 5002 1960 5073 jejunarunt,
1995 5002 2128 5072 quin

569 5095 752 5163 potius
786 5095 909 5148 aliis
952 5105 1186 5163 quatuor
1223 5093 1576 5149 hebdomadas
1621 5095 1816 5148 diebus
1847 5094 2132 5148 luxuriose

573 5186 844 5250 vixerunt,
880 5186 932 5238 in
966 5183 1264 5239 Parasceve
1303 5194 1481 5239 autem
1529 5192 1584 5238 et
1641 5184 1878 5238 Sabbato
1920 5199 1948 5237 a
2010 5184 2132 5237 cibo

572 5277 972 5342 abstinuerunt,
1013 5292 1079 5330 ac
1107 5291 1360 5346 magnum
1388 5276 1642 5346 quiddam
1683 5275 1863 5329 facere
1902 5291 1960 5329 se
1986 5274 2145 5328 arbi-.

577 5378 784 5422 trantur
838 5371 882 5423 si
931 5385 1103 5437 usque
1157 5365 1220 5420 ad
1286 5367 1605 5421 matutinum
1647 5368 1834 5421 horam
1876 5364 1982 5418 diei
2039 5365 2130 5433 qui

575 5460 977 5520 resurreCLicue
1035 5475 1188 5514 sacer
1241 5469 1344 5526 est,
1388 5459 1560 5530 jejuni
1615 5466 1979 5529 perseverent,
2025 5472 2133 5510 non

577 5554 778 5612 simile.
818 5553 1014 5622 inquit,
1058 5563 1333 5608 certamen
1385 5552 1834 5621 perficiuntzhoc
1883 5561 1986 5613 est,
2029 5565 2136 5603 non

583 5645 788 5713 pariter
816 5645 1152 5706 laborarunt,
1181 5643 1246 5698 iis
1274 5643 1367 5712 qui
1401 5659 1459 5696 se
1506 5643 1753 5712 pluribus
1779 5642 1972 5695 diebus
1991 5639 2136 5710 jeju-

2230 4557 2352 4595 σασι
2392 4539 2589 4611 μᾶλλον
2621 4540 2671 4592 εί
2697 4537 2990 4609 ταχύτερον
3021 4535 3303 4605 γεύσονται
3330 4534 3537 4606 τροφῆς
3561 4530 3796 4602 συγγνῶ-

2233 4647 2348 4700 μεν.
2378 4631 2439 4684 El
2479 4628 2538 4682 δέ
2570 4645 2712 4691 τινες
2743 4628 2804 4680 ού
2830 4627 2987 4698 μόνον
3019 4625 3338 4697 ὲφ“ημέρας
3364 4623 3514 4688 τινὰς
3548 4622 3649 4676 οὐκ
3675 4620 3799 4692 ὲνή-

2231 4740 2482 4783 στευσαν,
2525 4721 2660 4776 ἀλλά
2712 4721 2807 4773 καὶ
2847 4717 3160 4790 ἐτρύφησαν
3213 4716 3312 4781 τὰς
3359 4715 3555 4786 ἑτέρας
3600 4715 3800 4767 τέσσαο

2235 4832 2330 4887 ρας
2378 4815 2477 4885 τῆς
2537 4809 2824 4881 ὲδδομάδος
2894 4809 3148 4881 ἡμέρας,
3207 4807 3353 4889 κατά
3409 4806 3467 4860 δὲ
3527 4807 3626 4876 τὴν
3686 4807 3801 4860 ua-

2235 4905 2503 4979 ρασκευὴν
2563 4905 2655 4957 καὶ
2709 4903 2767 4955 τὸ
2817 4901 3090 4955 Σάσδατον
3137 4899 3439 4971 ἀπέσχοντο
3504 4897 3761 4972 βρώσεως
3781 4937 3802 4965 ,

2235 5000 2329 5054 καὶ
2360 4997 2503 5069 μέγα
2530 5013 2582 5050 τι
2613 4997 2785 5048 ποιεῖν
2823 4993 3151 5064 νομίζουσιν,
3183 4993 3230 5045 εί
3262 4992 3422 5064 μεχρι
3457 4992 3665 5064 πρωῖας
3699 4991 3802 5062 τῆς

2234 5088 2604 5159 ἀναστασίμου
2633 5087 2843 5159 ἡμέρας
2867 5086 3366 5155 ὲγκαρτερήσουσιν
3393 5085 3587 5146 άσιτοι,
3621 5082 3680 5136 ού
3704 5081 3805 5155 τὴν

2233 5183 2424 5255 ὁμοίαν
2453 5180 2675 5250 ἄθλησιν
2702 5175 3006 5230 ποιοῦνταιο
3034 5176 3331 5240 τουτέστιν,
3365 5176 3461 5245 οὐχ
3488 5173 3687 5246 ὁμοίως
3707 5190 3798 5228 κε-

2238 5273 2534 5328 κοπιάκασι
2586 5273 2699 5332 τοῖς
2739 5268 2990 5330 πλειόνας
3029 5266 3248 5338 ἡμέρας
3288 5266 3581 5336 ἀσκήσασι.
3630 5263 3742 5317 Καὶ
3774 5265 3805 5318 ὀ

2241 5364 2327 5418 πθ¹
2382 5362 2557 5417 κανὼν
2587 5362 2687 5430 τῆς
2731 5361 2784 5425 ς’
2821 5361 3069 5421 συνόδου,
3116 5358 3243 5429 περὶ
3281 5357 3450 5427 μέσας
3482 5354 3678 5415 νύκτας
3707 5351 3804 5406 τοῦ

2247 5454 2478 5526 μεγάλου
2526 5451 2799 5504 Σαῦὃάτου
2849 5451 2979 5520 φησὶ
3025 5449 3136 5501 δεῖν
3184 5444 3655 5517 ἀπονηστίζεσοαι,
3705 5446 3808 5510 τὰς

2244 5547 2406 5608 ἄλλας
2433 5543 2642 5614 ἡμέρας
2685 5541 2782 5610 τῆς
2815 5541 3104 5612 ἑϐδομάδος
3131 5536 3224 5591 τοῦ
3260 5537 3463 5601 πάθους
3495 5540 3552 5588 ἐν
3585 5535 3807 5608 νηστείᾳ

2247 5637 2341 5690 καὶ
2374 5635 2645 5706 προσευχῇ
2679 5635 2770 5685 καί
2804 5630 3089 5696 κατανύξει
3120 5629 3419 5695 διάγοντας.

587 5751 676 5790 mo
704 5746 1085 5792 exercuerunt.
1119 5735 1305 5791 Nonus
1327 5752 1547 5805 quoque
1575 5752 1735 5804 supra
1759 5735 2146 5804 octogesimum
2185 5741 2348 5786 sexta
2393 5727 2582 5797 synodi
2636 5741 2832 5793 canon,
2868 5724 3080 5777 circiter
3107 5721 3337 5776 mediam
3372 5715 3548 5787 magni
3581 5713 3808 5772 Sabbati
