4056 6286
389 324 481 387 485
1533 326 1618 389 1N
1648 327 1768 389 ΕΡΙ
1780 326 1867 388 ST
1934 325 1977 387 S

2078 323 2272 386 ἘΤΕΙ
2312 323 2551 389 ALEX.
3530 327 3637 393 486

393 455 447 507 οὐ
485 455 717 525 γυμνῶς
765 456 828 509 δέ
867 457 927 510 ιὰ
949 454 1080 528 πρὸς
1116 456 1347 530 ἄρνησιν
1383 453 1647 530 ἔγραψαν,
1700 456 1823 512 ἀντὶ
1872 456 1966 510 τοῦ

2078 474 2191 529 qua:
2214 457 2285 514 ad
2320 444 2733 530 abnegationem
2779 465 3031 531 spectant
3060 474 3170 515 non
3201 457 3345 516 nude
3398 427 3638 531 scripse—

394 544 487 606 οὐκ
530 545 1058 620 ἀπαρακαλύπτως,
1091 546 1149 601 οὐ
1201 548 1473 621 φανερῶς,
1522 548 1657 603 ἀλλὰ
1698 550 1785 604 διά
1831 559 1978 607 τινος

2080 558 2229 610 runt.
2256 551 2357 606 hoc
2390 558 2474 607 est
2495 566 2605 607 non
2628 552 2936 617 manifeste,
2962 567 3074 607 non
3096 560 3313 623 aperte;
3345 551 3441 608 sed
3468 549 3639 607 artiﬁ—

401 632 617 705 μεθόδου
644 633 933 701 διέπαιξαν
963 636 1087 699 τοὺς
1128 635 1412 705 βιάζοντας
1441 637 1654 704 αὐτοὺς,
1692 639 1766 702 ὡς
1804 641 1832 693 ὁ
1868 641 1975 691 Δα-

402 722 481 776 ϐὶδ
519 723 609 777 ὅτε
635 724 731 777 τὸν
756 711 1054 798 ἐπίληπτον
1100 725 1362 798 ύπεκρίθη
1416 726 1631 797 φεύγων
1662 727 1752 781 τὸν
1783 728 1975 793 Σαοὺλ,

402 817 492 869 καὶ
518 816 658 887 πρὸς
698 818 828 881 τοὺς
878 817 1206 887 ἀλλοφύλους
1233 817 1543 889 γενόμενος,
1578 820 1671 875 καὶ
1711 818 1854 874 οὕτω
1886 820 1975 873 τὸν

404 906 634 961 θάνατον
676 908 1039 980 διαπέφευγεο
1096 899 1385 979 διέπαιξαν
1432 910 1513 977 δὲ,
1548 912 1702 983 φησὶ,
1736 912 1831 976 τὰς
1867 911 1975 969 τῶν

404 998 607 1071 ἐχθρῶν
649 1000 975 1068 ἐπιϐουλὰς,
1006 1002 1082 1067 ὡς
1108 1002 1294 1058 παιδία
1332 996 1674 1076 βουλευτικά,
1706 1003 1972 1075 ἔμφρονα,

408 1090 657 1166 φρόνιμα,
678 1093 772 1146 καὶ
796 1092 1033 1157 συνετῶς
1047 1092 1247 1166 δηλαδὴ
1268 1094 1648 1166 βουλευόμενα,
1672 1092 1977 1160 διαπαίζου-

406 1198 485 1239 σιν
500 1185 557 1243 ἐν
572 1181 769 1256 ἀφροσι
788 1183 1037 1249 παιδίοις.
1048 1186 1319 1257 Ἕμφροσι
1331 1187 1387 1242 δέ
1402 1186 1689 1252 ἀπεικάζει
1702 1189 1828 1251 τοὺς
1840 1188 1979 1242 ἀπα-

404 1278 670 1349 τήσαντος
686 1278 813 1341 τοὺς
828 1278 1061 1343 ἀσεϐεῖς,
1085 1280 1177 1333 καὶ
1191 1278 1449 1347 δόξαντας
1470 1280 1567 1351 μὲν
1587 1280 1755 1345 θύειν,
1782 1281 1856 1352 μὴ
1883 1280 1977 1335 θύ-

406 1383 599 1430 σαντας
613 1367 694 1421 δέ·
726 1367 1001 1441 ἔμφρονας
1017 1370 1114 1441 μὲν
1127 1370 1202 1436 ὠς
1221 1370 1320 1443 τὴν
1338 1372 1526 1426 θυσίαν
1541 1373 1677 1435 τέως
1696 1372 1977 1427 ἐκκλίναν-

404 1474 497 1521 τας
513 1458 577 1490 ¹⁸⁸
598 1476 612 1489 ’
640 1458 913 1525 παιδείους
928 1461 1006 1524 δέ,
1025 1462 1107 1527 ὡς
1121 1462 1199 1535 μὴ
1213 1463 1415 1517 τέλειον
1432 1464 1523 1519 καὶ
1532 1463 1795 1536 ἀνδρῶδες
1808 1465 1979 1519 ἐνδεις

408 1548 467 1614 Ea
474 1550 664 1621 μένους
680 1551 955 1623 φρόνημα,
978 1554 1070 1607 καὶ
1084 1554 1343 1623 γενναίως
1356 1556 1851 1621 ἀντικαταστάντας
1865 1560 1976 1622 τοῖς

406 1642 833 1715 εἰδωλολάτραις,
868 1645 983 1698 ἀλλ’
1007 1646 1154 1717 ὅμως
1199 1647 1559 1719 συνθεμένους
1588 1649 1771 1716 θῦσαι,
1806 1652 1853 1704 εί
1882 1649 1976 1705 καί

403 1751 543 1799 τινες
568 1736 657 1767 ³⁸⁸⁸
687 1736 805 1791 ἀνθ’
833 1736 1041 1793 ἑαυτῶν
1063 1738 1328 1794 ὑπέϐαλον
1354 1740 1620 1805 ἐθνικοὺς,
1650 1744 1817 1814 ἥγουν
1843 1742 1974 1798 ἀπί-

2078 642 2165 696 cio
2192 640 2429 712 quodam
2456 654 2553 697 eos
2581 641 2674 712 qui
2698 641 2807 697 vim
2839 640 3148 698 inferebant
3179 640 3441 697 ludiﬁcati
3462 646 3591 697 sunt
3616 656 3636 696 :

2076 746 2136 792 ιιι
2167 735 2355 802 David,
2389 737 2480 806 qui
2507 736 2634 792 dum
2666 734 2883 792 Saulem
2912 735 3139 807 fugeret,
3174 750 3240 791 ac
3282 735 3349 791 ad
3390 735 3641 807 alienige-

2074 845 2176 886 nas
2207 829 2536 892 devertisset,
2586 844 2645 899 se
2695 829 3040 901 epilepticum
3074 829 3250 904 ﬁnxit,
3277 843 3450 900 eoque
3480 833 3639 899 pacto

2075 930 2305 978 mortem
2333 921 2575 976 evitavit.
2603 918 2891 976 Ludiﬁcati
2918 936 3080 991 porro
3108 930 3258 986 sunt,
3291 922 3490 991 inquit,
3528 920 3636 975 ini-

2074 1011 2343 1066 micorum
2372 1011 2638 1079 insidias;
2665 1012 2834 1068 veluti
2866 1012 3017 1080 pueri
3054 1011 3372 1081 prudentes,
3404 1008 3638 1066 consilio

2076 1097 2333 1154 nimirum
2364 1115 2427 1154 ac
2451 1101 2737 1173 prudentia
2771 1100 3007 1170 praediti,
3043 1100 3246 1170 quique
3293 1100 3504 1156 scilicet
3548 1116 3643 1157 so-

2074 1188 2240 1247 lerter
2272 1194 2562 1250 consilium
2594 1194 2896 1264 capientes,
2931 1194 3251 1263 insipientes
3275 1208 3474 1265 pueros
3512 1194 3663 1248 illu-'

2074 1282 2233 1338 dunt.
2264 1282 2630 1340 Prudentibus
2676 1292 2856 1339 autem
2904 1293 3185 1354 comparat
3217 1297 3314 1341 eos
3361 1300 3393 1339 a
3438 1285 3641 1355 quibus

2073 1375 2285 1446 decepti
2320 1385 2446 1432 sunt
2464 1376 2643 1447 impii,
2667 1378 2872 1449 quique
2893 1394 3019 1434 cum
3046 1396 3155 1435 non
3184 1377 3637 1440 sacriﬁcaverint,

2075 1464 2391 1527 sacriﬁcare
2418 1465 2776 1522 nihilominus
2804 1468 2907 1523 visi
2952 1475 3119 1535 sunt;
3174 1466 3472 1538 prudentes
3517 1466 3642 1537 qui-

2075 1557 2222 1619 dem,
2256 1557 2424 1626 utqui
2456 1542 2791 1612 sacriﬁcium
2822 1572 3067 1628 eousque
3105 1555 3424 1612 evitaverint
3458 1573 3473 1611 :
3506 1570 3641 1625 pue-

2074 1663 2167 1705 ros
2200 1659 2401 1713 autem,
2435 1648 2582 1718 quod
2615 1647 2916 1719 perfectum
2945 1662 3009 1703 ac
3041 1648 3255 1703 virilem
3283 1662 3504 1703 sensum
3538 1648 3642 1701 mi-

2074 1738 2221 1794 nime
2246 1738 2539 1803 induerint,
2580 1755 2681 1795 nec
2711 1754 2975 1814 generose
3018 1737 3286 1794 idolorum
3332 1739 3643 1795 cultoribus

407 1842 592 1891 στους,
646 1827 743 1880 καὶ
805 1827 1027 1882 ἐκείνων
1094 1828 1369 1884 θυσάντων
1420 1833 1779 1904 ἐνομίσθησαν
1826 1834 1977 1889 αὐτοὶ

2078 1832 2469 1902 repugnarint;
2505 1846 2690 1886 verum
2740 1846 2800 1886 se
2835 1830 3243 1886 sacrillcaturos
3295 1836 3423 1885 sunt
3471 1831 3641 1900 pacti,

403 1918 704 1998 τεθυκέναι.
768 1919 895 1983 Τοῖς
927 1920 1205 1987 τοιούτοις,
1265 1925 1448 1994 φησιν,
1480 1924 1747 1996 ἑξάμηνος
1785 1927 1975 1998 καιρὸς

2072 1922 2236 1979 etiam
2255 1923 2299 1978 si
2317 1921 2577 1993 quosdam
2615 1936 2713 1992 pro
2755 1936 2815 1978 se
2844 1922 3220 1987 submiserint,
3243 1921 3514 1984 ethnicos,
3535 1921 3642 1976 hoc

405 2009 687 2083 ἐξαρκέσει
717 2012 799 2074 είς
851 2011 1157 2081 μετάνοιαν.
1200 2015 1321 2068 Κᾶν
1348 2016 1455 2089 γὰρ
1492 2017 1592 2070 οὐκ
1616 2017 1833 2082 ἔθυσαν,
1857 2017 1974 2072 ἀλλ’

2078 2017 2169 2073 est,
2198 2007 2460 2068 inlldeles,
2485 2008 2659 2077 iisque
2695 2006 3155 2073 sacriﬁcantibus,
3194 2009 3297 2080 ipsi
3330 2010 3434 2080 12
3463 2012 3635 2068 σθαι-ἰ-

402 2103 481 2157 δτι
529 2102 814 2158 συνέθεντο
864 2104 1045 2171 θῦσαι,
1088 2106 1122 2179 ἢ
1184 2108 1265 2162 ὅτι
1302 2108 1519 2180 ἑτέρους
1568 2109 1855 2177 ὑπέϐαλον,
1882 2110 1975 2165 καὶ

402 2190 585 2259 ἔδοξαν
618 2193 773 2247 αὐτοὶ.
808 2192 988 2260 θῦσαι,
1027 2196 1380 2267 ἐλογίσθησαν
1415 2199 1623 2253 δεῖσθαι
1665 2201 1972 2272 μετανοίας,

404 2281 452 2334 εί
476 2280 570 2334 καί
595 2298 738 2335 τισιν
776 2282 956 2337 αὐτῶν
987 2286 1365 2358 συνεχώρησάν
1392 2305 1535 2353 τινες
1569 2288 1676 2343 τῶν
1708 2289 1973 2363 ὁμολογη-

408 2370 632 2425 σάντων.
665 2373 821 2437 Τινές
845 2374 953 2447 γὰρ
970 2375 1077 2430 τῶν
1103 2380 1563 2452 μαρτυρησάντων
1583 2382 1677 2435 καὶ
1697 2380 1975 2437 παθόντων

406 2461 545 2535 ὑπὲρ
571 2463 671 2532 τῆς
724 2464 962 2531 πίστεως
1002 2469 1382 2542 συνεχώρησαν
1423 2474 1536 2538 τοῖς
1576 2471 1665 2527 διὰ
1714 2473 1973 2545 μεθόδων,

403 2551 479 2617 ὥς
522 2554 758 2626 εἴρηται,
807 2557 883 2630 μὴ
914 2557 1128 2624 θύσασι,
1168 2562 1261 2615 καὶ
1292 2560 1537 2628 ἐδέξαντο
1583 2565 1778 2631 αὐτοὺς
1839 2565 1975 2637 μετά

405 2642 512 2699 τῶν
563 2647 791 2714 πιστῶν,
842 2649 923 2702 ὅτι
962 2649 1222 2721 ἐξέφυγον
1253 2653 1604 2726 πολυτρόπως
1630 2656 1691 2711 τὸ
1721 2656 1975 2713 θυσιάσαι

406 2735 516 2799 τοῖς
542 2734 780 2807 δαίμοσι.
808 2737 906 2792 Διὰ
931 2737 990 2791 δὲ
1008 2738 1106 2811 τὴν
1145 2739 1412 2812 ἑξάμηνον
1450 2742 1787 2815 προθεσμίαν
1807 2745 1977 2815 ἐμνή-

411 2824 509 2896 σθη
558 2828 653 2881 τοῦ
714 2828 803 2884 διὰ
850 2828 1087 2903 Γαϐριὴλ
1133 2832 1465 2904 μηνύματος,
1505 2834 1599 2889 τοῦ
1633 2838 1692 2890 ἐν
1715 2835 1793 2907 τῷ
1833 2838 1976 2908 ἕκτῳ

411 2916 538 2992 μηνὶ
595 2921 696 2992 τῆς
750 2921 1060 2995 συλλήψεως
1102 2924 1196 2979 τοῦ
1241 2926 1586 2999 Προδρόμου,
1654 2928 1712 2981 ἐν
1758 2922 1803 2998 ᾧ
1851 2945 1976 2984 συν-

409 3011 613 3085 ελήφθη
668 3017 697 3070 ό
746 3014 968 3086 Κύριος.
1029 3016 1307 3089 Ἐπιφέρει
1353 3018 1408 3071 δὲ
1450 3019 1544 3074 καὶ
1584 3021 1808 3092 ῥήματα
1833 3020 1974 3074 ἀπο-

2071 2101 2260 2157 llcasse
2276 2100 2573 2157 existimati
2595 2110 2743 2155 sunt.
2771 2094 3074 2167 Ejusmodi,
3099 2099 3301 2170 inquit,
3323 2100 3647 2159 hominibus

2070 2200 2337 2249 semestre
2359 2201 2571 2262 tempus
2598 2193 2662 2247 ad
2703 2193 3079 2263 pmnitentiam
3109 2193 3363 2250 sulliciet.
3383 2194 3519 2250 Nam
3538 2194 3643 2253 etsi

2073 2283 2299 2338 minime
2334 2281 2720 2348 immolarunt;
2767 2290 2949 2337 tamen
3004 2281 3133 2352 quia
3166 2295 3227 2339 se
3261 2283 3645 2341 immolaturos

2072 2380 2203 2445 sunt
2230 2373 2396 2444 pacti,
2428 2374 2510 2429 vel
2558 2372 2705 2445 quod
2759 2372 2899 2428 alios
2948 2372 3271 2439 submisere,
3304 2372 3518 2444 ipsique
3545 2372 3643 2426 im-

2074 2465 2311 2520 molasse
2364 2475 2494 2519 sunt
2552 2463 2677 2524 visi,
2734 2463 3055 2536 paenitentia
3104 2462 3349 2532 indigere
3407 2460 3640 2531 iudicati

2075 2564 2205 2611 sunt
2240 2575 2254 2612 :
2289 2557 2395 2612 etsi
2427 2556 2754 2628 quibusdam
2789 2572 2854 2613 ex
2898 2556 3033 2627 ipsis
3081 2554 3329 2609 nonnulli
3357 2553 3641 2609 confesso-

2074 2642 2195 2704 rum
2224 2651 2501 2720 ignovere.
2532 2648 2734 2705 Eorum
2764 2664 2957 2720 nempe
2996 2647 3218 2719 quidam
3267 2648 3361 2716 qui
3411 2661 3471 2702 se
3515 2642 3640 2700 ﬁdei

2075 2750 2243 2800 testes
2275 2744 2640 2799 exhibuerunt
2686 2757 2750 2797 ac
2784 2757 2882 2815 pro
2916 2740 3021 2797 (ide
3064 2747 3193 2797 sunt
3224 2740 3394 2810 passi,
3447 2739 3515 2794 iis
3544 2737 3637 2809 qui

2076 2835 2308 2891 artiﬁcio
2338 2834 2601 2907 quodam,
2625 2841 2685 2889 ut
2719 2830 2925 2890 dictum
2954 2839 3061 2897 est,
3089 2847 3200 2887 non
3230 2829 3638 2893 sacriﬁcarunt,

2076 2925 2358 2997 ignovere,
2390 2939 2453 2980 ac
2484 2924 2607 2979 illos
2640 2938 2765 2979 cum
2816 2922 3067 2978 ﬁdelibus
3096 2921 3162 2976 ad
3196 2920 3639 2976 communionem

2076 3017 2367 3081 admisere,
2426 3014 2571 3086 quod
2623 3030 2691 3070 ne
2743 3013 3079 3069 daemonibus
3135 3011 3475 3066 immolarent
3523 3018 3641 3065 stu-

2077 3110 2230 3167 diose
2252 3111 2581 3165 vitaverunt.
2611 3107 2782 3162 Porro
2803 3105 2968 3176 hujus
2999 3103 3276 3161 semestris
3305 3100 3526 3158 termini
3545 3114 3640 3156 oc-

410 3194 649 3261 casione,
686 3196 1133 3255 Annuntiationis
1167 3214 1263 3270 per
1288 3199 1594 3257 Gabrielem
1653 3201 1811 3259 facta:
1852 3203 2118 3269 meminit,
2158 3209 2314 3258 sexto
2346 3200 2530 3256 mense
2558 3197 2933 3268 conceptionis
2964 3194 3347 3259 Pmcursoris,
3377 3207 3485 3263 quo
3504 3206 3640 3248 con-

409 3295 595 3359 ceptus
624 3302 707 3345 est
731 3288 1009 3348 Dominus.
1045 3291 1182 3347 Tum
1218 3294 1517 3363 apostolica
1540 3297 1706 3353 verba
1726 3297 2043 3369 subiungit:

1009 3384 1245 3439 KANON
1284 3386 1376 3452 cr.

484 3488 504 3523 ι
537 3471 662 3535 Τοῖς
705 3471 761 3525 δέ
790 3473 1009 3539 δούλους
1049 3476 1406 3549 Χριστιανοὺς
1444 3476 1559 3533 ἀνθ’
1595 3479 1803 3534 ἐαυτῶν
1848 3481 1979 3534 ὐπο-

414 3579 436 3613 ιι
465 3561 808 3633 ϐεϐληκόσιν,
842 3564 894 3619 οί
928 3565 1027 3637 μὲν
1046 3565 1241 3631 δοῦλοι,
1275 3567 1351 3632 ὼς
1374 3568 1441 3624 ἂν
1464 3569 1975 3643 ύποχείριοιδντεςς
2022 3638 2023 3641 η

416 3672 434 3705 ι
468 3656 561 3709 καὶ
578 3657 778 3727 τρόπον
791 3655 914 3711 τινά
928 3658 1022 3714 καὶ
1042 3660 1194 3715 αὐτοὶ
1208 3660 1629 3730 φυλακισθέντες
1650 3658 1877 3718 ύπδτῶν
1897 3665 1978 3719 δε-

417 3768 431 3795 ‹
459 3748 692 3810 σποτῶν,
705 3750 1192 3824 καταπειληθέντες
1205 3754 1413 3807 τε¹⁵⁹³⁶ύ
1421 3756 1474 3806 π’
1487 3754 1665 3809 αὐτῶν
1680 3756 1773 3810 καὶ
1785 3756 1873 3811 διὰ
1887 3757 1977 3813 τὸν

414 3857 433 3889 ι
470 3839 631 3909 φόϐον
652 3840 832 3893 αὐτῶν
851 3842 931 3905 είς
949 3841 1107 3896 τοῦτο
1128 3842 1440 3915 ἐληλυθότες
1463 3845 1559 3899 καὶ
1574 3846 1974 3921 ὁλισθήσαντες,

411 3947 428 3977 ι
462 3930 531 3982 ἐν
553 3930 691 3961 ¹⁸⁹’“
722 3931 952 4009 ἐνιαυτῷ
977 3931 1046 3987 τά
1077 3932 1177 4003 τῆς
1225 3934 1509 4005 μετανοίας
1541 3934 1678 4010 ἔργα
1723 3936 1975 4001 δείξουσι,

411 4036 431 4070 ι
470 4020 831 4089 μανθάνοντες
850 4022 945 4077 τοῦ
960 4023 1167 4090 λοιποῦ,
1186 4024 1258 4089 ὡς
1280 4024 1453 4079 δοῦλοι
1470 4027 1707 4099 Χριστοῦ
1729 4031 1898 4082 ποιεῖν
1916 4029 1977 4084 τὺ

412 4130 429 4162 ι
468 4112 682 4185 θέλημα
717 4112 814 4167 τοῦ
845 4113 1079 4186 Χριστοῦ
1111 4114 1291 4182 ¹⁸¹¹ἴ⁹⁹,
1326 4114 1419 4189 καὶ
1464 4117 1744 4187 φοϐεῖσθαι
1778 4120 1973 4174 αὐτόν’

411 4220 430 4253 ι
464 4202 753 4268 ἀκούοντες
787 4200 1149 4274 μάλιστα,’δτι
1180 4204 1438 4272 ἔκαστος
1460 4205 1571 4260 ἐάν
1615 4205 1678 4278 [1.
1701 4207 1754 4262 ηδ
1784 4208 1875 4281 ἄν]
1922 4226 2004 4277 τι,

409 4312 430 4346 s
462 4295 691 4363 ποιήσῃ
722 4292 964 4362 ἀγαθὸν,
1000 4292 1502 4365 τοῦτομκομίσεται
1535 4297 1695 4368 παρὰ
1731 4300 1973 4367 Κυρίου,
2006 4370 2011 4375 Ι

409 4401 428 4434 ι
462 4384 585 4438 sits
614 4382 837 4450 δοῦλος
861 4383 981 4441 εἴτε
1008 4384 1322 4454 ἐλεύθερός
1345 4387 1478 4441 ἐστι
1520 4390 1586 4442 ³⁸.
1624 4407 1655 4444 ι.
1696 4406 1705 4414 '

468 4475 667 4547 ΒΔᾼΣ.
696 4475 837 4538 Τοὺς
877 4473 1019 4529 κατὰ
1046 4477 1292 4533 κέλευσιν
1339 4480 1433 4534 καὶ
1456 4480 1701 4553 ’ἀπειλὴν
1740 4482 1851 4537 τῶν
1889 4484 1977 4539 δερ

2682 3380 2912 3436 CANON
2942 3382 3031 3437 Vl.

2156 3498 2174 3530 ι
2213 3476 2251 3533 li
2275 3486 2453 3534 autem
2487 3477 2580 3548 qui
2627 3492 2815 3533 servos
2843 3473 3184 3531 Christianos
3236 3486 3416 3542 prose
3442 3470 3645 3528 submie
3692 3526 3695 3529 ,

2085 3591 2105 3625 ι
2138 3578 2347 3635 serunt,
2377 3570 2520 3625 servi
2571 3568 2817 3643 quidem,
2876 3574 2934 3621 ut
2966 3566 3057 3635 qui
3083 3565 3186 3636 ipsi
3225 3564 3328 3619 sub
3359 3579 3521 3618 manu
3541 3574 3645 3619 ‘cs-

2084 3684 2103 3716 ‹
2135 3671 2276 3725 sent,
2305 3670 2360 3717 et
2388 3657 2788 3730 quodammodo
2810 3657 2926 3728 ipsi.
2949 3644 3169 3726 quoque
3198 3655 3253 3709 in
3296 3654 3643 3728 dominorum

2084 3774 2103 3807 ι
2143 3751 2392 3809 custodia
2413 3758 2618 3813 essent,
2649 3749 2920 3818 minisque
2951 3748 3023 3801 ab
3059 3735 3194 3816 ipsis
3215 3746 3410 3806 territi,
3431 3752 3486 3799 et
3517 3758 3646 3817 pro-

2085 3862 2104 3895 ι
2139 3855 2257 3915 pter
2282 3856 2473 3897 eorum
2525 3848 2728 3895 metum
2781 3854 2845 3895 eo
2891 3828 3157 3908 c‘Ompulsi
3193 3844 3247 3892 et
3300 3836 3456 3906 lapsi,
3498 3844 3643 3889 anno

2083 3954 2103 3989 ι
2137 3948 2301 4005 opera
2331 3931 2663 4004 paenitentia:
2705 3931 3011 3995 ostendent,
3043 3941 3096 3985 et
3138 3930 3396 4000 deinceps
3424 3927 3644 4001 disceu-

2083 4047 2102 4080 ι
2134 4036 2236 4093 tes,
2261 4032 2321 4080 ut
2351 4024 2493 4079 servi
2517 4010 2747 4086 Christi,
2780 4022 2958 4079 facere
2985 4021 3192 4077 Christi
3230 4022 3563 4075 voluntatem
3583 4014 3641 4074 ct

2083 4136 2102 4171 ι
2138 4132 2260 4172 eum
2297 4108 2487 4169 timere
2519 4131 2533 4167 :
2564 4112 2849 4169 audientes
2905 4112 3160 4174 maxime,
3183 4111 3326 4182 quod
3363 4110 3646 4179 unusquis-

2083 4226 2100 4259 ι
2142 4223 2261 4278 que.
2302 4205 2505 4276 siquid
2554 4202 2674 4258 boni
2709 4204 2912 4272 fecerit,
2963 4201 3060 4258 hoc
3113 4202 3243 4273 {erat
3292 4218 3326 4256 a
3390 4200 3641 4267 Domino,

2082 4317 2100 4350 ι
2138 4298 2242 4352 sive
2262 4312 2439 4351 servus
2464 4296 2571 4349 sive
2602 4293 2734 4349 liber
2766 4295 2834 4348 sit
2862 4305 2911 4349 ι.
2946 4313 2966 4347 s

2145 4474 2307 4530 ΒΑιε.
2336 4473 2535 4530 Servos
2556 4473 2647 4544 qui
2682 4472 3023 4527 dominorum
3054 4472 3214 4543 jussu
3243 4486 3307 4527 ac
3360 4471 3525 4528 minis
3548 4485 3644 4527 sa-

404 4566 615 4639 σποτῶν
662 4564 929 4631 θύσαντας
971 4566 1187 4633 δούλους
1232 4571 1326 4625 ἐπὶ
1376 4570 1618 4626 ἐνιαυτὸν
1670 4575 1899 4646 ἐπιτιμᾷ
1946 4576 1975 4628 ό

2078 4569 2411 4634 criticarunt,
2439 4582 2582 4621 anno
2605 4565 2762 4637 punit
2789 4565 2879 4619 hic
2906 4561 3069 4618 Pater
3103 4581 3118 4617 :
3156 4571 3215 4617 ut
3249 4562 3343 4633 qui
3366 4564 3512 4618 enim
3538 4562 3644 4618 do-

406 4657 587 4731 Πατὴρ
622 4652 816 4723 οὗτοςο
845 4659 921 4724 ὼς
962 4661 1060 4736 μὲν
1085 4661 1195 4735 γὰρ
1225 4661 1490 4719 πεισθεῖσι
1536 4667 1652 4729 τοῖς
1687 4665 1972 4732 δεσπόταις

2078 4658 2225 4714 mino
2254 4658 2557 4730 paruerint,
2590 4655 2843 4727 ignoscit.
2891 4654 2944 4711 e't
2988 4671 3153 4727 grave
3175 4656 3503 4727 supplicium
3532 4670 3644 4712 non

403 4752 795 4821 συτγνωμονεῖ,
817 4750 923 4805 καὶ
940 4750 1159 4823 βαρεῖαν
1195 4755 1297 4809 οὐκ
1315 4755 1510 4825 ἐπάγει
1534 4757 1751 4811 κόλασιν
1770 4774 1785 4788 ο
1814 4757 1891 4822 ὡς
1916 4758 1973 4813 δὲ

2078 4749 2269 4821 inﬂigit
2301 4769 2315 4806 :
2349 4756 2409 4804 ut
2441 4750 2532 4818 qui
2564 4756 2744 4803 autem
2790 4748 2902 4802 sint
2923 4751 3096 4817 magis
3130 4746 3338 4802 Christi
3391 4745 3556 4810 servi,
3588 4754 3645 4802 et

402 4837 599 4906 δούλοις
614 4841 851 4913 Χριστοῦ
870 4842 1070 4913 μᾶλλον
1086 4839 1225 4909 οὖσι,
1242 4846 1491 4901 κάκεῖνον
1512 4848 1671 4902 πλέον
1690 4847 1969 4919 φοϐεῖσθαι

2078 4860 2199 4900 eum
2222 4844 2423 4900 debent
2447 4842 2623 4914 magis
2650 4850 2913 4904 metuere,
2938 4840 3265 4896 mediocrem
3297 4854 3511 4911 pennam
3546 4837 3646 4891 im-

404 4930 690 5001 ὀφείλουσι,
702 4934 940 5006 μετρίως
955 4935 1200 5007 ἐπιτιμᾷ.
1218 4938 1507 5005 Ἕκαστος
1522 4940 1654 5009 τὰρ,
1674 4940 1807 5013 φησὶ
1827 4940 1968 4995 κατὰ

2078 4937 2238 5006 ponit.
2275 4934 2637 5005 Unusquisque
2652 4934 2811 4996 enim,
2836 4931 3036 5003 inquit,
3065 4933 3366 5008 secundum
3388 4945 3643 5001 magnum

405 5022 491 5076 τὸν
509 5026 681 5096 μέγαν
706 5027 940 5092 Παῦλον,
974 5026 1006 5081 ὃ
1030 5026 1141 5082 ἐὰν
1162 5027 1389 5100 ποιήσῃ
1412 5030 1656 5097 ἀγαθέ-ν,
1685 5032 1970 5102 κομιεῖται

2078 5024 2320 5090 Paulum,
2349 5026 2485 5097 quod
2510 5026 2688 5095 fecerit
2716 5024 2906 5080 bonum
2934 5040 2968 5079 α
3000 5023 3224 5079 Domino
3274 5023 3505 5092 recipiet,
3535 5024 3645 5076 sive

408 5115 571 5171 τοῦτο
597 5122 756 5188 παρὰ
786 5120 1033 5189 Κυρίου,
1060 5119 1179 5175 εἶτε
1211 5121 1432 5188 δοῦλος
1466 5123 1588 5177 εἴτε
1631 5123 1966 5193 ἐλεύθερος.

2078 5138 2247 5178 servus
2266 5121 2370 5176 sive
2397 5119 2546 5174 liber.

474 5207 707 5267 ΖΩΝΑΡ.
746 5212 904 5277 Τινές
936 5210 1155 5278 δούλους
1185 5214 1417 5286 οἰκείους
1454 5215 1812 5286 Χριστιανοὺς
1853 5214 1969 5271 ἀνθ’

2144 5212 2351 5269 Zona.
2376 5210 2635 5268 Nonnulli
2670 5225 2861 5267 servos
2892 5224 3023 5265 suos
3062 5207 3431 5270 Christianos,
3462 5217 3563 5274 pro
3582 5217 3646 5260 se

409 5297 599 5356 ἑαυτῶν
622 5305 717 5358 καὶ
742 5303 1071 5380 ἀκόντων
1086 5304 1620 5380 ἀκοντας]ύπέϐαλον
1644 5307 1811 5364 θύειν.
1834 5308 1972 5374 Τοὺς

2078 5307 2246 5380 ipsis,
2300 5306 2463 5363 etiam
2512 5304 2712 5361 invitos
2756 5302 2826 5358 ad
2886 5300 3273 5357 immolandum
3318 5296 3644 5356 submisere.

470 5464 499 5496 ι
521 5452 704 5530 Εριιεε.
729 5476 808 5527 vr,
830 5426 896 5518 με.

1733 5593 1967 5653 VARle
2019 5592 2422 5655 LECTIONES.

500 5759 562 5794 "‘
592 5761 964 5829 ἐκκλίνοντας.
1042 5763 1134 5796 "“’
1159 5762 1195 5833 ἢ
1222 5763 1316 5819 καί
1343 5764 1399 5821 ετ
1415 5730 1575 5835 τινες,
1653 5762 1765 5801 ”"'
1788 5782 1847 5821 τε
1874 5779 1985 5822 om.
2088 5766 2221 5800 ¹⁸⁶⁶⁶⁶
2248 5765 2309 5821 ἐν
2339 5777 2448 5821 om.
2530 5733 2683 5795 "1""
2713 5761 2869 5816 Θεοῦ.
2948 5761 2991 5793 ⁸⁸
3019 5757 3170 5817 deest
3199 5755 3335 5815 ἐστί.
