4174 6302
517 411 623 477 487

1785 394 2065 458 ΤΠΕΟΙ).
2113 390 2203 452 ΒΛ
2216 391 2516 454 LSAMON

3650 374 3757 435 488

509 536 688 593 Hoste
714 532 881 605 igitur
915 546 1125 596 servos,
1154 528 1405 598 quamvis
1457 528 1801 581 dominorum
1829 526 2084 596 jussione

2211 516 2425 579 ἰούλους,
2464 516 2513 569 εῑ
2540 514 2635 573 καὶ
2665 510 2913 568 κελεύσει
2947 506 3054 563 τῶν
3081 502 3351 559 δεσποτῶν
3392 500 3607 563 εθυσαν,
3638 498 3758 568 βιαι-

508 627 712 694 coacti,
742 642 847 681 non
885 630 1065 678 autem
1124 635 1224 677 sua
1268 620 1567 681 voluntate,
1630 618 2081 678 sacriﬁcaverint,

509 736 711 778 annum
740 719 795 774 in
828 714 1144 788 pmnitentia
1184 712 1380 781 degere
1414 711 1500 765 hic
1546 709 1707 765 Pater
1731 710 1882 779 jubet
1918 727 1931 762 :
1967 722 2082 763 me-

511 811 845 877 minisseque
879 822 938 861 se
974 820 1096 859 cum
1123 803 1231 859 sint
1258 800 1462 865 ﬁdeles,
1488 814 1607 854 esse
1636 798 1843 853 Christi
1872 811 2083 859 servos,

512 912 753 966 eumque
786 896 960 963 magis
984 896 1176 946 timere
1197 897 1451 959 Oportere
1489 906 1503 943 :
1557 902 1620 940 ac
1651 900 2083 956 unumquemque,

513 995 574 1043 ut
605 1002 834 1057 magnus
862 986 937 1039 ait
969 984 1283 1053 Apostolus,
1320 984 1426 1037 sive
1448 992 1677 1045 seruum,
1708 978 1811 1032 sive
1843 977 2085 1042 liberum,

512 1096 631 1146 qua:
663 1078 839 1146 fecerit
867 1086 1278 1146 reportaturum.

1117 1164 1346 1221 CANON
1375 1164 1489 1221 γη.

593 1279 615 1314 ι
655 1260 835 1315 Liberi
874 1267 1057 1313 autem
1100 1258 1277 1313 tribus
1307 1256 1474 1312 annis
1521 1255 1578 1309 in
1627 1254 1945 1326 poenitentia
1968 1269 2091 1309 exa-

524 1369 545 1402 ι
589 1350 946 1404 minabuntur
976 1388 993 1413 ,
1049 1355 1162 1400 tum
1226 1345 1372 1415 quod
1421 1345 1921 1405 dissimulaverint,
1976 1353 2091 1402 tum

524 1460 545 1492 ι
582 1440 727 1513 quod
757 1439 1035 1495 effecerint
1070 1445 1128 1492 ut
1162 1439 1414 1493 conservi
1477 1437 1869 1499 sacriﬁcarent,
1892 1430 1972 1489 ut
1999 1435 2092 1505 qui

524 1550 546 1584 ι
582 1531 841 1602 Apostolo
873 1545 982 1584 non
1021 1530 1351 1595 obetlierint,
1385 1529 1478 1599 qui
1520 1529 1632 1583 vult
1663 1541 1688 1568 ι
1730 1526 1970 1581 dontinos
2003 1542 2094 1581 ea-

528 1644 549 1677 ι
588 1625 705 1679 dem
732 1624 902 1691 facere
925 1640 1041 1695 qua:
1062 1625 1217 1687 serui,
1259 1625 1576 1677 remittentes
1604 1623 1795 1676 minas.
1837 1620 2091 1686 Scientes,

528 1735 549 1769 ι
591 1718 785 1787 inquit,
817 1716 955 1785 quod
980 1725 1157 1769 noster
1182 1731 1382 1786 quoque
1407 1725 1456 1768 et
1476 1716 1706 1782 ipsorum
1738 1713 1990 1767 Dominus
2016 1720 2095 1766 est

526 1824 547 1856 ι
586 1806 642 1860 in
677 1806 842 1869 cretis,
876 1814 1055 1858 etnon
1085 1814 1162 1858 est
1200 1803 1339 1873 apud
1398 1820 1513 1857 eum
1550 1818 1893 1872 personarum
1942 1818 2093 1856 acce-

2186 607 2436 670 σθέντες,
2484 606 2596 660 ἀλλ’
2638 605 2739 659 οὐκ
2780 601 2841 667 ἑξ
2881 598 3082 653 οίκείου
3130 594 3463 664 θελήματος,
3514 588 3756 643 ἐνιαυτὸν

2184 700 2243 751 ὲν
2266 695 2519 767 μετανοίᾳ
2546 678 2997 763 διάγεινδΠατὴρ
3021 681 3176 749 οὗτος
3202 680 3508 753 διορίζεται.
3536 678 3630 732 καὶ
3656 694 3759 748 μα-

2186 789 2318 853 θεῖν,
2346 790 2447 852 ὃτι,
2482 786 2664 841 πιστοὶ
2690 785 2863 847 ὄντες,
2892 778 3127 853 Χριστοῦ
3150 774 3323 831 δοῦλοί
3358 776 3485 839 εἰσι,
3511 774 3761 826 κάκεῖνον

2190 881 2391 953 μᾶλλον
2421 877 2703 949 φοϐεῖσθαι
2737 875 3037 945 ὀφείλουσι⁸
3069 869 3164 924 καὶ
3202 868 3285 921 ὅτι
3321 866 3595 929 ἕκαστος,
3623 863 3762 915 κατὰ

2186 970 2277 1023 τὸν
2301 971 2472 1041 μέγαν
2513 966 2853 1029 ’Δπόστολον,
2873 964 2903 1019 δ
2932 964 3041 1018 ἐὰν
3061 958 3288 1027 ποιήσῃ
3315 954 3615 1027 κομιεῖται,
3644 955 3764 1007 εἴτε

2186 1063 2409 1129 δοῦλος
2442 1062 2562 1117 εἶτε
2592 1061 2927 1127 ἐλεύθερος.

2798 1148 3039 1203 ΚΑΝΩΝ
3079 1145 3150 1200 Ζ’.

2266 1263 2285 1296 ι
2323 1244 2385 1297 Oi
2425 1242 2482 1296 δὲ
2512 1241 2785 1312 ἐλεύθεροι
2821 1240 2878 1292 ὲν
2902 1237 3079 1308 τρισὶν
3111 1234 3286 1287 ἔτεσιν
3319 1228 3767 1298 ὲξετασθήσονται

2196 1354 2215 1387 ι
2256 1337 2315 1388 ἐν
2341 1334 2617 1406 μετανοίᾳ,
2641 1334 2737 1389 καὶ
2756 1333 2830 1395 ὡς
2851 1329 3277 1400 ὑποκρινάμενοι
3295 1325 3383 1389 ¹⁶⁹,
3401 1322 3496 1377 καὶ
3508 1320 3584 1383 ὡς
3602 1335 3769 1372 κατα-

2197 1445 2217 1478 ι
2252 1426 2622 1495 ναγκάσαντες
2648 1425 2772 1487 τοὺς
2801 1418 3123 1492 ὁμοδούλους
3145 1416 3323 1480 θῦσαι,
3348 1415 3444 1468 ἅτε
3470 1412 3557 1443 ““
3581 1408 3645 1480 δὴ
3668 1424 3770 1462 παρ

2198 1538 2217 1569 ι
2262 1518 2625 1591 ρακούσαντες
2668 1514 2762 1569 τοῦ
2820 1495 3139 1567 ’Δποστόλου
3192 1508 3265 1562 τὰ
3322 1509 3474 1561 αὐτὰ
3524 1500 3770 1560 θέλοντος

2198 1631 2217 1663 ι
2256 1611 2447 1665 ποιεῖν
2490 1608 2631 1673 τοὺς
2676 1604 2976 1668 δεσπότας
3016 1599 3150 1681 ,τοῖς
3189 1598 3451 1661 δούλοις,
3496 1593 3773 1658 ἀνιέντας

2201 1726 2220 1756 ι
2260 1705 2373 1771 τὴν
2404 1699 2697 1765 ἀπειλήν·
2745 1696 2971 1760 ειδότες
3009 1693 3073 1757 ⁸⁷,
3117 1690 3301 1760 φησιν,
3347 1688 3436 1741 ὅτι
3474 1686 3573 1739 καὶ
3606 1683 3773 1754 ἡμῶν

2201 1812 2219 1842 ι
2264 1792 2361 1845 καὶ
2392 1787 2588 1843 αὐτῶν
2619 1788 2683 1819 ¹⁷⁶
2706 1789 2737 1840 ὁ
2759 1784 2975 1853 Κύριός
2997 1782 3167 1835 ἐστιν
3191 1778 3234 1810 ³⁸
3258 1778 3327 1829 ἐν
3351 1774 3646 1843 οὐρανοῖς,
3674 1773 3773 1826 καὶ

530 1913 551 1947 ι
586 1898 717 1966 ptio.
747 1895 803 1949 Si
829 1911 997 1950 unum
1024 1906 1207 1950 autem
1266 1911 1457 1950 omnes
1483 1896 1748 1950 habemus
1780 1894 2092 1958 Dominum,

2211 1906 2222 1938 ι
2261 1881 2744 1952 προσωποληψω
2776 1876 2910 1946 παρ’
2943 1871 3102 1939 αὐτῷ
3130 1874 3240 1927 οὐκ
3271 1871 3461 1924 ἐστιν.
3499 1868 3561 1921 Et
3598 1866 3654 1921 δὲ
3679 1866 3777 1918 ἕνα

531 2005 552 2039 ι
589 1987 726 2055 apud
775 2003 926 2058 quem
956 2004 1059 2040 non
1111 1996 1189 2041 est
1226 2002 1571 2055 personarum
1604 1986 1835 2053 acceptio
1868 1986 1929 2051 b;
1962 2001 2097 2055 quo-

533 2095 553 2130 ι
591 2079 739 2135 niam
760 2089 808 2132 et
839 2080 1041 2140 omnia,
1073 2088 1125 2133 et
1154 2079 1207 2134 in
1232 2077 1469 2132 omnibus
1496 2086 1572 2131 est
1597 2077 1860 2142 Christus,
1886 2079 1939 2131 in
1971 2078 2101 2132 Bar-

534 2186 555 2222 t
596 2170 743 2226 boris
780 2180 830 2226 et
860 2169 1093 2242 Scythis,
1127 2170 1288 2232 seruis
1320 2180 1370 2225 et
1401 2168 1576 2225 liberis
1616 2181 1638 2210 ο
1676 2191 1689 2224 :
1741 2169 1938 2226 debent
1965 2186 2100 2225 con-

537 2281 559 2314 ι
600 2262 845 2321 Iiderare
899 2264 1045 2333 quod
1076 2261 1348 2326 iecerunt,
1378 2263 1619 2317 volentes
1672 2278 1828 2317 suam
1856 2264 2097 2333 ipsorum

537 2374 558 2408 ι
596 2357 835 2412 animam
888 2369 1142 2425 servare;
1177 2358 1272 2428 qui
1327 2372 1623 2413 conservos
1662 2367 1882 2412 nostros
1918 2364 2103 2413 traxe~

540 2465 565 2501 ι
591 2457 720 2504 ιίιιιι
742 2449 809 2502 ad
841 2448 1222 2514 idololatriam,
1240 2447 1334 2518 qui
1359 2457 1610 2518 poterant
1631 2459 1686 2504 et
1708 2448 1810 2518 ipsi
1841 2448 2098 2520 eﬁ'ugere,

538 2555 561 2589 ι
591 2537 637 2593 si
663 2538 756 2607 jus
785 2545 839 2594 et
864 2539 1226 2609 aequalitatem
1252 2537 1387 2609 ipsis
1408 2536 1767 2607 praebuissent
1810 2542 1869 2590 ut
1907 2550 2101 2591 rursus

537 2646 560 2681 ι
595 2629 726 2685 dicit
749 2630 1062 2699 Apostolus.
1100 2646 1121 2681 ι

606 2803 769 2859 Βιιε.
817 2802 1031 2861 Liberis
1063 2810 1245 2860 autem
1278 2819 1375 2860 seu
1419 2804 1655 2859 dominis
1694 2819 1977 2861 servorum
2010 2818 2101 2860 sa-

535 2896 787 2951 criﬁcare
812 2905 1151 2960 coactorum,
1184 2897 1407 2952 triennii
1431 2911 1647 2967 pmnam
1677 2896 1933 2967 injungit,
1958 2895 2105 2966 quod

539 2994 595 3045 et
625 2988 935 3043 sacriﬁcare
986 2988 1335 3054 simularunt,
1390 2999 1440 3045 et
1477 2989 1702 3042 omnino
1735 3003 1976 3043 annuere
2004 2985 2106 3042 visi

2205 2000 2224 2032 ι
2267 1978 2468 2050 Κύριον
2516 1976 2727 2047 ἔχωμεν
2759 1973 2801 2003 ¹⁹
2831 1971 2881 2024 οἱ
2914 1969 3134 2031 πάντες,
3180 1962 3777 2032 ἀπροσωπόληπτον,

2207 2092 2226 2124 ι
2266 2072 2385 2124 ἐπεὶ
2414 2069 2509 2123 καὶ
2546 2066 2743 2120 πάντα
2781 2062 2880 2118 καὶ
2932 2061 3003 2114 ὲν
3028 2057 3219 2113 πᾶσιν
3243 2055 3415 2108 ἐστιν
3436 2055 3470 2107 ό
3502 2050 3775 2120 Χριστὸς,

2207 2181 2227 2214 ι
2263 2164 2334 2217 ἐν
2388 2179 2452 2215 τε
2493 2156 2821 2227 βαρϐάροις
2873 2154 2971 2207 καὶ
3031 2150 3321 2213 Σκύθαις,
3375 2144 3620 2209 δούλοις
3679 2141 3776 2195 καὶ

2207 2273 2227 2307 ι
2266 2250 2632 2321 ἐλευθέροις,
2676 2249 2898 2302 σκοπεῖν
2947 2243 3250 2314 ὀφείλουσιν
3280 2239 3309 2291 δ
3354 2236 3781 2308 κατειργάσαντο

2207 2366 2229 2399 ι
2265 2345 2588 2416 θελήσαντες
2620 2340 2718 2412 τὴν
2744 2337 2920 2409 ψυχὴν
2948 2334 3153 2389 ἑαυτῶν
3184 2331 3355 2385 σῶσαι
3376 2327 3446 2393 ⁸⁸,
3470 2331 3593 2393 τοὺς
3634 2327 3690 2381 δὲ
3709 2328 3777 2359 ’θ’

2209 2458 2228 2491 ι
2267 2435 2582 2498 συνδούλους
2598 2431 2804 2488 ἑαυτῶν
2816 2431 2857 2463 ²¹
2872 2426 3196 2489 ἑλκύσαντες
3211 2425 3305 2479 ἐπὶ
3320 2417 3779 2489 είδωλολατρείαν,

2210 2547 2231 2581 ι
2267 2527 2602 2597 δυναμένους
2628 2524 2721 2576 καὶ
2748 2520 2943 2583 αὐτοὺς
2972 2518 3251 2587 ἐκφυγεῖν,
3283 2515 3332 2567 εἰ
3364 2512 3423 2566 τὸ
3447 2512 3653 2565 δίκαιον
3685 2509 3780 2562 καὶ

2212 2637 2230 2671 ι
2272 2617 2369 2689 τὴν
2407 2616 2628 2684 ἰσότητα
2658 2609 2798 2683 ἦσαν
2845 2610 3026 2673 αὐτοῖς
3059 2603 3434 2678 παρασχόντες
3458 2640 3473 2666 ,
3514 2600 3592 2663 ὡς
3625 2598 3783 2654 πάλιν

2211 2730 2231 2762 ι
2270 2712 2299 2764 ὁ
2333 2705 2650 2769 ’Δπόστολος
2680 2704 2850 2773 λέγει.
2885 2721 2903 2753 ι

2276 2801 2472 2855 ΒΔΛΣ.
2505 2800 2630 2861 Τοῖς
2660 2797 2716 2851 δὲ
2747 2795 3071 2866 ἐλευθέροις,
3090 2794 3207 2863 ἢτοι
3229 2793 3339 2853 τοῖς
3366 2786 3650 2847 δεσπόταις
3678 2781 3786 2836 τῶν

2210 2896 2539 2966 βιασθέντων
2568 2891 2727 2945 θῦσαι
2755 2888 2974 2949 δούλων,
3009 2886 3101 2939 ἐπὶ
3134 2884 3372 2957 τριετίαν
3411 2879 3666 2950 ἐπιτιμᾷ·
3698 2875 3783 2930 ὅτι

2207 3003 2271 3039 τε
2306 2982 2677 3054 ὑπεκρίθησαν
2706 2979 2890 3042 θῦσαι,
2924 2977 3019 3031 καὶ
3045 2976 3181 3037 δλως
3214 2971 3397 3038 ἔδοξαν
3431 2967 3783 3031 κατανεῦσαι,

541 3087 694 3141 sunt,
730 3089 783 3135 et
832 3080 977 3150 quod
1011 3078 1306 3137 conservos
1337 3080 1647 3135 sacriﬁcare
1694 3087 2011 3149 coegerunt,
2052 3088 2109 3135 et

2211 3079 2308 3132 καὶ
2335 3079 2417 3131 ὅτι
2448 3077 2574 3139 τοὺς
2621 3072 2939 3134 συνδούλους
2991 3068 3305 3140 ⁴ιινάγκτιισαν
3336 3062 3528 3124 θῦσαι,
3550 3059 3658 3113 ’καὶ
3699 3058 3786 3150 δτι

542 3170 693 3241 quod
722 3149 985 3242 Apostolo
1010 3188 1117 3228 non
1164 3182 1463 3244 paruerunt
1485 3171 1701 3241 iubenti
1745 3173 1906 3226 servis
1937 3173 2108 3226 minus

2215 3170 2569 3241 παρήκουσαν
2596 3169 2690 3219 τοῦ
2725 3168 2780 3218 Ἀ
2789 3162 3046 3217 ποστόλου
3072 3156 3384 3219 κελεύοντος
3408 3152 3636 3208 ἀνιέναι
3664 3149 3788 3215 τοῖς

542 3264 840 3327 remittere;
872 3273 1059 3335 utpote
1091 3280 1216 3320 cum
1247 3266 1352 3335 ipsi
1381 3279 1599 3335 quoque
1627 3262 1834 3329 domini
1876 3263 1967 3317 Dei
1996 3243 2110 3319 ser-

2218 3227 2459 3327 δούλοις
2489 3258 2602 3327 τὴν
2633 3257 2912 3323 ἀπειλὴν,
2963 3253 3037 3318 ὡς
3082 3253 3176 3305 καὶ
3220 3248 3327 3302 τῶν
3364 3245 3635 3300 δεσποτῶν
3670 3244 3792 3298 δούο

546 3352 601 3407 vi
622 3354 753 3415 sint,
790 3362 843 3407 et
875 3352 1202 3410 famulorum
1236 3352 1509 3409 conservi.
1545 3352 1719 3421 Atque
1750 3352 1851 3422 ipsi
1896 3350 2114 3422 quidem

550 3442 875 3501 festinarunt
904 3461 1058 3500 suam
1082 3462 1299 3501 servare
1331 3446 1588 3507 animam,
1617 3459 1912 3501 conservos
1933 3452 2114 3497 autem

548 3556 679 3597 suos
709 3539 779 3593 ad
796 3539 1157 3597 idololatriam
1170 3556 1289 3595 com
1298 3542 1572 3610 pulei-unt,
1586 3541 1680 3609 qui
1714 3548 1961 3609 poterant
1983 3538 2121 3594 eﬁ‘u-

545 3647 690 3705 gere.

624 3723 726 3795 13
750 3723 953 3779 ZONAR.
980 3725 1194 3782 Liberis
1211 3738 1415 3791 autem,
1437 3729 1540 3783 ltoc
1569 3740 1648 3784 est
1678 3727 1915 3783 dominis
1931 3739 2119 3781 servo-

550 3831 673 3869 rum
698 3818 793 3887 qui
818 3820 1134 3874 sacriﬁcare
1157 3833 1284 3877 sunt
1308 3823 1505 3888 coacti,
1524 3823 1747 3877 triennii
1771 3834 1991 3891 pinnam
2036 3818 2122 3871 in-

548 3909 731 3979 iungit
768 3929 781 3964 :
815 3924 930 3968 tum
961 3914 1088 3983 quia
1117 3914 1428 3969 sacriﬁcare
1447 3930 1505 3968 se
1525 3914 1873 3972 simularunt.
1901 3926 1967 3966 ac
1992 3928 2119 3967 suc-

548 3997 809 4049 cumbere
859 3995 1084 4051 omnino
1117 3994 1218 4051 visi
1267 4000 1442 4058 sunt:
1478 4002 1591 4048 tum
1650 3993 1779 4063 quia
1825 4008 2122 4049 conservos

548 4096 845 4155 coegerunt
870 4094 928 4140 ttt
955 4086 1327 4154 immolarent;
1355 4101 1454 4141 nec
1513 4086 1955 4155 obtemperarunt
1985 4086 2126 4155 Apo-

552 4178 693 4232 stolo
713 4177 926 4246 jubentl
958 4178 1125 4232 seruis
1173 4178 1343 4232 minus
1368 4178 1662 4249 remittere;
1695 4192 1818 4230 cum
1856 4177 1957 4246 ipsi
1989 4193 2126 4247 quo-

557 4284 663 4337 que
683 4269 891 4324 domini
945 4270 1055 4325 sint
1082 4269 1174 4324 Dei
1199 4271 1362 4335 servi,
1396 4279 1451 4323 et
1480 4268 1807 4323 famulorum
1847 4252 2139 4324 conservi.

553 4360 635 4414 Ac
660 4361 762 4430 ipsi
794 4360 1014 4431 quidem
1055 4361 1383 4418 festinarunt
1432 4376 1587 4417 suam
1621 4374 1840 4416 servare
1863 4361 2121 4424 animam,

553 4463 849 4506 conservos
872 4464 1074 4515 autem,
1122 4453 1214 4524 qui
1239 4450 1474 4523 effugere
1497 4458 1746 4523 poterant
1792 4448 1862 4504 ad
1894 4450 2125 4505 idolola-

555 4544 716 4595 triam
751 4543 1153 4613 compulerunt.

1146 4631 1373 4700 CANON
1412 4632 1549 4688 VIII.

636 4745 655 4777 ι
696 4727 764 4778 lis
790 4734 967 4780 autem
995 4725 1086 4794 qui
1108 4722 1307 4795 proditi
1340 4733 1486 4791 sunt,
1516 4733 1572 4779 et
1592 4723 1931 4789 exciderunt,
1959 4724 2052 4794 qui
2077 4733 2132 4781 et

560 4836 582 4871 ι
617 4819 717 4890 ipsi
744 4818 808 4873 ad
854 4827 1125 4873 certamen
1157 4827 1528 4882 accesserunt,
1558 4832 1616 4871 se
1648 4832 1768 4871 esse
1792 4816 2149 4893 Christianos

562 4929 583 4962 ι
618 4912 957 4972 conﬁtentes,
978 4921 1032 4963 et
1055 4909 1107 4962 in
1133 4910 1429 4965 custodiam
1456 4924 1579 4962 cum
1603 4908 1885 4962 tormentis
1902 4908 2131 4979 conjec-ti

562 5008 583 5055 ι
615 5012 775 5060 sunt:
819 5018 1033 5072 aequum
1074 5010 1158 5056 est
1196 5002 1250 5056 in
1280 5001 1641 5055 exsultatione
1671 5002 1853 5057 cordis
1876 5003 2017 5059 vires
2051 5004 2129 5057 si-

563 5115 584 5151 t
615 5098 726 5151 tnul
753 5098 969 5159 addere,
998 5104 1052 5150 ct
1073 5096 1152 5151 cis
1177 5098 1231 5149 in
1259 5096 1514 5150 omnibus
1539 5097 1956 5159 communicare,
1991 5106 2043 5152 et
2075 5097 2128 5153 in

566 5203 587 5237 ι
617 5185 980 5250 orationibus,
1014 5197 1068 5239 et
1118 5185 1169 5238 in
1201 5185 1611 5254 participatione
1648 5186 1891 5254 corporis
1926 5193 1979 5240 et
2005 5200 2132 5241 san-

568 5294 589 5327 ι
620 5276 799 5347 guinis
850 5275 1091 5339 Christi,
1146 5285 1196 5328 et
1253 5274 1519 5328 sermonis
1570 5275 1945 5329 adhortatione
2003 5291 2015 5325 :
2073 5284 2134 5330 ut

616 5426 666 5457 "
698 5412 886 5487 Ephes.
922 5434 996 5483 vi,
1031 5417 1086 5474 9.
1160 5418 1364 5473 bRom.
1390 5435 1452 5487 ιι,
1491 5419 1577 5473 il.
1656 5430 1677 5460 ο
1704 5419 1910 5475 Coloss.
1943 5435 2026 5485 ιιι,
2061 5419 2146 5473 il.

2217 3351 2325 3405 λων
2370 3350 2538 3404 ὅντων
2572 3350 2649 3419 τῷ
2682 3349 2891 3419 Κυρίῳ,
2929 3346 3023 3400 καὶ
3052 3346 3165 3406 τοῖς
3193 3340 3430 3404 οἰκέταις
3470 3338 3785 3394 συνδούλων.

2218 3444 2329 3498 Καὶ
2371 3444 2523 3497 αύτυὶ
2562 3443 2659 3515 μὲν
2700 3440 2969 3493 ἔσπευσαν
2999 3436 3095 3507 τὴν
3133 3433 3337 3488 οἰκείαν
3370 3431 3541 3486 σῶσαι
3576 3426 3788 3500 ψυχὴν,

2219 3538 2344 3600 τοὺς
2375 3536 2431 3589 δὲ
2466 3533 2781 3594 συνδούλους
2824 3531 2916 3584 ἐπὶ
2950 3525 3389 3598 εἰδωλολατρείαν
3436 3525 3790 3594 κατήπειγον,

2220 3625 2548 3696 δυναμένους
2576 3624 2852 3691 ἐκφυγεῖν.
3110 3656 3116 3661 -

2290 3717 2531 3771 ΖΩΝΑΡ.
2585 3715 2709 3778 Τοῖς
2747 3714 2803 3766 δὲ
2848 3710 3169 3783 ἐλευθέροις,
3217 3709 3334 3781 ἦτοι
3362 3710 3472 3771 τοῖς
3508 3703 3795 3769 δεσπόταις

2221 3809 2329 3863 τῶν
2350 3808 2676 3880 βιασθέντων
2699 3805 2857 3858 θῦσαι
2886 3802 3108 3865 δούλων,
3142 3801 3235 3854 ἐπὶ
3260 3799 3498 3871 τριετίαν
3527 3798 3755 3867 ἐπιτιμᾷ
3774 3812 3790 3827 ο

2220 3902 2303 3956 ὅτι
2329 3919 2389 3956 τε
2411 3898 2777 3972 ὑπεκρίθησαν
2801 3896 2981 3961 θῦσαι,
3010 3896 3105 3949 καὶ
3128 3894 3264 3956 ὅλως
3287 3892 3468 3959 ἔδοξαν
3500 3890 3793 3961 ύποκύψαι,

2222 3998 2322 4052 καὶ
2353 3996 2434 4048 ὅτι
2474 3994 2566 4045 καὶ
2610 3992 2739 4053 τοὺς
2782 3986 3096 4049 συνδούλους
3141 3983 3457 4055 ἠνάγκασαν
3488 3982 3667 4044 θῦσαι,
3703 3980 3798 4033 καὶ

2225 4089 2307 4142 δτι
2335 4087 2688 4156 παρήκουσαν
2716 4079 2811 4133 τοῦ
2857 4077 3178 4132 Ἀποστόλου
3220 4075 3530 4138 κελεύοντος
3568 4071 3798 4126 ἀνιέναι

2226 4178 2348 4243 τοῖς
2385 4176 2626 4240 δούλοις
2656 4172 2770 4240 τὴν
2816 4167 3105 4236 ἀπειλὴν,
3141 4168 3216 4231 ὡς
3254 4165 3349 4220 καὶ
3386 4164 3493 4218 τῶν
3523 4161 3796 4216 δεσποτῶν

2226 4269 2428 4324 δούλων
2468 4267 2636 4319 ὄντων
2675 4262 2887 4336 Κυρίῳ,
2924 4262 3155 4323 καὶτοῖς
3202 4259 3441 4321 οἰκέταις
3478 4254 3794 4309 συνδούλων.

2227 4358 2339 4411 Καὶ
2365 4354 2517 4409 αὐτοὶ
2558 4350 2655 4426 μὲν
2696 4352 2965 4405 ἔσπευσαν
3013 4349 3112 4422 τὴν
3144 4348 3347 4402 οἰκείαν
3382 4346 3551 4399 σῶσαι
3597 4342 3795 4415 ψυχὴν,

2227 4449 2354 4511 τοὺς
2400 4447 2457 4500 δὲ
2489 4443 2803 4508 συνδούλους
2832 4444 2926 4497 ἐπὶ
2973 4439 3411 4511 είδωλολατριίαν
3450 4433 3799 4501 κατέπειξαν,

2157 4568 2203 4623 ι)
2229 4539 2559 4610 δυναμένους
2581 4538 2858 4607 ἐκφυγεῖν.

2825 4624 3065 4679 ΚΔΝΩΝ
3117 4624 3201 4678 ιιο.

2301 4743 2323 4777 ι
2359 4724 2484 4787 Τοῖς
2502 4693 2572 4773 δὲ’
2591 4718 3043 4791 παραδεδομένας
3071 4717 3163 4770 καὶ
3186 4718 3231 4748 "
3255 4713 3654 4779 ἐκπεπτωκόσι,
3687 4712 3798 4778 τοῖς

2231 4831 2251 4865 ι
2286 4830 2345 4867 τε
2369 4813 2548 4873 αὐτοῖς,
2569 4810 2615 4841 ’³
2638 4807 3091 4882 προσεληλυθόσιν
3120 4807 3200 4869 εἰς
3226 4808 3317 4858 τὸν
3346 4794 3531 4874 ἀγῶνα
3552 4806 3647 4859 καὶ
3674 4808 3803 4876 ὁμο-

2231 4920 2251 4953 t
2289 4898 2538 4968 λογοῦσιν
2562 4892 2701 4951 εἶναι
2732 4895 3093 4966 Χριστιανοῖς,
3121 4891 3542 4963 ἐμϐεϐλημένας
3567 4906 3627 4943 τε
3653 4890 3711 4942 ὲν
3733 4892 3797 4961 τῇ

2232 5012 2251 5044 ι
2293 4990 2503 5061 φυλακῇ
2532 4987 2669 5059 μετὰ
2701 4987 2967 5057 βασάνων,
2996 4983 3213 5053 εὔλογόν
3236 4985 3381 5036 ἐστιν
3407 4984 3463 5034 ἐν
3486 4978 3801 5049 ἀγαλλιάσει

2233 5103 2252 5136 ι
2293 5082 2515 5153 καρδίας
2543 5079 2918 5150 συνεπισχύειν
2950 5082 3042 5131 καὶ
3070 5078 3343 5131 κοινωνεῖν
3373 5076 3428 5127 ὲν
3454 5075 3636 5137 πᾶσιν,
3662 5071 3718 5125 ἐν
3740 5087 3800 5123 τε

2232 5195 2251 5227 ι
2290 5179 2407 5238 ταῖς
2434 5176 2763 5247 προσευχαῖς
2790 5172 2885 5225 καὶ
2912 5173 2979 5241 τῇ
3008 5167 3301 5240 μεταλήψει
3319 5164 3415 5219 τοῦ
3438 5164 3684 5234 σώματος
3704 5160 3802 5216 καὶ

2232 5285 2252 5319 ι
2293 5266 2387 5320 τοῦ
2411 5267 2638 5337 αἵματος
2665 5262 2760 5317 τοῦ
2795 5263 3028 5334 Χριστοῦ
3053 5261 3119 5325 ’⁸,
3140 5261 3236 5313 καὶ
3259 5259 3323 5330 τῇ
3345 5254 3682 5327 παρακλήσει
3708 5249 3798 5307 τοῦ

1803 5572 2036 5630 νΑῐιιΛ]
2072 5569 2474 5627 LECTIONES.

640 5733 706 5762 "'
735 5734 1167 5804 ὑποκρινόμενοι.
1261 5733 1348 5764 ⁸⁶’⁰
1376 5734 1477 5786 ὃτι·
1591 5732 1632 5765 ¹’
1662 5731 1888 5804 εἰδότας·

571 5801 634 5832 ¹⁶’
662 5804 719 5857 δέ
746 5820 857 5859 om.
883 5801 895 5804 ⁷
964 5801 1008 5836 ’ί
1034 5805 1206 5868 ἡμῶν.

2006 5732 2071 5763 ατο
2102 5731 2255 5802 ὑμῶν
2284 5728 2483 5802 αὐτῶν.

1281 5806 1325 5834 "
1354 5804 1441 5855 καί
1471 5814 1580 5857 om.
1659 5802 1704 5834 ⁸³
1734 5804 1963 5865 ἑαυτοῖς.
2031 5802 2074 5835 ⁸⁸
2102 5798 2194 5854 τοὺ
2230 5798 2465 5869 Χριστοῦ
2498 5814 2608 5853 om.

2599 5726 2815 5783 “deest
2857 5727 3025 5780 ἔστιν.
3127 5726 3168 5758 ⁸⁸
3200 5722 3413 5783 ἔχομεν.
3495 5716 3540 5751 ’⁸
3569 5711 3690 5771 add.
3729 5718 3797 5771 si.

3127 5726 3168 5758 "
3200 5722 3413 5795 ἔχομεν.
