4056 6286
595 334 705 402 ‘95

1817 338 2096 411 THEOD.
2129 341 2527 408 BALSAMON
3681 354 3766 423 495

603 482 872 539 calorum,
895 482 1162 531 tormenta
1184 475 1437 531 nimirum
1461 492 1580 548 qua:
1605 493 1633 531 a
1650 477 2162 548 tyrannis'inferun-

2269 477 2355 541 τὰς
2379 478 2450 542 ,ὲκ
2474 476 2582 532 τῶν
2603 465 2872 549 τυράννων
2907 475 3145 548 δηλονότι
3176 474 3438 536 κολάσεις.
3476 475 3597 529 Ἀλλ’
3625 482 3668 533 εἰ
3689 483 3767 538 καὶ

603 578 712 623 tur.
745 567 850 622 Sed
872 570 1123 638 quamvis
1149 579 1369 623 accuset
1401 583 1496 636 eos
1528 570 1618 638 qui
1657 571 1755 622 hoc
1787 569 1947 622 modo
1977 583 2035 623 se
2067 583 2159 638 ge-

605 665 752 718 runt,
787 658 919 729 ipsis
942 664 1123 714 tamen
1145 673 1177 712 a
1207 659 1457 714 ﬁdelibus
1489 659 2003 714 communicandum
2038 674 2160 713 esse

601 749 863 812 decernit,
896 748 1040 819 quod
1074 749 1128 803 in
1162 750 1379 804 nomine
1410 744 1610 804 Christi
1630 749 1696 804 ad
1722 751 1823 803 hoc
1849 749 2153 818 prodeunt:

602 836 828 893 fidentes
858 837 1104 893 videlicet
1142 838 1382 904 Christo,
1419 847 1512 893 aut
1548 839 1601 892 in
1631 837 1752 906 ejus
1797 837 2016 890 nomine
2055 836 2158 892 sibi

601 935 874 983 certamen
903 929 1262 999 deposcentes
1294 947 1309 995 ;
1359 928 1569 985 etiamsi
1606 928 1742 982 forte
1782 927 1924 981 illius
1956 942 2157 995 priece-

601 1020 775 1089 ptioni
798 1019 979 1076 minus
1012 1022 1401 1090 obtemperent,
1425 1020 1672 1074 docentis
1691 1027 1869 1088 petere
1900 1034 1966 1071 ne
1988 1025 2161 1070 tente-

599 1125 742 1173 mur,
782 1111 864 1165 vel
894 1111 1053 1163 etiam
1079 1111 1328 1180 ignorent
1353 1110 1639 1164 Dominum
1672 1109 1965 1164 secessisse
1986 1108 2054 1161 ab
2077 1109 2160 1160 in-

599 1204 952 1259 sidiatoribus
974 1203 1110 1269 suis,
1144 1205 1470 1273 solitumque
1523 1201 1816 1272 aliquando
1845 1217 1951 1254 non
1981 1200 2158 1270 palam

599 1295 968 1359 deambulare,
1002 1309 1100 1348 nec
1139 1309 1196 1348 se
1236 1294 1410 1362 ipsum
1434 1292 1740 1362 prodidisse
1778 1301 1832 1345 ut
1865 1299 2160 1361 pateretur,

599 1401 785 1442 verum
811 1388 880 1442 ab
903 1387 1025 1441 aliis
1049 1388 1324 1456 proditum
1352 1404 1366 1451 ;
1403 1385 1831 1455 praecepisseque
1857 1383 2156 1453 discipulis,

598 1485 658 1533 ut
685 1493 795 1548 quo
828 1484 1070 1547 tempore
1125 1478 1248 1530 illos
1295 1476 1500 1530 inimici
1553 1474 1979 1537 insectarentur,
2011 1474 2162 1543 fuge-

599 1577 718 1623 rent
745 1583 776 1622 e
802 1567 1026 1621 civitate
1060 1567 1112 1619 in
1139 1567 1551 1628 civitatem,nee
1568 1580 1626 1619 se
1655 1564 1802 1633 ipsos
1829 1564 1971 1617 ultro
1991 1570 2163 1616 torto-

600 1657 751 1710 ribus
791 1654 1089 1715 traderent,
1147 1668 1216 1708 ne
1266 1651 1515 1723 pluribus
1545 1667 1604 1706 se
1629 1651 1870 1705 caedibus
1898 1649 2164 1704 contami-

599 1747 762 1801 nandi
793 1761 1012 1801 causam
1041 1745 1175 1816 ipsis
1235 1743 1558 1814 praeberent,
1590 1757 1685 1797 eos
1711 1743 1855 1798 velut
1886 1741 2161 1796 irritantes

2262 569 2501 622 αίτιᾶται
2521 569 2646 632 τοὺς
2664 568 2837 632 οὕτως
2860 568 3158 629 ποιοῦντας,
3179 568 3446 619 κοινωνεῖν
3470 567 3589 632 τέως
3612 573 3765 638 αὐτοῖς

2259 659 2387 721 τοὺς
2413 659 2634 722 πιστοὺς
2661 659 3016 720 διατάττεται,
3041 661 3121 712 ὅτι
3149 660 3204 711 ὲν
3228 658 3443 728 ὀνόματι
3461 658 3545 709 τοῦ
3572 660 3769 730 Χριστου

2263 751 2623 822 παρέρχονται
2657 753 2736 813 εἰς
2767 751 2956 813 τοῦτο,
2989 750 3312 820 θαρροῦντες
3341 747 3530 817 δηλαδὴ
3560 749 3629 819 τῷ
3661 753 3774 823 Χρι..

2264 839 2392 912 στῷ,
2423 841 2455 912 ἦ
2487 841 2622 911 ὑπὲρ
2662 839 2754 895 τοῦ
2797 839 3055 909 ὀνόματος
3092 837 3184 890 τοῦ
3234 837 3466 908 Χριστοῦ
3506 838 3775 909 αἱρούμενοι

2260 931 2352 982 τὸν
2384 931 2570 998 ἀγῶνα
2586 969 2600 992 ,
2633 932 2680 982 εί
2707 930 2847 1000 τάχα
2873 931 2967 983 καὶ
2991 931 3052 982 οὐ
3078 929 3216 982 κατά
3247 929 3344 998 τὴν
3364 927 3563 981 ἐκείνου
3591 931 3773 984 ποιοῦσι

2260 1021 2623 1087 διδασκαλίαν,
2668 1022 3008 1083 διδάσκοντος
3053 1022 3222 1073 αἰτεῖν
3263 1021 3336 1090 μὴ
3379 1020 3775 1095 πειρασθῆναι,ᾒ

2263 1113 2354 1164 καὶ
2386 1111 2689 1179 ἀγνοοῦσιν,
2721 1112 2800 1164 ὅτι
2820 1113 2847 1164 ό
2867 1110 3066 1182 Κύριος
3099 1109 3364 1180 ὑπεχώρει
3405 1109 3510 1161 ἀπὸ
3552 1110 3648 1162 τῶν
3673 1112 3776 1163 ὲπιο

2261 1203 2618 1258 σουλευόντων
2654 1201 2837 1271 αὐτῷ,
2884 1202 2980 1254 καὶ
3022 1201 3166 1253 ἐστιν
3202 1203 3288 1252 ὅτε
3333 1199 3424 1253 καὶ
3460 1199 3517 1251 οὑ
3566 1202 3781 1271 φανερῶς

2262 1296 2600 1367 περιεπάτει,
2643 1296 2736 1347 καὶ
2771 1295 2850 1348 ὅτι
2886 1293 3007 1346 οὐδὲ
3051 1294 3241 1346 ἑαυτὸν
3285 1291 3559 1362 παρέδωκε
3597 1291 3778 1357 παθεῖν,

2261 1389 2395 1441 ἀλλά
2424 1385 2689 1458 παρεδόθη
2710 1403 2723 1415 ·
2762 1387 2851 1438 καὶ
2893 1386 2950 1439 ὲν
2982 1385 3060 1455 τῷ
3089 1383 3378 1438 διώκεσθαι
3419 1385 3541 1445 τοὺς
3573 1383 3786 1454 μαθητὰς

2261 1478 2445 1543 αὑτοῦ,
2479 1478 2756 1543 διετάξατο
2803 1476 3022 1545 φεύγειν
3068 1476 3146 1538 είς
3197 1475 3346 1527 πόλιν
3373 1478 3437 1528 ἐκ
3476 1476 3685 1538 πόλεως,
3710 1476 3788 1529 καὶ

2266 1573 2340 1643 μὴ
2369 1569 2684 1640 αὐτομολεῖν
2728 1567 2861 1639 πρὸς
2905 1569 3030 1630 τοὺς
3069 1564 3356 1628 κολαστὰς,
3405 1565 3491 1616 ἵνα
3541 1563 3610 1635 μὴ
3650 1565 3793 1618 αἴτιοι

2261 1664 2441 1726 αὺτοῖς
2488 1661 2721 1729 γίνοιντο
2773 1659 3030 1712 πλειόνων
3081 1657 3289 1725 φόνων,
3331 1655 3517 1728 ὥσπερ
3567 1655 3790 1726 παραθή-

2261 1772 2443 1825 γοντες
2472 1753 2668 1814 αὐτοὺς
2696 1753 2776 1814 είς
2809 1751 2907 1813 τάς
2951 1748 3092 1802 κατὰ
3116 1748 3223 1800 τῶν
3263 1746 3502 1799 εὐσεϐῶν
3533 1745 3794 1814 τιμωρίας.

600 1838 665 1891 ad
699 1837 963 1907 supplicia
994 1836 1101 1904 piis
1154 1834 1466 1888 horuinibus
1525 1833 1836 1902 irroganda.
1887 1830 2162 1902 Aﬂertque

2269 1849 2371 1902 Καὶ
2399 1849 2522 1908 τοὺς
2564 1843 2890 1904 ἀποστόλους
2941 1840 3175 1911 παράγει
3228 1840 3303 1900 είς
3357 1835 3684 1905 ὑπόδειγμα,
3717 1833 3797 1886 τὺν

599 1931 969 1998 apostolorum
1028 1929 1356 1997 exemplum,
1391 1926 1672 1996 Stephani,
1713 1923 1921 1990 Jacobi,
1970 1938 2035 1977 ac
2065 1939 2161 1978 su-

601 2037 907 2092 premorum
935 2019 1143 2075 ordinis
1176 2021 1271 2074 sui
1292 2033 1578 2087 procerum
1605 2016 1752 2072 Petri
1780 2024 1834 2070 et
1855 2014 2027 2069 Pauli.

1214 2109 1442 2166 CANON
1483 2107 1549 2162 Χ.

677 2221 696 2250 ι
739 2201 891 2257 Unde
923 2218 1028 2257 non
1075 2212 1156 2256 est
1215 2217 1463 2270 :equum,
1507 2207 1563 2254 ut
1598 2199 1680 2254 vel
1725 2199 1904 2252 clerici
1935 2198 2028 2267 qui
2064 2213 2161 2251 sua

607 2315 626 2346 ι
678 2304 869 2364 sponte
891 2295 1238 2363 aufugerunt,
1273 2292 1408 2369 lapsi
1437 2299 1612 2345 autem
1647 2299 1700 2345 et
1737 2291 1984 2344 reluctati
2015 2297 2160 2352 sunt,

609 2405 626 2436 ι
676 2387 908 2455 amplius
931 2385 983 2438 in
1015 2398 1172 2440 sacro
1211 2384 1513 2436 ministerio
1548 2377 1821 2445 maneant,
1859 2387 1918 2433 ut
1940 2381 2030 2449 qui
2060 2378 2164 2433 Do-

609 2496 630 2528 ι
681 2478 815 2531 mini
867 2488 1080 2547 gregem
1113 2475 1452 2544 reliquerint,
1478 2482 1530 2528 et
1557 2490 1613 2528 se
1638 2474 1786 2542 ipsos
1827 2473 2165 2540 vituperave-

610 2590 630 2623 ι
676 2572 816 2623 rint:
847 2570 988 2638 quod
1017 2569 1201 2622 nullus
1230 2568 1354 2621 fecit
1385 2583 1451 2619 ex
1482 2566 1766 2635 apostolis.
1806 2564 2018 2618 Etenim
2039 2577 2162 2616 cum

607 2679 632 2716 ε
675 2665 873 2717 multas
926 2661 1331 2730 persecutiones
1385 2659 1632 2721 obiisset,
1667 2669 1718 2712 et
1764 2658 1934 2711 multa
1989 2662 2166 2710 certa-

609 2771 631 2805 ι
676 2753 882 2807 minum
909 2751 1127 2820 prannia
1148 2750 1481 2804 ostendisset
1509 2750 1700 2804 beatus
1727 2748 2005 2818 apostolus
2022 2745 2166 2802 Pau-

609 2862 631 2896 ι
679 2844 782 2904 lus.
818 2843 996 2897 sciens
1030 2857 1151 2896 esse
1173 2843 1327 2911 longe
1350 2841 1543 2894 melius
1595 2839 1810 2893 dissolvi
1839 2849 1887 2893 et
1911 2855 2022 2892 esse
2049 2854 2165 2891 cum

610 2954 631 2988 ι
680 2935 892 2992 Christo
943 2949 990 2998 ι,
1025 2936 1185 2988 infert
1223 2943 1274 2986 et
1317 2933 1489 2987 dicit:
1534 2931 1595 2986 In
1623 2949 1779 2986 carne
1831 2941 2005 2984 autem
2051 2947 2166 2984 ma-

609 3046 632 3079 ε
679 3045 816 3090 nere,
854 3027 1019 3096 magis
1050 3027 1398 3080 necessarium
1418 3035 1630 3093 propter
1651 3041 1759 3078 vos.
1797 3024 2166 3081 Considerans

613 3133 632 3168 ι
674 3118 816 3171 enim
848 3133 953 3170 non
984 3132 1158 3181 suam,
1197 3117 1287 3170 sed
1314 3116 1604 3169 multorum
1637 3117 1947 3181 utilitatem,
1975 3125 2032 3173 ut
2053 3134 2166 3172 ser-

2263 1939 2528 2008 Στέφανον
2550 1977 2566 2002 ,
2611 1937 2701 1988 τὸν
2742 1933 2992 1986 Ἰάκωϐον
3013 1969 3029 1994 ,
3062 1932 3156 1986 καὶ⁵
3196 1932 3319 1992 τοὺς
3368 1925 3797 1999 κορυφαιοτάτους

2259 2032 2466 2103 Πέτρον
2495 2029 2586 2083 καὶ
2611 2025 2840 2080 Παῦλον.

2876 2113 3112 2169 ΚΑΝΩΝ
3152 2115 3208 2167 Ρ.

2337 2232 2354 2266 ι
2393 2212 2549 2266 Ὅθεν
2574 2212 2648 2280 (5)
2675 2213 2772 2264 οὐκ
2795 2209 2937 2261 ἔστιν
2966 2205 3181 2274 εὔλογον
3211 2205 3329 2259 οὐδὲ
3352 2205 3480 2266 τοὺς
3499 2201 3603 2258 ἀπὸ
3625 2199 3803 2270 κλήρου

2268 2323 2287 2355 ι
2323 2303 2810 2372 αὐτομολήσαντας,
2857 2297 3275 2358 ἐκπεπτωκότας
3305 2312 3362 2347 τε
3401 2295 3499 2346 καὶ
3532 2289 3805 2345 ἀναπαλαί-

2266 2413 2286 2446 ι
2329 2411 2546 2456 σαντας,
2575 2393 2652 2446 ἔτι
2691 2395 2747 2444 ὲν
2779 2393 2843 2460 τῇ
2889 2389 3195 2458 λειτουργίᾳ
3231 2382 3397 2448 εἶναι,
3439 2387 3531 2438 ἆτε
3565 2383 3628 2452 δὴ
3659 2399 3808 2434 κατα-

2269 2504 2287 2537 ι
2325 2485 2615 2554 λείψαντας
2647 2484 2705 2535 τὸ
2733 2482 2980 2551 ποίμνιον
3014 2478 3219 2548 Κυρίου
3253 2478 3346 2529 καὶ
3391 2474 3809 2546 μωμησαμόνους

2269 2595 2287 2628 ι
2326 2577 2545 2638 ἑαυτούς
2564 2592 2576 2605 ·
2601 2577 2736 2645 ὅπερ
2755 2573 2925 2634 οὐδεὶς
2945 2570 3053 2623 τῶν
3075 2568 3379 2622 ἀποστόλων
3411 2565 3695 2635 πεποίηκε.
3717 2563 3813 2615 Καὶ

2272 2684 2290 2716 ι
2330 2665 2437 2737 γὰρ
2467 2668 2495 2718 ό
2525 2664 2748 2726 πολλοὺς
2787 2660 3057 2730 διωγμοὺς
3095 2657 3355 2724 ὲξανύσας
3399 2656 3500 2725 (6),
3556 2652 3717 2707 πολλά
3762 2666 3811 2708 τε

2271 2774 2290 2808 ι
2331 2753 2465 2808 ἆθλα
2491 2754 2880 2825 ἀγωνισμάτων
2909 2750 3296 2820 ἐνδειξάμενος,
3333 2751 3361 2801 ό
3395 2747 3664 2818 μακάριος
3696 2743 3817 2796 ἀπό-

2270 2869 2291 2903 σ
2329 2847 2576 2912 mlas“
2613 2846 2855 2911 Παῦλος,
2899 2842 3152 2915 ἐγνωκώς
3182 2859 3240 2894 τε
3285 2841 3366 2894 ὅτι
3419 2837 3636 2891 κάλλιόν
3687 2836 3817 2887 ἐστιν

2271 2958 2294 2993 ε
2329 2938 2624 2995 ἀναλῦσαι
2669 2937 2764 2989 καὶ
2800 2935 2922 2988 σὺν
2963 2931 3192 3002 Χριστῷ
3225 2927 3399 2992 εἶναι,
3446 2925 3694 2995 ἐπιφέρει
3735 2919 3820 2973 καὶ

2273 3051 2292 3085 ι
2329 3031 2499 3100 λέγει·
2533 3030 2602 3084 Τὸ
2629 3029 2696 3082 δὲ
2723 3023 3012 3098 ἐπιμεῖναι
3048 3024 3120 3092 τῇ
3144 3022 3341 3092 σαρκὶ,
3371 3018 3824 3088 ἀναγκαιότερον

2275 3144 2292 3176 ι
2331 3122 2404 3177 δι’
2437 3122 2606 3192 ὑμᾶς.
2657 3119 2880 3173 Σκοπῶν
2911 3118 3019 3191 γὰρ
3067 3118 3126 3170 οὺ
3179 3115 3239 3168 τὺ
3284 3111 3481 3168 ἑαυτοῦ
3525 3106 3824 3180 συμφέρον.

611 3224 632 3257 ε
677 3215 891 3269 ventur,
927 3207 1098 3277 magis
1127 3222 1288 3276 quam
1315 3221 1468 3260 suam
1500 3207 1758 3275 quietem,
1791 3209 2163 3262 necessarium

2275 3232 2293 3266 ι
2333 3213 2466 3266 ἀλλά
2500 3212 2560 3265 τὺ
2590 3211 2695 3264 τῶν
2735 3209 2943 3262 πολλῶν
2989 3208 3074 3260 ἵνα
3106 3204 3382 3266 σωθῶσιν,
3415 3196 3825 3266 ἀναγκαιότερον

613 3316 632 3350 ι
680 3299 1030 3360 existimavit,
1065 3299 1202 3366 apud
1233 3298 1429 3353 fratres
1490 3313 1725 3358 manere,
1769 3307 1820 3352 et
1855 3313 2041 3352 eorum
2071 3315 2166 3353 cu~

2273 3323 2292 3356 ι
2330 3304 2428 3374 τῆς
2476 3300 2663 3356 ἑαυτοῦ
2714 3301 3071 3359 ἀναπαύσεως
3117 3297 3356 3366 ἡγήσατο
3397 3292 3460 3344 τὸ
3509 3284 3826 3360 παραμένειν

613 3407 632 3442 ι
678 3406 794 3445 ram
824 3406 1028 3460 gerere.
1058 3389 1158 3456 Qui
1199 3393 1358 3444 etiam
1389 3391 1501 3444 vult
1551 3406 1672 3444 eum
1703 3392 1793 3460 qui
1817 3391 1994 3453 ducet,
2048 3407 2163 3446 esse

2274 3413 2292 3445 ι
2333 3397 2445 3456 τοῖς
2471 3393 2715 3462 ἀδελφοῖς
2742 3391 2834 3444 καὶ
2866 3388 3236 3459 ἐπιμελεῖσθαι
3262 3382 3467 3437 αὐτῶν.
3510 3384 3608 3443 Ὃς
3639 3378 3728 3431 καὶ
3749 3374 3833 3426 τὸν

617 3501 635 3535 ι
685 3485 738 3537 in
771 3482 1014 3537 doctrina
1061 3482 1350 3550 exemplum
1386 3482 1413 3521 ιι
1449 3481 1715 3535 fidelibus.
1763 3479 1916 3534 Unde
1968 3485 2061 3550 qui
2113 3482 2163 3536 in

2275 3505 2293 3538 ι
2329 3486 2642 3539 διδάσκοντα
2687 3482 2825 3536 Θέλει
2859 3478 2994 3536 εἶναι
3040 3482 3108 3534 ἐν
3147 3479 3219 3546 τῇ
3253 3476 3624 3539 διδασκαλίᾳ
3655 3473 3832 3524 τύπον

612 3593 634 3627 ι
684 3590 906 3630 carcere
929 3573 1340 3636 contendentes,
1365 3587 1394 3626 a
1425 3573 1727 3627 ministerio
1748 3574 2087 3633 exciderunt.
2117 3580 2163 3626 et

2276 3597 2293 3628 ι
2330 3577 2610 3648 γινόμενον
2635 3576 2741 3628 τῶν
2773 3574 2992 3627 πιστῶν.
3021 3571 3182 3625 Ὅθεν
3219 3572 3268 3622 οί
3303 3571 3362 3622 ὲν
3391 3572 3463 3639 τῇ
3507 3566 3698 3635 είρκτῇ
3726 3561 3833 3613 ἔπιε

612 3687 633 3722 ι
678 3671 920 3724 reluctati
955 3678 1100 3733 sunt,
1133 3683 1326 3722 sensus
1359 3667 1516 3735 plane
1549 3674 1674 3720 sunt
1725 3675 1995 3735 expertes.
2026 3665 2163 3731 Quo-

2276 3688 2294 3720 ι
2333 3667 2671 3740 δικαζόμενοι
2719 3665 2819 3734 τῆς
2863 3664 3200 3734 λειτουργίας
3251 3659 3706 3717 ἐκπεπτωκότες,
3752 3650 3835 3703 καὶ

615 3779 634 3810 ι
683 3759 842 3813 modo
866 3757 1008 3811 enim
1046 3763 1232 3823 petunt
1286 3755 1430 3825 quod
1475 3755 1827 3826 reliquerunt,
1869 3769 1992 3808 cum
2027 3756 2078 3808 in
2109 3770 2163 3808 ea

2279 3782 2297 3812 ι
2340 3759 2839 3821 ἀναπαλαίσαντες,
2897 3756 3037 3809 πάνυ
3096 3751 3507 3822 άναισΘητοῦσι.
3575 3747 3698 3808 Πῶς
3742 3746 3838 3811 γὰρ

615 3870 634 3902 ι
685 3855 1003 3919 tempestate
1051 3861 1172 3900 esse
1223 3853 1443 3915 possent
1493 3843 1752 3898 fratribus
1806 3844 1919 3899 suis
1962 3844 2163 3898 utiles!

2279 3873 2298 3906 ι
2334 3853 2569 3920 αἰτοῦσιν
2613 3851 2642 3905 δ
2693 3847 3049 3918 κατέλειψαν,
3097 3847 3382 3914 δυνάμενοι
3427 3846 3547 3905 τοῖς
3607 3837 3838 3906 ἀδελφοῖς

618 3958 635 3990 ι
683 3936 933 4005 Quandiu
962 3935 1145 4004 itaque
1172 3934 1308 3987 firmi
1344 3933 1677 4000 stabilcsque
1704 3931 2163 3998 manserunt,ejut

2279 3963 2298 3998 ι
2336 3944 2619 4017 εὖχρηστοι
2653 3938 2787 3998 εἶναι
2837 3943 2896 3994 ὲν
2939 3938 3115 4010 καιρῷ
3153 3936 3407 4008 τοιούτψ;
3447 3936 3600 3995 Ἕως
3635 3929 3730 4000 μὲν
3758 3921 3843 3980 οὖν

620 4050 637 4080 ι
688 4030 833 4100 quod
860 4032 1052 4100 praeter
1077 4027 1342 4079 rationem
1375 4025 1638 4083 fecerant.
1658 4025 1737 4079 eis
1749 4025 1903 4079 venia
1924 4025 2163 4079 dabatur.

2281 4052 2300 4084 ι
2339 4027 2814 4102 ἄπταιποιῆσαν,
2862 4027 3186 4096 συγγνώμην
3227 4021 3369 4095 εἶχον
3417 4022 3518 4074 sui
3569 4023 3636 4090 τῇ
3682 4032 3843 4086 παρα-

621 4139 640 4168 ο
688 4120 918 4188 Quando
963 4119 1144 4170 autem
1197 4116 1331 4186 lapsi
1373 4126 1520 4177 sunt,
1560 4127 1615 4168 ut
1645 4118 1736 4186 qui
1790 4132 2069 4188 perperam
2119 4132 2163 4170 se

2281 4146 2300 4175 ι
2336 4124 2478 4193 λόγῳ
2513 4123 2556 4154 ³⁸
2590 4121 2767 4176 αὐτῶν
2817 4119 3044 4192 πράξειο
3102 4117 3192 4170 ὅτε
3230 4116 3285 4168 δὲ
3327 4115 3608 4168 ἔπταισαν
3631 4150 3646 4174 ,
3675 4113 3746 4171 ὼς
3787 4105 3845 4159 ἀν

621 4235 643 4262 τ
694 4218 979 4280 gesserunt
1002 4214 1054 4262 et
1079 4223 1136 4262 se
1160 4209 1306 4277 ipsos
1329 4207 1793 4276 vituperaverunt,
1824 4223 1929 4260 non
1950 4219 2163 4276 possunt

2283 4235 2300 4265 ι
2341 4213 2836 4285 περπερευσάμενοι
2860 4210 2950 4262 καὶ
2973 4209 3194 4269 ἑαυτοὺς
3218 4223 3380 4277 μωμη
3391 4205 3650 4274 σάμενοι,
3679 4198 3846 4250 οὐκέτι

625 4323 646 4358 ι
682 4305 914 4374 amplius
944 4316 1098 4356 sacra
1122 4300 1227 4371 ιϐ
1256 4299 1554 4352 ministeria
1587 4297 1846 4356 θυῖε-εει
1877 4297 1997 4351 ideo
2022 4299 2160 4365 magi

2284 4324 2301 4354 ι
2341 4303 2590 4357 δύνανται
2634 4297 2981 4372 λειτουργεῖν.
3035 4298 3124 4352 Διὸ
3163 4296 3611 4366 φροντιζέτωσαν
3665 4285 3848 4360 μᾶλλον

629 4415 648 4448 ι
679 4412 863 4452 curam
896 4390 1402 4466 gerant,quomodo
1431 4390 1485 4446 in
1519 4388 1826 4444 bumilltate
1847 4390 2011 4442 vitam
2033 4403 2157 4456 pera

2286 4413 2302 4445 ι
2346 4396 2401 4447 ὲν
2441 4390 2923 4463 ταπεινοφροσύνῃ,
2957 4389 3070 4450 πῶς
3111 4385 3458 4441 εκτελέσουσι
3522 4380 3849 4446 παυσάμενοι

626 4506 648 4540 ι
689 4496 815 4557 gum
856 4463 1050 4540 avt-ana
1077 4483 1246 4556 gloria
1305 4491 1600 4539 cessantes.
1644 4479 1735 4535 Eis
1781 4479 1927 4535 enim
1985 4477 2160 4532 suﬂici

2289 4504 2306 4534 ί
2346 4485 2443 4555 τῆς
2501 4483 2821 4548 κενοδοξίας.
2878 4483 3057 4552 Ἀρκεί
3118 4479 3225 4549 γάρ
3272 4477 3461 4537 αὐτοῖς
3528 4476 3566 4542 ἠ
3613 4463 3853 4557 κοινωνία

629 4598 648 4626 τ
681 4536 1017 4643 ἔοιηιηιιιίο,
1044 4536 1168 4645 qua:
1196 4574 1482 4642 diligenter
1502 4581 1556 4626 et
1589 4578 1845 4626 accurate
1879 4572 1938 4624 nt
1970 4568 2155 4624 duabu

2290 4595 2308 4627 ι
2489 4536 2822 4636 ἐπιστάσεως
2845 4573 2890 4603 ⁸⁸
2908 4536 2997 4626 καὶ
3015 4536 3294 4640 ἀκριϐείας
3311 4568 3454 4638 ’πρὸς
3483 4536 3772 4634 eum,»
3795 4555 3850 4588 ³⁸⁸

626 4683 648 4717 ι
697 4666 764 4720 de
785 4664 969 4718 causis
990 4702 1004 4729 ,
1051 4670 1165 4718 tum
1189 4675 1258 4718 ne
1288 4661 1575 4717 vidcantur
1597 4658 1840 4714 moiestia
1866 4659 2024 4726 allici,
2056 4662 2163 4717 him

2288 4685 2310 4717 ι
2349 4664 2623 4736 γινομένη,
2647 4665 2750 4718 καὶ
2797 4665 2882 4717 ἵνα
2915 4663 2990 4735 μὴ
3028 4660 3218 4726 δόξωσι
3246 4651 3719 4724 λυπεῖσθαιιμετᾰ
3749 4646 3853 4718 βίας

631 4779 652 4808 ι
698 4756 1112 4812 dissolutionem
1135 4754 1185 4809 vi
1219 4753 1543 4822 arripientes
1569 4771 1581 4806 :
1617 4758 1731 4805 tum
1761 4768 1830 4807 ne
1852 4754 1988 4824 lapsi
2017 4756 2160 4825 aliqu

2291 4778 2310 4810 ι
2349 4758 2826 4830 περιδρασσόμενοι
2860 4755 2958 4826 τῆς
3005 4752 3252 4808 ἐντεῦθεν
3284 4749 3618 4808 ἀναλύσεως
3648 4743 3740 4812 (’1),

630 4867 653 4898 ι
695 4855 991 4900 causentur
1007 4862 1063 4902 se
1091 4854 1310 4915 propter
1336 4858 1508 4912 pmme
1539 4845 1883 4898 occasionem
1911 4844 2080 4900 fuisse
2107 4862 2163 4900 re

2294 4868 2311 4898 ι
2354 4827 2438 4902 ἵνα
2467 4827 2538 4920 μία
2564 4865 2705 4911 τινες
2743 4846 3081 4908 ἐκπεσόντες,
3114 4841 3569 4914 προφασίζωνται
3589 4837 3634 4868 ⁸⁷
3655 4833 3798 4890 dicit!
3819 4827 3856 4859 ⁸⁸

629 4959 660 4996 ιι
695 4943 929 4997 missos:
965 4938 1067 5004 Qui
1113 4937 1329 5007 quidem
1363 4937 1648 5005 plusquam
1681 4952 1870 4992 omnes
1923 4939 2163 5006 probrun

2293 4961 2310 4991 ι
2349 4939 2437 4994 διὰ
2487 4942 2582 5012 τὴν
2629 4940 2879 5010 ἀφορμὴν
2922 4941 3020 5010 τῆς
3068 4935 3344 5004 ἐπιτιμίας
3391 4927 3857 4999 ὑπεκλελυμένοι⁶

661 5137 674 5150 .
697 5109 725 5139 ι
759 5096 988 5162 Philipp.
1035 5109 1072 5151 ι.
1107 5092 1194 5154 ‘25,
1230 5091 1315 5144 τι.
1396 5091 1421 5129 δ
1453 5088 1559 5142 Tit.
1585 5103 1647 5152 ιι,
1683 5088 1734 5141 7.

1920 5222 2148 5277 VARI/Ii
2182 5221 2579 5279 LECTTONES.

701 5366 744 5396 ³⁸
767 5363 912 5418 deest
941 5361 1248 5424 ἀπόστολος.
1285 5361 1327 5391 ³⁵
1359 5361 1507 5429 παρὰ
1527 5357 1704 5425 λόγον.
1780 5357 1823 5390 ⁸⁸
1859 5359 2179 5421 ἑπιτάσεως.
2254 5359 2320 5390 ³⁶’
2351 5359 2676 5431 ἀμφότερον.
2756 5360 2799 5394 ³⁷
2828 5361 3288 5431 προφασίσωνται.
3357 5357 3408 5392 ³⁸
3438 5359 3541 5421 ὡς.

2371 5543 2446 5612 (7)
2508 5544 2618 5611 Τῆς
2645 5544 2922 5596 ἐντεῦθεν
2955 5543 3129 5596 ἀναλ.
3183 5537 3428 5612 Zonaras
3595 5530 3866 5612 Balsamjtt

2301 5590 2922 5668 videnttir'litt‘nc'locirm
2950 5590 3227 5678 Solem}.
3262 5602 3655 5678 interpretari,
3704 5601 3757 5650 et
3779 5590 3868 5663 τὴν

2301 5683 2545 5736 ἐντεῦθεν
2573 5684 2826 5736 ἀνάλυσιν
2852 5683 2918 5736 de
2949 5673 3119 5737 inerte
3144 5678 3412 5745 accipere.
3440 5673 3721 5726 Humum.

632 5536 641 5546 ’
703 5554 777 5621 (5Ἑ
813 5554 1000 5611 Ὅθεν,
1029 5563 1161 5621 κι-τ.
1197 5545 1244 5598 λ.
1298 5543 1495 5621 Confer
1527 5561 1650 5599 cum
1695 5544 1779 5596 his
1825 5545 2191 5621 narrationem

630 5610 914 5695 Epiphanii
946 5610 1012 5673 dc
1059 5619 1371 5679 Meietianis.
1433 5618 1562 5670 hair.
1619 5629 1808 5675 varrr,
1859 5628 1911 5666 tr.
1978 5610 2012 5666 2
2058 5610 2191 5666 (διδ.

635 5696 896 5747 Hannone.

710 5764 785 5831 (6)
823 5761 1177 5824 Ὲεατύσας.
1211 5756 1290 5811 Ms
1339 5757 1460 5812 eod.
1492 5755 1607 5809 Nan
1661 5752 2008 5818 ὲξαντλήσας.
