4174 6302
457 331 564 401 505

1588 334 1666 400 lN
1699 334 1930 402 EPIST.
1965 338 2022 399 S.
2057 337 2288 400 PETRI
2325 339 2543 404 ALEX.

3574 323 3679 398 506

466 468 702 529 νάμενοι,
737 458 853 529 ἦτοι
899 457 972 530 μὴ
1016 457 1393 520 τελειώσαντες
1441 455 1500 508 τδ
1550 455 1742 510 καλόνο
1793 453 1887 507 νῦν
1937 453 2016 508 καῖ

2085 473 2104 516 ι
2127 457 2364 508 mentum
2399 464 2600 510 tectum
2619 471 2835 527 quoque
2861 456 3260 521 fabricaverint,
3286 472 3381 513 seu
3404 459 3548 528 quod
3581 460 3673 513 bo-

467 550 802 622 κατασκευὴν
831 551 1015 604 τούτου
1040 567 1100 603 τε
1124 549 1215 604 καὶ
1238 549 1344 601 τῶν
1371 547 1571 601 λοιπῶν
1596 548 1806 615 ἐπάγει,
1831 545 2021 614 λέγων·

463 647 526 699 Oi
557 646 660 716 γὰρ
687 646 745 699 ὲν
778 644 854 716 τῷ
884 645 1174 716 βράσματι,
1205 646 1369 714 ηγουν
1412 645 1470 697 ὲν
1513 645 1578 714 τῇ
1610 644 1758 712 ἀκμῇ
1788 637 1880 694 τοῦ
1907 643 2027 693 διω-

462 735 604 813 γμοῦ
630 739 922 805 ἱστάμενοι,
944 736 1038 789 καὶ
1064 735 1292 807 ὁρῶντες
1314 735 1381 788 τὰ
1412 735 1682 806 μαρτύρια
1703 733 1810 786 τῶν
1837 733 2022 799 ἀγίων,

466 829 561 882 καὶ
616 829 761 891 ὅπως
820 828 1106 881 σπεύδουσι
1155 827 1278 892 τούς
1332 827 1391 892 ἐξ
1446 826 1684 898 οὐρανῶν
1737 828 2024 897 στεφάνους

467 917 645 973 λαϐεῖν
692 920 829 972 κατά
857 919 1018 994 ζῆλον
1065 919 1227 982 θεῖον,
1278 917 1549 970 ἐπεδίδουν
1596 916 1822 979 ἑαυτοὺς
1851 919 1930 981 εἰς
1967 918 2024 968 τὸ

469 1010 762 1081 μαρτύρ.-.ν
813 1011 949 1078 μετά
991 1010 1299 1079 παρῤηῖας
1358 1009 1589 1077 πολλῆς,
1653 1008 1747 1060 καὶ⁸
1796 1008 2026 1078 μάλιστα

465 1099 544 1153 ὅτι
568 1098 789 1152 ἔϐλεπόν
803 1117 953 1162 τινας
975 1098 1426 1169 ὐποσυρομένους,
1448 1098 1566 1150 ἀντὶ
1593 1097 1706 1159 τοῦ,
1735 1097 2025 1167 κλεπτομέ-

464 1188 587 1251 νους
613 1191 704 1242 καὶ
747 1189 1132 1259 ἀπατωμένους
1164 1189 1267 1242 ὑπὸ
1309 1188 1400 1241 τοῦ
1444 1189 1708 1252 διαϐόλου,
1746 1191 1838 1243 καὶ
1867 1190 2022 1243 ἐκπί-

465 1299 712 1345 πτοντας,
750 1283 864 1350 ἤτοι
898 1282 1255 1352 ἀρνουμένους
1287 1281 1384 1350 τὴν
1417 1280 1726 1333 εὐσέϐειαν·
1755 1275 1827 1332 ὧν
1867 1281 2022 1352 χάριν

463 1373 977 1444 ὑποθερμαινόμενοι
1001 1373 1215 1433 ἔσωθεν,
1241 1373 1357 1446 ἦτοι
1376 1372 1471 1442 τὴν
1498 1372 1719 1442 καρδίαν
1747 1372 2020 1441 πυρούμε-

465 1481 562 1526 νοι,
587 1463 662 1528 ὡς
701 1465 792 1518 καὶ
834 1463 1116 1526 ἀκούοντες
1159 1463 1758 1533 καταπολεμῆσαι,ήτοι
1803 1464 2020 1532 νικῆσαι

461 1554 546 1610 διὰ
576 1553 764 1606 τούτου
811 1554 897 1605 τὸν
948 1553 1178 1616 ἀλαζόνα
1220 1555 1311 1606 καὶ
1352 1553 1718 1622 ἀντικείμενον
1756 1554 2017 1616 διάϐολον,

463 1642 793 1696 ἐσπούδασαν
826 1643 1077 1697 ὑποδῦναι
1108 1643 1168 1695 τὸ
1195 1642 1510 1714 μαρτύριον,
1536 1645 1620 1696 ἵνα
1650 1643 1722 1714 μὴ
1747 1644 2021 1713 καυχήση-

462 1735 602 1805 ταιό
639 1734 878 1798 διάϐολος
930 1734 1023 1788 καὶ
1068 1733 1192 1806 δόξῃ
1240 1734 1413 1805 ἐαυτῷ
1457 1733 1714 1805 φρόνιμος
1760 1726 1913 1796 εἶναι,
1945 1735 2019 1799 ὡς

461 1827 684 1895 νικήσας
699 1826 835 1878 κατά
852 1827 1182 1896 πανουργίαν
1202 1827 1325 1889 τοὺς
1343 1827 1812 1900 αὐτομολήσαντας
1829 1844 1840 1856 ·
1861 1829 1907 1879 εἰ
1929 1829 2019 1880 καὶ

459 1911 710 1973 ἐλάνθανε
734 1918 928 1987 μᾶλλον
957 1918 1203 1972 νικᾶσθαι
1231 1918 1334 1972 ὑπὸ
1363 1919 1468 1972 τῶν
1503 1918 1746 1989 ἀθλητῶν
1767 1918 1869 1970 τῶν
1894 1936 2020 1988 καρ-

463 2010 796 2080 τερησάντων
836 2011 932 2074 τὰς
980 2010 1256 2080 βασάνους.
1303 2013 1426 2076 Τοῖς
1470 2010 1599 2078 γοῦν
1630 2013 1838 2074 πιστοῖς
1874 2010 2019 2077 ἄξιόν

458 2103 623 2163 ἐστιν,
659 2101 966 2172 εὐχομένοις
985 2101 1124 2172 ὑπὲρ
1153 2101 1328 2154 αὐτῶν
1354 2100 1459 2154 τῶν
1486 2101 1899 2173 τιμωρηθέντων
1925 2102 2018 2154 καὶ

457 2190 813 2265 ἡττηθέντων,
841 2193 1123 2256 ἐπινεύειν,
1158 2195 1273 2265 ἦτοι
1305 2193 1630 2264 συντρέχειν,
1662 2193 1691 2245 ὃ
1724 2210 1776 2245 τι
1817 2195 1910 2246 καὶ
1931 2193 2018 2247 δέ·

456 2281 660 2346 δοκται,
691 2263 782 2336 καὶ
813 2283 952 2338 κατά
987 2301 1038 2337 τι
1075 2285 1135 2336 οὐ
1166 2263 1389 2354 βλάπτει
1439 2284 1778 2360 συμπάσχειν
1810 2283 1904 2338 καὶ⁵
1931 2284 2020 2338 λυ-

461 2371 672 2425 πεῖσθαι
703 2373 839 2443 μετά
870 2374 976 2426 τῶν
998 2375 1194 2443 γονέων
1217 2375 1248 2445 ἢ
1274 2375 1379 2429 τῶν
1406 2375 1578 2437 ἄλλως
1610 2375 2019 2447 προσῳκειωμέ-

459 2480 562 2516 νων
595 2462 732 2534 ΰπὲρ
781 2465 886 2517 τῶν
915 2466 1402 2536 μαρτυρησάντων,
1447 2467 1541 2519 καὶ
1587 2467 2017 2520 ἐκπεπτωκότων

457 2553 566 2607 ἀπὸ
595 2553 842 2624 μηχανῆς
869 2554 960 2607 τοῦ
980 2555 1243 2610 διαϐόλου.
1271 2554 1613 2626 Τινώσκομεν
1637 2555 1761 2624 γὰρ,
1793 2557 1867 2618 ὡς
1894 2553 2019 2608 πολ-

458 2643 540 2696 λοὶ
572 2646 886 2715 ἀπήλαυσαν
930 2647 1020 2701 τοῦ
1056 2647 1233 2711 ἐλέους
1278 2648 1370 2701 καὶ
1403 2648 1500 2727 τῆς
1547 2648 1876 2717 ἀγαθότητος
1921 2646 2016 2701 τοῦ

458 2734 591 2789 Θεοῦ
621 2736 706 2789 διὰ
736 2738 896 2808 εὐχῆς
943 2739 1162 2810 ἑτέρων.
1194 2739 1291 2792 Διά
1320 2757 1395 2792 τοι
1428 2737 1582 2793 τοῦτο
1624 2739 1806 2799 αὐτοῖς
1835 2757 1895 2792 τε
1928 2739 2015 2792 δο-

459 2822 615 2895 θῆναι
647 2826 836 2894 ἄφεσιν
880 2828 1028 2898 παιρά
1070 2826 1162 2880 τοῦ
1211 2828 1345 2881 Θεοῦ
1375 2827 1748 2898 ἐξαιτήσομεν,
1777 2830 1868 2882 καὶ
1905 2832 2016 2893 τοῖς

459 2916 635 2980 ἄλλοις
659 2920 767 2980 τοῖς
800 2918 1193 2982 ἐκπεπτωκόσι,
1223 2920 1312 2972 καὶ
1336 2920 1468 2989 μετά
1496 2921 1662 2974 ταῦτα
1693 2921 1789 2991 τὴν
1813 2921 2016 2991 πλάνην

458 3007 942 3078 ἀνακαλεσαμένοις
996 3009 1089 3062 καὶ
1141 3009 1503 3080 όμολογήσασι
1551 3012 1649 3083 τὴν
1701 3009 2012 3074 εὐσέϐειαν,

463 3101 984 3170 συγκοινωνήσομεν,
1033 3101 1362 3171 μεμνημένοι
1388 3101 1494 3154 τῶν
1538 3102 1642 3172 πρὸ
1691 3103 1786 3172 τῆς
1812 3100 2017 3154 ἐκπτώ-

457 3206 592 3253 σεως
641 3190 862 3258 ἀγώνων
892 3191 1088 3255 αὐτῶν,
1137 3184 1212 3245 ὧν
1245 3191 1555 3261 ὐπήνεγκαν
1595 3192 1684 3245 διὰ
1711 3194 1804 3245 τὸν
1852 3193 2010 3257 Θεὸν,

425 3278 589 3356 ⁵,ἀλλὰ
616 3281 720 3351 μὴν
748 3279 841 3333 καὶ
872 3279 964 3334 τοῦ
993 3280 1130 3351 μετά
1155 3280 1320 3336 ταῦτα
1344 3283 1545 3351 ἀγαθοῦ
1570 3284 1870 3354 μεταμέλου
1901 3283 2016 3338 τού-

448 3383 580 3441 των,
612 3370 704 3423 καὶ
737 3371 817 3423 ὅτι
851 3371 1259 3442 μεμαρτύρηται
1301 3371 1679 3438 ἀπολιτεύτους
1706 3373 2012 3442 λογίζεσθαι

454 3459 674 3523 ἑαυτοὺς
703 3459 791 3514 διὰ
821 3462 1146 3534 ἁμάρτημαο
1185 3462 1278 3517 καὶ
1303 3464 1363 3516 οὐ
1395 3463 1553 3533 μόνον
1588 3464 2013 3537 συγκοινωνήσοο

458 3567 558 3620 μεν
581 3551 780 3615 αὐτοῖς,
813 3551 945 3606 ἀλλά
973 3552 1066 3608 καὶ
1093 3553 1455 3624 συνευξόμεθα
1481 3552 1619 3624 ὑπὲρ
1655 3552 1882 3624 ἱλασμοῦ
1914 3555 2011 3608 αὐ-

455 3641 562 3694 τῶν
597 3645 731 3711 μετά
753 3645 859 3697 τῶν
902 3645 1072 3700 ἄλλων
1104 3645 1208 3698 τῶν
1251 3645 1627 3715 καθηκόντων,
1674 3647 1839 3716 ἤγουν
1872 3646 2010 3718 μετά

454 3733 561 3784 τῶν
585 3733 905 3801 όφειλουσῶν
930 3736 1165 3803 γίνεσθαι
1187 3736 1439 3790 εὐποιιῶν
1472 3737 1598 3807 περὶ
1625 3737 1865 3801 τούτους,
1926 3756 2010 3808 νη-

455 3822 634 3885 στείας
661 3823 916 3892 δηλονότι,
965 3824 1324 3898 ἐλεημοσύνης
1353 3827 1447 3879 mi.
1490 3827 1773 3896 μετανοίας
1795 3844 1809 3858 °
1845 3827 1912 3882 δι’
1933 3822 2007 3882 ὧν

451 3914 480 3964 ό
512 3914 788 3984 γινόμενος
837 3915 1177 3991 παράκλητος
1222 3919 1360 3988 ὑπὲρ
1407 3920 1559 3989 ἡμῶν
1609 3919 2006 3990 ὲξευμενίζεται

454 4005 584 4073 ἡμῖν
615 4005 706 4057 τὸν
747 4006 980 4077 Πατέρα.
1024 4004 1156 4061 Εἶτα
1204 4007 1294 4060 καὶ
1339 4014 1530 4079 χρήσει
1569 4009 1828 4080 κέχρηται
1872 4027 2004 4080 γρα-

451 4097 607 4165 φικῇ.
653 4095 715 4149 Ἡ
750 4095 807 4149 δέ
838 4099 984 4150 ἐστιν
1028 4099 1090 4150 ἐκ
1132 4098 1230 4168 τῆς
1276 4097 1496 4170 πρώτης
1544 4098 1834 4168 ωοολικῆς
1889 4101 2006 4151 ἐπι-

452 4188 639 4260 στολῆς
664 4188 758 4242 τοῦ
787 4189 939 4258 ἁγίου
969 4189 1260 4245 ἀποστόλου
1291 4193 1382 4244 καὶ
1409 4191 1787 4260 εὐαγγελιστού
1829 4192 2004 4247 Ἰωάν-

449 4296 559 4334 νου.

516 4372 754 4428 ΖΩΝΔΡ.
806 4373 863 4426 Ὀ
901 4374 1026 4438 νοῦς
1064 4375 1156 4428 τοῦ
1199 4374 1462 4446 παρόντος
1498 4375 1718 4439 κανόνος
1765 4352 2003 4441 τοιοξτός

2127 560 2253 598 num
2286 553 2371 598 est
2419 561 2527 601 non
2572 546 2897 615 perfecerint
2923 571 2934 603 :
2965 563 3111 603 nunc
3145 547 3310 616 hujus
3353 560 3406 603 et
3435 549 3670 618 reliquo-

2126 644 2245 686 rum
2276 632 2740 686 conﬁrmationem
2782 636 3007 698 inducit,
3043 636 3230 693 dicens
3256 654 3270 690 :
3295 635 3395 701 Qui
3436 638 3578 690 enim
3617 638 3674 690 in

2125 721 2520 789 persecutionis
2557 722 2795 787 fervore,
2843 740 2936 778 seu
2974 724 3311 780 vehementia
3352 727 3578 786 stantes,
3621 734 3674 778 et

2126 811 2365 865 videntes
2395 823 2702 868 sanctorum
2734 817 3011 882 martyria,
3045 822 3098 869 ct
3128 817 3398 884 quomodo
3426 817 3677 872 calestes

2123 916 2354 955 coronas
2383 899 2565 956 divino
2597 904 2712 958 zelo
2754 907 2997 974 accipere
3045 908 3390 968 contendant,
3436 921 3495 961 se
3528 909 3677 977 ipsos

2126 985 2329 1046 dabant
2382 993 2640 1062 martyrio
2670 1005 2793 1047 cum
2845 992 3012 1052 multa
3055 996 3322 1051 libertate.
3354 1007 3408 1049 et
3446 997 3677 1050 maxime

2124 1085 2247 1152 quia
2277 1083 2528 1138 videbant
2557 1085 2821 1153 quosdam
2848 1085 3176 1149 subtractus,
3209 1087 3308 1140 hoc
3337 1097 3422 1143 est
3450 1088 3676 1144 eductos

2123 1183 2176 1226 et
2209 1171 2464 1242 deceptos
2494 1189 2524 1226 a
2569 1175 2808 1238 diabolo,
2840 1184 2893 1231 et
2928 1178 3108 1247 lapsos
3149 1194 3243 1235 seu
3276 1182 3532 1248 negantes
3566 1181 3677 1247 pie-

2124 1270 2330 1320 tatem:
2365 1267 2712 1336 quamobrem
2746 1269 2974 1325 interius
2995 1271 3229 1326 accensi
3261 1287 3354 1326 seu
3393 1275 3558 1330 corde
3589 1274 3676 1327 in-

2123 1353 2402 1419 ﬂammati,
2431 1366 2488 1410 ut
2514 1358 2603 1426 qui
2645 1359 2900 1415 audirent
2925 1377 2984 1416 se
3011 1375 3105 1430 per
3141 1361 3244 1414 hoc
3285 1361 3587 1418 debellasse
3612 1377 3675 1418 ac

2121 1447 2315 1500 vicisse
2367 1449 2657 1516 superbum
2703 1451 3072 1508 adversarium
3115 1443 3407 1513 diabolum,
3449 1455 3674 1509 studue-

2123 1549 2247 1592 runt
2279 1540 2462 1594 subire
2485 1545 2823 1612 martyrium,
2857 1558 2923 1596 ne
2945 1542 3206 1614 glorietur
3227 1543 3473 1599 diabolus
3498 1552 3550 1599 et
3575 1545 3676 1598 sibi

2124 1629 2360 1698 prudens
2391 1647 2512 1686 esse
2543 1633 2810 1697 videatur,
2842 1646 2900 1687 ut
2924 1635 3013 1704 qui
3041 1635 3338 1691 calliditate
3369 1651 3466 1690 sua
3487 1645 3541 1690 et
3564 1652 3675 1690 ma-
3711 1691 3714 1694 .

2123 1723 2230 1778 litia
2261 1738 2354 1778 eos
2385 1708 2574 1778 vicerit
2607 1726 2697 1794 qui
2740 1739 2837 1780 sua
2862 1734 3055 1795 sponte
3094 1727 3162 1780 ad
3203 1729 3521 1797 martyrium
3545 1743 3673 1781 con-

2047 1798 2090 1853 B
2119 1811 2369 1881 fugerunt
2401 1834 2413 1868 :
2451 1816 2612 1868 etiam
2663 1816 2706 1870 si
2738 1831 2858 1870 eum
2906 1817 3062 1870 latuit
3103 1833 3159 1872 se
3204 1820 3378 1888 magis
3423 1818 3564 1874 vinci
3607 1819 3676 1872 ab

2119 1903 2356 1962 athletis.
2389 1905 2480 1972 qui
2516 1914 2781 1958 tormenta
2816 1905 3026 1960 fortiter
3060 1908 3301 1976 perpessi
3331 1915 3478 1961 sunt.
3519 1905 3671 1962 Fide.

2119 1993 2264 2046 libus
2296 2008 2425 2063 ergo
2448 1995 2731 2049 orantibus
2761 2011 2974 2065 aquom
3007 2007 3089 2050 est
3121 2013 3218 2067 pro
3249 1998 3380 2068 ipsis
3409 1999 3674 2067 supplicio

2118 2084 2324 2138 affectis
2345 2093 2396 2138 et
2424 2086 2650 2155 punitis,
2683 2101 2944 2150 annuere,
2981 2088 3094 2142 sive
3121 2089 3174 2140 in
3202 2089 3303 2143 hoc
3329 2102 3677 2151 concurrere,

2118 2174 2261 2242 quod
2289 2175 2452 2229 etiam
2485 2177 2658 2229 visum
2699 2184 2804 2240 est,
2850 2186 2903 2232 et
2935 2178 3118 2248 aliquo
3151 2179 3311 2233 modo
3344 2177 3476 2233 nihil
3511 2181 3672 2243 latdit,

2119 2280 2223 2342 una
2252 2281 2376 2320 cum
2405 2268 2721 2338 parentibus
2749 2268 2833 2323 vel
2859 2269 2983 2324 aliis
3013 2271 3414 2342 necessitudine
3445 2273 3669 2339 conjun-

2116 2336 2242 2419 ctis,
2272 2374 2370 2427 pro
2405 2336 2472 2414 iis
2499 2361 2593 2428 qui
2623 2360 2994 2416 testimonium
3032 2340 3298 2416 dederunt
3327 2365 3671 2434 martyrium-

2117 2464 2222 2517 que
2250 2452 2561 2515 subierunt,
2594 2454 2686 2508 sed
2731 2453 2869 2524 lapsi
2905 2463 3032 2510 sunt
3065 2455 3262 2510 diaboli
3295 2463 3408 2509 arte
3446 2469 3498 2511 et
3540 2457 3671 2514 insi-

2116 2540 2241 2602 diis,
2288 2541 2472 2598 dolere
2514 2552 2567 2599 et
2619 2546 2838 2600 tristitia
2891 2546 3047 2600 allici.
3083 2543 3300 2600 Scimus
3343 2549 3485 2602 enim
3529 2553 3670 2618 quod

2117 2629 2273 2684 multi
2322 2632 2618 2688 b0nitatem
2665 2641 2718 2688 et
2765 2635 3194 2691 misericordiam
3260 2634 3351 2691 Dei
3391 2641 3670 2693 consecuti

2117 2731 2244 2774 sunt
2276 2738 2371 2791 per
2401 2724 2628 2778 aliorum
2656 2728 2952 2782 orationes.
2989 2726 3219 2798 Ideoque
3245 2740 3298 2783 et
3329 2731 3460 2798 ipsis
3493 2731 3608 2784 dari
3640 2748 3672 2784 a

2116 2810 2225 2866 Deo
2253 2822 2599 2883 peccatorum
2631 2816 3004 2872 remissionem
3025 2821 3444 2889 postulabimus,
3473 2829 3526 2874 et
3547 2819 3668 2875 aliis

2115 2908 2208 2975 qui
2242 2907 2373 2977 lapsi
2416 2918 2563 2972 sunt,
2592 2916 2643 2962 et
2675 2917 2861 2980 postea
2894 2927 3135 2966 errorem
3181 2923 3572 2967 revocaverunt
3617 2922 3668 2968 et

2115 2996 2366 3064 pietatem
2403 2998 2641 3052 confessi
2673 3005 2825 3063 sunt,
2874 3001 3420 3066 cemmunieabimus,
3461 3018 3668 3058 memo-

2115 3101 2204 3140 res
2231 3103 2418 3141 eorum
2454 3105 2574 3158 qua:
2623 3097 2746 3145 ante
2785 3092 2994 3160 lapsum
3026 3102 3245 3164 prepter
3277 3092 3446 3148 Deum
3499 3092 3667 3149 susti-

2109 3189 2350 3235 nuerunt
2385 3184 2764 3253 certaminum,
2791 3185 2845 3244 et
2871 3188 3032 3240 etiam
3071 3189 3222 3242 bona:
3249 3203 3435 3244 eorum
3481 3198 3667 3258 poStea

2111 3272 2482 3343 paenitentiae,
2512 3285 2567 3330 et
2611 3277 2756 3346 quod
2779 3292 2838 3332 se
2879 3278 3027 3347 ipsos
3073 3280 3253 3335 testati
3305 3289 3431 3336 sunt
3474 3294 3596 3335 esse
3636 3297 3675 3336 α

2109 3365 2332 3420 civitate
2372 3367 2578 3422 alienos
2609 3375 2829 3437 propter
2857 3377 3136 3438 peccatum
3170 3389 3184 3424 :
3235 3379 3290 3425 et
3337 3387 3446 3425 non
3491 3373 3669 3427 solum

2111 3453 2244 3525 ipsis
2273 3460 2819 3526 communicabimus,
2865 3463 2959 3517 sed
2985 3475 3042 3518 et
3066 3478 3164 3534 pro
3191 3477 3379 3517 eorum
3418 3467 3632 3519 reconci
3649 3494 3666 3505 -

2111 3546 2331 3602 liatione
2368 3551 2672 3618 orabimus,
2705 3567 2830 3607 cum
2881 3554 3002 3609 aliis
3031 3569 3150 3629 qua:
3178 3555 3355 3618 decet,
3399 3568 3493 3612 seu
3539 3571 3664 3609 cum

2109 3639 2269 3693 bonis
2310 3641 2568 3710 operibus
2616 3654 2737 3712 qua:
2775 3641 2974 3698 debent
3023 3644 3091 3698 ab
3131 3637 3265 3714 ipsis
3295 3644 3430 3706 ﬂori,
3460 3643 3666 3712 jejunio

2109 3727 2339 3792 scilicet.
2388 3733 2730 3806 eleemosyna
2780 3742 2835 3790 et
2864 3736 3210 3808 poenitentia;
3252 3751 3346 3804 per
3386 3750 3524 3807 quae,
3571 3735 3665 3804 qui

2108 3838 2206 3890 pro
2251 3824 2408 3878 nobis
2440 3833 2522 3878 est
2558 3825 2873 3889 advocatus,
2905 3824 3119 3879 Patrem
3171 3825 3325 3880 nobis
3369 3825 3662 3895 prepitium

2107 3912 2533 3985 benevolumque
2573 3915 2752 3974 efﬁcit.
2797 3915 3002 3973 Deinde
3045 3927 3098 3972 et
3141 3933 3309 3973 sacrae
3364 3916 3664 3986 Scriptum

2107 4007 2374 4060 sententia
2411 4023 2542 4062 usus
2573 4015 2675 4062 est.
2716 4008 2950 4086 Ea_vero
2977 4016 3059 4065 est
3083 4025 3145 4063 ex
3181 4011 3349 4079 prima
3378 4011 3649 4066 cathotica

2103 4098 2330 4165 epistola
2360 4099 2533 4152 sanati
2563 4101 2790 4166 apostoli
2825 4111 2876 4155 et
2898 4092 3241 4170 evangelista
3268 4099 3514 4157 Joannis.

2171 4359 2374 4415 202m.
2412 4359 2586 4431 Hujus
2637 4365 2864 4421 canonis
2918 4367 3181 4423 sententia
3234 4369 3502 4437 ejusmodi
3555 4377 3653 4427 est.

448 4464 590 4518 ἐστιν
609 4479 624 4494 ο
649 4465 711 4517 Oi
740 4466 796 4517 ὲν
823 4465 900 4534 τῷ
931 4463 1223 4536 βράσματι,
1248 4467 1400 4537 φησὶ,
1421 4465 1516 4519 τοῦ
1545 4466 1808 4537 διωγμοῦ,
1832 4467 1997 4537 ἧγουν

2106 4451 2209 4516 Qui
2243 4451 2296 4505 in
2350 4451 2587 4513 fervore.
2630 4456 2826 4525 inquit,
2874 4460 3288 4529 persecutionis,
3321 4461 3423 4514 hoc
3471 4470 3556 4515 est
3607 4464 3662 4516 in

447 4556 502 4606 ὲν
532 4557 595 4624 τῇ
631 4557 822 4626 ἀκμῇ,
863 4559 928 4627 τῇ
971 4555 1117 4621 ζέσει
1160 4558 1472 4626 ἱστάμενοι,
1521 4558 1614 4610 καὶ
1652 4558 1887 4629 ὁρῶντες
1931 4559 1998 4611 τὰ

450 4645 716 4716 μαρτύρια
741 4646 848 4700 τῶν
877 4647 1081 4715 ἀγίων,
1126 4648 1218 4700 καὶ
1258 4649 1405 4710 ὅπως
1445 4646 1731 4702 σπεύδουσι
1780 4651 1904 4714 τοὺς
1939 4650 1998 4714 ἐξ

441 4737 668 4806 οὐρανοῦ
699 4738 990 4805 στεφάνους
1020 4736 1200 4791 λαϐεῖν
1223 4776 1238 4801 ,
1264 4739 1404 4793 κατά
1439 4738 1598 4810 ζῆλον
1645 4737 1788 4794 θεῖον
1818 4739 1998 4793 ἐπεδί-

441 4826 563 4881 δουν
593 4828 818 4891 ἑαυτοὺς
846 4831 922 4891 είς
942 4829 1010 4882 τὰ
1039 4828 1328 4899 μαρτύρια,
1365 4829 1502 4899 μετά
1531 4830 1839 4902 παρρησίας
1866 4830 1965 4884 πολ

439 4918 536 4988 λῆς
580 4921 916 4992 ὁρμήσαντες
963 4919 1045 4981 είς
1085 4919 1176 4973 τὸν
1222 4920 1443 4988 ἀγῶνα.
1487 4919 1825 4992 ζηλώσαντες
1871 4923 1995 4986 τοὺς

439 5007 626 5074 ἁγίους
647 5008 986 5079 πάσχοντας.
1017 5011 1111 5063 καὶ
1144 5008 1414 5074 ἐπιδόντες
1437 5011 1665 5073 ἑαυτοὺς
1700 5009 1996 5083 προθύμως

437 5101 502 5169 τῇ
556 5100 828 5172 μαρτυρίᾳ
850 5139 866 5164 ,
917 5102 1007 5155 καὶ
1042 5099 1271 5170 μάλιστα
1302 5101 1382 5154 ὃτι
1421 5100 1644 5155 ἓϐλεπόν
1671 5117 1823 5166 τινας
1867 5103 1997 5155 ὐπο-

439 5192 791 5263 συρομένους,
840 5192 960 5245 ἀντὶ
991 5190 1552 5262 τού,κλεπτομένους,
1597 5192 1994 5263 ἀπατωμένους

435 5284 528 5336 καὶ
569 5283 933 5356 ἀρνουμένους
964 5285 1062 5356 τὴν
1090 5284 1365 5338 εὐσέϐειαν
1387 5322 1403 5346 ,
1434 5283 1952 5356 ὐποθερμαινόμενοι
1974 5326 1992 5352 ,

433 5377 548 5444 ἢτοι
594 5375 922 5447 πυρούμενοι
959 5376 1058 5448 τὴν
1105 5375 1365 5446 καρδίαν,
1395 5375 1653 5428 ἔσπευδον
1688 5376 1990 5430 καταπολε-

437 5467 608 5535 μῆσαι
631 5465 722 5520 τὸν
752 5466 948 5531 αὐτοὺς
973 5465 1308 5538 ὐποσύροντα
1341 5466 1596 5538 πονηρὸν.
1625 5466 1711 5520 ἵνα
1745 5465 1821 5538 μὴ
1853 5484 1991 5521 καυ-

429 5559 622 5626 χᾶται,
653 5557 728 5622 ὡς
757 5559 932 5628 ήττῶν
978 5560 1106 5626 τοὺς
1151 5560 1395 5624 εὐσεϐεῖς
1419 5574 1435 5591 ⁸
1480 5562 1529 5613 εἰ
1562 5560 1658 5613 καὶ
1703 5558 1991 5614 ἐλάνθανεν

429 5648 619 5708 ἐαυτὸν
645 5651 890 5720 ἀγνοῶν,
925 5653 1006 5706 ὅτι
1049 5652 1245 5723 μᾶλλον
1287 5652 1549 5722 ἡττᾶται,
1581 5650 1790 5705 πολλῶν
1829 5649 1990 5731 μέχρι

430 5741 661 5795 θανάτου
695 5743 791 5813 τὴν
820 5743 960 5816 ὐπὶρ
1006 5745 1101 5814 τῆς
1139 5743 1371 5810 πίστεως
1403 5740 1651 5799 ἔνστασιν
1683 5741 1984 5813 ἐνδειξαμέ-

2103 4552 2316 4594 summo
2347 4534 2497 4597 illius
2526 4545 2840 4601 discrimine
2878 4548 3460 4620 vehementissimeque
3501 4551 3658 4606 dimi-

2099 4633 2314 4687 catione
2361 4635 2665 4699 constituti,
2707 4654 2772 4691 ac
2801 4640 3057 4709 martyrio
3100 4650 3410 4698 sanctorum
3445 4645 3658 4701 intuen-

2100 4732 2202 4785 tes.
2239 4735 2292 4779 et
2316 4741 2479 4793 quam
2534 4728 2877 4783 vehementer
2922 4732 2986 4784 ad
3019 4733 3367 4798 accipiendas
3405 4734 3659 4789 uelestes

2097 4831 2330 4874 coronas
2381 4817 2732 4883 festinarent,
2779 4821 2961 4875 divina
3011 4824 3354 4879 aemulatione
3401 4840 3462 4878 se
3511 4827 3659 4895 ipsos

2097 4910 2358 4980 martyrio
2383 4910 2673 4976 tradidere,
2689 4913 2860 4966 multa
2886 4928 3008 4967 cum
3029 4915 3277 4969 libertate
3302 4917 3356 4970 in
3381 4927 3654 4973 certamen

2096 5001 2429 5067 desilientes,
2460 5014 2768 5060 sanctorum
2808 5007 2900 5076 qui
2947 5008 3292 5076 patiebantur
3332 5005 3654 5074 imitatione,

2096 5107 2260 5162 seque
2286 5105 2567 5164 promptos
2595 5097 2660 5150 ad
2689 5097 2846 5151 ﬁdem
2887 5099 3197 5153 testimonio
3227 5098 3651 5155 ceniirmandun

2094 5189 2362 5251 obtulere,
2399 5195 2514 5243 tum
2544 5190 2615 5243 ob
2647 5188 2697 5243 id
2720 5190 2953 5246 maxime
2977 5185 3103 5260 quia
3138 5192 3338 5245 multos
3368 5203 3655 5248 cernerent

2093 5280 2185 5350 qui
2221 5279 2704 5345 subtrahebantur,
2735 5282 2839 5336 hoc
2889 5290 2971 5338 est
3026 5282 3467 5346 traducebantur,
3505 5285 3655 5345 deci-

2095 5372 2398 5441 piebantur,
2424 5373 2675 5444 pietatem
2725 5375 3012 5445 negabant,
3049 5374 3336 5438 ferventes,
3390 5377 3491 5432 hoc
3545 5387 3649 5443 est,

2093 5464 2367 5519 ﬂammato
2389 5467 2574 5531 corde,
2614 5467 2866 5522 infestum
2896 5467 3028 5536 ipsis
3059 5469 3428 5522 adversarium
3468 5470 3653 5524 debel-

2093 5557 2204 5611 lare
2232 5558 2580 5625 studuerunt,
2615 5576 2682 5614 ne
2721 5559 2882 5616 veluti
2927 5557 3137 5628 piorum
3179 5561 3352 5614 victor
3391 5561 3652 5630 gloriare-

2091 5659 2211 5717 tur;
2246 5653 2496 5720 quamvis
2552 5669 2674 5708 eum
2725 5655 2964 5716 latuerit,
2996 5655 3137 5710 vinci
3185 5669 3244 5708 se
3289 5654 3492 5722 potius,
3523 5669 3651 5711 cum

2095 5742 2249 5798 multi
2286 5741 2351 5805 ad
2383 5751 2608 5803 mortem
2638 5760 2810 5815 usque
2843 5759 2941 5815 pro
3000 5745 3101 5800 [ide
3145 5746 3505 5800 constantiam
3542 5759 3651 5817 pm
