4174 6302
466 343 572 412 εει

1415 333 1498 398 ιη
1549 337 1790 402 nam.
1826 337 1886 402 s.
1918 313 2308 418 cascontt
2349 338 2788 402 usos/sam.

3612 339 3716 411 538

466 479 562 534 καὶ
593 479 786 535 αὐτόθι
833 478 975 535 ὥστε
1007 475 1180 544 οὕτως
1208 477 1353 552 ὑμᾶς
1400 479 1596 547 ποιεῖν,
1651 480 1746 535 καὶ
1789 477 1942 543 τίνας
1968 478 2051 536 δεῖ

2145 473 2258 531 illic
2281 471 2512 540 faciatis,
2540 480 2596 530 et
2613 488 2846 545 quorum
2871 475 3254 535 accusationes
3278 485 3332 533 et
3352 486 3541 534 contra
3565 492 3707 550 quos

476 569 919 649 κατηγοροῦντάς
955 586 1117 624 τινων
1154 569 1565 642 προσδέχεσθαι,
1625 569 1836 638 minii;
1882 572 2052 644 ἐκκη-

478 659 659 735 ρύξαι,
691 662 858 734 ἧγουν
883 662 1036 726 τίνας
1064 660 1165 731 τῆς
1201 660 1524 732 Ἐκκλησίας
1561 661 1781 728 ἐξῶσαι,
1827 665 2053 720 καὶτῶν

474 754 690 810 πιστῶν
745 755 1003 830 χωρίσαι,
1035 755 1178 808 ὥστε
1209 754 1284 827 μὴ
1319 753 1673 825 συνεύχεσθαι
1727 757 1927 823 αὐτοῖς.
1957 749 2050 811 τε·

475 864 572 912 νας
603 848 662 902 δὲ
699 847 786 922 δεῖ,
834 846 1279 919 κατηγοροῦντας
1329 846 1744 918 προσδέχεσθαι,
1789 849 1849 902 τὺ
1894 848 2052 903 ἕκτον

478 939 767 1009 κεφάλαιον
811 939 914 1009 τῆς
966 939 1226 1009 δευτέρας
1285 937 1671 1009 οἰκουμενικῆς
1722 925 2051 994 συνόδουδι-
2101 993 2104 996 .

474 1032 682 1088 δάσκει.
743 1031 1140 1102 ’Δναγνωστέον
1165 1035 1260 1088 καὶ
1287 1036 1359 1090 τά
1377 1034 1506 1104 ¹ἐκεῖ
1528 1031 1910 1105 γεγραμμένα..

510 1172 512 1175 ,
933 1181 936 1183 Α
1072 1125 1313 1179 xitva
1342 1127 1437 1196 ς’.
1499 1148 1502 1154 ι

549 1235 570 1269 t
601 1217 737 1288 Περὶ
756 1215 866 1270 τῶν
889 1215 980 1289 βίᾳ
1011 1217 1348 1287 κατεχόντων
1380 1217 1509 1282 τοὺς
1538 1218 1603 1272 ἐκ
1629 1217 1738 1283 τῶν
1762 1215 2053 1289 βαρϐάρων

479 1327 500 1362 ε
538 1306 938 1380 αἰχμαλώτους.
987 1308 1334 1382 ’Δπηγγέλθη
1362 1308 1420 1364 δέ
1447 1326 1500 1363 τι
1525 1311 1657 1380 ἡμῖν
1684 1309 1778 1363 καὶ
1823 1307 2051 1361 ἄπιστον

477 1421 499 1455 ι
540 1403 601 1456 ὲν
631 1404 700 1473 τῇ
746 1400 900 1474 χώρᾳ
946 1400 1110 1472 ςύμῶν
1154 1401 1465 1472 γενόμενον,
1526 1400 1744 1465 πάντως
1795 1416 1895 1452 που
1945 1399 2052 1454 ὑπὸ

479 1512 500 1545 ι
540 1493 786 1567 ἀπίστων
837 1493 932 1548 καὶ
984 1491 1197 1546 ἀσεϐῶν
1224 1492 1320 1546 καί
1361 1491 1434 1564 μὴ
1465 1492 1682 1546 εἰδότων
1713 1491 1845 1563 μηδὲ
1878 1492 2051 1563 ὄνομα

479 1604 499 1638 ι
536 1586 764 1658 κυρίου,
799 1587 883 1640 ὅτι
938 1586 1048 1658 ἄρα
1077 1586 1156 1650 εἰς
1190 1584 1443 1649 τοσοῦτόν
1484 1602 1627 1650 τινες
1651 1584 1934 1656 ὠμότητος
1957 1583 2052 1639 καὶ

480 1696 499 1728 ι
541 1677 939 1748 ἀπανθρωπίας
973 1668 1392 1747 προεχώρησαν,
1417 1674 1559 1728 ὥστε
1586 1675 1740 1738 τινάς
1782 1676 1909 1739 τοὺς
1933 1675 2051 1730 δια-

479 1787 500 1821 ι
536 1771 803 1839 φυγόντας
834 1767 1216 1841 αἰχμαλώτους
1241 1767 1332 1840 βίᾳ
1357 1767 1629 1838 κατέχειν.
1669 1765 2050 1836 ’Δποστείλατέ

2142 575 2388 639 oporteat
2408 566 2728 634 admittatis,
2752 578 2807 624 et
2829 584 2969 640 quos
2994 569 3147 624 decet
3166 568 3432 626 abdicetis
3449 607 3466 633 .
3490 568 3598 626 hoc
3633 579 3713 625 est

2143 660 2378 731 ejiciatis
2401 658 2471 714 ab
2499 658 2759 727 Ecclesia,
2787 669 2948 732 atque
2975 676 3005 714 a
3035 659 3282 716 ﬁdelibus
3311 661 3626 732 segregetis,
3651 677 3714 720 ne

2145 763 2271 805 eum
2301 747 2434 818 ipsis
2473 764 2580 803 una
2614 758 2924 821 precentur.
2958 746 3128 804 Porro
3158 764 3522 820 quorumnam
3551 767 3715 807 accu-

2109 869 2114 874 -
2145 840 2389 896 sationes
2412 841 2760 896 admittenda!
2792 843 2922 906 sint,
2948 849 3162 898 sextum
3194 842 3447 897 secunda:
3472 857 3715 899 memne-

2143 933 2281 988 πίσω
2325 931 2517 1004 synodi
2549 942 2713 1004 caput
2743 933 2921 988 docet.
2977 932 3248 1003 Legantnr
3288 934 3453 988 etiam
3485 949 3608 1005 qua
3640 934 3715 991 ibi

2143 1023 2486 1095 scripsimus.

2743 1112 2970 1170 CANON
3025 1113 3115 1168 Vl.

2216 1225 2240 1261 ι
2278 1207 2355 1263 De
2384 1209 2452 1264 iis
2473 1208 2565 1279 qni
2583 1207 2829 1278 captivos
2844 1222 2906 1261 ex
2933 1206 3179 1261 barbaris
3201 1205 3471 1275 fugientes
3502 1206 3554 1262 vi
3580 1207 3714 1262 deti-

2149 1318 2170 1353 ι
2212 1308 2362 1354 nent.
2395 1298 2781 1354 Denuntiatttm
2812 1307 2991 1353 autem
3016 1306 3098 1350 est
3132 1298 3289 1352 nobis
3317 1299 3594 1369 quidpiam
3626 1300 3714 1353 in-

2144 1408 2168 1443 ¢
2208 1390 2464 1445 credibile
2507 1389 2561 1445 in
2587 1401 2765 1444 vestra
2810 1390 3033 1460 regione
3073 1387 3275 1442 factum
3305 1404 3448 1454 esse,
3490 1391 3713 1446 omnino

2145 1500 2167 1534 ι
2204 1482 2272 1535 ab
2305 1481 2615 1537 inﬁdelibus
2644 1490 2698 1536 et
2724 1481 2926 1550 impiis,
2951 1489 3004 1536 et
3031 1482 3123 1550 qui
3153 1496 3220 1535 ne
3255 1496 3452 1534 nomen
3492 1469 3712 1551 quidem

2146 1588 2164 1622 I
2205 1569 2422 1626 Domini
2452 1585 2687 1638 novere;
2721 1557 2887 1640 quod
2930 1571 3177 1625 nonnulli
3206 1585 3271 1625 eo
3301 1570 3712 1628 inhumanitatis

2145 1681 2166 1716 ι
2204 1664 2650 1732 crudelitatisque
2678 1676 3011 1733 processere,
3039 1670 3096 1715 ttt
3121 1661 3363 1730 captivos
3383 1662 3596 1730 aliquos
3619 1663 3712 1733 qui

2144 1772 2167 1808 ι
2206 1753 2532 1826 eﬂ'ugeruut,
2573 1755 2625 1808 vi
2680 1755 2967 1810 retineant.
3022 1751 3217 1808 Mittite
3272 1754 3488 1825 aliquos
3532 1754 3586 1809 in
3629 1772 3712 1811 re-

480 1880 500 1914 ι
533 1877 686 1926 τινας
709 1862 791 1925 εἰς
816 1863 917 1932 τὴν
941 1858 1146 1931 χώραν,
1182 1860 1256 1930 μὴ
1287 1859 1395 1913 καὶ,
1425 1858 1658 1930 σκηπτοὶ
1691 1858 1931 1913 πέσωσιν
1954 1859 2048 1913 ἰπὶ

2141 1864 2163 1898 ι
2204 1846 2443 1916 gionem,
2496 1861 2566 1902 ne
2617 1845 2703 1901 vel
2750 1845 2974 1901 fulmina
3008 1845 3062 1899 in
3104 1860 3201 1900 eos
3231 1846 3428 1901 cadant
3461 1848 3556 1917 qui
3599 1849 3713 1905 haec

480 1969 501 2004 ι
535 1952 664 2015 τοὺς
691 1950 762 2004 τά
787 1952 1014 2005 τοιαῦτα
1043 1950 1408 2021 πράσσοντας.
1424 1967 1445 2000 ι
1760 1988 1762 1992 τ

545 2043 738 2097 ΒΔΔΣ.
777 2040 1020 2113 Ἐμαθεν
1042 2042 1072 2094 ὁ
1117 2040 1271 2108 ἅγιος
1292 2039 1368 2105 ὦς
1386 2057 1532 2104 τινες
1548 2037 1818 2112 ὁρθόδοξοι
1853 2038 2051 2110 αἰχμά-

472 2136 655 2200 λωτοι,
701 2135 812 2198 τάς
859 2131 1201 2206 βαρϐαρικάς
1251 2135 1439 2206 χεῖρας
1491 2131 1863 2202 διαφυγόντες,
1899 2129 2052 2184 κατέι

473 2241 658 2297 χονται
679 2223 787 2277 am
810 2240 971 2278 τινων
999 2222 1140 2276 κατὰ
1164 2222 1309 2293 βίαν,
1356 2224 1452 2278 καὶ
1502 2224 1565 2277 οὐ
1598 2222 2050 2296 παραχωροῦνται

472 2315 656 2371 οἴκαδε
683 2314 1044 2386 ὑποστρέψαι.
1066 2314 1236 2385 Φησὶν
1261 2309 1354 2368 οὖν
1389 2313 1525 2388 πρὸς
1553 2313 1646 2378 οὓς
1673 2314 1958 2385 ἀπεστάλη
1986 2313 2049 2367 τδ

473 2403 1069 2478 ἑπιστολιμαίοντοῦτο
1097 2403 1354 2477 γράμμα,
1384 2403 1459 2468 ὡς
1515 2402 1673 2458 τοῦτο
1699 2404 1792 2458 καὶ
1819 2404 2049 2459 ἄπιστον

473 2496 724 2570 ἐλογίσθη
775 2496 943 2569 αὐτῷ·
981 2493 1140 2570 ἔργον
1188 2497 1297 2568 γάρ
1329 2498 1476 2551 ἐστιν
1527 2497 1770 2552 ἀπίστων
1804 2499 1898 2553 καὶ
1923 2497 2049 2551 άσε-

472 2589 604 2648 ϐῶν.
634 2590 699 2643 Εἰ
725 2589 783 2643 δὲ
813 2590 1060 2659 γέγονεν,
1089 2589 1442 2660 ἀνεκδίκητον
1467 2589 1568 2642 οὐκ
1597 2587 1768 2643 ἔσται.
1823 2588 1918 2642 Διδ
1954 2587 2046 2643 καὶ

469 2679 744 2752 ὀφείλουσι
763 2679 834 2732 τά
861 2678 1014 2750 περὶ.
1044 2677 1233 2732 τούτου
1260 2677 1902 2750 -πολυπραγμονηθῆναι,
1953 2678 2046 2733 καὶ

469 2769 787 2835 ἁποστεῐλαι
847 2770 928 2833 εἰς
953 2769 1053 2839 τὴν
1080 2768 1264 2842 χώραν
1321 2771 1417 2825 καὶ
1471 2769 1784 2843 ἐρευνῆσαι.
1815 2771 2046 2843 Νομίζει

470 2860 684 2934 γὰρώς
714 2859 810 2914 καὶ
864 2859 1126 2930 σκηπτὸς,
1179 2859 1346 2930 ἤγουν
1402 2859 1534 2930 πῦρ,
1568 2863 1632 2916 ὲκ
1678 2860 1789 2931 τοῦ
1819 2860 2047 2936 ούρανοῦ
2092 2913 2095 2921 .

469 2949 655 3011 ἔπεσε.
679 2951 772 3018 καὶ
797 2947 1091 3019 κατέφλεξε
1122 2951 1249 3015 τοὺς
1278 2949 1451 3006 ταῦτα
1475 2952 1838 3024 πράσσοντας.
1899 2991 1904 2995 -

541 3040 785 3094 ΖΩΝΔΡ.
811 3040 987 3104 Τινὲς,
1016 3040 1206 3113 φησιν,
1234 3041 1310 3106 ώς
1341 3041 1636 3114 ἐμάθομεν,
1669 3042 2048 3116 αἰχμαλώτους

467 3130 827 3220 διαφυγόντας
854 3133 981 3195 τοὺς
1005 3131 1318 3203 πολεμίους,
1351 3133 1445 3206 βίᾳ
1471 3135 1793 3205 κατέχουσιν
1809 3151 1825 3166 ο
1854 3135 2050 3199 οἵτινες

2144 1955 2165 1991 ε
2203 1947 2393 2008 agunt.
2433 1956 2454 1992 ε

2207 2027 2371 2099 Βιιε.
2405 2027 2625 2099 Accepit
2653 2039 2876 2085 sanctus
2899 2029 3042 2099 quod
3073 2029 3295 2100 quidam
3319 2030 3511 2101 captivi
3537 2030 3711 2088 ortho-

2133 2120 2282 2189 doxi,
2310 2130 2604 2192 postquam
2637 2137 2831 2177 manus
2860 2122 3172 2184 barbaricas
3197 2137 3442 2185 evasere,
3468 2123 3518 2176 vi
3545 2137 3577 2177 a
3597 2123 3710 2192 qui-

2135 2214 2366 2270 busdam
2396 2215 2729 2280 detinentur,
2767 2228 2864 2269 nec
2911 2214 3136 2268 domum
3184 2214 3382 2268 reverti
3427 2213 3709 2269 sinuntur.

2133 2303 2278 2369 Dicit
2315 2321 2444 2375 ergo
2471 2305 2559 2370 iis,
2589 2306 2654 2359 ad
2688 2301 2827 2375 quos
2851 2304 3113 2374 scriptum
3141 2305 3244 2364 hoc
3267 2304 3558 2375 epistolare
3579 2305 3712 2362 mis-

2133 2410 2256 2451 sum
2300 2403 2407 2458 est,
2443 2393 2607 2465 quod.
2639 2395 2745 2450 boe
2774 2395 2824 2450 ei
2876 2394 3195 2458 incredibile
3242 2395 3419 2451 visum
3469 2408 3591 2460 est:
3628 2406 3710 2456 est

2133 2489 2280 2543 enim
2328 2487 2625 2547 inﬁdelium
2655 2495 2712 2542 et
2739 2486 3030 2556 impiorum
3071 2501 3233 2556 opus.
3265 2486 3361 2542 Sin
3401 2495 3583 2543 autem
3620 2488 3706 2544 l‘a-

2132 2585 2282 2632 etum
2305 2585 2409 2640 est,
2442 2592 2550 2630 non
2580 2577 2879 2642 remanebit
2902 2578 3252 2646 impunitum.
3277 2577 3344 2633 Et
3366 2572 3488 2634 ideo
3511 2579 3722 2642 debent

2132 2668 2248 2725 hac
2276 2669 2561 2740 diligenter
2583 2669 2806 2739 inquiri,
2831 2677 2886 2725 et
2916 2670 3060 2725 mitti
3089 2671 3145 2725 in
3171 2671 3447 2742 regionem
3472 2671 3564 2741 qui
3594 2673 3709 2729 haec

2130 2758 3076 2830 perscrutontnr.rExistimatenim,
3115 2763 3259 2833 quod
3296 2765 3458 2818 etiam
3501 2763 3707 2821 fulmen

2129 2862 2227 2906 seu
2272 2850 2415 2921 ignis
2461 2853 2532 2907 sit
2576 2866 2829 2919 casurus,
2871 2862 2926 2908 et
2967 2868 3066 2910 eos
3105 2855 3202 2925 qui
3242 2856 3356 2910 haec
3388 2865 3708 2929 aguutexu-

2128 2950 2336 3000 ltnrus.

2197 3030 2398 3088 Zona.
2438 3031 2714 3101 Nonnulli,
2752 3035 2952 3106 inquit,
3009 3037 3706 3110 utdidicimusbcaptivos

2127 3138 2196 3181 ex.
2226 3124 2475 3181 hostibus
2503 3124 2844 3196 diﬁ'ugientes
2875 3128 2923 3191 vi
2959 3128 3196 3184 retinent
3242 3147 3257 3186 :
3303 3132 3394 3202 qui
3430 3143 3555 3187 sunt
3583 3147 3705 3189 om-

472 3212 689 3286 πάντως
717 3221 935 3294 ἄπιστοί
951 3225 1070 3295 ,εἰσι
1096 3224 1193 3278 καὶ
1224 3224 1464 3296 ἀσεϐεῖς,
1497 3226 1591 3280 καί
1617 3224 1741 3280 οὐδὲ
1770 3225 1904 3280 Θεοῦ
1918 3223 2047 3279 ⁹ἐπί-

2131 3217 2259 3273 nino
2301 3217 2546 3272 inﬁdeles
2592 3226 2648 3272 et
2700 3219 2875 3289 impii,
2920 3235 3108 3292 neque
3136 3222 3219 3276 vel
3265 3220 3433 3277 Deum
3476 3235 3700 3280 norunt.

468 3331 668 3385 γνωσιν
693 3314 925 3386 ἔχουσιν.
969 3315 1218 3370 ’Δπαιτετ
1243 3311 1338 3371 οὖν
1365 3319 1395 3370 ὁ
1421 3316 1575 3386 ἅγιος
1606 3317 1733 3381 τοὺς
1775 3316 1913 3390 πρὸς
1951 3315 2046 3380 οὓς

2131 3305 2361 3366 Proinde
2384 3322 2608 3366 sanctus
2637 3311 2717 3365 vir
2740 3312 2811 3366 ab
2846 3312 2916 3368 iis
2956 3313 3022 3368 ad
3054 3329 3192 3384 quos
3223 3315 3432 3379 scribit,
3465 3317 3705 3386 postulat

468 3408 704 3479 γράφει,
747 3406 1066 3463 ἀποστεῖλαι
1113 3410 1195 3473 εἷς
1236 3407 1334 3480 τὴν
1393 3407 1576 3480 χώραν
1622 3409 1716 3462 καὶ
1755 3407 2045 3480 ερευνῆσαι

2131 3401 2266 3457 mitti
2302 3404 2355 3455 in
2378 3398 2652 3473 regionem
2683 3403 2930 3460 homines
2956 3407 3046 3476 qui
3070 3407 3142 3476 de
3170 3407 3270 3461 hac
3296 3422 3355 3461 re
3389 3407 3698 3478 inquirant;

469 3499 601 3572 περὶ
623 3499 718 3554 τοῦ
750 3500 1092 3572 πράγματος,
1121 3501 1209 3556 ῐνα
1242 3500 1318 3573 μὴ
1339 3501 1472 3573 πῦρ,
1503 3500 1689 3572 φησιν,
1725 3499 1787 3565 ἐξ
1813 3500 2043 3574 ούρανοῦ

2131 3506 2233 3560 ne,
2275 3493 2486 3562 inquit,
2534 3493 2674 3564 ignis
2720 3495 2879 3550 cadat
2927 3498 3184 3561 ctelitns,
3224 3512 3288 3552 ac
3329 3513 3424 3554 eos
3465 3499 3557 3570 qui
3586 3499 3705 3556 hac

468 3593 612 3662 πέσῃ
639 3591 734 3645 καὶ
755 3591 1067 3666 καταφλέξῃ
1102 3594 1224 3655 τοὺς
1262 3591 1429 3646 ταῦτα
1468 3591 1830 3665 πράσσοντας.
1877 3592 2047 3649 Τοῦτο

2131 3592 2294 3654 agunt
2321 3583 2593 3640 absumat.
2636 3583 2750 3641 Hoc
2782 3593 2958 3641 autent
2991 3587 3147 3653 dixit,
3177 3586 3437 3643 facinoris
3465 3591 3703 3658 gravita-

466 3681 525 3736 δὲ
557 3679 699 3748 εἷπε,
728 3682 825 3755 τὴν
851 3684 1082 3738 ἀτοπίαν
1111 3683 1366 3739 δεικνύων
1399 3684 1497 3754 τῆς
1522 3683 1790 3756 πράξεως.
2044 3741 2051 3747 _

2131 3678 2233 3726 tem
2267 3673 2536 3729 indicans.

951 3761 977 3771 "
1090 3777 1328 3831 ΚΔΝΩΝ
1361 3779 1432 3834 Ζν.

2596 3756 2704 3830 32
2719 3764 2949 3823 CANON
2983 3763 3093 3819 vn.

547 3886 567 3919 ε
603 3868 738 3939 Περὶ
770 3867 878 3923 τῶν
903 3868 1409 3941 ὲγκαταλεχθέντων
1442 3872 1556 3936 τοῖς
1580 3868 1874 3944 βαρϐάροις
1893 3912 1909 3936 ,
1950 3872 2045 3928 καί⁵

2198 3876 2218 3910 ι
2261 3855 2337 3913 De
2359 3859 2437 3924 iis
2466 3857 2558 3928 qui
2591 3859 2732 3914 inter
2762 3859 3026 3913 barbaros
3058 3859 3398 3912 annumerati
3434 3867 3596 3924 sunt,
3643 3867 3700 3916 et

472 3975 493 4010 ι
534 3957 711 4011 άτοπά
731 3973 854 4011 τινα
877 3957 1018 4012 κατὰ
1033 3958 1141 4011 τῶν
1156 3958 1443 4030 ὁμοφύλων
1473 3959 1879 4032 τολμησάντων.
1905 3963 2043 4028 Τοὺς

2131 3969 2148 4003 ι
2192 3951 2426 4006 absurda
2455 3952 2699 4020 quaedam
2734 3950 2788 4004 in
2816 3965 2910 4004 eos
2938 3951 3031 4018 qui
3057 3959 3185 4004 sunt
3206 3948 3289 4004 sui
3321 3949 3535 4020 generis
3564 3948 3702 4004 fece-

475 4068 495 4101 ι
538 4049 636 4121 μὲν
662 4044 755 4103 οὖν
786 4048 1285 4121 ἑγκαταλεχθέντας
1311 4053 1426 4114 τοῖς
1471 4049 1767 4124 βαρϐάροις
1798 4053 1892 4106 καὶ
1925 4053 2042 4124 μετ’

2131 4058 2150 4095 ι
2196 4052 2344 4095 runt.
2399 4039 2506 4093 Eos
2549 4039 2728 4110 itaque
2757 4039 2850 4110 qui
2899 4040 3036 4093 inter
3088 4037 3349 4093 barbaros
3396 4042 3698 4094 enumerati

439 4193 451 4206 ,
473 4158 494 4193 ι
527 4140 708 4196 αὐτῶν
737 4142 796 4194 ἐν
831 4139 1180 4213 αἰχμαλωσίᾳ
1210 4140 1567 4208 ἐπελθόντας,
1598 4143 2040 4216 ἐπιλαθομένους,

2131 4150 2149 4186 ι
2190 4140 2350 4196 sunt,
2379 4140 2579 4186 etcum
2608 4131 2687 4186 eis
2717 4130 2771 4185 in
2818 4131 3125 4201 captivitate
3157 4131 3505 4196 invaserunt,
3543 4131 3696 4185 obliti

437 4276 452 4288 .,
472 4249 494 4284 ε
533 4231 616 4286 ὅτι
640 4225 781 4304 ἦσαν
812 4229 1066 4285 Ποντικοὶ
1099 4231 1191 4285 καὶ
1223 4231 1564 4303 Χριστιανοὶ,
1595 4231 2043 4304 ὲκϐαρϐαρωθένυ

2131 4243 2146 4278 ι
2191 4239 2250 4280 se
2295 4238 2415 4279 esse
2453 4222 2705 4278 Ponticos
2749 4232 2802 4278 et
2845 4222 3224 4288 Christianos,
3265 4220 3471 4276 eﬁerati
3516 4232 3696 4276 autem

437 4371 450 4391 ,
472 4341 494 4377 ι
526 4339 627 4389 τας
657 4322 714 4378 δὲ
738 4322 815 4388 ὡς
840 4321 937 4376 καὶ
969 4320 1220 4391 φονεύειν
1247 4322 1373 4386 τοὺς
1413 4321 1714 4393 ὁμοφύλους
1753 4321 1787 4394 ἢ
1835 4321 1976 4394 ξύλῳ
2003 4322 2040 4395 η

2131 4334 2146 4370 ι
2189 4317 2514 4386 batbarique
2540 4315 2754 4381 redditi,
2785 4325 2842 4370 ut
2871 4323 2924 4370 et
2949 4329 3044 4369 eos
3069 4315 3163 4384 qui
3193 4314 3277 4368 sui
3305 4320 3431 4368 sunt
3458 4313 3697 4383 generis,

440 4466 452 4482 ,
473 4433 494 4468 ε
528 4413 752 4489 ἀγχόνῃ,
787 4411 1246 4468 ύποδεικνύναιδὲ
1279 4411 1314 4484 ἢ
1343 4412 1542 4485 ὁδοὺςῆ
1580 4413 1755 4477 οἰκίας
1789 4411 2042 4484 ἀγνοοῦσι

2131 4427 2146 4461 ι
2191 4410 2274 4464 vel
2310 4409 2457 4480 ligno
2487 4408 2566 4464 vel
2593 4408 2948 4464 suﬁ'ocatione
2978 4407 3339 4470 interﬁciant,
3367 4407 3481 4460 vias
3513 4416 3696 4460 autem

475 4523 497 4557 ι
683 4504 1010 4577 βαρϐάροιςο
1040 4503 1135 4557 καὶ
1164 4501 1262 4573 τῆς
1274 4503 1616 4594 Δἀκροάσεως
1651 4503 1904 4594 άπείρςαι
1939 4504 2040 4575 δεῖ,

2131 4520 2145 4556 ι
2190 4503 2273 4558 vel
2301 4503 2493 4558 domos
2518 4502 2882 4558 nescientibus
2905 4501 3150 4555 barbaris
3174 4499 3494 4564 ostendant;
3527 4502 3693 4553 etiam

442 4649 448 4654 ,
470 4612 488 4645 ο
530 4592 811 4666 μέχρκιᾶν
841 4594 994 4665 κοινῇ
1011 4591 1141 4666 περὶ
1155 4586 1338 4646 αὐτῶν
1359 4608 1413 4644 τι
1440 4590 1567 4663 δόξῃ
1598 4590 1907 4644 συνελθοῦσι
1929 4595 2044 4656 τοῖς

2131 4612 2146 4647 ι
2187 4595 2258 4650 ab
2290 4594 2567 4649 auditione
2607 4608 2792 4647 arcere
2838 4599 3085 4661 oportet,
3127 4589 3300 4645 donec
3346 4590 3413 4644 de
3451 4590 3515 4645 iis
3559 4606 3690 4643 cou-

470 4702 490 4737 t
523 4677 719 4756 άγίοις,
753 4684 848 4738 καὶ
872 4684 979 4756 πρὸ
1007 4683 1188 4738 αὐτῶν
1217 4671 1296 4755 τῷ
1317 4683 1457 4754 ἁγίῳ
1486 4682 1784 4756 βνεύματι.
1824 4702 1844 4737 ι

2131 4702 2145 4736 l
2191 4684 2425 4754 gregatis
2449 4683 2653 4738 sanctis
2681 4682 2882 4752 aliquid
2912 4681 3274 4736 communiter
3304 4680 3478 4735 visum
3504 4677 3688 4744 fuerit,

2123 4794 2144 4828 ι
2190 4784 2243 4830 et
2267 4784 2391 4829 ante
2420 4789 2515 4830 eos
2545 4783 2734 4830 sancto
2765 4772 3011 4843 Spiritui.
3051 4791 3072 4824 ι

533 4868 730 4923 ΒΔΛΣΣ
762 4868 901 4932 Τοὺς
928 4865 1112 4936 μέντοι
1143 4865 1288 4938 μετὰ
1311 4865 1370 4920 τὸ
1391 4865 1887 4938 αἰχμαλωτισθῆναι
1928 4871 2038 4934 τοϊς

2200 4865 2358 4920 ΙίΑιε.
2399 4864 2507 4919 Eos
2565 4866 2780 4934 quidem
2831 4864 2922 4934 qui
2967 4871 3252 4934 postquam
3306 4861 3501 4933 captivi
3559 4857 3689 4916 farti

465 4959 761 5032 βαρϐάροις
777 4960 1278 5032 ὁμοφρονήσαντας.
1307 4958 1403 5012 καὶ
1436 4957 1555 5029 μετ’
1574 4956 1752 5012 αὐτῶν
1776 4952 1886 5011 οἷον
1915 4955 2041 5029 βαρ-

2131 4968 2282 5024 tnnt,
2329 4956 2573 5011 barbaris
2617 4963 3052 5020 consenserunt,
3099 4965 3153 5008 et
3213 4969 3336 5008 cum
3395 4954 3477 5007 eis
3520 4953 3684 5007 veluti

464 5050 828 5122 εαρωθέντας,
858 5050 953 5105 καὶ
982 5050 1110 5114 τοὺς
1143 5047 1448 5120 ὁμοφύλους
1464 5047 1824 5121 Χριστιανοὺς
1850 5047 2040 5125 φονεύ-

2131 5049 2337 5105 barbari
2369 5046 2543 5103 eliecti
2575 5040 2734 5114 sunt,
2772 5055 2826 5100 et
2864 5047 2947 5100 sui
2974 5045 3186 5118 generis
3225 5042 3568 5099 Christianos
3603 5043 3688 5097 in-

465 5157 686 5215 σαντας,
717 5142 752 5213 ἢ
805 5142 959 5205 ὁδοὺς
998 5141 1366 5211 άγνοουμένας
1400 5142 1514 5202 τοῖς
1565 5137 1859 5212 βαρϐάροις
1881 5179 1897 5204 ,
1945 5137 2037 5193 καὶ

2131 5140 2446 5198 Lerfecerunt
2468 5179 2484 5205 ,
2520 5140 2603 5194 vel
2640 5140 2757 5195 vias
2793 5139 3038 5195 barbaris
3083 5141 3296 5208 ignotas
3326 5144 3382 5191 et
3413 5135 3478 5190 ad
3527 5133 3687 5190 Clit-i—

464 5231 779 5298 άπαγούσας
811 5235 892 5298 εἰς
932 5229 1290 5304 Χριστιανοὺς
1332 5227 1746 5297 smmum,
1789 5229 1824 5302 ἢ
1863 5228 2037 5296 οἰκίας

2131 5234 2326 5289 ttianos
2369 5232 2631 5287 ducentes
2674 5226 3045 5291 osténderunt,
3071 5227 3150 5281 vel
3193 5242 3381 5281 eorum
3418 5228 3560 5280 aedes
3590 5225 3690 5278 ho-

463 5323 665 5379 τούτων
689 5323 1022 5395 καταδήλους
1046 5325 1158 5387 τοῖς
1184 5319 1462 5392 πολεμίοις
1503 5320 1833 5392 ποιήσαντας
1847 5357 1866 5384 ,
1901 5318 2037 5392 μηᾶ

463 5417 543 5478 εἰς
572 5415 835 5488 ἀκρόασιν
861 5412 970 5469 τῶν
984 5411 1146 5469 θείων
1169 5409 1485 5483 δοεολογιῶν
1509 5407 1916 5482 παραδεχθῆναι
1931 5411 2036 5465 διο-

466 5505 700 5580 ρίζεται·
734 5505 871 5560 άλλά
927 5505 1035 5575 ιξω
1070 5502 1351 5568 παντελῶς
1407 5501 1508 5573 τῆς
1546 5501 1842 5570 ἐκκλησίας
1886 5501 2028 5556 ἵσταν-

467 5596 590 5652 σθαι
635 5598 834 5661 αὐτοὺς
879 5599 938 5651 ὲν
975 5598 1124 5668 τόπῳ
1162 5594 1596 5668 προσκλαιόντων
1642 5593 1858 5656 πάντως
1900 5590 2035 5663 μετὰ

465 5693 562 5761 τήν
590 5689 978 5762 ἐξομολόγησιν
1006 5689 1043 5760 ἢ
1065 5688 1162 5758 τὴν
1188 5679 1508 5758 καταδίκην,
1540 5686 1645 5750 ἔως
1671 5685 1735 5739 ἂν
1753 5685 2034 5754 σκοπήσω-

468 5797 553 5839 σιν
569 5785 624 5838 οἰ
650 5783 797 5852 ἆγιοι
830 5782 956 5852 περὶ
983 5779 1162 5834 αύτῶν
1207 5782 1364 5851 κοινῇ
1405 5777 1764 5842 συνελθόντες.
1825 5777 2031 5846 Ἀγίονς

2116 5325 2293 5380 stihus
2317 5323 2631 5380 manifestas
2664 5322 2922 5386 fecerunt,
2952 5336 3021 5375 ne
3040 5319 3105 5374 ad
3137 5319 3440 5376 divinarum
3469 5315 3692 5386 quidem
3787 5317 3790 5320 ’

2117 5415 2337 5472 laudum
2372 5415 2700 5471 auditionem
2732 5411 3094 5467 admittendos
3131 5423 3252 5464 esse
3283 5407 3556 5463 decernit:
3591 5406 3691 5461 sed

2115 5523 2212 5564 eos
2240 5509 2464 5564 omnino
2507 5517 2655 5563 extra
2714 5505 3002 5561 ecclesiam
3033 5499 3195 5558 statui
3239 5501 3292 5554 in
3332 5499 3453 5552 loco
3487 5495 3691 5552 deﬂen-

2093 5607 2251 5672 tium
2272 5643 2289 5670 ,
2344 5613 2466 5675 post
2493 5603 2892 5658 confessionem
2925 5599 3130 5656 scilicet
3160 5597 3239 5651 vel
3281 5593 3692 5650 condemnatio-

2116 5710 2282 5762 netn,
2330 5696 2505 5748 donec
2545 5694 2715 5749 sancti
2761 5691 2924 5747 simul
2969 5688 3277 5758 congregati
3328 5685 3394 5739 dc
3435 5678 3500 5736 iis
3539 5696 3690 5736 conp

2118 5788 2352 5844 muniter
2379 5787 2680 5844 statuerint.
2717 5782 2948 5839 Sanctus
2982 5793 3158 5836 autem
3187 5779 3479 5849 episcopos
3505 5771 3684 5847 appel-
