4056 6286
466 366 575 433 διδ

1718 362 1828 421 ΤΗ
1839 359 2003 425 Εοῡ.
2050 356 2449 425 BALSAMON

3584 358 3688 426 5H

460 514 609 570 runt,
634 512 817 573 utpote
841 516 951 559 non
988 516 1018 558 a
1057 499 1299 555 barbaris
1328 498 1554 562 ablatas,
1580 496 1663 552 vel
1691 495 1745 550 in
1770 495 1871 550 viis
1919 494 2004 551 ab-

2133 492 2450 565 πράγματα,
2468 491 2546 557 ὡς
2570 490 2644 565 μὴ
2678 492 2829 563 παρὰ
2856 490 2962 545 τῶν
2990 487 3277 567 βαρϐάρων
3306 489 3686 567 ἀφαιρεθέντα,

455 596 643 663 iectas,
667 594 894 650 fortasse
910 601 1124 662 propter
1139 590 1369 661 pondus,
1388 590 1632 643 inventas
1647 585 1862 657 quidem
1874 586 2016 653 bona

461 687 567 741 lide
600 686 970 744 restituentes.
1000 685 1053 738 in
1071 682 1179 755 35.
1196 680 1439 752 perfecto
1460 682 1627 752 gradu
1657 689 1803 737 stare
1834 679 2039 736 debere

462 786 587 826 cons
608 770 877 826 ﬁdelibus.
891 772 986 827 Sin
1006 782 1184 826 autem
1203 768 1789 832 condemnatituerint,
1809 769 2035 834 colloca-

462 862 510 917 ri
525 876 653 917 eum
671 863 737 920 iis
753 863 847 934 qui
863 865 1314 930 substernuntur,
1330 862 1538 918 scilicet
1551 862 1734 934 egredi
1750 877 1872 918 cum
1892 872 2038 917 cate-

459 951 767 1007 cliumenis.
785 948 908 1005 Haec
921 964 1044 1003 cum
1066 949 1138 1004 ita
1161 964 1218 1005 se
1242 950 1495 1015 habeant,
1516 950 1713 1004 dixerit
1728 950 2017 1021 quispiam,

460 1061 553 1102 eos
588 1046 665 1100 sic
696 1045 893 1114 puniri,
922 1045 1014 1114 qui
1047 1058 1145 1115 pro
1174 1059 1232 1099 re
1259 1042 1475 1099 inventa
1507 1045 1837 1100 restituenda
1887 1060 2018 1101 con-

460 1138 861 1192 demnationem
904 1143 1243 1205 exspectant,
1285 1149 1407 1190 esse
1435 1135 1799 1205 justissimum
1822 1176 1838 1203 ,
1876 1153 2018 1207 quo-

462 1228 610 1282 niam
641 1226 769 1282 furti
798 1242 1013 1296 quoque
1044 1225 1259 1281 actione
1286 1234 1571 1293 tenentur,
1601 1226 1900 1284 secundum
1939 1229 2018 1284 le-

459 1334 604 1389 gem,
632 1330 754 1389 qua:
785 1318 951 1372 dicit:
979 1315 1089 1370 Fur
1111 1324 1194 1371 est
1214 1316 1307 1385 qui
1335 1333 1447 1371 rem
1471 1318 1701 1372 alienam
1724 1324 2021 1373 contrectat

462 1419 656 1479 prater
684 1408 890 1464 domini
918 1406 1273 1472 voluntatem.
1317 1410 1496 1464 sciens
1517 1409 1567 1463 id
1606 1408 1681 1463 illi
1731 1409 2019 1464 molestum

460 1516 601 1556 esse.
629 1500 767 1555 Cum
796 1499 1044 1553 ﬁdelibus
1065 1508 1242 1554 autem
1268 1500 1589 1562 consistere,
1615 1509 1669 1555 et
1702 1514 2018 1555 sacramen-

463 1592 533 1645 tis
585 1599 795 1645 tantum
818 1604 926 1643 non
959 1588 1169 1660 dignari
1194 1604 1318 1643 eum
1346 1591 1437 1659 qui
1466 1605 1523 1644 se
1550 1590 1723 1660 ipsum
1746 1591 2017 1656 detulerit,

461 1692 517 1736 et
538 1682 703 1751 probe
722 1696 833 1735 rem
859 1680 1133 1735 inventam
1154 1678 1380 1745 dederit,
1406 1696 1604 1735 novum
1630 1691 1745 1747 est;
1773 1691 1855 1737 est
1875 1682 2019 1738 enim

463 1772 645 1842 potius
678 1770 1015 1826 Encharistia
1040 1769 1255 1840 dignus,
1279 1772 1449 1841 utqui
1473 1787 1586 1827 rem
1615 1773 1811 1840 captivi
1839 1788 2023 1828 serva-

2125 584 2161 658 ἢ
2190 583 2456 640 καὶκατὰ
2480 582 2596 649 τὰς
2622 584 2773 648 ὀδοὺς
2814 582 3053 655 ῥιφέντα,
3089 584 3176 640 διὰ
3208 587 3271 641 τδ
3301 586 3466 661 βάρος
3503 586 3682 657 τυχὸν,

2124 676 2603 738 ἁποκαθιστῶντας
2633 676 2731 747 μὲν
2772 675 3126 748 εὐτνωμόνως
3167 675 3235 732 τὰ
3274 677 3582 751 εὑρεθέντα,
3608 679 3687 743 είς

2125 769 2216 824 τὸν
2260 768 2424 823 τόπον
2469 768 2717 823 ίστασθαι
2759 766 2851 822 τὸν
2886 768 3084 824 τέλειον
3119 768 3255 842 μετὰ
3292 770 3399 825 τῶν
3442 769 3683 826 πιστῶν⁹

2126 862 2176 915 εί
2202 858 2259 914 δὲ
2286 859 2741 923 καταδικασθῶσι,
2769 859 3055 915 τάττεσθαι
3086 863 3181 916 σὺν
3210 864 3322 926 τοῖς
3354 861 3687 917 ὑποπίπτου-

2128 946 2231 1014 σιν,
2257 950 2422 1020 ἤγουν
2447 950 2761 1021 ὲξέρχεσθαι
2791 951 2929 1022 μετὰ
2955 952 3063 1007 τῶν
3094 952 3533 1023 κατηχουμὶνων.
3556 949 3690 1007 Tod-

2124 1060 2231 1098 των
2258 1041 2431 1108 οὕτως
2473 1042 2703 1115 ἑχόντων
2724 1084 2739 1109 ,
2769 1043 2911 1097 είποι
2952 1060 3057 1110 τις,
3086 1042 3162 1108 ὡς
3191 1044 3253 1097 τδ
3294 1043 3434 1099 οὕτω
3470 1043 3689 1110 κολάζει

2127 1135 2251 1191 σθαι
2290 1135 2417 1200 τοὺς
2450 1135 2817 1206 άναμένοντας
2867 1136 3166 1208 καταδίκην
3206 1136 3365 1208 χάριν
3407 1136 3686 1206 ἀντιστρο-

2125 1227 2233 1298 φῆς
2276 1226 2370 1281 τοῦ
2394 1226 2719 1299 εὑρίματος,
2748 1225 3080 1281 δικαιότατον
3133 1229 3280 1281 εστιν
3303 1266 3319 1291 ,
3368 1226 3450 1282 ὅτι
3498 1225 3590 1281 καὶ
3621 1228 3684 1297 τῇ

2126 1318 2256 1389 περὶ
2296 1316 2503 1389 κλοπῆς
2533 1319 2728 1390 ἀγωγῇ
2755 1318 3060 1390 ἐνέχονται,
3094 1316 3236 1372 κατὰ
3280 1316 3370 1371 τὸν
3408 1316 3572 1389 νόμον
3598 1316 3689 1370 τὸν

2126 1409 2380 1479 λέξοντα·
2441 1408 2695 1483 κλέπτης
2741 1405 2898 1464 ’ἔστιν
2950 1411 2980 1464 ό
3020 1410 3083 1464 τδ
3124 1408 3401 1481 ἀλλότριον
3458 1410 3691 1482 πρᾶγμα

2123 1500 2388 1572 ψηλαφῶν
2418 1500 2569 1573 παρὰ
2598 1498 2823 1572 γνώμην
2854 1498 2948 1555 τοῦ
2978 1499 3235 1555 δεσπότου
3276 1502 3334 1554 ἑν
3370 1499 3569 1571 είδήσει
3595 1498 3689 1554 τοῦ

2124 1592 2364 1663 λυπῆσαι
2404 1592 2587 1647 αὐτόν.
2622 1592 2697 1647 Τὸ
2726 1591 2785 1646 δὲ
2825 1591 3173 1646 συνίστασθαι
3204 1592 3314 1654 τοῖς
3337 1592 3567 1656 πιστοῖς,
3598 1592 3695 1645 καὶ

2127 1683 2288 1749 μόνον
2323 1685 2398 1758 μὴ
2442 1683 2721 1749 ἀξιοῦσθαι
2757 1685 2814 1739 δὲ
2856 1683 2966 1739 τῶν
3015 1682 3369 1755 άγιασμάτων
3404 1684 3493 1737 τὸν
3524 1699 3694 1757 προσ-

2124 1775 2453 1845 αγγείλαντα
2477 1775 2668 1830 ἑαυτδν
2688 1777 2782 1830 καὶ
2808 1774 3160 1846 εὐγνωμόνως
3186 1775 3344 1830 δόντα
3371 1774 3432 1829 τὸ
3462 1774 3691 1847 εὕρεμα,

467 1862 623 1925 verit,
654 1870 708 1917 et
736 1866 907 1931 ipsam
931 1862 1248 1918 restituerit.
1287 1860 1357 1917 Et
1399 1862 1519 1918 ideo
1540 1863 1725 1918 dicunt
1752 1864 2019 1933 nonnulli,

2133 1869 2310 1924 καινόν
2342 1871 2520 1923 ἐστιν·
2550 1867 2698 1934 ἄξιος
2731 1868 2839 1940 γὰρ
2886 1864 3082 1938 μᾶλλον
3118 1866 3482 1938 Εὐχαριστίας
3520 1867 3690 1932 ἐστὶν,

463 1970 590 2008 cum
615 1953 861 2010 ﬁdelibus
884 1954 1792 2021 consistentiam,sacramentorum
1809 1970 2022 2027 quoque

464 2050 928 2132 participationem
957 2049 1120 2103 tacite
1154 2049 1432 2120 consequi.
1969 2056 1971 2058 '

536 2322 735 2379 Zona.
770 2319 1016 2387 Barbari,
1043 2337 1164 2378 cum
1219 2322 1671 2393 depopularentur
1717 2322 2022 2393 regionem,

467 2431 556 2472 res
586 2416 870 2486 quasdam‘
907 2422 1240 2486 rapuerunt;
1299 2429 1533 2484 moxque
1584 2413 1668 2469 vel
1691 2413 1833 2469 obvii
1893 2412 2024 2470 facti

466 2508 809 2574 melioribus,
836 2507 918 2562 vel
943 2508 1148 2578 gravati
1174 2508 1430 2579 pondere,
1444 2523 1567 2564 cum
1590 2524 1713 2579 qua
1735 2514 2027 2576 rapuerant

468 2601 612 2656 l‘erre
636 2600 859 2654 minime
896 2608 1143 2669 possent,
1171 2600 1371 2670 partim
1396 2614 1495 2669 per
1518 2614 1737 2669 campos
1757 2597 2020 2669 abiecere,

467 2688 665 2757 partim
717 2687 774 2741 in
806 2686 1115 2757 aliquorum
1170 2688 1397 2753 aedibus,
1450 2688 1503 2741 in
1554 2688 1754 2757 quibus
1800 2688 2025 2745 meliora

468 2776 603 2833 forte
629 2786 961 2847 repererant,
989 2776 1309 2846 deposuere.
1362 2776 1683 2849 Quicunque
1716 2778 1900 2850 igitur,
1934 2778 2023 2834 in-

466 2868 606 2941 quit,
633 2878 738 2924 aut'
757 2869 811 2923 in
833 2870 1042 2940 eampis
1072 2877 1167 2925 aut
1208 2868 1262 2924 in
1298 2868 1414 2925 suis
1459 2870 1708 2926 domibus
1727 2870 1910 2938 aliqua
1936 2869 2023 2924 in-

469 2968 752 3026 venerunt,
769 2960 845 3015 illi
869 2960 914 3015 si
948 2961 1168 3031 quidem
1198 2946 1437 3017 accusati
1460 2968 1515 3016 et
1544 2961 1773 3017 convicti
1798 2959 2023 3027 fuerint,

468 3053 610 3105 inter
627 3065 723 3107 eos
744 3051 839 3121 qui
856 3051 1280 3107 substernuntur
1301 3052 1480 3108 locum
1499 3051 1785 3122 accipiant.
1813 3049 1872 3106 Si
1896 3065 2027 3107 vero
2048 3102 2053 3106 .

2123 1959 2201 2026 ὥς
2243 1960 2305 2015 τὺ
2335 1962 2567 2031 πρᾶγμα
2617 1958 2711 2014 τοῦ
2761 1958 3283 2031 αίχμαλωτισθέντος
3307 1956 3547 2029 φυλάξας
3595 1959 3698 2014 καὶ

2123 2051 2582 2121 ἀποκαταστήσας
2609 2049 2762 2104 αὐτό.
2797 2048 2888 2102 Διδ
2915 2049 3008 2103 καὶ
3040 2048 3258 2118 λέγουσί
3280 2066 3429 2113 τινες
3462 2046 3697 2104 συνεπε-

2129 2141 2249 2198 σθαι
2285 2144 2351 2214 τῇ
2387 2142 2525 2213 μετὰ
2572 2140 2683 2195 τῶν
2724 2142 2928 2195 πιστῶν
2972 2142 3260 2209 συστάσει,
3305 2141 3401 2197 καὶ
3444 2138 3540 2213 τὴν
3586 2140 3700 2195 τῶν

2127 2232 2480 2305 ἁγιασμάτων
2514 2231 2728 2304 μέθεξιν
2760 2233 3072 2306 σιωπηρῶς.

2197 2326 2439 2380 ΖΩΝΛΡ.
2485 2326 2551 2379 Ol
2585 2325 2876 2398 βάρϐαροι,
2921 2322 3304 2397 λεηλατοῦντες
3338 2323 3440 2397 τὴν
3485 2323 3697 2399 χώραν,

2125 2417 2369 2491 ἥρπαζον
2422 2417 2751 2489 πράγματα·
2801 2419 2897 2472 καὶ
2950 2416 2984 2489 ἢ
3032 2416 3305 2489 κρείττοσι
3350 2415 3486 2496 μετὰ
3524 2418 3703 2474 ταῦτα

2126 2510 2563 2581 ιντυγχάνοντες,
2592 2510 2625 2583 ἢ
2653 2510 2741 2565 διὰ
2770 2510 2933 2584 βάρος
2965 2509 3039 2582 μὴ
3066 2509 3347 2581 δυνάμενοι
3378 2510 3568 2583 φέρειν
3597 2512 3703 2567 ὅσα

2126 2600 2400 2672 ἥρπασαν,
2433 2601 2503 2656 τὰ
2534 2603 2630 2673 μὲν
2674 2603 2733 2672 ὲν
2760 2601 2838 2674 τῷ
2867 2601 3033 2675 πεδίῳ
3077 2599 3364 2674 ἔρριπτον,
3399 2602 3469 2657 τὰ
3498 2603 3557 2659 ἃ
3603 2605 3705 2660 καὶ

2124 2690 2185 2746 ιν
2225 2691 2421 2757 οίκίαις
2467 2691 2666 2759 τινῶν,
2711 2693 2770 2746 ὲν
2816 2687 2905 2758 αἶς
2955 2691 3085 2759 ίσως
3127 2693 3379 2749 καλλίονα
3418 2693 3703 2767 εὕρισκον.

2129 2783 2283 2838 Ὅσοι
2329 2782 2494 2854 γοῦν,
2547 2786 2744 2855 φησὶν,
2784 2778 2941 2858 εὗρόν
2984 2802 3106 2861 τινα
3149 2789 3208 2843 ἑν
3244 2785 3323 2858 τῷ
3371 2785 3537 2858 πεδίῳ
3572 2784 3610 2857 ἢ
3644 2788 3707 2841 ιν

2127 2876 2249 2939 ταίς
2278 2874 2488 2930 ἑαυτῶν
2540 2874 2737 2942 οἰκίαις
2760 2915 2776 2941 ,
2825 2869 3003 2943 οὗτοι,
3033 2878 3082 2932 εί
3135 2878 3233 2948 μιν
3279 2876 3711 2950 κατηγορηθῶσι

2094 2972 2099 2979 ’
2129 2965 2223 3021 καὶ
2253 2965 2570 3037 ὶλεγχθῶσι,
2608 2967 2986 3023 ταττέσθωσαν
3027 2970 3085 3023 δν
3111 2971 3226 3034 τοῖς
3266 2967 3707 3023 ὑποπίπτουσιν

2130 3056 2226 3113 εὰν
2275 3057 2344 3113 δι·
2388 3058 2615 3123 ἑαυτοὺς
2662 3057 3097 3130 προσαγγείλωσι
3116 3098 3133 3124 ,
3188 3059 3284 3114 καὶ
3332 3057 3613 3113 ἀποδῶσιν
3674 3060 3717 3113 ἃ

469 3158 530 3197 se
559 3142 709 3211 ipsos
735 3140 1049 3209 detulerint,
1072 3149 1221 3198 ae‘ea
1251 3157 1373 3212 quae
1394 3143 1647 3199 invenere
1675 3141 2025 3210 reddiderint,

2133 3142 2323 3222 εὖρον,
2372 3150 2597 3223 καὶτῆς
2642 3150 2808 3223 εὐχῆς
2853 3150 3257 3218 ἀξιούσθωσαν
3314 3150 3480 3221 ἧγουν
3534 3149 3714 3222 μέχρι

472 3233 788 3304 precatione
814 3248 1033 3304 quoque
1052 3232 1200 3305 digni
1232 3232 1535 3289 habeantur
1561 3253 1576 3289 :
1610 3232 1713 3290 hoc
1735 3240 1839 3298 est,
1856 3232 1931 3288 ‘ad
1956 3231 2027 3289 ll-

473 3339 598 3378 nem
620 3338 792 3393 usque
819 3324 1151 3394 precationis
1178 3340 1303 3380 cum
1332 3323 1582 3381 ﬁdelibus
1605 3325 1930 3392 consistant,
1960 3337 2028 3382 ac

473 3428 503 3467 a
538 3420 724 3483 sancta
758 3412 1142 3467 communione
1187 3412 1567 3467 tantummodo
1592 3418 1913 3477 arceantur;
1937 3409 2026 3464 vi-

472 3502 661 3556 delicet
703 3501 1004 3569 usquedum
1040 3502 1413 3572 pcenitentiam
1456 3501 1895 3571 ostenderint,et
1923 3500 2027 3558 hac

473 3608 689 3664 quoque
711 3591 861 3665 digni
891 3592 1290 3649 existimentur.

1082 3681 1310 3739 CANON
1340 3683 1410 3738 Χ.

546 3794 569 3828 ε
611 3774 720 3833 Eos
748 3783 929 3831 autem
961 3774 1053 3844 qui
1081 3785 1302 3830 servant
1326 3772 1597 3842 mandata,
1643 3774 1850 3846 absque
1879 3772 2028 3830 omni
2109 3799 2114 3803 -

474 3884 497 3920 ι
539 3868 683 3937 turpi
732 3866 889 3921 lucro
915 3880 1132 3920 servare
1159 3875 1406 3936 oportet;
1458 3880 1558 3921 nec
1586 3866 1770 3922 indicii
1802 3864 1885 3920 vel
1927 3878 2028 3920 cu-

477 3978 496 4012 ι
536 3958 746 4023 stodize,
786 3956 870 4011 vel
910 3955 1239 4011 inventionis
1266 3957 1521 4027 pretium,
1566 3956 1650 4012 vel
1704 3969 2031 4028 quocunque

476 4068 501 4103 s
546 4050 765 4117 nomine
792 4047 897 4103 hoc
934 4046 1224 4116 appellant,
1252 4046 1548 4117 exigentes.
1589 4064 1610 4099 ι

542 4139 706 4195 Βειε.
730 4138 867 4193 Cum
906 4136 1219 4193 admisisset
1248 4145 1470 4192 sanctus
1492 4136 1688 4191 bonam
1719 4150 1910 4191 eorum
1934 4150 2032 4192 vo-

474 4235 759 4294 luntatem,
782 4228 872 4297 qui
905 4241 964 4281 se
992 4225 1145 4295 ipsos
1165 4225 1477 4281 detulerunt
1518 4234 1573 4280 et
1626 4225 1905 4282 inventum
1932 4224 2027 4281 be-

475 4320 667 4377 nevole
687 4318 1060 4379 reddiderunt,
1081 4316 1287 4386 adjicit,
1305 4319 1448 4387 quod
1472 4317 1515 4373 si
1543 4316 1582 4372 ii
1605 4317 1769 4372 velint
1794 4312 2030 4370 mandati

479 4412 570 4467 Dei
595 4412 974 4471 observatores
995 4408 1191 4473 videri,
1220 4410 1418 4465 debent
1441 4410 1643 4478 absque
1672 4408 1873 4479 quovis
1888 4404 2030 4477 turpi

2127 3241 2317 3306 τέλους
2371 3242 2474 3313 τῆς
2546 3240 2713 3314 εὐχῆς
2765 3240 3240 3314 ωνεπηκέτωσαν
3288 3243 3400 3305 τοῖς
3445 3243 3673 3306 πιστοῖς
3700 3280 3719 3305 ,

2133 3332 2301 3405 μόνης
2357 3332 2459 3404 τῆς
2504 3333 2668 3403 ἁγίας
2734 3332 3084 3406 multis»:
3124 3332 3479 3404 κωλυόμενοι·
3531 3332 3723 3404 ἤγουν

2134 3423 2324 3499 μικρις
2352 3424 2418 3482 ἂν
2451 3424 2737 3498 μετάνοιαν
2767 3426 3160 3493 δπιδείξωνται,
3183 3425 3279 3481 καὶ
3298 3423 3502 3495 ταύτης
3535 3423 3727 3491 ἀξιω-

2129 3515 2288 3571 θῶσι.

2207 3788 2228 3824 ι
2267 3770 2406 3836 Τοὺς
2435 3770 2493 3825 δὲ
2541 3769 2639 3845 τὴν
2678 3679 3274 3843 ὲντξλᾚοῗλνξροῦντας
3312 3767 3469 3833 tat-rb:
3515 3766 3734 3843 πάσης

2101 3898 2106 3903 ~
2137 3880 2159 3916 s
2194 3862 2637 3934 αἰσχροκερδείας
2666 3862 2905 3935 πληροῦν
2929 3862 3031 3927 δεῖ,
3062 3863 3201 3935 μήτε
3245 3862 3490 3935 μήνυτρα
3520 3861 3564 3935 ἢ
3602 3862 3738 3921 σῶ-

2136 3970 2159 4009 s
2197 3970 2364 4025 στρα,
2392 3954 2426 4025 ἢ
2455 3953 2723 4025 εὖρετρα,
2755 3954 2790 4027 ἢ
2838 3947 2883 4024 ᾧ
2922 3953 3144 4027 ὀνόματι
3188 3952 3361 4007 ταῦτα
3407 3952 3738 4024 καλοῦσιν,

2144 4062 2163 4098 s
2199 4045 2580 4110 ἀπαιτοῦντας.
2609 4064 2627 4096 s

2203 4136 2396 4191 ΒΔΛΣ.
2430 4135 2848 4208 Ἀποδεξάμενος
2871 4134 2967 4205 τὴν
2994 4130 3375 4203 ἀγαθοθιλειαν
3393 4130 3509 4185 τῶν
3545 4147 3747 4193 προσ-

2133 4227 2499 4298 αγγειλάντων
2554 4230 2781 4292 ἑαυτοὺς
2834 4228 2928 4280 καὶ
2986 4223 3288 4279 ἀποδόντων
3343 4223 3750 4297 εὔγνωμονως

2130 4320 2195 4374 τὸ
2225 4318 2469 4393 εὕρεμα,
2500 4318 2852 4392 προστίθησιν
2898 4318 2927 4370 ὁ
2970 4316 3163 4386 ἇγιος,
3205 4314 3313 4380 ὡς,
3358 4316 3406 4368 εί
3455 4315 3753 4372 θέλουσιν

2132 4406 2281 4469 οὗτοι
2323 4412 2632 4485 λογισθῆναι
2680 4410 2961 4485 πληρωταὶ
2994 4409 3094 4481 τῆς
3137 4407 3357 4479 ἐντολῆς
3406 4408 3512 4462 τοῦ
3560 4413 3752 4480 θεον),

477 4503 634 4559 lucro
659 4518 774 4559 rem
811 4502 1085 4558 inventam
1114 4502 1357 4557 reddere.
1398 4500 1685 4557 Deﬁnitum
1719 4509 1896 4555 autem
1924 4504 2028 4565 est,

2134 4504 2406 4574 ὀφείλουσι
2465 4504 2632 4577 χωρὶς
2679 4502 2904 4575 αἰσχροῦ
2952 4500 3174 4573 κέρδους
3208 4499 3320 4553 οἴου
3342 4499 3405 4572 δή
3428 4515 3600 4565 τινος
3634 4499 3755 4573 τὴν

475 4609 584 4650 non
618 4595 831 4665 exigere
855 4605 1105 4665 oportere
1132 4608 1257 4649 eum
1287 4591 1381 4662 qui
1423 4590 1651 4657 invenit,
1698 4591 1766 4647 ab
1820 4606 1887 4647 eo
1935 4590 2029 4661 qui

474 4685 723 4753 captivus
760 4683 884 4752 fuit,
906 4685 989 4740 vel
1012 4683 1221 4750 indicii,
1249 4683 1329 4738 vel
1353 4682 1634 4749 custodite,
1662 4682 1741 4737 vel
1767 4682 2035 4744 inventio-

478 4778 563 4830 nis
585 4775 838 4845 pretium,
872 4775 953 4831 vel
982 4776 1186 4845 aliquid
1208 4775 1385 4839 aliud;
1425 4788 1489 4829 eo
1523 4773 1669 4843 quod
1694 4769 1799 4829 nun
1835 4789 1901 4829 ex
1935 4789 2028 4828 ne-

476 4868 737 4938 gligcntia
765 4866 1135 4932 dominorum.
1160 4867 1247 4923 vel
1264 4867 1426 4922 etiam
1463 4864 1685 4919 fortuito
1718 4879 1806 4919 res
1830 4864 2029 4920 amissa

474 4960 573 5025 sit,
601 4958 697 5015 sed
741 4973 935 5029 magna
964 4958 1272 5013 calamitate
1301 4964 1354 5011 et
1383 4954 1667 5010 barbarica
1698 4953 2029 5011 incursione.

473 5050 581 5119 Qui
624 5052 767 5107 enim
805 5066 890 5109 res
920 5050 1265 5108 dominorum
1308 5045 1630 5117 negligentia
1676 5045 1760 5099 vel
1810 5042 2033 5099 fortuito

477 5145 715 5214 perditas
742 5144 1067 5199 invenerunt
1104 5150 1160 5199 et
1199 5156 1295 5197 eas
1331 5140 1659 5204 restituunt,
1709 5133 2033 5197 inventionis

476 5238 709 5306 pretium
734 5244 884 5291 recte
910 5235 1155 5303 exigunt,
1182 5230 1636 5303 quemadmodum
1660 5228 1765 5284 hoc
1794 5242 1859 5281 ex
1902 5225 2033 5296 legio

478 5327 583 5381 bus
613 5329 863 5397 superius
892 5326 1086 5399 positis
1116 5332 1356 5397 apparet.

483 5517 486 5520 ’
553 5507 755 5563 Zama.
780 5509 921 5569 Cum
951 5507 1019 5562 iis
1045 5505 1138 5576 qui
1179 5519 1290 5561 rem
1317 5504 1546 5560 alienam
1588 5518 1617 5558 a
1660 5518 1718 5558 se
1761 5500 2025 5556 inventam

476 5598 834 5667 denuntiant,
879 5600 1164 5670 benignius
1208 5600 1471 5669 agendum
1521 5613 1641 5653 esse
1693 5597 1773 5651 vir
1815 5601 2032 5655 sanctus

569 5763 685 5834 (36)
726 5765 797 5819 Τὸ
829 5766 1165 5833 ἀλλότριον.
1200 5764 1388 5821 Scribe
1418 5765 1525 5819 τῶν
1555 5765 1858 5838 ἀλλοτρίων.

2137 4594 2387 4649 ἀπόδοσιν
2416 4592 2511 4648 τοῦ
2545 4593 2843 4665 εῦρὲματος
2874 4593 3064 4645 ποιεῖν.
3102 4589 3319 4662 Ὠρίσθη
3346 4589 3404 4643 δὲ
3428 4589 3519 4663 μὴ
3560 4592 3758 4647 ἀπαε-

2133 4686 2345 4742 τεϊσθαι
2392 4685 2543 4757 παρὰ
2596 4682 2690 4738 τοῦ
2745 4684 3037 4755 εὑρηκότος
3085 4681 3152 4735 εκ
3211 4678 3305 4734 τοῦ
3366 4679 3595 4756 μέρους
3646 4683 3760 4739 τοῦ

2136 4775 2484 4847 αἰχμαλώτου
2520 4776 2766 4847 μήνυτρα
2808 4775 2842 4845 ἦ
2876 4773 3092 4847 σῶστρα
3118 4772 3153 4844 ἥ
3182 4770 3460 4844 εῦρετρα.
3517 4774 3561 4848 ἢ
3611 4776 3762 4832 ἀλλο

2134 4884 2211 4931 τι,
2237 4864 2325 4922 διὰ
2349 4867 2412 4921 τὸ
2447 4866 2522 4938 μὴ
2551 4864 2610 4933 ἐξ
2643 4864 2901 4937 ἀμελείας
2939 4864 3049 4919 τῶν
3088 4862 3361 4918 δεσποτῶν
3407 4863 3445 4935 ἢ
3500 4867 3621 4922 καὶ
3649 4886 3750 4923 τυ.

2137 4959 2304 5031 χαίως
2329 4958 2580 5027 γενέσθαι
2605 4956 2702 5028 τὴν
2724 4955 3017 5021 ἀπώλειαν,
3038 4953 3177 5011 ἀλλὰ
3202 4954 3311 5009 ἀπὸ
3330 4960 3765 5028 περιστάσεως

2140 5049 2381 5122 μεγάλης
2419 5050 2514 5104 καὶ
2556 5045 2856 5122 επιδρομῆς
2897 5047 3254 5121 βαρϐαρικῆς.
3284 5049 3349 5105 οι
3389 5050 3525 5122 γὰρ
3574 5054 3767 5127 εὑρη-

2139 5143 2295 5208 κότες
2326 5142 2623 5215 πράγματα
2652 5140 2714 5208 εξ
2740 5142 2996 5215 ἀμελείας
3026 5140 3136 5197 τῶν
3170 5140 3445 5196 δεσποτῶν
3486 5142 3531 5217 ἢ
3571 5145 3770 5220 τύχης

2140 5235 2524 5298 ἀπολεσθέντα,
2553 5236 2648 5291 καὶ
2670 5234 3140 5301 ἁτσοκαθιστῶντες
3167 5234 3359 5297 ταῦτα,
3383 5236 3776 5295 ἀπαιτοῦσιν

2141 5326 2391 5401 εῦρετρα,
2424 5326 2605 5392 καθὼς
2636 5325 2793 5382 τοῦτο
2819 5320 3164 5397 ἀναφαίνεται
3205 5326 3312 5382 dub
3336 5324 3465 5381 τῶν
3507 5330 3768 5388 hth

2144 5419 2632 5492 καταπρωθέντων
2661 5416 2864 5490 νόμων.

2212 5511 2451 5566 ZONAP.
2520 5511 2644 5576 Τοῖς
2698 5508 3017 5582 ὁμολογοῦσι
3065 5509 3127 5565 τδ
3176 5506 3386 5583 εὕρεμα
3448 5512 3523 5568 τὸ
3595 5514 3765 5572 ἁλλό-

2142 5617 2290 5674 τριον
2342 5602 2453 5675 (54)
2503 5602 3037 5674 συγγνωμονέστερον
3090 5598 3443 5655 διατίθεσθαι
3495 5603 3532 5655 ὁ
3597 5607 3767 5673 ἅγιος
