  <div class='ocr_page' id='page_1' title='image "/cluster/home/n/w/nwhite01/storage/ocr_20150623/138/mdp.39015078384222/286.png"; bbox 0 0 4066 6282; ppageno 0'>
   <div class='ocr_carea' id='block_1_1' title="bbox 335 352 436 415">
    <p class='ocr_par' dir='ltr' id='par_1_1' title="bbox 335 352 436 415">
     <span class='ocr_line' id='line_1_1' title="bbox 335 352 436 415; baseline -0.01 0"><span class='ocrx_word' id='word_1_1' title='bbox 335 352 436 415; x_wconf 76' lang='lat'><strong>551</strong></span> 
     </span>
    </p>
   </div>
   <div class='ocr_carea' id='block_1_2' title="bbox 1245 336 2681 418">
    <p class='ocr_par' dir='ltr' id='par_1_2' title="bbox 1245 336 2681 418">
     <span class='ocr_line' id='line_1_2' title="bbox 1245 336 2681 418; baseline -0.003 0"><span class='ocrx_word' id='word_1_2' title='bbox 1245 356 1333 418; x_wconf 86' lang='lat' dir='ltr'><strong>IN</strong></span> <span class='ocrx_word' id='word_1_3' title='bbox 1366 355 1614 418; x_wconf 87' lang='lat' dir='ltr'><strong>EPIST.</strong></span> <span class='ocrx_word' id='word_1_4' title='bbox 1662 355 1726 415; x_wconf 89' lang='lat' dir='ltr'><strong>s.</strong></span> <span class='ocrx_word' id='word_1_5' title='bbox 1767 336 2195 414; x_wconf 78' lang='lat' dir='ltr'><strong>ATHANASII</strong></span> <span class='ocrx_word' id='word_1_6' title='bbox 2232 351 2681 414; x_wconf 73' lang='lat' dir='ltr'><strong>AnAMMUM.</strong></span> 
     </span>
    </p>
   </div>
   <div class='ocr_carea' id='block_1_3' title="bbox 3503 309 3610 417">
    <p class='ocr_par' dir='ltr' id='par_1_3' title="bbox 3503 309 3610 417">
     <span class='ocr_line' id='line_1_3' title="bbox 3503 309 3610 417; baseline 0.019 -2"><span class='ocrx_word' id='word_1_7' title='bbox 3503 309 3610 417; x_wconf 67' lang='grc' dir='ltr'>διε</span> 
     </span>
    </p>
   </div>
   <div class='ocr_carea' id='block_1_4' title="bbox 338 461 1920 542">
    <p class='ocr_par' dir='ltr' id='par_1_4' title="bbox 338 465 1920 542">
     <span class='ocr_line' id='line_1_4' title="bbox 338 465 1920 542; baseline 0.004 -22"><span class='ocrx_word' id='word_1_8' title='bbox 338 468 547 540; x_wconf 70' lang='grc' dir='ltr'>σφριγᾷ</span> <span class='ocrx_word' id='word_1_9' title='bbox 568 485 580 497; x_wconf 90' lang='grc'><strong>·</strong></span> <span class='ocrx_word' id='word_1_10' title='bbox 611 465 694 521; x_wconf 78' lang='grc' dir='ltr'><strong>διδ</strong></span> <span class='ocrx_word' id='word_1_11' title='bbox 721 469 879 540; x_wconf 77' lang='grc' dir='ltr'><strong>παρά</strong></span> <span class='ocrx_word' id='word_1_12' title='bbox 904 468 1004 541; x_wconf 80' lang='grc' dir='ltr'>τὴν</span> <span class='ocrx_word' id='word_1_13' title='bbox 1033 467 1258 542; x_wconf 77' lang='grc' dir='ltr'>πρώτην</span> <span class='ocrx_word' id='word_1_14' title='bbox 1288 469 1526 540; x_wconf 74' lang='grc' dir='ltr'>εἴρηται.</span> <span class='ocrx_word' id='word_1_15' title='bbox 1545 469 1678 524; x_wconf 83' lang='grc' dir='ltr'>ὀτε</span> <span class='ocrx_word' id='word_1_16' title='bbox 1703 466 1759 521; x_wconf 82' lang='grc' dir='ltr'>δὲ</span> <span class='ocrx_word' id='word_1_17' title='bbox 1790 465 1920 535; x_wconf 74' lang='grc' dir='ltr'>πρὸς</span> 
     </span>
    </p>
   </div>
   <div class='ocr_carea' id='block_1_5' title="bbox 2024 461 3606 542">
    <p class='ocr_par' dir='ltr' id='par_1_5' title="bbox 2034 461 3606 535">
     <span class='ocr_line' id='line_1_5' title="bbox 2034 461 3606 535; baseline 0.002 -18"><span class='ocrx_word' id='word_1_18' title='bbox 2034 462 2168 519; x_wconf 84' lang='lat' dir='ltr'><strong>illud</strong></span> <span class='ocrx_word' id='word_1_19' title='bbox 2205 477 2332 520; x_wconf 83' lang='lat' dir='ltr'><strong>vero</strong></span> <span class='ocrx_word' id='word_1_20' title='bbox 2371 463 2546 535; x_wconf 82' lang='grc' dir='ltr'>(παρά</span> <span class='ocrx_word' id='word_1_21' title='bbox 2574 463 2676 534; x_wconf 79' lang='grc' dir='ltr'>τὴν</span> <span class='ocrx_word' id='word_1_22' title='bbox 2716 461 2961 534; x_wconf 80' lang='grc' dir='ltr'>πρώτην)</span> <span class='ocrx_word' id='word_1_23' title='bbox 2991 473 3084 519; x_wconf 89' lang='lat' dir='ltr'><strong>aut</strong></span> <span class='ocrx_word' id='word_1_24' title='bbox 3110 463 3178 519; x_wconf 89' lang='lat' dir='ltr'><strong>de</strong></span> <span class='ocrx_word' id='word_1_25' title='bbox 3228 464 3484 534; x_wconf 68' lang='lat' dir='ltr'><strong>praedicta</strong></span> <span class='ocrx_word' id='word_1_26' title='bbox 3520 467 3606 523; x_wconf 78' lang='lat' dir='ltr'><strong>via</strong></span> 
     </span>
    </p>
   </div>
   <div class='ocr_carea' id='block_1_6' title="bbox 337 559 1927 634">
    <p class='ocr_par' dir='ltr' id='par_1_6' title="bbox 337 559 1927 634">
     <span class='ocr_line' id='line_1_6' title="bbox 337 559 1927 634; baseline -0.002 -19"><span class='ocrx_word' id='word_1_27' title='bbox 337 560 511 631; x_wconf 71' lang='grc' dir='ltr'>γῆρας</span> <span class='ocrx_word' id='word_1_28' title='bbox 541 559 862 628; x_wconf 78' lang='grc' dir='ltr'>ἀπονεύσει,</span> <span class='ocrx_word' id='word_1_29' title='bbox 891 564 940 615; x_wconf 83' lang='grc' dir='ltr'>ει</span> <span class='ocrx_word' id='word_1_30' title='bbox 967 563 1062 616; x_wconf 77' lang='grc' dir='ltr'>καὶ</span> <span class='ocrx_word' id='word_1_31' title='bbox 1096 563 1230 634; x_wconf 72' lang='grc' dir='ltr'>μηδὲ</span> <span class='ocrx_word' id='word_1_32' title='bbox 1255 564 1377 615; x_wconf 74' lang='grc' dir='ltr'>τότε</span> <span class='ocrx_word' id='word_1_33' title='bbox 1408 560 1694 617; x_wconf 76' lang='grc' dir='ltr'>σϐέννυται</span> <span class='ocrx_word' id='word_1_34' title='bbox 1722 559 1784 614; x_wconf 76' lang='grc' dir='ltr'><strong>τὸ</strong></span> <span class='ocrx_word' id='word_1_35' title='bbox 1812 559 1927 630; x_wconf 81' lang='grc' dir='ltr'>πῦρ</span> 
     </span>
    </p>
   </div>
   <div class='ocr_carea' id='block_1_7' title="bbox 338 650 1927 725">
    <p class='ocr_par' dir='ltr' id='par_1_7' title="bbox 338 650 1927 725">
     <span class='ocr_line' id='line_1_7' title="bbox 338 650 1927 725; baseline -0.001 -19"><span class='ocrx_word' id='word_1_36' title='bbox 338 653 402 707; x_wconf 77' lang='grc' dir='ltr'>ὲκ</span> <span class='ocrx_word' id='word_1_37' title='bbox 424 651 530 705; x_wconf 83' lang='grc' dir='ltr'><strong>τῶν</strong></span> <span class='ocrx_word' id='word_1_38' title='bbox 554 650 770 719; x_wconf 81' lang='grc' dir='ltr'>παθῶν,</span> <span class='ocrx_word' id='word_1_39' title='bbox 795 653 934 708; x_wconf 80' lang='grc' dir='ltr'><strong>ἀλλά</strong></span> <span class='ocrx_word' id='word_1_40' title='bbox 955 672 1017 724; x_wconf 87' lang='grc' dir='ltr'><strong>γε</strong></span> <span class='ocrx_word' id='word_1_41' title='bbox 1041 654 1466 725; x_wconf 72' lang='grc' dir='ltr'><strong>μαλθακώτερον</strong></span> <span class='ocrx_word' id='word_1_42' title='bbox 1484 654 1719 724; x_wconf 85' lang='grc' dir='ltr'>γίνεται.</span> <span class='ocrx_word' id='word_1_43' title='bbox 1741 653 1927 708; x_wconf 82' lang='grc' dir='ltr'>Ταῦτα</span> 
     </span>
    </p>
   </div>
   <div class='ocr_carea' id='block_1_8' title="bbox 339 743 1928 819">
    <p class='ocr_par' dir='ltr' id='par_1_8' title="bbox 339 743 1928 819">
     <span class='ocr_line' id='line_1_8' title="bbox 339 743 1928 819; baseline 0 -21"><span class='ocrx_word' id='word_1_44' title='bbox 339 743 510 799; x_wconf 81' lang='grc' dir='ltr'>εἰπὼν</span> <span class='ocrx_word' id='word_1_45' title='bbox 541 745 746 815; x_wconf 65' lang='grc' dir='ltr'>ἀπάγει</span> <span class='ocrx_word' id='word_1_46' title='bbox 779 747 862 802; x_wconf 85' lang='grc' dir='ltr'>ὅτι</span> <span class='ocrx_word' id='word_1_47' title='bbox 893 749 960 802; x_wconf 84' lang='grc' dir='ltr'><strong>τά</strong></span> <span class='ocrx_word' id='word_1_48' title='bbox 994 746 1288 819; x_wconf 74' lang='grc' dir='ltr'>ζητήματα</span> <span class='ocrx_word' id='word_1_49' title='bbox 1321 747 1504 802; x_wconf 79' lang='grc' dir='ltr'>αὐτῶν</span> <span class='ocrx_word' id='word_1_50' title='bbox 1535 749 1604 800; x_wconf 80' lang='grc' dir='ltr'>τὰ</span> <span class='ocrx_word' id='word_1_51' title='bbox 1637 745 1928 815; x_wconf 77' lang='grc' dir='ltr'>ἀκάθαρτα</span> 
     </span>
    </p>
   </div>
   <div class='ocr_carea' id='block_1_9' title="bbox 336 837 1930 911">
    <p class='ocr_par' dir='ltr' id='par_1_9' title="bbox 336 837 1930 911">
     <span class='ocr_line' id='line_1_9' title="bbox 336 837 1930 911; baseline 0.002 -23"><span class='ocrx_word' id='word_1_52' title='bbox 336 837 697 907; x_wconf 76' lang='grc' dir='ltr'>προλέλυνται</span> <span class='ocrx_word' id='word_1_53' title='bbox 729 838 886 910; x_wconf 82' lang='grc' dir='ltr'><strong>παρά</strong></span> <span class='ocrx_word' id='word_1_54' title='bbox 916 839 1027 892; x_wconf 83' lang='grc' dir='ltr'><strong>τῶν</strong></span> <span class='ocrx_word' id='word_1_55' title='bbox 1058 840 1221 893; x_wconf 91' lang='grc' dir='ltr'>θείων</span> <span class='ocrx_word' id='word_1_56' title='bbox 1251 839 1506 911; x_wconf 83' lang='grc' dir='ltr'>Γραφῶν,</span> <span class='ocrx_word' id='word_1_57' title='bbox 1538 839 1635 891; x_wconf 83' lang='grc' dir='ltr'>καὶ</span> <span class='ocrx_word' id='word_1_58' title='bbox 1658 839 1930 908; x_wconf 74' lang='grc' dir='ltr'>παραινεῖ</span> 
     </span>
    </p>
   </div>
   <div class='ocr_carea' id='block_1_10' title="bbox 335 929 1928 1003">
    <p class='ocr_par' dir='ltr' id='par_1_10' title="bbox 335 929 1928 1003">
     <span class='ocr_line' id='line_1_10' title="bbox 335 929 1928 1003; baseline 0.002 -22"><span class='ocrx_word' id='word_1_59' title='bbox 335 930 426 982; x_wconf 72' lang='grc' dir='ltr'>τὸν</span> <span class='ocrx_word' id='word_1_60' title='bbox 467 929 830 1000; x_wconf 75' lang='grc' dir='ltr'><strong>ἐρωτήσαντα</strong></span> <span class='ocrx_word' id='word_1_61' title='bbox 876 929 1266 1003; x_wconf 79' lang='grc' dir='ltr'>ὑποστηρίζειν</span> <span class='ocrx_word' id='word_1_62' title='bbox 1308 933 1438 994; x_wconf 78' lang='grc' dir='ltr'>τοὺς</span> <span class='ocrx_word' id='word_1_63' title='bbox 1480 929 1574 983; x_wconf 81' lang='grc' dir='ltr'><strong>ὑπ’</strong></span> <span class='ocrx_word' id='word_1_64' title='bbox 1601 931 1786 996; x_wconf 79' lang='grc' dir='ltr'>αὑτὸν,</span> <span class='ocrx_word' id='word_1_65' title='bbox 1832 929 1928 984; x_wconf 74' lang='grc' dir='ltr'><strong>καὶ</strong></span> 
     </span>
    </p>
   </div>
   <div class='ocr_carea' id='block_1_11' title="bbox 334 1019 1928 1096">
    <p class='ocr_par' dir='ltr' id='par_1_11' title="bbox 334 1019 1928 1096">
     <span class='ocr_line' id='line_1_11' title="bbox 334 1019 1928 1096; baseline 0.001 -22"><span class='ocrx_word' id='word_1_66' title='bbox 334 1026 566 1092; x_wconf 73' lang='grc' dir='ltr'>κρήσεσι</span> <span class='ocrx_word' id='word_1_67' title='bbox 596 1021 866 1093; x_wconf 77' lang='grc' dir='ltr'>κέχρηται</span> <span class='ocrx_word' id='word_1_68' title='bbox 897 1027 1197 1094; x_wconf 78' lang='grc' dir='ltr'>γραφικαῖς</span> <span class='ocrx_word' id='word_1_69' title='bbox 1226 1023 1508 1096; x_wconf 77' lang='grc' dir='ltr'>διαφόροις</span> <span class='ocrx_word' id='word_1_70' title='bbox 1528 1038 1545 1056; x_wconf 80' lang='grc'><strong><em>⁸</em></strong></span> <span class='ocrx_word' id='word_1_71' title='bbox 1575 1019 1693 1077; x_wconf 84' lang='grc' dir='ltr'>εἶτα</span> <span class='ocrx_word' id='word_1_72' title='bbox 1724 1024 1819 1076; x_wconf 76' lang='grc' dir='ltr'>καὶ</span> <span class='ocrx_word' id='word_1_73' title='bbox 1847 1025 1928 1087; x_wconf 79' lang='grc' dir='ltr'>εἰς</span> 
     </span>
    </p>
   </div>
   <div class='ocr_carea' id='block_1_12' title="bbox 334 1113 1926 1187">
    <p class='ocr_par' dir='ltr' id='par_1_12' title="bbox 334 1113 1926 1187">
     <span class='ocr_line' id='line_1_12' title="bbox 334 1113 1926 1187; baseline 0.003 -23"><span class='ocrx_word' id='word_1_74' title='bbox 334 1113 502 1182; x_wconf 76' lang='grc' dir='ltr'>εὐχὴν</span> <span class='ocrx_word' id='word_1_75' title='bbox 524 1114 735 1184; x_wconf 65' lang='grc' dir='ltr'>τρίψας</span> <span class='ocrx_word' id='word_1_76' title='bbox 755 1114 849 1168; x_wconf 76' lang='grc' dir='ltr'>τὸν</span> <span class='ocrx_word' id='word_1_77' title='bbox 880 1113 1040 1183; x_wconf 81' lang='grc' dir='ltr'>λόγον</span> <span class='ocrx_word' id='word_1_78' title='bbox 1059 1115 1258 1169; x_wconf 86' lang='grc' dir='ltr'>τελειοῖ</span> <span class='ocrx_word' id='word_1_79' title='bbox 1279 1115 1378 1187; x_wconf 82' lang='grc' dir='ltr'>τὴν</span> <span class='ocrx_word' id='word_1_80' title='bbox 1403 1115 1713 1184; x_wconf 71' lang='grc' dir='ltr'>ἐπιστολήν.</span> <span class='ocrx_word' id='word_1_81' title='bbox 1738 1113 1926 1170; x_wconf 79' lang='grc' dir='ltr'>Ταῦτα</span> 
     </span>
    </p>
   </div>
   <div class='ocr_carea' id='block_1_13' title="bbox 339 1202 1926 1279">
    <p class='ocr_par' dir='ltr' id='par_1_13' title="bbox 339 1202 1926 1279">
     <span class='ocr_line' id='line_1_13' title="bbox 339 1202 1926 1279; baseline 0.002 -21"><span class='ocrx_word' id='word_1_82' title='bbox 339 1210 436 1275; x_wconf 70' lang='grc' dir='ltr'>μὲν</span> <span class='ocrx_word' id='word_1_83' title='bbox 465 1202 562 1259; x_wconf 79' lang='grc' dir='ltr'>οὖν</span> <span class='ocrx_word' id='word_1_84' title='bbox 590 1208 620 1259; x_wconf 76' lang='grc' dir='ltr'><strong>ὸ</strong></span> <span class='ocrx_word' id='word_1_85' title='bbox 653 1209 829 1278; x_wconf 81' lang='grc' dir='ltr'>μέγας</span> <span class='ocrx_word' id='word_1_86' title='bbox 859 1211 1026 1279; x_wconf 77' lang='grc' dir='ltr'>φησὶν</span> <span class='ocrx_word' id='word_1_87' title='bbox 1057 1208 1379 1270; x_wconf 79' lang='grc' dir='ltr'>Ἀθανάσιος</span> <span class='ocrx_word' id='word_1_88' title='bbox 1407 1209 1535 1276; x_wconf 71' lang='grc' dir='ltr'>περ).</span> <span class='ocrx_word' id='word_1_89' title='bbox 1564 1206 1661 1277; x_wconf 88' lang='grc' dir='ltr'>τῆς</span> <span class='ocrx_word' id='word_1_90' title='bbox 1691 1208 1926 1277; x_wconf 79' lang='grc' dir='ltr'><strong>φυσικῆς</strong></span> 
     </span>
    </p>
   </div>
   <div class='ocr_carea' id='block_1_14' title="bbox 332 1299 1926 1372">
    <p class='ocr_par' dir='ltr' id='par_1_14' title="bbox 332 1299 1926 1372">
     <span class='ocr_line' id='line_1_14' title="bbox 332 1299 1926 1372; baseline 0.003 -22"><span class='ocrx_word' id='word_1_91' title='bbox 332 1299 638 1369; x_wconf 73' lang='grc' dir='ltr'><strong>ἐκκρίσεως</strong></span> <span class='ocrx_word' id='word_1_92' title='bbox 667 1299 766 1369; x_wconf 84' lang='grc' dir='ltr'>τῆς</span> <span class='ocrx_word' id='word_1_93' title='bbox 798 1302 987 1370; x_wconf 79' lang='grc' dir='ltr'>γονῆς.</span> <span class='ocrx_word' id='word_1_94' title='bbox 1021 1301 1082 1356; x_wconf 87' lang='lat'><strong>&#39;0</strong></span> <span class='ocrx_word' id='word_1_95' title='bbox 1109 1301 1169 1356; x_wconf 70' lang='grc' dir='ltr'>δὲ</span> <span class='ocrx_word' id='word_1_96' title='bbox 1203 1301 1616 1372; x_wconf 73' lang='grc' dir='ltr'><strong>Ἀλεξανδρείας</strong></span> <span class='ocrx_word' id='word_1_97' title='bbox 1648 1300 1926 1364; x_wconf 81' lang='grc' dir='ltr'>Διονύσιος</span> 
     </span>
    </p>
   </div>
   <div class='ocr_carea' id='block_1_15' title="bbox 331 1391 1924 1466">
    <p class='ocr_par' dir='ltr' id='par_1_15' title="bbox 331 1391 1924 1466">
     <span class='ocr_line' id='line_1_15' title="bbox 331 1391 1924 1466; baseline 0.001 -22"><span class='ocrx_word' id='word_1_98' title='bbox 331 1395 388 1444; x_wconf 81' lang='grc' dir='ltr'>ἐν</span> <span class='ocrx_word' id='word_1_99' title='bbox 418 1394 483 1463; x_wconf 76' lang='grc' dir='ltr'>τῇ</span> <span class='ocrx_word' id='word_1_100' title='bbox 521 1392 662 1463; x_wconf 80' lang='grc' dir='ltr'>πρὸς</span> <span class='ocrx_word' id='word_1_101' title='bbox 697 1391 1016 1465; x_wconf 87' lang='grc' dir='ltr'>Βασιλείδην</span> <span class='ocrx_word' id='word_1_102' title='bbox 1047 1393 1304 1466; x_wconf 79' lang='grc' dir='ltr'>ἐπιστολῇ</span> <span class='ocrx_word' id='word_1_103' title='bbox 1335 1393 1511 1448; x_wconf 81' lang='grc' dir='ltr'>ταῦτά</span> <span class='ocrx_word' id='word_1_104' title='bbox 1540 1411 1707 1464; x_wconf 80' lang='grc' dir='ltr'>φησιν</span> <span class='ocrx_word' id='word_1_105' title='bbox 1729 1411 1742 1425; x_wconf 88' lang='grc'><strong>·</strong></span> <span class='ocrx_word' id='word_1_106' title='bbox 1772 1394 1836 1445; x_wconf 87' lang='grc' dir='ltr'><strong>Οί</strong></span> <span class='ocrx_word' id='word_1_107' title='bbox 1867 1393 1924 1446; x_wconf 65' lang='grc' dir='ltr'>δὲ</span> 
     </span>
    </p>
   </div>
   <div class='ocr_carea' id='block_1_16' title="bbox 330 1483 1924 1557">
    <p class='ocr_par' dir='ltr' id='par_1_16' title="bbox 330 1483 1924 1557">
     <span class='ocr_line' id='line_1_16' title="bbox 330 1483 1924 1557; baseline 0.001 -20"><span class='ocrx_word' id='word_1_108' title='bbox 330 1485 387 1537; x_wconf 72' lang='grc' dir='ltr'>ἐν</span> <span class='ocrx_word' id='word_1_109' title='bbox 417 1485 773 1556; x_wconf 83' lang='grc' dir='ltr'>ἀπροαιρέτῳ</span> <span class='ocrx_word' id='word_1_110' title='bbox 801 1487 1095 1557; x_wconf 79' lang='grc' dir='ltr'>νυκτερινῇ</span> <span class='ocrx_word' id='word_1_111' title='bbox 1129 1487 1285 1555; x_wconf 80' lang='grc' dir='ltr'>ῥύσει</span> <span class='ocrx_word' id='word_1_112' title='bbox 1315 1486 1599 1556; x_wconf 85' lang='grc' dir='ltr'>γενόμενοι</span> <span class='ocrx_word' id='word_1_113' title='bbox 1631 1484 1707 1554; x_wconf 84' lang='grc' dir='ltr'>τῷ</span> <span class='ocrx_word' id='word_1_114' title='bbox 1735 1483 1924 1556; x_wconf 75' lang='grc' dir='ltr'>οἰκείῳ</span> 
     </span>
    </p>
   </div>
   <div class='ocr_carea' id='block_1_17' title="bbox 295 1565 1924 1641">
    <p class='ocr_par' dir='ltr' id='par_1_17' title="bbox 295 1565 1924 1641">
     <span class='ocr_line' id='line_1_17' title="bbox 295 1565 1924 1641; baseline 0.003 -15"><span class='ocrx_word' id='word_1_115' title='bbox 295 1565 298 1568; x_wconf 54' lang='grc'><strong>’</strong></span> <span class='ocrx_word' id='word_1_116' title='bbox 330 1575 596 1629; x_wconf 72' lang='grc' dir='ltr'>συνειδότι</span> <span class='ocrx_word' id='word_1_117' title='bbox 625 1576 1208 1630; x_wconf 82' lang='grc' dir='ltr'>κατακολουθείτωσαν</span> <span class='ocrx_word' id='word_1_118' title='bbox 1231 1593 1248 1610; x_wconf 77' lang='grc' dir='ltr'><strong>ο</strong></span> <span class='ocrx_word' id='word_1_119' title='bbox 1281 1578 1377 1631; x_wconf 80' lang='grc' dir='ltr'>καὶ</span> <span class='ocrx_word' id='word_1_120' title='bbox 1406 1577 1636 1641; x_wconf 65' lang='grc' dir='ltr'>ἑαυτοὺς</span> <span class='ocrx_word' id='word_1_121' title='bbox 1667 1577 1778 1631; x_wconf 72' lang='grc' dir='ltr'>εἴτε</span> <span class='ocrx_word' id='word_1_122' title='bbox 1805 1577 1924 1631; x_wconf 85' lang='grc' dir='ltr'>δια-</span> 
     </span>
    </p>
   </div>
   <div class='ocr_carea' id='block_1_18' title="bbox 327 1668 1924 1741">
    <p class='ocr_par' dir='ltr' id='par_1_18' title="bbox 327 1668 1924 1741">
     <span class='ocr_line' id='line_1_18' title="bbox 327 1668 1924 1741; baseline 0.002 -20"><span class='ocrx_word' id='word_1_123' title='bbox 327 1672 644 1738; x_wconf 80' lang='grc' dir='ltr'>κρίνονται,</span> <span class='ocrx_word' id='word_1_124' title='bbox 675 1670 786 1724; x_wconf 74' lang='grc' dir='ltr'>εἴτε</span> <span class='ocrx_word' id='word_1_125' title='bbox 823 1669 933 1740; x_wconf 81' lang='grc' dir='ltr'>μὴ,</span> <span class='ocrx_word' id='word_1_126' title='bbox 964 1669 1368 1725; x_wconf 85' lang='grc' dir='ltr'>σκοπείτωσαν.</span> <span class='ocrx_word' id='word_1_127' title='bbox 1401 1669 1492 1735; x_wconf 81' lang='grc' dir='ltr'>Ὠς</span> <span class='ocrx_word' id='word_1_128' title='bbox 1519 1671 1613 1723; x_wconf 64' lang='grc' dir='ltr'><strong>ἐπὶ</strong></span> <span class='ocrx_word' id='word_1_129' title='bbox 1639 1669 1751 1724; x_wconf 87' lang='grc' dir='ltr'><strong>τῶν</strong></span> <span class='ocrx_word' id='word_1_130' title='bbox 1779 1668 1924 1741; x_wconf 84' lang='grc' dir='ltr'>βρω-</span> 
     </span>
    </p>
   </div>
   <div class='ocr_carea' id='block_1_19' title="bbox 330 1762 1924 1834">
    <p class='ocr_par' dir='ltr' id='par_1_19' title="bbox 330 1762 1924 1834">
     <span class='ocr_line' id='line_1_19' title="bbox 330 1762 1924 1834; baseline 0.001 -18"><span class='ocrx_word' id='word_1_131' title='bbox 330 1765 522 1832; x_wconf 78' lang='grc' dir='ltr'>μάτων</span> <span class='ocrx_word' id='word_1_132' title='bbox 564 1765 593 1815; x_wconf 82' lang='grc' dir='ltr'><strong>ὁ</strong></span> <span class='ocrx_word' id='word_1_133' title='bbox 642 1762 1089 1834; x_wconf 76' lang='grc' dir='ltr'>διακρινόμενος,</span> <span class='ocrx_word' id='word_1_134' title='bbox 1139 1762 1339 1834; x_wconf 62' lang='grc' dir='ltr'>φησιν,</span> <span class='ocrx_word' id='word_1_135' title='bbox 1380 1763 1478 1818; x_wconf 71' lang='grc' dir='ltr'><strong>ὲάν</strong></span> <span class='ocrx_word' id='word_1_136' title='bbox 1523 1762 1706 1834; x_wconf 78' lang='grc' dir='ltr'>φάγῃ,</span> <span class='ocrx_word' id='word_1_137' title='bbox 1751 1778 1924 1817; x_wconf 84' lang='grc' dir='ltr'>κατα-</span> 
     </span>
    </p>
   </div>
   <div class='ocr_carea' id='block_1_20' title="bbox 2030 556 3606 628">
    <p class='ocr_par' dir='ltr' id='par_1_20' title="bbox 2030 556 3606 628">
     <span class='ocr_line' id='line_1_20' title="bbox 2030 556 3606 628; baseline 0.002 -17"><span class='ocrx_word' id='word_1_138' title='bbox 2030 556 2302 628; x_wconf 83' lang='lat' dir='ltr'><strong>conjugali</strong></span> <span class='ocrx_word' id='word_1_139' title='bbox 2337 556 2739 626; x_wconf 80' lang='lat' dir='ltr'><strong>intelligendum</strong></span> <span class='ocrx_word' id='word_1_140' title='bbox 2772 567 2879 622; x_wconf 88' lang='lat' dir='ltr'><strong>est,</strong></span> <span class='ocrx_word' id='word_1_141' title='bbox 2909 569 3005 612; x_wconf 87' lang='lat' dir='ltr'><strong>aut</strong></span> <span class='ocrx_word' id='word_1_142' title='bbox 3027 556 3094 612; x_wconf 90' lang='lat' dir='ltr'><strong>de</strong></span> <span class='ocrx_word' id='word_1_143' title='bbox 3122 556 3298 613; x_wconf 87' lang='lat' dir='ltr'><strong>initio.</strong></span> <span class='ocrx_word' id='word_1_144' title='bbox 3329 557 3431 625; x_wconf 86' lang='lat' dir='ltr'><strong>Qui</strong></span> <span class='ocrx_word' id='word_1_145' title='bbox 3461 560 3606 615; x_wconf 85' lang='lat' dir='ltr'><strong>enim</strong></span> 
     </span>
    </p>
   </div>
   <div class='ocr_carea' id='block_1_21' title="bbox 2030 649 3606 720">
    <p class='ocr_par' dir='ltr' id='par_1_21' title="bbox 2030 649 3606 720">
     <span class='ocr_line' id='line_1_21' title="bbox 2030 649 3606 720; baseline 0.002 -18"><span class='ocrx_word' id='word_1_146' title='bbox 2030 649 2399 719; x_wconf 71' lang='lat' dir='ltr'><strong>virginitatem</strong></span> <span class='ocrx_word' id='word_1_147' title='bbox 2433 649 2796 718; x_wconf 72' lang='lat' dir='ltr'><strong>amplectitur,</strong></span> <span class='ocrx_word' id='word_1_148' title='bbox 2825 663 2948 705; x_wconf 90' lang='lat' dir='ltr'><strong>cum</strong></span> <span class='ocrx_word' id='word_1_149' title='bbox 2984 664 3115 704; x_wconf 85' lang='lat' dir='ltr'><strong>caro</strong></span> <span class='ocrx_word' id='word_1_150' title='bbox 3169 649 3237 703; x_wconf 83' lang='lat' dir='ltr'><strong>ad</strong></span> <span class='ocrx_word' id='word_1_151' title='bbox 3277 650 3606 720; x_wconf 84' lang='lat' dir='ltr'><strong>voluptates,</strong></span> 
     </span>
    </p>
   </div>
   <div class='ocr_carea' id='block_1_22' title="bbox 2030 741 3612 814">
    <p class='ocr_par' dir='ltr' id='par_1_22' title="bbox 2030 741 3612 814">
     <span class='ocr_line' id='line_1_22' title="bbox 2030 741 3612 814; baseline -0.001 -18"><span class='ocrx_word' id='word_1_152' title='bbox 2030 743 2371 812; x_wconf 84' lang='lat' dir='ltr'><strong>maximeque</strong></span> <span class='ocrx_word' id='word_1_153' title='bbox 2393 757 2656 799; x_wconf 87' lang='lat' dir='ltr'><strong>venereas</strong></span> <span class='ocrx_word' id='word_1_154' title='bbox 2680 744 2752 798; x_wconf 86' lang='lat' dir='ltr'><strong>sit</strong></span> <span class='ocrx_word' id='word_1_155' title='bbox 2779 742 3051 812; x_wconf 75' lang='lat' dir='ltr'><strong>proclivis;</strong></span> <span class='ocrx_word' id='word_1_156' title='bbox 3079 741 3428 814; x_wconf 79' lang='lat' dir='ltr'><strong>conﬂictatur</strong></span> <span class='ocrx_word' id='word_1_157' title='bbox 3455 742 3612 798; x_wconf 75' lang='lat' dir='ltr'><strong>initio</strong></span> 
     </span>
    </p>
   </div>
   <div class='ocr_carea' id='block_1_23' title="bbox 2024 814 3612 905">
    <p class='ocr_par' dir='ltr' id='par_1_23' title="bbox 2024 814 3612 905">
     <span class='ocr_line' id='line_1_23' title="bbox 2024 814 3612 905; baseline 0.001 -17"><span class='ocrx_word' id='word_1_158' title='bbox 2024 834 2460 898; x_wconf 60' lang='lat' dir='ltr'><strong>&#39;diﬂicultatibus.</strong></span> <span class='ocrx_word' id='word_1_159' title='bbox 2491 843 2681 890; x_wconf 86' lang='lat' dir='ltr'><strong>natura</strong></span> <span class='ocrx_word' id='word_1_160' title='bbox 2713 838 2778 889; x_wconf 91' lang='lat' dir='ltr'><strong>ad</strong></span> <span class='ocrx_word' id='word_1_161' title='bbox 2805 835 3082 891; x_wconf 75' lang='lat' dir='ltr'><strong>libidinem</strong></span> <span class='ocrx_word' id='word_1_162' title='bbox 3106 814 3421 901; x_wconf 68' lang='lat' dir='ltr'><strong>inclinante,</strong></span> <span class='ocrx_word' id='word_1_163' title='bbox 3448 835 3612 905; x_wconf 87' lang='lat' dir='ltr'><strong>idque</strong></span> 
     </span>
    </p>
   </div>
   <div class='ocr_carea' id='block_1_24' title="bbox 2030 927 3608 999">
    <p class='ocr_par' dir='ltr' id='par_1_24' title="bbox 2030 927 3608 999">
     <span class='ocr_line' id='line_1_24' title="bbox 2030 927 3608 999; baseline 0.001 -17"><span class='ocrx_word' id='word_1_164' title='bbox 2030 931 2334 999; x_wconf 68' lang='lat' dir='ltr'><strong>praesertim</strong></span> <span class='ocrx_word' id='word_1_165' title='bbox 2364 929 2490 984; x_wconf 92' lang='lat' dir='ltr'><strong>dum</strong></span> <span class='ocrx_word' id='word_1_166' title='bbox 2528 930 2580 985; x_wconf 91' lang='lat' dir='ltr'><strong>in</strong></span> <span class='ocrx_word' id='word_1_167' title='bbox 2623 927 2801 984; x_wconf 70' lang='lat' dir='ltr'><strong>aetatis</strong></span> <span class='ocrx_word' id='word_1_168' title='bbox 2851 930 2982 984; x_wconf 81' lang='lat' dir='ltr'><strong>ﬂore</strong></span> <span class='ocrx_word' id='word_1_169' title='bbox 3028 939 3301 995; x_wconf 79' lang='lat' dir='ltr'><strong>versatur,</strong></span> <span class='ocrx_word' id='word_1_170' title='bbox 3334 945 3396 983; x_wconf 89' lang='lat' dir='ltr'><strong>ac</strong></span> <span class='ocrx_word' id='word_1_171' title='bbox 3425 929 3608 998; x_wconf 81' lang='lat' dir='ltr'><strong>viget;</strong></span> 
     </span>
    </p>
   </div>
   <div class='ocr_carea' id='block_1_25' title="bbox 2028 1021 3609 1093">
    <p class='ocr_par' dir='ltr' id='par_1_25' title="bbox 2028 1021 3609 1093">
     <span class='ocr_line' id='line_1_25' title="bbox 2028 1021 3609 1093; baseline 0.001 -19"><span class='ocrx_word' id='word_1_172' title='bbox 2028 1035 2186 1089; x_wconf 90' lang='lat' dir='ltr'><strong>quam</strong></span> <span class='ocrx_word' id='word_1_173' title='bbox 2211 1022 2282 1078; x_wconf 92' lang='lat' dir='ltr'><strong>ob</strong></span> <span class='ocrx_word' id='word_1_174' title='bbox 2309 1036 2527 1077; x_wconf 79' lang='lat' dir='ltr'><strong>causam</strong></span> <span class='ocrx_word' id='word_1_175' title='bbox 2548 1023 2710 1077; x_wconf 87' lang='lat' dir='ltr'><strong>verba</strong></span> <span class='ocrx_word' id='word_1_176' title='bbox 2743 1021 2831 1075; x_wconf 84' lang='lat' dir='ltr'><strong>illa</strong></span> <span class='ocrx_word' id='word_1_177' title='bbox 2859 1021 3055 1093; x_wconf 90' lang='lat' dir='ltr'><strong>(primo</strong></span> <span class='ocrx_word' id='word_1_178' title='bbox 3082 1023 3255 1091; x_wconf 83' lang='lat' dir='ltr'><strong>aditu)</strong></span> <span class='ocrx_word' id='word_1_179' title='bbox 3280 1031 3408 1076; x_wconf 89' lang='lat' dir='ltr'><strong>sunt</strong></span> <span class='ocrx_word' id='word_1_180' title='bbox 3441 1021 3609 1075; x_wconf 87' lang='lat' dir='ltr'><strong>dicta.</strong></span> 
     </span>
    </p>
   </div>
   <div class='ocr_carea' id='block_1_26' title="bbox 2029 1113 3613 1185">
    <p class='ocr_par' dir='ltr' id='par_1_26' title="bbox 2029 1113 3613 1185">
     <span class='ocr_line' id='line_1_26' title="bbox 2029 1113 3613 1185; baseline -0.001 -15"><span class='ocrx_word' id='word_1_181' title='bbox 2029 1113 2133 1170; x_wconf 86' lang='lat' dir='ltr'><strong>Ubi</strong></span> <span class='ocrx_word' id='word_1_182' title='bbox 2167 1130 2297 1170; x_wconf 84' lang='lat' dir='ltr'><strong>vero</strong></span> <span class='ocrx_word' id='word_1_183' title='bbox 2345 1117 2435 1170; x_wconf 86' lang='lat' dir='ltr'><strong>ad</strong></span> <span class='ocrx_word' id='word_1_184' title='bbox 2469 1123 2802 1171; x_wconf 83' lang='lat' dir='ltr'><strong>senectutem</strong></span> <span class='ocrx_word' id='word_1_185' title='bbox 2852 1115 3051 1185; x_wconf 89' lang='lat' dir='ltr'><strong>vergit,</strong></span> <span class='ocrx_word' id='word_1_186' title='bbox 3090 1116 3304 1170; x_wconf 84' lang='lat' dir='ltr'><strong>etiamsi</strong></span> <span class='ocrx_word' id='word_1_187' title='bbox 3354 1128 3423 1168; x_wconf 87' lang='lat' dir='ltr'><strong>ne</strong></span> <span class='ocrx_word' id='word_1_188' title='bbox 3481 1125 3613 1168; x_wconf 86' lang='lat' dir='ltr'><strong>tunc</strong></span> 
     </span>
    </p>
   </div>
   <div class='ocr_carea' id='block_1_27' title="bbox 2026 1205 3612 1278">
    <p class='ocr_par' dir='ltr' id='par_1_27' title="bbox 2026 1205 3612 1278">
     <span class='ocr_line' id='line_1_27' title="bbox 2026 1205 3612 1278; baseline 0.001 -18"><span class='ocrx_word' id='word_1_189' title='bbox 2026 1207 2243 1276; x_wconf 86' lang='lat' dir='ltr'><strong>quidem</strong></span> <span class='ocrx_word' id='word_1_190' title='bbox 2285 1208 2660 1277; x_wconf 83' lang='lat' dir='ltr'><strong>exstinguatur</strong></span> <span class='ocrx_word' id='word_1_191' title='bbox 2710 1207 3063 1278; x_wconf 80' lang='lat' dir='ltr'><strong>cupiditatum</strong></span> <span class='ocrx_word' id='word_1_192' title='bbox 3117 1207 3332 1262; x_wconf 80' lang='lat' dir='ltr'><strong>ﬂamma</strong></span> <span class='ocrx_word' id='word_1_193' title='bbox 3362 1246 3379 1271; x_wconf 93' lang='lat'><strong>,</strong></span> <span class='ocrx_word' id='word_1_194' title='bbox 3434 1205 3612 1261; x_wconf 89' lang='lat' dir='ltr'><strong>lenior</strong></span> 
     </span>
    </p>
   </div>
   <div class='ocr_carea' id='block_1_28' title="bbox 2031 1298 3612 1369">
    <p class='ocr_par' dir='ltr' id='par_1_28' title="bbox 2031 1298 3612 1369">
     <span class='ocr_line' id='line_1_28' title="bbox 2031 1298 3612 1369; baseline 0.001 -16"><span class='ocrx_word' id='word_1_195' title='bbox 2031 1311 2206 1355; x_wconf 84' lang='lat' dir='ltr'><strong>tamen</strong></span> <span class='ocrx_word' id='word_1_196' title='bbox 2236 1302 2438 1355; x_wconf 90' lang='lat' dir='ltr'><strong>evadit.</strong></span> <span class='ocrx_word' id='word_1_197' title='bbox 2471 1298 2568 1354; x_wconf 85' lang='lat' dir='ltr'><strong>His</strong></span> <span class='ocrx_word' id='word_1_198' title='bbox 2616 1301 2776 1355; x_wconf 88' lang='lat' dir='ltr'><strong>dictis</strong></span> <span class='ocrx_word' id='word_1_199' title='bbox 2812 1299 3066 1369; x_wconf 86' lang='lat' dir='ltr'><strong>subjicit,</strong></span> <span class='ocrx_word' id='word_1_200' title='bbox 3100 1299 3314 1362; x_wconf 85' lang='lat' dir='ltr'><strong>illorum</strong></span> <span class='ocrx_word' id='word_1_201' title='bbox 3366 1299 3612 1367; x_wconf 86' lang='lat' dir='ltr'><strong>impuras</strong></span> 
     </span>
    </p>
   </div>
   <div class='ocr_carea' id='block_1_29' title="bbox 2026 1392 3611 1465">
    <p class='ocr_par' dir='ltr' id='par_1_29' title="bbox 2026 1392 3611 1465">
     <span class='ocr_line' id='line_1_29' title="bbox 2026 1392 3611 1465; baseline -0.001 -17"><span class='ocrx_word' id='word_1_202' title='bbox 2026 1395 2350 1465; x_wconf 60' lang='lat' dir='ltr'><strong>quastiones</strong></span> <span class='ocrx_word' id='word_1_203' title='bbox 2373 1395 2482 1464; x_wconf 88' lang='lat' dir='ltr'><strong>jam</strong></span> <span class='ocrx_word' id='word_1_204' title='bbox 2507 1403 2632 1449; x_wconf 83' lang='lat' dir='ltr'><strong>ante</strong></span> <span class='ocrx_word' id='word_1_205' title='bbox 2653 1408 2717 1448; x_wconf 86' lang='lat' dir='ltr'><strong>ex</strong></span> <span class='ocrx_word' id='word_1_206' title='bbox 2745 1393 2917 1449; x_wconf 87' lang='lat' dir='ltr'><strong>sacris</strong></span> <span class='ocrx_word' id='word_1_207' title='bbox 2947 1392 3168 1448; x_wconf 83' lang='lat' dir='ltr'><strong>Litteris</strong></span> <span class='ocrx_word' id='word_1_208' title='bbox 3193 1393 3359 1448; x_wconf 85' lang='lat' dir='ltr'><strong>fuisse</strong></span> <span class='ocrx_word' id='word_1_209' title='bbox 3381 1392 3611 1458; x_wconf 83' lang='lat' dir='ltr'><strong>solutas,</strong></span> 
     </span>
    </p>
   </div>
   <div class='ocr_carea' id='block_1_30' title="bbox 2028 1485 3613 1557">
    <p class='ocr_par' dir='ltr' id='par_1_30' title="bbox 2028 1485 3613 1557">
     <span class='ocr_line' id='line_1_30' title="bbox 2028 1485 3613 1557; baseline -0.001 -17"><span class='ocrx_word' id='word_1_210' title='bbox 2028 1497 2318 1557; x_wconf 86' lang='lat' dir='ltr'><strong>monetque</strong></span> <span class='ocrx_word' id='word_1_211' title='bbox 2367 1488 2820 1555; x_wconf 80' lang='lat' dir='ltr'><strong>interrogantem,</strong></span> <span class='ocrx_word' id='word_1_212' title='bbox 2861 1496 2918 1541; x_wconf 92' lang='lat' dir='ltr'><strong>ut</strong></span> <span class='ocrx_word' id='word_1_213' title='bbox 2947 1487 3051 1542; x_wconf 84' lang='lat' dir='ltr'><strong>sibi</strong></span> <span class='ocrx_word' id='word_1_214' title='bbox 3111 1485 3360 1541; x_wconf 87' lang='lat' dir='ltr'><strong>subditos</strong></span> <span class='ocrx_word' id='word_1_215' title='bbox 3408 1485 3613 1540; x_wconf 84' lang='lat' dir='ltr'><strong>contir-</strong></span> 
     </span>
    </p>
   </div>
   <div class='ocr_carea' id='block_1_31' title="bbox 2027 1577 3612 1650">
    <p class='ocr_par' dir='ltr' id='par_1_31' title="bbox 2027 1577 3612 1650">
     <span class='ocr_line' id='line_1_31' title="bbox 2027 1577 3612 1650; baseline -0.001 -17"><span class='ocrx_word' id='word_1_216' title='bbox 2027 1592 2158 1647; x_wconf 89' lang='lat' dir='ltr'><strong>met,</strong></span> <span class='ocrx_word' id='word_1_217' title='bbox 2191 1579 2465 1650; x_wconf 86' lang='lat' dir='ltr'><strong>variisque</strong></span> <span class='ocrx_word' id='word_1_218' title='bbox 2495 1577 2793 1650; x_wconf 75' lang='lat' dir='ltr'><strong>Scriptura:</strong></span> <span class='ocrx_word' id='word_1_219' title='bbox 2823 1581 3112 1642; x_wconf 79' lang='lat' dir='ltr'><strong>sententiis</strong></span> <span class='ocrx_word' id='word_1_220' title='bbox 3144 1580 3355 1645; x_wconf 86' lang='lat' dir='ltr'><strong>utitur;</strong></span> <span class='ocrx_word' id='word_1_221' title='bbox 3391 1586 3504 1633; x_wconf 83' lang='lat' dir='ltr'><strong>tum</strong></span> <span class='ocrx_word' id='word_1_222' title='bbox 3542 1578 3612 1632; x_wconf 77' lang='lat' dir='ltr'><strong>ad</strong></span> 
     </span>
    </p>
   </div>
   <div class='ocr_carea' id='block_1_32' title="bbox 2025 1670 3609 1743">
    <p class='ocr_par' dir='ltr' id='par_1_32' title="bbox 2025 1670 3609 1743">
     <span class='ocr_line' id='line_1_32' title="bbox 2025 1670 3609 1743; baseline -0.001 -17"><span class='ocrx_word' id='word_1_223' title='bbox 2025 1673 2392 1743; x_wconf 70' lang='lat' dir='ltr'><strong>precationem</strong></span> <span class='ocrx_word' id='word_1_224' title='bbox 2426 1687 2688 1729; x_wconf 88' lang='lat' dir='ltr'><strong>conversa</strong></span> <span class='ocrx_word' id='word_1_225' title='bbox 2728 1673 2976 1727; x_wconf 85' lang='lat' dir='ltr'><strong>oratione</strong></span> <span class='ocrx_word' id='word_1_226' title='bbox 3024 1672 3308 1742; x_wconf 83' lang='lat' dir='ltr'><strong>epistolam</strong></span> <span class='ocrx_word' id='word_1_227' title='bbox 3356 1670 3609 1726; x_wconf 79' lang='lat' dir='ltr'><strong>absolvit.</strong></span> 
     </span>
    </p>
   </div>
   <div class='ocr_carea' id='block_1_33' title="bbox 2036 1763 3614 1837">
    <p class='ocr_par' dir='ltr' id='par_1_33' title="bbox 2036 1763 3614 1837">
     <span class='ocr_line' id='line_1_33' title="bbox 2036 1763 3614 1837; baseline -0.003 -15"><span class='ocrx_word' id='word_1_228' title='bbox 2036 1765 2161 1822; x_wconf 68' lang='lat' dir='ltr'><strong>Haec</strong></span> <span class='ocrx_word' id='word_1_229' title='bbox 2186 1781 2315 1836; x_wconf 80' lang='lat' dir='ltr'><strong>ergo</strong></span> <span class='ocrx_word' id='word_1_230' title='bbox 2351 1781 2580 1837; x_wconf 75' lang='lat' dir='ltr'><strong>magnus</strong></span> <span class='ocrx_word' id='word_1_231' title='bbox 2613 1765 2848 1836; x_wconf 87' lang='lat' dir='ltr'><strong>loquitur</strong></span> <span class='ocrx_word' id='word_1_232' title='bbox 2885 1765 3215 1821; x_wconf 81' lang='lat' dir='ltr'><strong>Athanasius</strong></span> <span class='ocrx_word' id='word_1_233' title='bbox 3263 1764 3331 1819; x_wconf 91' lang='lat' dir='ltr'><strong>de</strong></span> <span class='ocrx_word' id='word_1_234' title='bbox 3379 1763 3614 1822; x_wconf 83' lang='lat' dir='ltr'><strong>naturali</strong></span> 
     </span>
    </p>
   </div>
   <div class='ocr_carea' id='block_1_34' title="bbox 327 1825 1920 1927">
    <p class='ocr_par' dir='ltr' id='par_1_34' title="bbox 327 1853 1920 1925">
     <span class='ocr_line' id='line_1_34' title="bbox 327 1853 1920 1925; baseline 0 -19"><span class='ocrx_word' id='word_1_235' title='bbox 327 1866 583 1924; x_wconf 80' lang='grc' dir='ltr'>κεκριται</span> <span class='ocrx_word' id='word_1_236' title='bbox 618 1867 634 1882; x_wconf 72' lang='grc' dir='ltr'><strong>ο</strong></span> <span class='ocrx_word' id='word_1_237' title='bbox 688 1854 786 1908; x_wconf 71' lang='grc' dir='ltr'>καὶ</span> <span class='ocrx_word' id='word_1_238' title='bbox 838 1854 896 1906; x_wconf 81' lang='grc' dir='ltr'>ὲν</span> <span class='ocrx_word' id='word_1_239' title='bbox 945 1854 1162 1918; x_wconf 82' lang='grc' dir='ltr'><strong>τούτοις</strong></span> <span class='ocrx_word' id='word_1_240' title='bbox 1212 1853 1590 1925; x_wconf 81' lang='grc' dir='ltr'>εὐσυνείδητος</span> <span class='ocrx_word' id='word_1_241' title='bbox 1640 1853 1783 1908; x_wconf 72' lang='grc' dir='ltr'>ἔστω</span> <span class='ocrx_word' id='word_1_242' title='bbox 1830 1854 1920 1908; x_wconf 75' lang='grc' dir='ltr'>καὶ</span> 
     </span>
    </p>
   </div>
   <div class='ocr_carea' id='block_1_35' title="bbox 2024 1825 3613 1927">
    <p class='ocr_par' dir='ltr' id='par_1_35' title="bbox 2032 1854 3613 1927">
     <span class='ocr_line' id='line_1_35' title="bbox 2032 1854 3613 1927; baseline -0.001 -14"><span class='ocrx_word' id='word_1_243' title='bbox 2032 1858 2256 1913; x_wconf 80' lang='lat' dir='ltr'><strong>seminis</strong></span> <span class='ocrx_word' id='word_1_244' title='bbox 2289 1859 2625 1913; x_wconf 88' lang='lat' dir='ltr'><strong>excretione.</strong></span> <span class='ocrx_word' id='word_1_245' title='bbox 2659 1854 2949 1927; x_wconf 83' lang='lat' dir='ltr'><strong>Dionysius</strong></span> <span class='ocrx_word' id='word_1_246' title='bbox 2995 1870 3160 1926; x_wconf 87' lang='lat' dir='ltr'><strong>porro</strong></span> <span class='ocrx_word' id='word_1_247' title='bbox 3211 1856 3613 1912; x_wconf 75' lang='lat' dir='ltr'><strong>Alexandrinus</strong></span> 
     </span>
    </p>
   </div>
   <div class='ocr_carea' id='block_1_36' title="bbox 325 1945 1924 2025">
    <p class='ocr_par' dir='ltr' id='par_1_36' title="bbox 325 1945 1924 2025">
     <span class='ocr_line' id='line_1_36' title="bbox 325 1945 1924 2025; baseline 0.001 -27"><span class='ocrx_word' id='word_1_248' title='bbox 325 1945 818 2017; x_wconf 63' lang='grc' dir='ltr'>εύπαρῤησίαστος</span> <span class='ocrx_word' id='word_1_249' title='bbox 854 1946 996 2000; x_wconf 81' lang='grc' dir='ltr'>κατὰ</span> <span class='ocrx_word' id='word_1_250' title='bbox 1028 1947 1089 2000; x_wconf 85' lang='grc' dir='ltr'><strong>τδ</strong></span> <span class='ocrx_word' id='word_1_251' title='bbox 1117 1946 1250 2001; x_wconf 83' lang='grc' dir='ltr'>ῐδιον</span> <span class='ocrx_word' id='word_1_252' title='bbox 1284 1947 1542 2020; x_wconf 66' lang='grc' dir='ltr'>ἐνθύμιον</span> <span class='ocrx_word' id='word_1_253' title='bbox 1559 1949 1670 2011; x_wconf 75' lang='grc' dir='ltr'><strong>πᾶς</strong></span> <span class='ocrx_word' id='word_1_254' title='bbox 1701 1949 1729 2001; x_wconf 77' lang='grc' dir='ltr'>ὁ</span> <span class='ocrx_word' id='word_1_255' title='bbox 1753 1963 1924 2025; x_wconf 74' lang='grc' dir='ltr'>προσ-</span> 
     </span>
    </p>
   </div>
   <div class='ocr_carea' id='block_1_37' title="bbox 328 2037 1926 2112">
    <p class='ocr_par' dir='ltr' id='par_1_37' title="bbox 328 2037 1926 2112">
     <span class='ocr_line' id='line_1_37' title="bbox 328 2037 1926 2112; baseline 0.001 -21"><span class='ocrx_word' id='word_1_256' title='bbox 328 2041 424 2091; x_wconf 83' lang='grc' dir='ltr'>ιὼν</span> <span class='ocrx_word' id='word_1_257' title='bbox 453 2039 532 2110; x_wconf 78' lang='grc' dir='ltr'>τῷ</span> <span class='ocrx_word' id='word_1_258' title='bbox 563 2037 710 2103; x_wconf 82' lang='grc' dir='ltr'><strong>Θεῷ.</strong></span> <span class='ocrx_word' id='word_1_259' title='bbox 741 2040 808 2094; x_wconf 83' lang='grc'><strong>’0</strong></span> <span class='ocrx_word' id='word_1_260' title='bbox 834 2038 892 2092; x_wconf 70' lang='grc' dir='ltr'>δὲ</span> <span class='ocrx_word' id='word_1_261' title='bbox 921 2039 1072 2107; x_wconf 78' lang='grc' dir='ltr'>λέγει</span> <span class='ocrx_word' id='word_1_262' title='bbox 1099 2040 1342 2095; x_wconf 84' lang='grc' dir='ltr'>τοιοῦτόν</span> <span class='ocrx_word' id='word_1_263' title='bbox 1369 2042 1542 2108; x_wconf 64' lang='grc' dir='ltr'>ἔστιν,</span> <span class='ocrx_word' id='word_1_264' title='bbox 1586 2039 1671 2095; x_wconf 82' lang='grc' dir='ltr'>ὃτι</span> <span class='ocrx_word' id='word_1_265' title='bbox 1714 2039 1777 2093; x_wconf 87' lang='lat'><strong>&#39;0</strong></span> <span class='ocrx_word' id='word_1_266' title='bbox 1823 2039 1926 2112; x_wconf 81' lang='grc' dir='ltr'>τὴν</span> 
     </span>
    </p>
   </div>
   <div class='ocr_carea' id='block_1_38' title="bbox 324 2132 1921 2206">
    <p class='ocr_par' dir='ltr' id='par_1_38' title="bbox 324 2132 1921 2206">
     <span class='ocr_line' id='line_1_38' title="bbox 324 2132 1921 2206; baseline 0.001 -19"><span class='ocrx_word' id='word_1_267' title='bbox 324 2133 416 2187; x_wconf 75' lang='grc' dir='ltr'>τοῦ</span> <span class='ocrx_word' id='word_1_268' title='bbox 449 2134 775 2205; x_wconf 81' lang='grc' dir='ltr'>σπέρματος</span> <span class='ocrx_word' id='word_1_269' title='bbox 806 2133 1047 2195; x_wconf 74' lang='grc' dir='ltr'>ὑποστὰς</span> <span class='ocrx_word' id='word_1_270' title='bbox 1077 2132 1294 2204; x_wconf 79' lang='grc' dir='ltr'>ρεὖσιν,</span> <span class='ocrx_word' id='word_1_271' title='bbox 1324 2133 1518 2189; x_wconf 79' lang='grc' dir='ltr'>ἑαυτὸν</span> <span class='ocrx_word' id='word_1_272' title='bbox 1544 2134 1883 2206; x_wconf 79' lang='grc' dir='ltr'>ἀνακρινέτω</span> <span class='ocrx_word' id='word_1_273' title='bbox 1905 2149 1921 2166; x_wconf 77' lang='grc' dir='ltr'><strong>ο</strong></span> 
     </span>
    </p>
   </div>
   <div class='ocr_carea' id='block_1_39' title="bbox 325 2226 1921 2306">
    <p class='ocr_par' dir='ltr' id='par_1_39' title="bbox 325 2226 1921 2306">
     <span class='ocr_line' id='line_1_39' title="bbox 325 2226 1921 2306; baseline 0.002 -27"><span class='ocrx_word' id='word_1_274' title='bbox 325 2228 416 2279; x_wconf 74' lang='grc' dir='ltr'>καὶ</span> <span class='ocrx_word' id='word_1_275' title='bbox 445 2227 495 2280; x_wconf 82' lang='grc' dir='ltr'><strong>εί</strong></span> <span class='ocrx_word' id='word_1_276' title='bbox 530 2229 630 2295; x_wconf 84' lang='grc' dir='ltr'>μὲν</span> <span class='ocrx_word' id='word_1_277' title='bbox 660 2227 937 2306; x_wconf 68' lang='grc' dir='ltr'>ιμπάθειά</span> <span class='ocrx_word' id='word_1_278' title='bbox 964 2244 1048 2291; x_wconf 89' lang='grc' dir='ltr'><strong>τις</strong></span> <span class='ocrx_word' id='word_1_279' title='bbox 1079 2228 1436 2298; x_wconf 79' lang='grc' dir='ltr'><strong>προηγήσατο</strong></span> <span class='ocrx_word' id='word_1_280' title='bbox 1463 2229 1528 2280; x_wconf 73' lang='grc' dir='ltr'>ὲκ</span> <span class='ocrx_word' id='word_1_281' title='bbox 1554 2226 1651 2280; x_wconf 80' lang='grc' dir='ltr'><strong>τοῦ</strong></span> <span class='ocrx_word' id='word_1_282' title='bbox 1679 2226 1921 2299; x_wconf 81' lang='grc' dir='ltr'>πονηροῦ</span> 
     </span>
    </p>
   </div>
   <div class='ocr_carea' id='block_1_40' title="bbox 328 2317 1923 2391">
    <p class='ocr_par' dir='ltr' id='par_1_40' title="bbox 328 2317 1923 2391">
     <span class='ocr_line' id='line_1_40' title="bbox 328 2317 1923 2391; baseline 0.003 -22"><span class='ocrx_word' id='word_1_283' title='bbox 328 2319 454 2382; x_wconf 60' lang='lat' dir='ltr'><strong>(cui;</strong></span> <span class='ocrx_word' id='word_1_284' title='bbox 488 2321 752 2391; x_wconf 83' lang='grc' dir='ltr'>ὲνθυμίου</span> <span class='ocrx_word' id='word_1_285' title='bbox 786 2322 884 2374; x_wconf 79' lang='grc' dir='ltr'>καὶ</span> <span class='ocrx_word' id='word_1_286' title='bbox 917 2319 1392 2390; x_wconf 69' lang='grc' dir='ltr'><strong>συγκαταθέσεως,</strong></span> <span class='ocrx_word' id='word_1_287' title='bbox 1426 2320 1519 2374; x_wconf 73' lang='grc' dir='ltr'>καὶ</span> <span class='ocrx_word' id='word_1_288' title='bbox 1549 2317 1723 2384; x_wconf 73' lang='grc' dir='ltr'>οὕτως</span> <span class='ocrx_word' id='word_1_289' title='bbox 1759 2321 1792 2391; x_wconf 72' lang='grc' dir='ltr'><strong>ἡ</strong></span> <span class='ocrx_word' id='word_1_290' title='bbox 1824 2320 1923 2390; x_wconf 75' lang='grc' dir='ltr'>τῆς</span> 
     </span>
    </p>
   </div>
   <div class='ocr_carea' id='block_1_41' title="bbox 325 2411 1922 2484">
    <p class='ocr_par' dir='ltr' id='par_1_41' title="bbox 325 2411 1922 2484">
     <span class='ocr_line' id='line_1_41' title="bbox 325 2411 1922 2484; baseline 0 -20"><span class='ocrx_word' id='word_1_291' title='bbox 325 2414 487 2481; x_wconf 71' lang='grc' dir='ltr'>γονῆς</span> <span class='ocrx_word' id='word_1_292' title='bbox 524 2411 940 2484; x_wconf 73' lang='grc' dir='ltr'><strong>ἐπηκολούθησε</strong></span> <span class='ocrx_word' id='word_1_293' title='bbox 972 2411 1194 2484; x_wconf 78' lang='grc' dir='ltr'>ῥεῦσις,</span> <span class='ocrx_word' id='word_1_294' title='bbox 1223 2413 1325 2466; x_wconf 81' lang='grc' dir='ltr'>οὐκ</span> <span class='ocrx_word' id='word_1_295' title='bbox 1358 2413 1628 2482; x_wconf 79' lang='grc' dir='ltr'>ἀμίαντος</span> <span class='ocrx_word' id='word_1_296' title='bbox 1656 2413 1686 2467; x_wconf 81' lang='grc' dir='ltr'>ὀ</span> <span class='ocrx_word' id='word_1_297' title='bbox 1715 2411 1922 2481; x_wconf 83' lang='grc' dir='ltr'>ταύτην</span> 
     </span>
    </p>
   </div>
   <div class='ocr_carea' id='block_1_42' title="bbox 327 2504 1924 2576">
    <p class='ocr_par' dir='ltr' id='par_1_42' title="bbox 327 2504 1924 2576">
     <span class='ocr_line' id='line_1_42' title="bbox 327 2504 1924 2576; baseline 0.001 -20"><span class='ocrx_word' id='word_1_298' title='bbox 327 2505 515 2559; x_wconf 77' lang='grc' dir='ltr'>παθὼν</span> <span class='ocrx_word' id='word_1_299' title='bbox 541 2520 556 2536; x_wconf 87' lang='grc'><strong>·</strong></span> <span class='ocrx_word' id='word_1_300' title='bbox 596 2507 646 2558; x_wconf 87' lang='grc' dir='ltr'><strong>εί</strong></span> <span class='ocrx_word' id='word_1_301' title='bbox 682 2504 728 2557; x_wconf 77' lang='grc' dir='ltr'>δ’</span> <span class='ocrx_word' id='word_1_302' title='bbox 754 2505 907 2559; x_wconf 76' lang='grc' dir='ltr'>οὐδὲν</span> <span class='ocrx_word' id='word_1_303' title='bbox 941 2504 1182 2558; x_wconf 80' lang='grc' dir='ltr'>τοιοῦτον</span> <span class='ocrx_word' id='word_1_304' title='bbox 1219 2506 1612 2576; x_wconf 80' lang='grc' dir='ltr'>προηγήσατο,</span> <span class='ocrx_word' id='word_1_305' title='bbox 1647 2504 1772 2559; x_wconf 75' lang='grc' dir='ltr'>οὐδὲ</span> <span class='ocrx_word' id='word_1_306' title='bbox 1805 2505 1924 2559; x_wconf 77' lang='grc' dir='ltr'>δια-</span> 
     </span>
    </p>
   </div>
   <div class='ocr_carea' id='block_1_43' title="bbox 2029 1939 3697 2019">
    <p class='ocr_par' dir='ltr' id='par_1_43' title="bbox 2029 1939 3697 2019">
     <span class='ocr_line' id='line_1_43' title="bbox 2029 1939 3697 2019; baseline -0.001 -17"><span class='ocrx_word' id='word_1_307' title='bbox 2029 1947 2084 2002; x_wconf 90' lang='lat' dir='ltr'><strong>in</strong></span> <span class='ocrx_word' id='word_1_308' title='bbox 2116 1946 2346 2019; x_wconf 80' lang='lat' dir='ltr'><strong>epistola</strong></span> <span class='ocrx_word' id='word_1_309' title='bbox 2393 1947 2462 2002; x_wconf 83' lang='lat' dir='ltr'><strong>ad</strong></span> <span class='ocrx_word' id='word_1_310' title='bbox 2509 1946 2809 2003; x_wconf 87' lang='lat' dir='ltr'><strong>Basilidem</strong></span> <span class='ocrx_word' id='word_1_311' title='bbox 2859 1947 2972 2001; x_wconf 69' lang='lat' dir='ltr'><strong>haec</strong></span> <span class='ocrx_word' id='word_1_312' title='bbox 3016 1946 3178 2002; x_wconf 84' lang='lat' dir='ltr'><strong>habet</strong></span> <span class='ocrx_word' id='word_1_313' title='bbox 3212 1965 3227 2000; x_wconf 91' lang='lat'><strong>:</strong></span> <span class='ocrx_word' id='word_1_314' title='bbox 3263 1946 3364 2013; x_wconf 85' lang='lat' dir='ltr'><strong>Qui</strong></span> <span class='ocrx_word' id='word_1_315' title='bbox 3398 1960 3526 2002; x_wconf 75' lang='lat' dir='ltr'><strong>Vero</strong></span> <span class='ocrx_word' id='word_1_316' title='bbox 3559 1947 3612 2001; x_wconf 87' lang='lat' dir='ltr'><strong>in</strong></span> <span class='ocrx_word' id='word_1_317' title='bbox 3693 1939 3697 1942; x_wconf 54' lang='grc'><em>’</em></span> 
     </span>
    </p>
   </div>
   <div class='ocr_carea' id='block_1_44' title="bbox 2029 2036 3614 2110">
    <p class='ocr_par' dir='ltr' id='par_1_44' title="bbox 2029 2036 3614 2110">
     <span class='ocr_line' id='line_1_44' title="bbox 2029 2036 3614 2110; baseline 0 -15"><span class='ocrx_word' id='word_1_318' title='bbox 2029 2055 2135 2095; x_wconf 90' lang='lat' dir='ltr'><strong>non</strong></span> <span class='ocrx_word' id='word_1_319' title='bbox 2166 2039 2474 2094; x_wconf 86' lang='lat' dir='ltr'><strong>voluntario</strong></span> <span class='ocrx_word' id='word_1_320' title='bbox 2513 2049 2782 2095; x_wconf 86' lang='lat' dir='ltr'><strong>nocturno</strong></span> <span class='ocrx_word' id='word_1_321' title='bbox 2808 2037 2957 2094; x_wconf 79' lang='lat' dir='ltr'><strong>ﬂuxu</strong></span> <span class='ocrx_word' id='word_1_322' title='bbox 3004 2036 3175 2102; x_wconf 75' lang='lat' dir='ltr'><strong>fuere,</strong></span> <span class='ocrx_word' id='word_1_323' title='bbox 3215 2038 3488 2110; x_wconf 81' lang='lat' dir='ltr'><strong>propriam</strong></span> <span class='ocrx_word' id='word_1_324' title='bbox 3523 2054 3614 2095; x_wconf 84' lang='lat' dir='ltr'><strong>se-</strong></span> 
     </span>
    </p>
   </div>
   <div class='ocr_carea' id='block_1_45' title="bbox 2026 2131 3611 2203">
    <p class='ocr_par' dir='ltr' id='par_1_45' title="bbox 2026 2131 3611 2203">
     <span class='ocr_line' id='line_1_45' title="bbox 2026 2131 3611 2203; baseline -0.001 -16"><span class='ocrx_word' id='word_1_325' title='bbox 2026 2143 2260 2203; x_wconf 88' lang='lat' dir='ltr'><strong>quantur</strong></span> <span class='ocrx_word' id='word_1_326' title='bbox 2290 2132 2706 2199; x_wconf 64' lang='lat' dir='ltr'><strong>conscientiam,</strong></span> <span class='ocrx_word' id='word_1_327' title='bbox 2742 2141 2796 2186; x_wconf 90' lang='lat' dir='ltr'><strong>et</strong></span> <span class='ocrx_word' id='word_1_328' title='bbox 2827 2147 3035 2195; x_wconf 86' lang='lat' dir='ltr'><strong>secum.</strong></span> <span class='ocrx_word' id='word_1_329' title='bbox 3067 2146 3133 2186; x_wconf 89' lang='lat' dir='ltr'><strong>an</strong></span> <span class='ocrx_word' id='word_1_330' title='bbox 3157 2131 3224 2186; x_wconf 93' lang='lat' dir='ltr'><strong>de</strong></span> <span class='ocrx_word' id='word_1_331' title='bbox 3248 2145 3312 2187; x_wconf 91' lang='lat' dir='ltr'><strong>eo</strong></span> <span class='ocrx_word' id='word_1_332' title='bbox 3341 2131 3611 2194; x_wconf 88' lang='lat' dir='ltr'><strong>dubitant,</strong></span> 
     </span>
    </p>
   </div>
   <div class='ocr_carea' id='block_1_46' title="bbox 2025 2223 3611 2294">
    <p class='ocr_par' dir='ltr' id='par_1_46' title="bbox 2025 2223 3611 2294">
     <span class='ocr_line' id='line_1_46' title="bbox 2025 2223 3611 2294; baseline -0.001 -13"><span class='ocrx_word' id='word_1_333' title='bbox 2025 2226 2218 2290; x_wconf 82' lang='lat' dir='ltr'><strong>necne,</strong></span> <span class='ocrx_word' id='word_1_334' title='bbox 2265 2225 2630 2281; x_wconf 81' lang='lat' dir='ltr'><strong>considerent.</strong></span> <span class='ocrx_word' id='word_1_335' title='bbox 2682 2224 3149 2293; x_wconf 80' lang='lat' dir='ltr'><strong>Quemadmodum</strong></span> <span class='ocrx_word' id='word_1_336' title='bbox 3197 2223 3252 2278; x_wconf 91' lang='lat' dir='ltr'><strong>in</strong></span> <span class='ocrx_word' id='word_1_337' title='bbox 3303 2223 3461 2289; x_wconf 80' lang='lat' dir='ltr'><strong>cibis,</strong></span> <span class='ocrx_word' id='word_1_338' title='bbox 3517 2223 3611 2294; x_wconf 85' lang='lat' dir='ltr'><strong>qui</strong></span> 
     </span>
    </p>
   </div>
   <div class='ocr_carea' id='block_1_47' title="bbox 2024 2315 3614 2389">
    <p class='ocr_par' dir='ltr' id='par_1_47' title="bbox 2024 2315 3614 2389">
     <span class='ocr_line' id='line_1_47' title="bbox 2024 2315 3614 2389; baseline -0.001 -16"><span class='ocrx_word' id='word_1_339' title='bbox 2024 2319 2262 2385; x_wconf 81' lang='lat' dir='ltr'><strong>dubitat,</strong></span> <span class='ocrx_word' id='word_1_340' title='bbox 2291 2319 2488 2389; x_wconf 88' lang='lat' dir='ltr'><strong>inquit,</strong></span> <span class='ocrx_word' id='word_1_341' title='bbox 2529 2321 2918 2374; x_wconf 80' lang='lat' dir='ltr'><strong>condemnatus</strong></span> <span class='ocrx_word' id='word_1_342' title='bbox 2949 2327 3030 2372; x_wconf 83' lang='lat' dir='ltr'><strong>est</strong></span> <span class='ocrx_word' id='word_1_343' title='bbox 3059 2359 3075 2384; x_wconf 85' lang='lat'><strong>,</strong></span> <span class='ocrx_word' id='word_1_344' title='bbox 3105 2318 3148 2372; x_wconf 89' lang='lat' dir='ltr'><strong>si</strong></span> <span class='ocrx_word' id='word_1_345' title='bbox 3179 2317 3474 2373; x_wconf 86' lang='lat' dir='ltr'><strong>comederit</strong></span> <span class='ocrx_word' id='word_1_346' title='bbox 3494 2355 3516 2380; x_wconf 66' lang='lat'><strong>,,</strong></span> <span class='ocrx_word' id='word_1_347' title='bbox 3555 2315 3614 2372; x_wconf 75' lang='lat' dir='ltr'><strong>iu</strong></span> 
     </span>
    </p>
   </div>
   <div class='ocr_carea' id='block_1_48' title="bbox 2026 2411 3607 2484">
    <p class='ocr_par' dir='ltr' id='par_1_48' title="bbox 2026 2411 3607 2484">
     <span class='ocr_line' id='line_1_48' title="bbox 2026 2411 3607 2484; baseline -0.002 -17"><span class='ocrx_word' id='word_1_348' title='bbox 2026 2412 2110 2468; x_wconf 88' lang='lat' dir='ltr'><strong>bis</strong></span> <span class='ocrx_word' id='word_1_349' title='bbox 2137 2427 2356 2484; x_wconf 86' lang='lat' dir='ltr'><strong>quoque</strong></span> <span class='ocrx_word' id='word_1_350' title='bbox 2391 2412 2543 2466; x_wconf 75' lang='lat' dir='ltr'><strong>bona:</strong></span> <span class='ocrx_word' id='word_1_351' title='bbox 2574 2413 2642 2466; x_wconf 85' lang='lat' dir='ltr'><strong>sit</strong></span> <span class='ocrx_word' id='word_1_352' title='bbox 2666 2411 3034 2477; x_wconf 56' lang='lat' dir='ltr'><strong>conscientiae,</strong></span> <span class='ocrx_word' id='word_1_353' title='bbox 3059 2422 3112 2465; x_wconf 91' lang='lat' dir='ltr'><strong>et</strong></span> <span class='ocrx_word' id='word_1_354' title='bbox 3135 2411 3304 2467; x_wconf 85' lang='lat' dir='ltr'><strong>libere</strong></span> <span class='ocrx_word' id='word_1_355' title='bbox 3332 2411 3607 2479; x_wconf 82' lang='lat' dir='ltr'><strong>loquatur,</strong></span> 
     </span>
    </p>
   </div>
   <div class='ocr_carea' id='block_1_49' title="bbox 2017 2501 3613 2572">
    <p class='ocr_par' dir='ltr' id='par_1_49' title="bbox 2017 2501 3613 2572">
     <span class='ocr_line' id='line_1_49' title="bbox 2017 2501 3613 2572; baseline 0.001 -17"><span class='ocrx_word' id='word_1_356' title='bbox 2017 2501 2171 2572; x_wconf 90' lang='lat' dir='ltr'><strong>juxta</strong></span> <span class='ocrx_word' id='word_1_357' title='bbox 2202 2513 2518 2572; x_wconf 88' lang='lat' dir='ltr'><strong>conceptam</strong></span> <span class='ocrx_word' id='word_1_358' title='bbox 2555 2501 2735 2557; x_wconf 86' lang='lat' dir='ltr'><strong>animo</strong></span> <span class='ocrx_word' id='word_1_359' title='bbox 2760 2502 3168 2572; x_wconf 79' lang='lat' dir='ltr'><strong>cogitationem,</strong></span> <span class='ocrx_word' id='word_1_360' title='bbox 3197 2502 3377 2556; x_wconf 88' lang='lat' dir='ltr'><strong>omnis</strong></span> <span class='ocrx_word' id='word_1_361' title='bbox 3401 2501 3491 2572; x_wconf 86' lang='lat' dir='ltr'><strong>qui</strong></span> <span class='ocrx_word' id='word_1_362' title='bbox 3516 2517 3613 2557; x_wconf 89' lang='lat' dir='ltr'><strong>ac-</strong></span> 
     </span>
    </p>
   </div>
   <div class='ocr_carea' id='block_1_50' title="bbox 324 2593 1920 2670">
    <p class='ocr_par' dir='ltr' id='par_1_50' title="bbox 324 2595 1920 2670">
     <span class='ocr_line' id='line_1_50' title="bbox 324 2595 1920 2670; baseline 0.002 -21"><span class='ocrx_word' id='word_1_363' title='bbox 324 2598 573 2670; x_wconf 86' lang='grc' dir='ltr'>κρίνεται</span> <span class='ocrx_word' id='word_1_364' title='bbox 603 2597 696 2653; x_wconf 76' lang='grc' dir='ltr'>διά</span> <span class='ocrx_word' id='word_1_365' title='bbox 723 2613 778 2650; x_wconf 85' lang='grc' dir='ltr'><strong>τι</strong></span> <span class='ocrx_word' id='word_1_366' title='bbox 808 2595 1052 2651; x_wconf 79' lang='grc' dir='ltr'>τοιοῦτον</span> <span class='ocrx_word' id='word_1_367' title='bbox 1071 2637 1087 2661; x_wconf 94' lang='grc'><strong>,</strong></span> <span class='ocrx_word' id='word_1_368' title='bbox 1120 2596 1215 2650; x_wconf 80' lang='grc' dir='ltr'>καὶ</span> <span class='ocrx_word' id='word_1_369' title='bbox 1243 2596 1305 2649; x_wconf 82' lang='grc' dir='ltr'>οὐ</span> <span class='ocrx_word' id='word_1_370' title='bbox 1342 2597 1676 2667; x_wconf 83' lang='grc' dir='ltr'>μεμόλυνται</span> <span class='ocrx_word' id='word_1_371' title='bbox 1708 2597 1858 2668; x_wconf 84' lang='grc' dir='ltr'><strong>αὑτῷ</strong></span> <span class='ocrx_word' id='word_1_372' title='bbox 1892 2600 1920 2652; x_wconf 86' lang='grc' dir='ltr'><strong>ό</strong></span> 
     </span>
    </p>
   </div>
   <div class='ocr_carea' id='block_1_51' title="bbox 2024 2593 3614 2670">
    <p class='ocr_par' dir='ltr' id='par_1_51' title="bbox 2032 2593 3614 2666">
     <span class='ocr_line' id='line_1_51' title="bbox 2032 2593 3614 2666; baseline -0.002 -13"><span class='ocrx_word' id='word_1_373' title='bbox 2032 2597 2179 2653; x_wconf 83' lang='lat' dir='ltr'><strong>cedit</strong></span> <span class='ocrx_word' id='word_1_374' title='bbox 2216 2596 2280 2650; x_wconf 87' lang='lat' dir='ltr'><strong>ad</strong></span> <span class='ocrx_word' id='word_1_375' title='bbox 2315 2593 2506 2650; x_wconf 82' lang='lat' dir='ltr'><strong>Deum.</strong></span> <span class='ocrx_word' id='word_1_376' title='bbox 2535 2594 2687 2662; x_wconf 87' lang='lat' dir='ltr'><strong>Quod</strong></span> <span class='ocrx_word' id='word_1_377' title='bbox 2731 2609 2859 2651; x_wconf 80' lang='lat' dir='ltr'><strong>vero</strong></span> <span class='ocrx_word' id='word_1_378' title='bbox 2885 2595 2960 2650; x_wconf 88' lang='lat' dir='ltr'><strong>ait</strong></span> <span class='ocrx_word' id='word_1_379' title='bbox 2987 2594 3253 2664; x_wconf 82' lang='lat' dir='ltr'><strong>ejusmodi</strong></span> <span class='ocrx_word' id='word_1_380' title='bbox 3280 2604 3388 2661; x_wconf 89' lang='lat' dir='ltr'><strong>est,</strong></span> <span class='ocrx_word' id='word_1_381' title='bbox 3423 2605 3481 2650; x_wconf 88' lang='lat' dir='ltr'><strong>ut</strong></span> <span class='ocrx_word' id='word_1_382' title='bbox 3515 2596 3614 2666; x_wconf 89' lang='lat' dir='ltr'><strong>qui</strong></span> 
     </span>
    </p>
   </div>
   <div class='ocr_carea' id='block_1_52' title="bbox 323 2686 1920 2759">
    <p class='ocr_par' dir='ltr' id='par_1_52' title="bbox 323 2686 1920 2759">
     <span class='ocr_line' id='line_1_52' title="bbox 323 2686 1920 2759; baseline 0 -17"><span class='ocrx_word' id='word_1_383' title='bbox 323 2689 606 2759; x_wconf 83' lang='grc' dir='ltr'>λογισμὸς,</span> <span class='ocrx_word' id='word_1_384' title='bbox 642 2686 887 2759; x_wconf 75' lang='grc' dir='ltr'>προσίτω</span> <span class='ocrx_word' id='word_1_385' title='bbox 916 2689 1029 2752; x_wconf 80' lang='grc' dir='ltr'>τοῖς</span> <span class='ocrx_word' id='word_1_386' title='bbox 1059 2688 1394 2758; x_wconf 81' lang='grc' dir='ltr'>ἀγιάσμασι.</span> <span class='ocrx_word' id='word_1_387' title='bbox 1423 2687 1582 2752; x_wconf 83' lang='grc' dir='ltr'>Τινὲς</span> <span class='ocrx_word' id='word_1_388' title='bbox 1608 2687 1665 2742; x_wconf 73' lang='grc' dir='ltr'>δὲ</span> <span class='ocrx_word' id='word_1_389' title='bbox 1696 2688 1789 2742; x_wconf 77' lang='grc' dir='ltr'>τὸν</span> <span class='ocrx_word' id='word_1_390' title='bbox 1821 2688 1920 2759; x_wconf 75' lang='grc' dir='ltr'><strong>μέ-</strong></span> 
     </span>
    </p>
   </div>
   <div class='ocr_carea' id='block_1_53' title="bbox 2024 2686 3610 2759">
    <p class='ocr_par' dir='ltr' id='par_1_53' title="bbox 2024 2687 3610 2758">
     <span class='ocr_line' id='line_1_53' title="bbox 2024 2687 3610 2758; baseline 0.001 -15"><span class='ocrx_word' id='word_1_391' title='bbox 2024 2688 2244 2746; x_wconf 83' lang='lat' dir='ltr'><strong>seminis</strong></span> <span class='ocrx_word' id='word_1_392' title='bbox 2270 2687 2477 2744; x_wconf 79' lang='lat' dir='ltr'><strong>ﬂuxum</strong></span> <span class='ocrx_word' id='word_1_393' title='bbox 2505 2699 2587 2743; x_wconf 89' lang='lat' dir='ltr'><strong>est</strong></span> <span class='ocrx_word' id='word_1_394' title='bbox 2619 2704 2810 2757; x_wconf 82' lang='lat' dir='ltr'><strong>passus</strong></span> <span class='ocrx_word' id='word_1_395' title='bbox 2838 2688 3074 2758; x_wconf 90' lang='lat' dir='ltr'><strong>seipsum</strong></span> <span class='ocrx_word' id='word_1_396' title='bbox 3104 2689 3406 2756; x_wconf 80' lang='lat' dir='ltr'><strong>examinet,</strong></span> <span class='ocrx_word' id='word_1_397' title='bbox 3434 2703 3498 2744; x_wconf 85' lang='lat' dir='ltr'><strong>ae</strong></span> <span class='ocrx_word' id='word_1_398' title='bbox 3527 2689 3610 2744; x_wconf 87' lang='lat' dir='ltr'><strong>si-</strong></span> 
     </span>
    </p>
   </div>
   <div class='ocr_carea' id='block_1_54' title="bbox 321 2769 1920 2864">
    <p class='ocr_par' dir='ltr' id='par_1_54' title="bbox 321 2780 1920 2864">
     <span class='ocr_line' id='line_1_54' title="bbox 321 2780 1920 2864; baseline 0 -28"><span class='ocrx_word' id='word_1_399' title='bbox 321 2800 425 2851; x_wconf 81' lang='grc' dir='ltr'><strong>γαν</strong></span> <span class='ocrx_word' id='word_1_400' title='bbox 461 2780 756 2836; x_wconf 76' lang='grc' dir='ltr'>Βασίλειον</span> <span class='ocrx_word' id='word_1_401' title='bbox 789 2798 954 2850; x_wconf 84' lang='grc' dir='ltr'>φασιν</span> <span class='ocrx_word' id='word_1_402' title='bbox 989 2781 1282 2852; x_wconf 81' lang='grc' dir='ltr'>ἀπείργειν</span> <span class='ocrx_word' id='word_1_403' title='bbox 1305 2781 1431 2864; x_wconf 67' lang='grc' dir='ltr'>τοὺς</span> <span class='ocrx_word' id='word_1_404' title='bbox 1453 2780 1695 2835; x_wconf 84' lang='grc' dir='ltr'>τοιοῦτόν</span> <span class='ocrx_word' id='word_1_405' title='bbox 1729 2798 1782 2835; x_wconf 85' lang='grc' dir='ltr'><strong>τι</strong></span> <span class='ocrx_word' id='word_1_406' title='bbox 1816 2797 1920 2836; x_wconf 86' lang='grc' dir='ltr'>πα-</span> 
     </span>
    </p>
   </div>
   <div class='ocr_carea' id='block_1_55' title="bbox 2024 2769 3613 2864">
    <p class='ocr_par' dir='ltr' id='par_1_55' title="bbox 2029 2769 3613 2853">
     <span class='ocr_line' id='line_1_55' title="bbox 2029 2769 3613 2853; baseline 0.003 -18"><span class='ocrx_word' id='word_1_407' title='bbox 2029 2782 2246 2851; x_wconf 81' lang='lat' dir='ltr'><strong>quidem</strong></span> <span class='ocrx_word' id='word_1_408' title='bbox 2299 2781 2512 2837; x_wconf 73' lang='lat' dir='ltr'><strong>aﬂectio</strong></span> <span class='ocrx_word' id='word_1_409' title='bbox 2567 2781 2742 2852; x_wconf 85' lang='lat' dir='ltr'><strong>aliqua</strong></span> <span class='ocrx_word' id='word_1_410' title='bbox 2804 2783 3102 2850; x_wconf 67' lang='lat' dir='ltr'><strong>praecessit,</strong></span> <span class='ocrx_word' id='word_1_411' title='bbox 3132 2797 3200 2837; x_wconf 85' lang='lat' dir='ltr'><strong>ex</strong></span> <span class='ocrx_word' id='word_1_412' title='bbox 3256 2769 3613 2853; x_wconf 41' lang='lat' dir='ltr'><strong>prava&#39;lorte</strong></span> 
     </span>
    </p>
   </div>
   <div class='ocr_carea' id='block_1_56' title="bbox 321 2874 1920 2948">
    <p class='ocr_par' dir='ltr' id='par_1_56' title="bbox 321 2874 1920 2948">
     <span class='ocr_line' id='line_1_56' title="bbox 321 2874 1920 2948; baseline 0.001 -20"><span class='ocrx_word' id='word_1_413' title='bbox 321 2876 516 2938; x_wconf 74' lang='grc' dir='ltr'>θόντας</span> <span class='ocrx_word' id='word_1_414' title='bbox 561 2876 661 2945; x_wconf 80' lang='grc' dir='ltr'>τῆς</span> <span class='ocrx_word' id='word_1_415' title='bbox 703 2874 813 2930; x_wconf 85' lang='grc' dir='ltr'><strong>τῶν</strong></span> <span class='ocrx_word' id='word_1_416' title='bbox 858 2875 1222 2948; x_wconf 83' lang='grc' dir='ltr'>ἀγιασμάτων</span> <span class='ocrx_word' id='word_1_417' title='bbox 1267 2874 1647 2946; x_wconf 71' lang='grc' dir='ltr'>μεταλήψεως.</span> <span class='ocrx_word' id='word_1_418' title='bbox 1679 2874 1920 2946; x_wconf 81' lang='grc' dir='ltr'>Ἐρωτη-</span> 
     </span>
    </p>
   </div>
   <div class='ocr_carea' id='block_1_57' title="bbox 2024 2874 3613 2948">
    <p class='ocr_par' dir='ltr' id='par_1_57' title="bbox 2025 2875 3613 2946">
     <span class='ocr_line' id='line_1_57' title="bbox 2025 2875 3613 2946; baseline 0.003 -18"><span class='ocrx_word' id='word_1_419' title='bbox 2025 2875 2354 2946; x_wconf 78' lang='lat' dir='ltr'><strong>cogitatione</strong></span> <span class='ocrx_word' id='word_1_420' title='bbox 2387 2886 2548 2946; x_wconf 85' lang='lat' dir='ltr'><strong>atque</strong></span> <span class='ocrx_word' id='word_1_421' title='bbox 2602 2892 2910 2942; x_wconf 81' lang='lat' dir='ltr'><strong>consensu,</strong></span> <span class='ocrx_word' id='word_1_422' title='bbox 2944 2885 3000 2931; x_wconf 90' lang='lat' dir='ltr'><strong>et</strong></span> <span class='ocrx_word' id='word_1_423' title='bbox 3050 2877 3149 2932; x_wconf 90' lang='lat' dir='ltr'><strong>hoc</strong></span> <span class='ocrx_word' id='word_1_424' title='bbox 3185 2885 3342 2946; x_wconf 86' lang='lat' dir='ltr'><strong>pacto</strong></span> <span class='ocrx_word' id='word_1_425' title='bbox 3375 2879 3613 2934; x_wconf 82' lang='lat' dir='ltr'><strong>seminis</strong></span> 
     </span>
    </p>
   </div>
   <div class='ocr_carea' id='block_1_58' title="bbox 318 2962 1920 3041">
    <p class='ocr_par' dir='ltr' id='par_1_58' title="bbox 318 2962 1919 3039">
     <span class='ocr_line' id='line_1_58' title="bbox 318 2962 1919 3039; baseline -0.001 -17"><span class='ocrx_word' id='word_1_426' title='bbox 318 2970 431 3033; x_wconf 74' lang='grc' dir='ltr'>θεὶς</span> <span class='ocrx_word' id='word_1_427' title='bbox 461 2971 573 3039; x_wconf 83' lang='grc' dir='ltr'>γὰρ</span> <span class='ocrx_word' id='word_1_428' title='bbox 602 2971 632 3023; x_wconf 79' lang='grc' dir='ltr'>ὁ</span> <span class='ocrx_word' id='word_1_429' title='bbox 661 2969 817 3039; x_wconf 64' lang='grc' dir='ltr'>ἅγιος</span> <span class='ocrx_word' id='word_1_430' title='bbox 841 2962 999 3034; x_wconf 72' lang='grc' dir='ltr'>οὗτος</span> <span class='ocrx_word' id='word_1_431' title='bbox 1020 3012 1034 3035; x_wconf 90' lang='grc'><strong>,</strong></span> <span class='ocrx_word' id='word_1_432' title='bbox 1063 2967 1141 3032; x_wconf 82' lang='grc' dir='ltr'>ὡς</span> <span class='ocrx_word' id='word_1_433' title='bbox 1170 2972 1228 3023; x_wconf 80' lang='grc' dir='ltr'>ὲν</span> <span class='ocrx_word' id='word_1_434' title='bbox 1255 2973 1365 3033; x_wconf 85' lang='grc' dir='ltr'>τοῖς</span> <span class='ocrx_word' id='word_1_435' title='bbox 1395 2968 1716 3039; x_wconf 84' lang='grc' dir='ltr'>ἀσκητικοῖς</span> <span class='ocrx_word' id='word_1_436' title='bbox 1747 2967 1919 3022; x_wconf 73' lang='grc' dir='ltr'>αὐτοῦ</span> 
     </span>
    </p>
   </div>
   <div class='ocr_carea' id='block_1_59' title="bbox 2024 2962 3606 3041">
    <p class='ocr_par' dir='ltr' id='par_1_59' title="bbox 2024 2967 3606 3041">
     <span class='ocr_line' id='line_1_59' title="bbox 2024 2967 3606 3041; baseline 0.004 -20"><span class='ocrx_word' id='word_1_437' title='bbox 2024 2967 2197 3023; x_wconf 89' lang='lat' dir='ltr'><strong>lluxus</strong></span> <span class='ocrx_word' id='word_1_438' title='bbox 2230 2978 2310 3024; x_wconf 88' lang='lat' dir='ltr'><strong>est</strong></span> <span class='ocrx_word' id='word_1_439' title='bbox 2341 2981 2694 3035; x_wconf 82' lang='lat' dir='ltr'><strong>consecutus,</strong></span> <span class='ocrx_word' id='word_1_440' title='bbox 2725 2969 2812 3024; x_wconf 89' lang='lat' dir='ltr'><strong>cui</strong></span> <span class='ocrx_word' id='word_1_441' title='bbox 2844 2970 2890 3024; x_wconf 85' lang='lat' dir='ltr'><strong>is</strong></span> <span class='ocrx_word' id='word_1_442' title='bbox 2925 2969 3151 3038; x_wconf 75' lang='lat' dir='ltr'><strong>cnnligit</strong></span> <span class='ocrx_word' id='word_1_443' title='bbox 3187 2969 3606 3041; x_wconf 81' lang='lat' dir='ltr'><strong>haudquaquam</strong></span> 
     </span>
    </p>
   </div>
   <div class='ocr_carea' id='block_1_60' title="bbox 320 3059 1920 3137">
    <p class='ocr_par' dir='ltr' id='par_1_60' title="bbox 320 3059 1920 3133">
     <span class='ocr_line' id='line_1_60' title="bbox 320 3059 1920 3133; baseline -0.001 -17"><span class='ocrx_word' id='word_1_444' title='bbox 320 3064 768 3133; x_wconf 80' lang='grc' dir='ltr'>ἀναγέγραπται,</span> <span class='ocrx_word' id='word_1_445' title='bbox 799 3064 847 3115; x_wconf 88' lang='grc' dir='ltr'><strong>εί</strong></span> <span class='ocrx_word' id='word_1_446' title='bbox 875 3061 986 3116; x_wconf 85' lang='grc' dir='ltr'><strong>τῶν</strong></span> <span class='ocrx_word' id='word_1_447' title='bbox 1015 3059 1268 3132; x_wconf 85' lang='grc' dir='ltr'>συνήθων</span> <span class='ocrx_word' id='word_1_448' title='bbox 1293 3060 1389 3115; x_wconf 62' lang='grc' dir='ltr'><strong>καί⁵</strong></span> <span class='ocrx_word' id='word_1_449' title='bbox 1417 3063 1564 3115; x_wconf 87' lang='grc' dir='ltr'><strong>κατά</strong></span> <span class='ocrx_word' id='word_1_450' title='bbox 1590 3061 1754 3132; x_wconf 83' lang='grc' dir='ltr'>φύσιν</span> <span class='ocrx_word' id='word_1_451' title='bbox 1777 3077 1920 3130; x_wconf 76' lang='grc' dir='ltr'>γινοο</span> 
     </span>
    </p>
   </div>
   <div class='ocr_carea' id='block_1_61' title="bbox 2024 3059 3603 3137">
    <p class='ocr_par' dir='ltr' id='par_1_61' title="bbox 2024 3063 3603 3137">
     <span class='ocr_line' id='line_1_61' title="bbox 2024 3063 3603 3137; baseline 0.004 -19"><span class='ocrx_word' id='word_1_452' title='bbox 2024 3079 2190 3137; x_wconf 90' lang='lat' dir='ltr'><strong>purus</strong></span> <span class='ocrx_word' id='word_1_453' title='bbox 2221 3063 2623 3120; x_wconf 87' lang='lat' dir='ltr'><strong>existimabitur</strong></span> <span class='ocrx_word' id='word_1_454' title='bbox 2660 3080 2674 3118; x_wconf 90' lang='lat'><strong>:</strong></span> <span class='ocrx_word' id='word_1_455' title='bbox 2710 3067 2796 3120; x_wconf 89' lang='lat' dir='ltr'><strong>sin</strong></span> <span class='ocrx_word' id='word_1_456' title='bbox 2831 3065 2968 3121; x_wconf 84' lang='lat' dir='ltr'><strong>nihil</strong></span> <span class='ocrx_word' id='word_1_457' title='bbox 3015 3065 3121 3122; x_wconf 87' lang='lat' dir='ltr'><strong>tale</strong></span> <span class='ocrx_word' id='word_1_458' title='bbox 3149 3068 3426 3137; x_wconf 65' lang='lat' dir='ltr'><strong>precessit</strong></span> <span class='ocrx_word' id='word_1_459' title='bbox 3449 3109 3468 3132; x_wconf 87' lang='lat'><strong>,</strong></span> <span class='ocrx_word' id='word_1_460' title='bbox 3503 3084 3603 3124; x_wconf 92' lang='lat' dir='ltr'><strong>nec</strong></span> 
     </span>
    </p>
   </div>
   <div class='ocr_carea' id='block_1_62' title="bbox 323 3147 1920 3239">
    <p class='ocr_par' dir='ltr' id='par_1_62' title="bbox 323 3147 1916 3227">
     <span class='ocr_line' id='line_1_62' title="bbox 323 3147 1916 3227; baseline 0 -19"><span class='ocrx_word' id='word_1_461' title='bbox 323 3157 499 3226; x_wconf 77' lang='grc' dir='ltr'>μένων</span> <span class='ocrx_word' id='word_1_462' title='bbox 525 3158 640 3210; x_wconf 71' lang='grc' dir='ltr'>τινὶ</span> <span class='ocrx_word' id='word_1_463' title='bbox 670 3156 778 3226; x_wconf 80' lang='grc' dir='ltr'><strong>χρὴ</strong></span> <span class='ocrx_word' id='word_1_464' title='bbox 809 3155 1014 3227; x_wconf 74' lang='grc' dir='ltr'>τολμᾷν</span> <span class='ocrx_word' id='word_1_465' title='bbox 1043 3156 1122 3219; x_wconf 86' lang='grc' dir='ltr'><strong>είς</strong></span> <span class='ocrx_word' id='word_1_466' title='bbox 1152 3154 1442 3211; x_wconf 76' lang='grc' dir='ltr'>κοινωνίαν</span> <span class='ocrx_word' id='word_1_467' title='bbox 1470 3154 1579 3209; x_wconf 83' lang='grc' dir='ltr'>τῶν</span> <span class='ocrx_word' id='word_1_468' title='bbox 1610 3147 1784 3224; x_wconf 84' lang='grc' dir='ltr'>ἀγίων</span> <span class='ocrx_word' id='word_1_469' title='bbox 1816 3171 1916 3208; x_wconf 70' lang='grc' dir='ltr'>παι</span> 
     </span>
    </p>
   </div>
   <div class='ocr_carea' id='block_1_63' title="bbox 2024 3147 3610 3239">
    <p class='ocr_par' dir='ltr' id='par_1_63' title="bbox 2024 3158 3610 3230">
     <span class='ocr_line' id='line_1_63' title="bbox 2024 3158 3610 3230; baseline 0.001 -15"><span class='ocrx_word' id='word_1_470' title='bbox 2024 3160 2087 3215; x_wconf 84' lang='lat' dir='ltr'><strong>de</strong></span> <span class='ocrx_word' id='word_1_471' title='bbox 2118 3158 2296 3230; x_wconf 85' lang='lat' dir='ltr'><strong>aliqua</strong></span> <span class='ocrx_word' id='word_1_472' title='bbox 2328 3159 2595 3229; x_wconf 73' lang='lat' dir='ltr'><strong>ejusmodi</strong></span> <span class='ocrx_word' id='word_1_473' title='bbox 2629 3173 2686 3215; x_wconf 87' lang='lat' dir='ltr'><strong>re</strong></span> <span class='ocrx_word' id='word_1_474' title='bbox 2713 3160 2936 3230; x_wconf 84' lang='lat' dir='ltr'><strong>ambigit</strong></span> <span class='ocrx_word' id='word_1_475' title='bbox 2961 3198 2978 3226; x_wconf 92' lang='lat'><strong>,</strong></span> <span class='ocrx_word' id='word_1_476' title='bbox 3007 3175 3107 3215; x_wconf 91' lang='lat' dir='ltr'><strong>nec</strong></span> <span class='ocrx_word' id='word_1_477' title='bbox 3137 3159 3243 3214; x_wconf 84' lang='lat' dir='ltr'><strong>ulla</strong></span> <span class='ocrx_word' id='word_1_478' title='bbox 3280 3163 3478 3216; x_wconf 82' lang='lat' dir='ltr'><strong>rationi</strong></span> <span class='ocrx_word' id='word_1_479' title='bbox 3512 3163 3610 3217; x_wconf 87' lang='lat' dir='ltr'><strong>ad-</strong></span> 
     </span>
    </p>
   </div>
   <div class='ocr_carea' id='block_1_64' title="bbox 267 3237 1920 3321">
    <p class='ocr_par' dir='ltr' id='par_1_64' title="bbox 267 3237 1917 3319">
     <span class='ocr_line' id='line_1_64' title="bbox 267 3237 1917 3319; baseline -0.001 -18"><span class='ocrx_word' id='word_1_480' title='bbox 267 3246 270 3248; x_wconf 67' lang='grc'>’</span> <span class='ocrx_word' id='word_1_481' title='bbox 321 3247 673 3318; x_wconf 80' lang='grc' dir='ltr'>ραδέχεσθαι,</span> <span class='ocrx_word' id='word_1_482' title='bbox 714 3248 1014 3319; x_wconf 82' lang='grc' dir='ltr'>ἀπεκρίθη,</span> <span class='ocrx_word' id='word_1_483' title='bbox 1063 3237 1367 3319; x_wconf 81' lang='grc' dir='ltr'>Κρείττονα</span> <span class='ocrx_word' id='word_1_484' title='bbox 1407 3247 1505 3318; x_wconf 81' lang='grc' dir='ltr'>τῆς</span> <span class='ocrx_word' id='word_1_485' title='bbox 1553 3245 1770 3316; x_wconf 79' lang='grc' dir='ltr'>φύσεως</span> <span class='ocrx_word' id='word_1_486' title='bbox 1818 3246 1917 3302; x_wconf 79' lang='grc' dir='ltr'>καὶ</span> 
     </span>
    </p>
   </div>
   <div class='ocr_carea' id='block_1_65' title="bbox 2024 3237 3606 3321">
    <p class='ocr_par' dir='ltr' id='par_1_65' title="bbox 2025 3250 3606 3321">
     <span class='ocr_line' id='line_1_65' title="bbox 2025 3250 3606 3321; baseline 0.004 -15"><span class='ocrx_word' id='word_1_487' title='bbox 2025 3251 2183 3308; x_wconf 69' lang='lat' dir='ltr'><strong>hmsit</strong></span> <span class='ocrx_word' id='word_1_488' title='bbox 2206 3252 2439 3317; x_wconf 83' lang='lat' dir='ltr'><strong>macula,</strong></span> <span class='ocrx_word' id='word_1_489' title='bbox 2467 3250 2532 3306; x_wconf 87' lang='lat' dir='ltr'><strong>ad</strong></span> <span class='ocrx_word' id='word_1_490' title='bbox 2562 3266 2718 3307; x_wconf 89' lang='lat' dir='ltr'><strong>sacra</strong></span> <span class='ocrx_word' id='word_1_491' title='bbox 2746 3251 2823 3305; x_wconf 85' lang='lat' dir='ltr'><strong>illi</strong></span> <span class='ocrx_word' id='word_1_492' title='bbox 2857 3253 3110 3321; x_wconf 83' lang='lat' dir='ltr'><strong>mysteria</strong></span> <span class='ocrx_word' id='word_1_493' title='bbox 3143 3251 3300 3309; x_wconf 86' lang='lat' dir='ltr'><strong>liceat</strong></span> <span class='ocrx_word' id='word_1_494' title='bbox 3325 3253 3606 3312; x_wconf 77' lang='lat' dir='ltr'><strong>accedere.</strong></span> 
     </span>
    </p>
   </div>
   <div class='ocr_carea' id='block_1_66' title="bbox 317 3336 1916 3412">
    <p class='ocr_par' dir='ltr' id='par_1_66' title="bbox 317 3336 1916 3412">
     <span class='ocr_line' id='line_1_66' title="bbox 317 3336 1916 3412; baseline 0.001 -19"><span class='ocrx_word' id='word_1_495' title='bbox 317 3343 416 3411; x_wconf 68' lang='grc' dir='ltr'>τῆς</span> <span class='ocrx_word' id='word_1_496' title='bbox 448 3342 748 3412; x_wconf 79' lang='grc' dir='ltr'>συνηθείας</span> <span class='ocrx_word' id='word_1_497' title='bbox 775 3340 1016 3407; x_wconf 73' lang='grc' dir='ltr'>ἐδίδαξεν</span> <span class='ocrx_word' id='word_1_498' title='bbox 1041 3343 1070 3395; x_wconf 82' lang='grc' dir='ltr'><strong><em>ὁ</em></strong></span> <span class='ocrx_word' id='word_1_499' title='bbox 1105 3340 1430 3404; x_wconf 76' lang='grc' dir='ltr'>Ἀπόστολος</span> <span class='ocrx_word' id='word_1_500' title='bbox 1461 3336 1600 3395; x_wconf 75' lang='grc' dir='ltr'>εἶναι</span> <span class='ocrx_word' id='word_1_501' title='bbox 1630 3340 1723 3395; x_wconf 77' lang='grc' dir='ltr'>τὸν</span> <span class='ocrx_word' id='word_1_502' title='bbox 1749 3341 1807 3395; x_wconf 65' lang='grc' dir='ltr'>ἐν</span> <span class='ocrx_word' id='word_1_503' title='bbox 1835 3339 1916 3411; x_wconf 82' lang='grc' dir='ltr'><strong>τῷ</strong></span> 
     </span>
    </p>
   </div>
   <div class='ocr_carea' id='block_1_67' title="bbox 320 3427 1915 3504">
    <p class='ocr_par' dir='ltr' id='par_1_67' title="bbox 320 3427 1915 3504">
     <span class='ocr_line' id='line_1_67' title="bbox 320 3427 1915 3504; baseline -0.003 -19"><span class='ocrx_word' id='word_1_504' title='bbox 320 3432 660 3504; x_wconf 72' lang='grc' dir='ltr'>βαπτίσματι</span> <span class='ocrx_word' id='word_1_505' title='bbox 693 3433 1036 3501; x_wconf 80' lang='grc' dir='ltr'>συνταφέντα</span> <span class='ocrx_word' id='word_1_506' title='bbox 1063 3429 1320 3504; x_wconf 66' lang='grc' dir='ltr'>Χριστιξν</span> <span class='ocrx_word' id='word_1_507' title='bbox 1351 3429 1483 3484; x_wconf 80' lang='grc' dir='ltr'>ποτὲ</span> <span class='ocrx_word' id='word_1_508' title='bbox 1511 3429 1614 3495; x_wconf 81' lang='grc' dir='ltr'>μὲν</span> <span class='ocrx_word' id='word_1_509' title='bbox 1637 3427 1809 3482; x_wconf 71' lang='grc' dir='ltr'>εἰπὼν</span> <span class='ocrx_word' id='word_1_510' title='bbox 1833 3427 1915 3481; x_wconf 78' lang='grc' dir='ltr'>ὅτι</span> 
     </span>
    </p>
   </div>
   <div class='ocr_carea' id='block_1_68' title="bbox 332 3520 1918 3595">
    <p class='ocr_par' dir='ltr' id='par_1_68' title="bbox 332 3520 1918 3595">
     <span class='ocr_line' id='line_1_68' title="bbox 332 3520 1918 3595; baseline -0.005 -14"><span class='ocrx_word' id='word_1_511' title='bbox 332 3529 384 3580; x_wconf 86' lang='grc' dir='ltr'><strong><em>Ὀ</em></strong></span> <span class='ocrx_word' id='word_1_512' title='bbox 419 3527 685 3588; x_wconf 64' lang='grc' dir='ltr'>παλαιὸς</span> <span class='ocrx_word' id='word_1_513' title='bbox 719 3524 892 3595; x_wconf 78' lang='grc' dir='ltr'><strong>ἡμῶν</strong></span> <span class='ocrx_word' id='word_1_514' title='bbox 919 3525 1235 3593; x_wconf 80' lang='grc' dir='ltr'>ἅνθρωπος</span> <span class='ocrx_word' id='word_1_515' title='bbox 1265 3520 1778 3592; x_wconf 77' lang='grc' dir='ltr'>συνεσταυρώθη,</span> <span class='ocrx_word' id='word_1_516' title='bbox 1814 3521 1918 3573; x_wconf 81' lang='grc' dir='ltr'>ἵνα</span> 
     </span>
    </p>
   </div>
   <div class='ocr_carea' id='block_1_69' title="bbox 316 3610 1914 3688">
    <p class='ocr_par' dir='ltr' id='par_1_69' title="bbox 316 3610 1914 3688">
     <span class='ocr_line' id='line_1_69' title="bbox 316 3610 1914 3688; baseline -0.006 -13"><span class='ocrx_word' id='word_1_517' title='bbox 316 3615 672 3688; x_wconf 74' lang='grc' dir='ltr'>καταργηθῇ</span> <span class='ocrx_word' id='word_1_518' title='bbox 707 3619 775 3672; x_wconf 85' lang='grc' dir='ltr'>τὸ</span> <span class='ocrx_word' id='word_1_519' title='bbox 811 3615 986 3687; x_wconf 80' lang='grc' dir='ltr'>σῶμα</span> <span class='ocrx_word' id='word_1_520' title='bbox 1018 3617 1129 3685; x_wconf 82' lang='grc' dir='ltr'>τῆς</span> <span class='ocrx_word' id='word_1_521' title='bbox 1161 3616 1476 3686; x_wconf 78' lang='grc' dir='ltr'>ἁμαρτίας,</span> <span class='ocrx_word' id='word_1_522' title='bbox 1512 3612 1622 3668; x_wconf 88' lang='grc' dir='ltr'>τοῦ</span> <span class='ocrx_word' id='word_1_523' title='bbox 1649 3612 1738 3684; x_wconf 80' lang='grc' dir='ltr'><strong>μὴ</strong></span> <span class='ocrx_word' id='word_1_524' title='bbox 1772 3610 1914 3666; x_wconf 83' lang='grc' dir='ltr'>δου-</span> 
     </span>
    </p>
   </div>
   <div class='ocr_carea' id='block_1_70' title="bbox 299 3704 1914 3780">
    <p class='ocr_par' dir='ltr' id='par_1_70' title="bbox 299 3704 1914 3780">
     <span class='ocr_line' id='line_1_70' title="bbox 299 3704 1914 3780; baseline -0.006 -16"><span class='ocrx_word' id='word_1_525' title='bbox 299 3714 529 3767; x_wconf 73' lang='grc' dir='ltr'>-.ιεύειν</span> <span class='ocrx_word' id='word_1_526' title='bbox 568 3710 730 3780; x_wconf 70' lang='grc' dir='ltr'><strong>ἡμᾶς</strong></span> <span class='ocrx_word' id='word_1_527' title='bbox 771 3707 845 3778; x_wconf 81' lang='grc' dir='ltr'>τῇ</span> <span class='ocrx_word' id='word_1_528' title='bbox 891 3711 1147 3778; x_wconf 77' lang='grc' dir='ltr'>ἁμαρτίᾳ</span> <span class='ocrx_word' id='word_1_529' title='bbox 1172 3725 1188 3743; x_wconf 82' lang='grc' dir='ltr'><strong>ο</strong></span> <span class='ocrx_word' id='word_1_530' title='bbox 1235 3708 1363 3760; x_wconf 80' lang='grc' dir='ltr'>ποτὲ</span> <span class='ocrx_word' id='word_1_531' title='bbox 1406 3707 1465 3761; x_wconf 76' lang='grc' dir='ltr'>δὲ</span> <span class='ocrx_word' id='word_1_532' title='bbox 1507 3704 1914 3777; x_wconf 85' lang='grc' dir='ltr'>παραγγείλας,</span> 
     </span>
    </p>
   </div>
   <div class='ocr_carea' id='block_1_71' title="bbox 316 3796 1913 3873">
    <p class='ocr_par' dir='ltr' id='par_1_71' title="bbox 316 3796 1913 3873">
     <span class='ocr_line' id='line_1_71' title="bbox 316 3796 1913 3873; baseline 0.003 -13"><span class='ocrx_word' id='word_1_533' title='bbox 316 3804 678 3873; x_wconf 70' lang='grc' dir='ltr'>Νεκρώσατε</span> <span class='ocrx_word' id='word_1_534' title='bbox 717 3797 833 3858; x_wconf 85' lang='grc' dir='ltr'>οὖν</span> <span class='ocrx_word' id='word_1_535' title='bbox 865 3803 937 3855; x_wconf 83' lang='grc' dir='ltr'>τὰ</span> <span class='ocrx_word' id='word_1_536' title='bbox 969 3801 1128 3872; x_wconf 69' lang='grc' dir='ltr'>μέλη</span> <span class='ocrx_word' id='word_1_537' title='bbox 1169 3801 1338 3870; x_wconf 79' lang='grc' dir='ltr'>ὑμῶν</span> <span class='ocrx_word' id='word_1_538' title='bbox 1371 3797 1443 3852; x_wconf 83' lang='grc' dir='ltr'>τὰ</span> <span class='ocrx_word' id='word_1_539' title='bbox 1478 3798 1577 3852; x_wconf 78' lang='grc' dir='ltr'>ἐπί</span> <span class='ocrx_word' id='word_1_540' title='bbox 1612 3797 1724 3868; x_wconf 80' lang='grc' dir='ltr'>τῆς</span> <span class='ocrx_word' id='word_1_541' title='bbox 1762 3796 1873 3868; x_wconf 79' lang='grc' dir='ltr'><strong>γῆς</strong></span> <span class='ocrx_word' id='word_1_542' title='bbox 1897 3812 1913 3826; x_wconf 90' lang='grc'>⁶</span> 
     </span>
    </p>
   </div>
   <div class='ocr_carea' id='block_1_72' title="bbox 316 3885 1913 3966">
    <p class='ocr_par' dir='ltr' id='par_1_72' title="bbox 316 3885 1913 3966">
     <span class='ocr_line' id='line_1_72' title="bbox 316 3885 1913 3966; baseline -0.007 -17"><span class='ocrx_word' id='word_1_543' title='bbox 316 3906 637 3966; x_wconf 64' lang='grc' dir='ltr'>πορνείαν,</span> <span class='ocrx_word' id='word_1_544' title='bbox 668 3893 1068 3962; x_wconf 78' lang='grc' dir='ltr'>ἀκαθαρσίαν,</span> <span class='ocrx_word' id='word_1_545' title='bbox 1098 3892 1311 3957; x_wconf 71' lang='grc' dir='ltr'>πάθος,</span> <span class='ocrx_word' id='word_1_546' title='bbox 1341 3891 1667 3958; x_wconf 78' lang='grc' dir='ltr'>ἐπιθυμίαν</span> <span class='ocrx_word' id='word_1_547' title='bbox 1693 3885 1913 3954; x_wconf 81' lang='grc' dir='ltr'>κακὴν,</span> 
     </span>
    </p>
   </div>
   <div class='ocr_carea' id='block_1_73' title="bbox 315 3979 1914 4058">
    <p class='ocr_par' dir='ltr' id='par_1_73' title="bbox 315 3979 1914 4058">
     <span class='ocr_line' id='line_1_73' title="bbox 315 3979 1914 4058; baseline -0.004 -17"><span class='ocrx_word' id='word_1_548' title='bbox 315 3996 418 4043; x_wconf 59' lang='grc' dir='ltr'><strong>καὶ</strong></span> <span class='ocrx_word' id='word_1_549' title='bbox 449 3989 568 4058; x_wconf 78' lang='grc' dir='ltr'>τὴν</span> <span class='ocrx_word' id='word_1_550' title='bbox 597 3986 991 4053; x_wconf 70' lang='grc' dir='ltr'>πλεονεξίαν,</span> <span class='ocrx_word' id='word_1_551' title='bbox 1025 3984 1064 4054; x_wconf 84' lang='grc' dir='ltr'><strong><em>ἦ</em></strong></span> <span class='ocrx_word' id='word_1_552' title='bbox 1098 4003 1187 4051; x_wconf 86' lang='grc' dir='ltr'><strong>τις</strong></span> <span class='ocrx_word' id='word_1_553' title='bbox 1219 3984 1397 4038; x_wconf 78' lang='grc' dir='ltr'>ἐστίν</span> <span class='ocrx_word' id='word_1_554' title='bbox 1424 3979 1914 4050; x_wconf 64' lang='grc' dir='ltr'>είδωλολατρεια,</span> 
     </span>
    </p>
   </div>
   <div class='ocr_carea' id='block_1_74' title="bbox 313 4072 1918 4151">
    <p class='ocr_par' dir='ltr' id='par_1_74' title="bbox 313 4072 1918 4151">
     <span class='ocr_line' id='line_1_74' title="bbox 313 4072 1918 4151; baseline -0.003 -16"><span class='ocrx_word' id='word_1_555' title='bbox 313 4083 390 4136; x_wconf 81' lang='grc' dir='ltr'>δι’</span> <span class='ocrx_word' id='word_1_556' title='bbox 422 4083 462 4136; x_wconf 81' lang='grc' dir='ltr'><strong>ἀ</strong></span> <span class='ocrx_word' id='word_1_557' title='bbox 490 4081 794 4151; x_wconf 70' lang='grc' dir='ltr'>ἔρχεταςή</span> <span class='ocrx_word' id='word_1_558' title='bbox 823 4079 973 4148; x_wconf 76' lang='grc' dir='ltr'>ὀργὴ</span> <span class='ocrx_word' id='word_1_559' title='bbox 1003 4076 1108 4134; x_wconf 88' lang='grc' dir='ltr'>τοῦ</span> <span class='ocrx_word' id='word_1_560' title='bbox 1140 4076 1284 4132; x_wconf 83' lang='grc' dir='ltr'>Θεοῦ</span> <span class='ocrx_word' id='word_1_561' title='bbox 1308 4077 1407 4130; x_wconf 78' lang='grc' dir='ltr'>ἐπί</span> <span class='ocrx_word' id='word_1_562' title='bbox 1438 4076 1579 4143; x_wconf 74' lang='grc' dir='ltr'>τοὺς</span> <span class='ocrx_word' id='word_1_563' title='bbox 1610 4075 1779 4141; x_wconf 73' lang='grc' dir='ltr'>υἱοὺς</span> <span class='ocrx_word' id='word_1_564' title='bbox 1806 4072 1918 4143; x_wconf 84' lang='grc' dir='ltr'>τῆς</span> 
     </span>
    </p>
   </div>
   <div class='ocr_carea' id='block_1_75' title="bbox 315 4168 1916 4244">
    <p class='ocr_par' dir='ltr' id='par_1_75' title="bbox 315 4168 1916 4244">
     <span class='ocr_line' id='line_1_75' title="bbox 315 4168 1916 4244; baseline -0.006 -14"><span class='ocrx_word' id='word_1_565' title='bbox 315 4177 632 4239; x_wconf 74' lang='grc' dir='ltr'>ἀπειθείας</span> <span class='ocrx_word' id='word_1_566' title='bbox 654 4190 670 4203; x_wconf 75' lang='grc' dir='ltr'><strong>ο</strong></span> <span class='ocrx_word' id='word_1_567' title='bbox 699 4174 829 4226; x_wconf 78' lang='grc' dir='ltr'>ποτὲ</span> <span class='ocrx_word' id='word_1_568' title='bbox 858 4173 914 4226; x_wconf 86' lang='grc' dir='ltr'>δὲ</span> <span class='ocrx_word' id='word_1_569' title='bbox 948 4174 1069 4244; x_wconf 68' lang='grc' dir='ltr'>ὅρον</span> <span class='ocrx_word' id='word_1_570' title='bbox 1095 4171 1388 4241; x_wconf 76' lang='grc' dir='ltr'>ἐκθέμενος</span> <span class='ocrx_word' id='word_1_571' title='bbox 1419 4172 1476 4223; x_wconf 83' lang='grc' dir='ltr'>ὲν</span> <span class='ocrx_word' id='word_1_572' title='bbox 1502 4168 1580 4240; x_wconf 82' lang='grc' dir='ltr'><strong>τῷ</strong></span> <span class='ocrx_word' id='word_1_573' title='bbox 1608 4170 1784 4222; x_wconf 74' lang='grc' dir='ltr'>εἰπεῖν</span> <span class='ocrx_word' id='word_1_574' title='bbox 1807 4185 1822 4201; x_wconf 79' lang='grc' dir='ltr'><strong><em>ο</em></strong></span> <span class='ocrx_word' id='word_1_575' title='bbox 1851 4169 1916 4223; x_wconf 80' lang='lat' dir='ltr'><strong>Ol</strong></span> 
     </span>
    </p>
   </div>
   <div class='ocr_carea' id='block_1_76' title="bbox 315 4262 1918 4335">
    <p class='ocr_par' dir='ltr' id='par_1_76' title="bbox 315 4262 1918 4335">
     <span class='ocr_line' id='line_1_76' title="bbox 315 4262 1918 4335; baseline -0.004 -13"><span class='ocrx_word' id='word_1_576' title='bbox 315 4270 383 4322; x_wconf 80' lang='grc' dir='ltr'>δὲ</span> <span class='ocrx_word' id='word_1_577' title='bbox 423 4268 535 4322; x_wconf 86' lang='grc' dir='ltr'>τοῦ</span> <span class='ocrx_word' id='word_1_578' title='bbox 578 4266 841 4335; x_wconf 75' lang='grc' dir='ltr'>Χριστοῦ</span> <span class='ocrx_word' id='word_1_579' title='bbox 880 4265 1074 4333; x_wconf 81' lang='grc' dir='ltr'>Ἰησοῦ</span> <span class='ocrx_word' id='word_1_580' title='bbox 1116 4266 1519 4333; x_wconf 73' lang='grc' dir='ltr'>ἐσταύρωσαν</span> <span class='ocrx_word' id='word_1_581' title='bbox 1560 4263 1678 4330; x_wconf 82' lang='grc' dir='ltr'>τὴν</span> <span class='ocrx_word' id='word_1_582' title='bbox 1716 4262 1918 4329; x_wconf 78' lang='grc' dir='ltr'>σάρκα</span> 
     </span>
    </p>
   </div>
   <div class='ocr_carea' id='block_1_77' title="bbox 317 4354 1919 4431">
    <p class='ocr_par' dir='ltr' id='par_1_77' title="bbox 317 4354 1919 4431">
     <span class='ocr_line' id='line_1_77' title="bbox 317 4354 1919 4431; baseline -0.007 -14"><span class='ocrx_word' id='word_1_583' title='bbox 317 4365 442 4417; x_wconf 79' lang='grc' dir='ltr'>σὺν</span> <span class='ocrx_word' id='word_1_584' title='bbox 475 4362 606 4427; x_wconf 80' lang='grc' dir='ltr'>τοῖς</span> <span class='ocrx_word' id='word_1_585' title='bbox 642 4359 960 4431; x_wconf 77' lang='grc' dir='ltr'>παθήμασι</span> <span class='ocrx_word' id='word_1_586' title='bbox 992 4357 1091 4410; x_wconf 76' lang='grc' dir='ltr'>καὶ</span> <span class='ocrx_word' id='word_1_587' title='bbox 1123 4357 1254 4422; x_wconf 85' lang='grc' dir='ltr'>ταῖς</span> <span class='ocrx_word' id='word_1_588' title='bbox 1284 4357 1650 4426; x_wconf 76' lang='grc' dir='ltr'>ἐπιθυμίαις.</span> <span class='ocrx_word' id='word_1_589' title='bbox 1686 4354 1827 4423; x_wconf 85' lang='grc' dir='ltr'><strong>Ἐγὼ</strong></span> <span class='ocrx_word' id='word_1_590' title='bbox 1859 4354 1919 4407; x_wconf 74' lang='grc' dir='ltr'>δὲ</span> 
     </span>
    </p>
   </div>
   <div class='ocr_carea' id='block_1_78' title="bbox 313 4448 1918 4526">
    <p class='ocr_par' dir='ltr' id='par_1_78' title="bbox 313 4448 1918 4526">
     <span class='ocr_line' id='line_1_78' title="bbox 313 4448 1918 4526; baseline -0.007 -16"><span class='ocrx_word' id='word_1_591' title='bbox 313 4460 493 4526; x_wconf 68' lang='grc' dir='ltr'>ἔγνων</span> <span class='ocrx_word' id='word_1_592' title='bbox 529 4459 615 4509; x_wconf 86' lang='grc' dir='ltr'>ὅτι</span> <span class='ocrx_word' id='word_1_593' title='bbox 649 4454 825 4507; x_wconf 78' lang='grc' dir='ltr'>ταῦτα</span> <span class='ocrx_word' id='word_1_594' title='bbox 866 4451 1202 4523; x_wconf 75' lang='grc' dir='ltr'>κατωρθώθη</span> <span class='ocrx_word' id='word_1_595' title='bbox 1238 4449 1477 4521; x_wconf 71' lang='grc' dir='ltr'>Χριστοῦ</span> <span class='ocrx_word' id='word_1_596' title='bbox 1512 4451 1697 4520; x_wconf 73' lang='grc' dir='ltr'>χάριτι</span> <span class='ocrx_word' id='word_1_597' title='bbox 1732 4448 1826 4502; x_wconf 76' lang='grc' dir='ltr'>καὶ</span> <span class='ocrx_word' id='word_1_598' title='bbox 1860 4448 1918 4499; x_wconf 78' lang='grc' dir='ltr'>ὲν</span> 
     </span>
    </p>
   </div>
   <div class='ocr_carea' id='block_1_79' title="bbox 2029 3343 3610 3415">
    <p class='ocr_par' dir='ltr' id='par_1_79' title="bbox 2029 3343 3610 3415">
     <span class='ocr_line' id='line_1_79' title="bbox 2029 3343 3610 3415; baseline 0.001 -15"><span class='ocrx_word' id='word_1_599' title='bbox 2029 3344 2288 3400; x_wconf 82' lang='lat' dir='ltr'><strong>Nonnulli</strong></span> <span class='ocrx_word' id='word_1_600' title='bbox 2325 3359 2475 3409; x_wconf 87' lang='lat' dir='ltr'><strong>vero.</strong></span> <span class='ocrx_word' id='word_1_601' title='bbox 2511 3344 2693 3413; x_wconf 81' lang='lat' dir='ltr'><strong>magni</strong></span> <span class='ocrx_word' id='word_1_602' title='bbox 2723 3343 2909 3400; x_wconf 81' lang='lat' dir='ltr'><strong>Basilii</strong></span> <span class='ocrx_word' id='word_1_603' title='bbox 2936 3346 3206 3400; x_wconf 85' lang='lat' dir='ltr'><strong>sententia</strong></span> <span class='ocrx_word' id='word_1_604' title='bbox 3237 3387 3252 3409; x_wconf 92' lang='lat'><strong>,</strong></span> <span class='ocrx_word' id='word_1_605' title='bbox 3280 3351 3370 3415; x_wconf 89' lang='lat' dir='ltr'><strong>qui</strong></span> <span class='ocrx_word' id='word_1_606' title='bbox 3404 3346 3610 3415; x_wconf 83' lang='lat' dir='ltr'><strong>aliquid</strong></span> 
     </span>
    </p>
   </div>
   <div class='ocr_carea' id='block_1_80' title="bbox 2018 3437 3606 3509">
    <p class='ocr_par' dir='ltr' id='par_1_80' title="bbox 2018 3437 3606 3509">
     <span class='ocr_line' id='line_1_80' title="bbox 2018 3437 3606 3509; baseline -0.001 -16"><span class='ocrx_word' id='word_1_607' title='bbox 2018 3437 2282 3509; x_wconf 82' lang='lat' dir='ltr'><strong>ejusmodi</strong></span> <span class='ocrx_word' id='word_1_608' title='bbox 2316 3438 2457 3507; x_wconf 88' lang='lat' dir='ltr'><strong>passi</strong></span> <span class='ocrx_word' id='word_1_609' title='bbox 2488 3448 2636 3500; x_wconf 86' lang='lat' dir='ltr'><strong>sunt,</strong></span> <span class='ocrx_word' id='word_1_610' title='bbox 2673 3452 2701 3490; x_wconf 91' lang='lat' dir='ltr'><strong>a</strong></span> <span class='ocrx_word' id='word_1_611' title='bbox 2742 3452 3025 3493; x_wconf 77' lang='lat' dir='ltr'><strong>sacrorum</strong></span> <span class='ocrx_word' id='word_1_612' title='bbox 3065 3439 3446 3507; x_wconf 80' lang='lat' dir='ltr'><strong>mysteriorum</strong></span> <span class='ocrx_word' id='word_1_613' title='bbox 3480 3453 3606 3506; x_wconf 82' lang='lat' dir='ltr'><strong>per—</strong></span> 
     </span>
    </p>
   </div>
   <div class='ocr_carea' id='block_1_81' title="bbox 2017 3528 3613 3605">
    <p class='ocr_par' dir='ltr' id='par_1_81' title="bbox 2017 3528 3613 3605">
     <span class='ocr_line' id='line_1_81' title="bbox 2017 3528 3613 3605; baseline 0.001 -18"><span class='ocrx_word' id='word_1_614' title='bbox 2017 3533 2273 3605; x_wconf 63' lang='lat' dir='ltr'><strong>ceptione</strong></span> <span class='ocrx_word' id='word_1_615' title='bbox 2316 3530 2490 3586; x_wconf 85' lang='lat' dir='ltr'><strong>arceri</strong></span> <span class='ocrx_word' id='word_1_616' title='bbox 2529 3542 2800 3586; x_wconf 87' lang='lat' dir='ltr'><strong>asserunt.</strong></span> <span class='ocrx_word' id='word_1_617' title='bbox 2845 3528 3086 3600; x_wconf 75' lang='lat' dir='ltr'><strong>Rogatus</strong></span> <span class='ocrx_word' id='word_1_618' title='bbox 3135 3546 3369 3602; x_wconf 86' lang='lat' dir='ltr'><strong>namque</strong></span> <span class='ocrx_word' id='word_1_619' title='bbox 3405 3532 3491 3586; x_wconf 92' lang='lat' dir='ltr'><strong>hic</strong></span> <span class='ocrx_word' id='word_1_620' title='bbox 3528 3535 3613 3588; x_wconf 72' lang='lat' dir='ltr'><strong>vis</strong></span> 
     </span>
    </p>
   </div>
   <div class='ocr_carea' id='block_1_82' title="bbox 2018 3622 3608 3695">
    <p class='ocr_par' dir='ltr' id='par_1_82' title="bbox 2018 3622 3608 3695">
     <span class='ocr_line' id='line_1_82' title="bbox 2018 3622 3608 3695; baseline -0.002 -14"><span class='ocrx_word' id='word_1_621' title='bbox 2018 3635 2244 3681; x_wconf 77' lang='lat' dir='ltr'><strong>sanctus</strong></span> <span class='ocrx_word' id='word_1_622' title='bbox 2277 3622 2378 3694; x_wconf 88' lang='lat' dir='ltr'><strong>(uti</strong></span> <span class='ocrx_word' id='word_1_623' title='bbox 2433 3624 2486 3678; x_wconf 83' lang='lat' dir='ltr'><strong>in</strong></span> <span class='ocrx_word' id='word_1_624' title='bbox 2539 3623 2707 3692; x_wconf 83' lang='lat' dir='ltr'><strong>ipsius</strong></span> <span class='ocrx_word' id='word_1_625' title='bbox 2755 3623 3019 3680; x_wconf 83' lang='lat' dir='ltr'><strong>Asceticis</strong></span> <span class='ocrx_word' id='word_1_626' title='bbox 3069 3633 3152 3679; x_wconf 86' lang='lat' dir='ltr'><strong>est</strong></span> <span class='ocrx_word' id='word_1_627' title='bbox 3202 3625 3485 3695; x_wconf 84' lang='lat' dir='ltr'><strong>scriptum)</strong></span> <span class='ocrx_word' id='word_1_628' title='bbox 3539 3640 3608 3678; x_wconf 75' lang='lat' dir='ltr'><strong>an</strong></span> 
     </span>
    </p>
   </div>
   <div class='ocr_carea' id='block_1_83' title="bbox 2021 3714 3598 3784">
    <p class='ocr_par' dir='ltr' id='par_1_83' title="bbox 2021 3714 3598 3784">
     <span class='ocr_line' id='line_1_83' title="bbox 2021 3714 3598 3784; baseline 0.001 -14"><span class='ocrx_word' id='word_1_629' title='bbox 2021 3731 2168 3779; x_wconf 72' lang='lat' dir='ltr'><strong>cum,</strong></span> <span class='ocrx_word' id='word_1_630' title='bbox 2215 3717 2301 3769; x_wconf 89' lang='lat' dir='ltr'><strong>cui</strong></span> <span class='ocrx_word' id='word_1_631' title='bbox 2340 3729 2405 3769; x_wconf 86' lang='lat' dir='ltr'><strong>ex</strong></span> <span class='ocrx_word' id='word_1_632' title='bbox 2463 3714 2856 3770; x_wconf 87' lang='lat' dir='ltr'><strong>consuetudine</strong></span> <span class='ocrx_word' id='word_1_633' title='bbox 2915 3722 3011 3770; x_wconf 86' lang='lat' dir='ltr'><strong>aut</strong></span> <span class='ocrx_word' id='word_1_634' title='bbox 3065 3724 3260 3770; x_wconf 85' lang='lat' dir='ltr'><strong>natura</strong></span> <span class='ocrx_word' id='word_1_635' title='bbox 3319 3715 3598 3784; x_wconf 82' lang='lat' dir='ltr'><strong>quidpiam</strong></span> 
     </span>
    </p>
   </div>
   <div class='ocr_carea' id='block_1_84' title="bbox 2018 3807 3669 3876">
    <p class='ocr_par' dir='ltr' id='par_1_84' title="bbox 2018 3807 3669 3876">
     <span class='ocr_line' id='line_1_84' title="bbox 2018 3807 3669 3876; baseline 0.003 -13"><span class='ocrx_word' id='word_1_636' title='bbox 2018 3809 2224 3872; x_wconf 86' lang='lat' dir='ltr'><strong>evenit,</strong></span> <span class='ocrx_word' id='word_1_637' title='bbox 2259 3807 2460 3861; x_wconf 85' lang='lat' dir='ltr'><strong>audere</strong></span> <span class='ocrx_word' id='word_1_638' title='bbox 2485 3817 2733 3876; x_wconf 86' lang='lat' dir='ltr'><strong>oporteat</strong></span> <span class='ocrx_word' id='word_1_639' title='bbox 2778 3807 2848 3862; x_wconf 86' lang='lat' dir='ltr'><strong>ad</strong></span> <span class='ocrx_word' id='word_1_640' title='bbox 2906 3821 3190 3863; x_wconf 84' lang='lat' dir='ltr'><strong>sacrorum</strong></span> <span class='ocrx_word' id='word_1_641' title='bbox 3231 3811 3608 3864; x_wconf 85' lang='lat' dir='ltr'><strong>eommunica-</strong></span> <span class='ocrx_word' id='word_1_642' title='bbox 3668 3861 3669 3868; x_wconf 48' lang='grc' dir='ltr'><strong>η</strong></span> 
     </span>
    </p>
   </div>
   <div class='ocr_carea' id='block_1_85' title="bbox 2019 3896 3612 3969">
    <p class='ocr_par' dir='ltr' id='par_1_85' title="bbox 2019 3896 3612 3969">
     <span class='ocr_line' id='line_1_85' title="bbox 2019 3896 3612 3969; baseline 0.001 -16"><span class='ocrx_word' id='word_1_643' title='bbox 2019 3899 2220 3955; x_wconf 89' lang='lat' dir='ltr'><strong>tionem</strong></span> <span class='ocrx_word' id='word_1_644' title='bbox 2251 3898 2577 3955; x_wconf 83' lang='lat' dir='ltr'><strong>admittere?</strong></span> <span class='ocrx_word' id='word_1_645' title='bbox 2608 3897 2920 3968; x_wconf 86' lang='lat' dir='ltr'><strong>respondit:</strong></span> <span class='ocrx_word' id='word_1_646' title='bbox 2945 3896 3290 3969; x_wconf 88' lang='lat' dir='ltr'><strong>Superiorem</strong></span> <span class='ocrx_word' id='word_1_647' title='bbox 3321 3909 3528 3955; x_wconf 65' lang='lat' dir='ltr'><strong>natura:</strong></span> <span class='ocrx_word' id='word_1_648' title='bbox 3555 3910 3612 3954; x_wconf 88' lang='lat' dir='ltr'><strong>et</strong></span> 
     </span>
    </p>
   </div>
   <div class='ocr_carea' id='block_1_86' title="bbox 2036 3991 3617 4062">
    <p class='ocr_par' dir='ltr' id='par_1_86' title="bbox 2036 3991 3617 4062">
     <span class='ocr_line' id='line_1_86' title="bbox 2036 3991 3617 4062; baseline -0.002 -13"><span class='ocrx_word' id='word_1_649' title='bbox 2036 3992 2418 4049; x_wconf 83' lang='lat' dir='ltr'><strong>consuetudini</strong></span> <span class='ocrx_word' id='word_1_650' title='bbox 2449 3991 2632 4046; x_wconf 88' lang='lat' dir='ltr'><strong>docuit</strong></span> <span class='ocrx_word' id='word_1_651' title='bbox 2657 3991 2950 4060; x_wconf 76' lang='lat' dir='ltr'><strong>Apostolus</strong></span> <span class='ocrx_word' id='word_1_652' title='bbox 2978 4005 3101 4047; x_wconf 88' lang='lat' dir='ltr'><strong>esse</strong></span> <span class='ocrx_word' id='word_1_653' title='bbox 3138 4006 3286 4057; x_wconf 88' lang='lat' dir='ltr'><strong>eum,</strong></span> <span class='ocrx_word' id='word_1_654' title='bbox 3309 3993 3404 4062; x_wconf 90' lang='lat' dir='ltr'><strong>qui</strong></span> <span class='ocrx_word' id='word_1_655' title='bbox 3430 3995 3486 4048; x_wconf 89' lang='lat' dir='ltr'><strong>in</strong></span> <span class='ocrx_word' id='word_1_656' title='bbox 3513 3994 3617 4059; x_wconf 41' lang='lat' dir='ltr'><strong>ba:</strong></span> 
     </span>
    </p>
   </div>
   <div class='ocr_carea' id='block_1_87' title="bbox 2022 4083 3611 4158">
    <p class='ocr_par' dir='ltr' id='par_1_87' title="bbox 2022 4083 3611 4158">
     <span class='ocr_line' id='line_1_87' title="bbox 2022 4083 3611 4158; baseline 0.002 -19"><span class='ocrx_word' id='word_1_657' title='bbox 2022 4088 2223 4158; x_wconf 87' lang='lat' dir='ltr'><strong>ptismo</strong></span> <span class='ocrx_word' id='word_1_658' title='bbox 2253 4085 2602 4155; x_wconf 88' lang='lat' dir='ltr'><strong>consepultus</strong></span> <span class='ocrx_word' id='word_1_659' title='bbox 2633 4097 2717 4140; x_wconf 81' lang='grc' dir='ltr'><strong>εει</strong></span> <span class='ocrx_word' id='word_1_660' title='bbox 2769 4083 2993 4141; x_wconf 84' lang='lat' dir='ltr'><strong>Christo</strong></span> <span class='ocrx_word' id='word_1_661' title='bbox 3035 4103 3051 4140; x_wconf 90' lang='lat'><strong>:</strong></span> <span class='ocrx_word' id='word_1_662' title='bbox 3089 4101 3236 4141; x_wconf 85' lang='lat' dir='ltr'><strong>nunc</strong></span> <span class='ocrx_word' id='word_1_663' title='bbox 3267 4087 3490 4157; x_wconf 87' lang='lat' dir='ltr'><strong>quidem</strong></span> <span class='ocrx_word' id='word_1_664' title='bbox 3526 4087 3611 4142; x_wconf 81' lang='lat' dir='ltr'><strong>di-</strong></span> 
     </span>
    </p>
   </div>
   <div class='ocr_carea' id='block_1_88' title="bbox 2021 4177 3609 4248">
    <p class='ocr_par' dir='ltr' id='par_1_88' title="bbox 2021 4177 3609 4248">
     <span class='ocr_line' id='line_1_88' title="bbox 2021 4177 3609 4248; baseline -0.003 -14"><span class='ocrx_word' id='word_1_665' title='bbox 2021 4193 2172 4246; x_wconf 81' lang='lat' dir='ltr'><strong>cens,</strong></span> <span class='ocrx_word' id='word_1_666' title='bbox 2205 4177 2358 4245; x_wconf 79' lang='lat' dir='ltr'><strong>Quod</strong></span> <span class='ocrx_word' id='word_1_667' title='bbox 2394 4188 2534 4233; x_wconf 76' lang='lat' dir='ltr'><strong>vetus</strong></span> <span class='ocrx_word' id='word_1_668' title='bbox 2568 4188 2746 4232; x_wconf 84' lang='lat' dir='ltr'><strong>noster</strong></span> <span class='ocrx_word' id='word_1_669' title='bbox 2776 4178 2932 4232; x_wconf 84' lang='lat' dir='ltr'><strong>homo</strong></span> <span class='ocrx_word' id='word_1_670' title='bbox 2959 4194 3077 4233; x_wconf 85' lang='lat' dir='ltr'><strong>cum</strong></span> <span class='ocrx_word' id='word_1_671' title='bbox 3106 4195 3167 4232; x_wconf 84' lang='lat' dir='ltr'><strong>eo</strong></span> <span class='ocrx_word' id='word_1_672' title='bbox 3201 4181 3487 4248; x_wconf 62' lang='lat' dir='ltr'><strong>cruciﬁxus</strong></span> <span class='ocrx_word' id='word_1_673' title='bbox 3511 4191 3609 4244; x_wconf 86' lang='lat' dir='ltr'><strong>est,</strong></span> 
     </span>
    </p>
   </div>
   <div class='ocr_carea' id='block_1_89' title="bbox 2020 4272 3610 4340">
    <p class='ocr_par' dir='ltr' id='par_1_89' title="bbox 2020 4272 3610 4340">
     <span class='ocr_line' id='line_1_89' title="bbox 2020 4272 3610 4340; baseline -0.001 -13"><span class='ocrx_word' id='word_1_674' title='bbox 2020 4281 2080 4327; x_wconf 77' lang='lat' dir='ltr'><strong>ut</strong></span> <span class='ocrx_word' id='word_1_675' title='bbox 2114 4273 2390 4326; x_wconf 72' lang='lat' dir='ltr'><strong>abolentur</strong></span> <span class='ocrx_word' id='word_1_676' title='bbox 2433 4287 2623 4340; x_wconf 88' lang='lat' dir='ltr'><strong>corpus</strong></span> <span class='ocrx_word' id='word_1_677' title='bbox 2670 4273 2891 4336; x_wconf 79' lang='lat' dir='ltr'><strong>peccati,</strong></span> <span class='ocrx_word' id='word_1_678' title='bbox 2922 4286 2988 4325; x_wconf 84' lang='lat' dir='ltr'><strong>ne</strong></span> <span class='ocrx_word' id='word_1_679' title='bbox 3022 4288 3116 4326; x_wconf 82' lang='lat' dir='ltr'><strong>nos</strong></span> <span class='ocrx_word' id='word_1_680' title='bbox 3149 4272 3380 4340; x_wconf 84' lang='lat' dir='ltr'><strong>amplius</strong></span> <span class='ocrx_word' id='word_1_681' title='bbox 3408 4274 3610 4327; x_wconf 79' lang='lat' dir='ltr'><strong>servia-</strong></span> 
     </span>
    </p>
   </div>
   <div class='ocr_carea' id='block_1_90' title="bbox 2019 4362 3608 4434">
    <p class='ocr_par' dir='ltr' id='par_1_90' title="bbox 2019 4362 3608 4434">
     <span class='ocr_line' id='line_1_90' title="bbox 2019 4362 3608 4434; baseline 0.001 -16"><span class='ocrx_word' id='word_1_682' title='bbox 2019 4381 2140 4418; x_wconf 84' lang='lat' dir='ltr'><strong>mus</strong></span> <span class='ocrx_word' id='word_1_683' title='bbox 2196 4372 2408 4434; x_wconf 74' lang='lat' dir='ltr'><strong>peccato</strong></span> <span class='ocrx_word' id='word_1_684' title='bbox 2443 4369 2458 4400; x_wconf 85' lang='grc'>¹</span> <span class='ocrx_word' id='word_1_685' title='bbox 2511 4362 2677 4418; x_wconf 89' lang='lat' dir='ltr'><strong>:alibi</strong></span> <span class='ocrx_word' id='word_1_686' title='bbox 2728 4377 2860 4418; x_wconf 85' lang='lat' dir='ltr'><strong>vero</strong></span> <span class='ocrx_word' id='word_1_687' title='bbox 2897 4363 3234 4431; x_wconf 66' lang='lat' dir='ltr'><strong>praecipiens,</strong></span> <span class='ocrx_word' id='word_1_688' title='bbox 3289 4363 3608 4433; x_wconf 70' lang='lat' dir='ltr'><strong>Mortiﬁcate</strong></span> 
     </span>
    </p>
   </div>
   <div class='ocr_carea' id='block_1_91' title="bbox 2021 4457 3612 4526">
    <p class='ocr_par' dir='ltr' id='par_1_91' title="bbox 2021 4457 3612 4526">
     <span class='ocr_line' id='line_1_91' title="bbox 2021 4457 3612 4526; baseline -0.002 -14"><span class='ocrx_word' id='word_1_689' title='bbox 2021 4458 2188 4526; x_wconf 75' lang='lat' dir='ltr'><strong>igitur</strong></span> <span class='ocrx_word' id='word_1_690' title='bbox 2215 4461 2446 4510; x_wconf 83' lang='lat' dir='ltr'><strong>membra</strong></span> <span class='ocrx_word' id='word_1_691' title='bbox 2471 4465 2645 4511; x_wconf 80' lang='lat' dir='ltr'><strong>vestra</strong></span> <span class='ocrx_word' id='word_1_692' title='bbox 2677 4457 2978 4520; x_wconf 80' lang='lat' dir='ltr'><strong>terrestria,</strong></span> <span class='ocrx_word' id='word_1_693' title='bbox 3004 4457 3406 4518; x_wconf 78' lang='lat' dir='ltr'><strong>srortationent.</strong></span> <span class='ocrx_word' id='word_1_694' title='bbox 3433 4459 3612 4526; x_wconf 76' lang='lat' dir='ltr'><strong>impa-</strong></span> 
     </span>
    </p>
   </div>
   <div class='ocr_carea' id='block_1_92' title="bbox 319 4539 1920 4618">
    <p class='ocr_par' dir='ltr' id='par_1_92' title="bbox 319 4539 1907 4618">
     <span class='ocr_line' id='line_1_92' title="bbox 319 4539 1907 4618; baseline -0.006 -17"><span class='ocrx_word' id='word_1_695' title='bbox 319 4549 549 4618; x_wconf 73' lang='grc' dir='ltr'>ἀνδράσι</span> <span class='ocrx_word' id='word_1_696' title='bbox 574 4546 673 4598; x_wconf 72' lang='grc' dir='ltr'>καὶ</span> <span class='ocrx_word' id='word_1_697' title='bbox 697 4543 912 4613; x_wconf 76' lang='grc' dir='ltr'>γυναιξὶ</span> <span class='ocrx_word' id='word_1_698' title='bbox 939 4544 1121 4595; x_wconf 79' lang='grc' dir='ltr'>πίστει</span> <span class='ocrx_word' id='word_1_699' title='bbox 1139 4544 1204 4614; x_wconf 77' lang='grc' dir='ltr'><strong>τῇ</strong></span> <span class='ocrx_word' id='word_1_700' title='bbox 1232 4544 1309 4606; x_wconf 85' lang='grc' dir='ltr'><strong>εἰς</strong></span> <span class='ocrx_word' id='word_1_701' title='bbox 1332 4540 1423 4594; x_wconf 73' lang='grc' dir='ltr'>τὸν</span> <span class='ocrx_word' id='word_1_702' title='bbox 1449 4541 1650 4611; x_wconf 82' lang='grc' dir='ltr'>Κύριον</span> <span class='ocrx_word' id='word_1_703' title='bbox 1673 4539 1874 4610; x_wconf 69' lang='grc' dir='ltr'>γνησίᾳ.</span> <span class='ocrx_word' id='word_1_704' title='bbox 1893 4551 1907 4564; x_wconf 85' lang='grc'><strong><em>⁸</em></strong></span> 
     </span>
    </p>
   </div>
   <div class='ocr_carea' id='block_1_93' title="bbox 2024 4539 3606 4618">
    <p class='ocr_par' dir='ltr' id='par_1_93' title="bbox 2024 4548 3606 4617">
     <span class='ocr_line' id='line_1_93' title="bbox 2024 4548 3606 4617; baseline 0 -14"><span class='ocrx_word' id='word_1_705' title='bbox 2024 4553 2247 4616; x_wconf 87' lang='lat' dir='ltr'><strong>ritstem,</strong></span> <span class='ocrx_word' id='word_1_706' title='bbox 2282 4549 2579 4610; x_wconf 75' lang='lat' dir='ltr'><strong>mollitiem,</strong></span> <span class='ocrx_word' id='word_1_707' title='bbox 2607 4551 2948 4617; x_wconf 75' lang='lat' dir='ltr'><strong>cupiditatem</strong></span> <span class='ocrx_word' id='word_1_708' title='bbox 2975 4548 3199 4612; x_wconf 80' lang='lat' dir='ltr'><strong>malum,</strong></span> <span class='ocrx_word' id='word_1_709' title='bbox 3217 4560 3267 4602; x_wconf 90' lang='lat' dir='ltr'><strong>et</strong></span> <span class='ocrx_word' id='word_1_710' title='bbox 3290 4550 3606 4612; x_wconf 68' lang='lat' dir='ltr'><strong>auaritiam,</strong></span> 
     </span>
    </p>
   </div>
   <div class='ocr_carea' id='block_1_94' title="bbox 320 4634 1913 4710">
    <p class='ocr_par' dir='ltr' id='par_1_94' title="bbox 320 4634 1913 4710">
     <span class='ocr_line' id='line_1_94' title="bbox 320 4634 1913 4710; baseline -0.005 -14"><span class='ocrx_word' id='word_1_711' title='bbox 320 4643 407 4696; x_wconf 75' lang='grc' dir='ltr'>τοῦ</span> <span class='ocrx_word' id='word_1_712' title='bbox 446 4642 504 4694; x_wconf 69' lang='grc' dir='ltr'>δὲ</span> <span class='ocrx_word' id='word_1_713' title='bbox 548 4643 608 4694; x_wconf 80' lang='grc' dir='ltr'>ἐν</span> <span class='ocrx_word' id='word_1_714' title='bbox 642 4637 955 4710; x_wconf 79' lang='grc' dir='ltr'>ἀκαθαρσίᾳ</span> <span class='ocrx_word' id='word_1_715' title='bbox 993 4634 1124 4688; x_wconf 74' lang='grc' dir='ltr'>ὄντα</span> <span class='ocrx_word' id='word_1_716' title='bbox 1154 4639 1276 4689; x_wconf 69' lang='grc' dir='ltr'>τινὰ</span> <span class='ocrx_word' id='word_1_717' title='bbox 1312 4634 1551 4705; x_wconf 72' lang='grc' dir='ltr'>ἐγγίζειν</span> <span class='ocrx_word' id='word_1_718' title='bbox 1583 4638 1697 4699; x_wconf 77' lang='grc' dir='ltr'>τοῖς</span> <span class='ocrx_word' id='word_1_719' title='bbox 1737 4635 1913 4704; x_wconf 81' lang='grc' dir='ltr'>ἁγίοις</span> 
     </span>
    </p>
   </div>
   <div class='ocr_carea' id='block_1_95' title="bbox 319 4727 1915 4802">
    <p class='ocr_par' dir='ltr' id='par_1_95' title="bbox 319 4727 1915 4802">
     <span class='ocr_line' id='line_1_95' title="bbox 319 4727 1915 4802; baseline -0.005 -13"><span class='ocrx_word' id='word_1_720' title='bbox 319 4739 407 4789; x_wconf 75' lang='lat' dir='ltr'><strong>ni</strong></span> <span class='ocrx_word' id='word_1_721' title='bbox 444 4740 509 4789; x_wconf 78' lang='grc' dir='ltr'>ἐκ</span> <span class='ocrx_word' id='word_1_722' title='bbox 545 4735 647 4802; x_wconf 75' lang='grc' dir='ltr'>τῆς</span> <span class='ocrx_word' id='word_1_723' title='bbox 689 4733 932 4794; x_wconf 78' lang='grc' dir='ltr'>Παλαιᾶς</span> <span class='ocrx_word' id='word_1_724' title='bbox 967 4729 1242 4800; x_wconf 77' lang='grc' dir='ltr'>Διαθήκης</span> <span class='ocrx_word' id='word_1_725' title='bbox 1279 4727 1512 4799; x_wconf 75' lang='grc' dir='ltr'>φοϐερὸν</span> <span class='ocrx_word' id='word_1_726' title='bbox 1545 4728 1915 4798; x_wconf 85' lang='grc' dir='ltr'>διδασκόμεθα</span> 
     </span>
    </p>
   </div>
   <div class='ocr_carea' id='block_1_96' title="bbox 319 4815 1914 4899">
    <p class='ocr_par' dir='ltr' id='par_1_96' title="bbox 319 4815 1914 4899">
     <span class='ocr_line' id='line_1_96' title="bbox 319 4815 1914 4899; baseline -0.004 -19"><span class='ocrx_word' id='word_1_727' title='bbox 319 4833 377 4880; x_wconf 65' lang='grc' dir='ltr'>τὸ</span> <span class='ocrx_word' id='word_1_728' title='bbox 411 4831 614 4899; x_wconf 77' lang='grc' dir='ltr'>κρῖμα.</span> <span class='ocrx_word' id='word_1_729' title='bbox 652 4827 712 4879; x_wconf 82' lang='lat' dir='ltr'><strong>Ei</strong></span> <span class='ocrx_word' id='word_1_730' title='bbox 747 4825 801 4877; x_wconf 78' lang='grc' dir='ltr'>δὲ</span> <span class='ocrx_word' id='word_1_731' title='bbox 840 4826 1027 4879; x_wconf 85' lang='grc' dir='ltr'>πλεῖον</span> <span class='ocrx_word' id='word_1_732' title='bbox 1058 4823 1152 4876; x_wconf 79' lang='grc' dir='ltr'>τοῦ</span> <span class='ocrx_word' id='word_1_733' title='bbox 1189 4821 1338 4892; x_wconf 78' lang='grc' dir='ltr'>ἱεροῦ</span> <span class='ocrx_word' id='word_1_734' title='bbox 1372 4815 1498 4886; x_wconf 85' lang='grc' dir='ltr'>ὧδε,</span> <span class='ocrx_word' id='word_1_735' title='bbox 1532 4822 1914 4893; x_wconf 75' lang='grc' dir='ltr'>φοϐερώτερον</span> 
     </span>
    </p>
   </div>
   <div class='ocr_carea' id='block_1_97' title="bbox 320 4917 1914 5003">
    <p class='ocr_par' dir='ltr' id='par_1_97' title="bbox 320 4917 1914 5003">
     <span class='ocr_line' id='line_1_97' title="bbox 320 4917 1914 5003; baseline -0.009 -20"><span class='ocrx_word' id='word_1_736' title='bbox 320 4932 584 5003; x_wconf 72' lang='grc' dir='ltr'>δηλονότι.</span> <span class='ocrx_word' id='word_1_737' title='bbox 638 4925 929 4980; x_wconf 77' lang='grc' dir='ltr'>Παιδεύσει</span> <span class='ocrx_word' id='word_1_738' title='bbox 972 4923 1030 4977; x_wconf 80' lang='grc' dir='ltr'>δὲ</span> <span class='ocrx_word' id='word_1_739' title='bbox 1073 4924 1222 4991; x_wconf 79' lang='grc' dir='ltr'>ἡμᾶς</span> <span class='ocrx_word' id='word_1_740' title='bbox 1263 4922 1292 4972; x_wconf 87' lang='grc' dir='ltr'><strong>ὀ</strong></span> <span class='ocrx_word' id='word_1_741' title='bbox 1329 4919 1653 4981; x_wconf 77' lang='grc' dir='ltr'>’Δπόστολος</span> <span class='ocrx_word' id='word_1_742' title='bbox 1697 4917 1868 4972; x_wconf 71' lang='grc' dir='ltr'>εἰπών</span> <span class='ocrx_word' id='word_1_743' title='bbox 1893 4929 1914 4947; x_wconf 76' lang='grc'><strong>⁸</strong></span> 
     </span>
    </p>
   </div>
   <div class='ocr_carea' id='block_1_98' title="bbox 328 5009 1914 5082">
    <p class='ocr_par' dir='ltr' id='par_1_98' title="bbox 328 5009 1914 5082">
     <span class='ocr_line' id='line_1_98' title="bbox 328 5009 1914 5082; baseline -0.009 -3"><span class='ocrx_word' id='word_1_744' title='bbox 328 5027 390 5078; x_wconf 90' lang='lat' dir='ltr'><strong>&#39;O</strong></span> <span class='ocrx_word' id='word_1_745' title='bbox 414 5024 644 5078; x_wconf 76' lang='grc' dir='ltr'>ἐσθίων</span> <span class='ocrx_word' id='word_1_746' title='bbox 669 5019 766 5073; x_wconf 76' lang='grc' dir='ltr'><strong>καί</strong></span> <span class='ocrx_word' id='word_1_747' title='bbox 797 5019 994 5071; x_wconf 74' lang='grc' dir='ltr'>πίνων</span> <span class='ocrx_word' id='word_1_748' title='bbox 1015 5015 1278 5079; x_wconf 79' lang='grc' dir='ltr'>ἀναξίως</span> <span class='ocrx_word' id='word_1_749' title='bbox 1303 5011 1487 5082; x_wconf 81' lang='grc' dir='ltr'>κρῖμα</span> <span class='ocrx_word' id='word_1_750' title='bbox 1509 5009 1700 5076; x_wconf 82' lang='grc' dir='ltr'>ἐαυτῷ</span> <span class='ocrx_word' id='word_1_751' title='bbox 1723 5010 1914 5065; x_wconf 82' lang='grc' dir='ltr'>ἐσθίει</span> 
     </span>
    </p>
   </div>
   <div class='ocr_carea' id='block_1_99' title="bbox 321 5101 1912 5180">
    <p class='ocr_par' dir='ltr' id='par_1_99' title="bbox 321 5101 1912 5180">
     <span class='ocr_line' id='line_1_99' title="bbox 321 5101 1912 5180; baseline -0.008 -11"><span class='ocrx_word' id='word_1_752' title='bbox 321 5117 413 5171; x_wconf 77' lang='grc' dir='ltr'><strong>καί</strong></span> <span class='ocrx_word' id='word_1_753' title='bbox 441 5116 633 5170; x_wconf 65' lang='grc' dir='ltr'>κίνει.</span> <span class='ocrx_word' id='word_1_754' title='bbox 672 5113 768 5166; x_wconf 81' lang='grc' dir='ltr'>Ἐκ</span> <span class='ocrx_word' id='word_1_755' title='bbox 801 5109 934 5180; x_wconf 75' lang='grc' dir='ltr'>γοῦν</span> <span class='ocrx_word' id='word_1_756' title='bbox 963 5107 1064 5177; x_wconf 83' lang='grc' dir='ltr'>τῆς</span> <span class='ocrx_word' id='word_1_757' title='bbox 1097 5105 1439 5177; x_wconf 80' lang='grc' dir='ltr'>ἀποκρίσεως</span> <span class='ocrx_word' id='word_1_758' title='bbox 1472 5103 1674 5174; x_wconf 77' lang='grc' dir='ltr'>ταύτης</span> <span class='ocrx_word' id='word_1_759' title='bbox 1705 5101 1912 5157; x_wconf 79' lang='grc' dir='ltr'>οἴονταί</span> 
     </span>
    </p>
   </div>
   <div class='ocr_carea' id='block_1_100' title="bbox 319 5195 1915 5278">
    <p class='ocr_par' dir='ltr' id='par_1_100' title="bbox 319 5195 1915 5278">
     <span class='ocr_line' id='line_1_100' title="bbox 319 5195 1915 5278; baseline -0.011 -15"><span class='ocrx_word' id='word_1_760' title='bbox 319 5226 458 5276; x_wconf 77' lang='grc' dir='ltr'>τινες</span> <span class='ocrx_word' id='word_1_761' title='bbox 488 5208 581 5263; x_wconf 68' lang='grc' dir='ltr'>τὸν</span> <span class='ocrx_word' id='word_1_762' title='bbox 618 5209 797 5278; x_wconf 84' lang='grc' dir='ltr'>μέγαν</span> <span class='ocrx_word' id='word_1_763' title='bbox 829 5201 1118 5257; x_wconf 84' lang='grc' dir='ltr'>Βασίλειον</span> <span class='ocrx_word' id='word_1_764' title='bbox 1147 5197 1497 5268; x_wconf 70' lang='grc' dir='ltr'>ἀκαθαρσίαν</span> <span class='ocrx_word' id='word_1_765' title='bbox 1527 5195 1782 5267; x_wconf 76' lang='grc' dir='ltr'>ἡγεῖσθαι</span> <span class='ocrx_word' id='word_1_766' title='bbox 1814 5195 1915 5264; x_wconf 84' lang='grc' dir='ltr'><strong>τὴν</strong></span> 
     </span>
    </p>
   </div>
   <div class='ocr_carea' id='block_1_101' title="bbox 321 5285 1913 5370">
    <p class='ocr_par' dir='ltr' id='par_1_101' title="bbox 321 5285 1913 5370">
     <span class='ocr_line' id='line_1_101' title="bbox 321 5285 1913 5370; baseline -0.009 -18"><span class='ocrx_word' id='word_1_767' title='bbox 321 5301 409 5355; x_wconf 75' lang='grc' dir='ltr'><strong>τοῦ</strong></span> <span class='ocrx_word' id='word_1_768' title='bbox 441 5303 762 5370; x_wconf 78' lang='grc' dir='ltr'>σπέρματος</span> <span class='ocrx_word' id='word_1_769' title='bbox 791 5295 996 5367; x_wconf 68' lang='grc' dir='ltr'>ἐκροήν</span> <span class='ocrx_word' id='word_1_770' title='bbox 1024 5307 1036 5323; x_wconf 83' lang='grc'><em>’</em></span> <span class='ocrx_word' id='word_1_771' title='bbox 1071 5290 1187 5344; x_wconf 74' lang='grc' dir='ltr'>ἀλλ’</span> <span class='ocrx_word' id='word_1_772' title='bbox 1209 5291 1311 5344; x_wconf 73' lang='grc' dir='ltr'>οὐκ</span> <span class='ocrx_word' id='word_1_773' title='bbox 1341 5289 1458 5344; x_wconf 75' lang='grc' dir='ltr'>ἐστι</span> <span class='ocrx_word' id='word_1_774' title='bbox 1485 5287 1666 5342; x_wconf 78' lang='grc' dir='ltr'>τοῦτο.</span> <span class='ocrx_word' id='word_1_775' title='bbox 1697 5286 1771 5341; x_wconf 83' lang='grc' dir='ltr'>ού</span> <span class='ocrx_word' id='word_1_776' title='bbox 1804 5285 1913 5358; x_wconf 81' lang='grc' dir='ltr'><strong>γὰρ</strong></span> 
     </span>
    </p>
   </div>
   <div class='ocr_carea' id='block_1_102' title="bbox 324 5379 1916 5466">
    <p class='ocr_par' dir='ltr' id='par_1_102' title="bbox 324 5379 1916 5466">
     <span class='ocr_line' id='line_1_102' title="bbox 324 5379 1916 5466; baseline -0.009 -20"><span class='ocrx_word' id='word_1_777' title='bbox 324 5396 446 5466; x_wconf 77' lang='grc' dir='ltr'>περὶ</span> <span class='ocrx_word' id='word_1_778' title='bbox 477 5393 834 5464; x_wconf 71' lang='grc' dir='ltr'>ἀφαντὰστου</span> <span class='ocrx_word' id='word_1_779' title='bbox 868 5389 1005 5456; x_wconf 76' lang='grc' dir='ltr'>φησὶ</span> <span class='ocrx_word' id='word_1_780' title='bbox 1039 5384 1250 5456; x_wconf 78' lang='grc' dir='ltr'>ῥύσεως</span> <span class='ocrx_word' id='word_1_781' title='bbox 1270 5423 1286 5447; x_wconf 93' lang='grc'><strong>,</strong></span> <span class='ocrx_word' id='word_1_782' title='bbox 1316 5381 1433 5436; x_wconf 83' lang='grc' dir='ltr'>ἀλλ’</span> <span class='ocrx_word' id='word_1_783' title='bbox 1459 5381 1581 5436; x_wconf 79' lang='grc' dir='ltr'>οὐδὲ</span> <span class='ocrx_word' id='word_1_784' title='bbox 1614 5379 1756 5450; x_wconf 83' lang='grc' dir='ltr'><strong>μετά</strong></span> <span class='ocrx_word' id='word_1_785' title='bbox 1787 5396 1916 5447; x_wconf 78' lang='grc' dir='ltr'>φαν·</span> 
     </span>
    </p>
   </div>
   <div class='ocr_carea' id='block_1_103' title="bbox 322 5469 1925 5557">
    <p class='ocr_par' dir='ltr' id='par_1_103' title="bbox 322 5469 1925 5557">
     <span class='ocr_line' id='line_1_103' title="bbox 322 5469 1925 5557; baseline -0.009 -17"><span class='ocrx_word' id='word_1_786' title='bbox 322 5491 503 5551; x_wconf 84' lang='grc' dir='ltr'>τασίας</span> <span class='ocrx_word' id='word_1_787' title='bbox 531 5484 868 5557; x_wconf 80' lang='grc' dir='ltr'>γενομένης,</span> <span class='ocrx_word' id='word_1_788' title='bbox 898 5481 1032 5534; x_wconf 70' lang='grc' dir='ltr'>ἄνευ</span> <span class='ocrx_word' id='word_1_789' title='bbox 1063 5479 1253 5549; x_wconf 77' lang='grc' dir='ltr'>μέντοι</span> <span class='ocrx_word' id='word_1_790' title='bbox 1280 5474 1614 5547; x_wconf 79' lang='grc' dir='ltr'>ἐμπαθείας,</span> <span class='ocrx_word' id='word_1_791' title='bbox 1642 5469 1711 5545; x_wconf 78' lang='grc' dir='ltr'>ἧς</span> <span class='ocrx_word' id='word_1_792' title='bbox 1740 5473 1925 5527; x_wconf 78' lang='grc' dir='ltr'>ἐπιθυ-</span> 
     </span>
    </p>
   </div>
   <div class='ocr_carea' id='block_1_104' title="bbox 326 5565 1926 5654">
    <p class='ocr_par' dir='ltr' id='par_1_104' title="bbox 326 5565 1926 5654">
     <span class='ocr_line' id='line_1_104' title="bbox 326 5565 1926 5654; baseline -0.011 -18"><span class='ocrx_word' id='word_1_793' title='bbox 326 5581 418 5651; x_wconf 80' lang='grc' dir='ltr'><strong>μία</strong></span> <span class='ocrx_word' id='word_1_794' title='bbox 454 5583 519 5637; x_wconf 80' lang='grc' dir='ltr'>οὐ</span> <span class='ocrx_word' id='word_1_795' title='bbox 562 5580 974 5654; x_wconf 77' lang='grc' dir='ltr'>προηγήσατο’</span> <span class='ocrx_word' id='word_1_796' title='bbox 1021 5571 1054 5643; x_wconf 79' lang='grc' dir='ltr'>ἢ</span> <span class='ocrx_word' id='word_1_797' title='bbox 1099 5569 1201 5624; x_wconf 73' lang='grc' dir='ltr'>κᾶν</span> <span class='ocrx_word' id='word_1_798' title='bbox 1250 5569 1633 5641; x_wconf 82' lang='grc' dir='ltr'>προηγήσατο,</span> <span class='ocrx_word' id='word_1_799' title='bbox 1678 5565 1926 5622; x_wconf 60' lang='grc' dir='ltr'>ἀλλὀὐκ</span> 
     </span>
    </p>
   </div>
   <div class='ocr_carea' id='block_1_105' title="bbox 319 5659 1928 5747">
    <p class='ocr_par' dir='ltr' id='par_1_105' title="bbox 319 5659 1928 5747">
     <span class='ocr_line' id='line_1_105' title="bbox 319 5659 1928 5747; baseline -0.009 -20"><span class='ocrx_word' id='word_1_800' title='bbox 319 5675 602 5747; x_wconf 68' lang='grc' dir='ltr'>ινὲμεινεν,</span> <span class='ocrx_word' id='word_1_801' title='bbox 633 5670 756 5727; x_wconf 84' lang='grc' dir='ltr'>ἀλλ’</span> <span class='ocrx_word' id='word_1_802' title='bbox 783 5666 1136 5737; x_wconf 79' lang='grc' dir='ltr'>ἀπεπέμφθη</span> <span class='ocrx_word' id='word_1_803' title='bbox 1161 5659 1256 5716; x_wconf 83' lang='grc' dir='ltr'>τοῦ</span> <span class='ocrx_word' id='word_1_804' title='bbox 1286 5660 1600 5733; x_wconf 82' lang='grc' dir='ltr'>κρείττονος</span> <span class='ocrx_word' id='word_1_805' title='bbox 1629 5659 1928 5731; x_wconf 72' lang='grc' dir='ltr'>ἑπικρατή.</span> 
     </span>
    </p>
   </div>
   <div class='ocr_carea' id='block_1_106' title="bbox 403 5846 1544 5930">
    <p class='ocr_par' dir='ltr' id='par_1_106' title="bbox 403 5846 1544 5930">
     <span class='ocr_line' id='line_1_106' title="bbox 403 5846 1544 5930; baseline -0.017 -6"><span class='ocrx_word' id='word_1_806' title='bbox 403 5866 604 5924; x_wconf 76' lang='lat' dir='ltr'><strong>‘Bom.</strong></span> <span class='ocrx_word' id='word_1_807' title='bbox 640 5878 720 5930; x_wconf 76' lang='lat' dir='ltr'><strong>vi.</strong></span> <span class='ocrx_word' id='word_1_808' title='bbox 758 5859 817 5918; x_wconf 80' lang='lat'><strong>6.</strong></span> <span class='ocrx_word' id='word_1_809' title='bbox 934 5852 954 5882; x_wconf 81' lang='lat'><strong>’</strong></span> <span class='ocrx_word' id='word_1_810' title='bbox 993 5851 1209 5910; x_wconf 84' lang='lat' dir='ltr'><strong>Coloss.</strong></span> <span class='ocrx_word' id='word_1_811' title='bbox 1247 5867 1309 5909; x_wconf 85' lang='lat' dir='ltr'><strong>tu</strong></span> <span class='ocrx_word' id='word_1_812' title='bbox 1333 5893 1353 5920; x_wconf 84' lang='lat'><strong>,</strong></span> <span class='ocrx_word' id='word_1_813' title='bbox 1387 5851 1455 5918; x_wconf 81' lang='lat'><strong>5,</strong></span> <span class='ocrx_word' id='word_1_814' title='bbox 1484 5846 1544 5905; x_wconf 78' lang='grc' dir='ltr'>θ.</span> 
     </span>
    </p>
   </div>
   <div class='ocr_carea' id='block_1_107' title="bbox 1637 5843 1988 5911">
    <p class='ocr_par' dir='ltr' id='par_1_107' title="bbox 1637 5843 1988 5911">
     <span class='ocr_line' id='line_1_107' title="bbox 1637 5843 1988 5911; baseline -0.017 -8"><span class='ocrx_word' id='word_1_815' title='bbox 1637 5843 1656 5873; x_wconf 88' lang='grc'>³</span> <span class='ocrx_word' id='word_1_816' title='bbox 1691 5845 1872 5902; x_wconf 80' lang='lat' dir='ltr'><strong>Galst.</strong></span> <span class='ocrx_word' id='word_1_817' title='bbox 1913 5860 1946 5898; x_wconf 76' lang='grc' dir='ltr'><strong>τ</strong></span> <span class='ocrx_word' id='word_1_818' title='bbox 1972 5884 1988 5911; x_wconf 92' lang='grc'><strong>,</strong></span> 
     </span>
    </p>
   </div>
   <div class='ocr_carea' id='block_1_108' title="bbox 2013 4641 3614 4714">
    <p class='ocr_par' dir='ltr' id='par_1_108' title="bbox 2013 4641 3614 4714">
     <span class='ocr_line' id='line_1_108' title="bbox 2013 4641 3614 4714; baseline -0.001 -16"><span class='ocrx_word' id='word_1_819' title='bbox 2013 4660 2134 4714; x_wconf 71' lang='lat' dir='ltr'><strong>quis</strong></span> <span class='ocrx_word' id='word_1_820' title='bbox 2163 4654 2239 4700; x_wconf 82' lang='lat' dir='ltr'><strong>est</strong></span> <span class='ocrx_word' id='word_1_821' title='bbox 2261 4643 2594 4710; x_wconf 82' lang='lat' dir='ltr'><strong>idololatria,</strong></span> <span class='ocrx_word' id='word_1_822' title='bbox 2613 4641 2678 4698; x_wconf 73' lang='lat' dir='ltr'><strong>ob</strong></span> <span class='ocrx_word' id='word_1_823' title='bbox 2704 4656 2821 4714; x_wconf 71' lang='lat' dir='ltr'><strong>qua:</strong></span> <span class='ocrx_word' id='word_1_824' title='bbox 2851 4643 2985 4696; x_wconf 80' lang='lat' dir='ltr'><strong>venit</strong></span> <span class='ocrx_word' id='word_1_825' title='bbox 3021 4644 3101 4696; x_wconf 83' lang='lat' dir='ltr'><strong>ira</strong></span> <span class='ocrx_word' id='word_1_826' title='bbox 3128 4641 3226 4696; x_wconf 85' lang='lat' dir='ltr'><strong>Dei</strong></span> <span class='ocrx_word' id='word_1_827' title='bbox 3255 4658 3418 4712; x_wconf 80' lang='lat' dir='ltr'><strong>super</strong></span> <span class='ocrx_word' id='word_1_828' title='bbox 3440 4642 3614 4698; x_wconf 76' lang='lat' dir='ltr'><strong>homi-</strong></span> 
     </span>
    </p>
   </div>
   <div class='ocr_carea' id='block_1_109' title="bbox 2017 4730 3612 4806">
    <p class='ocr_par' dir='ltr' id='par_1_109' title="bbox 2017 4730 3612 4806">
     <span class='ocr_line' id='line_1_109' title="bbox 2017 4730 3612 4806; baseline -0.001 -18"><span class='ocrx_word' id='word_1_829' title='bbox 2017 4750 2104 4788; x_wconf 81' lang='lat' dir='ltr'><strong>nes</strong></span> <span class='ocrx_word' id='word_1_830' title='bbox 2149 4743 2482 4788; x_wconf 83' lang='lat' dir='ltr'><strong>contumaces</strong></span> <span class='ocrx_word' id='word_1_831' title='bbox 2523 4738 2546 4769; x_wconf 71' lang='lat'>*</span> <span class='ocrx_word' id='word_1_832' title='bbox 2595 4751 2609 4790; x_wconf 89' lang='lat'><strong>:</strong></span> <span class='ocrx_word' id='word_1_833' title='bbox 2650 4733 2780 4788; x_wconf 87' lang='lat' dir='ltr'><strong>alibi</strong></span> <span class='ocrx_word' id='word_1_834' title='bbox 2829 4742 3009 4789; x_wconf 86' lang='lat' dir='ltr'><strong>autem</strong></span> <span class='ocrx_word' id='word_1_835' title='bbox 3044 4730 3282 4805; x_wconf 81' lang='lat' dir='ltr'><strong>regulam</strong></span> <span class='ocrx_word' id='word_1_836' title='bbox 3313 4749 3612 4806; x_wconf 77' lang='lat' dir='ltr'><strong>exponens.</strong></span> 
     </span>
    </p>
   </div>
   <div class='ocr_carea' id='block_1_110' title="bbox 2018 4825 3611 4896">
    <p class='ocr_par' dir='ltr' id='par_1_110' title="bbox 2018 4825 3611 4896">
     <span class='ocr_line' id='line_1_110' title="bbox 2018 4825 3611 4896; baseline -0.001 -15"><span class='ocrx_word' id='word_1_837' title='bbox 2018 4826 2147 4881; x_wconf 86' lang='lat' dir='ltr'><strong>dum</strong></span> <span class='ocrx_word' id='word_1_838' title='bbox 2178 4827 2274 4891; x_wconf 86' lang='lat' dir='ltr'><strong>ait,</strong></span> <span class='ocrx_word' id='word_1_839' title='bbox 2316 4826 2586 4893; x_wconf 77' lang='lat' dir='ltr'><strong>Quienim</strong></span> <span class='ocrx_word' id='word_1_840' title='bbox 2617 4836 2738 4880; x_wconf 81' lang='lat' dir='ltr'><strong>sunt</strong></span> <span class='ocrx_word' id='word_1_841' title='bbox 2785 4825 3010 4891; x_wconf 81' lang='lat' dir='ltr'><strong>Christi,</strong></span> <span class='ocrx_word' id='word_1_842' title='bbox 3071 4841 3285 4880; x_wconf 85' lang='lat' dir='ltr'><strong>carnem</strong></span> <span class='ocrx_word' id='word_1_843' title='bbox 3331 4827 3611 4896; x_wconf 71' lang='lat' dir='ltr'><strong>cruciﬁxe—</strong></span> 
     </span>
    </p>
   </div>
   <div class='ocr_carea' id='block_1_111' title="bbox 2017 4918 3616 4991">
    <p class='ocr_par' dir='ltr' id='par_1_111' title="bbox 2017 4918 3616 4991">
     <span class='ocr_line' id='line_1_111' title="bbox 2017 4918 3616 4991; baseline 0.002 -19"><span class='ocrx_word' id='word_1_844' title='bbox 2017 4927 2145 4972; x_wconf 84' lang='lat' dir='ltr'><strong>runt</strong></span> <span class='ocrx_word' id='word_1_845' title='bbox 2189 4935 2310 4973; x_wconf 66' lang='lat' dir='ltr'><strong>cum</strong></span> <span class='ocrx_word' id='word_1_846' title='bbox 2377 4918 2656 4988; x_wconf 70' lang='lat' dir='ltr'><strong>aﬂ&#39;ertibus</strong></span> <span class='ocrx_word' id='word_1_847' title='bbox 2725 4927 2776 4974; x_wconf 89' lang='lat' dir='ltr'><strong>et</strong></span> <span class='ocrx_word' id='word_1_848' title='bbox 2821 4919 3204 4989; x_wconf 83' lang='lat' dir='ltr'><strong>cupiditatibus</strong></span> <span class='ocrx_word' id='word_1_849' title='bbox 3250 4919 3296 4976; x_wconf 85' lang='grc'><strong>⁸.</strong></span> <span class='ocrx_word' id='word_1_850' title='bbox 3329 4921 3443 4991; x_wconf 77' lang='lat' dir='ltr'><strong>Ego</strong></span> <span class='ocrx_word' id='word_1_851' title='bbox 3487 4937 3616 4975; x_wconf 85' lang='lat' dir='ltr'><strong>vero</strong></span> 
     </span>
    </p>
   </div>
   <div class='ocr_carea' id='block_1_112' title="bbox 2018 5009 3615 5083">
    <p class='ocr_par' dir='ltr' id='par_1_112' title="bbox 2018 5009 3615 5083">
     <span class='ocr_line' id='line_1_112' title="bbox 2018 5009 3615 5083; baseline -0.001 -18"><span class='ocrx_word' id='word_1_852' title='bbox 2018 5012 2136 5067; x_wconf 86' lang='lat' dir='ltr'><strong>scio</strong></span> <span class='ocrx_word' id='word_1_853' title='bbox 2162 5011 2450 5066; x_wconf 84' lang='lat' dir='ltr'><strong>emendata</strong></span> <span class='ocrx_word' id='word_1_854' title='bbox 2477 5010 2593 5066; x_wconf 70' lang='lat' dir='ltr'><strong>haec</strong></span> <span class='ocrx_word' id='word_1_855' title='bbox 2621 5009 2793 5067; x_wconf 80' lang='lat' dir='ltr'><strong>luisse</strong></span> <span class='ocrx_word' id='word_1_856' title='bbox 2825 5026 2920 5080; x_wconf 81' lang='lat' dir='ltr'><strong>per</strong></span> <span class='ocrx_word' id='word_1_857' title='bbox 2947 5011 3152 5067; x_wconf 83' lang='lat' dir='ltr'><strong>Christi</strong></span> <span class='ocrx_word' id='word_1_858' title='bbox 3180 5013 3415 5083; x_wconf 83' lang='lat' dir='ltr'><strong>gratiam</strong></span> <span class='ocrx_word' id='word_1_859' title='bbox 3445 5013 3499 5066; x_wconf 86' lang='lat' dir='ltr'><strong>in</strong></span> <span class='ocrx_word' id='word_1_860' title='bbox 3527 5012 3615 5064; x_wconf 81' lang='lat' dir='ltr'><strong>vi-</strong></span> 
     </span>
    </p>
   </div>
   <div class='ocr_carea' id='block_1_113' title="bbox 2023 5101 3601 5168">
    <p class='ocr_par' dir='ltr' id='par_1_113' title="bbox 2023 5101 3601 5168">
     <span class='ocr_line' id='line_1_113' title="bbox 2023 5101 3601 5168; baseline -0.002 -12"><span class='ocrx_word' id='word_1_861' title='bbox 2023 5103 2100 5159; x_wconf 90' lang='lat' dir='ltr'><strong>ris</strong></span> <span class='ocrx_word' id='word_1_862' title='bbox 2132 5111 2186 5157; x_wconf 87' lang='lat' dir='ltr'><strong>et</strong></span> <span class='ocrx_word' id='word_1_863' title='bbox 2221 5101 2557 5168; x_wconf 88' lang='lat' dir='ltr'><strong>tnulieribus,</strong></span> <span class='ocrx_word' id='word_1_864' title='bbox 2590 5102 2806 5158; x_wconf 84' lang='lat' dir='ltr'><strong>sincera</strong></span> <span class='ocrx_word' id='word_1_865' title='bbox 2834 5103 2890 5158; x_wconf 91' lang='lat' dir='ltr'><strong>in</strong></span> <span class='ocrx_word' id='word_1_866' title='bbox 2924 5103 3213 5157; x_wconf 87' lang='lat' dir='ltr'><strong>Dominum</strong></span> <span class='ocrx_word' id='word_1_867' title='bbox 3257 5101 3362 5158; x_wconf 86' lang='lat' dir='ltr'><strong>tlde</strong></span> <span class='ocrx_word' id='word_1_868' title='bbox 3391 5124 3406 5157; x_wconf 75' lang='grc' dir='ltr'>ε</span> <span class='ocrx_word' id='word_1_869' title='bbox 3438 5102 3506 5155; x_wconf 89' lang='lat' dir='ltr'><strong>de</strong></span> <span class='ocrx_word' id='word_1_870' title='bbox 3531 5116 3601 5155; x_wconf 82' lang='lat' dir='ltr'><strong>eo</strong></span> 
     </span>
    </p>
   </div>
   <div class='ocr_carea' id='block_1_114' title="bbox 2017 5194 3613 5264">
    <p class='ocr_par' dir='ltr' id='par_1_114' title="bbox 2017 5194 3613 5264">
     <span class='ocr_line' id='line_1_114' title="bbox 2017 5194 3613 5264; baseline -0.005 -14"><span class='ocrx_word' id='word_1_871' title='bbox 2017 5209 2154 5250; x_wconf 77' lang='lat' dir='ltr'><strong>vero</strong></span> <span class='ocrx_word' id='word_1_872' title='bbox 2184 5194 2276 5264; x_wconf 85' lang='lat' dir='ltr'><strong>qui</strong></span> <span class='ocrx_word' id='word_1_873' title='bbox 2325 5194 2639 5262; x_wconf 83' lang='lat' dir='ltr'><strong>impuritate</strong></span> <span class='ocrx_word' id='word_1_874' title='bbox 2666 5195 2900 5264; x_wconf 87' lang='lat' dir='ltr'><strong>pollutus</strong></span> <span class='ocrx_word' id='word_1_875' title='bbox 2933 5195 3162 5249; x_wconf 85' lang='lat' dir='ltr'><strong>accessit</strong></span> <span class='ocrx_word' id='word_1_876' title='bbox 3190 5197 3256 5246; x_wconf 87' lang='lat' dir='ltr'><strong>ad</strong></span> <span class='ocrx_word' id='word_1_877' title='bbox 3284 5202 3502 5253; x_wconf 86' lang='lat' dir='ltr'><strong>saneta,</strong></span> <span class='ocrx_word' id='word_1_878' title='bbox 3542 5205 3613 5244; x_wconf 77' lang='lat' dir='ltr'><strong>ex</strong></span> 
     </span>
    </p>
   </div>
   <div class='ocr_carea' id='block_1_115' title="bbox 2022 5281 3614 5356">
    <p class='ocr_par' dir='ltr' id='par_1_115' title="bbox 2022 5281 3614 5356">
     <span class='ocr_line' id='line_1_115' title="bbox 2022 5281 3614 5356; baseline -0.006 -13"><span class='ocrx_word' id='word_1_879' title='bbox 2022 5287 2202 5343; x_wconf 72' lang='lat' dir='ltr'><strong>Veteri</strong></span> <span class='ocrx_word' id='word_1_880' title='bbox 2229 5301 2444 5356; x_wconf 85' lang='lat' dir='ltr'><strong>quoque</strong></span> <span class='ocrx_word' id='word_1_881' title='bbox 2475 5285 2824 5342; x_wconf 81' lang='lat' dir='ltr'><strong>Testamento</strong></span> <span class='ocrx_word' id='word_1_882' title='bbox 2854 5286 3185 5341; x_wconf 86' lang='lat' dir='ltr'><strong>horrendum</strong></span> <span class='ocrx_word' id='word_1_883' title='bbox 3209 5284 3502 5338; x_wconf 79' lang='lat' dir='ltr'><strong>e-lucemur</strong></span> <span class='ocrx_word' id='word_1_884' title='bbox 3524 5281 3614 5350; x_wconf 87' lang='lat' dir='ltr'><strong>ju-</strong></span> 
     </span>
    </p>
   </div>
   <div class='ocr_carea' id='block_1_116' title="bbox 2026 5370 3613 5448">
    <p class='ocr_par' dir='ltr' id='par_1_116' title="bbox 2026 5370 3613 5448">
     <span class='ocr_line' id='line_1_116' title="bbox 2026 5370 3613 5448; baseline -0.008 -13"><span class='ocrx_word' id='word_1_885' title='bbox 2026 5381 2251 5436; x_wconf 87' lang='lat' dir='ltr'><strong>dicium.</strong></span> <span class='ocrx_word' id='word_1_886' title='bbox 2281 5378 2435 5446; x_wconf 84' lang='lat' dir='ltr'><strong>Quod</strong></span> <span class='ocrx_word' id='word_1_887' title='bbox 2474 5380 2518 5434; x_wconf 87' lang='lat' dir='ltr'><strong>si</strong></span> <span class='ocrx_word' id='word_1_888' title='bbox 2552 5379 2672 5448; x_wconf 85' lang='lat' dir='ltr'><strong>plus</strong></span> <span class='ocrx_word' id='word_1_889' title='bbox 2702 5378 2902 5447; x_wconf 86' lang='lat' dir='ltr'><strong>templo</strong></span> <span class='ocrx_word' id='word_1_890' title='bbox 2930 5378 3017 5432; x_wconf 89' lang='lat' dir='ltr'><strong>hic</strong></span> <span class='ocrx_word' id='word_1_891' title='bbox 3044 5385 3159 5440; x_wconf 90' lang='lat' dir='ltr'><strong>est,</strong></span> <span class='ocrx_word' id='word_1_892' title='bbox 3190 5389 3326 5429; x_wconf 89' lang='lat' dir='ltr'><strong>sane</strong></span> <span class='ocrx_word' id='word_1_893' title='bbox 3347 5384 3402 5428; x_wconf 90' lang='lat' dir='ltr'><strong>et</strong></span> <span class='ocrx_word' id='word_1_894' title='bbox 3421 5370 3613 5426; x_wconf 79' lang='lat' dir='ltr'><strong>formi-</strong></span> 
     </span>
    </p>
   </div>
   <div class='ocr_carea' id='block_1_117' title="bbox 2030 5463 3614 5541">
    <p class='ocr_par' dir='ltr' id='par_1_117' title="bbox 2030 5463 3614 5541">
     <span class='ocr_line' id='line_1_117' title="bbox 2030 5463 3614 5541; baseline -0.009 -11"><span class='ocrx_word' id='word_1_895' title='bbox 2030 5475 2286 5531; x_wconf 87' lang='lat' dir='ltr'><strong>dabilius.</strong></span> <span class='ocrx_word' id='word_1_896' title='bbox 2330 5472 2480 5528; x_wconf 82' lang='lat' dir='ltr'><strong>idem</strong></span> <span class='ocrx_word' id='word_1_897' title='bbox 2531 5489 2630 5529; x_wconf 86' lang='lat' dir='ltr'><strong>nos</strong></span> <span class='ocrx_word' id='word_1_898' title='bbox 2657 5474 2870 5528; x_wconf 87' lang='lat' dir='ltr'><strong>erudiet</strong></span> <span class='ocrx_word' id='word_1_899' title='bbox 2914 5469 3208 5541; x_wconf 76' lang='lat' dir='ltr'><strong>Apostolus</strong></span> <span class='ocrx_word' id='word_1_900' title='bbox 3259 5469 3474 5532; x_wconf 76' lang='lat' dir='ltr'><strong>dicens,</strong></span> <span class='ocrx_word' id='word_1_901' title='bbox 3507 5463 3614 5530; x_wconf 73' lang='lat' dir='ltr'><strong>Qui</strong></span> 
     </span>
    </p>
   </div>
   <div class='ocr_carea' id='block_1_118' title="bbox 2031 5557 3611 5634">
    <p class='ocr_par' dir='ltr' id='par_1_118' title="bbox 2031 5557 3611 5634">
     <span class='ocr_line' id='line_1_118' title="bbox 2031 5557 3611 5634; baseline -0.009 -15"><span class='ocrx_word' id='word_1_902' title='bbox 2031 5569 2319 5621; x_wconf 72' lang='lat' dir='ltr'><strong>manducet</strong></span> <span class='ocrx_word' id='word_1_903' title='bbox 2345 5575 2395 5619; x_wconf 88' lang='lat' dir='ltr'><strong>et</strong></span> <span class='ocrx_word' id='word_1_904' title='bbox 2435 5564 2571 5619; x_wconf 17' lang='lat' dir='ltr'><strong>ebibit</strong></span> <span class='ocrx_word' id='word_1_905' title='bbox 2621 5566 2854 5634; x_wconf 73' lang='lat' dir='ltr'><strong>indigne,</strong></span> <span class='ocrx_word' id='word_1_906' title='bbox 2878 5562 3141 5631; x_wconf 82' lang='lat' dir='ltr'><strong>judicium</strong></span> <span class='ocrx_word' id='word_1_907' title='bbox 3186 5561 3286 5614; x_wconf 87' lang='lat' dir='ltr'><strong>sibi</strong></span> <span class='ocrx_word' id='word_1_908' title='bbox 3329 5557 3611 5613; x_wconf 72' lang='lat' dir='ltr'><strong>manducat</strong></span> 
     </span>
    </p>
   </div>
   <div class='ocr_carea' id='block_1_119' title="bbox 2035 5640 3609 5723">
    <p class='ocr_par' dir='ltr' id='par_1_119' title="bbox 2035 5640 3609 5723">
     <span class='ocr_line' id='line_1_119' title="bbox 2035 5640 3609 5723; baseline -0.011 -10"><span class='ocrx_word' id='word_1_909' title='bbox 2035 5667 2082 5713; x_wconf 83' lang='lat' dir='ltr'><strong>et</strong></span> <span class='ocrx_word' id='word_1_910' title='bbox 2115 5658 2243 5712; x_wconf 81' lang='lat' dir='ltr'><strong>bibit</strong></span> <span class='ocrx_word' id='word_1_911' title='bbox 2295 5655 2340 5710; x_wconf 71' lang='grc'><strong>⁸.</strong></span> <span class='ocrx_word' id='word_1_912' title='bbox 2375 5655 2452 5709; x_wconf 81' lang='lat' dir='ltr'><strong>Ex</strong></span> <span class='ocrx_word' id='word_1_913' title='bbox 2487 5657 2589 5710; x_wconf 82' lang='lat' dir='ltr'><strong>hoc</strong></span> <span class='ocrx_word' id='word_1_914' title='bbox 2624 5652 2789 5723; x_wconf 70' lang='lat' dir='ltr'><strong>igitur</strong></span> <span class='ocrx_word' id='word_1_915' title='bbox 2842 5667 3103 5722; x_wconf 79' lang='lat' dir='ltr'><strong>responso</strong></span> <span class='ocrx_word' id='word_1_916' title='bbox 3136 5650 3360 5720; x_wconf 84' lang='lat' dir='ltr'><strong>quidam</strong></span> <span class='ocrx_word' id='word_1_917' title='bbox 3407 5640 3609 5715; x_wconf 78' lang='lat' dir='ltr'><strong>opinati</strong></span> 
     </span>
    </p>
   </div>
   <div class='ocr_carea' id='block_1_120' title="bbox 2017 5834 2668 5930">
    <p class='ocr_par' dir='ltr' id='par_1_120' title="bbox 2017 5834 2668 5930">
     <span class='ocr_line' id='line_1_120' title="bbox 2017 5834 2668 5930; baseline -0.02 -30"><span class='ocrx_word' id='word_1_918' title='bbox 2017 5843 2110 5930; x_wconf 51' lang='grc' dir='ltr'>τι.</span> <span class='ocrx_word' id='word_1_919' title='bbox 2186 5841 2260 5897; x_wconf 70' lang='lat' dir='ltr'><strong>‘l</strong></span> <span class='ocrx_word' id='word_1_920' title='bbox 2298 5838 2427 5895; x_wconf 86' lang='lat' dir='ltr'><strong>Cor.</strong></span> <span class='ocrx_word' id='word_1_921' title='bbox 2460 5834 2668 5911; x_wconf 62' lang='lat'><strong>“.37.</strong></span> 
     </span>
    </p>
   </div>
  </div>
