4066 6282
488 370 602 442 568

1754 379 2033 442 THEOD.
2073 380 2471 441 BALSAMON

3640 380 3724 445 564

484 499 617 545 Cttm
666 489 739 544 illi
787 492 840 546 in
899 504 1161 546 canonem
1217 489 1419 546 redacti
1475 492 1605 556 sint,
1656 489 1713 545 hi
1783 490 2053 561 legantur,

2170 509 2281 561 ρων
2309 490 2790 562 ἀναγινώσκεσθαι
2828 494 2941 557 τοῖς
2974 494 3108 563 ἄρτι
3155 494 3611 563 προσερχομένας
3647 504 3725 551 rat

491 598 755 651 nusquam
788 584 1224 654 apocrypltorum
1258 584 1461 638 mentio
1497 584 1728 639 habetur
1757 583 1870 656 (92)
1898 601 1913 651 ;
1968 584 2062 639 sed

492 676 529 732 ii
587 690 712 732 sunt
778 679 1158 732 haereticorum
1210 688 1597 745 commentum,
1654 678 1743 747 qui
1797 678 2059 732 arbitratu

494 785 595 822 suo
623 769 786 823 libros
804 771 1178 835 conscribunt,
1219 771 1420 840 quibus
1464 772 1750 839 assignant
1793 779 2059 839 tempora,

493 870 636 914 utra
666 877 829 929 quam
866 862 997 928 ipsis
1043 863 1320 917 ascribunt
1360 862 1701 927 antiquitatis
1734 862 1935 931 specie,
1972 875 2063 912 oc-

486 954 759 1008 casionem
790 962 1007 1025 captent
1028 954 1383 1024 simpliciores
1418 951 1663 1007 fallendi.

2173 586 2519 656 βουλομένοις
2583 585 2940 657 κατηχεῖσθαι
3002 588 3094 640 τὸν
3159 588 3259 657 τῆς
3318 588 3599 649 εὐσεϐείας
3655 589 3725 644 λό-

2169 696 2265 747 γον
2296 696 2313 711 ·
2385 678 2552 746 Σοφία
2606 679 2978 748 Σολομῶντος,
3037 679 3133 732 καὶ
3179 681 3352 749 Σοφία
3404 682 3596 751 Σιράχ,
3647 688 3724 738 καί

2183 770 2403 839 Ἐσθὴρ,
2435 772 2533 825 xui.
2569 771 2780 838 Ἰουδὶθ,
2814 773 2908 827 καὶ
2935 770 3155 836 Τοϐἱας,
3193 773 3286 827 καὶ
3316 772 3513 842 Διδαχὴ
3541 777 3721 829 κιλουι

2178 862 2316 933 μένη
2375 864 2483 917 τῶν
2536 864 2873 928 ἀποστόλων,
2930 866 3025 919 καὶ
3071 867 3099 918 ό
3146 866 3380 936 Ποιμήν.
3424 868 3535 920 Καὶ
3571 868 3725 934 ὅμως,

2169 956 2480 1025 ἀγαπητοὶ,
2536 956 2805 1009 κάκείνων
2876 956 3311 1027 κανονιζομένων
3376 961 3466 1013 καὶ
3537 958 3727 1012 τούτων

2175 1050 2727 1118 ἀναγινωσκομένων,
2748 1049 2986 1121 οὐδαμοῦ
3015 1051 3123 1105 τῶν
3154 1052 3493 1123 ἀποκρύφων
3529 1056 3725 1123 μνήμη·

484 1142 621 1199 ἀλλὰ
650 1146 940 1216 αίρετικῶν
978 1148 1125 1199 ἐστιν
1168 1144 1413 1212 ἐπίνοια,
1475 1144 1793 1214 γραφόντων
1845 1140 1945 1210 μὲν
2006 1140 2091 1193 ὅτε
2152 1140 2396 1195 θέλουσιν
2457 1143 2629 1207 αὐτὰ,
2674 1145 3048 1213 χαριζομένων
3093 1144 3149 1197 δὲ
3201 1145 3294 1198 καὶ⁵
3344 1145 3727 1213 προστιθέντων

484 1238 667 1296 αὐτοῖς
705 1240 895 1307 χρόνου
911 1257 953 1303 ς,
993 1239 1081 1303 ἵν’,
1110 1237 1182 1300 ὡς
1215 1236 1419 1290 παλαιὰ
1445 1238 1831 1307 προφέροντες,
1865 1234 2135 1302 πρόφασιν
2162 1232 2356 1302 ἔχωσιν
2389 1235 2607 1305 ἁπατᾷν
2637 1238 2701 1288 ὲκ
2731 1237 2919 1290 τούτου
2950 1238 3073 1300 τοὺς
3101 1240 3409 1309 ἀκεραίους.

557 1329 753 1383 BALS.
810 1328 1121 1382 Postremus
1155 1341 1327 1380 canon
1388 1326 1722 1393 apostolicus
1772 1330 2059 1379 enumerat

486 1423 654 1475 libros
684 1420 777 1488 qui
816 1420 917 1487 legi
950 1418 1171 1483 debent,
1211 1428 1264 1470 et
1323 1417 1555 1472 Veteris
1587 1415 1945 1477 Testatnenti,
2006 1423 2054 1467 et

486 1512 644 1568 Novi.
681 1510 783 1567 ilic
828 1520 1006 1565 autem
1054 1520 1298 1573 sanctus,
1330 1525 1451 1564 cum
1494 1507 1801 1562 rescirisset
1852 1507 1933 1577 (ut
1980 1514 2062 1560 est

496 1604 815 1669 verisimile)
858 1604 998 1675 quod
1054 1603 1319 1668 nonnulli,
1353 1602 1595 1655 volentes
1633 1614 1750 1664 eos,
1804 1601 1895 1669 qui
1939 1609 2064 1651 sunt

491 1698 546 1750 in
572 1696 776 1767 pietate
815 1712 877 1750 ac
911 1696 1172 1767 religione
1206 1694 1398 1764 integri
1429 1692 1647 1765 (quibus
1686 1691 1893 1746 scilicet
1927 1690 2058 1744 nihil

487 1790 689 1854 deﬁcit,
710 1804 807 1845 nec
832 1790 957 1859 quid
991 1790 1188 1843 habent
1212 1786 1594 1857 compositum,
1614 1785 1700 1841 vel
1728 1794 2058 1850 contortum,

488 1883 585 1936 sed
640 1892 768 1937 sunt
815 1882 1112 1952 simplices)
1163 1884 1444 1945 seducere,
1498 1880 1683 1935 dicunt
1725 1893 1875 1934 cssse
1924 1877 2062 1933 alios

487 1978 753 2043 quosdam
824 1975 1011 2042 libros,
1083 1975 1177 2046 qtti
1226 1973 1440 2043 quidem
1489 1981 1624 2028 sunt
1682 1986 2057 2039 perversurum

2241 1325 2434 1381 ΒΛΛΣ.
2487 1324 2548 1379 Ὀ
2589 1327 2897 1391 τελευταῖος
2928 1328 3285 1393 ἀποστολικδς
3321 1331 3502 1385 κανὼν
3540 1332 3731 1401 ἀπαρι-

2169 1416 2386 1485 θμεῖται
2428 1420 2500 1472 τά
2543 1419 2832 1488 ὀφείλοντα
2887 1422 3361 1489 ἀναγινώσκεσθαι
3408 1425 3590 1495 βιϐλία
3640 1429 3729 1493 τῆς

2168 1510 2413 1573 Παλαιᾶς
2447 1510 2724 1580 Διαθήκης
2758 1512 2853 1565 καὶ
2907 1512 3007 1582 τῆς
3053 1514 3220 1577 Νέας.
3283 1516 3550 1570 Ἐνταῦθα
3606 1518 3659 1570 δὲ
3708 1520 3733 1570 ό

2170 1603 2348 1670 ἅγιος,
2378 1603 2451 1667 ὡς
2486 1604 2659 1669 ἔοικε,
2692 1604 2880 1671 μαθὼν
2929 1606 3014 1661 ὅτι
3059 1608 3207 1671 τινες
3239 1609 3491 1671 θέλοντες
3526 1611 3732 1681 ἀπατᾷ-ι

2171 1698 2297 1759 τοὺς
2323 1697 2622 1766 ἀκεραίους
2647 1700 2792 1752 κατὰ
2815 1699 2913 1768 τὴν
2952 1700 3264 1762 εὐσέϐειαν,
3296 1701 3465 1770 ἧγουν
3493 1704 3621 1764 τοὺς
3668 1703 3734 1771 μὴ

2168 1787 2392 1859 ἔχοντας
2441 1789 2657 1852 ἐλλιπές
2702 1807 2753 1842 τι
2803 1788 2835 1859 ἦ
2894 1792 3271 1845 σύνθετον-καὶ
3315 1791 3555 1854 σκολιὸν,
3608 1793 3737 1845 ἀλλὰ

2166 1882 2326 1945 ὄντας
2359 1880 2586 1946 ἁπλοῦς,
2625 1882 2875 1951 λέγουσιν
2905 1878 3045 1937 εἶναι
3076 1884 3172 1938 καὶ
3198 1882 3364 1953 ἰτερά
3389 1902 3515 1937 τινα
3540 1882 3739 1953 βιϐλία,

2164 1974 2614 2044 διεστραμμένων
2669 1975 2769 2045 μὲν
2812 1975 2945 2028 ὄντα
2989 1974 3298 2044 δογμάτων,
3341 1975 3641 2044 ἀπόκρυφα
3686 1976 3740 2029 δὲ

486 2065 827 2134 dugtnatum,
849 2075 901 2121 et
930 2067 1183 2120 dicuntur
1210 2063 1515 2135 apocrypha
1540 2078 1555 2129 ;
1589 2062 1808 2131 scripsit
1842 2071 1898 2117 et
1924 2062 2062 2143 ipse,

2167 2066 2455 2135 λεγόμενα,
2502 2068 2709 2139 ἔγραψε
2739 2067 2799 2121 δὲ
2837 2068 2999 2131 αὐτὸς
3029 2069 3099 2122 τά
3133 2069 3418 2138 ὀφείλοντα
3469 2070 3746 2135 ἀναγινώ-

488 2160 653 2214 libros
696 2175 830 2230 quos
879 2159 983 2230 legi
1013 2168 1293 2230 oporteat.
1316 2156 1395 2211 Ne
1421 2154 1636 2211 mireris
1668 2165 1870 2219 autent,
1903 2153 1948 2209 si
1980 2154 2081 2209 in-i

487 2252 705 2308 veneris
735 2267 996 2307 cauonem
1029 2251 1409 2322 apostolicum,
1440 2250 1531 2320 qui
1579 2250 1715 2304 alios
1743 2261 1957 2319 quoque
1992 2247 2060 2301 li-

484 2347 618 2400 bros
642 2355 967 2400 enumerat:
1006 2342 1104 2399 sed
1149 2344 1266 2414 lege
1300 2357 1421 2415 qua:
1466 2343 1521 2398 in
1564 2341 1712 2399 dicto
1762 2342 2063 2413 apostolico

486 2451 699 2491 canone
732 2437 932 2507 scripta
970 2447 1117 2492 sunt.

558 2526 809 2586 ZONAB.
843 2529 943 2584 Hic
965 2529 1536 2600 tttagnus-Athanasius
1564 2528 1774 2584 Veteris
1793 2527 2064 2597 Novaeque

490 2622 787 2693 Scriptum
823 2624 990 2680 libros
1027 2634 1333 2688 enumerat,
1366 2624 1455 2694 qui
1483 2640 1511 2679 a
1555 2624 1804 2679 ﬁdelibus
1835 2621 1936 2693 legi
1970 2623 2064 2676 de-

488 2715 661 2783 bent;
693 2728 760 2769 ne
790 2716 883 2785 qui
922 2716 1127 2784 decepti
1161 2716 1326 2770 libros
1377 2716 1715 2787 apocryphos
1768 2714 1943 2770 dictos
1980 2714 2058 2770 le-

488 2821 641 2879 gant,
673 2815 766 2881 qui
791 2830 896 2870 non
930 2822 1078 2869 recte
1112 2830 1169 2870 se
1200 2812 1423 2878 habent,
1450 2819 1505 2868 et
1528 2811 1798 2882 ἀκέραιοι,
1826 2811 1927 2866 hoc
1956 2821 2058 2878 est,

488 2905 766 2975 simplices
794 2916 849 2959 et
878 2906 1104 2979 decepta
1136 2905 1319 2962 faciles
1345 2902 1541 2959 exinde
1570 2902 1915 2960 incommodo
1946 2904 2063 2960 ali!-

483 3000 731 3055 eiuntur.
768 2998 874 3055 Eos
920 3009 1098 3055 autent
1143 3006 1199 3056 et
1241 3013 1414 3054 canon
1467 2996 1540 3054 85
1560 2996 1661 3054 SS.
1694 2999 2060 3070 apostolorum

486 3101 645 3147 antea
681 3092 974 3147 recensuit.
1012 3090 1110 3147 llic
1141 3100 1319 3147 autem
1346 3093 1524 3159 Pater,
1560 3104 1821 3163 quantum
1860 3093 1932 3147 ad
1960 3106 2060 3146 nu-
2098 3094 2103 3100 ’

488 3201 697 3243 uerum
723 3201 909 3241 eorum
933 3198 1163 3257 spectat,
1204 3188 1391 3243 ultimo
1427 3188 1511 3242 isti
1546 3187 1842 3258 apostolico
1865 3187 2058 3243 canoni

486 3281 542 3333 in
569 3279 826 3334 omnibus
861 3296 964 3334 non
1000 3282 1275 3337 convenit.
1307 3279 1549 3351 Apostoli
1582 3281 1725 3335 enim
1774 3280 1971 3336 Esther
2003 3289 2061 3335 et

491 3370 833 3442 Sapientiam
865 3371 1060 3427 Sirach
1096 3383 1151 3427 et
1187 3372 1356 3429 libros
1396 3373 1819 3428 Maccabaorum
1850 3387 2061 3429 connu-

2166 2160 2393 2214 exscreat
2452 2160 2657 2233 βιϐλία.
2712 2159 2805 2233 Μὴ
2863 2160 3153 2233 θαυμάσῃς
3216 2160 3274 2214 δι
3322 2161 3601 2231 εὑρίσκων
3656 2164 3747 2215 τὸν

2162 2253 2523 2309 ἀποστολικδν
2551 2254 2753 2308 κανόνα
2783 2254 2879 2307 καὶ⁹
2908 2255 3116 2321 ἐτέρων
3147 2252 3369 2322 βιϐλίων
3419 2255 3747 2324 implet”)-

2166 2361 2252 2397 σιν
2292 2346 2652 2413 ποιούμενον·
2685 2343 2824 2399 ἀλλά
2871 2345 3148 2412 ἀνάγνωθι
3190 2344 3262 2398 τά
3305 2346 3366 2399 ιν
3412 2344 3495 2417 τῷ
3525 2344 3747 2416 ῥηθέντι

2164 2437 2508 2505 ἀποστολικῷ
2540 2437 2731 2492 κανόνι
2760 2437 3067 2507 γραφόντασ.
3785 2507 3788 2509 λ

2239 2529 2484 2585 ΖΩΝΔΡ.
2513 2528 2783 2584 Ἐνταῦθα
2808 2529 2885 2599 (α)
2910 2531 2939 2583 ό
2973 2530 3148 2601 μέγας
3162 2529 3485 2593 ’Δθανάσιος
3514 2532 3754 2597 ἀπαρίθ-

2169 2639 2340 2695 μησιν
2367 2625 2605 2679 ποιεῖται
2623 2622 2735 2677 τῶν
2770 2623 2993 2694 βιϐλίων
3012 2624 3112 2694 τῆς
3136 2641 3196 2677 τε
3230 2624 3481 2690 Παλαιάς
3524 2627 3754 2697 Γραφῆς

2165 2718 2259 2771 καὶ
2289 2716 2390 2784 τῆς
2420 2716 2563 2780 Νέας
2599 2714 2707 2769 τῶν
2732 2715 3058 2785 δςρειλόντων
3087 2718 3575 2787 ἀναγινώσκεσθαι
3604 2718 3758 2788 παρά

2164 2811 2274 2865 τῶν
2326 2810 2571 2865 πιστῶν·
2605 2810 2697 2864 ίνα
2758 2812 2833 2883 μή
2888 2828 3037 2877 τινες
3071 2811 3418 2882 πλανώμενοι
3468 2813 3755 2883 ἀναγινώ-

2166 2920 2341 2959 σκωσι
2375 2905 2472 2958 καὶ
2513 2905 2615 2970 τὰς
2648 2905 2951 2976 λεγομένας
2996 2905 3359 2975 ἀποκρύφους
3412 2904 3670 2975 βίϐλους,
3702 2905 3760 2959 αἶ

2161 2998 2263 3054 οὐκ
2316 2997 2493 3069 ὀρθῶς
2519 2998 2723 3071 ἔχουσι,
2747 2999 2843 3053 καὶ
2871 2996 3124 3052 ἐντεῦθεν
3145 2997 3482 3071 βλάπτονται
3502 2999 3758 3069 ἀκέραιοι

2162 3096 2313 3158 ὅντες
2355 3094 2477 3167 ἦτοι
2518 3093 2789 3150 ἀπλαστοι
2833 3091 2931 3148 καὶ
2975 3092 3395 3161 εὐεξαπάτητοι.
3448 3091 3654 3147 Ταῦτα
3705 3092 3763 3146 δι

2165 3190 2259 3247 καὶ
2299 3192 2329 3244 ό
2363 3188 2447 3243 ιη’
2493 3190 2677 3244 κανὼν
2710 3189 2818 3245 τῶν
2852 3188 3027 3260 ἀγίων
3055 3188 3374 3243 ἀποστόλων
3404 3189 3523 3260 προ
3564 3189 3763 3243 τούτου

2164 3284 2475 3356 ἀπαριθμεῖ
2498 3300 2513 3315 ·
2544 3283 2647 3336 οὐκ
2678 3284 2736 3337 ὲν
2762 3284 2897 3338 πᾶσι
2930 3282 2987 3336 δι
3032 3282 3061 3335 ό
3099 3280 3291 3353 Πατὴρ
3325 3273 3494 3347 οὗτος
3527 3297 3765 3352 συμφω-

2165 3378 2249 3429 vei
2276 3372 2352 3445 τῷ
2383 3370 2728 3443 ἀποστολικῷ
2768 3370 3063 3441 τελευταίῳ
3105 3373 3291 3427 κανόνι
3336 3373 3395 3424 ἐν
3437 3374 3515 3442 τῇ
3554 3376 3769 3443 ἀπαρι-

485 3476 768 3521 taerarunt
809 3467 943 3522 :hic
986 3478 1165 3523 autem
1221 3482 1318 3523 eos
1372 3467 1737 3537 prattermisit.
1792 3466 1851 3523 In
1899 3465 2061 3520 Novae

2167 3468 2391 3539 θμήσει.
2442 3467 2506 3521 Oi
2536 3468 2638 3539 μὲν
2670 3467 2778 3537 γάρ
2807 3466 3099 3522 ἀπόστολοι
3130 3467 3225 3519 καὶ
3253 3465 3353 3535 τὴν
3396 3464 3624 3537 Ἐσθὴρ
3662 3468 3778 3520 ἀπ-

483 3558 650 3612 etiam
688 3557 1178 3627 Seriptnrzelibris,
1210 3560 1377 3614 divini
1407 3558 1628 3630 quidem
1662 3558 1895 3629 apostoli
1924 3572 2058 3612 con-

2167 3561 2571 3631 ηριθμήσαντο,
2605 3558 2814 3629 καὶμὴν
2848 3557 3049 3626 Σοφίαν
3071 3556 3263 3629 Σιράχ,
3288 3557 3382 3611 καὶ
3411 3558 3494 3611 τὰ
3528 3559 3777 3611 Μακκα-

485 3650 796 3707 stitutioues
849 3666 978 3707 suas
1004 3668 1030 3704 a
1063 3650 1343 3708 Clemente
1389 3652 1732 3720 conscriptas
1768 3665 2061 3705 enumera-

2167 3653 2332 3709 σαῖκά
2352 3669 2368 3685 ο
2402 3648 2555 3715 οὗτος
2580 3651 2635 3705 δὲ
2666 3651 3034 3721 παραλέλοιπε
3063 3648 3264 3705 ταῦτα.
3302 3650 3393 3703 Ἐν
3419 3647 3487 3704 δὲ
3515 3653 3653 3714 ταῖς
3670 3668 3703 3700 τ
3711 3651 3779 3715 ἧς

491 3755 614 3799 runt
649 3761 663 3799 :
703 3744 790 3800 hic
821 3756 1003 3799 autem
1026 3758 1120 3799 eas
1146 3743 1349 3799 omisit.
1395 3742 1615 3798 Addidit
1644 3746 1771 3798 vero
1801 3741 2059 3813 Tlteologi

2167 3746 2306 3809 Νέας
2336 3744 2555 3815 Γραφῆς
2584 3741 2810 3813 βίϐλοις,
2835 3743 2884 3795 oi
2916 3742 3014 3810 μὲν
3044 3740 3176 3794 θεῖοι
3210 3740 3519 3795 ἀπόστολοι
3548 3741 3654 3794 καὶ
3675 3741 3782 3802 τὰς

492 3837 889 3907 Apocalypsim.
927 3836 1055 3892 Post
1092 3836 1258 3893 libros
1299 3846 1477 3891 autem
1537 3845 1908 3902 enumeratos,
1960 3838 2059 3903 ait,

2167 3840 2250 3894 διὰ
2280 3837 2374 3891 τοῦ
2418 3837 2735 3907 Κλήμεντος
2764 3833 3181 3903 συγγραφείσας
3232 3832 3516 3902 διαταγὰς
3590 3834 3787 3885 αὐτῶν

488 3931 628 3999 quod
657 3930 750 3985 alii
780 3930 888 3983 sint
916 3940 1110 3999 praeter
1135 3944 1229 3985 eos
1258 3929 1404 3998 libri,
1451 3929 1506 3985 in
1541 3943 1805 3985 canonem
1840 3930 2059 3999 quidem

2167 3928 2595 4003 ἀπηρίθμησαν·
2630 3921 2785 3992 οὗτος
2828 3924 2887 3981 δὲ
2931 3924 3137 3989 ταύτας
3192 3924 3289 3995 μὶν
3331 3926 3744 3995 παραλέλοιπε
3770 3941 3784 3953 ’

493 4038 597 4075 non
631 4022 812 4086 relati,
843 4022 1057 4091 legendi
1104 4031 1322 4088 tamen;
1358 4035 1495 4091 quos
1522 4020 1655 4076 dicit
1681 4035 1802 4076 esse
1831 4019 2062 4091 Sapien-

2167 4022 2461 4095 προσέθετο
2504 4021 2561 4074 δὲ
2599 4020 2699 4090 τὴν
2739 4017 3107 4086 ’ἀποκάλυψιν
3131 4016 3226 4071 τοῦ
3264 4017 3587 4088 Θεολόγου.
3626 4020 3793 4075 Mati

2160 4116 2218 4170 δέ
2250 4131 2314 4184 γε
2343 4114 2447 4184 τὴν
2474 4112 2880 4182 ἀπαρίθμησιν,
2925 4112 3113 4182 φησὶν,
3144 4110 3229 4163 ὃτι
3266 4108 3425 4163 ἐστιν
3477 4112 3669 4184 ἕτερα
3707 4114 3795 4182 βι.

2162 4206 2288 4261 ϐλία
2318 4206 2524 4260 τούτων
2552 4201 2775 4269 ἔξωθεν,
2800 4201 2863 4255 οὐ
2892 4200 3288 4271 κανονιζόμενα
3319 4200 3458 4270 μὲν,
3496 4205 3798 4273 ἀναγινω·

2164 4300 2402 4371 σκόμενα
2432 4296 2512 4359 δὶ,
2561 4294 2726 4349 άτινα
2773 4293 2924 4362 λέγει
2970 4287 3111 4348 εἶναι
3164 4294 3266 4363 τὴν
3298 4296 3523 4362 σοφίαν
3581 4297 3791 4365 Σιράχ.

2175 4391 2399 4459 Ἐσθὴρ,
2441 4387 2666 4458 Ἰουδὴθ,
2696 4387 2790 4440 καὶ
2823 4384 3043 4457 Τωϐὴτ,
3073 4387 3171 4440 καὶ
3211 4385 3451 4459 διδαχὴν
3492 4388 3802 4456 καλουμὲο

2162 4501 2261 4552 νην
2287 4482 2394 4535 τῶν
2425 4480 2739 4534 ἀποστόλων
2773 4478 3027 4550 λέγουσιν
3055 4475 3196 4533 εἶναι
3223 4479 3319 4542 τὰς
3359 4480 3471 4534 διὰ
3497 4481 3608 4534 τοῦ
3640 4483 3801 4550 Κλή-

488 4583 606 4636 ptas
649 4570 717 4624 ab
759 4572 1055 4628 haereticis.
1103 4574 1203 4637 Qui
1260 4581 1441 4627 autem
1500 4573 1820 4643 apocryphi,
1857 4574 2056 4643 inquit,

2167 4594 2357 4647 μεντος
2385 4573 2803 4645 συγγραφείσας
2846 4574 2955 4626 τῶν
2989 4571 3307 4627 ἀποστόλων
3336 4572 3694 4641 διατάξεις,
3733 4576 3802 4638 ἃς

482 4673 747 4717 vocantur
777 4664 924 4731 libri,
955 4680 1134 4735 neque
1178 4666 1318 4719 inter
1344 4678 1462 4729 eos,
1492 4664 1584 4734 qui
1619 4676 1775 4719 extra
1820 4667 1953 4719 istos
1981 4664 2059 4719 leo

2167 4672 2483 4742 ήλεγομένη
2508 4670 2642 4737 ἕκτη
2672 4666 2891 4729 σύνοδος
2925 4665 3419 4735 ἀναγινώσκεσθαι
3444 4670 3520 4719 οὐ
3568 4685 3802 4736 συγχωσ

483 4756 643 4826 gendi
677 4759 1105 4823 constituuntur,
1151 4758 1244 4827 qui
1282 4757 1490 4812 scilicet
1528 4758 1584 4811 in
1629 4771 1898 4812 canonem
1946 4771 2056 4811 non

2167 4761 2359 4836 ρεί,ὡς
2382 4759 2729 4821 νοθευθείσας
2756 4759 2849 4811 καὶ
2876 4757 3176 4829 φθαρείσας
3206 4757 3311 4810 ὑπὸ
3328 4759 3714 4830 αἱρετικῶν.
3741 4762 3805 4814 Αἱ

485 4847 815 4903 referuntur.
848 4849 1156 4905 CattOnicos
1179 4860 1357 4905 autem
1387 4851 1501 4905 sive
1533 4851 1584 4903 in
1615 4863 1880 4904 canonem
1914 4850 2057 4905 rela-

2167 4856 2219 4909 δὲ
2268 4853 2627 4923 καλούμεναι,
2682 4852 2870 4922 φησὶν,
2908 4850 3219 4923 ἀπόκρυφοι
3267 4850 3497 4921 βίϐλοι,
3572 4856 3715 4908 οὔτε
3750 4858 3808 4909 ἐν

487 4951 570 4995 tos
592 4940 762 4995 libros
795 4952 1015 4996 sanctus
1044 4943 1356 4997 denominat
1388 4957 1450 4998 ex
1488 4936 1696 4997 canone
1712 4943 1827 4998 sive
1850 4942 2057 5014 regula,

2167 4950 2282 5011 ταῖς
2310 4944 2798 5016 ἀπηριθμημέναις
2838 4942 3041 5012 βίϐλοις
3097 4941 3508 5013 εὑρίσκονται,
3574 4946 3716 5001 οὔτε
3750 4952 3810 5003 ὲν

483 5037 625 5100 quod
654 5036 856 5105 lignum
888 5045 992 5100 est,
1026 5050 1132 5104 quo
1165 5024 1401 5092 artiﬁces
1430 5044 1656 5091 utuntur
1692 5038 1759 5091 ad
1786 5035 2056 5107 lignorum

2167 5041 2373 5103 τούτοις
2393 5038 2548 5101 ἑκτδς
2574 5036 2799 5091 ἐκείνων
2831 5037 3190 5105 τεταγμένοις
3233 5035 3809 5105 ἀναγινώσκεσθαι,

484 5138 582 5181 aut
615 5128 854 5197 lapidum
891 5128 1292 5184 rectitudinem.
1331 5127 1594 5199 Regulam
1623 5130 1772 5184 enim
1803 5129 1891 5197 iis,
1938 5143 2059 5199 qua

2167 5133 2364 5205 δηλαδὴ
2413 5134 2525 5194 τοῖς
2547 5131 2944 5192 ἀκανονίστοις.
3000 5130 3485 5200 Κεκανονισμένα
3515 5133 3584 5189 δὲ
3616 5135 3812 5206 βιϐλία

483 5230 803 5289 operantur,
839 5230 1198 5288 opponentes,
1235 5234 1331 5290 per
1356 5236 1473 5275 eam
1507 5221 1554 5275 si
1582 5236 1720 5290 quas
1772 5221 2057 5277 inveniunt

2167 5228 2270 5300 ἔφη
2314 5230 2343 5282 ὁ
2373 5227 2527 5295 ἅγιος
2556 5224 2623 5277 ὲκ
2650 5222 2747 5277 τοῦ
2780 5222 3025 5288 κανόνος,
3056 5224 3084 5277 ὃ
3109 5227 3226 5277 ἐστι
3252 5222 3441 5289 ξύλον
3464 5222 3518 5296 ᾧ
3557 5230 3814 5300 κέχρην-

486 5315 537 5365 in
572 5314 690 5368 istis
728 5313 1097 5383 obliquitates,
1133 5312 1505 5368 imminentias
1542 5322 1599 5369 et
1646 5312 2057 5383 prominentias,

2167 5336 2252 5372 ται
2281 5318 2331 5371 oi
2359 5318 2602 5387 τεχνῖται
2637 5316 2719 5379 είς
2745 5312 2919 5382 ξύλων
2947 5315 2981 5385 ἢ
3011 5314 3177 5368 λίθων
3205 5313 3531 5389 εὐθύτητα
3554 5338 3574 5353 ο
3623 5340 3816 5391 παρα-

486 5406 555 5459 ad
582 5406 959 5460 rectitudinetn
995 5407 1258 5459 abradunt
1315 5413 1369 5459 et
1422 5405 1501 5459 sic
1550 5418 1687 5474 opus
1738 5404 2060 5461 rectilieant.

2167 5408 2410 5472 τεθέντες
2452 5405 2563 5479 γάρ
2591 5408 2683 5461 τὸν
2711 5406 3058 5469 κανόναντοτς
3118 5405 3248 5474 παρ’
3280 5405 3515 5461 αὐτῶν
3554 5412 3814 5482 ἐργαζο-

486 5494 599 5551 lloc
630 5496 818 5567 itaque
847 5496 901 5550 itt
928 5496 1050 5552 istis
1082 5495 1235 5551 libris
1269 5494 1407 5550 ratio
1431 5505 1686 5566 tanquam
1720 5497 1901 5566 regula
1924 5495 2058 5553 elle-

2167 5500 2368 5569 μένοις,
2417 5499 2487 5554 δι’
2522 5496 2690 5553 αὐτοῦ
2741 5497 2795 5550 εἴ
2844 5513 2996 5559 τινας
3052 5495 3439 5565 εὑρίσκουσιν
3504 5502 3575 5556 ὲν
3615 5504 3813 5569 αὐτοῖς

488 5590 583 5653 cit,
604 5587 738 5641 illos
767 5588 1101 5658 distinguens
1136 5587 1202 5641 ab
1246 5586 1386 5653 isris,
1422 5588 1513 5656 qui
1548 5602 1653 5641 non
1695 5599 1843 5642 recte
1868 5603 1926 5643 se
1956 5588 2057 5642 ha-

2167 5592 2456 5661 λοξότητας
2513 5590 2730 5660 εἰσοχάς
2778 5606 2839 5644 τε
2877 5581 2999 5643 ⁵καὶ
3044 5586 3255 5657 εξοχάς,
3326 5591 3427 5654 είς
3504 5596 3814 5663 εὐθύτητα

488 5678 637 5739 bent,
672 5676 765 5729 sed
796 5676 1033 5743 perversi
1068 5682 1194 5729 sunt
1225 5690 1239 5730 :
1268 5685 1321 5730 et
1356 5677 1454 5730 ltos
1488 5676 1704 5744 quidem
1745 5678 2055 5742 admittens,

2167 5682 2476 5749 ἀποξὼυσι,
2509 5684 2603 5735 καὶ
2639 5680 2862 5752 όρθοΰσι
2905 5679 2968 5733 τὸ
3000 5678 3399 5749 ἐργαζόμενον
3420 5698 3442 5719 ·
3498 5686 3685 5744 τοῦτο
3720 5686 3814 5743 οὖν

491 5778 549 5821 et
589 5768 916 5836 appl’Ob‘ditS,
949 5779 1000 5822 et
1030 5770 1131 5837 piis
1157 5768 1412 5837 legendos
1443 5783 1780 5837 proponens;
1810 5769 1930 5824 illos
1957 5785 2055 5824 au-

2167 5772 2259 5827 καὶ
2288 5774 2380 5826 ἐπὶ
2422 5773 2531 5826 τῶν
2562 5772 2783 5842 βιϐλίων
2814 5769 3021 5827 τούτων
3068 5774 3095 5825 ό
3125 5769 3288 5839 λόγος
3357 5774 3592 5852 ὥσπερ
3624 5781 3815 5838 κανὼν

493 4118 622 4168 tiam
652 4115 982 4179 Salomonis,
1019 4125 1072 4170 et
1104 4114 1433 4185 Sapientiam
1462 4114 1675 4181 Siracb,
1713 4114 1929 4178 Esther,
1962 4112 2060 4169 Juo

488 4203 627 4267 ditb,
662 4213 717 4257 et
749 4204 929 4269 Tohit,
963 4214 1020 4260 et
1061 4206 1364 4259 doctrinam
1417 4205 1785 4274 apostolorum
1832 4206 2057 4281 dictam,

481 4311 621 4363 quas
666 4306 925 4352 asserunt
964 4312 1087 4353 esse
1133 4296 1562 4354 Constitutiones
1617 4298 1991 4368 apostolorum
2026 4311 2058 4351 a

485 4389 765 4444 (Iletuente
795 4390 1166 4460 conscriptas;
1213 4404 1350 4460 quas
1396 4404 1460 4445 ea
1512 4406 1632 4460 qua:
1666 4401 1817 4445 sexta
1858 4389 2061 4445 dicitur

490 4480 729 4547 synodus
759 4480 858 4546 legi
893 4496 997 4536 non
1023 4482 1312 4551 permittit,
1343 4490 1401 4536 ut
1426 4481 1759 4536 adulteratas
1789 4490 1845 4535 et
1872 4494 2061 4536 corru-

554 5888 629 5949 (a)
658 5888 796 5945 Apud
822 5890 1148 5946 Beveregium
1174 5893 1226 5939 in
1254 5890 1404 5946 notis.
1433 5904 1480 5946 υ.
1502 5891 1613 5952 22ί,
1648 5904 1707 5942 ex
1734 5893 1902 5943 codice
1929 5894 2062 5943 Amet

2167 5895 2336 5946 :biano.
2362 5893 2496 5946 Enrr.
