4174 6302
483 323 588 390 565

1417 321 1504 385 IN
1541 320 1790 405 EPIST,
1819 320 1885 384 S.
1918 320 2345 398 ATHANASII
2383 325 2487 388 AD
2525 325 2794 391 RUFIN.

3643 329 3748 393 566

483 443 775 512 εποίησενο
807 435 1108 494 ἀποδιελὼν
1127 434 1271 492 αὐτά
1301 435 1412 490 τῶν
1448 434 1526 508 μὴ
1571 434 1749 506 ὀρθῶς
1799 435 2058 507 ιχδντων,

2167 447 2276 494 tem
2307 441 2707 509 condemnans,
2740 451 2794 501 et
2823 443 2929 516 legi
2958 443 3278 514 prohibens.
3327 443 3526 517 Quare
3575 447 3748 503 etiam

487 531 622 586 ἀλλά
654 531 1109 603 διεστραμμένων
1130 544 1148 563 °
1181 529 1278 584 καὶ
1307 529 1376 584 τά
1426 528 1527 598 μιν
1553 525 1813 601 ἑγκρίνας
1834 527 1930 581 καὶ
1967 525 2056 581 δι»⁹

484 623 727 694 κιμάσας
746 623 844 679 καὶ
858 623 1193 696 προθέμενος
1216 623 1296 687 είς
1319 620 1628 691 ἀνάγνωσιν
1642 621 1760 684 τοῖς
1775 617 2024 673 εὐσεϐέσι
2040 631 2058 648 ⁸

482 718 551 774 τὰ
575 718 636 775 δδ
665 717 1112 788 ἀποδοκιμάσας,
1152 715 1246 771 καὶ
1274 712 1538 789 ἀπείρξας
1567 709 2061 785 ἀναγινώσκεσθαι.

705 921 1074 977 Ε’ΠΙΣἸῸΛΗ
1110 918 1308 973 ΠΡΟΣ
1350 917 1445 969 P0
1458 911 1875 968 ΥΦΙΝΙΑΝΟΝ.

567 1036 758 1108 Κυρίῳ
784 1034 887 1106 υἱῷ
914 1034 1008 1088 καὶ
1031 1029 1398 1099 ποθεινοτάτῳ
1429 1023 1826 1099 συλλειτουργῷ
1864 1024 2079 1092 Ῥουφι-

495 1130 684 1201 νιανῷ,
732 1127 1051 1189 Ἀθανάσιος
1081 1126 1141 1178 έν
1165 1124 1357 1196 Κυρίῳ
1386 1120 1618 1191 χαίρειν.

567 1223 640 1275 Σὺ
678 1220 777 1293 μὲν
826 1218 894 1273 τὰ
947 1215 1048 1289 υίῷ
1099 1213 1440 1288 ἠγαπημένῳ
1483 1209 1766 1283 πρέποντα
1940 1205 2076 1275 πρὸς

498 1314 715 1384 Πατέρα
743 1313 995 1384 γράφεις⁸
1031 1309 1321 1379 ἑγγίσαντα
1347 1304 1480 1374 γοῦν
1531 1321 1590 1357 σε
1644 1301 1734 1356 διὰ
1775 1297 1871 1354 τοῦ
1897 1299 2076 1371 γράμο

501 1421 668 1473 ματος
721 1399 1201 1474 περιεπτυξάμην,
1265 1397 1484 1451 πάντων
1542 1393 1667 1466 ἐμοὶ
1733 1391 2076 1447 ποθεινότατε

510 1494 866 1562 Ῥου-ρινιανέ·
898 1491 1056 1562 κάγὼ
1082 1491 1158 1555 δὲ,
1185 1491 1262 1553 ὡς
1284 1487 1386 1559 υῖῷ
1434 1484 1729 1557 δυνάμενος
1757 1484 1989 1556 γράφειν
2017 1480 2076 1537 εν

497 1604 555 1640 τε
583 1589 696 1650 τοῖς
870 1582 1179 1658 προοιμίοις
1230 1579 1326 1635 καὶ
1356 1579 1540 1652 μέσοις
1594 1577 1690 1631 καὶ⁵
1725 1575 2075 1638 τελευταίοις,

496 1677 747 1749 ἐπέσχον,
791 1676 879 1730 ῖνα
936 1676 1010 1746 μὴ
1061 1675 1126 1727 ἐκ
1155 1670 1495 1742 γραμμάτων
1544 1671 1578 1741 ἠ
1629 1667 1884 1731 σύστασις
1915 1666 2075 1736 καὶή

2165 546 2288 602 quae
2313 533 2367 590 in
2394 533 2651 593 ultimum
2699 545 3015 596 sanctorum
3061 538 3436 612 apostolorum
3478 554 3746 597 canonem

2165 624 2368 698 scripta
2392 637 2536 685 sunt.

2291 909 2784 986 “EPISTOLA
2837 919 2934 974 AD
2971 919 3491 980 RUFINIANUU.

2234 1031 2465 1088 Domino
2495 1034 2628 1097 lilio,
2682 1041 2737 1089 et
2786 1034 3133 1103 optatissimo
3179 1035 3561 1094 comministro
3584 1034 3736 1092 Ruﬁ-

2161 1123 2347 1188 niano,
2375 1124 2706 1180 Athanasius
2725 1124 2780 1179 in
2814 1123 3044 1180 Domino
3067 1124 3324 1181 salutem.

2231 1212 2312 1268 Tu
2339 1215 2557 1284 quidem
2587 1231 2710 1284 qua:
2731 1215 2992 1270 dilectum
3025 1215 3196 1270 illium
3217 1216 3408 1272 decent
3428 1215 3495 1272 ad
3520 1216 3734 1273 Patrem

2161 1303 2394 1360 scribis:
2423 1313 2475 1358 te
2503 1304 2686 1375 itaque
2707 1305 2904 1360 litteris
2932 1307 3279 1362 accedentem
3315 1309 3422 1363 tuis
3449 1311 3735 1379 amplexus

2161 1410 2311 1461 sum,
2355 1397 2602 1451 omnium
2660 1397 3013 1454 dilectissime
3060 1399 3195 1454 mihi
3243 1399 3550 1455 Ruliniane.
3593 1401 3732 1456 Cum

2160 1496 2342 1543 autem
2400 1496 2456 1542 et
2499 1488 2555 1544 in
2610 1489 2879 1544 sermonis
2910 1490 3136 1545 exordio
3156 1500 3211 1546 et
3249 1490 3303 1544 in
3356 1492 3536 1548 medio
3583 1503 3636 1547 et
3678 1494 3732 1548 ia

2160 1578 2288 1641 ﬁne,
2322 1579 2442 1644 tibi,
2493 1581 2650 1648 quasi
2708 1579 2820 1634 lilio
2872 1582 3113 1637 scribere
3171 1597 3431 1653 possem,
3488 1599 3573 1639 me
3620 1585 3736 1653 ipse

2161 1669 2403 1735 cobibui‘,
2431 1685 2499 1725 ne
2526 1686 2589 1724 ex
2618 1670 2812 1726 litteris
2836 1673 3239 1728 commendatio
3269 1685 3323 1729 et
3355 1674 3730 1730 testimonium

502 1767 776 1840 μαρτυρία
816 1765 1171 1839 γνωρίζηται.
1204 1765 1278 1819 Σὺ
1303 1762 1414 1834 γάρ
1460 1761 1583 1833 ἐμοὶ
1634 1757 2069 1829 επιστολὴ,κατά

2161 1760 2342 1829 palam-
2394 1761 2566 1815 ﬂeret.
2613 1758 2694 1815 Tu
2746 1762 2892 1816 enim
2963 1762 3096 1817 mihi
3156 1779 3217 1818 es
3273 1765 3533 1833 epistola,
3591 1766 3736 1819 sicut

495 1859 558 1912 τὸ
582 1858 985 1930 γεγραμμένον,
1042 1855 1510 1925 ἐπιγινωσκομένη
1568 1851 1665 1907 καὶ
1709 1853 2077 1919 ἀναγινωσκο-

501 1951 634 2022 μένη
659 1953 716 2004 ὲν
747 1948 965 2021 καρδίᾳ.
993 1947 1151 2002 Οῦτω
1170 1945 1350 2000 τοίνυν
1399 1945 1622 1998 πίστευε
1801 1939 2074 2012 διακείμεο

497 2057 605 2103 νος,
631 2039 720 2093 ναὶ
779 2039 1022 2092 πίστευε.
1075 2036 1476 2108 Προσαγορεύω
1529 2050 1593 2090 σε
1643 2033 1740 2090 καὶ
1782 2032 2075 2104 προτρέπω

495 2132 748 2200 γράφειν·
781 2130 841 2183 οὗ
875 2130 985 2201 γάρ
1018 2128 1233 2197 ὀλίγως,
1289 2126 1427 2183 ἀλλά
1478 2125 1730 2198 μεγάλως
1766 2123 2076 2196 εὐφραίνεις

493 2221 653 2275 τοῦτο
679 2221 866 2275 ποιῶν.
1042 2219 1260 2291 Ἐπειδὴ
1288 2219 1346 2273 δὲ
1398 2215 1702 2287 φιλοκάλως
1750 2214 1847 2269 καὶ
1871 2213 2074 2282 ἐκκλη-

499 2313 818 2376 σιαστικῶς,
845 2310 1005 2366 τοῦτο
1037 2311 1146 2384 γὰρ
1167 2311 1329 2367 πάλιν
1359 2310 1561 2380 πρέπει
1589 2309 1658 2380 τῇ
1689 2310 1755 2379 σῇ
1791 2304 2073 2377 εὐλαϐείᾳ,

494 2399 788 2472 ἠρώτησας
811 2399 1072 2471 περὶτῶν
1126 2401 1196 2454 δι’
1224 2398 1472 2470 ἀνάγκην
1530 2395 1908 2469 ὐποσυρέντων
1954 2395 2074 2468 μὲν,

499 2494 574 2566 μὴ
602 2493 917 2565 φθαρέντων
959 2493 1017 2547 δὲ
1050 2494 1109 2546 ὲν
1136 2495 1203 2564 τῇ
1250 2490 1600 2561 κακοπιστίᾳ,
1648 2489 1744 2543 καὶ
1798 2486 2071 2557 ὴθέλησας

493 2587 700 2660 γράψαι
739 2602 805 2658 με
837 2585 906 2639 τά
931 2585 1157 2650 δόξαντα
1183 2585 1312 2655 περὶ
1366 2581 1545 2638 αὐτῶν
1575 2584 1634 2635 ὲν
1671 2582 1793 2644 ταῖς
1839 2577 2076 2644 συνόδοις

495 2677 591 2727 καὶ
623 2672 896 2744 πανταχοῦ
925 2689 943 2706 ·
1074 2672 1332 2741 γίνωσκε,
1370 2670 1544 2744 Κύριέ
1573 2686 1675 2740 μου
1707 2668 2074 2730 ποθεινότατε,

497 2769 578 2822 δτι
610 2766 669 2819 ἐν
695 2766 838 2838 ἀρχῇ
872 2764 992 2836 μιν,
1040 2763 1399 2836 παυσαμένης
1446 2761 1547 2832 τῆς
1589 2759 1880 2832 γινομένης
1932 2757 2076 2829 βίας.

495 2857 682 2928 γέγονε
717 2855 954 2919 σύνοδος,
984 2856 1264 2928 παρόντων
1294 2853 1404 2908 ἀπὺ
1432 2853 1540 2908 τῶν
1589 2851 1694 2917 ἔξω
1741 2848 1920 2923 μερῶν
1951 2849 2076 2903 ἔπι·-

497 2949 733 3002 σκόπωνο
762 2948 949 3016 γέγονε
970 2946 1029 3000 δὲ
1066 2947 1162 3001 καὶ
1192 2944 1345 3017 παρὰ
1369 2946 1484 3008 τοῖς
1509 2943 1609 3014 τὴν
1641 2942 1867 2998 Ἑλλάδα
1889 2956 2074 2994 κατοι-

495 3035 652 3091 κοῦσι
687 3035 1133 3108 συλλειτουργοῖςο
1160 3035 1314 3088 οὐδὲν
1327 3031 1387 3088 δὶ
1404 3028 1568 3105 ἦττον
1596 3033 1817 3096 καὶτοῖς
1847 3031 1906 3084 ὲν
1927 3029 2077 3084 Σπα-

492 3128 584 3201 νίᾳ
613 3129 709 3182 καὶ
735 3127 968 3200 Γαλλίᾳ·
1006 3128 1101 3182 καὶ
1158 3128 1357 3200 ἤρεσεν
1488 3127 1626 3197 ὅπερ
1678 3117 1781 3179 ὦδε
1811 3122 1906 3178 καὶ
1938 3139 2074 3176 παν-

493 3215 660 3286 ταχοῦ
687 3251 705 3274 ,
797 3215 938 3272 ὥστε
955 3220 1068 3281 τοῖς
1093 3218 1193 3289 μιν
1213 3216 1679 3273 κακαπεπτωκόσι
1709 3214 1804 3270 καὶ
1825 3217 2072 3284 προῖσταυ

498 3309 681 3379 μένοις
707 3309 808 3381 τῆς
829 3309 1086 3374 ἀσεϐείας
1148 3305 1544 3378 συγγινώσκειν
1589 3307 1687 3378 μιν
1728 3303 2069 3376 μετανοοῦσι,

497 3398 574 3470 μὴ
597 3397 797 3453 διδόναι
821 3399 877 3453 δὲ
899 3401 1086 3464 αὐτοῖς
1121 3399 1285 3454 τόπον
1335 3399 1558 3470 κλήρουο
1619 3399 1730 3462 τοῖς
1772 3396 1831 3450 δὲ
1862 3395 1938 3467 μὴ
1972 3395 2072 3450 αὖ·

494 3489 738 3546 θεντοῦσι
801 3492 900 3562 μέν
963 3491 1066 3562 τῆς
1126 3490 1416 3554 ἀσεϐείας,
1477 3490 1838 3562 παρασυρεῖσι
1878 3487 1947 3551 ,δι
2003 3487 2067 3542 δι’

493 3581 742 3652 ἀνάγκην
772 3583 866 3636 καὶ
894 3581 1037 3651 βίαν,
1089 3581 1236 3648 εδοξε
1277 3579 1513 3635 δίδοσθαι
1577 3578 1676 3651 μὲν
1720 3577 2068 3649 συγγνώμην,

493 3672 640 3742 ἔχειν
664 3673 722 3726 δὲ
744 3672 840 3726 καὶ
867 3673 960 3725 τὸν
981 3672 1146 3726 τόπον
1164 3669 1259 3724 τοῦ
1302 3670 1528 3743 κλήρουο
1558 3669 1792 3740 μάλιστα
1815 3669 1898 3722 ὅτι
1934 3667 2071 3722 ἀπο·

493 3762 682 3832 λογίαν
732 3762 964 3834 πιθανὴν
1023 3761 1365 3834 ἐπορίσαντο,
1411 3763 1503 3816 καὶ
1543 3758 1688 3827 ἔδοξε
1737 3757 1895 3815 τοῦτό
1952 3775 2068 3823 πως

493 3853 852 3925 οίκονομικῶς
881 3853 1158 3923 γενέσθαι.
1322 3849 1786 3907 Διεϐεϐαιώσαντο
1835 3852 1944 3923 γὰρ
1995 3851 2070 3924 μὴ

496 3944 934 4017 μεταϐεϐλῆσθαι
961 3945 1042 4008 είς
1073 3943 1348 3999 ἀσέϐειανο
1378 3943 1464 3998 ῖνα
1503 3943 1560 3996 δὲ
1595 3943 1670 4015 μὴ
1704 3942 2070 3997 κατασταθέν-

492 4051 585 4098 τες
615 4035 761 4100 τινες
789 4033 1141 4089 ἀσεϐέστατοι
1183 4033 1537 4105 διαφθείρωσι
1580 4032 1678 4097 τὰς
1721 4030 2083 4105 Ἐκκλησίας,’

493 4125 699 4182 εἴλοντο
733 4125 932 4198 μᾶλλον
966 4125 1290 4198 συνδραμεῖν
1350 4129 1416 4198 τῇ
1449 4127 1540 4196 βία
1569 4129 1662 4181 καὶ
1697 4127 1959 4197 βαστάσαι
2004 4129 2069 4182 τδ

496 4218 680 4292 βάρος,
705 4218 739 4290 ἢ
763 4219 929 4282 λαοὺς
953 4218 1270 4274 ἀπολέσθαι.
1299 4218 1469 4272 Τοῦτο
1569 4236 1573 4241 ·
1599 4219 1654 4272 δὲ
1677 4216 2068 4286 λέγοντεςέδο-

2159 1849 2423 1919 scriptum
2454 1860 2541 1906 est
2567 1851 2633 1914 “,
2667 1853 2848 1920 agnita
2874 1853 3121 1924 lectaque
3150 1853 3204 1908 in
3238 1855 3422 1910 corde.
3453 1854 3545 1910 Sic
3568 1855 3735 1926 igitur

2160 1941 2388 2005 credito,
2423 1950 2477 1997 et
2530 1942 2602 1996 ita
2655 1942 2880 1998 allectus
2907 1953 3050 2008 esto,
3103 1943 3267 2000 etiam
3292 1945 3518 2001 credito.
3544 1946 3733 2000 Saluto

2159 2039 2235 2100 te,
2267 2041 2321 2088 et
2349 2045 2410 2088 ut
2455 2034 2726 2090 rescribas
2779 2036 3000 2102 hortor;
3051 2051 3162 2091 non
3211 2050 3404 2106 parum
3427 2038 3595 2100 enim,
3636 2035 3731 2091 sed

2159 2135 2506 2190 sumopere
2561 2137 2668 2188 me,
2746 2124 2819 2179 ita
2862 2125 3092 2195 agendo,
3142 2125 3397 2182 delectas.
3456 2125 3730 2194 Quoniam

2160 2221 2342 2267 autem
2369 2213 2611 2270 studiose
2635 2223 2692 2269 et
2734 2215 3124 2282 ecclesiastico,
3172 2225 3235 2273 ut
3272 2217 3456 2288 pietati
3479 2219 3732 2275 convenit

2159 2311 2290 2368 tuae,
2352 2302 2700 2376 interrogasti
2756 2306 2824 2362 de
2856 2307 2924 2362 iis
2956 2308 3052 2378 qui
3099 2308 3151 2363 vi
3198 2309 3420 2380 quidem
3447 2309 3728 2376 subducti,

2159 2395 2295 2466 lapsi
2334 2405 2479 2460 sunt,
2506 2413 2603 2452 nec
2641 2407 2819 2454 tamen
2841 2414 3007 2469 prava
3048 2399 3154 2457 tlde
3210 2403 3496 2471 corrupti:
3532 2410 3588 2457 et
3635 2416 3733 2456 vo-

2159 2487 2308 2542 luisti
2337 2503 2424 2544 me
2455 2492 2778 2556 rescribere,
2810 2507 2933 2562 qua
2953 2493 3022 2550 de
3054 2493 3184 2558 illis,
3213 2507 3338 2548 cum
3371 2492 3426 2547 in
3480 2494 3728 2566 synodis,

2159 2589 2272 2636 tum
2300 2582 2499 2651 ubique
2525 2585 2657 2639 alias
2724 2583 2942 2640 decreta
2992 2595 3153 2653 sunt;
3209 2587 3351 2642 scito
3397 2584 3625 2642 Domine
3652 2587 3729 2642 mi

2157 2671 2530 2740 optatissime,
2595 2674 2670 2745 in.
2725 2673 2994 2744 principio
3041 2675 3262 2745 quidem
3314 2691 3439 2730 cum
3495 2676 3582 2731 vis
3635 2675 3726 2731 illa

2156 2762 2427 2829 desiisset,
2460 2773 2703 2820 coactam
2742 2765 3012 2837 synodum
3062 2764 3234 2822 fuisse
3279 2765 3414 2836 (99),
3447 2765 3729 2835 praesenti-

2157 2853 2262 2909 bus
2291 2865 2599 2910 exterarum
2624 2856 2860 2926 partium
2893 2857 3167 2928 episcopis
3200 2875 3214 2912 :
3243 2858 3570 2914 celebratam
3594 2859 3724 2914 item

2154 2947 2319 3003 aliam
2353 2946 2520 3002 fuisse
2548 2948 2690 3017 apud
2722 2947 2943 3004 Gracia
2989 2948 3416 3012 comministros,
3448 2950 3728 3020 nibiloque

2155 3036 2336 3092 secius
2360 3037 2496 3107 apud
2524 3037 2647 3092 illos
2683 3039 2778 3108 qui
2833 3038 2887 3094 in
2929 3037 3189 3110 Hispania
3247 3049 3304 3095 et
3332 3040 3386 3094 in
3431 3038 3604 3096 Gallia
3631 3043 3726 3096 de-

2117 3183 2133 3202 ,
2157 3135 2289 3196 gunt
2326 3147 2340 3184 :
2396 3138 2558 3198 atque
2591 3129 2824 3200 idipsum
2860 3129 2947 3187 bic
2977 3140 3030 3185 et
3073 3130 3276 3199 ubique
3309 3131 3599 3200 placuisse,
3641 3133 3726 3186 ni-

2159 3217 2353 3272 mirum
2383 3228 2440 3273 ut
2491 3217 2558 3273 iis
2609 3217 2704 3288 qui
2736 3219 2871 3288 lapsi
2900 3228 3048 3280 sunt,
3104 3216 3150 3272 si
3193 3217 3485 3286 impietatis
3521 3216 3726 3273 iuerint

2153 3308 2413 3378 praefecti,
2443 3309 2598 3364 venia
2630 3310 2984 3375 concedatur,
3024 3309 3073 3365 si
3125 3308 3346 3380 quidem
3378 3309 3721 3380 resipiscaut,

2155 3415 2254 3454 nec
2277 3399 2434 3455 detur
2461 3408 2643 3456 nmen
2704 3400 2759 3454 in
2794 3401 2944 3456 clero
2973 3401 3130 3458 locus
3165 3419 3180 3456 :
3212 3400 3281 3455 iis
3314 3415 3445 3455 vero
3476 3402 3571 3471 qui
3621 3401 3723 3454 im-

2156 3493 2339 3562 pietati
2375 3493 2698 3564 patrocinati
2723 3507 2832 3548 non
2865 3501 3017 3557 sunt,
3046 3493 3140 3548 sed
3169 3494 3489 3547 necessitate
3517 3508 3580 3548 ac
3607 3493 3725 3548 vio-

2155 3579 2320 3636 lentia
2354 3583 2510 3637 tracti
2548 3581 2719 3647 l‘uere,
2751 3582 3028 3638 decretum
3073 3593 3178 3647 est,
3212 3591 3274 3636 ut
3298 3591 3352 3636 et
3385 3585 3540 3637 venia
3593 3598 3724 3638 con-

2153 3676 2398 3738 cedatur,
2421 3680 2474 3727 et
2500 3671 2556 3728 in
2587 3673 2735 3728 clero
2757 3672 2917 3728 detur
2943 3672 3132 3738 locus;
3197 3673 3544 3742 potissimum
3593 3676 3721 3745 quia

2153 3769 2576 3817 consentaneam
2621 3762 2924 3818 attulerunt
2978 3764 3413 3828 excusationem",
3477 3774 3531 3818 et
3577 3768 3724 3836 quod

2153 3854 2456 3908 teconomia
2489 3853 2726 3923 quadam
2753 3853 2808 3908 id
2841 3853 3043 3910 factum
3088 3856 3352 3912 videatur.
3372 3855 3725 3911 Adirmabant

2152 3941 2351 4010 quippe
2371 3958 2430 3996 se
2455 3943 2682 3997 minime
2710 3945 2763 3998 in
2793 3944 3125 4015 impietatem
3158 3945 3342 4015 lapsos
3390 3943 3558 4000 fuisse
3588 3963 3601 3998 :
3627 3947 3720 4000 sed

2153 4045 2220 4086 ne
2265 4031 2578 4103 impiissimi
2626 4034 2850 4106 quidam
2907 4035 3157 4092 homines
3221 4035 3288 4091 ad
3342 4036 3720 4105 episcopatum

2148 4121 2343 4186 evecti,
2370 4118 2647 4178 Ecclesiae
2705 4134 3136 4194 corrumperent,
3189 4139 3249 4180 se
3295 4124 3556 4180 maluisse
3597 4141 3721 4179 cum

2151 4210 2404 4267 violentia
2460 4227 2818 4282 concurrere,
2872 4223 2928 4270 et
2991 4215 3045 4270 id
3101 4217 3286 4272 oneris
3342 4213 3505 4287 ferre,
3559 4231 3722 4286 quam

495 4305 591 4374 ξαν
627 4311 760 4379 ἡμῖν
780 4306 1023 4371 πιθανῶς
1051 4306 1248 4375 λέγειν·
1287 4305 1375 4360 διά
1407 4305 1470 4359 τὸ
1519 4306 1613 4359 καὶ
1639 4304 2066 4377 προφασίζεσθαι

2155 4301 2381 4370 populos
2409 4303 2655 4372 perdere.
2712 4302 2838 4360 llzc
2893 4303 2970 4359 illi
3009 4305 3170 4361 verba
3205 4321 3314 4361 non
3340 4307 3439 4361 abs
3463 4322 3522 4361 re
3576 4307 3724 4376 loqui

492 4400 690 4462 αὐτοὺς
706 4399 796 4452 τὸν
839 4399 1048 4465 ’Δαρὼν
1073 4402 1163 4451 τὸν
1213 4397 1306 4452 τοῦ
1352 4397 1628 4459 Μωῦσέως
1662 4395 1887 4465 ἀδελφὸν
1911 4396 1969 4450 έν
1995 4400 2061 4468 τῇ

2155 4390 2310 4446 nobis
2333 4391 2435 4447 visi
2475 4403 2606 4449 sunt
2635 4413 2650 4449 :
2710 4397 2858 4467 quod
2917 4399 3154 4454 maxime
3186 4399 3286 4468 ipsi
3335 4399 3388 4454 in
3415 4400 3723 4470 exemplum

498 4470 686 4542 ἐρήμῳ
710 4471 1032 4542 συνδραμεῖν
1062 4473 1158 4543 μὲν
1188 4476 1252 4542 τῇ
1285 4473 1378 4526 τοῦ
1405 4473 1534 4526 λαοῦ
1564 4476 1888 4546 παραόὼνει-
1919 4481 2057 4533 ἀπο-

2155 4479 2427 4547 aﬂ'errent,
2457 4483 2750 4548 Aaronem,
2775 4479 2974 4550 Moysis
3002 4467 3244 4546 fratrem,
3285 4482 3338 4537 in
3368 4467 3591 4535 deserto
3625 4493 3725 4550 po-

495 4557 682 4628 λογίαν
713 4560 768 4613 δὲ
801 4561 1114 4631 ἐσχηκέναι,
1140 4563 1226 4614 ἶνα
1253 4563 1328 4634 μὴ
1381 4565 1410 4617 δ
1457 4563 1583 4629 λαὸς
1730 4564 2058 4634 ἐπιστρέψας

494 4647 574 4709 είς
606 4646 880 4716 Αἴγυπτον
933 4649 1189 4722 έπιμεὶνῃ
1242 4654 1307 4721 τῇ
1354 4652 1783 4725 είδωλολατρείαθ
1833 4657 2064 4727 καὶγὰρ

497 4731 561 4805 ἦν
587 4737 650 4790 τὸ
683 4735 1006 4806 φαινόμενον
1029 4736 1265 4807 εΰλογονσ
1297 4741 1377 4794 ὅτι
1413 4743 1664 4813 μένοντες
1688 4745 1746 4797 έν
1777 4746 1844 4814 τῇ
1873 4747 2062 4816 ἐρήμῳ

495 4819 743 4874 δύνανται
771 4821 1081 4878 παύσασθαι
1119 4827 1218 4898 τῆς
1245 4829 1518 4893 ἀσεϐείας·
1542 4832 1869 4898 εἰσελθόντες
1897 4835 1953 4888 δὲ
1983 4837 2062 4898 εὶς

495 4911 784 4978 Αἴγυπτον,
841 4914 1190 4985 ἀπετρίϐοντο
1248 4919 1340 4972 καὶ
1385 4919 1613 4989 ηὔξανον
1653 4927 1711 4976 ὲν
1849 4923 2060 4988 ἑαυτοῖς

494 5000 592 5072 τὴν
616 5002 891 5056 ἀσέϐειαν.
940 5005 1156 5061 Τούτων
1202 5009 1380 5062 τοίνυν
1432 5013 1595 5066 ἕνεκα
1637 5015 1975 5082 συγγνωστὸν
1998 5014 2061 5070 τδ

495 5091 627 5162 πρὸς
656 5091 746 5147 τὸν
774 5093 974 5166 κλῆρον
999 5098 1211 5165 γέγονεο
1239 5102 1349 5162 τοῖς
1373 5101 1429 5154 δὲ
1465 5104 1786 5174 ἀπατηθεῖσι
1820 5107 1911 5158 καὶ
1938 5105 2059 5175 βίαν

495 5182 722 5238 παθοῦσι
761 5185 1071 5264 ,συγγνώμη
1127 5188 1343 5244 δίδοται.
1391 5191 1575 5248 Ταῦτα
1749 5197 1844 5250 καὶ
1894 5200 1958 5268 τῇ
1991 5200 2055 5269 σῇ

491 5273 742 5346 εὐσεϐείᾳ
759 5275 925 5348 δηλῶ,
949 5277 1188 5349 θαρρῶν,
1224 5279 1304 5333 δτι
1333 5283 1425 5335 καὶ
1456 5284 1523 5338 τά
1548 5283 1771 5351 δόξαντα
1801 5286 2058 5352 ἀποδέξε-

490 5363 580 5418 ταί
612 5378 704 5418 σου
735 5368 766 5437 ἠ
795 5367 1202 5431 θεοσέϐεια,καῖ
1230 5372 1292 5425 οὐ
1326 5374 1732 5443 καταγνώσεται
1753 5378 2058 5450 ἐκεχειρίας

490 5452 596 5506 τῶν
632 5454 991 5512 συνελθόντων
1021 5458 1211 5522 οὕτως.
1263 5462 1613 5529 Καταξίωσον
1663 5466 1721 5520 δὲ
1751 5469 1891 5522 αὑτά
1922 5470 2057 5522 ἀνα-

492 5545 691 5612 γνῶναι
724 5546 802 5617 τῷ
835 5549 1084 5619 ἱερατείῳ
1107 5553 1199 5604 καὶ
1226 5552 1304 5622 τῷ
1333 5553 1447 5626 λαῷ
1483 5556 1562 5626 τῷ
1594 5557 1698 5614 ὑπὸ
1730 5561 1790 5612 σε
1816 5599 1833 5622 ,
1947 5561 2053 5627 ἵνα,

492 5634 584 5687 καὶ
609 5635 763 5689 αὐτοὶ
793 5637 1170 5706 γινώσκοντες,
1206 5643 1278 5714 μὴ
1313 5644 1633 5715 μέμφωνται
1662 5647 1804 5709 οὕτω
1834 5650 1892 5703 σὲ
1946 5651 2057 5704 δια-

486 5721 736 5790 κείμενον
762 5727 889 5799 περὶ
917 5729 1042 5794 τοὺς
1070 5731 1359 5797 τοιούτους.
1408 5737 1675 5803 ’.ἀπρεπὲς
1721 5739 1828 5810 γὰρ
1855 5737 1920 5808 ἦν
1955 5743 2053 5811 ἐμὲ

2165 4571 2274 4640 puli
2299 4571 2726 4642 praevaricatioui
2752 4573 3100 4628 concurrisse
3219 4585 3239 4626 :
3374 4573 3515 4626 bane
3541 4583 3721 4625 tamen

2161 4662 2568 4717 excusationem
2630 4662 2908 4728 habuisse,
2981 4678 3049 4717 ne
3113 4663 3349 4733 populus
3400 4664 3607 4718 scilicet
3666 4661 3722 4716 in

2161 4749 2451 4823 Egyptum
2478 4767 2728 4809 reversus
2758 4753 2811 4807 in
2837 4752 3136 4809 idololatria
3172 4763 3511 4823 permaneret
3544 4772 3559 4808 :
3595 4767 3722 4807 nam

2161 4843 2212 4897 id
2247 4843 2443 4897 rationi
2470 4850 2612 4898 certe
2642 4853 3069 4899 consentaneum
3109 4843 3423 4909 videbatur;
3453 4843 3720 4913 siquidem

2159 4927 2214 4983 in
2246 4929 2463 4982 deserto
2523 4939 2840 4996 manentes,
2908 4939 3161 5000 poterant
3215 4932 3508 5000 impietatis
3557 4934 3720 4985 tinem

2159 5017 2353 5083 facere,
2378 5018 2461 5072 sin
2493 5029 2672 5073 autem
2703 5019 2754 5072 in
2791 5017 3084 5089 Egyptum
3135 5019 3360 5087 ingressi
3382 5019 3630 5080 fulsseut,
3664 5018 3721 5072 in

2159 5110 2430 5178 impietate
2467 5109 2665 5163 versati
2691 5109 2943 5177 auctique
2977 5108 3228 5164 fuissent.
3285 5109 3621 5178 Quapropter
3650 5109 3718 5163 ad

2155 5199 2358 5252 clerum
2393 5199 2596 5252 reditus
2619 5197 2724 5251 illis
2747 5211 3039 5252 concessus
3063 5206 3181 5261 est;
3230 5197 3296 5251 iis
3339 5198 3482 5268 enim
3510 5198 3603 5268 qui
3631 5201 3721 5252 de-

2155 5289 2293 5358 cepti
2326 5298 2378 5343 et
2406 5288 2513 5342 vim
2547 5286 2692 5356 passi
2751 5299 2878 5343 sunt
2938 5287 3095 5342 venia
3136 5286 3297 5341 facile
3355 5288 3538 5343 datur.
3593 5285 3722 5344 Haec

2155 5388 2261 5434 tua:
2282 5392 2498 5449 quoque
2536 5378 2725 5447 pietati
2765 5377 3036 5449 signiﬁco,
3069 5378 3374 5442 conlidens,
3406 5387 3553 5434 tuam
3593 5381 3721 5434 reli-

2153 5472 2366 5546 sionem
2397 5486 2518 5540 quae
2553 5471 2769 5525 decreta
2815 5479 2945 5526 sunt
2978 5480 3374 5541 suscepturum,
3402 5487 3502 5526 nec
3525 5471 3716 5528 lenita-

2155 5574 2260 5619 tem
2286 5581 2474 5618 eorum
2509 5567 2600 5634 qui
2623 5580 2925 5620 convenere
2951 5565 3355 5620 damnaturam.
3394 5565 3517 5623 11ωο
3541 5567 3720 5637 legere

2151 5655 2392 5724 digneris
2414 5656 2586 5709 sacris
2617 5655 2883 5709 ministris
2928 5664 2980 5710 et
3015 5656 3212 5726 pepqu
3245 5658 3337 5728 qui
3374 5657 3469 5712 tibi
3499 5658 3715 5723 subest;

2155 5754 2211 5798 ut
2244 5753 2296 5797 et
2321 5746 2419 5816 ipsi
2448 5745 2528 5800 his
2563 5746 2874 5816 compertis,
2910 5755 2961 5800 te
3014 5748 3157 5803 circa
3195 5748 3315 5806 illos
3358 5750 3428 5804 ita
3468 5748 3717 5804 ail‘mlum
