4138 6312
375 356 481 428 Gl‘l

1347 355 1428 420 IN
1471 356 1716 420 EPIST.
1762 358 1824 418 s.
1866 350 2154 415 BASILII
2194 349 2632 446 CANONICAM
2675 353 2720 416 Ι.

3544 351 3644 419 618

373 471 669 542 ἀγγελικδν
729 468 842 541 βίον
883 471 1152 537 ὑπελθὼν,
1195 472 1292 525 και
1333 472 1423 543 βίᾳ
1449 470 1642 525 τοῦτον
1672 468 1968 533 καταδεξέ-

2078 475 2317 524 tonsura:
2364 470 2556 522 statuit
2606 483 2724 523 mea
2777 466 3071 538 imperialis
3127 469 3404 540 maiestas,
3457 481 3516 526 ut
3559 474 3649 541 qui

378 584 560 636 μενος,
598 567 678 630 εἰς
714 566 1036 636 ἐμπαιγμδν
1081 565 1158 636 τῷ
1211 565 1477 638 φρικώδει
1521 565 1790 636 χρήσεται
1837 563 1968 635 σχή-

380 679 532 729 ματι.
565 660 855 727 ῐῖεφύκασι
884 660 994 730 γάρ
1045 660 1092 712 oi
1146 658 1255 713 τῶν
1284 659 1591 728 ἀνθρώπων
1622 657 1966 734 κουφότεροι,

375 756 456 816 εἰς
507 753 768 806 ἀπόνοιαν
809 751 1169 823 ἐμπεσόντες,
1215 751 1311 805 καὶ
1351 753 1474 814 ταῖς
1520 751 1823 824 χειρίσταις
1871 749 1968 804 καὶ

376 843 870 916 παραδολωτέραις
907 843 1216 914 ἐπιτολμᾷν
1253 842 1541 914 πράξεσιν.
1597 841 1749 894 Ἀντὶ
1785 841 1968 894 τοίνυν

376 937 474 1005 τῆς
523 936 886 1006 άποκάρσεως
928 934 1212 1005 νομοθετεῖ
1251 936 1283 1005 ή
1317 933 1567 1005 βασιλεία
1597 951 1700 1003 μου
1733 932 1826 986 τὸν
1872 947 1967 985 πει

380 1027 819 1098 πλημμεληκότα
880 1028 1041 1096 φόνον
1099 1027 1543 1099 μεμελετημένον
1600 1027 1854 1080 ἑκούσιον
1906 1027 1967 1080 ἐν

385 1121 600 1192 φυλακῇ
627 1121 695 1173 δι’
726 1120 847 1174 ὅλον
877 1120 970 1172 τδν
997 1120 1189 1191 χρόνον
1215 1121 1316 1189 τῆς
1345 1119 1495 1191 ζωῆς
1531 1119 1699 1174 αὐτοῦ
1731 1119 1964 1188 διάγειν,

387 1216 481 1268 καὶ
523 1215 797 1285 μηδέποτε
848 1211 1061 1266 ἐκεῖθεν
1095 1212 1445 1284 ἐξὲρχεσθαι.
1496 1214 1619 1284 μηδ’
1665 1214 1776 1267 ἀπὸ
1813 1213 1967 1284 βασι-

381 1306 541 1378 λικῆς
573 1306 704 1369 ἴσως
748 1304 1123 1377 προστάξεως,
1171 1305 1315 1360 κατὰ
1359 1305 1533 1378 λήθην
1571 1305 1964 1378 ποριζομένης.

393 1400 517 1453 Ἐπὶ
549 1401 606 1454 δέ
644 1403 769 1464 ταῖς
821 1399 1172 1471 περιουσίαις
1221 1399 1404 1452 αὐτῶν
1440 1400 1692 1466 γίνεσθαι
1725 1399 1908 1463 καθὼς
1939 1399 1968 1449 δ

381 1491 896 1566 προμνημονευθεὶς
929 1489 1187 1560 βασιλεὺς
1232 1489 1541 1559 διετάξατο.
1609 1492 1765 1546 Ἐπεὶ
1811 1494 1868 1546 δὲ
1915 1494 1966 1548 οί

383 1585 604 1647 πλείους
652 1582 763 1637 τῶν
813 1585 1020 1653 φονέων
1068 1585 1133 1637 ἐκ
1192 1584 1426 1656 μελέτης
1476 1585 1570 1638 καὶ
1623 1585 1969 1656 διασκέψεως

383 1678 510 1740 τοὺς
553 1678 748 1744 φόνους
795 1678 1284 1750 κατεργαζόμενοι,
1334 1677 1528 1732 ἔπειτα
1571 1681 1639 1750 τῇ
1687 1681 1970 1754 ἁγιωτάτῃ

387 1769 482 1821 τοῦ
525 1767 668 1821 Θεοῦ·
698 1768 930 1842 Μεγάλῃ
979 1769 1275 1842 Ἐκκλησία
1308 1769 1719 1839 προσελθόντες,
1754 1772 1853 1843 οὐχ
1891 1773 1968 1836 ὡς

387 1863 581 1932 γέγονε
615 1862 747 1932 παρ’
797 1861 978 1913 αὐτῶν
1022 1863 1051 1915 ό
1087 1863 1271 1930 φόνος,
1329 1861 1469 1914 ἀλλὰ
1509 1862 1646 1932 πρὸς
1673 1863 1736 1916 τὸ
1764 1865 1970 1918 οἰκεῖον

387 1953 668 2022 συμφέρον
699 1952 980 2006 ποιοῦνται
1009 1951 1110 2022 τὴν
1131 1952 1548 2025 ἐξομολόγησιν,
1572 1955 1676 2024 τὴν
1706 1955 1968 2026 ἀλήθειαν

386 2047 900 2124 παρακρύπτοντες,
963 2048 1406 2120 παρακελεύεται
1460 2052 1494 2119 ὴ
1547 2049 1797 2118 βασιλεία
1863 2069 1968 2120 μου

384 2143 603 2212 γραφὴν
639 2143 888 2211 γίνεσθαι
931 2141 1025 2196 τού
1069 2144 1214 2196 κατά
1251 2143 1480 2213 καιροὺς
1524 2144 1834 2211 άγιωτάτου
1866 2161 1972 2198 πα-

383 2236 650 2308 τριάρχου
689 2234 814 2305 μετ’
853 2234 1136 2305 ἐπιτιμίου
1169 2237 1306 2306 πρὸς
1343 2235 1438 2289 τὸν
1479 2235 1623 2289 κατὰ
1646 2237 1835 2308 χώραν
1867 2239 1968 2308 ἀρ-

383 2330 572 2400 χιερέα
605 2331 699 2382 καὶ
729 2328 821 2380 τὸν
861 2327 957 2382 ὑπ’
987 2327 1153 2380 αὐτὸν
1183 2327 1408 2398 κλῆρον,
1441 2327 1579 2382 άλλά
1607 2329 1716 2400 μὴν
1745 2330 1841 2384 καὶ
1873 2332 1968 2385 τὸν

383 2418 480 2471 τοῦ
527 2419 767 2489 θέματος
796 2419 1106 2492 διαιτητὴν,
1151 2420 1248 2474 καὶ
1274 2417 1464 2484 καθὼς
1505 2421 1670 2490 μάθοι
1709 2423 1967 2490 γενέσθαι

385 2511 479 2561 τον
509 2510 670 2579 φόνον
700 2508 809 2562 ἀπὸ
831 2510 928 2580 τῆς
951 2509 1180 2562 ἐκείνων
1212 2509 1582 2580 ἀντιγραφῆς,
1613 2509 1758 2564 οὔτω
1793 2515 1970 2565 ποιεῖν

387 2605 484 2656 καὶ
516 2602 616 2672 τὴν
651 2601 998 2668 ἐπεξέλευσιν
1028 2618 1042 2633 ·
1066 2602 1163 2656 καὶ
1199 2600 1275 2673 μὴ
1299 2600 1392 2654 τὸν
1420 2603 1485 2654 ἐκ
1509 2601 1742 2671 μελέτης
1775 2601 1970 2671 φονεύ-

386 2712 538 2758 οντα,
563 2695 651 2756 διὰ
680 2695 780 2765 τὴν
809 2694 980 2763 ψευδῆ
1007 2693 1353 2763 ἐξαγορείαν,
1384 2692 1484 2756 τὰς
1507 2694 1600 2748 τοῦ
1631 2695 1773 2748 κατὰ
1796 2695 1970 2766 τύχην

391 2787 484 2844 και
516 2786 843 2857 ἀπροόπτως
878 2785 956 2856 τῷ
981 2784 1211 2854 τοιούτῳ
1243 2785 1638 2857 περιπεσόντος
1659 2789 1970 2859 ἐγκλήματι

385 2878 641 2950 δέχεσθαι
673 2877 862 2943 ποινάς
894 2878 990 2932 καὶ
1020 2881 1088 2931 τά
1122 2878 1400 2949 ἐπιτίμια.
1426 2879 1493 2932 Et
1519 2896 1604 2943 τις
1637 2881 1824 2951 μέντοι
1857 2883 1967 2936 τῶν

386 2974 615 3043 φονέων,
655 2975 721 3044 τῇ
750 2973 1030 3045 ἁγιωτάτῃ
1075 2971 1306 3046 Μεγάλῃ
1356 2975 1692 3046 προσφυγὼν
1734 2977 1964 3051 Ἐκκληο

390 3068 500 3137 σία,
531 3071 625 3119 καὶ
647 3067 680 3136 ἦ
704 3067 770 3137 τῇ
801 3065 1063 3137 ἀειφυγίᾳ
1089 3064 1470 3140 κατακριθεις,
1494 3065 1528 3137 ἢ
1555 3067 1775 3139 δέσμιος
1803 3066 1965 3138 εἶναι,

387 3162 483 3212 και
523 3161 582 3212 ἐν
615 3159 830 3230 φυλακῇ
865 3159 1248 3228 ἐγκεκλεῖσθαι
1294 3163 1428 3231 παρ’
1473 3162 1603 3232 ὅλην
1653 3164 1822 3218 αὑτοῦ
1867 3167 1966 3237 τήν

387 3254 556 3323 ζωῇν,
587 3253 788 3325 εὑρεθῇ
832 3254 1020 3317 ἄνετος
1068 3254 1463 3327 ἐμπεριπατῶν
1510 3255 1641 3312 ἔνθα
1682 3260 1774 3314 τὸν
1806 3261 1967 3330 φόνον

388 3347 706 3417 εἰργάσατο,
739 3347 956 3418 δέσμιος
991 3350 1146 3419 παρὰ
1188 3347 1284 3402 τοῦ
1325 3349 1467 3404 κατὰ
1511 3349 1696 3424 χώραν
1726 3352 1966 3424 πράκτο-

391 3456 483 3509 ρος
511 3439 954 3510 ἀποσταλήσεται
992 3441 1072 3504 είς
1105 3440 1203 3511 τὴν
1231 3443 1515 3512 βασιλείαν
1545 3461 1647 3514 μου
1673 3461 1687 3476 °
1733 3447 1827 3499 καὶ
1864 3447 1967 3503 ὅσα

385 3532 444 3584 δὲ
470 3532 596 3586 τότε
630 3532 1051 3604 παρευρεθῶσιν
1077 3534 1245 3587 αὑτοῦ
1290 3535 1620 3606 πράγματα,
1657 3538 1738 3601 εἰς
1775 3539 1968 3610 κέρδος
2015 3543 2024 3552 ”

387 3627 544 3679 ἔσται
595 3623 674 3696 τῷ
715 3626 1010 3699 πράκτορι,
1047 3628 1138 3680 καὶ
1173 3626 1251 3698 τῷ
1289 3629 1382 3681 τὸν
1428 3629 1594 3698 φονέα
1652 3633 1970 3702 καταμηνύ-

390 3733 562 3781 σαντι,
597 3717 795 3789 ἐπίσης
833 3719 966 3790 παρ’
1002 3719 1184 3774 αὐτῶν
1236 3721 1576 3793 μεριζόμενα
1605 3739 1619 3754 ο
1656 3724 1881 3795 μελήσει
1910 3726 1967 3782 δὲ

390 3813 606 3875 πάντως
635 3815 728 3866 και
753 3814 866 3876 τοῖς
897 3816 954 3866 ἐν
978 3816 1045 3886 τῇ
1087 3815 1369 3888 ἁγιωτάτῃ
1398 3816 1629 3890 Μεγάλῃ
1665 3819 1969 3891 Ἐκκλησία

390 3905 498 3960 τῶν
525 3907 782 3961 τοιούτων
815 3908 1122 3978 διαιτηταῖς
1153 3909 1293 3978 μετά
1332 3912 1722 3984 προτηκούσης
1748 3929 1969 3968 κανονι-

391 3997 494 4067 κῆς
534 3998 836 4069 αὐστηρίας
866 4000 935 4054 τὰ
968 4000 1166 4067 φονικὰ
1203 4000 1454 4064 κολάζειν
1494 4003 1838 4076 ἐγκλήματα,
1874 4005 1970 4064 καὶ

393 4089 469 4160 μὴ
511 4092 637 4155 τοὺς
668 4093 916 4163 χρόνους,
961 4092 1038 4157 ὡς
1085 4093 1269 4166 ἔτυχε,
1306 4095 1646 4166 συντέμνειν,
1684 4098 1781 4152 καὶ
1834 4099 1969 4170 μηδέ

387 4182 475 4252 ἐφ’
501 4179 582 4246 οἷς
612 4185 674 4238 οὐ
704 4185 810 4256 χρὴ
840 4185 1004 4238 πλέον
1026 4184 1121 4239 τοῦ
1149 4187 1358 4249 εἰκότος
1396 4187 1964 4258 φιλανθρωπεύεσθαι.

391 4276 516 4329 Ἴσα
569 4279 754 4348 μέντοι
796 4278 890 4332 τοῦ
943 4278 1212 4350 παρόντος
1251 4278 1630 4350 διατάγματος
1673 4281 1773 4354 τῆς
1815 4280 1972 4353 βασι-

388 4368 540 4433 λείας
601 4388 706 4439 μου
756 4371 1148 4444 ύπογραφέντα
1176 4371 1331 4443 παρὰ
1377 4372 1487 4426 τῶν
1544 4376 1970 4446 προϊσταμένων

385 4460 497 4515 τῶν
556 4462 930 4535 δικαστηρίοιν
985 4463 1366 4519 ἀποσταλέντα
1419 4467 1542 4528 ταῖς
1593 4465 1735 4520 κατὰ
1784 4467 1970 4539 χώραν

2073 558 2436 613 voluntariam
2493 560 2696 614 caedem
2748 568 2909 628 capto
2961 560 3189 615 consilio
3233 566 3650 633 perpetraverit,

2069 651 2125 704 in
2158 651 2406 706 custodia
2446 661 2559 708 toto
2593 653 2718 706 vitae
2748 669 2860 708 suae
2901 664 3143 723 tempore
3195 657 3398 727 degat:
3447 665 3500 711 et
3553 673 3653 714 nec

2073 743 2223 799 illinc
2274 744 2494 815 quidem
2559 761 2802 816 unquam
2853 749 3120 802 educatur
3178 763 3278 803 nec
3313 747 3468 819 jussu
3510 750 3652 804 forte

2071 835 2432 908 imperatorio
2488 852 2587 908 per
2643 839 2974 894 oblivionem
3028 841 3296 896 exhibito.
3355 845 3430 913 l)_e
3459 854 3648 899 eorum

2073 939 2254 983 autem
2289 930 2635 986 facultatibus
2673 932 2788 995 flat,
2822 934 2965 987 sicut
2996 933 3166 1002 jussit
3197 936 3498 1006 imperator
3528 952 3650 992 nte-

2072 1029 2338 1077 moratus.
2366 1022 2506 1089 Quia
2536 1035 2717 1078 autem
2749 1025 2930 1094 plures
2984 1025 3293 1090 homicidae,
3327 1030 3418 1098 qui
3448 1028 3650 1084 caedem
3706 1064 3708 1066 -

2074 1115 2337 1169 meditato
2375 1126 2431 1171 et
2459 1117 2690 1172 consilio
2724 1129 2886 1190 capto
2918 1131 3255 1192 perpetrant,
3289 1123 3355 1175 ad
3410 1123 3650 1180 sanctis-

2071 1207 2266 1263 simam
2303 1208 2397 1264 Dei
2433 1208 2680 1279 Magnam
2709 1211 3010 1268 Eeclesism
3066 1228 3250 1285 postea
3305 1219 3647 1281 accedentes,

2073 1313 2181 1355 non
2209 1309 2266 1355 ut
2291 1299 2436 1354 facta
2469 1309 2553 1356 est
2584 1317 2612 1356 a
2647 1317 2729 1367 se,
2764 1305 2858 1358 sed
2889 1311 2950 1356 ut
2977 1307 3042 1358 ad
3077 1319 3232 1360 suam
3281 1306 3410 1361 facit
3442 1308 3650 1363 utilita-

2074 1401 2202 1458 tem,
2233 1393 2516 1448 veritatem
2545 1393 2810 1462 celantes,
2841 1397 3042 1450 caedem
3088 1397 3454 1464 conﬁtentur;
3496 1400 3651 1468 jubet

2071 1499 2190 1539 mea
2233 1482 2536 1558 imperialis
2582 1486 2909 1554 sublimitas,
2946 1501 3004 1544 ut
3060 1505 3092 1545 a
3149 1491 3499 1548 sanctissimo
3551 1509 3652 1564 pro
3763 1500 3770 1506 ‘

2072 1587 2316 1648 tempore
2344 1579 2652 1650 patriarcha
2690 1581 2756 1634 ad
2788 1581 3031 1651 regionis
3084 1583 3405 1650 antistitem,
3445 1594 3520 1651 et,
3555 1586 3651 1656 qni

2071 1671 2123 1727 ei
2157 1673 2372 1736 subest,
2415 1675 2643 1740 clerum,
2673 1675 2969 1743 quinetiam
3015 1675 3082 1729 ad
3133 1677 3369 1746 regionis
3414 1678 3652 1745 judicem

2075 1782 2199 1823 cum
2254 1781 2431 1838 poma
2464 1768 2888 1825 comminatione
2945 1769 3244 1825 scribatur.
3294 1771 3362 1826 Et
3389 1772 3655 1842 quemad-

1998 1850 2046 1911 Β
2074 1861 2293 1916 modum
2336 1861 2537 1916 factam
2595 1877 2719 1917 esse
2770 1863 2970 1918 cuidem
3014 1877 3080 1918 ex
3133 1863 3350 1917 illorum
3387 1867 3652 1930 rescripto

2071 1950 2424 2016 intellexerit,
2480 1952 2552 2008 ita
2605 1967 2725 2009 eam
2783 1968 3002 2024 quoque
3059 1954 3407 2012 ulciscatur:
3459 1965 3650 2012 etnon

2070 2059 2221 2111 eum,
2277 2048 2368 2115 qui
2399 2056 2560 2117 capto
2593 2046 2822 2102 consilio
2855 2047 3056 2102 caedem
3098 2047 3250 2117 facit,
3286 2059 3505 2120 propter
3541 2047 3649 2104 fal-

2073 2155 2190 2196 sam
2227 2155 2383 2195 suam
2415 2140 2844 2204 confessionem,
2879 2144 3098 2198 easdem
3130 2157 3323 2215 pmnas
3355 2147 3656 2217 eademque

2073 2231 2363 2301 supplicia,
2397 2247 2522 2303 quae
2551 2233 2780 2289 fortuito
2808 2244 2864 2290 et
2894 2236 3191 2304 improviso
3219 2237 3274 2292 in
3301 2239 3407 2293 tale
3435 2238 3652 2308 aliquod

2071 2325 2281 2380 crimen
2329 2324 2602 2392 incidens,
2630 2328 2847 2382 subeat.
2885 2326 2942 2382 Si
2973 2329 3097 2401 quis
3119 2340 3303 2385 autem
3356 2330 3652 2393 homicida,

2073 2416 2166 2487 qui
2191 2417 2258 2470 ad
2286 2418 2691 2474 sanctissimam
2716 2418 2964 2490 Magnam
2990 2419 3290 2476 Ecclesiam
3329 2422 3656 2493 confugerat

2074 2516 2130 2560 et
2153 2508 2238 2563 vel
2274 2517 2537 2579 perpetuo
2558 2510 2756 2564 exsilio
2782 2513 3200 2576 condemnatus,
3230 2513 3313 2568 vel
3342 2513 3394 2568 in
3424 2513 3657 2568 vinculis

2073 2610 2129 2654 et
2160 2606 2211 2655 in
2244 2613 2502 2673 perpetua
2533 2617 2655 2660 esse
2677 2605 2923 2661 custodia
2958 2616 3072 2661 toto
3099 2607 3223 2661 vita:
3251 2623 3362 2662 sua;
3412 2617 3656 2677 tempore

2062 2690 2253 2761 jussus
2287 2704 2426 2764 erat,
2463 2695 2710 2764 solutus,
2747 2697 2994 2754 inventus
3024 2699 3188 2756 fuerit
3243 2702 3297 2755 in
3351 2703 3504 2766 loco,
3557 2702 3651 2756 ubi

2073 2783 2276 2840 caulem
2311 2788 2666 2856 perpetravit.
2698 2790 2997 2856 ambulare,
3025 2791 3238 2847 vinctus
3282 2793 3349 2846 ab
3373 2803 3651 2860 exactore,

2073 2880 2165 2950 qui
2199 2889 2286 2935 est
2318 2882 2373 2936 in
2399 2882 2643 2953 regione,
2674 2884 2742 2938 ad
2776 2899 2950 2939 meam
2980 2885 3319 2955 imperialem
3345 2888 3650 2944 sublimita-

2075 2981 2180 3026 tem
2216 2972 2484 3037 mittetur,
2535 2982 2591 3029 et
2625 2990 2965 3044 quaecunque
2993 2977 3213 3046 quidem
3267 2991 3355 3034 res
3414 2991 3545 3035 tunc
3594 2979 3646 3034 ei

2073 3067 2304 3124 inventae
2337 3067 2563 3141 fuerint,
2596 3070 2842 3125 exactori
2891 3070 2948 3124 in
2993 3070 3206 3126 lucrum
3249 3073 3465 3136 cedent.
3517 3083 3570 3127 et
3597 3075 3646 3128 ei

2072 3159 2165 3224 qui
2201 3160 2532 3216 homicidam
2571 3161 2828 3216 indicavit
2851 3178 2918 3218 ex
2953 3177 3111 3232 aquo
3141 3162 3285 3218 inter
3311 3180 3406 3221 eos
3437 3164 3644 3221 divisw.

2071 3251 2310 3308 Omnino
2325 3261 2506 3309 autem
2539 3270 2683 3310 cura:
2706 3255 2809 3310 erit
2835 3254 2919 3318 iis,
2946 3256 3034 3322 qui
3066 3266 3190 3312 sunt
3221 3259 3274 3313 in
3305 3259 3649 3315 sanctissima

2071 3345 2266 3416 Magna
2301 3344 2572 3412 Ecclesia,
2609 3347 2824 3401 illorum
2881 3347 3176 3416 iudicibus,
3208 3359 3267 3404 ut
3301 3365 3424 3406 cum
3455 3366 3651 3407 conve-

2072 3441 2259 3496 niente
2286 3439 2547 3494 canonica
2583 3439 2878 3495 severitate
2933 3439 3163 3496 crimina
3201 3442 3366 3498 caedis
3397 3443 3647 3514 puniant,

2070 3541 2125 3587 et
2159 3541 2403 3601 tempora
2435 3549 2540 3588 non
2587 3544 2793 3588 temere
2846 3536 3197 3600 contrahant,
3234 3551 3333 3591 nec
3360 3537 3644 3608 plusquam

2070 3639 2172 3696 par
2203 3625 2296 3690 sit,
2329 3625 2383 3680 in
2414 3625 2480 3680 iis
2515 3640 2636 3695 quae
2663 3640 2770 3680 non
2803 3626 2980 3690 decet,
3013 3642 3071 3681 se
3100 3627 3246 3682 lenes
3270 3637 3323 3681 et
3355 3629 3650 3686 clementes

2073 3726 2351 3788 prasteut.
2435 3716 2736 3785 lmperialis
2803 3726 2983 3772 autem
3058 3733 3192 3773 mea:
3245 3723 3654 3777 constitutionis
3729 3740 3735 3747 ·

2073 3810 2341 3880 exempla,
2374 3808 2444 3864 ah
2469 3810 2536 3863 iis
2550 3811 2640 3878 qui
2665 3820 2903 3880 prmsunt
2924 3809 3144 3880 judiciis
3164 3810 3456 3881 descripta,
3484 3815 3651 3868 missa

2075 3903 2142 3957 ad
2171 3901 2432 3957 ecclesias
2463 3916 2582 3972 quae
2627 3911 2754 3958 sunt
2792 3904 2845 3959 in
2894 3903 3114 3974 regione
3153 3903 3224 3958 ibi
3277 3914 3650 3974 reportentur;

2077 4003 2137 4051 ut
2191 4009 2383 4049 eorum
2439 4009 2558 4061 quze
2607 4004 2736 4050 sunt
2766 3980 3086 4061 constituta,
3131 4011 3322 4052 omnes
3365 3998 3650 4052 scientiam

2074 4087 2336 4153 habeant,
2371 4093 2430 4141 ut
2457 4087 2666 4143 faciant
2691 4089 3149 4157 quemadmodum
3183 4091 3263 4145 eis
3293 4090 3652 4160 comprehen~

2072 4177 2243 4235 ditur.
2279 4177 2438 4247 Quod
2463 4179 2509 4235 si
2542 4180 2589 4235 is
2642 4181 2733 4248 qui
2761 4190 2919 4250 capto
2969 4182 3196 4236 consilio
3226 4183 3429 4238 czcdem
3486 4184 3651 4248 fecit,

2075 4281 2356 4328 tonsuram
2407 4289 2504 4329 sua
2541 4283 2732 4344 sponte
2765 4273 3012 4343 elegerit,
3055 4291 3162 4331 non
3216 4276 3419 4346 absque
3450 4281 3654 4347 proba-

2073 4365 2220 4420 tione
2256 4365 2401 4421 inter
2453 4366 2752 4421 monachos
2803 4367 3175 4436 cooptabitur,
3209 4371 3303 4425 sed
3363 4371 3652 4428 sufﬁcienti

2077 4471 2323 4527 tempore
2339 4457 2746 4514 accuratissime
2768 4467 2819 4514 et
2837 4460 3253 4531 diligentissime
3273 4478 3340 4519 ex
3374 4465 3651 4521 canonicis

387 4556 709 4627 ἐκκλησίαις
735 4556 1138 4628 άποτεθήσεται
1158 4573 1174 4588 ο
1195 4557 1338 4612 ὥστε
1366 4559 1574 4623 πάντας
1599 4559 1806 4631 εῐδησιν
1823 4559 1968 4630 ἔχειν

2078 4549 2562 4606 constitutionibus
2604 4550 2973 4613 examinatus,
3022 4563 3078 4608 et
3121 4554 3403 4623 probatus,
3453 4555 3504 4610 in
3533 4570 3652 4611 mo-

386 4650 499 4702 τῶν
533 4652 932 4724 διωρισμένων,
979 4651 1056 4714 ὡς
1097 4650 1165 4704 ἂν
1208 4651 1409 4705 ποιῶσι
1450 4655 1594 4705 κατὰ
1630 4652 1730 4723 τὴν
1758 4656 1966 4710 τούτων

2075 4641 2320 4698 nasterio
2373 4641 2459 4696 vel
2513 4641 2720 4697 invitus
2769 4651 2883 4699 toto
2944 4645 3069 4699 vita:
3125 4656 3368 4715 tempore
3430 4663 3652 4706 manere

385 4743 706 4814 περίληψιν.
735 4745 909 4814 Είπερ
941 4745 1124 4816 μέντοι
1148 4745 1176 4798 ό
1205 4745 1298 4799 τὸν
1333 4745 1778 4820 μεμελετημένον
1805 4748 1964 4818 φόνον

2070 4746 2320 4808 cogetur,
2356 4749 2460 4791 nec
2499 4735 2548 4791 ei
2605 4749 2842 4805 unquam
2888 4735 3035 4793 illinc
3079 4739 3231 4794 exire
3280 4747 3648 4810 permittatur.

387 4839 764 4908 ἐργασάμενος
809 4839 1074 4900 ἑκουσίως
1126 4836 1303 4891 ἕλοιτο
1342 4838 1446 4908 τὴν
1488 4838 1819 4909 ἀπόκαρσιν,
1861 4842 1963 4894 οὐκ

2070 4827 2459 4885 Monasterium
2493 4835 2675 4881 autem
2703 4828 2810 4882 erit
2838 4829 3061 4884 omnino
3094 4831 3148 4885 in
3180 4831 3285 4888 alia
3338 4834 3648 4904 provincia.

385 4930 771 5001 ἀδοκιμάστως
805 4932 916 4994 τοῖς
959 4929 1212 5000 μοναχοῖς
1256 4931 1781 5002 ἐγκαταλεγήσεται,
1822 4932 1963 4988 ἀλλὰ

2070 4934 2126 4979 et
2155 4923 2330 4978 nonin
2356 4937 2418 4976 ea
2442 4931 2586 4976 terra
2613 4935 2735 4991 qua:
2763 4923 2960 4976 mortui
2987 4926 3310 4995 sanguinem
3357 4928 3647 4984 dehiscens

389 5021 528 5091 μετὰ
554 5023 756 5094 πολλῆς
781 5021 1066 5091 ἀκριϐείας
1097 5025 1190 5075 καὶ
1238 5020 1539 5086 ἐξετάσεως
1566 5022 1658 5077 τὸν
1684 5024 1961 5096 ἀρκοῦντα

2069 5018 2211 5076 male
2229 5014 2486 5084 suscepit.

387 5118 582 5189 χρόνον
615 5117 754 5170 κατά
796 5117 894 5181 τὰς
915 5117 1208 5181 κανονικάς
1225 5115 1500 5181 διατάξεις
1517 5117 1969 5190 βασανιζόμενος.
2003 5117 2096 5186 Τῷ
2129 5115 2314 5184 μέντοι
2347 5110 2699 5181 μοναστηρίῳ
2749 5109 2844 5164 καὶ
2877 5109 3027 5163 ἄκων
3079 5113 3412 5182 προσμένειν
3470 5119 3643 5186 άναγ-

388 5211 722 5282 κασθήσεται
755 5207 886 5281 παρ’
928 5208 1050 5264 ὅλον
1097 5209 1189 5261 τὸν
1220 5208 1322 5279 τῆς
1360 5209 1508 5280 ζωῆς
1544 5209 1710 5264 αὐτοῦ
1768 5213 1980 5283 χρόνον,
2019 5210 2291 5282 μηδέποτε
2320 5205 2512 5259 τούτου
2542 5203 2861 5274 ἐξέρχεσθαι
2904 5206 3375 5275 συγχωρούμενος.
3423 5209 3646 5276 Πάντως

385 5308 442 5362 δὲ
474 5308 534 5361 τὸ
564 5304 929 5378 μοναστήριον
947 5305 1006 5357 ἐν
1032 5303 1197 5375 ἑτέρα
1235 5302 1390 5357 ἔσται
1431 5304 1693 5375 ἐπαρχίᾳ,
1735 5306 1830 5358 καί
1857 5305 1960 5358 οὐκ
1990 5307 2049 5357 ἐν
2085 5302 2272 5374 ἐκείνῃ
2312 5300 2380 5369 τῇ
2420 5299 2512 5367 γῇ,
2556 5296 2592 5365 ἢ
2622 5297 2683 5348 τὸ
2733 5296 2830 5349 τοῦ
2883 5296 3136 5362 Θανόντος
3194 5293 3335 5369 αἷμα
3406 5302 3651 5372 χανοῦσα

385 5401 571 5465 κακῶς
615 5401 645 5453 ὑ
657 5397 934 5466 πεδέξατο.

372 5561 374 5564 _
455 5498 701 5553 ΖΩΝΔΡ.
737 5497 875 5566 Περὶ
904 5496 1168 5550 ἑκουσίων
1193 5496 1286 5550 καὶ
1316 5497 1588 5553 ἀκουσίων
1613 5497 1790 5565 φόνων
1819 5499 1970 5567 ἠρω-

381 5586 521 5658 τήθη
555 5587 582 5639 ὁ
605 5588 784 5653 ἅγιος,
818 5586 912 5637 καὶ
943 5587 1083 5647 τέως
1130 5586 1223 5638 τὸν
1249 5585 1346 5656 τὴν
1365 5587 1559 5661 ἀξίνην
1585 5587 1967 5654 άκοντίσαντα,

380 5682 475 5734 καὶ
501 5679 786 5752 πλήξαντα
827 5677 1003 5749 ταύτῃ
1059 5679 1158 5749 τὴν
1212 5681 1422 5733 οἰκείαν
1473 5682 1744 5753 γαμετὴν,
1800 5683 1966 5751 φἰνέα

381 5767 522 5826 εἶναι
557 5771 812 5826 ἑκούσιον
878 5771 1221 5839 ἀπεφήνατο,
1285 5771 1378 5824 καὶ
1442 5771 1620 5825 πάντα
1670 5773 1762 5825 τὸν
1818 5772 1967 5843 ξίφει

381 5865 664 5938 χρώμενον
721 5862 993 5930 οίῳδήτινι
1043 5863 1183 5916 κατά
1228 5878 1394 5925 τινος.
1430 5862 1672 5919 “enim
1715 5865 1768 5920 δὲ
1821 5867 1961 5920 διαί-

710 5960 978 6021 ΡΑτιιοι.
1034 5960 1148 6021 Gn.
1201 5960 1578 6027 CXXXVllI.

2143 5493 2250 5565 63
2281 5487 2537 5544 ΖυΝςιῐὶ.
2571 5483 2646 5540 De
2690 5485 3015 5541 voluntariis
3047 5501 3110 5541 ac
3131 5485 3509 5544 involuutariis
3535 5505 3646 5547 ca:-

2073 5587 2233 5641 dibus
2283 5584 2656 5650 intermgatus
2706 5589 2792 5632 est
2855 5587 3081 5633 sanctus
3118 5597 3132 5633 :
3169 5589 3334 5648 atque
3395 5580 3522 5636 hinc
3549 5583 3643 5665 qui

2072 5680 2305 5736 securim
2349 5673 2622 5746 iaculatus
2668 5682 2784 5738 est,
2828 5687 3001 5742 eaque
3061 5687 3286 5727 uxorem
3328 5687 3480 5728 suam
3517 5689 3642 5742 per.

2069 5772 2262 5834 cussit,
2304 5767 2630 5823 homicidam
2659 5780 2780 5821 esse
2810 5765 3179 5820 voluntarium
3222 5767 3640 5829 demonstravit,

2069 5875 2124 5921 ct
2172 5864 2490 5932 quicunque
2540 5859 2720 5931 gladio
2769 5858 3023 5930 quopiam
3085 5859 3344 5914 adversus
3397 5861 3628 5931 aliquem

3260 5951 3336 6014 20
