4138 6312
508 394 620 462 69.9

1509 399 1597 464 IN
1625 397 1864 464 EPIST.
1891 398 1952 464 S.
1996 397 2285 462 BASILII
2320 400 2764 464 CANONICAM
2800 401 2854 465 Ι.

3667 401 3780 465 630

508 509 676 574 θείοις
707 507 921 582 ὕμνοις,
963 512 1104 568 ἀλλά
1135 514 1348 586 ἀργεῖν.
1394 515 1488 570 Ἐκ
1521 518 1730 571 τούτοιν
1779 518 1873 572 καὶ
1896 520 2081 590 ήμεῖς,

2208 534 2438 589 quoque,
2469 519 2671 591 inquit,
2718 533 2837 589 qua:
2877 517 2942 572 ad
2964 515 3249 588 Cyriacum
3307 513 3602 586 pertinent.
3664 512 3779 566 dis-

504 605 696 673 φησιν,
726 605 1136 676 οἰκονομοῦντες
1186 611 1255 662 τὰ
1287 608 1430 665 κατὰ
1485 611 1578 665 τὸν
1639 613 1944 682 κυριακὸν,
1996 612 2090 667 καὶ

506 696 835 770 δπιστρέψαι
865 699 1026 754 αὐτὸν
1062 703 1141 762 εἷς
1176 701 1278 772 τὴν
1327 705 1653 776 ἐκκλησίαν,
1754 706 1970 776 ὤμοσεν
1996 709 2091 776 ὲγο

509 793 823 862 καρτερεῖν,
854 794 1274 865 ἐπιτρέποντες,
1299 798 1360 851 οὑ
1394 799 1624 869 δόξομεν
1680 799 1832 872 παρά
1856 804 2091 865 κανόνας

509 887 711 946 ποιεῖν.
732 887 858 941 οὐδὲ
893 889 1106 952 εκεῖνος
1143 891 1511 960 παραϐαίνειν
1533 893 1627 948 τὸν
1651 894 1816 966 ὅρκον
1848 898 2089 968 κριθείη.

522 977 1127 1054 Ἑπανερχόμενοςγάρ
1182 983 1332 1039 δοκεῖ
1395 987 1698 1057 φυλάσσειν
1753 989 1846 1043 τὸν
1903 991 2091 1062 ὅρκον,

504 1069 594 1124 ὅτι
621 1071 745 1127 οὐδὲ
773 1073 1097 1143 πρόσκειται
1125 1075 1205 1148 τῷ
1235 1077 1411 1149 ὅρκῳ,
1445 1079 1568 1133 οὐδὲ
1603 1079 1740 1150 πρὸς
1772 1083 1949 1154 βραχὺ
1965 1083 2095 1138 ἀνα-

510 1163 788 1234 χωρήσειν
813 1167 910 1218 τοῦ
951 1165 1123 1237 ἀγροῦ
1157 1168 1266 1221 τῶν
1292 1169 1597 1229 Μινδάνων.
1635 1173 1780 1242 Ὅρα
1829 1173 1923 1228 οὖν
1975 1175 2094 1240 πῶς

511 1257 577 1309 sx
605 1257 702 1324 τῆς
725 1257 836 1310 τῶν
872 1261 1134 1330 ῥημάτων
1154 1263 1458 1341 ἐξετάσεως
1500 1265 1594 1318 καὶ
1619 1269 2093 1338 κατασκοπήσεως

511 1349 814 1421 ἐθήρευσεν
843 1354 873 1407 ό
919 1347 1095 1422 ἅγιος
1119 1357 1266 1422 νοῦν,
1314 1358 1459 1414 ὥστε
1494 1360 1568 1431 μὴ
1598 1359 1778 1415 δοκεῖν
1810 1364 2096 1430 ίπιορκεῖν

511 1439 606 1492 τὸν
634 1440 932 1510 ὀμόσαντα.
967 1445 1158 1502 Ταῦτα
1189 1449 1290 1519 μιν
1310 1445 1403 1504 οῦν
1457 1451 1590 1521 περὶ
1639 1450 1736 1506 τοῦ
1787 1452 2093 1524 κυριακοῦ.

520 1532 588 1587 '0
612 1532 670 1586 δὲ
693 1534 953 1605 Σεϐῆρος,
981 1538 1331 1609 αἰτιώμενος,
1361 1543 1442 1598 ὅτι
1483 1543 1564 1608 είς
1615 1543 1788 1615 άγρδν
1834 1546 2095 1619 ἀλλοτρίᾳ

517 1623 883 1681 ὑποτελοῦντα
911 1629 1098 1704 ἰνορίᾳ
1125 1633 1556 1705 ἐχειροτόνησεν,
1579 1636 1735 1704 ἔλεγε
1763 1637 1906 1692 κατά
1921 1637 2096 1710 λήθην

513 1716 675 1770 τοῦτο
700 1719 951 1786 ποιῆσαι,
984 1723 1258 1793 ἀγνοήσας
1290 1726 1465 1795 ἑτέρῳ
1496 1728 1590 1781 τὸν
1625 1729 1802 1800 ἀγρὸν
1865 1731 2093 1785 ὕποκεῖ-

521 1807 668 1862 σθαι.
716 1808 871 1892 ἐπεὶ
900 1808 1014 1878 οὖν,
1047 1817 1205 1886 φησι,
1242 1818 1344 1888 τήν
1381 1817 1553 1889 λήθην
1581 1821 1968 1891 προϐάλλεται,
2017 1825 2100 1878 δεῖ

515 1902 682 1957 αὑτὸν
715 1907 1146 1978 συγχωρηθῆναι
1171 1911 1265 1963 καὶ
1296 1913 1377 1974 είς
1407 1910 1506 1982 τὴν
1556 1914 1739 1982 κρίσιν
1788 1915 2096 1988 ἀναρτῆσαι

518 1994 684 2048 αὑτὸν
717 1996 814 2050 τοῦ
844 1997 1007 2053 Θεοῦ.
1039 2000 1165 2054 Ὀτι
1199 2003 1310 2072 γὰρ
1327 2006 1428 2057 οὐκ
1448 2005 1616 2075 ίσμὶν
1639 2008 2096 2079 καρδιογνῶσται,

517 2087 634 2141 ἀλλ’
660 2086 741 2154 ὥς
767 2090 1062 2161 ἀκούομεν,
1103 2095 1389 2165 κρίνομεν,
1439 2097 1624 2169 δῶμεν
1671 2101 1771 2171 τὴν
1816 2101 2101 2173 ικδίκησιν

515 2180 598 2252 τῷ
633 2178 772 2252 Θεῷ,
812 2189 1374 2257 συγγνωμονήσαντες
1431 2191 1521 2245 δια
1568 2193 1669 2264 τὴν
1716 2193 1915 2265 λήθην,
1975 2194 2100 2266 ήτις

517 2273 638 2326 ἐστὶ
669 2273 840 2338 πάθος
872 2275 1234 2347 ἀνθρώπινον.
1279 2282 1389 2336 Καὶ
1418 2282 1488 2336 τά
1529 2284 1628 2354 μὲν
1655 2283 1753 2339 τοῦ
1786 2289 2012 2352 κανόνος
2037 2289 2100 2342 εν

514 2365 750 2433 τούτοις.
791 2369 864 2424 Σὺ
893 2369 950 2424 δὲ
973 2370 1248 2441 ἀνάγνωθι
1276 2375 1340 2427 τὸ
1390 2373 1460 2446 ιη’
1486 2393 1614 2448 κεφ.
1663 2376 1760 2431 τοῦ
1793 2377 1864 2448 ιγ’
1919 2380 2100 2436 τίτλον

517 2459 614 2514 τοῦ
635 2461 905 2529 παρόντος
940 2467 1350 2536 συντάγματος,
1397 2470 1492 2524 καὶ
1521 2469 1589 2524 τά
1653 2470 1736 2535 είς
1780 2473 1881 2539 τήν
1927 2473 2104 2545 ὶρμη-

517 2552 670 2608 νείαν
695 2554 863 2609 αὑτοῦ
880 2557 1170 2628 γραφόντα
1199 2559 1366 2631 χάριν
1393 2559 1871 2634 ἀναψηλαφήσεως
1899 2564 2100 2634 ὅρκων.

527 2647 657 2721 Ἐχε
687 2649 746 2705 δε
779 2653 873 2707 sui
895 2655 1123 2725 μνήμης
1155 2656 1249 2708 καὶ
1274 2655 1339 2710 τὸ
1366 2654 1524 2726 παρά
1569 2655 1666 2710 τοῦ
1694 2657 1856 2726 άγίου
1883 2658 2103 2729 ὁρισθὲν

515 2743 680 2816 χάριν
705 2744 800 2801 τοῦ
821 2749 1274 2818 παρεμπεσόντος
1303 2747 1517 2817 φάκτου
1547 2749 1643 2805 επὶ
1670 2751 1737 2822 τῇ
1786 2753 2102 2825 χειροτονίᾳ.

519 2835 616 2890 τοῦ
642 2837 952 2910 Κυριακοῦ,
982 2840 1078 2895 καὶ
1119 2843 1188 2912 τῇ
1216 2842 1486 2914 γενομένῃ
1522 2843 1676 2913 παρά
1706 2844 1896 2898 τούτου
1940 2844 2103 2915 δῆθεν

521 2929 800 3004 ιπιορκίᾳ.
837 2933 947 2986 Καὶ
975 2936 1287 3004 σημείωσαι
1318 2933 1401 2989 ὅτι
1452 2935 1546 2992 διὰ
1573 2936 1764 2990 τούτου
1833 2938 2103 3008 συγγινιῖμ

520 3037 768 3090 σκονται,
801 3026 875 3090 ὡς
905 3027 1101 3094 ἔοικεν,
1136 3027 1188 3080 οῖ
1218 3030 1358 3083 κατά
1392 3046 1546 3094 τινας
1581 3031 1985 3102 πατριαρχικὰς
2008 3030 2102 3086 lx-

526 3115 759 3187 κλησίας
792 3118 1227 3189 ίερουργοῦντες,
1255 3118 1517 3192 ιγχώριοι
1564 3121 1866 3194 ἀρχιερεῖς.
1897 3121 1962 3179 Ei
1990 3125 2103 3197 γὰρ

2195 622 2510 681 pensantes,
2535 623 2588 668 et
2621 612 2998 684 permittentes
3050 620 3105 666 ut
3143 611 3327 664 redeat
3362 607 3429 662 ad
3457 605 3778 669 ecclesiam.

2193 707 2248 760 in
2277 721 2382 776 qua
2411 721 2471 761 se
2501 719 2856 775 perseverare
2908 703 3135 774 juravit,
3185 717 3289 757 non
3326 699 3634 755 videbimur
3688 686 3774 754 ri..-

2194 815 2320 855 cere
2337 809 2534 868 prmter
2552 814 2811 863 canones,
2833 814 2934 855 nec
2962 797 3050 852 ille
3063 796 3440 867 jusjurandum
3466 792 3788 864 transgredi-

2193 892 2466 950 videbitur
2503 911 2518 948 :
2557 902 2838 949 revertens
2885 892 3030 948 enim
3059 891 3273 946 videtur
3323 903 3545 945 servare
3592 887 3775 959 jusju-

2196 982 2456 1052 randum,
2501 983 2628 1054 quia
2669 983 3024 1055 jurijurando
3068 983 3344 1054 adjectum
3399 997 3505 1036 non
3553 991 3655 1043 est,
3714 995 3776 1036 se

2197 1092 2304 1131 non
2339 1077 2407 1131 ad
2458 1077 2622 1133 breve
2663 1071 2874 1148 tempus
2929 1091 3283 1134 excessurum
3335 1092 3402 1132 es
3452 1069 3585 1146 agro
3633 1073 3776 1131 Miti-

2197 1169 2484 1226 danorum.
2516 1169 2625 1242 67
2651 1167 2785 1225 Vide
2823 1153 2964 1239 ergo
3017 1169 3290 1240 quomodo
3349 1183 3414 1221 ex
3487 1152 3775 1221 verborum

2197 1260 2596 1318 examinatione
2639 1271 2695 1317 et
2714 1262 3155 1318 consideratione
3181 1269 3405 1316 sanctus
3440 1261 3774 1315 sententiam

2198 1363 2443 1416 venatur,
2485 1363 2544 1410 ut
2567 1359 2614 1411 is
2638 1355 2729 1424 qui
2761 1355 2990 1425 juravit,
3041 1371 3148 1410 non
3203 1356 3460 1418 videatur,
3505 1348 3774 1425 pejerare.

2199 1446 2323 1503 llaec
2347 1464 2476 1520 ergo
2517 1449 2583 1503 de
2646 1447 2896 1521 Cyri-aco.
2947 1449 3182 1504 Severus
3240 1459 3422 1504 autem
3469 1458 3792 1510 accusatus,

2199 1540 2344 1609 quod
2385 1543 2437 1596 in
2477 1557 2690 1613 agrum,
2721 1541 2811 1612 qui
2841 1551 2959 1597 erat
2981 1540 3074 1596 alii
3121 1540 3330 1613 regioni
3366 1539 3665 1608 subjectus,
3688 1555 3782 1595 or-

2200 1638 2460 1701 dinasset,
2496 1635 2710 1691 dicebat
2740 1650 2800 1690 se
2831 1636 2933 1690 hoc
2956 1634 3237 1690 oblivione
3280 1634 3493 1696 fecisse,
3529 1633 3788 1688 nescien-

2203 1740 2308 1782 tem
2340 1744 2527 1798 agrnm
2581 1729 2672 1783 alii
2732 1743 2854 1784 esse
2909 1727 3239 1797 subjectum.
3298 1726 3566 1794 Quoniam
3624 1740 3783 1796 ergo,

2205 1821 2399 1892 inquit,
2458 1824 2523 1874 ad
2576 1822 2658 1875 sui
2713 1821 3084 1877 defensionem
3139 1820 3503 1892 ignorantiam
3559 1817 3781 1888 allegat,

2201 1921 2417 1981 Oportet
2451 1914 2502 1967 ei
2529 1913 2758 1984 ignosci,
2794 1928 3027 1982 eumque
3058 1912 3152 1968 Dei
3185 1912 3393 1984 judicio
3425 1911 3776 1982 relinquere:

2203 2021 2325 2058 cum
2359 2003 2501 2058 enim
2537 2005 2780 2058 cordium
2830 2005 3144 2075 cognitores
3180 2019 3286 2058 non
3333 2018 3544 2067 sumus,
3594 1999 3691 2056 sed
3724 2010 3785 2054 ut

2202 2100 2475 2166 audimus,
2502 2099 2830 2168 judicamus,
2858 2099 3047 2155 demus
3077 2097 3186 2154 Deo
3217 2097 3538 2163 vindictam,
3581 2095 3788 2169 condo-

2204 2201 2396 2247 nantea
2427 2201 2646 2261 propter
2683 2191 3041 2256 oblivionem,
3091 2205 3211 2260 qua:
3241 2199 3327 2246 est
3377 2190 3670 2260 humanum
3701 2187 3788 2240 vi-

2206 2286 2363 2340 tium.
2400 2285 2467 2341 Et
2507 2301 2683 2340 canon
2718 2285 2937 2355 quidem
2973 2287 3024 2338 in
3060 2284 3147 2340 his
3177 2275 3449 2338 Consistit.
3483 2280 3571 2336 Tu
3602 2287 3782 2334 autem

2204 2377 2322 2448 lege
2375 2392 2496 2447 cap.
2530 2377 2596 2431 l8
2626 2417 2638 2438 .
2668 2393 2791 2447 cap.
2822 2377 2892 2432 15
2949 2375 3030 2446 tit.
3068 2376 3134 2431 l3
3163 2376 3444 2446 praesentis
3485 2375 3703 2443 operis,
3729 2383 3787 2426 et

2206 2481 2324 2540 qua:
2357 2472 2409 2526 in
2439 2470 2558 2541 ejus
2608 2472 3054 2541 interpretatione
3078 2470 3278 2540 scripta
3316 2479 3438 2524 sunt
3470 2470 3536 2523 de
3582 2474 3783 2521 tracta-

2207 2564 2353 2619 tione
2379 2561 2840 2632 iuramentorum.
2874 2561 2958 2616 Tu
2993 2561 3356 2616 autem‘habe
3408 2558 3463 2612 in
3517 2558 3783 2612 memoria

2204 2655 2258 2710 id
2287 2669 2523 2725 quoque,
2558 2653 2762 2725 quoda
2817 2663 3010 2708 sancto
3067 2653 3331 2723 scriptum
3383 2662 3468 2705 est
3520 2650 3586 2705 de
3638 2647 3788 2704 facto

2205 2748 2350 2817 quod
2381 2746 2573 2802 incidit
2601 2748 2660 2802 in
2691 2748 3035 2804 ordinatione
3065 2745 3305 2819 Cyriaci,
3338 2753 3394 2800 et
3453 2746 3519 2799 de
3544 2741 3788 2816 periurio

2203 2839 2348 2910 quod
2375 2839 2447 2895 ab
2465 2855 2531 2895 eo
2549 2840 2901 2896 commissum
2918 2849 3000 2896 est
3036 2858 3050 2896 :
3081 2850 3135 2895 et
3161 2848 3287 2894 nota
3309 2839 3453 2908 quod
3473 2845 3784 2907 propterea.

2206 2939 2267 2988 ut
2293 2941 2379 2989 est
2426 2932 2741 2999 verisimile,
2794 2932 3097 3004 ignoscitur
3125 2933 3364 3001 regionis
3423 2930 3788 2994 antistitibus,

2205 3027 2299 3097 qui
2335 3027 2389 3081 in
2451 3025 2776 3095 quibusdam
2828 3025 3281 3096 patriarclralibus
3338 3025 3586 3081 ecclesiis
3630 3038 3790 3098 sacra

2207 3117 2506 3174 celebrant.
2532 3115 2644 3173 Nisi
2690 3119 2837 3174 enim
2884 3119 3204 3190 ignorantiae
3234 3121 3529 3187 prirtextus
3580 3113 3789 3174 Severo

523 3207 699 3309 pqae
721 3213 826 3282 τῆς
851 3212 1076 3278 ἀγνοίας
1117 3213 1414 3285 πρόϐλημα
1447 3213 1716 3288 ἐϐοήθησε
1746 3215 1822 3287 τῷ
1852 3216 2100 3290 Σεϐήρῳ,

2208 3211 2471 3267 auxilium
2504 3211 2742 3277 tulisset,
2779 3212 3062 3285 depositus
3096 3221 3263 3278 esset,
3290 3211 3435 3281 quod
3462 3211 3602 3268 ultra
3631 3225 3788 3293 suam

521 3299 802 3376 καθῃρέθη
835 3304 922 3372 ἂν,
943 3304 1036 3361 διὰ
1065 3306 1126 3359 τὺ
1160 3306 1293 3376 παρ’
1317 3307 1535 3378 ὲνορίαν
1575 3309 1801 3379 ποιῆσαι
1855 3327 2098 3382 χειροτοο

519 3393 666 3450 νίαν.
697 3395 833 3465 Περὶ
876 3397 934 3451 δι
972 3398 1167 3472 ἱερέων
1183 3399 1398 3470 ψευδῶς
1436 3403 1906 3474 μαρτυρησάντων
1934 3403 2105 3471 ἀνάγ·-

522 3486 658 3540 νωθι
685 3486 785 3559 τὴν
818 3495 905 3553 ος’
934 3491 1153 3560 Νεαρὰν
1181 3489 1275 3544 τοῦ
1329 3489 1599 3561 βασιλέως
1648 3491 1819 3565 κυροῦ
1875 3495 2104 3561 Λέοντος

520 3580 616 3635 τοῦ
642 3582 964 3654 Φιλοσόφου,
997 3585 1477 3657 διαλαμϐάνουσαν
1523 3588 1625 3653 ὡς,
1665 3588 1715 3641 εί
1750 3587 1851 3657 μὲν
1880 3588 2104 3658 ἔνορκον

519 3675 1002 3750 ψευδομαρτυρίαν
1076 3682 1294 3752 ποιήσει
1364 3685 1392 3736 ό
1455 3683 1658 3754 ίερεὺς,
1735 3680 2101 3754 καθαιρεῖται.

518 3769 730 3843 Ὀρκου
774 3772 830 3825 δὲ
899 3775 975 3844 μὴ
1042 3774 1592 3845 παραζευγνυμένου,
1653 3773 1976 3843 ἀφορίζεται
2008 3775 2101 3829 ἐπὶ

518 3865 709 3935 τριετῆ
749 3867 941 3937 χρόνον
977 3868 1057 3932 είς
1107 3871 1493 3941 μοναστήριον,
1519 3869 1615 3924 καὶ
1657 3867 1831 3933 οὕτως
1862 3870 1944 3934 είς
2001 3869 2101 3942 τὴν

521 3956 663 4011 ῖδίαν
693 3958 846 4023 τάξιν
870 3961 1331 4017 ἀποκαθίσταται.

594 4049 1020 4116 ΖΩΝᾹΡ.Τινες
1046 4055 1126 4117 εἰς
1169 4052 1230 4108 τδ
1277 4055 1721 4127 χειροτονηθῆναι
1773 4057 2102 4129 καλούμενοι

523 4139 833 4211 ὶξὼμνυντο
863 4141 940 4215 μὴ
994 4142 1391 4211 καταδέξασθαι
1444 4147 1546 4218 τὴν
1575 4149 1933 4217 χειροτονίαν.
1963 4149 2104 4212 Τοὺς

521 4230 620 4286 οὖν
643 4235 920 4299 τοιούτους
974 4234 1123 4304 λέγει
1162 4236 1191 4290 ὅ
1214 4237 1394 4292 κανὼν
1429 4238 1506 4310 μὴ
1536 4239 1650 4294 δεῖν
1691 4240 2104 4309 ἀναγκάζεσθαι

524 4324 823 4398 ἐπιορκεῖν,
851 4329 1150 4404 Κάνιδοκῇ,
1185 4331 1372 4404 φησιν,
1403 4331 1607 4398 ἐξεῖναι
1632 4335 1746 4398 τοῖς
1768 4334 1863 4404 ἀφ’
1893 4335 2103 4404 ιαυτῶν

524 4420 808 4490 ὀμόσασιν,
861 4423 895 4496 ἢ
946 4422 1150 4495 δεσμόν
1170 4442 1291 4479 τινα
1352 4426 1566 4490 ἑαυτοῖς
1595 4426 1968 4495 ἀπιϐαλοῦσιν,
1993 4410 2109 4483 οῖον

527 4515 607 4586 μὴ
633 4517 830 4585 φαγεῖν
857 4516 1050 4590 κρέας,
1076 4518 1110 4589 ἢ
1139 4517 1216 4591 μὴ
1242 4520 1388 4573 πιεῖν
1415 4514 1584 4585 οἶνον,
1615 4519 1650 4591 ἢ
1680 4519 1756 4591 μὴ
1772 4520 1893 4575 τόδε
1923 4519 1972 4592 ἢ⁷
1985 4522 2105 4576 τόδε

2212 3303 2495 3360 (Ιίωεεείω
2551 3305 2952 3361 ordinationem
3008 3305 3252 3363 fecisset.
3301 3303 3380 3360 De
3417 3302 3794 3360 sacerdotibus

2211 3402 2395 3451 autem
2416 3394 2566 3452 falso
2615 3397 2937 3460 testiﬁcatis,
3005 3397 3123 3465 lege
3193 3396 3538 3466 imperatoris
3587 3379 3794 3450 domini

2211 3483 2408 3542 Leonis
2441 3485 2716 3556 Sapientis
2766 3488 3032 3544 novellam
3063 3487 3152 3552 76,
3185 3502 3308 3559 qua:
3358 3487 3626 3546 continet,
3647 3486 3793 3555 quod

2212 3581 2257 3636 i
2314 3581 2576 3636 sacerdos
2636 3581 2830 3637 falsum
2881 3581 3254 3635 testimonium
3305 3578 3517 3649 juratns
3572 3578 3791 3638 dixerit.

2213 3676 2516 3745 deponitur.
2553 3675 2706 3743 Quod
2734 3677 2778 3730 si
2807 3676 3191 3746 jusjurandum
3226 3689 3334 3730 non
3366 3675 3689 3737 accesserit,
3738 3675 3794 3729 in

2215 3769 2607 3824 monasterium
2641 3768 2707 3823 ad
2755 3769 3047 3824 triennium
3099 3778 3406 3840 separetur,
3466 3777 3521 3822 et
3555 3767 3634 3822 sic
3686 3767 3795 3838 pri-

2213 3864 2356 3919 stino
2384 3863 2560 3920 ordini
2593 3865 2930 3920 restituatur.

2283 4046 2538 4105 ZONAR.
2569 4047 2799 4117 Quidam
2825 4048 2998 4104 vocati
3023 4058 3081 4102 ut
3104 4047 3514 4111 ordinarentur,
3538 4045 3798 4114 jurarant

2216 4157 2278 4199 se
2313 4143 2711 4199 ordinationem
2767 4159 2874 4199 non
2931 4134 3299 4200 admissuros.
3339 4138 3635 4212 Ejusmodi.
3667 4153 3798 4209 ergo

2215 4235 2487 4299 homines,
2519 4235 2596 4289 ait
2622 4248 2819 4300 canon,
2853 4249 2958 4291 non
2987 4250 3112 4292 esse
3142 4233 3210 4291 ad
3242 4232 3542 4306 perjnrinm
3576 4232 3801 4303 adigen-

2214 4329 2332 4383 dos.
2377 4327 2606 4384 Etiamsi
2653 4329 2923 4396 videatur,
2975 4330 3170 4398 inquit,
3209 4328 3372 4383 licere
3425 4327 3513 4390 iis,
3556 4327 3648 4396 qui
3695 4339 3798 4379 sua

2213 4431 2410 4493 sponte
2450 4420 2727 4493 jurarunt,
2773 4431 2870 4478 aut
2899 4423 3117 4493 aliquod
3153 4422 3434 4477 vinculum.
3455 4420 3558 4475 sibi
3599 4419 3802 4489 injece-

2216 4523 2379 4582 runt;
2420 4517 2564 4570 velut
2597 4515 2868 4571 abstinere
2909 4533 2938 4570 a
2975 4516 3399 4582 earnibus,.aut
3441 4530 3469 4567 a
3519 4513 3665 4576 vino,
3706 4522 3801 4565 aut

528 4610 774 4675 ποιῆσαι,
808 4588 960 4662 λύειν
1031 4588 1214 4663 πάλιν*
1253 4608 1354 4679 ἀφ’
1399 4609 1614 4663 ἑαυτῶν
1637 4588 1978 4683 τδν-δεσμδν,
2013 4614 2101 4669 καὶ

2217 4610 2320 4663 hoc
2345 4607 2432 4664 vel
2468 4607 2598 4663 illud
2627 4609 2916 4675 omittere;
2948 4607 3224 4664 vinculum
3255 4588 3384 4662 illud
3415 4621 3635 4661 rursum
3663 4621 3795 4674 pro:

524 4697 624 4753 τοῦ
654 4700 822 4769 ὅρκου
868 4699 1247 4774 ἀφίστασθαιή
1305 4698 1436 4753 ἀλλ’
1489 4703 1556 4754 ἐκ
1602 4702 1803 4772 πείρας
1829 4703 2108 4775 ἐμάθομεν

525 4789 608 4842 ὃτι
635 4790 685 4842 οῖ
707 4789 1182 4861 παρορκήσαντες,
1248 4790 1416 4860 ήγουν
1443 4789 1494 4843 οί
1543 4791 1695 4862 παρά
1740 4791 1872 4856 τοὺς
1910 4792 2108 4862 ὅρκους

527 4885 880 4953 ποιήσαντες,
931 4883 1035 4937 οὐκ
1070 4881 1440 4950 εὐδοκοῦνται,
1479 4882 1602 4937 ἀντὶ
1627 4882 1750 4951 τοῦ,
1793 4885 1854 4937 οὐ
1890 4883 2108 4954 θελητοὶ

525 4976 605 5047 τῷ
623 4975 741 5047 Θεῷ
766 4979 924 5041 είσιν,
949 4974 981 5046 ἢ
1011 4976 1114 5030 οὐκ
1135 4975 1416 5045 εὐδόκιμοι
1454 4976 1627 5050 αὐτῷ,
1663 4977 1725 5029 οὑ
1756 4977 1801 5030 δ’
1821 4977 2108 5050 εὐάρεστοι

529 5069 829 5140 κρίνονται.
859 5071 950 5122 Δεῖ
983 5069 1065 5134 δὲ,
1092 5073 1284 5141 φησὶν,
1309 5071 1404 5124 επὶ
1454 5069 1566 5123 τῶν
1610 5069 1869 5124 τοιούτοιν
1904 5070 2000 5125 καὶ
2049 5071 2110 5124 τὸ

530 5160 670 5230 εἶδος
702 5165 798 5219 τοῦ
831 5165 996 5236 ὅρκου
1030 5168 1290 5219 σκοπεῖν·
1320 5165 1524 5231 εῐτουν,
1573 5168 1621 5221 εί
1648 5166 1784 5221 Θεδν
1822 5166 2111 5238 ὠνόμασεν

527 5257 773 5327 ὀμνύων,
819 5257 854 5328 ἧ
880 5256 1011 5313 ἀλλο
1041 5275 1118 5324 τι,
1152 5259 1246 5312 καὶ
1296 5258 1367 5311 τὰ
1410 5259 1631 5332 ῥήματα
1660 5257 1757 5312 τοῦ
1782 5257 2109 5327 ὀμόσαντος,

532 5346 628 5407 καὶ
673 5351 776 5422 τὴν
810 5350 1056 5406 διάθεσιν
1109 5352 1206 5422 ἀφ’
1266 5346 1332 5422 ἧς
1387 5350 1596 5418 ὤμοσε,
1649 5352 1746 5405 καὶ
1799 5349 1899 5415 τὰς
1970 5351 2112 5404 κατά

530 5447 726 5498 λεπτὸν
757 5447 818 5500 ιν
843 5447 955 5509 τοῖς
1002 5446 1212 5515 ῥήμασι
1255 5448 1593 5517 προσθήκας.
1633 5447 1793 5508 Εἰκὸς
1819 5447 1928 5517 γάρ
1961 5449 2112 5500 ιστιν

532 5540 599 5593 ἐκ
631 5540 732 5609 τῆς
761 5537 858 5592 τοῦ
914 5537 1083 5608 ὅρκου
1147 5541 1456 5607 ποιότητος,
1493 5545 1586 5593 καὶ
1619 5540 1682 5592 εκ
1708 5545 1816 5592 τῶν
1848 5539 2111 5612 ῥημάτων

533 5632 630 5685 καὶ
651 5633 716 5685 ὲκ
747 5631 846 5701 τῆς
905 5631 1198 5696 διαθέσεως
1229 5648 1245 5662 °
1292 5635 1343 5684 εἰ
1372 5632 1534 5702 τυχὸν
1594 5635 1658 5686 ὲκ
1725 5632 2110 5703 μικροψυχίας,

533 5721 634 5777 καὶ
656 5721 757 5776 οὐκ
782 5721 1102 5794 ἑξαμέτρου
1123 5721 1348 5793 γνώμης
1394 5719 1598 5792 ὤμοσε,
1627 5723 1958 5779 καταλαϐεῖν
1987 5725 2114 5787 τοὺς

2216 4703 2331 4772 pria
2379 4703 2709 4757 auctoritate
2755 4702 3076 4766 dissolvere,
3114 4711 3170 4757 et
3213 4715 3241 4754 a
3274 4698 3631 4771 jurejurando
3665 4701 3802 4752 deii-

2215 4807 2381 4849 cere:
2425 4803 2797 4850 verumtamen
2835 4793 3169 4863 experientia
3216 4793 3529 4855 didicimus,
3579 4806 3673 4846 eos
3703 4792 3796 4860 qni

2217 4889 2584 4958 perjurarunt,
2617 4891 2716 4943 hoc
2746 4897 2853 4952 est,
2878 4887 2970 4957 qui
2994 4897 3182 4943 contra
3211 4886 3266 4938 id
3287 4886 3428 4955 quod
3452 4885 3798 4955 juraverum.

2216 4981 2495 5050 quippiam
2541 4979 2810 5044 fecerunt,
2857 4995 2964 5034 non
3007 4980 3242 5049 placere,
3271 4981 3374 5032 hoc
3409 4987 3527 5044 est,
3579 4978 3801 5032 minime

2217 5081 2469 5136 acceptos
2497 5085 2620 5125 esse
2651 5069 2783 5131 Deo,
2827 5068 2910 5122 vel
2961 5069 3377 5137 haudquaquam
3416 5065 3632 5137 probos,
3662 5066 3800 5118 ami-

2217 5178 2418 5232 cosque
2454 5164 2523 5219 ab
2579 5163 2696 5229 ipso
2739 5159 3002 5231 jndicari.
3044 5158 3269 5229 Oportet
3315 5175 3468 5225 vero,
3506 5157 3698 5228 inquit,
3748 5158 3799 5210 in
3856 5207 3860 5212 .

2220 5255 2370 5310 hisco
2403 5253 2709 5308 hominibus
2755 5264 2926 5322 genus
2956 5264 3170 5319 quoque
3211 5246 3572 5316 iurisiurandi
3621 5249 3801 5303 cousi-

2219 5349 2432 5413 derare,
2461 5346 2704 5419 Deumne
2733 5345 3326 5416 appellaveritjnrans,
3359 5359 3426 5397 an
3464 5343 3612 5399 aliud
3647 5346 3798 5414 quid-

2223 5444 2385 5512 piam.
2427 5452 2537 5495 tntn
2572 5439 2810 5509 jurantis
2841 5438 3027 5502 verba,
3074 5437 3351 5508 animique
3395 5435 3645 5492 aﬂ'ectnm
3692 5452 3803 5506 quo

2221 5538 2443 5604 juravlt.
2492 5515 2841 5604 aci'minutas
2881 5543 3126 5604 quasque
3169 5529 3475 5586 additiones
3507 5530 3564 5586 in
3594 5531 3796 5588 verbis.

2225 5627 2509 5683 Probabile
2531 5628 2675 5682 enim
2703 5636 2806 5691 est,
2832 5641 2898 5680 ex
2923 5624 3284 5695 jurisjurandi
3315 5623 3506 5690 forma,
3532 5638 3597 5679 ea
3626 5624 3806 5680 verbis

2226 5723 2450 5792 pariter,
2489 5731 2544 5776 et
2568 5735 2636 5777 ex
2670 5721 2838 5775 animi
2875 5717 3182 5784 aﬂectione,
3231 5719 3275 5774 si
3315 5716 3456 5772 forte
3491 5733 3555 5771 ex
3588 5714 3809 5786 pusilla-

538 5811 898 5878 σκοποῦντας,
934 5811 1010 5883 μὴ
1041 5811 1347 5867 κωλύεσθαι
1381 5812 1472 5866 τὸν
1502 5813 1780 5882 ὀμόσαντα
1811 5812 2101 5882 ἀποστῆναι

2229 5817 2633 5878 nimitate.'non
2665 5824 2852 5870 autem
2879 5810 2958 5873 es.
2975 5813 3246 5869 constanti
3284 5813 3560 5883 proposito
3581 5809 3803 5878 iuravit,

538 5905 632 5960 τοῦ
662 5906 846 5976 ὅρκου.
883 5905 944 5960 Εἰ
971 5905 1050 5976 δὲ,
1086 5907 1291 5962 τούτων
1359 5907 1777 5978 σκοπουμένων,
1816 5906 1917 5960 οὐκ
1966 5906 2101 5960 tam

2226 5907 2556 5980 deprehendi
2594 5922 2752 5976 posse
2783 5907 2851 5962 ab
2879 5907 2969 5974 iis,
3009 5906 3098 5977 qui
3134 5904 3396 5962 attentius
3423 5901 3804 5974 cogitaverim,
