4066 6282
482 260 579 325 631

1760 284 2047 348 ΤΗΕΟῙ).
2080 288 2486 352 BALSAMON

3621 300 3716 365 632

482 389 585 430 non
623 374 886 475 impediri
934 378 1230 450 jurantem,
1263 401 1371 456 quo
1402 389 1581 446 minus
1626 407 1654 446 a
1699 394 2055 461 jurejurando

2167 399 2341 466 εὑρεῖν
2374 398 2734 472 παραμυθίαν
2763 402 2884 454 τινα
2915 404 2993 463 εἰς
3018 403 3078 455 τὸ
3099 403 3410 471 ἀποστῆναι
3432 404 3518 457 τοῦ
3537 408 3710 475 ὅρκου,

478 466 717 523 deﬁciat.
756 469 1162 543 Verumtamen,
1209 480 1255 534 si
1299 481 1449 538 hisce
1478 486 1895 551 animadversis,
1942 489 2059 542 nul-

479 561 587 614 lam
626 560 753 618 licet
797 565 1042 624 invenire
1076 575 1507 639 excusationem,
1544 593 1639 646 per
1666 594 1827 647 quam
1850 581 2058 649 jureju-

484 655 657 711 rando
706 660 1006 728 solvuntur,
1061 664 1328 731 ejusmodi
1378 681 1591 738 oportet
1638 672 1935 741 dimittere,
1993 692 2058 731 ne

478 764 599 804 sese
626 753 868 837 perjurio
917 759 1281 831 adstringant.
1330 761 1481 831 Quod
1526 776 1704 823 autem
1746 772 1813 825 de
1856 770 2059 829 Severo

482 854 739 900 narratur
788 850 1081 915 negotium,
1132 856 1247 908 sive
1293 858 1456 925 actio,
1516 859 1601 913 vel
1655 873 2055 931 argumentum,

477 933 745 1024 ejusmodi
771 949 876 993 εει.
903 936 1179 1011 Longinus
1208 946 1427 1014 quidam
1461 949 1693 1005 habebat
1719 968 1931 1024 agrum,
1965 953 2055 1009 cui

477 1022 732 1079 Mindana
782 1045 976 1085 nomen
1023 1042 1162 1101 erat,
1215 1036 1444 1095 Mistbia‘.
1480 1022 1813 1113 episcopatui
1872 1044 2054 1114 subje-

478 1129 649 1172 ctum.
676 1119 911 1178 Severus
936 1136 1138 1190 autem,
1168 1145 1288 1184 cum
1321 1130 1657 1187 Masadarum
1680 1145 1826 1190 esset
1847 1138 2056 1204 episco-

475 1227 599 1281 pus,
630 1212 918 1285 Cyriacum
941 1220 1228 1289 quemdam
1260 1225 1469 1293 templi,
1495 1228 1637 1295 quod
1664 1228 1715 1282 in
1750 1244 1879 1300 agro
1909 1231 2055 1299 posi-

475 1319 590 1361 tum
618 1318 756 1373 erat,
780 1306 1153 1383 presbyterum
1176 1317 1479 1385 constituit,
1506 1320 1596 1389 qui
1628 1323 1791 1376 etiam
1818 1324 2051 1391 juravit,

475 1417 537 1456 se
571 1403 623 1455 in
654 1403 850 1472 templo
881 1419 1315 1477 permansurum,
1346 1412 1429 1465 vel
1459 1413 1637 1482 potius
1670 1415 1813 1470 illius
1851 1416 2062 1485 episco-

476 1495 624 1561 patui
656 1494 775 1550 fore
810 1497 1107 1567 subjectum
1142 1518 1154 1554 :
1185 1516 1370 1558 verum
1399 1504 1542 1563 illius
1578 1508 1816 1577 regionis
1844 1512 2059 1580 episco-

476 1605 600 1659 pus,
650 1592 734 1644 t-ui
776 1606 903 1660 ager
944 1594 1223 1663 subjectus
1272 1608 1410 1662 erat,
1461 1600 1749 1670 Cyriacum
1802 1619 1831 1656 a
1886 1608 2060 1661 sacris

476 1682 795 1737 muneribus
817 1684 1083 1742 obeundis
1122 1688 1172 1741 in
1206 1689 1454 1757 ecclesia,
1480 1708 1601 1761 quae
1621 1693 1701 1747 sui
1732 1694 1872 1763 juris
1892 1708 2058 1760 esset,

481 1778 721 1839 arcebat,
758 1780 957 1848 quippe
994 1780 1084 1849 qui
1121 1782 1189 1836 ab
1236 1782 1342 1839 alio
1388 1786 1564 1841 sacris
1607 1788 1888 1844 ordinibus
1924 1792 2061 1848 foret

480 1866 793 1939 insignitus.
828 1869 903 1925 Ex
928 1887 1034 1941 quo
1061 1873 1152 1927 illa
1181 1875 1369 1929 relicta
1404 1875 1665 1948 Cyriacus
1696 1880 1801 1935 alio
1832 1897 2062 1942 conces-

481 1963 602 2016 sit:
646 1972 755 2019 tum
801 1959 1079 2034 Longinus
1122 1981 1343 2037 quoque
1370 1982 1432 2023 ea
1482 1969 1552 2026 de
1596 1985 1758 2027 causa
1800 1990 2063 2045 maereas,

479 2056 751 2109 desertam
793 2071 854 2112 se
883 2057 1168 2114 ecclesiam
1211 2060 1551 2118 redditurum
1594 2064 1923 2124 minabatur.
1957 2068 2066 2124 Ro-

480 2157 653 2217 gatus-
686 2147 872 2217 itaque
912 2165 1143 2220 magnus
1190 2152 1444 2218 Basilius,
1493 2160 1561 2212 ad
1594 2157 1697 2214 hoc
1736 2162 2011 2229 respondit
2044 2201 2060 2227 ,

482 2256 674 2310 agrum
708 2243 795 2296 cui
828 2244 1171 2301 renuntiatus
1195 2255 1278 2302 est
1306 2247 1590 2318 Cyriacus,
1635 2252 1737 2307 hoc
1768 2260 1874 2318 est,
1908 2253 2064 2323 cujus

481 2334 765 2408 presbyter
812 2336 1119 2393 nominatus
1166 2348 1274 2408 est,
1328 2338 1672 2397 Masadarnm
1724 2344 2062 2416 episcOpatui

481 2426 704 2499 subjici,
741 2429 955 2486 etiamsi
1002 2431 1228 2485 alterius
1268 2433 1510 2503 regionis
1554 2444 1722 2506 esset,
1774 2452 1839 2493 ac
1871 2452 2063 2494 rursus

482 2522 612 2577 illuc
645 2523 822 2578 redire
852 2520 1161 2595 Cyriacum.
1199 2525 1276 2580 ita
1319 2542 1575 2597 namque,
1607 2531 1705 2599 ait,
1760 2546 1934 2601 neque
1974 2532 2064 2588 ille

482 2616 705 2671 violabit
752 2616 1174 2686 jusjurandum,
1225 2634 1402 2689 neque
1450 2620 1728 2694 Longinus
1778 2625 2062 2680 ecclesiam

483 2711 771 2775 desolabit,
822 2712 924 2766 boc
970 2725 1073 2779 est,
1129 2717 1397 2772 desertam
1436 2708 1867 2786 relinquetpaut
1898 2719 2061 2773 etiam

482 2799 721 2855 abolebit
775 2819 787 2856 :
841 2817 1017 2868 neque
1065 2812 1333 2857 suammet
1389 2802 1503 2874 68
1558 2804 1796 2858 animam
1853 2804 2064 2858 inertiis

484 2896 782 2958 damnabit,
823 2897 923 2949 hoc
951 2909 1054 2961 est,
1094 2898 1366 2968 subjiciet,
1399 2896 1543 2969 quod
1578 2914 1681 2954 non
1713 2898 2055 2967 precationi-

486 2985 587 3041 bus
620 3001 684 3039 ac
718 2985 915 3041 divinis
947 2988 1195 3043 laudibus
1222 2997 1397 3053 vacet,
1438 2989 1529 3043 sed
1561 2987 1629 3042 ab
1666 2988 1730 3043 iis
1759 2987 1916 3057 plane
1944 3003 2065 3043 ces-

2161 491 2269 562 χρὴ
2303 495 2430 557 τοὺς
2494 494 2769 556 τοιούτους
2832 494 2949 565 sev,
2976 495 3063 550 ἵνα
3097 495 3171 565 μὴ
3203 496 3517 567 ἐπιορκῶσι.
3554 500 3619 553 Τὸ
3671 504 3721 554 δὲ

2162 584 2304 638 κατὰ
2362 584 2454 639 τὸν
2508 585 2746 656 Σευῆρον
2798 589 3054 657 πρᾶγμα,
3104 588 3281 659 ἧτοιὴ
3319 590 3515 659 πρᾶξις
3578 595 3720 661 καὶὴ

2163 680 2440 743 ὑπόθεσις.
2490 681 2733 736 τοιοῦτόν
2764 699 2817 736 τι
2842 678 2929 753 ἦν.
2973 681 3233 749 Λογγῖνός⁹
3265 699 3352 745 τις
3406 679 3545 750 εἶχεν
3573 686 3728 753 ἀγρὸν

2162 771 2497 843 καλούμενον
2552 774 2798 831 Μίνδανα
2829 816 2845 840 ,
2896 778 2963 846 τῇ
3010 777 3288 846 ἐπισκοπῇ
3322 776 3422 843 τῆς
3469 777 3716 841 Μισθείας

2164 863 2549 934 ὑποκείμενον.
2608 867 2846 938 Σευῆρος
2897 866 2953 919 δέ
3002 867 3275 923 Μασάδων
3321 868 3615 934 ἐπίσκοπος
3661 868 3728 921 ὢν

2161 958 2540 1029 ἐχειροτόνησε
2597 960 2880 1029 Κυριακόν
2930 978 3050 1013 τινα
3097 960 3181 1023 είς
3232 959 3324 1013 τὸν
3356 960 3417 1013 ἐν
3456 959 3532 1027 τῷ
3585 962 3726 1029 ἀγρῷ

2162 1052 2289 1107 ναὸν
2344 1050 2736 1123 πρεσϐύτερον,
2806 1053 3085 1122 ὀμόσαντα
3140 1051 3483 1124 παραμένειν
3511 1052 3585 1118 τῷ
3610 1052 3727 1120 ναῷ,

2163 1144 2197 1213 ἢ
2233 1140 2435 1213 μᾶλλον
2466 1147 2531 1215 τῇ
2551 1145 2825 1216 ἐπισκοπῇ
2852 1143 3019 1200 αὐτοῦ
3074 1145 3379 1199 ὑποτελεῖν.
3425 1142 3562 1196 Ἀλλ’
3593 1147 3616 1197 ὁ
3641 1148 3730 1211 τῆς

2161 1234 2377 1302 ὲνορίας
2420 1230 2779 1310 ἐπίσκοποςῇ
2814 1237 3071 1292 ὑπέκειτο
3098 1236 3125 1292 ὀ
3150 1236 3343 1310 ἀγρὸς,
3394 1234 3597 1288 ἐκώλυε
3650 1236 3731 1287 τὸν

2164 1326 2443 1393 κυριακὸν
2474 1329 2783 1399 ἱερουργεῖν
2812 1331 2871 1381 ἐν
2904 1327 3174 1399 ἐκκλησίᾳ
3210 1327 3544 1401 διαφερούσῃ
3572 1327 3730 1395 αὐτῷ,

2162 1417 2295 1486 παρ’
2331 1418 2519 1488 ἐτέρου
2566 1417 3032 1489 χειροτονηθέντα.
3063 1419 3153 1475 Διὸ
3181 1418 3276 1471 καὶ
3307 1416 3620 1471 καταλιπὼν
3644 1421 3730 1469 αὑ-

2162 1510 2262 1582 τὴν
2295 1512 2323 1564 ὁ
2342 1510 2656 1581 Κυριακὺς,
2702 1510 2972 1580 μετετέθη
2998 1508 3270 1580 ἀλλαχοῦ·
3300 1509 3396 1563 καὶ
3430 1511 3457 1561 ό
3483 1510 3729 1577 Λογγῖνος

2164 1602 2250 1655 διὰ
2282 1601 2440 1655 τοῦτο
2468 1601 2810 1666 λυπούμενος
2860 1602 3077 1673 ἠπείλει
3109 1602 3398 1674 ἐρημῶσαι
3424 1602 3522 1672 τὴν
3550 1603 3738 1669 ἐκκληά

2168 1693 2311 1747 σῖαν.
2359 1693 2690 1765 Ἐρωτηθεὶς
2719 1689 2814 1749 οὖν
2836 1695 2865 1746 ὁ
2890 1695 3067 1765 μέγας
3098 1694 3377 1757 Βασίλειος
3401 1696 3527 1763 περὶ
3555 1694 3739 1747 τούτου

2167 1785 2504 1857 ἀπεκρίνατο
2556 1786 2647 1841 τὸν
2695 1786 2864 1856 ἀγρὸν
2921 1782 2968 1855 ᾧ
3004 1786 3359 1860 ἐπεκηρύχθη
3389 1787 3418 1840 ὀ
3451 1788 3737 1856 Κυριακδς,

2168 1876 2338 1949 ἤγουν
2386 1879 2466 1941 εἰς
2505 1876 2564 1931 ὃν
2614 1878 2909 1946 ὠνομάσθη
2964 1877 3361 1947 πρεσϐύτερος,
3415 1880 3731 1947 ύποτεθῆναι

2167 1973 2233 2045 τῇ
2262 1972 2531 2042 ἐπισκοπῇ
2559 1970 2667 2024 τῶν
2684 1970 2981 2033 Μασάδων,
3004 1972 3055 2025 εἰ
3083 1972 3176 2024 καὶ
3194 1971 3391 2041 ἐτέρας
3417 1966 3487 2043 ἦν
3514 1972 3742 2042 ἐνορίας,

2167 2065 2378 2117 καὶτὸν
2422 2064 2699 2135 κυριακὸν
2732 2058 2884 2123 αὖθις
2916 2064 3326 2134 ἐπαναστρέψαι
3389 2065 3529 2116 ἐκεῖ.
3597 2064 3744 2119 Οῦτω

2169 2152 2299 2221 γὰρ,
2362 2154 2551 2221 φησὶν,
2584 2151 2707 2205 οὕτε
2738 2153 2946 2215 ἐκεῖνος
3003 2152 3157 2224 παρὰ
3190 2155 3281 2208 τὸν
3314 2154 3481 2223 ὅρκον
3505 2158 3737 2225 ποιήσει,

2166 2244 2289 2301 οὕτε
2317 2248 2344 2299 ὀ
2370 2248 2632 2314 Λογγῖνος
2692 2246 2791 2317 τὴν
2824 2246 3120 2316 ἐκκλησίαν
3145 2246 3454 2319 ἐρημώσει,
3487 2250 3605 2302 ἀντὶ
3635 2248 3742 2311 τοῦ,

2167 2337 2377 2409 ἔρημον
2411 2337 2729 2407 καταλείψει
2757 2338 2792 2409 ἦ
2824 2339 2918 2391 καὶ
2968 2338 3186 2393 καθελεῖ
3206 2352 3225 2372 ο
3256 2340 3379 2392 ούδέ
3408 2342 3513 2410 τὴν
3555 2340 3741 2394 ἐαυτοῦ

2165 2430 2344 2505 ψυχὴν
2364 2434 2484 2496 ταῖς
2530 2432 2756 2501 ἀργίαις
2814 2431 3194 2495 καταδικάσει,
3243 2432 3418 2503 ἤγουν
3471 2431 3744 2493 umbilici,

2166 2525 2245 2597 τῷ
2282 2524 2357 2597 μὴ
2400 2519 2683 2596 σχολάζειν
2734 2524 2920 2594 εὐχαῖς
2980 2523 3075 2585 καὶ
3131 2525 3243 2591 τοῖς
3307 2524 3477 2588 θείοις
3544 2524 3749 2594 ὕμνοις.

2168 2616 2304 2671 ἀλλὰ
2330 2618 2522 2687 ἀργεῖν
2555 2618 2621 2670 ἐκ
2647 2614 2887 2677 τούτων.
2959 2618 3070 2671 Καὶ
3102 2618 3282 2685 ἡμεῖς,
3338 2618 3532 2688 φησὶν,
3560 2620 3750 2670 οἰκον)-

2171 2706 2404 2779 μοῦντες
2462 2707 2533 2761 τὰ
2591 2707 2738 2771 κατὰ
2782 2706 2876 2760 τὸν
2915 2707 3218 2777 κυριακὸν,
3274 2706 3368 2760 καὶ
3420 2705 3751 2774 ὑποστρέψαι

2167 2801 2331 2857 αὐτὸν
2380 2802 2460 2865 εἰς
2519 2800 2620 2872 τὴν
2656 2800 3007 2873 Ἐκκλησίαν,
3035 2795 3070 2876 ᾖ
3095 2800 3312 2867 ὤμοσεν
3372 2802 3747 2871 ἐγκαρτερεῖν.

2166 2893 2579 2966 ἐπιτρέποντες,
2614 2894 2675 2947 ού
2699 2894 2922 2960 δόξομεν
2945 2895 3097 2965 παρὰ
3124 2894 3353 2957 κανόνας
3406 2896 3609 2954 ποιεῖν.
3638 2893 3751 2946 οὐδὲ

2168 2989 2375 3051 ἐκεῖνος
2410 2987 2776 3061 παραϐαίνειν
2806 2988 2898 3040 τὸν
2932 2988 3091 3058 ὅρκον
3114 2987 3357 3057 κριθείη.
3422 2986 3753 3059 Ἐπανερχό-

486 3088 591 3132 set.
654 3077 731 3133 Ac
768 3094 889 3142 nos,
928 3078 1122 3149 inquit,
1159 3081 1271 3136 haec
1303 3082 1370 3135 de
1402 3079 1634 3150 Cyriaco
1680 3080 2060 3139 decernentes.

2170 3098 2333 3153 μενος
2391 3082 2525 3151 γὰρ,
2576 3080 2726 3133 δοκεῖ
2785 3079 3078 3147 ςυλάσσειν
3126 3080 3218 3137 τὶν
3272 3080 3460 3149 ὅρκον,
3510 3081 3594 3134 ὃτι
3642 3078 3753 3132 056%

492 3184 559 3224 ac
588 3170 767 3226 redire
800 3170 977 3242 ipsum
1013 3174 1077 3227 ad
1107 3172 1423 3240 ecclesiam,
1466 3174 1518 3229 in
1560 3187 1665 3241 qua
1713 3188 1773 3228 se
1808 3189 2061 3243 perman-

2165 3173 2487 3244 πρόσκειται
2509 3170 2585 3243 τῷ
2615 3172 2786 3241 ὅρκῳ,
2817 3170 2937 3225 οὐδὲ
2971 3172 3109 3244 πρὸς
3153 3171 3327 3243 βραχὺ
3368 3171 3754 3241 ἀναχωρήσειν

486 3276 673 3318 surum
702 3265 931 3333 juravit,
968 3266 1363 3333 permittentes,
1396 3282 1505 3322 non
1536 3265 1843 3323 videbimur
1870 3265 2062 3320 adver-

2167 3259 2260 3318 τοῦ
2283 3261 2458 3337 ἀγροῦ
2488 3262 2597 3315 τῶν
2624 3261 2928 3317 Μινδάνων.
2955 3261 3099 3332 Ὅρα
3127 3261 3222 3315 οὖν
3259 3261 3385 3327 πῶς
3438 3263 3507 3319 ἐκ
3542 3263 3635 3331 τῆς
3656 3262 3758 3315 τῶν

488 3371 583 3411 sus
613 3370 847 3412 canones
883 3372 1064 3427 agere,
1104 3373 1281 3430 neque
1324 3359 1416 3415 ille
1448 3360 1651 3416 violare
1684 3358 2062 3430 jusjurandum

2171 3356 2437 3427 ῥημάτων
2483 3350 2787 3418 ἐξετάσεως
2819 3354 2913 3406 καὶ
2941 3353 3417 3424 κατασκοπήσεως
3455 3355 3759 3422 ἐθήρευσεν

484 3448 836 3520 judicabitur.
874 3451 1011 3507 illud
1054 3469 1290 3524 namque
1322 3454 1620 3510 observare
1667 3452 1944 3510 videbitur
1978 3465 2062 3507 re-

2167 3452 2195 3505 ό
2222 3451 2376 3519 ἅγιος
2390 3448 2536 3514 νοῦν,
2564 3446 2706 3501 ὥστε
2739 3448 2815 3517 μὴ
2830 3446 3008 3499 δοκεῖν
3029 3448 3311 3517 ἐπιορκεῖν
3334 3448 3429 3499 τὸν
3455 3445 3756 3515 ὀμόσαντα.

492 3552 735 3611 vertens,
766 3544 1022 3612 quoniam
1075 3561 1250 3614 neque
1287 3545 1596 3615 juramento
1628 3545 1905 3613 adjectum
1960 3526 2062 3608 est,

2172 3543 2361 3597 Ταῦτα
2391 3540 2495 3611 μὲν
2528 3539 2623 3593 οὖν
2667 3539 2798 3610 περὶ
2847 3534 2942 3592 τοῦ
2988 3536 3271 3607 Κυριακοῦ
3295 3552 3313 3568 ⁶
3343 3539 3371 3592 ό
3404 3537 3465 3590 δὲ
3513 3537 3768 3605 Σευῆρος,

491 3654 558 3690 ne
604 3635 751 3690 brevi
796 3636 1014 3706 quidem
1071 3638 1334 3706 temporis
1386 3638 1563 3707 spatio
1606 3652 1635 3690 a
1688 3635 2062 3693 Mindanorum

2171 3635 2500 3705 αἰτιώμενος
2555 3633 2639 3686 ὅτι
2694 3632 2776 3695 εις
2842 3630 3013 3701 ἀγρὸν
3061 3629 3322 3702 ἀλλοτρίᾳ
3385 3630 3763 3683 annulo-Inc.

490 3742 623 3798 agro
681 3742 1043 3784 secessurum.
1099 3729 1231 3783 Vide
1286 3729 1447 3799 igitur
1503 3728 1775 3797 quomodo
1827 3744 1894 3784 ex
1950 3729 2067 3801 ipsa

488 3822 778 3875 verborum
806 3821 1140 3891 inspectione
1162 3830 1215 3875 ct
1241 3822 1713 3878 animadversione
1735 3822 2064 3877 sententiam

490 3922 713 3967 sanctus
746 3912 831 3966 vir
868 3900 1164 3982 indagavit,
1199 3928 1262 3967 ex
1296 3928 1424 3983 qua,
1469 3913 1563 3983 qui
1606 3928 1664 3967 se
1702 3911 2065 3982 jurejurando

491 4005 884 4070 obstrinxerat,
916 4021 945 4059 a
978 4005 1216 4074 perjnrio
1260 4004 1393 4059 liber
1437 4020 1561 4060 esse
1606 4004 1901 4060 videretur.
1941 4001 2067 4060 llaec

2170 3726 2357 3800 ἐνορίᾳ
2380 3725 2811 3797 ἐχειροτόνησεν,
2832 3721 2984 3794 ἔλεγε
3001 3723 3138 3777 κατὰ
3155 3722 3326 3793 λήθην
3343 3721 3506 3776 τοῦτο
3523 3721 3763 3789 ποιῆσαι,

2170 3820 2445 3889 ἀγνοήσας
2488 3816 2662 3890 ἑτέρῳ
2705 3816 2800 3873 τδν
2845 3817 3017 3886 ἀγρὸν
3042 3816 3390 3872 ὑποκεῖσθαι.
3465 3815 3623 3868 Ἐπεὶ
3654 3808 3761 3875 οὖν,

2174 3912 2335 3984 φησὶ,
2370 3910 2471 3983 τὴν
2497 3910 2672 3984 λήθην
2703 3908 3092 3979 προϐάλλεται,
3122 3909 3205 3963 δεῖ
3222 3908 3374 3978 αὐτῷ
3407 3905 3768 3977 συγχωρηθῆο

2175 4023 2285 4071 ναι,
2319 4006 2412 4059 καὶ
2439 4005 2519 4068 είς
2548 4000 2648 4073 τὴν
2680 4002 2862 4074 κρίσιν
2913 4003 3006 4056 τοῦ
3048 3997 3183 4056 Θεοῦ
3227 4002 3545 4070 ἀναρτῆσαι
3584 3996 3769 4050 αὐτόν*

494 4099 661 4168 igitur
693 4099 761 4151 de
806 4097 1051 4168 Cyriaco.
1106 4095 1340 4153 Severus
1386 4113 1549 4169 porro
1578 4106 1889 4165 accusatus,
1925 4096 2062 4169 quod

2179 4095 2260 4148 ὅτι
2292 4094 2401 4166 γὰρ
2424 4095 2524 4149 οὐκ
2551 4093 2718 4162 ἐσμὲν
2752 4092 3205 4163 καρδιογνῶσται,
3240 4087 3359 4146 ἀλλ’
3388 4086 3467 4150 ὡς
3495 4083 3766 4149 ἀκούομεν

496 4204 631 4257 agro
664 4191 753 4260 qui
811 4191 1000 4246 alienae
1048 4190 1341 4261 provincia:
1396 4186 1674 4260 subjectus
1711 4199 1849 4255 erat,
1881 4205 2062 4260 quem-

2181 4189 2444 4259 κρίνομεν
2471 4229 2488 4256 ,
2538 4187 2720 4259 δῶμεν
2764 4188 2861 4257 τὴν
2914 4181 3199 4254 ἐκδίκησιν
3252 4177 3330 4251 τῷ
3374 4180 3504 4248 Θεῷ
3542 4219 3559 4244 .
3640 4192 3767 4240 συγ-

498 4283 641 4349 piam
674 4281 1031 4353 przefecisset,
1060 4284 1385 4338 causabatur
1416 4299 1476 4337 se
1507 4283 1558 4337 id
1598 4293 1822 4353 propter
1845 4281 2062 4336 oblivio-

2181 4282 2636 4353 γνωμονήσαντες
2707 4276 2796 4332 διὰ
2856 4277 2955 4349 τὴν
2999 4274 3198 4356 λήθην,
3252 4270 3377 4346 ἣτις
3441 4272 3567 4327 ἐστὶ
3608 4265 3771 4327 πάθος

500 4390 623 4429 nem
655 4376 1029 4446 fecisse,quod
1062 4393 1248 4447 agrum
1278 4376 1331 4429 in
1355 4376 1580 4431 alterius
1609 4375 1815 4429 ditione
1839 4375 2062 4445 positum

2180 4372 2281 4427 ἀνθ
2288 4371 2545 4443 ρὼπινον.

499 4470 795 4537 ignoraret.
826 4470 1093 4536 Quoniam
1130 4485 1281 4540 ergo,
1322 4469 1524 4538 inquit,
1565 4468 1897 4525 oblivionem
1938 4466 2207 4537 praetexit,
2240 4472 2455 4534 oportet
2530 4464 2633 4537 ipsi
2665 4472 2673 4526 ζ
2704 4464 2983 4533 ignoscere
3047 4462 3332 4531 ipsumque
3393 4461 3466 4514 ad
3530 4455 3769 4512 divinum

494 4559 756 4626 judicium
813 4561 1178 4614 transmittere
1226 4576 1240 4611 :
1285 4558 1719 4629 quandoquidem
1777 4574 1902 4614 cum
1960 4548 2065 4611 nun
2101 4557 2272 4611 simus
2308 4558 2549 4611 cordium
2602 4566 2959 4615 scrutatores.
3031 4554 3123 4609 sed
3180 4552 3492 4624 judicemns
3565 4568 3630 4604 ex
3691 4546 3767 4603 eis

499 4670 621 4723 quae
648 4653 921 4713 audimus.
949 4651 1320 4723 adjndicemus
1345 4650 1605 4707 ultionem
1652 4650 1786 4718 Deo,
1823 4652 2173 4720 ignoscentes
2200 4659 2421 4721 propter
2446 4648 2795 4714 oblivionem,
2830 4662 2951 4716 quze
2974 4647 3267 4700 humanum
3304 4655 3390 4698 est
3422 4644 3641 4697 vitium.

572 4748 801 4805 ARIST.
857 4749 972 4803 Non
1018 4764 1179 4819 coges
1220 4764 1367 4813 eum,
1404 4750 1494 4819 qui
1530 4764 1589 4804 se
1628 4764 1732 4804 non
1772 4750 2062 4804 ordinatnu

2260 4749 2486 4801 ΑΡΙΣΤ.
2546 4746 2659 4801 Οὐκ
2694 4742 3027 4812 ἀναγκάσεις
3061 4742 3153 4795 τὸν
3180 4741 3255 4811 μὴ
3290 4741 3359 4794 ἂν
3387 4737 3771 4812 χειροτονηθη-

504 4849 619 4902 fore
645 4844 927 4915 juravet'it.

2191 4860 2280 4898 ναι
2303 4834 2603 4909 ὀμόσαντα.

540 5000 551 5010 _
583 4940 736 4998 Eum,
789 4936 881 5004 qui
915 4935 1119 4990 electus
1150 4948 1235 4991 est
1265 4939 1572 5005 episcopus,
1608 4944 1663 4989 et
1699 4943 1918 5005 propter
1951 4934 2055 4989 inci

2256 4935 2360 4989 Τδν
2388 4932 2728 5004 ψηφισθέντα
2786 4929 3105 4993 ἐπίσκοπον,
3138 4926 3234 4979 καὶ
3279 4925 3373 4978 διά
3407 4941 3537 4977 τινα
3566 4940 3775 4991 παρεμ-

508 5036 723 5087 dentem
760 5029 994 5101 aliquam
1028 5042 1247 5082 causam
1276 5028 1510 5097 jnratse
1547 5028 1942 5082 ordinationem
1970 5041 2062 5080 nor

2186 5025 2458 5082 πεσοῦσαν
2490 5023 2812 5095 δυσχερείαν
2872 5020 3283 5088 ἐπομοσάμενον
3311 5018 3416 5088 τὴν
3444 5012 3773 5089 χειροτονίαν

508 5132 910 5187 suscepturum,
958 5118 1201 5174 ordinari
1251 5134 1357 5175 non
1392 5135 1573 5190 coges.
1620 5118 1847 5189 Oportet
1898 5127 2062 5172 auten

2191 5122 2267 5191 μὴ
2292 5116 2709 5183 καταδέξασθαι,
2764 5111 3212 5184 χειροτονηθῆναι
3255 5110 3358 5163 οὐκ
3418 5108 3771 5178 ἀναγκάσεις.

510 5216 858 5273 considerare
884 5225 939 5268 et
962 5212 1255 5280 juramenti
1285 5213 1539 5282 speciem,
1570 5222 1623 5265 et
1653 5210 1838 5275 verba,
1873 5220 1925 5265 et
1958 5210 2059 5264 ade

2186 5215 2309 5284 Χρὴ
2339 5212 2395 5265 δὲ
2455 5208 2777 5264 σκοπεῖσθαι
2814 5207 2910 5260 καὶ⁵
2975 5206 3036 5257 τὸ
3063 5201 3203 5263 εἶδος
3225 5202 3318 5257 τοῦ
3362 5203 3563 5273 ὅρκου,
3594 5203 3687 5254 καὶ
3711 5199 3775 5251 τὰ

512 5310 747 5365 rtionem
795 5323 824 5360 a
864 5322 971 5377 qua
1015 5305 1238 5374 juravit.
1269 5315 1322 5360 ct
1359 5320 1477 5375 qua:
1519 5304 1786 5358 subtiliter
1820 5303 1872 5356 in
1902 5302 2062 5357 verbi

2189 5309 2433 5377 ῥήματα.
2470 5304 2563 5356 καὶ
2623 5303 2721 5372 τὴν
2750 5300 2991 5354 διάθεσιν
3041 5296 3133 5364 ἀφ’
3169 5290 3237 5367 ἧς
3268 5295 3484 5366 ὤμοσε,
3531 5295 3626 5347 καὶ
3682 5292 3774 5349 τὰς

2188 5396 2550 5458 καταλεπτὸν
2599 5396 2656 5446 ἐν
2687 5394 2897 5462 ῥήμασι
2944 5389 3283 5460 προσθήκας.
3322 5388 3440 5439 Καὶ
3504 5386 3603 5439 ἐὰν
3692 5383 3768 5445 τίς

2189 5503 2354 5547 ποθεν
2382 5485 2809 5560 παραμυθίατοῦ
2828 5486 3018 5556 ὅρκου,
3049 5481 3351 5552 συγχωρεῖν
3384 5476 3543 5547 αύτῷ
3575 5478 3673 5547 τὴν
3691 5476 3772 5527 60-

518 5599 672 5649 nare,
701 5599 937 5653 cumque
966 5585 1223 5640 ordinare
1255 5582 1537 5653 permittit.
1572 5581 1629 5635 Si
1667 5590 1843 5633 autem
1881 5578 2062 5632 nulluu

2190 5583 2394 5638 κοῦσαν
2444 5579 2751 5650 ἐπιορκίαν,
2803 5578 2899 5633 καὶ
2955 5571 3378 5644 χενροτονεῖσθαι
3436 5566 3724 5638 ἐπιτρέπει
3756 5578 3768 5593 ³

516 5677 591 5732 sit
621 5678 845 5731 omnino
870 5675 1157 5744 refugium,
1191 5678 1286 5728 Sed
1318 5671 1630 5729 omnimodo
1665 5670 1914 5742 pejerans
1940 5670 2059 5725 inve

2195 5675 2291 5731 ἐὰν
2312 5674 2370 5726 δὲ
2405 5672 2649 5743 μηδεμία
2778 5666 3090 5743 μηδαμόθεν
3126 5662 3445 5732 καταφυγὴ,
3474 5659 3615 5713 ἀλλὰ
3630 5673 3773 5756 παν·

521 5770 722 5829 niatur,
782 5771 825 5822 si
875 5769 1113 5822 ordinari
1171 5765 1600 5836 permitteretur,
1657 5765 1816 5822 talem
1867 5762 2062 5821 omnin'

2200 5765 2427 5836 ταχὸθεν
2485 5762 2758 5832 ἐπιορκῶν
2815 5757 3158 5827 εὑρίσκεται,
3217 5757 3264 5807 εί
3324 5748 3771 5821 χειροτονηθῆναι

2204 5857 2554 5928 συγχιιῳηθῇ,
2583 5854 2663 5907 δεῖ
2726 5849 3001 5913 παντελῶς
3037 5848 3245 5917 παρεᾷν
3279 5843 3373 5897 τὸν
3402 5842 3668 5896 τοιοῦτον.

514 5401 656 5457 facta
706 5410 832 5455 sunt
883 5400 1280 5454 additamenta.
1340 5395 1405 5451 Et
1454 5397 1499 5450 si
1546 5411 1663 5465 qua:
1718 5396 1791 5450 sit
1840 5395 2089 5450 alicunde

512 5493 809 5561 juramenti
843 5493 1147 5555 excusatio,
1176 5490 1470 5561 perjurium
1514 5502 1780 5557 apparens
1808 5490 1854 5541 ei
1885 5498 2089 5541 condo-

522 5863 938 5932 pruutermittcre
971 5871 1201 5934 oportet.
