4138 6312
391 419 501 484 837

1367 419 1449 483 IN
1484 419 1730 484 EPIST.
1769 420 1829 482 S.
1857 414 2146 481 BASILII
2181 421 2630 489 CANONICAM
2670 429 2722 491 ῐ.

3566 429 3674 494 638

391 555 501 589 am
552 532 1062 606 αἰχμαλωτισθῆναι
1109 533 1341 590 πιστῶν.
1388 530 1680 603 οῦτρς³δὲ
1714 540 1743 593 ὁ
1789 537 1974 594 κανὼν

2079 552 2260 604 utem
2311 567 2486 607 canon
2519 551 2688 606 divini
2736 548 2914 606 Patris
2950 547 3232 606 sanctitati
3278 545 3674 602 convenienter

388 630 564 694 ἀξίως
625 633 723 698 μὲν
751 633 818 701 τῇ
856 629 1228 701 ἅγιοπρεπείᾳ
1261 628 1367 685 ’τοῦ
1403 631 1552 686 θείου
1607 633 1826 703 Πατρδς
1857 635 1976 700 ἑξε-

392 715 548 787 τέθη,
575 722 678 774 οῦκ
707 724 920 793 ἐνεργεῖ
974 723 1050 787 δὲ,
1083 724 1170 777 διὰ
1212 725 1272 777 τὺ
1331 726 1687 795 συμπίπτειν,
1736 729 1784 781 εί
1814 727 1977 782 τοῦτο

394 812 549 884 δοθῇ.
575 814 848 885 μηδέποτε
871 817 999 880 τοὺς
1027 817 1370 888 στρατιώτας
1400 820 1844 891 μεταλαμϐάνειν
1864 822 1976 876 τῶν

394 907 556 963 θείων
631 910 990 978 ἁγιασμάτων
1032 911 1292 981 πολέμοις
1362 913 1791 988 ἁλλεπαλλήλοις
1860 919 1980 972 tvo-

395 1001 750 1073 χλουμένους,
783 1004 878 1056 καὶ
935 1003 1300 1074 ἀναιροῦντας
1330 1007 1459 1070 τοὺς
1499 1007 1816 1077 πολεμίους,
1836 1012 1978 1085 ὅπερ

397 1097 546 1148 εστὶν
599 1097 889 1166 ἀφόρητον.
960 1097 1275 1168 Γέγραπται
1317 1099 1377 1154 δὲ
1441 1100 1519 1164 ὡς
1567 1103 1663 1156 τοῦ
1712 1102 1978 1172 βασιλέως

397 1188 609 1241 ἐκείνου
640 1189 807 1243 Φωκᾶ
864 1190 1145 1256 ἀξιοῦντος
1203 1195 1343 1262 μετὰ
1381 1196 1682 1267 μαρτύρων
1713 1199 1976 1269 συναριθ-

400 1282 623 1351 μεῖσθαι
677 1283 806 1345 τοῦς
871 1285 930 1336 ὲν
967 1285 1228 1354 πολέμοις
1278 1289 1731 1360 ἀναιρουμένους.
1767 1294 1817 1344 oi
1854 1293 1977 1348 τότε

396 1373 704 1444 ἀρχιερεῖς,
739 1374 816 1445 τῷ
841 1378 1030 1431 κανόνι
1062 1379 1238 1449 τούτῳ
1269 1383 1628 1454 χρησάμενοι,
1663 1387 1762 1457 τὴν
1815 1389 1977 1459 βασι-

396 1465 553 1536 λικὴν
613 1467 868 1522 ἔνστασιν
912 1475 1314 1542 κατεσίγησαν,
1349 1477 1584 1546 φάμενοι
1611 1495 1627 1512 ο
1698 1481 1822 1545 Πῶς
1860 1485 1975 1547 τοῖς

399 1557 637 1628 μάρτυσι
669 1561 978 1632 συναριθμή
988 1579 1156 1630 σομεν
1179 1567 1307 1627 τοὺς
1325 1568 1384 1620 ἐν
1404 1569 1664 1640 πολέμοις
1683 1574 1974 1640 πεσόντας,

395 1648 492 1712 οῦς
537 1653 565 1703 ὁ
597 1652 769 1719 μέγας
798 1654 1083 1720 Βασίλειος
1124 1657 1200 1721 ώς
1237 1658 1311 1730 μὴ
1346 1660 1626 1732 καθαροὺς
1655 1666 1754 1729 τὰς
1785 1670 1977 1740 χεῖρας

394 1743 488 1796 ἐπὶ
519 1748 760 1813 τριετίαν
818 1748 1060 1816 ἐκώλυσε
1096 1751 1205 1805 τῶν
1248 1752 1612 1826 ἁγιασμάτων
1640 1776 1654 1826 ;
1687 1761 1979 1831 Διαφόρων

391 1840 450 1893 δὲ
485 1842 677 1913 ίερέων
709 1846 1114 1926 παραστάντων
1159 1851 1458 1916 συνοδικῶς
1494 1854 1638 1908 κατᾶ
1687 1855 1977 1926 βασιλικὸν

394 1912 648 2003 ὁρισμὸν,
685 1912 824 1991 ἀλλα
851 1937 959 2008 μὴν
981 1940 1077 1994 καὶ
1098 1921 1405 1997 ἐπισκόπου
1437 1912 1633 2012 τινὸς,
1659 1912 1755 2001 κἀι
1783 1949 1976 2018 ὲξομο-
2010 1912 2055 1972 Β

395 2023 787 2096 λογησαμένων
805 2032 946 2084 κατὰ
964 2031 1241 2102 πολεμίων
1260 2034 1644 2108 συμπλακῆναι
1666 2042 1753 2094 καὶ
1770 2041 1979 2096 ἀνελεῖν

393 2116 624 2184 πολλοὺς
658 2120 716 2187 ἐξ
745 2122 946 2186 αὐτῶν,
971 2125 1004 2195 ἡ
1025 2125 1127 2196 μὲν
1163 2125 1284 2181 θεία
1320 2131 1417 2183 καὶ
1447 2131 1569 2202 ίερὰ
1600 2133 1817 2199 σύνοδος
1848 2138 1979 2192 ἀκο-

394 2209 600 2274 λούθως
629 2213 708 2282 τῷ
760 2217 944 2271 κανόνι
1003 2219 1178 2291 τούτῳ
1235 2225 1330 2276 καὶ
1391 2226 1471 2294 τῷ
1528 2225 1620 2298 μγ⁹
1649 2229 1745 2282 τοῦ
1809 2232 1977 2287 αὑτοῦ

393 2304 553 2372 ἁγίου
590 2308 683 2361 καὶ
740 2309 957 2380 ἑτέραις
1008 2310 1191 2376 θείαις
1237 2314 1525 2384 διαταγαῖς
1551 2319 1710 2391 ἤθελε
1777 2325 1977 2394 μηκέτι

396 2399 591 2464 αὐτοὺς
641 2402 998 2473 ἱερουργῆσαι
1039 2423 1052 2436 ·
1089 2407 1140 2459 oi
1197 2408 1419 2475 πλείους
1442 2411 1520 2479 δὲ,
1569 2414 1662 2466 καὶ
1695 2416 1895 2485 μᾶλλον
1926 2418 1978 2471 οί

399 2497 930 2566 στρατιωτικώτεροι
962 2542 978 2564 ,
1033 2501 1129 2554 καὶ
1178 2502 1454 2572 βραϐεέων
1513 2507 1711 2569 αὐτοὺς
1793 2510 1976 2576 ἀξίους

401 2581 535 2639 εἶναι
563 2588 913 2650 διενίσταντο.
964 2592 1154 2647 Πολλοὶ
1206 2594 1285 2659 δὲ,
1325 2596 1608 2659 ἀνελόντες
1653 2600 1977 2670 ἀνθρώπους

399 2681 456 2732 ἐν
484 2679 558 2748 τῷ
591 2682 766 2751 καιρῷ
801 2683 900 2752 τῆς
933 2686 1070 2754 μετὰ
1101 2687 1314 2754 ῥάϐδων
1345 2692 1642 2761 παιγνικῆς
1675 2693 1972 2766 συμϐολῆς,

400 2773 539 2839 μετὰ
573 2775 780 2840 φονέων
807 2775 1167 2848 ἐλογίσθησαν
1211 2781 1727 2850 ἐκουσιοακουσίων,
1761 2781 1849 2840 οἷα
1878 2788 1972 2842 τοῦ

394 2865 637 2919 τοιούτου
661 2870 912 2938 παιγνῖου
935 2871 1010 2941 μὴ
1026 2871 1180 2936 ὄντος
1192 2874 1300 2926 ἀπὸ
1319 2876 1426 2927 τῶν
1456 2878 1973 2951 ἐπιγινωσκομένων

398 2954 558 3012 πέντε
588 2957 665 3021 τῷ
690 2958 841 3029 νόμῳ
887 2963 1178 3031 παιγνίων,
1216 2965 1326 3018 τῶν
1354 2967 1448 3019 καὶ
1476 2967 1706 3036 ἀγώνων
1738 2969 1972 3041 λεγομέ·

397 3066 526 3114 νων,
561 3051 735 3121 ἤγουν
796 3053 898 3122 τῆς
935 3056 1185 3126 πυγμῆς,
1224 3057 1318 3112 τοῦ
1345 3059 1571 3129 δρόμου,
1601 3062 1695 3116 τοῦ
1721 3063 1976 3135 πηδήμα-

394 3155 506 3203 τος,
565 3142 658 3195 τοῦ
720 3145 928 3208 δίσκου.
977 3150 1072 3203 καὶ
1129 3151 1229 3219 τῆς
1274 3150 1814 3224 παλαίστραςοώστε
1835 3162 1882 3212 οξ
1914 3161 1975 3212 ἑν

394 3233 510 3332 ¹τοῖς
535 3233 796 3301 τοιούτοις
826 3241 1102 3309 παιγνίοις
1137 3242 1458 3310 φονεύοντες
1481 3244 1543 3298 οῦ
1610 3253 1974 3321 προκριματί-
2001 3272 2047 3332 ο

394 3321 599 3386 ζονται.

467 3420 715 3475 ΖΩΝΔΡ.
746 3423 821 3476 Οὐ
865 3423 991 3477 κατ’
1033 3424 1300 3498 ἐπιταγὴν
1328 3429 1358 3481 ὁ
1388 3429 1543 3498 ἅγιός
1570 3447 1704 3501 φησι
1728 3433 1853 3496 τοὺς
1911 3435 1972 3486 ἐν

400 3511 660 3581 πολέμοις
707 3516 1068 3587 ἀναιροῦντας
1109 3520 1206 3572 ἐπὶ
1266 3523 1508 3591 τριετίαν
1539 3501 1850 3594 ’ἀπέχεσθαι
1877 3527 1973 3595 τῆς

397 3609 705 3671 κοινωνίας,
762 3609 900 3664 ἀλλὰ
953 3612 1099 3666 κατὰ
1163 3616 1502 3686 συμϐουλήν.
1565 3617 1707 3688 Πλὴν
1741 3619 1972 3690 φορτικὴ

391 3701 543 3755 δοκεί
572 3704 874 3775 συμϐουλή.
933 3707 1184 3778 Συμϐαίη
1231 3712 1342 3781 γὰρ
1375 3710 1443 3766 ἂν
1491 3713 1554 3766 ὲκ
1572 3711 1775 3784 ταύτης
1805 3713 1971 3783 μηδέ-

395 3809 528 3846 ποτε
564 3795 688 3858 τοὺς
716 3798 1054 3866 στρατιώτας
1094 3803 1421 3870 μεταλαϐεῖν
1441 3805 1551 3858 τῶν
1578 3805 1738 3860 θείων
1759 3805 1971 3877 δώρων,

397 3889 510 3966 καί
538 3887 774 3958 μάλιστα
802 3892 954 3956 τοὺς
987 3893 1185 3965 θάρσος
1218 3897 1665 3967 ἐνδεικνυμένους
1692 3901 1786 3953 καὶ
1843 3902 1971 3970 ἀρι-

400 3983 566 4043 στεῖς.
600 3983 676 4035 Οὐ
709 3984 818 4051 γὰρ
842 3985 907 4039 ἄν
946 4003 1076 4039 ποτε
1135 3993 1314 4060 σχοῖεν
1375 3991 1560 4045 ἄδειαν
1586 3995 1676 4046 ἐπὶ
1730 3983 1986 4065 τριετίαν

397 4069 698 4142 ἠρεμῆσαι.
731 4075 793 4128 El
840 4076 970 4144 γοῦν
992 4081 1042 4131 οἱ
1067 4079 1322 4147 πολέμοις
1369 4080 1796 4153 ἀλλεπαὶλήλοις
1850 4102 1974 4154 σχο-

396 4161 672 4228 λάζοντες,
709 4167 802 4220 καὶ
825 4165 1182 4238 ἀναιροῦντες
1210 4173 1335 4234 τοὺς
1361 4174 1670 4242 πολεμίους,
1693 4176 1970 4244 εἴργονται

395 4255 498 4324 τῆς
531 4258 835 4325 κοινωνίας,
897 4260 1111 4316 ἔσονται
1168 4262 1256 4316 διὰ
1309 4263 1423 4334 βίου
1483 4267 1837 4337 στερούμενοι
1874 4273 1973 4339 τῆς

397 4349 491 4403 τοῦ
523 4350 730 4419 ἀγαθοῦ
789 4354 1166 4425 μεταλήψεως.
1219 4356 1395 4428 Ὅπερ
1453 4358 1809 4429 Χριστιανοῖς
1843 4363 1977 4431 ἀφό-

401 4461 562 4514 ρητος
613 4446 854 4510 κόλασις.
915 4449 1014 4501 Διά
1043 4448 1097 4502 τί
1149 4448 1206 4504 δὲ
1242 4450 1341 4516 τὰς
1395 4453 1586 4524 χεῖρας
1631 4454 1695 4509 οὐ
1739 4455 1975 4526 καθαροὶ

398 4537 639 4606 κριθεῖεν
664 4541 714 4591 oi
735 4541 876 4609 ὑπὲρ
900 4540 992 4594 τοῦ
1023 4540 1419 4613 πολιτεύματος
1457 4545 1552 4598 καὶ
1587 4545 1698 4599 τῶν
1729 4547 1970 4618 ἀδελφῶν

397 4632 812 4702 ἀγωνιζόμενοι,
849 4635 934 4687 ἵνα
967 4633 1043 4705 μὴ
1069 4636 1324 4706 ληφθεῖεν
1354 4641 1464 4702 τοῖς
1490 4641 1848 4715 πολεμίοις,ἢ
1882 4643 1971 4697 ἵνα

399 4726 932 4797 αἰχμαλωτισθέντας
959 4728 1440 4799 ἐλευθερώσωσινς
1463 4734 1527 4787 El
1582 4735 1691 4804 γὰρ
1728 4736 1977 4806 φονεύειν

397 4819 526 4884 τοὺς
582 4819 904 4892 Βαρϐἁρους
951 4821 1457 4895 εὑλαϐηθήσονται,
1512 4827 1589 4892 ώς
1637 4829 1738 4892 τὰς
1789 4831 1978 4901 χεῖρας

395 4912 644 4967 ἐντεῦθεν
674 4914 1003 4982 μιαίνοντες,
1038 4914 1315 4985 οἰχήσεται
1357 4916 1672 4986 ξύμπαντα,
1713 4921 1809 4972 καὶ
1836 4936 1976 4989 κρα-

397 5007 656 5074 τήσουσιν
685 5010 732 5058 0i
767 5007 1033 5078 βάρϐαροι
1068 5011 1284 5062 πάντων
1311 5027 1327 5042 ·
1361 5010 1398 5065 ἃ
1434 5012 1527 5064 καὶ
1553 5013 1602 5065 oi.
1637 5013 1808 5066 πάλαι
1859 5013 1974 5067 lla.

252 5096 255 5097 ⁷
320 5146 323 5148 .
401 5099 560 5167 τέρες
615 5099 988 5169 λογισάμενοι,
1049 5101 1110 5155 οὐ
1160 5104 1273 5166 τοῖς
1314 5104 1538 5174 φονεῦσι
1571 5105 1978 5175 συγκατέλεξαν

397 5194 525 5256 τοὺς
572 5196 629 5247 ἐν
676 5192 936 5264 πολέμοις
992 5195 1355 5264 φονεύοντας,
1412 5202 1976 5270 συγγνωμονῆσαντες

398 5287 604 5352 αὐτοῖς,
640 5287 715 5351 ὡς
740 5281 893 5352 οὗτος
947 5289 1150 5359 ἔφησεν
1174 5291 1202 5341 δ
1229 5288 1405 5357 ἅγιος,
1465 5291 1542 5355 ὼς
1568 5293 1705 5360 ὑπὲρ
1761 5309 1965 5361 σωφρο·

396 5379 562 5453 σύνης
593 5379 689 5436 καὶ
720 5380 998 5446 εὐσεϐείας
1057 5384 1442 5452 ἀμυνομένοις.
1508 5385 1569 5438 Et
1617 5387 1728 5455 γὰρ
1755 5390 1805 5441 οί
1836 5388 1978 5458 Βαρ-

394 5474 554 5545 ϐαροι
580 5473 979 5545 κυριεύσουσιν,
1017 5473 1419 5530 οῦτε·ἐύσέϐεια
1458 5477 1628 5542 ἔσται,
1677 5477 1802 5532 οὔτε
1873 5499 1976 5536 σω-

394 5566 659 5637 φροσύνη.
721 5567 835 5635 τὴν
887 5569 989 5639 μὲν
1026 5554 1479 5641 ’γᾶρῖεύσέϐειαν
1527 5570 1880 5644 ἁθετήσουσι,
1913 5577 1974 5629 τὸ

390 5663 592 5715 οἰκεῖον
619 5661 782 5724 σέϐας
811 5662 1171 5732 κρατύνοντες
1196 5679 1212 5696 ο
1271 5665 1372 5734 τὴν
1401 5664 1458 5718 δὲ
1493 5668 1852 5737 σωφροςύνην
1877 5671 1970 5724 οὐ·

387 5754 501 5818 διὶς
534 5755 780 5825 μετιέναι
832 5757 1338 5826 συγχωρηθήσετειι,
1385 5758 1523 5813 ἀλλά
1547 5758 1646 5832 ζῇν
1676 5761 1800 5814 κατ’
1829 5763 1973 5816 ὲκεί-

389 5865 514 5911 νονς
568 5849 716 5911 ἄπας
767 5848 1212 5921 ἑκϐιασθήσεται.
1292 5850 1354 5905 ’0
1405 5852 1461 5906 δὲ
1507 5854 1576 5907 τὰ
1637 5856 1756 5910 θεῖα
1803 5855 1972 5919 πολὺς

402 5937 721 6007 Ἀθανάσιος
756 5941 811 5995 ἐν
833 5943 899 6014 τῇ
946 5943 1346 6014 πρὸςἈμμοῦν
1377 5940 1680 6014 μονάζοντα
1707 5952 1966 6018 κανονικῇ

2085 647 2265 702 editus
2294 654 2400 711 est,
2431 646 2525 701 sed
2552 660 2662 700 non
2686 653 2768 699 est
2801 644 2853 698 in
2889 658 3015 705 usu,
3039 643 3182 712 quod
3210 655 3278 696 ex
3304 657 3370 694 eo
3401 638 3667 701 eveniret,

2086 734 2133 790 si
2167 733 2568 798 admitteretur,
2593 743 2653 791 ut
2675 733 2878 789 milites
2897 741 3364 788 sacramentorum
3392 745 3666 799 nunquam

2083 839 2268 885 essent
2295 830 2612 899 participes,
2642 845 2766 885 cum
2798 829 2851 883 i'n
2883 828 3102 884 crebris
3121 830 3230 900 7o
3259 827 3422 883 bellis
3451 840 3666 882 versen-

2087 933 2194 989 tur,
2228 933 2284 980 et
2313 927 2497 979 hostes
2527 923 2858 979 interﬁciant
2886 939 2902 978 :
2931 921 3074 992 quod
3107 938 3214 977 non
3243 931 3324 976 est
3357 919 3664 975 ferendum.

2085 1016 2360 1086 Scriptum
2386 1028 2470 1072 est
2495 1019 2665 1081 enim,
2693 1020 2839 1086 quod
2869 1031 2992 1070 cum
3023 1013 3229 1068 Phocas
3261 1013 3351 1068 ille
3375 1013 3672 1081 imperator

2083 1111 2247 1167 vellet
2273 1125 2370 1166 eos
2401 1110 2732 1182 martyribus
2762 1107 3110 1162 annumerari
3141 1106 3231 1177 qui
3259 1106 3312 1160 in
3346 1105 3502 1160 hellis
3523 1102 3672 1157 occi-

2083 1209 2307 1270 duntur,
2345 1206 2437 1273 qui
2480 1214 2609 1259 tunc
2653 1212 2814 1258 erant
2859 1203 3132 1257 antistites
3182 1201 3287 1255 hoc
3325 1200 3404 1253 usi
3456 1211 3665 1253 canone

2086 1297 2492 1367 imperatoriam
2544 1297 2858 1352 instantiam
2903 1295 3123 1350 silentio
3168 1298 3536 1358 mandarunt,
3583 1290 3663 1343 di-

2083 1401 2269 1446 centes
2307 1408 2323 1444 :
2355 1389 2639 1458 Quomodo
2667 1403 2764 1442 eos
2794 1387 2884 1454 qui
2915 1387 2964 1440 in
2995 1388 3151 1442 bellis
3181 1387 3495 1441 ceciderunt
3523 1385 3666 1438 inter

2084 1494 2351 1556 martyres
2400 1481 3085 1549 annumerabimus,_quos
3136 1493 3364 1549 magnus
3410 1477 3661 1536 Basilius.

2085 1587 2146 1634 ut
2179 1578 2271 1648 qui
2303 1592 2407 1631 non
2441 1587 2624 1632 essent
2663 1575 2812 1645 puris
2847 1575 3118 1636 manibus,
3151 1572 3386 1626 triennio
3418 1585 3447 1623 a
3479 1584 3661 1624 sacra-

2086 1668 2287 1725 mentis
2312 1665 2638 1737 prohibuit?
2665 1665 2798 1720 Cum
2827 1674 3008 1720 autem
3045 1665 3197 1717 multi
3230 1662 3568 1725 sacerdotes,
3606 1669 3662 1714 ct

2086 1779 2227 1818 unus
2260 1761 2476 1831 quidem
2499 1763 2810 1832 episcopus,
2843 1775 2904 1812 se
2927 1759 3078 1827 jussu
3115 1757 3469 1827 imperatorio
3501 1770 3664 1826 syno-

2085 1858 2277 1912 daliter
2310 1855 2598 1918 stitissent,
2619 1862 2676 1909 et
2707 1869 2829 1908 ctnn
2870 1852 3118 1908 hostibus
3149 1867 3208 1905 se
3241 1865 3434 1904 manus
3468 1863 3659 1903 conse-

2084 1953 2256 2008 ruisse
2283 1950 2588 2019 multosque
2608 1964 2674 2003 ex
2706 1949 2768 2000 iis
2796 1947 3061 2002 occidisse
3085 1944 3217 2000 fassi
3245 1953 3450 2009 essent,
3478 1943 3658 1996 divina

2079 2054 2134 2101 et
2164 2055 2348 2102 sancta
2386 2044 2626 2116 synodus
2663 2049 3063 2110 consequenter
3100 2038 3224 2092 huic
3251 2035 3475 2100 canoni,
3505 2047 3558 2089 et
3590 2035 3662 2089 45

2079 2139 2326 2210 ejusdem
2385 2136 2560 2192 sancti
2614 2144 2670 2188 et
2723 2133 2843 2188 aliis
2899 2130 3102 2186 divinis
3157 2126 3659 2191 constitutionibus,

2080 2234 2302 2288 volebat
2342 2231 2491 2301 ipsos
2533 2245 2641 2285 non
2694 2226 2930 2298 amplius
2968 2239 3120 2279 sacra
3167 2219 3469 2278 celebrare.
3502 2221 3663 2276 Com-

2079 2330 2260 2398 plures
2293 2334 2496 2391 autem,
2543 2335 2598 2379 et
2632 2322 2722 2392 qui
2759 2329 2917 2374 erant
2966 2318 3126 2388 paulo
3172 2318 3344 2388 magis
3377 2315 3655 2375 militares.

2079 2435 2177 2476 eos
2213 2419 2376 2473 etiam
2411 2415 2652 2484 praemiis
2677 2414 2871 2484 dignos
2895 2427 3015 2466 esse
3046 2409 3469 2466 contendebant.
3506 2407 3656 2462 Multi

2080 2521 2283 2576 autem,
2307 2510 2396 2581 qui
2426 2509 2480 2564 in
2511 2519 2754 2576 tempore
2783 2505 2979 2560 ludicri
3009 2521 3130 2558 cum
3156 2504 3324 2572 virgis
3345 2502 3662 2558 certaminis

2080 2605 2327 2660 homines
2358 2602 2769 2661 interfecerant.
2802 2600 3086 2654 homicidis
3128 2598 3469 2652 aunumerati
3503 2605 3658 2658 Sunt,

2079 2698 2172 2768 qui
2213 2697 2635 2753 involuntariatn
2663 2693 2969 2749 voluntarie
3012 2691 3213 2747 cedent
3251 2698 3654 2760 perpetrarunt,

2078 2797 2264 2857 utpote
2290 2802 2414 2843 cum
2461 2789 2562 2842 hoc
2609 2786 2876 2840 ludicrum
2909 2799 3015 2839 non
3068 2785 3139 2837 sit
3169 2797 3237 2838 ex
3287 2782 3351 2836 iis
3393 2781 3654 2849 quinque,

2078 2898 2198 2954 qum
2244 2883 2358 2952 lege
2394 2889 2787 2949 agnoscuntur,
2821 2895 2940 2947 qua:
2984 2877 3146 2931 etiam
3196 2874 3492 2931 certamina
3528 2888 3658 2941 ago-

2079 2988 2282 3043 nesque
2316 2975 2593 3037 dicuntur,
2628 2971 2837 3027 scilicet
2867 2971 3174 3040 pugillatus,
3209 2983 3422 3031 cursus,
3456 2966 3650 3027 saltus,

2079 3071 2287 3133 discus,
2329 3067 2599 3138 palaestra.
2633 3068 2812 3134 Quare
2859 3067 2950 3135 qui
2981 3063 3035 3118 in
3079 3066 3159 3118 eis
3188 3061 3411 3117 ludicris
3445 3059 3658 3115 interli-

2078 3166 2254 3228 ciunt,
2284 3162 2597 3233 praiudicio
2623 3177 2731 3216 non
2759 3159 3090 3215 adiciuntur.

2155 3441 2410 3496 ZONAR.
2454 3438 2884 3509 Haudquaquam
2934 3431 3256 3504 praecipiens
3306 3435 3525 3483 sanctus
3573 3423 3657 3478 vir

2078 3537 2166 3598 iis,
2200 3537 2290 3605 qui
2340 3537 2390 3588 in
2446 3534 2583 3587 bello
2630 3529 3022 3584 interfecerunt
3063 3522 3299 3579 triennio
3329 3536 3358 3574 a
3405 3533 3657 3574 commu-

2079 3630 2240 3684 nione
2264 3627 2643 3682 abstinendum
2677 3638 2800 3676 esse
2832 3621 3048 3685 asserit,
3077 3617 3185 3674 sed“
3208 3614 3492 3672 consilium
3526 3627 3653 3682 pro-

2079 3739 2304 3795 ponens.
2336 3721 2636 3776 Onerosum
2675 3716 3034 3771 nihilominus
3071 3711 3122 3766 id
3167 3708 3454 3765 consilium
3474 3705 3648 3759 videri

2077 3819 2269 3892 possit.
2309 3817 2381 3870 Ex
2420 3813 2511 3867 illo
2545 3824 2774 3878 namque
2805 3807 3106 3872 contingat.
3147 3813 3203 3856 ut
3231 3799 3433 3855 divinis
3467 3811 3656 3883 mune-

2079 3891 2228 3970 ribus
2283 3923 2556 3977 nunquam
2607 3904 2808 3960 milites
2864 3898 3298 3959 communicent;
3347 3891 3650 3961 praesertim

2078 4005 2166 4074 qui
2213 4004 2380 4058 robur
2423 3997 2740 4068 praeferunt,
2791 4007 2853 4046 ac
2899 4007 2958 4046 se
3001 3999 3255 4043 strenuos
3299 3979 3409 4052 pra:
3440 3980 3654 4036 creteris

2076 4072 2356 4149 exhibent.
2399 4088 2686 4157 Nunquam
2741 4085 2884 4135 enim
2930 4081 2995 4134 iis
3035 4077 3253 4157 dabit-ur
3305 4072 3535 4133 facultas
3585 4072 3654 4123 ad

2079 4185 2372 4242 triennium
2405 4178 2746 4253 quiescendi.
2805 4173 2864 4228 Si
2915 4189 3047 4242 ergo
3089 4154 3184 4238 qui
3241 4168 3397 4224 bellis
3443 4164 3657 4220 crebris

2080 4287 2431 4340 exercentur,
2464 4284 2521 4329 et
2549 4275 2735 4328 hostes
2765 4268 3097 4324 interficiunt
3120 4305 3136 4328 ,
3186 4278 3215 4317 a
3274 4259 3658 4318 communione

2057 4376 2355 4433 'arcentur,
2383 4377 2497 4421 toto
2536 4367 2658 4419 vitae
2685 4371 2928 4432 tempore
2961 4359 3086 4414 boni
3124 4354 3511 4412 communione
3539 4351 3656 4420 pri-

2077 4464 2186 4520 vati
2225 4465 2442 4530 (legent.
2473 4458 2606 4525 Quae
2628 4456 2842 4526 quidem
2874 4469 3027 4522 poena
3051 4460 3134 4507 est
3157 4446 3485 4505 Christianis
3513 4445 3658 4498 haud

2049 4566 2052 4568 ⁷
2081 4557 2399 4615 tolerabilis.
2429 4554 2598 4620 Quam
2630 4565 2758 4606 vero
2781 4550 2848 4603 ob
2873 4562 3093 4602 causam
3125 4557 3465 4614 nequaquam
3496 4551 3660 4607 puras

2089 4667 2280 4707 manus
2310 4662 2500 4720 gerere
2527 4645 2932 4716 iudicabuntur,
2982 4626 3072 4709 qui
3128 4653 3224 4706 pro
3279 4633 3550 4703 republica
3610 4639 3661 4684 et

2086 4743 2346 4800 fratribus
2375 4739 2660 4801 dimicant,
2697 4753 2765 4792 ne
2797 4735 2993 4805 captivi
3023 4733 3361 4786 abducantur
3395 4730 3464 4781 ab
3489 4726 3658 4780 hosti-

2084 4838 2206 4897 bus,
2245 4843 2336 4888 aut
2365 4843 2423 4886 ut
2461 4833 2514 4884 in
2556 4829 2873 4885 servitutem
2923 4825 3188 4881 abductos
3213 4823 3447 4879 liherent
3475 4819 3498 4873 ?
3524 4820 3658 4875 Nam

2084 4929 2129 4982 si
2167 4929 2234 4983 ab
2269 4923 2655 4979 interﬁcientlis
2701 4921 2956 4975 Barbaris
2989 4928 3242 4980 caveant,
3279 4914 3433 4983 quasi
3472 4925 3663 4965 manus

2050 5027 2147 5076 'ex
2187 5022 2292 5076 hoc
2339 5017 2666 5089 pollueutes.
2722 5029 2935 5085 pessum
2983 5013 3139 5065 ihuut
3185 5010 3388 5071 omnia,
3433 5014 3661 5062 cunctu-

2085 5128 2321 5181 rumque
2371 5111 2595 5164 Barbari
2652 5109 2949 5177 potientur.
3000 5105 3130 5171 Qua:
3183 5102 3390 5171 antiqui
3446 5113 3666 5168 quoque

2085 5208 2278 5262 Patres
2309 5207 2490 5259 animo
2529 5211 2863 5271 reputantes,
2897 5200 2986 5268 qui
3031 5201 3081 5252 in
3117 5198 3258 5252 bello
3294 5195 3665 5250 interﬁcerent

2087 5300 2512 5368 haudquaquam
2575 5293 2864 5349 humicidis
2926 5296 3390 5353 adnumerarunt,
3449 5289 3662 5342 veniam

2084 5393 2216 5462 ipsis
2245 5393 2453 5460 dantes.
2493 5389 2784 5456 siquidem,
2822 5399 2880 5440 ut
2923 5387 3012 5442 hic
3043 5387 3117 5439 ait
3151 5396 3402 5447 sanctus,
3433 5397 3529 5452 pro
3563 5396 3664 5450 pu.

2079 5486 2263 5541 dicitia
2311 5499 2373 5538 ac
2427 5483 2628 5551 pietate
2678 5481 3031 5536 tlecertariut.
3082 5478 3139 5532 Si
3192 5493 3426 5547 namque
3478 5491 3662 5530 rerum

2081 5580 2359 5648 potiantur
2391 5575 2638 5638 Barbari.
2674 5592 2847 5645 neque
2874 5575 2982 5629 ulla
3016 5574 3207 5642 pietas,
3241 5585 3420 5640 neque
3447 5569 3662 5640 pudici-

2079 5673 2154 5724 tia
2186 5671 2479 5738 supererit.
2514 5669 2776 5724 Pietatem
2806 5683 3038 5736 namque
3069 5667 3348 5737 abjicient,
3376 5681 3531 5727 suam
3572 5682 3661 5717 re-

2076 5762 2328 5832 ligionem
2355 5763 2658 5817 retinentes
2685 5779 2697 5813 :
2726 5761 3040 5830 pudicitiam
3073 5776 3200 5815 vero
3228 5759 3493 5814 retinendi
3522 5755 3653 5812 tntlli

2077 5858 2183 5912 llet'
2205 5855 2455 5922 facultas,
2499 5858 2594 5912 sed
2631 5856 2848 5909 illorum
2885 5857 3093 5926 legibus
3126 5859 3307 5908 vivere
3338 5868 3527 5907 omnes
3559 5869 3657 5906 co-

2077 5960 2290 6019 gcnlur.
2344 5950 2614 6006 Cwlcrutu
2668 5949 2754 6006 ille
2806 5948 3111 6005 divinarum
3179 5964 3354 6004 rerum
3415 5947 3661 6016 apprime
