4138 6312
467 414 570 475 647

1701 409 1804 471 ’ΤΗ
1819 409 1986 470 EOD.
2028 406 2435 471 BALSMION

3625 415 3741 482 848

465 523 575 576 nia.
610 523 648 574 Α
682 519 1037 576 conventibus
1084 536 1245 592 porro
1275 520 1547 575 abstinere
1583 520 1728 590 ipsos
1757 522 1944 592 jussit,
1978 538 2043 575 ne

2163 524 2349 576 εἰδόσιν
2402 523 2598 586 αὐτοὺς
2655 525 2961 595 ὀμόσαντας
3025 525 3099 596 μὴ
3131 525 3458 597 ἱερουργεῖν,
3489 528 3658 598 optim
3684 529 3740 583 δὲ

464 614 652 668 multis
682 614 920 668 scandali
954 629 1116 669 causa
1149 614 1300 680 (iant,
1332 615 1421 684 qui
1457 629 1578 668 cum
1613 613 1733 668 illos
1766 631 2044 682 nunquam

469 720 624 761 sacra
691 705 800 778 74
837 693 1088 762 tacturos
1131 709 1342 773 iurasse
1398 708 1599 773 sciant,
1657 722 1779 762 mox
1841 708 2053 776 publice

469 798 850 852 sacriﬁcantes
883 799 1338 854 animadvertant.
1396 797 1507 855 lloc
1562 799 1731 868 igitur
1788 799 1934 853 idem
1983 799 2052 853 de

469 887 701 943 Bianore
736 889 968 944 allirmat
997 909 1010 942 :
1042 890 1156 946 fieri
1207 891 1460 944 nimirum
1517 892 1618 961 ipsi
1679 892 2051 959 ministrandi,

473 980 576 1036 hoc
603 994 709 1048 est,
742 999 899 1038 sacra
933 999 1156 1038 munera
1185 985 1471 1041 exercendi
1519 987 1854 1042 facultatem.
1908 986 2052 1040 Prae-

469 1075 658 1127 sertim
690 1091 810 1128 cum
841 1090 940 1130 nec
987 1076 1286 1131 Antiochia:
1338 1092 1490 1133 sacra
1544 1079 1785 1134 facturus
1834 1079 1925 1146 sit,
1963 1079 2048 1134 ubi

466 1162 695 1232 jnravit,
723 1166 816 1218 sed
863 1167 1024 1221 lconii
1059 1183 1167 1237 quo
1213 1179 1395 1237 postea
1441 1171 1733 1225 concessit.
1792 1170 2054 1238 Exigatur

472 1269 622 1319 vero,
658 1256 851 1324 inquit,
886 1270 943 1311 ut
975 1257 1123 1313 illum
1160 1262 1420 1330 poeniteat
1462 1261 1819 1334 jurisjnrandi
1878 1265 2055 1318 facili-

2154 615 2395 688 δημοσίᾳ
2420 616 2871 688 λειτουργοῦντας
2905 619 3124 684 αύτούς.
3161 619 3333 673 Τοῦτο
3363 621 3494 689 γοῦν
3528 622 3625 676 καὶ
3658 622 3740 694 τῷ

2158 708 2382 780 Βιάνορι
2415 709 2566 778 λέγει
2599 710 2789 765 ἄδειαν
2820 713 3082 783 παρέχειν
3115 714 3251 781 πρὸς
3281 713 3379 785 τὴν
3406 713 3735 784 ὑπηρεσίαν,

2156 801 2326 870 ἤγουν
2352 803 2489 872 πρὸς
2536 801 2634 873 τὴν
2665 801 3032 873 λειτουργίαν·
3069 806 3162 856 καί
3193 803 3398 873 μᾶλλον
3432 807 3513 859 ὅτι
3537 803 3659 859 οὐδὲ
3682 808 3740 859 ἐν

2168 893 2470 964 Ἀντιοχείᾳ
2498 894 2677 964 μέλλει
2723 897 3046 966 ἱερουργεῖν,
3079 897 3212 950 ὃπου
3246 893 3490 964 ὤμοσεν,
3532 897 3652 950 ἀλλ’
3678 899 3738 952 ἐν

2169 987 2402 1057 Ἰκονίῳ,
2466 988 2592 1041 ἔνθα
2655 989 2989 1060 μετῴκησεν.
3029 989 3417 1062 ’Λπαιτηθήτω
3469 991 3548 1057 δὲ,
3580 992 3736 1060 φησι,

2165 1083 2446 1150 μετανοεῖν
2496 1082 2587 1133 ἐπὶ
2637 1084 2702 1152 τῇ
2738 1083 2962 1152 εὐκολίᾳ
3015 1083 3107 1136 τοῦ
3162 1085 3348 1153 ὅρκου·
3385 1085 3502 1155 ἦτοι
3536 1083 3630 1138 ἐπί
3661 1085 3739 1156 τῷ

2161 1174 2406 1235 εὐκόλως
2432 1173 2532 1226 καὶ
2556 1174 2865 1245 προχείρως
2894 1176 3093 1246 ὀμόσαι
3120 1177 3430 1241 ἐνδεδωκὼς
3461 1177 3550 1231 διὰ
3575 1177 3740 1246 φόϐον

2167 1264 2370 1336 μικροῦ
2391 1265 2661 1322 κινδύνου.

472 1349 604 1403 tatis
634 1367 649 1404 :
684 1351 785 1405 boc
819 1362 923 1416 est,
953 1356 1094 1422 quod
1126 1365 1233 1411 tam
1288 1357 1450 1414 facile
1481 1371 1533 1414 et
1561 1369 1810 1429 prompte
1844 1359 2026 1430 exigui
2052 1361 2274 1430 periculi
2307 1371 2452 1415 metu
2484 1363 2746 1418 adductus
2769 1363 3064 1434 iuraverit.

543 1446 773 1502 AIlIST.
805 1448 1091 1523 Presbyter
1123 1451 1320 1508 Bianor
1353 1470 1475 1510 cum
1503 1457 1766 1526 jnraverit
1797 1466 1848 1509 et
1877 1458 2054 1526 peni-

472 1542 639 1595 tentia
700 1544 895 1599 ductus
924 1546 992 1598 ob
1057 1547 1354 1613 juramenti
1411 1548 1681 1602 levitatem
1757 1549 2056 1618 suscipien-

471 1634 597 1689 dtis.

545 1723 644 1779 llic
675 1728 955 1800 presbyter
979 1745 1007 1782 a
1043 1730 1274 1799 quodam
1325 1732 1520 1803 lnjuria
1556 1733 1782 1788 allectus
1828 1746 1885 1790 et
1939 1753 2057 1792 mo-

2231 1455 2458 1513 ΑΡΙΣΤ.
2528 1458 2586 1514 '0
2639 1458 3009 1533 πρεσϐύτερος
3065 1460 3298 1532 Βιάνωρ,
3361 1463 3566 1532 ὀμόσας
3645 1465 3738 1518 καὶ

2166 1551 2654 1621 μεταμελόμενος,
2707 1553 2795 1608 διὰ
2880 1552 2983 1624 τὴν
3056 1555 3309 1608 εὐκολίαν
3366 1556 3576 1609 ἐκείνου
3647 1551 3738 1610 τού

2159 1643 2348 1715 ὅρκου,
2400 1644 2612 1709 δεκτός.

2231 1731 2400 1799 Οὗτος
2427 1739 2454 1791 ό
2485 1738 2883 1810 πρεσϐύτερος,
2919 1733 3055 1796 ὑπό
3086 1757 3228 1806 τινος
3274 1742 3738 1815 ἐπηρεαζόμενος,

472 1813 685 1872 lestiam
717 1818 833 1886 ejus
860 1820 1100 1889 perferre
1132 1839 1235 1876 non
1267 1833 1478 1892 potens,
1513 1844 1542 1879 e
1569 1836 1878 1897 contemptu
1904 1828 2055 1897 juva-

2163 1832 2260 1883 καὶ
2283 1830 2357 1901 μὴ
2377 1831 2672 1902 δυνάμενος
2716 1833 2813 1903 τὴν
2867 1834 3075 1888 ἐκείνου
3115 1835 3335 1906 δχλησιν
3369 1813 3737 1906 Ῠύπενεγκε-ἶν,

475 1910 551 1962 vit
579 1925 637 1964 se
667 1911 899 1981 amplius
927 1929 1084 1967 sacra
1137 1930 1243 1968 non
1281 1915 1570 1972 iacturum.
1628 1917 1829 1975 Deinde
1880 1922 2055 1990 pmni-

473 2003 644 2055 tentia
673 2004 867 2058 ductus
897 2009 1264 2062 sacerdotium
1297 2009 1450 2064 obire
1474 2011 1641 2065 voluit
1669 2028 1684 2066 :
1743 2023 1799 2067 et
1830 2029 2056 2083 magnus

472 2091 706 2147 Basilius
753 2097 819 2150 de
865 2111 932 2151 eo
978 2096 1343 2169 interregatus
1391 2115 1460 2156 an
1511 2103 1855 2171 recipiendus
1888 2113 2053 2170 esset,

473 2187 718 2252 mandat,
741 2191 884 2256 quod
913 2189 959 2243 si
987 2190 1338 2264 jurisjurandi
1365 2192 1599 2249 levitatis
1625 2211 1746 2250 eum
1773 2197 2056 2266 paeniteat,

477 2279 565 2333 ille
597 2281 939 2345 admittatur,
975 2299 1080 2336 non
1114 2293 1292 2338 autem
1329 2294 1386 2340 ut
1417 2287 1469 2341 in
1505 2288 1735 2357 publicis
1767 2292 2055 2344 conventi-

478 2369 576 2422 bus
611 2385 766 2422 sacra
802 2371 1121 2437 celebraret,
1147 2378 1215 2430 ob
1246 2376 1540 2433 multorum
1593 2379 1926 2444 scandalum,
1962 2381 2056 2436 sed

479 2471 539 2517 ιιι
567 2478 688 2535 qua:
717 2465 781 2518 ad
810 2467 1160 2537 presbyteros
1186 2470 1457 2538 pertinent
1492 2472 1745 2542 privatim
1768 2473 1994 2528 faceret.
2065 2474 2067 2477 ’

1039 2581 1264 2638 ΟιὶδΟΝ
1297 2584 1486 2641 XVIII.

779 2703 857 2760 De
913 2705 1086 2776 lapsis
1137 2704 1463 2774 virginibus,
1498 2720 1618 2774 quae
1650 2704 1816 2757 vitam
1839 2710 2045 2757 castam

487 2797 746 2869 professae
780 2796 1027 2861 Domino,
1067 2796 1261 2851 deinde
1287 2797 1469 2852 carnis
1514 2795 1829 2850 libidinibus
1871 2803 2044 2855 tactae,

484 2899 643 2958 pacta
700 2903 797 2942 sua
851 2889 1006 2942 irrita
1051 2887 1299 2951 faciunt,
1349 2897 1532 2957 patres
1580 2886 1796 2956 quidem
1830 2888 2000 2939 nostri
2030 2924 2044 2946 ,

487 2996 607 3033 cum
643 2981 963 3049 simpliciter
1002 2994 1065 3032 ac
1099 2979 1294 3034 leniter
1323 2993 1445 3033 sese
1493 2976 1561 3030 ad
1612 2992 1798 3031 eorum
1836 2975 1928 3044 qui
1974 2976 2051 3027 la-

486 3073 690 3124 buntur
731 3071 1097 3124 infirmitatem
1151 3069 1675 3129 accommodarent,
1719 3073 2051 3120 censuerunt

2169 1920 2388 1992 ὤμοσεν
2414 1921 2471 1989 ἐξ
2531 1923 2826 1995 ὀλιγωρίας
2886 1924 3088 1996 μηκέτι
3150 1926 3557 1998 λειτουργῆσαι.
3600 1925 3738 1982 Εἶτα

2168 2014 2584 2085 μεταμεληθεὶς,
2619 2016 2919 2086 ἱερατεύειν
2975 2019 3245 2074 ἐϐούλετο·
3304 2021 3402 2076 καὶ
3441 2022 3740 2093 ἐρωτηθεὶς

2168 2108 2297 2178 περὶ
2320 2106 2479 2160 τοῦτο
2513 2111 2540 2162 ὁ
2567 2111 2741 2177 μέγας
2764 2109 3037 2176 Βασίλειος
3076 2115 3122 2165 εἰ
3149 2113 3366 2190 δεκτέος
3396 2114 3536 2177 ἐστὶ,
3562 2130 3738 2184 προσ-

2160 2199 2350 2255 τάττει
2409 2200 2506 2264 ὡς,
2571 2203 3018 2274 είμεταμέλεται
3082 2208 3174 2259 ἐπὶ
3235 2209 3301 2278 τῇ
3363 2207 3584 2279 εὐκολίᾳ
3636 2206 3736 2260 τοῦ

2158 2291 2346 2361 ὅρκου,
2401 2291 2657 2364 δεχθῆναι
2715 2295 2899 2347 αὐτόν·
2962 2295 3036 2369 μὴ
3066 2300 3123 2351 ἐν
3153 2298 3442 2368 δημοσίαις
3487 2298 3544 2352 δέ
3572 2299 3736 2354 covi-

2161 2380 2276 2444 ξεσι
2343 2383 2679 2453 λειτουργεῖν
2737 2385 2826 2438 διὰ
2879 2387 2939 2438 τὸ
2991 2387 3100 2441 τῶν
3138 2390 3349 2444 πολλῶν
3399 2389 3717 2454 σκάνδαλον,

2158 2472 2277 2527 ἀλλ’
2312 2473 2417 2546 ἰδίᾳ
2443 2476 2511 2529 τὰ
2533 2476 2643 2529 τῶν
2681 2478 3073 2550 πρεσϐυτέρων
3096 2482 3359 2553 ἐνεργεῖν.

2769 2595 3011 2649 ΚΑΝΩΝ
3048 2599 3155 2653 ΙΗ’.

2356 2709 2490 2781 Περὶ
2521 2710 2631 2762 τῶν
2674 2710 3020 2764 ἐκπεσουσῶν
3047 2709 3332 2781 παρθένων
3355 2707 3461 2761 τῶν
3486 2705 3722 2776 καθομο-

2152 2796 2539 2868 λογησαμένων
2571 2799 2661 2851 τὸν
2692 2801 2750 2852 ἐν
2780 2799 3067 2869 σεμνότητι
3104 2797 3215 2867 βίον
3239 2796 3315 2867 τῷ
3340 2795 3548 2867 Κυρίῳ,
3579 2790 3718 2854 εἶτα,

2153 2886 2240 2939 διὰ
2271 2886 2330 2940 τὸ
2368 2888 2658 2942 ὑποπεσεῖν
2681 2892 2794 2952 τοῖς
2825 2888 3019 2942 πάθεσι
3049 2888 3146 2956 τῆς
3166 2886 3385 2957 σαρκὸς,
3415 2883 3721 2938 ἀθετουσῶν

2154 2977 2251 3038 τὰς
2316 2977 2527 3031 ἑαυτῶν
2598 2979 2903 3048 συνθήκας,
2972 2981 3021 3031 οἱ
3085 2979 3181 3047 μὲν
3243 2977 3474 3045 πατέρες
3530 2975 3718 3043 ἡμῶν.

2154 3068 2340 3132 ἁπλῶς
2517 3071 2612 3123 καὶ
2634 3071 2824 3141 πράως
2847 3067 3377 3141 συμπεριφερόμενοι
3403 3066 3522 3128 ταῖς
3556 3065 3685 3117 ἀσοε
3704 3094 3719 3102 -

489 3163 633 3230 ipsas
663 3170 786 3231 post
823 3177 1023 3215 annum
1055 3162 1260 3215 admitti
1316 3176 1495 3228 posse,
1544 3160 1612 3214 de
1664 3159 1772 3213 illis
1804 3158 1866 3211 ad
1899 3157 2049 3213 siliti-

2163 3160 2325 3222 νείαις
2352 3162 2459 3214 τῶν
2496 3163 3031 3224 κατολισθαινόντων,
3092 3158 3487 3230 ἐνομοθέτησαν
3526 3157 3720 3218 δεκτὰς

487 3254 768 3306 litudinem
817 3253 1153 3322 digamorum
1204 3253 1582 3320 dijudicantes.
1661 3250 1861 3305 Verum
1918 3247 2051 3302 mihi

486 3344 702 3410 quidem
761 3345 973 3397 videtur
1000 3384 1013 3405 ,
1076 3344 1332 3412 quoniam
1382 3341 1475 3396 Dei
1519 3342 1665 3395 dono
1699 3340 2052 3410 progrediens

487 3433 730 3486 Ecclesia
779 3433 832 3486 lit
883 3434 1115 3496 fortior,
1182 3447 1245 3486 ac
1293 3447 1438 3486 nunc
1481 3433 1871 3500 multiplicatur
1916 3433 2053 3485 ordo

485 3525 757 3593 virginum
784 3564 799 3585 ,
848 3525 1135 3593 diligenter
1176 3523 1627 3579 considerandam
1675 3539 1796 3578 esse
1842 3532 1896 3577 ct
1935 3537 2050 3578 rem

489 3618 682 3686 ipsam,
714 3626 873 3686 prout
912 3615 1280 3670 consideranti
1319 3615 1613 3685 manifesta
1641 3625 1745 3677 est,
1793 3623 1848 3668 et
1906 3613 2052 3668 Scri-

491 3719 662 3778 ptum
722 3709 1048 3765 sententiam
1095 3724 1216 3777 qua:
1269 3723 1333 3760 ex
1380 3706 1765 3760 consecutione
1819 3706 2052 3761 inveniri

489 3810 686 3870 potest.
727 3800 976 3854 V’iduitas
1044 3799 1188 3852 enim
1247 3797 1560 3867 virginitate
1604 3797 1875 3864 inferior;
1923 3814 2055 3868 ergo

488 3902 541 3944 et
591 3892 873 3946 viduarum
923 3890 1180 3944 delictum
1240 3887 1397 3956 longe
1459 3889 1642 3941 minus
1687 3903 1850 3955 quam
1893 3889 2052 3958 virgio

489 4000 638 4038 num.
678 3985 968 4039 Videamus
994 3995 1122 4050 ergo
1155 3978 1284 4048 quid
1317 3978 1382 4032 ad
1418 3977 1759 4033 Timotheum
1815 3995 1846 4031 a
1883 3977 2052 4032 Paulo

490 4079 752 4147 soi-iptum
825 4077 897 4143 sit
958 4070 1268 4128 :Juniores
1355 4081 1527 4123 autem
1597 4069 1778 4124 viduas
1861 4070 2052 4126 devita.

492 4170 782 4238 Postquam
842 4169 978 4221 enim
1039 4166 1369 4218 lasciviarum
1436 4162 1685 4216 adversus
1744 4162 2053 4226 Christum,

492 4260 680 4313 mibere
736 4261 952 4321 uolant,
1014 4257 1257 4308 habentes
1326 4253 1811 4305 condemnationem
1843 4291 1859 4314 ,
1922 4255 2055 4322 quod

491 4353 717 4420 primani
757 4350 915 4415 ﬁderit
947 4349 1153 4400 irritant
1211 4344 1446 4413 fecerunt
1503 4339 1538 4398 ‘.
1580 4344 1761 4412 Itaque
1812 4346 1858 4398 si
1892 4344 2056 4398 vidua

2156 3246 2293 3303 εἶναι
2344 3252 2479 3320 μετὰ
2509 3251 2602 3304 τὸν
2655 3253 2896 3305 ὲνιαυτδν
2952 3291 2969 3316 ,
3126 3249 3248 3302 καθ’
3287 3248 3580 3318 ὁμοιότητα
3615 3246 3722 3297 τῶν

2156 3343 2398 3411 διγόιμων
2429 3344 2834 3413 διαταξάμενοι·
2870 3346 2994 3414 ἐμοὶ
3023 3343 3080 3396 δὲ
3120 3342 3286 3407 δοκεῖ,
3319 3339 3501 3410 ἐπειδὴ
3531 3341 3596 3408 τῇ
3628 3339 3722 3389 τοῦ

2156 3432 2293 3487 Θεοῦ
2345 3435 2524 3504 χάριτι
2583 3435 2846 3505 προϊοῦσα
2898 3436 2932 3505 ἡ
2988 3432 3314 3504 Ἐκκλησία,
3362 3430 3726 3500 κραταιοτέρα

2157 3525 2385 3594 γίνεται,
2417 3527 2510 3579 καὶ
2547 3526 2874 3597 πληθύνεται
2915 3526 3010 3580 νῦν
3063 3525 3124 3578 τὸ
3159 3523 3344 3594 τάγμα
3379 3522 3488 3574 τῶν
3520 3519 3723 3590 παρθέ-

2159 3635 2266 3672 νων
2296 3654 2314 3680 ,
2448 3618 2734 3688 προσέχειν
2767 3618 3012 3689 ἀκριϐῶς
3045 3617 3121 3686 τῷ
3147 3634 3204 3670 τε
3227 3617 3344 3670 κατ’
3373 3615 3579 3668 ἔννοιαν
3604 3629 3724 3682 goat-

2158 3709 2368 3780 νομένῳ
2423 3709 2706 3780 πράγματι
2755 3707 2849 3763 καὶ
2890 3710 2956 3779 τῇ
2999 3709 3099 3778 τῆς
3135 3705 3356 3777 Γῳφῆς
3394 3703 3620 3775 διανοίᾳ,
3657 3705 3726 3773 ην

2156 3802 2382 3856 δυνατὸν
2442 3801 2684 3873 ἐξευρεῖν
2730 3800 2840 3853 ἀπὸ
2885 3797 2978 3852 τοῦ
3023 3797 3340 3864 ἀκολούθου.
3366 3798 3578 3869 Χηρεία
3619 3797 3727 3866 γὰρ

2162 3891 2457 3964 παρθενίας
2482 3892 2718 3944 ἐλάττων
2738 3908 2753 3923 ·
2776 3889 2970 3944 οὐκοῦν
2999 3891 3094 3942 καὶ
3127 3890 3185 3942 τὸ
3210 3890 3319 3942 τῶν
3347 3890 3529 3960 χηρῶν
3554 3888 3729 3959 ἁμάρ-

2162 3999 2315 4054 τημα
2351 3983 2527 4054 πολλῷ
2557 3982 2807 4054 δεύτερόν
2840 3984 2955 4035 ἐστι
2988 3980 3082 4034 τοῦ
3112 3979 3216 4034 τῶν
3244 3979 3544 4051 παρθένων.
3575 3978 3727 4032 Ἴδω-

2167 4092 2265 4145 μεν
2290 4076 2465 4129 τοίνυν
2494 4075 2546 4127 τί
2571 4076 2879 4145 γέγραπται
2908 4071 3155 4142 Τιμοθέῳ
3179 4071 3328 4141 παρά
3353 4067 3444 4122 τοῦ
3480 4068 3690 4122 Παύλου
3715 4086 3727 4096 ε

2163 4165 2460 4234 Νεωτέρας
2505 4165 2573 4218 δὲ
2609 4165 2799 4234 χήρας
2852 4162 3157 4231 παραιτοῦ.
3194 4164 3370 4218 Ὅταν
3410 4161 3519 4232 γὰρ
3562 4177 3730 4215 κατα-

2164 4257 2572 4325 σ-τρηνιὰσωσι
2644 4255 2749 4309 τοῦ
2813 4253 3100 4323 Χριστοῦ,
3157 4253 3366 4323 γαμεῖν
3407 4252 3693 4308 θέλουσιν
3712 4292 3727 4314 ,

2165 4348 2414 4417 ἔχουσαι
2436 4347 2629 4416 κρῖμα,
2667 4345 2755 4400 ὅτι
2777 4347 2891 4412 τὴν
2915 4345 3152 4414 πρώτην
3173 4346 3380 4397 πίστιν
3405 4342 3728 4410 ἠθέτησαν.

492 4450 695 4522 judicm
743 4450 1029 4522 subjicutur
1059 4445 1387 4517 gravissimo
1421 4482 1437 4507 ,
1496 4456 1558 4498 ut
1611 4457 1733 4512 quae
1794 4440 1951 4494 Iidem
2011 4440 2055 4492 in

2169 4439 2233 4491 El
2261 4441 2440 4492 τοίνυν
2464 4444 2609 4510 χήρα
2641 4441 2868 4510 κρίματι
2897 4440 3176 4493 ὑπόκειται
3211 4437 3512 4508 βαρυτάτῳ,
3543 4433 3617 4497 ὡς
3635 4435 3733 4502 τὴν

493 4543 771 4597 Christum
829 4540 1040 4594 irritam
1092 4538 1316 4600 fecerit,
1356 4537 1484 4607 quid
1539 4535 1700 4590 nobis
1760 4532 2060 4605 putandum

493 4619 572 4687 de
595 4634 822 4702 virgine,
858 4646 978 4699 qua:
1020 4645 1218 4700 sponsa
1245 4638 1325 4684 est
1353 4629 1593 4693 Cbristi,
1628 4635 1682 4680 et
1716 4640 1934 4682 sacrum
1969 4639 2062 4678 vas

494 4724 724 4777 Domino
765 4721 1129 4777 dedicatum?
1181 4719 1432 4790 Magnum
1472 4719 1692 4790 quidem
1737 4725 1822 4772 est
1871 4730 2062 4787 pecca—

494 4822 608 4868 tum
636 4853 652 4877 ,
707 4813 790 4867 vel
835 4812 1090 4866 ancillam
1117 4812 1492 4873 {clandestinis
1539 4808 1908 4864 matrimoniis
1940 4822 2062 4861 sese

493 4906 734 4968 dantem,
771 4914 959 4974 stupro
1008 4904 1227 4956 domum
1275 4904 1496 4972 implere
1520 4941 1536 4965 ,
1565 4912 1620 4955 et
1663 4902 1932 4956 deteriore
1953 4901 2060 4954 vita

495 4997 747 5064 iniuriam
800 4996 1106 5065 possessori
1171 4995 1395 5048 facere:
1443 4995 1602 5063 longe
1640 5002 1819 5046 autem
1845 4992 2062 5061 gravius

493 5097 577 5141 est
614 5070 873 5157 sponsam
907 5087 1024 5140 ﬁeri
1082 5086 1414 5150 adulteram,
1451 5101 1514 5139 ac
1546 5102 1658 5139 sua:
1688 5101 1812 5138 cum
1861 5098 2062 5153 sponso

493 5181 864 5248 coniunctioni
917 5180 1154 5235 dedecus
1217 5178 1526 5242 ferentem,
1593 5177 1882 5248 impudicis
1909 5178 2063 5230 volu-

495 5276 732 5344 pt.tibus
780 5289 839 5328 se
901 5274 1123 5326 dedere.
1178 5270 1410 5326 Proinde
1475 5270 1636 5324 vidua
1688 5270 1904 5340 quidem
1940 5308 1955 5332 ,
2005 5276 2064 5321 ut

493 5372 746 5433 corrupta
779 5366 1014 5427 ancilla,
1049 5363 1448 5417 condemnatur
1480 5381 1493 5428 ;
1530 5364 1682 5431 virgo
1724 5377 1852 5415 vero
1907 5359 2064 5413 adul-

493 5472 622 5513 terae
739 5457 942 5527 judicio
1074 5458 1386 5535 subjicitur.
1407 5457 1872 5521 Quemadmodum
1901 5454 2066 5522 igitur

490 5567 615 5605 eum
649 5553 746 5621 qui
797 5566 920 5604 cum
955 5551 1132 5605 aliena
1166 5562 1250 5606 est
1287 5551 1514 5604 muliere
1543 5593 1558 5616 ,
1604 5548 1912 5602 adulterum
1968 5562 2067 5599 no-

493 5644 794 5706 minamus,
843 5659 947 5697 non
1001 5642 1152 5712 prius
1200 5642 1549 5696 admittentes
1609 5639 1671 5692 ad
1725 5635 2064 5692 communio-

494 5749 639 5798 netu,
679 5750 841 5803 quam
889 5749 916 5786 a
952 5743 1177 5804 peccato
1228 5735 1567 5792 cessaverit:
1610 5734 1681 5784 ita
1743 5729 1984 5800 profecto
2008 5736 2062 5783 ct

601 5872 832 5925 'ITim.
863 5890 911 5926 ν.
942 5872 1020 5930 II,
1058 5872 1143 5926 12.

2167 4531 2249 4592 είς
2300 4529 2531 4599 Χριστὸν
2592 4529 2906 4598 ἀθετήσασα
2957 4529 3157 4589 πίστιν,
3196 4526 3248 4578 τί
3283 4527 3388 4597 χρὴ
3425 4521 3732 4592 λογίζεσθαι

2169 4622 2314 4691 ἡμᾶς
2346 4621 2472 4691 περὶ
2496 4622 2595 4691 τῆς
2645 4620 2933 4691 παρθένου,
2963 4621 3084 4689 ἥτις
3110 4618 3296 4686 νύμφη
3327 4617 3442 4669 ἐστὶ
3481 4614 3572 4668 τοῦ
3601 4614 3734 4680 Χρι-

2170 4711 2316 4776 στοῦ,
2349 4714 2443 4767 καὶ
2480 4711 2670 4775 σκεῦος
2699 4713 2845 4782 ἱερὸν
2878 4710 3135 4766 ἀνατεθὲν
3165 4709 3242 4780 τῷ
3271 4708 3547 4779 Δεσπότης
3575 4705 3734 4770 Μέγα

2172 4808 2267 4878 μὲν
2299 4807 2599 4878 ἁμάρτημα
2652 4806 2744 4859 καὶ
2771 4804 2965 4874 δούλην
2998 4801 3274 4873 λαθραίοις
3305 4799 3501 4869 γάμοις
3537 4796 3731 4862 ἑαυτὴν

2168 4897 2506 4951 ἐπιδιδούσαν
2551 4898 2754 4967 φθορᾶς
2801 4896 3111 4966 ἀναπλῆσαι
3140 4893 3228 4946 τὸν
3255 4888 3425 4951 οἷκον,
3479 4887 3574 4941 καλ⁸
3609 4885 3734 4936 καθ-

2171 4991 2407 5060 υϐρίζειν
2435 4990 2522 5043 διὰ
2542 4989 2634 5042 τοῦ
2664 4988 2901 5060 πονηροῦ
2926 4987 3041 5057 βίον
3072 4985 3161 5038 τὸν
3181 4983 3532 5052 κεκτη-μένον·
3558 4975 3734 5045 πολλῷ

2168 5084 2224 5136 δὲ
2249 5084 2420 5153 δήπου
2458 5082 2834 5154 χαλεπώτερον
2873 5080 2969 5151 τὴν
3013 5079 3226 5149 νύμφην
3274 5071 3554 5145 μοιχαλίδα
3585 5069 3734 5138 γενέ-

2171 5176 2314 5237 σθαι,
2349 5175 2443 5228 καὶ
2471 5173 2565 5244 τὴν
2599 5174 2734 5244 πρὸς
2765 5173 2856 5226 τὸν
2889 5170 3120 5242 νυμφίον
3151 5169 3344 5221 ἕνωσιν
3368 5164 3732 5234 ἀτιμάσασαν,

2170 5266 2377 5338 ἡδοναῖς
2411 5264 2726 5327 ἀκολάστοις
2759 5263 2955 5335 ἑαυτὴν
2997 5259 3292 5314 ἐπιδοῦναι.
3333 5255 3538 5310 Οὐκοῦν
3569 5257 3602 5323 ἡ
3636 5251 3735 5322 μὲν

2170 5357 2330 5426 Χήραν
2362 5355 2437 5418 ὡς
2468 5354 2625 5424 δούλη
2689 5351 3081 5424 διεφθαρμένη,
3116 5346 3566 5411 καταδικάζεται·
3604 5346 3636 5413 ἡ
3675 5342 3734 5397 δὲ

2171 5448 2432 5519 παρθένος
2479 5445 2556 5516 τῷ
2611 5447 2833 5518 κρίματι
2898 5444 2999 5515 τῆς
3065 5441 3364 5514 μοιχαλίδος
3431 5437 3733 5490 ὑπόκειται.

2172 5541 2378 5611 Ὥσπερ
2437 5535 2529 5593 οὖν
2568 5539 2655 5592 τὸν
2700 5537 2954 5610 ἀλλοτρίᾳ
2996 5535 3213 5604 γυναικὶ
3266 5530 3511 5584 συνιόντα
3550 5525 3735 5596 μοιχὸν

2170 5633 2525 5703 ὀνομάζομεν,
2576 5630 2636 5682 οὐ
2691 5630 2950 5701 πρότερον
2987 5625 3414 5697 παραδεξάμενοι
3437 5624 3515 5685 είς
3546 5636 3738 5673 κοινω-

2170 5726 2308 5789 νίαν,
2346 5729 2468 5795 πρὶν
2501 5723 2532 5792 ἢ
2558 5721 2867 5776 παύσασθαι
2898 5721 2994 5790 τῆς
3038 5720 3311 5791 ἁμαρτίας
3331 5735 3342 5747 ο
3376 5716 3516 5770 οὕτω
3547 5712 3733 5783 δηλονο
