4136 6308
498 363 633 429 1039

1728 375 2008 439 ΤΗΕΟΙ).
2052 377 2139 436 BA
2152 374 2523 437 LSAMONIS

3565 372 3698 437 1010

492 496 582 551 tiri
633 495 689 549 in
744 492 985 563 quinque
1034 496 1374 546 secretorum
1424 489 1675 559 religiosa
1720 486 2042 563 ratiocinia;

2151 488 2301 542 θέσια
2332 488 2465 550 ἐκαὶ
2500 484 2775 540 ἀναθεῖναι
2816 490 2914 555 τὴν
2944 485 3144 539 τούτων
3200 484 3466 555 διοίκησιν
3512 484 3695 542 διακο-

494 583 677 655 atque'
719 582 913 637 borum
970 579 1501 637 administrationem
1554 578 1717 635 certis
1775 578 2043 632 ministris

489 672 853 729 committere.
892 668 1299 725 Namvminime
1338 668 1693 723 conveniebat
1740 668 1912 736 ipsum
1952 678 2045 733 pa-

492 762 807 826 triarcham,
870 768 979 817 tam
1040 760 1325 832 insigniter
1378 761 1433 815 in
1492 758 1748 814 omnibus
1806 756 2045 826 speciem

491 854 675 924 sponsi
707 867 815 922 prae
845 866 903 906 se
934 850 1499 921 ferentem,-occupari
1532 848 1814 905 tractando
1845 856 2041 909 rastro,

492 942 891 1012 mancipiisque
929 941 1211 996 satiandis.
1242 940 1371 996 Inde
1403 940 1647 1011 lgiturin
1686 939 1834 994 hunc
1874 952 2047 1005 usque

488 1031 661 1093 diem,-
683 1044 712 1083 a
737 1029 1326 1101 quinque-prrsidibus
1348 1045 1485 1100 quos
1508 1029 1876 1099 magistratus.
1907 1028 2046 1081 Exo-

490 1119 1075 1183 catacaalos'dicimus,
1122 1128 1377 1189 tanquam
1426 1132 1457 1171 a
1504 1118 1747 1188 quinque
1792 1116 2045 1172 sensibus

488 1210 603 1265 haec
624 1209 1077 1265 administrantur
1104 1225 1117 1262 :
1152 1209 1411 1263 nimirum
1442 1224 1473 1261 a
1518 1222 1716 1276 magno
1740 1221 2042 1272 oeconomo,

488 1314 517 1353 a
565 1312 764 1366 magno
823 1297 1149 1360 sacellario,
1208 1312 1239 1350 a
1294 1312 1506 1368 magno.
1552 1295 1957 1365 scevopbylace,
2014 1308 2044 1347 a

489 1388 845 1453 chartulario,
895 1396 950 1442 et
986 1402 1050 1442 ea
1091 1386 1322 1458 prmaide
1363 1386 1590 1441 sacellii.
1635 1383 1861 1455 Magnus
1898 1397 2045 1438 meo-

488 1494 686 1534 nomus
733 1478 1060 1547 praediorum
1097 1475 1593 1532 ecclesiasticarum
1630 1488 1817 1527 curam
1859 1470 1995 1541 gerit
2026 1487 2043 1525 :

489 1584 719 1641 magnus
777 1568 1096 1625 sacellarius
1152 1574 1261 1622 tam
1315 1566 1545 1630 urbana,
1597 1580 1759 1636 quam
1819 1563 2047 1618 ulterius

498 1662 602 1715 sita
644 1660 974 1715 monasteria
1007 1666 1164 1714 curat
1184 1657 1327 1729 (cum
1360 1658 1511 1712 urbis
1546 1654 1902 1726 imperatrieis
1955 1654 2049 1735 de-

489 1750 628 1804 cima
670 1750 829 1805 tertia
855 1751 1026 1819 regio,
1049 1749 1118 1803 sit
1147 1748 1265 1820 ejus
1292 1748 1442 1817 regio
1466 1746 1750 1814 extrema),
1779 1746 1845 1801 de
1876 1745 2048 1802 sacris

2143 580 2350 648 νηταϊς,
2388 576 2521 631 Οὐδὲ
2552 576 2657 646 γὰρ
2680 574 2787 628 ἔδει
2808 575 2898 629 τδν
2926 575 3096 638 οὕτως
3134 576 3416 645 ἀγακλεῶς
3456 579 3513 631 έν
3558 580 3693 632 πᾶσι

2143 666 2695 734 νυμφοστολούμενον,
2726 665 2855 733 περὶ
2891 667 3175 735 σκαπάνην
3209 667 3559 737 ἀσχολεῖσθαι
3599 670 3694 721 καὶ

2142 751 2339 818 δούλων
2363 755 2734 824 χορτάσματα.
2772 755 2993 806 Ἔκτοτε
3023 756 3151 821 γοῦν
3179 756 3272 808 καὶ
3306 754 3463 826 μέχρι
3487 748 3580 811 τοῦ
3600 758 3695 812 νῦν

2144 842 2293 913 παρὰ
2326 844 2483 895 πέντε
2514 841 2969 913 προκαθημένων,
3003 845 3111 897 τῶν
3132 844 3575 909 έξωκατακοίλων
3604 848 3697 916 ἀρ⁴

2141 928 2342 998 χόντων
2376 931 2539 998 φημὶ,
2566 928 2639 992 ὡς
2672 930 2773 982 ὑπὸ
2795 931 2957 984 πέντε
3014 933 3319 1003 αἰσθήσεων
3357 933 3516 985 ταυτὶ
3560 934 3698 1000 διεξ-

2144 1021 2367 1088 άγονται
2394 1037 2409 1051 ⁸
2440 1022 2606 1090 ἤγουν
2632 1021 2725 1074 τοῦ
2749 1022 2985 1091 μεγάλου
3008 1024 3310 1093 οἰκονόμου,
3333 1021 3430 1076 τοῦ
3462 1023 3695 1094 μεγάλου

2147 1110 2515 1181 σακελλαριου,
2546 1110 2636 1163 τοῦ
2666 1110 2899 1180 μεγάλου
2928 1111 3349 1179 σκευοφύλακος,
3372 1112 3468 1165 τοῦ
3501 1130 3565 1181 κα
3577 1131 3696 1182 ρτοο

2146 1202 2402 1269 φύλακος.
2438 1200 2649 1255 καὶτοῦ
2678 1200 2983 1256 σακελλιου.
3020 1203 3131 1257 Καὶ
3190 1201 3303 1272 ἔχει
3337 1203 3445 1255 τῶν
3496 1205 3696 1273 ἐκκλη-

2147 1293 2436 1347 σιαστικῶν
2474 1292 2775 1363 κτημάτων
2799 1292 2898 1363 τὴν
2924 1294 3203 1363 πρόνοιαν.
3242 1296 3269 1346 ὁ
3326 1292 3501 1363 μέγας
3553 1298 3698 1348 olito-

2122 1386 2347 1452 νόμος)
2380 1384 2487 1436 τῶν
2510 1384 2649 1437 κατὰ
2675 1383 2847 1459 πόλιν,
2890 1383 2987 1436 καὶ
3021 1384 3125 1437 τῶν
3167 1386 3479 1455 περατικῶν
3527 1403 3697 1455 μονα-

2148 1472 2383 1541 στηρίων
2402 1473 2503 1541 τὴν
2536 1473 2804 1543 μέριμναν
2838 1465 3304 1543 (τρισκαιδέκατος
3346 1474 3455 1544 γὰρ
3493 1474 3700 1542 ρεγεὼν

2145 1563 2244 1635 τῆς
2295 1562 2681 1635 βασιλευούσης
2717 1563 2825 1617 τῶν
2881 1564 3124 1628 πόλεων,
3165 1566 3197 1635 ή
3242 1566 3441 1631 περαια
3497 1565 3701 1636 ταύτης

2148 1655 2343 1723 ἐστὶν),
2375 1655 2403 1706 ό
2438 1654 2609 1724 μέγας
2640 1654 2992 1735 σακελλάριος
3024 1672 3037 1687 ·
3069 1656 3177 1709 τῶν
3212 1658 3369 1728 ἰερῶν
3400 1656 3700 1729 κιιμηλίων

2146 1744 2241 1816 τὴν
2267 1746 2599 1814 ἐπιμέλειαν,
2628 1748 2657 1798 ό
2692 1747 2865 1815 μέγας
2911 1747 3248 1815 σκευοφόλαξ
3268 1763 3284 1779 ⁸
3314 1750 3535 1803 καὶτῶν
3564 1749 3699 1803 καθ·

490 1842 720 1899 cimeliis
747 1841 1016 1899 sollicitus
1042 1849 1124 1898 est
1152 1856 1379 1913 magnus
1411 1841 1501 1896 ille
1531 1855 1784 1895 vasorum
1818 1850 2046 1896 custos:

2151 1810 2342 1890 ολικῶν
2364 1810 2377 1814 ν
2397 1810 2717 1906 ἐκκλησιῶν,
2770 1810 2915 1906 *πρὸς
2947 1837 3004 1891 δὲ
3054 1810 3148 1892 καὶ
3182 1810 3287 1892 των
3318 1839 3701 1910 ἑμφυτεὺσεων

490 1936 843 1993 ecclesiarum
915 1935 970 1989 in
1027 1948 1241 2004 genere,
1304 1939 1467 2003 atque
1516 1934 1678 1986 etiam
1729 1931 2051 2002 emphyteu-

491 2028 635 2084 sium
711 2026 1151 2091 administratio,
1222 2040 1391 2096 penes
1468 2024 1673 2079 sacellii
1733 2022 2047 2096 prefectum

488 2128 590 2178 est.

557 2214 932 2272 Chartularius
958 2220 1138 2268 autem
1169 2228 1266 2284 pro
1286 2229 1383 2268 sua
1409 2222 1557 2283 parte
1584 2212 1733 2271 solus
1756 2226 1819 2268 ea
1846 2210 2050 2282 dirigit,

489 2324 610 2377 qua}
639 2308 761 2377 jure
799 2306 1150 2378 pontiﬁcatus
1179 2306 1244 2360 ad
1273 2306 1631 2376 patriarcham
1668 2304 1960 2376 pertinent.
1986 2304 2052 2359 Et

488 2414 597 2471 quo
643 2397 861 2469 quidem
911 2407 1066 2467 pacto
1112 2406 1430 2452 cancrorum
1482 2409 1713 2466 quatuor
1760 2395 2048 2467 prasidum

489 2488 861 2544 institutiones
912 2503 1007 2543 seu
1054 2487 1348 2543 electiones
1381 2488 1493 2543 tleri
1538 2488 1732 2543 debere
1779 2488 2049 2542 sancitum

489 2578 579 2640 sit,
610 2587 662 2631 et
690 2585 823 2647 quot
847 2591 969 2631 nam
997 2578 1223 2647 quilibet
1251 2577 1442 2631 horum
1461 2577 1820 2632 cbartularios
1850 2576 2052 2632 laboris

489 2677 790 2722 consortes
824 2664 1043 2729 habeat,
1074 2671 1279 2735 quotve
1303 2678 1403 2721 suo
1432 2664 1484 2718 in
1513 2671 1721 2720 secreto
1747 2663 2071 2727 ministros,

490 2755 721 2810 alienum
770 2756 872 2811 hoc
923 2755 1046 2811 loco
1093 2754 1257 2809 fuerit
1296 2754 1494 2811 dicere.
1546 2752 1663 2809 Non
1688 2753 1832 2810 enim
1870 2752 1938 2809 de
1965 2752 2052 2809 his

488 2842 637 2916 loqui
688 2859 835 2899 nunc
870 2844 1232 2899 instituimus.
1275 2841 1427 2898 Unde
1454 2858 1611 2911 vero.
1653 2852 1704 2900 et
1730 2843 1965 2914 qualiter
1994 2844 2050 2900 id

487 2934 854 2990 venerationis
886 2933 940 2988 in
979 2933 1155 3004 signis
1200 2932 1611 3005 cbartophylaci
1655 2935 1947 3000 tribuatur,
1993 2943 2053 2990 ut

487 3039 551 3079 os
581 3035 635 3081 et
671 3040 866 3080 manus
894 3024 1215 3095 patriarcha:
1243 3032 1611 3095 nuncupetur,
1644 3025 2053 3095 inquirendum.

488 3114 553 3171 Et
577 3116 703 3185 quia
748 3116 994 3171 nonnulli
1028 3131 1224 3171 nomen
1250 3116 1689 3187 chartopbylacis
1721 3132 1783 3171 ex
1816 3132 1882 3172 eo
1910 3116 2054 3171 deri-

488 3212 639 3269 vant,
668 3204 812 3275 quod
843 3204 1191 3260 membranas
1214 3205 1329 3260 sive
1352 3204 1568 3259 codices
1584 3204 1853 3259 custodiat
1883 3222 1897 3257 :
1928 3212 2053 3258 ante

488 3296 672 3350 omnia
704 3295 1024 3360 tollendum,
1075 3294 1219 3366 quod
1254 3295 1379 3350 inde
1408 3296 1561 3351 nasci
1594 3305 1796 3364 posset,
1823 3297 2054 3352 scanda-

488 3388 617 3441 lum.
652 3385 1050 3457 Cbartopbylax
1101 3401 1210 3441 non
1244 3395 1348 3453 est,
1380 3387 1459 3443 uti
1498 3387 1714 3458 quidam
1746 3386 2052 3457 perhibent,

488 3488 678 3532 custos
704 3474 919 3543 secreti,
949 3486 1002 3531 et
1061 3477 1275 3547 janitor
1329 3478 1489 3547 (nam
1520 3478 1865 3533 ostiariorum
1902 3486 2053 3532 vetus

485 3582 549 3623 ea
572 3568 841 3639 professio
867 3568 1008 3638 est),
1043 3568 1136 3623 sed
1179 3567 1408 3623 idoneus
1428 3568 1632 3637 jurium
1667 3568 2050 3638 episcopalium

488 3668 729 3714 curator.
768 3658 860 3713 Sic
888 3660 1031 3713 enim
1066 3665 1120 3715 et
1160 3660 1626 3730 nomophylacem.
1660 3668 1713 3713 et
1749 3660 2053 3730 scevophy-

488 3747 660 3802 Iacem
687 3754 989 3803 castrorum
1017 3750 1278 3818 principis
1301 3750 1554 3806 dicimus.
1579 3747 1732 3815 Quod
1764 3748 1809 3804 si
1841 3749 2054 3804 fortiter

489 3840 589 3892 hoc
615 3838 921 3894 inficiantes
943 3849 1211 3908 quaerant,
1252 3840 1345 3910 qui
1381 3841 1491 3901 fiat.
1512 3848 1572 3895 ut
1598 3840 1828 3895 aliorum
1868 3855 2053 3895 secre-

489 3943 666 3985 torum
692 3932 973 4000 praesides,
996 3946 1106 3986 non
1124 3931 1377 3987 dicantur
1389 3932 1665 3998 custodes,
1687 3948 1811 3985 cum
1834 3931 2051 4000 quidem

488 4036 669 4076 rerum
720 4020 1197 4077 administratores
1238 4024 1389 4088 sint;
1443 4037 1543 4077 cur
1595 4038 1779 4089 unus,
1824 4038 2052 4092 magnus

486 4120 709 4165 vocetur
757 4122 1076 4165 mconomus
1130 4126 1145 4175 ;
1184 4146 1187 4149 ‹
1221 4110 1379 4172 alius,
1426 4124 1653 4181 magnus
1712 4110 2051 4176 sacellarius,

486 4197 649 4261 alius,
681 4198 885 4254 sacellii
912 4197 1202 4267 praefectus
1227 4216 1244 4251 :
1274 4198 1517 4263 audiant,
1549 4202 1689 4254 idem
1721 4214 1841 4254 esse
1858 4216 2052 4256 nomen

485 4287 782 4351 (economi,
818 4286 1092 4351 custodis,
1136 4288 1403 4342 sacellarii
1449 4297 1502 4343 et
1542 4290 1745 4344 sacellii
1788 4290 2049 4359 praefecti.

487 4375 620 4429 Nam
657 4376 796 4444 apud
818 4374 1096 4431 Romanos
1126 4378 1383 4431 sacellum
1416 4378 1482 4433 ab
1513 4379 1979 4455 administratione
2000 4390 2052 4435 et

2150 1925 2249 1997 τὴν
2270 1926 2556 1997 διοίκησιν,
2585 1928 2614 1981 ό
2645 1927 2950 2014 σακελλίου.

2226 2202 2289 2260 Ὀ
2316 2204 2371 2258 δὶ
2414 2205 2754 2278 χαρτοφύλαε
2816 2204 3128 2260 κατευθύνει
3177 2205 3490 2277 μοωμερῶς
3522 2205 3591 2261 τὰ
3625 2207 3704 2278 τῷ

2152 2296 2459 2366 πατριάρχῃ
2480 2336 2495 2361 ,
2551 2295 2744 2367 δικαίῳ
2780 2295 2878 2365 τῆς
2909 2297 3351 2367 ἀρχιερωσύνης,
3411 2298 3702 2369 ἀνήκοντα.

2153 2387 2337 2451 Ὅπως
2376 2387 2473 2457 μὲν
2501 2386 2592 2440 οὖν
2626 2386 2734 2441 τῶν
2769 2386 2943 2440 ἄλλων
2968 2388 3247 2459 τεσσάρων
3271 2388 3704 2460 προκαθημένων

2148 2474 2246 2536 τὰς
2308 2473 2635 2546 «poema;
2702 2474 3006 2531 τετύπωται
3048 2475 3312 2542 γίνεσθαι,
3373 2477 3468 2529 καὶ
3506 2478 3705 2541 πόσους

2148 2563 2377 2618 ικαστον
2406 2567 2608 2618 τούτων
2638 2565 2751 2634 εχει
2785 2566 3205 2636 χαρτουλαρίους
3238 2566 3330 2620 τοῦ
3366 2568 3535 2621 κόπου
3569 2584 3705 2636 συμ-

2153 2656 2439 2728 μεριστὰς,
2485 2657 2578 2711 καὶ
2608 2657 2805 2718 πόσους
2839 2657 3190 2725 σεκρετικοὺς
3234 2658 3578 2727 διακονητὰς,
3604 2658 3705 2711 οὐκ

2149 2747 2265 2801 εστι
2310 2748 2490 2817 λέγειν
2519 2748 2731 2818 καιρός.
2786 2745 2925 2825 Οὐδὲ
2960 2749 3067 2817 γὰρ
3110 2752 3233 2819 περὶ
3276 2752 3479 2803 τούτων
3532 2752 3706 2803 εἰπεῖν

2151 2828 2511 2911 προεθέμεθα.
2571 2841 2732 2894 Ὅθεν
2759 2840 2835 2903 δὲ,
2886 2842 2980 2895 καὶ
3010 2843 3156 2906 ὅπως
3185 2844 3214 2895 ό
3244 2842 3587 2914 χαρτοφύλαε
3617 2859 3706 2897 στ-

2155 2928 2489 3001 μνολογετται
2517 2930 2878 2996 πανευκλεῶς,
2908 2932 3002 2985 καὶ
3034 2932 3278 2986 καλεῖται
3310 2933 3401 2985 τοῦ
3432 2934 3703 3003 πατριάρ-

2149 3038 2245 3092 χου
2287 3022 2457 3091 στόμα
2489 3021 2581 3075 καὶ
2610 3023 2752 3092 χεὶρ,
2788 3020 3068 3095 ζητητέον.
3112 3024 3263 3077 Ἐπεὶ
3292 3024 3351 3077 δέ
3383 3042 3526 3089 τινες
3559 3040 3704 3097 παρ·

2152 3110 2516 3178 ωνυμίζεσθαι
2570 3112 2662 3163 τὸν
2733 3112 3117 3181 χαρτοφὺλακα
3186 3113 3431 3168 θέλουσιν
3490 3116 3554 3168 ἑκ
3612 3115 3703 3169 τοῦ

2156 3197 2441 3267 φυλάττειν
2477 3199 2793 3269 μεμϐράνας
2840 3202 2959 3269 ἢτοι
3025 3204 3273 3265 κωδὺιια,
3334 3206 3707 3274 περιαιρετέον

2155 3289 2261 3362 πρὸ
2315 3292 2534 3344 πάντων
2572 3291 2632 3344 τὸ
2662 3292 2943 3363 ὲκᾼτούτου
2973 3294 3235 3363 φυόμενον
3268 3294 3580 3349 σκάνδαλον.
3648 3296 3707 3348 ὐ

2152 3379 2498 3451 χαρτοφύλαξ
2524 3382 2626 3435 οὐκ
2655 3382 2819 3446 ἐστιν,
2852 3382 2926 3446 ὣς
2944 3401 3086 3447 τινες
3119 3385 3385 3453 λέγουσιν,
3416 3385 3588 3453 φύλαξ
3613 3382 3706 3439 τοῦ

2155 3475 2435 3545 σεκρέτου,
2488 3476 2584 3528 καὶ
2632 3475 2873 3546 θυρωρὸς
2924 3476 3099 3547 (τοῦτο
3138 3479 3246 3549 γὰρ
3278 3478 3386 3531 τῶν
3423 3480 3707 3548 όστιαρίων

2155 3563 2379 3635 ἀρχαῖον
2406 3564 2770 3645 ἐπάγγελμαγ
2793 3568 3165 3623 ὲπισκοπικῶν
3203 3569 3260 3621 δὲ
3288 3568 3509 3623 δικαίων
3543 3569 3707 3641 φρον-

2153 3656 2339 3726 τιστὴς
2368 3651 2681 3725 ἀξιόμαχος.
2717 3652 2872 3707 Οὕτω
2901 3655 3007 3724 γὰρ
3037 3658 3131 3709 καὶ
3179 3655 3488 3726 νομοφύλαξ
3523 3658 3706 3709 καλεῖ-

2152 3763 2264 3812 ται,
2302 3747 2393 3799 καὶ
2424 3745 2765 3815 σκευοφύλαξ
2798 3748 3162 3816 στρατοπέδου
3198 3749 3499 3819 βασιλικοῦ.
3555 3750 3617 3803 Εἰ
3662 3749 3708 3801 δ’

2154 3839 2620 3910 ἀπισχυρίζονται,
2661 3838 2778 3900 πῶς
2827 3839 2932 3892 τῶν
2975 3840 3153 3894 ἄλλων
3194 3841 3464 3910 σεκρέτων
3492 3842 3539 3894 οἰ
3579 3856 3711 3911 προ-

2154 3930 2476 4001 καθήμενοι,
2510 3930 2756 3999 φύλακες
2788 3931 2848 3984 οὐ
2883 3932 3371 4003 κατονομάζονται,
3423 3934 3511 3987 καὶ
3539 3934 3709 3987 ταῦτα

2155 4023 2492 4093 πραγμάτων
2554 4023 2707 4086 ὅντες
2765 4024 3036 4094 διοικηταί
3075 4041 3088 4057 ο
3139 4025 3254 4079 ἀλλ’
3283 4028 3314 4079 ὁ
3359 4026 3459 4095 μὲν
3485 4065 3499 4091 ,
3538 4026 3709 4095 μέγας

2152 4115 2432 4184 οἰκονόμος
2469 4114 2739 4168 καλεῖται·
2783 4115 2813 4167 ό
2842 4115 2920 4178 δὲ.
2965 4117 3137 4185 μέγας
3163 4118 3515 4187 coxendme
3536 4136 3550 4150 σ
3582 4119 3704 4181 όδὲ,

2155 4205 2471 4257 σακελλξου·
2505 4206 2917 4272 ἀκουσάτωσαν,
2969 4207 3043 4270 ὡς
3081 4210 3273 4262 ταυτόν
3325 4210 3469 4262 ἐστιν
3514 4210 3705 4275 εἰπεῖν,

2152 4297 2453 4366 οἰκονόμον,
2492 4297 2724 4365 φύλακα,
2761 4299 3131 4370 σακελ).άριον,
3166 4290 3259 4352 καὶ
3284 4300 3371 4351 τὸν
3402 4299 3708 4357 σακελλιου.

2153 4386 2313 4455 Παρὰ
2344 4386 2455 4457 γὰρ
2485 4389 2596 4449 τοῖς
2635 4388 2928 4457 Ῥωμαίοις
2976 4390 3253 4455 σάκελλον,
3302 4389 3453 4455 παρά
3485 4390 3545 4441 τὸ
3576 4388 3710 4441 διοιο

484 4466 735 4519 custodia
765 4466 987 4522 dicitur.
1016 4467 1193 4536 Atque
1218 4470 1383 4522 etiam
1426 4468 1552 4524 hinc
1586 4472 1784 4526 sacella
1816 4476 2050 4546 patriar-

2156 4480 2269 4531 κεῖν
2300 4479 2391 4531 καὶ
2424 4479 2708 4545 φυλάττειν
2737 4481 2873 4534 ἐστι.
2906 4481 3015 4534 Καὶ
3049 4484 3081 4550 η
3133 4483 3257 4545 τοὺς
3288 4480 3625 4550 κακούργους
3652 4481 3708 4533 δὲ

468 4556 681 4623 ,cltalis,
727 4570 833 4627 qua
866 4559 1091 4613 malefici
1132 4560 1540 4628 custodiuntur,
1585 4577 1691 4615 non
1725 4564 1941 4619 aliunde
1967 4582 2055 4635 ap-

486 4649 685 4718 pellata
708 4656 835 4717 est;
877 4650 1022 4705 sicut
1061 4661 1113 4705 et
1158 4651 1444 4705 sacnlium.
1479 4652 1804 4710 Sacellarius
1839 4657 2052 4726 quidem

486 4742 688 4794 dicitur
715 4742 1172 4797 monasteriorum
1194 4743 1605 4803 administrator
1639 4763 1651 4799 :
1678 4756 1729 4800 et
1766 4747 2054 4816 praefectus

488 4832 674 4885 sacelli
721 4832 1075 4898 deminutive,
1112 4836 1466 4890 coclesiarum
1500 4836 1552 4889 in
1580 4852 1775 4904 genere
1814 4847 2051 4894 curator.

485 4922 753 4977 Ceterum
803 4940 872 4978 ne
918 4925 973 4978 hi
1019 4928 1259 4996 quinque
1295 4927 1550 4995 pmsides
1598 4945 1763 4983 unum
1794 4931 2057 4989 duntaxat

488 5010 751 5065 haberent
801 5027 1000 5067 nomen
1030 5053 1048 5080 ,
1109 5013 1314 5083 placuit
1362 5015 1698 5071 diversorum
1756 5017 2053 5074 ofﬁciorum

489 5102 943 5170 appellationibus
969 5119 1068 5159 eos
1097 5105 1390 5176 ampliores
1414 5107 1565 5162 reddi
1588 5107 1801 5163 debere.
1834 5109 1953 5174 Quo
1976 5110 2055 5176 fit,

492 5202 548 5243 ut
565 5192 840 5246 actionum
868 5193 1066 5250 ﬁnibus
1087 5194 1225 5249 idem
1245 5197 1564 5265 existentes,
1588 5198 2056 5253 ofﬁciorumvoca-

490 5282 632 5337 bulis
661 5284 1085 5352 distinguantur.
1120 5284 1233 5340 lloc
1262 5288 1423 5342 modo
1452 5300 1594 5343 recte
1624 5290 1837 5343 sublato
1868 5290 2053 5355 dubio,

491 5374 635 5440 quod
665 5374 926 5429 adversus
978 5377 1451 5448 chartophytaceaa
1486 5378 1639 5434 .acite
1667 5382 1811 5433 nasci
1840 5389 2059 5449 poterat

492 5464 697 5532 reliqua
718 5466 879 5518 etiam
901 5465 1224 5522 declaranda
1246 5470 1487 5524 veniunt.
1511 5468 1707 5525 Nonus
1740 5473 2055 5529 cliarrmarii

491 5555 704 5606 varium
748 5562 801 5607 et
845 5556 1123 5625 multiplex
1151 5566 1254 5613 est.
1295 5558 1499 5614 idcirco
1533 5562 1913 5617 mmtissamus
1957 5579 2055 5632 pro

495 5653 736 5711 tempore
765 5647 1096 5714 patriarcha,
1126 5649 1276 5703 velut
1321 5648 1545 5704 litteram
1592 5650 1878 5714 lumen,
1912 5652 2054 5706 hunc

495 5736 756 5808 deligens,
788 5754 907 5795 cum
942 5740 1086 5796 Mose
1125 5741 1250 5795 diei:
1290 5740 1345 5795 ul
1385 5737 1706 5801 Domirn:
1743 5774 1757 5796 Δ
1800 5745 2055 5812 .mptciat

2159 4569 2501 4637 φυλάττουσα
2533 4574 2905 4643 πατριαρχικὴ
2936 4558 3166 4643 σακέλλη
3197 4573 3464 4637 ἐντεῦθεν,
3494 4574 3586 4625 καὶ
3610 4574 3710 4624 οὐκ

2156 4659 2377 4713 ἄλλοθεν
2409 4661 2847 4731 μετωνόμασται,
2879 4663 3065 4735 ὥσπερ
3093 4664 3157 4733 δὴ
3188 4666 3280 4718 καὶ
3316 4665 3376 4717 τὸ
3409 4663 3709 4717 σακοὺλιον.

2157 4750 2385 4818 Λέγεται
2409 4752 2539 4819 γοῦν
2565 4752 2933 4824 σακελλάριος,
2975 4756 3002 4805 ὁ
3030 4753 3138 4807 τῶν
3173 4754 3545 4825 μοναστηρῐων
3584 4755 3709 4806 διοι-

2156 4844 2328 4910 κητὴς
2356 4858 2371 4871 ·
2404 4841 2495 4894 καὶ
2524 4845 2551 4894 ὀ
2578 4840 2857 4895 σακελλίου
2892 4844 3341 4912 ὑποκοριστικῶς,
3374 4847 3401 4897 ὁ
3433 4844 3539 4897 τῶν
3581 4845 3710 4896 καθ⁴

2155 4931 2351 4983 ολικῶν
2406 4932 2708 5001 ἐκκλησιῶν
2764 4935 3103 5003 φροντιστής.
3138 4934 3251 4986 ἰνα
3281 4936 3334 4987 δὲ
3383 4937 3414 5002 ἡ
3450 4936 3556 4986 τῶν
3583 4950 3711 5002 προ·

2155 5018 2481 5089 καθημένων
2533 5022 2732 5084 πεντὰς
2788 5024 2862 5093 μὴ
2922 5016 3390 5092 ταυτωνυμίζηται
3426 5063 3440 5087 ,
3501 5023 3707 5094 ὡρίσθη

2155 5110 2426 5180 διαφόρων
2478 5110 2749 5179 όφφικίων
2797 5113 3053 5180 ὀνόμασιν
3088 5115 3255 5182 αὐτὴν
3303 5114 3709 5195 μεγεθύνεσθαι.

2156 5200 2247 5270 Τῷ
2276 5217 2355 5255 τοι
2388 5204 2481 5255 καὶ
2516 5202 2876 5271 ταυτιζομένη
2900 5203 3007 5255 τῶν
3041 5205 3328 5273 ἐνεργειῶν
3372 5212 3480 5267 τοις
3519 5206 3715 5257 ἀποτε-

2157 5290 2410 5359 λέσμασι,
2468 5291 2746 5361 μερίζεται
2806 5293 2912 5346 τῶν
2946 5294 3215 5361 όφφικίων
3257 5296 3377 5356 ταῖς
3436 5295 3707 5363 κλήσεσιν.

2159 5382 2313 5434 Οὕτω
2358 5382 2486 5448 γοῦν
2553 5385 3007 5453 περιαιρουμένης
3048 5383 3248 5447 καλῶς,
3281 5384 3374 5452 τῆς
3402 5386 3465 5437 ὲκ
3490 5384 3585 5453 τῆς
3612 5400 3712 5448 gu-

2158 5471 2331 5540 λακῆς
2382 5473 2865 5543 ὑποκλεπτομένης
2902 5475 3169 5543 ἀσαφείας
3215 5476 3356 5527 κατὰ
3398 5474 3487 5528 τοῦ
3520 5490 3713 5546 χαρτο-

2159 5564 2414 5631 φύλακος,
2453 5566 2810 5634 σαφηνιστέον
2843 5566 2935 5618 καὶ
2965 5566 3031 5618 τὰ
3068 5565 3246 5619 λοιπά.
3288 5564 3393 5619 Τοῦ
3444 5563 3714 5635 καρτοφὺ-

2158 5655 2321 5716 λακος
2372 5657 2404 5725 ἡ
2465 5657 2710 5725 ἐνέργεια
2746 5657 3025 5727 πολυειδὴς
3078 5658 3171 5710 καὶ
3205 5655 3527 5726 πολυσχιδής
3574 5658 3711 5710 ἐστι.

2162 5748 2253 5799 Διὸ
2278 5748 2372 5801 καὶ
2398 5749 2427 5800 6
2475 5749 2611 5802 κατὰ
2639 5748 2859 5819 καιροὺς
2893 5747 3191 5817 ἁγιώτατος
3226 5747 3585 5820 πατριάρχης,
3636 5744 3714 5809 ὡς
