4136 6308
546 383 686 452 1049

1948 380 2355 444 ΜΕΟῙΤΛΤΛ.

3614 367 3751 436 1050

551 510 701 580 λέγει
734 508 1105 584 προτιμητιαν
1132 501 1271 564 εἶναι
1297 505 1401 582 τὴν
1440 509 1681 580 κεφαλὴν
1709 508 1808 578 τῆς
1836 486 2033 578 χειρδς,
2060 503 2094 574 ἢ

2206 502 2430 557 stionem
2485 506 2753 555 statutum
2810 507 2937 566 est,
3002 510 3058 556 et
3115 498 3489 556 excubitorum
3548 498 3744 555 habeat

551 602 711 658 ἄλλου
747 603 941 674 μέλους
971 601 1064 656 τοῦ
1095 599 1367 672 σώματος.
1407 600 1577 655 Τοῦτο
1619 600 1727 669 γάρ
1745 598 1834 652 διά
1879 597 1976 669 τὴν
2005 598 2098 650 εὐ-

550 691 742 763 ήθειαν
770 691 834 745 οὐ
879 688 1355 761 παραλληλίςεται.
1412 685 1556 744 ⁹Λλλ’
1601 687 1878 743 ἐπανιτέον
1908 685 2028 739 ὅθεν
2072 685 2103 737 ό

556 783 717 852 λόγος
768 782 1057 852 μετέπεσε,
1097 780 1193 836 καὶ
1230 778 1516 850 ζητητέον,
1571 780 1718 834 τίνος
1776 776 1938 849 χάριν
1992 777 2102 830 τῶν

557 876 658 945 μὲν
697 873 874 929 ἄλλων
919 871 1196 945 σεκρέτων
1220 874 1272 926 oi
1318 871 1726 941 προκαθήμενοι
1777 871 1959 941 μόνοις
2012 868 2102 935 ιξ-

563 961 960 1034 υπηρετοῦνται
994 963 1333 1033 σεκρετικοῖς
1352 960 1680 1025 δουλευταῐς·
1699 963 1726 1014 ό
1752 961 1808 1015 δὲ
1833 958 2102 1033 χαρτοφῦο

553 1051 655 1118 λαξ
673 1052 919 1123 τάγμασι
937 1052 1139 1117 διττοῐς
1157 1050 1493 1122 διακονητῶν
1523 1050 1896 1121 μιγεθύνεται.
1921 1050 2106 1121 Φαμὲν

555 1139 671 1208 οὖν,
701 1143 784 1198 ὃτι
809 1145 878 1198 τά
898 1143 993 1197 τοῦ
1025 1143 1435 1215 χαρτοφῠλακος
1466 1143 1646 1198 δίκαια
1660 1142 1905 1214 ψυχικῶν
1933 1145 2107 1213 ῥυπα-

558 1232 781 1302 σμάτων
812 1233 919 1287 sint
944 1232 1310 1306 καθαρτήρια,
1326 1234 1420 1286 καὶ
1436 1232 1758 1303 νοσημάτων
1781 1232 2105 1303 σωματικῶν

558 1322 897 1395 άλεξιτήρια.
931 1324 1024 1378 Διὸ
1073 1325 1167 1379 καὶ
1209 1323 1537 1391 τετύπωται,
1582 1324 1877 1395 ταγμάτων
1915 1323 2106 1379 διττῶν

561 1412 855 1481 ὑπουργοίς
871 1401 1010 1466 αὐτά
1038 1411 1327 1468 κατευθύνε
1337 1411 1485 1468 σθαι.
1508 1413 1606 1467 “Av
1627 1414 1756 1482 γοῦν
1775 1413 2107 1483 θεμιστεύων

565 1505 928 1577 προκάθηται,
963 1507 1057 1558 καὶ
1110 1503 1400 1560 δικαστικά
1443 1505 1692 1570 διῦλίζων
1717 1507 1982 1574 νοήματα,
2021 1508 2134 1576 νόν

565 1612 699 1667 μους
732 1596 979 1667 συνάπτῃ
1027 1595 1279 1667 νομίμοις
1316 1595 1748 1668 θεσπιωδήμασι,
1789 1597 1884 1651 καὶ
1920 1599 2107 1652 κανόσι

561 1687 796 1766 κανόνας
841 1686 1146 1758 άρμολογῇ,
1202 1685 1269 1742 ἂν
1323 1687 1620 1756 δικολογῶν
1673 1689 1961 1761 προτάσεις
2014 1689 2110 1745 καὶ

561 1776 864 1840 ἀντιθέσεις
892 1776 1232 1863 σφυρηλατῇ,
1267 1778 1360 1832 καὶ
1401 1779 1498 1841 τὰς
1526 1779 1627 1848 μὲν
1665 1779 2006 1854 άποσμιλεὺῃ
2039 1784 2104 1854 τῇ

2199 588 2560 646 satellitium?
2604 591 2707 645 nisi
2755 591 2878 660 quis
2922 591 3103 646 dicere
3153 589 3310 655 velit,
3357 591 3476 660 plus
3520 590 3747 649 honoris

2199 680 2549 738 deferendum
2579 680 2764 748 capiti,
2790 695 2953 749 quam
2975 679 3183 743 manui,
3211 681 3294 734 vel
3320 679 3474 734 alteri
3502 681 3746 735 membro

2201 770 2470 840 corporis.
2502 769 2636 849 Nam
2669 770 2782 822 lizec
2810 772 3165 837 comparatio,
3195 783 3298 825 ceu
3320 769 3508 834 stulta,
3537 785 3643 823 non
3667 769 3750 823 in-

2201 864 2470 923 stituitur.
2509 860 2616 919 Sed
2648 861 3011 927 redeundum,
3055 863 3196 917 unde
3221 862 3440 918 deﬂexit
3468 865 3666 926 oratio,
3697 873 3752 918 et

2184 953 2584 1023 inquirendum
2621 991 2640 1018 ,
2700 951 3051 1022 quamobrem
3123 952 3354 1008 aliorum
3412 959 3748 1008 secretorum

2202 1046 2464 1116 pmides
2513 1045 2794 1102 secreticis
2836 1033 3129 1100 duntaxat
3182 1044 3420 1101 servitiis
3470 1057 3691 1101 utantur
3734 1062 3752 1100 :

2202 1150 2328 1191 cum
2367 1135 2735 1192 cbartularius
2765 1136 3107 1191 auctoritatis
3138 1135 3360 1205 majoris
3388 1149 3554 1192 causa
3583 1135 3754 1208 gemi-

2203 1243 2307 1283 nos
2345 1227 2538 1282 habeat
2581 1227 2959 1284 ministrorum
3000 1226 3238 1282 ordines.
3268 1227 3456 1299 Itaque
3497 1227 3753 1294 dicimus,

2205 1317 2262 1373 in
2290 1332 2356 1373 eo
2383 1317 2591 1374 versari
2629 1318 2754 1388 jura
2782 1310 3121 1384 cltartularii,
3151 1329 3204 1374 ut
3229 1319 3534 1373 animorum
3563 1321 3756 1376 sordes

2206 1416 2490 1479 expurget,
2509 1423 2571 1461 ac
2600 1408 2803 1464 morbis
2825 1409 3104 1477 corporeis
3131 1409 3455 1464 medicinam
3480 1411 3755 1467 adhibeat.

2207 1495 2443 1567 idemque
2482 1505 2747 1552 statutum
2781 1509 2891 1575 est,
2918 1498 3034 1553 ba-c
3075 1513 3198 1554 esse
3225 1500 3506 1569 dirigenda
3520 1516 3640 1570 .per
3667 1516 3760 1572 ge-

2208 1589 2482 1644 minorum
2515 1590 2767 1643 ordinum
2801 1588 3170 1645 administros.
3205 1589 3330 1646 Sive
3355 1593 3519 1663 igitur
3543 1593 3636 1662 jus
3672 1594 3758 1649 dis

2208 1695 2338 1734 cens
2383 1679 2687 1750 praesideat,
2733 1689 2789 1736 et
2849 1679 3176 1748 judiciarios
3219 1683 3506 1751 percolans
3550 1684 3762 1739 intelle-

2212 1779 2355 1833 ctus,
2394 1770 2538 1840 leges
2573 1786 2695 1826 cum
2741 1771 2916 1840 legum
2958 1773 3329 1828 sanctionibus
3357 1783 3663 1845 componat,
3704 1781 3760 1831 ct

562 1867 717 1938 λυδία
749 1868 845 1938 τῆς
894 1861 1259 1936 διαγνώσεως,
1308 1871 1407 1930 τὰς
1450 1870 1509 1925 δὲ
1559 1871 1967 1942 -παραδὲχηται·
2016 1874 2110 1928 καὶ

2211 1875 2450 1915 canones
2495 1875 2618 1915 cum
2670 1861 2975 1917 canonibus
3027 1863 3324 1920 conciliet:
3383 1867 3498 1919 sive
3560 1880 3758 1922 causas

564 1956 737 2021 τίλος,
760 1956 826 2010 ἂν
851 1955 1059 2022 κρίσεις
1079 1956 1487 2029 πατριαρχικῶν
1506 1960 1770 2030 νοταρίων
1785 1959 2110 2032 ξυγοστατῇ,

567 2051 903 2118 σεκρετικῶν
951 2046 1252 2112 διαλαλιαῐς
1306 2047 1660 2117 μιγαλῠνεται
1681 2066 1698 2082 ο
1745 2051 1839 2105 καὶ
1890 2051 2113 2121 μᾶλλον,

569 2139 700 2194 ὅταν
737 2139 798 2192 τὸ
825 2138 1174 2210 δικαστήριον
1199 2139 1256 2192 ιν
1281 2138 1462 2211 μόνοις
1482 2139 1767 2211 πράγμασι
1791 2141 2117 2213 στημονίζη-

564 2245 678 2284 ται.
716 2229 778 2284 Εί
823 2229 882 2283 δὲ
915 2229 1256 2302 προκάθηται
1277 2228 1522 2302 ψυχικῶν
1547 2231 1992 2304 ἀρρωστημάτων
2030 2233 2118 2287 θε-

573 2319 804 2389 ραπείαν
859 2319 1198 2391 ποιούμενος,
1258 2319 1377 2373 και
1415 2320 1728 2391 σεσηπότων
1792 2323 2118 2393 τραυμάτων

570 2410 1033 2482 επισκεπτόμενος
1053 2411 1403 2483 κακοήθειαν,
1427 2412 1502 2482 πῆ
1523 2413 1622 2480 μὲν
1647 2413 1849 2484 σιδήρῳ
1866 2413 2118 2486 χωνεύων

574 2501 669 2577 τοῦ
699 2499 907 2566 πάθους
937 2501 1035 2573 τὴν
1073 2501 1434 2571 ὑπουλότητα,
1465 2504 1542 2574 πῆ
1565 2505 1610 2559 δ’
1639 2505 1957 2559 ἑπιπάσσων
1981 2507 2117 2576 ἧπια

575 2593 863 2664 φάρμακα,
909 2589 1060 2662 παρά
1100 2591 1199 2661 τῆς
1235 2590 1441 2658 τάξεως
1473 2592 1820 2663 ὑπηρετεῐται
1851 2595 1973 2649 ’τῶν
2002 2596 2120 2650 ἑπι-

580 2684 935 2752 σκρπειανῶν.
988 2684 1051 2738 El
1104 2683 1148 2737 δ’
1180 2683 1329 2739 ἔστιν
1357 2685 1446 2739 ὅτι
1502 2685 1643 2740 κατά
1692 2685 1969 2759 διορισμὸν
2015 2707 2119 2744 πα-

575 2774 916 2845 τριαρχικδν,
939 2774 1064 2830 τινὰ
1108 2776 1219 2829 τῶν
1259 2775 1569 2847 προνομίων
1613 2777 1818 2833 τούτων
1873 2796 2120 2852 παρασα-

570 2861 831 2928 λεύοιντο,
861 2863 996 2928 τέως
1025 2863 1136 2933 ἑγὼ
1157 2865 1356 2932 ἀγνοῶ,
1388 2867 1484 2920 καὶ
1521 2867 1847 2940 συγγνώμης
1882 2870 2120 2941 ἀξιωθή-

574 2969 762 3025 σομαι.
793 2955 894 3026 τὴν
919 2953 1156 3010 παλαιὰν
1177 2957 1542 3030 ἀναδιδάσκων
1568 2958 1882 3029 παράδοσιν.
1905 2960 2122 3016 Τούτων

575 3040 670 3102 ὥν
705 3045 847 3101 οὕτω
884 3047 1062 3111 καλῶς
1105 3045 1606 3120 διευκρινηθίντων,
1636 3035 1922 3124 ῶςόῐμαι,
1952 3055 2120 3123 άναγο

555 3189 559 3194 ,
586 3139 732 3217 ιιαῐον
758 3136 903 3202 ἔδοξᾶ
943 3155 1034 3209 μοι
1059 3141 1283 3211 ⁴ιιιοιῆοαι
1309 3143 1401 3195 καί⁵
1429 3140 1566 3213 πρὸς
1586 3143 1678 3197 τὸν
1718 3144 1857 3198 κατά
1896 3147 2120 3217 καιροὺς

577 3226 966 3298 χαρτοφύλακα
997 3228 1214 3283 δικαίαν
1243 3230 1487 3296 ἀξίωσιν.
1516 3231 1760 3288 Δέσποτά
1793 3251 1896 3302 μου
1925 3253 2120 3306 καρτο-

581 3319 776 3387 estne,
843 3318 906 3373 τὸ
959 3321 1322 3391 ἑμπιστευθὲν
1379 3339 1462 3376 σοι
1520 3323 1776 3378 τάλαντον
1831 3325 1938 3380 άπὸ
1986 3325 2123 3380 Θεοῦ

582 3410 1043 3482 παντοκράτορος,
1078 3411 1152 3482 μὴ
1186 3411 1569 3484 καταχωσθείη
1597 3413 1684 3468 διὰ
1709 3415 1974 3487 νωθρείαν
2005 3434 2122 3482 σου,

582 3498 670 3551 ἵνα
699 3499 775 3569 μὴ
806 3499 1040 3571 ἀκούσης
1063 3501 1247 3564 δοῦλος
1269 3500 1501 3572 πονηρὸς
1518 3502 1612 3556 καὶ
1642 3504 1933 3575 ἀχάριστος
1951 3519 1967 3536 ·
1990 3505 2125 3574 μηδὲ

580 3589 641 3642 τὸ
672 3589 853 3661 κέρμα
879 3590 985 3644 τῶν
1027 3593 1280 3662 μεγάλων
1317 3594 1621 3664 προνομίων
1641 3594 1804 3649 αὐτοῦ
1842 3595 2125 3668 προδοθείη

591 3682 735 3735 κατά
766 3680 863 3751 σὴν
898 3681 1100 3751 πολλὴν
1128 3683 1428 3737 ὶπιείκειαν
1451 3700 1466 3716 ·
1507 3682 1643 3739 άλλά
1669 3684 1963 3759 διαδοθήτω
1991 3688 2130 3757 πρὸς

590 3771 941 3840 τραπεζίτας,
983 3771 1077 3826 καὶ
1105 3772 1646 3845 διπλασιασθήσεται.
1675 3776 1884 3830 Σκοπόν
1916 3793 1976 3829 σε
2005 3793 2131 3834 κατε

585 3859 776 3930 ἔστησε
829 3859 1080 3932 δεύτερον
1123 3863 1152 3916 ό
1199 3862 1332 3937 Θεὸς
1376 3863 1465 3918 διὰ
1511 3865 1693 3936 χειρὸς
1746 3866 2128 3937 ἑπισκοπικῆς.

588 3950 896 4003 Κάντεῦθεν
921 3951 1013 4004 ἐπὶ
1051 3950 1127 4022 τῷ
1159 3935 1383 4022 στόματί
1428 3970 1522 4007 σου
1566 3935 1765 4019 πάντες
1795 3935 2128 4027 εἰσέρχονται

587 4041 666 4102 εἰς
699 4037 846 4096 οἷκον
871 4041 1006 4096 Θεοῦ
1036 4044 1491 4116 παντοκράτορος,
1541 4045 1636 4100 καλ⁵
1679 4047 1770 4100 ἐπὶ
1798 4047 1875 4118 τῷ
1905 4048 2132 4122 στόματί

589 4147 683 4184 σου
716 4132 1052 4204 ἐξέρχονται.
1089 4133 1182 4206 Μὴ
1218 4131 1310 4189 οὖν
1341 4134 1524 4206 εἴπης,
1556 4135 1623 4190 Τί
1665 4135 1846 4209 δοθείη
1890 4155 2005 4209 μοι,
2039 4141 2131 4194 καὶ

587 4222 640 4275 τί
664 4224 985 4296 προστεθείη
1018 4242 1110 4296 μοι
1136 4225 1272 4296 πρὸς
1307 4228 1575 4298 μέριμναν
1613 4226 1946 4301 όλοχρόνιον;
1982 4229 2132 4301 Μηδὲ

538 4386 542 4388 Π
591 4314 844 4387 σιγήσῃς,
905 4314 1040 4386 μηδὲ
1089 4315 1503 4390 καταπραΰνῃς,
1563 4317 1697 4388 μηδὲ
1767 4317 2003 4392 λαλήσῃς
2055 4321 2132 4384 ὡς

585 4403 891 4476 ἀνθρώποις
957 4403 1240 4478 ἀρέσκων,
1297 4402 1452 4461 εῒπεν
1516 4407 1546 4460 ό
1616 4410 1787 4480 μέγας
1839 4410 2132 4473 ἀπόστολος

2212 1967 2400 2022 agens,
2448 1953 2847 2023 propositiones
2887 1963 2941 2008 et
2988 1952 3317 2020 obiectiones
3359 1957 3462 2012 sub
3509 1957 3758 2013 incudem

2212 2050 2449 2106 revocet,
2479 2050 2534 2096 et
2579 2043 2676 2097 has
2720 2037 2936 2112 quidem
2983 2044 3128 2097 velut
3159 2046 3380 2101 abradat
3411 2063 3508 2118 per
3533 2046 3762 2120 Lydium

2214 2131 2548 2203 cognitionis
2599 2134 2872 2201 lapidem,
2899 2133 3020 2189 illas
3061 2136 3340 2204 admittat;
3384 2139 3501 2195 sive
3532 2139 3764 2212 denique

2210 2223 2414 2294 judicia
2458 2225 2794 2278 notariorum
2839 2224 3280 2296 patriarchalium
3325 2231 3621 2300 ponderet,
3667 2249 3765 2304 per

2215 2317 2603 2372 secreticorum
2635 2317 3010 2372 ministrorum
3046 2318 3261 2375 decreta
3288 2311 3538 2392 magnam
3573 2334 3768 2380 aucto—

2215 2407 2430 2463 ritatem
2459 2404 2845 2478 consequitur;
2875 2411 3176 2479 praesertim
3206 2427 3328 2466 cum
3359 2415 3492 2470 solis
3519 2415 3575 2472 in
3601 2416 3767 2472 rebus

2210 2498 2476 2567 judicium
2511 2500 2663 2555 texit.
2706 2499 2800 2555 Sin
2833 2502 2908 2556 ita
2947 2501 3220 2570 pmsidet,
3266 2513 3325 2558 ut
3351 2507 3767 2576 aegritudinibus

2215 2589 2385 2644 animi
2417 2592 2714 2646 remedium
2746 2591 3022 2658 adhibeat,
3046 2600 3103 2648 et
3121 2595 3457 2663 putridorum
3481 2600 3764 2654 vulnerum

2217 2678 2516 2737 lteditatem
2557 2681 2840 2750 inspiciat,
2888 2698 2955 2740 ac
2994 2699 3382 2757 nonnunquam
3416 2688 3564 2746 ferro
3595 2692 3766 2749 latens

2221 2769 2337 2825 vitii
2376 2770 2580 2827 malum
2623 2773 2840 2839 adurat,
2875 2776 3263 2846 nonnunquam
3298 2777 3446 2836 milia
3488 2779 3765 2856 inspergat

2217 2861 2654 2932 medicamenta,
2704 2864 2914 2922 ordinis
2956 2867 3426 2938 episco‘piauomm
3468 2873 3771 2932 ministerio

2221 2953 2416 3011 utitur.
2469 2955 2551 3012 An
2595 2970 2723 3013 vero
2767 2955 3042 3012 interdum
3083 2958 3162 3014 sic
3203 2959 3430 3030 iubente
3460 2953 3525 3021 ac
3557 2965 3771 3024 volente

2223 3044 2531 3114 patriarcha
2564 3046 2877 3113 usuvcniat,
2925 3048 3257 3120 ut'aliqnod
3305 3051 3496 3109 borum
3546 3057 3770 3128 privile-

2222 3135 2436 3206 giorum
2463 3138 2586 3192 loco
2615 3147 2925 3206 moveatur;
2947 3141 3199 3210 equidem
3232 3143 3374 3199 scire
3396 3159 3504 3201 non
3528 3162 3768 3218 possum.

2225 3232 2280 3278 et
2322 3225 2536 3281 veniam
2579 3227 2846 3293 merebor,
2867 3229 2962 3300 qui
3003 3231 3452 3288 consuetudinem
3491 3236 3771 3307 antiquam

2222 3317 2412 3374 doceo.
2446 3316 2541 3376 liis
2570 3318 2736 3386 igitur
2772 3317 2829 3374 in
2853 3319 2998 3375 hunc
3027 3321 3246 3375 modum
3286 3331 3431 3378 recte
3458 3323 3772 3396 declaratis,

2224 3413 2286 3462 ut
2315 3407 2570 3474 arbitror,
2598 3410 2968 3464 necessarium
2994 3409 3125 3465 mihi
3147 3411 3331 3466 visum
3360 3420 3466 3480 est,
3491 3423 3554 3470 ut
3571 3416 3772 3486 justam

2225 3499 2538 3568 petitionem
2583 3497 2650 3553 ad
2691 3497 2933 3569 cujusvis
2972 3501 3231 3571 temporis
3260 3501 3647 3563 cbartularium
3690 3508 3777 3566 in~

2227 3575 2472 3643 stituam.
2517 3586 2744 3645 Domine
2775 3588 2850 3644 mi
2897 3588 3308 3662 cbartopbylax,
3338 3594 3598 3651 talentum
3651 3598 3775 3658 ﬁdei

2229 3686 2334 3732 tua:
2379 3679 2643 3734 creditum
2688 3681 2756 3734 ah
2795 3680 3164 3750 Omnipotente
3211 3682 3341 3750 Deo,
3377 3699 3475 3756 per
3504 3689 3773 3759 ignaviam

2231 3776 2377 3825 tuam
2407 3785 2478 3825 ne
2503 3769 2780 3826 defossum
2806 3770 2913 3838 sit;
2946 3784 3015 3826 ne
3042 3787 3232 3828 servus
3254 3788 3484 3846 nequam
3511 3788 3566 3833 et
3594 3779 3777 3852 ingra-

2230 3868 2319 3915 tus
2357 3861 2643 3930 appelleris
2690 3869 2722 3916 :’
2755 3870 2894 3916 neve
2931 3876 3250 3930 magnorum
3281 3865 3442 3934 hujus
3476 3871 3633 3926 ollicii
3665 3877 3779 3944 pri-

2229 3950 2546 4021 vilegiorum
2578 3965 2672 4017 aes,
2709 3953 2874 4006 nimia
2909 3952 3322 4011 mansuetudine
3350 3967 3437 4011 tua
3469 3962 3730 4030 prodatur
3759 4006 3775 4030 ,

2231 4040 2326 4095 sed
2357 4043 2497 4094 inter
2534 4041 2926 4096 nummularius
2952 4043 3336 4109 distribuatur,
3365 4054 3420 4102 et
3449 4050 3775 4120 duplicetur.

2231 4131 2475 4185 Alterum
2521 4141 2570 4187 te
2610 4145 2834 4203 scopum
2875 4131 3015 4188 Deus
3046 4147 3143 4204 per
3169 4137 3525 4207 episcopalem
3554 4159 3774 4205 matrum

2191 4297 2194 4300 Α
2238 4221 2547 4278 constituit.
2591 4222 2713 4288 Quo
2769 4221 2848 4288 ﬁt,
2892 4223 2955 4277 ut'
2990 4224 3071 4279 ad
3101 4239 3165 4280 os
3202 4236 3353 4282 tuum
3396 4232 3778 4301 omnipotentis

2235 4309 2330 4366 Dei
2374 4311 2596 4366 domum
2641 4325 2833 4366 omnes
2878 4311 3272 4384 ingrediantur,
3314 4323 3369 4372 et
3409 4319 3477 4372 ad
3516 4334 3580 4377 os
3627 4332 3776 4381 tuum

2233 4401 2600 4471 egrediantur.
2640 4399 2759 4458 Non
2803 4417 2936 4474 ergo
2983 4404 3187 4462 dixeris
3231 4422 3249 4461 :
3298 4407 3438 4476 Quid
3483 4411 3599 4467 dari
3643 4416 3777 4472 milii

588 4494 818 4560 Παῦλος,
859 4495 980 4551 κατ’
1020 4500 1224 4552 ἐκεῖνον
1271 4498 1364 4551 τὸν
1411 4499 1649 4568 πονηρὸν
1699 4499 1985 4570 μισθωτὸν,
2033 4501 2117 4555 τὸν

2232 4492 2428 4561 possit,
2450 4501 2502 4545 et
2530 4490 2657 4561 quid
2689 4491 2850 4564 adjici
2887 4492 2952 4547 ad
2972 4492 3389 4552 sollicitudinem
3436 4505 3781 4572 perpetuam?

588 4584 713 4640 καθ’
742 4587 932 4642 ἑαυτὸν
983 4588 1341 4660 ψιθυρίσαντα
1369 4605 1384 4618 ο
1415 4588 1474 4640 τὸ
1522 4588 1767 4643 ἐκλεῖπον
1812 4589 2128 4656 ἐκλειπέτω,

588 4678 645 4730 τὸ
673 4677 1101 4749 ισκορπισμένον
1134 4681 1207 4749 μὴ
1239 4679 1550 4750 συναχθείη,
1579 4678 1673 4733 καὶ
1718 4681 1779 4732 τὸ
1814 4697 2134 4751 συντετριμ-

592 4769 751 4838 μένον
779 4769 855 4839 μὴ
876 4764 1250 4839 ὁλομεληθείηζ
1300 4771 1486 4840 Ἀρκεῖ
1510 4771 1614 4840 γὰρ
1656 4771 1722 4841 τῇ
1757 4769 1936 4841 ἡμέρα
1965 4773 1997 4840 ἡ
2029 4787 2130 4825 κα-

590 4860 684 4913 κία
737 4860 927 4930 αὐτῆς.
983 4860 1142 4914 Ἀλλά
1182 4860 1414 4931 σήρυξον
1463 4859 1849 4924 άποστολικῶς,
1906 4859 2134 4914 ἐνώπιον

590 4950 725 5003 Θεοῦ
759 4950 855 5020 τὴν
903 4951 1179 5020 ἀλήθειαν.
1237 4950 1521 5021 Ἐπίστηθι
1549 4949 1838 5023 εὐκαίρως,
1870 4951 2132 5021 ἀκαίρως,

591 5039 830 5110 ῐλεγξον,
881 5041 1221 5112 ἐπιτίμησον,
1282 5041 1684 5113 παρακάλεσον,
1734 5043 2136 5113 κακοπάθησον,

596 5131 754 5204 ἔργον
803 5131 1026 5199 ποίησον
1086 5130 1490 5199 εὖαγγελιστοῢ,
1539 5132 1639 5202 τὴν
1715 5131 1987 5188 διακονίαν
2041 5149 2136 5187 σου

597 5214 1031 5296 πληροφόῷησον.
1068 5222 1178 5275 Καὶ
1206 5222 1346 5292 τάχα
1373 5221 1633 5282 νεανικῶς
1674 5222 1815 5274 οὕτω
1853 5223 1944 5274 τὸν
1977 5221 2140 5275 καλὸν

597 5316 780 5383 ἀγῶνα
824 5315 964 5368 κατὰ
992 5313 1052 5366 τὸ
1091 5312 1439 5384 ἀπῃτημένον
1473 5311 1897 5380 ἀγωνισάμενος,
1927 5315 2019 5365 καὶ
2044 5311 2141 5382 τὴν

599 5407 870 5462 διακονίαν
951 5423 1044 5460 σου
1110 5406 1456 5476 συντηρήσας
1537 5404 1980 5457 ἀνεπιϐούλευτον
2048 5406 2144 5460 καὶ

601 5500 887 5568 άμείωτον,
934 5499 992 5549 ὲν
1036 5495 1114 5565 τῷ
1149 5495 1336 5565 μηδενὶ
1360 5495 1426 5548 ἂν
1469 5493 1805 5568 ταπεινώσῃς
1836 5495 1960 5556 τοὺς
1995 5494 2144 5548 άντιο

601 5589 920 5651 πίπτοντας,
958 5587 1052 5640 καὶ
1093 5588 1257 5655 ιρείς,
1306 5586 1410 5638 Τδν
1458 5584 1658 5654 δρόμον
1709 5584 1989 5649 τετέλεκα,
2045 5585 2144 5656 τὴν

600 5680 786 5732 πίστιν
813 5677 1111 5747 τετήρηκα.
1144 5678 1342 5732 Λοιπὸν
1369 5676 1655 5731 ἀπόκειταί
1683 5693 1773 5746 μοι
1806 5677 1904 5746 τῆς
1937 5675 2142 5739 δικαιο-

605 5770 768 5839 σύνης
789 5773 816 5823 ό
851 5769 1134 5841 στέφανος.
1177 5771 1275 5843 Ὃς
1302 5769 1394 5830 καὶ
1421 5767 1704 5839 δοθήσεταί
1734 5784 1814 5822 σοι
1839 5766 1989 5836 παρὰ
2012 5765 2144 5829 Θεοῦ

2232 4583 2378 4638 Neve
2428 4583 2686 4663 tacueris,
2715 4597 2818 4638 nec
2843 4581 3187 4653 demulseris,
3214 4602 3317 4643 nec
3345 4588 3559 4647 locutus
3589 4592 3777 4663 fueris,

2233 4674 2399 4728 veluti
2435 4674 2526 4744 qui
2562 4673 2875 4729 hominibus
2908 4675 3119 4744 placere
3147 4677 3304 4746 velis,
3343 4678 3522 4750 inquit
3551 4698 3778 4755 magnus

2235 4767 2324 4821 ille
2345 4766 2544 4821 Paulus
2565 4767 2862 4837 apostolus,
2884 4767 3056 4823 instar
3081 4770 3224 4825 illius
3259 4773 3407 4841 pravi
3434 4779 3779 4844 mercenarii,

2237 4856 2329 4924 qui
2371 4851 2513 4924 apud
2556 4857 2909 4925 semetipsum
2955 4859 3323 4914 susurrabat:
3355 4861 3597 4928 Deﬁciat,
3636 4867 3779 4934 quod

2237 4946 2447 5010 deﬁcit,
2486 4945 2791 5017 dispersum
2836 4963 2946 5004 non
2989 4949 3292 5020 colligatur,
3331 4954 3625 5010 contritum
3669 4971 3779 5012 non

2237 5039 2656 5107 redintegretur.
2705 5037 2913 5094 Suﬂlcit
2961 5053 3198 5109 namque
3241 5042 3350 5096 diei
3394 5041 3614 5100 alllictio
3659 5061 3784 5104 sua.

2237 5129 2341 5186 Sed
2373 5130 2554 5199 potius
2592 5129 2892 5199 apostolico
2922 5145 3073 5185 more
3103 5132 3382 5188 veritatem
3410 5134 3466 5190 in
3491 5149 3782 5206 conspectu

2204 5286 2212 5293 ,
2240 5220 2334 5276 Dei
2367 5220 2679 5290 pradicato.
2707 5220 2851 5276 lnsta
2875 5229 3198 5289 opportune,
3223 5222 3547 5292 importune.
3577 5226 3784 5282 Redar-

2242 5327 2366 5383 ευρ,
2402 5312 2640 5381 increpa,
2671 5311 2980 5378 cohortare,
3013 5311 3248 5367 tolerans
3272 5322 3410 5376 esto,
3439 5313 3522 5370 fac
3551 5315 3782 5372 oﬂicium

2241 5401 2604 5472 evangelista,
2639 5399 3000 5457 ministerium
3037 5408 3188 5455 tuum
3222 5401 3408 5472 imple.
3435 5404 3511 5458 Ac
3539 5403 3784 5462 fortassis

2244 5493 2316 5550 ita
2351 5491 2664 5561 iuveniliter
2696 5492 2948 5548 absoluto
2973 5491 3234 5564 praeclaro
3264 5494 3581 5563 certamine,
3621 5506 3785 5565 prout

2245 5585 2343 5641 abs
2371 5590 2425 5640 te
2457 5572 2806 5653 postulatum
2828 5582 3013 5647 fuerit,
3047 5592 3100 5637 et
3132 5594 3455 5638 conservato
3483 5585 3787 5643 ministerio

2248 5685 2340 5730 tuo
2382 5677 2515 5730 citra
2562 5672 2808 5738 insidias,
2843 5688 2908 5728 ac
2952 5673 3174 5728 minime
3205 5673 3502 5739 deminuto,
3545 5675 3598 5729 in
3639 5676 3787 5730 nullo

2250 5766 2561 5829 humiliabis
2600 5766 2972 5832 adversantes,
3006 5780 3068 5819 ac
3095 5762 3279 5820 dices:
3303 5763 3531 5820 Cursum
3558 5764 3787 5831 absotvi,
