  <div class='ocr_page' id='page_1' title='image "/cluster/home/n/w/nwhite01/storage/ocr_20150623/138/mdp.39015078384222/536.png"; bbox 0 0 4136 6308; ppageno 0'>
   <div class='ocr_carea' id='block_1_1' title="bbox 546 370 680 438">
    <p class='ocr_par' dir='ltr' id='par_1_1' title="bbox 546 370 680 438">
     <span class='ocr_line' id='line_1_1' title="bbox 546 370 680 438; baseline -0.03 0"><span class='ocrx_word' id='word_1_1' title='bbox 546 370 680 438; x_wconf 77' lang='lat'><strong>1057</strong></span> 
     </span>
    </p>
   </div>
   <div class='ocr_carea' id='block_1_2' title="bbox 1943 381 2356 449">
    <p class='ocr_par' dir='ltr' id='par_1_2' title="bbox 1943 381 2356 449">
     <span class='ocr_line' id='line_1_2' title="bbox 1943 381 2356 449; baseline 0.015 -6"><span class='ocrx_word' id='word_1_2' title='bbox 1943 381 2356 449; x_wconf 79' lang='lat' dir='ltr'><strong>MEDITATA.</strong></span> 
     </span>
    </p>
   </div>
   <div class='ocr_carea' id='block_1_3' title="bbox 3584 391 3721 455">
    <p class='ocr_par' dir='ltr' id='par_1_3' title="bbox 3584 391 3721 455">
     <span class='ocr_line' id='line_1_3' title="bbox 3584 391 3721 455; baseline 0.007 -1"><span class='ocrx_word' id='word_1_3' title='bbox 3584 391 3721 455; x_wconf 81' lang='grc'><strong>1058</strong></span> 
     </span>
    </p>
   </div>
   <div class='ocr_carea' id='block_1_4' title="bbox 539 479 2082 572">
    <p class='ocr_par' dir='ltr' id='par_1_4' title="bbox 539 479 2078 572">
     <span class='ocr_line' id='line_1_4' title="bbox 539 479 2078 572; baseline 0 -20"><span class='ocrx_word' id='word_1_4' title='bbox 539 501 605 552; x_wconf 76' lang='grc' dir='ltr'>τὰ</span> <span class='ocrx_word' id='word_1_5' title='bbox 634 499 688 550; x_wconf 78' lang='grc' dir='ltr'><strong>δὲ</strong></span> <span class='ocrx_word' id='word_1_6' title='bbox 722 479 860 568; x_wconf 80' lang='grc' dir='ltr'>πέρα</span> <span class='ocrx_word' id='word_1_7' title='bbox 919 499 1181 572; x_wconf 77' lang='grc' dir='ltr'><strong>Γαδείρων</strong></span> <span class='ocrx_word' id='word_1_8' title='bbox 1233 500 1297 553; x_wconf 78' lang='grc' dir='ltr'>οὗ</span> <span class='ocrx_word' id='word_1_9' title='bbox 1354 501 1564 571; x_wconf 73' lang='grc' dir='ltr'>πέρατὰ</span> <span class='ocrx_word' id='word_1_10' title='bbox 1625 504 1793 555; x_wconf 79' lang='grc' dir='ltr'>εἰσιν·</span> <span class='ocrx_word' id='word_1_11' title='bbox 1835 501 1976 554; x_wconf 79' lang='grc' dir='ltr'>οὓτω</span> <span class='ocrx_word' id='word_1_12' title='bbox 2011 502 2078 552; x_wconf 76' lang='grc' dir='ltr'>τὰ</span> 
     </span>
    </p>
   </div>
   <div class='ocr_carea' id='block_1_5' title="bbox 2166 479 3719 572">
    <p class='ocr_par' dir='ltr' id='par_1_5' title="bbox 2179 504 3719 572">
     <span class='ocr_line' id='line_1_5' title="bbox 2179 504 3719 572; baseline 0.01 -17"><span class='ocrx_word' id='word_1_13' title='bbox 2179 517 2298 570; x_wconf 75' lang='lat' dir='ltr'><strong>qua:</strong></span> <span class='ocrx_word' id='word_1_14' title='bbox 2326 504 2402 560; x_wconf 87' lang='lat' dir='ltr'><strong>eis</strong></span> <span class='ocrx_word' id='word_1_15' title='bbox 2433 505 2606 561; x_wconf 80' lang='lat' dir='ltr'><strong>Gades</strong></span> <span class='ocrx_word' id='word_1_16' title='bbox 2650 509 2750 561; x_wconf 84' lang='lat' dir='ltr'><strong>sita</strong></span> <span class='ocrx_word' id='word_1_17' title='bbox 2775 517 2922 572; x_wconf 80' lang='lat' dir='ltr'><strong>sunt,</strong></span> <span class='ocrx_word' id='word_1_18' title='bbox 2960 518 3212 566; x_wconf 85' lang='lat' dir='ltr'><strong>accurate</strong></span> <span class='ocrx_word' id='word_1_19' title='bbox 3243 511 3372 566; x_wconf 83' lang='lat' dir='ltr'><strong>sciri</strong></span> <span class='ocrx_word' id='word_1_20' title='bbox 3395 527 3458 565; x_wconf 91' lang='lat' dir='ltr'><strong>ac</strong></span> <span class='ocrx_word' id='word_1_21' title='bbox 3486 514 3719 572; x_wconf 80' lang='lat' dir='ltr'><strong>describi</strong></span> 
     </span>
    </p>
   </div>
   <div class='ocr_carea' id='block_1_6' title="bbox 541 589 2082 662">
    <p class='ocr_par' dir='ltr' id='par_1_6' title="bbox 541 589 2082 662">
     <span class='ocr_line' id='line_1_6' title="bbox 541 589 2082 662; baseline 0.002 -20"><span class='ocrx_word' id='word_1_22' title='bbox 541 590 638 659; x_wconf 72' lang='grc' dir='ltr'>μὲν</span> <span class='ocrx_word' id='word_1_23' title='bbox 660 590 806 650; x_wconf 79' lang='grc' dir='ltr'>ἐντὸς</span> <span class='ocrx_word' id='word_1_24' title='bbox 828 589 921 642; x_wconf 78' lang='grc' dir='ltr'>τοῦ</span> <span class='ocrx_word' id='word_1_25' title='bbox 963 589 1121 643; x_wconf 76' lang='grc' dir='ltr'>ἱκτου</span> <span class='ocrx_word' id='word_1_26' title='bbox 1158 590 1365 660; x_wconf 78' lang='grc' dir='ltr'><strong>βαθμοῦ</strong></span> <span class='ocrx_word' id='word_1_27' title='bbox 1397 593 1653 662; x_wconf 83' lang='grc' dir='ltr'>γινόμενα</span> <span class='ocrx_word' id='word_1_28' title='bbox 1701 593 2082 661; x_wconf 80' lang='grc' dir='ltr'>συναλλάγμα-</span> 
     </span>
    </p>
   </div>
   <div class='ocr_carea' id='block_1_7' title="bbox 537 679 2079 753">
    <p class='ocr_par' dir='ltr' id='par_1_7' title="bbox 537 679 2079 753">
     <span class='ocr_line' id='line_1_7' title="bbox 537 679 2079 753; baseline 0.004 -22"><span class='ocrx_word' id='word_1_29' title='bbox 537 695 623 738; x_wconf 86' lang='grc' dir='ltr'><strong>τα,</strong></span> <span class='ocrx_word' id='word_1_30' title='bbox 654 680 743 731; x_wconf 78' lang='grc' dir='ltr'>καὶ</span> <span class='ocrx_word' id='word_1_31' title='bbox 770 679 858 731; x_wconf 66' lang='grc' dir='ltr'><strong>δια</strong></span> <span class='ocrx_word' id='word_1_32' title='bbox 908 681 967 732; x_wconf 81' lang='grc' dir='ltr'>τὸ</span> <span class='ocrx_word' id='word_1_33' title='bbox 999 680 1156 748; x_wconf 81' lang='grc' dir='ltr'>φύσει</span> <span class='ocrx_word' id='word_1_34' title='bbox 1208 683 1413 736; x_wconf 78' lang='grc' dir='ltr'>δίκαιον</span> <span class='ocrx_word' id='word_1_35' title='bbox 1453 687 1547 738; x_wconf 80' lang='grc' dir='ltr'><strong>καὶ</strong></span> <span class='ocrx_word' id='word_1_36' title='bbox 1598 683 1870 753; x_wconf 81' lang='grc' dir='ltr'>εὐπρεπὲς</span> <span class='ocrx_word' id='word_1_37' title='bbox 1909 703 2079 739; x_wconf 82' lang='grc' dir='ltr'>κατα-</span> 
     </span>
    </p>
   </div>
   <div class='ocr_carea' id='block_1_8' title="bbox 537 768 2082 844">
    <p class='ocr_par' dir='ltr' id='par_1_8' title="bbox 537 768 2082 844">
     <span class='ocr_line' id='line_1_8' title="bbox 537 768 2082 844; baseline 0.007 -25"><span class='ocrx_word' id='word_1_38' title='bbox 537 768 808 838; x_wconf 80' lang='grc' dir='ltr'>κρίνονται</span> <span class='ocrx_word' id='word_1_39' title='bbox 836 784 849 797; x_wconf 88' lang='grc'><strong>·</strong></span> <span class='ocrx_word' id='word_1_40' title='bbox 878 769 947 821; x_wconf 76' lang='grc' dir='ltr'>τὰ</span> <span class='ocrx_word' id='word_1_41' title='bbox 976 770 1032 822; x_wconf 84' lang='grc' dir='ltr'><strong>δὲ</strong></span> <span class='ocrx_word' id='word_1_42' title='bbox 1071 770 1225 833; x_wconf 70' lang='grc' dir='ltr'>ἐκτὸς</span> <span class='ocrx_word' id='word_1_43' title='bbox 1252 772 1432 826; x_wconf 83' lang='grc' dir='ltr'>αὐτῶν</span> <span class='ocrx_word' id='word_1_44' title='bbox 1469 773 1931 844; x_wconf 82' lang='grc' dir='ltr'>μετεωριζόμενα,</span> <span class='ocrx_word' id='word_1_45' title='bbox 1961 775 2082 830; x_wconf 76' lang='grc' dir='ltr'><strong>οὐδὲ</strong></span> 
     </span>
    </p>
   </div>
   <div class='ocr_carea' id='block_1_9' title="bbox 537 860 2082 934">
    <p class='ocr_par' dir='ltr' id='par_1_9' title="bbox 537 860 2082 934">
     <span class='ocr_line' id='line_1_9' title="bbox 537 860 2082 934; baseline 0.007 -25"><span class='ocrx_word' id='word_1_46' title='bbox 537 860 940 922; x_wconf 80' lang='grc' dir='ltr'>κατασπῶνται,</span> <span class='ocrx_word' id='word_1_47' title='bbox 983 860 1102 914; x_wconf 69' lang='grc' dir='ltr'>οὐδὲ</span> <span class='ocrx_word' id='word_1_48' title='bbox 1145 862 1512 932; x_wconf 78' lang='grc' dir='ltr'>κουφίζονται,</span> <span class='ocrx_word' id='word_1_49' title='bbox 1541 863 1667 919; x_wconf 82' lang='grc' dir='ltr'>ἄνευ</span> <span class='ocrx_word' id='word_1_50' title='bbox 1701 867 1863 934; x_wconf 90' lang='grc' dir='ltr'>μόνου</span> <span class='ocrx_word' id='word_1_51' title='bbox 1897 866 1992 920; x_wconf 81' lang='grc' dir='ltr'>τοῦ</span> <span class='ocrx_word' id='word_1_52' title='bbox 2023 866 2082 931; x_wconf 66' lang='grc' dir='ltr'><strong>ἐξ</strong></span> 
     </span>
    </p>
   </div>
   <div class='ocr_carea' id='block_1_10' title="bbox 536 948 1287 1021">
    <p class='ocr_par' dir='ltr' id='par_1_10' title="bbox 536 948 1287 1021">
     <span class='ocr_line' id='line_1_10' title="bbox 536 948 1287 1021; baseline 0.008 -21"><span class='ocrx_word' id='word_1_53' title='bbox 536 948 766 1018; x_wconf 72' lang='grc' dir='ltr'>αἵματος</span> <span class='ocrx_word' id='word_1_54' title='bbox 792 949 1020 1021; x_wconf 76' lang='grc' dir='ltr'>ἑϐδόμου</span> <span class='ocrx_word' id='word_1_55' title='bbox 1050 949 1287 1021; x_wconf 81' lang='grc' dir='ltr'><strong>βαθμοῦ.</strong></span> 
     </span>
    </p>
   </div>
   <div class='ocr_carea' id='block_1_11' title="bbox 607 1215 2076 1294">
    <p class='ocr_par' dir='ltr' id='par_1_11' title="bbox 607 1215 2076 1294">
     <span class='ocr_line' id='line_1_11' title="bbox 607 1215 2076 1294; baseline 0.009 -26"><span class='ocrx_word' id='word_1_56' title='bbox 607 1215 802 1269; x_wconf 84' lang='grc' dir='ltr'>Τοῦτον</span> <span class='ocrx_word' id='word_1_57' title='bbox 847 1217 954 1287; x_wconf 98' lang='lat'><strong>7&amp;9</strong></span> <span class='ocrx_word' id='word_1_58' title='bbox 998 1216 1270 1287; x_wconf 79' lang='grc' dir='ltr'>βασιλικὸς</span> <span class='ocrx_word' id='word_1_59' title='bbox 1314 1222 1534 1292; x_wconf 79' lang='grc' dir='ltr'>ὁρισμὸς</span> <span class='ocrx_word' id='word_1_60' title='bbox 1563 1223 1656 1277; x_wconf 76' lang='grc' dir='ltr'>καὶ</span> <span class='ocrx_word' id='word_1_61' title='bbox 1684 1226 1845 1294; x_wconf 82' lang='grc' dir='ltr'><strong>τόμος</strong></span> <span class='ocrx_word' id='word_1_62' title='bbox 1875 1228 2076 1281; x_wconf 79' lang='grc' dir='ltr'>συνοδι-</span> 
     </span>
    </p>
   </div>
   <div class='ocr_carea' id='block_1_12' title="bbox 458 1307 2082 1385">
    <p class='ocr_par' dir='ltr' id='par_1_12' title="bbox 458 1307 2082 1385">
     <span class='ocr_line' id='line_1_12' title="bbox 458 1307 2082 1385; baseline 0.007 -23"><span class='ocrx_word' id='word_1_63' title='bbox 458 1359 462 1362; x_wconf 29' lang='grc' dir='ltr'><strong>ι</strong></span> <span class='ocrx_word' id='word_1_64' title='bbox 538 1308 631 1370; x_wconf 76' lang='grc' dir='ltr'><strong>κὸς</strong></span> <span class='ocrx_word' id='word_1_65' title='bbox 659 1310 770 1370; x_wconf 75' lang='grc' dir='ltr'>τοῖς</span> <span class='ocrx_word' id='word_1_66' title='bbox 801 1307 893 1361; x_wconf 81' lang='grc' dir='ltr'>τοῦ</span> <span class='ocrx_word' id='word_1_67' title='bbox 927 1309 1085 1362; x_wconf 75' lang='grc' dir='ltr'>ἕκτου</span> <span class='ocrx_word' id='word_1_68' title='bbox 1118 1311 1322 1380; x_wconf 87' lang='grc' dir='ltr'>βαθμοῦ</span> <span class='ocrx_word' id='word_1_69' title='bbox 1348 1313 1751 1385; x_wconf 76' lang='grc' dir='ltr'><strong>συναλλάγμασι</strong></span> <span class='ocrx_word' id='word_1_70' title='bbox 1796 1319 2082 1384; x_wconf 77' lang='grc' dir='ltr'>συνεξίσω-</span> 
     </span>
    </p>
   </div>
   <div class='ocr_carea' id='block_1_13' title="bbox 536 1399 2080 1473">
    <p class='ocr_par' dir='ltr' id='par_1_13' title="bbox 536 1399 2080 1473">
     <span class='ocr_line' id='line_1_13' title="bbox 536 1399 2080 1473; baseline 0.009 -23"><span class='ocrx_word' id='word_1_71' title='bbox 536 1415 656 1452; x_wconf 90' lang='grc' dir='ltr'>σαν.</span> <span class='ocrx_word' id='word_1_72' title='bbox 697 1399 845 1452; x_wconf 78' lang='grc' dir='ltr'>Ἐπεὶ</span> <span class='ocrx_word' id='word_1_73' title='bbox 870 1399 962 1452; x_wconf 82' lang='grc' dir='ltr'>οὖν</span> <span class='ocrx_word' id='word_1_74' title='bbox 992 1401 1189 1465; x_wconf 85' lang='grc' dir='ltr'>ἱκανῶς</span> <span class='ocrx_word' id='word_1_75' title='bbox 1220 1404 1536 1473; x_wconf 81' lang='grc' dir='ltr'>διελάὸομεν</span> <span class='ocrx_word' id='word_1_76' title='bbox 1573 1407 1641 1460; x_wconf 78' lang='grc' dir='ltr'>τά</span> <span class='ocrx_word' id='word_1_77' title='bbox 1674 1425 1782 1460; x_wconf 88' lang='grc' dir='ltr'>τισι</span> <span class='ocrx_word' id='word_1_78' title='bbox 1813 1410 2080 1464; x_wconf 81' lang='grc' dir='ltr'>δικαιολο-</span> 
     </span>
    </p>
   </div>
   <div class='ocr_carea' id='block_1_14' title="bbox 537 1489 2082 1571">
    <p class='ocr_par' dir='ltr' id='par_1_14' title="bbox 537 1489 2082 1571">
     <span class='ocr_line' id='line_1_14' title="bbox 537 1489 2082 1571; baseline 0.01 -29"><span class='ocrx_word' id='word_1_79' title='bbox 537 1489 774 1558; x_wconf 86' lang='grc' dir='ltr'>γούμενα</span> <span class='ocrx_word' id='word_1_80' title='bbox 829 1493 956 1561; x_wconf 79' lang='grc' dir='ltr'>περὶ</span> <span class='ocrx_word' id='word_1_81' title='bbox 1005 1492 1103 1545; x_wconf 79' lang='grc' dir='ltr'>τοῦ</span> <span class='ocrx_word' id='word_1_82' title='bbox 1149 1496 1230 1556; x_wconf 84' lang='grc' dir='ltr'><strong>είς</strong></span> <span class='ocrx_word' id='word_1_83' title='bbox 1278 1495 1373 1548; x_wconf 74' lang='grc' dir='ltr'>ἕνα</span> <span class='ocrx_word' id='word_1_84' title='bbox 1408 1497 1611 1566; x_wconf 78' lang='grc' dir='ltr'>βαθμὸν</span> <span class='ocrx_word' id='word_1_85' title='bbox 1639 1501 1762 1562; x_wconf 82' lang='grc' dir='ltr'>τοὺς</span> <span class='ocrx_word' id='word_1_86' title='bbox 1781 1502 2082 1571; x_wconf 80' lang='grc' dir='ltr'>όμοζύγους</span> 
     </span>
    </p>
   </div>
   <div class='ocr_carea' id='block_1_15' title="bbox 537 1581 2080 1660">
    <p class='ocr_par' dir='ltr' id='par_1_15' title="bbox 537 1581 2080 1660">
     <span class='ocr_line' id='line_1_15' title="bbox 537 1581 2080 1660; baseline 0.008 -27"><span class='ocrx_word' id='word_1_87' title='bbox 537 1581 850 1648; x_wconf 81' lang='grc' dir='ltr'>ἀνάγεσθαι,</span> <span class='ocrx_word' id='word_1_88' title='bbox 877 1582 984 1636; x_wconf 71' lang='grc' dir='ltr'>εἶτε</span> <span class='ocrx_word' id='word_1_89' title='bbox 1024 1585 1116 1636; x_wconf 76' lang='grc' dir='ltr'>καὶ</span> <span class='ocrx_word' id='word_1_90' title='bbox 1139 1584 1213 1654; x_wconf 82' lang='grc' dir='ltr'>μή</span> <span class='ocrx_word' id='word_1_91' title='bbox 1245 1600 1260 1616; x_wconf 81' lang='lat'>&#39;</span> <span class='ocrx_word' id='word_1_92' title='bbox 1289 1585 1423 1655; x_wconf 70' lang='grc' dir='ltr'>Φέρε</span> <span class='ocrx_word' id='word_1_93' title='bbox 1446 1590 1538 1638; x_wconf 73' lang='grc' dir='ltr'>καὶ</span> <span class='ocrx_word' id='word_1_94' title='bbox 1569 1589 1629 1640; x_wconf 77' lang='grc' dir='ltr'><strong>το</strong></span> <span class='ocrx_word' id='word_1_95' title='bbox 1659 1591 1789 1658; x_wconf 78' lang='grc' dir='ltr'>ἡμῖν</span> <span class='ocrx_word' id='word_1_96' title='bbox 1818 1595 2080 1660; x_wconf 80' lang='grc' dir='ltr'>παριστάο</span> 
     </span>
    </p>
   </div>
   <div class='ocr_carea' id='block_1_16' title="bbox 538 1672 2081 1748">
    <p class='ocr_par' dir='ltr' id='par_1_16' title="bbox 538 1672 2081 1748">
     <span class='ocr_line' id='line_1_16' title="bbox 538 1672 2081 1748; baseline 0.008 -24"><span class='ocrx_word' id='word_1_97' title='bbox 538 1688 695 1740; x_wconf 77' lang='grc' dir='ltr'>μενον</span> <span class='ocrx_word' id='word_1_98' title='bbox 729 1672 886 1742; x_wconf 82' lang='grc' dir='ltr'><strong>χάριν</strong></span> <span class='ocrx_word' id='word_1_99' title='bbox 920 1673 1014 1726; x_wconf 79' lang='grc' dir='ltr'>τοῦ</span> <span class='ocrx_word' id='word_1_100' title='bbox 1045 1674 1283 1728; x_wconf 88' lang='grc' dir='ltr'>τοιούτου</span> <span class='ocrx_word' id='word_1_101' title='bbox 1325 1674 1656 1745; x_wconf 75' lang='grc' dir='ltr'>ζητήματος,</span> <span class='ocrx_word' id='word_1_102' title='bbox 1708 1682 1964 1748; x_wconf 74' lang='grc' dir='ltr'>εἴπωμεν.</span> <span class='ocrx_word' id='word_1_103' title='bbox 2017 1685 2081 1736; x_wconf 78' lang='lat' dir='ltr'><strong>Ol</strong></span> 
     </span>
    </p>
   </div>
   <div class='ocr_carea' id='block_1_17' title="bbox 533 1763 2079 1842">
    <p class='ocr_par' dir='ltr' id='par_1_17' title="bbox 533 1763 2079 1842">
     <span class='ocr_line' id='line_1_17' title="bbox 533 1763 2079 1842; baseline 0.01 -28"><span class='ocrx_word' id='word_1_104' title='bbox 533 1763 1008 1833; x_wconf 80' lang='grc' dir='ltr'>νενομοθετηκότες</span> <span class='ocrx_word' id='word_1_105' title='bbox 1036 1764 1161 1836; x_wconf 76' lang='grc' dir='ltr'>περὶ</span> <span class='ocrx_word' id='word_1_106' title='bbox 1191 1767 1581 1837; x_wconf 73' lang='grc' dir='ltr'><strong>κεκωλυμένων</strong></span> <span class='ocrx_word' id='word_1_107' title='bbox 1603 1773 1794 1842; x_wconf 84' lang='grc' dir='ltr'>γάμων</span> <span class='ocrx_word' id='word_1_108' title='bbox 1815 1775 2079 1831; x_wconf 75' lang='grc' dir='ltr'>διδάσκον-</span> 
     </span>
    </p>
   </div>
   <div class='ocr_carea' id='block_1_18' title="bbox 533 1844 2079 1932">
    <p class='ocr_par' dir='ltr' id='par_1_18' title="bbox 533 1844 2079 1932">
     <span class='ocr_line' id='line_1_18' title="bbox 533 1844 2079 1932; baseline 0.01 -28"><span class='ocrx_word' id='word_1_109' title='bbox 533 1868 624 1916; x_wconf 80' lang='grc' dir='ltr'><strong>τες</strong></span> <span class='ocrx_word' id='word_1_110' title='bbox 655 1844 712 1905; x_wconf 78' lang='grc' dir='ltr'>ἐν</span> <span class='ocrx_word' id='word_1_111' title='bbox 750 1851 938 1924; x_wconf 78' lang='grc' dir='ltr'>βιϐλίῳ</span> <span class='ocrx_word' id='word_1_112' title='bbox 981 1852 1088 1924; x_wconf 79' lang='grc' dir='ltr'>κη’,</span> <span class='ocrx_word' id='word_1_113' title='bbox 1123 1855 1286 1925; x_wconf 83' lang='grc' dir='ltr'>τίτλῳ</span> <span class='ocrx_word' id='word_1_114' title='bbox 1327 1855 1389 1922; x_wconf 88' lang='grc' dir='ltr'>ε’,</span> <span class='ocrx_word' id='word_1_115' title='bbox 1434 1859 1515 1920; x_wconf 85' lang='grc' dir='ltr'><strong>είς</strong></span> <span class='ocrx_word' id='word_1_116' title='bbox 1541 1859 1633 1913; x_wconf 83' lang='grc' dir='ltr'><strong>δύο</strong></span> <span class='ocrx_word' id='word_1_117' title='bbox 1664 1862 1930 1932; x_wconf 79' lang='grc' dir='ltr'>διαιροῦσι</span> <span class='ocrx_word' id='word_1_118' title='bbox 1955 1866 2079 1928; x_wconf 75' lang='grc' dir='ltr'>τοὺς</span> 
     </span>
    </p>
   </div>
   <div class='ocr_carea' id='block_1_19' title="bbox 537 1944 2082 2024">
    <p class='ocr_par' dir='ltr' id='par_1_19' title="bbox 537 1944 2082 2024">
     <span class='ocr_line' id='line_1_19' title="bbox 537 1944 2082 2024; baseline 0.008 -29"><span class='ocrx_word' id='word_1_119' title='bbox 537 1944 815 2011; x_wconf 72' lang='grc' dir='ltr'><strong>συγγενεῖς</strong></span> <span class='ocrx_word' id='word_1_120' title='bbox 837 1959 851 1973; x_wconf 76' lang='grc' dir='ltr'><strong>ο</strong></span> <span class='ocrx_word' id='word_1_121' title='bbox 881 1945 960 2008; x_wconf 81' lang='grc' dir='ltr'><strong>είς</strong></span> <span class='ocrx_word' id='word_1_122' title='bbox 987 1945 1232 2007; x_wconf 77' lang='grc' dir='ltr'><strong>ἀνιόντας</strong></span> <span class='ocrx_word' id='word_1_123' title='bbox 1253 1945 1344 1999; x_wconf 80' lang='grc' dir='ltr'>καὶ</span> <span class='ocrx_word' id='word_1_124' title='bbox 1373 1948 1672 2013; x_wconf 75' lang='grc' dir='ltr'><strong>κατιόντας,</strong></span> <span class='ocrx_word' id='word_1_125' title='bbox 1701 1951 1891 2015; x_wconf 80' lang='grc' dir='ltr'>παῖδας</span> <span class='ocrx_word' id='word_1_126' title='bbox 1920 1952 2082 2024; x_wconf 85' lang='grc' dir='ltr'>δηλα-</span> 
     </span>
    </p>
   </div>
   <div class='ocr_carea' id='block_1_20' title="bbox 534 2033 2082 2113">
    <p class='ocr_par' dir='ltr' id='par_1_20' title="bbox 534 2033 2082 2113">
     <span class='ocr_line' id='line_1_20' title="bbox 534 2033 2082 2113; baseline 0.003 -23"><span class='ocrx_word' id='word_1_127' title='bbox 534 2033 598 2102; x_wconf 81' lang='grc' dir='ltr'><strong>δὴ</strong></span> <span class='ocrx_word' id='word_1_128' title='bbox 634 2034 725 2088; x_wconf 77' lang='grc' dir='ltr'><strong>καὶ</strong></span> <span class='ocrx_word' id='word_1_129' title='bbox 751 2036 943 2102; x_wconf 78' lang='grc' dir='ltr'>γονεῖς,</span> <span class='ocrx_word' id='word_1_130' title='bbox 989 2037 1082 2089; x_wconf 78' lang='grc' dir='ltr'>καὶ</span> <span class='ocrx_word' id='word_1_131' title='bbox 1127 2037 1207 2100; x_wconf 83' lang='grc' dir='ltr'><strong>είς</strong></span> <span class='ocrx_word' id='word_1_132' title='bbox 1237 2040 1361 2101; x_wconf 79' lang='grc' dir='ltr'>τοὺς</span> <span class='ocrx_word' id='word_1_133' title='bbox 1407 2039 1472 2091; x_wconf 72' lang='grc' dir='ltr'>ἑκ</span> <span class='ocrx_word' id='word_1_134' title='bbox 1518 2039 1770 2110; x_wconf 87' lang='grc' dir='ltr'>πλαγίου,</span> <span class='ocrx_word' id='word_1_135' title='bbox 1821 2043 2082 2113; x_wconf 78' lang='grc' dir='ltr'>ἀδελφούς</span> 
     </span>
    </p>
   </div>
   <div class='ocr_carea' id='block_1_21' title="bbox 537 2117 2082 2201">
    <p class='ocr_par' dir='ltr' id='par_1_21' title="bbox 537 2117 2082 2201">
     <span class='ocr_line' id='line_1_21' title="bbox 537 2117 2082 2201; baseline 0.003 -23"><span class='ocrx_word' id='word_1_136' title='bbox 537 2141 678 2195; x_wconf 79' lang='grc' dir='ltr'>φημι</span> <span class='ocrx_word' id='word_1_137' title='bbox 709 2128 799 2178; x_wconf 76' lang='grc' dir='ltr'>καὶ</span> <span class='ocrx_word' id='word_1_138' title='bbox 831 2117 1049 2189; x_wconf 79' lang='grc' dir='ltr'>λοιποὺς</span> <span class='ocrx_word' id='word_1_139' title='bbox 1095 2126 1154 2194; x_wconf 73' lang='grc' dir='ltr'>εξ</span> <span class='ocrx_word' id='word_1_140' title='bbox 1181 2128 1407 2197; x_wconf 80' lang='grc' dir='ltr'>αἵματος</span> <span class='ocrx_word' id='word_1_141' title='bbox 1447 2134 1782 2201; x_wconf 57' lang='grc' dir='ltr'>προσγενεκ.</span> <span class='ocrx_word' id='word_1_142' title='bbox 1825 2135 1930 2186; x_wconf 71' lang='grc' dir='ltr'><strong>Καὶ</strong></span> <span class='ocrx_word' id='word_1_143' title='bbox 1973 2136 2082 2190; x_wconf 83' lang='grc' dir='ltr'><strong>τῶν</strong></span> 
     </span>
    </p>
   </div>
   <div class='ocr_carea' id='block_1_22' title="bbox 539 2215 2082 2294">
    <p class='ocr_par' dir='ltr' id='par_1_22' title="bbox 539 2215 2082 2294">
     <span class='ocr_line' id='line_1_22' title="bbox 539 2215 2082 2294; baseline 0.009 -27"><span class='ocrx_word' id='word_1_144' title='bbox 539 2215 639 2285; x_wconf 71' lang='grc' dir='ltr'>μὶν</span> <span class='ocrx_word' id='word_1_145' title='bbox 675 2217 932 2270; x_wconf 83' lang='grc' dir='ltr'>ἀνιόντων</span> <span class='ocrx_word' id='word_1_146' title='bbox 968 2219 1060 2271; x_wconf 71' lang='grc' dir='ltr'>καὶ</span> <span class='ocrx_word' id='word_1_147' title='bbox 1094 2221 1406 2288; x_wconf 84' lang='grc' dir='ltr'>κατιόντων,</span> <span class='ocrx_word' id='word_1_148' title='bbox 1436 2221 1793 2294; x_wconf 72' lang='grc' dir='ltr'>κᾶν’γνήσιοι</span> <span class='ocrx_word' id='word_1_149' title='bbox 1817 2218 1938 2293; x_wconf 80' lang='grc' dir='ltr'>ὦσι,</span> <span class='ocrx_word' id='word_1_150' title='bbox 1978 2227 2082 2281; x_wconf 81' lang='grc' dir='ltr'>κᾶν</span> 
     </span>
    </p>
   </div>
   <div class='ocr_carea' id='block_1_23' title="bbox 536 2304 2082 2383">
    <p class='ocr_par' dir='ltr' id='par_1_23' title="bbox 536 2304 2082 2383">
     <span class='ocr_line' id='line_1_23' title="bbox 536 2304 2082 2383; baseline 0.009 -25"><span class='ocrx_word' id='word_1_151' title='bbox 536 2305 774 2374; x_wconf 71' lang='grc' dir='ltr'>φυσικοὶ,</span> <span class='ocrx_word' id='word_1_152' title='bbox 802 2304 1091 2376; x_wconf 65' lang='grc' dir='ltr'>κᾶνθετοῖ,</span> <span class='ocrx_word' id='word_1_153' title='bbox 1122 2309 1246 2374; x_wconf 77' lang='grc' dir='ltr'>τοὺς</span> <span class='ocrx_word' id='word_1_154' title='bbox 1274 2313 1481 2383; x_wconf 80' lang='grc' dir='ltr'><strong>γάμους</strong></span> <span class='ocrx_word' id='word_1_155' title='bbox 1514 2314 1806 2370; x_wconf 78' lang='grc' dir='ltr'>κωλύουσιν</span> <span class='ocrx_word' id='word_1_156' title='bbox 1838 2319 1916 2380; x_wconf 78' lang='grc' dir='ltr'>εἰς</span> <span class='ocrx_word' id='word_1_157' title='bbox 1950 2305 2082 2372; x_wconf 76' lang='grc' dir='ltr'><strong>ἀπέ-</strong></span> 
     </span>
    </p>
   </div>
   <div class='ocr_carea' id='block_1_24' title="bbox 539 2388 2080 2480">
    <p class='ocr_par' dir='ltr' id='par_1_24' title="bbox 539 2388 2080 2480">
     <span class='ocr_line' id='line_1_24' title="bbox 539 2388 2080 2480; baseline 0.011 -32"><span class='ocrx_word' id='word_1_158' title='bbox 539 2388 748 2466; x_wconf 80' lang='grc' dir='ltr'>ραντον.</span> <span class='ocrx_word' id='word_1_159' title='bbox 792 2399 912 2452; x_wconf 88' lang='grc' dir='ltr'><strong>Τῶν</strong></span> <span class='ocrx_word' id='word_1_160' title='bbox 940 2399 995 2453; x_wconf 84' lang='grc' dir='ltr'><strong>δὲ</strong></span> <span class='ocrx_word' id='word_1_161' title='bbox 1025 2400 1084 2464; x_wconf 72' lang='grc' dir='ltr'>ἐξ</span> <span class='ocrx_word' id='word_1_162' title='bbox 1113 2400 1364 2470; x_wconf 77' lang='grc' dir='ltr'>αἵματος,</span> <span class='ocrx_word' id='word_1_163' title='bbox 1413 2404 1602 2474; x_wconf 80' lang='grc' dir='ltr'>μέχρις</span> <span class='ocrx_word' id='word_1_164' title='bbox 1648 2406 1806 2460; x_wconf 71' lang='grc' dir='ltr'>ἕκτου</span> <span class='ocrx_word' id='word_1_165' title='bbox 1850 2407 2080 2480; x_wconf 77' lang='grc' dir='ltr'>βαθμοῦ.</span> 
     </span>
    </p>
   </div>
   <div class='ocr_carea' id='block_1_25' title="bbox 535 2485 2083 2566">
    <p class='ocr_par' dir='ltr' id='par_1_25' title="bbox 535 2485 2083 2566">
     <span class='ocr_line' id='line_1_25' title="bbox 535 2485 2083 2566; baseline 0.01 -26"><span class='ocrx_word' id='word_1_166' title='bbox 535 2485 687 2541; x_wconf 77' lang='grc' dir='ltr'>Μἐτὰ</span> <span class='ocrx_word' id='word_1_167' title='bbox 720 2488 900 2556; x_wconf 81' lang='grc' dir='ltr'>μέντοι</span> <span class='ocrx_word' id='word_1_168' title='bbox 945 2490 1004 2542; x_wconf 86' lang='grc' dir='ltr'>τὸ</span> <span class='ocrx_word' id='word_1_169' title='bbox 1045 2492 1428 2564; x_wconf 79' lang='grc' dir='ltr'>τεχνολογῆσαι</span> <span class='ocrx_word' id='word_1_170' title='bbox 1457 2497 1526 2547; x_wconf 75' lang='grc' dir='ltr'>τὰ</span> <span class='ocrx_word' id='word_1_171' title='bbox 1557 2498 1684 2566; x_wconf 77' lang='grc' dir='ltr'>περὶ</span> <span class='ocrx_word' id='word_1_172' title='bbox 1713 2499 1935 2565; x_wconf 88' lang='grc' dir='ltr'>τούτων,</span> <span class='ocrx_word' id='word_1_173' title='bbox 1989 2502 2083 2556; x_wconf 71' lang='grc' dir='ltr'>καὶ</span> 
     </span>
    </p>
   </div>
   <div class='ocr_carea' id='block_1_26' title="bbox 537 2577 2083 2658">
    <p class='ocr_par' dir='ltr' id='par_1_26' title="bbox 537 2577 2083 2658">
     <span class='ocr_line' id='line_1_26' title="bbox 537 2577 2083 2658; baseline 0.012 -29"><span class='ocrx_word' id='word_1_174' title='bbox 537 2578 616 2640; x_wconf 74' lang='grc' dir='ltr'><strong>εἰς</strong></span> <span class='ocrx_word' id='word_1_175' title='bbox 658 2579 780 2647; x_wconf 65' lang='grc' dir='ltr'>ὄψιν</span> <span class='ocrx_word' id='word_1_176' title='bbox 839 2577 1131 2651; x_wconf 78' lang='grc' dir='ltr'>προθέσθαι</span> <span class='ocrx_word' id='word_1_177' title='bbox 1184 2584 1284 2656; x_wconf 77' lang='grc' dir='ltr'>τὴν</span> <span class='ocrx_word' id='word_1_178' title='bbox 1310 2586 1435 2638; x_wconf 89' lang='grc' dir='ltr'>τῶν·</span> <span class='ocrx_word' id='word_1_179' title='bbox 1471 2585 1693 2657; x_wconf 88' lang='grc' dir='ltr'>βαθμῶν</span> <span class='ocrx_word' id='word_1_180' title='bbox 1741 2589 1959 2658; x_wconf 78' lang='grc' dir='ltr'>βαθείαν</span> <span class='ocrx_word' id='word_1_181' title='bbox 1989 2594 2083 2650; x_wconf 75' lang='grc' dir='ltr'>καὶ</span> 
     </span>
    </p>
   </div>
   <div class='ocr_carea' id='block_1_27' title="bbox 537 2667 2082 2755">
    <p class='ocr_par' dir='ltr' id='par_1_27' title="bbox 537 2667 2082 2755">
     <span class='ocr_line' id='line_1_27' title="bbox 537 2667 2082 2755; baseline 0.011 -32"><span class='ocrx_word' id='word_1_182' title='bbox 537 2667 922 2744; x_wconf 79' lang='grc' dir='ltr'>δυσδιεξὶτητον</span> <span class='ocrx_word' id='word_1_183' title='bbox 969 2674 1302 2749; x_wconf 80' lang='grc' dir='ltr'>ύπουλότητα</span> <span class='ocrx_word' id='word_1_184' title='bbox 1334 2676 1750 2755; x_wconf 73' lang='grc' dir='ltr'>(δυσχερεστάτῃ</span> <span class='ocrx_word' id='word_1_185' title='bbox 1795 2685 1902 2755; x_wconf 81' lang='grc' dir='ltr'>γάρ</span> <span class='ocrx_word' id='word_1_186' title='bbox 1930 2703 2082 2755; x_wconf 81' lang='grc' dir='ltr'>φησι,</span> 
     </span>
    </p>
   </div>
   <div class='ocr_carea' id='block_1_28' title="bbox 538 2763 2083 2846">
    <p class='ocr_par' dir='ltr' id='par_1_28' title="bbox 538 2763 2083 2846">
     <span class='ocr_line' id='line_1_28' title="bbox 538 2763 2083 2846; baseline 0.01 -30"><span class='ocrx_word' id='word_1_187' title='bbox 538 2763 629 2818; x_wconf 75' lang='grc' dir='ltr'>καὶ</span> <span class='ocrx_word' id='word_1_188' title='bbox 682 2764 780 2819; x_wconf 73' lang='grc' dir='ltr'>οὐκ</span> <span class='ocrx_word' id='word_1_189' title='bbox 826 2765 1230 2838; x_wconf 83' lang='grc' dir='ltr'>εύκατάληπτος</span> <span class='ocrx_word' id='word_1_190' title='bbox 1281 2771 1314 2839; x_wconf 78' lang='grc' dir='ltr'><strong>ἡ</strong></span> <span class='ocrx_word' id='word_1_191' title='bbox 1365 2772 1428 2822; x_wconf 85' lang='grc' dir='ltr'>ὲκ</span> <span class='ocrx_word' id='word_1_192' title='bbox 1460 2771 1688 2839; x_wconf 78' lang='grc' dir='ltr'>πλαγίου</span> <span class='ocrx_word' id='word_1_193' title='bbox 1733 2774 1841 2828; x_wconf 88' lang='grc' dir='ltr'><strong>τῶν</strong></span> <span class='ocrx_word' id='word_1_194' title='bbox 1859 2775 2083 2846; x_wconf 84' lang='grc' dir='ltr'>βαθμῶν</span> 
     </span>
    </p>
   </div>
   <div class='ocr_carea' id='block_1_29' title="bbox 539 2855 2083 2937">
    <p class='ocr_par' dir='ltr' id='par_1_29' title="bbox 539 2855 2083 2937">
     <span class='ocr_line' id='line_1_29' title="bbox 539 2855 2083 2937; baseline 0.01 -30"><span class='ocrx_word' id='word_1_195' title='bbox 539 2856 686 2908; x_wconf 79' lang='grc' dir='ltr'>ἐστιν</span> <span class='ocrx_word' id='word_1_196' title='bbox 721 2855 954 2931; x_wconf 76' lang='grc' dir='ltr'>εὕρεσις)</span> <span class='ocrx_word' id='word_1_197' title='bbox 997 2861 1346 2928; x_wconf 84' lang='grc' dir='ltr'>προστιθέασι</span> <span class='ocrx_word' id='word_1_198' title='bbox 1388 2866 1482 2916; x_wconf 58' lang='grc' dir='ltr'><strong>καὶ¹</strong></span> <span class='ocrx_word' id='word_1_199' title='bbox 1510 2863 1680 2917; x_wconf 80' lang='grc' dir='ltr'>ταῦτα</span> <span class='ocrx_word' id='word_1_200' title='bbox 1710 2868 1924 2937; x_wconf 73' lang='grc' dir='ltr'>ῥητῶςο</span> <span class='ocrx_word' id='word_1_201' title='bbox 1961 2870 2083 2924; x_wconf 73' lang='grc' dir='ltr'><strong>Εἰσὶ</strong></span> 
     </span>
    </p>
   </div>
   <div class='ocr_carea' id='block_1_30' title="bbox 536 2945 2083 3027">
    <p class='ocr_par' dir='ltr' id='par_1_30' title="bbox 536 2945 2083 3027">
     <span class='ocr_line' id='line_1_30' title="bbox 536 2945 2083 3027; baseline 0.011 -27"><span class='ocrx_word' id='word_1_202' title='bbox 536 2945 593 3000; x_wconf 71' lang='grc' dir='ltr'><strong>δδ</strong></span> <span class='ocrx_word' id='word_1_203' title='bbox 624 2950 714 3002; x_wconf 75' lang='grc' dir='ltr'><strong>καὶ</strong></span> <span class='ocrx_word' id='word_1_204' title='bbox 740 2947 915 3020; x_wconf 69' lang='grc' dir='ltr'>ἕτεροι</span> <span class='ocrx_word' id='word_1_205' title='bbox 942 2951 1128 3020; x_wconf 83' lang='grc' dir='ltr'>γάμοι,</span> <span class='ocrx_word' id='word_1_206' title='bbox 1163 2953 1224 3006; x_wconf 83' lang='grc' dir='ltr'><strong>ού</strong></span> <span class='ocrx_word' id='word_1_207' title='bbox 1250 2955 1336 3008; x_wconf 75' lang='grc' dir='ltr'>διὰ</span> <span class='ocrx_word' id='word_1_208' title='bbox 1369 2956 1564 3026; x_wconf 81' lang='grc' dir='ltr'>θεσμὸν</span> <span class='ocrx_word' id='word_1_209' title='bbox 1615 2961 1960 3027; x_wconf 80' lang='grc' dir='ltr'>συγγενείας,</span> <span class='ocrx_word' id='word_1_210' title='bbox 1996 2963 2083 3018; x_wconf 82' lang='grc' dir='ltr'><strong>διὰ</strong></span> 
     </span>
    </p>
   </div>
   <div class='ocr_carea' id='block_1_31' title="bbox 535 3037 2082 3118">
    <p class='ocr_par' dir='ltr' id='par_1_31' title="bbox 535 3037 2082 3118">
     <span class='ocr_line' id='line_1_31' title="bbox 535 3037 2082 3118; baseline 0.012 -29"><span class='ocrx_word' id='word_1_211' title='bbox 535 3037 589 3090; x_wconf 78' lang='grc' dir='ltr'><strong>δὲ</strong></span> <span class='ocrx_word' id='word_1_212' title='bbox 617 3039 926 3109; x_wconf 77' lang='grc' dir='ltr'>ἀγχιστείαν</span> <span class='ocrx_word' id='word_1_213' title='bbox 955 3044 1030 3114; x_wconf 78' lang='grc' dir='ltr'>μὴ</span> <span class='ocrx_word' id='word_1_214' title='bbox 1056 3043 1453 3114; x_wconf 75' lang='grc' dir='ltr'>προϐαίνοντες.</span> <span class='ocrx_word' id='word_1_215' title='bbox 1502 3047 1806 3118; x_wconf 79' lang='grc' dir='ltr'>Ἀγχιστεία</span> <span class='ocrx_word' id='word_1_216' title='bbox 1833 3052 1890 3105; x_wconf 86' lang='grc' dir='ltr'><em>δέ</em></span> <span class='ocrx_word' id='word_1_217' title='bbox 1935 3056 2082 3108; x_wconf 68' lang='grc' dir='ltr'>ἐστιν</span> 
     </span>
    </p>
   </div>
   <div class='ocr_carea' id='block_1_32' title="bbox 2181 599 3717 671">
    <p class='ocr_par' dir='ltr' id='par_1_32' title="bbox 2181 599 3717 671">
     <span class='ocr_line' id='line_1_32' title="bbox 2181 599 3717 671; baseline 0.009 -27"><span class='ocrx_word' id='word_1_218' title='bbox 2181 601 2425 661; x_wconf 89' lang='lat' dir='ltr'><strong>possunt,</strong></span> <span class='ocrx_word' id='word_1_219' title='bbox 2473 610 2594 648; x_wconf 89' lang='lat' dir='ltr'><strong>cum</strong></span> <span class='ocrx_word' id='word_1_220' title='bbox 2627 613 2746 666; x_wconf 70' lang='lat' dir='ltr'><strong>qua:</strong></span> <span class='ocrx_word' id='word_1_221' title='bbox 2784 599 2922 652; x_wconf 86' lang='lat' dir='ltr'><strong>ultra</strong></span> <span class='ocrx_word' id='word_1_222' title='bbox 2951 599 3128 656; x_wconf 84' lang='lat' dir='ltr'><strong>Gades</strong></span> <span class='ocrx_word' id='word_1_223' title='bbox 3159 611 3285 654; x_wconf 84' lang='lat' dir='ltr'><strong>sunt</strong></span> <span class='ocrx_word' id='word_1_224' title='bbox 3320 601 3516 669; x_wconf 88' lang='lat' dir='ltr'><strong>posita,</strong></span> <span class='ocrx_word' id='word_1_225' title='bbox 3553 619 3717 671; x_wconf 86' lang='lat' dir='ltr'><strong>pene-</strong></span> 
     </span>
    </p>
   </div>
   <div class='ocr_carea' id='block_1_33' title="bbox 2181 684 3720 760">
    <p class='ocr_par' dir='ltr' id='par_1_33' title="bbox 2181 684 3720 760">
     <span class='ocr_line' id='line_1_33' title="bbox 2181 684 3720 760; baseline 0.008 -26"><span class='ocrx_word' id='word_1_226' title='bbox 2181 684 2312 736; x_wconf 85' lang='lat' dir='ltr'><strong>trari</strong></span> <span class='ocrx_word' id='word_1_227' title='bbox 2341 695 2609 754; x_wconf 85' lang='lat' dir='ltr'><strong>nequeant</strong></span> <span class='ocrx_word' id='word_1_228' title='bbox 2640 707 2652 742; x_wconf 94' lang='lat'>:</span> <span class='ocrx_word' id='word_1_229' title='bbox 2687 689 2764 742; x_wconf 80' lang='lat' dir='ltr'><strong>sic</strong></span> <span class='ocrx_word' id='word_1_230' title='bbox 2791 689 2954 743; x_wconf 84' lang='lat' dir='ltr'><strong>ctiam</strong></span> <span class='ocrx_word' id='word_1_231' title='bbox 3006 687 3372 758; x_wconf 83' lang='lat' dir='ltr'><strong>matrimonia,</strong></span> <span class='ocrx_word' id='word_1_232' title='bbox 3423 707 3544 760; x_wconf 69' lang='lat' dir='ltr'><strong>quae</strong></span> <span class='ocrx_word' id='word_1_233' title='bbox 3577 695 3720 746; x_wconf 82' lang='lat' dir='ltr'><strong>intra</strong></span> 
     </span>
    </p>
   </div>
   <div class='ocr_carea' id='block_1_34' title="bbox 2181 779 3725 853">
    <p class='ocr_par' dir='ltr' id='par_1_34' title="bbox 2181 779 3725 853">
     <span class='ocr_line' id='line_1_34' title="bbox 2181 779 3725 853; baseline 0.006 -24"><span class='ocrx_word' id='word_1_234' title='bbox 2181 785 2391 829; x_wconf 75' lang='lat' dir='ltr'><strong>sextum</strong></span> <span class='ocrx_word' id='word_1_235' title='bbox 2438 779 2662 845; x_wconf 73' lang='lat' dir='ltr'><strong>gradum</strong></span> <span class='ocrx_word' id='word_1_236' title='bbox 2723 781 3130 844; x_wconf 31' lang='lat' dir='ltr'><strong>tontrahuntur,</strong></span> <span class='ocrx_word' id='word_1_237' title='bbox 3193 784 3277 836; x_wconf 89' lang='lat' dir='ltr'><strong>vel</strong></span> <span class='ocrx_word' id='word_1_238' title='bbox 3349 783 3466 853; x_wconf 86' lang='lat' dir='ltr'><strong>ipsa</strong></span> <span class='ocrx_word' id='word_1_239' title='bbox 3513 786 3725 839; x_wconf 85' lang='lat' dir='ltr'><strong>ratione</strong></span> 
     </span>
    </p>
   </div>
   <div class='ocr_carea' id='block_1_35' title="bbox 2181 865 3721 940">
    <p class='ocr_par' dir='ltr' id='par_1_35' title="bbox 2181 865 3721 940">
     <span class='ocr_line' id='line_1_35' title="bbox 2181 865 3721 940; baseline 0.006 -24"><span class='ocrx_word' id='word_1_240' title='bbox 2181 865 2442 917; x_wconf 71' lang='lat' dir='ltr'><strong>naturalis</strong></span> <span class='ocrx_word' id='word_1_241' title='bbox 2492 867 2761 934; x_wconf 61' lang='lat' dir='ltr'><strong>aequitatis</strong></span> <span class='ocrx_word' id='word_1_242' title='bbox 2800 878 2854 921; x_wconf 90' lang='lat' dir='ltr'><strong>et</strong></span> <span class='ocrx_word' id='word_1_243' title='bbox 2908 869 3116 922; x_wconf 79' lang='lat' dir='ltr'><strong>honesti</strong></span> <span class='ocrx_word' id='word_1_244' title='bbox 3174 870 3548 925; x_wconf 85' lang='lat' dir='ltr'><strong>damnentur:</strong></span> <span class='ocrx_word' id='word_1_245' title='bbox 3600 888 3721 940; x_wconf 69' lang='lat' dir='ltr'><strong>quin</strong></span> 
     </span>
    </p>
   </div>
   <div class='ocr_carea' id='block_1_36' title="bbox 2179 955 3724 1026">
    <p class='ocr_par' dir='ltr' id='par_1_36' title="bbox 2179 955 3724 1026">
     <span class='ocr_line' id='line_1_36' title="bbox 2179 955 3724 1026; baseline 0.006 -22"><span class='ocrx_word' id='word_1_246' title='bbox 2179 964 2356 1006; x_wconf 87' lang='lat' dir='ltr'><strong>autem</strong></span> <span class='ocrx_word' id='word_1_247' title='bbox 2382 961 2532 1006; x_wconf 74' lang='lat' dir='ltr'><strong>extra</strong></span> <span class='ocrx_word' id='word_1_248' title='bbox 2554 955 2752 1024; x_wconf 79' lang='lat' dir='ltr'><strong>gradus</strong></span> <span class='ocrx_word' id='word_1_249' title='bbox 2793 956 2955 1010; x_wconf 81' lang='lat' dir='ltr'><strong>hosce</strong></span> <span class='ocrx_word' id='word_1_250' title='bbox 2996 959 3425 1026; x_wconf 84' lang='lat' dir='ltr'><strong>suspenduntur,</strong></span> <span class='ocrx_word' id='word_1_251' title='bbox 3466 976 3566 1014; x_wconf 91' lang='lat' dir='ltr'><strong>nec</strong></span> <span class='ocrx_word' id='word_1_252' title='bbox 3585 959 3724 1013; x_wconf 80' lang='lat' dir='ltr'><strong>diri-</strong></span> 
     </span>
    </p>
   </div>
   <div class='ocr_carea' id='block_1_37' title="bbox 2180 1047 3723 1123">
    <p class='ocr_par' dir='ltr' id='par_1_37' title="bbox 2180 1047 3723 1123">
     <span class='ocr_line' id='line_1_37' title="bbox 2180 1047 3723 1123; baseline 0.011 -29"><span class='ocrx_word' id='word_1_253' title='bbox 2180 1051 2415 1107; x_wconf 84' lang='lat' dir='ltr'><strong>mantur,</strong></span> <span class='ocrx_word' id='word_1_254' title='bbox 2448 1059 2546 1099; x_wconf 91' lang='lat' dir='ltr'><strong>nec</strong></span> <span class='ocrx_word' id='word_1_255' title='bbox 2579 1047 2908 1110; x_wconf 80' lang='lat' dir='ltr'><strong>releventur,</strong></span> <span class='ocrx_word' id='word_1_256' title='bbox 2950 1060 3175 1118; x_wconf 82' lang='lat' dir='ltr'><strong>excepto</strong></span> <span class='ocrx_word' id='word_1_257' title='bbox 3198 1050 3315 1104; x_wconf 86' lang='lat' dir='ltr'><strong>solo</strong></span> <span class='ocrx_word' id='word_1_258' title='bbox 3333 1065 3401 1103; x_wconf 81' lang='lat' dir='ltr'><strong>ex</strong></span> <span class='ocrx_word' id='word_1_259' title='bbox 3441 1058 3723 1123; x_wconf 76' lang='lat' dir='ltr'><strong>sanguinis</strong></span> 
     </span>
    </p>
   </div>
   <div class='ocr_carea' id='block_1_38' title="bbox 2179 1131 3028 1203">
    <p class='ocr_par' dir='ltr' id='par_1_38' title="bbox 2179 1131 3028 1203">
     <span class='ocr_line' id='line_1_38' title="bbox 2179 1131 3028 1203; baseline 0.005 -18"><span class='ocrx_word' id='word_1_260' title='bbox 2179 1131 2562 1199; x_wconf 82' lang='lat' dir='ltr'><strong>conjunctione</strong></span> <span class='ocrx_word' id='word_1_261' title='bbox 2581 1135 2809 1201; x_wconf 84' lang='lat' dir='ltr'><strong>septimo</strong></span> <span class='ocrx_word' id='word_1_262' title='bbox 2838 1135 3028 1203; x_wconf 81' lang='lat' dir='ltr'><strong>gradu.</strong></span> 
     </span>
    </p>
   </div>
   <div class='ocr_carea' id='block_1_39' title="bbox 2247 1217 3726 1296">
    <p class='ocr_par' dir='ltr' id='par_1_39' title="bbox 2247 1217 3726 1296">
     <span class='ocr_line' id='line_1_39' title="bbox 2247 1217 3726 1296; baseline 0.009 -26"><span class='ocrx_word' id='word_1_263' title='bbox 2247 1217 2379 1271; x_wconf 83' lang='lat' dir='ltr'><strong>Nam</strong></span> <span class='ocrx_word' id='word_1_264' title='bbox 2412 1221 2558 1273; x_wconf 89' lang='lat' dir='ltr'><strong>illum</strong></span> <span class='ocrx_word' id='word_1_265' title='bbox 2587 1229 2693 1273; x_wconf 82' lang='lat' dir='ltr'><strong>tam</strong></span> <span class='ocrx_word' id='word_1_266' title='bbox 2729 1223 3070 1290; x_wconf 80' lang='lat' dir='ltr'><strong>imperatoria</strong></span> <span class='ocrx_word' id='word_1_267' title='bbox 3105 1227 3332 1291; x_wconf 85' lang='lat' dir='ltr'><strong>sanctio,</strong></span> <span class='ocrx_word' id='word_1_268' title='bbox 3361 1243 3520 1296; x_wconf 87' lang='lat' dir='ltr'><strong>quam</strong></span> <span class='ocrx_word' id='word_1_269' title='bbox 3547 1237 3726 1284; x_wconf 88' lang='lat' dir='ltr'><strong>tomus</strong></span> 
     </span>
    </p>
   </div>
   <div class='ocr_carea' id='block_1_40' title="bbox 2181 1311 3736 1387">
    <p class='ocr_par' dir='ltr' id='par_1_40' title="bbox 2181 1311 3736 1387">
     <span class='ocr_line' id='line_1_40' title="bbox 2181 1311 3736 1387; baseline 0.007 -25"><span class='ocrx_word' id='word_1_270' title='bbox 2181 1312 2478 1380; x_wconf 79' lang='lat' dir='ltr'><strong>synodalis,</strong></span> <span class='ocrx_word' id='word_1_271' title='bbox 2519 1313 2654 1366; x_wconf 77' lang='lat' dir='ltr'><strong>sexti</strong></span> <span class='ocrx_word' id='word_1_272' title='bbox 2693 1315 2891 1382; x_wconf 73' lang='lat' dir='ltr'><strong>gradus</strong></span> <span class='ocrx_word' id='word_1_273' title='bbox 2914 1311 3276 1371; x_wconf 85' lang='lat' dir='ltr'><strong>matrimoniis</strong></span> <span class='ocrx_word' id='word_1_274' title='bbox 3307 1321 3625 1387; x_wconf 69' lang='lat' dir='ltr'><strong>exaequavit.</strong></span> <span class='ocrx_word' id='word_1_275' title='bbox 3661 1312 3736 1373; x_wconf 81' lang='lat' dir='ltr'><strong>Et</strong></span> 
     </span>
    </p>
   </div>
   <div class='ocr_carea' id='block_1_41' title="bbox 2181 1397 3726 1476">
    <p class='ocr_par' dir='ltr' id='par_1_41' title="bbox 2181 1397 3726 1476">
     <span class='ocr_line' id='line_1_41' title="bbox 2181 1397 3726 1476; baseline 0.009 -29"><span class='ocrx_word' id='word_1_276' title='bbox 2181 1397 2394 1465; x_wconf 78' lang='lat' dir='ltr'><strong>quando</strong></span> <span class='ocrx_word' id='word_1_277' title='bbox 2422 1398 2530 1465; x_wconf 86' lang='lat' dir='ltr'><strong>jam</strong></span> <span class='ocrx_word' id='word_1_278' title='bbox 2563 1400 2696 1454; x_wconf 85' lang='lat' dir='ltr'><strong>satis</strong></span> <span class='ocrx_word' id='word_1_279' title='bbox 2723 1400 3079 1457; x_wconf 87' lang='lat' dir='ltr'><strong>disseruimus</strong></span> <span class='ocrx_word' id='word_1_280' title='bbox 3111 1405 3177 1459; x_wconf 89' lang='lat' dir='ltr'><strong>de</strong></span> <span class='ocrx_word' id='word_1_281' title='bbox 3216 1405 3302 1467; x_wconf 88' lang='lat' dir='ltr'><strong>iis,</strong></span> <span class='ocrx_word' id='word_1_282' title='bbox 3330 1422 3451 1476; x_wconf 76' lang='lat' dir='ltr'><strong>qua:</strong></span> <span class='ocrx_word' id='word_1_283' title='bbox 3479 1409 3726 1462; x_wconf 87' lang='lat' dir='ltr'><strong>nonnulli</strong></span> 
     </span>
    </p>
   </div>
   <div class='ocr_carea' id='block_1_42' title="bbox 2181 1488 3722 1565">
    <p class='ocr_par' dir='ltr' id='par_1_42' title="bbox 2181 1488 3722 1565">
     <span class='ocr_line' id='line_1_42' title="bbox 2181 1488 3722 1565; baseline 0.007 -25"><span class='ocrx_word' id='word_1_284' title='bbox 2181 1488 2281 1540; x_wconf 79' lang='lat' dir='ltr'><strong>hac</strong></span> <span class='ocrx_word' id='word_1_285' title='bbox 2307 1489 2361 1541; x_wconf 90' lang='lat' dir='ltr'><strong>in</strong></span> <span class='ocrx_word' id='word_1_286' title='bbox 2387 1490 2680 1557; x_wconf 75' lang='lat' dir='ltr'><strong>quaestione</strong></span> <span class='ocrx_word' id='word_1_287' title='bbox 2703 1491 2954 1559; x_wconf 80' lang='lat' dir='ltr'><strong>allegant,</strong></span> <span class='ocrx_word' id='word_1_288' title='bbox 2979 1493 3156 1549; x_wconf 77' lang='lat' dir='ltr'><strong>sintne</strong></span> <span class='ocrx_word' id='word_1_289' title='bbox 3181 1497 3440 1565; x_wconf 79' lang='lat' dir='ltr'><strong>conjuges</strong></span> <span class='ocrx_word' id='word_1_290' title='bbox 3461 1499 3525 1551; x_wconf 84' lang='lat' dir='ltr'><strong>ad</strong></span> <span class='ocrx_word' id='word_1_291' title='bbox 3558 1514 3722 1551; x_wconf 89' lang='lat' dir='ltr'><strong>unum</strong></span> 
     </span>
    </p>
   </div>
   <div class='ocr_carea' id='block_1_43' title="bbox 2182 1579 3724 1653">
    <p class='ocr_par' dir='ltr' id='par_1_43' title="bbox 2182 1579 3724 1653">
     <span class='ocr_line' id='line_1_43' title="bbox 2182 1579 3724 1653; baseline 0.006 -22"><span class='ocrx_word' id='word_1_292' title='bbox 2182 1579 2444 1632; x_wconf 76' lang='lat' dir='ltr'><strong>referendi</strong></span> <span class='ocrx_word' id='word_1_293' title='bbox 2475 1581 2737 1649; x_wconf 78' lang='lat' dir='ltr'><strong>gradum,</strong></span> <span class='ocrx_word' id='word_1_294' title='bbox 2768 1598 2939 1636; x_wconf 81' lang='lat' dir='ltr'><strong>necne</strong></span> <span class='ocrx_word' id='word_1_295' title='bbox 2975 1601 2992 1637; x_wconf 86' lang='lat'><strong>:</strong></span> <span class='ocrx_word' id='word_1_296' title='bbox 3052 1599 3152 1652; x_wconf 80' lang='lat' dir='ltr'><strong>age</strong></span> <span class='ocrx_word' id='word_1_297' title='bbox 3185 1586 3520 1653; x_wconf 78' lang='lat' dir='ltr'><strong>proferamus</strong></span> <span class='ocrx_word' id='word_1_298' title='bbox 3564 1589 3724 1642; x_wconf 81' lang='lat' dir='ltr'><strong>etiam</strong></span> 
     </span>
    </p>
   </div>
   <div class='ocr_carea' id='block_1_44' title="bbox 2183 1670 3721 1744">
    <p class='ocr_par' dir='ltr' id='par_1_44' title="bbox 2183 1670 3721 1744">
     <span class='ocr_line' id='line_1_44' title="bbox 2183 1670 3721 1744; baseline 0.008 -24"><span class='ocrx_word' id='word_1_299' title='bbox 2183 1670 2254 1733; x_wconf 90' lang='lat' dir='ltr'><strong>id,</strong></span> <span class='ocrx_word' id='word_1_300' title='bbox 2292 1671 2431 1739; x_wconf 85' lang='lat' dir='ltr'><strong>quod</strong></span> <span class='ocrx_word' id='word_1_301' title='bbox 2467 1670 2533 1726; x_wconf 85' lang='lat' dir='ltr'><strong>de</strong></span> <span class='ocrx_word' id='word_1_302' title='bbox 2565 1675 2860 1741; x_wconf 72' lang='lat' dir='ltr'><strong>qiitestionc</strong></span> <span class='ocrx_word' id='word_1_303' title='bbox 2883 1678 3157 1744; x_wconf 88' lang='lat' dir='ltr'><strong>proposita</strong></span> <span class='ocrx_word' id='word_1_304' title='bbox 3188 1678 3347 1731; x_wconf 84' lang='lat' dir='ltr'><strong>nobis</strong></span> <span class='ocrx_word' id='word_1_305' title='bbox 3379 1679 3445 1731; x_wconf 90' lang='lat' dir='ltr'><strong>ad</strong></span> <span class='ocrx_word' id='word_1_306' title='bbox 3480 1680 3721 1732; x_wconf 84' lang='lat' dir='ltr'><strong>animum</strong></span> 
     </span>
    </p>
   </div>
   <div class='ocr_carea' id='block_1_45' title="bbox 2182 1761 3728 1837">
    <p class='ocr_par' dir='ltr' id='par_1_45' title="bbox 2182 1761 3728 1837">
     <span class='ocr_line' id='line_1_45' title="bbox 2182 1761 3728 1837; baseline 0.009 -26"><span class='ocrx_word' id='word_1_307' title='bbox 2182 1762 2396 1816; x_wconf 79' lang='lat' dir='ltr'><strong>accidit.</strong></span> <span class='ocrx_word' id='word_1_308' title='bbox 2455 1761 2861 1830; x_wconf 71' lang='lat' dir='ltr'><strong>Iurisconsulti,</strong></span> <span class='ocrx_word' id='word_1_309' title='bbox 2917 1766 3008 1836; x_wconf 88' lang='lat' dir='ltr'><strong>qui</strong></span> <span class='ocrx_word' id='word_1_310' title='bbox 3066 1766 3134 1821; x_wconf 88' lang='lat' dir='ltr'><strong>de</strong></span> <span class='ocrx_word' id='word_1_311' title='bbox 3187 1768 3391 1835; x_wconf 83' lang='lat' dir='ltr'><strong>nuptiis</strong></span> <span class='ocrx_word' id='word_1_312' title='bbox 3441 1770 3728 1837; x_wconf 82' lang='lat' dir='ltr'><strong>prohibitis</strong></span> 
     </span>
    </p>
   </div>
   <div class='ocr_carea' id='block_1_46' title="bbox 2182 1850 3722 1918">
    <p class='ocr_par' dir='ltr' id='par_1_46' title="bbox 2182 1850 3722 1918">
     <span class='ocr_line' id='line_1_46' title="bbox 2182 1850 3722 1918; baseline 0.006 -16"><span class='ocrx_word' id='word_1_313' title='bbox 2182 1850 2372 1904; x_wconf 79' lang='lat' dir='ltr'><strong>docent</strong></span> <span class='ocrx_word' id='word_1_314' title='bbox 2397 1851 2532 1905; x_wconf 85' lang='lat' dir='ltr'><strong>libro</strong></span> <span class='ocrx_word' id='word_1_315' title='bbox 2559 1850 2910 1907; x_wconf 78' lang='lat' dir='ltr'><strong>Basilicarum</strong></span> <span class='ocrx_word' id='word_1_316' title='bbox 2941 1869 3128 1918; x_wconf 78' lang='lat' dir='ltr'><strong>xxviii,</strong></span> <span class='ocrx_word' id='word_1_317' title='bbox 3157 1857 3314 1911; x_wconf 88' lang='lat' dir='ltr'><strong>titulo</strong></span> <span class='ocrx_word' id='word_1_318' title='bbox 3365 1874 3398 1911; x_wconf 85' lang='grc' dir='ltr'><strong>ν</strong></span> <span class='ocrx_word' id='word_1_319' title='bbox 3422 1897 3439 1918; x_wconf 83' lang='grc'><strong>,</strong></span> <span class='ocrx_word' id='word_1_320' title='bbox 3472 1858 3722 1913; x_wconf 76' lang='lat' dir='ltr'><strong>bifariam</strong></span> 
     </span>
    </p>
   </div>
   <div class='ocr_carea' id='block_1_47' title="bbox 2181 1942 3724 2013">
    <p class='ocr_par' dir='ltr' id='par_1_47' title="bbox 2181 1942 3724 2013">
     <span class='ocr_line' id='line_1_47' title="bbox 2181 1942 3724 2013; baseline 0.003 -18"><span class='ocrx_word' id='word_1_321' title='bbox 2181 1953 2439 2010; x_wconf 73' lang='lat' dir='ltr'><strong>cognatos</strong></span> <span class='ocrx_word' id='word_1_322' title='bbox 2487 1942 2780 1999; x_wconf 85' lang='lat' dir='ltr'><strong>dividunt:</strong></span> <span class='ocrx_word' id='word_1_323' title='bbox 2828 1945 3183 2002; x_wconf 81' lang='lat' dir='ltr'><strong>ascendentes</strong></span> <span class='ocrx_word' id='word_1_324' title='bbox 3221 1958 3272 2001; x_wconf 90' lang='lat' dir='ltr'><strong>et</strong></span> <span class='ocrx_word' id='word_1_325' title='bbox 3315 1949 3724 2013; x_wconf 80' lang='lat' dir='ltr'><strong>descendentes,</strong></span> 
     </span>
    </p>
   </div>
   <div class='ocr_carea' id='block_1_48' title="bbox 2182 2032 3724 2108">
    <p class='ocr_par' dir='ltr' id='par_1_48' title="bbox 2182 2032 3724 2108">
     <span class='ocr_line' id='line_1_48' title="bbox 2182 2032 3724 2108; baseline 0.005 -22"><span class='ocrx_word' id='word_1_326' title='bbox 2182 2032 2381 2088; x_wconf 86' lang='lat' dir='ltr'><strong>liberos</strong></span> <span class='ocrx_word' id='word_1_327' title='bbox 2404 2033 2610 2088; x_wconf 84' lang='lat' dir='ltr'><strong>scilicet</strong></span> <span class='ocrx_word' id='word_1_328' title='bbox 2641 2049 2704 2088; x_wconf 90' lang='lat' dir='ltr'><strong>ac</strong></span> <span class='ocrx_word' id='word_1_329' title='bbox 2734 2043 2984 2104; x_wconf 87' lang='lat' dir='ltr'><strong>parentes</strong></span> <span class='ocrx_word' id='word_1_330' title='bbox 3010 2053 3026 2103; x_wconf 90' lang='lat'><strong>;</strong></span> <span class='ocrx_word' id='word_1_331' title='bbox 3051 2046 3104 2092; x_wconf 87' lang='lat' dir='ltr'><strong>et</strong></span> <span class='ocrx_word' id='word_1_332' title='bbox 3145 2038 3198 2092; x_wconf 90' lang='lat' dir='ltr'><strong>in</strong></span> <span class='ocrx_word' id='word_1_333' title='bbox 3239 2053 3354 2104; x_wconf 85' lang='lat' dir='ltr'><strong>eos,</strong></span> <span class='ocrx_word' id='word_1_334' title='bbox 3379 2041 3470 2108; x_wconf 85' lang='lat' dir='ltr'><strong>qui</strong></span> <span class='ocrx_word' id='word_1_335' title='bbox 3501 2048 3626 2094; x_wconf 90' lang='lat' dir='ltr'><strong>sunt</strong></span> <span class='ocrx_word' id='word_1_336' title='bbox 3658 2057 3724 2094; x_wconf 73' lang='lat' dir='ltr'><strong>ex</strong></span> 
     </span>
    </p>
   </div>
   <div class='ocr_carea' id='block_1_49' title="bbox 2182 2123 3727 2199">
    <p class='ocr_par' dir='ltr' id='par_1_49' title="bbox 2182 2123 3727 2199">
     <span class='ocr_line' id='line_1_49' title="bbox 2182 2123 3727 2199; baseline 0.005 -22"><span class='ocrx_word' id='word_1_337' title='bbox 2182 2133 2520 2189; x_wconf 86' lang='lat' dir='ltr'><strong>transverso,</strong></span> <span class='ocrx_word' id='word_1_338' title='bbox 2564 2123 2758 2181; x_wconf 78' lang='lat' dir='ltr'><strong>fratres</strong></span> <span class='ocrx_word' id='word_1_339' title='bbox 2805 2127 3044 2195; x_wconf 88' lang='lat' dir='ltr'><strong>inquam,</strong></span> <span class='ocrx_word' id='word_1_340' title='bbox 3085 2137 3137 2183; x_wconf 89' lang='lat' dir='ltr'><strong>et</strong></span> <span class='ocrx_word' id='word_1_341' title='bbox 3176 2129 3413 2198; x_wconf 75' lang='lat' dir='ltr'><strong>reliquos</strong></span> <span class='ocrx_word' id='word_1_342' title='bbox 3464 2131 3727 2199; x_wconf 76' lang='lat' dir='ltr'><strong>sanguine</strong></span> 
     </span>
    </p>
   </div>
   <div class='ocr_carea' id='block_1_50' title="bbox 2183 2214 3728 2288">
    <p class='ocr_par' dir='ltr' id='par_1_50' title="bbox 2183 2214 3728 2288">
     <span class='ocr_line' id='line_1_50' title="bbox 2183 2214 3728 2288; baseline 0.004 -20"><span class='ocrx_word' id='word_1_343' title='bbox 2183 2215 2534 2285; x_wconf 82' lang='lat' dir='ltr'><strong>propinquos.</strong></span> <span class='ocrx_word' id='word_1_344' title='bbox 2559 2214 2623 2272; x_wconf 89' lang='lat' dir='ltr'><strong>Et</strong></span> <span class='ocrx_word' id='word_1_345' title='bbox 2651 2218 3050 2273; x_wconf 81' lang='lat' dir='ltr'><strong>ascendentium</strong></span> <span class='ocrx_word' id='word_1_346' title='bbox 3073 2219 3286 2288; x_wconf 86' lang='lat' dir='ltr'><strong>quidem</strong></span> <span class='ocrx_word' id='word_1_347' title='bbox 3309 2235 3372 2274; x_wconf 89' lang='lat' dir='ltr'><strong>ac</strong></span> <span class='ocrx_word' id='word_1_348' title='bbox 3399 2222 3728 2276; x_wconf 87' lang='lat' dir='ltr'><strong>descenden-</strong></span> 
     </span>
    </p>
   </div>
   <div class='ocr_carea' id='block_1_51' title="bbox 2182 2306 3726 2380">
    <p class='ocr_par' dir='ltr' id='par_1_51' title="bbox 2182 2306 3726 2380">
     <span class='ocr_line' id='line_1_51' title="bbox 2182 2306 3726 2380; baseline 0.003 -20"><span class='ocrx_word' id='word_1_349' title='bbox 2182 2309 2336 2368; x_wconf 87' lang='lat' dir='ltr'><strong>tium,</strong></span> <span class='ocrx_word' id='word_1_350' title='bbox 2372 2308 2484 2362; x_wconf 90' lang='lat' dir='ltr'><strong>sive</strong></span> <span class='ocrx_word' id='word_1_351' title='bbox 2507 2306 2727 2376; x_wconf 78' lang='lat' dir='ltr'><strong>legitimi</strong></span> <span class='ocrx_word' id='word_1_352' title='bbox 2748 2309 2887 2371; x_wconf 75' lang='lat' dir='ltr'><strong>sint,</strong></span> <span class='ocrx_word' id='word_1_353' title='bbox 2910 2311 3021 2363; x_wconf 88' lang='lat' dir='ltr'><strong>sive</strong></span> <span class='ocrx_word' id='word_1_354' title='bbox 3049 2310 3344 2374; x_wconf 85' lang='lat' dir='ltr'><strong>naturales,</strong></span> <span class='ocrx_word' id='word_1_355' title='bbox 3375 2312 3487 2366; x_wconf 85' lang='lat' dir='ltr'><strong>sive</strong></span> <span class='ocrx_word' id='word_1_356' title='bbox 3517 2310 3726 2380; x_wconf 76' lang='lat' dir='ltr'><strong>adopti-</strong></span> 
     </span>
    </p>
   </div>
   <div class='ocr_carea' id='block_1_52' title="bbox 2144 2397 3724 2471">
    <p class='ocr_par' dir='ltr' id='par_1_52' title="bbox 2144 2397 3724 2471">
     <span class='ocr_line' id='line_1_52' title="bbox 2144 2397 3724 2471; baseline 0.004 -22"><span class='ocrx_word' id='word_1_357' title='bbox 2144 2408 2151 2414; x_wconf 89' lang='lat'><strong>&#39;</strong></span> <span class='ocrx_word' id='word_1_358' title='bbox 2181 2397 2255 2462; x_wconf 82' lang='lat' dir='ltr'><strong>vi,</strong></span> <span class='ocrx_word' id='word_1_359' title='bbox 2288 2397 2502 2466; x_wconf 82' lang='lat' dir='ltr'><strong>nuptias</strong></span> <span class='ocrx_word' id='word_1_360' title='bbox 2530 2397 2815 2466; x_wconf 74' lang='lat' dir='ltr'><strong>prohibent</strong></span> <span class='ocrx_word' id='word_1_361' title='bbox 2842 2398 2895 2452; x_wconf 90' lang='lat' dir='ltr'><strong>in</strong></span> <span class='ocrx_word' id='word_1_362' title='bbox 2921 2398 3184 2453; x_wconf 77' lang='lat' dir='ltr'><strong>inﬁnitum</strong></span> <span class='ocrx_word' id='word_1_363' title='bbox 3211 2415 3226 2451; x_wconf 92' lang='lat'><strong>:</strong></span> <span class='ocrx_word' id='word_1_364' title='bbox 3249 2416 3434 2454; x_wconf 89' lang='lat' dir='ltr'><strong>eorum</strong></span> <span class='ocrx_word' id='word_1_365' title='bbox 3465 2417 3610 2468; x_wconf 83' lang='lat' dir='ltr'><strong>vero,</strong></span> <span class='ocrx_word' id='word_1_366' title='bbox 3635 2403 3724 2471; x_wconf 79' lang='lat' dir='ltr'><strong>qui</strong></span> 
     </span>
    </p>
   </div>
   <div class='ocr_carea' id='block_1_53' title="bbox 2182 2487 3721 2560">
    <p class='ocr_par' dir='ltr' id='par_1_53' title="bbox 2182 2487 3721 2560">
     <span class='ocr_line' id='line_1_53' title="bbox 2182 2487 3721 2560; baseline 0.004 -18"><span class='ocrx_word' id='word_1_367' title='bbox 2182 2488 2444 2558; x_wconf 74' lang='lat' dir='ltr'><strong>sanguine</strong></span> <span class='ocrx_word' id='word_1_368' title='bbox 2469 2487 2754 2559; x_wconf 81' lang='lat' dir='ltr'><strong>pmpinqui</strong></span> <span class='ocrx_word' id='word_1_369' title='bbox 2774 2497 2922 2552; x_wconf 87' lang='lat' dir='ltr'><strong>sunt,</strong></span> <span class='ocrx_word' id='word_1_370' title='bbox 2950 2491 3014 2543; x_wconf 89' lang='lat' dir='ltr'><strong>ad</strong></span> <span class='ocrx_word' id='word_1_371' title='bbox 3041 2501 3248 2546; x_wconf 70' lang='lat' dir='ltr'><strong>sextum</strong></span> <span class='ocrx_word' id='word_1_372' title='bbox 3277 2507 3447 2560; x_wconf 84' lang='lat' dir='ltr'><strong>usque</strong></span> <span class='ocrx_word' id='word_1_373' title='bbox 3475 2493 3721 2560; x_wconf 76' lang='lat' dir='ltr'><strong>gradum.</strong></span> 
     </span>
    </p>
   </div>
   <div class='ocr_carea' id='block_1_54' title="bbox 2182 2578 3724 2651">
    <p class='ocr_par' dir='ltr' id='par_1_54' title="bbox 2182 2578 3724 2651">
     <span class='ocr_line' id='line_1_54' title="bbox 2182 2578 3724 2651; baseline 0.003 -18"><span class='ocrx_word' id='word_1_374' title='bbox 2182 2578 2469 2650; x_wconf 74' lang='lat' dir='ltr'><strong>Postquam</strong></span> <span class='ocrx_word' id='word_1_375' title='bbox 2496 2581 2599 2635; x_wconf 86' lang='lat' dir='ltr'><strong>ista</strong></span> <span class='ocrx_word' id='word_1_376' title='bbox 2626 2580 2897 2637; x_wconf 80' lang='lat' dir='ltr'><strong>subtiliter</strong></span> <span class='ocrx_word' id='word_1_377' title='bbox 2914 2591 3294 2651; x_wconf 78' lang='lat' dir='ltr'><strong>exposuerunt,</strong></span> <span class='ocrx_word' id='word_1_378' title='bbox 3325 2591 3374 2637; x_wconf 90' lang='lat' dir='ltr'><strong>et</strong></span> <span class='ocrx_word' id='word_1_379' title='bbox 3397 2583 3570 2636; x_wconf 88' lang='lat' dir='ltr'><strong>oculis</strong></span> <span class='ocrx_word' id='word_1_380' title='bbox 3600 2583 3724 2637; x_wconf 79' lang='lat' dir='ltr'><strong>stib-</strong></span> 
     </span>
    </p>
   </div>
   <div class='ocr_carea' id='block_1_55' title="bbox 2177 2669 3722 2740">
    <p class='ocr_par' dir='ltr' id='par_1_55' title="bbox 2177 2669 3722 2740">
     <span class='ocr_line' id='line_1_55' title="bbox 2177 2669 3722 2740; baseline 0.001 -17"><span class='ocrx_word' id='word_1_381' title='bbox 2177 2669 2428 2740; x_wconf 84' lang='lat' dir='ltr'><strong>jecerunt</strong></span> <span class='ocrx_word' id='word_1_382' title='bbox 2447 2671 2705 2739; x_wconf 77' lang='lat' dir='ltr'><strong>graduum</strong></span> <span class='ocrx_word' id='word_1_383' title='bbox 2731 2669 3051 2739; x_wconf 79' lang='lat' dir='ltr'><strong>profundam</strong></span> <span class='ocrx_word' id='word_1_384' title='bbox 3082 2682 3134 2725; x_wconf 89' lang='lat' dir='ltr'><strong>et</strong></span> <span class='ocrx_word' id='word_1_385' title='bbox 3151 2679 3430 2740; x_wconf 80' lang='lat' dir='ltr'><strong>penetrate</strong></span> <span class='ocrx_word' id='word_1_386' title='bbox 3454 2670 3722 2725; x_wconf 85' lang='lat' dir='ltr'><strong>dillicilem</strong></span> 
     </span>
    </p>
   </div>
   <div class='ocr_carea' id='block_1_56' title="bbox 2181 2759 3720 2829">
    <p class='ocr_par' dir='ltr' id='par_1_56' title="bbox 2181 2759 3720 2829">
     <span class='ocr_line' id='line_1_56' title="bbox 2181 2759 3720 2829; baseline -0.005 -13"><span class='ocrx_word' id='word_1_387' title='bbox 2181 2761 2569 2816; x_wconf 85' lang='lat' dir='ltr'><strong>obscuritatem</strong></span> <span class='ocrx_word' id='word_1_388' title='bbox 2613 2759 3061 2829; x_wconf 85' lang='lat' dir='ltr'><strong>(impeditissima</strong></span> <span class='ocrx_word' id='word_1_389' title='bbox 3106 2774 3337 2828; x_wconf 77' lang='lat' dir='ltr'><strong>namque</strong></span> <span class='ocrx_word' id='word_1_390' title='bbox 3379 2769 3438 2812; x_wconf 91' lang='lat' dir='ltr'><strong>ut</strong></span> <span class='ocrx_word' id='word_1_391' title='bbox 3482 2761 3720 2828; x_wconf 82' lang='lat' dir='ltr'><strong>ipsorum</strong></span> 
     </span>
    </p>
   </div>
   <div class='ocr_carea' id='block_1_57' title="bbox 2183 2850 3726 2922">
    <p class='ocr_par' dir='ltr' id='par_1_57' title="bbox 2183 2850 3726 2922">
     <span class='ocr_line' id='line_1_57' title="bbox 2183 2850 3726 2922; baseline -0.004 -14"><span class='ocrx_word' id='word_1_392' title='bbox 2183 2853 2361 2908; x_wconf 82' lang='lat' dir='ltr'><strong>verbis</strong></span> <span class='ocrx_word' id='word_1_393' title='bbox 2398 2860 2518 2906; x_wconf 87' lang='lat' dir='ltr'><strong>utar</strong></span> <span class='ocrx_word' id='word_1_394' title='bbox 2546 2867 2643 2906; x_wconf 80' lang='lat' dir='ltr'><strong>nec</strong></span> <span class='ocrx_word' id='word_1_395' title='bbox 2675 2861 2929 2922; x_wconf 84' lang='lat' dir='ltr'><strong>perceptu</strong></span> <span class='ocrx_word' id='word_1_396' title='bbox 2963 2851 3138 2906; x_wconf 86' lang='lat' dir='ltr'><strong>facilis</strong></span> <span class='ocrx_word' id='word_1_397' title='bbox 3169 2858 3252 2906; x_wconf 87' lang='lat' dir='ltr'><strong>est</strong></span> <span class='ocrx_word' id='word_1_398' title='bbox 3278 2850 3331 2904; x_wconf 91' lang='lat' dir='ltr'><strong>in</strong></span> <span class='ocrx_word' id='word_1_399' title='bbox 3362 2850 3450 2912; x_wconf 90' lang='lat' dir='ltr'><strong>iis,</strong></span> <span class='ocrx_word' id='word_1_400' title='bbox 3483 2851 3572 2919; x_wconf 88' lang='lat' dir='ltr'><strong>qui</strong></span> <span class='ocrx_word' id='word_1_401' title='bbox 3601 2857 3726 2903; x_wconf 88' lang='lat' dir='ltr'><strong>sunt</strong></span> 
     </span>
    </p>
   </div>
   <div class='ocr_carea' id='block_1_58' title="bbox 2182 2935 3727 3014">
    <p class='ocr_par' dir='ltr' id='par_1_58' title="bbox 2182 2935 3727 3014">
     <span class='ocr_line' id='line_1_58' title="bbox 2182 2935 3727 3014; baseline -0.005 -12"><span class='ocrx_word' id='word_1_402' title='bbox 2182 2943 2848 3014; x_wconf 72' lang='lat' dir='ltr'><strong>extransversograduum</strong></span> <span class='ocrx_word' id='word_1_403' title='bbox 2874 2935 3385 3012; x_wconf 80' lang='lat' dir='ltr'><strong>inventio),discrtls</strong></span> <span class='ocrx_word' id='word_1_404' title='bbox 3413 2942 3589 2996; x_wconf 78' lang='lat' dir='ltr'><strong>verbis</strong></span> <span class='ocrx_word' id='word_1_405' title='bbox 3614 2940 3727 2995; x_wconf 71' lang='lat' dir='ltr'><strong>lucc</strong></span> 
     </span>
    </p>
   </div>
   <div class='ocr_carea' id='block_1_59' title="bbox 2183 3029 3728 3103">
    <p class='ocr_par' dir='ltr' id='par_1_59' title="bbox 2183 3029 3728 3103">
     <span class='ocr_line' id='line_1_59' title="bbox 2183 3029 3728 3103; baseline -0.005 -12"><span class='ocrx_word' id='word_1_406' title='bbox 2183 3037 2344 3092; x_wconf 87' lang='lat' dir='ltr'><strong>etiam</strong></span> <span class='ocrx_word' id='word_1_407' title='bbox 2379 3034 2638 3103; x_wconf 86' lang='lat' dir='ltr'><strong>adjiciunt</strong></span> <span class='ocrx_word' id='word_1_408' title='bbox 2668 3048 2684 3084; x_wconf 89' lang='lat'><strong>:</strong></span> <span class='ocrx_word' id='word_1_409' title='bbox 2735 3029 2872 3086; x_wconf 91' lang='lat' dir='ltr'><strong>Sunt</strong></span> <span class='ocrx_word' id='word_1_410' title='bbox 2914 3040 2966 3085; x_wconf 88' lang='lat' dir='ltr'><strong>et</strong></span> <span class='ocrx_word' id='word_1_411' title='bbox 3004 3031 3121 3084; x_wconf 72' lang='lat' dir='ltr'><strong>alia:</strong></span> <span class='ocrx_word' id='word_1_412' title='bbox 3156 3032 3356 3102; x_wconf 66' lang='lat' dir='ltr'><strong>nuptiae</strong></span> <span class='ocrx_word' id='word_1_413' title='bbox 3387 3041 3434 3094; x_wconf 75' lang='grc' dir='ltr'>ρ,</span> <span class='ocrx_word' id='word_1_414' title='bbox 3488 3046 3591 3084; x_wconf 89' lang='lat' dir='ltr'><strong>non</strong></span> <span class='ocrx_word' id='word_1_415' title='bbox 3624 3030 3728 3084; x_wconf 71' lang='lat' dir='ltr'><strong>illa:</strong></span> 
     </span>
    </p>
   </div>
   <div class='ocr_carea' id='block_1_60' title="bbox 536 3118 2082 3212">
    <p class='ocr_par' dir='ltr' id='par_1_60' title="bbox 536 3130 2078 3212">
     <span class='ocr_line' id='line_1_60' title="bbox 536 3130 2078 3212; baseline 0.01 -29"><span class='ocrx_word' id='word_1_416' title='bbox 536 3130 801 3202; x_wconf 65' lang='grc' dir='ltr'>οἰκειότης</span> <span class='ocrx_word' id='word_1_417' title='bbox 834 3133 1135 3202; x_wconf 86' lang='grc' dir='ltr'>προσώπων</span> <span class='ocrx_word' id='word_1_418' title='bbox 1189 3136 1253 3188; x_wconf 84' lang='grc' dir='ltr'>ὲκ</span> <span class='ocrx_word' id='word_1_419' title='bbox 1300 3137 1492 3206; x_wconf 83' lang='grc' dir='ltr'>γάμων</span> <span class='ocrx_word' id='word_1_420' title='bbox 1531 3140 1661 3210; x_wconf 74' lang='grc' dir='ltr'>ἡμῖν</span> <span class='ocrx_word' id='word_1_421' title='bbox 1702 3145 2078 3212; x_wconf 78' lang='grc' dir='ltr'>συνημμένων,</span> 
     </span>
    </p>
   </div>
   <div class='ocr_carea' id='block_1_61' title="bbox 2166 3118 3730 3212">
    <p class='ocr_par' dir='ltr' id='par_1_61' title="bbox 2185 3118 3730 3196">
     <span class='ocr_line' id='line_1_61' title="bbox 2185 3118 3730 3196; baseline -0.005 -16"><span class='ocrx_word' id='word_1_422' title='bbox 2185 3126 2401 3196; x_wconf 84' lang='lat' dir='ltr'><strong>quidem</strong></span> <span class='ocrx_word' id='word_1_423' title='bbox 2437 3132 2655 3193; x_wconf 88' lang='lat' dir='ltr'><strong>propter</strong></span> <span class='ocrx_word' id='word_1_424' title='bbox 2679 3121 2768 3190; x_wconf 86' lang='lat' dir='ltr'><strong>jus</strong></span> <span class='ocrx_word' id='word_1_425' title='bbox 2803 3121 3163 3189; x_wconf 78' lang='lat' dir='ltr'><strong>cognationis,</strong></span> <span class='ocrx_word' id='word_1_426' title='bbox 3197 3118 3288 3175; x_wconf 88' lang='lat' dir='ltr'><strong>sed</strong></span> <span class='ocrx_word' id='word_1_427' title='bbox 3323 3127 3541 3190; x_wconf 85' lang='lat' dir='ltr'><strong>propter</strong></span> <span class='ocrx_word' id='word_1_428' title='bbox 3561 3119 3730 3173; x_wconf 81' lang='lat' dir='ltr'><strong>allini-</strong></span> 
     </span>
    </p>
   </div>
   <div class='ocr_carea' id='block_1_62' title="bbox 539 3219 2078 3302">
    <p class='ocr_par' dir='ltr' id='par_1_62' title="bbox 539 3219 2078 3302">
     <span class='ocr_line' id='line_1_62' title="bbox 539 3219 2078 3302; baseline 0.012 -32"><span class='ocrx_word' id='word_1_429' title='bbox 539 3221 856 3288; x_wconf 73' lang='grc' dir='ltr'>συγγενείας</span> <span class='ocrx_word' id='word_1_430' title='bbox 893 3224 1069 3287; x_wconf 76' lang='grc' dir='ltr'>ἐκτός.</span> <span class='ocrx_word' id='word_1_431' title='bbox 1128 3219 1252 3278; x_wconf 76' lang='grc' dir='ltr'>Οίον</span> <span class='ocrx_word' id='word_1_432' title='bbox 1279 3225 1372 3279; x_wconf 82' lang='grc' dir='ltr'>οὖν</span> <span class='ocrx_word' id='word_1_433' title='bbox 1418 3228 1737 3283; x_wconf 75' lang='grc' dir='ltr'>οἰκειοῦνται</span> <span class='ocrx_word' id='word_1_434' title='bbox 1785 3232 1994 3302; x_wconf 68' lang='grc' dir='ltr'>βαθμὸν</span> <span class='ocrx_word' id='word_1_435' title='bbox 2031 3239 2078 3302; x_wconf 86' lang='lat' dir='ltr'><strong>ol</strong></span> 
     </span>
    </p>
   </div>
   <div class='ocr_carea' id='block_1_63' title="bbox 535 3309 2078 3392">
    <p class='ocr_par' dir='ltr' id='par_1_63' title="bbox 535 3309 2078 3392">
     <span class='ocr_line' id='line_1_63' title="bbox 535 3309 2078 3392; baseline 0.012 -32"><span class='ocrx_word' id='word_1_436' title='bbox 535 3309 800 3378; x_wconf 76' lang='grc' dir='ltr'>ὁμόζυγες</span> <span class='ocrx_word' id='word_1_437' title='bbox 832 3314 966 3382; x_wconf 80' lang='grc' dir='ltr'>μετὰ</span> <span class='ocrx_word' id='word_1_438' title='bbox 996 3315 1093 3382; x_wconf 82' lang='grc' dir='ltr'>τὴν</span> <span class='ocrx_word' id='word_1_439' title='bbox 1141 3316 1466 3384; x_wconf 69' lang='grc' dir='ltr'>συνάφειαν,</span> <span class='ocrx_word' id='word_1_440' title='bbox 1497 3319 1748 3390; x_wconf 82' lang='grc' dir='ltr'>καθαρῶς</span> <span class='ocrx_word' id='word_1_441' title='bbox 1788 3323 1885 3392; x_wconf 75' lang='grc' dir='ltr'>μὲν</span> <span class='ocrx_word' id='word_1_442' title='bbox 1911 3326 1970 3378; x_wconf 86' lang='grc' dir='ltr'>οὐ</span> <span class='ocrx_word' id='word_1_443' title='bbox 2000 3326 2078 3379; x_wconf 87' lang='grc' dir='ltr'><strong>δι-</strong></span> 
     </span>
    </p>
   </div>
   <div class='ocr_carea' id='block_1_64' title="bbox 537 3397 2081 3486">
    <p class='ocr_par' dir='ltr' id='par_1_64' title="bbox 537 3397 2081 3486">
     <span class='ocr_line' id='line_1_64' title="bbox 537 3397 2081 3486; baseline 0.011 -36"><span class='ocrx_word' id='word_1_444' title='bbox 537 3397 862 3455; x_wconf 58' lang='grc' dir='ltr'>δάσκουσιν</span> <span class='ocrx_word' id='word_1_445' title='bbox 912 3403 1176 3472; x_wconf 74' lang='grc' dir='ltr'>ἐπάγουσι</span> <span class='ocrx_word' id='word_1_446' title='bbox 1223 3406 1300 3469; x_wconf 73' lang='grc' dir='ltr'><strong>δὲ,</strong></span> <span class='ocrx_word' id='word_1_447' title='bbox 1342 3407 1415 3479; x_wconf 77' lang='grc' dir='ltr'>μὴ</span> <span class='ocrx_word' id='word_1_448' title='bbox 1468 3407 1724 3462; x_wconf 85' lang='grc' dir='ltr'>δύνασθαί</span> <span class='ocrx_word' id='word_1_449' title='bbox 1778 3429 1899 3466; x_wconf 86' lang='grc' dir='ltr'>τινα</span> <span class='ocrx_word' id='word_1_450' title='bbox 1946 3415 2081 3486; x_wconf 76' lang='grc' dir='ltr'>πρὸς</span> 
     </span>
    </p>
   </div>
   <div class='ocr_carea' id='block_1_65' title="bbox 537 3489 2079 3571">
    <p class='ocr_par' dir='ltr' id='par_1_65' title="bbox 537 3489 2079 3571">
     <span class='ocr_line' id='line_1_65' title="bbox 537 3489 2079 3571; baseline 0.012 -30"><span class='ocrx_word' id='word_1_451' title='bbox 537 3489 712 3558; x_wconf 82' lang='grc' dir='ltr'>γάμον</span> <span class='ocrx_word' id='word_1_452' title='bbox 741 3492 921 3547; x_wconf 77' lang='grc' dir='ltr'>λαϐεῖν</span> <span class='ocrx_word' id='word_1_453' title='bbox 945 3497 1043 3565; x_wconf 78' lang='grc' dir='ltr'>τὴν</span> <span class='ocrx_word' id='word_1_454' title='bbox 1065 3495 1270 3549; x_wconf 82' lang='grc' dir='ltr'>οίκείαν</span> <span class='ocrx_word' id='word_1_455' title='bbox 1296 3495 1514 3568; x_wconf 82' lang='grc' dir='ltr'>νύμφην</span> <span class='ocrx_word' id='word_1_456' title='bbox 1549 3501 1580 3571; x_wconf 77' lang='grc' dir='ltr'>ἢ</span> <span class='ocrx_word' id='word_1_457' title='bbox 1610 3502 1896 3571; x_wconf 78' lang='grc' dir='ltr'>προγονήν.</span> <span class='ocrx_word' id='word_1_458' title='bbox 1940 3505 2079 3559; x_wconf 81' lang='grc' dir='ltr'>Ἀλλ’</span> 
     </span>
    </p>
   </div>
   <div class='ocr_carea' id='block_1_66' title="bbox 536 3579 2080 3665">
    <p class='ocr_par' dir='ltr' id='par_1_66' title="bbox 536 3579 2080 3665">
     <span class='ocr_line' id='line_1_66' title="bbox 536 3579 2080 3665; baseline 0.01 -33"><span class='ocrx_word' id='word_1_459' title='bbox 536 3579 656 3634; x_wconf 79' lang='grc' dir='ltr'>οὐδὲ</span> <span class='ocrx_word' id='word_1_460' title='bbox 687 3582 784 3651; x_wconf 81' lang='grc' dir='ltr'>τὴν</span> <span class='ocrx_word' id='word_1_461' title='bbox 815 3588 1102 3653; x_wconf 83' lang='grc' dir='ltr'>μητρυιὰν,</span> <span class='ocrx_word' id='word_1_462' title='bbox 1136 3587 1165 3656; x_wconf 79' lang='grc' dir='ltr'>ἢ</span> <span class='ocrx_word' id='word_1_463' title='bbox 1204 3587 1299 3658; x_wconf 83' lang='grc' dir='ltr'>τὴν</span> <span class='ocrx_word' id='word_1_464' title='bbox 1346 3588 1610 3660; x_wconf 79' lang='grc' dir='ltr'>πενθερὰν</span> <span class='ocrx_word' id='word_1_465' title='bbox 1636 3633 1650 3654; x_wconf 92' lang='grc'><strong>,</strong></span> <span class='ocrx_word' id='word_1_466' title='bbox 1699 3593 1881 3662; x_wconf 70' lang='grc' dir='ltr'>ἐπειδὴ</span> <span class='ocrx_word' id='word_1_467' title='bbox 1914 3598 2080 3665; x_wconf 79' lang='grc' dir='ltr'>μητέ-</span> 
     </span>
    </p>
   </div>
   <div class='ocr_carea' id='block_1_67' title="bbox 539 3675 2080 3752">
    <p class='ocr_par' dir='ltr' id='par_1_67' title="bbox 539 3675 2080 3752">
     <span class='ocr_line' id='line_1_67' title="bbox 539 3675 2080 3752; baseline 0.013 -31"><span class='ocrx_word' id='word_1_468' title='bbox 539 3687 647 3738; x_wconf 88' lang='grc' dir='ltr'><strong>ρων</strong></span> <span class='ocrx_word' id='word_1_469' title='bbox 677 3675 827 3739; x_wconf 83' lang='grc' dir='ltr'>τάξιν</span> <span class='ocrx_word' id='word_1_470' title='bbox 862 3675 1137 3746; x_wconf 82' lang='grc' dir='ltr'>ὲπέχουσι.</span> <span class='ocrx_word' id='word_1_471' title='bbox 1194 3679 1495 3748; x_wconf 79' lang='grc' dir='ltr'>Σκοπητὲον</span> <span class='ocrx_word' id='word_1_472' title='bbox 1525 3683 1701 3736; x_wconf 80' lang='grc' dir='ltr'>τοίνυν</span> <span class='ocrx_word' id='word_1_473' title='bbox 1731 3685 1834 3752; x_wconf 81' lang='grc' dir='ltr'>πρὸ</span> <span class='ocrx_word' id='word_1_474' title='bbox 1865 3688 2080 3741; x_wconf 75' lang='grc' dir='ltr'>πάντων</span> 
     </span>
    </p>
   </div>
   <div class='ocr_carea' id='block_1_68' title="bbox 535 3763 2081 3847">
    <p class='ocr_par' dir='ltr' id='par_1_68' title="bbox 535 3763 2081 3847">
     <span class='ocr_line' id='line_1_68' title="bbox 535 3763 2081 3847; baseline 0.012 -33"><span class='ocrx_word' id='word_1_475' title='bbox 535 3763 598 3814; x_wconf 82' lang='grc' dir='ltr'>τὸ</span> <span class='ocrx_word' id='word_1_476' title='bbox 644 3765 771 3834; x_wconf 74' lang='grc' dir='ltr'>περὶ</span> <span class='ocrx_word' id='word_1_477' title='bbox 823 3765 928 3819; x_wconf 85' lang='grc' dir='ltr'><strong>τῶν</strong></span> <span class='ocrx_word' id='word_1_478' title='bbox 965 3766 1206 3839; x_wconf 87' lang='grc' dir='ltr'>βαθμῶν.</span> <span class='ocrx_word' id='word_1_479' title='bbox 1266 3770 1420 3826; x_wconf 78' lang='grc' dir='ltr'>Οὕτω</span> <span class='ocrx_word' id='word_1_480' title='bbox 1462 3775 1567 3844; x_wconf 82' lang='grc' dir='ltr'>γὰρ</span> <span class='ocrx_word' id='word_1_481' title='bbox 1617 3765 1989 3847; x_wconf 77' lang='grc' dir='ltr'>ὲξομαλισθείη</span> <span class='ocrx_word' id='word_1_482' title='bbox 2020 3780 2081 3833; x_wconf 77' lang='grc' dir='ltr'>τὸ</span> 
     </span>
    </p>
   </div>
   <div class='ocr_carea' id='block_1_69' title="bbox 538 3853 1250 3928">
    <p class='ocr_par' dir='ltr' id='par_1_69' title="bbox 538 3853 1250 3928">
     <span class='ocr_line' id='line_1_69' title="bbox 538 3853 1250 3928; baseline 0.015 -23"><span class='ocrx_word' id='word_1_483' title='bbox 538 3853 628 3907; x_wconf 71' lang='grc' dir='ltr'>τοῦ</span> <span class='ocrx_word' id='word_1_484' title='bbox 665 3855 973 3928; x_wconf 76' lang='grc' dir='ltr'>ζητήματος</span> <span class='ocrx_word' id='word_1_485' title='bbox 1006 3861 1250 3925; x_wconf 78' lang='grc' dir='ltr'>ἄναντες.</span> 
     </span>
    </p>
   </div>
   <div class='ocr_carea' id='block_1_70' title="bbox 607 4129 2080 4209">
    <p class='ocr_par' dir='ltr' id='par_1_70' title="bbox 607 4129 2080 4209">
     <span class='ocr_line' id='line_1_70' title="bbox 607 4129 2080 4209; baseline 0.007 -27"><span class='ocrx_word' id='word_1_486' title='bbox 607 4130 665 4182; x_wconf 85' lang='lat' dir='ltr'><strong>Ol</strong></span> <span class='ocrx_word' id='word_1_487' title='bbox 691 4129 787 4201; x_wconf 80' lang='grc' dir='ltr'>τῆς</span> <span class='ocrx_word' id='word_1_488' title='bbox 813 4130 1126 4199; x_wconf 73' lang='grc' dir='ltr'>συγγενείας</span> <span class='ocrx_word' id='word_1_489' title='bbox 1156 4131 1373 4204; x_wconf 76' lang='grc' dir='ltr'>βαθμοὶ,</span> <span class='ocrx_word' id='word_1_490' title='bbox 1404 4135 1468 4186; x_wconf 71' lang='grc' dir='ltr'>ὲκ</span> <span class='ocrx_word' id='word_1_491' title='bbox 1507 4134 1616 4188; x_wconf 88' lang='grc' dir='ltr'><strong>τῶν</strong></span> <span class='ocrx_word' id='word_1_492' title='bbox 1656 4135 1927 4206; x_wconf 84' lang='grc' dir='ltr'>βαθμίδων</span> <span class='ocrx_word' id='word_1_493' title='bbox 1981 4140 2080 4209; x_wconf 71' lang='grc' dir='ltr'>τῆς</span> 
     </span>
    </p>
   </div>
   <div class='ocr_carea' id='block_1_71' title="bbox 539 4220 2081 4298">
    <p class='ocr_par' dir='ltr' id='par_1_71' title="bbox 539 4220 2081 4298">
     <span class='ocr_line' id='line_1_71' title="bbox 539 4220 2081 4298; baseline 0.006 -26"><span class='ocrx_word' id='word_1_494' title='bbox 539 4220 799 4286; x_wconf 83' lang='grc' dir='ltr'>κλίμακος</span> <span class='ocrx_word' id='word_1_495' title='bbox 826 4222 1237 4294; x_wconf 80' lang='grc' dir='ltr'>ὠνομάσθησαν.</span> <span class='ocrx_word' id='word_1_496' title='bbox 1280 4224 1366 4288; x_wconf 77' lang='grc' dir='ltr'>Ὠς</span> <span class='ocrx_word' id='word_1_497' title='bbox 1394 4225 1502 4296; x_wconf 82' lang='grc' dir='ltr'><strong>γὰρ</strong></span> <span class='ocrx_word' id='word_1_498' title='bbox 1530 4227 1731 4280; x_wconf 78' lang='grc' dir='ltr'>ἐκεῖναι</span> <span class='ocrx_word' id='word_1_499' title='bbox 1775 4227 2081 4298; x_wconf 77' lang='grc' dir='ltr'>λαμϐάνου-</span> 
     </span>
    </p>
   </div>
   <div class='ocr_carea' id='block_1_72' title="bbox 543 4302 2084 4390">
    <p class='ocr_par' dir='ltr' id='par_1_72' title="bbox 543 4302 2084 4390">
     <span class='ocr_line' id='line_1_72' title="bbox 543 4302 2084 4390; baseline 0.008 -28"><span class='ocrx_word' id='word_1_500' title='bbox 543 4329 630 4363; x_wconf 82' lang='grc' dir='ltr'><strong>σαι</strong></span> <span class='ocrx_word' id='word_1_501' title='bbox 656 4302 932 4384; x_wconf 73' lang='grc' dir='ltr'>καταρχῆν</span> <span class='ocrx_word' id='word_1_502' title='bbox 976 4313 1034 4378; x_wconf 76' lang='grc' dir='ltr'><strong>ἐξ</strong></span> <span class='ocrx_word' id='word_1_503' title='bbox 1081 4315 1334 4369; x_wconf 74' lang='grc' dir='ltr'>ἐπιπέδου</span> <span class='ocrx_word' id='word_1_504' title='bbox 1363 4317 1525 4383; x_wconf 80' lang='grc' dir='ltr'>τινὸς,</span> <span class='ocrx_word' id='word_1_505' title='bbox 1558 4317 1650 4370; x_wconf 75' lang='grc' dir='ltr'>καὶ</span> <span class='ocrx_word' id='word_1_506' title='bbox 1690 4320 1768 4380; x_wconf 80' lang='grc' dir='ltr'>εις</span> <span class='ocrx_word' id='word_1_507' title='bbox 1795 4318 1864 4371; x_wconf 84' lang='grc' dir='ltr'>τὰ</span> <span class='ocrx_word' id='word_1_508' title='bbox 1897 4319 2084 4390; x_wconf 86' lang='grc' dir='ltr'>πρόσω</span> 
     </span>
    </p>
   </div>
   <div class='ocr_carea' id='block_1_73' title="bbox 539 4401 2085 4482">
    <p class='ocr_par' dir='ltr' id='par_1_73' title="bbox 539 4401 2085 4482">
     <span class='ocr_line' id='line_1_73' title="bbox 539 4401 2085 4482; baseline 0.006 -28"><span class='ocrx_word' id='word_1_509' title='bbox 539 4401 950 4472; x_wconf 79' lang='grc' dir='ltr'>προϐαίνουσαι,</span> <span class='ocrx_word' id='word_1_510' title='bbox 1000 4403 1348 4475; x_wconf 66' lang='grc' dir='ltr'>τὴνκάθοᾶαν</span> <span class='ocrx_word' id='word_1_511' title='bbox 1380 4405 1412 4477; x_wconf 78' lang='grc' dir='ltr'>ἢ</span> <span class='ocrx_word' id='word_1_512' title='bbox 1442 4405 1538 4476; x_wconf 83' lang='grc' dir='ltr'>τὴν</span> <span class='ocrx_word' id='word_1_513' title='bbox 1567 4406 1751 4461; x_wconf 77' lang='grc' dir='ltr'>ἄνοδον</span> <span class='ocrx_word' id='word_1_514' title='bbox 1780 4409 2085 4482; x_wconf 80' lang='grc' dir='ltr'>συμπεραί-</span> 
     </span>
    </p>
   </div>
   <div class='ocr_carea' id='block_1_74' title="bbox 2187 3211 3732 3284">
    <p class='ocr_par' dir='ltr' id='par_1_74' title="bbox 2187 3211 3732 3284">
     <span class='ocr_line' id='line_1_74' title="bbox 2187 3211 3732 3284; baseline -0.006 -12"><span class='ocrx_word' id='word_1_515' title='bbox 2187 3226 2347 3273; x_wconf 88' lang='lat' dir='ltr'><strong>tatem</strong></span> <span class='ocrx_word' id='word_1_516' title='bbox 2379 3231 2485 3269; x_wconf 92' lang='lat' dir='ltr'><strong>non</strong></span> <span class='ocrx_word' id='word_1_517' title='bbox 2513 3214 2882 3284; x_wconf 85' lang='lat' dir='ltr'><strong>procedentes.</strong></span> <span class='ocrx_word' id='word_1_518' title='bbox 2903 3211 3142 3266; x_wconf 75' lang='lat' dir='ltr'><strong>Allinitas</strong></span> <span class='ocrx_word' id='word_1_519' title='bbox 3160 3222 3334 3264; x_wconf 82' lang='lat' dir='ltr'><strong>autem</strong></span> <span class='ocrx_word' id='word_1_520' title='bbox 3382 3221 3460 3264; x_wconf 74' lang='lat' dir='ltr'><strong>es!</strong></span> <span class='ocrx_word' id='word_1_521' title='bbox 3495 3213 3732 3264; x_wconf 75' lang='lat' dir='ltr'><strong>necessi-</strong></span> 
     </span>
    </p>
   </div>
   <div class='ocr_carea' id='block_1_75' title="bbox 2186 3302 3730 3378">
    <p class='ocr_par' dir='ltr' id='par_1_75' title="bbox 2186 3302 3730 3378">
     <span class='ocr_line' id='line_1_75' title="bbox 2186 3302 3730 3378; baseline -0.008 -14"><span class='ocrx_word' id='word_1_522' title='bbox 2186 3311 2315 3364; x_wconf 90' lang='lat' dir='ltr'><strong>tudo</strong></span> <span class='ocrx_word' id='word_1_523' title='bbox 2351 3309 2593 3378; x_wconf 71' lang='lat' dir='ltr'><strong>qnazdam</strong></span> <span class='ocrx_word' id='word_1_524' title='bbox 2625 3320 2998 3377; x_wconf 87' lang='lat' dir='ltr'><strong>personarum,</strong></span> <span class='ocrx_word' id='word_1_525' title='bbox 3029 3319 3124 3374; x_wconf 85' lang='lat' dir='ltr'><strong>per</strong></span> <span class='ocrx_word' id='word_1_526' title='bbox 3159 3303 3374 3370; x_wconf 85' lang='lat' dir='ltr'><strong>nuptias</strong></span> <span class='ocrx_word' id='word_1_527' title='bbox 3417 3302 3572 3357; x_wconf 88' lang='lat' dir='ltr'><strong>nobis</strong></span> <span class='ocrx_word' id='word_1_528' title='bbox 3602 3318 3730 3355; x_wconf 84' lang='lat' dir='ltr'><strong>con-</strong></span> 
     </span>
    </p>
   </div>
   <div class='ocr_carea' id='block_1_76' title="bbox 2179 3391 3728 3472">
    <p class='ocr_par' dir='ltr' id='par_1_76' title="bbox 2179 3391 3728 3472">
     <span class='ocr_line' id='line_1_76' title="bbox 2179 3391 3728 3472; baseline -0.008 -16"><span class='ocrx_word' id='word_1_529' title='bbox 2179 3403 2511 3472; x_wconf 84' lang='lat' dir='ltr'><strong>junctarum,</strong></span> <span class='ocrx_word' id='word_1_530' title='bbox 2572 3401 2707 3453; x_wconf 91' lang='lat' dir='ltr'><strong>citra</strong></span> <span class='ocrx_word' id='word_1_531' title='bbox 2771 3399 3168 3466; x_wconf 80' lang='lat' dir='ltr'><strong>cognationem.</strong></span> <span class='ocrx_word' id='word_1_532' title='bbox 3224 3393 3368 3464; x_wconf 78' lang='lat' dir='ltr'><strong>Ergo</strong></span> <span class='ocrx_word' id='word_1_533' title='bbox 3422 3409 3578 3462; x_wconf 91' lang='lat' dir='ltr'><strong>quem</strong></span> <span class='ocrx_word' id='word_1_534' title='bbox 3625 3391 3728 3446; x_wconf 66' lang='grc' dir='ltr'><strong>εἰιιὶ</strong></span> 
     </span>
    </p>
   </div>
   <div class='ocr_carea' id='block_1_77' title="bbox 2186 3481 3733 3559">
    <p class='ocr_par' dir='ltr' id='par_1_77' title="bbox 2186 3481 3733 3559">
     <span class='ocr_line' id='line_1_77' title="bbox 2186 3481 3733 3559; baseline -0.006 -19"><span class='ocrx_word' id='word_1_535' title='bbox 2186 3490 2408 3559; x_wconf 70' lang='lat' dir='ltr'><strong>gradum</strong></span> <span class='ocrx_word' id='word_1_536' title='bbox 2441 3494 2562 3556; x_wconf 89' lang='lat' dir='ltr'><strong>post</strong></span> <span class='ocrx_word' id='word_1_537' title='bbox 2603 3487 2796 3541; x_wconf 86' lang='lat' dir='ltr'><strong>initum</strong></span> <span class='ocrx_word' id='word_1_538' title='bbox 2847 3484 3243 3538; x_wconf 85' lang='lat' dir='ltr'><strong>matrimonium</strong></span> <span class='ocrx_word' id='word_1_539' title='bbox 3287 3481 3559 3534; x_wconf 81' lang='lat' dir='ltr'><strong>vindicent</strong></span> <span class='ocrx_word' id='word_1_540' title='bbox 3600 3495 3733 3531; x_wconf 83' lang='lat' dir='ltr'><strong>con-</strong></span> 
     </span>
    </p>
   </div>
   <div class='ocr_carea' id='block_1_78' title="bbox 2175 3571 3730 3650">
    <p class='ocr_par' dir='ltr' id='par_1_78' title="bbox 2175 3571 3730 3650">
     <span class='ocr_line' id='line_1_78' title="bbox 2175 3571 3730 3650; baseline -0.005 -22"><span class='ocrx_word' id='word_1_541' title='bbox 2175 3583 2356 3650; x_wconf 0' lang='lat' dir='ltr'><strong>pinges,</strong></span> <span class='ocrx_word' id='word_1_542' title='bbox 2415 3593 2545 3646; x_wconf 89' lang='lat' dir='ltr'><strong>pure</strong></span> <span class='ocrx_word' id='word_1_543' title='bbox 2589 3576 2664 3630; x_wconf 91' lang='lat' dir='ltr'><strong>illi</strong></span> <span class='ocrx_word' id='word_1_544' title='bbox 2701 3574 2914 3646; x_wconf 87' lang='lat' dir='ltr'><strong>quidem</strong></span> <span class='ocrx_word' id='word_1_545' title='bbox 2957 3589 3064 3628; x_wconf 92' lang='lat' dir='ltr'><strong>non</strong></span> <span class='ocrx_word' id='word_1_546' title='bbox 3104 3573 3299 3627; x_wconf 84' lang='lat' dir='ltr'><strong>docent</strong></span> <span class='ocrx_word' id='word_1_547' title='bbox 3338 3588 3350 3623; x_wconf 93' lang='lat'>:</span> <span class='ocrx_word' id='word_1_548' title='bbox 3399 3571 3730 3639; x_wconf 74' lang='lat' dir='ltr'><strong>subjungunt</strong></span> 
     </span>
    </p>
   </div>
   <div class='ocr_carea' id='block_1_79' title="bbox 2188 3662 3730 3738">
    <p class='ocr_par' dir='ltr' id='par_1_79' title="bbox 2188 3662 3730 3738">
     <span class='ocr_line' id='line_1_79' title="bbox 2188 3662 3730 3738; baseline -0.008 -13"><span class='ocrx_word' id='word_1_549' title='bbox 2188 3684 2387 3732; x_wconf 86' lang='lat' dir='ltr'><strong>tamen,</strong></span> <span class='ocrx_word' id='word_1_550' title='bbox 2419 3670 2648 3738; x_wconf 86' lang='lat' dir='ltr'><strong>aliquem</strong></span> <span class='ocrx_word' id='word_1_551' title='bbox 2684 3681 2876 3720; x_wconf 90' lang='lat' dir='ltr'><strong>nurum</strong></span> <span class='ocrx_word' id='word_1_552' title='bbox 2922 3680 3098 3727; x_wconf 88' lang='lat' dir='ltr'><strong>suam,</strong></span> <span class='ocrx_word' id='word_1_553' title='bbox 3129 3663 3211 3717; x_wconf 83' lang='lat' dir='ltr'><strong>vel</strong></span> <span class='ocrx_word' id='word_1_554' title='bbox 3239 3662 3556 3732; x_wconf 81' lang='lat' dir='ltr'><strong>privignam,</strong></span> <span class='ocrx_word' id='word_1_555' title='bbox 3598 3675 3730 3713; x_wconf 71' lang='lat' dir='ltr'><strong>uxo-</strong></span> 
     </span>
    </p>
   </div>
   <div class='ocr_carea' id='block_1_80' title="bbox 2187 3749 3728 3825">
    <p class='ocr_par' dir='ltr' id='par_1_80' title="bbox 2187 3749 3728 3825">
     <span class='ocr_line' id='line_1_80' title="bbox 2187 3749 3728 3825; baseline -0.012 -6"><span class='ocrx_word' id='word_1_556' title='bbox 2187 3779 2297 3820; x_wconf 81' lang='lat' dir='ltr'><strong>rem</strong></span> <span class='ocrx_word' id='word_1_557' title='bbox 2347 3762 2543 3816; x_wconf 84' lang='lat' dir='ltr'><strong>ducere</strong></span> <span class='ocrx_word' id='word_1_558' title='bbox 2584 3774 2689 3812; x_wconf 90' lang='lat' dir='ltr'><strong>non</strong></span> <span class='ocrx_word' id='word_1_559' title='bbox 2735 3771 2910 3825; x_wconf 81' lang='lat' dir='ltr'><strong>posse.</strong></span> <span class='ocrx_word' id='word_1_560' title='bbox 2961 3753 3068 3808; x_wconf 85' lang='lat' dir='ltr'><strong>Nec</strong></span> <span class='ocrx_word' id='word_1_561' title='bbox 3119 3756 3244 3807; x_wconf 88' lang='lat' dir='ltr'><strong>item</strong></span> <span class='ocrx_word' id='word_1_562' title='bbox 3294 3765 3598 3812; x_wconf 86' lang='lat' dir='ltr'><strong>novercam,</strong></span> <span class='ocrx_word' id='word_1_563' title='bbox 3647 3749 3728 3802; x_wconf 89' lang='lat' dir='ltr'><strong>vel</strong></span> 
     </span>
    </p>
   </div>
   <div class='ocr_carea' id='block_1_81' title="bbox 2183 3843 3728 3922">
    <p class='ocr_par' dir='ltr' id='par_1_81' title="bbox 2183 3843 3728 3922">
     <span class='ocr_line' id='line_1_81' title="bbox 2183 3843 3728 3922; baseline -0.013 -10"><span class='ocrx_word' id='word_1_564' title='bbox 2183 3870 2403 3912; x_wconf 88' lang='lat' dir='ltr'><strong>socrum</strong></span> <span class='ocrx_word' id='word_1_565' title='bbox 2436 3871 2450 3907; x_wconf 93' lang='lat'><strong>:</strong></span> <span class='ocrx_word' id='word_1_566' title='bbox 2482 3852 2735 3922; x_wconf 87' lang='lat' dir='ltr'><strong>quoniam</strong></span> <span class='ocrx_word' id='word_1_567' title='bbox 2761 3858 2988 3901; x_wconf 86' lang='lat' dir='ltr'><strong>matrum</strong></span> <span class='ocrx_word' id='word_1_568' title='bbox 3013 3847 3129 3899; x_wconf 85' lang='lat' dir='ltr'><strong>lo&#39;co</strong></span> <span class='ocrx_word' id='word_1_569' title='bbox 3153 3851 3297 3899; x_wconf 88' lang='lat' dir='ltr'><strong>sunt.</strong></span> <span class='ocrx_word' id='word_1_570' title='bbox 3327 3843 3728 3898; x_wconf 78' lang='lat' dir='ltr'><strong>Consitlcranda</strong></span> 
     </span>
    </p>
   </div>
   <div class='ocr_carea' id='block_1_82' title="bbox 2186 3927 3726 4018">
    <p class='ocr_par' dir='ltr' id='par_1_82' title="bbox 2186 3927 3726 4018">
     <span class='ocr_line' id='line_1_82' title="bbox 2186 3927 3726 4018; baseline -0.012 -16"><span class='ocrx_word' id='word_1_571' title='bbox 2186 3949 2349 4018; x_wconf 71' lang='lat' dir='ltr'><strong>igitur</strong></span> <span class='ocrx_word' id='word_1_572' title='bbox 2367 3951 2488 3998; x_wconf 86' lang='lat' dir='ltr'><strong>ante</strong></span> <span class='ocrx_word' id='word_1_573' title='bbox 2516 3942 2695 3997; x_wconf 85' lang='lat' dir='ltr'><strong>omnia</strong></span> <span class='ocrx_word' id='word_1_574' title='bbox 2723 3939 2986 4010; x_wconf 74' lang='lat' dir='ltr'><strong>graduum</strong></span> <span class='ocrx_word' id='word_1_575' title='bbox 3007 3939 3162 3990; x_wconf 90' lang='lat' dir='ltr'><strong>ratio.</strong></span> <span class='ocrx_word' id='word_1_576' title='bbox 3183 3927 3270 3989; x_wconf 88' lang='lat' dir='ltr'><strong>Sic</strong></span> <span class='ocrx_word' id='word_1_577' title='bbox 3296 3934 3436 3989; x_wconf 89' lang='lat' dir='ltr'><strong>enim</strong></span> <span class='ocrx_word' id='word_1_578' title='bbox 3458 3935 3726 4000; x_wconf 61' lang='lat' dir='ltr'><strong>exaequari</strong></span> 
     </span>
    </p>
   </div>
   <div class='ocr_carea' id='block_1_83' title="bbox 2186 4023 3656 4112">
    <p class='ocr_par' dir='ltr' id='par_1_83' title="bbox 2186 4023 3656 4112">
     <span class='ocr_line' id='line_1_83' title="bbox 2186 4023 3656 4112; baseline -0.011 -19"><span class='ocrx_word' id='word_1_579' title='bbox 2186 4038 2383 4112; x_wconf 84' lang='lat' dir='ltr'><strong>poterit</strong></span> <span class='ocrx_word' id='word_1_580' title='bbox 2409 4038 2523 4106; x_wconf 86' lang='lat' dir='ltr'><strong>ipsa</strong></span> <span class='ocrx_word' id='word_1_581' title='bbox 2552 4031 2860 4103; x_wconf 65' lang='lat' dir='ltr'><strong>quaestionis</strong></span> <span class='ocrx_word' id='word_1_582' title='bbox 2891 4029 3032 4082; x_wconf 84' lang='lat' dir='ltr'><strong>velut</strong></span> <span class='ocrx_word' id='word_1_583' title='bbox 3059 4026 3277 4080; x_wconf 77' lang='lat' dir='ltr'><strong>acclivis</strong></span> <span class='ocrx_word' id='word_1_584' title='bbox 3306 4023 3656 4093; x_wconf 64' lang='lat' dir='ltr'><strong>inaequalitas.</strong></span> 
     </span>
    </p>
   </div>
   <div class='ocr_carea' id='block_1_84' title="bbox 2256 4115 3735 4195">
    <p class='ocr_par' dir='ltr' id='par_1_84' title="bbox 2256 4115 3735 4195">
     <span class='ocr_line' id='line_1_84' title="bbox 2256 4115 3735 4195; baseline -0.014 -11"><span class='ocrx_word' id='word_1_585' title='bbox 2256 4129 2468 4184; x_wconf 83' lang='lat' dir='ltr'><strong>Gradus</strong></span> <span class='ocrx_word' id='word_1_586' title='bbox 2498 4122 2834 4195; x_wconf 77' lang='lat' dir='ltr'><strong>cognationis</strong></span> <span class='ocrx_word' id='word_1_587' title='bbox 2859 4118 2988 4174; x_wconf 92' lang='lat' dir='ltr'><strong>dicti</strong></span> <span class='ocrx_word' id='word_1_588' title='bbox 3021 4125 3145 4172; x_wconf 91' lang='lat' dir='ltr'><strong>sunt</strong></span> <span class='ocrx_word' id='word_1_589' title='bbox 3177 4131 3205 4169; x_wconf 87' lang='lat' dir='ltr'><strong>a</strong></span> <span class='ocrx_word' id='word_1_590' title='bbox 3239 4115 3590 4171; x_wconf 86' lang='lat' dir='ltr'><strong>similitudine</strong></span> <span class='ocrx_word' id='word_1_591' title='bbox 3611 4128 3735 4183; x_wconf 75' lang='lat' dir='ltr'><strong>gra-</strong></span> 
     </span>
    </p>
   </div>
   <div class='ocr_carea' id='block_1_85' title="bbox 2188 4201 3728 4284">
    <p class='ocr_par' dir='ltr' id='par_1_85' title="bbox 2188 4201 3728 4284">
     <span class='ocr_line' id='line_1_85' title="bbox 2188 4201 3728 4284; baseline -0.014 -9"><span class='ocrx_word' id='word_1_592' title='bbox 2188 4222 2354 4275; x_wconf 87' lang='lat' dir='ltr'><strong>duntn</strong></span> <span class='ocrx_word' id='word_1_593' title='bbox 2409 4214 2638 4284; x_wconf 84' lang='lat' dir='ltr'><strong>alicujus</strong></span> <span class='ocrx_word' id='word_1_594' title='bbox 2688 4212 2868 4266; x_wconf 54' lang='lat' dir='ltr'><strong>scalas.</strong></span> <span class='ocrx_word' id='word_1_595' title='bbox 2916 4201 3047 4261; x_wconf 78' lang='lat' dir='ltr'><strong>Nam</strong></span> <span class='ocrx_word' id='word_1_596' title='bbox 3081 4206 3224 4261; x_wconf 87' lang='lat' dir='ltr'><strong>sicut</strong></span> <span class='ocrx_word' id='word_1_597' title='bbox 3267 4206 3372 4258; x_wconf 70' lang='lat' dir='ltr'><strong>illa:</strong></span> <span class='ocrx_word' id='word_1_598' title='bbox 3408 4203 3728 4272; x_wconf 82' lang='lat' dir='ltr'><strong>principium</strong></span> 
     </span>
    </p>
   </div>
   <div class='ocr_carea' id='block_1_86' title="bbox 2189 4287 3727 4374">
    <p class='ocr_par' dir='ltr' id='par_1_86' title="bbox 2189 4287 3727 4374">
     <span class='ocr_line' id='line_1_86' title="bbox 2189 4287 3727 4374; baseline -0.012 -10"><span class='ocrx_word' id='word_1_599' title='bbox 2189 4318 2469 4367; x_wconf 88' lang='lat' dir='ltr'><strong>sumentes</strong></span> <span class='ocrx_word' id='word_1_600' title='bbox 2515 4321 2542 4357; x_wconf 86' lang='lat' dir='ltr'><strong>a</strong></span> <span class='ocrx_word' id='word_1_601' title='bbox 2602 4302 2849 4374; x_wconf 86' lang='lat' dir='ltr'><strong>planitie.</strong></span> <span class='ocrx_word' id='word_1_602' title='bbox 2884 4293 3237 4368; x_wconf 81' lang='lat' dir='ltr'><strong>sursumque</strong></span> <span class='ocrx_word' id='word_1_603' title='bbox 3266 4287 3599 4356; x_wconf 66' lang='lat' dir='ltr'><strong>&#39;tendcntes,</strong></span> <span class='ocrx_word' id='word_1_604' title='bbox 3661 4294 3727 4347; x_wconf 87' lang='lat' dir='ltr'><strong>ad</strong></span> 
     </span>
    </p>
   </div>
   <div class='ocr_carea' id='block_1_87' title="bbox 2190 4380 3726 4455">
    <p class='ocr_par' dir='ltr' id='par_1_87' title="bbox 2190 4380 3726 4455">
     <span class='ocr_line' id='line_1_87' title="bbox 2190 4380 3726 4455; baseline -0.01 0"><span class='ocrx_word' id='word_1_605' title='bbox 2190 4380 2627 4455; x_wconf 87' lang='lat' dir='ltr'><strong>descendendum</strong></span> <span class='ocrx_word' id='word_1_606' title='bbox 2670 4393 2748 4447; x_wconf 88' lang='lat' dir='ltr'><strong>vel</strong></span> <span class='ocrx_word' id='word_1_607' title='bbox 2783 4388 3180 4444; x_wconf 79' lang='lat' dir='ltr'><strong>ascendentium</strong></span> <span class='ocrx_word' id='word_1_608' title='bbox 3236 4386 3393 4441; x_wconf 84' lang='lat' dir='ltr'><strong>nobis</strong></span> <span class='ocrx_word' id='word_1_609' title='bbox 3433 4386 3673 4440; x_wconf 85' lang='lat' dir='ltr'><strong>servium</strong></span> <span class='ocrx_word' id='word_1_610' title='bbox 3712 4405 3726 4439; x_wconf 90' lang='lat'>:</span> 
     </span>
    </p>
   </div>
   <div class='ocr_carea' id='block_1_88' title="bbox 540 4467 2082 4568">
    <p class='ocr_par' dir='ltr' id='par_1_88' title="bbox 540 4467 2082 4568">
     <span class='ocr_line' id='line_1_88' title="bbox 540 4467 2082 4568; baseline 0.006 -24"><span class='ocrx_word' id='word_1_611' title='bbox 540 4467 740 4558; x_wconf 76' lang='grc' dir='ltr'>νουσιν,</span> <span class='ocrx_word' id='word_1_612' title='bbox 787 4467 1068 4548; x_wconf 28' lang='grc' dir='ltr'>οὓτω-καὶ.</span> <span class='ocrx_word' id='word_1_613' title='bbox 1097 4495 1146 4548; x_wconf 78' lang='grc' dir='ltr'>οἱ</span> <span class='ocrx_word' id='word_1_614' title='bbox 1197 4467 1416 4566; x_wconf 64' lang='grc' dir='ltr'>βαθμοὶ,</span> <span class='ocrx_word' id='word_1_615' title='bbox 1442 4467 1517 4560; x_wconf 74' lang='grc' dir='ltr'><strong>ὡς</strong></span> <span class='ocrx_word' id='word_1_616' title='bbox 1555 4496 1618 4548; x_wconf 78' lang='grc' dir='ltr'>ὲκ</span> <span class='ocrx_word' id='word_1_617' title='bbox 1642 4495 1794 4566; x_wconf 78' lang='grc' dir='ltr'>ῥίζης</span> <span class='ocrx_word' id='word_1_618' title='bbox 1825 4467 2082 4568; x_wconf 59' lang='grc' dir='ltr'>ὁμοφυεῖς</span> 
     </span>
    </p>
   </div>
   <div class='ocr_carea' id='block_1_89' title="bbox 2166 4467 3728 4568">
    <p class='ocr_par' dir='ltr' id='par_1_89' title="bbox 2188 4474 3728 4557">
     <span class='ocr_line' id='line_1_89' title="bbox 2188 4474 3728 4557; baseline -0.01 -13"><span class='ocrx_word' id='word_1_619' title='bbox 2188 4493 2269 4548; x_wconf 89' lang='lat' dir='ltr'><strong>sic</strong></span> <span class='ocrx_word' id='word_1_620' title='bbox 2327 4499 2378 4544; x_wconf 91' lang='lat' dir='ltr'><strong>et</strong></span> <span class='ocrx_word' id='word_1_621' title='bbox 2436 4487 2489 4542; x_wconf 87' lang='lat' dir='ltr'><strong>hi</strong></span> <span class='ocrx_word' id='word_1_622' title='bbox 2527 4483 2747 4557; x_wconf 75' lang='lat' dir='ltr'><strong>gradus,</strong></span> <span class='ocrx_word' id='word_1_623' title='bbox 2780 4483 2924 4538; x_wconf 88' lang='lat' dir='ltr'><strong>velut</strong></span> <span class='ocrx_word' id='word_1_624' title='bbox 2961 4479 3202 4550; x_wconf 80' lang='lat' dir='ltr'><strong>ejusdem</strong></span> <span class='ocrx_word' id='word_1_625' title='bbox 3241 4474 3447 4533; x_wconf 81' lang='lat' dir='ltr'><strong>naturae</strong></span> <span class='ocrx_word' id='word_1_626' title='bbox 3484 4476 3619 4529; x_wconf 86' lang='lat' dir='ltr'><strong>rami</strong></span> <span class='ocrx_word' id='word_1_627' title='bbox 3661 4492 3728 4529; x_wconf 74' lang='lat' dir='ltr'><strong>ex</strong></span> 
     </span>
    </p>
   </div>
   <div class='ocr_carea' id='block_1_90' title="bbox 539 4567 2082 4668">
    <p class='ocr_par' dir='ltr' id='par_1_90' title="bbox 539 4567 2082 4662">
     <span class='ocr_line' id='line_1_90' title="bbox 539 4567 2082 4662; baseline 0.006 -28"><span class='ocrx_word' id='word_1_628' title='bbox 539 4582 721 4636; x_wconf 77' lang='grc' dir='ltr'>κλάδοι</span> <span class='ocrx_word' id='word_1_629' title='bbox 773 4583 864 4636; x_wconf 79' lang='grc' dir='ltr'><strong>τοῦ</strong></span> <span class='ocrx_word' id='word_1_630' title='bbox 917 4584 1132 4655; x_wconf 85' lang='grc' dir='ltr'>πρώτου</span> <span class='ocrx_word' id='word_1_631' title='bbox 1205 4587 1529 4658; x_wconf 80' lang='grc' dir='ltr'>γεννήτορος</span> <span class='ocrx_word' id='word_1_632' title='bbox 1590 4567 1951 4658; x_wconf 50' lang='grc' dir='ltr'>προιέμενος</span> <span class='ocrx_word' id='word_1_633' title='bbox 1985 4589 2082 4662; x_wconf 77' lang='grc' dir='ltr'>τὴν</span> 
     </span>
    </p>
   </div>
   <div class='ocr_carea' id='block_1_91' title="bbox 2166 4567 3730 4668">
    <p class='ocr_par' dir='ltr' id='par_1_91' title="bbox 2187 4567 3730 4648">
     <span class='ocr_line' id='line_1_91' title="bbox 2187 4567 3730 4648; baseline -0.013 -11"><span class='ocrx_word' id='word_1_634' title='bbox 2187 4579 2392 4644; x_wconf 89' lang='lat' dir='ltr'><strong>radice,</strong></span> <span class='ocrx_word' id='word_1_635' title='bbox 2424 4577 2598 4648; x_wconf 83' lang='lat' dir='ltr'><strong>primo</strong></span> <span class='ocrx_word' id='word_1_636' title='bbox 2640 4573 2845 4627; x_wconf 86' lang='lat' dir='ltr'><strong>scilicet</strong></span> <span class='ocrx_word' id='word_1_637' title='bbox 2880 4578 3100 4640; x_wconf 89' lang='lat' dir='ltr'><strong>parente</strong></span> <span class='ocrx_word' id='word_1_638' title='bbox 3133 4567 3503 4637; x_wconf 85' lang='lat' dir='ltr'><strong>procedentes,</strong></span> <span class='ocrx_word' id='word_1_639' title='bbox 3529 4579 3730 4634; x_wconf 75' lang='lat' dir='ltr'><strong>cogna-</strong></span> 
     </span>
    </p>
   </div>
   <div class='ocr_carea' id='block_1_92' title="bbox 542 4658 2082 4760">
    <p class='ocr_par' dir='ltr' id='par_1_92' title="bbox 542 4658 2082 4751">
     <span class='ocr_line' id='line_1_92' title="bbox 542 4658 2082 4751; baseline 0.007 -27"><span class='ocrx_word' id='word_1_640' title='bbox 542 4669 860 4738; x_wconf 77' lang='grc' dir='ltr'>συγγένειαν</span> <span class='ocrx_word' id='word_1_641' title='bbox 914 4673 1344 4744; x_wconf 80' lang='grc' dir='ltr'>καταρτίζουσιν.</span> <span class='ocrx_word' id='word_1_642' title='bbox 1398 4677 1620 4747; x_wconf 86' lang='grc' dir='ltr'>’Ῑδωμεν</span> <span class='ocrx_word' id='word_1_643' title='bbox 1647 4673 1761 4740; x_wconf 76' lang='grc' dir='ltr'>οὖν,</span> <span class='ocrx_word' id='word_1_644' title='bbox 1795 4681 1922 4732; x_wconf 89' lang='grc' dir='ltr'>ποία</span> <span class='ocrx_word' id='word_1_645' title='bbox 1959 4658 2082 4751; x_wconf 59' lang='grc' dir='ltr'>ῥίζα</span> 
     </span>
    </p>
   </div>
   <div class='ocr_carea' id='block_1_93' title="bbox 2166 4658 3726 4760">
    <p class='ocr_par' dir='ltr' id='par_1_93' title="bbox 2190 4658 3726 4749">
     <span class='ocr_line' id='line_1_93' title="bbox 2190 4658 3726 4749; baseline -0.012 -20"><span class='ocrx_word' id='word_1_646' title='bbox 2190 4676 2387 4729; x_wconf 88' lang='lat' dir='ltr'><strong>tionem</strong></span> <span class='ocrx_word' id='word_1_647' title='bbox 2417 4667 2725 4740; x_wconf 75' lang='lat' dir='ltr'><strong>perﬁciunt.</strong></span> <span class='ocrx_word' id='word_1_648' title='bbox 2765 4662 3056 4717; x_wconf 82' lang='lat' dir='ltr'><strong>Videamus</strong></span> <span class='ocrx_word' id='word_1_649' title='bbox 3089 4674 3238 4729; x_wconf 76' lang='lat' dir='ltr'><strong>ergo,</strong></span> <span class='ocrx_word' id='word_1_650' title='bbox 3283 4673 3527 4749; x_wconf 73' lang='lat' dir='ltr'><strong>quaenam</strong></span> <span class='ocrx_word' id='word_1_651' title='bbox 3574 4658 3726 4712; x_wconf 78' lang='lat' dir='ltr'><strong>radix</strong></span> 
     </span>
    </p>
   </div>
   <div class='ocr_carea' id='block_1_94' title="bbox 540 4753 2082 4851">
    <p class='ocr_par' dir='ltr' id='par_1_94' title="bbox 540 4764 2082 4838">
     <span class='ocr_line' id='line_1_94' title="bbox 540 4764 2082 4838; baseline 0.006 -23"><span class='ocrx_word' id='word_1_652' title='bbox 540 4764 635 4816; x_wconf 72' lang='grc' dir='ltr'>καὶ</span> <span class='ocrx_word' id='word_1_653' title='bbox 694 4764 937 4835; x_wconf 82' lang='grc' dir='ltr'>καταρχὴ</span> <span class='ocrx_word' id='word_1_654' title='bbox 979 4764 1249 4834; x_wconf 83' lang='grc' dir='ltr'>μεσιτεύει</span> <span class='ocrx_word' id='word_1_655' title='bbox 1271 4766 1374 4819; x_wconf 75' lang='grc' dir='ltr'>’τὸν</span> <span class='ocrx_word' id='word_1_656' title='bbox 1403 4766 1572 4836; x_wconf 73' lang='grc' dir='ltr'>ἄνδρα</span> <span class='ocrx_word' id='word_1_657' title='bbox 1609 4769 1742 4835; x_wconf 83' lang='grc' dir='ltr'>μετὰ</span> <span class='ocrx_word' id='word_1_658' title='bbox 1769 4769 1866 4838; x_wconf 76' lang='grc' dir='ltr'>τῆς</span> <span class='ocrx_word' id='word_1_659' title='bbox 1894 4786 2082 4837; x_wconf 88' lang='grc' dir='ltr'>γυναι-</span> 
     </span>
    </p>
   </div>
   <div class='ocr_carea' id='block_1_95' title="bbox 2166 4753 3730 4851">
    <p class='ocr_par' dir='ltr' id='par_1_95' title="bbox 2188 4753 3730 4834">
     <span class='ocr_line' id='line_1_95' title="bbox 2188 4753 3730 4834; baseline -0.012 -14"><span class='ocrx_word' id='word_1_660' title='bbox 2188 4781 2252 4820; x_wconf 84' lang='lat' dir='ltr'><strong>ac</strong></span> <span class='ocrx_word' id='word_1_661' title='bbox 2266 4760 2587 4834; x_wconf 86' lang='lat' dir='ltr'><strong>principium</strong></span> <span class='ocrx_word' id='word_1_662' title='bbox 2612 4756 2750 4810; x_wconf 89' lang='lat' dir='ltr'><strong>inter</strong></span> <span class='ocrx_word' id='word_1_663' title='bbox 2777 4753 2950 4806; x_wconf 87' lang='lat' dir='ltr'><strong>virum</strong></span> <span class='ocrx_word' id='word_1_664' title='bbox 2978 4761 3029 4805; x_wconf 83' lang='lat' dir='ltr'><strong>et</strong></span> <span class='ocrx_word' id='word_1_665' title='bbox 3059 4753 3387 4833; x_wconf 80' lang='lat' dir='ltr'><strong>uxoremsic</strong></span> <span class='ocrx_word' id='word_1_666' title='bbox 3412 4753 3730 4810; x_wconf 81' lang='lat' dir='ltr'><strong>intercedat,</strong></span> 
     </span>
    </p>
   </div>
   <div class='ocr_carea' id='block_1_96' title="bbox 540 4838 2082 4932">
    <p class='ocr_par' dir='ltr' id='par_1_96' title="bbox 540 4852 2082 4932">
     <span class='ocr_line' id='line_1_96' title="bbox 540 4852 2082 4932; baseline 0.006 -26"><span class='ocrx_word' id='word_1_667' title='bbox 540 4852 652 4922; x_wconf 71' lang='grc' dir='ltr'>κὸς,</span> <span class='ocrx_word' id='word_1_668' title='bbox 688 4853 824 4907; x_wconf 84' lang='grc' dir='ltr'>ὥστε</span> <span class='ocrx_word' id='word_1_669' title='bbox 852 4856 985 4924; x_wconf 84' lang='grc' dir='ltr'>πρὸς</span> <span class='ocrx_word' id='word_1_670' title='bbox 1010 4856 1211 4926; x_wconf 85' lang='grc' dir='ltr'>ταύτην</span> <span class='ocrx_word' id='word_1_671' title='bbox 1235 4857 1702 4928; x_wconf 75' lang='grc' dir='ltr'>ἀναδραμεῖν,·καὶ</span> <span class='ocrx_word' id='word_1_672' title='bbox 1727 4859 1785 4924; x_wconf 79' lang='grc' dir='ltr'><strong>ἐξ</strong></span> <span class='ocrx_word' id='word_1_673' title='bbox 1811 4861 1983 4932; x_wconf 78' lang='grc' dir='ltr'>,αὐτῆς</span> <span class='ocrx_word' id='word_1_674' title='bbox 2007 4861 2082 4928; x_wconf 85' lang='grc' dir='ltr'>ὡς</span> 
     </span>
    </p>
   </div>
   <div class='ocr_carea' id='block_1_97' title="bbox 2166 4838 3733 4932">
    <p class='ocr_par' dir='ltr' id='par_1_97' title="bbox 2190 4838 3733 4909">
     <span class='ocr_line' id='line_1_97' title="bbox 2190 4838 3733 4909; baseline -0.012 0"><span class='ocrx_word' id='word_1_675' title='bbox 2190 4866 2247 4909; x_wconf 91' lang='lat' dir='ltr'><strong>ut</strong></span> <span class='ocrx_word' id='word_1_676' title='bbox 2287 4853 2353 4907; x_wconf 85' lang='lat' dir='ltr'><strong>ad</strong></span> <span class='ocrx_word' id='word_1_677' title='bbox 2392 4865 2510 4906; x_wconf 85' lang='lat' dir='ltr'><strong>eam</strong></span> <span class='ocrx_word' id='word_1_678' title='bbox 2555 4849 2627 4904; x_wconf 86' lang='lat' dir='ltr'><strong>sit</strong></span> <span class='ocrx_word' id='word_1_679' title='bbox 2669 4843 3075 4904; x_wconf 82' lang='lat' dir='ltr'><strong>recurrendum,</strong></span> <span class='ocrx_word' id='word_1_680' title='bbox 3116 4843 3179 4895; x_wconf 86' lang='lat' dir='ltr'><strong>et&#39;</strong></span> <span class='ocrx_word' id='word_1_681' title='bbox 3211 4839 3279 4893; x_wconf 84' lang='lat' dir='ltr'><strong>ab</strong></span> <span class='ocrx_word' id='word_1_682' title='bbox 3317 4853 3379 4892; x_wconf 86' lang='lat' dir='ltr'><strong>ea</strong></span> <span class='ocrx_word' id='word_1_683' title='bbox 3416 4853 3512 4892; x_wconf 86' lang='lat' dir='ltr'><strong>ceu</strong></span> <span class='ocrx_word' id='word_1_684' title='bbox 3565 4838 3733 4906; x_wconf 76' lang='lat' dir='ltr'><strong>gradu</strong></span> 
     </span>
    </p>
   </div>
   <div class='ocr_carea' id='block_1_98' title="bbox 537 4943 2082 5020">
    <p class='ocr_par' dir='ltr' id='par_1_98' title="bbox 537 4943 2082 5020">
     <span class='ocr_line' id='line_1_98' title="bbox 537 4943 2082 5020; baseline 0.005 -23"><span class='ocrx_word' id='word_1_685' title='bbox 537 4944 626 4997; x_wconf 81' lang='grc' dir='ltr'><strong>διὰ</strong></span> <span class='ocrx_word' id='word_1_686' title='bbox 654 4943 907 5014; x_wconf 81' lang='grc' dir='ltr'>βαθμίδος</span> <span class='ocrx_word' id='word_1_687' title='bbox 948 4946 1082 5014; x_wconf 76' lang='grc' dir='ltr'>πρὸς</span> <span class='ocrx_word' id='word_1_688' title='bbox 1109 4947 1328 5010; x_wconf 81' lang='grc' dir='ltr'>τούτους</span> <span class='ocrx_word' id='word_1_689' title='bbox 1360 4947 1552 5002; x_wconf 71' lang='grc' dir='ltr'>ἐλθεῖν.</span> <span class='ocrx_word' id='word_1_690' title='bbox 1588 4949 1811 5014; x_wconf 71' lang='grc' dir='ltr'>Πάντως</span> <span class='ocrx_word' id='word_1_691' title='bbox 1837 4953 2082 5020; x_wconf 82' lang='grc' dir='ltr'>οὐδεμία.</span> 
     </span>
    </p>
   </div>
   <div class='ocr_carea' id='block_1_99' title="bbox 539 5035 2085 5113">
    <p class='ocr_par' dir='ltr' id='par_1_99' title="bbox 539 5035 2085 5113">
     <span class='ocr_line' id='line_1_99' title="bbox 539 5035 2085 5113; baseline 0.006 -25"><span class='ocrx_word' id='word_1_692' title='bbox 539 5035 673 5088; x_wconf 77' lang='grc' dir='ltr'><strong>Οὐδὲ</strong></span> <span class='ocrx_word' id='word_1_693' title='bbox 705 5037 814 5104; x_wconf 82' lang='lat'><strong>7&amp;9</strong></span> <span class='ocrx_word' id='word_1_694' title='bbox 865 5035 1085 5091; x_wconf 81' lang='grc' dir='ltr'>δύναταί</span> <span class='ocrx_word' id='word_1_695' title='bbox 1126 5044 1223 5100; x_wconf 84' lang='grc' dir='ltr'><strong>τις</strong></span> <span class='ocrx_word' id='word_1_696' title='bbox 1247 5037 1418 5091; x_wconf 75' lang='grc' dir='ltr'>εἰπεῖν</span> <span class='ocrx_word' id='word_1_697' title='bbox 1443 5077 1462 5103; x_wconf 84' lang='grc'><strong>,</strong></span> <span class='ocrx_word' id='word_1_698' title='bbox 1505 5037 1562 5091; x_wconf 86' lang='lat'><strong>&#39;0</strong></span> <span class='ocrx_word' id='word_1_699' title='bbox 1595 5037 1796 5111; x_wconf 81' lang='grc' dir='ltr'>Πέτρος</span> <span class='ocrx_word' id='word_1_700' title='bbox 1825 5043 2085 5113; x_wconf 80' lang='grc' dir='ltr'>ἐγγένησε</span> 
     </span>
    </p>
   </div>
   <div class='ocr_carea' id='block_1_100' title="bbox 538 5125 2085 5197">
    <p class='ocr_par' dir='ltr' id='par_1_100' title="bbox 538 5125 2085 5197">
     <span class='ocr_line' id='line_1_100' title="bbox 538 5125 2085 5197; baseline 0.007 -19"><span class='ocrx_word' id='word_1_701' title='bbox 538 5125 630 5178; x_wconf 81' lang='grc' dir='ltr'>τὸν</span> <span class='ocrx_word' id='word_1_702' title='bbox 659 5126 988 5196; x_wconf 80' lang='grc' dir='ltr'>Δημήτριον.</span> <span class='ocrx_word' id='word_1_703' title='bbox 1033 5126 1092 5179; x_wconf 85' lang='lat'><strong>&#39;0</strong></span> <span class='ocrx_word' id='word_1_704' title='bbox 1124 5126 1285 5190; x_wconf 75' lang='grc' dir='ltr'>αὐτὸς</span> <span class='ocrx_word' id='word_1_705' title='bbox 1312 5127 1406 5182; x_wconf 70' lang='grc' dir='ltr'><strong>καὶ</strong></span> <span class='ocrx_word' id='word_1_706' title='bbox 1430 5129 1527 5197; x_wconf 78' lang='grc' dir='ltr'>τὴν</span> <span class='ocrx_word' id='word_1_707' title='bbox 1557 5129 1772 5196; x_wconf 81' lang='grc' dir='ltr'>Μαρίαν</span> <span class='ocrx_word' id='word_1_708' title='bbox 1800 5130 2085 5189; x_wconf 81' lang='grc' dir='ltr'>ἀπέτεκεν.</span> 
     </span>
    </p>
   </div>
   <div class='ocr_carea' id='block_1_101' title="bbox 541 5216 2086 5294">
    <p class='ocr_par' dir='ltr' id='par_1_101' title="bbox 541 5216 2086 5294">
     <span class='ocr_line' id='line_1_101' title="bbox 541 5216 2086 5294; baseline 0.006 -26"><span class='ocrx_word' id='word_1_709' title='bbox 541 5217 704 5268; x_wconf 82' lang='grc' dir='ltr'>Ὥστε</span> <span class='ocrx_word' id='word_1_710' title='bbox 753 5216 972 5281; x_wconf 79' lang='grc' dir='ltr'>τούτους</span> <span class='ocrx_word' id='word_1_711' title='bbox 1005 5217 1097 5271; x_wconf 86' lang='grc' dir='ltr'><strong>δύο</strong></span> <span class='ocrx_word' id='word_1_712' title='bbox 1136 5217 1356 5289; x_wconf 86' lang='grc' dir='ltr'>βαθμῶν</span> <span class='ocrx_word' id='word_1_713' title='bbox 1397 5219 1541 5289; x_wconf 76' lang='grc' dir='ltr'>ἔχειν</span> <span class='ocrx_word' id='word_1_714' title='bbox 1573 5221 1908 5288; x_wconf 80' lang='grc' dir='ltr'>συγγένειαν.</span> <span class='ocrx_word' id='word_1_715' title='bbox 1944 5224 2086 5294; x_wconf 87' lang='grc' dir='ltr'>Προ-</span> 
     </span>
    </p>
   </div>
   <div class='ocr_carea' id='block_1_102' title="bbox 543 5306 2086 5376">
    <p class='ocr_par' dir='ltr' id='par_1_102' title="bbox 543 5306 2086 5376">
     <span class='ocr_line' id='line_1_102' title="bbox 543 5306 2086 5376; baseline 0.006 -20"><span class='ocrx_word' id='word_1_716' title='bbox 543 5306 706 5367; x_wconf 77' lang='grc' dir='ltr'>φανὲς</span> <span class='ocrx_word' id='word_1_717' title='bbox 743 5306 848 5375; x_wconf 89' lang='lat'><strong>7&amp;9</strong></span> <span class='ocrx_word' id='word_1_718' title='bbox 883 5306 1072 5376; x_wconf 81' lang='grc' dir='ltr'>ψεῦδός</span> <span class='ocrx_word' id='word_1_719' title='bbox 1106 5308 1241 5360; x_wconf 71' lang='grc' dir='ltr'>ἑστι.</span> <span class='ocrx_word' id='word_1_720' title='bbox 1299 5307 1570 5375; x_wconf 57' lang='lat' dir='ltr'><strong>nonnae</strong></span> <span class='ocrx_word' id='word_1_721' title='bbox 1621 5309 1780 5361; x_wconf 81' lang='grc' dir='ltr'>πλέον</span> <span class='ocrx_word' id='word_1_722' title='bbox 1808 5311 1906 5363; x_wconf 77' lang='grc' dir='ltr'><strong>οὐκ</strong></span> <span class='ocrx_word' id='word_1_723' title='bbox 1941 5312 2086 5366; x_wconf 77' lang='grc' dir='ltr'>εἴποι</span> 
     </span>
    </p>
   </div>
   <div class='ocr_carea' id='block_1_103' title="bbox 541 5392 2084 5473">
    <p class='ocr_par' dir='ltr' id='par_1_103' title="bbox 541 5392 2084 5473">
     <span class='ocr_line' id='line_1_103' title="bbox 541 5392 2084 5473; baseline 0.003 -25"><span class='ocrx_word' id='word_1_724' title='bbox 541 5411 626 5456; x_wconf 81' lang='grc' dir='ltr'><strong>τις</strong></span> <span class='ocrx_word' id='word_1_725' title='bbox 657 5396 978 5460; x_wconf 65' lang='grc' dir='ltr'>ὑποπάσας</span> <span class='ocrx_word' id='word_1_726' title='bbox 1016 5396 1220 5460; x_wconf 74' lang='grc' dir='ltr'>διττὰς,</span> <span class='ocrx_word' id='word_1_727' title='bbox 1261 5397 1376 5460; x_wconf 77' lang='grc' dir='ltr'>ἑνὸς</span> <span class='ocrx_word' id='word_1_728' title='bbox 1405 5392 1543 5450; x_wconf 77' lang='grc' dir='ltr'>εἶναι</span> <span class='ocrx_word' id='word_1_729' title='bbox 1583 5397 1810 5466; x_wconf 76' lang='grc' dir='ltr'>βαθμοῦ.</span> <span class='ocrx_word' id='word_1_730' title='bbox 1847 5399 1949 5453; x_wconf 86' lang='grc' dir='ltr'>Δύο</span> <span class='ocrx_word' id='word_1_731' title='bbox 1978 5402 2084 5473; x_wconf 76' lang='grc' dir='ltr'>γὰρ</span> 
     </span>
    </p>
   </div>
   <div class='ocr_carea' id='block_1_104' title="bbox 542 5485 2086 5557">
    <p class='ocr_par' dir='ltr' id='par_1_104' title="bbox 542 5485 2086 5557">
     <span class='ocr_line' id='line_1_104' title="bbox 542 5485 2086 5557; baseline 0.006 -22"><span class='ocrx_word' id='word_1_732' title='bbox 542 5486 819 5553; x_wconf 76' lang='grc' dir='ltr'>γεννήσεις</span> <span class='ocrx_word' id='word_1_733' title='bbox 863 5485 1086 5548; x_wconf 86' lang='grc' dir='ltr'>τούτους</span> <span class='ocrx_word' id='word_1_734' title='bbox 1149 5487 1489 5556; x_wconf 74' lang='grc' dir='ltr'>παρήγαγον.</span> <span class='ocrx_word' id='word_1_735' title='bbox 1549 5487 1612 5540; x_wconf 85' lang='lat' dir='ltr'><strong>Ul</strong></span> <span class='ocrx_word' id='word_1_736' title='bbox 1648 5487 1793 5553; x_wconf 75' lang='grc' dir='ltr'>’γοῦν</span> <span class='ocrx_word' id='word_1_737' title='bbox 1837 5489 2086 5557; x_wconf 80' lang='grc' dir='ltr'>λέγοντες</span> 
     </span>
    </p>
   </div>
   <div class='ocr_carea' id='block_1_105' title="bbox 2189 4931 3730 5015">
    <p class='ocr_par' dir='ltr' id='par_1_105' title="bbox 2189 4931 3730 5015">
     <span class='ocr_line' id='line_1_105' title="bbox 2189 4931 3730 5015; baseline -0.01 -17"><span class='ocrx_word' id='word_1_738' title='bbox 2189 4945 2422 5015; x_wconf 83' lang='lat' dir='ltr'><strong>quodam</strong></span> <span class='ocrx_word' id='word_1_739' title='bbox 2444 4941 2672 5010; x_wconf 85' lang='lat' dir='ltr'><strong>adipsos</strong></span> <span class='ocrx_word' id='word_1_740' title='bbox 2688 4935 3031 4992; x_wconf 88' lang='lat' dir='ltr'><strong>veniendum.</strong></span> <span class='ocrx_word' id='word_1_741' title='bbox 3060 4931 3214 4986; x_wconf 87' lang='lat' dir='ltr'><strong>Nulla</strong></span> <span class='ocrx_word' id='word_1_742' title='bbox 3242 4945 3467 5000; x_wconf 87' lang='lat' dir='ltr'><strong>prorsus</strong></span> <span class='ocrx_word' id='word_1_743' title='bbox 3498 4931 3730 4984; x_wconf 75' lang='lat' dir='ltr'><strong>exsistit.</strong></span> 
     </span>
    </p>
   </div>
   <div class='ocr_carea' id='block_1_106' title="bbox 2190 5016 3734 5096">
    <p class='ocr_par' dir='ltr' id='par_1_106' title="bbox 2190 5016 3734 5096">
     <span class='ocr_line' id='line_1_106' title="bbox 2190 5016 3734 5096; baseline -0.016 -5"><span class='ocrx_word' id='word_1_744' title='bbox 2190 5035 2306 5090; x_wconf 83' lang='lat' dir='ltr'><strong>Non</strong></span> <span class='ocrx_word' id='word_1_745' title='bbox 2340 5033 2482 5088; x_wconf 89' lang='lat' dir='ltr'><strong>enim</strong></span> <span class='ocrx_word' id='word_1_746' title='bbox 2535 5030 2716 5084; x_wconf 86' lang='lat' dir='ltr'><strong>dicere</strong></span> <span class='ocrx_word' id='word_1_747' title='bbox 2759 5024 3028 5096; x_wconf 88' lang='lat' dir='ltr'><strong>quispiam</strong></span> <span class='ocrx_word' id='word_1_748' title='bbox 3068 5029 3262 5091; x_wconf 89' lang='lat' dir='ltr'><strong>potest,</strong></span> <span class='ocrx_word' id='word_1_749' title='bbox 3302 5016 3494 5071; x_wconf 87' lang='lat' dir='ltr'><strong>Petrus</strong></span> <span class='ocrx_word' id='word_1_750' title='bbox 3550 5017 3734 5084; x_wconf 78' lang='lat' dir='ltr'><strong>genuit</strong></span> 
     </span>
    </p>
   </div>
   <div class='ocr_carea' id='block_1_107' title="bbox 2191 5108 3733 5183">
    <p class='ocr_par' dir='ltr' id='par_1_107' title="bbox 2191 5108 3733 5183">
     <span class='ocr_line' id='line_1_107' title="bbox 2191 5108 3733 5183; baseline -0.013 -2"><span class='ocrx_word' id='word_1_751' title='bbox 2191 5126 2540 5183; x_wconf 87' lang='lat' dir='ltr'><strong>Demetrium.</strong></span> <span class='ocrx_word' id='word_1_752' title='bbox 2566 5121 2708 5175; x_wconf 87' lang='lat' dir='ltr'><strong>Idem</strong></span> <span class='ocrx_word' id='word_1_753' title='bbox 2739 5124 2806 5172; x_wconf 85' lang='lat' dir='ltr'><strong>et‘</strong></span> <span class='ocrx_word' id='word_1_754' title='bbox 2829 5115 3046 5170; x_wconf 82' lang='lat' dir='ltr'><strong>Mariam</strong></span> <span class='ocrx_word' id='word_1_755' title='bbox 3076 5111 3411 5181; x_wconf 88' lang='lat' dir='ltr'><strong>procreavit:</strong></span> <span class='ocrx_word' id='word_1_756' title='bbox 3438 5123 3543 5178; x_wconf 86' lang='lat' dir='ltr'><strong>quo</strong></span> <span class='ocrx_word' id='word_1_757' title='bbox 3571 5108 3647 5170; x_wconf 81' lang='lat' dir='ltr'><strong>tit,</strong></span> <span class='ocrx_word' id='word_1_758' title='bbox 3674 5117 3733 5161; x_wconf 89' lang='lat' dir='ltr'><strong>ut</strong></span> 
     </span>
    </p>
   </div>
   <div class='ocr_carea' id='block_1_108' title="bbox 2191 5197 3732 5283">
    <p class='ocr_par' dir='ltr' id='par_1_108' title="bbox 2191 5197 3732 5283">
     <span class='ocr_line' id='line_1_108' title="bbox 2191 5197 3732 5283; baseline -0.014 -10"><span class='ocrx_word' id='word_1_759' title='bbox 2191 5221 2243 5275; x_wconf 85' lang='lat' dir='ltr'><strong>bi</strong></span> <span class='ocrx_word' id='word_1_760' title='bbox 2289 5219 2519 5272; x_wconf 88' lang='lat' dir='ltr'><strong>duormn</strong></span> <span class='ocrx_word' id='word_1_761' title='bbox 2559 5211 2821 5283; x_wconf 75' lang='lat' dir='ltr'><strong>graduum</strong></span> <span class='ocrx_word' id='word_1_762' title='bbox 2864 5207 3181 5275; x_wconf 78' lang='lat' dir='ltr'><strong>cognatione</strong></span> <span class='ocrx_word' id='word_1_763' title='bbox 3224 5202 3394 5272; x_wconf 88' lang='lat' dir='ltr'><strong>juncti</strong></span> <span class='ocrx_word' id='word_1_764' title='bbox 3439 5203 3565 5253; x_wconf 87' lang='lat' dir='ltr'><strong>sint.</strong></span> <span class='ocrx_word' id='word_1_765' title='bbox 3619 5197 3732 5251; x_wconf 89' lang='lat' dir='ltr'><strong>Hoc</strong></span> 
     </span>
    </p>
   </div>
   <div class='ocr_carea' id='block_1_109' title="bbox 2189 5287 3737 5362">
    <p class='ocr_par' dir='ltr' id='par_1_109' title="bbox 2189 5287 3737 5362">
     <span class='ocr_line' id='line_1_109' title="bbox 2189 5287 3737 5362; baseline -0.012 -1"><span class='ocrx_word' id='word_1_766' title='bbox 2189 5309 2331 5362; x_wconf 86' lang='lat' dir='ltr'><strong>enim</strong></span> <span class='ocrx_word' id='word_1_767' title='bbox 2363 5301 2862 5360; x_wconf 82' lang='lat' dir='ltr'><strong>manifestissimum</strong></span> <span class='ocrx_word' id='word_1_768' title='bbox 2897 5295 3230 5350; x_wconf 83' lang='lat' dir='ltr'><strong>mendacium</strong></span> <span class='ocrx_word' id='word_1_769' title='bbox 3254 5299 3351 5346; x_wconf 85' lang='lat' dir='ltr'><strong>est.</strong></span> <span class='ocrx_word' id='word_1_770' title='bbox 3370 5290 3544 5343; x_wconf 70' lang='lat' dir='ltr'><strong>Multo</strong></span> <span class='ocrx_word' id='word_1_771' title='bbox 3565 5287 3737 5355; x_wconf 71' lang='lat' dir='ltr'><strong>magis</strong></span> 
     </span>
    </p>
   </div>
   <div class='ocr_carea' id='block_1_110' title="bbox 2191 5383 3733 5461">
    <p class='ocr_par' dir='ltr' id='par_1_110' title="bbox 2191 5383 3733 5461">
     <span class='ocr_line' id='line_1_110' title="bbox 2191 5383 3733 5461; baseline -0.014 -9"><span class='ocrx_word' id='word_1_772' title='bbox 2191 5397 2401 5452; x_wconf 76' lang='lat' dir='ltr'><strong>cavebit</strong></span> <span class='ocrx_word' id='word_1_773' title='bbox 2429 5392 2649 5461; x_wconf 79' lang='lat' dir='ltr'><strong>aliquis,</strong></span> <span class='ocrx_word' id='word_1_774' title='bbox 2676 5406 2743 5444; x_wconf 89' lang='lat' dir='ltr'><strong>ne</strong></span> <span class='ocrx_word' id='word_1_775' title='bbox 2777 5389 2939 5451; x_wconf 84' lang='lat' dir='ltr'><strong>dicat,</strong></span> <span class='ocrx_word' id='word_1_776' title='bbox 2971 5387 3105 5440; x_wconf 86' lang='lat' dir='ltr'><strong>duas</strong></span> <span class='ocrx_word' id='word_1_777' title='bbox 3134 5397 3393 5452; x_wconf 85' lang='lat' dir='ltr'><strong>personas</strong></span> <span class='ocrx_word' id='word_1_778' title='bbox 3425 5383 3582 5434; x_wconf 89' lang='lat' dir='ltr'><strong>unius</strong></span> <span class='ocrx_word' id='word_1_779' title='bbox 3610 5392 3733 5432; x_wconf 87' lang='lat' dir='ltr'><strong>esse</strong></span> 
     </span>
    </p>
   </div>
   <div class='ocr_carea' id='block_1_111' title="bbox 2193 5473 3731 5559">
    <p class='ocr_par' dir='ltr' id='par_1_111' title="bbox 2193 5473 3731 5559">
     <span class='ocr_line' id='line_1_111' title="bbox 2193 5473 3731 5559; baseline -0.011 -17"><span class='ocrx_word' id='word_1_780' title='bbox 2193 5490 2412 5559; x_wconf 75' lang='lat' dir='ltr'><strong>gradus.</strong></span> <span class='ocrx_word' id='word_1_781' title='bbox 2441 5485 2650 5555; x_wconf 86' lang='lat' dir='ltr'><strong>Quippe</strong></span> <span class='ocrx_word' id='word_1_782' title='bbox 2674 5483 2791 5537; x_wconf 81' lang='lat' dir='ltr'><strong>dua:</strong></span> <span class='ocrx_word' id='word_1_783' title='bbox 2809 5479 3187 5551; x_wconf 63' lang='lat' dir='ltr'><strong>gemationcs</strong></span> <span class='ocrx_word' id='word_1_784' title='bbox 3214 5488 3304 5528; x_wconf 83' lang='lat' dir='ltr'><strong>eos</strong></span> <span class='ocrx_word' id='word_1_785' title='bbox 3343 5473 3731 5542; x_wconf 78' lang='lat' dir='ltr'><strong>produxerunt.</strong></span> 
     </span>
    </p>
   </div>
   <div class='ocr_carea' id='block_1_112' title="bbox 1830 5602 2495 5659">
    <p class='ocr_par' dir='ltr' id='par_1_112' title="bbox 1830 5602 2495 5659">
     <span class='ocr_line' id='line_1_112' title="bbox 1830 5602 2495 5659; baseline -0.002 -3"><span class='ocrx_word' id='word_1_786' title='bbox 1830 5602 2062 5658; x_wconf 62' lang='lat' dir='ltr'><strong>VABIE</strong></span> <span class='ocrx_word' id='word_1_787' title='bbox 2095 5603 2495 5659; x_wconf 68' lang='lat' dir='ltr'><strong>LECTIONES.</strong></span> 
     </span>
    </p>
   </div>
   <div class='ocr_carea' id='block_1_113' title="bbox 607 5685 3234 5763">
    <p class='ocr_par' dir='ltr' id='par_1_113' title="bbox 607 5685 3234 5763">
     <span class='ocr_line' id='line_1_113' title="bbox 607 5685 3234 5763; baseline -0.01 -2"><span class='ocrx_word' id='word_1_788' title='bbox 607 5695 630 5719; x_wconf 77' lang='grc'><strong>’</strong></span> <span class='ocrx_word' id='word_1_789' title='bbox 656 5685 790 5763; x_wconf 44' lang='lat' dir='ltr'><strong>ﬁde</strong></span> <span class='ocrx_word' id='word_1_790' title='bbox 816 5687 1445 5763; x_wconf 42' lang='lat' dir='ltr'><strong>“loﬂmhﬂasjlicorum</strong></span> <span class='ocrx_word' id='word_1_791' title='bbox 1469 5731 1486 5755; x_wconf 85' lang='lat'><strong>,</strong></span> <span class='ocrx_word' id='word_1_792' title='bbox 1542 5692 1655 5749; x_wconf 78' lang='lat' dir='ltr'><strong>vide</strong></span> <span class='ocrx_word' id='word_1_793' title='bbox 1695 5694 1777 5748; x_wconf 83' lang='lat' dir='ltr'><strong>tit.</strong></span> <span class='ocrx_word' id='word_1_794' title='bbox 1832 5693 1894 5746; x_wconf 78' lang='lat' dir='ltr'><strong>de</strong></span> <span class='ocrx_word' id='word_1_795' title='bbox 1931 5693 2194 5749; x_wconf 80' lang='lat' dir='ltr'><strong>Cradibns</strong></span> <span class='ocrx_word' id='word_1_796' title='bbox 2235 5694 2586 5763; x_wconf 68' lang='lat' dir='ltr'><strong>cognationis,</strong></span> <span class='ocrx_word' id='word_1_797' title='bbox 2620 5691 2673 5744; x_wconf 77' lang='grc' dir='ltr'>ά.</span> <span class='ocrx_word' id='word_1_798' title='bbox 2724 5688 2815 5744; x_wconf 80' lang='lat' dir='ltr'><strong>lib.</strong></span> <span class='ocrx_word' id='word_1_799' title='bbox 2865 5685 3234 5740; x_wconf 78' lang='lat' dir='ltr'><strong>Basilicarum.</strong></span> 
     </span>
    </p>
   </div>
   <div class='ocr_carea' id='block_1_114' title="bbox 551 5757 1365 5821">
    <p class='ocr_par' dir='ltr' id='par_1_114' title="bbox 551 5757 1365 5821">
     <span class='ocr_line' id='line_1_114' title="bbox 551 5757 1365 5821; baseline 0.006 -14"><span class='ocrx_word' id='word_1_800' title='bbox 551 5757 752 5821; x_wconf 73' lang='lat' dir='ltr'><strong>prohib.</strong></span> <span class='ocrx_word' id='word_1_801' title='bbox 781 5769 927 5820; x_wconf 64' lang='lat' dir='ltr'><strong>napi.</strong></span> <span class='ocrx_word' id='word_1_802' title='bbox 963 5760 1015 5813; x_wconf 72' lang='grc' dir='ltr'>Δ.</span> <span class='ocrx_word' id='word_1_803' title='bbox 1047 5758 1140 5813; x_wconf 87' lang='lat' dir='ltr'><strong>lib.</strong></span> <span class='ocrx_word' id='word_1_804' title='bbox 1179 5759 1365 5813; x_wconf 74' lang='lat' dir='ltr'><strong>Basili.</strong></span> 
     </span>
    </p>
   </div>
   <div class='ocr_carea' id='block_1_115' title="bbox 3343 5676 3738 5735">
    <p class='ocr_par' dir='ltr' id='par_1_115' title="bbox 3343 5676 3738 5735">
     <span class='ocr_line' id='line_1_115' title="bbox 3343 5676 3738 5735; baseline 0 -4"><span class='ocrx_word' id='word_1_805' title='bbox 3343 5692 3370 5731; x_wconf 77' lang='grc' dir='ltr'><strong>Ρ</strong></span> <span class='ocrx_word' id='word_1_806' title='bbox 3401 5683 3513 5735; x_wconf 68' lang='lat' dir='ltr'><strong>cide</strong></span> <span class='ocrx_word' id='word_1_807' title='bbox 3541 5679 3620 5731; x_wconf 74' lang='grc' dir='ltr'>εει.</span> <span class='ocrx_word' id='word_1_808' title='bbox 3668 5676 3738 5731; x_wconf 68' lang='lat' dir='ltr'><strong>de</strong></span> 
     </span>
    </p>
   </div>
  </div>
