4136 6308
592 369 727 436 1857

1758 376 2040 445 THEOD.
2079 377 2169 441 ΒΑ
2179 379 2560 446 LSAMONIS

3686 375 3826 441 1068

586 504 837 567 (Lassare;
879 496 982 571 (sic
1027 498 1173 554 enim
1223 498 1445 566 factum,
1502 506 1561 555 ut
1620 498 1906 557 Dominum
1956 502 2151 559 Pilatus

2264 500 2373 572 γὰρ
2398 503 2495 556 καὶ
2518 500 2752 564 Πιλάτος
2790 498 2881 553 τὸν
2922 498 3129 571 Κύριον
3178 499 3389 571 ἔκρινε,
3423 500 3519 554 καὶ
3548 499 3648 570 τὴν
3692 500 3823 555 1mi-

582 592 872 663 iudicaret,
896 606 960 648 ac
1001 589 1243 647 Judaeam
1279 591 1463 649 Caesar
1492 593 1770 664 Augustus
1799 603 2069 659 censeret,
2099 602 2154 649 et

588 682 789 738 Paulus
822 697 945 738 cum
980 680 1359 751 damnaretur,
1395 685 1604 740 diceret
1633 701 1652 745 :
1683 684 1815 742 Sisti
1840 700 1926 742 me
1950 684 2155 742 Caesari

572 782 798 846 oportet
825 775 863 843 ;)
899 784 1120 844 paterna
1168 773 1476 831 Judmorum
1528 777 1709 850 lingua
1742 794 1869 833 cum
1914 777 2154 834 Romana

587 872 915 921 commutata
950 865 1069 920 fuit.
1096 864 1303 936 Quippe
1329 865 1499 922 Judaei
1550 882 1674 922 cum
1705 867 2002 939 gentilibus
2042 882 2158 938 per-

508 950 509 953 “
593 959 764 1019 misti,
835 972 1025 1013 eorum
1098 958 1347 1012 lnstituta
1417 957 1746 1014 didicerunt.
1819 959 1955 1015 Cum
2010 973 2156 1029 ergo

590 1047 778 1116 populi
855 1047 1068 1103 Iudaici
1141 1050 1411 1116 seniores,
1470 1057 1525 1105 et
1604 1051 1909 1106 scribarum
1980 1060 2157 1107 coetus

585 1140 813 1195 vidisset
849 1139 1138 1195 Dominum
1196 1140 1475 1211 Deumque
1536 1150 1807 1211 nostrum,
1846 1142 1941 1213 qui
1989 1143 2156 1213 tergis

587 1228 896 1284 cherubicis
947 1230 1171 1294 insidet,
1223 1245 1319 1300 per
1360 1230 1747 1287 demissionem
1787 1234 2002 1289 asinino
2030 1233 2153 1290 vehi

589 1322 751 1392 pullo,
778 1336 899 1376 cum
938 1323 1292 1379 nihilominus
1312 1340 1460 1380 more
1484 1328 1634 1396 regio
1656 1343 1685 1382 a
1722 1329 2155 1399 praecedentibus

591 1422 643 1465 et
670 1414 1026 1482 sequentibus
1055 1415 1374 1484 stiparetur,
1407 1431 1469 1470 ac
1498 1414 1892 1490 Hierosolyma:
1919 1420 2154 1491 dignita-

587 1513 691 1559 tem
753 1505 1109 1576 ampliﬁcaret
1195 1506 1418 1579 (quippe
1494 1506 1677 1565 Sionis
1728 1511 1917 1565 urbem
1990 1526 2156 1584 super

594 1594 843 1649 universa
881 1594 1229 1651 tabernacula
1257 1596 1445 1653 Jacobi
1469 1598 1677 1669 dilexit)
1712 1600 1960 1656 viderent
1988 1601 2152 1657 etiam

592 1687 781 1741 turbas
828 1686 894 1740 ad
934 1696 1133 1743 terram
1177 1689 1391 1746 tunicas
1439 1706 1568 1747 suas
1612 1693 2062 1760 substernentes,
2100 1701 2155 1751 et

588 1775 706 1831 vias
739 1776 1017 1832 molliores
1040 1777 1346 1847 reddentes,
1373 1781 1557 1851 pueris
1580 1797 1759 1839 ramos
1782 1785 2144 1854 gestantibus,

589 1879 652 1918 ac
684 1865 1013 1931 dicentibus,
1052 1868 1305 1924 llosanna
1340 1872 1449 1926 lilio
1502 1873 1645 1943 regis
1695 1872 1935 1933 Davidisl
1982 1876 2145 1932 bene.

592 1957 774 2013 dictus
821 1972 881 2013 es
907 1960 1004 2028 qui
1060 1962 1211 2015 venis
1245 1976 1260 2013 :
1291 1977 1397 2016 non
1448 1964 1636 2020 dixere
1674 1980 1797 2020 cum
1845 1968 2146 2039 prophetis,

550 2074 553 2076 -
587 2042 852 2113 Laudato,
884 2049 1033 2117 pueri
1066 2048 1352 2106 Dominum
1381 2071 1395 2118 ;
1424 2068 1620 2122 neque,
1652 2055 1841 2111 Gaude
1858 2058 2150 2113 vehemen-

587 2147 673 2189 ter
701 2137 808 2192 ﬁlia
841 2140 1043 2205 Sionis,
1074 2143 1302 2211 praedica
1340 2144 1568 2213 gloriam
1625 2146 1716 2202 Dei
1755 2147 2146 2221 Hierosolyma,

587 2228 842 2297 quoniam
865 2245 992 2286 ecce
1026 2248 1120 2286 rex
1149 2242 1278 2289 tuus
1321 2236 1469 2289 venit
1510 2236 1607 2292 tibi
1643 2239 1790 2294 mitis
1814 2248 1868 2295 et
1900 2257 2147 2309 servans,

584 2326 637 2373 et
665 2327 848 2376 vectus
873 2322 1096 2377 asinino
1127 2323 1274 2393 pullo
1292 2323 1401 2380 lilio
1421 2326 1742 2398 subjugalis.
1760 2329 1893 2383 Cum
1913 2332 2056 2387 enim
2086 2347 2152 2387 os

586 2408 847 2473 habeant,
895 2411 1069 2480 inquit
1104 2412 1213 2477 ille,
1244 2428 1351 2469 non
1396 2414 1687 2487 loquentur
1738 2434 1752 2471 :
1787 2433 1909 2472 cum
1941 2421 2148 2484 oculos,

588 2516 693 2555 non
730 2501 987 2557 videbunt
1022 2521 1037 2555 :
1076 2520 1197 2558 cum
1246 2502 1431 2572 aures,
1468 2523 1573 2562 non
1599 2509 1865 2563 audient:
1892 2513 2150 2580 quoniam

588 2592 847 2648 cordibus
877 2609 1066 2650 eorum
1119 2596 1364 2653 velamen
1412 2599 1548 2670 legis
1584 2608 1641 2655 et
1675 2601 2034 2673 ignorationis
2068 2605 2153 2657 ln-

580 2684 811 2739 cumbit.

663 2776 931 2832 Nimirum
956 2788 1015 2834 ut
1036 2789 1350 2849 peccatores
1368 2783 1858 2853 excandescehant,
1880 2794 1934 2842 et
1953 2802 2152 2844 accen-

579 2869 855 2925 debantur
886 2870 988 2936 ira,
1021 2880 1075 2926 et
1112 2873 1413 2929 fremebant
1445 2876 1722 2941 dentibus.
1764 2886 1819 2933 et
1861 2881 2153 2936 contabes-

590 2964 812 3027 cebunt,
850 2978 975 3018 cum
1007 2964 1286 3021 dicerent:
1315 2966 1664 3035 Egredimiui,
1692 2978 1903 3039 gentes,
1936 2972 2153 3041 egredi-

588 3054 746 3121 rrini,
783 3055 989 3126 populi,
1022 3070 1086 3111 ac
1114 3056 1311 3125 videte,
1343 3073 1451 3128 quo
1475 3067 1634 3130 pacto
1671 3061 1907 3116 mundus
1933 3063 2155 3118 univer-

2257 594 2413 649 δαίαν
2442 595 2660 664 Καῖσαρ
2691 590 3001 659 Αὔγουστος
3027 591 3409 663 ἀπεγράψατο,
3467 594 3564 649 καὶ
3613 592 3825 653 Παῦλος

2257 684 2714 756 κατακρινόμενος
2734 683 2862 753 ἔφη’
2883 684 2974 735 Δεῖ
3007 700 3075 751 με
3102 685 3447 755 παραστῆναι
3464 682 3543 753 τῷ
3564 683 3825 755 Καίσαρι)

2256 779 2291 845 ἡ
2341 777 2566 848 πατρῴα
2599 775 2706 829 τῶν
2744 775 3015 829 Ἰουδαίων
3062 775 3347 840 διάλεκτος
3403 776 3543 848 πρὸς
3578 776 3678 846 τὴν
3715 776 3826 829 τῶν

2269 865 2556 936 Ῥωμαίων
2586 865 3081 937 μετεστοιχείωται.
3115 866 3241 930 Τοῖς
3260 866 3441 920 ἐθνεσι
3485 866 3596 937 γὰρ
3623 865 3827 936 ἐμίγη-

2258 974 2378 1024 σαν,
2397 958 2489 1012 καὶ
2525 957 2730 1026 ἔμαθον
2776 957 2846 1010 τὰ
2891 958 3099 1012 τούτων
3142 958 3571 1030 ἐπιτηδεύματα.
3607 957 3829 1022 Ἰδόντες

2256 1046 2433 1101 τοίνυν
2461 1046 2569 1099 τῶν
2595 1046 2863 1100 Ἰουδαίων
2888 1047 2939 1100 οἱ
2965 1046 3378 1118 δημογέροντες,
3413 1048 3505 1104 καὶ
3520 1048 3627 1102 τῶν
3643 1063 3828 1118 γραμ·

2258 1139 2472 1211 ματέων
2490 1140 2516 1192 ὁ
2547 1137 2802 1208 σύλλογος
2822 1138 2914 1192 τὸν
2942 1140 3039 1192 ἐπὶ
3066 1140 3257 1204 νώτοις
3281 1140 3622 1211 χερουϐικοῖς
3655 1142 3827 1211 καθή-

2259 1249 2417 1303 μενον
2444 1232 2646 1302 Κύριον
2700 1234 2796 1286 καὶ
2823 1232 2956 1287 Θεὸν
3002 1232 3308 1304 ἡμῶν,.ἐπὶ
3342 1233 3527 1287 πώλου
3550 1234 3650 1305 μὲν
3701 1233 3827 1287 δνου

2254 1324 2395 1378 κατὰ
2418 1323 2823 1391 συγκατάϐασιν
2846 1324 3233 1396 ἐποχούμενον,
3263 1326 3558 1397 βασιλικῶς
3579 1325 3637 1379 δέ
3670 1326 3823 1397 παρὰ

2255 1413 2364 1468 τῶν
2394 1415 2744 1484 προαγόντων
2800 1414 3031 1468 καὶτῶν
3056 1415 3341 1484 λιπομένων
3386 1416 3826 1485 στενοχωρούμε-

2254 1520 2367 1568 νον,
2432 1504 2529 1558 καὶ
2561 1502 2659 1575 τὴν
2705 1504 3064 1575 Ἰερουσαλὴμ
3129 1503 3524 1575 μεγαλύνοντα,
3574 1506 3826 1577 ἠγάπησε

2254 1595 2362 1667 γὰρ
2412 1594 2513 1666 τὴν
2564 1597 2719 1649 πόλιν
2774 1596 2911 1650 Σιὼν
2963 1596 3104 1666 ὑπὲρ
3160 1595 3338 1651 πάντα
3370 1597 3443 1650 τὰ
3490 1597 3826 1666 σκηνώματα

2267 1686 2483 1757 Ἰακὼϐ)
2522 1687 2765 1750 καὶτοὺς
2796 1687 2986 1755 δχλους
3023 1687 3122 1756 μὶν
3168 1690 3233 1759 τῇ
3289 1690 3361 1758 γῇ
3416 1687 3543 1751 τοὺς
3592 1688 3827 1757 χιτῶνας

2258 1775 2680 1847 στρωννύοντας,
2723 1777 2817 1831 καὶ
2878 1777 2978 1839 τὰς
3031 1776 3184 1841 ὁδοὺς
3218 1775 3639 1847 μαλακίζοντας,
3698 1777 3827 1839 τοὺς

2257 1854 2451 1932 παῖδας
2465 1868 2523 1922 δὲ
2546 1867 3019 1939 κλαδηφοροῦντας
3050 1870 3145 1922 καὶ
3172 1869 3447 1938 λόγονταςο
3492 1868 3721 1922 Ὡσαννὰ
3747 1868 3827 1941 τῷ

2250 1958 2352 2031 υίῷ
2377 1961 2472 2014 τοῦ
2499 1960 2764 2031 βασιλέως
2787 1960 2969 2014 Δαϐίδὶ
2991 1960 3354 2031 εὐλογημένος
3376 1954 3426 2013 εἷ
3450 1962 3478 2014 ό
3502 1958 3824 2031 ἐρχόμενος·

2247 2049 2348 2105 οὐκ
2369 2046 2524 2104 εἷπον
2564 2050 2703 2121 μετὰ
2725 2049 2835 2103 τῶν
2861 2049 3177 2121 προφητῶνο
3229 2050 3468 2113 Αἰνεῖτε,
3493 2049 3687 2111 παῖδες
3713 2048 3829 2101 Κύ-

2250 2158 2386 2215 ριον⁹
2410 2142 2554 2208 οὐδὲ,
2577 2144 2749 2213 Χαῖρε
2776 2142 3001 2213 σφόδρα,
3027 2141 3266 2211 θύγατερ
3288 2141 3446 2207 Σιὼν,
3474 2141 3714 2212 κήρυττε
3736 2141 3827 2197 δό-

2258 2231 2355 2299 ξαν
2384 2230 2518 2286 Θεοῦ
2560 2230 2934 2305 Ἰερουσαλὴμ,
2963 2232 3044 2285 ὅτι
3073 2232 3181 2285 ἰδοὺ
3220 2231 3473 2300 βασιλεύς
3524 2249 3619 2285 σου
3670 2232 3828 2303 ἔρχε-

2250 2322 2340 2378 ταί
2378 2339 2457 2378 σοι
2493 2322 2676 2393 πραῢς
2723 2324 2817 2378 καὶ
2868 2322 3077 2388 σώζων,
3126 2322 3472 2393 ἐπιϐεϐηκὼς
3514 2326 3595 2388 είς
3647 2325 3826 2378 πῶλον

2250 2416 2397 2481 δνου,
2422 2416 2536 2470 υίδν
2571 2399 2886 2483 ὑποζυγίου.
2925 2414 3181 2484 Ἔχοντες
3216 2414 3324 2485 γὰρ
3377 2414 3575 2483 στόμα,
3632 2415 3823 2487 φησὶν,

2251 2508 2313 2562 ού
2345 2508 2664 2563 καλέσουσιν
2694 2522 2708 2537 ⁸
2738 2506 3075 2578 ὀφθαλμοὺς,
3114 2509 3211 2560 καὶ
3241 2505 3343 2559 οὐκ
3376 2505 3604 2574 ὄψονται
3629 2521 3643 2536 ’
3684 2504 3823 2569 ὦτα,

2252 2598 2349 2652 καὶ
2369 2598 2469 2653 οὐκ
2502 2596 2865 2653 ἀκούσουσιν·
2911 2596 2994 2649 ὅτι
3050 2598 3169 2659 ταῖς
3204 2595 3455 2667 καρδίαις
3495 2593 3677 2650 αὐτῶν
3720 2596 3825 2649 κά-

2251 2690 2443 2760 λυμμα
2468 2689 2634 2759 νόμου
2655 2688 2751 2743 καὶ
2784 2688 3060 2755 ἀγνωσίας
3088 2689 3391 2765 ἐπίκειται.

2335 2779 2756 2849 Ἠγανὰκτησαν
2782 2777 2839 2831 δέ
2861 2777 2935 2840 ώς
2963 2778 3297 2850 ἁμαρτωλοὶ,
3324 2778 3419 2833 καὶ
3432 2776 3813 2850 ὠργίσθησαν,

2252 2870 2495 2933 καὶτοὺς
2529 2868 2750 2932 ὀδόντας
2776 2866 3029 2937 ἐϐρυξαν,
3056 2868 3150 2922 καὶ
3180 2868 3477 2939 ἐτάκησαν,
3506 2869 3603 2923 καὶ
3636 2864 3815 2923 εἷπον

2251 2961 2528 3028 Ἐξέλθετε
2556 2960 2711 3030 ἐθνη,
2751 2959 2992 3025 ἐξέλθατε
3032 2960 3170 3027 λαοὶ,
3215 2962 3312 3015 καὶ
3335 2960 3492 3026 ἴδετε,
3546 2960 3665 3025 πῶς
3702 2962 3827 3026 ὅλος

2252 3056 2282 3109 ό
2313 3054 2513 3124 κόσμος
2538 3053 2739 3121 ὑπάγει
2766 3052 2942 3106 ὀπίσω
2970 3052 3160 3106 αὐτοῦ.
3195 3052 3286 3106 Διδ
3334 3053 3430 3108 καὶ
3461 3055 3573 3109 τῶν
3611 3054 3824 3109 κλάδων

589 3160 685 3199 sus
707 3155 830 3213 post
864 3161 986 3200 eum
1019 3146 1200 3201 vadat.
1221 3147 1453 3219 Ideoque
1472 3151 1832 3220 gestationem
1878 3168 2149 3209 ramorum

2256 3148 2332 3219 μὴ
2367 3146 2640 3210 συνιέντες
2666 3146 2728 3199 τὸ
2753 3144 3126 3217 δορυφόρημα,
3153 3145 3329 3201 Βαϐαὶ
3378 3148 3516 3202 κατὰ
3558 3148 3822 3220 μαινομέ-

586 3249 696 3290 non
743 3236 1123 3306 intelligentes,
1194 3238 1528 3295 furiosorum
1593 3257 1744 3297 more
1792 3244 2146 3302 clamabant:

584 3327 766 3395 Babzr;
821 3329 1031 3385 seducti
1082 3340 1207 3386 sunt
1267 3348 1479 3399 omnes,
1536 3349 1725 3390 omnes
1760 3336 1977 3391 inutiles
2014 3337 2150 3393 facti

585 3430 714 3475 sunt
777 3431 831 3479 et
890 3422 1242 3480 deﬂexerunt.
1301 3424 1497 3483 Proh:
1556 3426 1700 3498 leges
1754 3435 1809 3484 et
1884 3438 2152 3499 praecepta

588 3510 825 3570 Mosaica
860 3517 1548 3586 praeterexspectationem
1579 3518 1765 3574 baium
1806 3518 1963 3575 facta:
1999 3531 2148 3589 sunt,

588 3602 693 3656 hoc
719 3610 825 3666 est,
852 3604 1149 3660 secundum
1193 3609 1435 3676 ipsorum
1463 3608 1750 3673 insaniam,
1794 3609 2036 3665 redactio
2079 3612 2144 3666 ad

584 3691 894 3749 interitum.
925 3696 999 3751 Ita
1038 3698 1164 3765 'jam
1218 3707 1364 3754 recte
1405 3700 1700 3767 declarata,
1767 3715 1887 3756 mea
1931 3702 2152 3773 quidem

584 3784 866 3855 opinione,
897 3787 1141 3842 baiarum
1168 3804 1298 3845 voce
1325 3828 1345 3856 ,
1375 3776 1688 3857 dicendum,
1746 3808 1856 3862 quo
1904 3801 2065 3864 pacto
2094 3804 2151 3850 et

590 3878 947 3947 quamobrem
968 3893 997 3935 a
1024 3882 1391 3937 sanctissimis
1419 3883 1745 3954 patriarchis
1765 3892 1885 3953 post
1904 3886 2153 3940 cateche-

585 3971 671 4027 sin
701 3971 926 4029 incensa
964 3972 1181 4038 dentur,
1212 3973 1299 4029 die
1324 3974 1567 4031 baiarum
1590 3977 1931 4047 gestationis,
1963 3993 2156 4035 cruces

587 4070 641 4118 et
664 4063 829 4127 cerei,
857 4078 1048 4119 rursus
1080 4080 1271 4134 magna
1298 4064 1427 4119 feria
1446 4076 1640 4137 quarta
1669 4068 1815 4124 cerei
1832 4078 1887 4125 et
1910 4070 2154 4140 incensa,

588 4148 677 4203 die
697 4150 869 4203 sancti
902 4148 1183 4207 Paschalis
1222 4154 1576 4212 salutationes
1604 4165 1658 4211 et
1696 4158 1978 4228 tricipitia.

665 4239 905 4295 Dicimus
967 4256 1118 4308 ergo,
1159 4243 1304 4312 quod
1366 4261 1490 4299 cum
1520 4249 1670 4301 natio
1718 4247 2033 4305 Iudaeorum
2088 4254 2154 4307 ad

590 4331 769 4385 lucem
788 4333 1145 4401 cmcutiverit,
1178 4342 1232 4389 et
1259 4335 1485 4392 salutem
1513 4340 1867 4408 appellaverit
1898 4343 2150 4409 exitium,

588 4424 738 4477 velut
780 4424 1081 4478 indicatum
1136 4436 1224 4481 est
1272 4428 1432 4490 (solet
1511 4432 1655 4485 enim
1704 4436 2023 4500 usuvenire,
2092 4444 2154 4490 ut

2252 3258 2377 3305 νους
2405 3239 2658 3310 ἐϐόησαν,
2707 3237 2873 3308 βαϐαὶ
2926 3238 3123 3303 πάντες
3173 3239 3567 3310 πεπλάνηνται,
3620 3239 3823 3303 πάντες

2253 3328 2634 3401 ἠχρειώθησαν
2657 3329 2752 3383 καὶ
2782 3327 3079 3395 ἐξέκλιναν.
3133 3328 3305 3383 Βαϐαὶ
3356 3330 3466 3383 τῶν
3511 3330 3824 3385 Μωσαῖκῶν

2253 3419 2663 3489 παραγγελιῶν,
2700 3419 2850 3490 βαῖον
2873 3418 3278 3490 ἀπροσδόκητον
3310 3419 3523 3489 γέγονε,
3575 3424 3824 3475 τουτέστι

2253 3513 2393 3566 κατὰ
2450 3511 2549 3583 τὴν
2593 3511 2800 3565 τούτων
2847 3512 3105 3567 ἀπόνοιαν
3133 3550 3149 3575 ,
3210 3510 3495 3582 μεταφορὰ
3542 3512 3675 3584 πρὸς
3717 3516 3827 3567 ἀπ-

2252 3603 2469 3659 ώλειαν.
2500 3603 2658 3659 Οὕτω
2687 3603 2871 3667 καλῶς
2917 3602 3361 3674 σαφηνισθείσης,
3389 3602 3465 3669 ὡς
3492 3603 3695 3673 οἴομαι,
3722 3605 3824 3675 τῆς

2253 3696 2361 3750 τῶν
2388 3697 2563 3768 ¹βα¹1ῐων
2592 3695 2798 3766 φωνῆς,
2832 3696 3023 3769 ῥητέον
3052 3696 3201 3760 ὅπως
3222 3696 3320 3750 καὶ
3347 3695 3489 3749 διατί
3520 3695 3669 3766 παρὰ
3708 3697 3825 3750 τῶν

2254 3786 2575 3857 ἁγιωτάτων
2623 3785 2978 3858 πατριαρχῶν
3026 3786 3165 3855 μετὰ
3189 3785 3287 3857 τὴν
3324 3787 3627 3857 κατήχησιν
3658 3785 3827 3856 eum.

2256 3880 2437 3950 ἁματα
2485 3877 2740 3942 δίδονται,
2790 3880 2931 3933 κατὰ
2980 3877 3079 3950 τὴν
3127 3876 3413 3949 βαῖοφόρον
3444 3879 3669 3946 σταυροὶ
3725 3880 3825 3933 καὶ

2255 3972 2443 4041 κηρία,
2484 3970 2579 4023 καὶ
2606 3964 2761 4033 αὖθις
2784 3968 2925 4025 κατὰ
2959 3969 3057 4040 τὴν
3094 3969 3337 4040 μεγάλην
3370 3969 3603 4041 τετράδα
3652 3972 3823 4039 κηρία

2264 4067 2358 4117 καὶ
2379 4062 2723 4133 θυμιάματα,
2756 4060 2850 4115 καὶ
2888 4060 3030 4116 κατὰ
3050 4060 3110 4115 τὸ
3135 4060 3292 4130 ἅγιον
3313 4060 3504 4131 Πάσχα
3536 4060 3824 4130 demanat

2256 4156 2351 4210 καὶ
2369 4154 2691 4227 τρικέφαλα.

2323 4246 2507 4314 Φαμὲν
2539 4245 2741 4307 τοίνυν,
2772 4241 2847 4309 ὡς
2880 4241 2973 4297 τοῦ
2991 4242 3183 4312 γένους
3220 4241 3329 4296 τῶν
3376 4240 3643 4297 Ἰουδαίων
3684 4243 3825 4312 πρὸς

2254 4338 2315 4391 τὺ
2342 4337 2457 4407 φῶς
2490 4335 2925 4404 ὰϐλεπτήσαντος
2945 4374 2962 4398 ,
3009 4335 3105 4389 καὶ
3134 4333 3233 4406 τὴν
3270 4337 3546 4406 σωτηρίαν
3575 4337 3824 4391 πανωλε-

2257 4436 2413 4507 Θρίαν
2462 4434 2955 4502 κατονομάσαντος,
3013 4430 3090 4497 ὡς
3137 4433 3467 4503 διείληπται,
3525 4433 3659 4498 (τοῖς
3711 4436 3825 4507 γὰρ

587 4524 853 4593 aurugine
908 4524 1281 4580 laborantibus
1316 4529 1419 4581 mel
1454 4529 1525 4581 sit
1560 4534 1830 4594 amarum)
1860 4572 1874 4598 ,
1942 4550 2041 4589 nos
2074 4535 2151 4589 eis

2260 4526 2537 4599 ίκτεριῶσι
2563 4526 2623 4579 τὸ
2652 4526 2772 4595 μέλι
2798 4524 2993 4594 πικρόν
3012 4522 3204 4597 ἐστιν),
3238 4526 3399 4595 ἡμεῖς
3414 4527 3677 4580 τάναντία
3696 4527 3826 4580 τού-

591 4613 871 4668 coutraria
938 4618 1236 4673 sentientes
1288 4626 1342 4674 et
1393 4619 1671 4685 facientes,
1697 4623 1921 4695 (quippe
1980 4626 2151 4680 solem

2253 4638 2365 4684 τοις
2394 4620 2715 4691 φρονοῦντες
2740 4618 2833 4672 καὶ
2863 4619 3189 4687 πράττοντες
3235 4618 3674 4689 (ἀσκαρδαμυκτὶ
3711 4620 3823 4690 γὰρ

588 4722 699 4759 non
731 4707 1153 4763 conniventibus
1178 4712 1356 4765 oculis
1390 4713 1843 4783 intuemur),eum
1870 4730 2151 4771 ramorum

2254 4716 2345 4765 τὸν
2393 4712 2545 4781 ἥλιον
2596 4709 2887 4780 βλέπομεν)
2938 4708 3407 4779 κλαδηφοροῦντες
3453 4712 3825 4781 πανηγυρίζει-

587 4800 887 4868 gestatione
959 4809 1259 4860 conventus
1325 4803 1663 4861 celebremus
1739 4812 1799 4861 et
1885 4806 2151 4863 insaniam

2260 4823 2380 4876 μεν,
2410 4804 2502 4858 καὶ
2531 4805 2628 4874 τὴν
2656 4803 2879 4855 ἐκείνων
2907 4802 3165 4855 ἀπόνοιαν
3206 4800 3651 4872 Θριαμϐεύοντες,
3694 4806 3823 4859 θέα-

589 4889 831 4959 ipsorum
889 4894 1034 4947 velut
1094 4895 1147 4951 in
1183 4895 1459 4966 triumpho
1502 4898 1851 4967 spectandam
1879 4898 2150 4955 exhiben-

2256 4913 2384 4968 τρον
2436 4895 2546 4966 γὰρ
2595 4896 2691 4948 καὶ
2733 4893 3041 4964 ἀνθρώποις
3078 4894 3427 4963 γεγόνασιν),
3458 4895 3827 4965 ὁμολογοῦμει

588 4993 672 5039 tes
699 4986 848 5047 (lacti
877 4989 1161 5041 suntcnim
1210 4989 1578 5059 spectaculum
1620 4989 1979 5059 mortalibus),
2015 5005 2151 5044 con-

2258 4988 2355 5042 καὶ
2383 4986 2485 5041 οὐκ
2515 4985 2850 5056 ἀρνούμεθα,
2894 4984 3047 5055 βαΐον
3089 4986 3375 5052 γεγονέναι
3431 4989 3527 5055 τῆς
3568 4991 3821 5049 πίστεως·

591 5078 857 5134 titeamur.
908 5092 969 5130 ac
1029 5094 1366 5146 nequaquam
1427 5079 1753 5142 inliciemur.
1796 5096 1900 5135 nos
1929 5082 2151 5149 quidem

2258 5082 2372 5135 ἀλλ’
2410 5082 2475 5134 ἐκ
2513 5081 2672 5143 σκιᾶς
2733 5080 2870 5150 πρὸς
2924 5078 3204 5146 ἀλήθειαν,
3256 5081 3370 5132 ἀλλ’
3404 5083 3482 5144 είς
3525 5082 3823 5134 ἁθανασῖαν

590 5184 715 5222 esse
756 5167 927 5222 factos
955 5159 1152 5223 'haium
1222 5170 1380 5235 ﬁdei;
1414 5170 1507 5225 sed
1542 5187 1605 5226 ex
1642 5172 1833 5226 umbra
1856 5171 1921 5225 ad
1959 5172 2151 5227 verita-

2255 5174 2367 5227 ἀπὸ
2412 5173 2739 5243 θνητότητος
2763 5187 2777 5202 ⁸
2813 5171 2908 5223 καὶ
2946 5170 3071 5238 βαΐα
3100 5171 3224 5235 τοὺς
3266 5172 3497 5235 κλάδους
3523 5175 3825 5243 κατονομά-

602 5271 738 5323 tem,
775 5259 867 5313 sed
900 5259 963 5311 atl
994 5259 1455 5314 immortalitatem
1480 5276 1547 5315 ex
1566 5262 1897 5316 mortalitate
1927 5278 1942 5315 :
1981 5277 2151 5332 neque

2262 5267 2466 5330 ζοντες,
2518 5264 2619 5316 οὐκ
2669 5260 3130 5330 ἐπαισχυνόμεθα.
3182 5261 3338 5313 Οὕτω
3367 5263 3691 5332 φρονοῦντες
3730 5264 3825 5315 καὶ

606 5367 705 5404 nos
747 5352 910 5419 pudet
968 5367 1150 5405 rumos
1192 5353 1312 5405 illos
1363 5353 1636 5423 appellare
1687 5354 1831 5410 baia.
1870 5352 1928 5409 ln
1967 5355 2151 5409 eadem

2259 5357 2309 5409 el
2341 5355 2652 5409 πιστότατοι
2716 5351 2976 5420 βασιλεῖς,
3007 5353 3127 5414 ταῖς
3180 5352 3415 5421 ἐτησίοις
3469 5354 3655 5425 ρἇαις
3691 5353 3821 5423 βαΐα

598 5446 924 5497 insistentes
945 5445 1140 5513 Opione
1157 5444 1454 5501 fidelissimi
1481 5446 1773 5515 principes,
1796 5446 1995 5500 annuis
2015 5446 2151 5516 rogis

2263 5447 2749 5517 συνεπρυτάνευον,
2787 5444 2844 5510 ἐξ
2894 5443 3136 5515 ἀργύρου
3162 5444 3329 5514 ,τυχὸν
3374 5445 3407 5513 ἢ
3440 5444 3641 5517 χρυσοῦ
3691 5445 3823 5497 καλ-

602 5535 722 5586 lvuia
762 5536 1083 5599 miscebant,
1116 5550 1341 5604 argento
1402 5550 1531 5608 puta
1566 5539 1652 5590 vel
1707 5553 1841 5591 auro
1874 5548 2151 5593 exornata.

2261 5538 2548 5607 λυνόμενα.
2582 5534 2905 5604 Συνὲχαιρον
2966 5534 3075 5601 γὰρ
3120 5534 3233 5596 τοίς
3285 5532 3620 5601 λαμϐάνουσι
3652 5531 3825 5586 ταῦτα

598 5624 809 5692 Quippe
859 5628 1384 5695 congratulahuutur
1417 5630 1510 5689 iis,
1562 5630 1654 5697 qui
1686 5628 1797 5681 haec
1852 5643 2151 5696 conseque-

2261 5627 2599 5698 όρθοδοξοῠσι
2648 5625 2716 5680 τὰ
2772 5626 2905 5693 πρδς
2941 5625 3094 5690 Θεὸν,
3162 5626 3256 5677 καὶ
3331 5624 3702 5695 εὐνοουμένοις
3757 5625 3824 5676 τὰ

606 5720 825 5779 bantur,
862 5719 1002 5771 uelut
1030 5720 1350 5772 ortlmalosis
1380 5735 1505 5789 erga
1540 5720 1726 5781 "cum,
1757 5731 1807 5774 et
1861 5722 2005 5789 ipsos
2030 5736 2151 5787 erga

2266 5724 2399 5786 πρὸς
2437 5718 2652 5779 αὐτούς.
2701 5717 2851 5769 Ἐπεὶ
2886 5717 2941 5767 δὲ
2970 5715 3077 5765 τῶν
3122 5715 3219 5783 μὲν
3262 5715 3521 5784 βασιλέων
3545 5718 3601 5769 αι
3644 5717 3820 5786 ῥόγσιι,

608 5810 877 5879 principes
914 5810 1209 5865 benevolis.
1243 5811 1376 5875 Quia
1411 5827 1537 5866 vero
1567 5814 1871 5880 principum
1935 5813 2151 5880 qtidetn

2264 5810 2355 5859 mi.
2391 5805 2495 5857 τῶν
2526 5806 2691 5875 βχῒων
2718 5808 2779 5858 τᾶ
2810 5804 2945 5875 ἄνθη
2974 5805 3039 5856 ti
3070 5805 3293 5866 ταύταις
3336 5806 3817 5864 συνανατέλλοντα,
