4136 6308
363 382 504 446 1069
1780 391 2200 455 MEDITATA.
3461 391 3602 454 1070

375 515 482 586 πρὸ
499 515 705 586 χρόνων
742 514 1057 586 ἐσχόλασαν,
1074 516 1140 569 δι’
1160 514 1227 586 ἦν
1246 513 1422 569 αἰτίαν
1453 514 1657 568 ἄνωθεν
1679 512 1924 584 εἴπομεν·
1959 519 2002 574 Α

1965 519 2002 574 Α
2032 527 2174 582 rogas
2193 513 2546 583 baiorumque
2572 514 2747 575 ﬂores,
2773 513 2863 584 qui
2888 528 3009 568 cum
3035 515 3179 584 rogis
3195 513 3598 569 exoriebantur.

375 607 487 661 τῶν
514 607 570 660 δὲ
595 605 755 660 θείων
789 608 1143 678 πατριαρχῶν
1172 609 1227 662 αἱ
1279 608 1439 677 ρόγαι
1494 604 1935 678 δημοσιεύονται,

2043 613 2171 657 ante
2211 602 2414 657 mullos
2452 618 2623 658 annos
2679 603 2959 659 desierunt
3000 619 3068 658 ex
3116 618 3180 658 ea
3206 618 3404 666 causa,»
3439 619 3597 671 quam

376 701 471 755 καὶ
507 701 535 768 ή
573 700 818 768 συνήθως
847 701 1096 771 διδομένη
1127 701 1262 770 ῥόγα
1286 701 1425 753 κατὰ
1446 701 1544 770 τὴν
1574 699 1776 770 κυρίως
1798 700 1938 753 ἀπό-

2043 695 2448 763 indicavimus;
2508 713 2635 753 cum
2709 713 2852 768 rogat
2935 698 3366 768 patriarcharum
3413 688 3595 751 adhuc

373 805 543 857 κρεω,
568 790 648 852 είς
677 789 773 856 τὴν
827 788 1061 857 ἐτησίως
1119 789 1518 860 προϐαίνουσαν
1551 789 1938 859 ὲκκλησιαστιυ

2043 789 2095 846 in
2127 803 2228 844 usu
2291 791 2512 857 publico
2539 790 2672 856 sint,
2712 803 2942 860 qumque
2974 805 3074 860 pro
3100 804 3249 844 more
3277 789 3437 844 datur
3464 803 3594 859 τοδε

381 880 483 949 κήν
512 881 678 951 ρόγαν
709 878 850 932 κατὰ
877 880 976 949 τὴν
1016 880 1261 949 μεγάλην
1287 882 1475 949 τρίτην
1523 881 1810 951 μετέπεσε,
1839 897 1940 932 κα-

2039 879 2130 932 die
2158 880 2341 934 carnis
2368 881 2552 950 privii,
2577 881 2659 935 sic
2682 882 2969 934 immutata
3003 882 3096 945 sit,
3116 889 3175 934 ut
3205 881 3258 934 iu
3276 882 3595 935 anniversa-

379 970 506 1032 θὼς,
557 970 623 1023 τὰ
657 969 860 1022 παλαιὰ
910 969 1130 1024 λαλοῦσι
1179 971 1425 1042 ρογάλια,
1461 969 1695 1023 διδόασιν
1737 972 1786 1022 οἱ
1834 987 1940 1022 πα-

2042 970 2178 1023 riam
2222 984 2403 1040 rogant
2463 973 2892 1041 ecclesiasticam
2954 987 3163 1041 magum
3219 971 3364 1026 ferite
3419 975 3591 1028 tertia:

380 1062 628 1132 τριάρχαι
685 1060 824 1132 μετὰ
868 1060 965 1132 τὴν
1007 1063 1308 1133 κατήχησιν
1339 1061 1416 1132 τῷ
1448 1061 1562 1133 λαῷ
1590 1063 1665 1124 ὼς
1711 1062 1836 1130 βαῖα
1870 1062 1938 1114 τὰ

2039 1059 2264 1125 incidat,
2297 1061 2752 1130 quemadmodum
2771 1062 2992 1131 antiqua
3016 1061 3238 1132 Rogalia
3265 1063 3592 1132 loquuntur:

329 1141 332 1145 ’
379 1152 730 1220 θυμιάματω
784 1153 1237 1222 παρεγγυώμενοι
1278 1153 1344 1205 δι’
1391 1153 1570 1206 αὐτῶν
1596 1153 1795 1210 ὡσανεὶ
1826 1155 1934 1216 τοῖς

2040 1152 2246 1207 idcirco
2298 1153 2430 1208 dant
2482 1154 2807 1223 patriarcha:
2858 1155 3060 1223 popqu
3112 1163 3236 1223 post
3280 1156 3594 1210 catecltesin

382 1245 736 1312 λαμϐάνουσι,
782 1248 1110 1313 μεταπεσεῖν
1165 1248 1229 1299 ὲκ
1267 1247 1366 1315 τῆς
1398 1247 1608 1316 φαύλης
1638 1246 1932 1316 διαγωγῆς,

2038 1245 2280 1309 incensa,
2303 1246 2424 1300 loco
2456 1246 2700 1300 baiorum
2727 1265 2743 1308 ;
2774 1246 2920 1300 velut
2942 1246 3295 1300 admonentes
3333 1247 3474 1311 illos,
3495 1249 3595 1316 qui

377 1334 558 1398 καθώς
585 1353 686 1389 που
735 1337 828 1390 καὶ
860 1337 1267 1407 καθηγήθησαν,
1301 1337 1392 1390 καὶ
1450 1337 1518 1390 δι’
1573 1338 1932 1407 ὀλιγοημέρου

2035 1349 2096 1388 ea
2128 1347 2370 1400 sumunt,
2400 1345 2458 1389 ut
2479 1340 2742 1392 rationem
2767 1337 2981 1392 vivendi
3012 1352 3230 1406 pravam
3257 1337 3593 1407 relinquant,

376 1427 708 1495 ἐπιστροφῆς
739 1424 1012 1494 βασιλείαν
1042 1427 1257 1480 αἰώνιον
1284 1427 1733 1493 ἀνταλλάξασθαι.
1766 1429 1935 1482 Εύτε-

2035 1423 2177 1478 sicut
2211 1425 2388 1481 edocti
2424 1425 2551 1489 sint,
2584 1440 2647 1479 ac
2680 1442 2775 1495 per
2821 1428 3234 1482 conversionem
3287 1443 3592 1497 paucorum

373 1516 488 1570 λέσι
514 1517 571 1570 δὲ
611 1518 914 1587 θυμιάμασι
935 1518 1073 1571 κατὰ
1103 1518 1497 1588 σμικρολόγους
1527 1521 1620 1570 καὶ
1653 1519 1926 1589 κέμϐικας

2034 1514 2246 1570 dierum
2310 1516 2413 1570 sibi
2481 1531 2705 1584 regnum
2740 1517 2871 1570 illud
2930 1527 3193 1572 aeternum
3246 1533 3590 1590 comparent.

372 1610 474 1662 οὐκ
494 1609 833 1664 ὲλαττονοῦσι
859 1609 919 1663 τὸ
953 1612 1237 1679 μεγαλεῖον
1272 1611 1364 1662 τοῦ
1402 1610 1749 1680 Πνεῦματος·
1793 1611 1934 1681 (πῶς

2032 1606 2300 1661 Ceterum
2338 1622 2433 1677 per
2457 1606 2569 1661 haec
2594 1608 2814 1664 incensa
2846 1609 2977 1664 vilis
3005 1610 3189 1678 pretii,
3229 1625 3379 1665 more
3403 1626 3597 1680 parro-

373 1699 480 1767 γὰρ
521 1700 569 1752 oi
606 1702 781 1752 πᾶσαν
813 1699 909 1769 τὴν
953 1700 1278 1769 οἰκουμένην
1337 1699 1765 1769 φιλανθρωπίαις
1797 1716 1935 1759 παν-

2033 1713 2153 1755 rum
2187 1700 2470 1753 hominum
2509 1708 2563 1753 et
2616 1713 2933 1763 avarorum,
2990 1699 3329 1767 majestatem
3356 1701 3589 1771 spiritus

372 1788 630 1852 τοδαπαῖς
685 1792 1098 1860 σαγηνεύοντες,
1154 1791 1247 1844 καὶ
1292 1793 1470 1852 πᾶσαν
1524 1791 1928 1860 πενητεύουσαν
1967 1855 1996 1861 _

1967 1855 1996 1861 _
2034 1804 2140 1843 non
2196 1789 2554 1855 deminuunt,
2589 1789 2718 1860 (quo
2773 1791 2917 1844 enim
2964 1790 3015 1844 id
3055 1800 3214 1861 pacto
3267 1791 3502 1845 facerent
3531 1790 3589 1854 ii,

373 1880 750 1945 αὐλακίζοντες
811 1883 1070 1953 ἄρουραν,
1127 1885 1220 1936 καὶ
1289 1882 1557 1953 πολύχουν
1608 1882 1928 1953 εὐεργεσίας
1967 1855 2003 1908 Β

1967 1855 2003 1908 Β
2033 1881 2126 1949 qui
2175 1892 2445 1936 terrarum
2495 1881 2682 1935 orbem
2737 1881 3054 1935 universum
3091 1881 3264 1935 variis
3313 1882 3589 1954 beneﬂciis

371 1970 672 2049 θερίζοντες
692 1972 972 2043 ﬁnalem)
1009 1973 1144 2026 am
1179 1975 1274 2043 τῆς
1305 1974 1518 2046 ἡμέρας
1553 1974 1650 2043 τήν
1699 1974 1926 2043 δύναμιν

2036 1973 2309 2035 irretiunt,
2341 1980 2395 2027 et
2414 1987 2576 2028 omne
2599 1987 2785 2027 arvum
2811 1973 2995 2028 sterile
3019 1973 3248 2038 sulcant,
3275 1972 3591 2041 opituasque

370 2060 745 2132 αἰνιττόμενοι,
770 2064 863 2123 καὶ
890 2062 1230 2127 διδάσκοντες
1249 2065 1486 2135 ὡσπερεὶ
1504 2064 1572 2118 δι’
1599 2065 1776 2119 αὐτῶν
1799 2067 1927 2127 τοὺς

2035 2063 2406 2138 beneficentia:
2460 2063 2640 2132 spicas
2693 2063 2958 2135 metunt?)
3018 2061 3111 2116 sed
3157 2063 3424 2117 occultam
3474 2062 3593 2130 ejus

370 2152 760 2221 λαμϐάνοντας,
789 2155 974 2207 ὁποῖον
1007 2150 1146 2208 εἷναι
1167 2155 1248 2207 δεῖ
1269 2139 1329 2208 τὸ
1349 2154 1575 2225 ψυχικὸν
1602 2156 1926 2226 κατάστημα

2033 2154 2141 2211 diei
2170 2155 2278 2210 vim
2304 2155 2542 2209 indicare
2569 2155 2777 2218 volunt,
2810 2155 3070 2224 quasiun
3101 2155 3300 2209 docere
3333 2169 3427 2224 per
3477 2155 3595 2209 hate

371 2243 465 2295 τοῦ
489 2243 854 2312 νηστεύοντος,
889 2246 982 2300 καὶ
1016 2247 1114 2316 τῆς
1142 2245 1431 2314 μετανοίας
1465 2246 1523 2298 τὸ
1543 2246 1924 2317 ὁλοκαύτωμα,

2032 2255 2146 2304 eos,
2201 2239 2294 2310 qui
2323 2255 2384 2295 ea
2419 2247 2664 2308 sumunt,
2697 2243 2873 2313 qualis
2901 2256 3026 2297 esse
3057 2241 3254 2296 debeat
3287 2242 3454 2296 animi
3486 2254 3596 2298 sta-

374 2333 463 2387 κτὶ
496 2335 593 2402 τῆς
622 2337 929 2406 προσευχῆς
953 2337 1016 2389 τὸ
1045 2336 1316 2407 θυμίαμα.
1349 2337 1456 2390 Καὶ
1487 2339 1608 2390 τότε
1655 2338 1755 2407 μὲν
1787 2320 1928 2394 οὕτω

2033 2341 2122 2388 tus
2147 2333 2200 2387 in
2219 2347 2305 2399 eo,
2322 2332 2414 2405 qui
2435 2333 2702 2403 jejunium
2731 2333 3006 2396 observat,
3032 2335 3192 2402 quale
3216 2335 3589 2390 holocaustum

372 2421 757 2476 κατευθύνουσι
780 2424 878 2492 τῆς
910 2425 1161 2496 νηστείας
1195 2425 1255 2480 τὸ
1278 2425 1514 2480 στάδιον.
1555 2426 1713 2480 Κατὰ
1736 2428 1792 2481 δὲ
1824 2429 1925 2499 τὴν

2031 2423 2399 2492 paenitentiae,
2460 2433 2514 2478 et
2569 2425 2899 2494 precationis
2955 2426 3291 2480 incensum.‘
3329 2427 3408 2480 Ac
3461 2435 3590 2481 tunc

371 2510 468 2577 τῆς
509 2509 796 2584 βαῐοφόρου
828 2515 1170 2584 χαρμόσυνον
1200 2516 1565 2586 κυριώνυμον,
1593 2518 1667 2580 ὡς
1697 2517 1924 2572 ἀθλοθέο

2031 2513 2250 2581 quidem
2309 2513 2380 2566 ita
2435 2513 2627 2582 jejunii
2661 2512 2996 2567 curriculum
3051 2513 3313 2583 dirigunt.
3340 2513 3409 2568 At
3458 2529 3582 2566 vero

372 2613 461 2651 ται
487 2599 823 2665 καθίσαντες,
853 2601 1125 2671 (Ἐκάθισε
1157 2602 1285 2674 γὰρ,
1321 2605 1507 2672 φησιν,
1537 2604 1566 2657 ὀ
1621 2605 1821 2674 κρίνων
1849 2605 1928 2661 διο

2032 2604 2151 2658 lteta
2184 2603 2270 2658 illa
2295 2605 2383 2658 die
2408 2602 2690 2658 Dominica
2718 2603 2966 2658 baioruut
2999 2606 3341 2675 gestationis,
3395 2607 3601 2659 sedeo--

373 2686 716 2758 καιοσύνην,)
755 2690 1056 2754 δεξιοῦνται
1085 2693 1210 2756 τοὺς
1233 2692 1293 2746 τὸ
1328 2696 1666 2765 παγκράτιον
1691 2696 1790 2765 τῆς
1828 2715 1925 2767 νη·-

2029 2702 2118 2750 tes
2146 2710 2246 2762 pro
2280 2709 2432 2750 more
2455 2695 2901 2750 distribuentium
2958 2696 3178 2765 praemia
3211 2697 3431 2768 (quippe
3459 2711 3590 2751 eon-

375 2779 558 2842 στείας
608 2782 957 2852 νικήσαντας,
1036 2784 1230 2855 τιμίων
1294 2785 1388 2840 καὶ
1448 2784 1616 2853 ἁγίων
1681 2788 1927 2856 σταυρῶν

2031 2786 2189 2849 sedit,
2206 2787 2456 2857 inquiunt
2473 2785 2687 2842 Litterae
2714 2801 2904 2850 sacras,
2931 2786 3021 2855 qui
3040 2786 3248 2854 iudicat
3267 2787 3586 2856 justitiam).

371 2868 693 2939 ἁγιάσμασι,
747 2873 838 2925 καὶ
893 2872 1096 2943 κηρίων
1168 2874 1488 2943 φωτοϐόλων
1553 2877 1924 2946 χαρίσμασιν.

2033 2875 2274 2934 victores
2334 2876 2388 2930 in
2437 2877 2734 2931 certamine
2754 2875 2946 2945 jejunii
2979 2877 3335 2946 pretiosarum
3370 2888 3587 2933 sancta-

375 2959 509 3013 Οὐδὲ
546 2961 651 3032 γὰρ
684 2962 896 3021 θέλουσι
963 2969 1286 3037 σκιαμαχεῖν
1332 2967 1461 3031 τοὺς
1520 2967 1746 3032 πιστοὺς
1803 2968 1924 3030 κατ’

2031 2981 2262 3037 rumque
2340 2967 2586 3024 crucium
2675 2962 3117 3032 lustrationibus,
3177 2976 3232 3023 et
3303 2983 3583 3024 ccreorum

373 3051 608 3116 ἐκείνους
633 3054 756 3117 τοὺς
780 3055 1162 3126 νηπιόφρονας,
1197 3057 1310 3110 ἀλλ’
1337 3057 1412 3122 ὡς
1441 3059 1542 3129 ήδη
1597 3059 1698 3127 τῆς
1725 3058 1926 3113 δικαιο-

2030 3060 2324 3115 lucentium
2355 3057 2518 3114 donis
2544 3059 2849 3129 excipiunt.
2870 3059 3081 3130 Quippe
3102 3073 3211 3113 non
3241 3073 3358 3113 cum
3377 3061 3585 3114 umbris

377 3141 539 3212 σύνης
566 3143 655 3196 τὸν
697 3145 844 3214 ἥλιον
891 3146 1207 3215 βλέποντας,
1235 3147 1334 3221 τὴν
1372 3133 1500 3202 νέαν
1529 3148 1665 3202 Σιὼν
1683 3151 1771 3206 διὰ
1811 3153 1926 3206 πῶς
1953 3190 1998 3250 c

1953 3190 1998 3250 Β
2028 3151 2298 3209 dimicare
2330 3150 2525 3207 fideles
2549 3151 2761 3217 volunt,
2793 3149 3067 3206 fatuorum
3119 3164 3267 3206 more
3288 3189 3310 3219 ,
3350 3151 3444 3206 sed
3491 3166 3586 3206 eos

372 3232 463 3284 λου
502 3234 819 3300 φωτῐζοντα,
879 3237 1279 3308 προτρέπονται
1323 3238 1391 3292 δι’
1429 3240 1607 3293 αὐτῶν
1655 3243 1768 3305 τοῖς
1825 3243 1923 3314 ἤδη
1956 3232 1998 3250 “”

1956 3232 1998 3250 “”
2030 3243 2198 3298 veluti
2222 3243 2334 3313 jam
2386 3241 2718 3309 aspicientes
2745 3241 2982 3311 iustitia?
3028 3241 3224 3308 solem,
3253 3241 3347 3310 qui
3391 3257 3584 3295 novam

371 3327 688 3394 νηστεύουσι
721 3330 973 3397 νηστείαν
1000 3329 1284 3402 Κυριακὴν
1324 3331 1924 3404 τεσσαρακονθήμερρνιν,

2035 3332 2253 3394 Sionetn
2288 3348 2383 3401 per
2409 3333 2612 3403 pullum
2633 3332 2924 3395 illuminat,
2957 3347 3052 3400 per
3076 3325 3188 3386 hac
3209 3333 3585 3397 exhortantur,

372 3420 464 3477 καὶ
501 3419 609 3471 τῶν
659 3420 846 3474 παθῶν
898 3421 964 3474 τὰ
999 3422 1133 3493 νέφη
1199 3421 1462 3489 διώξασι,
1515 3427 1928 3484 συνανατέλλενιν

2027 3432 2087 3480 ut
2119 3423 2370 3498 absoluto
2401 3421 2684 3476 Dominico
2711 3421 2919 3475 dierum
2947 3420 3302 3490 quadraginta
3355 3420 3587 3490 jejunio,

373 3509 514 3578 μετὰ
540 3510 633 3565 τοῦ
662 3513 940 3579 γίγαντος.
965 3512 1102 3566 But:
1127 3512 1227 3583 μὲν
1262 3504 1548 3584 κατέχουσι
1575 3519 1694 3581 ταῖς
1744 3519 1926 3587 χερσὶ,

2027 3522 2080 3569 et
2108 3514 2348 3572 nubibus
2374 3513 2630 3568 vitiorum
2663 3512 2927 3581 expulsis,
2957 3526 3059 3565 una
3083 3527 3207 3565 cum
3243 3513 3343 3566 hoc
3373 3513 3586 3582 gigante

367 3599 458 3653 διὰ
487 3599 549 3656 τὸ
579 3604 902 3670 μεταπεσεῖν
929 3602 987 3667 ἐξ
1017 3604 1296 3674 ὲμπαθοῦς
1318 3609 1409 3658 καὶ
1443 3608 1758 3676 κοινοτέρας
1791 3609 1926 3671 ἴσως

2026 3602 2197 3671 (dicto
2225 3604 2490 3662 nimirum
2523 3602 2659 3673 sole)
2691 3603 3027 3656 exoriautur.
3088 3599 3151 3654 Et
3186 3601 3308 3656 baia
3363 3601 3583 3671 quidem

368 3688 644 3761 διαγωγῆς
699 3694 837 3762 πρὸς
874 3693 1214 3764 ὑψηλοτέραν
1271 3695 1366 3749 καὶ
1421 3695 1606 3766 ἅπαθῆ
1629 3712 1645 3729 ·
1683 3697 1845 3768 κηρία
1868 3697 1927 3759 δὲ

2027 3695 2281 3748 manibus
2304 3703 2597 3764 propterea
2652 3700 2858 3759 tenent,
2913 3691 3058 3762 quod
3122 3692 3358 3747 traducti
3413 3695 3582 3748 sint:

371 3782 461 3838 καὶ
497 3783 786 3852 σταυροὺς.
810 3784 900 3838 διὰ
923 3788 985 3838 τὸ
1018 3785 1345 3842 καταϐαλεῖν
1369 3787 1506 3856 μετὰ
1544 3787 1636 3851 τοῦ
1667 3788 1764 3857 τῆς
1791 3788 1927 3859 alr;—

2025 3784 2218 3838 vitiosa
2246 3783 2580 3854 profanaque
2605 3782 2838 3840 fortasse
2864 3783 2998 3846 vita,
3028 3783 3092 3838 ad
3120 3782 3495 3839 sublimiorem
3527 3797 3582 3839 et

375 3869 522 3934 θείας
549 3873 726 3941 φωτὸς
778 3873 840 3927 τὸ
903 3875 1218 3945 ἀρχέκακον
1263 3877 1436 3930 Σατὰν
1477 3877 1572 3932 καὶ
1615 3879 1925 3932 ἀντίπαλον.

2025 3877 2285 3932 vitiorum
2337 3884 2656 3947 expertem:
2707 3891 2897 3932 cereos
2946 3891 3076 3932 vero
3127 3891 3249 3931 cum
3299 3878 3581 3938 crucibus.

373 3961 479 4014 Καὶ
501 3963 550 4014 τί
573 3963 680 4038 γὰρ
700 3961 826 4020 ἄλλο
855 3963 1025 4034 δῶρον
1048 3963 1332 4034 δοθήσεται
1363 3967 1473 4026 τοῖς
1502 3965 1570 4018 δι’
1596 3966 1927 4036 ἐγκρατείας

2025 3967 2170 4037 quod
2207 3983 2331 4022 cum
2360 3968 2566 4024 lumine
2587 3968 2835 4024 veritatis
2858 3975 3132 4023 auctorem
3173 3969 3352 4022 omnis
3381 3969 3507 4022 mali
3529 3980 3582 4022 et

372 4055 624 4122 νικήσασι
676 4055 736 4111 τὸ
774 4055 918 4124 μέγα
965 4055 1064 4126 τῆς
1119 4056 1371 4124 νηστείας
1417 4056 1773 4128 παγκράτιον,
1827 4055 1923 4110 τοῦ

2027 4060 2406 4115 adversarium
2464 4075 2626 4117 suum
2708 4059 2963 4115 Satanam
3027 4059 3459 4130 prostravcriut.
3521 4061 3634 4129 lit,

370 4143 697 4215 τριποθήτου
733 4144 877 4203 θείου
926 4144 1158 4215 σταυροῦ
1209 4145 1553 4217 τιμιώτερον,
1610 4146 1702 4200 τοῦ
1753 4147 1926 4216 μύλας

2026 4154 2296 4224 quodnam
2328 4153 2473 4208 aliud
2504 4155 2704 4209 donum
2733 4153 2821 4219 iis,
2844 4153 2938 4222 qui
2971 4168 3068 4223 per
3116 4154 3501 4209 continentiam
3526 4152 3578 4226 in

377 4235 504 4306 ᾅδου
537 4236 832 4305 παμφάγου
862 4235 1265 4307 συντρίψαντος,
1300 4238 1395 4290 καὶ
1431 4237 1603 4300 πύλας
1659 4237 1804 4307 ζωῆς
1847 4239 1924 4309 τῷ

2025 4243 2120 4297 illo
2154 4257 2346 4311 magno
2372 4243 2562 4312 jejunii
2622 4243 2921 4297 certamine
2969 4243 3199 4298 victores
3253 4243 3579 4309 exstiterint,

373 4329 519 4394 γένει
574 4329 680 4380 τῶν
709 4329 1010 4399 ἀνθρώπων
1069 4329 1417 4396 ἀνοίξαντοςς
1470 4330 1692 4390 Πάντως
1743 4331 1923 4384 ούδένο

2026 4332 2144 4386 dari
2200 4333 2489 4402 pretiosius
2566 4322 2740 4403 possit
2793 4333 3128 4402 optatissima
3181 4347 3336 4390 sacra
3394 4349 3576 4394 cruce.

371 4419 424 4470 εί
471 4418 546 4486 μή
583 4433 664 4480 τις
705 4419 844 4471 εἴποι
895 4418 985 4470 τὸν
1016 4416 1082 4471 δι’
1116 4416 1280 4472 αὐτοῦ
1335 4417 1432 4488 τὴν
1473 4418 1745 4487 σωτηρίαν
1793 4421 1923 4488 ἡμῖν

2024 4436 2146 4490 quae
2168 4424 2349 4476 omnia
2374 4423 2689 4483 devorantis
2715 4421 2912 4476 inferni
2941 4423 3209 4493 genuinos
3234 4423 3576 4486 comminuit,

371 4508 716 4579 σχεδιάσαντα
756 4506 960 4578 Ἰησοῦν
989 4508 1222 4578 Χριστὸν
1253 4509 1345 4561 καὶ
1384 4507 1516 4561 Θεὸν
1545 4507 1720 4577 ἡμῶν.
1766 4509 1917 4562 Ἐπεὶ
1950 4514 1993 4570 ι)

1950 4514 2076 4570 Det
2131 4512 2367 4566 humano
2431 4512 2610 4580 genen‘
2661 4513 2786 4567 vita;
2818 4522 3002 4581 portas
3048 4513 3308 4582 aperuit?
3357 4514 3578 4570 omnino

367 4600 425 4652 δὲ
452 4600 544 4652 καὶ
574 4599 797 4669 βασιλέα
827 4600 1047 4660 πολλαῖς
1068 4599 1538 4670 δορυφορούμενον
1569 4600 1918 4669 κυριότησιν,

2023 4602 2257 4663 nullum,
2285 4601 2390 4656 nisi
2413 4601 2536 4669 quis
2559 4599 2739 4656 dicere
2757 4602 2882 4657 velit
2902 4601 3086 4656 Jesum
3109 4603 3383 4660 Christum
3407 4601 3574 4657 Deum

368 4691 586 4760 ὰμέσως
619 4690 651 4761 ἢ
685 4692 824 4743 κατὰ
852 4690 1095 4762 ῥυπαροῦ
1125 4691 1552 4762 καταστήματος
1577 4691 1678 4743 οὐκ
1709 4690 1920 4755 ἔξεστιν

2023 4703 2290 4753 nostrum,
2324 4692 2415 4762 qui
2450 4706 2545 4760 per
2581 4705 2798 4747 crucem
2827 4693 2984 4747 nobis
3005 4694 3232 4749 salutem
3263 4695 3575 4763 acquisivit.

372 4781 749 4846 ὑποδέξασθαι,
782 4783 895 4835 Νῦν
929 4782 1052 4853 μὲν,
1091 4782 1257 4852 φησὶν
1303 4783 1331 4834 ὁ
1388 4782 1558 4851 μέγας
1611 4781 1915 4852 ἀρχιερεὺς,

2023 4782 2081 4836 Et
2115 4785 2371 4850 quoniam
2424 4799 2601 4852 regem
2637 4784 2932 4838 multorum
2958 4783 3334 4839 dominatuum
3373 4787 3579 4841 satelli-

366 4875 478 4934 τοῖς
505 4875 838 4946 ἀγχεμάχοις
865 4872 1328 4944 συναριθμήθητε,
1382 4876 1492 4935 τοῖς
1542 4873 1918 4941 σφενδονήταις

2025 4877 2101 4930 tio
2140 4878 2399 4944 stipatum
2435 4875 2556 4930 sine
2588 4875 2791 4939 medio,
2842 4875 2926 4929 vel
2982 4891 3106 4929 cum
3161 4885 3301 4929 statu
3358 4877 3580 4952 sordido

370 4965 837 5036 συστοιχειὼθητε,
867 4967 981 5028 τοῖς
1014 4966 1358 5027 ἀκοντισταῖς
1419 4964 1777 5034 συνανάϐητε,
1826 4961 1922 5016 καὶ

2023 4982 2132 5020 nou
2165 4967 2289 5019 licet
2318 4965 2566 5034 excipere
2595 4981 2610 5031 ;
2639 4962 2794 5019 Nunc
2845 4966 3082 5034 quidem,
3129 4956 3304 5033 inquit
3355 4983 3578 5036 magnus

370 5057 482 5119 τοῖς
514 5058 929 5125 τροπαιοφόροις
964 5055 1404 5123 συνανακλίθητε.
1444 5055 1599 5110 Μετὰ
1635 5055 1692 5107 δὲ
1726 5054 1922 5125 μικρὸν

2025 5055 2115 5110 ille
2159 5053 2424 5123 pontifex,
2449 5057 2589 5109 inter
2625 5055 2809 5123 pedem
2831 5056 3171 5111 conferentes
3199 5057 3575 5118 numeremini,

365 5149 777 5220 ἀνοιχθήσονται
809 5150 934 5217 ὑμῖν
966 5148 1034 5202 τὰ
1066 5150 1362 5215 ἀνάκτορα,
1408 5151 1500 5199 καὶ
1523 5147 1667 5215 ἴδητε
1713 5147 1800 5198 τὸν
1829 5148 1920 5199 οὐ-

2025 5145 2366 5199 ίιιιιιΙίῑοι-ιιιιι
2397 5144 2589 5198 ordine
2617 5145 2924 5206 consistite.
2959 5160 3080 5199 Cum
3117 5147 3414 5214 sagittariis
3457 5163 3574 5214 per-

369 5241 532 5314 ρανοῦ
573 5243 664 5294 καὶ
693 5241 795 5310 γῆς
843 5239 1195 5309 βασιλεύοντα
1241 5237 1677 5306 ἁπερίγραπτον,
1713 5236 1918 5306 Κύριον

2024 5236 2154 5306 gite,
2185 5250 2308 5290 cum
2359 5236 2697 5304 gestantibus
2732 5243 2933 5305 tropaea
2963 5237 3322 5306 procumbite.
3374 5235 3574 5292 Verum

367 5330 464 5384 καὶ
493 5329 625 5384 Θεὸν
649 5329 802 5400 ήμῶν
825 5327 1098 5399 σαρκικῶς
1127 5327 1284 5397 χερσὶ
1313 5325 1541 5378 δικαίων
1586 5326 1922 5394 περιγραφό-

2023 5337 2147 5398 post
2176 5327 2430 5399 exiguum
2459 5325 2721 5396 temporis
2743 5327 3082 5381 intervallum
3107 5329 3219 5396 ipsa
3248 5328 3390 5398 regia
3425 5328 3576 5382 vobis

353 5428 550 5492 μενον,
583 5423 672 5490 καὶ
696 5420 839 5491 ζωὴν
867 5419 1222 5490 ἀτελεύτητον
1250 5418 1369 5470 ἀντὶ
1404 5417 1572 5486 βαῖων
1613 5415 1921 5485 φιλοτιμού-

2023 5419 2313 5486 aperietur,
2349 5431 2410 5472 ae
2440 5417 2688 5472 videbitis
2713 5418 2835 5472 coeli
2860 5425 3124 5486 terraeque
3161 5417 3378 5488 Regem,
3412 5419 3575 5474 nuliis

367 5529 551 5581 μενον.
595 5512 701 5565 Καὶ
739 5511 880 5564 κατὰ
910 5511 1009 5581 μὲν
1054 5508 1153 5577 τὴν
1186 5508 1527 5579 χαρμόσυνον
1574 5506 1918 5578 κυριὼνυμον

2023 5509 2494 5578 circumscriptum
2527 5508 2774 5562 terminis
2805 5507 3090 5562 Dominum
3133 5507 3407 5579 Deumque
3449 5525 3577 5565 nos-

367 5583 462 5672 τῆς
515 5602 622 5654 τῶν
676 5601 844 5670 βαΐων
901 5600 1100 5669 σεπτῆς
1149 5591 1526 5668 πανηγύρεως,
1604 5598 1770 5668 κηρία
1827 5597 1921 5649 καὶ

2023 5609 2166 5654 trum
2210 5600 2499 5654 carnaliter
2535 5600 2807 5669 iustorum
2861 5599 3114 5653 manibus
3170 5600 3572 5666 circumscribi,

366 5691 630 5764 σταυροὺς
657 5691 1020 5758 λαμϐάνοντες
1044 5691 1093 5740 oi
1115 5689 1252 5751 λαοὶ,
1284 5689 1380 5758 τὴν
1407 5688 1546 5741 κατὰ
1566 5687 1659 5739 τοῦ
1689 5687 1917 5740 θανάτου

2023 5691 2297 5760 vitamque
2328 5690 2477 5743 vobis
2512 5691 2615 5742 line
2649 5697 2923 5743 carentem
2946 5688 3190 5742 baiorum
3220 5687 3337 5742 loco
3372 5689 3572 5759 largiri.

368 5782 522 5850 νίκην
551 5783 756 5844 ἑαυτοῖς
793 5779 1311 5850 προμνηστεύονται,
1341 5780 1433 5831 καὶ
1463 5781 1536 5842 ὡς
1561 5779 1799 5854 ἀστέρες,
1821 5795 1917 5832 κα-

2022 5783 2097 5834 Ac
2123 5782 2238 5834 licia
2271 5781 2485 5849 quidem
2515 5781 2602 5833 illa
2638 5781 2725 5835 die
2767 5779 3042 5834 Dominica
3078 5782 3402 5836 venerabilis
3426 5781 3575 5835 baio-
