4136 6308
638 384 661 447 1
675 385 780 450 075

1885 391 2159 451 THEOD.
2208 389 2683 452 BALSAMONIS

3726 385 3856 451 1076

606 496 607 499 η
636 516 688 567 in
720 510 976 583 precibus
1009 511 1352 578 vespertinis,
1380 518 1504 564 ante
1538 511 1800 563 lectiones
1832 510 2188 578 apostolicus,

2297 506 2398 558 τῶν
2424 504 2795 559 ἁποστολικῶν
2842 505 3286 573 ἀναγνωσμάτων
3334 504 3428 559 καὶ
3470 503 3855 574 εὖαγγελικιὶιν,

634 608 687 655 ct
739 601 1104 670 evangelicas,
1172 613 1337 667 atque
1394 602 1555 655 etiam
1623 598 1870 653 versibus
1935 598 2194 663 inclusas,

631 700 989 747 arcessuntur
1044 693 1297 747 monachi
1355 708 1451 763 per
1493 692 1705 761 signum
1759 689 2028 760 quoddam
2088 690 2197 744 exi-

632 804 819 855 guum,
856 786 1125 856 quasique
1160 786 1425 840 humilius
1477 794 1530 838 et
1568 784 1879 839 obscurius.
1908 782 2041 837 Nam
2076 799 2197 853 qua:

634 877 813 932 Veteri
862 878 1209 932 Testamento
1245 876 1407 931 veluti
1441 891 1536 946 per
1571 875 1791 929 umbras
1832 876 2194 939 delineantur,

634 972 801 1039 tigura
862 969 1168 1022 futurorum
1238 976 1414 1030 crant,
1470 976 1523 1021 ct
1584 967 1897 1022 simulacra.
1965 967 2196 1038 Propter

630 1063 940 1115 divinorum
975 1071 1152 1113 autem
1202 1061 1608 1129 Evangeliorum
1656 1061 2112 1129 prmdicationem.
2141 1073 2194 1115 et

632 1169 840 1207 sacram
882 1152 1216 1219 reliquorum
1275 1151 1339 1205 ad
1384 1162 1687 1205 conventus
1729 1152 1974 1221 publicos
2024 1152 2194 1222 perti-

630 1244 873 1297 nentium
909 1244 1171 1296 librorum
1204 1242 1513 1305 lectionem,
1544 1248 1599 1293 et
1628 1251 1845 1310 propter
1871 1241 2191 1295 universum

628 1332 951 1403 simpliciter
985 1331 1330 1402 bagiopolitze
1368 1330 1638 1394 ordinem,
1680 1346 1936 1400 magnum
1972 1335 2189 1401 signum

629 1424 909 1475 inventqu
963 1431 1066 1475 est.
1104 1420 1159 1474 In
1218 1420 1530 1474 universam
1578 1419 1723 1473 enim
1776 1430 1996 1482 terram,
2024 1428 2078 1474 et
2124 1420 2192 1475 ad

629 1513 765 1565 ﬁnes
823 1512 975 1566 orbis
1032 1520 1305 1567 terrarum
1350 1511 1560 1565 utilitas
1616 1526 1681 1565 ex
1736 1511 1815 1564 eis
1868 1512 2193 1580 proveniens

629 1605 949 1668 penetravit.
999 1601 1133 1669 Quae
1164 1619 1289 1657 cum
1342 1603 1417 1657 ita
1447 1605 1606 1657 modo
1628 1603 1861 1672 quodam
1893 1601 2001 1658 Deo
2039 1612 2193 1674 grato

626 1710 689 1748 ac
729 1696 984 1765 religiose
1032 1706 1384 1766 peragantur,
1437 1697 1722 1767 oportebat
1776 1696 2032 1765 populum
2082 1694 2191 1751 Do-

626 1787 758 1840 mini
798 1789 962 1842 etiam
1018 1787 1087 1842 de
1125 1788 1307 1841 futuro
1338 1788 1742 1843 commoueﬁeri
1768 1789 1997 1859 judicio,
2029 1790 2191 1859 cujus

625 1893 795 1933 causa
823 1879 877 1932 in
908 1894 1084 1949 genua
1117 1879 1551 1950 procumbimus,
1586 1896 1649 1933 ac
1673 1895 1862 1949 preces
1888 1881 2187 1937 fundimus.
2220 1858 2269 1916 Β

628 1968 818 2038 Itaque
886 1979 1152 2025 statutum
1238 1979 1347 2036 est,
1421 1970 1620 2027 debere
1678 1971 2023 2027 Christianos
2096 1987 2192 2042 per

629 2060 846 2129 signum
910 2061 1179 2116 aheneum
1244 2062 1390 2117 illius
1472 2062 1649 2117 ultimi
1723 2062 1830 2117 diei
1890 2062 2191 2120 admoneri.

632 2151 906 2221 Scriptum
956 2162 1042 2207 est
1076 2154 1223 2209 enim
1256 2173 1270 2209 :
1299 2154 1555 2209 Ascendit
1585 2153 1727 2209 Deus
1756 2155 1810 2209 in
1846 2155 2192 2225 jubilatione,

631 2241 894 2298 Dominus
930 2244 983 2297 in
1042 2259 1175 2299 vocc
1204 2245 1364 2299 tubai.
1394 2244 1547 2312 Item,
1576 2246 1838 2316 Clangcnt
1893 2247 2066 2317 angeli
2101 2243 2194 2301 Dei

627 2333 781 2396 tuba,
834 2341 889 2385 et
934 2334 1135 2387 mortui
1181 2344 1489 2404 resurgent,
1535 2343 1588 2390 et
1623 2335 1957 2389 retribuetur
1997 2335 2196 2405 cuique

629 2420 931 2475 secundum
964 2436 1129 2491 opera
1162 2439 1283 2479 sua.
1327 2424 1482 2489 Quod
1527 2432 1707 2478 autem
1756 2424 1811 2477 in
1851 2425 2195 2495 generalibus

629 2512 843 2565 urbium
901 2515 1150 2571 ecclesiis
1194 2515 1380 2584 plebes
1436 2528 1542 2569 non
1604 2525 1987 2581 convocentur
2021 2515 2197 2570 tribus

627 2605 820 2673 signis,
867 2606 960 2659 sed
1013 2622 1123 2660 uno
1154 2609 1389 2676 quodam
1430 2622 1626 2678 magno
1676 2625 1689 2660 :
1731 2622 1840 2662 non
1875 2607 2082 2661 ordinis
2108 2622 2196 2661 ec-

626 2697 921 2750 rlesiastici
956 2696 1244 2754 subversio
1268 2706 1371 2754 est.
1410 2698 1757 2755 Convocatur
1785 2700 1928 2754 enim
1967 2701 2198 2770 populus

630 2789 930 2842 manuariis
960 2790 1194 2860 opiliciis
1228 2790 1464 2854 deditus,
1500 2792 1702 2861 quique
1731 2790 1898 2861 ligoni
1932 2798 1985 2843 et
2014 2798 2198 2844 aratro

626 2888 803 2932 vacat.
850 2878 1033 2948 Itaque
1084 2880 1209 2934 boni
1283 2882 1571 2938 consulere
1628 2882 1811 2950 debet,
1874 2884 1919 2937 si
1983 2883 2198 2953 publico

629 2971 846 3026 intersit
885 2972 1073 3033 coetui.
1101 2988 1225 3027 cum
1255 2974 1386 3029 Novi
1412 2975 1744 3029 Testamenti
1775 2976 2031 3030 lectiones
2062 2977 2201 3030 reci-

628 3073 832 3117 tantur.
892 3064 971 3116 Ac
1036 3064 1196 3118 nobis
1248 3065 1491 3135 quidem,
1545 3065 1639 3137 qui
1698 3082 1793 3136 per
1831 3065 1921 3119 Dei
1967 3067 2197 3138 gratiam

2297 594 2432 648 ἀλλὰ
2458 595 2565 663 μὴν
2596 596 2687 647 καὶ
2723 592 2832 645 τῶν
2871 592 3163 663 στιχηρῶν,
3200 593 3630 663 μετακαλοῦνται
3665 594 3715 648 oi
3766 611 3857 664 μο-

2296 687 2452 757 ναχοὶ
2464 687 2549 739 διὰ
2577 702 2823 755 σημαντη
2833 684 2946 755 ρίου
2964 685 3182 755 μικροῦ,
3202 686 3294 740 καὶ
3323 680 3434 739 οἷον
3456 687 3858 757 ταπεινοτέρου,

2297 780 2392 831 καὶ
2416 776 2713 831 σκοτεινοῦ.
2745 777 2826 829 Τὰ
2863 778 2971 848 γὰρ
2990 779 3056 846 τῇ
3084 777 3294 848 Παλαιᾷ
3321 780 3565 851 Διαθήκῃ
3598 796 3856 849 σκιαγρα-

2297 868 2566 939 φούμενα.
2602 869 2771 930 τύπος
2802 868 2911 921 τῶν
2954 868 3257 938 μελλόντων
3320 865 3483 939 ἦσαν,
3536 870 3631 922 καὶ
3670 872 3858 922 εἰκονί-

2298 975 2499 1028 σματα.
2538 959 2712 1028 Χάριν
2739 958 2795 1011 δὲ
2818 961 2915 1028 τῆς
2967 958 3073 1010 τῶν
3122 959 3464 1027 θεοφθόγγων
3520 960 3861 1027 Εὐαγγελίων

2296 1051 2705 1121 ἁνακηρύξεως,
2726 1050 2819 1103 καὶ¹
2839 1050 3038 1103 λοιπῶν
3057 1050 3447 1119 πανηγυρικῶν
3468 1048 3689 1119 βιϐλίων
3714 1052 3859 1121 ἱερᾶς

2295 1144 2679 1221 ἀναγνώσεως,
2706 1146 2801 1199 καὶ
2831 1148 2927 1215 τῆς
2947 1144 3079 1213 ὅλης
3102 1144 3426 1209 ἀκολουθίας
3461 1146 3552 1197 τοῦ
3586 1146 3858 1213 ἀγιοπολί-

2294 1255 2387 1291 του
2411 1238 2618 1301 ἁπλῶς,
2649 1236 2711 1289 τὸ
2735 1238 2878 1306 μέγα
2914 1239 3279 1307 σημαντήριον
3297 1236 3652 1309 εὓρηται.Είς
3686 1239 3859 1289 πᾶσαν

2294 1330 2403 1401 γὰρ
2449 1328 2549 1399 τὴν
2605 1328 2712 1397 γῆν
2747 1329 2843 1381 καὶ
2866 1331 2947 1389 είς
2999 1331 3098 1398 τῆς
3158 1329 3483 1398 οἰκουμένης
3523 1328 3591 1379 τὰ
3652 1326 3855 1397 πέρατα

2295 1424 2328 1493 ἡ
2358 1424 2421 1474 ἐκ
2437 1422 2641 1474 τούτων
2665 1420 2878 1489 διῆλθεν
2910 1420 3167 1489 ὠφέλεια.
3202 1420 3357 1473 Οὕτω
3400 1420 3456 1472 δὲ
3514 1419 3721 1473 τούτων
3778 1435 3857 1470 τε-

2294 1513 2571 1582 λουμένων
2605 1512 2912 1583 θεαρέστως
2948 1512 3042 1564 καὶ
3075 1512 3337 1577 εὐσεόὦς,
3373 1511 3589 1564 ἔδειτὸν
3634 1509 3729 1563 τοῦ
3752 1510 3856 1562 Κυ-

2298 1605 2412 1675 ρίου
2443 1605 2571 1658 λαὸν
2608 1606 2699 1658 καὶ
2722 1606 2849 1673 περὶ
2882 1604 2981 1670 τῆς
3018 1602 3317 1672 μελλούσης
3354 1600 3857 1672 ὑπομιμνήσκεσὼι

2295 1696 2550 1765 κρίσεως,
2581 1691 2647 1747 δι’
2677 1695 2744 1765 ῆν
2795 1694 3225 1763 γονυκλισοῦμεν
3285 1696 3378 1748 καὶ
3426 1692 3856 1764 προσευχόμεθα.

2296 1788 2618 1841 Τετύπωται
2672 1788 2824 1855 γοῦν,
2880 1788 2968 1841 διὰ
3022 1786 3392 1857 σημαντηρίου
3452 1784 3677 1855 χαλκοῦ,
3737 1784 3858 1852 περὶ

2296 1880 2393 1949 τῆς
2460 1878 2778 1943 τελευταίας
2832 1879 3045 1949 ἡμέρας
3098 1879 3314 1947 ἐκείνης
3373 1877 3501 1941 τοὺς
3559 1873 3856 1947 χριστωνύ-

2299 1990 2430 2043 μους
2472 1970 3013 2043 ὕπομιμνήσκεσθαι.
3054 1969 3248 2040 ’Δνέὸη
3279 1969 3410 2039 γὰρ,
3441 1970 3625 2039 φησὶν,
3655 1969 3685 2021 ὁ
3732 1967 3856 2029 Θεὸς

2295 2068 2355 2120 ὲν
2408 2066 2668 2136 ἀλαγμῷ,
2733 2066 2935 2135 Κύριος
2987 2067 3044 2117 εν
3072 2065 3249 2134 ,φωνῇ
3290 2062 3610 2130 σάλπιγγος.
3662 2056 3858 2114 Σαλπίο

2298 2171 2482 2210 σουσιν
2511 2158 2559 2210 οί
2594 2156 2814 2225 ἄγγελοι
2866 2154 2956 2209 τοῦ
3004 2154 3161 2220 Θεοῦ,
3183 2157 3278 2208 καὶ
3328 2155 3381 2208 oi.
3400 2154 3581 2225 νεκροὶ
3624 2154 3859 2220 ἀναστή-

2298 2265 2501 2313 σονται,
2541 2250 2637 2301 καὶ
2692 2248 2908 2318 ἑκάστῳ
2957 2245 3351 2317 ἀποδοθήσεται
3408 2244 3551 2298 κατὰ
3605 2243 3674 2297 τὰ
3726 2245 3856 2313 ἔργα

2296 2340 2483 2396 αὑτοῦ.
2546 2341 2620 2394 Τὸ
2690 2340 2748 2394 δὲ
2822 2339 2964 2394 κατὰ
3035 2340 3136 2403 τὰς
3206 2339 3498 2402 noema;
3572 2338 3861 2406 ἐκκλησίας

2296 2432 2402 2486 τῶν
2448 2432 2658 2486 πόλεων
2709 2431 2786 2502 μὴ
2822 2430 3246 2501 μετακαλεῐσθαι
3303 2430 3371 2483 τὰ
3419 2429 3598 2500 πλήθη
3641 2429 3731 2482 διὰ
3770 2446 3860 2499 οη-

2301 2525 2614 2595 μαντηρίων
2642 2525 2830 2593 τριῶν,
2868 2524 3000 2577 ἀλλὰ
3045 2522 3133 2575 διὰ
3179 2521 3414 2592 μεγάλου
3450 2522 3589 2585 ἐνὸς,
3624 2523 3727 2575 οὐκ
3752 2522 3860 2573 ἐστι

2297 2620 2396 2689 τῆς
2460 2618 2922 2689 ἔκκλησιαστικῆς
2980 2617 3300 2680 ἀκολουθίας
3362 2617 3661 2685 ἀνατροπὴ.
3723 2613 3859 2675 Λαδς

2296 2713 2405 2780 γὰρ
2433 2709 2823 2779 μετακαλεῖται
2881 2707 3171 2780 χειρῶναξ,
3224 2708 3319 2761 καὶ
3384 2708 3514 2778 περὶ
3580 2706 3864 2774 σκαπάνην

2298 2802 2667 2871 ἡσχολημένος
2713 2801 2808 2855 καὶ
2859 2801 3108 2872 ἄροτρον.
3158 2801 3320 2853 Ἐστι
3358 2800 3536 2852 τοίνυν
3583 2798 3865 2868 ἀγαπητὸν

2296 2896 2656 2965 ἐκκλησιάσαι
2689 2892 2876 2948 τοῦτον
2932 2892 3033 2947 κᾶν
3075 2895 3155 2954 είς
3191 2893 3289 2962 τῆς
3309 2891 3455 2954 Νέας
3490 2889 3766 2959 Διαθήκης
3803 2886 3866 2939 τὰ

2297 2986 2724 3057 ψαλτιιιδήματα.
2755 2983 2864 3037 Καὶ
2918 2986 3051 3055 ἡμῖν
3103 2983 3209 3053 μὲν
3264 2985 3377 3045 τοῖς
3413 2980 3745 3049 φυλάττουσι
3801 2978 3863 3046 τῇ

2298 3082 2482 3153 χάριτι
2509 3081 2601 3133 τοῦ
2629 3080 2765 3133 Θεοῦ
2823 3081 3003 3133 πᾶσαν
3046 3076 3507 3145 ἐκκλησιαστικὴν
3569 3067 3867 3143 παρᾶδοσιν

625 3168 913 3207 servamus
978 3156 1258 3207 immotam
1327 3157 1959 3235 omnem/traditionem
2017 3157 2195 3211 68018·-

2302 3172 2715 3241 ἁμετάπτωτον,
2739 3169 2884 3224 οὕτω
2914 3167 3575 3223 πολιτεύεσθαιδέδοκται.
3634 3166 3762 3228 Τοῖς
3813 3162 3865 3215 δὲ

630 3245 1100 3312 siasticam,bunc
1133 3246 1378 3301 ordinem
1432 3248 1585 3317 sequi
1632 3248 1808 3301 visum
1856 3261 1961 3303 est.
1990 3248 2195 3303 Latinis

633 3351 778 3403 tero,
816 3336 956 3392 male
981 3354 1011 3390 a
1037 3338 1195 3392 nobis
1214 3336 1427 3402 divisis,
1461 3348 1515 3393 et
1553 3355 1785 3409 qttorum
1837 3355 1933 3394 cor
1959 3340 2196 3395 obdura-

632 3442 745 3484 tum
779 3441 863 3487 est
901 3446 931 3486 a
987 3432 1212 3496 Satana,
1276 3432 1400 3488 licet
1446 3434 1500 3488 in
1548 3436 1892 3491 sermonibus
1935 3435 2056 3490 oleo
2084 3436 2195 3489 sint

628 3522 928 3591 molliores,
987 3524 1093 3577 alia
1165 3525 1407 3593 quedam
1458 3526 1797 3580 consuetudo
1858 3525 2193 3581 convocandi

631 3618 889 3685 populum
970 3630 1159 3672 sacras
1202 3618 1264 3671 ad
1318 3617 1461 3672 a-des
1503 3626 1586 3674 est
1638 3616 1856 3671 tradita.
1888 3617 2022 3672 Nam
2083 3634 2193 3673 uno

629 3711 895 3769 duntaxat
950 3716 1178 3767 utuntur
1227 3708 1408 3778 signo,
1446 3725 1709 3779 campana
1755 3711 1985 3772 scilicet,
2013 3717 2134 3780 quae
2162 3726 2191 3765 a

629 3812 821 3869 campo
868 3800 947 3853 sic
986 3799 1211 3855 dicitur.
1267 3799 1733 3867 Quemadmodum
1778 3802 1920 3856 enim
1969 3817 2193 3870 campus

630 3888 873 3959 cujusvis
908 3891 1093 3946 itineri
1123 3892 1285 3959 citra,
1320 3894 1488 3947 ullum
1523 3894 1805 3964 expositus
1827 3903 1909 3949 est
1962 3895 2192 3963 impedi-

630 3989 891 4046 mentum,
944 3984 1024 4037 sic
1055 3990 1108 4037 et
1159 3983 1305 4039 illius
1332 3984 1522 4038 ahenei
1564 3987 1910 4040 tiutinnabuli
1942 3988 2192 4042 sublimis

627 4087 752 4139 τοι,
802 4074 1073 4130 universis
1122 4090 1346 4131 accessu
1389 4076 1563 4131 facilis
1595 4089 1760 4147 patet.
1814 4078 1893 4133 Ac
1944 4079 2194 4148 pluribus

628 4180 758 4219 sane
781 4166 952 4234 signis
992 4167 1175 4224 Latini
1208 4179 1262 4223 et
1308 4170 1425 4224 ltali
1464 4182 1748 4241 propterea
1781 4186 1887 4225 nou
1930 4173 2192 4242 indigent,

628 4261 774 4328 quod
822 4262 1170 4318 cantionibus
1207 4265 1605 4337 liagiopolitiris
1654 4281 1759 4321 non
1812 4278 2052 4334 utantur,
2100 4270 2193 4326 sed

629 4354 742 4407 sola
774 4352 995 4409 Davidis
1030 4356 1256 4411 cithara.

2302 3265 2552 3325 Λατίνοις
2582 3263 2886 3334 μερισθείσι
2907 3262 3087 3323 κακῶς
3108 3260 3201 3330 ἀφ’
3225 3259 3402 3328 ἡμῶν,
3434 3260 3523 3311 καὶ
3559 3257 3868 3327 ωρωθείσι

2301 3356 2399 3425 τὴν
2424 3354 2652 3425 καρδίαν
2690 3353 2794 3407 ὑπὸ
2821 3353 2913 3406 τοῦ
2948 3355 3184 3417 Σατανᾶ,
3214 3352 3317 3406 κᾶν
3349 3354 3459 3413 τοῖς
3505 3349 3687 3417 λόγοις
3730 3348 3865 3416 ὑπὲρ

2302 3444 2479 3499 ἔλαιον
2527 3443 2926 3511 ἀπαλύνωνται,
2971 3444 3102 3515 άλλη
3158 3460 3241 3505 τις
3287 3440 3555 3513 παρεδόθη
3587 3439 3867 3511 συνήθεια,

2302 3539 2428 3609 περὶ
2456 3541 2558 3609 τῆς
2622 3540 2702 3601 εἰς
2751 3539 2876 3600 τοὺς
2922 3538 3081 3600 ναοὺς
3129 3536 3511 3607 μετακλήσεως
3554 3532 3650 3588 τοῦ
3716 3532 3865 3587 λαοῦ.

2312 3630 2425 3683 Ἐν).
2466 3623 2594 3700 ’γὰρ
2650 3628 2945 3698 κέχρηνται
3009 3627 3388 3698 σημαντηρίῳ,
3456 3629 3524 3695 τῇ
3604 3625 3871 3696 καμπάνᾳ

2302 3722 2466 3793 φημὶ,
2497 3722 2616 3792 ἥτις
2654 3722 2717 3773 ὲκ
2742 3721 2835 3774 τοῦ
2865 3720 3086 3789 κόμπου
3135 3718 3579 3789 μετονομάζεται.
3638 3719 3731 3780 Ὠς
3765 3718 3869 3787 γὰρ

2299 3814 2328 3867 ὁ
2368 3814 2582 3882 κάμπος
2621 3811 2796 3883 (φασὶ)
2842 3810 3184 3881 βουλομένοις
3228 3812 3305 3871 είς
3337 3809 3641 3879 ὁδοιπορίαν
3702 3810 3873 3877 ἀνεμ-

2299 3904 2546 3965 πόδιστος
2572 3904 2879 3973 πρόκειται,
2916 3901 3056 3955 οὕτω
3089 3902 3182 3954 καὶ
3204 3901 3303 3969 τῆς
3333 3901 3706 3971 χαλκοστόμου
3758 3900 3869 3953 κώ·-

2291 3993 2511 4062 δωνοςὴ
2546 3994 2818 4062 μετέωρος
2868 3989 3115 4044 διαλαλιὰ
3170 3994 3279 4053 τοῖς
3337 3993 3499 4044 πᾶσιν
3540 3992 3869 4060 εὐπρόσιτος

2290 4086 2564 4157 ἥπλωται.
2616 4084 2833 4139 Πολλῶν
2882 4084 2939 4137 δὲ
2990 4084 3377 4154 σημαντηρίων
3405 4084 3504 4135 οὐκ
3547 4083 3663 4136 ἔστι
3706 4081 3867 4152 χρεία

2290 4178 2544 4241 Λατίνοις
2605 4179 2699 4231 καὶ
2762 4178 3008 4241 Ἰταλοῖς,
3064 4178 3145 4229 ὃτι
3217 4176 3351 4246 μηδὲ
3416 4175 3868 4247 ψαλτῳδημὰτων

2295 4270 2736 4338 ἀγιοπολιτικῶν,
2814 4269 2949 4323 ἀλλὰ
3015 4270 3184 4341 μόνης
3248 4268 3347 4337 τῆς
3432 4268 3695 4339 κιννύρας
3778 4264 3870 4318 τοῦ

2294 4363 2642 4433 θεοπάτορος.
