4136 6308
347 355 487 421 1085

1362 394 1366 397 η
1403 345 1726 408 CONSTIT
1785 343 2086 407 ECCLES.
2115 342 2552 407 COLLECTIO.

3479 340 3621 408 1086

339 479 432 520 cev
459 462 747 537 ὁμοούσιον
781 461 895 516 ῐσον
935 458 1011 531 τῷ
1041 458 1216 529 [Iava
1242 456 1383 511 κατά
1417 457 1514 527 τὴν
1543 456 1800 526 θεύτητα,
1835 455 1929 509 καὶ

2050 454 2202 510 llar'a
2256 454 2485 524 Deipara
2537 452 2839 519 inﬁciatur,
2886 454 2991 515 hoc
3042 461 3149 519 est,
3181 453 3356 526 ipsam
3404 455 3636 511 salutem

332 558 623 629 ἐμοούσιον
673 557 806 627 ἡμῖν
839 555 933 608 τὸν
969 555 1132 608 αὑτὸν
1185 553 1327 607 κατὰ
1369 551 1467 623 τὴν
1505 550 1927 622 ἀνθρωπότητα.

335 654 440 708 Τὸν
466 651 628 708 αὐτὸν
671 651 729 705 δέ
748 648 951 721 τρόπον
977 647 1073 700 καὶ
1111 644 1526 716 ’Λπολλινάριον
1546 644 1638 698 τὸν
1659 642 1930 714 ψυχοφθό-

339 763 454 818 ρον,
500 743 594 799 τὸν
621 742 809 798 ’ἄνουν
852 741 1084 808 λέγοντα
1129 739 1222 792 τὸν
1267 737 1471 814 Κύριον
1510 736 1666 806 ἡμῶν
1727 733 1936 807 Ἰησοῦν

340 837 597 911 Χριστὸν,
650 836 742 890 τὸν
789 835 916 888 Υίὸν
966 834 1059 887 τοῦ
1111 831 1247 885 Θεοῦ
1294 830 1389 884 καὶ
1433 829 1566 884 Θεὸν
1608 829 1798 899 ἡμῶνο
1845 828 1940 882 καὶ

345 934 610 1005 σύγχυσιν
648 931 770 1003 ἦτοι
818 928 1033 999 φυρμὸν
1068 927 1362 993 εἰσάγοντα
1414 926 1480 994 τῇ
1524 922 1940 993 ἐνανθρωπήσει

345 1027 441 1081 τοῦ
481 1022 808 1096 μονογενοῦς
835 1020 961 1074 Υίοῦ
999 1017 1095 1072 τοῦ
1130 1018 1287 1072 Θεοῦ.
1328 1018 1437 1071 Καὶ
1473 1015 1682 1080 πάντας
1713 1015 1840 1076 τοὺς
1872 1013 1941 1066 τὰ

345 1118 491 1173 αὐτὰ
525 1118 901 1188 φρονήσαντας
932 1112 964 1184 ἢ
995 1111 1350 1183 φρονοῦντας.
1380 1109 1444 1163 El.
1476 1109 1587 1180 γάρ
1613 1123 1758 1170 τινες
1796 1108 1935 1178 μετὰ

347 1210 555 1281 ταύτην
590 1209 686 1263 καὶ
711 1209 870 1280 ἡμῶν
901 1206 1305 1278 προαγόρευσιν
1341 1205 1438 1256 καὶ
1465 1201 1561 1274 τὴν
1599 1208 1738 1254 κατὰ
1771 1199 1940 1255 τὸπον

349 1301 784 1378 θερφιλεστάτων
816 1300 973 1372 ἡμῶν
1011 1299 1332 1353 ἐπισκόπων
1365 1295 1744 1367 πληροφορίαν
1775 1294 1938 1362 εὐρε-

347 1381 481 1475 θῶσι
515 1397 609 1452 τοῦ
637 1396 828 1450 λοιποῦ
863 1393 1090 1465 γνώμης
1115 1391 1349 1447 ἐναντίοι
1383 1391 1559 1451 ὄντες,
1591 1388 1668 1459 μὴ
1707 1385 1935 1456 7:90:60-

304 1481 305 1488 ἶ
353 1487 568 1559 κήσωσι
607 1485 942 1557 συγγνώμης
967 1485 1289 1554 ἀξιωθῆναι.
1326 1481 1644 1549 Κελεύομεν
1675 1480 1784 1548 γὰρ
1810 1477 1938 1538 τοὺς

344 1582 625 1646 τοιούτους
654 1579 1126 1652 ὁμολογουμένους
1158 1574 1469 1650 αίρετικοὺς
1499 1574 1578 1646 τῷ
1609 1574 1940 1646 προσήκοντι

354 1672 768 1729 ύποῦάλλεσθαι
807 1669 1200 1742 σωφρονισμῷ.

2040 558 2317 616 nostram;
2351 562 2525 617 neque
2552 547 2848 628 confitetur
2873 542 3248 618 eumdem'per
3272 549 3456 604 omnia
3479 547 3626 604 Patri

2045 641 2565 698 consubstantialem
2621 643 2923 697 secundum
2973 637 3339 706 divinitatem,
3384 650 3440 698 et
3478 641 3637 698 nobis

2047 736 2570 792 consubstantialem
2618 736 2914 792 secundum
2963 736 3385 791 humanitatem.
3432 734 3635 790 Eodem

2051 830 2211 884 nzodo
2244 836 2299 882 et
2342 828 2710 898 Apollinarem
2761 829 2956 882 animae
2997 827 3502 892 exterminatorem,
3544 827 3636 896 qui

2046 923 2208 977 tradit
2261 921 2544 976 Dominum
2607 932 2855 978 nostrum
2915 919 3104 977 Jesum
3157 921 3480 988 Christum,
3541 919 3636 974 Dei

2047 1015 2268 1082 Filium,
2315 1032 2378 1071 ac
2425 1017 2593 1072 Deum
2643 1027 2909 1080 nostrum,
2965 1024 3146 1071 tuente
3180 1031 3406 1083 carere;
3453 1013 3640 1069 enniu-

2047 1113 2369 1182 sionemqne
2403 1112 2520 1168 sive
2549 1113 2991 1168 commiSIiOnem
3021 1110 3319 1165 introducit
3353 1110 3406 1164 in
3459 1112 3645 1178 unige-

2045 1206 2143 1261 niti
2199 1205 2321 1259 Filii
2360 1207 2450 1260 Dei
2502 1206 2977 1261 inhumanatione.
3035 1202 3330 1259 Universos
3377 1204 3641 1272 denique,

2049 1301 2141 1368 qui
2191 1299 2382 1353 borum
2420 1297 2705 1366 opiniones
2756 1297 2928 1352 secuti
2970 1307 3118 1358 sunt,
3173 1296 3253 1350 vel
3309 1305 3638 1361 sequuntur.

2047 1389 2256 1459 Quippe
2302 1389 2348 1443 si
2397 1387 2488 1458 qui
2517 1395 2638 1456 post
2667 1387 2806 1442 hanc
2851 1395 3092 1442 nostrain
3143 1386 3636 1455 praemonitiunem.

2050 1493 2109 1538 et
2158 1481 2697 1554 religiosissimorum
2731 1480 2961 1552 singulis
2993 1482 3044 1534 in
3083 1479 3215 1535 locis
3265 1481 3639 1548 episcoporum

2056 1587 2376 1629 nostrorum
2413 1572 2860 1636 aﬂirmationem,
2907 1572 3107 1641 reperti
3146 1571 3403 1641 deinceps
3443 1569 3646 1624 fuerint

2051 1680 2178 1722 esse
2206 1666 2500 1721 contrarias
2534 1666 2845 1730 sententiae,
2879 1680 2985 1719 non
3022 1673 3340 1734 exspectent
3373 1662 3640 1728 futurum,

346 1782 407 1826 ut
460 1771 674 1827 veniam
716 1771 1030 1840 impetrent.
1062 1766 1325 1824 iubemus
1371 1765 1519 1823 enim
1576 1764 1738 1830 tales,
1773 1762 1936 1819 veluti
1979 1761 2264 1820 confessos
2332 1763 2666 1829 haereticos,
2747 1759 3208 1818 animadversioni
3307 1768 3636 1840 competenti

347 1869 562 1938 subjici.

432 1967 668 2037 Ὁμοίως
700 1966 796 2020 καὶ
835 1963 950 2036 εχει
983 1964 1043 2018 τὸ
1077 1963 1243 2034 ῥητὸν
1278 1961 1478 2027 οὕτως.

449 2061 511 2117 'O
538 2060 726 2126 αὐτὸς
747 2058 1051 2125 ,ϐασιλεὺς
1079 2055 1847 2120 Κωνσταντινουπολίταις.

421 2156 530 2210 Τὸν
587 2155 817 2225 Σωτῆρα
879 2130 976 2207 καὶ
1026 2154 1308 2223 Δεσπότην
1359 2153 1466 2206 τῶν
1525 2150 1666 2205 ὅλων
1737 2147 1946 2219 Ἰησοῦν

350 2252 613 2324 Χριστὸν,
653 2250 746 2304 τὸν
779 2249 1035 2321 ἀληθινὸν
1067 2247 1203 2302 Θεὸν
1232 2247 1390 2318 ἡμῶν
1424 2246 1826 2319 θεραπεύοντες
1856 2243 1949 2298 διὰ

351 2348 570 2401 πάντων
584 2341 990 2412 σπουδάζομεν,
1011 2341 1135 2395 ὅσον
1155 2341 1427 2410 ἐνδέχεται
1447 2340 1574 2392 νοῦν
1595 2336 1950 2407 καταλαμϐἀι-

250 2479 253 2482 .
347 2454 460 2490 νειν
485 2434 845 2505 ἀνθρώπινον,
874 2432 1163 2503 μιμεῖσθαι
1189 2429 1286 2502 τὴν
1310 2428 1475 2482 αὑτοῦ
1503 2426 1941 2498 συγκατάὸασιν.

356 2533 470 2588 Καὶ
495 2517 756 2603 εὑρόντες
784 2527 937 2591 τινὰς
975 2527 1041 2596 τῇ
1072 2523 1372 2594 νοσομανία
1401 2522 1815 2594 κρατουμένους
1837 2520 1948 2574 τῶν

353 2622 571 2677 ἀσεϐῶν
620 2618 921 2690 Νεστορίου
970 2618 1064 2670 κιιῖ⁵
1099 2614 1398 2685 Εὑτυχοῦς,
1431 2613 1541 2666 τῶν
1591 2612 1804 2684 ἐχθρῶν
1851 2609 1946 2665 τοῦ

355 2717 496 2771 Θεοῦ
546 2715 644 2770 καὶ
696 2714 798 2784 τῆς
851 2712 1016 2781 ἁγίας
1076 2708 1376 2778 καθολικῆς
1431 2708 1523 2760 καὶ
1577 2705 1949 2775 ἀποστολικῆς

370 2809 724 2874 Ἐκκλησίας,
755 2803 1126 2877 ἀρνουμένους
1152 2803 1252 2870 τὴν
1284 2799 1448 2868 ἁγίαν
1481 2799 1690 2864 ἔνδοξον
1720 2801 1952 2868 ἀειπαρ-

361 2903 514 2957 θένον
544 2900 765 2968 Μαρίαν
791 2899 1053 2952 Θεοτὸκον
1082 2896 1258 2949 εἰπεῖν
1285 2894 1491 2963 κυρίως
1520 2895 1615 2945 καὶ
1641 2897 1782 2946 κατὰ
1813 2891 1951 2961 άλη-

358 2997 545 3050 θειαν·
580 2994 934 3064 ἐσπεύσαμεν
957 2991 1182 3056 τούτους
1217 2992 1317 3059 τὴν
1346 2990 1512 3060 ὀρθὴν
1541 2987 1650 3040 τῶν
1680 2989 1950 3058 Χριστια-

357 3086 465 3139 νῶν
491 3078 807 3156 stantiam
845 3081 1049 3138 πίστιν.
1097 3083 1162 3135 Oi.
1189 3081 1245 3134 δὲ
1268 3121 1283 3145 ,
1315 3082 1554 3143 ἀνιάτως
1576 3078 1816 3150 ἔχοντες,
1852 3095 1951 3132 πε-

362 3177 672 3250 ριέρχονται
696 3219 712 3246 ,
738 3177 882 3231 καθά
917 3177 1322 3248 μεμαθήκαμεν
1340 3217 1357 3243 ,
1390 3175 1490 3238 τὰς
1513 3175 1623 3228 τῶν
1657 3172 1957 3226 ἁπλουστέ-

362 3287 476 3341 ρων
522 3269 702 3341 ψυχάς
753 3269 1190 3338 ἐκταράσσοντές
1235 3285 1294 3321 τε
1343 3270 1440 3321 καὶ
1481 3266 1950 3332 σκανδαλίζοντες,

357 3365 452 3421 καὶ
486 3364 710 3418 ἐναντία
755 3364 854 3432 τῆς
900 3362 1064 3431 ἁγίας
1104 3359 1401 3431 καθολικῆς

377 3458 701 3527 Ἐκκλησίας
731 3457 1004 3528 λέγοντες.
1047 3457 1370 3524 Ἀναγκαῖον
1401 3454 1582 3507 τοίνυν
1615 3451 1947 3522 ἐνομίσαμεν

357 3548 663 3606 καταλῦσαι
703 3549 804 3621 μὲν
835 3549 934 3612 τὰς
965 3549 1074 3601 τῶν
1109 3545 1405 3617 αίρετικῶν
1434 3544 1811 3615 ψευδολογίας,
1847 3559 1948 3596 σαο

358 3643 584 3715 φηνίσαι
622 3643 681 3696 δὲ
722 3643 889 3697 πᾶσιν
930 3642 1078 3704 ὅπως
1113 3657 1172 3694 τε
1207 3638 1421 3704 δοξάζει
1454 3639 1486 3710 ἡ
1527 3637 1659 3705 ἁγία
1687 3635 1783 3689 τοῦ
1810 3634 1948 3688 Θεοῦ

358 3736 695 3807 άποστολικὴ
731 3737 824 3789 καὶ
859 3733 1122 3802 καθολικὴ
1168 3731 1464 3801 Ἐκκλησία
1485 3771 1502 3795 ,
1533 3728 1863 3800 κηρύττουσι
1893 3727 1951 3781 δὲ

359 3831 408 3883 οἱ
439 3828 644 3900 ταύτης
683 3827 968 3884 ὀσιὼτατοι
1008 3827 1210 3898 ἱερεῖς,
1253 3821 1333 3889 οἷς
1366 3826 1460 3877 καὶ
1485 3824 1645 3894 ἡμεῖς
1686 3821 1951 3890 ἑπόμενοι

365 3924 576 3994 φανερά
607 3921 956 3993 καθιστῶμεν
984 3921 1052 3973 τὰ
1075 3920 1205 3991 περὶ
1231 3919 1329 3988 τῆς
1361 3919 1418 3972 ἐν
1450 3919 1588 3987 ἡμῖν
1622 3915 1855 3978 ἐλπίδος,
1888 3911 1951 3966 ού

362 4018 698 4082 καινίςοντες
723 4016 929 4079 πίστιν,
970 4011 1047 4084 μὴ
1075 4014 1310 4080 γένοιτο,
1352 4008 1464 4064 ἀλλ’
1495 4008 1813 4078 ἐλέγχοντες
1850 4006 1951 4080 τὴν

363 4111 565 4181 μανίαν
601 4109 710 4160 τῶν
749 4106 1091 4179 φρονούντων
1122 4104 1194 4159 τὰ
1227 4105 1334 4159 τῶν
1363 4101 1577 4158 ἀσεϐῶν
1609 4097 1902 4172 «ipsum?»
1930 4114 1948 4131 °

363 4206 502 4274 ὅπερ
530 4203 630 4275 ήδη
667 4202 761 4256 καὶ
794 4203 852 4255 ἐν
886 4201 1198 4272 προοιμίοις
1225 4200 1323 4269 τῆς
1357 4195 1638 4267 ἡμετέρας
1673 4193 1953 4265 βασιλείας

360 4293 691 4364 πράξαντες,
723 4294 857 4347 πᾶσι
880 4292 1183 4362 κατάδηλον
1212 4289 1574 4359 ἐποιήσαμεν.
1606 4285 1948 4355 Πιστεύομεν

361 4391 472 4460 γάρ
508 4389 586 4452 είς
614 4387 712 4442 ἕνα
735 4387 869 4441 Θεὸν
901 4385 1122 4456 Πατέρα
1154 4379 1594 4454 παντοκράτορα,
1623 4381 1719 4434 καὶ
1745 4382 1825 4442 είς
1856 4379 1954 4432 ἕνα

364 4483 573 4555 Κύριον
617 4481 829 4554 Ἰησοῦν
857 4479 1093 4551 Χριστὸν
1123 4476 1216 4531 τὸν
1248 4476 1375 4529 Υἱὸν
1408 4473 1504 4529 τοῦ
1534 4472 1673 4527 Θεοῦ
1704 4515 1719 4539 ,
1751 4474 1847 4526 καὶ
1875 4474 1955 4537 είς

361 4578 519 4648 ἆγιον
569 4565 818 4646 Πνεῦμα,
859 4574 989 4646 μίαν
1029 4569 1217 4626 οὐσίαν
1271 4573 1329 4622 ἐν
1381 4569 1561 4640 τρισὶν
1619 4566 1953 4621 ὑποστάσεσι

368 4669 826 4742 προσκυνοῦντες,
859 4669 988 4739 μίαν
1017 4668 1268 4737 θεότητα,
1305 4663 1434 4735 μίαν
1458 4662 1708 4735 δύναμιν,
1743 4662 1950 4732 Τριάδα

329 4792 334 4796 ·
364 4763 670 4833 ὁμοούσιον.
709 4763 827 4816 Ἐπ’
846 4761 1092 4833 ἐσχάτων
1111 4759 1167 4812 δὲ
1191 4757 1303 4814 τῶν
1328 4756 1550 4828 ἡμερῶν
1577 4752 1950 4826 ὁμολογοῦμεν

364 4858 454 4911 τὸν
497 4857 700 4929 Κύριον
723 4855 880 4927 ἡμῶν
921 4852 1131 4926 Ἰησοῦν
1157 4852 1416 4924 Χριστὸν,
1445 4851 1536 4903 τὸν
1565 4848 1830 4920 μονογενῆ
1861 4849 1951 4902 τὸν

367 4954 498 5007 Υἰὸν
524 4953 630 5008 τοῦ
653 4949 811 5017 Θεοῦ,
845 4950 936 5004 τὸν
970 4951 1034 5003 ἐκ
1060 4946 1196 5000 Θεοῦ
1226 4944 1486 5016 ἀληθινοῦ
1514 4943 1648 4997 Θεὸν
1675 4940 1951 5012 ἀληθινὸν,

364 5047 457 5100 τὸν
486 5046 590 5118 πρὸ
617 5044 829 5099 αἰώνων
850 5044 944 5097 καὶ
966 5041 1209 5111 ἀχρόνως
1234 5043 1297 5094 ἐκ
1311 5038 1403 5092 τοῦ
1427 5037 1641 5109 lla-apii;
1665 5034 1957 5106 γεννηθέν-

365 5157 460 5205 τα,
484 5141 576 5193 τὸν
598 5139 870 5193 συναῖδιον
902 5135 980 5206 τῷ
1003 5134 1200 5205 Πατρὶ,
1231 5134 1322 5186 τὸν
1354 5132 1413 5199 ἐξ
1433 5129 1495 5184 οὒ
1528 5131 1596 5184 τὰ
1631 5131 1830 5195 πάντα,
1856 5128 1953 5181 καὶ

363 5235 434 5291 δι’
452 5227 515 5289 οὗ
531 5233 598 5287 τὰ
620 5233 818 5296 πάντα,
841 5227 1166 5284 κατελθόντα
1188 5231 1252 5281 ἐκ
1274 5226 1380 5280 τῶν
1395 5223 1642 5297 οὐρανῶν
1666 5221 1953 5292 σαρκωθῆ-

365 5348 456 5386 ναι
483 5331 552 5383 ἐκ
580 5326 897 5398 Πνιύματος
932 5324 1113 5394 ἁγίου,
1148 5322 1244 5378 καὶ
1272 5322 1370 5392 τῆς
1407 5319 1566 5388 ἁγίας
1592 5317 1805 5383 ἐνδόξου
1837 5317 1954 5370 ἀει·

366 5422 642 5493 παρθένου
681 5421 902 5494 Μαρίας
931 5436 945 5452 ο
985 5417 1082 5473 καὶ
1120 5414 1571 5488 ἐνανθρωπῆσαι,
1616 5409 1850 5481 σταυρόν
1887 5424 1946 5460 τε

369 5520 663 5590 ύπομεῖναι
677 5518 815 5586 ὑπὲρ
830 5518 864 5586 ὴ
874 5513 993 5584 μῶν
1012 5515 1103 5566 ἐπὶ
1120 5497 1620 5582 Ποντίουᾙιλάτου,
1636 5502 1875 5575 ταφῆναί
1890 5520 1952 5557 τε

371 5613 467 5669 καὶ
503 5614 801 5684 ἀναστῆναι
838 5613 904 5681 τῇ
935 5608 1097 5682 τρίτῃ
1135 5607 1342 5678 ἡμέρα,
1377 5604 1494 5668 ἐνὸς
1531 5602 1625 5656 καὶ
1652 5598 1748 5654 τοῦ
1783 5596 1951 5651 αὐτοῦ

368 5707 441 5759 τά
485 5719 544 5758 τε
573 5701 847 5772 πάθηκαὶ
879 5699 948 5754 τὰ
987 5701 1246 5771 θαύματα
1286 5696 1432 5767 ἅπερ
1465 5694 1757 5763 ὑπέμεινεν
1796 5691 1954 5744 ἐκου-

372 5802 504 5863 eius;
534 5799 594 5852 ἐν
625 5797 812 5866 σαρκὶ,
841 5794 1226 5867 γινώσκοντες.
1256 5792 1332 5846 Ού
1364 5790 1475 5862 γὰρ
1509 5788 1665 5843 ἀλλον
1696 5788 1789 5841 τὸν
1819 5785 1954 5838 Θεὸν

371 5894 570 5961 Λόγον,
611 5893 704 5946 καὶ
740 5891 898 5946 ἄλλον
924 5889 1012 5942 τὸν
1043 5888 1277 5959 Χριστὸν
1317 5882 1677 5952 ἐπιστάμεθα,
1709 5880 1825 5935 ἀλλ’
1860 5879 1959 5932 ἕνα

1975 1963 2019 2021 Β
2116 1955 2182 2010 Et
2207 1952 2469 2010 similiter
2493 1967 2555 2008 se
2593 1949 2754 2005 habet
2781 1950 2926 2021 quod
2958 1949 3164 2004 dictum
3197 1956 3285 2002 est
3314 1948 3418 2004 hoc
3456 1945 3640 2003 modo.

2349 2044 2500 2102 Idem
2527 2043 2667 2114 Imp.
2697 2040 3335 2108 ConstantinOpolitam's.

2126 2139 2476 2195 Servatorem
2515 2149 2582 2189 ac
2636 2133 2922 2188 Dominum
2951 2131 3112 2202 hujus
3148 2127 3390 2184 universi
3445 2125 3642 2198 Iesum

2049 2233 2326 2289 Christum
2362 2243 2552 2284 verum
2580 2226 2752 2282 Deum
2778 2234 3024 2281 nostrum
3049 2221 3291 2278 colentes
3321 2237 3414 2290 per
3433 2220 3642 2286 omnia,

2047 2326 2291 2383 studiose
2347 2324 2541 2379 damus
2580 2334 2840 2388 Operam,
2895 2327 3162 2387 quantum
3214 2315 3334 2384 ejus
3396 2315 3637 2368 humana

2049 2429 2203 2470 tuens
2250 2411 2471 2481 assequi
2522 2417 2719 2480 potest,
2767 2413 2826 2460 ut
2875 2404 3262 2460 demissionem
3295 2403 3413 2470 ejus
3458 2401 3642 2456 imite-

2052 2523 2196 2561 mur.
2238 2504 2486 2573 Cumque
2536 2499 2826 2556 nonnullos
2875 2496 3266 2560 invenerimus,
3299 2494 3391 2565 qui
3452 2496 3645 2548 morbo

2048 2614 2113 2653 ac
2140 2597 2321 2652 furore
2348 2595 2638 2663 impiorum
2684 2588 2919 2645 Nestorii
2968 2597 3024 2644 et
3077 2585 3359 2659 Eutychis,
3407 2583 3644 2638 hostium

2050 2689 2166 2751 Dei,
2199 2696 2253 2741 et
2285 2696 2490 2741 sanctzc
2525 2681 2809 2738 catholica:
2839 2691 3002 2750 atque
3027 2678 3335 2750 apostolica:
3360 2675 3642 2739 Ecclesia,

2051 2781 2403 2838 detinentur:
2438 2775 2742 2831 inﬁcientes
2773 2788 2831 2827 se
2856 2781 3098 2827 sanctam
3126 2770 3300 2835 illam,
3325 2769 3642 2839 gloriosam,

2051 2884 2374 2946 perpetuam
2401 2868 2684 2940 Virginem
2719 2865 2966 2930 Mariam,
3003 2864 3223 2935 pr0prie
3250 2878 3315 2916 ac
3338 2860 3637 2916 secundum

2050 2968 2339 3022 veritatem
2376 2964 2562 3020 dicere
2612 2961 2940 3031 Deiparam;
2988 2959 3041 3012 id
3099 2973 3323 3026 operam
3369 2955 3648 3021 dedimus,

2054 3070 2112 3115 ut
2143 3061 2195 3114 bi
2228 3067 2433 3114 tectam
2463 3055 2896 3111 Christianorum
2930 3050 3092 3106 tidem
3120 3050 3502 3105 edocerentur.
3531 3045 3637 3100 Alii

2053 3171 2175 3212 cum
2207 3153 2537 3209 incurabiles
2582 3153 2714 3217 sint,
2766 3164 3012 3206 errorem
3052 3163 3208 3202 suum
3257 3153 3501 3215 legentes
3534 3143 3646 3198 cir-

2053 3256 2355 3313 cumeunt,
2409 3247 2488 3300 uti
2564 3243 2785 3314 quidem
2850 3241 3183 3312 accepimus,
3248 3237 3640 3305 simpliciorum

1447 3361 1543 3414 xui.
1583 3329 1946 3430 ἀποπολικῆς

2052 3345 2264 3397 animos
2293 3338 2684 3395 conturbantes
2702 3346 2756 3390 et
2791 3329 3151 3398 oﬂ'endeutes,
3184 3348 3248 3387 ac
3294 3329 3639 3403 proierentes

2052 3447 2254 3490 sanctae
2284 3432 2565 3486 οιιιιιοιὶοιιδ
2589 3440 2646 3486 et
2684 3428 2995 3500 apostolicae
3033 3425 3291 3480 Ecclesia:
3341 3424 3640 3479 contraria.

2051 3528 2419 3595 Quamobrem
2452 3523 2825 3579 necessarium
2869 3520 3150 3584 duximus,
3192 3526 3303 3571 tam
3351 3516 3642 3572 haereticoc

2053 3635 2172 3675 rum
2213 3616 2490 3673 mendacia
2517 3615 2803 3682 dissipare,
2833 3626 2997 3680 quam
3030 3610 3299 3665 universis
3321 3609 3641 3679 explanare,

2051 3707 2578 3784 quomodo'sentiat
2622 3715 2809 3760 sancta
2859 3704 2950 3759 Dei
3023 3713 3078 3758 et
3143 3702 3414 3757 catholica
3466 3710 3636 3770 atque

2052 3803 2350 3874 apostolica
2396 3800 2662 3864 Ecclesia,
2704 3808 2760 3855 et
2806 3797 3048 3868 ejusdem
3098 3795 3431 3851 sanctissimi
3463 3808 3646 3849 sacer.

2053 3901 2210 3952 dotes
2255 3896 2566 3966 praedicent.
2616 3891 2856 3962 Quorum
2909 3889 3139 3962 vestigia
3184 3904 3285 3945 nos
3335 3887 3496 3941 etiam
3553 3870 3642 3941 se-

2053 4001 2307 4066 quentes,
2344 3986 2764 4045 maniiestamus
2814 4001 2902 4051 ea,
2953 3999 3074 4054 quae
3135 3983 3205 4038 de
3257 3997 3374 4050 spe,
3426 3994 3545 4050 qua:
3591 3982 3645 4034 in

2053 4087 2211 4142 nobis
2241 4094 2349 4148 est,
2381 4081 2651 4138 sentimus
2682 4097 2698 4134 :
2737 4094 2844 4134 non
2884 4079 3044 4133 (idem
3083 4073 3430 4140 innovantes,
3464 4071 3643 4143 (absit

2056 4180 2195 4249 hoc)
2227 4175 2321 4232 sed
2349 4183 2712 4244 coarguentes
2741 4170 2954 4224 illorum
3002 4168 3288 4231 insaniam,
3323 4166 3413 4236 qui
3450 4165 3643 4219 eadem

2054 4288 2178 4330 cum
2228 4269 2410 4340 impiis
2442 4267 2562 4323 istis
2598 4262 2871 4322 haereticis
2909 4260 3378 4339 sentiunt-equod
3415 4258 3635 4329 quidem

2052 4373 2110 4422 et
2171 4363 2222 4418 in
2252 4336 2572 4432 primordiis
2626 4355 2842 4426 imperii
2906 4353 3080 4408 nostri
3138 4336 3263 4405 cum
3314 4351 3643 4414 iaceremus,

2055 4456 2192 4513 satis
2249 4452 2508 4510 omnibus
2581 4449 2824 4503 animum
2892 4454 3151 4513 nostrum
3221 4443 3644 4497 declaravimus.

2058 4552 2266 4620 Quippe
2308 4545 2583 4602 credimus
2614 4544 2668 4596 in
2694 4554 2860 4596 unum
2905 4540 3075 4594 Deum
3122 4535 3341 4591 Patrem
3376 4523 3642 4604 omnipo?

2060 4653 2282 4708 tentem,
2339 4647 2394 4695 ct
2447 4638 2503 4693 in
2565 4651 2728 4690 unum
2781 4630 3073 4687 Dominum
3121 4626 3310 4684 Iesum
3342 4627 3651 4691 Christum,

1981 4704 2029 4761 υ
2058 4737 2254 4792 Filium
2288 4734 2398 4796 Dei,
2429 4740 2483 4786 et
2525 4729 2579 4785 in
2613 4727 2878 4798 Spiritum
2914 4734 3186 4790 sanctum,
3232 4736 3394 4792 unam
3454 4735 3652 4777 essen-

2061 4832 2192 4887 tiam
2224 4829 2276 4883 in
2310 4827 2484 4882 tribus
2519 4823 2764 4895 personis
2792 4819 3109 4881 adorantes,
3144 4831 3310 4872 unam
3361 4816 3648 4882 deitatem,

2059 4941 2224 4983 unam
2278 4930 2644 4990 potestatem,
2681 4914 3010 4970 Trinitatem
3062 4912 3222 4965 unius
3262 4910 3533 4967 essentia.
3586 4905 3648 4961 In

2050 5016 2310 5073 extremis
2325 5021 2509 5069 autem
2529 5007 2720 5064 diebus
2740 5003 3066 5060 confitemur
3087 4999 3374 5054 Dominum
3395 5006 3644 5053 nostrum

2048 5111 2236 5172 Jesum
2282 5105 2586 5168 Christum,
2627 5098 2964 5171 unigenitum
3016 5093 3112 5149 Dei
3173 5090 3372 5148 Filium
3392 5128 3414 5167 γ,
3462 5077 3633 5144 Deum

2057 5215 2243 5256 verum
2274 5212 2340 5253 ex
2371 5196 2479 5250 Deo
2501 5181 2646 5255 vero,
2665 5200 2793 5244 ante
2819 5184 3017 5241 saecula
3051 5193 3108 5239 et
3133 5181 3253 5238 sine
3275 5191 3520 5249 tempore
3551 5191 3644 5248 ge-

2059 5295 2233 5353 nitum
2260 5306 2326 5348 ex
2353 5288 2536 5353 Patre,
2561 5287 2706 5341 Patri
2743 5293 3103 5352 coaeternum,
3135 5293 3260 5332 eum
3311 5276 3515 5344 ipsum,
3572 5287 3642 5328 ex

2057 5402 2165 5460 quo
2195 5384 2396 5448 omnia,
2433 5388 2487 5438 et
2516 5394 2610 5449 per
2640 5392 2800 5447 quem
2830 5376 3036 5438 eninia,
3061 5372 3377 5443 degressum
3403 5381 3432 5421 e
3460 5364 3643 5430 ctelis,

2060 5456 2401 5533 incarnatum
2446 5485 2570 5527 esse
2608 5477 2676 5524 de
2706 5467 2910 5538 Spiritu
2936 5475 3150 5529 sancto,
3182 5472 3237 5516 et
3268 5469 3486 5526 sancta,
3522 5456 3643 5528 gloo

2063 5576 2228 5634 riosa,
2257 5578 2627 5637 perpetuaque
2652 5560 2872 5634 Virgine
2906 5556 3098 5622 Maria,
3130 5565 3186 5611 et
3218 5553 3494 5618 hominem
3525 5566 3651 5607 esse

2066 5663 2294 5727 factum,
2314 5671 2640 5727 crucemque
2671 5669 2769 5726 pro
2790 5652 2952 5707 nobis
2986 5648 3274 5722 pertulisse
3316 5647 3420 5702 sub
3451 5645 3651 5702 Pontio

2067 5757 2258 5824 Pilato,
2321 5752 2590 5824 sepultum
2639 5759 2781 5814 esse,
2844 5743 3212 5801 resurrexisso
3261 5739 3350 5797 die
3403 5736 3569 5796 tertio
3624 5755 3640 5792 :

2069 5853 2227 5910 unius
2286 5861 2340 5906 et
2397 5846 2637 5916 ejusdem
2703 5841 2978 5896 min:ch
3020 5850 3076 5894 et
3127 5836 3446 5899 cruciatus,
3503 5845 3652 5905 quos
