4136 6308
343 388 483 458 1093

1362 408 1703 470 CONSTIT.
1733 413 2038 492 ECCLES.
2087 410 2546 487 COLLECTIO.

3462 428 3603 496 1094

345 511 513 582 λόγου
541 513 869 586 ἠρνήσαντο.
913 514 1011 570 Διὰ
1048 519 1210 574 τοῦτο
1236 527 1544 592 γραφικαίς
1581 527 1912 597 μαρτυρίαις

2019 543 2334 601 perpetuam
2365 534 2659 613 Virginem:
2695 535 2924 595 Mariam
2946 579 2964 606 ,
3005 540 3291 613 Deiparam
3339 546 3608 614 praedica-

335 607 400 662 τὺ
426 609 562 663 αὐτὸ
596 611 752 684 ἅγιον
808 613 1039 684 μάθημα
1095 615 1142 668 οἰ
1181 616 1462 687 εἰρημένοι
1492 617 1638 686 ἅγιοι
1689 617 1767 691 ρν¹
1804 621 1918 674 Πα-

336 701 502 771 τέρσς
522 702 659 759 Θεὸν
687 705 1096 774 σαφηνίσαντες
1123 711 1465 780 ἑτράνωσαν.
1525 714 1698 766 Τοῦτο
1735 715 1829 767 καὶ
1856 714 1915 768 αἱ

338 792 500 848 ἄλλαι
530 795 743 850 ἅπασαι
776 799 930 866 ἅγιαι
965 801 1198 865 σύνοδοι,
1233 806 1511 860 τουτέστιν
1539 807 1572 877 ή
1603 809 1662 859 έν
1703 806 1919 879 Ἐφέσῳ

337 888 583 958 προτέρα
613 891 707 944 καὶ
747 893 780 962 ή
816 893 875 945 ιν
899 894 1230 965 Χαλκηδόνι,
1283 899 1352 967 τῇ
1398 899 1537 969 αὐτῇ
1568 898 1754 954 πίστει
1782 903 1919 956 ἁκο-

342 980 707 1052 λουθήσασαι,
743 984 997 1049 ἐδέξαντο
1019 989 1115 1042 καὶ
1147 989 1446 1059 ἐφύλαξαν,
1479 995 1575 1046 καὶ
1627 994 1725 1063 τὴν
1753 996 1917 1061 ἁγίαν

341 1073 556 1142 ινδοξον
623 1077 988 1149 ἁειπαρθένον
1040 1081 1263 1150 Μαρίαν
1314 1083 1578 1141 Θεοτόκον
1617 1088 1917 1159 ἐκήρυξαν,
1975 1105 1978 1109 '

345 1170 441 1224 καὶ
466 1173 596 1234 τοὺς
621 1171 698 1244 μὴ
730 1173 1133 1243 ὁμολογοῦντας
1159 1177 1332 1247 αὐτὴν
1356 1180 1624 1234 Θεοτόκον
1649 1182 1922 1251 ἀνεθεμά-

339 1281 522 1320 τισαν.
576 1265 816 1334 ὀμοίως
847 1268 908 1322 δὲ
956 1269 1364 1340 ἀνεθεμάτισαν
1413 1275 1512 1340 καὶ
1551 1278 1678 1339 τοὺς
1729 1277 1918 1346 ἕτερον

341 1355 678 1428 σύμϐολονῆ
737 1361 897 1430 ᾶγιον
925 1361 1161 1432 μάθημα
1191 1365 1592 1435 παραδιδόντας
1642 1371 1799 1437 παρὰ
1855 1371 1916 1424 τὸ

336 1448 442 1502 ὑπὸ
500 1448 601 1519 μὲν
631 1451 740 1504 τῶν
773 1452 877 1530 τιη¹
907 1453 1081 1526 ᾴγίων
1106 1455 1368 1528 Πατέρων
1399 1461 1645 1525 ἐκτεθὲν,
1681 1479 1920 1532 σαφηνι-

342 1541 470 1596 σθὲν
503 1542 560 1596 δὲ
593 1543 688 1597 καὶ
738 1546 1020 1616 τρανωθέν
1049 1549 1201 1618 παρὰ
1227 1549 1338 1603 τῶν
1382 1533 1440 1604 ιν
1462 1554 1633 1627 ταύτῃ
1659 1549 1726 1625 τῇ
1762 1558 1920 1628 βασι-

334 1631 570 1708 λευούσῃ
599 1634 753 1689 πόλει
796 1636 906 1690 τῶν
950 1644 1027 1710 ρν¹
1073 1640 1243 1707 ἁγίων
1291 1643 1574 1716 Πατέρων.
1605 1648 1714 1702 Καὶ
1740 1650 1770 1718 ή
1797 1632 1918 1718 μὲν

337 1726 399 1778 έν
450 1723 664 1796 Ἐφέσῳ
724 1730 968 1800 προτέρα
1013 1732 1108 1786 τόν
1139 1750 1199 1786 τε
1256 1736 1430 1806 ἀσεϐῆ
1476 1737 1929 1822 Νεστόριονριαί,

2023 634 2171 688 runt,
2197 636 2251 679 et
2281 628 2626 694 anathemate
2668 631 3019 694 damnarunt,
3052 634 3143 701 qui
3180 650 3299 689 cam
3329 650 3438 691 non
3469 652 3604 692 eou-

2020 718 2306 774 ﬁterentur
2333 737 2453 776 esse
2485 721 2792 790 Deiparam.
2823 724 3200 781 Consimiliter
3225 739 3278 781 et
3309 728 3433 782 illos
3469 745 3604 783 ana-

2021 809 2246 866 themati
2280 813 2648 883 subjecerunt,
2681 820 2772 882 qui
2795 821 2940 874 abud
2971 823 3274 891 symbolum
3307 840 3597 880 sacrumve

2018 903 2401 962 documentum
2437 909 2737 973 traderent,
2785 926 2983 980 praeter
3019 916 3069 967 id
3100 955 3113 980 ,
3147 918 3291 985 quod
3328 932 3358 971 a
3404 920 3608 972 sanctis

2020 998 2124 1054 ’518
2147 1002 2405 1058 Patribus
2435 1005 2760 1080 expositum,
2789 1009 3134 1077 explanatum
3168 1012 3609 1082 declaratumque

2021 1091 2126 1147 fuit
2153 1108 2181 1146 a
2213 1092 2312 1149 t50
2339 1097 2542 1150 sanctis
2569 1094 2842 1154 Patribus.
2864 1101 2956 1170 qui
2983 1101 3087 1155 hac
3119 1101 3173 1157 in
3205 1104 3337 1157 urbe
3368 1107 3604 1175 impera-

2019 1186 2159 1240 toria
2189 1197 2578 1243 convenerunt.
2612 1188 2677 1243 Ει
2715 1192 2887 1260 prima
2936 1194 3154 1264 quidem
3209 1193 3478 1262 Ephesius
3509 1213 3604 1268 sy-

2020 1277 2193 1332 nodus
2238 1278 2461 1348 impium
2517 1281 2666 1335 illum
2722 1281 3055 1348 Nestorium,
3091 1286 3315 1356 ejusque
3351 1290 3606 1359 dogmata

2021 1377 2297 1444 abrogavit
2342 1389 2393 1431 et
2439 1378 2782 1434 anathemate
2813 1380 3123 1446 datrnavit;
3172 1384 3469 1454 eodemque
3507 1384 3608 1440 da-

2021 1470 2232 1523 mnavit
2266 1481 2315 1525 et
2367 1469 2487 1526 illos
2517 1473 2879 1539 anathemate,
2909 1476 2998 1543 qui
3045 1476 3162 1542 ejus
3189 1475 3474 1546 Opiniones
3521 1477 3605 1530 vei

2020 1564 2190 1616 secuti
2219 1575 2422 1625 essent.
2455 1567 2539 1620 vel
2578 1581 2975 1636 sequerentur;
3014 1571 3171 1639 quive
3205 1588 3331 1627 cum
3380 1590 3446 1628 eo
3475 1591 3605 1628 con-

2001 1657 2347 1732 ,sensissent,
2381 1669 2468 1711 aut
2502 1662 2896 1717 consentirent.
2930 1663 3192 1718 Sanctum
3223 1681 3354 1720 vero
3377 1667 3604 1722 Chalce-

2020 1747 2256 1804 donense
2303 1751 2588 1806 concilium
2639 1756 2938 1825 abrogavit,
2977 1766 3028 1811 et
3073 1759 3275 1812 sanctis
3309 1757 3398 1810 Dei
3434 1759 3608 1813 eccle-

309 1819 405 1875 -τὰ
450 1819 636 1874 αὐτῶν
694 1822 944 1894 δόγματα
995 1828 1212 1882 καθείλέ
1267 1848 1324 1884 τε
1376 1833 1473 1888 καὶ
1530 1834 1912 1903 ἀνεθεμάτισι,

2019 1827 2114 1895 siis
2143 1843 2320 1910 ejerit,
2347 1853 2510 1914 atque
2532 1847 2877 1902 anathemate
2905 1848 3204 1910 damnavit.
3234 1862 3343 1903 tum
3376 1852 3600 1918 impium

338 1915 442 1992 xui.
472 1917 598 1980 τοὺς
623 1917 693 1972 τὰ
717 1918 886 1972 αὐτοῦ
919 1921 1302 1992 φρονήσαντας
1331 1925 1366 1998 ἢ
1399 1927 1765 1998 φρονοῦντας,
1816 1930 1912 1984 καὶ

2019 1902 2516 2005 ἱΙΙιιιιίΕιιινοίιέιη,
2547 1938 2776 2006 eiusque
2802 1941 3072 2008 dogmata,
3107 1902 3218 1995 tum
3249 1942 3367 2013 ejus

335 2007 464 2071 τοὺς
498 2010 931 2075 συναινέσαντας
962 2013 1112 2083 αύτῷ
1142 2015 1175 2085 il
1221 2022 1611 2086 συναινοῦντας
1642 2023 1917 2093 ἀνεθεμά-

335 2113 487 2152 τισεν
514 2113 531 2129 ο
570 2099 604 2168 ή
630 2098 690 2153 δὲ
731 2100 789 2154 ἐν
813 2101 1119 2174 Χαλκηδόνι
1148 2106 1283 2176 ἁγία
1313 2110 1536 2175 σύνοδος
1573 2112 1795 2166 καθεῖλε
1852 2131 1912 2168 τε

337 2191 438 2246 καὶ
496 2191 720 2258 ἐξέϐαλε
773 2195 885 2252 τῶν
916 2197 1090 2266 ἁγίων
1131 2199 1227 2253 τοῦ
1282 2201 1417 2256 Θεοῦ
1457 2205 1785 2275 ἐκκλησιῶν,
1819 2207 1916 2260 καὶ

336 2284 697 2354 ἀντθεμάτισε
727 2289 822 2342 καὶ
853 2289 947 2343 τὸν
977 2291 1150 2363 ἀσεϐῆ
1182 2295 1452 2365 Εὐτυχέα,
1505 2298 1598 2351 καὶ
1640 2297 1708 2352 τὰ
1745 2298 1914 2354 αὑτοῦ

334 2379 608 2452 δόγματα,
640 2381 886 2446 καὶτοὺς
914 2383 981 2437 τὰ
1005 2385 1171 2438 αὐτοῦ
1189 2388 1567 2459 φρονήσαντας
1592 2390 1624 2461 ἢ
1652 2391 1916 2460 φρονοῦν-

334 2489 460 2541 τας,
503 2479 601 2530 καὶ
630 2477 757 2540 τοὺς
803 2478 1296 2551 συναινέσανταςῆ
1359 2484 1768 2550 συναινοῦντας,
1818 2486 1916 2541 καὶ

338 2573 550 2635 πάντας
573 2572 631 2628 δὲ
666 2573 793 2637 τοὺς
833 2572 1175 2644 αἰρετικοὺς,
1209 2576 1400 2632 καὶτὰ
1436 2577 1616 2633 αὐτῶν
1638 2579 1912 2649 δόγματα,

336 2667 434 2722 καὶ
465 2666 596 2730 τοὺς
628 2668 698 2722 τὰ
723 2667 904 2722 αὐτῶν
934 2672 1320 2741 φρονήσαντας
1350 2673 1383 2742 ἢ
1423 2673 1757 2742 φρονοῦντας
1781 2675 1913 2728 ἀνε-

339 2762 655 2832 Θεμάτισεν.
696 2761 934 2832 Ὁμοίως
973 2764 1030 2819 δὲ
1062 2764 1426 2836 ἁνεθεμάτισε
1472 2768 1569 2821 καί
1617 2769 1916 2840 Νεστόριον

339 2856 440 2912 καὶ
469 2857 540 2911 τὰ
573 2857 741 2913 αὐτοῦ
775 2859 1048 2931 δόγματα,
1089 2861 1343 2928 καὶτοὺς
1376 2863 1444 2918 τὰ
1476 2863 1647 2917 αὐτοῦ
1709 2866 1918 2936 φρονή.

341 2968 544 3015 σαντας
570 2952 602 3023 ἢ
635 2953 992 3025 φρονοῦντας,
1035 2955 1130 3009 καὶ
1159 2957 1286 3019 τοὺς
1312 2957 1741 3020 συναινέσαντας
1765 2959 1916 3028 αὐτῷ

340 3047 375 3117 ἢ
408 3049 816 3110 συναινοῦντας.
862 3049 931 3104 Ἦ
962 3050 1100 3123 αὐτὴ
1127 3051 1183 3105 δὲ
1214 3052 1270 3104 έν
1300 3050 1760 3124 Χαλκηδόνιὰγία
1789 3053 1916 3108 σύν·

337 3141 460 3205 οδος
485 3141 582 3196 καὶ
626 3143 727 3214 τὴν
764 3143 860 3198 τοῦ
913 3144 1153 3214 μεγάλου
1214 3145 1466 3216 Πρόκλου
1521 3147 1660 3217 πρὸς
1707 3146 1915 3220 Ἀρμε-

2018 2043 2114 2081 nes
2162 2039 2397 2093 secutos,
2429 2031 2509 2085 vel
2541 2043 2854 2102 sequentes,
2887 2045 2940 2100 et
2979 2037 3069 2104 qui
3099 2052 3220 2092 cum
3250 2054 3317 2092 eo
3351 2039 3432 2094 vel
3470 2057 3603 2095 con-

2018 2122 2336 2191 sensissent,
2389 2125 2473 2179 vei
2523 2127 2926 2194 consentirent;
2978 2140 3140 2199 atque
3179 2146 3374 2188 omnes
3424 2133 3588 2187 etiam

2019 2216 2302 2272 haereticos
2327 2232 2624 2288 eorumque
2647 2220 2895 2289 dogmata
2921 2235 3042 2276 cmn
3074 2221 3160 2289 iis,
3189 2225 3277 2288 qui
3314 2224 3600 2294 opiniones

2018 2307 2257 2379 ipsorum
2292 2310 2522 2378 amplexi
2555 2320 2764 2378 essent,
2792 2313 2878 2367 vel
2920 2314 3414 2383 amplecterentur;
3442 2323 3602 2386 quive

2018 2417 2139 2456 cum
2179 2404 2259 2458 eis
2289 2405 2731 2470 conseusi~sent,
2777 2415 2869 2460 aut
2921 2407 3318 2471 consentirent,
3370 2410 3601 2463 anathe-

2019 2502 2163 2548 mate
2211 2495 2498 2563 percussit.
2526 2495 2892 2553 Consimiliter
2919 2509 2974 2554 et
3014 2497 3322 2555 Nestorium
3374 2504 3602 2555 anathe-

2021 2577 2151 2641 mati
2198 2586 2449 2654 subjecit,
2486 2585 2712 2656 ejusque
2745 2591 3036 2660 dogmata;
3070 2607 3191 2647 cum
3229 2594 3314 2655 iis,
3362 2595 3453 2664 qui
3490 2597 3620 2663 oni--

2017 2680 2208 2736 niones
2249 2681 2417 2750 ipsius
2465 2683 2697 2752 amplexi
2729 2694 2952 2751 essent,
2991 2686 3074 2740 vel
3106 2685 3602 2757 atnplt'Ctercnttlt‘;

2017 2769 2179 2840 quive
2202 2787 2322 2826 cum
2344 2787 2409 2828 eo
2429 2775 2856 2834 consensissent.
2880 2785 2974 2830 aut
2991 2779 3379 2834 consentirent.
3398 2778 3598 2834 Eadem

2017 2877 2174 2920 sacra
2200 2865 3032 2939 Chalcedonensis“4)synodus
3061 2871 3228 2925 etiam
3260 2865 3605 2941 magniillius

2018 2955 2195 3012 Procli
2222 2959 2501 3026 epistolam
2537 2961 2604 3013 ad
2631 2961 2917 3017 Armenios
2951 2965 3234 3034 scriptam,
3269 2979 3376 3032 qua
3406 2975 3607 3020 tracta-

2020 3059 2134 3118 tur,
2163 3053 2266 3106 dici
2302 3053 2523 3120 debere,
2560 3055 2703 3122 quod
2743 3056 3001 3110 Dominus
3042 3068 3232 3113 noster
3261 3056 3416 3113 Jesus
3441 3057 3603 3114 Chri-

2019 3154 2161 3211 stus,
2199 3144 2368 3200 Filius
2407 3145 2496 3201 ille
2543 3144 2658 3212 Dei,
2708 3145 2958 3218 Deosque
2992 3160 3182 3205 noster
3207 3190 3223 3215 ,
3253 3165 3391 3206 unus
3427 3152 3498 3205 sit
3535 3166 3603 3206 ex

339 3233 487 3299 νίους
523 3237 833 3305 γραφεῖσαν
862 3236 1158 3309 ἐπιστολὴν
1186 3241 1316 3309 περὶ
1355 3239 1454 3292 τοῦ
1503 3242 1700 3311 χρῆναι
1729 3240 1912 3310 λέγειν

2019 3241 2539 3305 sancta'Trinitate,
2585 3256 2681 3307 per
2727 3241 3042 3297 relationem
3094 3259 3247 3298 suam
3300 3245 3503 3312 recepit
3553 3255 3607 3299 et

337 3327 429 3381 τὸν
453 3328 734 3396 Δεσπότην
771 3329 934 3398 ήμῶν
986 3329 1199 3399 Ἰησοῦν
1247 3332 1484 3401 Χριστὸν
1528 3332 1620 3387 τὸν
1653 3333 1782 3388 Υἱὶν
1817 3333 1912 3387 τοῦ

338 3418 478 3474 Θεοῦ
525 3420 621 3474 καὶ
650 3419 786 3475 Θεὸν
839 3421 1000 3493 ήμῶν
1045 3423 1143 3476 ενα
1187 3422 1291 3493 τῆς
1337 3424 1504 3492 ἁγίας
1546 3425 1776 3494 Τριάδος
1823 3427 1914 3482 διὰ

338 3513 443 3579 τῆς
474 3514 684 3579 οἰκείας
736 3517 1018 3587 ἀναφορᾶς
1054 3515 1274 3582 ἐδέξατό
1303 3534 1363 3572 τε
1407 3518 1502 3572 καὶ
1552 3519 1911 3577 ἐϐεϐαίωσεν.

335 3608 531 3678 Είγέιρ
556 3610 656 3673 τὰς
680 3610 988 3681 εἰρημένας
1043 3609 1107 3681 δὴ
1155 3611 1320 3680 ἁγίας
1355 3613 1609 3676 συνόδους
1650 3614 1914 3685 παρεξελ-

335 3700 541 3770 Θωμεν,
592 3701 626 3773 ἦ
688 3703 760 3755 τὰ
816 3701 951 3771 παρ’
981 3701 1164 3754 αὐτῶν
1208 3702 1645 3768 διατυπωθέντα,
1697 3706 1914 3776 δίδομεν

333 3796 519 3851 ἄδειαν
547 3798 660 3859 τοίς
685 3796 1064 3868 καθαιρεθεηίσι
1099 3795 1436 3867 παράύτῶν
1471 3802 1772 3869 αἰρετικοῖς
1813 3802 1910 3856 καὶ

333 3891 446 3954 τοῖς
468 3887 651 3942 αὐτῶν
680 3888 920 3958 δόγμασι
953 3893 1053 3959 τὴν
1108 3891 1324 3944 ἑαυτῶν
1357 3890 1555 3962 λοίμην
1605 3892 1774 3947 πάλιν
1827 3894 1911 3959 εἰς

331 3984 432 4049 τὰς
460 3985 623 4054 ἁγίας
646 3983 740 4039 τοῦ
777 3982 914 4037 Θεοῦ
965 3984 1292 4054 Ἐκκλησίας
1327 3986 1737 4042 ἐνδείκνυσθαι⁴
1772 3990 1911 4061 ὅπερ

329 4079 432 4133 οὐκ
463 4076 740 4148 ἐνδέχεται
777 4076 1094 4148 πραχθῆναί
1124 4094 1277 4131 ποτε·
1311 4077 1384 4148 μὴ
1411 4079 1646 4146 γένοιτο.
1691 4079 1910 4155 Ἐπειδὴ

328 4171 389 4224 αἰ
415 4168 709 4242 εἰρημέναι
736 4169 1003 4240 τέσσαρες
1022 4168 1175 4237 ἅγιαι
1210 4168 1419 4223 σύνοδοι
1441 4169 1530 4223 διὰ
1559 4169 1668 4224 τῶν
1691 4173 1910 4227 οἰκείων

331 4261 622 4330 δογμάτων
651 4261 778 4324 τοὺς
808 4263 1144 4332 αἱρετικοὺς,
1182 4263 1279 4315 καὶ
1319 4261 1389 4313 τὰ
1423 4261 1631 4315 τούτων
1662 4261 1912 4333 δόγματα

332 4356 622 4420 ἐξέϐαλον
654 4356 752 4409 καὶ
785 4355 841 4408 εἴ
871 4373 956 4417 τις
976 4355 1115 4425 πρὸς
1147 4356 1278 4425 μίαν
1294 4355 1406 4408 τῶν
1442 4357 1754 4427 εἰρημένων
1783 4374 1908 4410 συν-

331 4448 468 4502 όδων
503 4445 868 4517 ἀμφιϐάλλοι,
904 4446 1174 4517 πρόδηλός
1204 4447 1351 4500 ἐστιν
1375 4449 1559 4502 ἐκεῖνα
1590 4448 1806 4517 φρονῶν
1839 4449 1911 4503 τὰ

327 4542 604 4612 δόγματα,
633 4541 704 4595 τὰ
743 4539 875 4614 παρ’
899 4541 1081 4596 αὐτῶν
1113 4540 1451 4612 ικϐληθέντα
1485 4559 1544 4595 τε
1577 4543 1673 4597 καὶ
1711 4542 1909 4596 ἀναθε-

332 4635 686 4706 ματισθέντα.
719 4634 929 4704 Μηδεὶς
959 4634 1140 4688 τοίνυν
1172 4633 1318 4703 ὑμᾶς
1371 4635 1668 4701 ταραξάτω
1730 4635 1901 4689 ἐλπίδι

333 4723 543 4795 ματαίᾳ
577 4721 979 4793 κρατούμενος.
1001 4723 1085 4777 ὅτι
1118 4722 1278 4795 ἡμεῖς
1307 4723 1554 4776 ἐναντίον
1607 4725 1716 4779 τῶν
1754 4728 1907 4798 εἰρηο

331 4817 513 4884 μένων
548 4817 720 4882 ἁγίων
767 4815 1051 4886 τεσσάρων
1086 4815 1319 4871 συνόδων
1350 4816 1691 4887 ἐπράξαμεν,
1717 4819 1905 4892 ήπρὰο

329 4907 516 4976 ξομεν,
547 4907 579 4976 ἢ
609 4902 925 4978 πραχθῆναι
984 4907 1138 4975 παρά
1185 4924 1294 4960 τισι
1345 4907 1801 4978 συγχωρήσομεν,
1868 4908 1901 4978 ἢ

328 4999 757 5070 περιαιρεθῆναι
815 4997 915 5068 τὴν
978 4998 1082 5053 τῶν
1134 4999 1306 5067 ἁγίων
1358 4999 1542 5052 αὐτῶν
1616 5002 1906 5069 τεσσάρων

324 5095 482 5148 ὁσίαν
518 5094 741 5162 μνήμην
772 5095 834 5145 ἐκ
884 5091 994 5145 τῶν
1055 5092 1365 5163 εἰρημένων
1418 5092 1520 5162 τῆς
1565 5092 1897 5163 Ἐκκληδίας

323 5186 606 5258 διπτύχων
651 5186 977 5258 ἀνεξόμεθα.
1012 5187 1234 5251 Πάντας
1263 5186 1375 5258 γὰρ
1407 5190 1532 5251 τοὺς
1567 5188 1699 5257 παρ’
1725 5187 1905 5241 αὐτῶν

2019 3332 2379 3390 conﬁrmavit.
2438 3332 2704 3388 Nimirum
2759 3335 2803 3389 si
2855 3345 3008 3391 extra
3053 3348 3290 3405 quatuor
3343 3336 3608 3391 iudicatas

2018 3436 2238 3481 sanctas
2288 3428 2545 3497 synodos,
2582 3427 2669 3481 vel
2719 3427 2786 3482 ab
2833 3429 2913 3483 eis
2947 3430 3174 3494 saucita,
3222 3427 3641 3495 deﬂectimus,-

2018 3519 2290 3574 licentiam
2323 3518 2616 3584 haereticis,
2646 3534 2781 3587 quos
2815 3519 2919 3574 illa:
2943 3520 3351 3587 destruxeruut,
3392 3533 3444 3576 et
3475 3523 3606 3589 dog-

2017 3613 2252 3669 matibus
2279 3627 2466 3667 eor-um
2504 3611 2850 3668 concedimus
2873 3651 2889 3677 ,
2926 3623 3131 3681 pestem
3185 3628 3338 3668 suam
3392 3613 3602 3667 sanctis

2019 3709 2112 3763 Dei
2171 3707 2426 3762 Ecclesiis
2452 3706 2783 3761 ostentandi.
2837 3706 2990 3775 Quod
3035 3708 3197 3772 absit,
3254 3717 3312 3761 ut
3365 3723 3603 3777 unquam

2021 3801 2135 3857 ﬁeri
2166 3798 2348 3854 liceat.
2383 3798 2829 3868 Quandoquidem
2866 3800 3115 3854 indicata:
3146 3812 3380 3870 quatuor
3408 3802 3605 3872 synodi

2016 3891 2253 3948 decretis
2284 3891 2400 3946 suis
2433 3876 2541 3944 tam
2585 3891 2733 3960 ipsos
2765 3890 3070 3957 haereticos,
3097 3907 3259 3960 quam
3284 3907 3474 3947 eorum
3512 3893 3604 3947 do-

2017 3992 2196 4055 gmata
2225 3982 2548 4048 expulerunt
2581 3998 2595 4034 :
2636 3997 2702 4036 ac
2733 3982 2780 4036 si
2805 3982 2928 4053 quis
2958 3983 3024 4037 de
3058 3998 3166 4038 uno
3199 3983 3466 4039 dictorum
3517 4000 3604 4038 sa-

2016 4092 2243 4132 crorum
2277 4075 2639 4132 conciliorum
2671 4074 2907 4139 dubitet,
2943 4075 2990 4131 is
3022 4075 3310 4131 manifesto
3334 4092 3392 4132 se
3426 4077 3605 4147 prodit

2016 4169 2266 4240 amplecti
2307 4185 2369 4226 ea
2401 4170 2673 4242 dogmata,
2705 4185 2825 4240 quae
2870 4170 2941 4225 ab
2987 4169 3091 4225 illis
3128 4170 3327 4235 reiecta
3364 4179 3513 4232 sunt,
3549 4181 3603 4225 et

2016 4263 2360 4317 anathemate
2410 4262 2680 4316 damnata.
2732 4262 2903 4319 Nemo
2950 4263 3116 4334 igitur
3173 4262 3450 4320 incassum
3497 4280 3597 4319 nos

2015 4357 2215 4422 turbet,
2245 4370 2342 4425 spe
2369 4369 2505 4409 vana
2537 4354 2822 4418 subnixus,
2854 4357 3009 4425 quasi
3043 4371 3144 4410 nos
3172 4355 3374 4426 aliquid
3406 4355 3602 4411 adver-

2013 4465 2105 4505 sus
2137 4449 2404 4503 iudicatas
2430 4455 2662 4514 quatuor
2684 4449 2921 4520 synodos
2953 4447 3360 4516 admiserimus,
3391 4451 3475 4505 vel
3500 4450 3602 4505 ad-

2015 4543 2227 4598 missuri
2256 4541 2443 4602 simus,
2485 4541 2570 4596 vel
2609 4545 2919 4597 conccssuri
2947 4584 2963 4607 ,
3007 4551 3068 4597 ιιι
3108 4542 3463 4610 admittatur;
3515 4542 3601 4596 vel

2016 4634 2321 4698 toleraturi,
2356 4642 2414 4686 ut
2445 4634 2761 4690 earumdem
2808 4643 3123 4690 sanctarum
3153 4645 3392 4704 quatuor
3433 4649 3598 4706 syno-

2015 4729 2204 4782 dornm
2241 4725 2490 4795 religiosa
2527 4727 2786 4786 memoria
2814 4726 2879 4782 de
2912 4727 3165 4782 indicatis
3208 4727 3462 4782 Ecclesiae
3504 4741 3601 4782 co-

2015 4819 2227 4875 dicibus
2251 4817 2516 4890 toilatur(i
2529 4816 2906 4884 5).Universos
2927 4821 3072 4876 enim
3103 4821 3171 4875 ab
3195 4821 3274 4875 eis
3301 4819 3599 4892 depositas,

2015 4923 2070 4967 et
2121 4912 2468 4967 anathemate
2525 4913 2831 4978 danmatos,
2888 4929 2992 4965 una
3047 4928 3167 4967 cum
3222 4914 3595 4982 depositorum

2016 5005 2384 5070 dogmatibus,
2429 5015 2483 5061 et
2515 5006 2600 5068 iis,
2632 5006 2723 5074 qui
2754 5005 3044 5075 opiniones
3075 5006 3316 5074 ipsorum
3361 5006 3598 5074 amplexi

2014 5112 2159 5166 Sttttt,
2216 5099 2296 5154 vel
2358 5100 2780 5169 amplectuntur.
2843 5097 3173 5153 anathemati
3235 5096 3595 5152 devovemus.

2017 5190 2381 5257 Quamobrem
2437 5197 2557 5246 oret
2606 5204 2703 5261 pro
2750 5190 2932 5255 nobis,
2967 5197 3023 5243 et
3059 5187 3335 5259 republica
3368 5196 3551 5243 nostra
3576 5227 3594 5250 ,

1521 5352 1861 5416 Annibalis
1895 5353 2145 5416 Fabroli
2178 5358 2368 5415 notae:

397 5503 512 5574 (14)
558 5501 757 5558 Eadem
785 5521 938 5559 sacra
970 5504 1220 5559 Chalced.
1249 5503 1392 5559 idem
1431 5505 1673 5559 Facund.
1704 5504 1904 5559 Eadem

327 5591 444 5629 rero
475 5586 663 5629 sancta
695 5574 1130 5630 Chalcedonensis
1153 5577 1405 5645 synodus.
1431 5587 1478 5630 et
1510 5581 1686 5644 ηιαρηὶ
1721 5575 1901 5629 Procli

325 5646 396 5698 ad
434 5646 711 5699 Armenios
737 5648 985 5714 scriptam
1012 5649 1309 5712 epistolam,
1342 5651 1406 5702 de
1443 5665 1502 5702 eo
1533 5649 1671 5712 quod
1700 5660 1898 5711 oportet

325 5719 501 5771 dicrre
549 5715 825 5771 Dominum
877 5718 1063 5772 Iesum
1111 5718 1378 5773 Christum
1432 5716 1632 5771 Filium
1682 5717 1794 5780 Dei,
1846 5730 1894 5771 et

328 5787 492 5839 Deum
525 5797 790 5852 nostrum,
822 5805 984 5842 unum
1015 5800 1211 5843 aauch
1267 5789 1560 5851 Trinitatis,
1601 5805 1693 5855 per
1739 5806 1891 5842 suam

325 5858 635 5914 relationem
662 5860 879 5923 suscepit
917 5869 966 5913 et
1009 5861 1359 5926 rouﬁrmavit.
1414 5859 1472 5913 Si
1507 5861 1644 5912 enim
1699 5860 1892 5924 μναιαί-

324 5942 440 5983 rtat
463 5938 677 5984 sanctas
716 5942 946 5992 quatuor
974 5934 1200 5992 innodas
1221 5930 1577 5999 egrediantur,
1595 5941 1686 5985 aut
1714 5932 1779 5985 ab
1807 5933 1888 5986 Itis

2012 5507 2292 5570 disposita.
2334 5506 2522 5558 damus
2562 5503 2873 5572 facultatem
2911 5504 3196 5569 hmreticis,
3235 5504 3327 5573 qui
3347 5503 3592 5572 depositi

2010 5576 2075 5627 ab
2101 5576 2176 5628 eis
2224 5586 2367 5634 sunt,
2407 5586 2457 5629 et
2483 5592 2663 5629 eorum
2690 5575 3021 5643 dogmatibus
3051 5591 3202 5628 suam
3236 5573 3599 5641 pestilentiam

2007 5647 2193 5700 iterum
2228 5647 2281 5698 in
2310 5659 2520 5699 sanctas
2554 5645 2651 5699 "ei
2682 5645 2942 5699 Erclesius
2973 5656 3266 5702 ostentare.

2078 5715 2190 5784 (15)
2234 5715 2518 5771 Codtcibus
2553 5717 2796 5770 tollatur.
2830 5715 2995 5771 Sena
3031 5719 3271 5786 synodus
3299 5715 3480 5786 coi‘lat.
3510 5714 3544 5769 2
3574 5733 3590 5774 :

2005 5783 2232 5840 Sanctus
2259 5799 2489 5856 quatuor
2524 5786 2754 5857 synodos
2794 5783 3257 5855 majestas'inrins
3289 5788 3376 5856 (de
3418 5785 3591 5841 Justi-

2002 5859 2184 5928 niano)
2223 5859 2389 5928 sacris
2419 5858 2679 5924 diptgcltis
2727 5859 2891 5913 inseri
2945 5871 2991 5913 et
3041 5858 3304 5928 publicari
3337 5858 3480 5926 fecit.
3525 5857 3591 5912 V.

2001 5927 2194 5998 Evagr.
2219 5925 2312 5984 lib.
2344 5944 2415 5995 tv,
2451 5945 2498 5984 c.
2533 5930 2614 5984 Η.
