4110 6292
296 372 427 439 1361

1482 382 1726 445 EPIST.
1749 383 1844 444 DE
1876 385 2359 448 RASOPHORIS

3408 397 3546 461 1362

291 492 699 550 σκουσαν.Κᾶν
730 496 840 566 γὰρ
890 498 1158 570 χρίσματι
1220 503 1561 572 χειροτονίας
1601 505 1833 575 ἐχρέσθη

1977 507 2126 561 enim
2161 524 2258 579 per
2286 509 2724 565 miscricordiam
2784 510 2875 566 Dei
2909 511 3207 567 chrismate
3239 514 3544 571 ordinatio-

290 602 393 653 μεν
418 587 554 657 ἐλέῳ
612 588 772 654 Θεοῦ,
795 590 918 644 ἀλλ’
971 590 1136 664 ἐλαίῳ
1183 593 1542 658 διδασκαλίας
1594 596 1863 653 λιπαίνειν

286 677 411 741 τοὺς
460 679 725 750 μετόχους
747 681 971 751 τῆςγῆς·
986 682 1195 754 ταύτης
1230 686 1627 760 ἐπετράπημεν
1657 704 1674 720 ο
1728 687 1801 743 δι’
1832 688 1864 742 δ

285 774 385 825 καὶ
414 773 557 827 κατὰ
597 776 724 840 τοὺς
754 777 814 830 ἂν
852 777 1037 831 σκότει
1068 779 1162 831 καὶ
1181 782 1312 852 σκιᾷ
1333 781 1681 853 καθημένους
1715 782 1863 850 ἀγω·

283 864 566 935 νιάζομεν.
602 869 756 922 Ἐπεὶ
788 869 846 921 δὲ
881 871 940 924 τδ
965 873 1066 942 μὲν
1091 872 1364 928 διδάσκειν
1393 875 1718 948 ὑπερορίους
1743 878 1861 932 lm-

291 959 534 1022 σκόπους
571 961 972 1032 ἀπηγόρευται,
1023 965 1083 1018 τὸ
1111 965 1166 1020 δὲ
1202 966 1592 1038 ἀπολογείσθαι
1624 972 1754 1041 περὶ
1784 964 1860 1024 ὧν

282 1048 596 1118 ἐρωτῶνται
621 1055 962 1123 νενόμισται’
994 1056 1070 1113 Τὰ
1087 1060 1265 1130 χείλη
1296 1059 1428 1132 γὰρ,
1457 1064 1650 1132 φησὶν,
1688 1061 1862 1132 ἡμῶν

281 1143 422 1211 παρ’
441 1143 590 1212 ἡμῖν
613 1148 778 1202 εἰσιν
805 1166 822 1179 ο
852 1149 1258 1223 ἀπεπείλαμέν
1319 1170 1405 1208 σοι
1454 1157 1548 1209 τὸν
1611 1157 1859 1228 παρόντα

283 1235 453 1289 παῖδα
481 1237 643 1306 λόγον
676 1242 708 1309 ἡ
719 1239 858 1309 μῶν,
891 1243 1377 1315 ἀπολογησόμενον
1407 1249 1544 1318 πρὸς
1591 1250 1691 1313 τὰς
1731 1251 1862 1305 πεύ-

283 1343 400 1391 σεις
437 1347 556 1395 σου,
594 1331 670 1399 μὴ
690 1335 1136 1405 πεποικιλμένον,
1182 1339 1259 1403 ὡς
1301 1340 1432 1404 εδει,
1476 1343 1616 1412 μετά
1659 1363 1861 1413 χρυσο-

283 1421 849 1494 πάστωνίματισμῶν
910 1430 1006 1482 καὶ
1085 1433 1420 1498 σοφιστικῶν
1501 1438 1856 1506 κροσσωτῶν,

278 1513 418 1570 ἀλλὰ
471 1515 612 1585 μετὰ
681 1519 991 1592 χλᾳμυδίων
1055 1523 1314 1593 ἀμούσων
1375 1528 1471 1580 καὶ
1551 1531 1855 1599 ῥυπαρῶν·

277 1608 506 1662 τοιαῦτα
538 1612 646 1682 γὰρ
681 1609 821 1666 οἷδεν
848 1616 1096 1684 ὑφαίνειν
1131 1619 1274 1686 ίστδς
1317 1621 1632 1694 ὑπερόριος.
1664 1624 1727 1678 Et
1754 1625 1856 1692 μὲν

275 1701 373 1754 οὖν
413 1705 550 1771 πρὸς
576 1706 677 1772 τὴν
702 1708 974 1778 ἐρώτησιν
1011 1711 1417 1782 ἀπολογήσεται
1448 1732 1502 1768 τι
1546 1719 1855 1787 πρόσφορον

277 1793 373 1846 καὶ
407 1796 769 1867 κατάλληλον,
790 1798 1192 1873 φιλοφροσύνης
1210 1803 1500 1871 ἀξιωθήτω
1523 1821 1538 1837 ο
1572 1806 1621 1857 εί
1639 1803 1693 1858 ’δ’
1713 1807 1856 1876 ἀμα-

279 1883 434 1949 θείας
477 1889 693 1954 ἀπόζει,
727 1893 1149 1963 ἀντιστραφήτω
1177 1897 1313 1964 πρὸς
1346 1899 1437 1948 τὸν
1475 1900 1852 1967 γεγεννηκότα

281 1979 516 2052 πατέρα,
552 1982 651 2055 τὴν
681 1984 903 2040 δικαίαν
930 1988 1285 2060 ἀποστροφὴν
1325 1991 1784 2063 προαρπάσαντα.

347 2162 413 2232 β’.
478 2162 773 2236 Ἐγραψας
811 2170 964 2240 ἡμῖν,
998 2169 1076 2234 ὥς
1109 2189 1260 2237 τινες
1286 2176 1350 2227 ἐκ
1401 2174 1509 2230 τῶν
1533 2177 1856 2250 ρασονρόρων

270 2252 532 2322 τῆςκατά
568 2257 627 2310 σὲ
675 2259 836 2327 ἁγίας
906 2261 1095 2333 μονῆς,
1146 2268 1589 2338 ἀναγκαζόμενοι
1631 2270 1851 2325 τελειω⁹

271 2345 434 2415 θῆναι
457 2347 939 2421 δι’ἀποκάρσεως,
979 2354 1234 2424 λέγουσιν
1277 2361 1353 2423 ὡς
1410 2360 1440 2413 ό
1506 2361 1689 2432 μέγας
1742 2365 1852 2418 Βα-

274 2441 478 2505 σίλειος
509 2444 570 2497 ιν
593 2461 709 2497 τισι
737 2447 846 2497 τῶν
879 2449 1202 2518 ἀσκητικῶν
1262 2453 1630 2508 διδασκαλιῶν
1682 2457 1849 2513 αὑτοῦ

265 2531 566 2602 διωρίσατο
594 2537 689 2590 ἐπὶ
716 2541 933 2612 τριετίᾳ
953 2542 1047 2594 τὸν
1088 2545 1323 2614 μονάσαι
1363 2545 1654 2615 ὀφείλοντα
1693 2550 1857 2606 δοκι-ι.

275 2622 572 2716 μάζεσθαι,
609 2629 707 2681 καλ⁸
764 2631 902 2701 μετὰ
965 2633 1066 2702 τὴν
1142 2634 1349 2706 ταύτης
1401 2622 1770 2712 παραδρομὴν
1816 2644 1848 2716 ἦ

267 2714 574 2786 λαμϐάνειν
603 2722 700 2793 τὴν
726 2725 891 2793 χάριν
937 2727 1037 2797 τῆς
1065 2728 1451 2800 ἀποκάρσεως.
1484 2734 1516 2804 ἢ
1548 2714 1852 2808 ἀναχωρεῖν

266 2809 371 2882 τῆς
405 2813 600 2883 μονῆς,
623 2817 721 2870 καὶ
748 2818 886 2886 πρὸς
910 2817 1009 2889 τὴν
1030 2821 1306 2891 προτέραν
1375 2824 1576 2896 λαῖκὴν
1614 2831 1850 2898 μεταπί-

265 2923 428 2963 πτειν
459 2909 759 2981 διαγωγὴν,
786 2913 1142 2984 λαμϐάνοντα
1177 2920 1271 2973 καὶ
1300 2920 1336 2976 ἃ
1395 2922 1500 2990 πρὸ
1530 2924 1624 2976 τοῦ
1682 2943 1853 2996 προσ-

267 3002 448 3058 ελθεῖν
493 3009 558 3077 τῇ
615 3012 750 3080 μονῇ
807 3013 1177 3068 ἐνεδιδύσκετο
1228 3015 1410 3086 ἄμφια
1442 3035 1462 3051 ο
1521 3024 1616 3076 καὶ
1674 3025 1848 3079 ταῦτα

266 3097 380 3179 γὰρ
433 3101 490 3153 ἐν
521 3102 708 3173 ἀσὺλῳ
739 3106 1122 3178 συντηρείσθαι
1163 3112 1631 3181 παρεκελεύσατο.
1677 3118 1843 3173 Ἰνατί

1973 601 2062 656 nis
2094 602 2304 657 iuuncti
2338 602 2630 670 fuerimus,
2663 606 2783 660 oleo
2807 615 2988 661 tamen
3012 605 3279 662 doctrina:
3310 625 3541 665 consor-

1979 703 2059 748 tes
2087 701 2248 748 terra:
2283 695 2445 766 hujus
2481 697 2824 768 impinguare
2854 700 3213 779 commissum
3245 703 3405 757 nobis
3422 714 3541 766 est;

1972 787 2113 842 unde
2169 801 2222 844 et
2265 791 2440 843 instar
2485 806 2674 846 eorum
2718 792 2809 861 qui
2856 792 2908 845 in
2964 793 3208 848 tenebris
3248 804 3301 849 et
3349 797 3542 850 umbra

1969 879 2159 936 sedent
2197 880 2596 937 conﬂictamur.
2645 882 2784 952 Quia
2820 900 2948 939 vero
2999 892 3058 938 ut
3103 887 3343 957 episcOpi
3385 897 3542 942 extra

1969 973 2308 1042 provinciam
2362 976 2522 1045 positi
2554 977 2785 1031 doceant
2817 979 3042 1034 vetitum
3087 989 3171 1034 est
3201 1021 3214 1047 ,
3271 982 3542 1036 rationem

1969 1077 2151 1120 autem
2201 1069 2428 1124 reddere
2473 1070 2541 1125 de
2574 1071 2642 1126 iis
2681 1071 2749 1126 de
2783 1073 2983 1142 quibus
3033 1072 3445 1145 interrogantur
3474 1075 3543 1128 li-

1967 1168 2052 1213 cet
2073 1176 2088 1226 ;
2111 1159 2277 1214 Labia
2292 1162 2437 1217 enim
2468 1172 2674 1224 nostra.
2705 1164 2907 1235 inquit,
2936 1182 2969 1218 α
2996 1166 3143 1220 nobis
3175 1177 3296 1220 sunt
3318 1168 3375 1233 ';
3402 1167 3470 1222 ad
3489 1175 3543 1222 te

1969 1252 2221 1307 misimus
2265 1265 2592 1322 praesentem
2621 1272 2876 1326 puerum,
2901 1272 3211 1312 sermonem
3250 1267 3499 1314 nostrum
3521 1297 3541 1324 ,

1966 1347 2058 1414 qui
2093 1345 2482 1402 satisfacturns
2529 1348 2603 1403 sit
2640 1348 2708 1403 ad
2736 1350 3074 1420 quastiones
3122 1361 3285 1416 tuas;
3314 1366 3423 1406 non
3451 1367 3544 1404 va-

1968 1438 2046 1493 rie
2088 1451 2365 1502 ornatum,
2391 1449 2448 1493 ut
2490 1439 2699 1506 decuit,
2721 1456 2849 1496 cum
2880 1443 3080 1499 vestitu
3107 1451 3326 1509 aurato,
3358 1441 3542 1512 sophi-

1967 1530 2232 1600 sticisque
2275 1530 2592 1600 ﬁmbriatis,
2643 1534 2740 1589 sed
2797 1549 2923 1590 cum
2954 1535 3319 1606 chlamydulis
3373 1534 3538 1588 insci-

1967 1623 2038 1676 tis
2087 1631 2144 1678 et
2198 1623 2438 1679 sordidis
2490 1642 2507 1680 :
2566 1626 2885 1696 bujusmodi
2932 1625 3137 1697 quippe
3187 1627 3360 1681 ordiri
3398 1626 3536 1681 solet

1965 1728 2029 1767 ac
2059 1715 2210 1769 novit
2255 1719 2554 1770 textorium
2594 1725 2904 1770 externum.
2943 1715 3134 1786 Itaque
3177 1715 3220 1771 si
3256 1716 3320 1770 ad
3360 1715 3534 1770 inter-

1966 1807 2302 1875 rogationem
2346 1807 2552 1879 aliquld
2604 1808 2948 1878 responderit
2995 1819 3180 1878 aptum
3236 1817 3293 1864 et
3335 1823 3535 1864 conve-

1964 1899 2144 1964 niens,
2190 1901 2456 1956 benevole
2500 1901 2850 1972 excipiatur;
2920 1900 2965 1956 si
3021 1916 3153 1956 vero
3198 1899 3529 1971 imperitiam

1956 1991 2184 2058 redolet,
2231 1993 2298 2048 ad
2346 2004 2552 2063 patrem
2597 1994 2690 2065 qui
2735 1994 2924 2065 genuit
2956 1995 3291 2060 remittatur,
3325 1992 3540 2064 quique

1947 2087 2156 2157 justam
2199 2085 2603 2156 aversationem
2644 2085 3068 2158 praeoccupavit.

2029 2180 2084 2234 2.
2124 2178 2405 2249 Scripsiin
2455 2180 2638 2245 nobis,
2693 2180 2960 2250 quosdam
3026 2177 3203 2235 sancti
3248 2184 3529 2234 monaste-

1951 2275 2017 2327 rii
2044 2272 2126 2328 tui
2159 2271 2538 2344 Rasophoros.
2568 2272 2697 2329 dum
2723 2289 2820 2344 per
2847 2271 3525 2329 tonsuramconsummari

1950 2355 2244 2437 coguntur,
2277 2366 2464 2421 dicere
2498 2365 2642 2436 quod
2671 2380 2903 2437 magnus
2929 2365 3159 2422 Basilius
3201 2365 3256 2420 in
3289 2364 3525 2434 quibus-

1950 2461 2077 2514 dam
2134 2460 2252 2513 suis
2305 2459 2560 2515 asceticis
2594 2458 3056 2529 praeceptionibus
3108 2457 3427 2523 definierit,
3467 2461 3530 2509 ut

1949 2551 2043 2622 qui
2070 2551 2373 2607 monachus
2405 2550 2630 2605 futurus
2653 2560 2758 2615 est,
2783 2566 2877 2620 per
2913 2550 3207 2604 triennium
3243 2550 3528 2619 probetur,

1951 2657 2062 2715 quo
2099 2649 2402 2706 transacto,
2451 2653 2546 2697 aut
2577 2642 2807 2712 gratiam
2847 2650 3094 2697 tonsum
3145 2641 3402 2710 accipiat,
3433 2648 3532 2697 aut

1954 2737 2171 2791 recedat
2207 2752 2237 2790 a
2283 2735 2622 2790 monasterio
2672 2743 2723 2788 et
2751 2734 2818 2789 ad
2857 2733 3096 2806 priorem
3127 2733 3322 2789 laicam
3357 2735 3526 2789 vitam

1951 2829 2254 2894 relabatur,
2301 2827 2540 2898 receptis
2593 2828 2762 2882 etiam
2806 2824 3148 2881 indumentis
3198 2840 3320 2895 qua
3372 2833 3530 2883 ante-

1948 2940 2115 2996 quam
2166 2924 2234 2978 ad
2277 2921 2673 2978 monasterium
2729 2920 3022 2976 accederet
3065 2919 3356 2990 gestabat:
3407 2916 3527 2974 haec

1946 3018 2093 3072 enim
2129 3016 2182 3070 in
2223 3023 2342 3070 tuto
2368 3014 2488 3070 loco
2521 3014 2839 3071 conservari
2879 3013 3070 3084 jussit.
3096 3012 3208 3068 Cur
3236 3026 3372 3082 ergo
3394 3017 3525 3067 ante

1949 3108 2244 3165 triennium
2294 3107 2547 3178 cogimur
2593 3116 2840 3162 tonsuras
2882 3121 3049 3161 onere
3080 3103 3525 3177 premHVerisi-

262 3189 401 3258 γοῦν
460 3193 586 3261 πρὸ·
625 3196 722 3265 τῆς
773 3199 1021 3265 τριετίας
1069 3201 1502 3272 ἀναγκαζόμεθα
1554 3207 1616 3264 ἰδ
1675 3209 1840 3282 βάρος

1949 3201 2072 3257 mile
2115 3209 2223 3269 est,
2253 3201 2395 3257 intra
2421 3200 2552 3256 illud
2589 3215 2687 3257 nos
2717 3201 3044 3258 sententiam
3082 3207 3416 3263 mutaturos.
3461 3207 3518 3253 et

263 3283 727 3358 ἐπιφορτισθῆναι
753 3293 853 3359 τῆς
892 3292 1302 3362 ἀποκάρσεως;
1364 3295 1527 3362 Εἰκός
1562 3304 1678 3356 ἔστι
1707 3304 1840 3357 ταῦ-

259 3391 364 3447 της
396 3378 548 3443 ἐντὸς
573 3382 1020 3452 μεταμεληθῆναι
1046 3387 1215 3456 ἡμᾶς,
1250 3391 1346 3444 καὶ
1370 3391 1468 3461 τῆς
1497 3399 1844 3468 τραχυτέρας

260 3473 409 3541 ζωῆς
433 3473 532 3544 τὴν
564 3475 965 3548 μαλακωτέραν
1024 3484 1501 3554 προτιμήσασθαι,
1579 3489 1676 3543 καὶ
1738 3491 1842 3560 τῆς

258 3563 523 3621 ἀπιπόνου
570 3569 670 3640 τὴν
724 3572 949 3636 ἄπονον,
1013 3575 1113 3630 καὶ
1160 3577 1541 3648 ἀπεκδυθῆναι
1613 3579 1716 3651 μὶν
1769 3582 1841 3638 τά

265 3662 560 3729 μοναχικά,
625 3663 916 3734 ἐνδυθῐψαι
964 3666 1022 3720 δὲ
1052 3667 1427 3740 κογχυλόχροα
1471 3671 1569 3728 καὶ
1625 3676 1842 3748 χρυσό-

269 3769 476 3808 παστα·
529 3756 666 3809 ἀλλὰ
696 3755 804 3828 μὴν
829 3759 925 3811 καὶ
980 3761 1402 3833 κρεωφαγῆσαι,
1455 3767 1552 3821 καὶ
1585 3769 1841 3840 νομίμως

259 3845 609 3916 συναφθῆναι
639 3849 892 3917 γυναιξίν
916 3868 936 3882 ο
967 3853 1016 3906 εἰ
1045 3853 1232 3924 δεήσει
1257 3856 1339 3923 δι,
1381 3860 1482 3911 καὶ
1542 3863 1840 3929 στρατολο-

259 3937 525 4008 γηθῆναι,
594 3942 694 3995 καὶ
769 3942 954 4007 ζώνας
1025 3947 1424 4019 περιδληθῆναι
1504 3951 1833 4023 ἀξιωμάτων

257 4030 587 4101 βασιλικῶν.
631 4033 809 4102 Ἀφες
839 4029 934 4088 οὖν
955 4036 1055 4104 τῆς
1089 4037 1430 4110 προθεσμίας
1461 4039 1563 4112 τὴν
1621 4042 1829 4113 δωρεὰν

250 4122 676 4194 ἀκιὸδήλευτον.
722 4127 888 4190 Ἴσως
914 4129 1026 4199 γάρ
1055 4131 1398 4206 παραδράμῃ
1429 4134 1568 4204 μετά
1606 4135 1703 4205 τῆς
1737 4138 1833 4190 αὑ-

249 4217 354 4304 τῆς
382 4217 802 4289 εὐθυδρομοῦσα
862 4221 1196 4289 προθέσεως,
1269 4225 1364 4278 καὶ
1421 4226 1669 4295 στηρίξει
1734 4229 1830 4300 τῆς

1941 3298 2069 3350 vita
2108 3295 2400 3351 austeriori
2431 3309 2498 3349 ac
2547 3294 2838 3351 laboriosae
2871 3294 3184 3350 molliorem
3226 3303 3281 3348 et
3332 3293 3518 3348 labore

1939 3396 2220 3444 carentem
2249 3389 2616 3457 prmlaturos.
2659 3400 2875 3440 necnon
2912 3397 3181 3441 exuluros
3218 3381 3516 3438 monacha-

1939 3479 2044 3536 lem
2079 3479 2365 3545 vestitum,
2408 3489 2576 3549 atque
2626 3479 2918 3534 induturos
2972 3491 3307 3547 purpureum
3353 3489 3518 3530 auro-

1937 3589 2047 3645 que
2073 3573 2395 3630 distinctum
2425 3589 2439 3636 ;
2470 3569 2565 3626 sed
2603 3581 2658 3626 et
2697 3586 2920 3627 carnem
2948 3580 3295 3625 comesturos
3350 3578 3516 3637 atque

1941 3662 2182 3733 legitime
2219 3677 2446 3719 uxorem
2481 3663 2794 3726 ducturos;
2828 3662 2874 3715 si
2909 3675 3137 3716 necesse
3175 3668 3360 3715 autem
3397 3659 3518 3714 fue-

1939 3759 2036 3821 rit,
2077 3758 2240 3812 etiam
2293 3755 2653 3821 militaturos,
2688 3755 2932 3825 itemque
2961 3751 3178 3822 cingula
3214 3752 3513 3824 imperato-

1938 3851 2146 3904 riarum
2184 3849 2510 3920 dignitatum
2547 3857 2954 3917 assumpturos.
3021 3845 3292 3916 Relinque
3341 3845 3510 3914 igitur

1937 3942 2230 4014 praestituti
2273 3941 2536 4011 temporis
2557 3940 2790 4012 gratiam
2819 3937 3162 3994 inviolatam.
3187 3935 3350 3993 Forte
3362 3938 3510 3993 enim

1934 4035 2256 4108 praeteribit,
2286 4049 2411 4090 cum
2434 4034 2625 4089 eodem
2655 4032 2945 4104 preposito
2971 4040 3122 4086 recta
3149 4047 3381 4086 currens
3401 4070 3417 4094 ,
3453 4039 3510 4089 et

1934 4126 2198 4196 promissi
2221 4124 2568 4181 exactionem
2597 4119 2971 4179 conﬁrmabit.
2999 4121 3097 4177 Sin
3126 4133 3310 4177 autem
3331 4122 3524 4177 tradi...

1933 4220 2134 4275 tionem
2177 4226 2376 4288 praeter
2421 4216 2647 4272 decreta
2688 4230 2881 4286 urges,
2938 4214 3044 4286 ipsi
3093 4215 3510 4283 nobismetipsis

249 4310 590 4379 ἐπαγγελίας
625 4311 724 4383 τὴν
753 4312 1063 4383 εἴσπραξιν.
1095 4315 1159 4366 El
1217 4316 1277 4372 δὲ
1326 4323 1682 4390 κατεπείγεις
1729 4323 1830 4390 τὴν

1949 4330 1996 4370 ιι
2023 4311 2410 4384 resipiscentia
2439 4309 2850 4366 absolutionem
2879 4308 3204 4382 largiemur.
3228 4309 3502 4365 Praeterea

239 4402 396 4456 δόσιν
429 4405 581 4475 παρά
611 4404 944 4470 τάδόξαντα,
983 4408 1138 4460 αὐτοὶ
1198 4410 1418 4474 ἑαυτοῖς
1481 4415 1546 4467 ὲκ
1585 4415 1830 4485 μεταμέ-

245 4495 346 4548 λου
374 4497 716 4566 χαρισόμεθα
749 4497 852 4564 τὴν
873 4498 1146 4557 ἀθώωσιν.
1176 4500 1387 4568 ’Ἄλλως
1419 4523 1476 4557 τε
1504 4506 1629 4568 τοὺς
1663 4508 1826 4560 εὐλα-

1927 4407 2024 4480 qni
2067 4406 2421 4462 charismatis
2468 4402 2864 4475 perfectionem
2913 4413 3256 4472 reverentur,
3303 4403 3505 4461 debent

1935 4501 2119 4570 potius
2173 4497 2546 4568 comprobari,
2584 4511 2749 4568 quam
2814 4495 3016 4566 puniri,
3057 4497 3360 4566 gratiarum
3411 4510 3506 4551 ac-

243 4587 562 4657 σουμένους
621 4588 725 4658 τὴν
783 4588 1103 4656 τελειότητα
1158 4592 1254 4646 τοῦ
1309 4598 1654 4666 χαρίσματος
1705 4599 1824 4655 δέον

1949 4595 2133 4648 ,ionem
2161 4591 2392 4658 referre,
2427 4605 2536 4645 non
2568 4587 2841 4654 convicia,
2875 4587 3314 4658 praedicarimon
3350 4590 3506 4643 abdi-

246 4682 374 4736 ἑστὶ
401 4681 805 4753 φιλοτιμεῖσθαι
837 4684 1038 4752 μᾶλλον
1062 4685 1155 4739 καὶ
1189 4687 1262 4758 μὴ
1289 4688 1635 4755 κολάζεσθαι,
1669 4693 1833 4763 εὕχα-

1949 4685 2074 4742 :ari.
2110 4685 2169 4739 Si
2211 4684 2434 4754 quidem
2468 4697 2599 4751 erga
2636 4696 2722 4736 res
2753 4679 2994 4743 divinas,
3021 4680 3350 4744 reverentia,
3373 4679 3498 4735 ﬁdei

242 4776 556 4849 ριστείοθαι
587 4775 680 4828 καὶ
711 4775 787 4844 μὴ
833 4777 1197 4844 τωθάζεσθαι,
1223 4780 1591 4850 κηρύττεσθαι
1622 4786 1715 4837 καὶ
1752 4787 1828 4858 μὴ

1949 4778 2224 4833 inritatem
2279 4776 2663 4838 commendat;
2707 4785 2832 4825 cum
2887 4781 3080 4824 contra
3128 4777 3382 4840 prompta
3438 4770 3493 4824 in

242 4864 754 4936 ἀποκηρύττεσθαι.
793 4863 855 4919 Ἦ
906 4867 1004 4936 μὲν
1034 4865 1143 4934 γὰρ
1162 4867 1289 4936 περὶ
1321 4868 1390 4921 τὰ
1427 4867 1548 4921 θεῖα
1574 4869 1826 4923 εὐλάϐεια

1949 4887 2020 4926 ρας
2069 4867 2468 4930 irreverentia,
2501 4863 2843 4920 inﬁdelitatis
2892 4862 3150 4919 exhibeat
3208 4873 3498 4935 corrupte-

244 4956 532 5028 συνίστησι
564 4957 799 5021 πίστεως
813 4957 1158 5028 καθαρότητα
1180 4974 1197 4989 ·
1225 4959 1258 5027 ὴ
1291 4957 1336 5009 δ’
1364 4960 1450 5012 ἐπ’
1472 4961 1655 5021 αὐτοῖς
1685 4962 1825 5031 πρό-
1925 4964 2053 5018 iam.

242 5066 426 5123 χειρος
456 5049 779 5104 ἀνευλάΰεια
810 5042 1064 5113 ἀπιστίας
1097 5052 1392 5122 παρίστησι
1430 5052 1812 5122 κιϐδηλότητα.

312 5152 382 5211 Υ.
411 5141 552 5198 Εἶτά
583 5159 752 5214 φασι·
783 5145 1097 5207 Παλαιστάς
1149 5147 1246 5216 μὲν
1283 5148 1373 5200 καὶ
1436 5149 1562 5208 τοὺς
1618 5148 1814 5212 ἄλλους

1993 5152 2049 5208 3.
2078 5149 2312 5218 Deinde,
2334 5147 2614 5222 inquiunt,
2646 5148 2947 5203 luctatores
2983 5143 3208 5217 quidem
3243 5144 3494 5213 aliosque

243 5233 682 5306 ἀγωνιζομένους
710 5235 1049 5306 παγκράτιον
1071 5236 1159 5288 διὰ
1186 5236 1442 5307 χρονικῆς
1475 5237 1815 5308 προθεσμίας

1949 5245 2020 5314 lui
2069 5242 2354 5314 pancratio
2399 5247 2659 5306 certent,
2721 5253 2818 5310 per
2889 5246 3108 5309 tempus
3168 5236 3490 5312 praeﬁnitum
3569 5265 3574 5270 ~

244 5328 420 5390 θέλεις
452 5328 822 5399 γυμνάζεσθαι
845 5342 860 5358 ο
893 5328 1018 5390 τοὺς
1041 5328 1097 5380 δὲ
1143 5329 1438 5383 πένταθλον
1488 5329 1820 5400 ἀναδεχομέ-

242 5437 369 5485 νους
404 5421 711 5492 αἰσθήσεων
737 5415 1114 5482 ἀϐασανίστως
1160 5422 1490 5493 προτρέπεις
1507 5421 1586 5493 τῷ
1610 5421 1822 5487 εξεναν-

1923 5334 2168 5391 exerceri
2215 5333 2337 5400 vis;
2385 5347 2480 5388 eos
2513 5345 2646 5387 vero
2680 5331 2774 5401 qui
2826 5344 3091 5386 sensuum
3144 5327 3520 5398 pentathlum,

1922 5427 2036 5480 sive
2079 5423 2492 5494 quinquertium
2545 5421 2892 5492 suscipiunt,
2953 5422 3160 5488 absque
3217 5417 3490 5472 exercita-

241 5517 365 5579 τίας
407 5513 817 5584 συμπλέκεσθαι
845 5530 862 5547 ο
895 5514 989 5568 καὶ
1047 5515 1155 5586 μὴν
1192 5513 1413 5577 τούτους
1464 5514 1661 5586 μᾶλλον
1710 5515 1818 5568 ἔδει

1949 5515 2069 5573 lone
2121 5531 2246 5572 cum
2309 5514 2625 5569 adversario
2684 5512 2944 5584 congredi
2993 5511 3326 5583 compellis:
3391 5511 3491 5565 hos

245 5607 386 5678 μετά
407 5607 734 5678 δοκιμασίας
755 5608 835 5670 είς
869 5608 958 5661 τὸν
978 5608 1167 5678 ἀγῶνα
1191 5610 1289 5678 τῆς
1319 5607 1606 5680 ἀσκήσεως
1632 5624 1810 5676 παρα-

239 5698 511 5771 δέχεσθαι.
538 5700 768 5755 Ἐκεῖνοι
809 5699 907 5771 μὲν
956 5701 1064 5772 γὰρ
1108 5702 1326 5771 ὁρατοῖς
1379 5701 1805 5772 ἀντιμάχονται,

315 5879 335 5908 ⁸
364 5874 505 5931 Psal.
555 5891 630 5934 XI.
652 5875 704 5929 5.

1919 5616 2102 5660 tamen
2143 5603 2315 5675 magis
2341 5602 2626 5674 oportebat
2671 5618 2796 5656 cum
2839 5603 3164 5673 probatione
3196 5601 3262 5657 ad
3294 5612 3488 5656 asceti-

1912 5714 2038 5757 cum
2057 5706 2333 5756 certamen
2362 5697 2670 5754 admittere.
2693 5695 2771 5751 Illi
2802 5697 3069 5766 siquidem
3108 5712 3232 5751 cum
3265 5686 3490 5751 visibili-
