4110 6292
460 337 600 406 i375

1650 344 1927 409 THEOD.
1971 345 2374 412 BALSAMON
2380 349 2454 413 IS

3567 353 3705 418 1376

454 467 599 513 ctam
653 466 954 522 tonsuram,
1018 463 1149 514 ante
1202 458 1421 515 triennii
1489 465 1753 517 statutum
1813 472 2028 532 tempus

2146 463 2383 534 tdpcew;
2415 465 2524 537 πρδ
2548 465 2650 537 τῆς
2680 465 2926 537 τριετοῦς
2977 467 3316 539 προθεσμίας
3380 467 3444 521 οὒ
3494 485 3722 537 συγχωο-

453 559 789 605 consecutus
822 558 928 614 est,
965 549 1358 619 professionem
1410 552 1724 624 repudiare.
1758 561 1817 611 et
1847 557 1913 609 ad
1947 553 2028 608 vi-

382 681 384 685 .
454 651 566 696 tam
599 642 916 697 saecularem
962 642 1162 699 reverti
1213 653 1481 715 praetextu
1531 656 1772 702 tonsum
1824 663 2032 715 nequa-

453 737 618 805 quam
649 736 952 800 canonicis.
984 753 1091 792 non
1132 738 1490 807 permittitur,
1529 740 1624 797 sed
1647 741 1806 796 alteri
1839 755 2029 796 mona-

455 828 624 882 sterio
648 827 794 894 quod
845 829 1192 898 disciplinam
1257 842 1504 887 exactam
1561 834 1809 888 observet
1865 833 2032 888 tradi-

453 928 582 985 tur;
621 921 693 974 ita
721 919 813 990 qui
862 936 1047 976 rasum
1080 922 1334 992 gestavit.
1385 932 1512 980 ante
1567 927 1862 981 triennium
1918 942 2028 982 non

451 1013 800 1071 exaudiatur.
861 1015 908 1069 si
957 1017 1156 1071 dixerit
1211 1034 1229 1072 :
1287 1016 1548 1072 Penituit
1601 1033 1739 1083 me;
1813 1017 2032 1073 videtur

451 1106 598 1158 enim
626 1106 757 1159 mihi
791 1110 915 1162 vita:
946 1108 1262 1164 monasticae
1308 1125 1450 1164 onus
1497 1109 1880 1182 gravissimum
1909 1150 1925 1175 ,
1964 1127 2028 1165 ac

453 1199 601 1251 velut
647 1200 864 1267 pondus
914 1202 1283 1268 abjurandum
1339 1213 1392 1257 et
1449 1200 1870 1271 refugientium:
1908 1204 2030 1257 volo

454 1289 624 1359 igitur
656 1295 851 1347 animze
901 1307 1070 1348 ratem
1099 1310 1208 1350 non
1247 1294 1484 1365 amplius
1541 1296 1780 1365 pondere
1834 1313 2028 1349 mona-

453 1384 573 1439 Stici
601 1392 778 1438 status
806 1382 1112 1458 submersi.
1169 1386 1266 1444 sed
1295 1404 1418 1444 cum
1463 1390 1620 1443 laicis
1641 1389 1777 1446 velis
1834 1393 2024 1447 attolli.

444 1474 650 1530 Audiet
708 1479 886 1545 potius
915 1493 936 1532 ι
966 1476 1186 1536 Licebat
1220 1480 1314 1535 tibi
1360 1498 1485 1535 cum
1542 1480 1867 1538 Prometheo
1914 1485 2028 1538 haec

457 1567 607 1636 prius
636 1569 1011 1634 considerare.
1042 1580 1099 1628 et
1135 1572 1192 1628 in
1241 1572 1433 1628 habitu
1483 1573 1612 1628 laici
1668 1574 2027 1631 sufﬁcientem

454 1657 650 1714 virum
669 1669 888 1714 tuarum
910 1663 1290 1730 probationem
1309 1679 1375 1718 ac
1395 1665 1788 1734 experientiam
1810 1683 2026 1737 capere;

456 1753 585 1821 quia
618 1767 750 1809 vero
815 1764 1010 1824 sponte
1068 1755 1380 1826 probationi
1443 1762 1794 1825 renuntiasti,
1871 1760 2028 1815 habi-

2134 558 2304 627 ρεῖται
2330 556 2430 628 τὴν
2456 556 2732 628 διαγωγὴν
2765 558 3046 631 ἀθετῆσαι,
3089 563 3182 614 καὶ
3210 563 3287 625 είς
3318 560 3434 628 βίον
3487 578 3705 629 μετενε-

2132 647 2328 719 χθῆναι
2359 651 2622 722 κοσμικδν
2659 649 2748 704 διὰ
2773 650 2874 725 τὴν
2919 654 3018 724 τῆς
3055 652 3411 708 ἀκανονίστου
3459 653 3707 719 ἀποκάρο

2132 756 2269 802 σεως
2296 740 2593 812 πρόφασιν,
2621 742 2738 797 ἀλλ’
2763 745 2845 808 είς
2881 742 3068 813 ἕτερον
3115 747 3479 816 μοναστήριον
3530 761 3708 814 παρα-

2130 829 2332 886 δίδοται
2379 833 2668 906 μοναδικὴν
2692 835 2981 905 ἀκρίϐειαν
3005 837 3304 908 συντηροῦν
3329 853 3344 867 ο
3387 836 3531 890 οὕτω
3562 838 3659 889 καὶ
3677 840 3707 890 6

2133 925 2512 996 ρασοφορήσας
2539 927 2642 997 πρὸ
2669 928 2765 998 τῆς
2791 928 3028 998 τριετίας
3052 929 3152 982 οὐκ
3199 929 3707 998 είσακουσθὴσιται,

2131 1014 2343 1083 λέγων’
2400 1018 2717 1089 Μετάμελος
2760 1019 2988 1086 γέγονα·
3030 1019 3304 1088 λογίζεται
3337 1022 3446 1089 γάρ
3512 1038 3602 1087 μοι
3650 1024 3710 1072 τὸ

2133 1111 2355 1180 φορτίον
2383 1110 2475 1166 τοῦ
2505 1113 2767 1181 μονήρους
2796 1112 2909 1183 βίου
2941 1113 3266 1183 βαρύτατον,
3289 1115 3383 1165 καὶ
3410 1108 3521 1166 οἷον
3546 1113 3706 1181 ἄχθος

2132 1204 2418 1273 ἀπώμοτον
2438 1222 2452 1237 ο
2484 1205 2621 1259 θέλω
2653 1205 2745 1260 οὖν
2773 1207 2848 1276 μὴ
2883 1208 2977 1258 ἐπὶ
3023 1205 3186 1259 πλέον
3241 1204 3708 1259 καταποντοῦσθαι

2129 1295 2227 1366 τὴν
2259 1295 2434 1368 ψυχὴν
2471 1297 2554 1370 [L.
2587 1301 2683 1369 τὴν
2712 1300 2812 1366 τῆς
2832 1298 3030 1370 ψυχῆς]
3069 1299 3270 1353 ὁλκάδα
3316 1298 3454 1367 μετὰ
3487 1296 3583 1350 τοῦ
3614 1297 3712 1366 βάο

2135 1405 2258 1458 ρους
2286 1389 2380 1458 τῆς
2415 1390 2707 1458 μοναδικῆς
2741 1391 3148 1451 καταστάσεως,
3173 1388 3309 1441 ἀλλᾶ
3335 1387 3472 1457 μετὰ
3503 1386 3709 1440 λαῖκῶν

2131 1479 2351 1534 ὀθονίων
2385 1482 2831 1550 μετεωρίζεσθαι.
2859 1481 3107 1536 Ἀκούσει
3133 1481 3190 1534 δὲ
3225 1481 3427 1552 μᾶλλον
3446 1480 3523 1543 ὡς
3553 1479 3714 1548 Ἐξῆν

2132 1588 2214 1624 σοι
2235 1573 2370 1642 μετὰ
2388 1572 2720 1643 Προμηθέως
2738 1573 2908 1627 ταῦτα
2920 1574 3444 1643 προδιασκέψασθαι,
3458 1576 3551 1626 καὶ
3574 1579 3714 1639 μετα

2133 1665 2414 1733 σχήματος
2443 1665 2634 1718 λαῖκοῦ
2655 1667 2754 1735 τῆς
2781 1667 3061 1736 δυνάμεώς
3085 1683 3180 1718 σου
3203 1665 3391 1718 λαϐεῖν
3436 1662 3715 1735 ἀρκοῦσαν

2129 1754 2357 1828 δομικὴν
2389 1760 2482 1811 καί
2513 1759 2842 1828 ἀπόπειραν*
2864 1760 3048 1812 ἑκοντὶ
3069 1759 3125 1812 δὲ
3149 1753 3214 1832 τῇ
3255 1757 3553 1828 δοκιμασίᾳ
3573 1759 3714 1810 ἀπο-

453 1854 684 1913 tumque
735 1848 1123 1902 monachorum
1186 1851 1554 1920 assumpsisti,
1619 1868 1727 1909 non
1786 1855 2022 1922 amplius

2146 1846 2446 1917 ςαξάμενος,
2466 1853 2559 1903 καὶ
2581 1853 2719 1904 κατὰ
2741 1852 3003 1922 μοναχοὺς
3025 1850 3682 1922 μετασχηματισθεὶς.οόκ
3699 1879 3712 1888 -

456 1947 686 2006 prepter
710 1935 1054 2011 insipientem
1087 1949 1239 1994 tuum
1276 1939 1660 2013 Epimethettm
1696 1945 2035 2014 permitteris

455 2024 638 2082 redire
655 2030 819 2092 malc,
846 2032 987 2088 unde
1016 2032 1153 2087 bene
1171 2035 1387 2099 exiisti;
1421 2035 1515 2092 sed
1539 2037 1752 2107 cogeris
1777 2047 2034 2106 tanquam

454 2121 558 2176 hos
589 2121 704 2193 iugi
746 2123 1086 2195 inexpertus,
1107 2143 1408 2195 agnoscere
1454 2145 1829 2200 possessorem
1881 2141 2034 2186 tuum

457 2214 650 2281 Deum,
679 2224 734 2271 et
761 2226 1019 2286 tanquam
1076 2219 1267 2277 asinus
1316 2237 1555 2294 praesepe
1604 2223 1809 2278 domini
1851 2224 1979 2278 sui'
2020 2244 2035 2281 :

457 2309 603 2377 quod
631 2310 672 2364 si
706 2311 772 2364 ad
808 2311 1050 2366 debitum
1087 2328 1196 2368 non
1258 2316 1429 2384 probe
1483 2316 1822 2387 ﬁdeliterque
1885 2334 2036 2371 com-

461 2406 626 2472 ponis
662 2419 725 2458 ac
758 2406 904 2476 geris
954 2414 1029 2473 te,
1083 2423 1265 2479 neque
1323 2409 1378 2463 in
1441 2410 1526 2463 via
1597 2413 2032 2466 testimoniorum

458 2504 678 2548 tuorum
710 2494 809 2551 das
868 2496 1289 2565 professionem,
1374 2501 1708 2570 episcopalis
1753 2503 2038 2558 sententia:

458 2588 823 2656 iurisdictioni
859 2589 1115 2655 traderis,
1145 2603 1261 2646 tttm
1293 2594 1589 2662 conjiceris
1639 2597 1693 2648 in
1739 2613 2034 2651 carcerem.

461 2679 654 2740 Amen.
691 2680 861 2734 Amen
893 2680 1021 2734 dico
1065 2682 1186 2740 tibi.
1240 2697 1347 2736 non
1402 2687 1551 2738 exies
1598 2686 1745 2748 inde,
1803 2687 1906 2740 nisi
1945 2690 2038 2744 de.

461 2769 717 2837 posueris
746 2785 857 2839 quo
887 2771 1084 2826 reddas
1116 2773 1474 2827 novissimum
1505 2774 1864 2843 quadrantem
1915 2786 2037 2832 tono

461 2861 665 2916 σαι-αι’.

534 2999 622 3053 15.
669 2999 748 3051 Ad
784 3001 896 3054 hac
927 3000 1108 3055 dicent
1147 3021 1159 3054 :
1191 3002 1371 3067 Quare
1398 3017 1521 3058 cum
1552 3004 1807 3060 decernat
1832 3022 2030 3075 canon,

463 3093 739 3147 nominem
773 3095 958 3146 habitu
993 3098 1188 3148 mutari
1223 3108 1348 3148 ante
1380 3098 1594 3150 triennii
1626 3109 2032 3168 transcursum,

2142 1943 2224 1996 ἐτι
2259 1943 2345 1996 διὰ
2376 1943 2466 1996 τὸν
2489 1943 2746 1997 ἁσύνετόν
2780 1961 2874 1995 σου
2934 1942 3243 2014 Ἐπιμηθέα
3265 1943 3716 2014 παραχωρηθήσῃ

2142 2034 2484 2104 ὑποστρέψαι
2512 2035 2717 2097 κακῶς,
2743 2035 2864 2088 ὅθεν
2892 2033 3118 2104 ἐξῆλθες
3140 2035 3321 2096 καλῶς
3351 2052 3366 2066 ·
3404 2034 3519 2087 ἀλλ’
3544 2034 3715 2098 ἀναγ-

2141 2125 2417 2198 κασθήσῃ,
2448 2127 2521 2189 ὼς
2551 2127 2675 2195 βοῦς
2709 2130 3096 2198 ἀπειρόξυγος.
3125 2126 3426 2194 ἐπιγνῶναι
3460 2126 3552 2178 τὸν
3585 2141 3720 2185 κτη-

2150 2217 2388 2288 σάμενον
2424 2235 2480 2270 σε
2501 2217 2764 2282 Θεὸν,καὶ
2791 2219 2865 2283 ὡς
2889 2219 3006 2283 ὄνος
3033 2220 3131 2291 τὴν
3161 2219 3368 2290 φάτνην
3393 2217 3485 2272 τοῦ
3510 2216 3717 2288 Κυρίου

2141 2310 2341 2361 αὐτοῦ·
2375 2311 2466 2363 καὶ
2502 2313 2548 2362 εἰ
2577 2312 2652 2382 μὴ
2683 2313 3018 2375 εὐσυνθετεῖς
3050 2314 3186 2382 πρὸς
3218 2311 3280 2363 τὸ
3320 2311 3561 2379 δρλημα,
3603 2326 3714 2377 μη-

2136 2400 2194 2453 δὲ
2221 2399 2378 2462 δίδως
2403 2402 2462 2454 ὲν
2480 2403 2546 2471 τῇ
2568 2401 2670 2470 ὁδῷ
2692 2404 2796 2454 τῶν
2823 2402 3136 2473 μαρτυρῖων
3162 2418 3256 2456 σου
3290 2402 3350 2456 τὸ
3366 2398 3716 2468 ἒπάγτελμα,

2141 2493 2499 2564 παραδοθήσῃ
2525 2496 2591 2561 τῇ
2629 2493 2957 2562 δικαιοδοσία
2988 2493 3094 2560 τῆς
3143 2493 3511 2560 ὲπισκοπικῆς
3577 2490 3717 2543 ἀπο-

2139 2585 2374 2651 φάσεως.
2407 2587 2500 2638 καὶ
2529 2585 2847 2655 ὲμὸληθήση
2875 2588 2954 2649 είς
2989 2583 3257 2655 φυλακην.
3297 2584 3494 2653 Ἀμὴν,
3542 2580 3722 2652 Ἀμὴν

2139 2678 2285 2745 λέγω
2341 2695 2444 2744 σοι,
2493 2680 2554 2733 οὐ
2604 2681 2678 2749 μὴ
2733 2679 2958 2751 ἐξέλθῃς
3018 2679 3251 2744 ἐκεῖθεν,
3284 2679 3358 2740 [si
3402 2677 3476 2748 μὴ
3507 2674 3725 2746 κατάθῃ

2139 2771 2438 2827 ἀποδοῦναι
2479 2773 2572 2824 τὸν
2602 2770 2830 2841 ἔσχατον
2858 2771 3164 2842 κοδράντην
3201 2771 3307 2843 τῆς
3337 2771 3726 2840 ἀποκὰρσεως.

2210 3002 2293 3052 te’.
2339 2997 2464 3052 Ἐπὶ
2507 2995 2718 3060 τούτοις
2768 2993 2972 3065 ἐροῦσι,
3027 2995 3136 3049 Καὶ
3183 2991 3301 3057 πῶς
3360 2989 3456 3044 τοῦ
3500 2989 3725 3051 κανόνος

2136 3091 2511 3162 διοριζομένου
2552 3090 2627 3161 μὴ
2678 3087 3260 3160 μετασχηματίζεσθαι
3298 3102 3421 3140 τινα
3474 3085 3585 3156 πρὸ
3628 3081 3726 3138 τοῦ

467 3181 563 3253 qui
598 3185 757 3238 hodie
788 3201 878 3252 per
912 3193 1087 3237 totum
1121 3186 1311 3239 orbem
1353 3198 1624 3242 terrarum
1687 3178 2038 3248 monasteriis

2146 3185 2383 3252 τριετίαν
2420 3182 2824 3254 παραδραμεῖν,
2845 3181 2894 3233 οἱ
2925 3181 3166 3251 σήμερον
3189 3177 3329 3230 κατὰ
3377 3178 3558 3230 πᾶσαν
3620 3175 3725 3244 τὴν

466 3289 730 3346 praesunt,
760 3294 855 3333 eos
885 3280 976 3346 qui
1001 3280 1268 3332 accedunt
1300 3281 1366 3334 ad
1397 3279 1569 3350 ipsos,
1614 3284 1827 3353 absque
1874 3285 2034 3341 unius

465 3373 579 3426 fere
611 3372 718 3424 diei
745 3370 797 3424 in
831 3372 1130 3426 monastica
1159 3374 1272 3426 vita
1307 3389 1484 3438 mora,
1529 3391 1637 3430 non
1685 3376 1864 3432 solum
1916 3379 2039 3435 sine

467 3464 710 3525 delectu,
747 3465 933 3516 habitu
964 3472 1019 3518 et
1069 3465 1286 3520 nomine
1315 3467 1424 3521 alio
1466 3467 1693 3530 donant,
1729 3468 1827 3525 sed
1872 3473 2036 3527 etiam

468 3571 563 3626 per
596 3555 870 3608 tonsuram
905 3557 1267 3610 consecrant?
1303 3557 1358 3611 Si
1387 3557 1551 3612 verba
1584 3563 1811 3615 canonis
1840 3564 2031 3617 intelli~

467 3657 670 3717 guntur
722 3648 1178 3718 acripiunturque
1246 3651 1390 3704 sicut
1447 3667 1613 3719 supra
1669 3655 1878 3706 dictum
1931 3662 2038 3717 est.

467 3740 866 3794 monachorum
901 3740 1177 3809 praepositi
1206 3758 1304 3795 eos
1353 3743 1446 3812 qui
1480 3744 1531 3797 in
1581 3746 1920 3800 monasterio
1947 3761 2044 3816 per

468 3833 671 3884 statum
706 3833 1073 3886 monasticam
1125 3836 1474 3898 commorari,
1523 3838 1800 3906 vitamque
1850 3853 2041 3894 mona-

470 3925 699 3978 chorum
727 3925 928 3979 ducere
963 3927 1334 3996 postulabant,
1360 3930 1671 3984 debuerunt
1701 3948 1810 3986 non
1839 3933 2045 4000 absque

471 4020 639 4073 multa
665 4019 1026 4086 inquisitione
1059 4019 1372 4082 admittere.
1419 4031 1474 4075 at
1529 4022 1858 4076 canonicum
1918 4038 2046 4075 ora-

467 4112 648 4168 culum
690 4113 949 4176 edocere,
1007 4127 1069 4166 ac
1096 4112 1428 4168 demandare
1450 4123 1506 4168 ut
1530 4129 1655 4167 cum
1687 4115 1826 4169 laico
1855 4116 2045 4169 habitu

471 4205 623 4274 prius
674 4213 1090 4271 exercerentur,
1139 4208 1326 4275 sicque
1382 4217 1568 4276 postea
1635 4207 1807 4262 instar
1857 4224 2048 4264 mona-

475 4295 705 4352 chorum
747 4305 949 4349 mutata
1003 4307 1154 4352 veste
1207 4297 1613 4354 induerentur:
1657 4313 1766 4367 quo
1820 4301 2052 4353 nullate-

483 4399 590 4441 nus
627 4400 724 4453 per
779 4388 926 4454 ipsos
974 4386 1135 4450 facto,
1189 4386 1226 4440 ii
1283 4388 1376 4455 qui
1431 4404 1553 4442 rasa
1607 4390 1902 4443 induerunt
1955 4406 2052 4459 spe

477 4477 820 4545 probationis
854 4494 918 4532 ac
976 4479 1367 4545 resipiscentia:
1413 4480 1702 4536 allevantis
1767 4482 2050 4552 inceptum

476 4570 623 4640 quod
661 4571 802 4623 vires
831 4568 1080 4630 excedat.
1128 4570 1343 4624 veniam
1397 4581 1456 4623 ut
1492 4572 1666 4642 culpa:
1696 4589 1802 4629 non
1863 4574 2054 4630 afﬁnes
2086 4551 2136 4612 ί)

475 4663 871 4728 tuerebuntur;
919 4662 1196 4731 pra-positi
1256 4677 1386 4716 vero
1436 4671 1492 4716 et
1547 4675 1925 4736 susceptores,
1963 4661 2061 4736 qui

477 4755 651 4808 divini
691 4756 923 4810 canonis
951 4757 1280 4810 sententiam
1318 4756 1623 4822 violarunt,
1679 4761 1858 4828 poenis
1891 4774 2065 4815 cano-

475 4847 616 4903 nicis
650 4848 1044 4916 subjicientur.

551 4988 638 5041 lii.
675 4988 915 5042 Audiant
944 5003 1074 5057 ergo
1107 4989 1269 5042 etiam
1304 4989 1370 5044 ad
1406 4991 1519 5045 haec
1542 5029 1559 5054 ,
1595 4990 1878 5046 laudatum
1936 4994 2060 5060 quin

477 5079 599 5134 dem
629 5081 858 5135 canonis
910 5081 1194 5135 decretum
1251 5089 1308 5135 cl
1369 5084 1677 5148 oraculum,
1749 5095 1896 5140 recte
1961 5087 2054 5141 Dei

481 5173 659 5240 gratia
705 5171 1037 5226 elucidatum
1093 5173 1264 5229 fuisse
1317 5191 1380 5230 ac
1438 5177 1897 5246 interpretatum:
1938 5194 2055 5232 mo-

481 5266 850 5317 nasteriorum
879 5276 1058 5319 autem
1095 5268 1420 5336 praepositos
1481 5269 1616 5322 uiltil
1667 5269 1826 5339 plane
1880 5270 2058 5325 facere

483 5355 769 5424 quodnon
821 5356 894 5411 sit
945 5359 1293 5422 canonicum.
1348 5376 1523 5430 neque
1551 5360 1806 5417 Patribus
1862 5363 2058 5417 adver-

485 5447 621 5513 sari,
656 5449 785 5502 dum
812 5450 1136 5506 accedentes
1171 5451 1236 5506 ad
1265 5467 1380 5518 eos,
1416 5453 1566 5507 illico
1592 5453 1645 5506 in
1681 5453 2055 5509 mouachalem

491 5539 736 5592 habitum
775 5540 1189 5606 transformant,
1240 5554 1336 5598 aut
1379 5559 1476 5613 per
1523 5551 1806 5599 tonsuram
1863 5561 2061 5602 conse-

489 5639 668 5686 crant.
706 5631 883 5706 Caput
902 5636 1046 5690 enim
1081 5639 1304 5690 tertium
1330 5637 1496 5705 primi
1534 5637 1676 5692 tituli
1723 5637 1846 5693 libri
1884 5641 2060 5710 quarti

571 5809 596 5842 ⁶
623 5810 729 5868 ιω.
769 5828 810 5881 t,
843 5815 898 5869 5.
972 5814 994 5847 τ
1028 5814 1224 5869 Matth.
1255 5830 1380 5877 xxv.
1417 5814 1506 5878 9.0.

2141 3276 2464 3343 οἰκουμένην
2529 3272 2988 3342 ἡγουμτνεύοντες
3067 3272 3194 3331 τοὺς
3244 3272 3725 3340 προσερχομένους

2143 3371 2346 3431 αὑτοῖς,
2376 3367 2511 3438 μηδὲ
2548 3365 3019 3436 διημερεύσαντας
3067 3362 3254 3434 σχεδὸν
3311 3364 3392 3426 τίς
3441 3360 3720 3414 πολιτείαν

2149 3462 2466 3532 μοναδικὴν,
2506 3459 2566 3513 οῦ
2609 3459 2771 3528 μόνον
2816 3457 3304 3528 ἀποκριματξστως
3352 3470 3717 3524 μετασχημα-

2146 3554 2358 3621 τίζουσι
2386 3556 2477 3609 καὶ
2519 3554 3001 3625 μετονομάζουσιν,
3028 3552 3165 3606 ἀλλὰ
3195 3553 3289 3605 καὶ
3318 3548 3720 3604 τελειοττοιοῦσι

2147 3649 2215 3703 δι’
2243 3648 2603 3718 ἀποκάρσεως
2629 3665 2643 3712 ;
2682 3649 2743 3700 Εί
2771 3648 2840 3698 τὰ
2871 3646 2965 3699 τοῦ
2993 3647 3214 3709 κανόνος
3239 3645 3485 3698 νοοῦνται
3511 3643 3604 3695 καὶ
3637 3645 3731 3695 isto

2148 3741 2514 3812 λαμόἁνονται
2551 3738 2730 3800 καθὼς
2764 3738 2972 3792 ἄνωθεν
2993 3739 3232 3810 εἴρηται,
3266 3736 3497 3803 ὤφειλον
3525 3737 3576 3788 oi
3609 3735 3717 3788 τῶν

2154 3836 2435 3906 μοναστῶν
2452 3833 2762 3904 καθηγηταὶ
2793 3833 2915 3894 τοὺς
2954 3831 3251 3902 ζητοῦντας
3310 3830 3394 3883 διὰ
3430 3827 3724 3892 μοναδικῆς

2153 3929 2543 3990 καταστάσεως
2569 3930 2626 3979 ἐν
2665 3928 2796 3997 μονῇ
2826 3925 3144 3994 διατρίσειν,
3178 3923 3274 3978 καὶ
3297 3923 3437 3976 κατὰ
3464 3924 3733 3992 μοναχοῦς

2155 4017 2557 4081 πολιτεύεσθαι,
2581 4017 3166 4086 ἀπολυπραγμονήτως
3197 4015 3272 4084 μὴ
3303 4013 3730 4084 παραδέχεσθαι,

2156 4114 2271 4166 ἀλλ’
2297 4112 2674 4166 ἀναδιδάσκειν
2696 4112 2760 4163 τὸ
2787 4110 3073 4163 κανονικὸν
3095 4109 3150 4161 θε
3163 4107 3368 4178 σπιῴδη
3378 4126 3474 4176 μα,
3494 4107 3590 4161 καὶ
3617 4109 3735 4158 ἐπι-

2154 4205 2374 4273 τρέπειν
2405 4202 2541 4272 μετὰ
2565 4202 2753 4255 λαῖκοῦ
2777 4201 3044 4272 πρότερον
3077 4200 3462 4269 γυμνάζεσθαι
3512 4201 3733 4269 σχήμα-

2154 4313 2268 4359 τος,
2305 4297 2401 4349 καὶ
2439 4293 2581 4348 οὕτω
2611 4295 2754 4348 κατὰ
2798 4293 3068 4363 μοναχοῦς
3118 4292 3730 4362 μετασχηματίζεσθαι·

2157 4387 2399 4440 τοιούτου
2429 4385 2488 4439 δέ
2520 4401 2667 4449 τινος
2695 4385 2769 4456 μὴ
2791 4386 3075 4455 γινομένου
3104 4386 3236 4454 παρ’
3291 4386 3492 4447 αὐτῶν,
3545 4383 3596 4435 οί
3637 4384 3735 4451 μὲν

2165 4480 2662 4549 ρασοφορήσαντες,
2695 4476 2869 4530 ἐλπίδι
2921 4476 3243 4544 δοκιμασίας
3295 4475 3391 4528 καὶ
3429 4474 3738 4543 μεταμέλου

2169 4570 2515 4639 κουφίζοντος
2544 4570 2606 4622 τὸ
2637 4569 2786 4638 παρὰ
2818 4568 3047 4637 δύναμιν
3071 4566 3736 4637 τόλμημα,συγγνωστέοι
3787 4580 3790 4584 ’

2165 4664 2240 4726 ὡς
2277 4663 2689 4729 ἁκατάγνωστοι
2713 4661 2928 4714 ἔσονται
2954 4675 2969 4690 °
2993 4660 3043 4715 οἱ
3070 4660 3124 4713 δὲ
3147 4663 3244 4730 τὴν
3272 4660 3366 4712 τοῦ
3399 4658 3545 4712 θείου
3576 4659 3739 4711 κανό·

2164 4771 2254 4816 νος
2287 4753 2576 4823 περίληψιν
2601 4751 2968 4823 ἀθετήσανττς
2999 4748 3308 4820 καθηγηταὶ
3337 4749 3434 4802 καὶ
3487 4747 3739 4817 ἀνάδοχοι

2165 4847 2413 4908 εὐθύναις
2445 4847 2754 4905 κανονικαῖς
2789 4841 3390 4912 καθυποσληθήσονται.

2238 4982 2335 5048 ις’.
2376 4983 2793 5036 Ἀκουσάτωσαν
2820 4981 3001 5032 τοίνυν
3028 4979 3122 5032 καὶ
3159 4980 3294 5048 πρὸς
3319 4977 3493 5032 ταῦτα
3544 4979 3621 5041 ὡς
3677 4978 3738 5032 τὸ

2159 5077 2258 5148 μὲν
2279 5076 2570 5146 διαληφθὲν
2600 5074 2877 5127 κανονικὸν
2901 5073 3258 5144 θεσπιῴδημα
3288 5073 3464 5134 καλῶς
3486 5073 3736 5140 615:;th-

2156 5170 2261 5237 σθη
2286 5167 2726 5238 καὶὴρμηνεύθη
2756 5169 2821 5237 τῇ
2857 5169 3041 5236 χάριτι
3071 5166 3163 5219 τοῦ
3187 5165 3324 5217 Θεοῦ
3353 5181 3368 5195 ο
3399 5167 3448 5219 οι
3476 5165 3532 5217 δὲ
3567 5165 3738 5235 καθη-

2156 5268 2322 5336 γηταὶ
2353 5267 2460 5315 τῶν
2487 5247 2862 5333 μοναστηρίων
2894 5260 3045 5313 οὐδέν
3097 5278 3148 5312 τι
3192 5259 3430 5312 ποιοῦσιν
3489 5260 3742 5312 ἀκανονι-

2158 5376 2304 5417 στον,
2333 5356 2454 5408 οὐδὲ
2485 5358 2592 5417 τοῖς
2629 5354 2906 5425 Πατρασιν
2930 5351 3330 5416 ἐναντιοῦνται,
3355 5354 3482 5412 τοὺς
3511 5367 3746 5422 προσερ-

2170 5453 2430 5521 χυμένους
2468 5450 2649 5510 αὐτοῖς
2701 5447 3031 5500 ἁπεντεῦθεν
3073 5445 3214 5500 κατὰ
3259 5441 3528 5514 μοναχοὺς
3575 5459 3743 5511 μετα.

2171 5542 2618 5614 σχηματίζοντες,
2651 5539 2683 5611 ἢ
2715 5545 2807 5593 καὶ
2860 5535 3322 5601 τελειοποιοῦντες
3379 5536 3446 5590 δι’
3499 5535 3744 5603 ἀποκάρο

2175 5656 2327 5701 σεως.
2360 5637 2494 5706 Φησὶ
2522 5637 2628 5705 γὰρ
2652 5635 2709 5686 τδ
2740 5632 2787 5703 γ’
2815 5633 3109 5701 κεφάλαιον
3143 5631 3237 5688 τοῦ
3274 5639 3321 5688 α’
3368 5630 3550 5684 τίτλον
3577 5630 3670 5681 τοῦ
3700 5627 3743 5680 δ’
