4034 6388
331 307 398 367 19
1590 326 1872 392 THEOD.
1916 331 2320 395 BALSAMON
3513 329 3588 392 2ο

326 437 344 468 ι
387 419 508 475 bilis
524 420 775 480 Ecclesia!
797 425 1054 487 Romane
1068 432 1354 506 episcopus
1375 436 1708 506 Bonifacius,
1728 452 1784 498 ut
1803 444 1904 514 ipse

2027 463 2046 498 ι
2086 445 2338 514 οὐδαμῶς
2360 442 2596 514 εὕρομεν
2620 441 2816 496 ταῦτα.
2847 439 3038 509 Ὅμως
3067 439 3214 509 ἡμᾶς
3245 438 3382 510 πρὸς
3405 438 3588 503 ὀλίγον

320 527 341 562 ι
370 526 586 608 quoque
621 516 870 608 dignetur
912 524 978 577 ad
1009 537 1334 584 memoratas
1393 531 1662 590 Ecclesias
1711 535 1904 608 aliquo,

2029 554 2049 586 ι
2088 536 2439 602 φυλάξοντας.
2466 535 2542 594 ὡς
2576 533 2858 602 προεῖπον,
2895 530 2999 592 ἓως
3044 521 3104 582 οὗ
3135 529 3204 583 τὰ
3251 528 3440 596 ἐντελῆ
3503 530 3596 582 ῐσα

322 619 342 651 ι
374 599 612 691 mittere,
643 607 734 674 qui
763 609 950 665 eadem
983 616 1334 683 exemplaria,
1381 617 1530 687 iuxta
1566 621 1657 675 illa
1690 599 1814 691 qute
1847 599 1917 678 ab

320 692 338 721 ‘
371 689 487 760 ipso
510 694 709 764 scripta
735 709 880 763 sunt,
908 701 1156 758 aﬂ‘erant.
1182 705 1331 761 Nunc
1359 720 1538 765 autem
1562 689 1720 766 dictas
1750 713 1921 766 Nicae-

320 797 342 832 c
378 798 460 836 na:
478 788 818 858 synodi,qu:e
839 791 1461 870 habemus,exemplaria
1486 803 1621 860 actis
1649 804 1767 860 istis
1789 821 1918 862 con-

320 887 341 920 s
377 871 686 951 jungemus.
747 897 766 930 ι

2029 645 2048 679 ι
2091 627 2337 692 ἔλθωσιν,
2412 624 2807 695 ὁμολογοῦμεν.
2888 623 3206 691 Ὀφείλομεν
3261 620 3316 673 δὲ
3371 619 3593 686 αἰτῆσαι

2028 737 2046 771 ι
2094 719 2390 788 γράμμασι
2420 717 2714 787 ἡμετέροις
2741 713 2955 767 καὶτὸν
3005 711 3457 782 σεδασμιὼτατον
3491 711 3591 776 τῆς

2025 827 2043 862 t
2095 809 2418 877 Ἐκκλησίας
2461 806 2682 877 Ῥώμης
2706 805 3010 858 ἐπίσκοπον
3078 801 3438 872 Βονηφάτιον,
3499 798 3591 851 ἵνα

2027 877 2045 952 ξ
2087 900 2182 953 καὶ
2207 899 2366 962 αὐτὸς
2407 898 2608 968 ὁμοίως
2634 895 2954 968 καταξιὼσῃ
3011 893 3178 968 πρὸςὶ
3207 892 3309 954 τάς
3379 906 3594 960 μνημο-

327 985 345 1016 ι
380 969 662 1033 νευθείσας
708 973 1036 1049 Ἐκκλησίας
1068 984 1276 1038 στεῖλαί
1327 1004 1502 1051 τινας,
1587 964 1905 1056 ὀφείλοντας
1973 995 2038 1047 τὰ
2098 995 2239 1048 αύτά
2271 994 2362 1047 ίσα
2390 964 2534 1046 κατὰ
2565 990 2633 1044 τὰ
2669 991 2801 1060 παρ’
2865 964 3032 1042 αύτοῦ
3102 964 3389 1056 γραφέντα
3453 984 3594 1050 ἁγα-

324 1079 343 1112 σ
382 1065 521 1128 τεῖνε
556 1063 672 1117 Νὗν
697 1066 754 1120 δὲ
784 1068 882 1138 τῆς
915 1075 1385 1148 μνημονευθείσης
1407 1079 1465 1132 ἐν
1500 1079 1711 1152 Νικαίᾳ
1765 1081 2009 1148 συνόδου,
2083 1083 2228 1145 ἀπερ
2290 1081 2508 1152 ἔχομεν,
2578 1081 2670 1134 ἴσα
2731 1079 2845 1142 τοῖς
2909 1075 3322 1146 πεπραγμένοις
3378 1072 3594 1136 τούτοις

326 1173 343 1204 ι
379 1157 734 1229 συζεύξομεν.
773 1181 793 1215 s

396 1243 727 1316 Faustinus,
789 1251 1042 1311 Ecclesia:
1107 1257 1361 1314 Romana:
1437 1264 1684 1332 legatus,
1749 1266 1920 1322 dixit:

323 1363 341 1396 ι
371 1342 558 1398 Vestra
585 1343 843 1398 sanctitas
865 1346 1065 1399 nullum
1085 1346 1342 1404 Romana:
1365 1349 1614 1407 Ecclesiae
1637 1354 1758 1409 facit
1784 1371 1922 1424 pra:-

323 1454 342 1484 ι
385 1433 671 1503 judicium,
705 1435 821 1490 sive
877 1437 943 1492 de
991 1439 1092 1494 hoc
1151 1442 1412 1511 capitulo,
1464 1443 1579 1498 sive
1622 1447 1687 1499 de
1746 1447 1915 1500 aliis:

324 1541 342 1573 ι
380 1523 819 1592 quandoquidem
855 1529 1064 1581 censuit
1103 1529 1269 1585 frater
1294 1543 1484 1587 noster
1526 1543 1578 1589 et
1623 1534 1912 1588 commini-

323 1633 340 1664 ι
378 1622 490 1668 ster
508 1614 732 1686 Alypius
756 1617 952 1673 dubios
967 1635 1084 1674 esse
1108 1637 1364 1678 canones.
1389 1623 1495 1678 Sed
1525 1625 1640 1679 hare
1670 1629 1906 1680 sanctis-

325 1725 343 1756 ι
384 1705 522 1760 simo
552 1715 606 1761 et
639 1708 959 1766 beatissimo
983 1729 1134 1783 papae
1164 1725 1348 1770 nostro
1370 1717 1608 1770 scribere
1632 1717 1902 1787 dignemi-

262 1793 272 1795 ”
322 1812 341 1846 ι
385 1797 460 1861 ui,
491 1806 546 1852 ut
570 1799 668 1864 sic,
693 1815 815 1855 cum
841 1813 1017 1857 vestra
1050 1807 1337 1859 sanctitate
1390 1808 1624 1874 integros
1658 1821 1898 1861 canones

323 1904 341 1938 ι
374 1890 720 1958 conquirens,
755 1892 840 1961 lde
883 1895 1138 1949 omnibus
1169 1896 1399 1951 decretis
1453 1905 1668 1951 tractet.
1697 1894 1906 1950 Sufﬁcit

323 1996 342 2029 ι
379 1982 521 2034 enim
565 1988 641 2047 ut,
701 1987 1156 2052 quemadmodum
1181 1995 1360 2040 vestra
1392 1987 1652 2042 sanctitas
1683 1986 1820 2054 apud
1840 2001 1899 2040 se

323 2085 346 2119 σ
387 2080 606 2136 tractat,
653 2075 730 2130 sic
759 2085 812 2131 et
837 2076 948 2144 ipse
982 2089 1077 2146 per
1108 2078 1344 2146 seipsum
1373 2079 1683 2147 conquirat,
1721 2094 1786 2132 ne
1820 2077 1904 2131 in-

323 2183 342 2214 σ
366 2174 448 2219 ter
479 2165 748 2222 Ecclesias
771 2168 948 2238 aliqua
971 2170 1246 2224 contentio
1272 2169 1549 2224 exoriatur
1575 2186 1591 2235 ;
1617 2168 1709 2224 sed
1730 2169 1906 2237 potius

326 2273 346 2314 ι
377 2253 615 2311 fraterna
647 2257 931 2314 dilectione
960 2262 1279 2326 consulatis,
1305 2275 1369 2315 eo
1393 2262 1745 2325 rescribente,
1779 2259 1906 2330 quid

326 2363 344 2396 ι
380 2347 568 2402 melius
599 2350 880 2422 observari
916 2350 1090 2406 debet.
1127 2369 1146 2404 ι

2097 1263 2388 1316 Φαυστῖνος
2417 1257 2793 1330 τοποτηρητὴς
2824 1257 2922 1327 τῆς
2959 1255 3179 1325 Ῥώμης
3230 1250 3350 1307 εἶπε
3383 1271 3399 1286 ο
3437 1272 3456 1306 ι
3497 1254 3599 1307 Οὑ-

2032 1373 2048 1406 ι
2096 1353 2184 1406 δὲν
2221 1354 2252 1421 ἡ
2287 1351 2532 1422 ὑμετέρα
2559 1347 2841 1418 ἁγιωσύνη
2861 1351 3150 1418 πρόκριμα
3182 1347 3327 1398 ποιεῖ
3356 1349 3420 1414 τῇ
3467 1347 3596 1399 Ἐκ-

2028 1465 2046 1497 ι
2084 1444 2292 1514 κλησίᾳ
2337 1442 2578 1512 Ῥώμης,
2615 1443 2724 1495 εἴτε
2760 1441 2890 1510 περὶ
2917 1439 3107 1492 τούτου
3139 1438 3234 1492 τοῦ
3267 1436 3592 1504 κεφαλαίου,

2022 1555 2039 1588 ι
2078 1537 2184 1589 εἴτε
2213 1537 2340 1603 περὶ
2371 1534 2544 1589 ἄλλων
2573 1551 2586 1566 ο
2626 1532 2814 1604 ἐπειδὴ
2846 1532 3081 1601 ἠξίωσεν
3140 1531 3168 1582 ὁ
3221 1529 3454 1599 ἁδελφὸς
3500 1529 3596 1582 καὶ

2020 1645 2038 1678 ι
2078 1625 2494 1695 συλλειτουργδς
2523 1621 2681 1695 ἡμῶν
2757 1623 3014 1687 Ἀλύπιος
3058 1621 3394 1690 ἀμφιϐόλους
3454 1615 3594 1675 εἶναι

2013 1734 2032 1768 ι
2079 1717 2206 1781 τοὺς
2247 1717 2503 1780 κανόνας.
2557 1716 2718 1770 Ἀλλὰ
2745 1715 2923 1769 ταῦτα
2957 1714 3092 1785 πρὸς
3143 1711 3233 1766 τὸν
3286 1711 3596 1780 ἁγιώτατον

2010 1827 2028 1859 ι
2075 1808 2173 1861 καὶ
2230 1807 2651 1879 μακαριώτατον
2717 1808 2948 1861 πάππαν
3007 1805 3163 1875 ἡμῶν
3204 1804 3412 1874 γράψαι
3464 1821 3596 1856 κατε

2012 1915 2030 1946 ι
2078 1895 2376 1962 αξιώσατε,
2411 1897 2498 1948 ἴνα
2522 1897 2615 1949 καὶ
2641 1895 2812 1957 οὓτως
2843 1895 3173 1966 ὁλοκλήρους
3200 1896 3324 1958 τοὺς
3352 1895 3586 1956 κανόνας

2010 2006 2028 2038 ι
2069 1985 2319 2056 συζητῶν
2383 1986 2526 2056 μετά
2593 1987 2691 2056 τῆς
2751 1986 3027 2056 ὑμετέρας
3093 1986 3408 2053 ἁγιωσύνης
3462 1987 3592 2054 περὶ

2017 2097 2035 2130 ι
2069 2079 2289 2132 πάντων
2320 2077 2428 2130 τῶν
2467 2079 2798 2148 ὁρισθέντων
2825 2078 3160 2148 τρακταῖσῃ.
3228 2077 3417 2145 ’Λρκεῖ
3482 2074 3593 2144 γάρ

2019 2191 2037 2223 ι
2075 2172 2161 2224 ἵνα
2197 2170 2382 2236 καθὼς
2409 2171 2653 2242 ὑμετέρα
2711 2169 2991 2239 ἀγιωσύνη
3051 2169 3180 2238 παρ’
3234 2169 3403 2236 ἐαυτῇ
3462 2184 3596 2236 τρα-

2023 2283 2038 2313 ι
2075 2263 2314 2328 κταῖζει,
2351 2263 2494 2316 οὕτω
2525 2267 2621 2318 καὶ
2646 2264 2806 2326 αὐτὸς
2852 2262 2976 2316 καθ’
3027 2262 3220 2316 ἑαυτὸν
3279 2261 3586 2330 συζητήσῃ.

2021 2373 2040 2404 ι
2079 2355 2154 2424 μή
2185 2373 2302 2418 πως
2364 2355 2664 2424 φιλονεικία
2717 2353 2920 2423 μεταξὺ
2965 2353 3073 2406 τῶν
3113 2353 3454 2421 Ἐκκλησιῶν
3501 2368 3590 2422 τις

323 2455 344 2491 ι
387 2437 643 2510 ἀναφυῇ·
702 2441 840 2496 ἀλλά
924 2441 1126 2512 μᾶλλον
1193 2444 1458 2518 ἀδελφικῇ
1521 2444 1713 2517 ἀγάπῃ
1776 2443 2192 2516 βουλεύσασθαι,
2269 2447 2700 2518 ἀντιγράφοντος
2770 2443 2962 2512 αὐτοῦ,
3026 2445 3080 2499 τί
3137 2446 3344 2516 ὀφείλει
3406 2460 3596 2516 κρειτ-

325 2551 343 2584 ι
378 2533 543 2598 τόνως
579 2534 938 2606 φυλαχθῆναι.
983 2554 1002 2588 ι
1225 2557 1230 2564 ·

705 2633 953 2689 Aurelius
974 2635 1242 2704 episcopus
1270 2637 1438 2692 dixit:

395 2740 414 2776 ι
455 2720 658 2778 Praeter
704 2738 791 2790 ea,
815 2740 936 2795 qua:
965 2726 1018 2780 in
1051 2728 1186 2782 actis
1229 2729 1627 2798 proposuimus,
1678 2741 1902 2785 necesse

323 2830 347 2866 ι
385 2822 489 2878 est,
517 2823 576 2868 ut
609 2814 804 2871 litteris
826 2832 1038 2885 quoque
1067 2831 1267 2874 nostra:
1295 2819 1578 2888 parvitatis
1611 2818 1899 2875 sanctissi-

328 2923 348 2955 ι
381 2919 468 2959 mo
496 2905 648 2960 fratri
681 2916 866 2962 nostro
911 2920 966 2963 et
993 2924 1270 2964 sacrorum
1311 2910 1686 2966 comministro
1737 2909 1901 2962 Boni-

324 3014 344 3048 ι
381 2995 522 3053 facio
550 2999 752 3064 omnia,
776 3015 893 3070 qua:
919 3011 1231 3066 tractamus,
1267 3001 1576 3070 plenissime
1597 3003 1904 3073 signiﬁcen-

323 3105 342 3137 ι
377 3095 487 3143 tur.
514 3089 592 3144 An
607 3105 734 3160 ergo
761 3101 942 3146 nostra
971 3091 1219 3148 omnibus
1241 3092 1451 3160 placeat
1492 3094 1900 3164 consequentia,

323 3198 343 3232 ι
380 3195 446 3236 ex
506 3196 602 3237 ore
657 3184 896 3239 omnium
963 3183 1260 3242 discamus.
1325 3206 1343 3237 ι

629 3360 884 3418 Universa
917 3365 1147 3434 synodus
1178 3365 1334 3426 dixit.
1356 3365 1557 3421 Placet.

395 3449 631 3513 Novatus
680 3456 996 3526 episcopus.
1053 3456 1386 3511 Mauritaniae
1436 3457 1701 3513 Sitifensis
1759 3457 1904 3529 lega-

320 3551 622 3614 tus,dixit:
665 3569 684 3602 ι
732 3549 1071 3605 Meminimus
1129 3551 1375 3619 equidem
1413 3551 1514 3606 hoc
1546 3552 1905 3607 commonito-

325 3666 344 3698 ο
386 3645 526 3699 rium
566 3645 632 3713 de
656 3643 1011 3713 presbyteris,
1049 3651 1103 3696 et
1129 3650 1386 3709 praeterea
1419 3643 1484 3696 de
1515 3643 1755 3698 diaconis
1799 3643 1910 3698 fur-

328 3753 346 3787 ι
388 3747 474 3788 me
493 3712 796 3796 continere,
827 3712 1057 3803 qualiter
1087 3732 1316 3786 debeant
1356 3747 1386 3786 a
1429 3733 1662 3800 propriis
1693 3733 1906 3802 episco-

325 3841 347 3879 ο
391 3825 492 3892 pis,
516 3823 599 3877 vel
626 3823 693 3877 ab
728 3823 792 3878 iis
823 3822 914 3892 qui
973 3832 1097 3876 sunt
1129 3823 1365 3885 finitimi,
1408 3823 1617 3889 audiri;
1664 3826 1804 3892 quod
1853 3825 1905 3878 in

324 3929 345 3963 ι
383 3909 595 3966 Nicaeus
627 3912 833 3980 synodo
876 3926 1212 3980 nequaquam
1244 3911 1489 3980 legimus.
1521 3912 1810 3982 Propterea
1855 3915 1905 3967 id

324 4022 345 4056 ι
374 4004 584 4074 jubebit
616 4014 796 4060 vestra
827 4002 1087 4059 sanctitas
1111 4004 1233 4073 legi.
1269 4022 1286 4054 ι

390 4185 636 4242 Aurelius
655 4185 938 4254 episcopus
964 4185 1124 4239 dixit:
1147 4204 1164 4235 ι
1188 4185 1382 4239 Coram
1407 4187 1612 4257 legatur
1643 4189 1742 4243 hoc
1775 4204 1908 4260 quo-

275 4263 288 4274 ’
329 4298 348 4332 ι
391 4292 498 4348 que
525 4278 672 4347 quod
701 4276 981 4346 queritur.
1033 4293 1052 4327 ι
1135 4313 1142 4318 .

792 4366 980 4421 Daniel
1004 4367 1241 4422 notarius
1265 4368 1420 4439 legit:

406 4476 428 4514 ι
468 4458 544 4515 De
567 4458 1021 4530 appellationibus
1049 4468 1230 4514 autem
1273 4459 1620 4526 clericorum,
1657 4463 1766 4520 hoc
1791 4471 1897 4530 est,

324 4572 345 4605 ι
391 4552 619 4608 minoris
643 4550 767 4614 loci,
817 4558 966 4605 certa
996 4557 1080 4605 est
1133 4552 1319 4620 synodi
1348 4553 1753 4621 responsio:de
1801 4569 1905 4624 qua

323 4667 341 4698 ι
369 4646 497 4717 quid
514 4643 692 4701 velitis
711 4656 870 4712 agere
887 4643 1228 4697 inserendum
1246 4643 1634 4712 existimamus,
1651 4635 1903 4717 quoniam

323 4759 341 4790 ι
365 4739 442 4794 sic
466 4737 670 4793 dictum
698 4744 801 4794 est.
822 4754 842 4788 ι

582 4828 745 4884 Osius
785 4827 1072 4896 episcOpus
1115 4827 1253 4882 dixit
1289 4845 1301 4881 :
1356 4847 1374 4879 ι
1406 4829 1558 4896 Quod
1594 4845 1680 4885 me
1730 4830 1905 4885 adhuc

323 4937 342 4970 ι
374 4927 572 4977 movet.
610 4926 795 4970 tacere
826 4931 931 4970 non
966 4916 1157 4973 debeo.
1186 4917 1242 4970 Si
1275 4918 1399 4985 quis
1436 4919 1574 4974 forte
1606 4921 1902 4976 iracundus

320 5028 345 5062 s
361 5008 649 5078 episcopus
671 5009 835 5076 (quod
864 5011 1108 5063 esse‘non
1133 5009 1316 5080 debet)
1337 5012 1596 5066 adversus
1620 5013 1901 5083 presbyte-

323 5121 340 5152 ι
377 5115 494 5154 rum
519 5098 601 5154 vel
634 5099 920 5153 diaconum
948 5115 1102 5154 suum
1131 5101 1240 5155 cito
1265 5102 1349 5156 vel
1380 5104 1540 5158 etiam
1567 5117 1758 5171 aspere
1787 5119 1901 5158 mo-

321 5213 340 5242 ι
378 5204 485 5254 tus,
505 5206 626 5246 eum
654 5207 681 5244 a
709 5191 923 5260 propria
942 5191 1168 5247 ecclesia
1196 5208 1480 5264 segregare
1493 5195 1744 5258 voluerit,
1772 5199 1899 5264 pro-

321 5303 341 5334 ο
375 5283 662 5338 videndum
686 5291 789 5345 est,
822 5297 888 5336 ne
911 5283 1028 5338 sine
1053 5299 1215 5339 causa
1238 5287 1650 5350 condemnetur,
1676 5287 1756 5339 vel
1777 5302 1900 5355 per-

323 5395 341 5427 ι
373 5374 920 5430 datcommunionem
958 5393 971 5429 :
1004 5375 1198 5430 habeat
1224 5392 1352 5445 ergo
1400 5386 1721 5446 potestatem
1783 5378 1894 5448 eje-

321 5488 339 5519 ι
371 5477 490 5524 ctus
535 5467 792 5523 finitimos
835 5469 1148 5530 accedendi,
1181 5475 1238 5522 ut
1269 5483 1430 5523 causa
1485 5469 1602 5539 ejus
1643 5471 1897 5525 audiatur

321 5581 338 5611 ι
386 5571 440 5615 et
470 5561 778 5629 diligentius
801 5570 1085 5614 tractetur.
1109 5559 1168 5613 Ei
1198 5559 1340 5613 enim
1373 5561 1585 5628 roganti
1611 5559 1889 5615 audientis

323 5673 336 5698 ι
382 5665 487 5706 non
521 5661 603 5707 est
630 5653 946 5724 deneganda
988 5671 1000 5706 :
1057 5653 1186 5721 quin
1244 5662 1294 5707 et
1333 5653 1420 5708 ille
1453 5655 1764 5723 episcopus,
1797 5655 1888 5723 qui

322 5762 339 5792 ‹
371 5759 512 5811 cum,
545 5745 660 5800 sive
685 5744 807 5814 jure
831 5744 1178 5812 siveinjuria,
1203 5744 1382 5813 ejecit,
1406 5761 1518 5802 rem
1567 5747 1764 5803 discuti
1791 5764 1888 5818 pa-

1927 4390 1982 4450 D

2358 2629 2662 2699 Αὐρήλιος
2688 2628 3029 2695 ἐπῖσκοπος
3061 2624 3217 2681 sine:

2082 2744 2101 2778 ι
2154 2723 2342 2786 Ἐκτὸς
2377 2715 2452 2776 ὧν
2481 2721 2912 2793 προτεθείκαμεν
2940 2722 2997 2773 ἐν
3026 2721 3137 2782 τοῖς
3157 2715 3589 2788 πεπραγμένοις,

2009 2835 2028 2868 ι
2065 2817 2282 2884 ἀνάγκη
2309 2814 2430 2868 ἐστὶ
2483 2815 2578 2868 καὶ
2609 2814 2903 2884 γράμμασι
2966 2813 3068 2881 τῆς
3116 2810 3397 2882 ἡμετέρας
3461 2807 3591 2876 βρα-

2012 2928 2030 2961 ι
2073 2909 2302 2980 χύτητο;
2335 2905 2414 2977 τῷ
2456 2906 2744 2975 ἁγιωτάτῳ
2797 2904 3012 2975 ἀδελφῷ
3048 2905 3142 2957 καὶ
3191 2899 3590 2972 συλλειτουργῷ

2015 3021 2033 3054 ι
2065 3001 2222 3072 ήμῶν
2278 2999 2602 3070 Βονηφατίῳ
2659 3000 2864 3063 πάντα,
2923 2998 3027 3050 ὅσα
3089 2995 3460 3065 ψηλαφῶμεν,
3509 2995 3590 3055 είς

2015 3111 2032 3143 ι
2069 3091 2273 3162 πλῆρες
2304 3091 2603 3162 ἐμφανίσαι
2639 3105 2652 3119 ⁸
2678 3089 2775 3142 ὲάν
2840 3087 3021 3142 τοίνυν
3072 3089 3237 3139 πᾶσιν
3285 3085 3495 3156 ἀρέσκῃ
3553 3085 3586 3153 ἡ

2014 3204 2031 3235 ι
2089 3185 2340 3254 ἡμετέρα
2401 3180 2896 3252 ἐπακολούθησις,
2992 3179 3258 3251 μάθωμεν
3354 3177 3586 3246 στόματι

2013 3295 2031 3327 ι
2075 3277 2309 3330 πάντων.
2342 3295 2361 3327 ι
3387 3263 3391 3266 ί

2182 3370 2480 3436 Σύμπασα
2511 3370 2546 3435 ἡ
2579 3367 2845 3432 σύνοδος
2869 3360 3083 3434 εἷπεν-ο,
3109 3365 3164 3418 Ἀ
3171 3363 3402 3433 ρέσκειο

2077 3459 2326 3525 Ναυᾶτος
2390 3459 2688 3522 ἐπίσκοπος
2729 3499 2745 3526 ,
2781 3453 3158 3526 τοποτηρητὴς
3206 3449 3582 3521 Μαυριτανίας

2007 3550 2358 3620 Σιτιφένσης,
2415 3548 2570 3604 εἶπεν
2614 3570 2633 3603 ι
2672 3545 3021 3615 Μεμνήμεθα
3095 3543 3276 3596 τοίνυν
3340 3538 3499 3592 τοῦτο
3523 3537 3584 3590 τὸ

2021 3663 2039 3696 ι
2081 3643 2521 3716 κομμονιτώριον
2551 3638 3121 3712 περὶοπρεσόυτέρων,
3177 3634 3257 3686 ἔτι
3311 3633 3418 3702 μὴν
3465 3630 3584 3682 δια-

2014 3753 2033 3786 ι
2070 3737 2243 3789 κόνων
2276 3736 2353 3798 ὡς
2421 3735 2720 3804 περιέχειν,
2779 3731 2896 3792 πῶς
2955 3727 3266 3796 ὀφείλουσιν
3322 3723 3429 3777 ἀπὸ
3476 3719 3585 3773 τῶν

2013 3848 2030 3880 ι
2073 3829 2220 3882 ίδίων
2249 3827 2569 3880 ἐπισκόπων
2623 3825 2656 3898 ἢ
2698 3824 2763 3876 ἐκ
2821 3821 2929 3875 τῶν
2999 3818 3345 3889 ὁμορούντων
3387 3813 3586 3866 ἁκούε-
3665 3859 3674 3866 .

2013 3939 2030 3971 ι
2071 3920 2216 3984 σθαι,
2238 3920 2374 3988 ὅπερ
2394 3920 2451 3971 ἐν
2468 3919 2532 3988 τῇ
2574 3914 2830 3968 Νικαέων
2852 3910 3055 3980 συνόδῳ
3083 3905 3339 3976 οὐδαμῶς
3365 3904 3576 3969 ἀνέγνω

2013 4028 2031 4061 ι
2074 4027 2172 4080 μεν
2204 4026 2217 4040 ο
2251 4010 2332 4062 διὸ
2357 4008 2516 4061 τοῦτο
2545 4007 2674 4060 αὐτὸ
2695 4003 2941 4059 κελεύσει
2970 4002 3003 4073 ἡ
3031 3998 3279 4070 ὑμετέρα
3304 3993 3583 4066 ἀγιωσύνη

2013 4121 2030 4151 ι
2071 4099 2503 4168 ἀναγνωσθῆναι.
2540 4115 2558 4150 ι

2078 4190 2345 4260 Αὐρήλιος
2389 4189 2690 4250 ἐπίσκοπος
2713 4180 2869 4240 εἶπεν
2905 4197 2920 4212 °
2963 4202 2983 4237 ι
3024 4177 3463 4251 Ἀναγνωσθήτω
3489 4175 3582 4230 ἐπὶ

2018 4301 2037 4332 ι
2077 4283 2242 4336 τόπου
2265 4281 2359 4335 καὶ
2391 4279 2548 4333 τοῦτο
2577 4283 2640 4331 τδ
2664 4277 3020 4349 ζητούμενον.
3063 4293 3082 4328 ι

2378 4369 2606 4438 Δανιὴλ
2659 4369 2936 4436 νοτάριος
2961 4365 3214 4437 ἀνέγνω·

2086 4486 2104 4517 ι
2142 4465 2275 4537 Περὶ
2306 4465 2588 4532 ἐκκλήτων
2631 4463 2686 4516 δέ
2718 4461 3017 4533 κληρικῶν,
3075 4460 3218 4514 τοῦτ’
3295 4459 3431 4523 ἔστι,
3487 4454 3580 4509 τοῦ

2015 4575 2033 4606 ι
2069 4557 2296 4626 ἥττονος
2321 4555 2511 4619 τόπου,
2540 4553 2644 4623 τῆς
2706 4553 2926 4606 συνόδου
2971 4551 3184 4622 βεϐαία
3234 4552 3382 4604 ἐστὶν
3443 4551 3580 4602 ἀπό·

2016 4667 2035 4698 ι
2070 4665 2252 4718 κρισις
2282 4663 2297 4678 °
2328 4647 2458 4718 περ)⁸
2482 4643 2548 4719 ἧς
2580 4646 2634 4700 τί
2668 4646 2892 4716 μέλλετε
2941 4645 3203 4714 πράττειν
3244 4640 3577 4714 ἡγησάμεθα

2011 4757 2030 4792 ι
2067 4739 2302 4807 ὀφείλειν
2333 4740 2611 4809 ἐναγῆναι,
2690 4736 2878 4808 ἐπειδὴ
2917 4736 3093 4798 οὕτως
3139 4736 3412 4789 λέλεκται.
3445 4753 3461 4785 ι

2083 4833 2271 4896 "Octo;
2294 4832 2593 4894 ἐπίσκοπος
2626 4823 2749 4883 εἷπε
2770 4847 2784 4861 ·
2806 4849 2824 4880 ι
2849 4829 2923 4883 Τὸ
2951 4830 3028 4883 ἐτι
3066 4829 3248 4882 κινοῦν
3274 4847 3339 4898 με
3368 4827 3581 4893 σιωπῆ-

2009 4941 2028 4975 t
2078 4941 2165 4977 σαι
2193 4924 2297 4977 οὐκ
2325 4921 2549 4992 ὀφείλω.
2587 4921 2714 4974 Ἐάν
2741 4940 2824 4986 τις
2857 4922 3023 4990 τυχὸν
3101 4922 3399 4981 ἐπίσκοπος
3425 4917 3574 4988 ὁργί-

2010 5035 2028 5068 ι
2064 5016 2176 5081 λος,
2222 5017 2361 5087 ὅπερ
2420 5015 2519 5067 οὐκ
2577 5013 2804 5081 ὀφείλει,
2833 5016 3042 5084 ταχέως
3097 5013 3128 5082 ἢ
3194 5014 3284 5064 καὶ
3330 5013 3579 5081 τραχέως

2009 5126 2026 5159 ι
2067 5107 2312 5177 κινηθεὶς
2372 5107 2513 5158 κατὰ
2563 5107 2942 5176 πρεσϐυτέρου
3019 5105 3052 5175 ἢ
3109 5105 3358 5158 διακόνου
3419 5106 3573 5170 ἰδίου,

2011 5220 2028 5251 ι
2068 5200 2337 5269 ἀφορίσαι
2382 5196 2572 5250 τοῦτον
2622 5199 2719 5267 τῆς
2772 5199 2904 5259 ιδίας
2959 5197 3176 5264 θελήσοι
3253 5198 3571 5267 ἐκκλησίας,

2009 5309 2029 5343 ι
2066 5290 2398 5362 προνοητέον
2437 5291 2606 5362 ἐστὶν,
2666 5290 2754 5342 ἵνα
2792 5291 2865 5360 μὴ
2921 5289 3180 5350 ἀναιτίως
3230 5289 3564 5358 κατακριθῇ,

2007 5401 2025 5433 ι
2075 5383 2106 5451 ἢ
2141 5381 2380 5452 ἀπολέσῃ
2406 5357 2503 5450 τῆν
2528 5381 2818 5435 κοινωνίαν
2854 5397 2869 5412 ⁸
2923 5381 3095 5450 ἐχέτω
3167 5377 3260 5433 οὖν
3323 5379 3572 5444 ἐξουσίαν

2007 5494 2025 5526 ι
2063 5473 2351 5545 ἐκϐληθεὶς
2380 5475 2702 5544 προσελθεῖν
2734 5475 2847 5537 τοῖς
2883 5477 3129 5544 ὁμόροις,
3180 5472 3319 5525 ὥστε
3397 5473 3566 5524 ἀκου-

2006 5583 2025 5616 ι
2066 5563 2260 5634 σθῆναι
2301 5564 2400 5634 τὴν
2461 5565 2641 5616 αἰτίαν
2718 5565 2908 5628 αὐτοῦ,
2976 5566 3069 5619 val.
3131 5563 3559 5632 ἐπιμελέστερον

2007 5674 2025 5708 ι
2061 5655 2472 5727 ψηλαφηθῆναι.
2497 5655 2609 5707 Οὐκ
2657 5647 2862 5723 ὀφείλει
2922 5656 3032 5725 γὰρ
3112 5652 3261 5725 αύτῷ
3312 5669 3568 5721 παρακα-

2007 5767 2024 5799 ‹
2063 5747 2240 5801 λοῦντι
2275 5747 2497 5816 ὑπακοὴ,
2529 5744 2830 5816 ἀρνηθῆναι
2869 5763 2882 5778 ·
2915 5749 3164 5809 κάκεῖνος
3195 5747 3249 5799 δὲ
3284 5748 3310 5798 ὀ
3350 5745 3573 5796 ἐπίσκο-
