4034 6394
401 247 469 307 23
705 252 712 256 ‘
1689 270 1969 338 THEOD.
2008 280 2414 351 BALSAMON
3581 295 3653 363 94

398 354 497 410 δυο
526 369 610 412 εει
638 376 743 417 "0"
773 364 1076 434 isnoratnr.
1113 384 1237 440 quae
1273 375 1426 432 vobis
1449 392 1476 430 a
1508 381 1638 436 sede
1678 386 1945 452 apostolici

398 449 645 480 νισιηιΙιιιιι
689 467 808 480 ..η-ι
878 468 922 480 ,ι
964 465 1132 480 -..μμι
1186 479 1193 480 ,
1242 465 1255 478 ο
1404 470 1416 480 .
1456 471 1466 480 .
1751 476 1761 480 -
1828 478 1837 480 Α

2049 391 2329 464 ,Ζώσιμος
2359 398 2495 469 πρὸς
2516 401 2644 464 τοὺς
2701 405 3082 475 τοποτηρητὰς
3126 407 3227 478 τῆς
3276 406 3517 480 Ῥώμης,
3552 411 3638 464 ὅτι

394 449 646 506 mandata
688 467 834 523 sunt,
871 468 927 514 et
955 465 1257 520 examinari
1289 481 1350 521 ea
1388 470 1601 538 debent,
1650 449 1875 544 perinde
1904 493 1945 531 at

394 538 436 567 ,ι
466 545 700 567 ⁸...-Λ---
754 547 876 567 ιι
902 566 924 567 ,,
986 555 1012 567 ,-
1120 564 1129 567 -
1211 557 1252 567 ι.

2229 449 2240 464 ι
2309 449 2326 460 -
2388 449 2492 469 ττι
2527 449 2639 464 ν--ν
2710 449 3077 475 """'lt"l"‘"
3137 449 3223 478 "tv
3299 449 3517 480 ’ΨΓἾῊ
3553 449 3638 464 ν’·

2075 485 2138 537 ού
2169 485 2514 556 λανθάνουσι,
2546 495 2825 550 τουτέστιν
2853 497 2952 550 οὐκ
2987 499 3328 567 ἀγνοοῦνται,
3363 503 3431 555 τὰ
3459 503 3652 555 ἐνταλ-

390 538 436 592 si
465 545 702 611 synodus
752 547 936 606 Romae
983 555 1156 610 ﬁeret.
1210 557 1343 612 Nam
1370 576 1464 629 per
1492 573 1730 620 vestrum
1760 567 1968 639 legato-

2079 575 2241 633 θέντα
2270 583 2398 652 ὑμῖν
2435 587 2586 657 παρὰ
2633 586 2728 641 τοῦ
2785 587 3153 646 ἀποστολικοῦ
3243 593 3457 664 θρόνου,
3549 596 3645 648 καὶ

389 647 511 688 rum
544 643 888 704 prmsentiam
917 647 1157 716 synodus
1213 651 1320 706 illic
1358 653 1539 709 haberi
1595 658 1838 717 videtur.
1900 662 1942 716 E

2075 643 2351 738 ὀφείλουσι
2376 643 2947 750 ταῦταέξετασθῆναι,
2977 682 3167 754 ὥσπερ
3190 643 3301 738 ἐὰνΓ
3346 686 3380 755 ἡ
3432 643 3648 748 όύνοδος

386 727 568 782 statim
616 736 928 803 propositus
985 749 1068 795 est
1105 741 1332 810 quintus
1381 752 1582 802 cauom
1612 751 1956 811 Sardicensis

385 823 598 889 synodi,
635 837 694 880 ut
723 829 816 897 qui
853 827 989 885 forte
1013 843 1156 888 esset
1185 834 1406 891 Patrum
1455 838 1685 897 Nicaeum
1725 859 1957 916 congre-

383 920 654 981 gatorum:
679 926 866 973 etcum
885 933 1001 978 orta
1016 936 1158 981 esset
1175 928 1620 999 513dubitatio,
1641 950 1668 988 a
1681 953 1710 989 n
1733 938 1776 991 is
1792 938 1962 994 Nicas-

383 1021 464 1059 nae
495 1009 686 1076 synodi
711 1025 884 1067 canon
911 1027 1073 1083 esset,
1101 1019 1323 1090 Alypius
1343 1024 1625 1094 cpiscopus
1638 1027 1794 1094 dixit,
1816 1033 1959 1100 quod

383 1101 750 1156 necessarium
780 1107 997 1172 quidem
1031 1122 1177 1165 esset
1219 1127 1339 1167 eum
1371 1118 1599 1171 servari.
1663 1118 1769 1174 Sed
1822 1137 1960 1191 quo-

383 1189 520 1243 niam
557 1191 610 1247 in
648 1193 802 1251 libris
827 1197 1048 1265 Graecis,
1085 1203 1173 1269 qui
1204 1213 1325 1259 acta
1353 1205 1583 1264 Nicaznze
1604 1212 1796 1280 synodi
1829 1227 1960 1267 cou—

388 1283 582 1349 tinent,
619 1302 725 1341 non
761 1288 1060 1358 invenitur,
1101 1297 1322 1362 suadeo,
1348 1313 1381 1352 ο
1409 1299 1620 1367 Aureli,
1653 1305 1719 1359 ad
1748 1305 1959 1374 episco-

377 1388 503 1442 pum
532 1375 1213 1450 Constantinopolitanum,
1234 1389 1663 1447 Alexandrinum
1692 1403 1744 1450 el
1763 1397 1956 1452 Antio-

373 1465 602 1520 ebenum
643 1470 835 1538 scribi,
872 1483 932 1528 ut
955 1491 1074 1545 quae
1117 1479 1225 1534 illic
1251 1492 1380 1538 sunt
1411 1485 1598 1554 prima:
1631 1491 1822 1558 synodi
1857 1507 1954 1546 ar-

371 1557 601 1629 chetypa
635 1565 948 1634 consulant,
1003 1584 1110 1637 quo
1163 1572 1474 1642 proferatur
1528 1579 1615 1634 hic
1662 1557 1861 1650 canon,
1898 1593 1954 1639 et

2075 766 2217 831 κατὰ
2258 767 2357 838 τὴν
2394 767 2610 841 Ῥώμην
2644 773 2879 840 ἐγένετο,
2947 775 3071 829 ἐπεὶ
3101 775 3186 828 διὰ
3214 777 3312 846 τῆς
3342 776 3646 847 παρουσίας

2074 856 2231 925 ὑμῶν
2256 858 2364 911 τῶν
2418 863 2814 930 τοποτηρητῶν
2865 864 3082 920 δοκοῦσι
3134 866 3206 919 τᾶ
3259 867 3360 936 τῆς
3424 868 3645 920 συνόδου

2071 949 2252 1002 ἐκεῖσε
2291 951 2588 1007 τελεῖσθαι.
2620 956 2726 1008 Καὶ
2780 956 2984 1009 αὐτίκα
3050 957 3355 1029 προσετέθη
3383 959 3412 1010 6
3445 957 3485 1009 ε’
3519 976 3644 1014 καν.

2069 1041 2168 1107 τῆς
2203 1043 2262 1095 ἐν
2291 1044 2532 1115 Σαρδικῇ
2579 1046 2822 1108 συνόδου,
2855 1047 2931 1110 ὡς
2953 1046 3030 1100 ὢν
3090 1048 3229 1119 τάχα
3290 1049 3398 1103 τῶν
3457 1051 3514 1102 ἐν
3546 1049 3647 1101 Νι-

2068 1130 2201 1202 καίᾳ
2231 1135 2496 1205 Πατέρων
2525 1153 2539 1167 ⁸
2578 1138 2673 1190 καὶ
2699 1137 3032 1208 ἀμφιϐολίας
3061 1139 3363 1208 γενομένης
3393 1141 3520 1210 περὶ
3551 1139 3645 1193 τοῦ

2067 1223 2116 1275 εί
2143 1223 2292 1279 ἔστιν
2319 1228 2346 1280 6
2375 1228 2556 1284 κανὼν
2584 1224 2736 1294 οὗτος
2765 1233 2865 1302 τῆς
2893 1235 2949 1285 ἐν
2986 1232 3190 1303 Νικαίᾳ
3223 1235 3462 1296 συνόδου,
3490 1226 3645 1285 εἶπεν

2067 1317 2096 1369 6
2128 1319 2428 1384 ἐπίσκοπος
2503 1323 2778 1392 Ἀλύπιος,
2825 1327 2898 1390 ὡς
2964 1329 3260 1395 ἀναγκαῖον
3340 1327 3438 1396 μέν
3533 1328 3648 1378 ἐστι

2063 1410 2256 1464 τοῦτον
2281 1413 2649 1481 φυλάττεσθαι
2683 1419 2850 1472 ’ἐπεὶ
2888 1418 2942 1472 δέ
2982 1420 3080 1490 οὐχ
3135 1419 3452 1488 εὑρίσκεται
3492 1413 3646 1478 οὗτος

2063 1503 2123 1556 ἐν
2155 1509 2274 1568 ταῖς
2311 1508 2654 1580 Ἑλληνικαῖς
2687 1511 2910 1582 βίϐλοις,
2963 1517 3086 1576 ταῖς
3142 1511 3534 1581 περιεχούσαις
3574 1509 3641 1563 τὰ

2065 1601 2437 1669 πεπραγμένα
2476 1605 2557 1668 είς
2581 1604 2678 1670 τὴν
2711 1605 2856 1659 κατὰ
2880 1606 3121 1659 Νίκαιαν
3184 1604 3423 1668 σύνοδον,
3457 1619 3637 1671 παρα-

377 1649 600 1704 dubium
629 1653 895 1714 solvatur,
930 1658 1058 1726 Quae
1087 1678 1248 1732 porro
1276 1665 1330 1720 in
1358 1681 1424 1722 eo
1449 1667 1816 1740 declarantur,
1842 1690 1945 1731 ser-

377 1751 575 1766 ..A....._
630 1745 797 1766 μμ--
836 1748 858 1766 ι.
961 1752 993 1766 ._
1105 1754 1127 1766 ..
1170 1765 1175 1766 ,
1325 1761 1334 1766 -
1380 1761 1428 1766 _-
1605 1762 1649 1766 __

2061 1649 2598 1766 καλώξὲἷῖιλύρήλῐε,
2621 1649 2876 1764 γενέσθαι
2925 1694 3145 1766 γραφὴν
3197 1694 3336 1764 πρὸς
3378 1692 3468 1745 τὸν
3514 1692 3635 1745 ἐπί-

376 1751 594 1805 ventur,
625 1745 802 1803 donec
834 1748 1000 1805 fuerit
1039 1754 1274 1810 solutum
1305 1761 1546 1816 dubium.
1605 1762 1720 1820 Hoc
1775 1766 1951 1836 ipsum
1987 1741 2033 1798 Β

368 1841 548 1887 autem
599 1837 762 1893 etiam
793 1842 1022 1918 voluitua
1057 1847 1308 1904 Romano
1343 1867 1480 1922 papa
1519 1855 1659 1911 ﬁeri.
1693 1856 1792 1914 His
1822 1874 1951 1916 vero

377 1922 457 1977 sic
481 1925 664 1993 dictis,
700 1929 998 1991 Faustinus
1033 1938 1218 1995 Romae
1249 1940 1458 2010 legatus
1488 1945 1646 2015 dixit,
1689 1949 1826 2004 nihil
1854 1954 1951 2008 ab-

367 2017 518 2072 surdi
551 2020 750 2079 dixisse
784 2024 1040 2096 Alypium
1085 2051 1100 2087 :
1140 2049 1264 2088 nam
1306 2051 1443 2106 papa
1478 2055 1697 2112 quoque
1719 2044 1953 2102 voluerit

366 2109 730 2170 Ecr-lesiarum
759 2123 1160 2179 contentionem
1190 2128 1330 2183 solvi
1363 2139 1416 2184 et
1442 2134 1697 2190 resecari.
1735 2137 1952 2197 Placuit

364 2218 494 2274 ergo
519 2214 572 2261 et
600 2209 856 2282 episcopo
885 2215 1103 2272 Aurelio
1136 2219 1238 2275 hoc
1265 2223 1404 2288 lleri,
1430 2225 1571 2280 sicut
1593 2236 1648 2282 et
1678 2229 1951 2288 universae

361 2297 590 2367 synodo.
622 2298 920 2374 Postquam
958 2318 1137 2365 autem
1171 2312 1286 2368 haec
1316 2315 1554 2385 perfecta
1593 2331 1740 2388 sunt,
1773 2338 1800 2378 a
1837 2323 1947 2378 Na-

359 2400 487 2446 vato
508 2395 769 2468 episcOpo
799 2409 851 2453 et
885 2399 1224 2462 Mauritaniae,
1269 2407 1450 2479 legato
1497 2414 1787 2481 quaesitum
1842 2426 1945 2484 est,

359 2489 632 2551 quomodo
670 2500 725 2545 et
756 2506 786 2546 a
813 2495 1012 2564 quibus
1045 2497 1279 2554 debeant
1328 2502 1512 2558 clerici
1565 2505 1822 2576 judicari,
1893 2517 1947 2563 et

357 2577 450 2646 qui
485 2593 549 2632 ex
593 2579 851 2648 iudicatis
891 2601 921 2642 a
953 2591 1174 2660 prOprio
1204 2593 1468 2665 episcopo
1497 2609 1813 2666 provocant.
1876 2602 1945 2656 Et

355 2674 633 2740 respondit
672 2677 891 2746 quidam
921 2682 1228 2755 episcopus,
1259 2689 1342 2742 cui
1371 2704 1564 2746 nomen
1598 2701 1717 2748 erat
1755 2693 1942 2762 Osius,

355 2759 512 2828 Quod
545 2781 630 2822 me
661 2770 838 2828 adhuc
867 2785 1065 2842 movet,
1100 2786 1282 2834 tacere
1327 2773 1437 2834 non"
1464 2783 1656 2849 debeo,
1695 2795 1748 2840 et
1785 2770 1945 2843 caste-

353 2871 561 2928 ra,quaz
584 2872 711 2918 sunt
730 2880 938 2922 canone
966 2869 1379 2927 HSardicencis
1401 2877 1612 2946 synodi,
1635 2894 1753 2948 quas
1777 2882 1944 2937 etiam

2059 1802 2261 1838 σκοπον
2287 1787 2919 1852 Κωνσταντινουπόλεως
2947 1787 3044 1839 καὶ
3101 1787 3193 1839 τὸν
3229 1782 3640 1852 Ἀλεξανδρείας

2054 1877 2281 1932 καὶτὸν
2324 1880 2685 1959 Ἀντιοχείας,
2717 1880 2805 1934 ἵνα
2862 1878 3230 1950 ψηλαφηθῶσι
3326 1876 3400 1929 τὰ
3460 1876 3638 1962 ἐκεῖσε

2051 1966 2184 2023 ὄντα
2215 1955 2849 2042 πρωτότυπαπρακτικὰ
2881 1972 2980 2038 τῆς
3016 1969 3240 2040 πρώτης
3271 1956 3515 2027 συνόδουζ
3552 1964 3638 2033 ἐφ’

2053 2053 2099 2128 ᾧ
2170 2063 2615 2134 παρεκὸληθῆναι
2687 2063 2780 2116 τὸν
2865 2062 3027 2116 αὑτὸν
3096 2060 3296 2113 κανόνα
3327 2100 3342 2124 ,
3427 2057 3640 2110 διευλυ-

2050 2156 2293 2226 τωθῆναι
2333 2157 2393 2210 τὸ
2459 2155 2786 2225 ἀμφίϐολον.
2819 2154 2901 2208 Τὰ
2951 2152 3138 2224 μέντοι
3198 2152 3256 2205 ἐν
3309 2149 3482 2218 τούτῳ
3548 2146 3642 2200 καὶ

2051 2248 2360 2319 δηλούμενα
2417 2247 2809 2316 φυλάττεσθαι,
2867 2248 3062 2316 μέχρις
3137 2243 3202 2297 ἂν
3257 2241 3316 2294 τὸ
3364 2238 3643 2310 ἀμφισϐη-

2049 2341 2316 2409 τούμενον
2369 2339 2527 2410 λυθῇ.
2587 2339 2662 2392 Τὸ
2717 2339 2847 2392 αὐτὸ
2872 2337 2930 2389 δὲ
3003 2336 3161 2477 gela
3195 2333 3451 2404 γενέσθαι
3545 2331 3642 2383 καὶ

2054 2431 2208 2477 «and:
2280 2429 2375 2477 τοῦ
2452 2429 2649 2477 πάππα
2741 2426 2982 2477 Ῥώμης.
3096 2423 3209 2476 ὖτω
3304 2422 3360 2474 δὲ
3437 2421 3642 2472 τούτων

2054 2431 2208 2502 παρὰ
2280 2429 2375 2483 τοῦ
2452 2429 2649 2482 πάππα
2741 2426 2982 2496 Ῥώμης.
3020 2421 3209 2497 nimo
3304 2422 3360 2474 δὲ
3437 2421 3642 2472 τούτων

2049 2523 2413 2592 λαληθέντων,
2473 2522 2501 2574 6
2561 2518 2945 2591 τοποτηρητὴς
3033 2515 3149 2586 τῆς
3202 2513 3425 2585 Ῥώμης
3492 2514 3641 2564 Φαυ-

2051 2617 2227 2676 στῖνος
2291 2609 2435 2681 εἷπε,
2496 2611 2664 2683 μηδέν
2721 2629 2774 2664 τι
2830 2608 3066 2672 ’ἀπεικὸς
3124 2609 3298 2661 εἰπεῖν
3352 2606 3442 2658 τὸν
3479 2604 3638 2657 ’Δλύ-

2049 2724 2174 2762 πιον
2205 2724 2220 2739 ·
2257 2705 2352 2760 καὶ
2385 2704 2414 2757 6
2441 2705 2676 2766 πάπποις
2705 2703 2816 2774 γὰρ
2846 2704 2911 2756 ἂν
2944 2701 3147 2771 θελήσῃ
3176 2699 3272 2768 τὴν
3296 2696 3633 2767 φιλονεικίαν

2045 2797 2156 2851 τῶν
2193 2795 2538 2866 Ἐκκλησιῶν
2557 2782 2974 2866 περιαιρεθῆναι
3013 2793 3104 2845 καὶ
3122 2791 3371 2858 λυθῆναι.
3395 2788 3634 2858 Ἤρεσεν

2047 2891 2140 2946 οὖν
2165 2891 2361 2961 καὶτῷ
2393 2891 2682 2960 ἐπισκόπῳ
2707 2888 2962 2958 Αὑρηλίῳ
2984 2885 3144 2940 τοῦτο
3171 2884 3452 2953 γενέσθαι,
3485 2881 3632 2934 καθὰ

349 2946 460 3003 illic
493 2956 736 3022 exposita
760 2967 906 3012 sunt.
939 2959 1035 3016 [Iis
1075 2962 1257 3031 itaque
1288 2969 1554 3034 tractatis,
1591 2946 1730 3026 diruit
1758 2972 1944 3043 Augu-

2049 2984 2143 3036 καὶ
2183 2985 2250 3054 τῇ
2281 2946 2432 3054 πασῃ
2465 2946 2690 3052 συνόδιρ,
2729 2946 2867 3050 μέτά
2907 2946 2964 3032 δέ
3011 2978 3074 3030 τὸ
3123 2946 3301 3029 ταῦτα
3380 2971 3635 3025 συντελε-

347 3041 549 3109 stinus,
583 3048 781 3102 debere
812 3043 958 3106 hunc
993 3067 1259 3108 canonem
1287 3058 1517 3124 servari,
1545 3060 1590 3114 si
1621 3062 1768 3116 salva
1799 3063 1937 3120 inte-

2049 3041 2264 3148 σθῆναι,
2299 3041 2541 3144 ἐζητήθη
2574 3041 2847 3142 παρὰ-τοῦ
2903 3069 3156 3124 Ναυάτου
3196 3065 3502 3120 ἐπισκόπου
3539 3062 3636 3115 καὶ

348 3136 450 3190 rim
474 3138 804 3210 diligentiori
827 3141 1064 3200 Niczeuae
1085 3148 1276 3216 synodi
1303 3149 1655 3218 inquisitione
1686 3168 1780 3209 seu
1812 3171 1944 3210 exa-

2049 3167 2428 3239 τοποτηρητοῦ
2472 3166 2876 3238 Μαυριτανίας,
2942 3163 3061 3222 πῶς
3122 3159 3216 3214 καὶ
3265 3157 3419 3226 παρὰ
3470 3156 3632 3208 τίνων

353 3229 671 3298 minatione,
693 3284 697 3289 .
718 3234 834 3304 ejus
861 3237 1051 3307 synodi
1100 3252 1222 3294 esse
1245 3252 1540 3297 constaret.
1568 3242 1780 3314 Reliqui
1805 3262 1941 3316 quo—

349 3335 454 3388 que
509 3321 722 3390 Patres,
775 3343 896 3396 quae
927 3329 981 3383 in
1041 3327 1257 3384 Nicmna
1369 3335 1574 3405 synodo
1642 3339 1936 3395 constituta

345 3418 472 3466 sunt
537 3413 790 3471 omnibus
846 3417 1060 3487 placere
1096 3421 1390 3486 dixerunt,
1439 3437 1494 3480 et
1537 3426 1590 3479 in
1655 3439 1932 3495 posterum

346 3507 555 3560 servari
591 3507 924 3566 inviolabilia
948 3512 1166 3571 debere.
1193 3515 1388 3582 Quaere
1448 3518 1612 3573 etiam
1686 3537 1806 3591 quas
1878 3524 1931 3579 in

349 3599 546 3664 quinto
570 3614 784 3657 canone
825 3601 1169 3664 Sardicensis
1217 3611 1407 3681 synodi
1451 3627 1479 3666 a
1517 3613 1673 3669 nobis
1722 3617 1923 3688 scripta

347 3701 492 3746 Sllﬂl.

2047 3261 2356 3330 ὀφείλουσιν
2378 3261 2428 3312 οί
2461 3259 2715 3329 κληρικοὶ
2761 3255 3107 3321 δικάζεσθαι,
3161 3252 3306 3306 κατὰ
3349 3248 3461 3304 τῶν
3539 3263 3635 3301 κε-

2049 3356 2328 3424 κριμένων
2353 3352 2460 3405 ὑπὸ
2494 3351 2589 3406 τοῦ
2654 3352 2788 3406 ίδίου
2849 3353 3155 3405 ἐπισκόπου
3211 3344 3630 3412 ἐκκαλούμενοι.

2046 3444 2160 3496 Kal.
2209 3443 2554 3513 ἀπεκρίνατο
2643 3444 2945 3507 ἐπίσκοπός
3025 3459 3108 3504 τις
3159 3435 3634 3506 ἐπονομαζόμενος

2050 3537 2242 3598 Ὀσιος
2298 3551 2311 3566 ·
2348 3536 2422 3588 Τὸ
2453 3536 2534 3589 ἔτι
2561 3536 2746 3590 κινοῦν
2815 3551 2879 3605 με
2916 3535 3191 3602 σιωπῆσαι
3253 3532 3355 3582 οὐκ
3405 3525 3630 3595 ὀφείλω,

2042 3625 2138 3678 καὶ
2170 3625 2240 3678 τὰ
2262 3625 2394 3696 ἐξῆς
2419 3626 2514 3680 τοῦ
2547 3624 2604 3681 ιδ’
2635 3627 2861 3689 κανόνος
2887 3625 2986 3694 τῆς
3019 3627 3076 3677 ἐν
3104 3623 3346 3722 Σαρδικῇ
3383 3616 3628 3722 συνόδουι

2043 3714 2205 3770 ἅτινα
2241 3716 2707 3786 καὶέξητήθησαν
2763 3718 2968 3769 ἐκεῖσε.
3030 3716 3140 3769 Καὶ
3181 3711 3388 3766 τούτων
3447 3711 3631 3760 τοίνυν

342 3785 844 3854 τρακταῖσθέντων,
879 3784 1038 3846 εἷπεν
1084 3795 1112 3847 ό
1145 3795 1518 3863 Αὑγουστῖνος
1562 3801 1798 3871 ὀφείλειν
1854 3807 1948 3861 καί
1983 3807 2074 3861 τὸν
2125 3809 2325 3863 κανόνα
2378 3784 2999 3878 τοῦτον-φυλάττεσθαι,
3062 3806 3383 3875 σωζομένης
3445 3798 3630 3869 μέντοι

341 3875 442 3944 τῆς
460 3880 891 3953 ἐπιμελεστέρας
923 3886 1204 3958 ζητήσεως
1235 3890 1357 3960 ἦτοι
1389 3891 1695 3958 ἐξετάσεως
1723 3897 1825 3967 τῆς
1892 3900 1951 3952 ἐν
1984 3902 2193 3972 Νικαίᾳ
2258 3903 2500 3968 συνόδου,
2554 3875 2695 3957 ὥστε
2735 3902 3075 3973 φυλαχθῆναι
3142 3903 3190 3953 εἰ
3247 3899 3345 3966 τῆς
3403 3895 3627 3949 συνόδου

343 3973 558 4044 ἐκείνης
598 3977 734 4034 ἐστί.
765 3979 875 4033 Καὶ
903 3981 1165 4037 οίλοιποὶ
1195 3986 1440 4054 Πατέρες
1465 3987 1536 4040 τὰ
1595 3990 1655 4042 ἐν
1684 3993 1750 4060 τῇ
1803 3991 2058 4049 Νικαέων
2093 3997 2298 4067 συνόδῳ
2363 3999 2657 4068 ὁρισθέντα
2717 3999 2885 4051 πᾶσιν
2960 3995 3220 4064 ἀρέσκειν
3287 3987 3461 4053 εἷπον,
3527 3986 3629 4044 καὶ

341 4066 580 4133 ὀίείλειν
607 4073 687 4135 είς
713 4073 774 4125 τὸ
803 4073 934 4144 ἑξῆς
963 4077 1252 4148 τηρεῖσθαι
1313 4082 1785 4157 ἀπαρεγχείρητα.
1823 4089 1989 4160 Ζήτέι
2022 4093 2119 4147 καὶ
2154 4094 2223 4148 τὰ
2250 4066 2310 4149 έν
2334 4066 2412 4165 τῷ
2465 4101 2506 4147 ε’
2579 4094 2766 4151 κανόνι
2829 4095 2931 4164 τῆς
3000 4093 3057 4144 ἐν
3100 4091 3336 4162 Σαρδικῇ
3401 4089 3625 4144 συνόδου

279 4214 284 4220 ,
341 4161 477 4229 παρ’
519 4162 680 4234 ἡμῶν
708 4165 1017 4235 γραφέντα.
1353 4215 1360 4227 ..
1675 4216 1680 4220 η

343 4344 571 4402 ARIST.
619 4365 637 4399 ι
675 4347 1125 4420 Quandoquidem
1172 4367 1276 4407 non
1335 4356 1555 4411 inventa
1619 4369 1749 4415 sunt
1812 4374 1931 4417 acta

2043 4364 2270 4418 ΑΡΙΣΤ.
2304 4383 2323 4415 ι
2366 4363 2521 4418 Ἐπεὶ
2547 4364 2620 4435 μὴ
2653 4362 2882 4436 εὓρηται
2910 4365 2980 4417 τὰ
3006 4364 3086 4427 είς
3119 4363 3359 4418 Νίκαιαν
3397 4381 3621 4435 πεπρα-

327 4448 329 4450 ‘
425 4458 444 4491 ι
481 4439 695 4496 concilii
727 4441 929 4497 Nicami
957 4444 1181 4513 scripta,
1215 4447 1470 4516 dignetur
1489 4451 1778 4522 episcopus
1815 4453 1922 4508 Ro-

2111 4477 2131 4511 ε
2170 4459 2347 4528 γμένα
2381 4458 2770 4528 γεγραμμένα,
2800 4457 2948 4521 ἄξιος
2975 4459 3003 4510 6
3044 4457 3267 4527 Ῥώμης
3329 4458 3408 4528 τῷ
3458 4460 3618 4511 Κων-

415 4551 436 4584 ι
470 4549 665 4588 manus
696 4533 764 4589 ad
816 4532 1478 4606 ConstantinOpolitanum
1507 4551 1562 4597 et
1602 4545 1927 4602 Alexandri-

423 4643 442 4676 ι
487 4640 618 4679 num
649 4626 912 4689 scribere,
961 4643 1134 4698 eaque
1182 4630 1304 4686 inde
1353 4633 1611 4711 accipiat,
1662 4637 1928 4708 nobisque

304 4726 324 4743 '
429 4737 448 4769 ‹
488 4727 859 4787 reprmsentct.
909 4737 926 4770 ι

329 4823 334 4828 ·
425 4809 561 4865 Cum
628 4810 790 4880 legati
829 4810 881 4864 in
919 4810 1019 4866 hac
1049 4813 1254 4883 synodo
1289 4827 1316 4865 a
1349 4829 1486 4884 papa
1521 4814 1768 4872 Romano
1800 4819 1929 4874 mis-

340 4907 408 4971 si,
449 4905 788 4974 proferentes
854 4919 1119 4959 canonem
1153 4919 1182 4958 a
1209 4909 1418 4976 synodo
1468 4909 1778 4966 Sardicensi
1814 4914 1930 4966 edi-

340 4999 558 5063 tum,dc
585 5013 651 5053 eo
671 4997 815 5066 quod
858 4997 1137 5066 depositus
1173 4997 1480 5056 Romanum
1513 5003 1673 5058 adeat
1700 5005 1916 5074 episco-

330 5083 488 5161 ‘pum,
529 5097 588 5146 ut
619 5092 668 5143 a"
712 5088 928 5143 Nicmna
965 5091 1173 5161 synodo
1229 5095 1526 5156 decretum,
1571 5095 1927 5168 congregatos

337 5189 390 5240 in
418 5187 594 5240 isthac
620 5180 833 5254 synollo
870 5182 1059 5238 Patres
1089 5199 1210 5238 eum
1242 5195 1302 5239 ut
1334 5186 1564 5242 Nicmnae
1596 5191 1788 5258 synodi
1835 5206 1927 5246 ca-
1962 5219 1969 5222 -

343 5293 544 5334 nonem
591 5278 919 5332 confirmare
953 5278 1288 5347 posutlarent
1330 5297 1343 5333 :
1379 5282 1636 5350 quoniam
1679 5283 1755 5351 lii,
1789 5300 1858 5338 an
1893 5299 1922 5338 a

346 5371 801 5427 concilioNicazno
818 5371 1092 5440 expositus
1117 5370 1210 5425 fuit
1226 5414 1238 5437 ,
1258 5374 1519 5427 memoria
1549 5390 1653 5430 non
1678 5385 1924 5432 tenentes

340 5468 434 5524 sed
471 5481 572 5522 nec
622 5480 741 5534 quas
778 5462 970 5518 Niczere
1017 5473 1136 5518 acta
1165 5465 1581 5537 subscriptaque
1639 5479 1696 5525 et
1726 5472 1924 5526 conﬁr-

343 5567 532 5612 mata‘
583 5565 729 5622 sunt,
795 5553 1173 5624 proferentes,
1235 5556 1486 5612 dixerunt
1564 5575 1624 5616 se
1705 5561 1922 5630 ignora-

346 5667 444 5715 re;
526 5649 747 5717 dignum
807 5646 1233 5715 praedicarunt,
1323 5661 1381 5702 ut
1465 5649 1743 5708 Romanus
1808 5656 1923 5724 epi-

296 5757 540 5808 .sscopus
616 5739 682 5796 ad
756 5739 1422 5812 Constantinopolimnum
1509 5755 1562 5801 ct
1680 5747 1918 5805 Alexan-

2112 4570 2131 4602 ι
2165 4550 2666 4612 σταντινουπόλεως
2699 4549 2794 4602 καὶ
2823 4549 2902 4620 τῷ
2944 4549 3354 4621 Ἀλεξανδρείας
3379 4553 3612 4622 γράψαι,

2108 4663 2128 4697 ι
2167 4645 2260 4699 καὶ
2289 4644 2470 4697 λαϐεῖν
2497 4642 2707 4696 ἐκεῖθεν
2737 4641 2898 4708 αὐτὰ,
2958 4643 3054 4696 καὶ
3082 4645 3214 4714 ημῖν
3240 4645 3557 4714 ἐμφανίσαι.
3590 4664 3612 4696 ι

2101 4831 2165 4882 Οἱ
2192 4827 2344 4897 παρὰ
2370 4826 2466 4878 τοῦ
2494 4824 2698 4878 πάππα
2737 4823 2957 4895 Ῥώμης
2989 4827 3047 4879 ἐν
3079 4829 3146 4898 τῇ
3197 4825 3406 4896 συνόδῳ
3437 4828 3613 4900 ταύτῃ

2032 4919 2320 4979 σταλέντες
2341 4915 2713 4985 τοποτηρηταὶ
2743 4915 3174 4986 προϐαλλόμενοι
3203 4917 3297 4970 τὸν
3328 4917 3482 4986 παρὰ
3512 4917 3614 4985 τῆς

2028 5013 2087 5064 ἐν
2114 5011 2348 5081 Σαρδικῇ
2375 5007 2596 5062 συνόδου
2651 5007 2876 5062 τεθέντα
2939 5009 3140 5062 κανόνα
3170 5011 3301 5078 περὶ
3362 5007 3460 5062 τοῦ
3519 5008 3614 5061 τὸν

2029 5102 2434 5172 καθαιρεθέντα
2469 5101 2546 5172 τῷ
2584 5100 2813 5173 Ῥώμης
2846 5102 3272 5173 προσέρχεσθαι,
3329 5103 3405 5167 ὡς
3458 5105 3612 5174 παρὰ

2025 5197 2129 5266 τῆς
2156 5199 2212 5248 ἐν
2235 5194 2444 5265 Νικαίᾳ
2485 5195 2708 5248 συνόδου
2733 5195 3041 5264 ὁρισθέντα,
3079 5195 3175 5250 καὶ
3202 5197 3610 5266 ἀπαντήσαντες

2025 5289 2153 5351 τοὺς
2177 5287 2665 5354 συναθροισθέντας
2682 5289 2740 5340 ἐν
2797 5289 2864 5357 τῇ
2901 5287 3102 5358 συνόδῳ
3148 5288 3321 5359 ταύτῃ
3354 5289 3610 5357 Πατέρας

2029 5381 2329 5452 βεϐαιῶσαι
2367 5381 2532 5434 αὑτὸν
2556 5381 2631 5445 ὡς
2659 5381 2760 5448 τῆς
2793 5383 2853 5433 ἐν
2890 5384 2957 5452 τῇ
2989 5381 3194 5452 Νικαίᾳ
3224 5381 3353 5436 ὄντα
3387 5384 3610 5439 συνόδου

2025 5475 2246 5528 κανόνα·
2267 5474 2386 5526 ἐπεὶ
2399 5467 2543 5528 οὗτοι
2570 5471 2644 5544 μὴ
2670 5474 2762 5525 ἐπὶ
2790 5474 3010 5545 μνήμης
3031 5475 3320 5544 ἐχοντες,εἰ
3341 5477 3488 5545 παρὰ
3507 5478 3606 5545 τῆς

2027 5570 2084 5620 ἐν
2110 5561 2313 5638 Νικαίᾳ
2332 5567 2551 5620 συνόδου
2577 5566 2760 5635 ἐτέθη,
2788 5568 2927 5621 ἀλλὰ
2960 5568 3094 5638 μηδέ
3117 5569 3184 5622 τὰ
3211 5571 3349 5624 κατὰ
3369 5570 3609 5624 Νίκαιαν

2025 5663 2388 5730 πεπραγμένα
2403 5661 2868 5731 ὑπογεγραμμένα
2887 5680 2945 5716 τε
2967 5664 3057 5717 καὶ
3077 5663 3261 5732 βέϐαια
3281 5662 3612 5733 ἐπιτεμόμε-

2025 5769 2125 5817 νοι,
2144 5749 2348 5820 ἔφησαν
2363 5751 2596 5817 ἀγνοεῖν»
2615 5749 2762 5814 ἀξιον
2780 5749 3001 5822 ἔκριναν
3021 5752 3108 5805 τὸν
3157 5751 3372 5823 Ῥώμης
3397 5755 3604 5825 γράψαι
