4034 6398
476 312 542 375 97
681 314 688 319 “
1740 304 2022 369 TllEDD.
2068 300 2154 359 BA
2169 297 2471 360 LSAMON
3689 278 3761 335 25

826 430 1097 500 Confessio
1123 428 1249 499 ﬁdei
1281 427 1516 485 Nicena:
1543 426 1754 498 synodi.

575 545 595 579 ι
631 525 920 582 Credimus
951 524 1004 578 in
1047 538 1209 576 unum
1239 521 1428 585 Deum,
1469 519 1684 573 Patrem
1736 515 2076 584 omnipoteuo

485 625 614 677 tem,
643 614 886 668 omnium
923 613 1214 668 visibilium
1239 623 1292 664 ot
1317 609 1669 664 invisibilium
1695 607 1955 661 factorem
1982 622 1994 656 :
2021 609 2077 656 et

484 710 538 770 in
558 722 723 761 unum
743 706 1215 762 Dominumlesum
1234 703 1737 770 Cbristum,Filium
1759 699 1872 762 Dei,
1891 706 2072 752 natum

482 805 549 856 de
579 800 740 854 Patre
796 801 1155 867 unigenitum,
1207 798 1259 852 id
1318 807 1421 860 est,
1449 812 1514 851 ex
1535 793 1836 849 substantia
1863 789 2066 854 Patris,

489 896 655 948 Duum
699 907 762 946 ex
795 891 925 955 Deo,
965 893 1146 944 lumen
1182 889 1248 943 de
1288 889 1515 953 lumine,
1571 885 1740 939 Deum
1773 896 1962 938 verum
2008 882 2077 933 de

485 982 597 1037 Deo
631 999 794 1051 vero;
824 984 1090 1053 genitum,
1145 997 1252 1036 nou
1284 980 1510 1045 factum,
1559 974 2073 1034 consubstantialem

487 1074 632 1129 I’nlt‘i
653 1119 668 1138 ,
708 1093 803 1147 per
836 1091 996 1144 quem
1037 1076 1215 1128 omnia
1245 1073 1391 1128 facta
1425 1079 1575 1137 sunt,
1608 1081 1662 1126 et
1685 1085 1810 1140 qua:
1836 1069 1888 1122 in
1914 1067 2073 1131 caelo,

488 1179 544 1222 ct
573 1183 690 1236 qua:
728 1167 780 1222 in
806 1176 953 1221 terra
978 1185 992 1232 ;
1015 1168 1107 1237 qui
1129 1176 1348 1234 propter
1381 1179 1478 1218 nos
1509 1161 1758 1218 homines
1782 1169 1836 1212 et
1861 1166 2079 1228 propter

490 1273 732 1314 nostram
791 1260 1023 1313 salutem
1077 1241 1395 1320 descendit,
1439 1265 1495 1310 et
1541 1255 1856 1309 incarnatus
1876 1258 1999 1326 est,
2023 1256 2079 1303 et

491 1357 652 1406 homo
685 1352 884 1415 iactus,
914 1362 968 1404 ct
999 1365 1191 1419 passus
1217 1358 1324 1413 est,
1357 1357 1413 1402 et
1447 1346 1748 1402 resurrexit
1778 1345 1940 1398 tertio
1971 1343 2079 1409 die,

2109 423 2152 476 Δ
2193 413 2253 465 Ἡ
2282 409 2569 481 ὁμολογία
2595 407 2706 477 τῆς
2731 406 2992 469 πίστεως
3009 402 3121 470 τῆς
3143 399 3210 452 ἐν
3231 393 3451 462 Nimio
3475 392 3768 447 συνόδου

2264 525 2281 556 ι
2318 504 2357 555 Π
2367 500 2655 571 ιστεύομεν
2683 499 2761 562 είς
2785 498 2882 550 ἕνα
2908 494 3062 557 Θεὸν,
3094 489 3310 561 Πατέρα
3327 485 3768 554 παντοκράτορα,

2179 597 2399 650 πάντων
2418 594 2631 664 ὁρατῶν
2658 609 2716 644 τε
2748 590 2845 644 καὶ
2871 587 3119 657 ἀοράτων
3147 583 3376 652 ποιητήν
3399 595 3414 611 ’
3442 579 3538 632 καὶ
3567 579 3648 640 είς
3673 577 3770 630 ἕνα

2179 692 2384 761 Κύριον
2418 686 2627 760 Ἰησοῦν
2657 683 2892 754 Χριστὸν
2922 681 3012 734 τὸν
3034 679 3161 732 Υίδν
3177 676 3269 728 τοῦ
3294 673 3454 738 Θεοῦ,
3473 671 3563 725 τὸν
3582 686 3768 740 γεννη-

2190 782 2352 835 θέντα
2376 781 2441 834 ix
2469 778 2561 832 τοῦ
2595 769 2842 846 Πατέρος
2866 770 3161 842 μονογενῆ,
3197 767 3348 820 τοῦτ’
3382 764 3530 818 ἐστιν
3563 765 3628 815 ἐκ
3664 762 3770 831 τῆς

2180 873 2369 935 οὐσίας
2400 871 2493 924 τοῦ
2517 868 2788 938 Πατέρος,
2819 865 2956 918 Θεὸν
2987 865 3050 916 ἐκ
3078 859 3240 924 Θεοῦ,
3275 855 3392 926 φῶς
3443 858 3507 908 ὲκ
3571 853 3770 923 φωτὸς,

2181 965 2315 1018 Θεὸν
2379 963 2635 1034 ἀληθινὸν
2693 962 2758 1014 ὲκ
2811 956 2946 1012 Θεοῦ
3008 951 3265 1023 ἀληθινοῦ
3326 967 3339 981 ·
3402 947 3772 1034 γεννηθέντα,

2182 1057 2243 1110 οὐ
2326 1054 2622 1126 ποιηθέντα
2656 1094 2671 1118 ,
2760 1050 3047 1122 ὁμοούσιον
3143 1045 3221 1115 τῷ
3300 1043 3508 1112 Πατρί·
3579 1037 3648 1093 δι’
3711 1033 3774 1092 οὗ

2188 1144 2256 1198 τά
2294 1145 2473 1198 πάντα
2500 1145 2738 1211 ἐγένετο,
2772 1143 2838 1195 τά
2864 1157 2924 1192 τε
2957 1143 3015 1193 ὲν
3045 1135 3264 1209 οὐρανῷ
3290 1135 3388 1188 καὶ
3450 1134 3508 1184 ὲν
3560 1132 3628 1200 τῇ
3661 1130 3731 1199 γῇ
3760 1145 3774 1158 '

2191 1237 2284 1292 τὸν
2313 1238 2382 1290 δι’
2423 1238 2572 1306 ἡμᾶς
2611 1235 2738 1293 τοὺς
2767 1232 3098 1303 ἀνθρώπους
3126 1227 3224 1282 καὶ
3249 1226 3340 1281 διὰ
3370 1226 3472 1294 τὴν
3498 1223 3779 1294 ἡμετέραν

2189 1328 2492 1398 σωτηρίαν,
2523 1326 2854 1380 κατελθόντα
2878 1325 2971 1377 καὶ
2990 1319 3368 1391 σαρκωθέντα,
3389 1316 3484 1370 καὶ
3505 1315 3662 1370 ὲνανθ
3673 1331 3780 1384 ρω-

488 1443 804 1497 etascrndit
827 1443 880 1495 in
913 1442 1104 1506 caelos,
1127 1450 1181 1494 et
1211 1440 1365 1494 sedet
1396 1439 1462 1491 ad
1487 1438 1768 1492 demetam
1796 1433 1998 1499 Patris,
2029 1439 2085 1487 et

2197 1420 2268 1489 πή
2279 1437 2468 1485 σαντα,
2489 1420 2583 1474 καὶ
2597 1418 2862 1478 παθόντα,
2885 1415 2976 1468 καὶ
2994 1413 3303 1467 ἀναστάντα
3313 1413 3379 1480 τῇ
3393 1409 3551 1477 τρίτῃ
3575 1407 3779 1476 ἡμέρᾳ,

491 1543 753 1588 venturus
797 1542 881 1587 est
928 1532 1227 1601 judicatum
1281 1531 1430 1583 vivos
1477 1537 1531 1581 et
1583 1537 1828 1580 mortuos
1869 1541 1886 1580 :
1935 1523 2084 1579 etin

2197 1513 2286 1566 καὶ
2315 1511 2610 1565 ἀνελθόντα
2644 1512 2725 1572 εἰς
2749 1512 2879 1572 τοὺς
2927 1506 3212 1575 οὐρανοὺς,
3269 1503 3366 1556 καὶ
3415 1498 3782 1587 καθεζόμενον

492 1626 754 1693 Spiritum
773 1636 1045 1679 sanctum.
1078 1623 1182 1676 Eos
1204 1631 1385 1676 autem
1407 1620 1498 1690 qui
1519 1619 1706 1673 dicunt
1729 1635 1743 1673 :
1768 1618 2084 1686 Eratquan-

2197 1606 2257 1658 ὲκ
2291 1601 2486 1668 δεξιῶν
2518 1601 2614 1681 τοῦ
2647 1598 2885 1673 Πατρδς,
2921 1599 3017 1653 καὶ
3072 1596 3372 1667 ἐρχόμενον
3419 1593 3607 1663 κρῖναι
3643 1587 3786 1693 {Grv-

491 1719 562 1772 do
593 1733 698 1772 non
735 1727 874 1780 erat,
907 1728 959 1771 et
985 1718 1298 1786 priusquam
1335 1723 1650 1768 nasceretur
1709 1727 1816 1765 non
1848 1718 1966 1766 erat
1987 1747 2004 1775 ,
2032 1715 2088 1762 et

2197 1713 2292 1759 τας
2325 1695 2422 1749 καὶ
2458 1679 2686 1764 νεκρούς
2712 1709 2725 1723 ο
2755 1692 2852 1746 καὶ
2886 1692 2966 1754 εἰς
2988 1691 3049 1744 τὺ
3074 1687 3300 1756 Πνεῦμα
3326 1684 3386 1738 τὸ
3433 1682 3608 1751 ἅγιον.
3640 1677 3780 1741 Τοὺς

499 1815 644 1881 quod
675 1826 738 1865 ex
793 1826 896 1866 non
927 1810 1319 1865 exsisteutibus
1353 1805 1530 1860 iactus
1559 1813 1666 1868 est,
1736 1801 1820 1854 vel
1851 1817 1918 1856 ex
1981 1800 2085 1854 alia

2197 1785 2249 1838 δὲ
2280 1785 2567 1854 λέγοντας.
2597 1777 2709 1837 Ἦν
2746 1799 2901 1846 ποτε,
2943 1783 3030 1834 ὅτε
3053 1779 3152 1831 οὐκ
3183 1773 3275 1845 ἦν,
3305 1774 3401 1828 καὶ
3435 1772 3565 1841 πρὶν
3588 1785 3784 1838 γεννη-

502 1860 644 1881 γη
680 1860 738 1865 η
934 1860 1192 1865 ν---ην-η-
1223 1860 1284 1862 η
1651 1860 1664 1868 .

492 1903 799 1958 substantia
827 1902 911 1955 vel
943 1901 1178 1956 essentia
1214 1913 1337 1953 esse
1379 1895 1738 1963 dicentes,vel
1772 1894 2085 1950 mutabilem

2197 1879 2353 1948 θῆναι
2384 1879 2487 1931 οὐκ
2515 1874 2606 1948 ἦν,
2644 1878 2737 1928 καὶ
2763 1877 2844 1929 ὅτι
2876 1873 2935 1939 ἐξ
2971 1872 3073 1924 οὐκ
3139 1870 3312 1923 ὄντων
3365 1867 3605 1934 ἐγένετο.
3638 1860 3676 1929 ἦ
3720 1860 3780 1924 ἐξ

491 2005 548 2050 et
596 1995 933 2050 alterabilem
965 2009 1086 2048 esse
1128 1992 1226 2045 Dei
1257 1990 1494 2052 Filium;
1533 2005 1626 2044 eos
1661 1987 2088 2043 anathematizat

2197 1970 2384 2040 ἑτέρας
2426 1969 2782 2030 ὑποστάσεως
2837 1965 2870 2035 ἢ
2940 1963 3129 2025 οὐσίας
3177 1963 3492 2026 φάσκοντας
3541 1952 3705 2015 εῖναι,
3745 1952 3778 2020 ἢ

492 2089 758 2144 catholica
793 2098 842 2144 et
872 2087 1171 2158 apostolica
1197 2086 1463 2143 Ecclesia.
1496 2103 1514 2137 ι
2055 2054 2067 2070 “

2197 2063 2489 2118 ἀλλοιωτὸν
2520 2061 2552 2131 ἢ
2587 2060 2823 2131 τρεπτδν
2850 2059 2941 2110 τὸν
2970 2056 3100 2109 Υἱὸν
3162 2051 3258 2107 τοῦ
3327 2051 3486 2113 Θεοῦ,
3558 2047 3781 2108 τούτους

572 2337 838 2393 Similiter
872 2348 927 2393 et
955 2337 1172 2392 decreta
1200 2335 1432 2392 Nicaznzc
1463 2337 1651 2407 synodi
1685 2336 1738 2391 in
1764 2335 1840 2392 20
1869 2335 2084 2406 capitu-

497 2431 566 2485 lis
591 2431 728 2484 lecta
753 2437 902 2484 sunt.
933 2430 1200 2485 Praeterea
1230 2445 1349 2500 quae
1381 2431 1433 2484 in
1459 2431 1683 2498 synodis
1725 2429 1924 2484 Africa:
1954 2444 2086 2484 san-

499 2525 607 2578 cita
641 2532 770 2578 sunt
796 2523 1158 2594 praesentibus
1181 2523 1318 2578 actis
1344 2524 1544 2579 inserta
1573 2522 1972 2578 decernuntur.

871 2657 900 2676 Φ

1131 2680 1367 2739 ΟΑΝΟΝ
1396 2683 1441 2738 ῐ.

505 2802 526 2835 ι
572 2778 755 2848 Quare
805 2795 926 2851 qua:
987 2778 1040 2833 in
1097 2777 1310 2835 Nicxna
1347 2777 1554 2846 synodo
1601 2775 1896 2831 constituta
1936 2781 2087 2840 sunt,

793 2889 813 2924 ι
849 2871 1103 2928 omnibus
1127 2869 1304 2923 modis
1331 2869 1787 2922 observabuntur.
1810 2884 1828 2917 ι

931 2964 1175 3016 Aurelius
1207 2964 1482 3030 episcopus
1508 2951 1645 3017 άὶαὲἱι
1680 2977 1700 3014 :

581 3078 601 3109 ο
634 3054 853 3112 Haeclta
901 3057 1041 3126 apud
1071 3071 1169 3111 nos
1201 3056 1471 3110 habentur
1489 3054 1818 3122 exemplaria
1850 3058 2086 3109 statuto-
2117 3090 2168 3157 ο

511 3171 531 3204 ι
573 3167 690 3205 rum
744 3166 863 3219 qua:
903 3160 1030 3203 tunc
1061 3149 1251 3203 Patres
1304 3149 1475 3202 nostri
1505 3163 1535 3201 e
1559 3145 1775 3201 Nicaena
1803 3148 2012 3219 synodo
2037 3159 2098 3200 se

505 3263 531 3296 4
561 3259 683 3299 cum
715 3245 1022 3297 detulerunt
1071 3261 1084 3296 :
1119 3241 1275 3310 cujus
1305 3253 1486 3312 typum
1544 3242 1816 3296 servantia
1858 3256 1918 3294 ea
1979 3255 2101 3310 quae

511 3359 532 3388 ι
565 3347 890 3405 seunnIur,
919 3347 971 3388 et
1007 3351 1035 3388 a
1086 3335 1242 3389 nobis
1271 3332 1566 3388 constituta
1597 3343 1744 3400 sunt,
1777 3332 2098 3388 conﬁrmata

516 3453 533 3480 I
577 3441 882 3483 SBTVt‘EIHUI'.
922 3447 940 3480 δ

584 3520 782 3575 BALS.
826 3520 993 3574 Lecto
1027 3531 1219 3576 sancto
1250 3520 1513 3593 symbolo,
1553 3516 2014 3589 quemadmodum
2044 3516 2100 3570 in

512 3615 684 3682 prima
723 3615 930 3685 synodo
960 3615 1320 3684 compositum
1347 3624 1452 3678 est,
1504 3612 1768 3669 similiter
1808 3619 1864 3665 et
1899 3609 1968 3662 20
1996 3623 2098 3662 ca-

515 3709 750 3762 nonibus
777 3705 1018 3774 ejusdem
1052 3708 1286 3776 synodi;
1335 3713 1388 3761 et
1443 3706 1507 3759 iis
1545 3714 1828 3774 praeterea,
1889 3716 2011 3768 quae
2044 3701 2098 3753 in

516 3799 695 3854 Africa
723 3799 1014 3854 constituta
1051 3798 1262 3854 fuerant
1290 3815 1306 3863 ;
1339 3807 1394 3854 et
1423 3797 1586 3853 illaesa
1622 3795 1826 3850 servari
1871 3808 1990 3862 quae
2008 3807 2100 3862 sy-

513 3891 788 3944 uodalitcr
811 3902 931 3946 acta
961 3901 1015 3946 et
1043 3893 1396 3961 pronuntiata
1451 3899 1578 3945 sunt
1651 3886 2097 3950 decernentibus,

517 3982 652 4034 dixit
682 3981 969 4044 Aurelius;
999 3983 1140 4050 quod
1167 3980 1501 4046 exemplaria
1530 3994 1718 4034 eorum
1747 3994 1866 4047 quae
1897 3976 2099 4031 Nicaea:

516 4091 528 4122 ι
547 4074 806 4126 onstitnta
823 4084 950 4126 sunt
974 4088 1002 4124 a
1022 4073 1275 4126 Patribus
1291 4071 1452 4140 515
1479 4071 1753 4124 Africanis
1771 4072 1874 4124 huc
1896 4070 2095 4132 delata,

517 4167 596 4217 sic
625 4178 682 4216 se
710 4164 913 4216 babert
945 4173 1003 4216 ut
1040 4164 1178 4218 lecta
1200 4175 1348 4228 sunt,
1395 4173 1448 4216 et
1475 4163 1560 4216 bis
1587 4170 1985 4229 consequenter
2015 4163 2100 4232 agi

513 4267 571 4308 et
625 4256 851 4309 tlccerni
891 4259 1108 4316 debent.
1136 4273 1254 4326 qua:
1286 4257 1352 4312 iis
1375 4267 1744 4324 congruenter
1769 4256 1856 4310 edi
1882 4263 2097 4324 oportet

512 4357 570 4400 et
601 4345 936 4409 cculirmari,
964 4348 1290 4412 utdeinceps
1311 4361 1526 4415 quoque
1552 4356 1878 4402 serventur:

2189 2154 2592 2225 ἀναθεματίςει
2653 2155 2687 2222 ἠ
2747 2149 3022 2221 καθολικὴ
3078 2148 3173 2200 καὶ
3239 2139 3576 2212 ἀποστολικὴ
3657 2137 3784 2191 Ἐκ·-

2187 2245 2407 2315 κλησία.
2437 2263 2456 2296 ι

2269 2340 2501 2411 Ὁμοίως
2516 2338 2571 2392 δὲ
2586 2337 2677 2390 καὶ
2691 2338 2741 2390 oi
2757 2337 2870 2405 ὅροι
2887 2336 2985 2400 τῆς
2998 2336 3054 2387 ὲν
3072 2331 3278 2402 Νικαίᾳ
3297 2329 3513 2383 συνόδου
3532 2329 3590 2380 ὲν
3612 2325 3786 2384 εἴκοσι

2186 2433 2503 2502 κεφαλαίοις
2531 2429 2951 2498 ἀνεγνώσθησαν
2972 2442 2986 2457 ο
3009 2423 3279 2478 ἔπειτατά
3308 2424 3365 2474 έν
3395 2423 3514 2481 ταῖς
3548 2417 3785 2480 συνόδοις

2186 2528 2288 2593 τῆς
2325 2522 2597 2595 Ἀφρικῆς
2645 2519 3078 2590 νομοθετηθέντα
3115 2518 3227 2580 τοῖς
3280 2515 3515 2586 παροῦσι
3571 2528 3786 2583 πεπρα-

2187 2619 2412 2691 γμένοις
2445 2615 2764 2686 ἑντιθέμενα
2796 2613 3192 2681 γινώσκονται.

2809 2701 3049 2756 ΚΑΝΩΝ
3076 2701 3156 2754 Δ’.

2194 2822 2214 2857 ι
2260 2803 2424 2856 ’Ὥστε
2448 2800 2516 2855 τὰ
2543 2801 2601 2852 ὲν
2628 2800 2694 2868 τῇ
2747 2795 3002 2850 Νικαέων
3042 2791 3248 2860 συνόδῳ
3299 2787 3584 2860 ὁρισθέντα
3614 2785 3782 2839 παντὶ

2560 2892 2744 2962 τρόπῳ
2768 2885 3348 2957 παραφυλαχθήσεται.
3388 2898 3412 2935 ι

2594 2981 2896 3051 Αὐρήλιος
2926 2978 3267 3040 ἐπίσκοπος
3293 2971 3426 3028 εἶπε

2285 3094 2304 3129 t
2345 3074 2534 3129 Ταῦτα
2559 3072 2736 3133 οὓτως
2771 3070 2900 3140 παρ’
2931 3069 3067 3136 ἡμῖν
3125 3066 3340 3134 ἔχονται
3409 3062 3477 3116 τά
3509 3061 3603 3114 ἴσα
3669 3060 3779 3114 τῶν

2209 3189 2228 3224 ι
2263 3169 2616 3242 όρισθέντων,
2644 3166 2790 3236 ἅπερ
2812 3165 2931 3216 τότε
2957 3164 3003 3215 οἱ
3037 3159 3286 3229 Πατέρες
3314 3157 3471 3228 ἡμῶν
3512 3161 3576 3210 ἐκ
3598 3158 3697 3224 τῆς
3731 3157 3792 3208 ἐν

2209 3284 2228 3319 ι
2265 3263 2474 3334 Νικαίᾳ
2525 3260 2747 3314 συνόδου
2804 3256 2924 3326 μεθ’
2947 3254 3160 3308 ἑαυτῶν
3234 3253 3570 3320 κατήγαγον,
3597 3244 3666 3320 ἧς
3699 3249 3796 3302 τὸν

2208 3375 2228 3410 ‹
2265 3356 2438 3410 τύπον
2463 3353 2804 3420 φυλάττοντα
2825 3347 2894 3401 τά
2933 3345 3180 3414 ἑπόμενα
3217 3342 3617 3413 καὶόρισθέντα
3650 3342 3791 3410 παρ’

2212 3467 2232 3500 ι
2269 3445 2449 3515 ἡμῶν,
2483 3440 2865 3512 βεϐαιωθέντα
2895 3434 3261 3505 φυλαχθῶσιν.
3297 3453 3316 3485 ι

2275 3534 2472 3588 ΒΑΛΣ.
2522 3527 2990 3598 Ἀναγνωσθέντος
3052 3525 3146 3578 τοῦ
3272 3524 3429 3591 ἁγίου
3494 3521 3794 3590 συμϐόλου,

2203 3626 2388 3685 καθὼς
2418 3629 2476 3679 ὲν
2507 3627 2572 3694 τῇ
2596 3610 2796 3694 πρώτῖῃ
2823 3619 3028 3690 συνόδῳ
3062 3617 3349 3684 συνετέθη,
3403 3614 3666 3672 ὡσαύτως
3697 3616 3794 3666 καὶ

2209 3719 2318 3772 τῶν
2342 3715 2390 3771 κ’
2428 3715 2675 3769 κανόνων
2716 3713 2817 3782 τῆς
2852 3710 3026 3778 αὐτῆς
3087 3709 3333 3774 συνόδου,
3405 3709 3540 3777 πρὶς
3593 3706 3650 3758 δὲ
3699 3706 3796 3758 καὶ

2203 3808 2316 3866 τῶὔ
2345 3812 2401 3863 έν
2440 3811 2506 3879 τῇ
2552 3807 2790 3876 Ἀφρικῇ
2829 3802 3330 3874 νομοθετηθέντων,
3357 3802 3451 3852 καὶ
3475 3793 3791 3865 διοριζομέ-

2203 3921 2311 3958 νων
2337 3901 2722 3970 ἀπαράτρωτα
2787 3896 3161 3966 φυλάττεσθαι
3212 3892 3281 3944 τὰ
3349 3892 3493 3943 κατά
3551 3890 3796 3942 Νίκαιαν

2206 3995 2504 4056 συνοδικῶς
2569 3989 2892 4060 πραχθέντα
2962 3989 3057 4041 καὶ
3134 3982 3540 4052 ἀποφανθέντα,
3574 3976 3728 4032 εἶπεν
3769 3980 3798 4032 ό

2202 4085 2474 4154 Αὐρήλιος
2511 4083 2592 4143 ὅτι
2623 4083 2691 4151 ¹τᾶι
2725 4080 2878 4150 παρὰ
2906 4079 3016 4132 τῶν
3053 4075 3319 4148 Πατέρων
3358 4074 3458 4143 τῆς
3525 4074 3799 4142 Ἀφρικῆς

2208 4174 2691 4248 μετακομισθέντα
2717 4171 2824 4225 ἀπὸ
2845 4168 3084 4233 Νικαίας
3117 4169 3211 4221 ῑσα
3237 4167 3346 4219 τῶν
3373 4166 3497 4218 τότε
3527 4163 3794 4234 ὁροθετηο

2207 4268 2433 4328 θέντων,
2486 4265 2663 4326 οὓτως
2723 4262 2939 4333 ἔχουσιν
3005 4261 3082 4322 ὡς
3154 4257 3627 4326 ἀνεγνώσθησαν·
3703 4257 3800 4308 καὶ

2202 4359 2480 4429 ὀφείλουσι
2514 4357 2658 4410 κατά
2694 4355 2796 4426 τὴν
2819 4352 3029 4407 τούτων
3086 4349 3412 4405 ἀκολουθίαν
3449 4347 3799 4419 πραχθῆναι-

422 4507 424 4509 γ
519 4441 617 4493 καὶ
673 4438 959 4509 ὁρισθῆναι
1013 4441 1083 4494 τά
1149 4441 1436 4510 ἑπομένως
1485 4441 1789 4515 λαληθῆναι
1816 4445 2105 4515 ὀφείλοντα
2152 4454 2248 4506 καὶ
2321 4450 2717 4520 βεϐαιωθῆναι,
2781 4447 2868 4514 ἐφ’
2937 4439 2982 4513 ᾧ
3045 4442 3415 4513 φυλάττεσθαι
3469 4443 3562 4494 καὶ
3615 4443 3696 4503 εἰς
3736 4436 3799 4492 τδ

517 4531 666 4600 ἑξῆς.

594 4627 847 4682 ΖΟΝΑΗ.
879 4625 1033 4693 Quod
1072 4641 1200 4680 vero
1234 4627 1306 4682 ait
1347 4627 1617 4694 Aurelius,
1648 4629 1915 4696 ejusmodi
1963 4645 2086 4690 est:

2284 4635 2538 4690 ΖΩΝΔΡ.
2572 4633 2638 4684 ’0
2669 4629 2725 4683 δὲ
2775 4628 2923 4696 λέγει
2954 4628 2982 4680 ό
3029 4626 3318 4698 Αὐρήλιος,
3356 4623 3597 4677 τοιοῦτόν
3627 4625 3798 4680 ἐστιν.

521 4721 663 4774 Sunt
713 4719 853 4788 apud
921 4734 1046 4782 nos,
1107 4719 1308 4787 inquit,
1357 4720 1692 4787 exemplaria
1747 4737 1937 4776 eorum
1983 4740 2091 4794 qua

2205 4731 2288 4783 ὅτι
2321 4727 2357 4782 ἃ
2407 4725 2541 4794 παρ’
2569 4721 2730 4792 ἡμῶν
2759 4721 2898 4774 εἰσιν
2934 4720 3028 4772 ἴσα
3049 4718 3156 4771 τῶν
3189 4718 3285 4771 νῦν
3311 4715 3799 4784 ἀναγνωσθέντων,

523 4827 670 4866 nunc
697 4811 836 4864 lecta
869 4820 1016 4872 sunt,
1050 4824 1170 4878 qua:
1215 4808 1407 4864 Patres
1449 4811 1642 4876 nostri,
1696 4813 1795 4866 boc
1839 4823 1942 4878 est,
1993 4815 2091 4884 epit

2204 4821 2242 4876 ἀ
2272 4821 2320 4872 οἱ
2349 4817 2597 4885 Πατέρες
2620 4815 2799 4884 ἡμῶν,
2829 4813 3001 4884 ἠγουν
3030 4812 3081 4864 oi.
3115 4810 3223 4880 πρὸ
3276 4807 3438 4879 ήμῶν
3477 4807 3799 4871 ἐπίσκοποι,

516 4902 672 4969 scopi
706 4903 800 4968 qui
833 4911 959 4955 ante
991 4918 1090 4956 nos
1136 4901 1378 4968 fuerunt,
1422 4916 1548 4959 tunc
1589 4920 1711 4958 cum
1747 4905 1964 4961 Nicaana
2017 4923 2091 4978 ες·

2208 4911 2416 4980 ἤγαγον
2440 4906 2582 4969 τότε,
2616 4905 2706 4958 ὅτε
2741 4905 2774 4972 ἡ
2810 4905 2868 4958 ὲν
2904 4901 3114 4972 Νικαίᾳ
3153 4899 3515 4970 συνήθροιστο
3552 4894 3792 4958 σύνοδοςο

521 4994 702 5047 nodus
731 5004 1060 5061 congregata
1086 5007 1196 5058 est,
1249 4995 1575 5051 attulerunt.
1625 4998 1793 5051 Erant
1840 4999 2091 5068 siquiden

2210 5001 2350 5074 ἦσαν
2371 4999 2480 5069 γὰρ
2512 5003 2570 5051 ὲν
2598 5000 2668 5069 τῇ
2712 4996 2916 5067 συνόδῳ
2971 4995 3181 5066 ἐκείνῃ,
3235 4993 3312 5056 ὡς
3377 4991 3546 5053 ἔοικε,
3584 4987 3682 5042 καὶ
3735 4984 3800 5052 ἐξ

529 5085 581 5138 in
619 5083 708 5138 illa
740 5085 972 5153 synodo,
1007 5093 1066 5137 ut
1117 5088 1399 5152 probabile
1434 5098 1537 5153 est,
1591 5089 1835 5144 Africani
1890 5105 2091 5158 quoqut

2226 5092 2495 5161 Ἀφρικῆς
2530 5090 2823 5143 ἐπίσκοποι
2862 5104 2876 5118 ’
2909 5087 2958 5140 ει
3018 5085 3192 5148 οὐτως
3247 5085 3485 5152 ἔχουσιν,
3553 5082 3626 5144 ὡς
3675 5082 3802 5133 ἀνι-

529 5176 806 5245 cpiscopi.
839 5175 895 5229 Si
929 5177 1010 5232 sic
1037 5193 1098 5234 se
1124 5179 1346 5242 habent,
1381 5180 1659 5244 videlicet,
1697 5192 1755 5234 ut
1793 5182 1931 5235 lecta
1987 5195 2087 5236 sun

2217 5182 2544 5252 γνώσθησαν
2577 5177 2787 5249 δηλαδὴ
2835 5176 2941 5247 (ἔτι
2970 5176 3079 5244 γὰρ
3105 5172 3463 5242 ἀμφέϐαλλον
3508 5170 3638 5240 περὶ
3701 5169 3802 5222 αὐδ

526 5268 737 5336 (ndbuc
791 5269 934 5321 enim
983 5269 1051 5324 de
1096 5270 1163 5323 iis
1211 5271 1531 5325 dubitabant
1570 5289 1585 5337 ;
1642 5288 1706 5326 ac
1741 5283 2029 5342 propterea
2084 5289 2091 5326 :

2219 5273 2354 5335 τῶν,
2383 5273 2462 5324 διὸ
2493 5272 2585 5325 καὶ
2609 5269 2800 5341 ὴξὶουν
2831 5269 2958 5330 τοὺς
2986 5265 3356 5337 πατριάρχας,
3413 5265 3490 5327 ὡς
3555 5263 3797 5331 εῐρηται,

531 5361 867 5428 patriarcbis
909 5361 1345 5430 postulaverunt,
1399 5365 1855 5431 qtteiuadmodum
1910 5367 2091 5419 dictun

2224 5365 2430 5418 στεῖλαι
2494 5363 2720 5424 ναύτοῑς
2821 5361 2892 5413 τὰ
3004 5360 3096 5412 ίσα
3201 5357 3570 5428 βεϐαιωθέντα
3667 5353 3797 5424 παρ’

531 5466 637 5519 est,
674 5465 732 5508 ut
763 5456 830 5508 ad
856 5469 952 5509 eos
985 5455 1322 5523 exeuqllaria
1355 5456 1422 5510 ab
1457 5457 1590 5525 ipsis
1622 5460 1944 5512 conﬁrmata
1986 5458 2091 5512 mit

2220 5458 2444 5525 αὐτῶν)·
2485 5457 2580 5509 ἐὰν
2613 5455 2708 5507 xei.
2740 5453 2810 5506 τά
2843 5451 2974 5522 παρ’
2994 5451 3152 5524 ἡμῶν
3179 5449 3474 5522 ὁρισθέντα
3504 5447 3597 5503 τὸν
3625 5445 3798 5501 τύπον

535 5545 759 5606 terant.)
794 5548 839 5602 si
867 5562 928 5600 ea
956 5562 1200 5617 quoque,
1241 5563 1361 5614 quae
1390 5565 1418 5601 a
1455 5549 1610 5603 nobis
1639 5551 1933 5604 constituta
1965 5559 2086 5604 sunt

2224 5552 2434 5605 ἐκεῖνον
2480 5547 2815 5617 φυλάττωσι,
2865 5546 2961 5598 καὶ
3014 5544 3247 5609 ἐκείνοις
3293 5544 3555 5611 ἕπωνται,
3632 5536 3802 5608 φυλα-

535 5652 719 5708 typum
755 5640 969 5694 illorum
1007 5648 1248 5704 servent,
1284 5649 1484 5696 etcum
1515 5641 1619 5697 illis
1645 5651 1964 5712 congruant,
1996 5653 2091 5696 rat:

2221 5644 2514 5715 χθήσονεαι
2553 5638 2768 5709 βέϐαια.

536 5731 1030 5784 conservabuntur.
