4034 6444
481 394 542 459 31
1753 386 2029 448 Tl—IEOD.
2074 377 2482 441 BALSAMON
3668 355 3740 418 32

978 504 1141 577 διε
1177 503 1408 560 canon
1449 503 1538 559 ιιι.

668 599 742 654 De
772 600 1091 652 continentia
1119 598 1362 652 Aurelius
1391 599 1661 665 episcopus
1696 594 1831 648 dixit
1860 608 1877 643 :

493 711 513 745 ‹
552 692 684 747 Cum
718 692 768 745 in
801 691 982 761 priore
1009 689 1217 760 synodo
1247 691 1314 745 de
1342 689 1691 744 continentize
1715 695 1769 742 et
1796 685 2061 740 castitatis

572 800 592 833 ι
636 783 795 836 modo
829 783 1194 852 quaerebatur,
1239 781 1465 850 placuit.
1513 791 1570 833 ut
1603 780 1657 834 lii
1696 789 1806 834 tres
1839 778 2062 847 gradus,

571 893 589 926 ι
630 875 722 943 qui
777 873 992 928 vinculo
1031 876 1262 942 quodam
1315 873 1586 928 castitatis
1631 887 1727 941 per
1775 884 2066 925 consecra-

571 985 590 1017 ι
631 967 831 1019 tionem
893 965 1153 1034 implicati
1221 974 1346 1019 sunt
1421 963 1738 1034 (episcopi,
1805 964 2066 1031 inquam,

573 1077 592 1108 ι
630 1059 928 1128 presbyteri
974 1067 1027 1110 et
1059 1058 1322 1123 diaconi),
1362 1066 1418 1112 ut
1441 1067 1658 1112 sanctos
1701 1057 1984 1127 episcopos
2016 1065 2071 1111 et

574 1168 593 1201 ι
632 1151 942 1204 sacerdotes
979 1149 1068 1205 Dei
1113 1160 1168 1205 et
1199 1150 1391 1205 levitas
1434 1159 1489 1204 et
1536 1149 1734 1204 divinis
1787 1149 2071 1203 sacriﬁciis

574 1261 594 1294 ι
633 1242 1002 1297 ministrantes
1054 1244 1247 1309 decet,
1320 1244 1374 1298 in
1433 1245 1683 1297 omnibus
1735 1244 2074 1297 continentes

575 1352 597 1388 ι
636 1335 777 1400 sint;
810 1351 918 1404 quo
954 1337 1162 1405 possint
1189 1336 1334 1405 quod
1353 1353 1381 1390 a
1409 1336 1519 1390 Deo
1543 1337 1864 1404 simpliciter
1889 1346 2076 1406 petunt

528 1490 534 1493 _
576 1444 594 1475 ι
633 1425 926 1490 impetrare
958 1443 972 1480 :
1011 1435 1066 1478 ut
1100 1434 1153 1480 et
1194 1424 1337 1492 quod
1371 1439 1466 1493 per
1495 1425 1774 1493 apostolos
1812 1425 2072 1478 traditum

529 1579 534 1584 '
578 1533 597 1566 ι
637 1525 694 1566 et
724 1515 930 1583 abipsa
962 1517 1286 1584 antiquitate
1313 1525 1587 1572 servatura
1615 1526 1718 1583 est,
1743 1531 1842 1570 nos
1863 1529 2078 1585 quoque

579 1625 598 1657 ι
638 1605 889 1661 similiter
919 1621 1224 1664 servemus.
1261 1626 1279 1659 ι

571 1785 768 1840 BALS.
809 1785 903 1841 Hic
938 1801 1112 1842 canon
1142 1787 1258 1842 vult
1278 1802 1491 1843 omnem
1521 1801 1780 1844 exercere
1803 1788 2076 1854 virtutem,

499 1881 591 1948 qui
621 1887 807 1933 sancta
842 1879 1097 1950 mysteria
1131 1887 1496 1944 contrectant,
1532 1884 1818 1950 episcopos
1848 1881 2078 1947 scilicet,

504 1965 822 2034 sacerdotes
850 1979 904 2024 et
953 1970 1212 2025 diaconos
1246 1988 1261 2026 :
1300 1979 1354 2026 et
1394 1985 1515 2026 esse
1561 1972 1927 2037 continentes,
1973 1988 2081 2027 non

503 2078 598 2131 per
646 2061 817 2118 solam
865 2064 1284 2130 temperantiam
1314 2101 1330 2127 ,
1384 2065 1479 2118 sed
1530 2063 1584 2117 in
1633 2063 1784 2118 omni
1837 2064 1982 2119 facto
2029 2076 2084 2119 et.

505 2168 692 2222 opere.
725 2153 816 2208 Sic
863 2153 1033 2220 enim,
1078 2153 1280 2224 inquit,
1327 2169 1358 2208 a
1416 2157 1526 2211 Deo
1574 2157 1936 2211 exaudientur
1988 2171 2085 2225 pro

504 2246 702 2315 populo
757 2253 1059 2314 precantes,
1112 2256 1163 2300 et
1213 2261 1398 2301 revera
1445 2249 1732 2303 ostendent
1765 2264 1823 2303 se
1872 2265 1933 2305 ea
1967 2265 2085 2304 ser-

504 2351 637 2388 vare
662 2351 782 2404 quae
824 2351 854 2390 a
886 2337 1094 2391 sanctis
1132 2337 1394 2405 apostolis
1445 2339 1641 2392 tradita
1697 2349 1849 2404 sunt,
1909 2350 1964 2394 et
2018 2342 2087 2396 ab

509 2429 757 2494 antiqua,
785 2429 984 2485 litteris
1020 2443 1124 2484 non
1174 2429 1396 2495 tradita,
1429 2431 1801 2486 ecclesiastica
1847 2448 2088 2490 consoc-

509 2518 721 2573 tudine.

583 2609 841 2667 ZONAR.
879 2610 956 2667 De
986 2611 1200 2666 illorum
1238 2613 1327 2679 qui
1364 2615 1537 2668 sacris
1569 2613 1767 2670 initiati
1799 2626 1923 2672 sunt
1953 2628 2090 2673 tem-

510 2704 756 2772 perantia
792 2705 1236 2775 continentiaqne
1270 2706 1358 2760 hic
1407 2723 1584 2762 canon
1622 2710 1842 2765 disserit
1881 2711 2087 2778 dicens,

2750 479 2991 536 ΚΛΝΩΝ
3026 475 3098 532 Γ.

2235 583 2369 648 Περὶ
2403 577 2751 649 ἐγκρατείας
2783 571 3082 640 Αὐρήλιος
3107 567 3445 631 ἐπίσκοπος
3480 560 3670 618 εἶπεν-ο

2170 697 2188 730 ι
2213 679 2300 729 Ἐν
2318 679 2384 744 τῇ
2438 669 2785 742 προλαϐούσῃ
2817 664 3018 731 συνόδῳ
3056 662 3128 724 ὡς
3150 659 3278 728 περί
3296 657 3504 728 ῥυθμοῦ
3546 657 3751 724 ἐγκραρ

2245 789 2260 820 ι
2295 769 2442 829 τείας
2478 766 2572 820 καὶ
2628 761 2848 832 ἁγνείας
2897 757 3162 826 ἐζητεῖτο,
3216 748 3594 823 ἤρεσεν,ὥστε
3621 747 3750 810 τοὺς

2246 883 2263 914 ι
2289 864 2436 931 τρεῖς
2455 859 2690 930 βαθμοὺς
2706 850 3076 915 τούτους,τοὺς
3098 847 3380 915 συνδέσμῳ
3397 843 3504 896 τινί¹
3527 842 3752 909 ἁγνείας

2251 975 2268 1006 ι
2305 956 2391 1006 διὰ
2408 954 2508 1020 τῆς
2531 945 2914 1020 καθιερώσεως
2942 936 3468 1011 συμπεπλεγμένους
3500 935 3666 1004 (φημὶ
3684 933 3755 1002 δὴ

2249 1069 2267 1103 ι
2311 1048 2660 1111 ἐπισκόπους,
2711 1040 3120 1114 πρεσϐυτέρους
3176 1039 3272 1090 καὶ
3319 1029 3647 1099 διακόνους),
3679 1030 3756 1091 ὡς

2252 1164 2270 1196 ι
2311 1147 2510 1215 πρέπει
2540 1141 2709 1203 όσίοις
2755 1134 3074 1195 ἐπισκόποις
3128 1130 3224 1184 καὶ
3253 1126 3458 1197 ἱερεῦσι
3491 1123 3628 1215 Θεοῦ
3662 1121 3758 1175 καὶ

2253 1258 2271 1292 ‹
2311 1238 2563 1296 Λευΐταις
2615 1232 2712 1286 καί.
2743 1226 3081 1298 ὑπουργοῦσι
3110 1223 3278 1284 θείοις
3309 1214 3746 1287 καθιερώμασιν,

2253 1347 2270 1381 ι
2309 1327 2595 1399 ἐγκρατεῖς
2617 1322 2755 1376 εἶναι
2776 1323 2833 1374 ἐν
2858 1320 3048 1372 πᾶσιν⁶
3065 1316 3213 1377 ὅπως
3233 1308 3538 1399 δυνηθῶσιν
3553 1305 3581 1358 δ
3602 1302 3759 1399 παρα

2255 1441 2273 1473 ι
2311 1392 2575 1475 τοῦΘεοῦ
2605 1413 2790 1476 ἁπλῶς
2824 1409 3067 1464 αἰτοῦσιν
3129 1403 3406 1471 ἐπιτυχεῖν
3439 1415 3454 1430 ο
3484 1397 3572 1452 ἴνα
3590 1395 3684 1449 καὶ
3700 1392 3764 1445 τὸ

2258 1535 2276 1568 ι
2308 1515 2397 1569 διὰ
2425 1513 2534 1567 τῶν
2551 1507 2867 1564 ἀποστόλων
2901 1497 3226 1566 παραδοθὲν,
3251 1494 3349 1550 καὶ
3381 1491 3441 1556 ἐξ
3469 1488 3639 1555 αὐτῆς
3665 1486 3765 1555 τῆς

2261 1629 2280 1662 ι
2319 1605 2679 1677 ἀρχαιότητος
2763 1593 3061 1658 κρατηθὲν,
3150 1589 3249 1645 καὶ
3324 1585 3486 1658 ἠμεῖς
3545 1580 3749 1654 ὁμοίως

2264 1719 2282 1752 ι
2330 1696 2677 1766 φυλάξωμεν.
2723 1709 2742 1742 ι

2260 1763 2456 1844 ΒΛἾΛΣ.
2500 1763 2567 1839 ’οῨ
2591 1782 2776 1838 κανὼν
2815 1771 2972 1841 οὗτος
3009 1776 3193 1844 πάσης
3255 1768 3496 1844 ἐργάτας
3562 1763 3769 1833 ἀρετῆς

2185 1879 2326 1938 εἶναι
2348 1879 2492 1933 θέλει
2513 1877 2640 1938 τοὺς
2665 1873 2735 1927 τὰ
2785 1872 2920 1941 άγια
2984 1866 3265 1938 μυστήρια
3321 1854 3774 1932 μεταχειριζομέ-

2183 1981 2331 2040 νους,
2366 1973 2538 2040 ἧγουν
2564 1966 2906 2026 ἐπισκόπους
2925 2001 2941 2027 ,
2969 1960 3146 2030 ίερεῖς
3192 1955 3288 2010 καὶ
3312 1952 3636 2040 διακόνους,
3677 1945 3775 2040 καί.

2185 2037 2479 2136 ἐγκρατεῖς
2507 2057 2651 2114 εἶναι
2679 2057 2754 2128 μὴ
2784 2055 2873 2110 διὰ
2899 2053 3071 2124 μόνης
3105 2044 3490 2136 σωφροσύνης,
3517 2039 3654 2095 ἀλλὰ
3680 2037 3776 2136 καὶ

2183 2131 2274 2212 διὰ
2296 2131 2507 2216 ’παντὸς
2541 2153 2709 2223 ἔργου
2731 2149 2827 2202 καὶ
2849 2145 3203 2216 πράγματος.
3239 2138 3395 2194 Οῦτω
3423 2135 3553 2205 γὰρ,
3584 2131 3774 2223 φησὶν,

2187 2221 2720 2313 εἰσακουσθήσονται
2739 2237 2894 2309 παρὰ
2915 2233 3014 2289 τοῦ
3034 2231 3173 2287 Θεοῦ
3204 2229 3493 2300 εὐχόμενοι
3519 2225 3660 2294 ὑπὲρ
3677 2221 3774 2275 τοῦ

2187 2338 2344 2402 λαοῦ,
2364 2337 2459 2389 καὶ
2478 2332 2966 2404 πληροφορήσουσι
2983 2325 3277 2395 φυλάττειν
3299 2321 3366 2375 τὰ
3395 2314 3780 2388 παραδοθέντα

2191 2430 2298 2485 ὑπὸ
2335 2427 2446 2481 τῶν
2473 2426 2648 2494 ἁγίων
2708 2421 3053 2482 ἀποστόλων,
3100 2417 3195 2469 καὶ
3234 2415 3340 2466 ὑπὸ
3388 2412 3491 2480 τῆς
3541 2407 3780 2477 ἀρχαίας

2189 2523 2445 2592 ἀγράφου
2499 2512 2979 2584 ἐκκλησιαστικῆς
3003 2506 3351 2567 ἀκολουθίας.

2263 2612 2652 2681 ΖΩΝΑΡ.Περὶ
2671 2606 3025 2679 σωφροσύνης
3043 2603 3136 2656 καὶ
3151 2596 3478 2670 ἐγκρατείας
3493 2595 3601 2647 τῶν
3622 2593 3787 2662 ίερω-

2205 2712 2382 2784 μένων
2409 2709 2438 2761 ό
2467 2703 2647 2760 κανὼν
2667 2699 2728 2756 οὗ
2739 2719 2827 2763 τος
2849 2696 3238 2765 διαλαμϐάνει,
3262 2692 3436 2760 λέγων
3471 2689 3612 2784 τοῦς
3628 2687 3784 2784 τρεξς

510 2804 624 2850 tres
652 2796 896 2861 ordines,
923 2798 1012 2864 qui
1045 2812 1168 2854 sese
1196 2813 1294 2853 sua
1331 2799 1431 2866 ipsi
1465 2799 1802 2867 professione
1850 2804 2090 2858 castitati

2211 2779 2442 2872 laﬁpobc
2484 2799 2612 2861 τοὺς
2646 2793 3065 2866 συμπλέξαντας
3106 2788 3363 2849 ἑαυτοὺς,
3401 2783 3496 2838 καὶ
3539 2782 3637 2875 διὰΔ
3676 2779 3782 2848 τῆς

511 2886 792 2951 addixere,
834 2888 1118 2956 episcopos
1149 2889 1425 2954 videlicet,
1457 2891 1824 2960 presbyteros,
1873 2902 1927 2949 et
1962 2895 2095 2950 levi-

2211 2893 2486 2962 ὄμολογίας
2523 2887 2880 2949 συνδεθέντας
2896 2886 2962 2955 τῇ
2997 2882 3213 2953 ἁγνείᾳ,
3244 2879 3414 2950 ἡγουν
3444 2872 3785 2932 ἐπισκόπους

513 2988 620 3044 tas,
653 2981 756 3034 hoc
783 2991 865 3035 est
893 2983 1176 3046 diaconos,
1210 2981 1576 3038 oblationibus
1603 2983 1713 3040 Deo
1735 2986 1952 3052 dicatis,
1981 2989 2094 3044 sive

2211 2989 2293 3048 ιαὶ
2321 2982 2756 3058 πρεσϐυτέρους,
2779 2980 2876 3034 καὶ
2907 2977 3162 3038 Λευῖτας,
3184 2971 3440 3026 τουτέστι
3468 2965 3784 3058 διακόνους,

513 3073 800 3127 incruento
833 3073 1125 3137 sacriﬁcio,
1149 3077 1292 3144 quod
1314 3075 1532 3130 Nnmini
1567 3078 1813 3147 religiose
1844 3081 2091 3147 oﬁ'ertur,

2211 3085 2326 3147 τοὺς
2358 3056 2776 3153 δπουργοῦντας
2795 3075 2910 3136 τοῖς
2946 3071 3111 3132 θείοις
3179 3061 3618 3153 καθιερώμασιν,
3661 3056 3788 3153 licet

515 3162 899 3218 ministrantes
971 3165 1362 3220 continentiam
1437 3165 1492 3220 in
1561 3169 1813 3223 omnibus
1875 3185 2096 3226 servare

2211 3177 2265 3246 τῇ
2295 3148 2624 3243 ἀναιμάκτῳ
2661 3166 2825 3236 θυσία
2854 3167 2920 3234 τῇ
2955 3157 3363 3229 καθιερωμένη
3392 3153 3469 3222 τῷ
3499 3149 3642 3246 Θειῖ),
3673 3148 3792 3246 δεῖν

515 3262 788 3323 oportere.
819 3256 1007 3326 Neque
1034 3257 1082 3310 in
1117 3272 1224 3310 una
1249 3256 1464 3326 quidem
1494 3257 1671 3326 aliqua
1699 3276 1758 3315 re
1787 3265 2096 3319 moderatos

2211 3242 2532 3338 ἐγκράτειαν
2561 3265 2620 3316 ἐν
2645 3261 2814 3314 πᾶσιν
2846 3257 3060 3318 ἀσκεῖν,
3087 3251 3184 3305 καὶ
3236 3248 3358 3318 οὐχὶ
3415 3246 3474 3298 ἐν
3528 3243 3608 3338 τῷ

410 3367 416 3380 ι
515 3362 661 3412 esse,
698 3347 901 3402 nullum
938 3362 1068 3402 vero
1097 3348 1340 3403 vicissim
1376 3349 1427 3402 in
1463 3350 1667 3418 reliqua
1720 3353 1844 3408 vitae
1889 3355 2099 3408 ratione

2211 3333 2493 3430 ἐγκρατεῖς
2523 3351 2685 3415 εῖναι,
2721 3353 2779 3405 ἐν
2801 3349 2879 3419 τῷ
2910 3347 2966 3400 δὲ
2991 3345 3146 3408 αὖθις
3177 3342 3489 3412 ἀδιαφόρως
3521 3337 3641 3408 ζῇν,
3658 3333 3793 3430 αλλ’

521 3439 791 3496 delectum
824 3440 1103 3506 adbibere,
1136 3442 1230 3494 sed
1282 3441 1700 3508 temperantiam
1739 3443 1794 3497 in
1845 3447 2100 3503 onmibus

2307 3427 2485 3502 πᾶσιν
2551 3444 2884 3515 ἐγκράτειαν
2957 3437 3223 3508 μετιέναι,
3277 3431 3550 3493 τουτέστι,
3601 3427 3790 3479 πᾶσαν

518 3531 741 3596 sectari,
779 3531 880 3585 hoc
915 3541 1018 3598 est,
1067 3547 1260 3587 omnes
1305 3546 1558 3587 numeros
1588 3533 1805 3589 virtutis
1853 3535 2098 3606 implere,

519 3633 581 3676 ut
615 3635 736 3687 quae
766 3635 794 3673 a
827 3619 937 3674 Deo
967 3620 1310 3687 simpliciter,
1350 3621 1453 3675 hoc
1493 3631 1575 3674 est
1621 3621 1742 3676 sine
1778 3621 1882 3675 ulla
1930 3623 2102 3691 trepi-

520 3713 762 3776 datione,
798 3722 891 3766 aut
919 3713 1266 3768 haesitatione
1312 3715 1616 3782 postulant,
1670 3724 2098 3785 consequantur.

525 3803 664 3858 Sunt
694 3803 744 3858 hi
771 3819 1006 3873 namque
1036 3803 1180 3858 inter
1218 3806 1384 3860 Deum
1445 3817 1498 3861 et
1534 3809 1788 3864 homines
1835 3807 2102 3862 interces-

527 3911 696 3961 sores,
734 3897 823 3964 qui
863 3895 1075 3952 Numen
1119 3899 1330 3952 caeteris
1382 3899 1696 3956 hominibus
1751 3901 2106 3957 conciliantes

527 3991 773 4046 ﬁdelibus
801 3990 1053 4058 salutem,
1076 3991 1439 4062 universoque
1466 4004 1735 4048 terrarum
1763 3995 1882 4049 orbi
1918 4011 2104 4065 pacem

525 4083 844 4150 deposcunt.
878 4081 936 4136 Si
995 4097 1055 4136 se
1086 4082 1249 4151 igitur
1302 4083 1356 4137 in
1396 4083 1541 4136 omni
1583 4083 1840 4136 virtutum
1886 4099 2108 4153 genere,

527 4176 726 4244 inquit,
765 4181 1082 4237 exerceant,
1119 4173 1396 4243 Deumque
1431 4174 1658 4240 proinde
1710 4174 1941 4229 ﬁdenter
1973 4177 2113 4231 alloo

526 4275 786 4336 quantur,
847 4265 920 4319 ita
985 4278 1208 4334 prorsus
1261 4264 1330 4319 ab
1384 4279 1451 4319 eo
1505 4280 1627 4334 quae
1691 4267 2109 4333 postulaverint,

531 4358 903 4427 impetrabunt
929 4374 942 4412 :
976 4366 1032 4412 at
1059 4356 1104 4411 si
1134 4355 1303 4410 libere
1332 4355 1582 4424 loquendi
1610 4355 1863 4412 facultate
1893 4359 2114 4429 ipsimet

530 4450 923 4515 destituantur,
959 4463 1067 4519 quo
1102 4458 1260 4517 pacto
1307 4447 1675 4516 deprecatoris
1719 4464 1913 4505 munus
1959 4449 2112 4506 obire

2204 3538 2534 3613 ἐργάξεσθαι
2576 3535 2802 3608 ἀρετὴν,
2837 3535 3008 3597 ὅπως,
3059 3530 3214 3600 φησὶ,
3267 3523 3571 3594 δυνηθῶσιν
3597 3522 3791 3613 ἐπιτυ-

2205 3611 2343 3705 χεῖν,
2369 3632 2405 3688 ἃ
2432 3629 2621 3692 ἁπλῶς
2661 3626 2876 3681 αἰτοῦσι
2914 3623 3064 3695 παρὰ
3091 3619 3252 3686 Θεοῦ,
3319 3619 3490 3688 ἤγουν
3566 3611 3796 3667 ἅδιστά-

2209 3742 2355 3789 κτως
2391 3725 2487 3777 καὶ⁴
2523 3722 2596 3792 μὴ
2631 3717 3059 3790 διακρινόμενοι.
3089 3711 3252 3770 Οὗτοι
3283 3712 3394 3780 γάρ
3434 3711 3540 3762 εἰσι
3573 3708 3798 3777 μεσῖται

2207 3817 2343 3871 Θεοῦ
2367 3816 2460 3869 καὶ⁸
2473 3814 2571 3868 ἀνθ
2580 3813 2802 3884 ρώπων,
2819 3808 3028 3877 ἐξιλεού
3039 3824 3191 3879 μενοι
3215 3807 3276 3859 τὸ
3304 3805 3464 3857 Θεῖον
3485 3803 3597 3862 τοῖς
3611 3798 3800 3860 ἄλλοις

2212 3910 2309 3964 καὶ
2341 3906 2622 3979 σωτηρίαν
2652 3904 2975 3972 αἰτούμενοι
3004 3903 3118 3964 τοίς
3147 3899 3364 3959 πιστοῖς
3424 3893 3522 3948 καὶ
3569 3891 3802 3961 εἰρήνην

2210 4004 2289 4071 τῷ
2318 4001 2531 4070 κόσμῳ.
2571 3999 2633 4052 Εἰ
2675 3997 2767 4050 οῦν
2799 3997 3006 4057 πᾶσαν,
3040 3993 3199 4062 φησι,
3261 3989 3624 4060 μετέρχονται
3669 3983 3804 4052 ἀρε-

2211 4091 2333 4162 τὴν,
2367 4091 2462 4144 καὶ
2496 4089 2639 4142 οὕτω
2675 4084 3156 4160 παρῤησιάζονται
3188 4080 3327 4151 πρὸς
3373 4079 3532 4140 Θεὸν,
3589 4075 3808 4145 τυγχά-

2213 4198 2358 4237 νοιεν
2379 4180 2562 4236 ἄνκαὶ
2583 4180 2697 4233 τῶν
2739 4179 3015 4247 αἰτήσεων
3047 4192 3057 4206 ³
3087 4173 3182 4238 ὡς,
3256 4173 3374 4239 εἴγε
3436 4169 3512 4239 μὴ
3582 4169 3810 4245 παρῤηο

2217 4276 2338 4329 σίαν
2369 4275 2568 4345 ἔχοιεν,
2604 4271 2725 4335 πῶς
2761 4271 2828 4324 ἂν
2865 4269 3008 4339 ὑπὲρ
3064 4266 3242 4318 ἄλλων
3305 4261 3758 4339 πρεσϐεύσωνται
3787 4275 3804 4324 ;

2216 4366 2372 4421 Οῦτω
2385 4366 2494 4438 γὰρ
2520 4360 3127 4433 καὶᾶπαραδεδὼκασιν
3151 4359 3201 4411 οξ
3231 4355 3541 4417 ἀπόστολοι,
3570 4349 3815 4421 φυλάξο-

2221 4474 2342 4526 μεν,
2377 4457 2474 4510 καὶ
2496 4457 2564 4510 τὰ
2614 4455 2703 4509 διὰ
2733 4455 2835 4525 τῆς
2868 4451 3229 4522 ἀρχαιότητος
3289 4441 3810 4516 κατακρατηθέντα,

531 4556 628 4610 pro
660 4540 783 4595 aliis
817 4541 1060 4610 queant?
1090 4539 1324 4596 Proinde
1380 4541 1483 4596 hac
1537 4542 1768 4608 ratione,
1804 4552 1858 4597 et
1886 4558 2008 4613 quae
2042 4545 2101 4599 ab

2219 4520 2390 4621 ἧγουν
2453 4547 2551 4603 καὶ
2605 4549 2675 4601 τά
2725 4520 3025 4617 ἐγγράιρως
3079 4540 3554 4611 νενομοθετημένα
3607 4535 3703 4588 καὶ
3734 4535 3813 4588 τὰ

531 4635 791 4701 aposwlis
817 4632 1037 4701 tradita,
1073 4643 1126 4688 ct
1159 4649 1279 4703 quae
1312 4635 1517 4702 antiqui
1574 4635 1835 4704 temporis
1876 4651 2110 4692 consue-

535 4717 720 4809 tudine
773 4729 1057 4798 bucusque
1109 4735 1367 4794 usurpata
1429 4735 1595 4794 sunt,
1655 4728 1763 4784 hoc
1816 4737 1933 4794 est,
1996 4738 2109 4784 tum

2217 4643 2484 4713 ἀγράφως
2519 4642 2607 4696 διὰ
2632 4643 2736 4712 τῆς
2779 4639 3002 4712 μακρᾶς
3062 4636 3159 4692 καὶ
3213 4634 3448 4708 ἀρχαίας
3514 4627 3815 4700 συνηθείας

2220 4734 2598 4804 κρατήσαντα.
3683 4713 3712 4741 ⁸

534 4837 597 4876 ea
674 4837 795 4892 quae
851 4822 1070 4892 scriptis
1144 4823 1354 4895 legibus
1386 4865 1401 4892 ,
1462 4830 1576 4877 tum
1648 4835 1712 4876 ea
1767 4837 1886 4890 quae
1952 4821 2068 4878 sine
2115 4827 2345 4896 scriptis
2387 4826 2546 4895 longa
2599 4834 2654 4878 et
2699 4824 2922 4891 antiqua
2977 4814 3376 4874 consuetudine
3434 4810 3816 4886 continentur,

536 4917 898 4972 servabimus.

537 5031 764 5089 ARIST.
795 5053 813 5084 ι
840 5033 1141 5104 EpiscOpus
1172 5043 1226 5087 et
1254 5033 1540 5103 presbyter
1562 5039 1616 5086 et
1643 5031 1909 5084 diaconus
1934 5041 2117 5084 castus

1031 5145 1050 5178 ι
1087 5128 1156 5182 sit
1189 5138 1242 5180 et
1274 5128 1580 5180 continens.
1628 5143 1644 5176 ι

1145 5260 1376 5317 CANON
1421 5261 1512 5316 IV.

544 5401 563 5435 ι
606 5380 810 5445 Placet,
847 5390 902 5434 ut
931 5381 1216 5450 episcopus
1244 5387 1296 5434 ct
1321 5377 1626 5462 presbyter
1663 5386 1716 5430 et
1747 5377 2028 5438 diaconus,
2063 5379 2118 5426 et

2227 5025 2450 5080 ΑΡΙΣΤ.
2487 5042 2504 5075 ι
2543 5021 2900 5084 Ἐπίσκοπος,
2958 5017 3053 5072 καὶ
3107 5012 3507 5085 πρεσϐύτερος,
3568 5010 3663 5062 καὶ
3698 5008 3818 5062 διὰ-

2465 5135 2486 5168 ι
2521 5130 2698 5178 κονος,
2735 5112 2900 5180 ἁγνὸς
2940 5108 3081 5162 ἔστω
3107 5107 3202 5160 καὶ
3238 5105 3567 5176 ἐγκρατής.»

2869 5243 3110 5301 ΚΛΝΩΝ
3140 5247 3212 5296 Δ’.

2236 5388 2254 5419 ι
2305 5365 2556 5436 Ἀρέσκει
2611 5361 2698 5414 ἴνα
2755 5357 3056 5418 ἐπίσκοπος
3109 5354 3300 5426 ("Dicat
3324 5351 3692 5424 πρεσϐύτερος
3718 5354 3816 5408 καὶ

1783 5511 1979 5574 Guill.
2019 5505 2348 5584 Beveregii
2379 5498 2566 5566 ﬁctae.

623 5649 701 5718 (7)
739 5646 1000 5714 Ἀρέσκει
1031 5648 1134 5700 ἵνα
1173 5645 1563 5718 ἐπίσκοπος..
1591 5643 1650 5696 In
1704 5639 2052 5718 Balsamonis
2081 5654 2101 5691 ε

2241 5629 2575 5704 όφειλουσῶν
2611 5625 2916 5718 ἀπέχερῖθαι
2938 5619 3242 5707 γυναικῶνΖ
3263 5613 3562 5679 Φαυστῖνος
3596 5615 3816 5718 ἑπίσκρ.

2387 5703 2427 5718 I1
2507 5699 2519 5718 1
2548 5716 2554 5718 Α
2570 5717 2575 5718 ,
2593 5715 2617 5718 κ.
2659 5698 2714 5718 -2
2740 5715 2753 5718 Α
2840 5693 3130 5718 ---Α.-....ΖΑ
3177 5706 3364 5718 ...ιιι-..ι
3437 5705 3632 5718 ’Λυσι-ν
3651 5703 3747 5718 run-
3795 5702 3816 5718 Α

554 5712 1240 5772 Zonaras—commentariis
1273 5715 1509 5768 antehac
1554 5712 1882 5779 impressis,
1918 5723 2132 5764 necnon

560 5792 614 5842 in
661 5789 854 5844 codice
894 5803 1170 5842 canonum
1218 5784 1478 5840 Ecclesiae
1539 5783 1840 5841 Africanae,
1897 5794 2141 5849 praesens

565 5861 652 5914 hic
681 5875 856 5913 canon
896 5861 998 5913 hoc
1030 5857 1190 5913 modo
1225 5857 1455 5926 Πυθίωνι
1490 5855 1623 5924 Περὶ
1653 5853 1925 5921 διαφόρων
1950 5850 2151 5916 enim

2243 5685 2348 5765 ito;
2387 5699 2622 5754 [ιικένου
2655 5685 2754 5766 τῆξ
2782 5685 3130 5766 Ποτεντηνῇς
3177 5690 3364 5766 χώρας
3390 5730 3411 5766 ,_
3437 5685 3819 5766 τοποῖηρητὴς

2256 5757 2345 5841 τῆξ
2387 5757 2720 5838 Ἐκκλησίαξ
2740 5757 3026 5834 νῬώμηςί
3047 5757 3212 5841 εἴπειέ
3233 5777 3264 5841 χ
3288 5759 3539 5830 Ἀρέσκει
3563 5757 3817 5841 ,ἵναρέπί-

2266 5829 2468 5906 annm;
2505 5829 2598 5894 καὶ
2638 5829 3014 5907 πρεσϐύτερος
3049 5834 3140 5887 καὶ
3187 5829 3453 5896 διάκενος,
3493 5830 3584 5884 xa‘t
3624 5829 3826 5888 πάντες
