4034 6388
463 2913 466 2916 .
561 2871 805 2938 quintam
861 2879 916 2920 et
975 2867 1354 2922 duodecimam
1399 2882 1414 2919 :

543 387 613 447 35
1811 367 2092 429 THEOD.
2145 363 2553 425 BALSAMON
3749 353 3818 416 36

544 505 671 551 sunt
725 491 938 555 initiati,
984 486 1078 544 sed
1114 485 1278 542 etiam
1320 497 1511 539 omnes
1541 479 1723 536 fideles
1768 490 1972 534 sanctae
2005 491 2128 546 par-

2253 493 2394 538 μους,
2439 475 2578 527 ἀλλὰ
2625 474 2829 555 ¹ιξριντας
2873 473 2996 535 τοὺς
3045 469 3270 530 πιστοὺς
3317 469 3460 523 κατὰ
3501 468 3592 521 τὸν
3636 467 3824 538 καιρὸν

546 584 873 652 ticipationis
935 593 1198 648 tempore,
1231 579 1392 630 etiam
1448 575 1518 630 ab
1558 569 1814 642 Apostolo
1864 579 2125 622 statutum

544 689 624 736 est
643 717 660 741 ,
695 663 916 730 dicente
942 694 953 728 :
978 671 1167 725 Probet
1199 670 1417 738 quisque
1443 667 1695 734 seipsum,
1731 673 1779 716 et
1802 664 1879 715 sic
1905 661 1968 712 de
1995 675 2130 728 pane

547 771 692 831 (dat,
725 779 775 822 et
805 784 868 820 ea:
901 767 1064 818 calice
1114 764 1274 816 bibat.
1309 761 1373 814 Et
1411 776 1600 813 rursus
1634 776 1648 812 :
1689 754 1772 809 Ne
1815 754 2128 824 defraudem

548 863 751 930 “ipso:
783 858 1048 925 conjuqes.
1086 855 1191 908 nisi
1221 854 1358 921 [οι-ιε
1406 865 1470 903 ea:
1501 864 1777 911 consensu,
1810 845 2024 916 quando
2063 841 2132 895 ad

548 961 744 1006 sancta?
803 945 1187 1001 communionis
1242 958 1415 1010 preces
1466 941 1710 993 accedere
1760 937 2016 990 uoluerint
2063 934 2130 987 ".

549 1043 736 1104 Porro,
783 1049 837 1094 et
877 1039 1134 1092 Davidem
1191 1045 1246 1090 et
1273 1051 1365 1089 eos
1397 1035 1485 1102 qui
1527 1047 1652 1086 cum
1682 1031 1770 1084 illo
1796 1039 1978 1092 erant,
2011 1041 2130 1079 cum

550 1135 894 1188 Abiatharem
963 1127 1270 1196 pontificem
1325 1127 1391 1179 de
1458 1123 1688 1192 panibus
1751 1117 2135 1190 propositionis

550 1225 835 1280 comedere
897 1223 1199 1290 petiisseut,
1249 1233 1318 1269 an
1363 1231 1391 1268 a
1437 1214 1601 1269 cubili
1655 1212 1896 1265 mulieris
1948 1210 2134 1264 mundi

550 1325 764 1379 essent,
821 1313 970 1382 prius
1031 1308 1386 1376 interrogavit
1444 1305 1720 1375 pontifex,
1775 1311 1828 1355 et
1881 1303 2022 1370 quod
2081 1299 2134 1353 in

551 1409 854 1461 divinorum
878 1403 1256 1472 mysteriorum
1284 1399 1645 1452 celebratione
1669 1396 1888 1460 dicitur,
1938 1392 2137 1446 Sancta

551 1499 775 1560 sanctis,
824 1499 1070 1548 eamdem
1112 1493 1272 1546 habet
1321 1491 1756 1558 intelligentiam.
1794 1487 1892 1553 Qut
1930 1486 2069 1540 enim
2107 1499 2138 1538 a

551 1591 800 1644 muliebri
829 1587 1118 1642 concubitu
1148 1585 1228 1639 vel
1259 1585 1416 1636 aliter
1448 1582 1632 1652 polluti
1683 1589 1829 1645 sunt,
1869 1593 1975 1632 non
2015 1586 2141 1630 sunt

553 1681 760 1745 sancti;
804 1695 902 1732 nec
941 1680 1062 1730 ideo
1101 1677 1295 1729 debent
1323 1674 1742 1728 communicare.
1777 1669 2140 1737 Quamobrem

552 1788 618 1826 ex
668 1773 751 1826 his
789 1772 1038 1824 ontnibus
1087 1770 1381 1838 colligitur,
1431 1765 1570 1831 quod
1616 1779 1714 1818 nec
1748 1763 1849 1830 ipsi
1885 1761 2143 1830 coniuges

554 1867 801 1932 quidem,
852 1865 940 1932 qui
995 1861 1353 1926 corporaliter
1407 1857 1682 1926 congressi
1737 1867 1884 1919 sunt,
1941 1869 2006 1908 eo
2056 1855 2142 1906 die

555 1963 740 2007 sancta
777 1952 1154 2006 communione
1177 1949 1322 2018 digni
1354 1951 1717 2003 habebuntur.
1749 1946 2141 2000 Sanctissimns

556 2056 738 2099 autem
791 2046 877 2098 ille
923 2045 1232 2116 patriarcha
1292 2042 1545 2096 dmninus
1600 2039 1776 2093 Lucas
1809 2039 1873 2092 de
1923 2039 2024 2091 hoc
2057 2038 2142 2090 in-

557 2149 881 2206 terrogatus,
948 2137 1281 2206 synodaliter
1330 2131 1724 2202 ριύιιιιιιιίιιιὶι,
1782 2130 1957 2183 tribus
2019 2137 2144 2182 ante

557 2231 748 2285 diebus
780 2246 806 2281 a
841 2229 1109 2296 corporali
1147 2240 1435 2296 congressu
1482 2225 1754 2278 abstinere
1785 2223 1980 2276 debere
2013 2236 2144 2274 con-

558 2323 736 2392 iuges,
791 2322 880 2388 qui
932 2328 1058 2372 sunt
1108 2319 1411 2373 divinorum
1460 2324 1924 2370 sacramentorum
1976 2311 2145 2366 futuri

559 2415 871 2484 participes.
921 2412 1059 2478 Quin
1115 2420 1166 2464 et
1221 2423 1475 2478 sponsos,
1519 2408 1610 2477 qui
1664 2407 1778 2474 ipso
1836 2403 2145 2474 nuptiarum

559 2507 644 2557 die
701 2513 818 2571 post
878 2513 1120 2555 sanctam
1183 2499 1648 2568 participationem
1702 2497 2145 2564 congrediuntur,

560 2595 733 2664 pmnis
778 2594 1028 2663 subjecit.
1069 2594 1133 2646 Et
1175 2591 1291 2659 lege
1323 2590 1583 2654 ediCtutu,
1627 2588 1770 2656 quod
1813 2600 1999 2640 mense
2053 2585 2150 2637 Se-

560 2688 789 2758 ptembri
816 2685 1009 2739 indiet.
1036 2684 1071 2736 2
1105 2683 1306 2738 factum
1333 2692 1434 2735 est.
1465 2681 1728 2734 Similiter
1751 2688 1805 2731 et
1827 2677 2149 2731 ecauonicis

561 2778 626 2831 ad
664 2779 993 2845 quaestiones
1023 2773 1470 2841 responsmnibus
1505 2771 1774 2824 Timothei
1799 2768 2151 2822 Alexandrini

1461 2879 1581 2932 qua:
1625 2862 1812 2916 ﬁdeles
1872 2875 1902 2913 a
1966 2868 2152 2912 mutuo

563 2977 859 3030 congressu
911 2961 1186 3014 abstinere
1241 2958 1481 3012 Sabbato
1525 2967 1580 3010 et
1627 2953 1906 3008 Dominica
1955 2951 2154 3006 debere

563 3055 883 3104 decernunt.
936 3048 1244 3115 Quinetiam
1295 3049 1350 3102 in
1395 3048 1548 3100 libris
1585 3045 1832 3100 Mosaicis
1882 3045 1936 3097 in
1971 3044 2152 3096 hxodu

563 3143 675 3196 haec
707 3144 782 3194 ait
815 3157 828 3194 :
868 3141 928 3194 Et
959 3145 1093 3194 dixit
1123 3141 1380 3195 Dominus
1416 3140 1588 3193 Mosi:
1627 3138 1890 3191 Descende
1920 3146 1968 3190 et
2004 3137 2151 3189 testi-

562 3234 724 3304 ﬁcare
753 3235 878 3286 huic
923 3239 1141 3302 populo,
1185 3244 1232 3287 et
1268 3233 1544 3301 sancti/ica
1585 3248 1698 3309 eum
1728 3231 1882 3284 hodie
1915 3241 1960 3284 et
2007 3244 2148 3294 cras,

563 3339 609 3380 ct
643 3327 816 3380 lavent
844 3328 1171 3389 uestimenta,
1203 3337 1248 3378 et
1287 3334 1421 3378 stent
1450 3324 1628 3391 parati
1664 3324 1719 3375 in
1748 3324 1884 3375 diem
1913 3322 2149 3377 tertium.

565 3419 740 3472 Tertio
793 3421 928 3472 enim
970 3420 1052 3470 die
1101 3419 1375 3471 descendet
1423 3415 1677 3468 Dominus
1727 3431 1883 3480 super
1925 3424 2150 3467 montem

564 3509 698 3564 Smu
714 3527 893 3563 eorum
915 3519 1022 3561 toto
1056 3511 1272 3578 populo.
1307 3508 1373 3560 Et
1398 3523 1587 3564 rursus
1617 3524 1630 3560 :
1664 3507 1944 3560 Descendit
1975 3518 2147 3559 autem

568 3601 737 3655 Moses
773 3605 836 3654 de
863 3610 1036 3654 monte
1078 3606 1144 3652 ad
1174 3602 1443 3667 populum,
1474 3611 1524 3654 et
1559 3600 1906 3665 sancti/icavit
1953 3615 2060 3663 eos,
2098 3610 2147 3652 et

564 3696 806 3748 laverunt
848 3697 1152 3746 vestimenta
1183 3709 1324 3758 sua;
1368 3702 1417 3746 et
1447 3693 1583 3746 dixit
1623 3691 1848 3760 populo:
1897 3688 2020 3742 Este
2053 3705 2151 3758 ραν

568 3788 671 3837 rati
721 3788 887 3838 tribus
924 3785 1126 3848 diebus,
1175 3793 1224 3837 et
1281 3799 1344 3836 ne
1394 3785 1626 3837 accedite
1673 3789 1741 3834 ad
1790 3784 2058 3835 mulierem
2084 3779 2150 3834 ³⁸.

2229 567 2522 636 τῆςὰγίας
2556 537 2930 637 μεταλήψεως,
2966 565 3058 618 καὶ
3089 563 3165 632 τῷ
3195 561 3506 629 Ἀποστόλῳ
3535 559 3826 628 νενομοθέ-

2229 674 2423 725 τηται,
2465 655 2716 723 λέγοντιο
2762 651 3121 721 Δοκιμαζέτω
3163 651 3231 704 δὲ
3271 651 3530 713 ἕκαστος
3570 645 3819 726 ἐαυτόις,

2233 750 2334 800 καί
2366 747 2558 811 οὕτως
2586 747 2653 799 ἐκ
2685 744 2793 800 τοῦ
2821 744 3007 813 ἄρτου
3037 743 3284 798 ἐσθιέτω
3305 785 3321 810 ,
3352 741 3451 795 καί
3479 742 3548 794 ἐκ
3579 740 3688 794 τοῦ
3719 755 3827 793 πο-

2234 839 2442 904 τηρίου
2485 837 2706 889 πινέτω
2730 852 2745 866 ·
2791 837 2886 888 καὶ
2927 835 3089 889 πάλιν
3113 853 3128 866 ·
3175 834 3274 902 Μὴ
3315 832 3832 900 ἀποστερήτωσαν

2235 927 2487 992 ἑαυτοὺς
2518 930 2572 980 oi
2599 924 2874 995 ὀμόξυγοι
2899 932 2950 980 ει
2975 927 3059 995 μή
3088 944 3174 980 τοι
3203 926 3271 978 ἐκ
3299 925 3656 994 συμφώνου,
3685 923 3831 976 ὅταν

2235 1019 2307 1085 τῇ
2357 1016 2676 1087 προσευχῇ
2724 1019 2835 1085 τῆς
2885 1018 3056 1087 ἁγίας
3103 1019 3423 1082 κοινωνίας
3468 1015 3832 1084 προσελθεῖν

2231 1104 2525 1174 μέλλωσι.
2560 1107 2669 1157 Καὶ
2700 1105 2789 1157 τὸν
2822 1106 2989 1158 Δαϐὶδ
3015 1107 3070 1158 δὲ
3104 1106 3197 1158 καὶ
3225 1106 3352 1169 τοὺς
3389 1106 3486 1158 σὺν
3517 1105 3668 1176 αὐτῷ
3688 1143 3704 1169 ,
3735 1105 3836 1171 ξηι-

2237 1199 2507 1268 τήσχντας
2550 1198 2642 1251 τὸν
2677 1199 2943 1269 Ἀϐίαθαρ
2971 1202 3062 1254 τὸν
3092 1203 3354 1273 ἀρχιερέα
3388 1201 3573 1254 λαϐεῖν
3629 1202 3693 1252 ἐκ
3727 1199 3836 1251 τῶν

2239 1291 2420 1358 ἄρτων
2456 1291 2556 1358 τῆς
2591 1291 2921 1362 προθέσεως,
2960 1295 3007 1345 εί
3044 1294 3277 1363 καθαροὶ
3313 1293 3372 1345 δέ
3409 1293 3547 1345 εἰσιν
3585 1292 3691 1344 ἀπὸ
3730 1307 3834 1360 γυο

2241 1385 2426 1446 ναικὸς
2455 1383 2483 1434 ό
2515 1386 2693 1454 ἱερεὺς
2725 1385 2932 1454 ἠρώτα.
2966 1387 3078 1440 Καὶ
3105 1387 3166 1439 τὸ
3193 1389 3251 1438 ὲν
3275 1388 3342 1456 τῇ
3380 1387 3501 1456 θείᾳ
3538 1401 3836 1454 μυσταγω-

2240 1478 2335 1546 γίᾳ
2381 1477 2819 1548 ὲκφωνούμενον,
2864 1479 2946 1531 Τὰ
2990 1478 3125 1547 am
3166 1472 3289 1542 τοῖς
3329 1480 3528 1543 ἁγίοις,
3573 1477 3834 1545 τοιαύτης

2243 1570 2452 1633 ἑννοίας
2495 1571 2661 1623 ἐστίν.
2700 1571 2762 1621 Οἱ
2805 1570 2918 1640 γὰρ
2957 1571 3363 1641 μεμολυσμένοι
3402 1573 3508 1624 ἀπὸ
3545 1569 3832 1628 συνουσίας

2245 1664 2505 1728 γυναικὸς
2548 1662 2580 1732 ἦ
2621 1661 2797 1723 ἄλλως
2839 1664 2938 1715 οὐκ
2979 1664 3118 1715 εἰσὶν
3162 1662 3346 1730 ἅγιοι·
3389 1662 3470 1715 διὸ
3514 1663 3633 1715 οὐδὲ
3679 1662 3835 1729 ὀφεί-

2245 1751 2397 1804 λουσι
2431 1756 2732 1805 κοινωνεῖν.
2760 1754 2925 1806 Ὥστε
2958 1756 3023 1806 ὲκ
3050 1753 3257 1807 τούτων
3287 1754 3506 1808 πάντων
3539 1754 3836 1819 συνάγεται

2177 1832 2214 1886 Β
2244 1845 2326 1897 ὅτι
2366 1844 2488 1897 οὐδὲ
2531 1846 2689 1898 αὐτοὶ
2724 1847 2772 1897 οί
2812 1847 3071 1914 ὁμόζυγυι
3116 1846 3466 1908 συνελθόντες
3512 1844 3841 1914 σωματικῶς

2246 1935 2343 2005 τῆς
2374 1937 2536 2005 ἁγίας
2569 1937 2853 1999 κοινωνίας
2886 1939 3176 2006 μετέχουσι
3212 1939 3332 1988 κατ’
3359 1939 3532 2007 αὐτὴν
3566 1939 3666 2004 τὴν
3700 1934 3844 2004 ὴμέ-

2248 2044 2369 2097 ραν.
2399 2027 2460 2080 Ὀ
2489 2028 2546 2080 δὲ
2575 2027 2877 2094 ἁγιώτατος
2907 2030 3113 2092 ἐκεῖνος
3142 2030 3490 2096 πατριάρχης
3516 2026 3682 2095 κῦρος
3707 2029 3846 2079 Λου-

2247 2120 2351 2182 κᾶς
2374 2159 2389 2185 ,
2424 2120 2724 2190 ἐρωτηθεὶς
2765 2121 2894 2191 περὶ
2927 2121 3117 2172 τούτου
3138 2159 3153 2186 ,
3189 2112 3511 2189 ἁπεφῆνατο
3549 2119 3846 2183 συνοδικῶς

2246 2213 2353 2283 πρὸ
2379 2213 2797 2294 τριῶνλήμξρῶν
2821 2215 3060 2282 ὀφείλειν
3089 2213 3507 2267 ἁποδιίστασθαι
3534 2214 3633 2283 τῆς
3660 2230 3842 2282 σωμα-

2249 2307 2408 2375 τικῆς
2447 2309 2664 2375 ὁμιλίας
2700 2309 2825 2368 τοὺς
2872 2307 3170 2376 μέλλοντας
3214 2310 3506 2376 μετασχεῖν
3540 2307 3648 2359 τῶν
3685 2306 3849 2359 θείων

2250 2401 2632 2466 ἁγιασμάτων.
2670 2397 2834 2451 Ἀλλὰ
2881 2401 2974 2451 καὶ
3021 2401 3144 2463 τοὺς
3193 2401 3486 2470 νυμφίους,
3531 2399 3656 2461 τοὺς
3703 2397 3850 2451 κατὰ

2248 2491 2348 2558 τὴν
2376 2490 2549 2558 αὐτὴν
2579 2490 2795 2559 ἡμέραν
2829 2493 2964 2560 μετὰ
2994 2493 3094 2562 τὴν
3121 2492 3284 2559 ἁγίαν
3314 2493 3620 2562 μετάληψιν
3652 2507 3851 2562 συνερ-

2249 2578 2549 2648 χομένους,
2588 2580 2886 2648 ἐπιτιμίοις
2921 2581 3292 2646 καθυπέὸαλε.
3330 2583 3440 2634 Καὶ
3472 2580 3748 2650 ἀνάγνωθι
3781 2579 3850 2632 τὸ

2251 2671 2394 2722 κατὰ
2427 2670 2517 2724 τὸν
2549 2669 2924 2740 Σεπτέμϐριον
2959 2672 3104 2740 μῆνα
3136 2671 3239 2741 τῆς
3277 2673 3538 2743 δευτέρας
3579 2671 3850 2725 ίνδικτιῶ-

2251 2779 2338 2824 νος
2374 2763 2597 2831 γεγονὸς
2634 2763 2949 2834 σημείωμα.
2988 2764 3287 2832 Ἀνάγνωθι
3321 2767 3414 2818 καὶ
3447 2767 3511 2818 ὲκ
3542 2765 3650 2818 τῶν
3685 2782 3853 2818 κανο-

2252 2854 2419 2908 νικῶν
2451 2856 2975 2926 ὲρωτοαποκρίσεων
3005 2856 3276 2926 Τιμοθέου
3311 2857 3721 2928 Ἀλεξανδρείας
3749 2856 3854 2928 τὴν

2253 2946 2293 3000 ε’
2321 2948 2420 3000 καὶ
2460 2949 2559 3019 τὴν
2609 2948 2674 3018 ιβ’
2701 2948 3064 3012 διδασκούσας
3105 2950 3408 3019 ἀπέχεσθαι
3447 2952 3575 3014 τοὺς
3621 2951 3855 3016 πιστοὺς

2253 3040 2352 3108 τῆς
2383 3041 2519 3109 πρὸς
2550 3040 2816 3110 ἀλλήλους
2845 3041 3065 3110 ὁμιλίας
3090 3042 3152 3094 τὸ
3183 3041 3462 3096 Σαϐϐαῖον
3488 3043 3582 3095 καὶ
3608 3043 3708 3114 τὴν
3737 3044 3851 3095 Κυ-

2257 3131 2472 3201 ριακήν.
2505 3132 2640 3198 Φησὶ
2669 3132 2725 3184 δὲ
2755 3132 2850 3184 καὶ
2877 3134 2934 3184 ὲν
2965 3135 3030 3202 τῇ
3063 3133 3334 3202 Μωσαῖκῇ
3367 3132 3537 3203 βίϐλῳ
3568 3137 3624 3186 ὲν
3654 3132 3860 3206 Ἐξέιδφ

2255 3223 2462 3276 ταῦτα·
2500 3223 2610 3277 Καὶ
2650 3221 2783 3278 εἷπε
2822 3227 3040 3294 Κύριος
3081 3228 3229 3295 πρὸς
3273 3226 3534 3292 Μωσῆνο
3574 3228 3860 3294 Καταόὰς

2254 3318 2614 3387 διαμάρτῳε
2651 3320 2730 3384 τῷ
2771 3319 2900 3386 λαῷ
2937 3322 3146 3385 τούτῳ,
3189 3321 3287 3373 καί
3331 3320 3590 3391 ἅγνισον
3627 3322 3862 3388 αὐτοὺς

2253 3409 2520 3479 σήμερον
2551 3411 2651 3465 καί
2686 3411 2919 3480 αὔριον,
2953 3413 3052 3466 καί
3085 3414 3495 3467 πλυνιίτωσαν
3521 3417 3594 3467 τὰ
3625 3414 3860 3482 ἱμάτια,

2252 3507 2349 3558 καί
2381 3506 2662 3558 ἔστωσαν
2686 3505 2907 3575 ἕτοιμοι
2939 3509 3027 3572 είς
3054 3507 3162 3574 τὴν
3195 3507 3427 3576 ἡμέραν
3454 3507 3568 3575 τὴν
3594 3509 3802 3574 τρίτην
3837 3522 3854 3538 θ

2249 3595 2322 3665 τῇ
2367 3599 2476 3668 γὰρ
2520 3599 2707 3668 ἡμέρᾳ
2743 3598 2816 3667 τῇ
2853 3601 3018 3668 τρίτῃ
3060 3601 3468 3664 καταϐήσεται
3502 3601 3718 3668 Κύριος
3750 3581 3865 3651 ἐπὶ

2250 3691 2318 3744 τὸ
2347 3691 2486 3758 ὄρος
2514 3691 2658 3746 Σινά
2685 3691 2971 3746 ἐναντίον
2999 3695 3232 3758 παντὸς
3257 3695 3363 3748 τοῦ
3391 3692 3546 3748 λαοῦ
3569 3709 3584 3724 '
3617 3693 3713 3745 καὶ
3749 3692 3864 3745 πᾶ-

2251 3780 2335 3833 λιν
2361 3796 2374 3809 ·
2412 3780 2639 3848 Κατέόη
2683 3781 2750 3833 δὲ
2789 3781 3049 3852 Μωυσῆς
3088 3785 3158 3838 ἐκ
3193 3784 3301 3839 τοῦ
3343 3784 3522 3852 ὄρους
3562 3786 3711 3852 πρὸς
3746 3784 3866 3836 τὸν

567 3878 740 3941 λαὸν,
776 3880 869 3932 καί
911 3879 1164 3947 ἡγίασεν
1194 3876 1447 3940 αὐτοὺς,
1481 3877 1580 3929 καί
1614 3876 1894 3930 ἔπλυναν
1959 3877 2035 3928 τὰ
2095 3871 2296 3944 ίμὰτια
2341 3871 2561 3942 αὐτῶν,
2607 3876 2705 3929 καί
2783 3871 2915 3929 εἷπε
2996 3876 3077 3944 τῷ
3119 3876 3284 3942 λαῷ·
3332 3879 3589 3933 Γίνεσθε
3635 3877 3867 3947 ἕτοιμοι

560 3971 724 4038 τρεῖς
752 3969 1000 4038 ἡμέρας,
1029 3968 1129 4021 καὶ
1153 3969 1238 4037 μὴ
1269 3968 1650 4036 προσέλθητε
1678 3967 1942 4036 γυναικί.

647 4063 882 4118 AttlS'l‘.
954 4082 972 4114 ι
1002 4063 1069 4116 Ει
1119 4066 1456 4117 abstinentes
1498 4065 1567 4118 ab
1610 4079 1778 4118 uxore
1837 4065 1975 4130 sint,
2026 4073 2089 4119 ut

871 4172 890 4205 ι
927 4154 1194 4222 postulata
1226 4153 1521 4223 impetrare
1566 4157 1795 4224 possint.
1828 4173 1848 4208 ι

643 4247 744 4303 llic
804 4256 858 4302 et
913 4249 1202 4302 vicesimus
1253 4248 1476 4317 quintus
1536 4263 1707 4300 canon
1760 4247 2160 4319 septuagesimo

566 4339 765 4393 canOni
814 4340 1094 4406 praesentis
1130 4338 1319 4408 synodi
1367 4336 1543 4391 collati
1605 4352 1708 4390 non
1752 4339 2004 4393 videntur
2049 4340 2165 4394 exi-

573 4447 723 4502 gere,
776 4437 832 4482 ut
889 4431 1197 4498 episcopus,
1238 4431 1519 4498 presbyter
1565 4439 1620 4484 et
1661 4433 1920 4486 diaconus
1964 4431 2157 4499 c0nju-

2257 4057 2484 4116 ΑΡΙΣΤ.
2563 4078 2582 4111 ι
2635 4062 2745 4113 Καὶ
2792 4060 3053 4128 γυναικὸς
3099 4045 3317 4133 ἥτωσαν
3363 4065 3720 4136 ἀπεχόμενοι,
3771 4066 3861 4120 ἴνα

2515 4171 2534 4205 ι
2580 4152 2690 4205 τῶν
2721 4153 3060 4223 αἰτουμένων
3094 4156 3533 4226 ἐπιτυγχάνοιεν.
3583 4177 3601 4208 ι

2347 4245 2405 4298 '0
2434 4244 2532 4316 μὲν
2560 4245 2737 4300 κανὼν
2762 4240 2940 4310 οὗτος,
2966 4247 3061 4299 καὶ
3089 4249 3116 4299 ὁ
3142 4248 3388 4311 εἰκοστὸς
3416 4249 3684 4318 πέμπτος,
3715 4267 3862 4321 συμ-

2265 4338 2627 4410 6;6αζόμενος
2663 4338 2798 4409 πρὸς
2818 4339 2910 4392 τὸν
2930 4339 3330 4411 ἑϐδομηκοστὸν
3364 4344 3563 4396 κανόνα
3595 4343 3693 4412 τῆς
3716 4359 3864 4416 πιρ-

2267 4429 2434 4499 ούσης
2471 4429 2713 4494 συνόδου,
2770 4430 2831 4483 οὐ
2870 4430 3152 4500 φαίνονται
3204 4433 3567 4496 ἀπαιτοῦντες
3606 4441 3701 4488 τὸν
3735 4437 3866 4488 ἐπί-

563 4524 715 4592 ςίιιιιι
771 4521 1064 4586 solverent,
1110 4531 1164 4574 et
1207 4520 1274 4574 ab
1327 4519 1586 4576 uxoribus
1641 4523 1863 4576 omnino
1922 4523 2148 4577 abstine

2274 4539 2478 4575 σκοπον
2497 4561 2513 4586 ,
2543 4521 2637 4574 καὶ
2668 4523 3039 4594 πρεσὸύτερον
3058 4563 3073 4589 ,
3104 4524 3199 4577 καὶ
3227 4525 3472 4579 διάκονον
3498 4525 3738 4579 δμαλύειν
3765 4528 3862 4580 τὸν

568 4623 728 4676 rent;
759 4613 852 4666 sed
893 4613 1187 4666 secundum
1225 4613 1445 4681 propria
1476 4622 1717 4683 tempora
1753 4630 1814 4670 se
1844 4615 1911 4670 ab
1943 4614 2007 4669 iis
2036 4631 2164 4670 con-

571 4709 764 4772 tinere,
816 4719 1011 4775 nempe
1065 4707 1281 4774 quando
1345 4692 1452 4759 vel.
1504 4707 1756 4774 precibus
1808 4708 1892 4763 vel
1953 4707 2162 4778 jejunio

573 4809 790 4862 \‘.tt'.:llll,
832 4807 885 4851 et
930 4811 1086 4850 sacra
1157 4806 1410 4854 tractant.
1469 4799 1538 4851 At
1586 4799 1938 4856 duodecimus
1999 4811 2165 4857 sexta:

573 4889 630 4942 iu
680 4887 868 4941 Trullo
915 4887 1104 4953 synodi
1159 4901 1334 4941 canon
1390 4889 1660 4956 episcopis
1713 4905 1822 4943 una
1879 4905 2002 4945 cum
2053 4893 2166 4947 suis

570 4982 838 5034 uxoribus
876 4980 1121 5033 habitare
1173 4993 1278 5033 non
1322 4982 1606 5049 permittit.
1641 4992 1926 5052 postquam
1953 4987 2017 5036 ad
2054 4986 2168 5054 epi-

570 5083 854 5142 scopatum
904 5072 1135 5126 ordinati
1171 5071 1354 5140 fuere;
1397 5075 1489 5127 sed
1539 5074 1750 5128 solvere
1782 5090 1903 5128 cum
1931 5074 2000 5129 iis
2031 5091 2162 5129 con-

574 5165 927 5235 iunctionem.
953 5164 1066 5219 lloc
1089 5177 1270 5219 autem
1302 5181 1405 5219 non
1437 5168 1488 5219 in
1511 5166 1748 5236 conjugii
1770 5177 2164 5235 contemptum,

575 5270 629 5314 et
653 5275 860 5324 eorum,
881 5275 999 5328 quae
1017 5261 1311 5330 apostolice
1332 5262 1540 5313 sancita
1559 5260 1799 5324 fuerunt,
1825 5264 2162 5315 eversionem

575 5350 896 5418 introducit;
963 5354 1055 5406 sed
1108 5354 1178 5406 ob
1226 5353 1420 5407 salutis
1464 5361 1518 5406 et
1580 5352 1647 5406 ad
1703 5353 1924 5409 meliora
1985 5353 2165 5422 populi

578 5447 972 5512 progressionis
1021 5462 1231 5510 curam,
1280 5445 1448 5514 518
1482 5456 1537 5498 et
1586 5461 1653 5499 ne
1705 5446 1918 5500 occasio
1977 5462 2163 5515 reprev

579 5537 846 5591 hendendi
873 5538 1264 5593 sacerdotalem
1298 5539 1740 5592 constitutionem
1775 5540 2016 5592 daretur.
2055 5537 2162 5594 Sed

577 5628 820 5684 deein'ms
846 5631 1032 5697 tertius
1051 5629 1289 5697 ejusdem
1312 5639 1480 5684 sextae
1513 5630 1704 5701 synodi
1740 5645 1911 5684 canon
1951 5629 2166 5686 incusat

651 5811 695 5841 ³³
726 5809 744 5862 l
773 5812 900 5862 Cor.
939 5823 1014 5872 Il,
1040 5807 1112 5861 28
1139 5825 1154 5872 ;
1186 5823 1280 5872 vn.
1325 5812 1379 5866 5.

1457 5809 1500 5840 “
1539 5811 1713 5867 Exeo.
1777 5829 1890 5873 xix.
1955 5815 2022 5868 lO
2077 5829 2230 5877 seqq.

2269 4615 2478 4684 γάμον,
2510 4616 2606 4667 καὶ
2640 4615 2748 4666 τῶν
2776 4615 3054 4684 γυναικῶν
3086 4617 3266 4670 αὐτῶν
3295 4617 3599 4686 ἀπέχεσθαι
3633 4618 3817 4670 τέλεον
3845 4635 3862 4650 ·

2267 4707 2406 4762 ἀλλὰ
2434 4708 2575 4760 κατὰ
2601 4709 2726 4771 τοὺς
2759 4709 2920 4772 ἰδίους
2952 4710 3179 4776 καιροὺς
3208 4709 3641 4780 ὲγκρατεύεσθαι
3669 4710 3728 4776 ἐξ
3761 4711 3865 4762 αὐ·-

2268 4800 2396 4864 τῶν,
2429 4801 2597 4870 ἤγουν
2626 4801 2716 4854 ὅτε
2749 4805 2813 4871 τῇ
2853 4805 3134 4872 προσευχῇ
3175 4806 3268 4856 καὶ
3299 4805 3365 4873 τῇ
3404 4804 3628 4872 νηστείᾳ
3667 4802 3865 4874 σχολά-

2269 4893 2456 4957 ζουσι,
2491 4894 2586 4946 καὶ
2628 4893 2726 4965 τὴν
2766 4891 2878 4947 τῶν
2920 4894 3092 4962 ἁγίων
3135 4895 3413 4948 ποιοῦνται
3462 4897 3862 4966 μεταχείρισιν.

2280 4985 2340 5037 '0
2379 4985 2436 5036 δὲ
2475 4985 2780 5049 δωδέκατος
2820 4977 3003 5041 κανὼν
3041 4988 3140 5057 τῆς
3181 4988 3240 5040 ἐν
3275 4987 3353 5057 τῷ
3390 4989 3648 5058 Τρούλλῳ
3693 4991 3864 5059 ἕκτης

2272 5078 2491 5132 συνόδου
2519 5082 2630 5144 τοῖς
2662 5081 2984 5143 ἐπισκόποις
3014 5081 3074 5133 οὐ
3109 5085 3388 5150 συγχωρεί
3416 5084 3534 5143 ταῖς
3569 5083 3730 5143 ἰδίαις
3763 5098 3867 5150 γα-

2277 5174 2468 5240 μεταῖς
2504 5177 2778 5228 συνοικεῖν
2810 5174 2950 5244 μετὰ
2985 5174 3082 5243 τὴν
3115 5175 3490 5245 προελθοῦσαν
3523 5176 3865 5244 χειροτονίαν

2270 5264 2372 5334 τῆς
2412 5268 2718 5336 ἐπισκοπῆς
2762 5270 2850 5320 ἐπ’
2879 5269 3098 5335 αὐτοῖς,
3139 5268 3275 5322 ἀλλὰ
3316 5267 3557 5322 διαλύειν
3590 5270 3688 5339 τὴν
3724 5269 3863 5338 πρὸς

2275 5358 2446 5422 αὐτας
2501 5363 2817 5429 συνάφειαν.
2867 5359 3041 5414 Τοῦτο
3089 5363 3143 5415 δὲ
3193 5364 3292 5415 οὐκ
3344 5361 3715 5431 ἐπ’ἁθετήσει
3761 5361 3862 5414 τοῦ

2272 5455 2477 5520 γάμου,
2507 5453 2602 5504 καὶ
2633 5454 2918 5523 ἀνατροπῇ
2955 5452 3062 5505 τῶν
3092 5455 3469 5517 ἁποστολικῶς
3502 5455 3864 5524 νενομοθετηη

2277 5545 2454 5614 μενων
2499 5546 2730 5611 εἰσάγει,
2783 5545 2899 5598 ἀλλ’
2933 5547 3022 5598 ἐπὶ
3076 5549 3390 5618 προμηθείᾳ
3433 5549 3530 5616 τῆς
3584 5546 3865 5616 σωτηρίας

2273 5638 2368 5689 καὶ
2415 5637 2512 5706 τῆς
2555 5637 2650 5689 ἐπὶ
2693 5638 2753 5689 τὸ
2796 5639 3048 5708 κρεῖττον
3096 5639 3381 5709 προκοπῆς
3428 5639 3520 5692 τοῦ
3565 5637 3718 5703 λαοῦ,
3763 5639 3863 5690 καὶ
