4034 6400
279 394 358 460 27
1403 390 1485 453 IN
1522 389 1682 453 CAN.
1726 390 1773 453 V
1833 391 2049 461 CONC.
2087 388 2464 459 CATI‘HAG.
3502 397 3575 461 38

278 508 361 583 τῷ
391 506 623 581 μήτινα
651 502 845 585 μῶμον
864 494 1064 558 ’δοῦναι
1093 502 1235 558 κατά
1266 503 1365 576 τῆς
1396 505 1684 575 ἱερατικῆς
1715 520 1884 558 κατα-

1989 506 2144 572 illud,
2198 510 2339 578 quod
2393 518 2452 565 ut
2507 513 2561 566 in
2607 511 2835 568 canonis
2863 511 3056 568 ordine
3108 508 3162 567 in
3202 507 3570 567 Romanorum

279 602 554 662 στάσεως.
586 597 650 652 '0
673 596 729 651 δὲ
754 595 1217 668 τρισκαιδέκατος
1238 595 1340 665 τῆς
1370 596 1542 665 αὐτῆς
1569 595 1735 665 ἕκτης
1765 612 1889 648 συν-

274 693 403 757 όδου
434 689 621 745 κανὼν
655 688 749 743 καὶ
780 688 1165 759 ἐπιμέμφεται
1195 688 1255 742 τὸ
1283 686 1359 752 ὡς
1390 689 1447 740 ὲν
1473 688 1625 753 τάξει
1657 686 1881 750 κανόνος

275 786 341 838 ιν
357 787 427 856 τῇ
452 782 563 836 τῶν
588 781 879 853 Ῥωμαίων
905 780 1207 852 Ἐκκλησία
1231 780 1693 851 παραδεδομένον,
1715 780 1884 852 ἧγουν

266 876 342 930 ’τὸ
376 862 775 944 καθομολογεῖν
805 872 937 936 τοὺς
973 872 1272 942 μέλλοντας
1306 868 1731 941 χειροτονεῖσθαι
1766 868 1883 921 δια-

272 971 480 1034 κόνους
506 971 541 1042 ἢ
571 968 988 1041 πρεσϐυτέρους
1014 966 1115 1020 οὐκ
1143 966 1226 1019 ἐτι
1249 968 1371 1029 ταῖς
1398 966 1580 1018 αὐτῶν
1607 963 1884 1036 συναφθῇ-

266 1072 475 1116 ·σονται
520 1063 825 1130 γαμεταῖς,
872 1060 969 1112 καὶ
1015 1058 1343 1130 προστάττει
1387 1058 1463 1112 τὰ
1502 1058 1644 1111 κατὰ
1685 1057 1883 1126 νόμους

278 1153 398 1206 τῶν
443 1154 746 1222 ίερατικῶν
787 1151 999 1224 ἀνδρῶν
1044 1151 1360 1206 συνοικέσια
1405 1148 1480 1221 μὴ
1524 1148 1884 1212 διασπᾶσθαι,

1993 600 2237 656 Ecclesia
2274 602 2521 670 traditur,
2570 617 2766 675 nempe
2820 605 3080 659 diaconos
3110 612 3160 658 et
3199 603 3570 675 presbyteros,

1995 695 2082 763 qui
2121 695 2405 750 ordinandi
2445 704 2591 760 sunt,
2624 698 2862 768 profiteri
2902 713 2959 753 se
2993 707 3174 765 postea
3205 713 3310 751 non
3335 698 3569 767 amplius

1996 787 2255 842 uxoribus
2300 787 2413 842 suis
2470 789 2748 858 conjungi,
2796 797 2851 845 et
2905 793 3127 844 mandat
3179 789 3417 858 legitima
3468 791 3567 843 bo-

1993 877 2196 930 minum
2249 888 2584 934 sacratorum
2611 882 2857 950 coniugia
2889 898 2992 937 non
3019 867 3266 947 distrahi,
3290 884 3384 937 sed
3415 881 3568 936 ﬁrma

1992 980 2228 1034 manere,
2273 978 2326 1023 et
2371 985 2473 1024 non
2519 970 2587 1026 ab
2619 972 2849 1027 invicem
2892 974 3204 1040 discedere;
3235 973 3326 1028 sed
3360 983 3568 1028 tantum

1991 1059 2222 1127 propriis
2277 1063 2522 1118 terminis
2578 1064 2646 1118 ab
2685 1066 2946 1120 uxoribus
3005 1067 3118 1120 suis
3162 1080 3220 1120 se
3268 1065 3569 1130 cominere,

1992 1158 2051 1202 ut
2106 1162 2160 1205 et
2208 1152 2495 1221 Apostolus
2522 1154 2766 1220 tradidit,
2797 1167 2850 1211 et
2883 1157 3076 1210 iterum
3127 1157 3435 1211 convenire.

278 1247 402 1303 ιω*
427 1244 736 1319 ἐρρῶσθαι,
760 1247 858 1298 καὶ
885 1243 960 1315 μὴ
985 1242 1320 1316 χωρίζεσθαι
1346 1242 1439 1295 ἀπ’
1462 1238 1732 1312 ἀλλήλων,
1759 1238 1875 1293 ἀλλ’
1912 1238 1945 1310 ἦ
1990 1239 2155 1310 μόνον
2189 1242 2330 1297 κατὰ
2361 1245 2490 1308 τοὺς
2535 1246 2697 1310 ίδίους
2741 1248 2968 1320 καιροὺς
3007 1248 3073 1301 ἐκ
3140 1246 3250 1302 τῶν
3316 1245 3566 1318 συμϐίων

273 1346 466 1399 αὐτῶν
494 1341 932 1417 ὲγκρατεύεσθαι
953 1381 969 1407 ,
1004 1340 1184 1403 καθὼς
1216 1340 1311 1393 καὶ
1340 1338 1369 1391 ὁ
1404 1334 1727 1400 ’Δπόστολος
1762 1334 2120 1403 παραδίδωσι,
2154 1339 2252 1392 καὶ
2280 1338 2442 1394 πάλιν
2473 1340 2854 1410 συνέρχεσθαι.

746 1496 751 1501 γ
913 1431 1152 1486 ΚΑΝΩΝ
1191 1432 1268 1485 E'.

279 1549 303 1584 ι
357 1528 477 1601 Τὴν
520 1527 623 1599 τῆς
673 1525 986 1598 ἀπληστίας
1034 1523 1359 1595 ἐπιθυμίαν,
1411 1520 1480 1593 ἥν
1529 1519 1639 1574 τῶν
1692 1518 1883 1574 κακῶν

358 1640 379 1674 ι
428 1622 696 1674 ἁπάντων
734 1619 948 1689 μητέρα
980 1611 1123 1669 εἶναι
1149 1615 1326 1678 οὐδεὶς
1358 1611 1694 1684 ἀμφιϐάλλει
1713 1651 1728 1678 ,
1760 1610 1882 1666 δέον

356 1731 377 1765 ι
425 1712 689 1782 ἐπέχεινο
722 1709 812 1763 ῖνα
844 1711 918 1778 μή
945 1726 1027 1772 τις
1057 1709 1168 1769 τοῖς
1198 1704 1504 1777 ἀλλοτρίοις
1531 1704 1677 1774 ὅροις
1708 1718 1878 1755 κατα·
1912 1748 1958 1806 Β

359 1823 380 1857 σ
427 1804 736 1874 κέχρηται,
774 1799 911 1870 μηδὲ
947 1798 1033 1853 ῖνα
1066 1796 1155 1851 διὰ
1185 1796 1383 1867 κέρδος
1412 1796 1539 1858 τοὺς
1567 1794 1678 1848 τῶν
1710 1792 1883 1848 Πατέρ

354 1913 375 1947 ι
426 1911 545 1966 ρων
584 1894 750 1963 ὅρους
786 1909 869 1954 τις
908 1889 1218 1961 ὑπερϐαίνῃ
1246 1903 1262 1919 ·
1307 1888 1442 1959 μηδὲ
1482 1888 1570 1942 ῖνα
1610 1886 1883 1950 παντοίως

351 2006 372 2038 ι
417 1988 531 2039 τινὶ
563 1983 819 2055 κληρικῷ
849 1981 970 2047 ἐξὸν
1001 1980 1089 2052 εἴη
1122 1981 1230 2051 ἀπὸ
1261 1978 1590 2051 οῖουδέγτινος
1620 1979 1880 2050 πράγμα-

353 2094 373 2129 ι
419 2093 518 2138 τος
563 2074 728 2129 τόκον
778 2073 988 2126 λαϐεῖν.
1036 2073 1144 2125 Καὶ
1188 2073 1259 2124 τὰ
1309 2072 1407 2142 μὲν
1454 2071 1653 2124 νεωστὶ
1698 2071 1883 2122 ἀνενε-

353 2187 373 2220 ι
420 2168 629 2240 χθέντα
671 2165 903 2236 ἀμαυρὰ
937 2163 1089 2229 ὄντα,
1126 2164 1220 2217 καὶ
1257 2162 1486 2217 καθόλου
1520 2161 1876 2226 λανθάνοντα,

352 2281 372 2313 ι
422 2259 789 2330 σκοπούμενα
819 2258 951 2328 παρ’
979 2258 1137 2328 ἡμῶν
1163 2256 1590 2328 τυπωθήσονται
1610 2272 1624 2287 ο
1657 2253 1789 2324 περὶ
1820 2253 1878 2306 δὲ

350 2371 372 2404 ι
417 2346 499 2404 ὧν
528 2351 900 2419 φανερώτατα
929 2350 964 2419 ἡ
997 2347 1116 2401 θεία
1146 2346 1336 2419 Γραφὴ
1366 2345 1677 2410 ἐθέσπισεν,
1709 2346 1771 2397 οὐ
1797 2344 1881 2397 δεῖ
1976 2346 1979 2349 ’

347 2460 369 2495 ι
413 2438 794 2513 ψηφίζεσθαι,
829 2439 967 2492 ἀλλὰ
1000 2438 1491 2506 μᾶλλονέπεσθαι.
1535 2436 1877 2501 Ἀκολούθως
1913 2436 1927 2452 ⁸

348 2552 367 2586 ι
414 2534 533 2602 γάρ
562 2531 625 2585 τὸ
660 2532 720 2584 ἐν
748 2529 961 2592 λαῖκοῖς
996 2527 1336 2599 ἐπιλήψιμον
1366 2525 1547 2598 πολλῷ
1585 2526 1787 2598 μᾶλλον
1818 2526 1876 2578 ὲν

349 2646 369 2679 ι
419 2625 714 2695 κληρικοῖς
740 2622 945 2691 ὀφείλει
969 2619 1450 2683 καταδικάζεσθαι.
1484 2640 1503 2672 ι
1533 2618 1805 2687 Σύμπασα
1840 2615 1878 2688 ἢ

344 2718 573 2781 σύνοδος
606 2713 765 2769 εἶπεν
787 2729 801 2745 ·
845 2733 862 2766 ι
912 2712 1100 2777 Οὐδεὶς
1133 2714 1275 2765 κατά
1300 2712 1412 2766 τῶν
1439 2710 1757 2782 προφητῶν,
1790 2709 1879 2763 οὐ-

350 2830 371 2865 c
423 2813 542 2874 δεῖς
605 2809 753 2864 κατά
813 2807 924 2861 τῶν
979 2803 1332 2874 Εὑαγγελίων
1391 2803 1562 2875 χωρῖς
1622 2800 1876 2855 κινδύνου

354 2924 375 2957 ι
424 2903 715 2974 εποίησεν.
769 2919 789 2953 ι

341 2994 549 3052 ΒᾹΛΣ.
583 2994 646 3048 '0
691 2993 796 3063 μὲν
842 2988 928 3060 μδ¹
956 2987 1136 3043 κανὼν
1178 2987 1290 3043 τῶν
1336 2987 1510 3056 ἁγίων
1557 2985 1877 3042 ἀποστόλων

2598 1432 2830 1489 CANON
2889 1426 2954 1488 νς

1995 1540 2015 1575 ι
2053 1522 2307 1579 Avaritiae
2355 1525 2728 1595 cupiditatem,
2784 1541 2945 1596 quam
3000 1526 3239 1581 omnium
3302 1525 3562 1581 malorum

2063 1632 2083 1667 ι
2123 1625 2351 1670 matrem
2378 1630 2499 1672 esse
2523 1632 2684 1671 nemo
2715 1618 2944 1683 dubitat,
2973 1617 3266 1682 reprimere
3286 1632 3425 1683 opus
3451 1629 3563 1684 est;

2063 1720 2084 1756 ε
2118 1718 2178 1764 ιιι
2197 1724 2354 1764 nemo
2376 1709 2565 1765 alienis
2591 1710 2838 1765 terminis
2861 1710 3131 1773 abutatur,
3167 1725 3267 1765 nec
3295 1710 3562 1779 quispiam

2063 1816 2082 1850 ι
2124 1810 2345 1870 propter
2403 1799 2612 1855 lucrum
2670 1799 2894 1854 Patrum
2951 1803 3217 1855 terminos
3271 1801 3566 1863 transiliat,

2062 1910 2082 1944 ι
2122 1907 2295 1961 neque
2346 1901 2405 1946 ut
2451 1892 2543 1946 ulli
2580 1892 2801 1965 opmino
2850 1892 3049 1947 clerico
3087 1893 3247 1948 liceat
3285 1907 3350 1947 ex
3381 1892 3569 1961 quavis

2060 2001 2081 2036 ι
2119 1998 2178 2038 re
2227 1999 2442 2038 usuram
2478 1980 2727 2052 accipere
2776 1993 2877 2040 :et
2923 1999 3041 2055 quae
3106 1999 3296 2040 recens
3348 1985 3564 2054 quidem

2063 2095 2081 2129 ι
2121 2076 2287 2141 edita,
2320 2092 2444 2130 cum
2481 2077 2710 2132 obscura
2755 2076 2884 2140 sint,
2916 2067 2968 2132 et
3005 2078 3226 2130 omnino
3258 2075 3502 2139 latentia,
3532 2091 3564 2130 α

2058 2189 2077 2223 ι
2117 2172 2274 2226 nobis
2299 2172 2639 2226 considerata
2669 2171 2895 2224 formam
2936 2158 3224 2237 accipient.
3262 2169 3335 2225 De
3364 2171 3583 2241 quihus-

2059 2281 2080 2316 ι
2118 2274 2301 2319 autem
2357 2262 2540 2318 divina
2566 2261 2843 2330 Scriptura
2893 2263 3232 2330 apertissime
3259 2262 3563 2323 constituit,

2062 2377 2081 2411 ι
2120 2373 2225 2412 non
2262 2357 2576 2416 decernere,
2622 2354 2716 2408 sed
2764 2352 2853 2406 illa
2908 2353 3087 2422 potius
3139 2356 3290 2422 sequi
3332 2361 3566 2422 oportet.

2060 2468 2079 2502 ι
2114 2450 2523 2518 Consequenter
2542 2447 2711 2511 enim,
2732 2447 2874 2514 quod
2901 2455 2985 2499 est
3009 2445 3062 2498 in
3096 2445 3247 2499 laicis
3274 2445 3566 2514 reprelien-

2055 2559 2076 2595 ι
2114 2541 2371 2605 dendum,
2401 2536 2569 2591 multo
2603 2535 2774 2605 magis
2797 2536 2958 2590 debet
2985 2539 3036 2590 in
3065 2536 3279 2592 clericis
3311 2536 3566 2590 condem...

2057 2649 2079 2688 ι
2117 2633 2255 2688 nari.
2280 2629 2541 2686 Universa
2568 2634 2804 2699 synodus
2832 2629 3009 2707 dixit:
3044 2647 3062 2681 ι
3102 2627 3267 2682 Nemo
3309 2628 3568 2682 adversus

2057 2741 2077 2779 ι
2112 2725 2425 2796 prophetas,
2475 2738 2636 2778 nemo
2675 2720 2939 2796 adversus
2984 2720 3275 2792 Evangelia
3320 2723 3439 2776 sine
3465 2736 3563 2788 pe-

2057 2836 2077 2870 ι
2111 2817 2282 2872 riculo
2330 2814 2478 2870 fecit.
2517 2832 2536 2866 ι
2859 2794 2889 2827 ⁸

2048 2995 2245 3054 BALS.
2289 2994 2753 3071 Quadragesimus
2781 3003 3011 3065 quartus
3045 3008 3216 3049 canon
3253 3001 3565 3047 Sanctorum

269 3086 368 3145 καὶ
402 3094 431 3142 ό
463 3084 508 3141 δ’
532 3085 637 3155 τῆς
673 3086 732 3138 ἒν
765 3082 1059 3154 Λαοδικείᾳ
1092 3078 1467 3152 ἀποτρέπουσι
1504 3079 1695 3145 τόκους
1728 3079 1874 3150 λαμ-

1989 3089 2380 3161 apostolorum,
2433 3074 2761 3156 et'quartus
2805 3088 2995 3156 synodi
3028 3084 3367 3147 Laodiceam,
3404 3084 3568 3138 cleri-

274 3178 463 3240 ῑάνειν
488 3185 625 3245 τοὺς
656 3175 958 3250 κληρικοῦς
980 3194 992 3207 ·
1010 3178 1050 3239 ,ὁ
1078 3173 1134 3228 δὲ
1164 3171 1229 3239 ιζ’
1253 3172 1436 3228 κανὼν
1458 3172 1557 3245 τῆς
1584 3169 1634 3228 α’
1658 3171 1878 3226 συνόδου

277 3276 603 3348 καθαιρέσει
642 3268 1056 3326 moneam“
1089 3266 1311 3331 αὐτούς.
1346 3266 1585 3330 Τούτους
1627 3261 1722 3320 οὖν
1753 3264 1881 3329 τοὺς

278 3370 520 3430 κανόνας
561 3365 727 3434 ὄρους
772 3359 1108 3422 καλέσαντες
1149 3358 1199 3411 ot
1241 3355 1526 3428 Πατέρες,
1566 3357 1661 3409 καὶ
1703 3355 1883 3426 ἀπλη-

279 3459 433 3515 στίαν
463 3458 566 3511 καὶ
598 3449 1060 3524 αἰσχροκρέδειαν
1088 3452 1186 3515 τὴν
1202 3446 1310 3500 τῶν
1340 3447 1528 3517 τόπων
1544 3444 1710 3516 λῆψιν
1743 3460 1879 3498 κατ-

275 3552 675 3622 ονομάσαντες,
737 3541 1064 3613 διωρίσαντο
1099 3539 1174 3609 μὴ
1225 3536 1579 3609 ὑπερϐαίνειν
1610 3536 1739 3602 τοὺς
1771 3535 1880 3589 τῶν

281 3644 542 3714 Πατέρων
584 3640 783 3709 ὃρους,’
813 3635 937 3706 ἦτοι
974 3631 1103 3695 τοὺς
1142 3629 1397 3694 κανόνας,
1440 3630 1536 3682 καὶ
1576 3626 1907 3699 λαμϐάνειν

282 3738 469 3797 τόκους
503 3728 780 3802 κληρικὸν
816 3725 912 3794 ἀφ’
941 3724 1276 3793 οἱουδήτινος
1315 3722 1668 3795 πράγματος,
1708 3722 1879 3791 ήγουν

282 3829 418 3901 μήτε
464 3825 580 3881 ἀπὸ
621 3820 841 3877 δανείου
886 3815 1280 3887 νομισμάτων,
1328 3816 1469 3887 μήτε
1516 3814 1624 3867 ἀπὸ
1665 3813 1878 3866 δανείου

172 3958 181 3964 -
278 3922 453 3983 σίτου,
493 3919 531 3991 ἢ
568 3918 764 3985 ἑτέρου
804 3912 977 3974 εἴδους
1016 3911 1183 3971 τινός.
1228 3907 1565 3977 Προσέθεντο
1598 3904 1660 3959 δὲ
1696 3905 1777 3957 ὅτι
1811 3902 1882 3958 τὲ

279 4017 378 4087 μὶν
414 4009 619 4067 νεωστὶ
663 4006 1052 4079 ἀνενεχθέντα,
1087 4002 1258 4073 ἤγουν
1291 3999 1614 4054 τυπωθέντα
1635 4038 1668 4087 ,_
1686 3996 1877 4067 ἀσαφῆ

275 4108 372 4159 καὶ
416 4098 680 4157 σκοτεινά
716 4101 889 4160 εἰσιν,
924 4094 1001 4156 ὡς
1041 4092 1384 4162 ἀγνοούμενα
1410 4105 1426 4120 °
1463 4089 1595 4161 περὶ
1634 4081 1709 4143 ὧν
1743 4088 1799 4141 δὲ
1842 4088 1876 4159 ἡ

277 4196 400 4250 θεία
454 4191 654 4263 Γραφὴ
703 4187 997 4241 ἐθέσπισεν
1044 4183 1165 4255 ἦτοι
1214 4180 1647 4252 ἐνομοθέτησεν,
1694 4180 1755 4234 οὐ
1800 4179 1882 4233 δεῖ

274 4282 646 4359 ψηφίζεσθαι,
683 4280 821 4335 ἀλλὰ
857 4277 1062 4348 μᾶλλον
1095 4275 1414 4330 ἀκολουθεῖν
1445 4277 1557 4337 τοῖς
1594 4273 1882 4344 νενομοθε·

275 4381 566 4450 τημένοις.
601 4372 767 4425 Θείαν
798 4370 857 4424 δὲ
899 4368 1124 4439 Γραφὴν
1155 4369 1283 4431 τούς
1325 4383 1385 4420 τε
1428 4364 1607 4435 ἱεροὺς
1650 4364 1881 4427 κανόνας

1982 3195 2076 3236 eos
2115 3193 2309 3236 usuras
2353 3178 2602 3249 accipere
2652 3177 2963 3248 prohibent.
3002 3178 3252 3231 Decimus
3302 3179 3571 3244 septimus
3670 3204 3678 3211 -

1980 3284 2162 3333 autem
2201 3273 2388 3341 prima:
2419 3271 2607 3342 synodi
2641 3286 2812 3325 canon
2848 3287 2944 3326 eos
2971 3268 3297 3338 depositioni
3324 3268 3567 3337 subiicit.

1981 3363 2092 3420 Hos
2127 3379 2257 3435 ergo
2304 3376 2540 3418 canones
2568 3360 2762 3417 Patres
2789 3362 3048 3416 terminos
3079 3370 3353 3425 vocantes,
3395 3363 3573 3414 avari-

1980 3458 2110 3511 tiam
2142 3469 2206 3510 ac
2260 3448 2414 3522 turpe
2456 3453 2665 3507 lucrum
2714 3469 3005 3508 usurarum
3055 3454 3421 3520 acceptionem
3474 3467 3572 3505 no-

1981 3549 2274 3613 minantes,
2302 3555 2611 3600 statuerunt
2636 3546 2900 3599 terminos
2924 3544 3140 3597 Pnlrttm
3167 3548 3278 3597 sive
3307 3559 3567 3607 canones,

1983 3656 2089 3697 non
2135 3654 2259 3696 esse
2309 3637 2812 3706 transgrediemlos.
2848 3652 2947 3691 nec
2978 3620 3192 3691 clericis
3241 3651 3305 3688 ex
3343 3650 3399 3691 re
3430 3652 3568 3703 qua-

1982 3734 2115 3789 libet
2170 3746 2364 3787 usuras
2406 3729 3046 3797 accipiemlas;seilicet,
3083 3744 3187 3783 non
3231 3745 3294 3784 ex
3342 3729 3567 3799 pecunia

1983 3834 2168 3877 mutuo
2202 3824 2346 3887 data,
2386 3835 2484 3875 nec
2530 3834 2592 3873 ex
2644 3819 2922 3875 lruruento
2972 3823 3341 3889 commodata,
3376 3835 3471 3874 nec
3502 3834 3566 3874 ex

1983 3916 2086 3969 ulla
2142 3913 2244 3967 alia
2305 3912 2505 3980 specie.
2564 3912 2893 3977 Adjecerunt
2959 3924 3175 3981 autem,
3234 3914 3374 3980 quod
3448 3926 3568 3979 quae

1982 4021 2171 4063 recens
2214 4004 2430 4072 quidem
2491 4003 2631 4056 edita
2677 4012 2802 4055 sunt
2853 4017 2946 4056 seu
3001 4006 3254 4067 decreta,
3313 4017 3377 4054 ea
3440 4011 3567 4054 sunt

1984 4099 2215 4153 obscura
2272 4104 2327 4149 et
2371 4094 2622 4158 evanida,
2655 4105 2712 4146 ιιι
2740 4107 2860 4162 quae
2893 4093 3228 4162 ignorentur.
3274 4093 3348 4145 De
3374 4091 3568 4161 quibus

1983 4197 2159 4241 autem
2210 4184 2391 4239 divina
2423 4183 2703 4253 Scriptura
2740 4184 3048 4247 constituit,
3087 4197 3180 4236 seu
3217 4183 3387 4253 legem
3422 4183 3566 4249 tulit,

1982 4273 2091 4338 non
2120 4290 2332 4350 Oportet
2366 4277 2682 4342 decernere,
2719 4279 2811 4332 sed
2850 4291 2914 4331 ea
2946 4276 3148 4346 potius,
3197 4291 3315 4346 qum
3349 4277 3565 4331 decreta

1985 4379 2128 4437 sunt,
2165 4369 2340 4439 sequi.
2381 4367 2626 4422 Divinam
2657 4376 2839 4419 autem
2871 4366 3204 4434 Seriptnram
3242 4376 3350 4419 tmn
3376 4380 3567 4420 sacros

275 4434 617 4538 ὠνόμασαν,
653 4463 749 4517 καὶ
779 4466 881 4524 τὰς
915 4434 1193 4530 γραφίκάς
1230 4459 1454 4530 ῥήσεις,
1486 4434 1598 4510 οἷον
1630 4457 1721 4522 τὸ,
1759 4457 1881 4509 Οὐκ

1989 4434 2562 4523 canones-nominant,
2618 4469 2727 4510 tum
2757 4457 2898 4510 dicta
2962 4456 3283 4524 Scriptum,
3319 4466 3414 4511 ut:
3444 4455 3568 4511 Non
3628 4481 3638 4505 ι

275 4559 581 4626 ἐκτοκιεῖς
607 4557 677 4611 τὸ
710 4555 1000 4626 ἀργύριόν
1026 4565 1143 4609 σου
1173 4550 1253 4617 τῷ
1284 4548 1528 4619 ἀδελφῷ
1559 4566 1676 4602 σου
1701 4563 1715 4578 ο
1746 4548 1876 4613 καὶ,

280 4659 350 4713 Τὸ
382 4652 683 4723 ἁρτύριον
702 4645 894 4701 αὑτοῦ
925 4646 1040 4699 οὐκ
1069 4641 1298 4697 ἔδωκεν
1321 4639 1423 4695 ἐπὶ
1450 4641 1627 4705 τόκῳ,
1653 4641 1747 4693 καὶ
1777 4640 1878 4693 ὅσα

276 4747 534 4802 τοιαῦτα.
570 4739 705 4796 Εἶτα
734 4737 1216 4800 κατασκευάζουσι
1249 4735 1367 4797 πῶς
1399 4732 1603 4787 ἄτοπόν
1633 4735 1747 4786 ἐστι
1782 4734 1876 4786 καὶ

276 4838 522 4911 αἰσχρὸν
568 4835 632 4888 τὸ
674 4832 942 4896 δανείζειν
987 4830 1083 4883 ἐπὶ
1124 4830 1308 4892 τόκοις
1360 4828 1694 4898 ἱερωμένους
1721 4843 1734 4857 ο
1780 4827 1875 4880 καί

278 4947 456 5004 φασιν
483 4929 573 4995 ὅτι
600 4926 738 4996 ὅπερ
767 4926 824 4976 ὲν
853 4922 1068 4983 λαῖκοῖς
1090 4918 1432 5004 ,ἐπιλήψιμον
1462 4919 1603 4979 ἐστι,
1631 4917 1879 4970 τουτέστι

277 5000 487 5096 cicer.th
520 5020 619 5074 καὶ
652 5000 1118 5084 διαϐαλλόμενον]
1154 5010 1466 5073 ἀκολούθως
1501 5011 1559 5062 ὲν
1596 5008 1880 5079 κληρικοῖς

511 5112 720 5183 μᾶλλον
754 5109 964 5179 ὀφείλει
1000 5102 1494 5167 καταδικάζεσθαι.
1528 5102 1672 5172 Πρὸς
1707 5098 1883 5153 ταῦτα

280 5215 318 5284 η
366 5208 596 5269 σύνοδος
637 5199 826 5257 εἶπεν·
874 5200 1065 5261 Οὐδεὶς
1108 5205 1251 5251 κατα
1287 5196 1396 5249 τῶν
1436 5193 1755 5264 προφητῶν,
1793 5195 1886 5245 οὑ-

279 5307 396 5366 aee;
431 5302 583 5355 κατά
611 5296 707 5352 τοῦ
736 5294 1075 5363 Εὑαγγελίου
1107 5293 1274 5364 χωρὶς
1305 5287 1551 5344 κινδύνου
1583 5286 1840 5357 ἐποίησεν
1863 5301 1879 5317 ο

280 5396 458 5467 ἤγουν
487 5396 600 5455 ὅτι,
644 5388 770 5442 ἐπεὶ
807 5388 905 5441 καὶ
944 5388 1010 5456 τῇ
1051 5382 1384 5451 παλαιοτέρα
1408 5378 1612 5449 Τραφῇ
1655 5375 1879 5449 (ταύτην

280 5492 396 5563 γὰρ
443 5488 539 5540 διὰ
580 5484 690 5538 τῶν
734 5478 1035 5550 προφητῶν
1081 5473 1357 5549 ῂνίξαντο)
1406 5474 1502 5526 καὶ
1536 5475 1605 5543 τῇ
1648 5472 1747 5542 νέᾳ
1789 5470 1879 5563 (ην

280 5562 373 5636 δια
400 5577 499 5633 τοῦ
538 5573 884 5644 Εὐαγγελίου
913 5566 1206 5639 ὲνέφηναν)
1239 5565 1733 5645 ἀποτετραμμένον
1764 5562 1879 5616 ἐστὶ

280 5675 346 5730 τδ
374 5671 625 5740 τοκίζειν
646 5686 663 5704 ·
701 5666 881 5730 οὐδεὶς
917 5662 1089 5718 ποιῶν
1122 5661 1191 5714 τὰ
1227 5658 1654 5730 ἀπηγορευμένα
1689 5656 1883 5719 αὑταῖς

357 5867 406 5901 ’³
432 5862 607 5921 Deut.
640 5871 807 5938 ιξιιι,
861 5850 953 5909 l9.
1030 5848 1077 5885 “
1105 5847 1251 5908 Psal.
1317 5865 1426 5915 xw,
1470 5849 1524 5906 5.

226 6300 439 6392 '7ir—".

1985 4555 2134 4610 dabis
2166 4552 2325 4624 fratri
2352 4566 2440 4606 tuo
2463 4553 2739 4618 pecuniam
2760 4549 2829 4602 ad
2849 4565 3063 4601 usuram
3082 4550 3152 4617 ";
3172 4559 3244 4616 et,
3274 4547 3564 4604 Pecuniam

1982 4663 2135 4701 suam
2158 4660 2262 4698 non
2290 4642 2529 4711 exposuit
2553 4641 2720 4711 feuori
2747 4642 2814 4707 ",
2850 4650 2906 4693 et
2928 4655 3044 4708 qum
3070 4652 3201 4694 sunt
3234 4641 3564 4711 bujusmodi.

1984 4736 2188 4790 Deinde
2237 4735 2485 4803 probant,
2524 4732 2797 4802 quomodo
2829 4740 2985 4799 turpe
3021 4742 3101 4784 est
3131 4739 3186 4785 et
3245 4731 3561 4785 indecorum

1983 4830 2050 4884 iis
2085 4830 2175 4896 qui
2210 4824 2381 4880 sacris
2403 4825 2597 4878 initiati
2635 4834 2759 4878 sunt
2791 4822 3073 4885 fenerare,
3123 4830 3177 4874 et
3210 4822 3394 4875 dicunt
3420 4823 3566 4890 quod

1988 4920 2035 4977 si
2069 4917 2121 4972 in
2147 4917 2298 4971 laicis
2328 4914 2455 4985 quid
2481 4922 2565 4969 est
2587 4912 3109 4983 reprehendemlnm,
3148 4911 3250 4966 hoc
3288 4919 3392 4976 est,
3424 4910 3566 4966 vitu-

1981 5008 2277 5081 perandum
2303 5005 2505 5061 etvitio
2531 5004 2695 5075 519
2723 5003 3061 5065 vertendum,
3093 5015 3489 5072 consequenter
3511 5006 3565 5058 in

1980 5099 2191 5154 clericis
2237 5097 2398 5152 debet
2446 5096 2616 5149 multo
2669 5093 2839 5162 magis
2892 5094 3261 5149 condemnari.
3318 5096 3400 5149 Ad
3452 5095 3566 5149 haec

1981 5190 2219 5262 synodus
2270 5188 2462 5242 dixit:
2516 5184 2687 5240 Nemo
2740 5191 3001 5238 adversus
3051 5186 3363 5254 prOpbetas,
3407 5201 3568 5241 nemo

1988 5274 2247 5336 adversus
2293 5278 2643 5349 Evangelium
2700 5278 2819 5331 sine
2869 5279 3111 5346 periculo
3160 5277 3329 5333 iecit:
3363 5278 3414 5332 id
3459 5262 3563 5342 est,

1989 5372 2244 5443 quaninm
2295 5380 2351 5426 et
2403 5368 2581 5423 Veteri
2618 5368 2964 5424 Testamento
3011 5371 3086 5440 (id
3130 5372 3272 5424 enim
3308 5385 3402 5438 per
3435 5386 3562 5439 pro-

1986 5467 2175 5534 phetas
2209 5460 2603 5532 signiﬁcabant)
2630 5470 2685 5516 et
2719 5459 2867 5517 Novo
2892 5462 3055 5531 (quod
3090 5477 3188 5532 per
3215 5459 3564 5530 Evangelium

1985 5555 2363 5621 ostendebant)
2407 5552 2735 5622 prohibitum
2768 5562 2851 5607 est
2909 5554 3194 5621 fenerare;
3248 5568 3408 5606 nemo
3441 5568 3562 5621 quae

1990 5650 2045 5706 in
2092 5650 2197 5706 illis
2233 5648 2502 5720 prohibita
2550 5658 2674 5704 sunt
2723 5646 2930 5707 faciens
2973 5650 3269 5720 periculum
3321 5647 3561 5720 eli‘ugiet.
