4034 6404
482 360 554 421 39
1744 346 1845 405 ΤΗ
1856 343 1952 404 ΕΟ
1963 344 2029 402 ι).

2156 343 2472 405 ιΙιΒΑΜΟΝ
3658 350 3731 412 40

473 470 547 523 De
598 483 692 524 sua
744 465 886 520 enim
940 462 1202 535 dignitate
1261 462 1315 516 in
1360 458 1656 530 periculum
1706 459 1906 523 veniet,
1941 456 2046 510 hoc

2156 453 2470 520 ἐκφεύξεται
2509 456 2597 507 τὸν
2634 456 2899 512 κίνδυνον.
2940 459 3290 515 Κινδυνεύσει
3329 463 3437 535 γάρ
3477 466 3607 536 περὶ
3637 468 3733 536 τὴν

472 572 573 618 est.
626 558 967 625 deponetur.‘

538 647 792 702 ZONAR.
821 644 954 700 Cum
980 647 1045 700 de
1090 643 1467 698 interdicendo
1518 640 1730 697 clericis
1762 639 2036 695 fenerario

472 748 678 811 qttarsttt
729 740 817 794 hic
873 751 1046 791 canon
1098 747 1320 789 acturus
1349 733 1441 799 sit,
1497 732 1563 787 de
1612 730 1838 786 avaritia
1871 732 2047 813 primo

473 834 717 896 disserit,
765 844 992 898 eamque
1040 827 1280 883 omnium
1335 825 1594 880 malorum
1643 833 1919 894 parentem
1952 838 2049 893 ap-

473 924 653 993 pellat,
681 922 1189 986 continendamque,
1234 918 1336 972 hoc
1380 928 1464 971 est
1501 915 1851 970 coercendam
1886 925 2047 985 atque

475 1015 858 1085 nmputandam
890 1028 1011 1069 esse
1040 1010 1303 1076 decernit,
1340 1024 1407 1066 ne
1445 1024 1532 1063 res
1563 1009 1769 1063 alienas
1802 1008 2043 1073 invadat,

472 1107 665 1177 eisque
713 1108 988 1160 abutatur.
1038 1105 1278 1158 Abusum
1312 1114 1440 1156 vero
1470 1100 1845 1154 inconcessum
1875 1100 2047 1153 alicu-

471 1200 559 1267 ius
594 1198 673 1253 rei
704 1212 859 1251 usum
886 1194 1205 1249 nominavit.
1233 1192 1375 1247 Usus
1400 1204 1527 1245 vero
1581 1189 1656 1243 rei
1696 1190 2046 1243 inconcessus

473 1291 636 1345 etiam
689 1299 796 1351 est,
830 1286 1032 1356 aliquid
1063 1285 1305 1338 honestae
1330 1297 1511 1337 causa:
1544 1289 1928 1353 praetexentem
1961 1296 2049 1334 res

475 1381 679 1434 alienas
724 1379 960 1431 auferre.
995 1374 1151 1441 Nam,
1197 1382 1251 1429 et
1295 1375 1389 1443 qui
1430 1371 1702 1439 (onerant,
1755 1371 1910 1442 quasi
1956 1371 2047 1439 qui

473 1470 659 1525 fenore
691 1467 965 1538 accipiunt
1011 1466 1140 1520 illud
1196 1465 1251 1519 in
1308 1479 1463 1519 suum
1517 1465 1858 1519 commodum
1916 1477 2049 1517 con-

473 1571 709 1623 vertant,
761 1562 833 1613 ita
866 1574 930 1612 ex
978 1556 1163 1612 fenore
1212 1555 1364 1610 lucro
1404 1570 1525 1609 sese
1545 1554 1723 1624 [potiri
1755 1553 2046 1609 afﬁrmant.

475 1652 846 1707 ltesecandam
891 1651 1074 1718 itaque
1118 1649 1276 1702 aliter
1328 1647 1612 1702 avaritiam
1650 1656 1917 1712 autumat,
1961 1662 2044 1715 ac,

2148 545 2358 598 οἰκείαν
2389 548 2696 617 ἐπιτιμίαν,
2730 549 2976 604 τουτέστι
3008 552 3486 624 καθαιρεθήσεται.

2220 636 2469 691 ΖΩΝΔΡ.
2503 638 2641 708 Περὶ
2671 639 2764 693 τοῦ
2796 640 2873 711 μὴ
2901 643 3138 708 τοκίζειν
3171 644 3467 714 κληρικοὺς
3496 649 3525 702 6
3557 650 3735 703 κανὼν

2148 723 2509 792 διατάξασθαι
2567 729 2816 796 μέλλων,
2874 734 3005 811 περὶ
3062 735 3372 807 ἀπληστίας
3422 739 3734 807 διαλέγεται

2148 816 2388 887 πρῶτον,
2421 819 2516 873 καὶ
2546 819 2748 893 ταύτην
2778 821 2927 878 είναί
2957 842 3090 895 φησι
3119 828 3230 881 τῶν
3262 831 3448 885 κακῶν
3480 832 3737 889 ἀπάντων

2152 907 2390 978 μητέρα,
2431 910 2498 981 ἢν
2538 912 2635 964 καὶ⁸
2676 914 2899 984 ἐπέχειν
2941 916 3140 986 ὁρίζει,
3180 923 3432 975 τουτέστι
3479 923 3730 989 κωλύειν,

2148 998 2478 1054 ἀνακόπτειν
2499 1042 2514 1067 ,
2551 1001 2637 1056 ἵνα
2673 1003 2748 1075 μὴ
2779 1008 2891 1071 τοῖς
2922 1007 3229 1081 ἀλλοτρίοις
3260 1013 3605 1087 ἐπεμϐαίνῃ,
3637 1017 3736 1071 καὶ

2147 1091 2558 1162 κατακέχρηται
2608 1097 2811 1159 αὐτοῖς.
2854 1098 3211 1171 Κατάχρησιν
3259 1104 3304 1155 δ’
3333 1103 3587 1175 ὠνόμασε
3637 1106 3737 1179 τὴν
3797 1158 3808 1166 ,

2149 1182 2301 1250 παρά
2332 1183 2391 1235 τὸ
2427 1184 2544 1237 δέον
2573 1186 2804 1256 χρῆσινο
2839 1189 3036 1260 χρῆσις
3076 1192 3132 1245 δὲ
3180 1195 3330 1265 παρὰ
3361 1198 3420 1250 τὸ
3463 1198 3582 1253 δέον
3613 1200 3734 1253 ἐστὶ
3838 1253 3846 1263 ,

2148 1272 2244 1325 καὶ
2269 1272 2328 1325 τὸ
2354 1274 2684 1348 εύαφόρμως
2710 1277 2853 1348 τάχα
2877 1280 2946 1332 τὰ
2976 1281 3238 1353 ἀλλότρια
3264 1286 3643 1359 ἀφαιρεῖσθαι.
3669 1294 3736 1348 Ol

2148 1362 2257 1433 γὰρ
2292 1363 2630 1432 δανείζοντες
2665 1370 2759 1421 ἐπὶ
2792 1371 2994 1437 τόκοις,
3029 1374 3105 1437 ὼς
3135 1375 3300 1446 δῆθεν
3332 1379 3735 1451 ὠφελουμένων

2147 1455 2255 1508 τῶν
2290 1455 2713 1528 δανειζομένων,
2754 1462 2818 1514 ἐκ
2856 1463 2949 1515 τοῦ
2990 1465 3185 1530 δάνους
3226 1470 3362 1534 φασὶ
3404 1472 3497 1524 καὶ
3532 1474 3737 1539 αὐτοὺς
3773 1515 3777 1520 -

2150 1548 2520 1619 συμμετέχειν
2548 1552 2641 1603 τοῦ
2676 1553 2925 1621 κέρδους.
2959 1555 3070 1610 Καὶ
3103 1558 3279 1623 ἄλλως
3309 1561 3366 1613 δὲ
3400 1562 3736 1619 ἀνακόπτειν

2142 1637 2263 1700 δεῖ,
2303 1642 2473 1711 φησι,
2509 1641 2606 1714 τὴν
2644 1628 2957 1711 πλεονεξίαν
2979 1690 2994 1712 ,
3032 1649 3121 1702 [va
3158 1650 3233 1721 μὴ
3270 1651 3356 1703 διὰ
3389 1652 3578 1722 κέρδος
3607 1655 3738 1718 τοὺς

475 1759 544 1799 ne
594 1744 726 1797 lucri
764 1742 1061 1811 cupiditate
1091 1739 1417 1795 constitutos
1448 1753 1476 1791 a
1505 1736 1757 1793 Patribus
1789 1739 2048 1793 terminos

2156 1729 2256 1782 τῶν
2285 1731 2545 1794 Πατέρων
2575 1734 2734 1804 ὄρους
2764 1754 2846 1801 τις
2878 1738 3207 1813 ὑπερϐαίνῃ,
3236 1744 3395 1813 ὄρους
3421 1745 3531 1798 τῶν
3561 1748 3738 1801 Πατέ-

474 1835 744 1904 quispiam
781 1832 1073 1896 transiliat,
1108 1830 1516 1900 providendum.
1560 1826 1844 1883 Tertninos
1883 1842 2048 1899 porro

2156 1838 2262 1891 ρων
2291 1823 2421 1885 τοὺς
2458 1826 2639 1894 ἱεροὺς
2674 1828 2908 1894 κανόνας
2947 1831 3152 1887 καλῶν.
3181 1834 3249 1886 '0
3281 1850 3341 1888 τε
3380 1835 3488 1907 γάρ
3530 1836 3611 1909 μδ¹
3638 1856 3739 1893 κα-

473 1924 693 1980 Patrum
725 1939 912 1979 sacros
945 1936 1185 1978 canones
1211 1920 1534 1976 nominavit.
1580 1920 1712 1973 Nam
1744 1929 1798 1975 et
1828 1930 2048 1975 sancto-

475 2034 592 2071 rutn
634 2017 997 2086 apostolorum
1039 2025 1235 2082 quarto
1280 2023 1334 2068 et
1371 2012 1790 2085 quadragesimo
1816 2027 2045 2081 canone,

471 2109 610 2163 sacri
656 2109 866 2162 ordinis
916 2107 1225 2162 hominibus
1257 2104 1506 2160 fenerare
1538 2119 1602 2158 ne
1630 2103 1816 2169 liceat,
1846 2103 2046 2160 consti-

472 2210 666 2254 tutum.
691 2199 759 2254 Et
778 2199 963 2268 primae
980 2198 1330 2253 oecumenica:
1349 2195 1539 2268 synodi
1569 2195 1779 2251 decimo
1798 2195 2045 2264 septimo,

468 2291 561 2361 qui
614 2300 964 2345 recensentur
1016 2290 1068 2342 in
1114 2303 1341 2353 canone,
1418 2288 1464 2342 si
1529 2270 1681 2341 fenus
1736 2297 2045 2353 exerceant,

471 2381 815 2451 depositione
845 2380 1143 2435 multantur
1166 2389 1222 2435 et
1273 2378 1723 2433 condemnantur.
1753 2376 1820 2431 Et
1853 2376 2050 2431 Laodi-
2092 2430 2099 2437 _

471 2487 619 2527 cenzc
664 2474 855 2543 synodi
893 2487 1065 2526 canon
1097 2471 1131 2527 4
1182 2468 1353 2524 sacris
1383 2468 1623 2523 initiatos
1668 2483 1779 2523 rem
1814 2468 2048 2536 aliquam

473 2567 661 2619 fenore
684 2565 865 2619 locare
892 2562 1114 2618 omnino
1152 2570 1322 2617 vetat.
1356 2559 1469 2615 llos
1503 2575 1632 2630 ergo
1674 2575 1911 2616 canones
1950 2559 2050 2613 Pa-

475 2669 620 2711 trum
652 2656 912 2711 terminos
943 2653 1288 2725 nuncupavit.
1323 2651 1623 2708 Resecetur
1651 2666 1804 2717 vero,
1853 2651 2049 2722 inquit,

474 2747 814 2818 inexplebilis
859 2746 1087 2801 habendi
1119 2745 1414 2815 cupiditas,
1463 2753 1524 2798 ut
1567 2758 1637 2799 ne
1687 2743 1887 2799 clerico
1934 2743 2051 2796 cui-

472 2854 634 2909 quam
681 2852 895 2902 usuras,
931 2851 1254 2908 quacunque
1286 2834 1503 2890 deruunt
1532 2848 1600 2889 ex
1656 2848 1738 2900 re,
1774 2833 2053 2904 percipere

475 2930 584 2985 ullo
630 2931 788 2984 modo
818 2928 995 2983 liceat.
1060 2925 1174 2981 Nec
1206 2927 1351 2981 enim
1415 2927 1645 2997 pecunia
1690 2925 2050 2991 solummodo,

475 3022 571 3076 sed
597 3019 929 3075 frumentum
983 3033 1224 3089 quoque,
1263 3019 1449 3074 vinum
1501 3027 1554 3071 et
1578 3017 1779 3081 oleum,
1839 3015 2052 3085 aliaque

2149 1912 2257 1967 νὼν
2299 1914 2407 1969 τῶν
2447 1916 2765 1973 ἀποστόλων
2808 1921 2870 1974 τὸ
2914 1922 3183 1989 δανείζειν
3226 1926 3353 1990 τοὺς
3403 1927 3736 1997 ίερωμένους

2149 2007 2241 2061 ἐπὶ
2270 2009 2449 2073 τόκοις
2479 2011 2838 2084 ἀπαγορεύει,
2872 2015 2967 2069 καὶ
2991 2016 3021 2069 ό
3045 2015 3144 2085 τῆς
3172 2016 3398 2090 πρώτης
3426 2023 3736 2093 οίκουμενι-

2149 2098 2252 2167 κῆς
2287 2101 2508 2154 συνόδου
2547 2101 2610 2166 ιζ’
2634 2103 2817 2158 κανὼν
2847 2104 3170 2174 καθαιρέσει
3202 2107 3607 2163 καθυποόἀλλει
3641 2113 3737 2166 καὶ

2149 2190 2505 2255 καταδικάζει
2545 2195 2673 2258 τοὺς
2715 2197 2775 2248 ὲν
2816 2194 2895 2266 τῷ
2938 2196 3126 2251 κανόνι
3171 2197 3597 2269 ἐξεταζομένους
3640 2203 3737 2257 ἐπὶ

2148 2285 2327 2348 τόκοις
2362 2285 2733 2351 δανείζοντας.
2765 2287 2878 2341 Kal
2908 2290 2937 2340 6
2966 2288 3068 2357 τῆς
3101 2291 3158 2342 ἐν
3188 2289 3483 2363 Λαοδικείᾳ
3516 2295 3734 2349 συνόδου

2148 2371 2190 2427 δ’
2217 2375 2399 2429 κανὼν
2424 2378 2726 2448 ἀποτρέπει
2754 2379 2867 2440 τοῖς
2899 2379 3198 2447 ἱερατικοῖς
3221 2379 3284 2433 τὸ
3311 2379 3408 2433 hri
3434 2383 3613 2448 τόκοις
3639 2384 3734 2438 δα-

2149 2466 2367 2532 νείζειν.
2402 2469 2639 2533 Τούτους
2668 2465 2763 2523 οὖν
2792 2471 2921 2534 τοὺς
2955 2470 3187 2536 κανόνας
3219 2471 3381 2542 ὄρους
3414 2474 3523 2531 τῶν
3556 2477 3734 2532 Πατέ-

2152 2575 2263 2630 ρων
2297 2559 2577 2617 ἐκάλεσεν.
2607 2561 3023 2618 ’Δνακοπτέσθω
3047 2564 3124 2632 δὲ,
3155 2569 3348 2637 φησὶν,
3376 2570 3410 2638 ἡ
3435 2560 3745 2640 ἀπληστία,

2150 2652 2249 2703 καὶ
2281 2650 2370 2703 ῐνα
2406 2652 2482 2721 μὴ
2517 2652 2613 2723 έξῇ
2650 2653 2899 2725 κληρικῷ
2932 2656 3208 2737 οίῳδήτινι
3239 2659 3399 2714 τόκον
3430 2658 3735 2730 λαμϐάνειν

2152 2740 2259 2795 ἀπὸ
2291 2743 2611 2815 οίουδήποτε
2648 2744 3001 2815 πράγματος.
3036 2748 3112 2802 Οὐ
3153 2750 3315 2819 μόνον
3347 2751 3461 2822 γὰρ
3492 2752 3738 2823 ἀργύρια

2152 2834 2509 2903 δανείζονται,
2539 2836 2675 2890 ἀλλά
2707 2840 2801 2891 καὶ
2832 2842 2979 2902 σῖτος
3009 2841 3106 2893 καὶ
3134 2835 3279 2905 οἶνος
3309 2842 3403 2895 καὶ
3433 2842 3611 2894 ἔλαιον
3640 2842 3735 2895 καὶ

2158 2924 2343 2997 μυρία·
2365 2926 2530 2991 lupa
2566 2927 2702 3000 εῖδη.
2738 2928 2851 2982 Καὶ
2885 2928 3077 3001 ὥσπερ
3114 2932 3347 2987 ἐπὶτῶν
3378 2932 3733 3003 νομισμάτων

2158 3021 2533 3088 συμφωνεῖται
2570 3018 2809 3073 δίδοσθαι
2846 3022 3023 3086 τόκος,
3059 3020 3203 3078 οὕτω
3245 3025 3341 3077 καὶ
3384 3025 3479 3077 ἐπὶ
3510 3024 3618 3078 τῶν
3660 3026 3738 3077 εί-

476 3127 668 3167 rerum
722 3110 918 3183 genera
982 3110 1400 3166 innumerabilia
1445 3108 1621 3164 fenori
1678 3106 1946 3162 locantur.
1986 3106 2049 3160 Et

2156 3108 2280 3165 δῶν.
2312 3111 2584 3175 Δανείζων
2615 3114 2724 3183 γάρ
2755 3129 2839 3176 τις
2875 3115 3021 3168 σῖτον
3052 3115 3214 3185 τυχὸν
3249 3114 3465 3182 μοδίους
3499 3115 3732 3181 ἑκατὸν,

473 3205 926 3273 quemadmodum
960 3202 1011 3256 in
1051 3201 1300 3274 pecunia,
1333 3200 1407 3253 ita
1441 3214 1506 3254 ex
1570 3199 1820 3255 condicto
1873 3214 2053 3254 usurae

2156 3206 2439 3271 συμφωνεῖ
2485 3204 2673 3259 λαὸεἰν
2724 3205 2866 3275 μετὰ
2917 3208 3112 3277 καιρὸν
3159 3207 3466 3279 ὡρισμένον
3518 3209 3736 3280 μοδίους

475 3297 529 3351 in
560 3297 682 3351 aliis
707 3311 886 3351 rerum
922 3296 1217 3364 generibus
1269 3296 1584 3361 exiguntur.
1648 3290 1801 3346 Datis
1860 3306 2053 3360 nempe

2156 3295 2413 3348 ἐπέκεινα
2452 3295 2667 3364 τόσους,
2713 3299 2808 3351 καὶ
2853 3297 2948 3352 ἐπὶ
2989 3299 3100 3353 τῶν
3144 3300 3321 3354 ἄλλων
3364 3301 3588 3371 ὁμοίως.
3618 3301 3737 3355 Ἵνα

475 3393 767 3462 quispiam,
799 3391 1033 3460 exempli
1076 3402 1263 3452 causa,
1301 3386 1509 3441 mutuis
1541 3395 1759 3440 centum
1797 3383 2052 3438 frumenti

2156 3385 2247 3440 οὖν
2288 3388 2362 3458 μὴ
2400 3389 2814 3461 περιγράφηται
2854 3393 2882 3445 6
2922 3389 3128 3458 κανὼν,
3164 3392 3480 3463 νομίσματα
3522 3393 3621 3462 μὲν
3662 3392 3738 3464 μὴ

480 3486 699 3550 modiis,
734 3484 1004 3554 praeﬁnito
1032 3490 1277 3551 tempore
1311 3479 1500 3548 elapso
1553 3487 1768 3533 centum
1806 3492 1865 3531 se
1902 3478 2051 3531 insu-

2156 3477 2510 3541 δανειζόντων
2545 3481 2639 3532 ἐπὶ
2674 3480 2819 3550 τόκῳ
2849 3480 2958 3535 τῶν
2997 3482 3344 3553 ἱερωμένων,
3383 3485 3443 3535 ἐν
3477 3484 3642 3537 είδεσι
3680 3485 3740 3538 δέ

412 3634 425 3645 ,
478 3594 579 3649 per
626 3576 934 3632 modiorum
989 3588 1274 3629 numerum
1338 3578 1691 3640 accepturum
1742 3569 2051 3641 paciscitur,

2156 3568 2314 3622 τοῦτο
2365 3571 2696 3636 ποιούντων,
2740 3572 3069 3642 προσέθεντο
3112 3574 3163 3628 οί
3208 3574 3491 3646 Πατέρες,
3538 3575 3741 3648 οίουδή-

479 3668 640 3735 idque
670 3668 725 3720 in
756 3666 879 3720 aliis
900 3665 1091 3720 eodem
1127 3664 1309 3717 modo.
1338 3659 1418 3716 Ne
1462 3660 1587 3730 quis
1617 3660 1781 3730 igitur
1818 3669 1964 3714 esset
1999 3660 2053 3713 in

2156 3679 2289 3715 ποτε
2328 3664 2675 3735 πράγματος.
2719 3663 2831 3717 Kal
2868 3665 2936 3718 τὰ
2980 3664 3080 3735 μὲν
3106 3656 3315 3721 ’νεωστὶ
3353 3667 3738 3739 ἀνενεχθέντα,

479 3759 837 3813 adulterando
862 3770 1066 3811 canone
1088 3754 1263 3809 fraudi
1315 3752 1488 3817 locus,
1518 3753 1593 3807 ita
1640 3760 1758 3807 uta
1823 3751 2052 3821 pecunia

2156 3752 2434 3807 τουτέστιν
2456 3742 2903 3825 ύπομνησθέντα,
2930 3758 3116 3826 φασὶν,
3141 3758 3369 3828 ἀμαυρά
3392 3758 3545 3826 ὄντα,
3569 3760 3739 3832 ἧγουν

479 3848 694 3916 quidem
725 3846 1043 3911 fenerauda,
1076 3862 1180 3901 non
1209 3855 1387 3900 tamen
1418 3848 1485 3899 ab
1522 3844 1704 3899 usuris
1737 3858 1802 3900 ex
1826 3845 2053 3897 aliarum

2156 3846 2370 3917 ἀσαφῆ,
2401 3849 2655 3901 σκοτεινά
2676 3888 2690 3913 ,
2721 3848 3067 3918 ἀγνοούμενα
3088 3888 3104 3914 ,
3132 3850 3585 3920 τυπωθήσονται,
3617 3850 3744 3905 ἀντὶ

479 3957 662 3998 rerum
716 3941 1015 3996 mutatione
1038 3940 1359 4008 colligendis
1400 3939 1599 3993 sacrati
1630 3939 1878 3992 homines
1931 3935 2053 3989 abs-

2156 3937 2250 3990 τοῦ
2290 3937 2675 4009 όρισθήσονται
2714 3936 2847 4008 παρ’
2872 3940 3030 4010 ἡμῶν
3073 3941 3448 4010 σκοπούμενα,
3489 3940 3525 3996 ἀ
3567 3942 3663 3996 καὶ
3706 3943 3744 4012 ἡ

478 4035 752 4098 tiuerent;
804 4032 1009 4087 idcirco
1035 4030 1249 4095 Patres,
1286 4043 1355 4083 ne
1376 4042 1804 4098 erquacunque
1846 4042 1905 4081 re
1958 4026 2056 4081 de-

480 4139 626 4179 mum
663 4138 861 4178 usuras
905 4122 1185 4191 percipere
1217 4120 1399 4184 liceat,
1431 4120 1705 4175 addidere.
1734 4119 1813 4172 Ac
1838 4132 1901 4172 ea
1936 4118 2053 4188 qui-

2157 4120 2287 4187 περὶ
2323 4120 2546 4172 ἐκείνων
2580 4118 2641 4172 οὐ
2680 4119 2763 4171 δεῖ
2795 4118 3153 4190 ψηφίζεσθαι,
3192 4122 3475 4175 τουτέστιν
3512 4123 3745 4190 ἀποφαίο

478 4214 622 4281 dem,
653 4212 925 4281 inquiunt,
955 4226 1076 4281 qua:
1132 4209 1296 4265 relata
1348 4224 1543 4278 nuper,
1603 4210 1705 4263 hoc
1753 4218 1856 4271 est,
1903 4209 2053 4264 nobis

2159 4212 2377 4278 νεσθαι,
2408 4212 2544 4266 ἀλλά
2579 4213 2673 4265 καὶ
2706 4212 2938 4265 ἕπεσθαι
2973 4214 3067 4266 καὶ
3101 4213 3421 4268 ἀκολουθεῖν
3452 4216 3568 4279 τοῖς
3600 4230 3745 4269 νενο-

479 4302 786 4372 signiﬁcata
818 4310 966 4366 sunt,
1019 4297 1250 4353 obscura
1305 4299 1526 4368 quippe,
1562 4298 1613 4351 id
1664 4306 1769 4363 est,
1828 4299 2053 4364 incerta,

2161 4304 2575 4376 μοθετημένοις.
2601 4303 2765 4357 Θείαν
2794 4304 2849 4357 δὲ
2878 4303 3104 4374 Γραφὴν
3130 4304 3258 4368 τούς
3284 4322 3345 4358 τε
3379 4306 3560 4377 ἱεροὺς
3589 4306 3747 4359 κανόο

482 4392 720 4448 involuta
747 4391 983 4447 tenebris
1017 4401 1071 4446 et
1104 4391 1306 4462 ignota,
1342 4388 1787 4454 eil‘ormabuntur,
1820 4390 1920 4444 hoc
1950 4400 2052 4458 est,

2161 4412 2256 4460 va;
2275 4395 2548 4466 ὠνόμασε,
2567 4395 2665 4456 τὰς
2689 4394 2968 4463 γραφικάς
2993 4395 3205 4464 ῥήσεις,
3223 4395 3282 4447 τὸ
3307 4397 3430 4449 Οὐκ
3449 4396 3744 4463 ἐκτοκιεῖς

2156 4026 2278 4079 θεία
2304 4026 2495 4100 Γραφὴ
2520 4028 2828 4093 ἐθέσπισεν,
2858 4030 2978 4100 ἤτοι
3003 4029 3390 4101 ἐνομοθέτησε,
3419 4030 3740 4101 διωρίσατο,
3814 4036 3829 4049 “

481 4504 511 4542 a
541 4487 695 4541 nobis
724 4495 979 4540 accurate
1002 4486 1257 4539 meditata
1289 4484 1647 4538 delinientur:
1674 4498 1796 4554 quae
1825 4499 1955 4539 vero
1972 4486 2055 4539 di-

482 4577 621 4632 vina:
653 4576 948 4647 Scriptura:
976 4576 1212 4630 oraculis
1270 4577 1611 4646 praescripta,
1675 4577 1789 4632 sive
1851 4578 2058 4631 consti-

483 4680 619 4735 tuta,
644 4671 862 4722 decreta
894 4677 1044 4734 sunt,
1069 4668 1201 4721 nihil
1220 4668 1288 4721 de
1324 4667 1389 4721 iis
1418 4669 1710 4736 quidquam
1742 4670 2054 4734 decernere,
2086 4672 2087 4675 “

464 4750 585 4813 ΔΙιοο
614 4770 694 4812 est
721 4798 736 4822 ,
793 4759 1129 4812 constituere
1152 4796 1167 4822 ,
1223 4759 1318 4812 sed
1347 4771 1410 4810 ea
1438 4795 1455 4821 ,
1492 4773 1611 4826 qua:
1663 4758 1776 4828 jam
1836 4759 2055 4813 deﬁnita

481 4862 629 4917 sunt,
657 4852 810 4920 sequi
839 4864 904 4903 ac
932 4864 1151 4903 servare
1180 4857 1415 4917 Oportet.
1447 4848 1650 4903 Divina:
1711 4864 1874 4916 porro
1904 4850 2056 4905 Scri-

482 4950 655 5008 pturae
679 4940 1038 5009 appellatione
1107 4953 1291 4992 sacros
1346 4953 1585 4993 canones
1643 4954 1708 4992 ac
1758 4937 2056 5011 Scriptura:

482 5032 789 5086 testimonia
822 5031 1171 5100 signiﬁcavit,
1204 5030 1361 5100 quale
1385 5030 1515 5085 illud
1566 5040 1680 5085 est:
1716 5029 1838 5084 Non
1901 5030 2056 5086 dabis

483 5123 640 5192 fratri
667 5131 756 5175 tua
777 5124 1053 5193 pecuniam
1087 5124 1156 5176 ad
1179 5139 1432 5191 usuram;
1458 5132 1512 5179 et
1540 5123 1693 5190 illud,
1764 5121 2057 5179 Pecuniam

483 5230 631 5268 suam
682 5232 785 5268 non
809 5214 954 5268 dedit
984 5216 1053 5269 ad
1088 5232 1331 5280 usuram,
1359 5227 1413 5271 et
1436 5230 1771 5286 quacunque
1820 5217 1924 5271 alia
1958 5218 2057 5271 bu-

478 5306 714 5376 jusmodi
750 5309 1115 5379 reperiuntur.
1180 5307 1318 5363 Hinc
1346 5309 1610 5363 rationem
1675 5324 1914 5379 quoque,
1961 5325 2059 5364 cur

487 5405 722 5459 sacratis
768 5404 1079 5461 hominibus
1120 5403 1372 5460 fenerare
1423 5405 1740 5460 indecorum
1785 5421 1850 5461 ac
1901 5415 2059 5476 turpe

485 5499 576 5562 sit,
602 5494 897 5565 explicant.
922 5495 1074 5561 Quod
1133 5495 1277 5549 enim
1331 5495 1382 5549 iu
1447 5494 1623 5561 laicis,
1658 5497 1930 5566 inquiunt,
1971 5512 2059 5550 au-

486 5600 601 5641 sam
642 5586 1079 5657 reprehensionis
1106 5587 1331 5656 prwbet,
1364 5587 1466 5643 hoc
1515 5597 1620 5656 est,
1682 5589 2060 5658 vituperationi

488 5680 969 5750 criminationique
1023 5680 1318 5735 obnoxium
1371 5689 1492 5747 est,
1551 5682 1722 5736 multo
1778 5681 1949 5752 magis
2005 5682 2059 5738 in

488 5774 700 5830 clericis
733 5774 896 5833 luerit
918 5775 1410 5832 condemnandum.
1432 5775 1511 5831 Ad
1544 5775 1658 5831 lucc
1702 5777 1933 5845 synodus
1965 5791 2058 5834 ne-

2163 4486 2226 4539 τό
2252 4486 2539 4554 ἀργύριόν
2554 4499 2672 4540 σου
2688 4484 2769 4550 τῷ
2792 4482 3033 4553 ἀδελφῷ
3056 4501 3196 4550 σου,
3215 4485 3311 4539 καὶ
3327 4487 3407 4553 τὸ,
3435 4487 3747 4557 Ἀργύριον

2163 4576 2349 4630 αὐτοῦ
2376 4578 2488 4630 οὐκ
2515 4575 2739 4629 ἔδωκεν
2761 4576 2860 4629 ἐπὶ
2889 4577 3061 4644 τόκῳ,
3091 4575 3185 4628 καὶ
3210 4577 3310 4629 ὅσα
3332 4576 3579 4632 τοιαῦτα.
3608 4573 3743 4633 Εἶτα

2165 4668 2261 4721 καὶ
2290 4666 2763 4730 κατασκευάζουσι
2791 4665 2909 4729 πῶς
2935 4667 3136 4721 ἄτοπόν
3162 4670 3279 4720 ἐστι
3309 4670 3403 4721 καὶ
3433 4671 3656 4741 αίσίρδν
3682 4644 3743 4726 τὸ

2165 4757 2431 4822 δανείζειν
2458 4757 2552 4810 Earl
2581 4759 2761 4820 τόκοις
2790 4759 2915 4821 τοὺς
2948 4759 3305 4828 ίερωμένους,
3339 4760 3434 4813 καί
3466 4777 3630 4829 φασιν
3659 4764 3743 4818 δτι

2165 4851 2303 4920 ὅπερ
2334 4864 2392 4905 εν
2418 4852 2630 4913 λαῖκοῖς
2662 4849 2997 4921 ἐπιλήψιμόν
3026 4851 3196 4915 ἐστιν,
3227 4852 3395 4921 ἤγουν
3420 4852 3622 4921 ψεκτὸν
3648 4857 3743 4909 καὶ

2159 4943 2581 5013 διαϐαλλόμενον
2600 4982 2616 5007 ,
2645 4942 2961 5003 ἀκολούθως
2989 4945 3048 4997 ἐν
3076 4942 3177 5014 κλη
3191 4947 3366 5015 ρικοῖς
3400 4945 3580 5016 πολλῷ
3614 4947 3744 5016 μᾶλα

2161 5037 2253 5087 λον
2290 5035 2495 5103 ὀφείλει
2534 5034 3017 5099 καταδικάζεσθαι.
3055 5035 3200 5103 Πρὸς
3236 5035 3412 5088 ταῦτα
3451 5038 3485 5109 ή
3525 5037 3743 5102 σύνοδος

2162 5124 2317 5181 εἶπεν
2335 5143 2350 5158 ⁸
2379 5127 2570 5190 Οὐδεὶς
2600 5126 2743 5180 κατά
2774 5128 2885 5179 τῶν
2917 5127 3237 5198 προφητῶν,
3266 5126 3446 5189 οὐδεὶς
3476 5129 3621 5182 κατά
3648 5129 3745 5184 τοῦ

2163 5218 2499 5287 Εὑαγγελίου
2529 5221 2703 5290 χωρὶς
2737 5218 2984 5272 κινδύνου
3020 5217 3295 5288 ἐποίησεν.
3324 5218 3495 5273 Τοῦτο
3526 5218 3572 5273 δ’
3594 5219 3746 5274 ἐστιν

2160 5310 2188 5363 ὃ
2218 5305 2406 5364 εἷπον·
2429 5310 2532 5376 ὅτι,
2558 5311 2681 5364 ἐπεὶ
2707 5313 2801 5364 καὶ
2824 5312 2891 5381 τῇ
2924 5309 3263 5382 παλαιοτέρα
3280 5310 3507 5382 Γραφῇ,
3534 5313 3744 5384 ταύτην

2163 5403 2272 5474 γάρ
2302 5402 2392 5456 διά
2419 5402 2530 5456 τῶν
2557 5403 2855 5474 προφητῶν
2884 5402 3107 5473 ⁴ᾐνίξατο
3126 5443 3142 5468 ,
3176 5406 3269 5457 καὶ
3301 5407 3366 5476 τῇ
3397 5405 3524 5476 νέᾳ,
3557 5404 3626 5476 ἢν
3653 5405 3744 5460 διὰ

2162 5496 2256 5547 τοῦ
2299 5495 2631 5564 Εὐαγγελίου
2672 5497 2966 5564 ἐνέφηνεν,
3004 5497 3495 5566 ἀποτετραμμένον
3528 5498 3645 5548 ἐστὶ
3682 5496 3744 5548 τὸ

2162 5587 2433 5653 τοκίζειν,
2462 5586 2634 5649 οὐδεὶς
2670 5586 2840 5640 ποιῶν
2870 5586 2939 5640 τὰ
2970 5586 3400 5658 ἀπηγορευμένα
3433 5588 3626 5649 αὑταῖς
3658 5587 3746 5639 ἐκ-

2164 5681 2422 5751 φεύξεται
2463 5679 2563 5748 τὴν
2606 5678 2872 5735 κίνδυνον.
2916 5680 3273 5734 Κινδυνεύσει
3317 5679 3427 5750 γὰρ
3476 5681 3603 5751 περὶ
3642 5677 3744 5751 τὴν

2163 5776 2371 5832 οἰκείαν
2401 5774 2701 5846 ἐπιτιμίαν,
2728 5775 2975 5829 τουτέστι
3006 5774 3495 5839 καθαιρεθήσεται.
