4034 6388
559 315 628 375 43
1314 304 1317 307 “
1821 322 2101 386 rnnon.
2140 322 2545 385 BALSAMON
2960 277 2985 283 0
3140 270 3143 273 I
3746 330 3817 389 ιι

558 430 784 500 mystica
829 432 1100 499 peractio.
1171 435 1563 495 Reconciliatio
1625 440 2005 512 pmnitentiutn
2052 450 2121 492 est

2238 452 2332 504 ρου
2361 436 2592 507 τελετήο
2641 432 2964 507 καταλλαγὴ
2999 434 3412 507 μετανοούντων
3455 436 3518 490 τὸ
3564 435 3818 508 δέχεσθαι

560 537 746 576 eorum
776 523 864 592 qui
909 537 1161 592 peccant,
1201 529 1571 588 confessiones
1615 532 1823 597 audire,
1858 542 1915 587 et
1967 548 2062 588 eos
2107 548 2137 588 ιι

561 628 721 682 poena
767 619 1002 684 solvere,
1058 621 1254 688 quibus
1302 638 1462 690 paena
1525 625 1662 679 forte
1740 626 1979 695 injuncta
2029 637 2135 683 est.

562 705 799 763 Medicus
823 710 966 765 enim
990 714 1113 766 aniu
1137 729 1289 769 seeos
1304 715 1467 787 520
1480 716 1588 772 Deo
1605 719 1878 784 conciliat,
1906 734 2002 788 per
2026 734 2141 789 pm-

558 801 845 857 nitentiatn
896 812 951 858 et
999 808 1065 859 ad
1102 807 1152 860 id
1194 810 1337 876 quod
1362 810 1554 865 melius
1582 822 1665 865 est
1702 812 2132 866 conversionem.

562 893 871 949 Puellarum
906 906 1087 950 autem
1140 901 1508 966 consecratio,
1543 918 1647 956 non
1679 913 1758 957 est
1791 902 2137 957 diaconissa—

561 1001 681 1039 rum
715 1003 813 1056 per
847 1004 1101 1045 manuum
1131 991 1530 1062 impositionem
1567 996 1856 1060 ordinatio,
1895 995 1991 1051 sed
2019 1010 2137 1051 mos

562 1087 679 1131 erat
718 1080 923 1145 puellas
962 1081 1328 1150 virginitatem
1371 1086 1693 1151 profitentes
1736 1085 1804 1140 ad
1847 1086 2133 1140 ecclesiam

561 1170 853 1237 adduci,et
884 1187 979 1227 eas
1007 1174 1271 1242 episcopi,
1305 1185 1362 1228 ut
1399 1175 1507 1231 Deo
1538 1177 1839 1243 dedicatas,
1888 1193 1986 1245 per
2010 1192 2136 1244 pre-

560 1276 652 1315 ces
675 1264 1087 1329 consecrabant,
1137 1280 1430 1336 earumque
1475 1270 1734 1323 custodiae
1756 1284 1943 1323 curam
1978 1284 2136 1339 gere-

562 1354 715 1418 bant,
743 1364 799 1406 ut
837 1371 901 1409 ex
932 1355 1002 1409 44
1036 1371 1245 1413 canone
1270 1360 1554 1427 praesentis
1577 1360 1767 1431 synodi
1799 1362 2133 1414 declaratur.

561 1445 683 1499 [huc
729 1461 859 1518 ergo
916 1464 943 1501 a
1001 1451 1336 1521 presbyteris
1396 1452 1509 1506 fieri
1556 1453 1832 1522 prohibuit
1859 1454 2133 1523 synodus,

558 1541 1012 1606 quemadmodum
1072 1552 1126 1596 et
1182 1543 2136 1614 templorumconsecrationetn;et

556 1643 745 1682 eorum
779 1628 1091 1685 facultatem
1150 1633 1299 1688 dedit
1343 1635 1703 1690 antistitibus.
1736 1635 1869 1689 illud
1926 1644 2131 1699 autem,

556 1718 777 1785 publico
806 1722 881 1775 rei
908 1737 1082 1776 sacra:
1121 1722 1423 1778 ministerio
1466 1726 1847 1790 reconciliare,
1878 1737 1961 1780 est
1986 1727 2132 1796 ejus-

2240 526 2536 596 λογισμοὺς
2570 527 3032 599 ἁμαρτανόντων,
3067 530 3163 582 καὶ
3194 526 3343 581 λύειν
3373 528 3498 591 τοὺς
3528 527 3660 592 ἴσως
3691 531 3812 583 ἐπι-

2240 621 2571 691 τιμηθέντας
2598 625 2662 676 ἐκ
2691 621 2786 675 τοῦ
2813 622 3117 692 ἐπιτιμίου.
3152 620 3536 675 Καταλλάσσει
3565 623 3673 693 γὰρ
3696 622 3817 676 τού-

2238 729 2367 776 τους
2399 715 2428 767 ό
2459 712 2690 784 ψυχικὸς
2728 713 2914 785 ἰατρὸς
2945 716 3083 784 μετὰ
3112 714 3207 766 τοῦ
3235 712 3374 765 Θεοῦ
3404 713 3491 766 διὰ
3520 716 3619 783 τῆς
3655 729 3817 782 μετα-

2239 804 2389 868 νοίας
2424 806 2520 859 καὶ
2549 805 2648 873 τῆς
2684 806 2821 877 πρὸς
2856 805 2918 859 τὸ
2953 807 3202 875 κρεῖττον
3233 807 3596 875 ἐπιστροφῆς.
3627 806 3819 874 Κορῶν

2234 893 2295 949 δὲ
2348 896 2675 966 καθιέρωσις
2728 896 2851 966 οὐχὶ
2894 896 3252 951 διακονισσῶν
3288 896 3600 968 χειροθεσία
3636 897 3818 950 ἐστίν’

2238 987 2356 1041 ἀλλ’
2388 987 2508 1049 ἔθος
2540 983 2606 1058 ἦν
2640 988 2814 1057 κόρας
2855 988 3232 1057 προσάγεσθαι
3267 992 3336 1059 τῇ
3374 988 3644 1059 ἐκκλησίᾳ
3675 1004 3818 1058 παρ·

2240 1077 2422 1131 θενίαν
2477 1078 2866 1148 ὁμολογούσας,
2918 1078 3012 1131 καὶ
3064 1078 3262 1141 ταύτας
3304 1080 3354 1131 οί
3408 1078 3694 1132 ἐπίσκοποι
3745 1079 3819 1131 δι’

2238 1169 2418 1237 εὐχῶν
2475 1171 2791 1240 καθιέρουν,
2847 1169 2925 1232 ὡς
2975 1170 3335 1231 ἀνατεθείσας
3393 1170 3471 1239 τῲ
3525 1170 3666 1239 Θεῷ,
3727 1170 3819 1222 καὶ

2236 1264 2435 1316 ἐκεῖνοι
2463 1262 2781 1333 ἐφρόντιζον
2809 1264 2906 1332 τῆς
2934 1262 3186 1331 φυλακῆς
3216 1262 3397 1317 αὐτῶν
3420 1260 3605 1325 καθὼς
3631 1261 3819 1331 δηλοῦο

2235 1368 2323 1403 ται
2368 1352 2477 1405 ἀπὸ
2529 1352 2623 1406 τοῦ
2683 1350 2761 1422 μδ¹
2815 1354 3039 1415 κανόνος
3093 1353 3191 1423 τῆς
3246 1352 3531 1423 παρούσης
3577 1352 3817 1407 συνόδου.

2235 1442 2421 1497 Ταῦτα
2469 1439 2562 1497 οὖν
2597 1443 2845 1512 γίνεσθαι
2886 1444 3042 1514 παρὰ
3087 1443 3478 1514 πρεσϐυτέρων
3517 1443 3550 1513 ἡ
3603 1440 3817 1504 σύνοδος

2235 1535 2617 1605 ἀπηγόρευσεν
2637 1572 2652 1596 ,
2678 1535 2871 1606 ὥσπερ
2898 1536 2994 1589 καὶ
3012 1537 3111 1606 τὴν
3137 1535 3247 1588 τῶν
3278 1535 3423 1586 ναῶν
3446 1533 3776 1602 καθιέρωσιν
3802 1547 3816 1563 ⁸

2237 1627 2332 1678 καὶ
2355 1625 2560 1681 δέδωκε
2592 1626 2691 1695 τὴν
2722 1627 2972 1691 ἐξουσίαν
3002 1626 3181 1681 αὐτῶν
3213 1630 3329 1691 τοῖς
3360 1625 3705 1697 ἀρχιερεῦσι.
3743 1625 3814 1678 Tt

2233 1717 2290 1770 δὲ
2346 1717 2680 1784 καταλλάξαι
2732 1723 2814 1782 εἰς
2862 1720 3129 1790 δημοσίαν
3172 1718 3517 1791 λειτουργίαν
3575 1717 3814 1772 τοιούτόι

557 1811 723 1864 modi.
758 1810 821 1876 li,
855 1812 1051 1879 quibus
1083 1825 1244 1880 paena
1296 1814 1540 1884 iniuncta
1570 1823 1674 1879 est,
1708 1817 1913 1885 quique
1935 1831 2121 1869 arcen-

2234 1811 2400 1865 ἐστιν.
2428 1812 2493 1863 Οἱ
2518 1812 2956 1880 ἐπιτιμηθέντες,
2984 1813 3076 1865 καὶ
3099 1814 3196 1881 τῆς
3227 1813 3526 1878 ἐκκλησίας
3563 1811 3821 1881 εἰργόμε-

555 1904 743 1957 tur-ab
794 1904 1064 1969 ecclesia,
1110 1921 1221 1961 non
1276 1907 1667 1977 permittuntur
1724 1924 1846 1963 cum
1882 1910 2133 1963 lidelibus

2235 1903 2424 1966 νοι,ού
2471 1903 2925 1974 παραχωροῦνται
2985 1905 3336 1958 συνίστασθαι
3395 1903 3531 1972 μετὰ
3579 1905 3687 1956 τῶν
3728 1919 3821 1955 π.-

555 1996 880 2060 consistere,
936 1999 1029 2050 sed
1086 2014 1182 2067 per
1235 2014 1297 2055 se
1353 2000 1523 2055 Deum
1559 2001 1783 2056 laudare
1814 2016 1920 2056 non
1944 2002 2121 2070 prohi-

2236 1997 2399 2059 στών,
2424 1996 2545 2049 καθ’
2576 1998 2803 2059 ἑαυτοὺς
2837 1998 2893 2051 δὲ
2927 2000 3114 2067 ὑμνεῖν
3134 1998 3223 2050 τὸν
3249 1997 3380 2048 Θεὸν
3409 1998 3467 2048 ού
3496 1995 3817 2049 κωλύονται.

557 2085 775 2140 bentur.
810 2087 1040 2152 Quando
1070 2098 1252 2144 autem
1306 2105 1334 2143 a
1391 2108 1549 2161 poena
1610 2092 1843 2148 absoluti
1900 2092 2128 2155 fuerint,

553 2188 681 2232 tunc
717 2180 1029 2234 consistunt
1059 2195 1183 2234 cum
1215 2182 1489 2252 ﬁdelibus,
1514 2192 1567 2237 et
1595 2183 1810 2253 publice
1833 2198 1925 2239 seu
1954 2185 2127 2253 palam

556 2272 721 2324 licunt
772 2287 895 2326 eum
950 2273 1151 2342 pepulo
1186 2274 1427 2328 laudant.
1470 2274 1613 2346 Lege
1659 2288 1710 2330 et
1744 2276 1814 2331 45
1860 2291 2126 2330 canonem

554 2363 841 2431 pttc.~etttis
873 2365 1066 2435 synodi
1102 2384 1114 2419 :
1144 2381 1250 2419 nec
1306 2365 1406 2441 tibi
1442 2381 1745 2436 repugnare
1776 2367 2023 2419 videatur
2058 2365 2128 2418 52

548 2472 725 2510 canon
779 2457 1133 2525 apostolicus,
1164 2457 1257 2527 qui
1312 2458 1445 2514 dicit
1495 2460 1785 2528 episcopos
1817 2467 1867 2512 et
1905 2460 2127 2528 presby-

552 2562 697 2605 teros
757 2550 1039 2619 suscipere
1094 2566 1190 2605 eos
1238 2550 1327 2619 qui
1380 2559 1798 2606 convertuntur.
1847 2550 1952 2604 Sed
2014 2550 2122 2614 dic,

551 2646 683 2694 istos
713 2644 1071 2712 presbyteros
1100 2642 1483 2711 episc0porum
1520 2642 1899 2696 adhortatione
1948 2641 2127 2709 parui-

550 2745 726 2790 tentes
761 2738 1058 2804 suscipere.
1079 2732 1256 2799 Quare
1283 2743 1432 2799 nota,
1463 2733 1604 2801 quod
1628 2732 1742 2801 qui,
1762 2733 1879 2786 sine
1910 2734 2125 2800 episco-

547 2828 651 2898 pali
686 2829 1047 2898 permissioite
1090 2827 1371 2882 hominum
1407 2826 1782 2881 confessiones
1820 2827 2120 2895 excipiunt,

543 2922 744 2978 sacrati
799 2921 1051 2975 monachi
1111 2919 1252 2974 male
1308 2917 1556 2983 faciunt;
1598 2917 1766 2972 multo
1799 2928 1978 2972 autem
2013 2934 2127 2970 ma-

493 3051 507 3057 -
549 3016 633 3084 gis
668 3011 910 3082 profani.
943 3011 981 3065 li
1017 3012 1160 3065 enim
1203 3025 1304 3066 nec
1330 3025 1454 3063 cum
1502 3009 1831 3064 adhortante
1870 3008 2125 3077 episcopo

2236 2087 2362 2141 Ὅτε
2386 2088 2443 2141 δὲ
2473 2087 2568 2142 τοῦ
2597 2091 2873 2161 ἐπιτιμίου
2901 2090 3105 2144 λυθώσι
3128 2131 3143 2154 ,
3171 2094 3292 2145 τότε
3322 2090 3671 2143 συνίστανται
3701 2091 3819 2151 τοῖς

2232 2184 2463 2245 πιστοῖς,
2487 2182 2579 2234 καὶ
2596 2182 2833 2252 δημοσίᾳ
2852 2183 3019 2253 ἤγουν
3044 2183 3311 2255 φανερῶς,
3332 2182 3560 2251 ὑμνοῦσι
3576 2182 3663 2234 τὸν
3684 2180 3818 2232 Θεὸν

2233 2272 2368 2341 μετὰ
2401 2272 2496 2324 τοῦ
2518 2273 2714 2343 δήμου.
2772 2274 3071 2341 Ἀνάγνωθι
3106 2278 3199 2328 καὶ
3232 2278 3323 2328 τὸν
3360 2274 3453 2345 μγ¹
3485 2273 3683 2327 κανόνα
3712 2270 3818 2341 τῆς

2231 2363 2511 2435 παρούσης
2536 2366 2757 2419 συνόδου
2782 2382 2795 2397 ·
2822 2368 3020 2438 καὶμὴ
3048 2368 3345 2440 ἐναντιωθῇ
3376 2384 3460 2421 σοι
3487 2370 3515 2422 ὁ
3535 2365 3613 2437 νβ’
3674 2367 3817 2420 ἀπο-

2232 2457 2476 2519 στολικὸς
2504 2457 2718 2525 κανὼν,
2774 2460 2946 2526 λέγων
2993 2460 3120 2524 τοὺς
3175 2463 3505 2524 ἐπισκόπους
3562 2462 3815 2523 καὶτοὺς

2230 2548 2639 2620 πρεσϐυτέρους
2683 2550 2933 2623 δέχεσθαι
2980 2554 3106 2615 τοὺς
3152 2554 3605 2626 ἐπιστρέφοντας.
3668 2554 3815 2609 Ἀλλ’

2228 2643 2353 2695 εἰπὲ
2388 2644 2483 2695 καὶ
2521 2644 2745 2708 τούτους
2778 2647 2905 2709 τοὺς
2945 2647 3355 2718 πρεσϐυτέρους
3389 2647 3529 2702 κατὰ
3577 2666 3814 2720 προτρο·

2230 2734 2337 2803 πὴν
2386 2736 2498 2788 τῶν
2543 2736 2865 2790 ἐπισκόπων
2913 2737 3167 2807 δέχεσθαι
3217 2739 3344 2802 τοὺς
3392 2744 3812 2810 μετανοοῦντας.

2229 2824 2396 2879 Ὥστε
2436 2829 2745 2898 σημείωσαι
2777 2830 2860 2882 ὃτι
2897 2832 2948 2883 οί
2979 2833 3149 2902 χωρὶς
3183 2834 3483 2903 ἐπιτροπῆς
3513 2836 3815 2888 ἐπισκοπι-

2228 2918 2331 2988 κῆς
2357 2920 2639 2990 δεχόμενοι
2668 2922 2966 2993 λογισμοὺς
2996 2923 3305 2994 ἀνθρώπιον
3327 2929 3371 2979 ίε
3384 2932 3619 2998 ρωμένοι
3646 2947 3816 2997 μονα-

2232 3013 2339 3081 χοὶ,
2399 3012 2587 3075 κακῶς
2643 3014 2899 3067 ποιοῦσι·
2933 3013 3117 3086 πολλῷ
3171 3018 3227 3070 δὲ
3279 3018 3441 3072 πλέον
3477 3020 3527 3071 οἱ
3578 3020 3813 3090 ἀνίεροι.

559 3111 787 3172 possunt
822 3104 926 3157 tale
957 3104 1249 3171 quidquam
1287 3116 1567 3155 exercere.
1602 3100 1667 3153 Et
1703 3099 1824 3153 ideo
1847 3099 2121 3169 synodalia

2226 3099 2389 3159 Οὗτοι
2419 3106 2529 3177 γὰρ
2557 3106 2677 3159 οὐδὲ
2708 3109 2849 3176 μετὰ
2874 3111 3193 3180 προτροπῆς
3222 3112 3589 3180 ἐπισκοπικῆς
3620 3114 3816 3167 ὃύναν-

546 3209 762 3263 quoque
791 3192 1090 3248 deelaratio
1116 3192 1254 3245 facta
1282 3198 1396 3256 est,
1421 3205 1486 3243 ex
1528 3190 1928 3257 supplicatione
1953 3202 2119 3243 vene-

548 3289 740 3343 rabilis
771 3283 1088 3341 monasterii
1105 3282 1443 3353 Evergetidis
1469 3298 1485 3348 ;
1520 3281 1688 3351 quod,
1722 3284 1981 3351 quoniam
2012 3291 2126 3334 sta-

546 3388 720 3433 tutum
769 3376 1091 3430 monasterii
1128 3373 1380 3429 decernit
1402 3387 1549 3437 eum,
1576 3372 1668 3441 qui
1712 3371 1870 3425 statis
1916 3381 2121 3440 tempo-

546 3470 694 3523 ribus
721 3466 836 3536 ejus
865 3468 1149 3537 praefectus
1180 3474 1283 3530 est,
1317 3466 1705 3520 monachorum
1750 3460 2122 3517 confessiones

547 3562 760 3625 audire,
804 3560 1030 3629 profano
1060 3571 1238 3612 autem
1268 3572 1374 3612 non
1398 3557 1736 3627 permittitur
1752 3555 2122 3612 confessiones

541 3653 829 3722 excipere;
862 3651 1178 3707 necessario
1207 3649 1452 3717 sequitur
1488 3645 1806 3717 praefectum
1854 3662 1984 3703 esse
2031 3662 2120 3700 sa-

541 3747 842 3798 cerdotem.
876 3741 1126 3796 Praefecti
1156 3752 1360 3803 autem,
1393 3750 1455 3794 ut
1482 3754 1625 3809 saepe
1650 3739 1908 3802 diximus,
1942 3738 2120 3791 homi-

543 3852 638 3891 nes
672 3836 887 3906 profatti
924 3835 1079 3889 fiunt.
1127 3831 1261 3886 Nam
1300 3842 1355 3888 et
1383 3834 1643 3888 mulieres
1673 3846 1890 3902 quoque
1922 3841 2114 3885 mona-

537 3927 728 3983 steriis
789 3927 1163 3997 praeﬁciuntur
1188 3964 1204 3990 ,
1255 3924 1351 3980 sed
1402 3925 1684 3979 hominum
1743 3922 2117 3979 confessiones

538 4037 645 4076 non
684 4022 935 4075 audiunt.
969 4016 1068 4074 His
1114 4019 1191 4073 ita
1222 4031 1281 4073 se
1331 4017 1682 4080 habentibus.
1711 4017 1898 4071 dicunt
1921 4016 2114 4086 aliqui,

536 4114 703 4182 quod,
728 4114 990 4181 quoniam
1035 4110 1104 4164 ab
1135 4107 1474 4163 antistitibus
1505 4108 1562 4161 lit
1610 4107 1914 4177 puellarum
1981 4123 2113 4162 cou-

537 4206 795 4269 secratio,
830 4219 943 4258 non
997 4201 1184 4256 licebit
1234 4199 1550 4255 monasterii
1607 4200 1885 4270 praefecto,
1912 4200 2003 4268 qui
2033 4208 2117 4255 est

535 4307 807 4363 sacratus,
838 4296 921 4349 vel
947 4295 1268 4364 simpliciter
1296 4290 1567 4347 sacerdoti
1598 4294 1889 4357 monacho,
1924 4306 2114 4360 quem-

536 4392 616 4444 vis
643 4386 973 4442 monachum
1002 4386 1225 4440 tondere
1257 4384 1375 4439 sine
1402 4381 1699 4453 episcopali
1726 4382 2110 4451 permissione.

2226 3214 2317 3249 ται
2341 3195 2584 3249 τοιοῦτόν
2608 3213 2660 3248 τι
2687 3197 3003 3267 ἐνεργῆσαι.
3037 3199 3129 3251 Διὸ
3158 3204 3251 3252 καὶ
3283 3203 3579 3271 σημείωμα
3612 3207 3811 3272 γέγονε

2229 3288 2507 3341 συνοδικὸν
2542 3291 2607 3341 ἐκ
2640 3290 3049 3357 προσελεύσεως
3083 3293 3194 3362 (l0)
3225 3293 3315 3345 τού
3355 3298 3557 3364 μέρους
3584 3300 3680 3363 τῆς
3715 3315 3813 3350 σε-

2225 3380 2467 3448 ϐασμίας
2492 3382 2678 3449 ιμονῆς
2707 3383 2804 3451 τῆς
2839 3383 3215 3452 Εὑεργέτιδος,
3246 3384 3352 3448 ὡς,
3384 3389 3507 3438 ἐπεὶ
3540 3387 3610 3439 τὸ
3648 3405 3814 3440 τυπι-

2224 3474 2319 3523 κδιν
2350 3472 2451 3540 τῆς
2488 3472 2653 3541 μονῆς
2683 3472 2975 3541 διορίζεται
3003 3474 3253 3542 δέχεσθαι
3285 3477 3377 3526 τὸν
3406 3476 3548 3528 κατὰ
3576 3478 3809 3544 καιροὺς

2229 3561 2648 3631 καθηγούμενον
2682 3565 2855 3630 αὐτῆς
2891 3564 3017 3627 τοὺς
3053 3564 3349 3636 λογισμοὺς
3378 3566 3485 3618 τῶν
3519 3570 3803 3645 μοναχιῖινι

2218 3652 2321 3705 οὐκ
2343 3655 2551 3721 ἐφεῖται
2567 3654 2623 3707 δέ
2643 3654 2844 3723 ἀνιέρῳ
2865 3654 3118 3724 δέχεσθαι
3141 3656 3453 3724 λογισμοὺς,
3477 3655 3536 3721 ἐξ
3556 3660 3805 3729 ἀναγιεης

2221 3742 2414 3796 ἕπεται
2435 3743 2512 3813 τῷ
2540 3742 2678 3797 εἶναι
2706 3745 2797 3796 τὸν
2835 3745 3247 3814 καθηγούμενον
3273 3747 3441 3813 ίερὲα.
3478 3749 3806 3817 ἸΙγούμενοι

2218 3836 2297 3900 δὲ,
2330 3836 2396 3895 ὼ,
2437 3834 2699 3900 πολλάκις
2729 3838 2975 3906 είπομεν,
3012 3838 3221 3908 ἀνίεροι
3252 3839 3514 3905 γίνονται.
3550 3840 3673 3892 Ὀτι
3707 3846 3807 3894 καὶ

2218 3931 2481 3994 γυναῖκες
2497 3929 2930 3998 ήγουμενεύουσι
2957 3929 3075 3997 μὲν,
3097 3928 3392 3998 λογισμοὺς
3415 3932 3470 3982 δὲ
3497 3931 3807 4001 ἀνθρώπων

2219 4020 2278 4072 ού
2323 4020 2593 4089 δέχονται.
2638 4018 2859 4072 Tatisz
2897 4018 3070 4083 οὓτως
3103 4020 3356 4090 ἐχόντων,
3407 4021 3625 4089 λέγουσί
3658 4040 3807 4086 τινες

2216 4112 2294 4175 ὡς
2314 4153 2328 4177 ,
2355 4115 2476 4166 ἐπεὶ
2504 4112 2655 4182 παρὰ
2685 4113 2989 4182 ἀρχιερέων
3017 4115 3049 4183 ἡ
3098 4114 3208 4166 τῶν
3256 4113 3436 4184 κορῶν
3467 4116 3806 4184 καθιέρωσις

2215 4204 2449 4273 γίνεται,
2476 4204 2578 4257 οὐκ
2599 4202 2753 4256 ἐσται
2773 4201 2860 4253 ἐπ’
2887 4203 3069 4266 ἀδείας
3091 4206 3376 4273 ἱερωμένῳ
3398 4203 3806 4277 καθηγουμένῳ

2215 4296 2250 4367 ἢ
2274 4296 2459 4358 ἁπλῶς
2483 4297 2617 4366 ἱερεῖ
2652 4294 2873 4366 μοναχῷ
2894 4294 3211 4365 ἀποκείρειν
3244 4296 3539 4367 οίονδήτινα
3568 4301 3806 4367 μοναχὸν

2216 4387 2384 4458 χωρὶς
2436 4386 2806 4454 ἐπισκοπικῆς
2841 4385 3173 4456 ἐπιτροπῆς.
3199 4387 3405 4439 Ταυτὸν
3439 4386 3546 4457 γάρ
3591 4389 3736 4440 ἐστιν
3770 4391 3803 4460 ἡ

534 4483 682 4535 Idem
715 4481 858 4534 enim
897 4488 985 4535 est
1011 4478 1312 4547 puellarum
1338 4474 1682 4531 consecratio
1711 4484 1767 4529 et
1812 4474 2109 4528 monacho-

2226 4480 2323 4533 τῶν
2351 4480 2528 4549 κομῶν
2564 4477 2899 4549 καθιέρωσις
2932 4478 3024 4530 καὶ
3053 4479 3086 4547 ἠ
3116 4476 3227 4530 τῶν
3265 4479 3517 4547 μοναχῶν
3546 4478 3802 4548 ἀπίκαρ-

537 4588 657 4627 rum
686 4580 936 4625 tonsura.
986 4567 1115 4622 Mihi
1155 4574 1335 4621 autem
1373 4566 1606 4632 videtur,
1628 4568 1942 4620 sacerdotes
1973 4580 2112 4635 pre-

529 4665 706 4720 fectos
758 4677 920 4735 posse
973 4663 1112 4715 citra
1146 4659 1314 4714 ullum
1349 4657 1799 4727 impedimentum
1861 4661 2112 4725 tondere,

529 4765 694 4816 etiam
728 4764 848 4815 sine
871 4756 1168 4827 episcopali
1200 4754 1578 4825 permissione.
1614 4752 1673 4807 Si
1697 4754 1844 4809 enim
1866 4756 2110 4812 decimus

528 4861 755 4923 quartus
793 4865 969 4905 canon
1008 4847 1253 4917 septimae
1308 4846 1500 4916 synodi
1549 4843 1804 4913 praefecto
1844 4847 2110 4915 permittit

529 4944 691 4996 etiam
728 4942 952 5011 lectoris
981 4940 1358 4993 characterem
1410 4937 1462 4990 i'n
1515 4938 1737 5007 proprio
1773 4939 2108 4992 monasmrio

529 5040 733 5099 tacere,
785 5033 952 5087 multo
1001 5032 1172 5099 magis
1209 5030 1259 5085 ei
1308 5030 1535 5084 tondere
1581 5028 1845 5099 permisit.
1882 5029 1946 5082 Et
1988 5032 2108 5098 lege

530 5142 648 5194 qut:
673 5127 729 5179 in
755 5138 821 5178 eo
850 5124 971 5193 ipso
1006 5133 1203 5191 quarto
1233 5123 1448 5176 decimo
1474 5136 1686 5177 canone
1719 5123 1918 5190 scripta
1950 5133 2096 5179 sunt.

530 5216 631 5282 Qui
664 5225 841 5270 autent
880 5224 1006 5269 sunt
1031 5215 1349 5284 simpliciter
1380 5216 1693 5268 sacerdotes
1725 5219 1995 5283 monachi,
2031 5219 2099 5273 ob

530 5314 849 5377 pt'n‘seulettt
901 5323 1165 5362 canonem
1227 5316 1481 5361 tonsuras
1532 5324 1654 5359 eum
1722 5309 1948 5362 scientia
1984 5314 2101 5380 epi-

2218 4589 2326 4635 σις.
2366 4572 2521 4643 Ἐμοὶ
2547 4568 2603 4623 δέ
2626 4569 2771 4623 δοκεῖ
2801 4569 3297 4640 ἁπαρεμποδίστως
3335 4570 3466 4631 τοὺς
3505 4572 3669 4641 ἱερεῖς
3697 4588 3804 4623 κα-
3876 4572 3882 4579 ’

2216 4662 2588 4734 θηγουμένους
2616 4661 2935 4729 ἀποκείρειν
2965 4661 3060 4713 καὶ
3082 4661 3206 4731 δίχα
3234 4661 3541 4731 ἐπιτροπῆς
3570 4664 3800 4726 ἐπισκοο

2214 4757 2408 4824 πικῆς.
2449 4754 2513 4808 Εἰ
2551 4754 2659 4823 γὰρ
2687 4755 2715 4807 ό
2751 4752 2811 4806 ιδ’
2838 4751 3024 4806 κανὼν
3067 4753 3167 4822 τῆς
3208 4753 3256 4816 ζ’.
3290 4753 3513 4807 συνόδου
3557 4758 3803 4825 ὲκχωρεῖ

2212 4849 2291 4920 τῷ
2325 4849 2727 4919 καθηγουμένῳ
2751 4845 2845 4900 καὶ
2871 4845 3106 4915 σφαγίδα
3130 4847 3478 4914 ἀναγνώστου
3512 4850 3685 4900 ποιεῖν
3711 4848 3798 4911 εἰς

2209 4943 2310 5011 τὴν
2344 4940 2551 4994 οἰκείαν
2593 4936 2761 5008 μονὴν
2783 4979 2798 5006 ,
2832 4937 3007 5006 πολλῷ
3043 4939 3209 4992 πλέον
3259 4936 3601 5010 ἐξεχώρησεν
3641 4936 3799 5006 αὐτῷ

2216 5038 2389 5089 ποιεῖν
2418 5035 2517 5104 τὴν
2547 5033 2879 5104 ἁπόκαρσιν.
2914 5033 3023 5085 Καὶ
3051 5031 3327 5097 ἀνάγνωθι
3350 5032 3418 5084 τὰ
3449 5033 3508 5083 ἐν
3538 5030 3616 5100 τῷ
3642 5030 3798 5101 αὐτῷ

2218 5127 2277 5179 ιδ’
2322 5127 2507 5179 κανόνι
2546 5123 2847 5195 γραφέντα.
2892 5122 2958 5173 Οἱ
3006 5119 3063 5172 δὲ
3107 5118 3293 5179 ἁπλῶς
3349 5120 3513 5189 ἱερεῖς
3568 5118 3799 5188 μοναχοὶ

2214 5222 2488 5290 ὀφείλουσι
2545 5220 2643 5282 τὰς
2704 5216 3047 5285 ἁποκὰρσεις
3096 5216 3271 5267 ποιεῖν
3331 5214 3472 5283 μετὰ
3533 5213 3803 5283 εἰδήσεως-

2212 5314 2575 5384 ἐπισκοπικῆ;
2612 5313 2700 5365 διὰ
2720 5311 2811 5363 τὸν
2839 5308 3084 5379 παρόντα
3113 5308 3315 5363 κανόνα
3339 5326 3352 5341 ·
3387 5310 3437 5360 εἰ
3470 5308 3546 5379 μή
3575 5305 3676 5360 πού
3706 5323 3795 5368 τις

1755 5449 1952 5509 Guill.
1996 5454 2327 5535 Bevert'gii
2368 5463 2554 5517 ttOtt-e.

596 5582 708 5651 (ιο)
742 5576 1285 5651 Σημείωμαγέγονε
1311 5577 1639 5631 συνοδικὸι·
1674 5578 2106 5651 ,ἐκνπροσελεύ-

2203 5586 2321 5638 σίου
2357 5588 2423 5637 ἐκ
2473 5581 2910 5653 προσελεύσεως,
2961 5588 3071 5633 etc.
3099 5574 3771 5653 _Synodelis_dec_lnrat_io

534 5645 705 5715 σεωςζ
737 5645 939 5703 Οιιῖιιιιε
966 5645 1197 5724 codices
1223 5687 1235 5706 ,
1270 5656 1375 5724 tam
1406 5650 1762 5724 manuscripti
1792 5665 1963 5724 quam
2000 5654 2102 5705 im-
2198 5658 2343 5724 [ηεια
2374 5664 2451 5708 est
2485 5645 2578 5706 sub
2605 5645 2941 5705 sanctissinto
2965 5645 3272 5718 patrt'ar'clta
3302 5648 3517 5702 dontino
3544 5645 3788 5701 Theodo-

532 5724 718 5789 ιιι-«ιδῃ,
740 5731 933 5787 praeter
963 5717 1341 5777 Bodleianttm,
1366 5717 1570 5786 legunt,
1597 5718 2094 5788 σημείωμαγέγονε

532 5788 801 5841 συνοὸικον
834 5789 924 5839 τού
954 5789 1255 5855 ἀγιωτατου
1306 5791 1643 5857 πατριάρχου
1678 5791 1845 5858 κυρού
1896 5793 2092 5843 θεοδο-

2193 5728 2294 5791 sio,
2329 5741 2391 5779 ex
2421 5724 2828 5791 supplicatione,
2859 5736 2968 5777 etc.
