4034 6454
240 417 303 478 45
1326 417 1409 476 ΙΝ
1437 416 1603 476 CAN.
1664 415 1735 471 Vl
1791 414 1998 474 CU‘NC.
2039 406 2413 474 CARTHAG.
3448 417 3517 476 46

245 530 331 584 xui
363 530 527 585 τοῦτο
559 532 782 606 θελήσει
817 537 1072 605 γίνεσθαι
1097 537 1238 591 κατὰ
1266 537 1436 605 μόνην
1467 531 1562 586 τοῦ
1595 528 1819 601 μοναχοί

1943 528 2092 595 scopi
2146 526 2330 581 facere
2390 526 2631 585 debent:
2669 526 2769 583 nisi
2803 526 2926 595 quis
2976 524 3115 580 forte
3165 524 3269 581 hoc
3298 539 3518 595 quoque

244 622 423 692 ἱερέως
464 624 686 695 θέλησιν
719 628 832 680 ἀπὸ
862 630 965 699 τῆς
1000 630 1217 701 μακρᾶς
1255 625 1547 697 συνηθείας
1573 623 1673 692 τῆς
1704 621 1824 674 ἀντὶ

241 717 399 785 νόμου
436 718 532 771 καὶ
564 723 789 785 κανόνος
822 723 1135 793 κρατούσης
1168 722 1333 793 μέχρι
1357 723 1447 775 τοῦ
1479 721 1594 776 νῦν.

304 904 563 957 ΖΩΝΑΡ.
585 902 909 969 Χρίσματος
942 899 1158 969 ποίησις
1196 901 1229 972 ἡ
1261 900 1352 952 ἐπὶ
1385 899 1463 968 τῷ
1492 872 1632 969 ἁγίῳ
1668 901 1826 971 μύρῳ

240 1000 349 1052 ἐστὶ
388 998 611 1066 τελετή.
647 994 990 1065 Καταλλαγὴ
1035 993 1092 1046 δὲ
1127 993 1536 1062 μετανοούντων
1565 994 1628 1047 τὸ
1665 994 1826 1049 λῦσαι

238 1092 322 1145 τὸν
352 1088 908 1160 ἐξομολογησάμενον
940 1086 1036 1139 τοῦ
1078 1086 1357 1156 ἐπιτιμίου
1383 1128 1397 1153 ,
1436 1088 1531 1140 καὶ
1562 1089 1620 1140 ἐν
1657 1105 1826 1158 μετα-

236 1186 348 1254 νοίᾳ
381 1184 683 1252 γενόμενον
716 1184 809 1236 καὶ
839 1179 1262 1249 ἐπιτιμηθέντα.
1313 1180 1399 1242 Ὡς
1434 1181 1543 1252 γὰρ
1569 1181 1671 1252 ἤδη
1707 1183 1826 1237 ίκα.

235 1278 333 1340 νῶς
368 1278 504 1339 ἴσως
527 1279 554 1329 ὀ
574 1273 815 1337 τοιοῦτος
835 1273 1125 1334 δουλεύσας
1151 1271 1226 1344 τῷ
1249 1274 1527 1344 ἐπιτιμίῳ,
1554 1275 1585 1345 ἢ
1619 1276 1713 1329 καὶ
1734 1276 1825 1330 τὸν

229 1369 541 1439 ὡρισμένον
571 1366 869 1436 πληρώσας
897 1366 1109 1434 χρόνον,
1139 1365 1239 1420 καὶ
1266 1365 1526 1435 ἀνάλογον
1557 1367 1827 1432 ἐπιδειξά-

238 1477 399 1532 μενος
443 1460 548 1528 τὴν
585 1460 904 1529 μετάνοιαν,
941 1459 1131 1512 λύεται
1163 1457 1260 1519 τοῦ
1291 1459 1592 1527 ἐπιτιμίου,
1640 1461 1737 1514 καὶ
1789 1459 1822 1531 ἢ

230 1554 563 1607 συνεστάναι
607 1553 724 1614 τοῖς
766 1553 984 1613 πιστοῖς
1032 1554 1467 1622 παραχωρεῖται,
1520 1551 1552 1622 ἢ
1589 1552 1824 1605 καὶτῶν

233 1646 603 1716 ἀγιασμάτων
631 1643 1094 1715 μεταλαμϐάνειν.
1113 1643 1490 1698 Καταλλάττει
1512 1643 1619 1713 γὰρ
1635 1642 1785 1697 ὥσπε
1793 1660 1824 1713 ρ

231 1739 394 1792 αὑτὸν
429 1736 512 1806 τῷ
545 1735 669 1805 Θεῷ
696 1736 727 1788 ὁ
776 1736 1067 1806 ἀρχιερεὺς
1099 1734 1186 1787 διὰ
1230 1735 1329 1803 τῆς
1372 1735 1693 1804 μετανοίας,
1729 1724 1829 1788 καῖ

1923 618 2036 671 sola
2087 618 2339 672 monachi
2394 618 2704 672 sacerdotis
2747 619 3024 671 voluntate
3078 617 3194 669 ﬁeri
3254 616 3514 677 velit,i~x

1926 710 2083 777 longa
2113 709 2528 776 consuetudine,
2565 724 2686 779 qua:
2713 726 2813 779 pro
2838 709 2951 776 lege
2982 717 3035 762 cl.
3065 722 3275 762 canone
3311 709 3516 762 hucus-

1925 822 2030 875 que
2059 807 2313 860 obtinuit.

1973 894 2262 964 .ZONAR.
2317 895 2649 952 Chrismatis
2672 897 2948 953 confectio
2986 908 3075 952 est
3104 897 3247 952 sacri
3309 898 3409 951 olei
3444 914 3512 952 ex

1929 987 2162 1057 mystico
2183 988 2639 1041 caeremoniarum
2692 989 2802 1043 ritu
2832 975 3202 1043 consecratio:
3234 988 3512 1042 Pirniten-

1927 1079 2062 1133 tium
2094 1093 2226 1133 vero
2287 1078 2657 1135 reconciliatio
2691 1081 2772 1146 iit,
2799 1095 2922 1136 cum
2983 1080 3253 1151 quiSpiam
3306 1081 3511 1135 crimen

1931 1171 2244 1237 confessus,
2308 1181 2597 1243 postquam
2673 1174 2814 1228 inter
2844 1173 3177 1245 poenitentes
3208 1172 3339 1243 egit,
3372 1175 3515 1227 mulo

1930 1271 2148 1333 tamque
2209 1265 2503 1334 persolvit',
2535 1280 2567 1320 a
2597 1281 2754 1337 poena
2793 1267 2845 1321 in
2882 1266 3121 1321 futurum
3162 1276 3379 1336 tempus
3411 1268 3512 1323 ab-

1927 1354 2180 1412 solvitur.
2207 1355 2493 1427 Tanquam
2526 1358 2670 1413 cnim
2705 1358 2752 1414 is
2777 1357 2921 1414 forte
2943 1358 3056 1427 jam
3099 1360 3235 1413 satis
3256 1360 3507 1430 supplicii

1928 1449 2116 1516 luerit,
2144 1450 2227 1506 vel
2266 1452 2431 1506 etiam
2463 1452 2588 1522 quia
2618 1453 2898 1507 deﬁnitum
2929 1460 3144 1520 tempus
3172 1450 3505 1520 impleverit.

1928 1559 1991 1600 ac
2014 1544 2148 1599 satis
2171 1558 2426 1614 magnum
2448 1545 2616 1598 animi
2643 1545 2882 1599 dolorem
2905 1558 3003 1614 pro
3030 1544 3240 1599 ratione
3260 1543 3506 1598 criminis

1930 1635 2212 1700 indicarit,
2245 1651 2274 1689 a
2306 1648 2463 1705 puum
2497 1636 2782 1700 liberatur,
2803 1636 2967 1704 eique
2985 1636 3067 1690 vel
3099 1650 3224 1689 cum
3255 1634 3507 1690 ﬁdelibus

1928 1728 2251 1796 consistere,
2278 1729 2364 1783 vel
2394 1729 2568 1784 sacris
2587 1728 2754 1783 etiam
2790 1727 3068 1798 mysteriis
3105 1728 3510 1783 communicare

228 1831 374 1883 οὕτω
396 1830 728 1896 συνίστησιν
749 1828 911 1880 αὑτὸν
938 1831 1054 1890 τοῖς
1076 1829 1288 1891 πιστοῖς
1311 1828 1369 1881 ἐν
1394 1829 1461 1897 τῇ
1501 1827 1819 1899 Ἔκκλησίᾳ,

1928 1818 2285 1889 permittitur.
2320 1820 2432 1874 Deo
2481 1819 2624 1874 enim
2661 1819 3063 1888 quodammodo
3097 1819 3351 1876 conciliat
3381 1836 3505 1875 eum

228 1921 323 1974 καὶ
342 1920 453 1972 τῶν
484 1917 855 1988 ἁγιασμάτων
880 1917 1128 1984 καταξιοί
1148 1933 1162 1946 ·
1186 1917 1219 1987 ἢ
1246 1918 1361 1982 καὶ,
1394 1918 1472 1970 ἔτι
1498 1917 1598 1971 τοῦ
1626 1918 1820 1988 χρόνου

224 2011 323 2078 τῆς
342 2008 643 2077 μετανοίας
664 2004 1182 2076 ἐπιδαψιλευομένου
1207 2006 1658 2075 καταλλάττεται,
1672 2007 1821 2063 ἔστιν

228 2104 333 2165 ὅτε,
365 2103 456 2154 ὅτε
494 2100 708 2171 δηλαδὴ
740 2100 870 2170 περὶ
898 2099 1000 2171 τὴν
1036 2098 1181 2171 ζωὴν
1215 2100 1539 2161 κινδυνεύει,
1578 2100 1653 2163 ὥς
1688 2119 1822 2172 φησι

228 2196 352 2265 περὶ
391 2193 595 2248 τούτου
638 2193 670 2245 ὁ
699 2192 905 2261 ἐφεξῆς
942 2191 1140 2246 κανών.
1173 2192 1370 2263 Κορῶν
1403 2193 1459 2246 δὲ
1491 2192 1821 2265 καθιέρωσις

232 2289 348 2356 οὐχὶ
396 2288 772 2341 διακονισσιῖιν
826 2284 1135 2356 χειροθεσία
1179 2288 1364 2339 ἐστίν·
1411 2286 1525 2340 ἀλλ’
1581 2286 1701 2352 ἔθος
1752 2284 1821 2360 ἦν

234 2376 608 2450 προσάγεσθαι
643 2377 812 2448 κόρας
856 2379 977 2440 ταῖς
1009 2376 1327 2446 ἐκκλησίαις
1358 2377 1659 2447 παρθενίαν
1688 2381 1822 2450 ὁμο-

221 2471 523 2538 λογούσας,
559 2470 661 2523 καὶ
691 2469 950 2537 ἁγνεύειν
982 2469 1420 2538 ύπισχνουμένας
1440 2510 1455 2534 ,
1489 2470 1586 2524 καὶ
1615 2470 1823 2535 ταύτας

218 2566 269 2616 oi
313 2564 613 2616 ἐπίσκοποι
670 2560 741 2614 δι’
779 2560 955 2631 εὐχῶν
987 2559 1314 2630 καθιέρουν,
1361 2559 1438 2622 ὡς
1466 2559 1820 2625 ἀνατεθείσας

219 2659 297 2727 τῷ
340 2657 485 2723 Θεῷ,
542 2656 643 2709 καὶ
696 2656 895 2707 ἐκείνοι
947 2649 1263 2722 ἐφρόντιζον
1308 2651 1408 2723 τῆς
1442 2653 1687 2723 φυλακῆς
1727 2653 1821 2708 καὶ

218 2751 517 2819 ἀναγωγῆς
544 2748 755 2809 αὐτῶν,
792 2746 930 2815 μετὰ
954 2745 1016 2799 τὸ
1037 2745 1374 2816 χωρισθῆναι
1407 2745 1578 2808 αὐτὰς
1607 2747 1672 2798 ἐκ
1706 2745 1818 2817 τῷν

212 2848 474 2912 πατέρων
525 2839 713 2893 αὐτῶν
761 2836 944 2899 καθὼς
989 2836 1189 2907 δηλοῖὸ
1222 2835 1304 2907 μδ¹
1345 2837 1525 2891 κανὼν
1554 2838 1654 2908 τῆς
1674 2852 1821 2909 παρ-

208 2937 381 3005 ούσης
428 2932 689 2987 συνόδου.
738 2929 924 2982 Ταῦτα
946 2924 1042 2982 οὖν
1069 2928 1319 2995 γίνεσθαι
1343 2930 1496 2998 παρὰ
1518 2929 1820 3000 πρεσϐυτέ-

211 3046 323 3093 per:
364 3025 770 3096 ἀπηγόρευσεν
803 3023 837 3090 ἡ
882 3020 1123 3084 σύνοδος.
1174 3020 1331 3089 Παρὰ
1363 3021 1472 3089 γὰρ
1514 3021 1817 3092 ἀρχιερέων

208 3122 307 3175 καὶ
335 3123 397 3173 τὸ
449 3118 616 3184 ᾰγιον
664 3115 880 3185 χρίσμα
925 3112 1164 3166 τελεῖται
1212 3114 1308 3168 καὶ
1356 3112 1669 3181 ἁγιάζεται,
1698 3111 1817 3166 ’καὶ

1932 1912 2192 1976 antistes,
2257 1911 2642 1966 intercedente
2700 1913 3049 1982 poenitentia,
3094 1928 3158 1965 ac
3194 1912 3248 1965 in
3277 1910 3507 1968 ecclesia

1926 2019 2052 2058 cum
2088 2003 2342 2058 fidelibus
2378 2004 2685 2072 constituit,
2723 2014 2886 2073 atque
2907 2007 2976 2059 ad
3004 2017 3318 2060 sanctorum
3355 2017 3506 2057 com~

1923 2096 2350 2152 municationem
2397 2097 2659 2152 admittit.
2716 2097 3053 2153 Cortciliatur
3094 2107 3351 2166 prazterea
3380 2098 3505 2165 quis

1922 2189 2237 2259 aliquando,
2262 2190 2385 2245 licet
2411 2183 2749 2260 ptenitenti'a:
2774 2201 3018 2262 tempore
3037 2193 3275 2247 nondum
3295 2194 3502 2260 elapso,

1926 2282 1972 2337 si
2009 2283 2076 2338 de
2106 2281 2217 2337 vita
2251 2282 2503 2339 videlicet
2536 2284 2591 2338 in
2638 2284 2938 2354 periculum
2975 2286 3181 2347 veniat,
3216 2293 3272 2338 ut
3303 2287 3371 2338 de
3402 2285 3504 2338 hac

1924 2392 1984 2434 re
2019 2392 2196 2432 canon
2253 2377 2304 2431 in
2351 2379 2710 2449 sequentibus
2744 2378 2988 2435 disserit.
3049 2378 3302 2448 Virgines
3339 2393 3503 2449 porro

1931 2485 2262 2527 consecrare
2311 2489 2416 2527 non
2469 2473 2610 2528 idem
2640 2481 2747 2540 est,
2781 2488 2846 2529 ac
2870 2473 3210 2528 diaconissas
3239 2487 3499 2526 manuum

1933 2566 2283 2637 impositione
2304 2568 2679 2636 constituere;
2712 2582 2898 2623 verum
2937 2567 3148 2636 antiqui
3181 2567 3348 2622 moris
3376 2565 3501 2631 fuit,

1922 2658 2148 2727 puellas,
2185 2674 2305 2729 quae
2337 2660 2704 2729 virginitatem
2732 2659 3125 2731 promerentur
3154 2668 3210 2713 et
3238 2658 3503 2713 castimo-

1922 2749 2069 2804 niam
2122 2752 2492 2823 voverentuin
2548 2750 2749 2820 templo
2807 2751 3026 2816 sistere,
3080 2765 3218 2820 quas
3260 2748 3502 2819 episcopi

1921 2840 2185 2896 adhibitis
2224 2840 2657 2911 precationibus,
2698 2840 2866 2898 veluti
2903 2843 3012 2897 Deo
3048 2842 3280 2906 dicatas,
3314 2855 3505 2895 conse-

1921 2933 2201 3010 crabant,
2259 2947 2560 3004 earumque
2608 2934 2872 2989 custodire
2947 2949 3012 2989 ac
3083 2933 3446 2989 institutionis
3483 2972 3499 2995 ,

1918 3033 2209 3095 postquam
2270 3041 2300 3079 a
2350 3025 2670 3096 parentibus
2718 3026 3100 3088 secessissent,
3144 3041 3331 3080 curam
3398 3025 3500 3096 ipsi

1920 3116 2309 3186 suscipiebant,
2331 3125 2391 3172 ut
2407 3132 2471 3171 ex
2495 3123 2687 3186 quarto
2717 3123 2771 3170 et
2800 3115 3211 3186 quadragesimo
3232 3114 3391 3186 hujus
3412 3130 3505 3185 sy-

206 3212 539 3280 καταλλαγὴ
581 3207 998 3276 μετανοούντων
1039 3204 1270 3272 γίνεται.
1308 3198 1404 3268 Οἷς
1451 3205 1562 3276 γὰρ
1590 3205 1811 3274 δεσμεῖν

1924 3210 2039 3264 nodi
2069 3222 2275 3264 canone
2292 3207 2447 3263 facile
2473 3216 2714 3278 apparet.
2748 3205 2906 3278 521
2938 3204 3065 3261 Haec
3079 3220 3211 3276 ergo
3228 3221 3259 3261 a
3280 3207 3475 3279 presby
3492 3237 3504 3248 -

204 3303 442 3366 δέδοται,
482 3297 703 3359 τούτοις
724 3295 822 3348 καὶ
850 3295 908 3346 τὸ
939 3293 1086 3348 λύειν
1109 3294 1531 3361 ἐπιτέτραπται.
1563 3294 1670 3346 Καὶ
1695 3292 1813 3362 ἅμα

1924 3300 2046 3356 teris
2067 3300 2181 3355 ﬁeri
2206 3301 2446 3372 synodus
2472 3301 2660 3356 vetuit.
2693 3299 2797 3355 Per
2823 3299 3095 3355 antistites
3123 3300 3267 3354 enim
3294 3309 3343 3353 et
3377 3315 3505 3354 san-

201 3392 546 3462 διακρίσεως
568 3387 840 3456 ἀκριϐοῦς
862 3385 1024 3456 χρεία
1047 3387 1126 3448 είς
1149 3385 1210 3439 τδ
1235 3384 1460 3454 γνῶναι,
1482 3385 1530 3438 εί
1551 3386 1616 3438 ἐκ
1636 3384 1813 3457 ψυχῆς

1924 3401 2057 3445 etum
2076 3390 2315 3447 chrisma
2340 3390 2568 3445 solemni
2595 3392 2699 3445 ritu
2716 3389 3004 3445 coniicitur
3030 3398 3086 3444 et
3109 3387 3499 3449 sanctiﬁcatur,

211 3483 520 3553 μετενόησε
580 3480 681 3531 καὶ
731 3477 1057 3547 ἀρκούντως
1103 3478 1132 3529 ὁ
1185 3476 1541 3547 ἁμαρτήσας,
1601 3478 1737 3547 πρὸς
1778 3476 1817 3531 ἃ.

1924 3497 1972 3541 et
2007 3484 2185 3553 puluis
2212 3484 2431 3538 obnoxii
2460 3483 2841 3538 conciliantur.
2872 3481 3076 3549 Quibus
3104 3482 3251 3538 enim
3279 3481 3500 3552 ligandi,

204 3577 241 3628 ὁ
273 3574 667 3646 πρεσϐύτερος
704 3572 837 3632 ἴσως
868 3571 968 3638 οὐχ
1003 3569 1188 3631 ἱκανὸς
1221 3569 1398 3624 ἔσται.
1433 3570 1543 3623 Καὶ
1571 3571 1605 3641 ἠ
1637 3570 1817 3641 κορῶν

210 3666 563 3734 καθιέρωσις
615 3661 772 3729 παρὰ
805 3659 1110 3729 ἀρχιερέων
1141 3658 1391 3726 γίνεσθαι
1427 3658 1776 3714 διατέτακται
1797 3702 1814 3727 ,

221 3762 315 3812 ἶνα
354 3759 569 3824 εἷὴσιν
619 3756 764 3824 ἔχων
808 3753 890 3805 ὅτι
937 3749 1379 3822 καθιερώθησαν,
1421 3753 1684 3824 φροντίζῃ
1726 3756 1818 3806 καὶ

218 3852 321 3919 τῆς
362 3836 868 3912 αὖτῶνἚιαγωγῆς
903 3859 964 3895 τε
1002 3844 1096 3897 καὶ
1141 3843 1391 3914 φυλακῆς
1432 3845 1665 3907 ἕκαστος
1704 3845 1816 3898 τῶν

212 3941 568 3993 ἐπισκόπων.
604 3936 682 3987 Τὸ
706 3934 764 3986 δὲ
792 3931 1131 3997 καταλλάξαι
1160 3935 1242 3995 είς
1268 3934 1536 4003 δημοσίαν
1570 3933 1819 4005 λειτουρ-

204 4037 342 4102 γίαν
399 4027 661 4085 τοιοῦτόν
717 4029 865 4080 ἐστιν
895 4041 910 4056 °
969 4027 1033 4079 Οἱ
1091 4025 1508 4096 ἐπιτιμηθέντες
1565 4026 1660 4079 καὶ
1715 4027 1820 4097 τῆς

205 4126 517 4196 ἐκκλησίας
548 4120 868 4191 εἰργόμενοι
890 4119 949 4171 ἐν
980 4120 1102 4180 ταῖς
1135 4118 1389 4183 συνάξεσι
1424 4118 1523 4188 μὲν
1548 4119 1684 4189 μετὰ
1708 4119 1819 4172 τῶν

208 4218 433 4273 πιστῶν
466 4215 535 4269 οὗ
586 4209 1053 4283 παραχωροῦνται
1097 4210 1447 4263 συνίστασθαι
1475 4226 1490 4240 ο
1535 4209 1659 4262 καθ’
1694 4211 1821 4264 ἐαυ-

206 4313 342 4374 cui);
385 4310 449 4364 δὲ
484 4309 685 4378 ὑμνεῖν
719 4305 812 4358 τὸν
856 4302 992 4357 Θεὸν
1025 4303 1120 4357 καὶ
1151 4302 1372 4357 δέεσθαι
1419 4300 1584 4356 αὑτοῦ
1605 4305 1672 4356 ού
1704 4321 1819 4357 κω-

207 4405 442 4459 λύονται
460 4417 479 4431 ·
505 4402 599 4454 ὅτε
626 4398 683 4451 δέ
707 4397 803 4451 τοῦ
828 4396 1112 4466 ἐπιτιμίου
1137 4395 1362 4460 λυθῶσι,
1386 4396 1510 4448 τότε
1537 4396 1818 4450 συνίσταν-

210 4512 309 4549 ται
333 4496 450 4556 τοῖς
484 4490 730 4551 πιστοῖς,
753 4488 849 4541 καὶ
872 4485 1130 4556 δημοσίᾳ,
1159 4485 1328 4556 ἧγουν
1352 4485 1491 4555 μετὰ
1520 4484 1615 4537 τοῦ
1642 4486 1816 4555 δήμου

208 4587 330 4640 τῶν
379 4583 628 4643 πιστῶν,
684 4579 778 4633 τοῦ
833 4577 1072 4645 πλήθους
1117 4576 1341 4647 δηλαδὴ,
1386 4578 1813 4648 λειτουργοῦσιν,

207 4683 339 4735 ἀντὶ
369 4678 473 4732 τοῦ
508 4673 770 4743 φανερῶς
803 4670 1036 4741 ὑμνοῦσι
1067 4670 1130 4722 τὸ
1161 4668 1327 4732 θεῖον,
1366 4672 1457 4722 καὶ¹
1492 4668 1816 4741 λατρεύουσι

208 4774 289 4842 τῷ
317 4770 471 4842 Θεῷ.
512 4766 869 4835 Ἐξείληπται
895 4765 1005 4832 γὰρ
1029 4765 1090 4815 τὸ
1120 4761 1457 4833 λειτουργεῖν
1486 4765 1582 4816 καὶ
1607 4764 1702 4816 ἐπὶ
1725 4765 1816 4816 λα-

202 4866 404 4937 τρείας
440 4862 545 4916 καὶ
586 4859 783 4929 ὕμνου.

210 4959 443 5031 populo,
476 4953 724 5010 ﬁdelium
773 4949 1028 5007 videlicet
1074 4947 1444 5015 multitudine.
1524 4952 1603 5006 rei
1653 4969 1828 5016 sacrae
1905 4954 2212 5016 ministerio
2262 4960 2479 5015 vacant,
2540 4953 2646 5007 hoc
2697 4962 2802 5014 est,

1916 3579 2110 3633 iisdem
2164 3586 2218 3632 et
2275 3574 2521 3632 solvendi
2583 3585 2823 3644 potestas
2855 3576 3125 3645 permissa
3155 3583 3260 3630 est.
3299 3574 3503 3629 Solerti

1920 3675 2183 3736 praeterea
2213 3665 2427 3733 judicio
2456 3678 2541 3719 est
2569 3680 2729 3735 opus,
2768 3675 2862 3732 ut,
2893 3681 2960 3719 an
2993 3683 3059 3721 ex
3093 3667 3275 3719 animo
3324 3666 3506 3720 doleat

1919 3759 2013 3830 qui
2063 3758 2311 3826 peccavit
2365 3767 2420 3813 et
2471 3761 2605 3812 satis
2662 3759 2913 3829 supplicii
2955 3760 3138 3827 luerit,
3172 3759 3502 3829 investiges;

1921 3849 1992 3903 ad
2022 3864 2143 3916 quae
2171 3848 2506 3913 providenda
2553 3848 2735 3905 minus
2766 3850 3000 3905 idoneus
3050 3848 3192 3905 forte
3244 3851 3506 3905 sacerdos

1924 3938 2113 3995 fuerit.
2174 3938 2426 4008 Virgines
2483 3928 2701 4010 quoque
2754 3954 2853 4008 per
2888 3940 3164 3995 antistites
3186 3943 3502 3995 consecrari

1923 4031 2197 4086 decretum
2234 4040 2342 4096 est,
2373 4038 2433 4087 ut
2482 4045 2606 4085 cum
2634 4045 2731 4085 eas
2782 4030 3026 4086 initiatus
3092 4046 3214 4087 esse
3263 4032 3504 4103 episcopi

1923 4122 2126 4187 norint,
2209 4136 2398 4176 earum
2452 4121 2790 4177 institutioni
2867 4131 2923 4177 et
2986 4107 3246 4178 custodiae
3304 4122 3501 4194 singuli

1926 4213 2260 4267 deserviant.
2301 4210 2452 4279 Quod
2506 4223 2690 4267 autem
2721 4214 2948 4277 dicitur,
2988 4214 3055 4267 ad
3103 4214 3385 4286 publicum
3422 4214 3499 4267 rei

1924 4319 2091 4359 sacrae
2112 4304 2476 4360 ministerium
2502 4305 2820 4371 conciliare,
2848 4306 2919 4360 id-
2936 4321 3063 4361 vero
3083 4320 3165 4361 est
3189 4306 3452 4375 ejusmodi
3483 4325 3497 4360 :

1924 4396 2133 4464 Quibus
2197 4396 2380 4451 multa:
2436 4395 2657 4451 indicta:
2711 4406 2856 4463 sunt,
2895 4398 3098 4467 quique
3158 4399 3224 4451 ab
3257 4398 3501 4453 Ecclesia

1925 4500 2182 4545 arcentur
2218 4527 2234 4554 ,
2300 4488 2367 4544 iis
2420 4490 2474 4543 in
2534 4499 2805 4545 conventu
2902 4489 3142 4545 ﬁdelium
3199 4489 3504 4547 consistere

1925 4584 2342 4652 haudquaquam
2360 4581 2527 4649 licet;
2550 4582 2805 4653 privatim
2830 4592 3011 4638 tamen
3033 4582 3232 4640 divinis
3256 4584 3504 4638 Ιιιιιόίιιιις

1923 4691 1989 4732 ac
2048 4675 2351 4746 precationi
2409 4690 2606 4730 vacare
2668 4675 2893 4730 minime
2962 4675 3337 4744 prohibentur.
3398 4673 3503 4729 Ubi

1923 4782 2058 4822 vero
2089 4782 2265 4836 pana:
2291 4765 2512 4820 obnoxii
2541 4780 2660 4820 esse
2685 4763 2968 4831 desierint,
3007 4774 3138 4820 tunc
3170 4766 3237 4819 ad
3260 4763 3502 4819 ﬁdelium

1922 4874 2279 4930 congressum
2312 4858 2696 4923 admittuntur,
2731 4867 2788 4912 et
2813 4856 3052 4929 publice,
3086 4859 3189 4912 hoc
3227 4866 3335 4921 est,
3368 4871 3498 4912 cum

2895 4951 3016 5007 luce
3069 4954 3249 5022 palam
3300 4952 3497 5007 divinis

206 5041 915 5102 landibusacrenerationi
938 5041 1266 5096 inserviunt.
1322 5039 1436 5096 Hoc
1479 5042 1596 5098 loco
1660 5061 1896 5118 namque
1936 5046 2212 5103 veneratio
2270 5055 2326 5098 et
2377 5043 2560 5099 laudes
2611 5059 2707 5114 per
2763 5045 2840 5101 rei
2910 5059 3081 5101 sacrae
3142 5044 3501 5100 ministerium

206 5143 635 5212 signiﬁcantur.

207 5238 439 5293 ΑΡΙΣΤ.
482 5253 504 5285 ι
547 5233 660 5287 Kal
686 5231 993 5303 χρίσματος
1019 5229 1259 5300 ποίησις,
1294 5229 1460 5300 ἧγουν
1492 5230 1665 5301 μύρου
1721 5251 1820 5286 κα.

288 5348 311 5378 σ
348 5325 627 5395 τασκευὴ,
689 5326 872 5392 κορῶν
921 5321 1280 5390 καθιέρωσις,
1341 5320 1438 5374 καὶ
1495 5322 1814 5394 καταλλαγή

286 5442 307 5471 ι
348 5436 499 5481 τινος
530 5418 614 5478 εἰς
642 5414 912 5484 δημοσίαν
943 5410 1294 5481 λειτουργίαν
1319 5452 1336 5476 ,
1369 5408 1478 5464 ἀπὸ
1506 5410 1814 5479 πρεσσυτέο

284 5531 308 5562 ο
350 5529 463 5580 ρων
492 5509 571 5581 μὴ
602 5503 864 5574 γινέσθω.
904 5522 924 5553 ι

276 5604 397 5672 Τὴν
427 5604 523 5658 τοέ
558 5600 729 5671 ἁγίου
765 5597 941 5668 μύρου
976 5597 1351 5665 κατασκευὴν,
1378 5597 1477 5648 καὶ
1506 5597 1813 5661 τελείωσιν,

200 5697 296 5750 καὶ
325 5700 427 5769 τὴν
457 5696 812 5766 καθιέρωσιν
842 5692 951 5744 τῶν
979 5690 1267 5762 παρθένων
1290 5730 1305 5754 ,
1325 5763 1328 5767 ν
1347 5692 1444 5745 καὶ
1470 5692 1568 5763 τὴν
1597 5689 1811 5744 τελείαν

198 5795 554 5865 καταλλαγὴν
581 5790 704 5843 τῶν
736 5788 799 5839 ἐν
830 5784 1095 5855 μετανοίᾳ
1115 5824 1131 5848 ,
1169 5782 1311 5837 ὥστε
1341 5786 1539 5846 αὐτοὺς
1570 5783 1808 5854 δημοσίᾳ

186 5892 317 5943 μετὰ
368 5889 479 5942 τῶν
513 5881 749 5941 πιστῶν
783 5875 1173 5943 συνίστασθαι,
1213 5876 1305 5929 καὶ
1327 5874 1432 5928 τῶν
1458 5873 1615 5927 θείων
1640 5890 1809 5943 μετα-

1923 5229 2160 5289 ARIST.
2199 5251 2218 5283 ι
2277 5231 2344 5286 Ει
2373 5230 2692 5285 chrismatis
2730 5228 3021 5293 confectio,
3074 5230 3190 5284 sive
3239 5228 3497 5301 unguenti

1996 5340 2014 5372 ι
2055 5322 2403 5391 praeparatio,
2447 5319 2754 5388 puellarum
2787 5322 3158 5387 consecratio,
3206 5330 3263 5376 et
3300 5336 3497 5377 recorr-

1998 5433 2016 5465 ι
2058 5414 2262 5468 ciliatio
2288 5413 2589 5485 cujuspiam
2623 5414 2691 5467 ad
2721 5428 2880 5468 sacra
2911 5414 3124 5484 publice
3151 5414 3498 5479 celebranda,

1995 5525 2013 5557 ι
2046 5522 2076 5561 a
2108 5504 2446 5578 presbyteris
2474 5520 2540 5559 ne
2570 5504 2716 5560 tiam
3358 5492 3361 5497 ’

1902 5623 1910 5631 ·
1992 5597 2178 5655 Sancti
2197 5596 2510 5653 chrismatis
2527 5608 2997 5667 prmparattonem,
3015 5607 3070 5653 et
3087 5595 3497 5667 perfectionem,

1917 5699 1974 5746 et
2007 5690 2478 5746 consecrationem
2510 5691 2804 5761 virginum,
2838 5701 2893 5744 et
2938 5690 3234 5761 perfectam
3282 5704 3495 5751 eorum.

1919 5780 2010 5851 qui
2063 5779 2435 5848 paenitentiam
2482 5790 2674 5852 agunt,
2733 5780 3263 5845 reconciliationem,
3323 5790 3376 5834 ut
3418 5782 3491 5833 illi

1918 5872 2131 5944 publice
2178 5885 2299 5927 cum
2362 5870 2613 5927 ﬁdelibus
2667 5873 2996 5939 consistant,
3060 5883 3115 5927 et
3180 5872 3488 5926 divinorum
