4034 6388
565 379 633 439 47
1842 368 2123 431 ΤΗΕΟΙ).
2160 422 2164 428 .

2267 368 2565 431 LSAMON
3752 366 3830 436 ‘13

567 505 1040 550 sacramentorum
1086 494 1221 549 fiant
1249 491 1574 565 participes,
1610 489 1934 561 presbytero
1963 482 2147 540 facere

2267 483 2551 555 ιαμδὰνειν
2578 485 2958 557 ἁγιασμάτων,
2990 486 3446 559 πρεσϐύτεροςλού
3477 490 3833 562 συγκεχώρηο

567 602 672 642 non
701 586 1036 660 permittitur
1073 605 1087 643 :
1116 585 1213 642 sed
1280 600 1345 641 ea
1375 583 1443 641 ab
1477 581 1738 653 episcopo
1765 579 1882 635 ﬁeri
1918 578 2138 633 debent.

1168 763 1400 824 CANON
1459 762 1573 822 VII.

572 881 591 913 ο
633 864 690 923 Si
746 863 868 935 quis
922 861 979 917 in
1023 858 1270 931 periculo
1303 856 1636 912 constitutus
1691 853 1927 922 scipsmn
1973 852 2144 925 sacris

645 974 664 1008 ι
704 954 994 1019 altaribus,
1035 951 1264 1008 absente
1289 947 1568 1019 episcopo,
1622 944 1977 1000 reconciliare
2004 942 2143 1011 peti-

648 1066 668 1100 ι
713 1046 871 1113 verit,
885 1044 1012 1115 jure
1032 1042 1190 1098 debet
1208 1038 1488 1108 presbyter
1505 1035 1825 1105 episcopum
1839 1032 2143 1093 consulere,

648 1158 670 1195 ι
706 1148 761 1195 et
787 1139 867 1193 sic
912 1134 1319 1208 periclitantem
1352 1145 1420 1185 ex
1450 1128 1570 1199 eius
1600 1136 1872 1196 praecepto
1899 1124 2146 1179 reconci-

647 1247 670 1283 ι
711 1230 871 1285 liare.
945 1224 1103 1281 Hanc
1182 1230 1364 1277 autem
1436 1234 1550 1273 rem
1622 1215 1851 1272 salutari
1896 1212 2147 1283 consilio

651 1342 670 1375 ι
707 1319 1033 1377 conﬁrmare
1061 1314 1341 1371 debemus.
1375 1310 1632 1382 Synodus
1653 1308 1791 1361 dixit
1837 1321 1852 1359 :
1910 1304 2144 1370 Suﬂieit,

649 1432 668 1465 ι
707 1411 851 1484 quod
905 1418 1089 1464 vestra
1134 1405 1401 1462 sanctitas
1447 1416 1547 1458 nos
1595 1399 1908 1457 necessario
1952 1397 2146 1467 iuvare

651 1525 671 1559 ι
717 1517 928 1574 aequum
957 1500 1194 1556 censuit.
1243 1516 1263 1549 ι

647 1683 846 1741 BALS.
874 1679 1263 1737 Confessiones
1290 1677 1575 1733 hominum
1620 1675 1819 1729 audire
1844 1681 1898 1727 et
1928 1680 2148 1741 peccata

578 1779 880 1842 remittere,
902 1775 1021 1830 sine
1047 1769 1344 1842 episcopali
1363 1768 1744 1837 penitissime,
1769 1764 2149 1822 sacerdotibus

2245 595 2337 722 ται
2388 580 2603 634 ποιεῖν’
2645 578 2780 633 ἀλλὰ
2813 577 2947 649 παρ’
2993 579 3296 635 ἐπισκόπου
3338 579 3514 635 ταῦτα
3554 579 3833 647 ὀφείλουσι

2246 687 2282 722 γ
2310 671 2520 722 νεσθαι.

2246 671 2520 739 γίνεσθαι.

2876 760 3111 814 ΚΑΝΩΝ
3138 764 3212 816 Z'.

2257 870 2275 903 ι
2325 853 2453 908 Ἐάν
2504 870 2587 917 τις
2644 857 2701 906 ἐν
2749 853 2977 923 κινδύνῳ
3036 852 3317 915 καθεστὼς
3375 853 3578 924 αἰτήσῃ
3636 851 3833 906 ἑαυτὸν

2326 961 2346 995 ι
2387 943 2799 1012 καταλλαγῆναι
2854 945 2967 1005 τοῖς
3027 943 3191 1013 ἱεροῖς
3246 943 3681 1011 θυσιαστηρίοις,
3732 940 3830 994 τοῦ

2327 1054 2345 1086 ι
2388 1036 2686 1088 ἐπισκόπου
2729 1035 2984 1099 ἀπόντος,
3033 1034 3484 1103 ὀφείλειείκότως
3526 1034 3555 1086 6
3586 1033 3830 1103 πρεσϐύ-

2327 1147 2345 1179 ι
2384 1145 2543 1197 τερος
2568 1128 2843 1198 ἐρωτῆσαι
2873 1128 2965 1178 τὸν
2989 1126 3311 1189 ἐπίσκοπον,
3336 1128 3429 1179 καὶ
3451 1125 3626 1188 οὕτως
3656 1126 3748 1178 τὸν
3772 1129 3830 1177 ἑν

2327 1236 2345 1268 ι
2387 1218 2617 1288 κινδύνῳ
2657 1219 2998 1283 καταλλάξαι
3025 1218 3165 1271 κατὰ
3216 1220 3317 1288 τὴν
3372 1218 3582 1269 ἐκείνου
3619 1232 3832 1287 παραγ-

2331 1329 2349 1361 ι
2391 1308 2596 1379 γελίαν.
2649 1310 2819 1363 Τοῦτο
2869 1310 2927 1363 δὲ
2977 1308 3039 1361 τὸ
3089 1310 3322 1379 πρᾶγμα
3367 1309 3655 1377 ὀφείλομεν
3718 1323 3824 1361 σω-

2328 1424 2347 1456 ι
2388 1404 2642 1474 τηριώδει
2691 1403 2856 1472 βουλῇ
2912 1401 3183 1471 κυρῶσαι.
3248 1400 3312 1453 Ἦ
3373 1398 3589 1461 σύνοδος
3638 1394 3828 1450 εἶπεν·

2329 1516 2347 1549 ι
2399 1496 2588 1565 ’Δρκεῖ
2632 1497 2768 1565 ὅπερ
2819 1497 2851 1565 ἡ
2897 1495 3140 1565 ὑμετέρα
3184 1490 3464 1561 ἁγιωσύνη
3513 1490 3834 1557 ἀναγκαίως

2328 1610 2345 1640 ι
2388 1590 2534 1657 ἡμᾶς
2575 1589 2854 1657 ὠφελῆσαι
2895 1586 3254 1656 κατηξίωσεν.
3286 1604 3307 1635 ι

2325 1685 2519 1737 ΒΑΛΣ.
2576 1685 2684 1737 Καὶ
2727 1686 2834 1737 ἀπὸ
2866 1684 2955 1736 τοῦ
2998 1685 3262 1752 παρόντος
3312 1683 3538 1742 κανόνος
3581 1677 3834 1749 ἐναργῶς

2253 1775 2609 1844 ἀναφαίνεται
2647 1775 2721 1844 μὴ
2761 1775 2961 1838 ἐξεῖναι
2993 1778 3105 1836 τοῖς
3140 1773 3379 1842 ἱερεῦσιν
3412 1771 3836 1840 ἐξομολογήσεις

579 1886 687 1926 non
711 1869 896 1929 licere,
945 1882 1011 1920 ex
1042 1864 1295 1935 praesenti
1331 1874 1553 1930 quoque
1602 1871 1812 1913 canone
1871 1855 2152 1909 evidenter

2267 1868 2558 1938 Ξινθρώπων
2606 1869 2995 1936 ἀναδέχεσθαι,
3037 1866 3131 1919 καὶ
3172 1868 3475 1937 συγχωρεῖν
3518 1863 3838 1934 ἁμαρτίας.

576 1961 909 2017 ostenditur.
943 1957 1082 2011 Dicit
1126 1957 1266 2010 enim
1296 1996 1310 2009 .
1347 1954 1405 2008 Si
1431 1954 1552 2023 quis
1606 1952 1658 2005 itt
1686 1949 1932 2021 periculo
1965 1947 2153 2001 mortis

579 2056 741 2109 fuerit
794 2051 1149 2113 constitutus,
1176 2059 1230 2103 et
1261 2047 1515 2116 petiverit
1569 2043 1935 2107 reconciliari,
1962 2043 2013 2096 id
2044 2051 2151 2106 est,

575 2126 715 2201 sibi.
750 2141 1012 2214 permitti,
1078 2148 1136 2193 ιιι
1187 2146 1341 2208 post-
1369 2133 1770 2190 confessionem
1845 2132 2151 2186 divinorum

577 2246 1045 2293 sacramentorum
1082 2232 1154 2285 sit
1199 2229 1476 2299 particeps
1523 2226 1703 2296 (abest
1735 2236 1915 2278 autem
1945 2224 2155 2292 episeo-

579 2327 724 2399 pus),
774 2339 880 2380 non
931 2331 1108 2393 potest
1143 2321 1400 2375 sacerdos
1443 2332 1567 2371 eum
1621 2316 1973 2371 reconciliare
2010 2330 2023 2366 :
2062 2314 2155 2367 sed

583 2420 922 2484 interrogare
981 2413 1143 2466 debet
1203 2410 1543 2480 episcopum,
1572 2408 1663 2476 qui
1711 2405 1925 2459 obtinet
1977 2403 2156 2457 locum

584 2510 845 2583 apostoli,
877 2518 930 2562 et
978 2504 1180 2575 ligandi
1230 2518 1296 2556 ac
1328 2500 1574 2557 solvendi
1623 2508 1946 2569 potestatem
1982 2511 2014 2550 a
2050 2497 2158 2550 Deo

588 2602 824 2674 accepit,
852 2610 905 2657 et
938 2597 1055 2667 ejus
1086 2599 1304 2653 hortatu
1339 2593 1519 2649 facere
1553 2588 2078 2650 reconciliationem,
2114 2586 2159 2641 si

593 2696 753 2750 modo
782 2693 1090 2761 expeditum
1124 2689 1198 2743 sit
1244 2685 1728 2754 interrogatiotrcm
1759 2680 1898 2734 lieri.
1928 2677 1984 2732 Si
2014 2678 2159 2729 enim

586 2791 743 2858 longe
796 2787 950 2840 abest
998 2783 1323 2853 episcopus,
1375 2786 1431 2832 et
1485 2789 1632 2829 mors
1678 2771 1944 2833 imminet,
1995 2766 2160 2822 etiam

589 2882 792 2950 absque
814 2876 1236 2944 interrogatione
1270 2869 1506 2941 epis-cepi
1546 2868 1763 2922 dabitur
1794 2859 2163 2919 reconciliatio

587 2991 615 3025 a
679 2970 999 3031 sacerdote,
1060 2962 1356 3019 secundum
1419 2973 1686 3014 canonetn
1749 2955 1820 3010 43
1881 2951 2163 3022 praesentis

591 3059 807 3129 synodi.
841 3057 897 3111 Si
932 3069 1062 3123 ergo
1097 3066 1195 3106 nec
1245 3061 1545 3105 extremam
1590 3046 1810 3114 quidem
1843 3041 2161 3127 reconcilia-

2255 1963 2421 2031 χωρὶς
2453 1964 2819 2030 ἐπισκοπικῆς
2854 1962 3183 2030 ἐπιτροπῆς.
3211 1962 3347 2029 Φησὶ
3379 1960 3516 2028 γὰρ,
3562 1957 3686 2010 Ἐὰν
3714 1972 3838 2007 κιν-

2252 2053 2453 2124 δυνεύῃ
2482 2070 2565 2115 τις
2599 2056 2727 2123 περὶ
2760 2054 2859 2121 τὴν
2890 2052 3036 2121 ζωὴν
3057 2091 3072 2116 ,
3107 2053 3201 2105 καὶ
3236 2051 3451 2121 ζητήσῃ
3486 2046 3841 2115 καταλλαγῆ-

2257 2160 2363 2206 ναι,
2396 2146 2561 2212 ἦγουν
2595 2143 3067 2213 παραχο›ρηοἧναι
3098 2145 3176 2203 εἰς
3209 2142 3510 2211 μετάληψιν
3536 2139 3645 2191 τῶν
3674 2137 3841 2190 θείων

2256 2234 2616 2300 ἁγι.σμοὶτων
2653 2251 2788 2302 μετα
2814 2234 3202 2302 ἐξομολόγησιν
3225 2233 3442 2297 (ἄπεστι
3475 2231 3531 2283 δὲ
3557 2232 3585 2282 6
3612 2228 3843 2282 ἐπίσκο-

2259 2321 2404 2392 πος).
2425 2325 2484 2375 οὐ
2503 2324 2729 2375 δύναται
2757 2325 2934 2392 ἱερεὺς
2957 2322 3290 2387 καταλλάξαι
3313 2322 3526 2387 τοῦτον,
3556 2320 3668 2375 ἀλλ’
3689 2320 3846 2390 ὀφεί-

2258 2413 2340 2465 λει
2360 2416 2569 2488 ἐρωτᾷν
2595 2415 2685 2468 τὸν
2708 2416 3007 2469 ἐπίσκοπον
3026 2416 3115 2468 τὸν
3138 2417 3400 2484 ἐπέχοντα
3422 2416 3588 2466 τόπον
3611 2411 3844 2465 ἀποστό-

2260 2505 2376 2569 λου,
2412 2508 2506 2559 καὶ
2543 2506 2773 2559 λαϐόντα
2807 2507 3057 2571 ἐξουσίαν
3092 2510 3198 2561 ἀπὸ
3231 2506 3367 2559 Θεοῦ
3394 2507 3617 2576 δεσμεῖν
3648 2521 3707 2557 τε
3739 2503 3846 2558 καὶ

2261 2598 2430 2664 λύειν,
2461 2600 2552 2650 καὶ
2576 2602 2711 2668 μετὰ
2735 2603 3050 2671 προτροπῆς
3074 2598 3239 2655 αὐτοῦ
3269 2601 3442 2652 ποιεῖν
3458 2599 3555 2666 τὴν
3581 2595 3848 2648 καταλλα-

2262 2692 2388 2761 γὴν,
2411 2691 2506 2743 ἐὰν
2530 2693 2667 2755 τέως
2700 2693 2851 2744 ἐστὶν
2885 2692 3109 2762 εὐχερὲς
3141 2690 3398 2759 γενέσθαι
3422 2689 3519 2760 τὴν
3547 2689 3843 2757 ἐρώτησιν.

2260 2787 2327 2839 Ei
2356 2786 2466 2855 γὰρ
2501 2787 2697 2837 ἄπεστι
2734 2784 2954 2854 μακρὰν
2985 2785 3015 2835 6
3048 2786 3366 2846 ἐπίσκοπος,
3401 2783 3502 2834 καὶ
3546 2782 3575 2832 ὀ
3608 2780 3849 2841 θάνατος

2266 2880 2598 2946 ἐφίσταται,
2626 2878 2721 2930 καὶ
2749 2878 2917 2947 χωρὶς
2942 2876 3033 2930 τοῦ
3062 2876 3404 2947 ἐρωτηθῆναι
3427 2875 3519 2927 τὸν
3541 2876 3848 2947 ἐπίσκοπον

2271 2941 2561 3035 δοθήσεται
2584 2941 2909 3034 καταλλαγὴ
2940 2941 3104 3035 παρὰ,
3120 2941 3450 3033 τοῦγίερέως,
3469 2964 3608 3017 κατὰ
3632 2962 3721 3014 τὸν
3739 2941 3847 3031 κμγ’

2260 3058 2466 3111 κανόνα
2489 3058 2584 3128 τῆς
2610 3056 2892 3129 παρούσης
2918 3054 3251 3110 συνόδου.⁶-Εί
3276 3055 3407 3123 γοῦν
3426 3054 3547 3106 οὐδὲ
3564 3049 3852 3106 ἐπιτελεύ-

592 3151 793 3202 tionem
828 3147 920 3198 dat
947 3145 1204 3197 sacerdos
1228 3141 1434 3208 absque
1460 3135 1748 3206 episcOpali
1776 3132 2158 3204 permissioue,

2267 3166 2380 3201 τιον
2433 3148 2781 3218 καταλλαγὴν
2825 3149 2994 3219 χωρὶς
3038 3149 3405 3214 ἐπισκοπικῆς
3457 3145 3761 3214 ἐπιτροπῆς
3815 3146 3849 3196 ὀ

589 3250 641 3292 ut
675 3239 766 3304 qui
799 3233 999 3305 ligandi
1027 3242 1107 3286 et.
1145 3231 1388 3285 solvendi
1420 3236 1745 3296 potestatem
1787 3238 1892 3278 nou
1921 3222 2159 3286 habeat;

592 3330 764 3382 multo
801 3326 972 3396 magis
1026 3339 1125 3376 nec
1163 3323 1284 3375 sani
1333 3318 1735 3376 confeSsionem
1791 3314 2036 3384 recipiet.
2065 3312 2162 3366 llis

590 3431 770 3476 autem
830 3420 900 3472 ita
948 3431 1009 3473 se
1062 3414 1410 3477 habentibus,
1462 3420 1520 3465 et
1569 3425 1691 3463 cum
1751 3422 1923 3462 canon
1958 3405 1991 3460 6
2054 3418 2161 3458 non

593 3519 820 3575 statuat,
848 3510 976 3579 quid
1023 3507 1075 3560 in
1109 3507 1474 3565 sacerdotem,
1505 3500 1596 3570 qui
1634 3500 1753 3552 sine
1801 3494 2164 3566 permissioue

593 3587 832 3676 episcOpi
863 3600 1236 3655 confessiones
1263 3595 1492 3659 audivit,
1528 3594 1828 3648 secundum
1876 3585 2162 3642 Fortunati

593 3697 1076 3766 interrogationem
1129 3689 1246 3746 lieri
1298 3687 1516 3751 debeat,
1577 3682 1672 3739 sed
1756 3695 1855 3734 nec
1927 3691 2164 3747 praesens

593 3805 767 3844 canon
804 3787 1096 3857 quidquam
1126 3784 1193 3837 de
1223 3794 1291 3835 eo
1313 3781 1606 3842 decernat;
1636 3775 1886 3827 dixerunt
1920 3768 2161 3840 quidam,

593 3878 888 3953 episc0pali
935 3875 1138 3945 judicio
1211 3870 1442 3940 relinqui
1500 3867 1825 3939 supplicium
1878 3864 2021 3930 ejus,
2068 3861 2161 3930 qui

592 3952 859 4030 canouem
897 3978 1275 4037 transgressus
1296 3971 1403 4017 est.
1438 3959 1834 4014 Sanctissimus
1871 3964 2050 4008 autem
2078 3952 2166 4006 ille

595 4063 907 4134 patriarcha
965 4058 1214 4111 dominus
1252 4051 1519 4115 Michael,
1567 4047 1660 4119 qui
1720 4046 1823 4101 fuit
1874 4057 2169 4114 supremus

595 4132 1066 4227 philosotihorum,
1117 4145 1334 4201 dicebat
1389 4157 1514 4196 eum
1582 4135 1923 4195 sacerdotem
1969 4132 2169 4203 deponi

595 4225 815 4309 debere,
847 4240 1145 4294 secundmn
1179 4246 1422 4287 canones
1445 4228 1539 4300 qui
1575 4235 1849 4291 statuunt,
1882 4225 2167 4292 deponen-

595 4340 693 4394 dos
715 4349 838 4391 esse
852 4345 974 4395 eos,
998 4328 1088 4398 qui
1108 4326 1249 4381 ultra
1269 4322 1605 4395 provinciam
1618 4318 1819 4389 aliquid
1839 4314 2174 4373 sacerdotale

596 4431 875 4485 exercent,
901 4429 954 4472 et
994 4432 1265 4474 canonum
1306 4424 1766 4483 transgressores.

2266 3238 2448 3308 ἱερεὺς
2475 3238 2678 3303 δίδωσι,
2701 3237 2776 3300 ὼς
2802 3237 2936 3308 μηδὲ
2959 3236 3205 3300 ἐξουσίαν
3229 3238 3365 3306 ἒχων
3382 3234 3477 3287 τοῦ
3499 3235 3721 3301 δεσμεῖν
3745 3233 3853 3286 καὶ⁸

2265 3330 2434 3394 λύειν,
2460 3328 2640 3398 πολλῷ
2661 3328 2821 3385 πλέον
2851 3327 3237 3397 ἐξομολόγησιν
3264 3328 3324 3378 ού
3342 3326 3551 3391 δέξεται
3571 3324 3816 3391 ὑγιαίνον
3833 3352 3851 3365 -

2217 3448 2228 3458 ι
2264 3438 2378 3483 τος.
2408 3420 2624 3472 Τούτων
2646 3419 2702 3471 δὲ
2728 3418 2898 3482 οὕτως
2922 3420 3175 3489 ἐχόντων,
3199 3419 3293 3471 καὶ
3316 3416 3407 3469 τοῦ
3434 3415 3486 3480 ς’
3518 3416 3738 3475 κανόνος
3765 3413 3855 3482 μὴ

2267 3513 2825 3585 παρακελευσαμένου
2864 3512 2918 3565 τί
2946 3513 3153 3580 ὀφείλει
3181 3510 3430 3580 γίνεσθαι
3458 3510 3536 3573 είς
3566 3508 3654 3560 τὸν
3689 3506 3855 3576 ἱερέα

2264 3605 2356 3656 τὸν
2386 3604 2505 3673 δίχα
2543 3602 2843 3672 ἐπιτροπῆς
2875 3602 3175 3654 ἐπισκόπου
3203 3601 3498 3669 δεξάμενον
3524 3600 3852 3663 λογισμούς,

2268 3702 2409 3747 κατα
2433 3695 2531 3761 τὴν
2556 3692 2823 3760 ἐρώτησιν
2852 3690 2945 3743 τοῦ
2990 3691 3379 3757 Φορτουνάτου.
3406 3686 3541 3738 ἀλλα
3587 3682 3721 3752 μηδξ
3748 3680 3852 3732 τοῦ

2271 3785 2538 3856 παρόντος
2574 3784 2795 3844 κανόνος
2830 3783 2961 3853 περ)⁸
2992 3782 3183 3833 τούτου
3224 3798 3272 3832 τι
3302 3778 3670 3849 διοριζομὲνου
3717 3789 3731 3802 ·
3767 3768 3854 3827 εἷ·-

2272 3878 2372 3930 πόν
2404 3892 2547 3939 τινες
2580 3878 2731 3945 παρᾶ
2760 3876 2827 3945 τῇ
2864 3876 3195 3943 ὲπισκολικῇ
3228 3872 3501 3940 διακρίσει
3525 3863 3851 3920 ἀνακεῖσθαι

2268 3968 2366 4037 τὴν
2395 3966 2615 4020 κόλασιν
2641 3965 2736 4019 τοῦ
2768 3963 3085 4035 παραϐάτου
3111 3963 3203 4015 τοῦ
3231 3962 3474 4023 κανόνος.
3515 3959 3573 4012 Ὀ
3595 3958 3649 4009 δὲ
3678 3951 3854 4020 ἁγιώ-

2269 4075 2431 4123 τατος
2465 4061 2670 4119 ἐκεῖνος
2703 4057 3048 4127 πατριάρχης
3083 4056 3247 4122 acopo;
3278 4053 3518 4124 Μιχαὴλ,
3550 4054 3578 4104 6
3605 4052 3852 4121 γεγονὼς

2273 4146 2477 4210 ὕπατος
2501 4148 2609 4201 τῶν
2634 4147 2961 4216 φιλοσόφων,
2990 4146 3176 4213 ἔλεγεν
3201 4145 3437 4213 ὀφείλειν
3458 4145 3854 4213 καθαιρεσθαι

2272 4243 2365 4297 τὸν
2391 4243 2634 4297 τοιοῦτον
2670 4242 2842 4313 ίερέα,
2876 4242 3017 4294 κατὰ
3045 4240 3169 4300 τοὺς
3202 4240 3430 4300 κανίνας
3463 4239 3586 4298 τοὺς
3615 4236 3855 4307 διοριζο-

2275 4337 2473 4407 μένους
2514 4333 2895 4405 καθαιρεῖσθαι
2924 4332 3049 4395 τοὺς
3083 4331 3216 4400 παρ’
3251 4333 3468 4400 ὲνορίαν
3492 4328 3858 4397 ἐνεργοῦντας

2280 4428 2553 4499 ίερατικόν
2583 4444 2656 4491 τι,
2700 4427 2795 4479 καὶ
2820 4426 2946 4487 τοὺς
2983 4423 3312 4495 παραόἀτας
3340 4421 3448 4474 τῶν
3477 4423 3736 4473 κανόνων.

653 4515 816 4588 522
840 4508 1093 4567 ΖυΝΑιι.
1109 4506 1206 4562 Hic
1223 4520 1436 4576 quoque
1451 4505 1729 4575 judicandi
1748 4502 2058 4558 facultatem
2076 4513 2164 4569 pe-

2331 4497 2597 4575 VZONAP.
2632 4515 2929 4571 Κάνταῦθα
2969 4515 3067 4585 τὴν
3108 4515 3380 4586 διάκρισιν
3428 4516 3456 4567 ό
3506 4514 3686 4566 κανὼν
3735 4517 3858 4577 τοῖς

599 4626 697 4667 nes
727 4610 1013 4679 episcOpos
1029 4614 1342 4657 cauonesse
1375 4599 1638 4654 decernit.
1677 4594 1879 4665 Siquis
1895 4595 2062 4658 enim,
2088 4594 2174 4647 in-

598 4703 736 4774 qult,
773 4697 857 4754 vel
882 4713 948 4753 ex
974 4696 1185 4759 morbo,
1212 4691 1295 4745 vel
1319 4705 1385 4746 ex
1409 4689 1511 4744 alia
1545 4690 1799 4742 causa-de
1823 4687 1931 4743 vita
1965 4687 2177 4758 pericli-

601 4805 765 4859 tetur,
788 4790 881 4863 qui
912 4786 1090 4860 poenis
1122 4784 1332 4840 luendis
1359 4785 1432 4838 sit
1458 4779 1726 4845 addictus,
1756 4789 1966 4849 atquea
1987 4789 2174 4834 sancto

601 4885 760 4940 altari
812 4884 1000 4951 procul
1060 4889 1339 4942 arceatur,
1401 4876 1450 4931 is
1498 4889 1626 4930 vero
1680 4873 1947 4928 altaribus
2001 4874 2174 4927 sacris

603 4975 908 5038 conciliari,
951 4976 1056 5026 hoc
1111 4980 1215 5035 est,
1249 4971 1317 5023 ad
1352 4968 1592 5021 divinam
1621 4963 2171 5017 communicationem

603 5069 879 5139 episcopo
941 5065 1165 5119 absente
1238 5060 1449 5115 admitti
1518 5056 1784 5127 postulet;
1848 5059 2173 5126 presbyter,

602 5159 780 5228 inquit
801 5172 999 5219 canon,
1031 5156 1342 5224 episcOpum
1387 5150 1695 5215 consulere,
1729 5163 1792 5202 ac
1822 5164 1966 5212 eum,
1994 5147 2085 5215 qui
2121 5147 2176 5200 in

605 5247 848 5321 periculo
901 5255 1171 5309 versatur,
1236 5261 1302 5297 ex
1363 5244 1509 5297 illius
1565 5251 1831 5309 praecepto
1879 5238 2177 5292 conciliare

607 5343 786 5396 debet.
849 5339 1040 5392 Merito
1077 5347 1255 5392 autem
1297 5350 1327 5390 a
1374 5336 1550 5405 pinnis
1616 5332 1881 5386 liberandi
1938 5339 2177 5398 potestas

604 5432 876 5503 episcopis
932 5430 1239 5499 adiudicata
1311 5427 1412 5481 fuit
1450 5468 1466 5495 ,
1531 5441 1656 5482 cum
1722 5425 1793 5480 ob
1848 5425 2175 5494 explicatam

607 5525 896 5590 tationem,
955 5534 1066 5576 tum
1123 5522 1251 5589 quia
1310 5521 1538 5573 summis
1598 5515 2000 5580 sacerdotibus,
2038 5528 2177 5584 quos

606 5631 770 5687 penes
827 5613 1026 5685 ligandi
1091 5627 1153 5665 ac
1193 5613 1438 5667 solvendi
1483 5611 1779 5666 auctoritas
1812 5620 1915 5676 est,
1960 5610 2179 5679 proprie

607 5713 901 5765 verborum
931 5709 1020 5762 illa
1051 5706 1284 5777 prolatio
1327 5706 1603 5760 convenit.
1630 5703 1886 5770 Quinimo
1925 5704 2175 5760 monachi

610 5788 849 5872 quoque,
886 5801 976 5868 qui
1032 5800 1132 5853 hoc
1176 5807 1416 5867 tempore
1445 5795 1821 5853 confessiones
1875 5802 2175 5867 exvipiuut,

2276 4613 2599 4674 ἐπισκόποις
2636 4609 2980 4678 ἀνατίθησιν.
3026 4606 3152 4659 Ἐὰν
3187 4607 3328 4676 γὰρ,
3360 4608 3489 4677 φησὶ
3514 4646 3531 4670 ,
3565 4604 3856 4676 κινδυνεύῃ

2276 4720 2360 4766 τις
2390 4704 2520 4773 περὶ
2544 4703 2642 4770 τὴν
2673 4699 2820 4770 ζωὴν
2850 4701 2915 4751 ὲκ
2950 4699 3109 4752 νόσου
3137 4697 3170 4768 ἢ
3200 4698 3261 4761 ἐξ
3292 4697 3459 4764 ἄλλης
3486 4698 3684 4758 αἰτίας,
3726 4696 3856 4747 ἐπι-

2276 4795 2638 4866 τετιμημένος
2666 4790 2774 4855 ὢν,
2806 4791 2903 4845 κα)⁸
2938 4791 3015 4862 τῷ
3044 4790 3184 4861 ἁγίῳ
3212 4789 3584 4858 θυσιαστηρίῳ
3623 4789 3865 4857 προσελοο

2279 4890 2401 4943 θεῖν¹
2445 4885 2808 4955 κωλυόμενος,
2857 4884 2950 4937 καὶ
2990 4884 3188 4956 αἰτήσῃ
3232 4881 3645 4950 καταλλαγῆναι
3692 4879 3861 4931 αὐτὸν

2277 4984 2389 5042 τοῖς
2425 4980 2589 5048 ἱεροῖς
2617 4976 3049 5045 θυσιαστηρίοις,
3074 4975 3197 5028 ἀντὶ
3252 4973 3346 5026 τοῦ
3376 4974 3563 5025 δεκτὸν
3600 4971 3858 5039 γενέσθαι

2280 5075 2360 5135 είς
2408 5073 2507 5141 τὴν
2551 5068 2702 5122 θείαν
2733 5067 3060 5138 μετάληψιν,
3104 5069 3300 5119 ἄπεστι
3353 5064 3409 5116 δὲ
3446 5065 3473 5115 ό
3530 5064 3857 5122 ἐπίσκοπος.

2279 5161 2506 5230 ὀφείλει,
2550 5162 2712 5229 φησὶν
2754 5162 2783 5213 6
2835 5158 3037 5220 κανὼν,
3085 5156 3358 5226 ἐρωτῆσαι
3414 5154 3505 5206 τδν
3555 5153 3862 5206 ἐπίσκοπον

2281 5257 2308 5308 ό
2333 5255 2606 5324 πρεσϐύτε
2617 5270 2726 5323 ρος,
2752 5253 2847 5305 καὶ
2863 5250 3033 5313 οὕτως
3055 5249 3148 5300 τὸν
3174 5251 3230 5299 ἐν
3248 5248 3477 5317 κινδύνῳ
3499 5242 3861 5309 καταλλάξαι,

2282 5350 2463 5409 καθὼς
2490 5349 2693 5407 ἐκεῖνος
2720 5344 3012 5411 ὑπόθηται.
3041 5340 3278 5404 Εἰκότως
3308 5341 3365 5414 δὲ
3387 5342 3497 5401 τοῖς
3521 5339 3855 5399 ἐπισκόποις

2280 5442 2313 5511 ή
2374 5438 2524 5502 λύσις
2572 5437 2851 5490 ἀνετίθε;ο
2890 5435 2997 5487 τῶν
3039 5433 3330 5503 ἐπιτιμίων
3362 5432 3448 5484 διά
3495 5447 3557 5482 τε
3608 5431 3704 5499 τὴν
3754 5429 3864 5499 ἤδη

2286 5528 2545 5603 ῥηθεῖσαν
2576 5527 2780 5590 αἰτίαν,
2816 5527 2909 5577 καὶ
2939 5524 3022 5578 ὅτι
3063 5525 3171 5586 τοῖς
3206 5521 3558 5593 ἀρχιερεῦσιν
3592 5521 3628 5591 ἠ
3667 5517 3864 5584 ἐξαγό-

2284 5638 2470 5695 pauet;
2496 5618 2726 5689 ἁρμόζει
2748 5633 2767 5683 ,’
2791 5616 2869 5679 ὡς
2897 5617 3120 5688 δεσμεῖν
3150 5620 3244 5670 καὶ
3275 5614 3425 5668 λύειν
3450 5611 3861 5680 δεδυνημένοις.

2286 5718 2393 5770 Καὶ
2420 5716 2469 5765 οἱ
2502 5712 2594 5765 νῦν
2629 5716 2738 5780 γὰρ
2772 5711 3065 5779 λογισμοὺς
3092 5708 3373 5777 δεχόμενοι
3405 5705 3667 5777 μοναχοὶ,
3695 5702 3743 5755 εἰ
3779 5701 3864 5770 μὴ

2290 5811 2346 5872 ἐς
2383 5821 2683 5873 αρχιερεως
2717 5800 3063 5870 ὲπιτραπῶσι
3097 5799 3348 5868 δέχεσθαι
3381 5797 3698 5865 λογισμοὺς,
3734 5792 3866 5846 οὒτε
