4034 6402
223 351 298 418 te
1207 343 1216 350 ’
1314 364 1397 424 1N
1437 363 1605 424 CAN.
1645 361 1791 424 vut
1823 359 2034 421 conc.
2074 363 2455 426 CARTHAG.
3445 362 3517 425 50

222 475 449 525 δεσνιετν
478 476 606 529 οὗτε
630 474 783 529 λύειν
810 473 1032 545 ἔχουσιν
1057 471 1331 537 ἰξουσίαν.
1358 470 1484 534 Τοῖς
1514 470 1626 539 γὰρ
1659 468 1817 538 ίεροῖς

1932 469 2035 524 nisi
2068 470 2325 540 episcopo
2357 474 2694 527 concedente
2736 471 2790 526 id
2840 470 3065 535 faciant,
3098 484 3275 539 neque
3309 469 3517 540 ligandi

225 566 545 631 ἀποστόλοις
609 570 712 641 τὴν
755 568 1014 634 ἐξουσίαν
1045 564 1249 635 ταύτην
1278 564 1481 620 ἔδωκεν
1506 566 1535 617 6
1573 562 1826 634 Χριστός.

226 663 407 719 τόπον
466 665 526 718 δὲ
576 664 689 717 τῶν
728 662 1048 716 ἀποστόλων
1091 662 1141 713 οἱ
1182 660 1463 732 ἀρχιερεῖς
1504 653 1827 728 πληροῦσιν.

224 929 455 988 ΔΡΙΣΤ.
501 950 520 981 ι
560 932 669 984 Τδν
716 933 773 985 ὲν
821 931 1051 1000 κινδύνῳ
1125 927 1445 983 καθεστῶτα
1495 926 1829 992 καταλλάξαι

301 1046 321 1078 ι
362 1028 483 1087 τοῖς
506 1027 549 1077 is
563 1027 676 1096 ροῖς
701 1024 1119 1093 θυσιαστηρίοις
1143 1023 1314 1076 θέλων
1340 1022 1540 1088 ἱερεὺς,
1575 1021 1832 1091 ἐρωτάτω

301 1137 324 1172 ι
366 1119 464 1172 τὸν
489 1119 823 1180 ἐπίσκοπον,
849 1120 944 1171 καὶ
973 1117 1115 1170 κατὰ
1141 1116 1200 1170 τὸ
1223 1115 1414 1186 λεχθὲν
1438 1114 1682 1169 ποιείτω.
1718 1132 1738 1166 ι

312 1299 378 1354 '0
399 1299 755 1370 προγραφεὶς
786 1299 972 1351 κανὼν
1001 1299 1133 1368 παρ’
1158 1298 1466 1350 ἐπισκόπου
1496 1295 1598 1365 τὴν
1625 1296 1828 1350 καταλ-

226 1393 409 1464 λαγὴν
440 1391 755 1460 προσέταξε
785 1391 1064 1458 γίνεσθαι’
1093 1393 1121 1444 6
1146 1391 1201 1443 δὲ
1232 1390 1425 1457 παρὼν
1452 1390 1824 1451 διατάττεται,

222 1486 372 1541 κατὰ
411 1483 650 1554 γνώμην
689 1483 786 1536 τοῦ
824 1483 1160 1548 ἱπισκόπου,
1196 1484 1290 1535 καὶ
1332 1481 1484 1553 παρὰ
1518 1481 1824 1552 πρεσϐύτε-

227 1597 339 1649 ρων
368 1577 582 1648 ταύτην
606 1574 908 1632 τελεῖσθαι.

843 1671 1087 1726 ΚΑΝΩΝ
1136 1669 1222 1723 Ii'.

225 1785 247 1818 ι
288 1767 434 1836 Περὶ
486 1767 601 1820 τῶν
647 1766 781 1829 τοὺς
827 1768 1081 1835 Πατέρας
1126 1765 1489 1834 αἰτιωμένων,
1536 1765 1632 1818 καὶ
1680 1763 1822 1818 ὥστε

300 1874 324 1906 σ
367 1857 564 1924 μηδενὶ
613 1856 1063 1925 διαϐεϐλημένων
1106 1855 1307 1921 ἐξεῖναι
1364 1856 1666 1910 ἐπισκόπου
1696 1875 1827 1911 κατ·
1858 1853 1909 1911 Β.

299 1967 322 1999 ι
360 1951 616 2017 ηγορεῖν.
701 1950 1018 2017 Νουμήδιος
1059 1949 1363 2010 ἐπίσκοπος
1407 1948 1823 2013 Μαζουλιτᾶνος

301 2060 322 2092 ι
365 2037 568 2094 εἶπεν·
627 2042 752 2093 Eia!
796 2041 985 2094 πολλοὶ
1038 2042 1137 2095 οὒκ
1192 2041 1406 2110 ἀγαθῆς
1452 2043 1822 2112 ἀναστροφῆς,

295 2150 315 2184 ι
358 2132 563 2193 οἵτινες
635 2130 904 2200 ἡγοῦνται
962 2132 1089 2195 τοὺς
1143 2133 1398 2201 Πατέρας
1452 2134 1545 2186 καὶ
1604 2134 1826 2188 iamdud-

302 2242 322 2274 ι
365 2241 502 2278 πους
534 2223 682 2291 (Η),
714 2222 789 2284 ὡς
824 2222 1039 2293 ἔτυχεν,
1072 2225 1313 2291 ὀφείλειν
1340 2226 1668 2291 ὲνάγεσθαι’
1698 2229 1824 2293 τοὺς

300 2334 323 2365 ς
367 2314 653 2378 τοιούτους
708 2316 792 2369 δεῖ
837 2315 1258 2385 προσδέχεσθαι,
1311 2317 1342 2387 ἢ
1392 2319 1506 2388 psi];
1554 2320 1824 2391 Αὐρήλιος

296 2428 315 2460 ι
359 2410 670 2471 ἐπίσκοπος
719 2408 907 2464 εῖπεψ
971 2412 1227 2480 Ἀρέσκει
1276 2414 1460 2465 τοίνυν
1510 2416 1577 2483 τῇ
1632 2414 1824 2487 ἀγάπῃ

295 2519 318 2553 ο
355 2501 517 2569 ὑμῶν
561 2502 691 2565 τοὺς
717 2503 799 2565 εἷς
832 2520 961 2557 τινα
994 2502 1138 2573 μύση
1166 2504 1660 2572 ὲμπεπλεγμένοδς
1681 2507 1826 2561 κατὰ

297 2615 318 2646 ι
362 2595 639 2664 Πατέρων
680 2596 870 2664 φωνὴν
920 2597 1259 2665 κατηγορίας
1293 2597 1682 2663 ἀποτίθεσθαις
1729 2600 1824 2653 Ἐκ

298 2707 318 2740 ι
363 2689 593 2743 πάντων
620 2689 733 2741 τῶν
763 2691 836 2742 ὲπ
864 2690 1084 2743 σκόπων
1112 2689 1303 2760 ἐλέχθη
1334 2706 1347 2720 ⁸
1388 2690 1516 2744 Ἐὰν
1539 2692 1826 2764 διαϐέϐλη-

288 2801 309 2833 σ
343 2800 444 2837 ται
471 2784 501 2836 6
530 2780 804 2846 τοιοῦτος,
839 2782 913 2851 μὴ
950 2782 1375 2852 προσδέχεσθαι.

285 2874 491 2929 ΒΑΛΣ.
554 2875 617 2927 ὐ
663 2880 716 2939 ς’
768 2875 957 2926 κανὼν
995 2875 1095 2945 τῆς
1138 2861 1529 2943 οἰκουμενικῆξ
1561 2876 1825 2947 δευτέρας

211 2968 440 3024 συνόδου
464 2967 771 3037 διορίζεται
793 2967 869 3035 μὴ
895 2960 1034 3018 εἶναι
1053 2965 1494 3037 εύπαραδέκτους
1510 2969 1589 3031 είς
1605 2970 1822 3022 ὲπισκό·

210 3080 333 3116 πων
354 3065 452 3115 καὶ
476 3061 768 3130 κληρικῶν
787 3060 1129 3130 κατηγορίας
1152 3059 1402 3123 ἅπαντας
1424 3075 1439 3091 ο
1465 3059 1600 3113 ἀλλά
1628 3063 1825 3129 μόνους

1936 576 2112 632 neque
2173 562 2417 617 solvendi
2451 562 2616 617 ullam
2675 562 2986 617 facultatem
3045 564 3265 618 habent.
3329 561 3518 617 Sacris

1935 652 2080 705 enim
2133 654 2398 718 apostolis
2442 669 2507 708 ea
2566 663 2809 723 potestas
2881 669 2909 707 a
2963 654 3182 708 Christo
3243 653 3396 709 data.
3455 650 3515 706 In

1934 743 2309 810 apostolorum
2396 760 2560 814 porro
2648 745 2825 800 locum
2912 746 3109 800 summi
3206 748 3518 801 sacerdotes

1934 840 2209 893 substituti
2244 850 2408 910 atque
2439 841 2657 897 snﬂ‘ecti
2692 851 2840 898 sunt.

1932 932 2161 989 AlllS'l‘.
2201 950 2220 984 ι
2259 935 2554 999 Sacerdos,
2585 936 2896 1004 quempiam
2930 934 2984 988 in
3023 932 3269 1000 periculo
3313 932 3515 989 consti.

2012 1044 2032 1077 ‹
2074 1033 2247 1079 tutum
2292 1025 2465 1080 sacris
2513 1026 2779 1080 altaribus
2844 1024 3203 1081 reconciliare
3257 1024 3513 1093 cupiens,

2010 1138 2029 1170 ι
2069 1118 2383 1188 episcopum
2438 1116 2723 1185 consulat;
2785 1127 2861 1181 et,
2920 1118 3063 1187 quod
3111 1117 3160 1172 ei
3195 1116 3370 1171 visum
3408 1125 3515 1178 est,

2009 1231 2028 1264 ι
2069 1211 2256 1267 faciat.
2304 1231 2325 1264 ι

2004 1303 2191 1358 Canon
2236 1304 2605 1374 antescriptus
2630 1303 2700 1359 ab
2725 1302 2984 1372 episcopo
3016 1302 3131 1357 fieri
3185 1301 3514 1358 reconcilia-

1935 1394 2137 1448 tionem
2174 1393 2449 1447 mandavit
2478 1411 2492 1449 :
2522 1403 2577 1447 at
2611 1409 2853 1465 pra‘seus
2882 1395 3045 1448 etiam
3094 1408 3123 1447 a
3172 1391 3513 1463 presbyteris

1932 1497 2054 1536 cum
2086 1480 2325 1552 episcopi
2362 1483 2640 1537 voluntate
2676 1498 2795 1536 eam
2823 1483 2941 1538 ﬁeri
2970 1483 3151 1553 jubet.

2500 1659 2733 1717 CANON
2792 1660 2933 1717 an
3064 1733 3072 1739 ο

1937 1773 1955 1804 ι
2002 1751 2080 1809 De
2114 1753 2183 1809 iis
2214 1758 2305 1823 qui
2339 1755 2573 1821 majores
2600 1766 2730 1810 natu
2760 1756 3150 1819 criminantur,
3183 1768 3236 1811 et
3268 1766 3327 1810 ιιι
3356 1758 3514 1824 nulli,

2008 1865 2028 1899 ι
2071 1846 2227 1914 cujus
2278 1848 2390 1903 vita
2431 1848 2657 1904 infamia
2702 1850 2940 1911 laborat.
2998 1849 3164 1904 liceat
3195 1851 3511 1919 episcopum

2008 1959 2027 1992 ι
2068 1955 2265 1995 accusa
2276 1956 2351 1996 re.
2368 1940 2947 2012 Numidinseplscomts
2964 1940 3325 1997 Mazulitauus
3342 1943 3513 1997 dixit:

2009 2053 2028 2086 ι
2075 2034 2213 2087 Sunt
2242 2033 2393 2088 multi
2429 2050 2534 2089 non
2564 2033 2721 2090 bonae
2755 2035 3212 2099 conversationis,
3254 2034 3346 2104 qui
3396 2035 3514 2089 exi-

2008 2145 2028 2178 ι
2064 2127 2287 2182 stimant
2335 2126 2570 2197 majores
2599 2136 2724 2181 natu
2759 2136 2815 2182 et
2843 2126 3133 2198 episcopos
3163 2125 3364 2181 debere
3386 2140 3515 2193 pas-

2002 2237 2022 2271 ι
2065 2225 2166 2275 sim
2211 2229 2263 2275 rt
2301 2231 2506 2275 temere
2535 2236 2660 2276 reos
2693 2220 2777 2290 agi
2826 2238 2841 2277 :
2872 2236 3038 2275 eosne
3066 2230 3283 2288 oportet
3315 2220 3515 2274 admit-

2001 2330 2020 2364 ι
2060 2322 2195 2373 tere,
2225 2329 2290 2364 an
2320 2328 2427 2366 non
2448 2312 2748 2368 ?Anrelius
2788 2313 3080 2381 cpiscopus
3111 2312 3250 2367 dixit
3278 2329 3295 2366 :
3325 2311 3515 2368 Placet

2004 2425 2022 2456 ‹
2062 2421 2193 2477 ergo
2223 2406 2508 2461 dilectioni
2540 2416 2737 2462 vestra:
2772 2421 2887 2471 eos,
2931 2407 3020 2476 qui
3078 2405 3357 2476 aliquibus
3388 2420 3515 2461 sce-

2001 2519 2020 2552 ι
2056 2500 2263 2555 levibus
2309 2500 2587 2568 illaqueati
2649 2510 2822 2560 sunt,
2882 2500 3252 2555 accusationis
3323 2514 3514 2554 vocem

2004 2609 2024 2643 ι
2066 2592 2327 2646 adversus
2379 2591 2568 2646 Patres
2605 2592 2807 2648 edere?
2832 2592 2916 2647 Ab
2963 2593 3218 2648 omnibus
3245 2593 3518 2662 episcopis

2006 2704 2025 2737 ι
2062 2686 2267 2741 dictum
2303 2696 2426 2741 est:
2460 2684 2518 2741 Si
2552 2686 2675 2758 quis
2703 2685 2926 2741 infamia
2954 2686 3187 2753 laboret,
3212 2702 3280 2741 ne
3311 2688 3513 2743 admit-

2008 2798 2028 2831 ι
2071 2787 2241 2836 lalut‘.
2290 2798 2312 2833 ›

1998 2872 2196 2929 BALS.
2233 2874 2435 2932 Sextus
2469 2890 2646 2931 canon
2677 2874 3003 2931 universalis
3027 2875 3286 2931 secundat
3317 2875 3509 2946 synodi

1928 2967 2140 3031 statuit,
2196 2982 2302 3021 non
2337 2982 2463 3021 esse
2505 2981 2700 3023 omnes
2739 2967 2805 3020 ad
2840 2968 3229 3036 episcOporum
3268 2976 3322 3020 et
3349 2966 3510 3020 cleri-

1928 3075 2118 3115 corum
2166 3061 2551 3115 accusationes
2602 3060 2994 3125 admittendos,
3051 3060 3145 3115 sed
3191 3074 3288 3115 eos
3328 3060 3507 3116 solum

212 3158 340 3217 τοὺς
372 3153 819 3222 ἀνεπιλήπτους.
866 3150 1167 3218 ’Λνάγνωθι
1198 3149 1294 3203 οὖν
1324 3150 1416 3205 τὸν
1444 3151 1687 3206 τοιοῦτον
1718 3172 1817 3207 κα-

1930 3154 2019 3220 qui
2076 3161 2206 3208 sunt
2260 3169 2290 3206 a
2349 3153 2773 3224 reprehensione
2821 3152 3006 3207 alieni.
3037 3152 3181 3223 Lege
3210 3166 3342 3222 ergo
3383 3168 3509 3207 eum

210 3247 338 3301 νόνα
362 3247 817 3317 προγενέστερον
841 3243 973 3296 ὄντα
992 3259 1008 3274 ο
1033 3243 1129 3296 καὶ
1149 3242 1249 3312 τῆς
1281 3242 1565 3315 παρούσης
1596 3238 1822 3299 συνόδου

210 3341 416 3394 κανόνα
451 3344 605 3409 puer},
646 3336 792 3405 ρκθ’,
834 3335 911 3406 ρλ¹
946 3335 1042 3389 καὶ
1084 3334 1215 3405 ρλα’.

275 3432 527 3486 ΖΩΝᾹΡ.
562 3430 679 3483 Καὶ
702 3431 731 3483 ό
756 3435 881 3499 ρκη¹
907 3426 1089 3482 κανὼν
1122 3428 1216 3497 τῆς
1255 3430 1545 3500 παρούσης
1577 3433 1819 3498 συνόδου,

210 3527 301 3580 καὶ
350 3530 379 3579 ό
421 3523 550 3594 ρκθ⁹
594 3522 697 3579 καὶ¹
741 3524 771 3575 6
821 3522 901 3592 ρλ¹
938 3521 1069 3591 περὶ
1114 3521 1321 3590 ταύτης
1363 3524 1465 3593 τῆς
1506 3524 1822 3589 ὑποθέσεως

211 3617 626 3679 διατάττονται,
672 3614 1017 3687 πλατύτερον
1050 3615 1465 3686 διαγορεύοντες
1496 3616 1646 3682 τίνες
1681 3622 1820 3674 εἰσὶν

221 3710 428 3764 abutar.
449 3712 535 3772 ei;
567 3708 881 3761 ἐπισκόπου
908 3708 1269 3777 κατηγορίαν.
1301 3709 1412 3761 Καὶ
1440 3712 1471 3777 ὴ
1508 3710 1735 3781 δευτέρα
1764 3712 1821 3765 δὲ

223 3801 583 3871 οἰκουμενικὴ
619 3799 864 3863 σύνοδος.
908 3800 1318 3869 προγενεστέρα
1354 3797 1489 3855 οὖσα
1518 3801 1620 3869 τῆς
1662 3803 1820 3855 συνό-

214 3896 300 3951 δου
330 3893 569 3963 ταύτης,
604 3896 667 3946 ὲν
705 3891 854 3959 ἕκτῳ
886 3892 1074 3945 κανόνι
1105 3893 1235 3961 περὶ
1283 3892 1475 3946 τούτου
1506 3892 1604 3946 τοῦ
1642 3911 1816 3959 κεφα-

210 3989 355 4043 λαῖού
388 3990 670 4058 ὡρίσατο,
702 3984 1075 4055 διαταξαμένη
1096 3984 1239 4047 τίνες
1266 3985 1617 4056 δεχθήσονται
1649 4004 1819 4056 κατη-

206 4085 499 4154 γοροῦντες
520 4080 847 4135 ἐπισκόπων
869 4080 963 4132 καὶ
977 4078 1277 4147 κληρικῶν.
1301 4077 1707 4145 Ἀναγνωστέον
1724 4076 1818 4134 οὖν

205 4174 292 4226 τὸν
322 4174 536 4225 κανόνα
571 4173 788 4224 ἐκεῖνον
816 4169 911 4222 καὶ
950 4169 1046 4238 τὴν
1072 4167 1282 4221 ἐκείνου
1323 4167 1609 4237 ἐξήγησιν.
1640 4170 1712 4223 Τὸ
1735 4171 1813 4237 δὲ,

206 4266 303 4319 οὐκ
324 4265 554 4333 ἀγαθῆς
588 4262 959 4332 ἐπιστροφῆς,
978 4260 1099 4312 ἀντὶ
1120 4259 1216 4313 τοῦ
1239 4260 1342 4314 οὐκ
1374 4261 1587 4331 ἀγαθῆς
1609 4262 1813 4329 διαγω-

205 4357 327 4424 γῆς.
368 4358 437 4411 ού
474 4356 656 4411 καλοῦ
691 4354 833 4424 βίου,
867 4355 1105 4421 εἴρηται.

203 4449 433 4502 ΑΡΙΣΤ.
517 4467 539 4499 ι
598 4446 793 4511 Ἔδοξε
837 4447 969 4505 τοὺς
1015 4446 1093 4507 είς
1130 4443 1276 4513 μύση
1319 4444 1816 4516 ἐμπεπλεγμένους

273 4559 293 4591 σ
336 4538 690 4610 κατηγορίας
714 4539 791 4609 μὴ
818 4535 1176 4592 ἀποτίθεσθαι
1196 4550 1214 4567 ⁶
1244 4533 1360 4589 ἀλλ’
1381 4537 1643 4605 ἀδέκτους
1669 4538 1811 4596 εἶναι
1847 4544 1890 4594 D

278 4651 300 4685 ε
344 4633 491 4704 πρὸς
527 4634 593 4685 τὸ
623 4634 983 4702 κατηγορεῖν.
1018 4651 1036 4684 ι

274 4726 512 4797 Εἴρηται
557 4726 654 4778 καὶ
688 4727 746 4778 ὲν
779 4725 857 4794 τῷ
888 4724 1033 4796 ἕκτῳ
1061 4727 1246 4781 κανόνι
1277 4727 1388 4782 τῶν
1419 4728 1478 4781 ἐν
1511 4730 1802 4784 Κωνστανς

1929 3240 2219 3309 canonesn,
2272 3248 2364 3317 qui
2407 3260 2491 3302 est
2546 3247 2859 3316 antiquior;
2893 3254 2950 3302 et
2980 3245 3269 3317 praesentis
3321 3244 3510 3317 synodi

1927 3354 2170 3409 canones
2194 3340 2318 3404 128,
2348 3341 2470 3404 129,
2506 3340 2611 3395 150
2636 3349 2691 3396 et
2720 3340 2845 3397 151.
3246 3352 3255 3359 ’

2000 3431 2256 3488 ΖΟΝΑΙὶ.
2284 3431 2633 3487 Ceittesimus
2668 3446 2889 3502 quoque
2911 3431 3210 3489 vicesimus
3247 3443 3505 3494 octavus.

1928 3526 2218 3581 vicesimus
2252 3540 2447 3593 nonus,
2480 3535 2536 3579 et
2568 3525 2878 3580 tricesimus
2904 3525 3066 3594 hujus
3103 3523 3295 3597 synodi
3338 3539 3509 3580 cano-

1927 3634 2025 3674 nes
2074 3620 2260 3673 cadem
2287 3619 2389 3672 hac
2421 3618 2487 3671 de
2525 3632 2583 3672 re
2618 3616 2916 3682 disserunt,
2955 3624 3014 3671 et
3060 3614 3258 3681 fusius,
3290 3614 3510 3686 quibus-

1925 3729 2050 3766 nam
2109 3711 2344 3780 episc0pi
2400 3727 2598 3765 nomen
2653 3710 2852 3765 deferri
2900 3710 3044 3764 haud
3105 3708 3291 3774 liceat,
3339 3723 3508 3778 expo-

1924 3813 2079 3857 tntnt.
2147 3804 2398 3857 Secunda
2455 3818 2676 3870 quoque
2727 3802 3069 3857 memnenica
3095 3802 3360 3872 synodus,
3387 3816 3509 3871 qua

1922 3898 2027 3950 hac
2059 3897 2266 3966 synodo
2319 3895 2599 3963 antiquior
2632 3893 2755 3957 fuit,
2789 3894 2932 3947 idem
2972 3894 3077 3947 hoc
3124 3903 3508 3963 argumentum

1921 3996 2076 4042 sexto
2108 4002 2319 4042 canone
2351 3994 2715 4055 pertractans,
2767 3984 2991 4051 quinam
3027 3983 3406 4051 episcOpnrnm
3441 3998 3508 4037 ac

1920 4083 2249 4137 clericorum
2299 4088 2655 4135 accusatores
2686 4076 3013 4132 admittendi
3064 4077 3198 4139 sint,
3234 4076 3503 4133 definivit.

1920 4175 1972 4231 Is
1996 4191 2126 4245 ergo
2157 4189 2331 4228 canon
2352 4187 2474 4227 cum
2525 4187 2623 4226 sua
2657 4170 3023 4241 explicatione
3052 4168 3337 4237 legendus.
3372 4169 3507 4225 Illud

1920 4274 2068 4327 veru,
2095 4262 2527 4320 conversationis
2560 4276 2667 4315 non
2703 4263 2874 4327 bonae,
2902 4274 3000 4330 pro
3023 4259 3131 4315 vita
3155 4261 3509 4331 moribusque

1920 4357 2144 4410 minime
2165 4356 2427 4426 probatis,
2454 4354 2850 4433 accipiendum.

1922 4449 2151 4505 ARIST.
2208 4468 2227 4501 ι
2279 4448 2463 4504 Visum
2493 4458 2598 4515 est,
2660 4458 2719 4503 ut
2765 4449 2861 4506 isti
2888 4451 2981 4521 qui
3033 4451 3336 4507 sceleribus
3364 4460 3498 4506 sunt

1999 4562 2019 4596 ι
2058 4542 2363 4611 illaqttenti,
2423 4542 2801 4597 accusationes
2857 4559 2963 4597 non
3008 4544 3218 4611 edant;
3280 4560 3381 4599 nec
3436 4546 3504 4599 ad

1996 4657 2015 4690 ι
2054 4638 2257 4692 crimen
2290 4636 2451 4691 alicui
2484 4634 2824 4692 inferendum
2858 4636 3233 4699 admittautnr.
3268 4658 3286 4691 ι

1992 4729 2202 4782 Dicitur
2228 4739 2280 4780 ot
2314 4729 2366 4780 in
2424 4738 2582 4781 sexto
2614 4738 2926 4781 sant-tortun
2959 4727 3180 4783 Patrum
3224 4730 3498 4784 Constan-

1475 4841 1664 4903 Guill.
1699 4842 2022 4921 Beveregii
2073 4851 2259 4903 notas.

276 4965 393 5033 (ll)
455 4964 613 5030 Τοὺς
666 4963 934 5031 πατέρας
989 4965 1086 5018 καὶ
1142 4964 1541 5032 ἐπισκόπους.
1575 4964 1803 5021 Graecus

208 5040 410 5094 borum
437 5050 723 5090 canonum
754 5036 1049 5105 interpres.
1081 5038 1311 5104 majores
1347 5050 1498 5100 natu,
1528 5036 1801 5105 interpre-

204 5119 354 5163 tatur
375 5106 654 5174 πατέρας.
686 5105 741 5158 ln
762 5104 951 5159 Latina
981 5107 1124 5161 enim
1153 5107 1413 5167 editione,
1444 5123 1510 5160 ex
1547 5122 1651 5171 qua
1682 5104 1802 5163 hac

202 5179 391 5234 versio
442 5176 639 5230 (ἔπειτα
701 5178 892 5229 hausta
938 5188 1045 5239 est,
1078 5179 1232 5231 locus
1295 5178 1382 5231 hic
1432 5179 1513 5231 sic
1547 5178 1794 5246 legitur:

204 5250 491 5303 Praeterea
528 5256 652 5301 sunt
688 5248 1080 5315 quamplurimi
1113 5265 1213 5300 non
1251 5247 1400 5301 bona!
1432 5248 1794 5301 conversatio-

203 5341 220 5373 π
245 5323 315 5381 is,
344 5321 441 5380 qui
481 5312 796 5373 existimant
830 5312 1063 5376 maio‘res
1110 5328 1247 5389 natur
1269 5319 1347 5372 vel
1375 5334 1645 5389 episcopos
1675 5335 1799 5386 pas-

204 5393 310 5444 sim
344 5405 581 5460 vageque
633 5391 687 5441 in
718 5390 1106 5460 accusationem
1158 5388 1495 5456 pulsandos;
1532 5389 1795 5456 qumnad-

208 5458 434 5512 mmlurn
474 5458 771 5527 Dionysius
810 5458 1050 5528 Exiguus
1083 5460 1134 5512 in
1164 5475 1264 5512 sua
1298 5460 1491 5512 horum
1524 5474 1797 5513 canonum

204 5532 544 5584 collectione
595 5525 746 5597 legit.
809 5525 935 5582 Ubi'
965 5529 1211 5596 episcopi
1270 5530 1475 5584 diserte
1529 5539 1799 5582 vocantur

215 5617 453 5661 majores
509 5612 685 5664 natu;
744 5614 857 5667 quo
901 5602 1065 5655 etiam
1114 5601 1335 5653 nomine
1389 5601 1735 5667 appellantur
1766 5615 1794 5653 a

206 5668 379 5733 Julio,
430 5686 572 5740 papa
611 5672 887 5735 Romano,
945 5671 999 5723 in
1052 5672 1324 5740 rescripto
1364 5671 1430 5724 ad
1485 5668 1797 5725 Orientales

210 5757 313 5807 pro
343 5738 653 5797 Athanasio
689 5740 921 5808 et-ajliis.
952 5740 1166 5795 dicente
1195 5758 1208 5795 :
1239 5738 1650 5797 Criminationes
1676 5756 1794 5795 ma-

205 5813 390 5878 jorum
445 5823 580 5867 natu
627 5827 724 5881 per
782 5813 920 5864 alios
977 5828 1041 5865 ne
1087 5812 1239 5874 ﬁant.
1281 5812 1384 5864 nisi
1410 5828 1501 5877 per
1532 5814 1675 5875 ipsos
1705 5813 1796 5880 qui

210 5884 436 5938 crimina
461 5882 768 5939 intendant.
804 5882 855 5935 si
879 5892 1050 5937 tamen
1084 5883 1181 5937 insi
1206 5881 1352 5937 diam
1389 5895 1434 5937 et
1465 5882 1792 5937 irrcorchen-

1913 4967 2094 5020 sibiles
2125 4966 2490 5031 apparuerint,
2532 4974 2582 5018 et
2614 4964 2749 5018 actis
2792 4964 3019 5032 publicis
3043 4962 3320 5017 docuerint
3344 4967 3512 5018 omtu'.

1914 5054 1970 5091 se
1997 5053 2174 5090 carere
2197 5034 2497 5102 stupicione
2539 5045 2698 5103 atque
2727 5034 3034 5093 inimicitia,
3068 5045 3116 5087 et
3155 5035 3492 5100 inept-elicu-

1911 5108 2119 5160 sibilent
2184 5106 2343 5175 ﬁdem
2408 5114 2565 5173 att/ue
2626 5106 3083 5158 conversationem
3134 5107 3345 5159 ducere.
3377 5103 3491 5162 Jul.

1913 5179 2166 5244 rescript.
2199 5192 2320 5244 cap.
2351 5175 2442 5237 ΞΟ,
2484 5190 2696 5229 necnon
2740 5193 2769 5228 a
2799 5176 3039 5231 concilio
3066 5176 3490 5244 Carthaginiensi

1911 5248 1933 5301 1
1973 5251 2076 5302 sub
2106 5248 2277 5301 Grato
2305 5247 2511 5306 habito,
2542 5261 2686 5301 anno
2719 5246 2928 5299 Domini
2956 5246 3082 5307 5l8,
3111 5248 3200 5300 ubi
3233 5247 3438 5301 dicitur
3475 5267 3487 5300 :

1912 5318 2110 5372 Gratus
2156 5321 2432 5386 episcopus
2479 5317 2639 5374 dixit.
2676 5316 3020 5385 manifestum
3060 5326 3137 5372 est
3199 5317 3352 5370 illum
3387 5335 3494 5371 non

1909 5407 2022 5443 esse
2070 5390 2184 5449 Dei,
2218 5390 2306 5456 qui
2346 5386 2695 5440 ItumiLtatem
2763 5389 3075 5450 contemnit,
3115 5390 3206 5441 sed
3262 5388 3489 5449 diaboli,

1908 5463 1997 5528 qui
2024 5461 2285 5528 superbia:
2336 5462 2577 5511 inventor
2606 5470 2653 5529 et
2692 5460 2938 5529 princeps
2982 5471 3081 5513 est.
3127 5457 3277 5512 Unde
3298 5459 3345 5511 si
3378 5460 3498 5511 anis

1911 5531 2144 5585 tumidus
2217 5532 2293 5583 vel
2348 5528 2762 5583 contumeliosus
2817 5531 3082 5583 exstiterit
3140 5531 3194 5582 in
3236 5528 3496 5597 majowm

1909 5613 2063 5662 nutu.
2096 5601 2174 5654 vel
2202 5601 2449 5665 aliquam
2482 5616 2699 5653 causam
2728 5599 2996 5665 habuerit,
3030 5617 3062 5653 a
3092 5599 3260 5653 tribus
3304 5599 3497 5651 vicinis

1906 5673 2188 5741 episcopis,
2213 5671 2259 5724 si
2276 5671 2532 5723 diaconus
2557 5683 2655 5731 est,
2684 5681 2977 5739 arguatur;
3002 5674 3358 5741 presbyterpa
3384 5686 3501 5733 sex;

1907 5739 1952 5797 si
1987 5739 2281 5811 episcopus,
2323 5758 2356 5794 a
2390 5742 2671 5794 duodecim
2706 5742 3173 5796 consacerdotibus
3200 5739 3513 5795 audiatur-

1906 5815 2122 5870 Concll.
2158 5814 2420 5870 Carthatt.
2457 5812 2509 5877 l,
2548 5827 2676 5868 can.
2711 5812 2829 5871 Η..
