4034 6404
514 328 578 389 51
1776 324 2052 384 TIlEOD.

2201 327 2501 388 LSAMON
3701 324 3770 386 ξιξ

510 438 751 505 tinupolc
820 445 1275 504 congregatarum
1329 448 1561 501 canone,
1621 447 1971 488 accusatores
2023 434 2087 483 ad

2201 434 2496 488 πίνου-πόλει
2527 431 2891 488 συνελθόντων
2918 431 3091 499 ἀγίων
3116 431 3383 502 Πατέρων
3409 431 3483 503 μὴ
3514 431 3775 498 ἀνεξετάο

512 534 800 599 episcopos
847 530 1188 581 accusandus
1217 529 1337 582 sine
1370 526 1776 581 examinatione
1813 541 1919 579 non
1985 524 2082 577 ad-

514 623 678 679 mltti.
729 621 837 679 Sed
870 620 1044 687 primo
1074 620 1390 689 religionem
1419 635 1606 674 eorum
1648 619 1987 682 examinare,
2020 630 2086 671 nc

517 712 759 768 haeretici
797 712 945 777 sint;
976 710 1172 765 deinde
1221 719 1277 763 et
1312 710 1596 779 opiniones
1625 723 1810 763 eorum
1847 706 2081 761 inveSti-

512 819 767 874 garepue
815 802 955 856 forte
985 802 1325 856 condemnati
1359 786 1488 865 sint,
1517 813 1609 856 aut
1657 800 1838 870 ejecti,
1864 808 1957 852 aut
1987 814 2087 850 ex-

514 894 928 956 communicati,
960 901 1053 946 aut
1087 894 1156 946 ab
1186 892 1306 946 aliis
1353 892 1676 947 criminibus
1721 889 2003 952 accusati;
2035 896 2091 940 ct

514 988 604 1051 qui
635 985 775 1040 forte
796 1001 855 1039 se
885 985 1180 1038 criminum
1230 984 1367 1049 ipsis
1398 986 1734 1051 OlljeCIOI'tltll
1768 982 2088 1034 innocentes

514 1095 622 1134 non
651 1081 964 1134 ostendant.
994 1075 1107 1130 Hoc
1148 1077 1333 1144 itaque
1385 1085 1437 1128 et
1466 1074 1720 1142 praesenti
1754 1073 1968 1127 videtur
1999 1086 2090 1124 ca-

514 1169 665 1232 noni,
699 1177 756 1220 ut
790 1181 972 1231 nemo,
1001 1167 1091 1235 qui
1117 1175 1170 1220 et
1206 1166 1319 1235 ipse
1366 1165 1657 1217 criminum
1712 1177 1837 1217 reus
1876 1171 1979 1227 est,
2018 1161 2085 1216 ad

514 1258 753 1329 episcOpi
783 1259 1187 1313 accusationem
1222 1255 1564 1311 admittatur.

993 1440 1155 1511 523
1225 1428 1456 1495 CANON
1524 1435 1616 1492 tx.

516 1555 534 1587 ι
573 1535 644 1587 De
676 1534 764 1599 iis,
803 1534 892 1601 qui
943 1548 1044 1603 pro
1094 1547 1317 1585 suorum
1353 1536 1705 1599 pecvatorum
1768 1526 1981 1582 meritis
2019 1542 2083 1581 ex

589 1645 606 1675 ι
638 1624 1006 1679 ecclesiastico
1051 1630 1197 1675 coetu
1242 1619 1555 1689 ejiciuntur.
1588 1617 1923 1686 Augustinus
1974 1617 2091 1686 epi-

596 1736 614 1766 c
648 1730 850 1786 scoptts
886 1724 941 1768 et
966 1711 1263 1768 Numidicae
1312 1710 1607 1781 provinciae
1653 1708 1863 1776 legatus
1911 1707 2088 1762 dixit:

598 1831 618 1861 ι
652 1807 764 1864 Hoc
797 1808 1092 1864 decernere
1128 1803 1326 1867 velitis,
1349 1811 1407 1858 ιιι
1435 1817 1551 1866 eos,
1575 1801 1667 1870 qui
1730 1813 1827 1867 pro
1862 1814 2085 1854 suorum
2121 1786 2162 1847 Β

590 1902 931 1956 «criminum
1015 1898 1222 1952 meritis
1295 1896 1535 1951 Ecclesia
1600 1893 1760 1963 ejecti
1820 1899 1992 1953 sunt,
2043 1891 2089 1945 si

587 2015 605 2048 ι
644 1996 769 2062 quis
802 1994 1090 2064 episcopus
1121 1991 1210 2044 vel
1265 1989 1556 2060 presbyter
1620 1987 1671 2039 itt
1749 1984 2093 2040 communio—

596 2107 615 2141 ι
651 2101 771 2142 nem
822 2085 1075 2155 recipiat,
1101 2082 1218 2152 ipse
1243 2095 1460 2151 quoque
1517 2078 1635 2150 ptri
1693 2094 1816 2132 cum
1870 2076 1950 2131 eis
1984 2076 2089 2130 cri-

588 2197 608 2231 ι
644 2176 772 2231 mini
808 2172 1080 2231 obnoxius
1126 2173 1397 2238 videatur,
1453 2172 1545 2240 qui
1589 2168 1792 2239 proprii
1847 2165 2088 2234 episcOpi

590 2293 608 2324 ι
642 2273 957 2329 canonicam
1007 2268 1334 2324 sententiam
1385 2265 1667 2335 etl‘ugiunt.
1702 2264 1783 2318 Ab
1838 2261 2091 2316 omuilms

588 2384 609 2418 ι
640 2364 908 2436 episcopis
931 2363 1132 2418 dictum
1158 2370 1244 2416 est
1276 2377 1290 2414 :
1324 2357 1587 2414 Omnibus
1627 2355 1819 2424 placet.
1852 2371 1872 2407 ι

582 2567 780 2623 BALS.
819 2564 964 2635 Lege
993 2573 1304 2619 sanctorum
1330 2558 1699 2630 apostolorum
1739 2568 1976 2612 canones
2001 2554 2089 2619 ll,

513 2662 604 2725 12,
637 2661 729 2726 '52,
755 2658 1108 2714 Antiochense
1166 2653 1358 2726 synodi
1391 2665 1655 2707 canonem
1715 2649 1748 2704 6
1797 2660 1853 2703 et
1896 2645 2090 2703 Sardi-

510 2754 697 2811 censis
731 2751 923 2824 synodi
982 2762 1245 2805 canonem
1279 2746 1369 2811 i3,
1403 2745 1661 2799 docentes
1713 2741 1843 2812 quid
1896 2740 2093 2796 debeat

514 2848 632 2904 ﬂeri
665 2846 771 2910 eis,
810 2843 903 2912 qui
936 2842 1215 2912 tlepositos
1235 2838 1322 2895 vel
1347 2845 1663 2907 segregatos
1724 2834 1952 2889 clericos
2002 2845 2091 2885 re-

511 2941 720 3010 cipiunt
754 2937 1049 2994 :similiter
1074 2943 1130 2990 et
1155 2934 1247 2998 iis,
1280 2933 1371 3002 qui
1433 2932 1609 2986 laicos
1661 2937 1973 2998 segregatos
2005 2940 2093 2980 re-

513 3033 745 3104 cipiunt.
765 3030 1013 3085 Praesens
1037 3036 1218 3081 autem
1242 3040 1415 3081 canon
1446 3022 1710 3085 decernit,
1748 3029 1804 3074 ut
1858 3017 2090 3073 clericos

2191 545 2332 592 στως
2370 527 2499 589 τοὺς
2540 526 2882 596 κατηγόρους
2927 526 3007 587 είς
3054 524 3397 595 κατηγορίαν
3449 525 3769 578 ἐπισκόπων

2190 618 2596 689 παραδέχεσθαι
2619 635 2633 651 ο
2656 617 2794 671 ἁλλά
2812 618 3029 685 πρῶτον
3055 614 3331 680 ἐξετάζειν
3352 615 3450 683 τὴν
3476 614 3777 684 θρησκείαν

2192 710 2394 773 αὐτῶν,
2433 710 2523 764 ἴνα
2555 712 2631 779 μὴ
2660 708 2930 780 αἱρετικοὶ
2958 702 3093 762 ὦσιν
3121 723 3135 738 ο
3167 704 3289 760 εἶτα
3321 708 3415 760 καὶ
3442 706 3541 770 τὰς
3570 707 3772 775 ὑπολή-

2187 801 2309 871 ψεις
2343 801 2527 855 αὐτῶν
2551 803 2882 873 ἀνερευνᾷν,
2919 800 3127 871 μήποτε
3160 797 3601 864 κατεγνωσμένοι
3635 798 3771 859 εἰσὶ,

2190 895 2285 948 καὶ
2314 892 2752 963 ἀποϐεϐλημένοι
2774 931 2789 957 ,
2820 891 2914 945 καὶ
2953 888 3310 960 ἀκοινώνητοι
3334 925 3349 950 ,
3376 888 3410 956 ἢ
3446 888 3536 952 ὑφ’
3569 888 3776 957 ἐτέρων

2190 988 2279 1041 ἐπ’
2314 988 2626 1056 ἐγκλήμασι
2658 983 3161 1055 κατηγορούμενον
3201 980 3296 1035 καὶ
3346 981 3510 1049 μήπω
3563 979 3776 1042 άθὼους

2191 1080 2417 1142 ἑαυτοὺς
2443 1079 2552 1132 τῶν
2583 1078 2930 1149 ἐπαχθέντων
2955 1075 3140 1135 αὐτοῖς
3164 1072 3524 1140 ἐγκλημάτων
3559 1072 3780 1125 ἀπέδει-

2192 1172 2313 1239 ξαν.
2345 1172 2516 1225 Τοῦτο
2546 1170 2677 1239 γοῦν
2708 1170 2803 1222 καὶ
2832 1168 2909 1238 τῷ
2940 1167 3168 1236 παρόντι
3194 1165 3342 1217 δοκεῖ
3370 1163 3575 1223 κανόνι,
3608 1163 3668 1214 τὸ
3700 1163 3775 1232 μή

2188 1281 2316 1319 τινα
2341 1263 2523 1333 ἔνοχον
2549 1262 2894 1331 ἐγκλήμασιν
2917 1259 3047 1313 ὅντα
3075 1258 3154 1321 είς
3187 1255 3527 1326 κατηγορίαν
3557 1253 3779 1308 ἐπισκό-

2193 1372 2298 1409 που
2335 1353 2764 1424 παραδέχεσθαι.

2808 1443 3048 1498 ΚΑΝΩΝ
3086 1440 3164 1496 θ’.

2198 1556 2219 1591 ι
2264 1536 2405 1609 Περὶ
2430 1535 2542 1590 τῶν
2568 1535 2689 1590 κατ’
2713 1535 2871 1600 ἀξίαν
2894 1534 3004 1588 τῶν
3029 1534 3247 1587 οἰκείων
3277 1534 3454 1596 ἀτοπη
3466 1529 3651 1601 μάτων
3679 1527 3780 1582 τοῦ

2270 1646 2291 1680 ι
2335 1624 2795 1697 ἐκκλησιαστικοῦ
2828 1622 3532 1692 συλλόγου-ἐκϐαλλομένων
3563 1621 3776 1687 Αὐγου-

2272 1737 2291 1771 ι
2336 1721 2513 1783 στῖνος
2537 1718 2833 1780 ἐπίσκοπος
2862 1717 2956 1770 καὶ
2980 1732 3181 1784 τοποτη
3193 1714 3360 1784 ρητὴς
3385 1713 3485 1782 τῆς
3515 1712 3802 1780 Nouium...

2271 1833 2290 1866 ι
2333 1813 2438 1883 κῆς
2481 1810 2666 1883 χώρας
2712 1807 2833 1862 εἷπε
2863 1824 2879 1842 ο
2925 1807 3096 1861 Τοῦτο
3136 1806 3318 1874 ὁρίσαι
3360 1802 3776 1867 καταξιώσατε,

2272 1925 2290 1957 ι
2337 1904 2479 1958 ὥστε
2514 1904 2640 1966 τοὺς
2674 1902 2839 1967 ἀξίως
2871 1900 2981 1951 τῶν
3013 1895 3231 1950 οίκείων
3267 1895 3631 1965 ἐγκλημάτων
3669 1893 3780 1946 ἀπὸ

2269 2016 2288 2049 ι
2333 1997 2432 2067 τῆς
2469 1994 2796 2064 Ἐκκλησίας
2831 1990 3196 2061 διωχθέντας,
3230 1987 3325 2040 ἐάν
3359 2003 3443 2048 τις
3480 1985 3781 2045 ἐπίσκοπος

2269 2108 2288 2143 ι
2334 2088 2367 2160 ἢ
2404 2087 2775 2158 πρεσϐύτερος
2809 2083 3032 2153 δέξηται
3065 2082 3145 2143 είς
3180 2078 3468 2133 κοινωνίαν
3494 2092 3510 2108 ⁸
3546 2076 3640 2130 καὶ
3674 2075 3777 2128 αὺ-

2268 2201 2287 2234 ι
2334 2182 2423 2244 τὸς
2457 2179 2536 2232 ἔτι
2576 2178 2681 2248 μὴν
2710 2176 2788 2246 τῷ
2823 2175 2921 2243 ἴσῳ
2956 2174 3258 2241 ἐγκλήματι
3293 2168 3593 2230 ὑπεύθυνος
3629 2167 3774 2234 φανῇ

2270 2295 2288 2328 ι
2333 2276 2450 2346 ἅμα
2484 2275 2596 2334 τοῖς
2628 2270 2727 2325 τοῦ
2765 2269 2966 2323 οἰκείου
3014 2264 3316 2321 ἐπισκόπου
3348 2262 3448 2333 τὴν
3482 2258 3777 2329 κανονικὴν

2271 2389 2289 2421 ι
2335 2369 2515 2438 ψῆφον
2548 2364 2944 2434 ἀποφεύγουσι.
2985 2359 3118 2412 Ἀπὸ
3151 2357 3372 2411 πάντων
3405 2354 3514 2408 τῶν
3549 2350 3776 2406 ἐπισκό-

2271 2481 2288 2512 ι
2337 2478 2455 2514 πων
2485 2457 2676 2528 ἐλέχθη
2704 2472 2722 2485 ⁸
2751 2457 2925 2509 Πᾶσιν
2954 2453 3205 2522 ἀρέσκει.
3251 2468 3269 2501 ι

2265 2555 2464 2609 ΒᾹΛΣ.
2504 2549 2802 2619 Ἀνάγνωθι
2843 2548 2951 2601 τῶν
2994 2546 3163 2613 ἁγίων
3189 2539 3501 2595 ἀποστόλων
3545 2535 3779 2596 κανόνας

2195 2656 2286 2712 ια’,
2320 2648 2406 2718 ιβ’,
2441 2645 2544 2716 λβ’,
2575 2644 2672 2712 τῆς
2715 2642 2773 2693 ἐν
2808 2636 3111 2707 ’Δντιοχεία
3154 2633 3371 2687 συνόδου
3412 2646 3535 2682 καν.
3572 2624 3649 2690 ς’,
3682 2623 3783 2677 καὶ

2191 2741 2292 2810 τῆς
2330 2714 2387 2792 ἐν
2423 2714 2659 2808 Σαρδικῇ
2695 2748 2820 2785 καν.
2859 2726 2948 2797 ιγ’,
2982 2727 3336 2785 διδάσκοντας
3366 2720 3417 2773 τί
3451 2717 3655 2788 ὀφείλει
3686 2714 3744 2782 γί
3766 2746 3779 2754 -

2192 2832 2382 2888 νεσθαι
2413 2833 2491 2893 εἰς
2529 2827 2653 2891 τοὺς
2689 2821 3012 2895 δεχομένους
3050 2817 3465 2889 καθῃρημένους
3501 2812 3534 2880 ἢ
3571 2811 3786 2880 ἀφωρι-

2196 2925 2425 2993 σμένους
2465 2918 2799 2990 κληρικούς·
2837 2911 3099 2974 ὡσαύτως
3139 2910 3236 2963 καὶ
3277 2909 3355 2969 είς
3390 2905 3515 2967 τοὺς
3553 2899 3783 2971 δεχομέ-

2192 2992 2319 3080 νους
2348 3010 2766 3082 ἀφωρισμένους
2795 3005 3039 3066 λαῖκούς.
3073 3001 3134 3055 '0
3166 3000 3223 3055 δέ
3255 2997 3446 3067 παρὼν
3478 2992 3779 3061 διορίζεται

513 3082 997 3194 Ecclesia—eiectos
1031 3117 1451 3192 propterjustas
1486 3115 1556 3169 at)
1606 3082 1740 3182 ipsis
1803 3120 2086 3183 perpetra-

2201 3107 2326 3170 τοὺς
2358 3102 2685 3175 διωχθέντας
2716 3092 3167 3165 ἀπδἙκκλησίας
3200 3089 3493 3160 κληρικοὺς
3521 3086 3606 3138 διά
3622 3082 3781 3148 ἀξίαν

513 3228 694 3273 torum
723 3216 1017 3273 criminum
1045 3226 1258 3285 pmnas,
1285 3212 1329 3266 si
1361 3210 1496 3264 alius
1513 3207 1799 3279 episcopus
1844 3204 1929 3260 vel
1963 3218 2089 3273 pre-

514 3312 701 3382 sbyter
749 3309 817 3366 ad
863 3306 1305 3364 communionem
1379 3299 1715 3368 susceperit.
1752 3297 1798 3352 is
1848 3308 2088 3366 quoque,

512 3403 762 3457 similiter
788 3415 854 3456 ac
875 3399 966 3468 qui
994 3396 1311 3464 suscipitur,
1359 3392 1633 3463 puniatur.
1669 3389 1742 3443 Iis
1773 3402 1924 3456 ergo,
1971 3400 2092 3456 qua:

513 3495 583 3551 ab
613 3495 732 3549 allis
761 3492 1063 3547 canoniltus
1112 3503 1227 3544 eta
1288 3486 1540 3558 praesenti
1588 3483 1883 3540 constituta
1943 3489 2088 3545 sunt,

513 3585 776 3648 collectis,
839 3584 926 3638 dic
976 3582 1120 3649 quod
1180 3581 1226 3636 si
1283 3579 1543 3635 clericum
1615 3576 1914 3643 depositum
1951 3571 2090 3625 alius

514 3678 885 3747 episcopusin
959 3674 1350 3731 sacerdotalem
1407 3669 1847 3725 communionem
1909 3677 2093 3717 susce-

513 3772 676 3841 perit,
721 3771 1061 3841 drpouetur:
1118 3765 1164 3821 si
1225 3772 1404 3818 autem
1463 3778 1567 3815 una
1630 3775 1751 3829 cum
1808 3762 2091 3827 segregate

516 3862 777 3928 oraverit,
830 3859 1224 3930 segregaliitur.
1277 3855 1575 3926 Propterea
1638 3851 1785 3906 enim
1844 3861 2087 3919 praesens

515 3970 737 4028 quoque
769 3969 939 4009 canon
970 3952 1101 4006 dicit
1141 3968 1157 4006 :
1198 3948 1463 4003 Similiter
1506 3961 1570 3999 ac
1618 3944 1665 3998 is
1721 3942 1813 4012 qui
1848 3937 2089 3995 Ecclesia

515 4050 724 4119 eiectus
755 4055 858 4109 est,
892 4045 1229 4114 episcopum,
1266 4040 1358 4108 qui
1401 4054 1524 4093 eum
1548 4036 1809 4102 suscepit,
1842 4048 1962 4087 esse
2004 4046 2096 4100 pu-

515 4141 799 4197 niendum.
824 4135 961 4189 Nota
999 4144 1205 4195 autem,
1233 4132 1375 4198 quod
1409 4130 1568 4182 etiam
1610 4140 1857 4197 praesens
1912 4136 2090 4176 canon

518 4245 627 4283 non
675 4230 808 4282 citra
834 4223 1315 4285 examinationcm,
1352 4219 1443 4274 sed
1494 4225 1615 4287 post
1672 4212 2089 4270 condemnatio-

517 4335 642 4376 nem
676 4329 899 4389 peccato
945 4316 1382 4375 convenientem,
1436 4309 1550 4364 vult
1615 4308 1846 4362 clericos
1892 4302 2089 4373 deponi

516 4412 602 4467 vel
626 4408 919 4482 segregari.

2196 3196 2476 3267 ἐκδίκησιν
2504 3193 2598 3247 τοῦ
2633 3188 2762 3258 παρ’
2789 3188 2968 3242 αὐτῶν
2995 3183 3359 3254 τολμηθέντος
3395 3176 3741 3267 ἐγκλῄματος
3760 3211 3777 3235 ,

2197 3291 2294 3345 ἐὰν
2341 3254 2530 3358 ἕτερος
2579 3254 2877 3343 ἐπίσκοπος
2927 3279 2962 3350 ἢ
3014 3274 3384 3348 πρεσϐύτερος
3430 3254 3782 3358 δέξηται-εἰς

2195 3355 2506 3441 κοινωνίαν,
2551 3375 2646 3429 καὶ⁵
2689 3370 2853 3425 αὑτὸν
2900 3369 3104 3439 ὁμοίως
3144 3364 3223 3436 τῷ
3262 3361 3503 3433 δεχθέντι
3552 3355 3782 3418 κολάζε-

2197 3473 2342 3526 σθαι.
2375 3464 2705 3536 Συναγαγὼν
2739 3458 2832 3516 οὖν
2865 3460 2935 3513 τά
2973 3459 3125 3530 παρὰ
3156 3456 3262 3510 τῶν
3297 3453 3500 3525 ἐτέρων
3535 3447 3782 3501 κανόνων

2194 3567 2290 3621 καὶ
2317 3561 2411 3617 τοῦ
2446 3559 2710 3630 παρόντος
2744 3555 2968 3616 κανόνος
2998 3549 3359 3621 διορισθέντα,
3394 3544 3512 3598 είπέ
3546 3543 3651 3605 ὅτι,
3685 3539 3785 3591 ἐὰν

2193 3652 2457 3726 κληρικὸν
2486 3649 2874 3720 καθῃρημένον
2901 3643 3118 3715 δέξηται
3151 3641 3335 3711 ἐτερος
3372 3638 3665 3694 ἐπίσκοπος
3699 3631 3789 3694 είς

2195 3722 2481 3802 κοινωνίαν
2519 3739 2798 3813 ἱερατικὴν
2820 3777 2836 3802 ,
2871 3732 3331 3806 καθαιρεθήσεται
3356 3745 3371 3760 ο
3411 3728 3504 3781 ἐὰν
3538 3724 3596 3776 δὲ
3641 3722 3787 3792 μετά

2194 3835 2581 3907 ἀφωρισμένον
2627 3829 2986 3899 συνεύξηται,
3035 3824 3480 3896 ἀφορισθήσεται.
3529 3816 3627 3870 Διά
3669 3814 3788 3884 γὰρ

2193 3930 2350 3983 τοῦτο
2388 3929 2486 3981 καὶ
2520 3928 2547 3979 ὁ
2588 3922 2779 3992 παρὼν
2816 3920 2997 3972 κανὼν
3037 3915 3186 3971 εἶπεν
3226 3915 3424 3982 epeia):
3462 3912 3541 3980 τῷ
3578 3907 3785 3975 ἐκϐλη-

2197 4021 2344 4075 θέντι
2378 4020 2477 4089 τῆς
2513 4016 2808 4086 ἐκκλησίας
2841 4014 2932 4066 τὴν
2961 4010 3252 4079 δεξάμενον
3286 4006 3448 4059 αὐτὸν
3481 4004 3788 4056 ἐπίσκοπον

2197 4114 2545 4178 κολάζεσθαι.
2590 4109 2902 4178 Σημείωσαι
2939 4106 2995 4157 δὲ
3037 4106 3118 4157 ὅτι
3163 4101 3258 4154 καὶ
3301 4102 3328 4152 ό
3370 4095 3559 4167 παρὼν
3599 4091 3789 4146 κανὼν

2197 4205 2298 4258 οὐκ
2342 4202 2755 4273 ἀσυντηρήτως,
2797 4198 2935 4251 ἀλλὰ
2984 4196 3120 4267 μετὰ
3165 4191 3463 4259 καταδίκην
3507 4185 3663 4251 ἀξίαν
3703 4183 3790 4254 τῷ

2199 4297 2561 4368 ἁμαρτήματι
2610 4293 2754 4347 θέλει
2799 4291 2927 4354 τοὺς
2975 4287 3272 4359 κληρικοὺς
3316 4279 3699 4352 καθᾶιρεῖσθαι
3748 4277 3789 4350 ἢ

2199 4388 2579 4461 ἀφορίζεσθαι.

587 4464 844 4561 ΖΟὲΑἶί.
883 4502 997 4557 lloc
1027 4501 1168 4555 idem
1220 4505 1526 4553 sanctorum
1580 4492 1944 4565 apostolorum
1985 4505 2088 4542 uu—

2271 4483 2517 4538 ΖΩΝΑΡ.
2556 4478 2729 4534 Τοῦτο
2762 4475 2858 4531 καὶ
2890 4475 2940 4528 οἱ
2971 4473 3081 4526 τῶν
3113 4471 3284 4540 ἁγίων
3317 4466 3632 4523 ἀποστόλων
3663 4464 3690 4516 ὃ
3722 4481 3790 4517 τε

517 4596 762 4653 decimus
819 4603 875 4649 et
930 4591 1286 4646 duodecimus
1335 4596 1390 4641 ct
1456 4583 1761 4640 tricesimus
1818 4579 2091 4636 secundus

516 4688 938 4746 constituerunt.
973 4686 1101 4751 Quae.
1139 4683 1301 4750 igitur
1327 4681 1379 4733 in
1442 4679 1509 4731 iis
1559 4676 1763 4745 scripta
1824 4684 1969 4736 sunt,
2006 4674 2093 4728 hic

420 4844 435 4853 ε
513 4778 677 4833 etiam
711 4775 1006 4830 sufficient.
1043 4773 1349 4838 Quinetiam
1386 4769 1573 4840 synodi
1614 4767 1966 4820 Antionltenaa
1998 4779 2092 4819 ca-

516 4886 622 4925 non
645 4870 678 4924 6
710 4871 775 4924 de
805 4870 993 4925 eodem
1031 4867 1288 4933 loquitur,
1317 4873 1371 4914 ct
1401 4858 1739 4916 SartliccnSis
1783 4874 1958 4913 canon
1990 4856 2081 4910 15.

514 4956 743 5015 ARIST.
797 4961 945 5025 «Qui
1001 4973 1128 5013 cum
1183 4955 1655 5011 excommunicato
1700 4949 2092 5014 communicat,

876 5068 893 5100 ι
935 5050 1048 5117 ipse
1080 5048 1148 5101 sit
1178 5043 1736 5101 excommunicatus.»

590 5140 758 5207 Quia
811 5140 1028 5205 preprio
1056 5138 1306 5205 episcopo
1357 5134 1888 5192 cxoommuuieatum
1950 5131 2093 5186 reci-

517 5233 617 5302 pit,
640 5242 695 5287 et
719 5246 842 5286 cum
883 5246 950 5284 eo
1005 5244 1160 5283 sacra
1212 5229 1507 5289 ministrat,
1562 5222 1955 5294 segregationis
1982 5237 2090 5277 nou

519 5326 765 5395 ignarus,
798 5330 853 5377 et
906 5324 1021 5392 ipse
1041 5324 1115 5376 sit
1169 5319 1689 5375 exrommunicatus.
1743 5315 2009 5370 Similiter
2039 5322 2094 5368 et

516 5419 611 5488 qui
677 5416 949 5472 ltmreticis
1011 5413 1399 5476 communicat,
1457 5410 1630 5479 iisque
1667 5415 2091 5477 comprecatttr,

520 5527 642 5565 cum
679 5507 931 5579 ﬁdelilms
963 5521 1030 5559 ne
1082 5502 1488 5567 communicet;
1544 5501 1640 5555 sed
1687 5497 1928 5553 Ecclesia
1992 5512 2091 5552 ex-

520 5603 784 5656 trudatur.

1120 5683 1347 5741 CANON
1408 5682 1476 5737 Χ.

529 5802 547 5835 ι
580 5785 652 5835 τ)-
685 5780 1037 5849 ιιιρμιιιῚιιιίε,
1088 5781 1175 5845 ιιιιί
1226 5797 1251 5831 ιι
1285 5777 1514 5846 propriis
1566 5775 1833 5844 episcopis
1891 5768 2091 5827 mutile-

2203 4583 2292 4634 ια’.
2328 4576 2420 4628 καὶ
2458 4570 2544 4644 ιβ’,
2582 4572 2675 4624 καὶ
2707 4569 2810 4641 λβ⁹,
2842 4567 3172 4633 διετάξαντο.
3201 4566 3268 4617 Ἃ
3303 4562 3433 4629 γοῦν
3467 4563 3524 4613 ἐν
3556 4557 3795 4621 ἐκείνοις

2200 4670 2414 4741 ἐγράφη
2435 4707 2449 4729 ,
2485 4662 2766 4720 κάνταῦθα
2802 4661 3121 4732 ἀρκέσουσι.
3153 4658 3263 4709 Καὶ
3297 4658 3323 4707 ὁ
3356 4654 3454 4723 τῆς
3487 4654 3545 4704 ἐν
3579 4651 3792 4702 Ἀντιο-

2198 4764 2322 4836 χείᾳ
2353 4762 2413 4814 δέ
2447 4759 2663 4813 συνόδου
2697 4756 2853 4816 ἕκτος
2888 4754 3070 4805 κανὼν
3103 4752 3230 4820 περὶ
3262 4746 3450 4800 τούτου
3486 4741 3796 4812 διαλαμϐά-

2200 4876 2302 4921 νει,
2333 4855 2428 4908 καὶ
2456 4856 2483 4906 ὁ
2516 4858 2583 4919 ιγ’
2602 4851 2701 4919 τῆς
2731 4850 2788 4902 ἐν
2817 4847 3077 4915 Σαρδικῇ.

2213 4946 2453 5003 ἈΡΙΣΤ.
2496 4963 2515 4996 ι
2547 4944 2609 4996 Ὃ
2640 4940 2992 5008 ἀκοινωνήτῳ
3030 4934 3306 4990 κοινωνῶν
3336 4930 3720 5000 ἀκοινώνητος.
3768 4946 3791 4980 ι

2279 5125 2346 5181 Ὀ
2379 5124 2470 5177 τὸν
2503 5121 2609 5176 ὑπὸ
2640 5118 2733 5173 τοῦ
2779 5119 2910 5173 ίδίου
2954 5115 3256 5169 ἐπισκόπου
3301 5106 3663 5181 ἀφορισθέντα
3700 5107 3798 5160 δε-

2201 5221 2450 5293 χόμενος,
2479 5216 2574 5271 καὶ
2607 5211 3035 5281 συλλειτουργῶν
3060 5207 3234 5293 αὐτῷ,
3266 5210 3325 5260 ἐν
3357 5205 3562 5274 είδήσει
3590 5202 3665 5255 ὣν
3692 5200 3794 5253 τοῦ

2201 5290 2509 5379 ἀφορισμοῦ
2530 5346 2544 5371 ,
2579 5302 2962 5374 ἀφωρισμένος
2995 5290 3090 5353 καλ
3120 5299 3278 5359 αὐτὸς
3310 5297 3470 5349 ἔστω.
3512 5293 3791 5355 Ὡσαύτως

2202 5403 2298 5457 καὶ
2322 5404 2350 5455 ό
2376 5398 2669 5468 αίρετικοῖς
2702 5392 2997 5455 κοινωνῶν,
3027 5390 3123 5445 καὶ
3156 5389 3549 5460 συνευχόμενος
3581 5385 3796 5446 αὺτοῖς,

2204 5497 2315 5555 τοῖς
2346 5493 2559 5550 πιστοῖς
2598 5487 2657 5541 οὐ
2696 5486 3143 5554 συγκοινωνήσει,
3177 5483 3315 5536 ἀλλά
3343 5483 3441 5553 τῆς
3457 5477 3793 5547 Ἐκκλησίας

2203 5585 2558 5650 ἐξωθήσεται.

2834 5668 3071 5723 ΚΔΝΩΝ
3108 5668 3161 5721 l'.

2207 5790 2231 5823 ι
2275 5771 2410 5836 Περὶ
2448 5762 2834 5835 πρεσϐυτέρων
2868 5760 2975 5814 τῶν
3014 5761 3121 5813 ἀπὸ
3162 5758 3268 5812 τῶν
3306 5757 3521 5812 οἰκείων
3560 5767 3797 5818 καταγιο
