4034 6402
454 322 521 388 59
1712 325 1993 387 THEOD.
2039 322 2270 385 BALSA
2281 327 2440 390 MON
3642 331 3709 393 60

455 438 596 504 fleri,
628 437 841 494 videtur
892 453 1135 508 praesens
1184 454 1360 495 canon
1386 441 1434 497 ei
1479 442 1781 505 adversari,
1835 443 2010 498 decer'

2138 441 2495 509 καθαιρέσεις
2523 444 2634 498 τῶν
2686 446 3008 501 ἐπισκόπων
3057 449 3211 516 παρά
3268 447 3509 514 συνόδου,
3563 450 3711 505 δοκεῖ

453 545 588 585 nens
617 546 645 584 a
676 530 970 586 duodecim
1013 534 1078 586 ad
1111 535 1293 589 minus
1324 535 1596 605 episcopis
1624 538 1935 608 episcOpnm
1974 540 2028 594 in

451 636 614 677 causa
650 622 924 677 criminali
993 624 1247 695 judicari,
1306 627 1683 699 presbyterum
1746 646 1775 683 a
1823 645 1940 696 sex,
1976 642 2031 687 et

455 713 745 767 diaconum
803 729 831 767 a
891 717 1088 770 tribus.
1144 717 1260 771 Non
1312 730 1551 787 pugnant
1584 730 1762 775 autem
1798 723 1940 777 inter
1970 739 2032 780 se

451 818 735 860 canones:
768 807 860 859 sed
906 807 1264 864 Antiochense
1325 812 1543 879 quidem
1584 814 1803 884 ~synodi
1852 829 2027 870 canon

450 895 570 951 inec
624 896 827 966 judicia
862 898 1021 952 aliter
1042 901 1424 955 constituenda
1458 903 1742 959 decrevit:
1788 918 2028 972 praesens

452 994 632 1041 autem
682 1003 876 1049 οιιηοιι.
906 991 997 1055 qui
1039 992 1198 1060 longo
1252 1003 1372 1061 post
1423 1003 1666 1063 tempore
1720 997 1893 1052 factus
1920 1009 2025 1064 est,

449 1077 567 1131 ha-c
614 1078 821 1148 judicia
884 1084 1097 1138 cautius
1157 1086 1270 1140 fieri
1325 1090 1535 1144 statuit.
1569 1089 1796 1144 Cautior
1840 1103 2024 1148 autem

446 1169 719 1239 legislatio
768 1190 873 1228 non
925 1176 1133 1230 inducit
1184 1182 1622 1247 repugnantiam.
1657 1182 1813 1249 Quod
1845 1194 2024 1239 autem

446 1262 674 1328 majoris
726 1268 1036 1325 securitatis
1089 1270 1262 1335 gratia
1316 1270 1429 1326 bmc
1477 1284 1633 1326 cauta
1684 1276 1817 1340 sint,
1863 1293 1926 1331 ex
1962 1294 2026 1333 eo

444 1353 771 1419 declaratur,
820 1361 963 1425 quod
1010 1360 1188 1413 dicant
1243 1362 1453 1428 Patres,
1505 1365 1621 1419 haec
1652 1375 1782 1423 tunc
1809 1370 2025 1426 detnum

444 1445 587 1508 ﬁeri,
616 1448 833 1514 quando
860 1459 943 1502 est
977 1450 1198 1507 dillicile
1236 1467 1294 1507 ιιι
1343 1455 1526 1521 plures
1554 1459 1796 1526 episcOpi
1821 1476 2025 1515 conve-

441 1534 613 1589 niant.
670 1537 824 1593 Tunc
858 1541 1001 1593 enim
1036 1558 1255 1598 necesse
1287 1557 1370 1599 est
1401 1545 1566 1618 526
1596 1549 1778 1617 plures
1809 1568 2026 1622 quoque

439 1627 727 1697 episcopos
759 1644 956 1686 causas
982 1634 1292 1690 criminales
1323 1640 1533 1696 audire.
1565 1642 1695 1695 Illud
1719 1650 1923 1707 autem,
1956 1662 2026 1703 ne

438 1719 725 1789 episcopus
750 1725 801 1777 in
826 1725 1054 1780 crimine
1074 1727 1296 1793 haereat,
1318 1730 1395 1784 sic
1420 1741 1525 1798 est,
1555 1734 2019 1803 interpretandum
2053 1767 2097 1822 Β

439 1828 511 1866 ne
565 1814 691 1868 dum
755 1804 952 1874 dubius
1011 1829 1098 1873 est
1149 1822 1436 1891 episcopus
1470 1864 1486 1888 ,
1558 1842 1587 1881 a
1662 1843 1762 1883 suo
1821 1833 2022 1901 popqu

438 1914 848 1972 contemnatur,
891 1912 1073 1980 utqui
1126 1926 1415 1970 accusatus
1442 1925 1550 1974 est.
1593 1918 1657 1973 Et
1683 1922 1735 1976 in
1776 1923 1863 1978 his
1897 1926 2022 1993 qni-

442 1996 565 2052 dem
592 1999 847 2056 consistit
869 2018 1063 2058 canon.
1081 2004 1502 2077 lnterrogaverit
1520 2021 1698 2067 autem
1723 2016 2017 2085 quispiam,

443 2102 567 2143 cum
603 2106 773 2145 canon
807 2107 1099 2148 causarum
1135 2097 1310 2152 solum
1348 2102 1719 2159 criminalium
1751 2109 2021 2165 memine-

435 2179 529 2243 rit,
565 2196 632 2233 an
667 2182 758 2236 nni
787 2186 1205 2251 metropolitano
1236 2190 1318 2244 vel
1379 2192 1635 2265 eplscopo
1674 2201 2022 2265 permittatur

432 2274 751 2328 examinare
769 2277 1105 2346 episcopum,
1139 2281 1220 2332 vel
1240 2287 1602 2351 sacerdotem,
1624 2288 1707 2342 vel
1729 2291 2016 2347 diaconum

434 2364 489 2416 in
524 2379 686 2420 causa
714 2369 856 2422 civili
884 2386 947 2426 ex
980 2383 1288 2440 contractu,
1322 2393 1441 2446 quae
1472 2380 1751 2435 infamiam
1788 2387 2016 2454 irrogat,

432 2456 645 2512 scilicet
701 2460 957 2529 depositi,
1005 2466 1088 2521 vel
1152 2471 1484 2526 commodnti
1526 2491 1539 2527 :
1584 2475 1838 2531 similiter
1872 2490 1926 2531 et
1962 2479 2015 2533 in

431 2563 600 2605 causa
634 2569 753 2621 qua:
780 2571 844 2609 ex
871 2557 1069 2612 delicto
1103 2562 1299 2625 oritur,
1335 2566 1546 2620 scilicet
1583 2567 1803 2636 injuria,
1846 2571 2015 2639 furto,

433 2641 507 2703 vi,
561 2650 615 2697 et
660 2646 950 2703 similibus.
984 2649 1214 2710 Salutio.
1244 2656 1744 2728 Quinquagesimns
1790 2665 2015 2730 quintus

430 2746 607 2785 canon
658 2738 1013 2804 apostolicus,
1047 2753 1100 2796 et
1134 2748 1500 2815 octogesimus
1543 2762 1771 2820 quartus
1799 2754 2012 2821 jubent,

430 2834 486 2876 ut
520 2824 553 2876 ii
598 2826 953 2895 deponantur,
989 2833 1081 2900 qui
1118 2850 1297 2902 reges,
1323 2838 1613 2908 episcopos
1644 2852 1699 2895 et
1726 2845 2014 2913 magistra-

434 2925 521 2969 tus
553 2916 749 2985 injuria
804 2920 1069 2978 alliciunt.
1107 2926 1170 2979 Et
1220 2932 1460 2983 nonnulli
1492 2934 1708 3000 quidem
1744 2939 1813 2988 ad
1851 2937 2003 3003 ejus-

429 3010 573 3062 modi
610 3011 837 3079 injurias
897 3030 1101 3080 easqne
1132 3019 1278 3076 solas
1303 3023 1696 3091 depositionem
1730 3030 2008 3094 redigunt.

2134 534 2519 591 ὲναντιοῦσθαι
2576 538 2727 610 αὑτῷ
2759 543 2788 594 ὁ
2843 540 3037 611 παρὼν
3097 541 3301 607 κανὼν,
3332 544 3708 615 διοριζόμενος

2135 629 2242 683 ὑπὸ
2272 629 2479 684 δώδεκα
2506 633 2825 687 ἐπισκόπων
2854 631 2917 686 τδ
2948 633 3233 702 ἐλάχιστον
3264 637 3550 705 κρίνεσθαι
3578 637 3701 689 ὲπί-

2135 738 2337 776 σκοπον
2388 724 2549 793 χάριν
2583 724 3000 794 ἑγκληματικῆς
3035 725 3369 789 ὑποθέσεως,
3427 727 3520 779 τὸν
3566 746 3704 796 πρε-

2136 811 2396 880 σϐύτερον
2428 813 2532 866 ὑπὸ
2559 812 2639 879 ἓξ,
2675 815 2772 867 καὶ
2806 814 2900 867 τὸν
2943 816 3192 870 διάκονον
3221 818 3324 871 ὑπο
3353 819 3543 888 τριῶν.
3572 821 3688 873 Οὐκ

2132 904 2510 957 ἐναντιοῦνται
2537 906 2594 958 δὲ
2626 907 2674 958 oi
2699 908 2927 969 κανόνες
2949 923 2965 940 θ
2994 906 3112 960 ἀλλ’
3141 909 3170 960 ό
3201 911 3319 978 μὲν,
3347 913 3446 981 τῆς
3474 914 3534 964 ὲν
3580 912 3706 964 Ἀνσ

2130 998 2344 1068 τιοχείᾳ
2375 998 2597 1068 δηλαδὴ,
2633 998 2812 1062 ἄλλως
2841 999 2944 1062 τάς
2972 1002 3233 1066 τοιαύτας
3278 1004 3495 1070 κρίσεις
3536 1002 3705 1075 ὥρισε

2128 1089 2579 1145 διευλυτοῦσθαι·
2624 1094 2653 1146 ό
2680 1092 2738 1146 δὲ
2789 1092 2986 1162 παρὼν
3022 1093 3225 1157 κανὼν,
3261 1098 3404 1149 κατά
3435 1098 3570 1151 πολὺ
3605 1116 3703 1167 με-

2130 1182 2527 1251 ταγενέστερος
2557 1183 2655 1246 ὢν,
2691 1185 3117 1256 ἀσφαλεστέροις
3141 1189 3241 1249 τὰς
3288 1191 3546 1251 τοιαύτας
3582 1192 3703 1257 κρί-

2132 1289 2247 1331 σεις
2274 1274 2724 1341 παρεκελεύσατο
2752 1275 3026 1341 γίνεσθαι.
3059 1278 3169 1329 Καὶ
3216 1278 3317 1329 οὐκ
3367 1279 3517 1332 ἔστιν
3544 1282 3701 1332 ἐναν-

2128 1363 2371 1433 τίωσιςὴ
2431 1367 2823 1438 ἀσφαλεστέρα
2888 1369 3208 1437 νομοθεσία.
3241 1370 3365 1423 Ὀτι
3421 1372 3475 1425 δὲ
3524 1373 3612 1425 διά
3641 1373 3702 1425 τὸ

2128 1455 2532 1527 ἀσφαλέστερον
2559 1458 2732 1511 ταῦτα
2797 1462 3220 1530 νενομοθέτηται
3251 1463 3570 1529 ,δηλοῦται
3605 1465 3703 1519 καὶ

2128 1546 2238 1599 ἀπὸ
2270 1549 2363 1602 τοῦ
2390 1549 2572 1618 λέγειν
2606 1554 2736 1615 τοὺς
2772 1554 3030 1623 Πατέρας
3049 1554 3169 1606 τότε
3201 1554 3376 1608 ταῦτα
3429 1555 3701 1622 γίνεσθαι,

2127 1639 2218 1693 ὅτε
2261 1642 2334 1711 μή
2396 1644 2548 1696 ἐστιν
2579 1636 2803 1715 εὐχερὲς
2832 1646 2930 1698 καὶ
2981 1646 3241 1709 πλείονας
3270 1647 3549 1701 συνελθεῖν
3583 1650 3710 1701 ἐπι-

2129 1732 2385 1796 σκόπους.
2419 1735 2744 1804 Τηνικαῦτα
2772 1737 2882 1808 γὰρ
2903 1739 3202 1804 ἀναγκαῖόν
3232 1742 3345 1794 ἔστι
3402 1742 3498 1793 καὶ
3527 1741 3708 1794 πλείο-

2126 1838 2222 1885 νας
2254 1823 2592 1890 ἐπισκόπους
2623 1829 2933 1897 ἀκροᾶσθαι
2954 1830 3063 1882 τῶν
3108 1830 3535 1900 ὲγκληματικῶν
3570 1833 3706 1886 ὑπο-

2126 1913 2358 1970 θέσεων.
2394 1917 2469 1970 Τὸ
2495 1919 2552 1972 δὲ
2588 1920 2665 1990 μὴ
2709 1921 3006 1992 ὑπομεῖναι
3058 1922 3151 1975 τὸν
3185 1924 3491 1978 ἐπίσκοπον
3539 1926 3595 1976 ὲν
3623 1924 3704 1994 τῷ

2123 2007 2435 2076 ἐγκλήματι
2479 2008 2655 2072 οὕτως
2707 2012 3094 2082 ἐρμηνευτέον,
3132 2014 3220 2068 ἵνα
3256 2016 3354 2084 μὴ,
3396 2016 3709 2083 ἀμφίϐολος

2124 2098 2208 2152 ὣν
2248 2101 2279 2154 ό
2306 2101 2631 2167 ἐπίσκοπος,
2668 2108 3071 2173 καταφρονοϊτο
3105 2106 3211 2159 ὑπὸ
3267 2107 3361 2161 τοῦ
3394 2108 3488 2161 ὑπ’
3533 2109 3706 2161 αὐτὸν

2123 2193 2281 2254 λαου,
2319 2192 2394 2256 ὠς
2424 2195 2531 2247 ύπδ
2576 2200 2923 2267 κατηγορίαν
2968 2198 3066 2254 ὧν.
3094 2200 3207 2253 Καὶ
3240 2204 3310 2254 τὰ
3345 2201 3446 2270 μὲν
3476 2200 3569 2255 τοῦ
3598 2218 3705 2256 κα-

2122 2283 2273 2346 νόνος
2302 2286 2360 2337 ἐν
2384 2284 2619 2349 τούτοις.
2656 2287 2955 2357 Ἐρωτήσει
2989 2290 3046 2342 δέ
3074 2307 3180 2353 τις,
3211 2292 3282 2357 εί,
3338 2292 3436 2346 τοῦ
3469 2292 3705 2355 κανόνος·

2126 2374 2304 2443 μόνων
2332 2377 2501 2447 ὲγκλη
2515 2380 2764 2443 ματικῶν
2796 2381 3112 2434 ὑποθέσεων
3145 2385 3522 2453 μεμνημένου,
3550 2386 3704 2454 ἐφετ-

2121 2484 2215 2519 ται
2266 2472 2639 2542 μητροπολίτῃ
2726 2474 2806 2526 ἐνὶ
2862 2475 2895 2543 ἢ
2947 2475 3237 2547 ὲπισκόπῳ
3311 2480 3391 2532 ἑνὶ
3445 2480 3702 2542 δικάζειν

2120 2557 2422 2612 ἐπίσκοπον
2482 2563 2514 2631 ἢ
2567 2563 2716 2632 ἱερέα
2762 2563 2794 2635 ἢ
2834 2565 3083 2619 διάκονον
3141 2568 3307 2639 χάριν
3381 2571 3703 2635 ὑποθέσεως

2122 2650 2643 2724 συναλλαγματικῆς
2673 2657 3026 2726 ἀτιμοποιοῦ,
3063 2661 3234 2732 ἤγουν
3269 2665 3407 2731 περὶ
3440 2666 3703 2737 παραθήο

2117 2758 2244 2810 κης,
2281 2744 2313 2812 ἢ
2342 2744 2471 2817 περὶ
2503 2749 2822 2818 κιχρήσεως
2853 2767 2866 2782 ·
2901 2751 3168 2817 ὡσαύτως
3194 2756 3290 2807 καὶ
3326 2755 3461 2825 περὶ
3487 2758 3700 2811 Ott-00¢-

2120 2850 2259 2895 σεως
2290 2837 2347 2901 ἐξ
2373 2837 2781 2908 ἁμαρτήματος
2811 2843 3226 2916 ἀναφυομένης,
3261 2847 3433 2917 ἤγουν
3462 2848 3701 2917 ὕϐρεως,

2114 2924 2342 2993 κλοπῆς,
2381 2927 2521 2997 βίας,
2575 2933 2670 2984 καὶ
2718 2932 2828 2985 τῶν
2860 2935 3083 3002 ὁμοίων.
3117 2939 3333 3001 Λύσις.
3370 2940 3434 2991 Ὀ
3465 2939 3538 2993 νε¹
3562 2944 3705 2994 ἁπο-

2117 3015 2362 3078 στολικδς
2392 3018 2574 3072 κανὼν
2620 3022 2715 3074 καὶ
2759 3024 2787 3073 ό
2822 3023 2904 3076 πδ¹
2937 3025 3319 3096 καθαιρεῖσθαι
3364 3030 3700 3098 διορίζονται

426 3097 555 3153 Mihi
597 3111 777 3156 autem
810 3105 1026 3160 videtur
1048 3124 1113 3162 ex
1143 3112 1292 3164 omni
1332 3114 1548 3168 actione
1573 3132 1694 3184 qum
1727 3119 2004 3175 infamiam

2115 3108 2242 3170 τοὺς
2270 3108 2599 3178 ὑϐρίζοντας
2630 3113 2895 3183 βασιλεῖς,
2921 3119 3261 3173 ἐπισκόπους
3282 3123 3376 3173 καὶ
3396 3123 3699 3194 ἄρχοντας.

429 3183 660 3260 irrogat,
712 3198 1030 3265 pecuniaria
1075 3203 1288 3258 scilicet
1339 3214 1397 3260 et
1455 3209 1754 3277 criminali,
1795 3214 1862 3269 iis
1914 3219 2008 3285 qui

422 3293 554 3338 sunt
577 3288 774 3340 sacrati
796 3289 1075 3345 infamiam
1101 3294 1267 3355 inuri.
1306 3301 1606 3355 secundum
1646 3306 2007 3362 universalem

424 3386 479 3432 et
544 3379 920 3436 indistinctam
985 3383 1165 3454 legum
1199 3391 1672 3449 constitutionem.
1710 3397 1831 3452 Vidi
1862 3403 2006 3455 enim

423 3471 588 3524 etiam
625 3473 825 3527 tnultos
856 3488 1099 3531 sacratos
1149 3493 1369 3548 propter
1421 3483 1624 3539 furtum
1672 3493 2009 3560 synodaliter

424 3561 724 3625 depositos.
750 3587 754 3593 -
778 3565 833 3619 Si
869 3576 1049 3621 autem
1103 3570 1527 3633 interrogaverit
1555 3579 1852 3648 quispiam,
1877 3584 2006 3651 quid

424 3652 586 3706 debet
640 3655 754 3709 fieri
813 3656 1144 3727 lectoribus;
1218 3664 1426 3731 audiet,
1486 3669 1630 3736 quod
1716 3673 2007 3730 vicesimus

424 3758 600 3798 canon
663 3753 950 3812 praesentis
1010 3754 1201 3825 synodi
1246 3758 1487 3828 reliquos
1518 3763 1773 3827 clericos,
1806 3779 2005 3834 praeter

421 3838 802 3909 presbyterum
838 3844 1047 3900 scilicet
1085 3854 1140 3901 et
1172 3849 1482 3915 diaconum,
1511 3854 1578 3908 ab
1604 3872 1709 3910 uno
1744 3858 2004 3929 episcopo

411 3929 742 3997 judicaudos
788 3950 909 3991 esse
975 3941 1191 3993 statuit.
1245 3937 1522 3999 Prmterea
1579 3947 2002 4018 interrogaverit

397 4022 713 4093 quispiam,
752 4044 874 4082 cum
912 4046 1083 4085 canon
1119 4036 1416 4101 contineat,
1451 4048 1578 4094 tunc
1632 4042 1746 4094 fieri
1801 4060 1827 4095 a
1862 4046 2002 4098 duo-

416 4116 592 4170 decim
624 4120 895 4189 episcopis
934 4132 987 4177 et
1020 4127 1152 4179 solis
1187 4129 1570 4198 episcoporum
1610 4135 2000 4203 depositiones,

414 4211 637 4279 quando
661 4212 774 4266 ﬁeri
806 4217 1027 4269 omnino
1051 4234 1159 4270 non
1195 4229 1370 4286 potest
1394 4232 1451 4275 ut
1476 4224 1628 4288 multi
1652 4230 2001 4297 conveniant;

415 4304 460 4354 si
504 4303 784 4371 depositus
816 4304 980 4361 fuerit
1002 4309 1292 4378 episcopus
1323 4328 1352 4365 a
1388 4313 1673 4370 duodecim
1703 4321 2001 4391 episcopis,

414 4390 578 4458 idque
599 4406 720 4444 cum
759 4393 829 4446 sit
861 4393 1021 4450 facile
1053 4407 1110 4450 ut
1141 4400 1293 4452 multi
1326 4405 1694 4474 conveniant;
1732 4411 1995 4469 dissolve-

413 4490 507 4537 tur
578 4485 842 4553 depositio
915 4490 1139 4544 annon?
1208 4491 1441 4572 Salutio,
1502 4497 1695 4556 Dicunt
1772 4507 1991 4573 quidem

412 4576 655 4629 nonnulli
689 4578 794 4633 hoc
840 4585 998 4634 modo
1029 4598 1133 4636 non
1170 4584 1431 4642 infirmari
1472 4594 1822 4650 sententiam.
1854 4597 1989 4655 Cum

410 4679 591 4722 autent
646 4667 884 4727 Joannes
943 4673 1031 4728 ille
1065 4678 1416 4733 Amatbnntis
1444 4683 1733 4751 episcopus
1764 4703 1793 4741 a
1828 4689 1991 4758 Cypri

410 4762 821 4831 archiepiscopo
856 4764 1078 4823 domino
1107 4766 1320 4824 Joanne
1379 4771 1574 4829 fuisset
1604 4778 1906 4846 depositus,
1937 4793 1992 4838 et

411 4851 765 4922 depositionis
816 4860 1051 4912 edictum
1106 4861 1159 4914 in
1210 4862 1461 4917 tribunali
1516 4867 1867 4935 imperatorio
1905 4873 1993 4926 le-

409 4954 555 4995 ctum
590 4956 755 5007 esset.
788 4948 1045 5014 quoniam
1077 4950 1282 5005 inventi
1311 4964 1443 5008 sunt
1476 4957 1725 5011 undecim
1751 4961 1991 5032 episcopi

409 5043 464 5086 et
515 5036 959 5106 archiepiscopus
1034 5042 1430 5107 depositionem
1506 5046 1750 5115 fecisse,
1804 5056 1996 5110 statuit

411 5127 792 5183 sanctissimus
851 5130 939 5185 ille
981 5134 1292 5201 patriarcha
1348 5137 1602 5193 dominus
1638 5140 1812 5197 Lucas
1864 5159 1987 5198 cum

412 5229 677 5284 prtesente
734 5219 824 5273 illa
877 5223 1108 5292 synodo,
1142 5225 1274 5293 quin
1325 5235 1380 5278 et
1419 5227 1684 5281 assistens
1743 5242 1991 5299 senatus,

407 5323 530 5364 esse
560 5310 828 5367 infirmam
863 5324 915 5367 ct
943 5316 1145 5372 nullius
1174 5320 1431 5373 momenti
1472 5322 1903 5392 depositionem;
1935 5337 1988 5381 et

407 5416 473 5455 co
500 5403 643 5471 quod
675 5419 780 5460 non
822 5411 1278 5478 accersitajuerit
1318 5412 1567 5467 universa
1604 5419 1846 5486 synodus
1880 5420 1989 5490 Cy-

411 5492 651 5559 priorum
708 5495 986 5564 Ecclesiae,
1026 5509 1115 5553 aut
1176 5500 1367 5555 saltem
1431 5504 1605 5571 major
1672 5520 1798 5573 pars
1851 5509 1988 5576 ejus,

411 5603 534 5641 rum
596 5607 790 5661 magna
820 5604 963 5649 esset
991 5594 1114 5664 ejus
1155 5593 1411 5664 cogendae
1452 5596 1721 5664 facultas;
1758 5609 1813 5653 et
1843 5602 1989 5669 quod

409 5680 858 5752 archiepiscopus
896 5703 1000 5740 non
1049 5687 1186 5740 ultra
1222 5687 1510 5745 duodecim
1555 5690 1866 5761 episc0pos,
1897 5694 1990 5747 sed

414 5790 518 5827 una
551 5792 669 5829 eum
702 5778 805 5832 illis
833 5791 978 5835 esset
1010 5792 1461 5839 connumeratus.
1489 5781 1763 5841 Praeterea
1798 5797 1995 5843 autem;

2117 3200 2231 3254 Καί
2270 3220 2416 3266 τινες
2446 3206 2529 3267 είς
2560 3207 2661 3271 τὰς
2706 3210 2970 3272 τοιαύτας
3002 3211 3197 3281 ὕϐρεις
3228 3216 3323 3267 καὶ
3377 3215 3547 3283 μόνας
3575 3235 3703 3272 στε-

2112 3296 2420 3365 νοχωροῦσι
2473 3300 2821 3371 καθαίρεσιν,
2871 3305 3027 3374 Ἐμοὶ
3079 3306 3137 3359 δὲ
3190 3307 3344 3359 δοκεῖ
3374 3310 3482 3363 ἀπὸ
3511 3311 3697 3383 πάσης

2110 3387 2441 3457 ἀτιμοποιοῦ
2464 3390 2716 3461 ἀγωγῆς.
2749 3399 3112 3465 χρηματικῆς
3140 3398 3344 3469 δηλαδή
3373 3402 3473 3455 καὶ
3501 3405 3701 3473 ἔγκλη-

2114 3480 2374 3549 ματικῆς,
2412 3483 2718 3550 ἐπάγεσθαι
2779 3489 3010 3554 ἀτιμίαν
3045 3490 3288 3555 καὶτοῖς
3345 3494 3696 3564 ίερωμένοις,

2113 3571 2257 3624 κατὰ
2284 3573 2384 3644 τὴν
2418 3577 2653 3630 καθόλου
2684 3578 2791 3630 τῶν
2821 3581 3004 3649 νόμων
3032 3583 3124 3634 καὶ
3152 3583 3504 3639 ἀδιάστικτον
3534 3606 3701 3656 νομο-

2110 3661 2320 3719 θεσίαν.
2365 3664 2520 3721 Εἶδον
2570 3669 2682 3740 γὰρ
2743 3672 2840 3725 καὶ
2892 3672 3127 3737 πολλοὺς
3202 3676 3539 3745 ίερωμένου;
3587 3682 3701 3735 ἀπὸ

2109 3758 2318 3827 κλοπῆς
2363 3761 2798 3831 καθαιρεθέντας
2832 3764 3149 3828 συνοδικῶς.
3203 3768 3264 3819 Ei
3317 3768 3373 3821 δὲ
3421 3773 3695 3841 ἐρωτήσει

2106 3867 2213 3914 τις,
2249 3849 2304 3901 τί
2338 3850 2546 3919 ὀφείλει
2577 3852 2825 3920 γίνεσθαι
2851 3857 2931 3915 εἰς
2955 3854 3080 3917 τοὺς
3114 3855 3492 3923 ἀναγνώστας,
3524 3861 3697 3914 ἀκού-

2109 3958 2194 3992 σει
2224 3941 2305 3994 ὄτι
2335 3944 2362 3994 ό
2394 3940 2442 3996 κ’
2477 3941 2660 3996 κανὼν
2699 3946 2798 4012 τῆς
2829 3946 3117 4014 παρούσης
3148 3947 3371 4000 συνόδου
3401 3951 3548 4020 παρά
3573 3953 3696 4016 ἐνὸς

2106 4032 2409 4085 ἐπισκόπου
2441 4035 2568 4097 τοὺς
2610 4030 2838 4097 λοιποὺς
2885 4035 3211 4106 κληρικοὺς,
3250 4041 3377 4103 τοὺς
3422 4044 3576 4112 παρὰ
3600 4046 3695 4099 τὸν

2105 4126 2491 4196 πρεσϐύτερον
2532 4126 2735 4197 δηλαδὴ
2763 4129 2858 4180 καὶ
2892 4130 2986 4181 τὸν
3038 4131 3310 4193 διάκονον,
3367 4133 3692 4198 δικάζεσθαι

2100 4217 2420 4290 διορίζεται.
2457 4219 2586 4273 Ἔτι
2621 4222 2891 4291 ἐρωτήσει
2923 4239 3031 4287 τις,
3063 4222 3140 4287 ὡς
3187 4226 3281 4278 τοῦ
3318 4229 3543 4292 κανόνος
3575 4231 3695 4284 δια-

2102 4309 2480 4380 λαμϐάνοντος
2507 4313 2632 4366 τότε
2668 4312 2921 4381 γίνεσθαι
2956 4316 3108 4386 παρά
3133 4316 3342 4372 δώδεκα
3370 4320 3692 4374 ἐπισκόπων

2102 4404 2197 4456 καὶ
2241 4404 2421 4473 μόνων
2473 4405 2574 4467 τὰς
2619 4406 2729 4458 τῶν
2788 4406 3108 4460 ἐπισκόπων
3171 4410 3547 4477 καθαιρέσεις,
3596 4415 3691 4467 ὅτε

2105 4497 2323 4567 ἀνάγκη
2351 4496 2520 4567 πολλή
2554 4499 2669 4552 ἐστι
2705 4499 2777 4571 μὴ
2802 4500 3070 4554 δύνασθαι
3101 4503 3333 4567 πολλοὺς
3386 4507 3688 4573 συνελθεῖν,

2104 4590 2201 4642 ἐὰν
2233 4590 2535 4660 καθαιρεθῇ
2571 4593 2874 4654 ἐπίσκοπος
2904 4595 3059 4662 παρὰ
3094 4595 3305 4649 δώδεκα
3341 4598 3687 4664 ἐπισκόπων,

2099 4680 2392 4751 εὐχερείας
2424 4682 2596 4754 οὖσης
2631 4685 2727 4736 καί⁵
2760 4686 2935 4738 ταῦτα
2973 4686 3204 4750 πολλοὺς
3237 4689 3532 4752 συνελθεῖν,
3575 4688 3689 4759 ἆρα

2098 4771 2389 4844 λυθήσεται
2416 4778 2447 4845 ἡ
2480 4776 2798 4848 καθαίρεσις
2828 4778 2859 4848 ἢ
2901 4777 2992 4843 ob;
3027 4780 3241 4845 Λύσις.
3272 4781 3427 4841 Τινὲς
3467 4784 3564 4851 μὲν
3595 4783 3685 4835 λέ-

2098 4878 2290 4927 γουσιν
2316 4866 2379 4918 ἐκ
2413 4865 2605 4918 τούτου
2661 4866 2756 4919 τοῦ
2814 4868 3018 4935 τρόπου
3063 4869 3138 4939 μὴ
3198 4871 3542 4939 ἀκυροῦσθαι
3588 4874 3689 4943 τὴν

2097 4956 2378 5025 ἀπόφασιν
2405 4974 2418 4988 ο
2449 4956 2545 5010 τοῦ
2576 4958 2632 5010 δὲ
2689 4958 3003 5012 ἐπισκόπου
3065 4946 3442 5030 Ἀμαθόῦντος
3475 4965 3687 5017 ἐκείνου

2108 5050 2359 5105 Ἰωάννου
2413 5048 2843 5119 καθαιρεθέντος
2899 5052 3007 5107 ὑπὸ
3079 5052 3172 5106 τοῦ
3246 5040 3684 5125 ἀρχιεπισκόπου

2096 5142 2327 5211 Κύπρου
2360 5142 2557 5209 κυρίου
2605 5143 2887 5204 Ἰωάννου,
2920 5143 3016 5196 καὶ
3040 5144 3137 5196 τοῦ
3162 5144 3548 5215 καθαιρετικοῦ
3583 5166 3684 5219 ση-

2101 5232 2420 5303 μειώματος
2448 5234 2906 5309 ἀναγνωσθέντος
2954 5235 3048 5287 ἐπὶ
3085 5234 3335 5305 βήματος
3371 5237 3681 5309 βασιλικοῦ,

2097 5327 2224 5377 ἐπεὶ
2255 5322 2517 5395 ε’ύρηνται
2550 5325 2744 5379 ἕνδεκα
2780 5327 3073 5381 ἐπίσκοποι
3113 5330 3205 5381 καὶ
3265 5330 3293 5382 ὁ
3327 5331 3685 5401 ἀρχιεπὶσκο-

2097 5432 2197 5479 aro;
2229 5416 2327 5484 τὴν
2360 5417 2682 5486 καθαίρεσιν
2716 5416 3102 5483 πεποιηκότες,
3134 5418 3329 5485 διέγνω
3377 5423 3406 5474 ὁ
3439 5421 3684 5489 ἁγιώτα-

2096 5524 2187 5570 τος
2221 5510 2431 5571 ἐκεῖνος
2490 5509 2844 5578 πατριάρχης
2904 5509 3093 5580 κύριος
3143 5511 3361 5574 Λουκᾶς
3414 5517 3553 5581 μετὰ
3578 5512 3679 5582 τῆς

2100 5601 2553 5669 παρουσιασάσης
2586 5601 2830 5664 συνόδου,
2858 5600 2992 5653 ἀλλὰ
3032 5600 3139 5671 μὴν
3170 5604 3264 5655 καὶ
3288 5603 3320 5671 ἡ
3347 5604 3677 5673 παρεστῶσα

2104 5691 2433 5761 σύγκλητος,
2461 5693 2666 5760 ἄκυρον
2698 5687 2841 5743 εἶναι
2888 5692 2989 5762 τὴν
3037 5693 3383 5759 καθαίρεσιν,
3417 5695 3507 5748 διὰ
3528 5712 3584 5747 τε
3617 5696 3678 5745 τὸ

2107 5786 2181 5852 μὴ
2221 5783 2631 5853 μετακληθῆναι
2666 5786 2761 5850 τὴν
2797 5788 2974 5840 πᾶσαν
3010 5785 3225 5840 σύνοδον
3260 5788 3356 5849 vi;
3402 5789 3511 5840 τῶν
3565 5790 3678 5840 Κυ-
