4034 6428
352 336 419 400 f1
706 350 709 353 ‘
1409 340 1491 401 IN
1516 339 1677 401 CAN.
1708 339 1857 399 XIII
1890 338 2102 405 (ΣΟΝο.
2145 344 2528 407 CARTHAG.
3570 354 3647 418 62

353 448 537 520 πρίων
565 447 892 521 ἐκκλησίας,
924 448 959 522 ἢ
986 449 1089 506 κᾶν
1110 450 1211 521 τὴν
1244 450 1484 514 πλείονα,
1512 448 1820 520 εὐχερείας,
1859 449 1950 501 καὶ

2058 450 2360 522 allegaruut
2380 467 2436 510 et
2458 474 2720 515 canonem
2742 460 2814 515 20
2842 462 3125 531 praesentis
3145 466 3336 536 synodi
3362 476 3417 522 et
3447 466 3509 522 l4
3526 484 3542 533 ;
3562 479 3640 535 et,

354 542 537 596 ταῦτα
564 540 736 611 οὔσης
761 541 902 612 πρὸς
946 541 1133 607 τοῦτο,
1167 542 1263 596 καὶ
1293 542 1382 595 διὰ
1429 542 1492 596 τὸ
1541 541 1617 613 μὴ
1644 543 1737 595 τὸν
1765 542 1953 611 ἀρχιε-

360 632 645 686 πίσκοπον
680 634 947 688 ἐπέκεινα
971 628 1113 688 εἶναι
1139 634 1236 704 τῆς
1265 633 1567 696 δωδεκάδος
1587 633 1697 686 τῶν
1722 631 1951 686 ἐπισκό-

358 741 503 788 πων,
535 725 677 779 ὀλλά
704 726 882 798 ταύτῃ
915 725 1109 780 τοῦτον
1134 725 1568 795 συνυπάγεσθαι.
1616 727 1955 796 Ἐχρήσαντο

2063 547 2315 609 quamvis
2335 549 2606 606 dixissent
2636 554 2877 607 nonnulli
2907 554 3008 610 hoc
3039 554 3108 609 de
3149 555 3281 613 solis
3304 559 3643 630 presbyteris

2062 642 2117 687 et
2164 636 2411 695 diaconis
2467 641 2674 697 dictum
2729 658 2870 710 esse,
2902 654 3119 702 'tatuen
3151 662 3259 702 non
3311 659 3437 704 sunt
3477 665 3646 705 exau-

2061 724 2180 782 diti.

356 816 417 870 δέ
451 818 596 888 πρὸς
614 818 774 873 τοῦτο
801 821 900 875 καὶ
927 820 1008 889 τῷ
1043 826 1093 873 κ’
1121 818 1309 873 κανόνι
1338 820 1439 887 τῆς
1471 817 1759 887 παρούσης
1787 815 2036 877 συνόδου,
2072 820 2171 872 καὶ
2203 822 2279 892 τῷ
2315 825 2395 882 ιδ’.
2431 828 2549 882 Κᾶν
2578 847 2726 894 τινες
2786 831 2846 885 δέ
2908 828 3065 888 εἶπον
3128 835 3252 889 τότε
3300 835 3382 900 είς
3447 836 3646 907 μόνους

360 914 777 984 πρεσϐυτέρους
838 919 937 970 καὶ
996 916 1280 980 διακόνους
1334 914 1498 968 τοῦτο
1542 911 1952 984 ὲκφωνηθῆναι.
1990 909 2107 963 ἀλλ’
2131 916 2234 971 οὐκ
2263 922 2724 996 είσηκούσθησαν.

439 1008 689 1064 ΖΩΝΑΡ.
722 1010 787 1062 Οἱ
828 1008 1124 1062 ἐπίσκοποι
1158 1007 1636 1079 κατηγορούμενοι
1668 1005 1822 1075 παρὰ
1845 1001 1957 1054 τῶν

363 1103 589 1157 οίκείων
618 1104 859 1156 συνόδων
889 1102 1212 1173 ὡρίσθησαν
1239 1102 1546 1171 κρίνεσθαι.
1584 1099 1713 1154 Ἐὰν
1742 1099 1800 1152 δέ
1833 1101 1960 1151 ἐπι-

360 1198 575 1251 σκόπου
607 1198 703 1249 ἐπὶ
724 1196 1037 1264 ἐγκλήματι
1065 1196 1553 1264 κατηγορουμένου
1575 1194 1835 1264 δυσχερὲς
1864 1191 1954 1261 εῖη

359 1290 512 1343 πάνυ
541 1288 677 1357 ὃλην
711 1289 815 1358 τήν
846 1288 1071 1341 σύνοδον
1099 1287 1401 1352 συνελθεῖν,
1427 1287 1460 1359 ἢ
1492 1289 1620 1349 τοὺς
1671 1286 1953 1349 πλείονας,

355 1382 595 1443 δώδεκα,
629 1383 783 1451 φησὶ,
813 1383 1208 1462 συνερχόμενοι
1227 1382 1523 1436 ἐπίσκοποι
1547 1378 1953 1445 ἐξεταζέτωσαν

358 1476 465 1545 τὴν
499 1474 789 1539 ὑπόθεσιν,
851 1472 944 1530 ῖνα
995 1474 1069 1546 μὴ
1109 1475 1138 1528 6
1194 1473 1598 1547 κατηγορηθεὶς
1654 1472 1955 1534 ἐπίσκοπος

357 1570 648 1638 ἁπομείνῃ
681 1569 740 1620 ἐν
766 1565 844 1637 τῷ
893 1566 1230 1637 ἐγκλήματι,
1262 1566 1543 1621 τουτέστιν
1579 1568 1671 1621 ἵνα
1708 1567 1807 1635 μὴ,
1839 1564 1952 1634 ἀμ-

356 1660 587 1725 φίϐολος
613 1659 711 1724 ὣν,
744 1661 1150 1730 καταφρονοῖτο
1185 1658 1295 1714 ὑπὸ
1319 1659 1417 1714 τοῦ
1449 1659 1542 1714 ὑπ’
1576 1659 1741 1713 αὑτὸν
1792 1657 1950 1724 λαοῦ,

356 1752 434 1813 ὡς
460 1752 570 1805 ὑπὸ
604 1752 948 1822 κατηγορίαν
983 1749 1083 1806 ὧν.
1118 1751 1508 1823 Πρεσϐυτὲρου
1534 1751 1594 1803 δὲ
1628 1762 1949 1819 κατηγορη-

2134 1007 2391 1068 ZONAR.
2426 1015 2742 1088 EpiscOpos,
2769 1018 2860 1089 qui
2888 1030 3243 1085 accusantur,
3268 1034 3297 1074 a
3332 1037 3429 1081 sua
3452 1038 3645 1092 quem.

2058 1114 2168 1170 que
2227 1108 2690 1176 synodojudicari
2725 1111 3008 1167 decretura
3032 1122 3139 1169 est.
3181 1113 3334 1181 Quod
3371 1114 3416 1168 si
3462 1116 3644 1170 delato

2058 1196 2360 1263 cnjuspiam
2387 1201 2623 1270 episcopi
2667 1206 2909 1267 nomine,
2944 1215 3038 1260 ant
3070 1222 3261 1261 omnes
3283 1207 3349 1260 ad
3372 1207 3638 1276 synodum

2058 1299 2154 1341 aut
2180 1289 2363 1357 plures
2414 1304 2563 1349 certe
2621 1298 2917 1353 convenire
2949 1298 3241 1354 admodum
3300 1298 3515 1354 dill‘tcile
3544 1300 3639 1364 sit,

2060 1381 2375 1450 duodecim,
2418 1387 2618 1456 inquit,
2653 1390 2891 1460 episcopi
2926 1402 3145 1460 coeant,
3177 1402 3233 1447 et
3263 1408 3485 1447 causam
3521 1407 3642 1461 qua:

2060 1473 2115 1528 in
2164 1475 2430 1545 judicium
2480 1479 2725 1537 defertur
2784 1484 3120 1548 examinent,
3182 1498 3252 1538 ne
3298 1484 3352 1538 in
3413 1485 3644 1539 crimine

2058 1579 2349 1625 accusatus
2371 1572 2661 1641 episcopus
2687 1575 2912 1638 haereat.
2936 1577 2987 1631 id
3016 1587 3119 1641 est,
3146 1591 3216 1631 ne
3230 1575 3358 1629 dum
3389 1575 3641 1644 ambigua

2057 1657 2177 1730 ejus
2210 1663 2527 1720 innocentia
2561 1674 2666 1733 est,
2701 1676 2964 1737 tanquam
2998 1668 3336 1723 accusationi
3369 1667 3639 1723 obnoxius

2058 1756 2323 1825 irPopulo
2371 1760 2458 1813 cui
2505 1768 2700 1830 praeest
2737 1762 3097 1833 despiciatur.
3149 1761 3478 1833 Presbytero
3505 1773 3639 1813 vero
3687 1793 3705 1810 .

358 1843 529 1913 μένου
564 1840 626 1907 ἐξ
650 1844 948 1897 ἐπίσκοποι
975 1843 1199 1897 δικάσαι
1229 1842 1554 1914 ἀρκέσουσι.
1588 1839 1867 1894 Διακόνων
1891 1838 1950 1893 δέ

2057 1848 2109 1903 in
2142 1849 2406 1920 judicium
2437 1866 2632 1910 vocato
2673 1870 2771 1911 sex
2793 1855 3038 1925 episcOpi
3095 1852 3363 1923 judicium
3417 1851 3633 1908 satisfao

354 1941 438 2001 εἰς
472 1937 730 2002 ἐξέτασιν
773 1937 974 2005 ὁμοίαν
996 1935 1167 2008 τριῶν
1216 1936 1537 1991 ἐπισκόπων
1560 1931 1747 2002 ,ἱκανὴ
1792 1931 1950 1985 ἔσται

352 2030 681 2098 διάγνωσις.
721 2028 914 2083 Ἔοικε
944 2030 1001 2083 δὲ
1055 2032 1083 2083 6
1112 2027 1297 2084 κανὼν
1351 2021 1507 2091 οὗτος
1564 2024 1951 2082 ἐναντιοῦσθαι

352 2125 433 2193 τῷ
465 2123 512 2176 δ’
532 2122 729 2176 κανόνι
757 2122 861 2191 τῆς
890 2122 951 2175 ἐν
988 2121 1295 2193 Ἀντιοχείᾳ
1317 2119 1538 2175 συνόδου
1562 2135 1578 2151 ·
1606 2119 1665 2181 ὃς
1688 2118 1816 2181 τοὺς
1849 2117 1952 2189 μὲν

360 2216 704 2278 ἐπισκόπους
734 2216 841 2269 ὑπὸ
873 2215 1112 2269 συνόδων
1135 2213 1522 2285 καθαιρεῖσθαι
1555 2229 1713 2283 φησι,
1738 2212 1869 2275 τοὺς
1894 2211 1953 2266 δέ

363 2308 779 2378 πρεσϐυτέρους
808 2308 904 2362 καῖ¹
931 2307 1223 2370 διακόνους
1249 2306 1357 2360 ὑπὸ
1387 2306 1498 2359 τῶν
1535 2306 1683 2359 ίδίων
1721 2303 1954 2358 ἐπισκόυ

358 2420 500 2456 πων.
536 2401 705 2457 Εἴποι
736 2401 792 2454 δέ
823 2419 907 2465 τις
944 2400 1305 2470 συμϐιϐἀζων
1328 2401 1459 2463 τοὺς
1479 2399 1760 2460 τοιούτους
1785 2395 1952 2450 κανόυ

355 2513 457 2558 νας
492 2494 578 2548 ὅτι
608 2495 638 2547 δ
670 2494 774 2565 μὲν
795 2494 900 2565 τῆς
928 2496 989 2547 ἐν
1022 2493 1328 2564 Ἀντιοχείᾳ
1358 2490 1539 2546 κανὼν
1565 2489 1664 2555 τὰς
1692 2490 1953 2561 ζητήσεις

355 2585 469 2639 τῶν
501 2585 862 2655 κατηγοριῶν
896 2586 1010 2639 τῶν
1030 2585 1173 2640 κατὰ
1207 2584 1602 2656 πρεσϐυτέρων
1644 2583 1738 2636 καὶ
1763 2581 1950 2636 διακό-

354 2698 467 2734 νων
505 2679 565 2745 EE
592 2678 776 2750 ἀρχῆς
801 2678 882 2749 τῷ
932 2678 1233 2749 ἐπισκόπῳ
1282 2676 1535 2742 ἀνέθετο,
1588 2675 1832 2745 κάκείνῳ
1863 2672 1953 2728 δέ-

354 2778 503 2825 δωκε
539 2770 889 2841 ψηφίζεσθαι
925 2772 1059 2841 περὶ
1113 2768 1293 2823 αὐτῶν
1319 2785 1333 2801 ’
1365 2773 1395 2824 6
1421 2770 1479 2823 δέ
1514 2766 1705 2839 παρὼν
1741 2765 1950 2829 κανὼν,

356 2870 408 2918 εἰ
441 2868 470 2916 ὁ
502 2862 942 2926 καταδικασθεὶς
975 2863 1083 2916 ύπδ
1114 2863 1208 2916 τοῦ
1245 2862 1380 2917 ίδίου
1411 2861 1722 2915 ἐπισκόπου
1778 2860 1952 2914 οῐεται

353 2955 698 3021 ἀδικεῖσθαι,
732 2957 827 3010 ἐπὶ
863 2955 1244 3027 πρεσϐυτέρου
1290 2953 1392 3023 μὲν
1417 2952 1478 3017 ἐξ
1506 2952 1846 3015 ἐπισκόπους
1869 2949 1953 3003 δίει

354 3051 493 3104 εωσι
525 3048 930 3121 διαγνώμονας,
954 3050 1046 3104 ἐπὶ
1067 3049 1123 3102 δὲ
1152 3049 1617 3119 διακόνουςτρεῖς.

352 3229 589 3288 ᾹΡῚΣΤ.
656 3245 675 3282 ι
725 3229 1062 3285 Ἑπίσκοπον
1099 3226 1463 3298 ἐγκληθέντα,
1499 3224 1597 3282 ἐὰν
1649 3223 1726 3296 μή
1766 3220 1950 3279 τελεία

435 3348 456 3381 ι
500 3326 747 3389 σύνοδος,
773 3324 910 3388 τέως
949 3324 1160 3379 δώδεκα
1210 3320 1573 3391 ἐπιτηροῦσιν
1613 3318 1949 3374 ἐπίσκοποι·

430 3440 453 3474 ι
496 3420 597 3474 καὶ
628 3416 1003 3487 πρεσϐύτερον
1036 3415 1115 3480 ἐξ,
1149 3415 1243 3469 καὶ
1272 3416 1300 3468 ὁ
1324 3414 1456 3476 ἴδιος
1482 3429 1498 3445 ο
1552 3411 1648 3465 καὶ
1696 3410 1951 3466 διάκονον

432 3532 454 3564 ε
500 3512 682 3577 τρεῖς.
729 3527 749 3559 ι

427 3604 543 3660 Τδν
594 3604 1084 3672 κατηγορούμενον
1129 3600 1431 3651 ἐπίσκοπον
1462 3596 1583 3651 δέον
1628 3600 1735 3649 sub
1763 3595 1952 3664 πάσης

364 3696 656 3770 κρίνεσθαι
702 3695 802 3763 τῆς
842 3692 1107 3747 συνόδου·
1139 3692 1185 3744 εί
1216 3690 1272 3744 δέ
1306 3689 1517 3751 πάντας
1568 3690 1628 3742 οὐ
1676 3689 1954 3742 συνελθεῖν

363 3790 619 3851 δυνατδν,
677 3786 829 3857 παρὰ
890 3783 1101 3838 δώδεκα
1153 3784 1215 3836 τὸ
1269 3782 1555 3852 ἐλάχιστον
1631 3782 1952 3835 ἐπισκόπων

357 3880 647 3953 κρίνεσθαι
675 3894 690 3909 ⁸
737 3879 832 3931 τὸν
883 3878 942 3932 δέ
984 3875 1363 3947 πρεσϐύτερον
1421 3875 1574 3944 παρὰ
1622 3874 1704 3938 ἓξ,
1731 3876 1824 3926 καὶ
1856 3876 1951 3926 τὸν

354 3976 609 4029 διάκονον
635 3968 791 4041 παρὰ
810 3967 981 4039 τριῶν
1006 3982 1024 3999 ·
1056 3967 1371 4037 ὀφείλοντος
1419 3968 1680 4021 ἐπέκεινα
1712 3968 1809 4019 καὶ
1854 3964 1951 4018 τοῦ

354 4063 493 4117 ἰδίου
528 4063 643 4116 τῶν
673 4061 1169 4131 κατηγορουμένων
1196 4060 1499 4113 ἐπισκόπου
1547 4060 1945 4131 συμπαρεῖναι,

349 4158 452 4210 καὶ
485 4152 870 4221 συνεξετάζειν
891 4154 991 4216 τὰς
1020 4150 1145 4205 κατ’
1173 4151 1354 4206 αὐτῶν
1382 4151 1674 4215 αίτιάσεις.

913 4243 1158 4299 ΚᾹΝΩΝ
1208 4243 1309 4297 η’.

356 4360 376 4393 ι
430 4340 574 4408 Περὶ
598 4337 695 4392 τοῦ
732 4339 806 4409 μὴ
837 4338 1040 4403 ἐξεῖναι
1072 4339 1374 4392 ἐπίσκοπον
1405 4339 1453 4391 εί
1484 4337 1558 4409 μὴ
1588 4339 1694 4393 ὑπὸ
1732 4337 1951 4392 πολλῶν

426 4452 449 4485 ε
492 4433 928 4504 χειροτονεῖσθαι
950 4447 965 4462 ·
1004 4432 1053 4484 εί
1081 4431 1139 4485 δέ
1171 4433 1387 4501 ἀνάγκη
1424 4430 1677 4501 γένηται,
1709 4433 1803 4484 κα)⁸
1844 4430 1953 4484 ὑπὸ

2056 1944 2225 1999 cient.
2262 1945 2453 2001 Trium
2489 1961 2656 2018 porro
2685 1951 3073 2019 episcoporum
3120 1947 3361 2018 cognitio
3402 1946 3635 2001 diacono

2055 2051 2276 2092 causam
2301 2038 2500 2094 dicenti
2534 2040 2784 2095 sufﬁciet.
2818 2038 3050 2094 Videtur
3089 2048 3268 2093 antem
3321 2037 3410 2092 hic
3457 2050 3631 2090 canon

2055 2139 2256 2197 quarto
2310 2131 2665 2187 Antiocheam
2696 2133 2890 2205 synodi
2926 2132 3123 2187 canoui
3182 2142 3506 2198 repugnare.
3540 2127 3634 2181 Ille

2056 2221 2329 2291 siquidem
2366 2223 2685 2291 episcopum
2733 2237 2763 2276 a
2814 2222 3063 2294 synodo,
3107 2219 3459 2290 presbyteros
3511 2229 3641 2268 vero

2054 2323 2111 2368 et
2139 2314 2395 2369 diacanos
2427 2328 2455 2366 a
2486 2326 2589 2369 suo
2615 2329 2886 2385 quemque
2914 2314 3172 2384 episcopo
3210 2309 3411 2379 deponi
3440 2307 3639 2363 debere

2056 2401 2313 2459 afﬁrmat.
2370 2401 2677 2475 Utrumque
2746 2413 2927 2460 tamen
2984 2406 3089 2459 hoc
3148 2412 3308 2473 pacto
3364 2400 3635 2470 quispiam

2054 2496 2414 2564 conciliabit;
2455 2498 2931 2553 utAntiocltenum
2954 2511 3222 2552 canonem
3256 2509 3377 2564 qua:
3404 2491 3640 2547 crimina

2055 2589 2394 2661 presbyteris
2427 2600 2522 2645 aut
2555 2592 2802 2647 diaconis
2845 2591 3202 2662 objiciuntur.
3226 2603 3418 2644 eorum
3448 2585 3639 2640 crimi-

2058 2699 2186 2738 num
2219 2684 2554 2754 qutestiones
2604 2685 2785 2755 primo
2841 2684 2908 2737 ad
2962 2683 3278 2752 episcopum
3335 2679 3638 2750 pertinere,

2057 2776 2233 2845 deque
2262 2776 2332 2830 iis
2359 2776 2632 2831 statuendi
2658 2790 2826 2845 penes
2857 2775 3014 2831 illum
3039 2774 3356 2829 facultatem
3379 2786 3502 2826 esse
3540 2784 3640 2824 vo-

2059 2870 2274 2925 luisse:
2305 2870 2470 2939 hujus
2506 2884 2636 2924 vero
2676 2871 2901 2925 canonis
2943 2867 3360 2931 constitutione,
3409 2865 3453 2919 si
3515 2863 3639 2932 quis

2059 2958 2270 3028 injuste
2319 2973 2380 3014 se
2431 2960 2499 3014 ab
2557 2960 2818 3029 episcopo
2846 2974 2949 3015 suo
2981 2962 3298 3013 damnatum
3340 2964 3638 3026 qumratur,

2058 3050 2379 3123 presbytero
2408 3051 2627 3119 quidem
2653 3067 2771 3116 sex,
2795 3052 3027 3106 diacono
3053 3066 3185 3106 vero
3218 3061 3330 3105 tres
3351 3048 3639 3119 episcopos

2060 3157 2239 3198 causas
2271 3144 2579 3211 cognitores
2606 3144 2906 3213 praeﬁnitas
2935 3158 3055 3199 esse
3081 3141 3354 3197 defendat.

2056 3235 2219 3309 527
2253 3233 2479 3292 ARIST.
2515 3255 2535 3289 ι
2576 3236 2903 3307 Episcopum
2932 3238 2983 3290 in
3013 3253 3101 3304 jus
3140 3244 3417 3299 vocatum,
3456 3233 3503 3289 si
3529 3248 3637 3287 non

2135 3349 2154 3383 ι
2185 3330 2254 3386 sit
2288 3330 2525 3401 perfecta
2576 3330 2837 3402 synodus,
2869 3329 3153 3383 duodecim
3185 3327 3469 3381 minimum
3523 3326 3640 3394 epi—

2131 3441 2153 3475 ‹
2184 3423 2333 3492 scopi
2361 3424 2689 3490 observant;
2738 3435 2792 3477 et
2833 3422 3227 3492 presbyterum,
3288 3434 3383 3475 sex
3418 3424 3471 3473 et
3510 3433 3640 3488 pro-

2131 3535 2151 3568 ε
2191 3516 2378 3585 prius;
2409 3525 2463 3571 et
2495 3515 2808 3581 diaconum,
2842 3525 3017 3570 trcsn

2127 3607 2456 3679 Episcopum
2491 3610 2580 3677 qui
2612 3618 2901 3663 accusatur
2930 3622 2958 3660 a
2993 3616 3104 3661 tota
3151 3605 3384 3675 iudicari
3429 3603 3638 3674 synodo

2054 3709 2273 3768 oportet
2301 3718 2318 3755 :
2347 3704 2393 3756 si
2422 3716 2613 3756 omnes
2643 3708 2822 3755 autem
2863 3699 3162 3754 convenire
3188 3713 3293 3753 non
3320 3706 3401 3751 est
3454 3695 3633 3766 possi-

2053 3788 2184 3853 bile,
2239 3803 2269 3842 a
2329 3788 2613 3843 duodecim
2690 3789 2975 3843 minimum
3034 3787 3307 3856 episc0pis
3352 3786 3635 3856 jndicari;

2053 3877 2431 3946 presbyterum
2465 3876 2713 3931 autem”a
2761 3893 2881 3941 sex,
2920 3888 2975 3932 et
3003 3878 3289 3947 diaconum
3332 3891 3363 3930 a
3412 3878 3586 3932 tribus
3622 3896 3635 3930 :

2054 3975 2109 4022 et
2141 3968 2393 4035 proprius
2423 3967 2646 4036 insuper
2669 3977 3050 4021 accusatorum
3096 3971 3384 4035 episcopus
3433 3968 3632 4022 ibidem

2057 4059 2250 4114 adesse
2275 4059 2457 4126 debet,
2486 4067 2541 4114 et
2591 4060 2967 4114 accusationes
2998 4067 3201 4111 -contra
3237 4072 3332 4111 eos
3374 4058 3513 4113 latas
3555 4058 3636 4113 si-

2058 4151 2172 4206 mul
2200 4152 2537 4207 examinare.

2654 4335 2885 4393 CANON
2916 4336 3056 4392 XIII.

2062 4444 2083 4478 ι
2118 4426 2272 4494 Quod
2307 4442 2412 4483 non
2472 4428 2598 4483 licet
2653 4430 2967 4499 episcopum
3010 4430 3113 4484 nisi
3157 4445 3185 4484 a
3244 4430 3426 4487 multis
3461 4428 3636 4500 eligi:

430 4545 449 4576 ι
495 4524 670 4592 τριῶν
728 4526 756 4577 6
812 4525 1118 4588 ἐπίσκοπος
1185 4522 1622 4595 χειροτονηθείη.
1681 4522 1951 4593 Αὐρήλιος

2135 4540 2156 4574 ι
2192 4522 2278 4577 sin
2311 4532 2493 4577 autem
2538 4537 2762 4578 necesse
2796 4525 2890 4588 sit,
2952 4524 3119 4577 etiam
3159 4525 3244 4577 vel
3274 4538 3301 4576 ιι
3337 4523 3509 4576 tribus
3536 4522 3639 4576 eli-

429 4637 450 4670 ι
502 4616 810 4678 ἐπίσκοπος
849 4611 972 4669 εἷπε
996 4630 1011 4645 ο
1057 4614 1122 4667 Τί
1164 4617 1304 4686 πρδις
1339 4614 1514 4669 ταῦτα
1559 4615 1709 4683 λέγει
1743 4615 1776 4684 ἡ
1811 4616 1952 4683 ύμεσ

431 4730 451 4761 ε
496 4708 641 4776 τέρα
679 4706 998 4775 ἁγιωσύνης
1038 4707 1175 4761 Ἀπὸ
1228 4709 1448 4761 πάντων
1484 4707 1594 4761 τῶν
1636 4709 1956 4761 ἐπισκόπων

427 4822 447 4853 ι
489 4800 733 4869 ἐλέχθψ
767 4798 1008 4867 Ὀερείλει
1055 4800 1187 4870 παρ’
1216 4799 1377 4868 ἡμῶν
1413 4800 1481 4852 τὰ
1510 4797 1803 4870 ὁρισθέντα
1849 4797 1957 4851 ὑπὸ

430 4915 450 4944 ε
497 4885 747 4960 τῶν⁹πρδ
770 4891 930 4962 ἡμῶν
962 4890 1329 4961 φυλαχθῆναι·
1359 4883 1604 4944 ὧντινων
1652 4890 1728 4953 ὼς
1761 4891 1953 4958 ἔτυχεν

429 5007 449 5039 ι
495 4985 828 5055 ἀϐουλήτως
899 4983 951 5036 οἱ
1010 4986 1391 5053 πρωτεύοντες
1451 4983 1553 5052 τῆς
1611 4982 1955 5052 οἱασδήτινος

423 5097 443 5130 ε
489 5077 773 5145 ἐπαρχίας
817 5074 881 5128 οὐ
928 5075 1317 5145 κατατολμῶσι
1343 5074 1593 5145 ἀμελεῖν.
1622 5074 1817 5127 Πολλοὶ
1860 5073 1955 5127 οὖν

427 5188 447 5221 ι
491 5168 798 5221 ἐπίσκοποι
862 5166 1232 5235 συναχθέντες
1285 5166 1590 5219 ἐπίσκοπον
1642 5166 1957 5237 χειροτονή-

427 5281 446 5313 ι
493 5279 690 5315 σουσιν
717 5276 729 5288 ’
767 5261 816 5313 εἰ
843 5260 900 5312 δέ
932 5259 1151 5327 ἀνάγκη
1182 5259 1601 5329 γένηται,τρεῖς
1636 5259 1953 5319 ἐπίσκοποι,

430 5375 449 5406 ε
491 5357 555 5407 ἐν
579 5352 888 5421 οἱῳδήποτε
917 5350 985 5405 ἂν
1014 5351 1166 5420 τόπῳ
1194 5345 1319 5415 ὦσι,
1348 5350 1428 5421 τῷ
1452 5350 1548 5404 τοῦ
1583 5351 1957 5421 πρωτεύοντος

426 5468 443 5498 ε
490 5445 931 5516 παραγγέλματι
965 5446 1447 5515 χειροτονήσουσιν
1479 5444 1575 5498 τὸν
1621 5447 1948 5498 ἐπίσκοπον.

416 5560 434 5588 ε
479 5539 595 5592 Καὶ
622 5537 722 5590 ἐὰν
747 5554 829 5597 τις
866 5534 925 5586 ἐν
952 5552 1061 5587 τινι
1090 5534 1389 5607 ἐναντιωθῇ
1417 5538 1482 5606 τῇ
1532 5535 1641 5606 ίδίᾳ
1685 5536 1952 5605 ὁμολογίᾳ

423 5652 437 5681 ι
480 5631 614 5700 ῆτῇ
652 5629 977 5700 ὑπογραφῇ,
1006 5628 1168 5693 αὐτὸς
1209 5628 1400 5683 ἑαυτὸν
1445 5629 1814 5700 ἀποστερήσει
1855 5628 1956 5697 τῆς

424 5738 442 5766 ε
487 5734 674 5783 τιμης.
707 5734 727 5767 ι

424 5738 442 5766 ε
487 5735 584 5783 τιμ
626 5735 674 5781 ς.
707 5734 727 5767 ι

422 5734 623 5864 Βλλὲ
658 5807 1019 5878 Χειροτονίαν
1078 5809 1312 5863 ἐνταῦθα
1368 5808 1444 5879 μὴ
1471 5809 1570 5879 τήν
1602 5809 1948 5881 χειροθεσίαν

2140 4632 2160 4666 ι
2202 4624 2362 4685 gatur
2419 4615 2731 4684 episcopus.
2802 4616 3052 4671 Aurelius
3112 4617 3400 4685 episcopus
3460 4614 3635 4669 dixit:

2137 4724 2157 4758 ε
2194 4707 2333 4773 Quid
2362 4707 2428 4761 ad
2460 4708 2576 4763 haec
2605 4708 2736 4763 dicit
2773 4716 2949 4762 vestra
2993 4707 3305 4763 sanctitas?
3347 4708 3429 4761 Ab
3462 4706 3640 4760 omni-

2133 4817 2153 4851 ε
2191 4800 2290 4854 bus
2334 4799 2601 4869 episcopis
2660 4801 2864 4855 dictum
2916 4809 3001 4855 est
3049 4816 3064 4854 :
3109 4799 3368 4854 Veterum
3434 4806 3637 4852 statuta

2136 4911 2154 4944 ι
2190 4891 2392 4947 debent
2419 4907 2448 4945 a
2485 4891 2643 4947 nobis
2698 4894 2944 4949 servari:
2977 4906 3098 4963 quae
3146 4893 3363 4961 quidem
3426 4899 3633 4945 temere

2136 5002 2156 5036 ι
2195 4993 2249 5038 et
2305 4982 2628 5050 inconsulte,
2680 4987 2772 5055 qui
2821 4985 2873 5039 in
2905 4983 3096 5053 quavis
3126 4982 3400 5053 provincia
3432 4981 3639 5051 prima-

2137 5096 2156 5128 ε
2190 5087 2300 5131 tum
2362 5076 2629 5139 obtinent,
2689 5091 2801 5132 non
2860 5077 3063 5132 audent
3125 5074 3639 5146 negligere.[Multi

2138 5187 2157 5220 ι
2192 5182 2322 5237 ergo
2378 5170 2685 5238 congregati
2764 5167 3003 5238 episcopi
3051 5168 3367 5238 episcopum
3416 5167 3638 5236 eligeut.

2136 5283 2154 5315 ι
2194 5263 2289 5317 Sin
2320 5260 2831 5315 autemtnecessitas
2895 5261 3197 5323 incumbat,
3232 5269 3345 5315 tres
3373 5259 3637 5329 episcopi,

2137 5374 2159 5407 ε
2197 5355 2249 5408 ἰιι
2322 5367 2651 5424 quocunque
2723 5352 2842 5407 loco
2907 5352 3131 5417 fuerint,
3186 5352 3435 5421 primatis
3480 5351 3634 5421 jussu

2138 5464 2157 5498 ι
2197 5446 2399 5515 eligent
2439 5446 2780 5514 episcopum.
2804 5442 2869 5497 Et
2895 5444 2943 5498 si
2975 5444 3097 5511 quis
3138 5444 3190 5496 in
3226 5444 3407 5511 aliquo
3438 5453 3630 5495 contra

2136 5556 2157 5590 ι
2193 5537 2466 5608 propriam
2506 5536 2908 5593 confessionem
2934 5536 3017 5590 vel
3050 5535 3504 5603 subscriptionem
3555 5532 3635 5586 fe-

2140 5651 2159 5683 ε
2195 5632 2350 5695 cerit,
2380 5629 2495 5700 ipse
2530 5629 2767 5698 seipsum
2800 5629 3009 5684 honore
3035 5627 3291 5698 privabit.

2134 5809 2325 5866 BALS.
2352 5810 2705 5880 Χειροτονιαν
2734 5824 2833 5865 noc
2873 5826 2924 5865 tn
2962 5821 3101 5872 toco,
3137 5821 3240 5861 non
3295 5818 3391 5879 pro
3446 5818 3633 5873 χειροο

3648 5890 3690 5926 χ
