4034 6390
394 308 486 367 83‘

3558 182 3581 201 \

1649 302 1928 362 THEOD.
1978 302 2067 358 BA
2082 300 2382 364 LSAMON
3573 303 3640 363 61

392 417 571 487 θεσῖᾳ,
599 416 653 470 111
690 426 789 475 est.
842 432 1100 470 manuum
1129 416 1472 486 impositique
1507 426 1556 470 et
1597 417 1961 478 ordinatione,

2070 418 2159 468 καὶ
2198 417 2537 486 καθιέρωσιν
2585 417 2820 489 νοήσεις,
2864 416 2998 473 ἀλλὰ
3047 416 3146 490 τήν
3179 418 3381 488 ψῆφον.
3415 415 3540 471 Ὀτι
3581 434 3644 470 τε

392 522 490 561 seu
542 510 950 564 consecratione
1007 511 1364 574 intellexeris,
1402 510 1495 565 sed
1541 525 1640 581 pro
1671 511 1961 565 electione.

392 596 523 651 Nam
561 600 740 653 ethoc
780 615 844 654 ex
878 601 983 655 line
1014 604 1235 659 canonis
1279 603 1602 667 ostenditur,
1646 618 1757 673 quo
1803 610 1965 657 cave-

393 698 501 748 tur,
536 700 593 741 ut
624 690 928 759 deponatur
959 695 1270 765 episcopus,
1328 698 1420 765 qui
1463 706 1650 750 contra
1690 696 1964 765 propriam

391 783 847 848 subscriptionem
900 796 955 841 et
989 788 1383 843 confessionem
1440 790 1653 855 fecerit,
1689 805 1807 858 quze
1832 791 1965 845 sub-

396 876 620 944 scriptio
652 892 757 929 non
797 880 853 936 fit
901 880 966 931 ad
1016 881 1412 935 ordinationem
1448 882 1562 937 sive
1602 885 1965 939 consecratio-

393 978 538 1024 nem,
599 967 692 1022 sed
743 969 808 1021 ad
856 970 1172 1025 electionem
1228 989 1244 1025 :
1306 986 1361 1026 et
1396 976 1544 1043 quin,
1601 992 1727 1029 cum
1754 979 1964 1044 primus

395 1072 570 1111 canon
606 1062 933 1125 apostolicus
971 1075 1169 1120 statuat
1199 1068 1512 1133 episc0pum
1546 1085 1572 1120 a
1609 1069 1818 1123 duobus
1842 1085 1964 1124 esse

392 1149 659 1217 rpiscopis
708 1154 1088 1215 ordinandum.
1123 1157 1166 1211 si
1214 1158 1556 1226 χειροτονίαν
1610 1175 1708 1229 pro
1742 1162 1966 1217 ordina-

397 1238 544 1291 lianc
572 1238 673 1294 hoc
713 1242 763 1294 in
806 1244 922 1296 loco
952 1249 1339 1315 acceperimus,
1392 1251 1534 1305 dicto
1591 1253 1787 1307 canoni
1834 1268 1964 1308 con-

396 1328 562 1381 tralia
626 1332 806 1388 dicere
853 1335 1224 1393 admittemus.
1284 1340 1420 1395 Cum
1471 1354 1651 1397 autem
1700 1360 1873 1400 canon
1931 1345 1965 1400 4

394 1419 584 1486 prima:
639 1420 868 1481 Nicaeum
918 1429 1105 1497 synodi
1150 1431 1337 1498 jubeat
1387 1433 1681 1489 electiones
1728 1437 1795 1489 ab
1848 1453 1967 1491 om-

395 1511 552 1563 nibus
626 1515 1049 1580 provincialibus
1104 1522 1382 1590 constitui,
1455 1525 1537 1579 sin
1602 1534 1779 1580 autem
1861 1529 1967 1583 11οο

399 1603 472 1656 111
501 1604 715 1660 dillirile
745 1616 853 1663 tres
896 1610 1053 1664 simul
1119 1617 1456 1684 congregari,
1487 1617 1714 1685 reliquis
1749 1635 1968 1689 quoque

394 1706 493 1759 per
541 1694 754 1749 litteras
809 1699 1124 1769 suffragium
1180 1702 1497 1768 ferentibus,
1566 1710 1962 1779 metropolitani

393 1783 635 1845 quidam.
663 1795 722 1840 ut
742 1799 825 1842 est
865 1792 1156 1849 verisimile
1185 1795 1304 1865 (eos
1329 1798 1475 1851 enim
1509 1815 1749 1868 praesens
1790 1816 1965 1857 canon

393 1873 652 1939 primates
674 1881 961 1946 provincia:
977 1887 1174 1953 vocat),
1195 1903 1297 1940 non
1323 1889 1687 1946 observabant
1707 1907 1967 1949 canones.

393 1963 548 2022 Unde
608 1981 661 2023 et
701 1988 731 2026 a
780 1971 1027 2029 Patribus
1084 1979 1365 2036 deﬁnitum
1426 1991 1534 2047 est,
1584 1994 1643 2039 ut
1698 2001 1727 2039 a
1785 1987 1968 2041 multis

391 2061 659 2127 episcopis
686 2065 873 2118 fierent
902 2068 1196 2126 electiones
1227 2090 1242 2126 :
1279 2074 1362 2127 sin
1407 2085 1585 2130 autem
1614 2077 1715 2131 hoc
1746 2095 1853 2133 non
1879 2080 1951 2135 sit

393 2149 538 2205 factu
580 2152 759 2219 facile,
819 2163 1124 2216 necessario
1161 2180 1189 2216 a
1240 2166 1431 2227 tribus.
1489 2170 1580 2239 qui
1618 2170 1811 2225 debent
1842 2188 1965 2227 cum

396 2242 621 2299 scientia
655 2256 707 2299 et
757 2252 1111 2314 pennissioue
1146 2258 1303 2320 primi
1353 2273 1447 2313 seu
1481 2264 1883 2330 metropolitani
1912 2265 1964 2318 in

399 2353 720 2407 quocunque
775 2343 893 2395 loco
925 2349 1235 2404 convenire.
1288 2350 1342 2404 Si
1384 2354 1510 2421 quis
1564 2368 1745 2410 autem
1775 2373 1963 2413 eorum

395 2431 485 2496 qui
507 2432 557 2483 in
589 2434 851 2490 electione
880 2439 1131 2508 suﬂragia
1162 2444 1423 2500 dederunt
1462 2458 1647 2502 contra
1694 2452 1964 2518 propriam

397 2521 848 2592 subscriptionem
908 2530 1119 2596 fecerit,
1184 2538 1497 2602 deponetur.
1541 2539 1695 2595 Acin
1734 2542 1817 2598 llis
1844 2544 1966 2611 qui-

395 2614 518 2667 dem
555 2617 805 2672 consistit
865 2638 1058 2679 canon.
1093 2626 1228 2680 Cum
1280 2640 1461 2684 autem
1494 2635 1710 2700 quidam
1763 2647 1966 2690 metro-

395 2706 668 2771 politanus
726 2710 908 2765 fuisset
958 2715 1251 2784 aliquando
1304 2733 1613 2786 accusatus,
1663 2725 1806 2792 quod
1855 2741 1964 2781 non

395 2812 516 2849 cum
575 2800 687 2853 suis
732 2805 1153 2869 provincialibus
1203 2810 1509 2879 episcopum
1560 2814 1834 2884 elegisset,
1870 2819 1963 2872 sed

393 2903 517 2942 cum
558 2895 985 2957 metropolitanis
1012 2939 1028 2963 ,
1081 2901 1169 2968 qui
1209 2902 1258 2953 in
1311 2904 1495 2970 regina
1531 2906 1745 2960 urbium
1782 2922 1966 2961 versa-

395 2980 628 3048 bantur;
664 2985 878 3052 qnidam
924 3001 1243 3057 praesentem
1278 3009 1535 3050 canonem
1563 3014 1660 3066 pro
1704 3015 1771 3055 eo
1796 3001 1966 3055 addu-

392 3072 586 3124 rebant

392 3164 426 3216 4
485 3166 670 3229 prima;
730 3172 915 3240 synodi
970 3170 1202 3229 Nicaeum
1251 3192 1473 3232 necesse
1520 3191 1604 3234 est
1656 3198 1685 3236 a
1745 3186 1964 3252 provine

393 3257 621 3313 cialibus
682 3262 747 3315 ad
790 3263 1071 3317 minimum
1121 3268 1293 3322 tribus
1342 3270 1660 3325 electionem
1716 3275 1859 3340 fieri,
1930 3293 1961 3331 a

396 3355 651 3417 praesenti
697 3362 874 3407 tamen
907 3371 1139 3423 canone,
1176 3361 1267 3427 qui
1321 3371 1402 3417 est
1449 3366 1617 3421 multo
1668 3370 1962 3435 posterior,

400 3445 815 3509 metropolitano
866 3462 1188 3504 concessum
1243 3462 1324 3507 est
1354 3463 1465 3509 tres
1490 3458 1793 3526 episcopos,
1825 3478 1962 3530 quos

395 3538 631 3591 voluerit
676 3555 993 3607 accersere,
1030 3552 1088 3598 et
1139 3559 1235 3611 per
1285 3562 1384 3602 eos
1425 3549 1743 3607 electionem
1786 3554 1966 3611 facere

402 3632 453 3682 in
480 3645 806 3699 quocunque
843 3633 960 3689 loco
995 3636 1244 3701 voluerit,
1280 3648 1335 3693 et
1387 3642 1638 3696 Volebant
1691 3656 1967 3715 metropo-

397 3722 621 3775 litanum
694 3723 826 3777 nulli
910 3728 1316 3794 reprehensioni
1383 3732 1677 3789 obnoxium
1740 3739 1809 3792 ab
1868 3740 1969 3795 hoc

396 3829 606 3868 canone
653 3819 987 3872 conservari.
1038 3818 1341 3894 Audierant
1390 3835 1567 3879 autem
1622 3830 1798 3897 quod,
1836 3846 1971 3898 quo-

398 3907 540 3958 niam
574 3923 814 3973 praesens
847 3925 1018 3964 canon
1067 3912 1199 3964 1111111
1226 3914 1348 3967 novi
1406 3916 1674 3984 decernit,
1715 3920 1813 3974 sed
1846 3938 1967 3991 quae

401 4015 429 4050 a
461 3996 713 4055 Patribus
743 4011 903 4054 antea
938 4002 1158 4058 definita
1219 4016 1384 4069 sunt,
1446 4008 1700 4078 deinceps
1744 4027 1961 4082 quoque

397 4090 663 4142 servanda
699 4092 911 4151 statuit,
936 4092 1132 4146 debent
1166 4098 1407 4159 omnino,
1439 4100 1970 4166 quredeconvocatis

394 4183 666 4251 episcopis
700 4185 973 4249 dicuntur,
1006 4189 1304 4242 secundum
1336 4190 1483 4245 illum
1518 4207 1779 4247 canonem
1817 4196 1973 4250 intelo

399 4274 513 4341 Iigi,
557 4284 610 4328 ct
643 4275 934 4331 electiones
959 4281 1268 4334 necessario
1300 4297 1329 4336 a
1368 4285 1795 4352 provincialibus
1829 4287 1968 4347 fieri.

396 4366 529 4420 illud
567 4377 747 4420 autem
780 4367 831 4421 in
884 4370 1084 4449 quovis
1128 4370 1247 4425 loco
1273 4376 1588 4442 procedere,
1646 4391 1750 4429 non
1814 4377 1971 4431 affert

2066 509 2222 561 τοῦτο
2254 508 2583 578 παρίσταται
2614 510 2722 564 ἀπὸ
2754 509 2848 563 τοῦ
2875 509 3059 573 τέλους
3084 509 3183 563 τοῦ
3214 510 3437 574 κανόνος
3465 511 3639 581 διορι-

2069 596 2298 668 ζομένου
2351 599 2733 669 καθαιρεῖσθαι
2790 600 2881 654 τὸν
2927 603 2993 669 τῇ
3032 599 3141 672 ἰδίᾳ
3195 601 3486 670 ὑπογραφῇ
3545 602 3641 654 καὶ

2067 690 2329 761 ὁμολογίᾳ
2359 691 2769 760 ἐναντιούμενον
2814 691 3132 752 ἐπίσκοπον,
3183 688 3305 762 ἥτις
3346 690 3641 760 ὑπογραφὴ

2067 782 2130 835 οὐ
2165 783 2370 851 γίνεται
2424 784 2502 843 είς
2552 783 2888 854 χειροτονίαν
2935 784 3056 855 ἦτοι
3099 784 3452 852 καθιέρωσιν,
3504 782 3643 837 ἀλλὰ

2066 877 2147 938 είς
2171 875 2352 944 ψῆφον
2377 890 2390 904 ⁸
2430 876 2520 927 καὶ
2569 876 2650 928 ὅτι
2681 875 2777 928 τοῦ
2812 875 3174 929 ἀποστολικοῦ
3221 875 3442 944 πρώτου
3474 873 3638 928 κανόο

2066 983 2156 1028 νος
2229 964 2602 1034 διοριζομένου
2667 965 3096 1036 χειροτονεῖσθαι
3160 965 3457 1016 ἐπίσκοπον
3531 964 3639 1017 ὑπὸ

2066 1058 2384 1112 ἐπισκόπων
2413 1056 2528 1120 δύο,
2559 1057 2721 1126 εἴπερ
2770 1056 3129 1124 ἐκλαὸώμεθα
3158 1057 3257 1125 τὴν
3289 1055 3637 1125 χειροτονίαν

2067 1154 2147 1215 εἱς
2178 1149 2537 1221 χειροθεσίαν,
2561 1148 2807 1216 δόξοιμεν
2830 1149 3011 1216 λέγειν
3044 1146 3265 1201 ἐναντία
3306 1146 3384 1217 τῷ
3417 1147 3640 1215 ῥηθέντι

2066 1242 2274 1295 κανόνι.
2296 1239 2410 1309 ,Τοῦ
2459 1240 2515 1294 δὲ
2573 1241 2615 1292 δ’
2664 1240 2884 1303 κανόνος
2942 1240 3041 1308 τῆς
3073 1240 3131 1291 ἐν
3162 1240 3370 1309 Νικαία
3415 1240 3643 1310 πρώτης

2067 1334 2286 1387 συνόδου
2338 1331 2852 1401 παρακελευομένου
2902 1332 3009 1383 ὑπὸ
3062 1332 3282 1384 πάντων
3316 1332 3423 1385 τῶν
3461 1334 3634 1402 ἐπαρ-

2066 1424 2278 1493 χιωτῶν
2334 1422 2694 1478 καθίστασθαι
2750 1421 2849 1487 τὰς
2898 1422 3151 1491 ψήφους’
3201 1424 3249 1475 εί
3286 1422 3343 1475 δὲ
3376 1423 3639 1492 δυσχερὲς

2064 1514 2224 1568 τοῦτό
2253 1517 2388 1577 ἐστι,
2416 1516 2564 1584 τρεῖς
2608 1516 2703 1568 ἐπὶ
2744 1513 2806 1567 τδ
2855 1514 2990 1567 αὐτὸ
3037 1512 3390 1583 συνάγεσθαι,
3425 1513 3644 1583 συμψή-

2068 1623 2184 1674 φων
2208 1606 2512 1675 γινομένων
2539 1605 2630 1657 διὰ
2653 1606 3002 1674 γραμμάτων
3040 1607 3135 1658 καὶ
3168 1596 3277 1658 τῶν
3305 1604 3531 1667 λοιπῶν,
3561 1604 3639 1671 ὡς

2070 1697 2236 1760 ἔοικε,
2278 1696 2424 1759 τινὲς
2478 1696 2873 1766 μητροπολῖται
2920 1695 3165 1767 (τούτους
3211 1700 3318 1766 γὰρ
3357 1699 3385 1750 ό
3438 1698 3631 1765 παρὼν

2069 1786 2251 1843 κανὼν
2279 1785 2659 1857 πρωτεύοντας
2696 1788 2967 1857 ἐπαρχίας
2991 1787 3167 1853 καλεῖ)
3207 1788 3307 1839 οὐκ
3338 1774 3669 1855 ἐφύλαττον⁵

2067 1880 2136 1934 τὰ
2157 1880 2248 1933 τοῦ
2284 1878 2697 1941 κανόνος.”Οθεν
2715 1881 2807 1931 καὶ
2833 1879 3039 1949 ὡρίσθη
3060 1879 3207 1950 παρὰ
3227 1879 3336 1932 τῶν
3360 1880 3642 1950 Πατέρων,

2070 1969 2175 2023 ὑπὸ
2198 1968 2408 2023 πολλῶν
2437 1970 2759 2023 ἐπισκόπων
2792 1969 3040 2037 γίνεσθαι
3067 1968 3166 2031 τὰς
3194 1970 3413 2039 ψήφους
3443 1987 3456 2002 ο
3492 1972 3541 2024 εί
3586 1971 3645 2024 δέ

2067 2061 2169 2114 οὐκ
2224 2061 2341 2114 ἐστι
2373 2060 2531 2114 τοῦτο
2588 2060 2834 2129 εὐχερὲς,
2885 2060 2946 2127 ἐξ
3000 2060 3245 2128 ἀνάγκης
3298 2060 3402 2112 ὑπὸ
3449 2061 3640 2130 τριῶν,

2069 2151 2394 2220 ὀφειλόντων
2430 2153 2570 2221 μετὰ
2603 2151 2865 2219 είδήσεως
2908 2151 3001 2203 καὶ
3032 2151 3337 2221 ἐπιτροπῆς
3366 2151 3461 2205 τοῦ
3491 2153 3642 2222 πρώ-

2069 2263 2205 2310 του,
2253 2245 2422 2315 ἤγουν
2501 2243 2597 2295 τοῦ
2668 2243 3108 2313 μητροπολίτου,
3166 2243 3531 2313 συνέρχεσθαι
3588 2244 3657 2296 ἐν-

2065 2338 2342 2409 οεῳδήτινι
2392 2337 2564 2406 τόπῳ.
2618 2336 2750 2388 Ἐἰιν
2810 2334 2867 2388 δέ
2919 2353 3006 2398 τις
3071 2335 3180 2387 τῶν
3241 2333 3643 2404 ψηφισαμένων

2070 2432 2367 2499 ἐναντιωθῇ
2403 2432 2466 2500 τῇ
2509 2428 2613 2498 ἰδίᾳ
2652 2428 2942 2498 ὑπογραφῇ
2972 2469 2987 2494 ,
3022 2428 3503 2496 καθαιρεθήσεται.
3536 2427 3648 2480 Kal;

2067 2526 2097 2578 ὁ
2148 2523 2247 2592 μὲν
2298 2520 2477 2574 κανὼν
2529 2523 2587 2573 ἐν
2646 2520 2877 2583 τούτοις.
2919 2522 3074 2584 Τινδς
3135 2521 3193 2574 δὲ
3246 2519 3645 2592 μητροπολίτου

2069 2615 2407 2677 αἱτιαθέντος
2453 2613 2610 2677 ποτὲ,
2638 2615 2714 2677 ὡς
2767 2613 2842 2684 μὴ
2900 2612 3039 2683 μετὰ
3072 2613 3432 2683 ἐπαρχιωτῶν
3478 2613 3646 2666 αὑτοῦ

2068 2706 2449 2776 ψηφισαμένου
2498 2707 2821 2771 ἐπίσκοπον,
2853 2705 2988 2760 ἀλλὰ
3037 2706 3177 2777 μετὰ
3229 2706 3646 2775 μητροπολιτῶν

2067 2799 2367 2866 διαγόντων
2398 2800 2477 2863 είς
2520 2801 2620 2870 τὴν
2645 2802 2752 2854 τῶν
2791 2800 3000 2853 πόλεων
3034 2799 3450 2870 βασιλεύουσαν,
3483 2798 3651 2870 ἐχρή-

2072 2892 2233 2947 σαντό
2261 2911 2428 2959 τινες,
2462 2894 2603 2960 ὑπὲρ
2645 2893 2811 2948 αὑτοῦ
2859 2894 3111 2961 λέγοντες
3148 2894 3226 2963 τῷ
3270 2894 3503 2963 παρόντι
3544 2912 3651 2948 κα-

2069 2985 2182 3038 νόνι
2206 3001 2221 3016 ·
2257 2985 2351 3038 καὶ
2381 2982 2535 3038 εἷπον
2565 2985 2661 3047 ὡς,
2697 2986 2747 3037 εί
2775 2986 2872 3039 καὶ
2909 2985 3016 3039 ἀπο
3048 2985 3143 3040 τοῦ
3193 2987 3234 3040 δ’
3282 2987 3506 3050 κανόνος
3549 2987 3650 3054 τῆς

644 3091 657 3126 :
710 3085 764 3128 et
824 3078 1078 3134 dicebant
1133 3085 1301 3151 quod,
1355 3087 1563 3142 etiamsi
1615 3104 1679 3143 ex
1755 3106 1961 3146 canone

2070 3077 2127 3129 ἐν
2156 3075 2360 3147 Νικαίᾳ
2394 3076 2619 3145 πρώτης
2652 3076 2871 3128 συνόδου
2906 3076 3121 3144 ἀνάγκη
3151 3076 3300 3128 ἐστὶν
3333 3076 3438 3128 ύπο
3471 3078 3645 3146 serap-

2072 3172 2295 3244 χιωτῶν⁵
2327 3172 2387 3224 τὸ
2432 3171 2716 3241 ἐλάχιστον
2747 3171 2918 3241 τριῶν
2961 3170 3062 3235 τὰς
3109 3172 3324 3241 ψήφους
3370 3172 3642 3238 γενεσθαι,

2068 3263 2204 3317 ἀλλὰ
2258 3262 2367 3315 ἀπὸ
2416 3263 2508 3315 τοῦ
2561 3263 2828 3332 παρόντος
2889 3265 3118 3326 κανόνος
3177 3264 3646 3332 μεταγενεστέρου

2069 3352 2219 3415 ὕντος
2250 3352 2468 3419 ἐνεδόθη
2501 3351 2576 3420 τῷ
2626 3352 3000 3422 μητροπολίτῃ
3036 3353 3467 3422 μετακαλεῖσθαι
3498 3356 3653 3423 τρεῖς

2069 3446 2405 3506 ἐπισκόπους
2434 3446 2558 3508 τοὺς
2591 3444 2741 3513 αὐτῷ
2796 3445 3146 3514 βουλητέους,
3181 3447 3273 3497 καὶ
3324 3449 3502 3499 ποιεῖν
3549 3445 3648 3514 τὴν

2069 3538 2252 3606 ψῆφον
2287 3537 2354 3589 δι’
2390 3536 2572 3589 αὐτῶν
2616 3538 2675 3588 ὲν
2716 3537 2814 3605 οἴῳ
2843 3536 2908 3589 ἂν
2939 3537 3089 3606 τόπῳ
3119 3537 3323 3607 θελήσῃ
3349 3553 3364 3568 ’
3396 3538 3492 3589 καὶ
3525 3538 3651 3608 ήοε-

2069 3631 2160 3685 λον
2190 3630 2297 3685 ἀπὸ
2337 3632 2531 3682 τούτου
2571 3628 2667 3682 τοῦ
2709 3629 2936 3691 κανόνος
2977 3630 3368 3683 ἀκαταιτίατον
3406 3629 3499 3682 τὸν
3546 3647 3652 3699 pq-

2072 3721 2400 3792 τροπολίτην
2457 3721 2890 3788 συντηρηθῆναι.
2923 3721 3205 3773 Ἤκουσαν
3250 3722 3306 3774 δὲ
3347 3720 3444 3785 ὡς,
3470 3721 3593 3773 ἐπεὶ
3624 3723 3651 3775 ὁ

2074 3814 2263 3883 παρὼν
2295 3813 2476 3866 κανὼν
2518 3813 2579 3864 οὐ
2624 3812 2744 3864 νέον
2786 3829 2842 3864 τι
2873 3812 3211 3883 θεσμοθετεῖ,
3244 3813 3379 3865 ἀλλὰ
3408 3812 3476 3866 τὰ
3509 3830 3648 3880 προ-

2072 3907 2413 3977 διορισθέντα
2457 3905 2611 3974 παρὰ
2643 3905 2754 3957 τῶν
2790 3906 3052 3974 Πατέρων
3096 3909 3192 3959 καὶ
3243 3905 3441 3974 ἐφεξῆς
3478 3906 3651 3975 διορίο

2074 3999 2227 4064 ζεται
2252 3998 2641 4067 φυλάττεσθαι,
2673 3997 2952 4065 ὀφείλουσι
2982 3998 3198 4059 πάντως
3241 3997 3312 4050 τὰ
3362 4001 3492 4068 περὶ
3538 3998 3647 4049 τῶν

2075 4088 2535 4158 συγκαλουμένων
2591 4089 2911 4141 ἐπισκόπων
2974 4088 3218 4142 νοεῖσθαι
3268 4088 3391 4140 κατ’
3441 4091 3650 4141 ἐκεῖνον

2073 4156 2165 4235 τὸν
2191 4182 2415 4242 κανόνα,
2457 4181 2549 4231 καὶ
2580 4180 2638 4245 ἐξ
2676 4181 2926 4250 ἀνάγκης
2960 4180 3100 4250 μετὰ
3144 4180 3512 4249 ἐπαρχιωτῶν
3554 4182 3651 4243 τὰς

2072 4274 2287 4344 ψήφους
2314 4271 2580 4340 γίνεσθαι.
2619 4272 2694 4324 Τὸ
2721 4272 2777 4325 δὲ
2808 4275 2866 4325 ἐν
2892 4273 3197 4343 οἱφδήποτε
3253 4275 3405 4337 τόπῳ
3439 4272 3652 4342 προϐῆ-

2075 4384 2186 4431 ναι,
2214 4366 2274 4418 ού
2327 4364 2753 4435 προκριματίζει
2794 4367 2895 4432 τὴν
2946 4364 3149 4431 ψῆφον,
3210 4364 3373 4433 μόνον
3416 4364 3653 4430 γινέσθω

400 4458 770 4527 111-11³111111ε111111
823 4444 1095 4527 electioni,
1155 4468 1329 4517 solum
1371 4467 1461 4517 liat
1512 4482 1635 4521 cum
1691 4470 1865 4523 tribus
1900 4472 1966 4523 ad

2079 4459 2217 4529 μετὰ
2259 4460 2572 4512 ἐπισκόπων
2599 4460 2660 4511 τὸ
2690 4457 2973 4526 ἐλάχιστον
3003 4456 3170 4526 τριῶν
3215 4456 3355 4510 κατὰ
3384 4457 3474 4508 τὸν
3506 4473 3652 4526 παρ-

396 4549 679 4602 minimum
751 4551 1069 4619 episcopis,
1138 4555 1292 4618 juxta
1353 4556 1499 4610 hunc
1570 4573 1832 4614 canonem
1886 4571 1962 4624 et,

396 4650 516 4702 quae
548 4635 598 4689 ei
627 4649 1026 4708 consequenter
1053 4641 1282 4707 obtinet,
1333 4648 1801 4703 consuetudinem.
1832 4650 1968 4704 Cum

395 4735 572 4780 autem
607 4743 776 4783 canon
806 4734 1064 4786 decernat
1090 4731 1382 4788 electiones
1409 4736 1521 4788 fieri
1555 4752 1582 4788 a
1635 4737 1808 4792 tribus
1860 4741 1974 4807 epi-

397 4823 603 4889 scopis,
635 4829 677 4879 si
718 4827 789 4880 sit
823 4822 1020 4882 nndtos
1074 4829 1364 4882 convenire
1396 4829 1625 4894 dillicilc,
1662 4834 1970 4903 interroga-

395 4918 537 4972 verit
588 4918 898 4986 quispiam:
931 4919 987 4971 Si
1035 4919 1186 4972 multi
1233 4921 1440 4986 possint
1479 4922 1634 4977 facile
1658 4926 1967 4989 convenire,

395 5009 585 5063 electio
610 5008 994 5076 iulirtuabitur,
1022 5028 1087 5063 an
1111 5012 1256 5065 non?
1276 5011 1500 5068 Salutio.
1529 5014 1657 5080 Qum.
1675 5017 1740 5066 de
1762 5018 1973 5082 episco-

397 5101 448 5167 pi
483 5117 510 5154 a
534 5100 815 5155 duodecim
842 5101 979 5154 facta
1013 5101 1344 5169 depositimie
1372 5121 1530 5175 supra
1563 5106 1728 5177 528
1774 5110 1971 5177 scripta

400 5200 543 5253 sunt,
578 5191 799 5258 quando
836 5192 1023 5260 plures
1071 5204 1317 5259 poterant
1357 5194 1512 5249 facile
1565 5199 1879 5261 convenire,
1909 5201 1971 5252 ad

398 5283 680 5351 praesentis
728 5272 1046 5351 qtuestiouis
1116 5286 1441 5341 solutionem
1489 5288 1784 5347 sulliciunt.
1841 5293 1972 5346 Illud

397 5384 603 5436 autem,
650 5373 703 5427 111
744 5375 933 5443 quovis
996 5378 1139 5441 loco,
1188 5381 1449 5446 scriptum
1490 5391 1594 5445 est,
1628 5391 1848 5452 propter
1879 5399 1973 5437 cos

395 5466 487 5534 qui
545 5466 731 5520 dicunt
785 5468 983 5525 debere
1037 5470 1152 5525 fieri
1200 5472 1555 5527 ecclesiarum
1609 5475 1900 5531 electiones
1944 5491 1971 5529 a

400 5557 814 5626 metropolitano
873 5561 923 5614 in
988 5576 1079 5616 sua
1141 5564 1470 5632 metropoli.
1531 5567 1671 5635 quoi
1753 5567 1971 5635 quidem

403 5661 509 5698 non
547 5658 819 5718 receptum
854 5662 955 5707 est.
987 5652 1161 5710 Locus
1205 5656 1347 5710 enim
1386 5671 1490 5710 non
1550 5659 1828 5713 constituit
1857 5662 1975 5727 epi-

396 5749 647 5805 scopum.
687 5743 779 5794 sed
818 5742 1128 5808 suffragium
1169 5757 1222 5800 et
1273 5748 1567 5802 antistitum
1594 5749 1804 5804 eiectio.
1840 5748 1975 5804 Nota

2073 4554 2199 4605 όντα
2243 4555 2464 4613 κανόνα,
2517 4554 2613 4606 καὶ
2647 4551 2743 4622 τὴν
2776 4551 3087 4612 ἀκολούθως
3114 4550 3305 4601 τούτου
3340 4549 3651 4619 κρατοῦσαν

2078 4645 2389 4714 συνήθειαν.
2420 4644 2528 4697 Τοῦ
2578 4644 2634 4695 δὲ
2664 4643 2888 4704 κανόηιος
2923 4641 3299 4709 διοριζομένου
3347 4641 3453 4694 ὑπὸ
3482 4641 3652 4710 τριῶν

2072 4736 2394 4789 ἐπισκόπων
2419 4736 2519 4797 τὰς
2560 4734 2777 4803 ψήφους
2815 4733 3085 4800 γίνεσθαι,
3125 4731 3288 4801 εἴπερ
3315 4734 3432 4785 ἐστὶ
3463 4733 3653 4803 δυσχε-

2078 4828 2165 4897 ρὲς
2198 4826 2429 4887 πολλοὺς
2460 4825 2760 4885 συνελθεῖν,
2794 4826 3059 4895 ἐρωτήσει
3110 4843 3218 4887 τις,
3254 4828 3350 4878 ἐὰν
3395 4826 3653 4896 εὐχέρειά

2075 4923 2191 4973 ἐστι
2223 4918 2450 4981 πολλοὺς
2505 4917 2804 4980 συνελθεῖν,
2842 4917 3265 4987 ἀκυρωθήσεται
3312 4917 3345 4985 ἡ
3390 4916 3650 4987 ψῆφος,ἥ

2073 5011 2165 5075 οὓς
2200 5011 2393 5076 Λύσις
2449 5008 2529 5062 Τὰ
2557 5007 2761 5060 ἄνωθεν
2789 5009 3070 5078 γραφέντα
3116 5007 3244 5075 περὶ
3275 5006 3652 5072 καθαιρέσεως

2077 5103 2375 5157 ἐπισκόπου
2458 5101 2759 5170 γενομένης
2836 5099 2987 5169 παρὰ
3041 5098 3245 5151 δώδεκα
3313 5100 3651 5164 ἐπισκόπων,

2078 5200 2204 5252 ὅταν
2248 5198 2494 5266 ὑπῆρχεν
2542 5196 2767 5264 εὐχερὲς
2802 5194 2899 5246 καὶ
2942 5192 3164 5255 πλείους
3210 5193 3505 5257 συνελθεῖν,
3549 5194 3653 5263 ἀρ-

2077 5291 2264 5345 κοῦσιν
2309 5291 2388 5352 εἰς
2434 5288 2731 5354 ἀπολογίαν
2775 5285 2869 5337 τοῦ
2902 5288 3169 5353 παρόντος
3200 5284 3537 5353 ζητήματος,
3592 5284 3653 5337 τὸ

2076 5384 2153 5444 δέ,
2191 5383 2249 5435 ἐν
2272 5381 2572 5452 οἱῳδήποτε
2617 5378 2791 5446 τόπῳ,
2825 5376 3139 5447 γέγραπται
3197 5376 3285 5429 διὰ
3315 5378 3443 5439 τοὺς
3473 5375 3652 5445 λέγονο

2078 5492 2196 5537 τας,
2225 5476 2463 5544 ὀφείλειν
2508 5472 2607 5534 τὰς
2640 5471 2857 5541 ψήφους
2900 5468 3010 5522 τῶν
3049 5468 3364 5539 ἐκκλησιῶν
3411 5469 3654 5537 γίνεσθαι

2083 5564 2237 5636 παρὰ
2279 5564 2375 5618 τοῦ
2404 5560 2807 5635 μητροπολίτου
2844 5560 2925 5622 είς
2961 5559 3062 5629 τὴν
3090 5561 3213 5612 κατ’
3248 5559 3411 5612 αὐτὸν
3446 5560 3653 5630 μητρό-

2079 5659 2258 5723 πολιν,
2284 5658 2420 5724 ὅπερ
2446 5657 2549 5708 οὐκ
2584 5652 2798 5724 ἐδέχθη.
2830 5653 2965 5706 οο)δέ
3016 5652 3122 5724 γὰρ
3151 5654 3179 5706 ὁ
3212 5652 3378 5716 τόπος
3421 5651 3653 5722 καθιστᾷ

2082 5752 2175 5805 τὸν
2207 5749 2561 5809 νὲπίσκοπον,
2616 5745 2754 5800 ἀλλὰ
2801 5746 2833 5809 ἡ
2876 5745 3054 5810 ψῆφος
3104 5744 3198 5799 καὶ
3226 5745 3258 5808 ἡ
3285 5743 3517 5809 ἐπιλογὴ
3547 5744 3653 5798 τῶν
