4034 6402
412 362 493 427 Ὁ5

1458 353 1542 413 ΙΝ
1571 353 1738 414 CAN.
1781 350 1931 412 XIII
1970 351 2176 414 CONC.
2209 352 2592 412 CARTHAG.
3609 357 3680 419 66

423 477 750 549 ἀρχιερέων.
808 473 1129 546 Σημείωσαι
1184 471 1243 526 δὲ
1288 470 1386 525 καὶ
1442 469 1553 524 ἀπὸ
1584 467 1683 523 τοῦ
1733 467 2004 538 παρόντος

2117 479 2235 536 ergo.
2259 474 2421 519 etiam
2455 479 2521 520 ex
2556 466 2659 520 hoc
2699 479 2932 533 canone,
2963 468 3107 537 quod
3139 467 3343 539 primas
3400 469 3517 526 sive
3564 487 3681 527 me-

422 568 650 630 κανόνος
696 567 781 619 ὅτι
837 567 867 618 ό
906 562 1230 634 πρωτεύων,
1280 560 1446 630 ήγουν
1487 562 1516 612 ὁ
1572 557 2001 628 μητροπολίτης,

418 663 521 713 οὑκ
570 657 779 726 ὀφείλει
834 653 1238 725 παρουσιάζειν
1287 654 1367 714 είς
1418 651 1517 714 τὰς
1567 650 1809 720 ψήφους,
1865 648 2006 702 ἀλλὰ

423 754 578 823 μόνοι
627 752 678 803 oi
726 747 1046 802 ἐπίσκοποι.
1076 745 1140 798 Τί
1169 746 1246 809 δὲ,
1279 745 1378 797 ὲάν
1432 760 1515 805 τις
1545 742 1656 795 τῶν
1686 739 2007 810 ψηφισαμέ-

417 862 528 897 νων
583 838 887 909 ἐναντιωθῇ
936 842 1001 908 τῇ
1054 838 1233 907 οἰκείᾳ
1288 836 1607 905 ὑπογραφῇ,
1665 832 2005 886 ἀπεντεῦθεν

417 933 915 1000 καθαιρεθήσεται,
946 935 980 999 ἢ
1012 933 1150 995 μετὰ
1179 927 1511 995 δοκιμασίαν
1557 925 1653 976 καὶ
1700 922 2004 991 ἀποτυχίαν

416 1015 494 1071 ὧν
528 1020 883 1088 προστίθησιν
911 1034 926 1081 ;
959 1016 1173 1079 Λύσις.
1201 1015 1263 1066 Εἰ
1294 1013 1391 1082 μὲν
1440 1011 1752 1083 ἐκληφθῶσι
1791 1011 1861 1063 τὰ
1908 1011 2007 1081 ῥή-

420 1129 575 1181 ματα
600 1111 695 1162 τοῦ
725 1108 953 1171 κανόνος
984 1110 1063 1169 είς
1096 1107 1156 1158 τὸ
1203 1106 1591 1173 ἐπιγινώσκειν
1642 1104 1745 1174 μὲν
1780 1103 1871 1156 τδν
1900 1106 2005 1172 ψη-

420 1203 733 1271 φισάμενον
767 1203 867 1271 τὴν
914 1199 1126 1251 οίκείαν
1155 1198 1505 1268 ὑπογραφὴν,
1538 1197 1719 1263 λέγειν
1760 1195 1815 1247 δὲ
1867 1195 2007 1263 μετὰ

414 1295 597 1348 ταῦτα
648 1293 843 1361 μαθεῑν
874 1291 929 1344 τί
962 1290 1173 1344 κωλύον
1205 1290 1299 1342 τὸν
1350 1287 1693 1358 ψηφισθέντα
1752 1289 1832 1349 είς
1883 1289 2007 1338 ὲπι-

417 1385 693 1439 σκοπικὸν
738 1384 1024 1453 προελθεῖν
1055 1381 1295 1449 ἀξίωμα,
1328 1380 1504 1442 ἄλλως
1558 1380 1620 1432 οὑ
1668 1377 2008 1448 καθαιρεθή-

416 1492 602 1537 σεται,
633 1476 684 1525 εί
746 1472 823 1543 μὴ
855 1475 983 1542 περὶ
1034 1471 1132 1533 τὰς
1182 1470 1487 1533 ἀποδείξεις
1539 1469 1821 1539 ἀτονήσει.
1853 1470 1913 1521 El
1945 1469 2003 1521 δὲ

416 1566 672 1635 ὶκληφθῇ
706 1565 740 1635 ή
772 1564 1090 1624 ἐναντίωσις
1131 1562 1231 1630 τῆς
1264 1559 1592 1630 ὑπογραφῆς
1624 1562 1704 1624 είς
1750 1560 2004 1628 ἄρνησιν,

414 1659 625 1726 ταύτης
652 1657 1016 1725 ὲλεγχομέιου
1044 1653 1137 1706 τοῦ
1169 1654 1495 1723 πράγματος
1535 1652 1623 1704 διὰ
1658 1652 2008 1721 συγκρίσεως

414 1752 530 1804 τῶν
553 1750 927 1821 γραμμάτων,
953 1748 988 1817 ἢ
1035 1747 1211 1808 ἄλλως
1266 1764 1403 1810 πως,
1438 1744 1772 1799 ἀπεντεῦθεν
1808 1744 2005 1797 καθαιο

2110 558 2464 625 tropolitanus
2495 572 2599 611 non
2633 559 2794 613 debet
2835 560 3099 615 interesse
3146 562 3418 625 electioni,
3446 565 3538 617 sed
3576 565 3680 620 soli

2106 647 2364 714 episcopi.
2397 648 2534 714 Quid
2569 663 2719 715 vero,
2772 651 2817 704 si
2848 651 2971 719 quis
3026 667 3213 706 eorum
3244 655 3334 723 qui
3397 656 3679 725 elegerunt

2108 754 2218 792 sum
2255 740 2642 809 subscriptioui
2671 743 3085 807 contradixerit,
3122 759 3261 797 eone
3292 746 3409 811 ipso
3434 746 3681 814 depone-

2114 839 2222 893 tur,
2258 845 2325 883 an
2360 840 2481 899 post
2511 833 2968 887 examinationem
3002 875 3017 897 ,
3053 850 3174 888 cum
3225 850 3287 890 ea
3324 853 3445 907 quae
3488 853 3685 909 propo-

2068 968 2072 971 .
2104 923 2187 974 nit
2215 922 2446 990 probare
2466 938 2576 977 non
2602 924 2810 992 possit?
2842 923 3069 979 Salutio.
3108 926 3162 979 Si
3208 929 3433 981 cananis
3463 930 3682 993 quidem

2109 1017 2275 1071 verba
2309 1027 2529 1087 accepta
2555 1019 2757 1074 fuerint
2791 1007 2857 1074 ad
2893 1023 3016 1086 hoc,
3049 1032 3107 1075 ut
3138 1023 3184 1075 is
3224 1024 3312 1091 qui
3356 1025 3517 1094 elegit
3554 1039 3682 1093 pro-

2110 1109 2282 1178 priam
2318 1109 2782 1179 subscriptionem
2807 1115 3255 1181 aguoscat,dicat
3279 1122 3460 1168 autem
3495 1126 3683 1183 postea

2108 1215 2168 1254 se
2201 1202 2482 1270 accepisse
2537 1203 2763 1271 aliquid,
2795 1205 2938 1274 quod
2973 1216 3120 1260 vetet
3171 1208 3465 1273 quominus
3491 1206 3558 1269 is,
3588 1207 3683 1275 qui

2107 1293 2313 1347 eleotus
2333 1308 2438 1358 est,
2470 1296 2537 1348 ad
2589 1296 2904 1365 dignitatem
2955 1298 3312 1365 epismpalem
3357 1299 3684 1367 provehatur

2111 1401 2218 1440 non
2245 1387 2380 1440 alias
2414 1388 2732 1456 deponetur,
2766 1404 2928 1457 quam
2957 1390 3002 1443 si
3059 1390 3111 1443 in
3145 1378 3555 1458 probationibus
3590 1391 3685 1444 de-

2112 1477 2319 1530 fecerit.
2350 1476 2458 1531 Sed
2490 1478 2535 1529 si
2564 1478 2985 1547 subscriptionis
3033 1480 3392 1535 contradictio
3433 1496 3530 1548 pro
3564 1480 3684 1547 ejus

2111 1567 2397 1633 negatione
2428 1577 2652 1635 accepta
2676 1567 2863 1629 fuerit,
2895 1582 2956 1621 re
2994 1582 3090 1635 per
3141 1568 3445 1621 litterarum
3478 1569 3681 1636 proba-
3774 1580 3782 1587 '

2111 1655 2337 1720 tionem,
2394 1658 2476 1711 vel
2533 1659 2717 1727 aliquo
2766 1658 2875 1712 alio
2933 1659 3091 1712 modo
3139 1660 3416 1720 convictu,
3462 1673 3530 1713 eo
3565 1659 3681 1727 ipso

2113 1750 2436 1817 deponetnr.
2470 1748 2607 1803 Nota
2638 1764 2766 1818 ergo
2809 1762 3132 1818 prasentem
3176 1764 3462 1814 cntionem,
3497 1753 3586 1820 qui
3616 1752 3684 1806 de

418 1817 743 1912 ρεθήσεται.
797 1840 1113 1908 Σημείωσαι
1172 1836 1265 1890 οὖν
1332 1839 1425 1889 τὸν
1496 1836 1743 1906 παρόντα
1803 1836 2004 1890 κανόνα

2117 1838 2532 1908 subscriptionis
2562 1817 2892 1894 inliciatioiie
2923 1843 3183 1910 loquitur,
3216 1851 3273 1893 ut
3304 1841 3435 1896 tnihi
3463 1817 3686 1912 quidem

416 1934 555 2002 περὶ
613 1932 902 2001 ἀρνήσεως
952 1928 1283 1998 ὑπογραφῆς
1325 1927 1732 1997 διαλεγόμενον,
1773 1928 1849 1990 ὡς
1881 1929 2006 1997 ἐμοὶ

2117 1931 2345 1985 videtur.
2403 1930 2546 2000 Lege
2582 1940 2637 1985 et
2694 1942 2854 2000 caput
2904 1930 2991 1997 75,
3036 1933 3193 2002 primi
3230 1934 3391 1998 tituli,
3431 1932 3525 1987 lib.
3567 1946 3684 1987 χιιι

415 2025 593 2078 δοκεῖ.
631 2021 938 2089 Ἀνάγνωθι
991 2020 1088 2073 καὶ
1130 2022 1430 2089 κεφάλαιον
1475 2027 1546 2074 σε’
1593 2022 1685 2074 τοῦ
1733 2027 1782 2075 α’
1813 2022 2001 2076 τίτλου

2117 2020 2360 2087 Basilic.,
2387 2033 2439 2076 et
2491 2038 2613 2090 cap.
2668 2022 2720 2077 1.
2751 2024 2830 2076 tit.
2863 2023 2917 2077 3.
2965 2024 3206 2091 ejusdem
3236 2024 3378 2088 libri,
3428 2034 3481 2077 et
3511 2034 3682 2077 totum

413 2116 514 2170 τοῦ
565 2114 652 2186 κβ⁹
717 2114 924 2184 βιϐλίου
974 2113 1083 2166 τῶν
1125 2113 1452 2178 Βασιλικῶν,
1488 2116 1583 2167 καὶ
1611 2131 1735 2181 κεφ.
1767 2111 1814 2167 α’
1837 2114 1932 2167 τοῦ
1956 2119 2004 2182 γ’

2117 2114 2192 2166 Lit.
2223 2112 2259 2165 4
2297 2112 2535 2179 ejusdem
2572 2114 2718 2177 libri,
2762 2124 2819 2168 et
2845 2129 2967 2184 cap.
2994 2113 3064 2169 60
3096 2114 3233 2168 tituli
3267 2115 3319 2168 1.
3362 2114 3483 2168 libri
3526 2129 3683 2175 χχιιι,

417 2208 606 2261 τίτλου
636 2206 735 2259 τοῦ
766 2206 932 2258 αὑτοῦ
965 2206 1196 2275 βιϐλίου,
1226 2206 1320 2258 καὶ
1346 2207 1437 2259 τὸν
1471 2207 1591 2258 ὅλον
1628 2207 1668 2257 δ’
1700 2205 1881 2265 τίτλον
1906 2204 2003 2258 τοῦ

2117 2214 2170 2259 et.
2193 2204 2342 2258 dices
2372 2208 2663 2272 quomodo,
2695 2204 2988 2273 aliquando
3010 2206 3223 2274 quidem
3253 2220 3347 2274 per
3380 2207 3683 2259 litterarum

422 2299 589 2352 αὑτοῦ
626 2297 835 2367 βιϐλίου
868 2311 881 2325 ⁸
920 2298 1016 2351 καὶ
1041 2296 1102 2348 τὸ
1134 2295 1174 2360 ξ’
1203 2314 1328 2365 κεφ.
1365 2297 1459 2349 τοῦ
1494 2295 1542 2348 α’
1578 2298 1758 2350 τίτλου
1788 2296 1889 2351 τοῦ
1920 2296 2006 2366 κγ’

416 2389 658 2459 βιϐλίου,
690 2390 787 2441 καὶ
826 2388 1012 2457 μάθῃς
1039 2388 1188 2450 ὃπως
1219 2386 1350 2440 ποτὲ
1399 2387 1498 2455 μὲν
1522 2388 1609 2441 διὰ
1637 2387 2007 2459 ἀντισυγγρά-

417 2500 561 2551 φων,
596 2483 730 2535 ποτὲ
760 2481 817 2534 δὲ
848 2481 935 2533 διὰ
974 2480 1273 2551 μαρτύρων
1308 2481 1623 2549 ὀμνυόντων
1668 2481 1952 2552 ἐλέγχεται
1977 2483 2007 2534 ό

416 2575 763 2643 ἀρνούμενος
808 2570 906 2641 τὴν
953 2571 1165 2624 οίκείαν
1215 2571 1567 2642 ὑπογραφὴν,
1598 2573 1693 2624 καὶ
1741 2574 1825 2625 ὅτι
1860 2572 2007 2640 μετὰ

415 2668 649 2735 ἔλεγχον
673 2666 702 2718 ὁ
733 2665 1091 2734 κατακριθεὶς
1136 2664 1514 2729 ἀναγκάζεται
1553 2664 1778 2732 ποιῆσαι
1804 2664 1882 2734 τῷ
1912 2665 2006 2718 ἅν-

416 2757 614 2825 τιδίκῳ
652 2755 730 2825 μὴ
760 2757 922 2824 μόνον
962 2757 1026 2807 τὸ
1066 2753 1251 2807 ίκανὸν
1281 2755 1375 2807 τοῦ
1414 2754 1811 2825 περιεχομένου
1845 2757 1903 2807 ὲν
1927 2754 2008 2824 τῷ

417 2849 694 2918 ἐγγράφῳ
745 2845 938 2912 ποσοῦ,
969 2844 1106 2899 ἀλλὰ
1154 2847 1251 2899 καὶ
1283 2845 1472 2917 ἕτερον
1521 2847 1801 2899 τοσοῦτον.
1840 2845 1907 2898 Ἦ
1949 2846 2009 2899 δὲ

415 2938 499 3011 οβ’
533 2939 728 3005 Νεαρὰ
755 2938 851 2991 τοῦ
887 2937 1152 3009 βασιλέως
1185 2937 1356 3007 κυροῦ
1389 2938 1619 3000 Λέοντος
1650 2937 1745 2990 τοῦ
1789 2937 2011 2990 Φιλοσό-

419 3051 531 3101 φου
558 3032 862 3103 διορίζεται
884 3033 998 3085 πᾶν
1028 3030 1328 3099 ἔγγραφον,
1367 3031 1425 3083 ὲν
1470 3027 1513 3098 ᾧ
1546 3032 1955 3101 ἐπιγέγραπται
1980 3030 2008 3081 ὁ

416 3128 519 3180 τοῦ
569 3130 758 3196 τιμίου
794 3125 890 3178 καὶ¹
916 3124 1186 3188 ζωοποιοῦ
1235 3123 1472 3194 σταυροῦ
1502 3124 1674 3195 τύπος
1703 3124 1794 3177 διὰ
1826 3126 2009 3193 χειρὺς
2034 3149 2079 3207 c

427 3217 520 3271 τοῦ
581 3217 919 3286 συνθεμένου
972 3216 1128 3283 αὐτὸ,
1175 3215 1320 3283 ἔχειν
1361 3215 1424 3267 τὸ
1472 3215 1693 3285 ἰσχυρὸν
1736 3215 1831 3267 καὶ
1874 3216 2010 3284 ἁμε-

427 3310 739 3371 τάπτωτον,
794 3307 895 3360 κᾶν
973 3308 1073 3359 οὐκ
1151 3296 1269 3358 ἔστι
1339 3306 1852 3376 κατησφαλισμένον
1918 3305 2008 3357 διὰ

420 3398 757 3471 προστίμου.
803 3397 916 3449 Καὶ
970 3395 1245 3463 ἀνάγνωθι
1304 3399 1405 3465 τὴν
1458 3396 1716 3466 τοιαύτην
1764 3396 2004 3466 Νεαρὰν.

423 3492 540 3543 ικαὶ
568 3489 902 3557 συναγαγὼν
935 3490 1053 3541 εἰπὲ
1085 3490 1169 3541 ὃτι
1198 3488 1257 3541 τὸ
1297 3483 1684 3558 καθαιρεῖσθαι
1732 3491 1859 3553 τοὺς
1907 3492 2008 3560 ἁρ-

424 3582 632 3653 ιιερεῖς
668 3579 1040 3649 ἀρνουμένους
1064 3579 1164 3639 τὰς
1194 3579 1251 3631 ὲν
1294 3580 1416 3640 ταῖς
1442 3578 1645 3647 ψήφοις
1679 3578 2007 3648 ὑπογραφάς

423 3674 607 3727 αὐτῶν
665 3672 833 3726 ίδικόν
891 3671 1010 3723 ἐστι
1061 3671 1158 3725 καὶ
1214 3670 1420 3738 ὀφείλει
1449 3674 1673 3739 κρατεῖν
1719 3674 1799 3734 είς
1826 3673 2006 3730 ,τοῦτο

426 3769 518 3819 καὶ
563 3764 734 3836 μόνον
774 3763 835 3815 τὸ
883 3763 1112 3830 φάκτον.
1163 3761 1291 3815 Ἐὰν
1338 3764 1448 3831 γὰρ
1488 3762 1677 3832 ἕτερον
1725 3763 2009 3833 ἔγγραφον

423 3855 597 3909 αὑτοῦ
640 3854 952 3924 ἁρνήσηται
1002 3852 1303 3915 ἐπίσκοπος
1349 3853 1383 3921 ἢ
1433 3852 1717 3921 κληρικὸς,
1761 3853 1834 3915 ὡς
1884 3853 2008 3923 ἐμοὶ

2111 2295 2482 2361 collationem,
2507 2295 2800 2363 aliquando
2833 2306 3015 2349 autem
3069 2311 3164 2365 per
3194 2305 3361 2350 testes
3411 2295 3679 2363 iurantes,

2109 2387 2456 2441 convincitur
2481 2386 2532 2439 is
2552 2388 2643 2454 qui
2677 2397 2838 2454 negat
2865 2387 3137 2455 prepriam
3163 2386 3625 2454 subscriptionem
3664 2402 3678 2438 :

2108 2485 2164 2531 et
2190 2479 2331 2545 quod
2356 2487 2474 2544 post
2497 2478 2892 2545 probationem,
2911 2479 2999 2546 qui
3019 2479 3300 2532 convictus
3318 2487 3423 2540 est,
3448 2478 3683 2545 cogitur,

2111 2585 2217 2625 non
2249 2570 2423 2624 solum
2456 2572 2769 2624 satisfacere
2795 2569 3111 2624 adversario
3133 2570 3199 2624 de
3232 2573 3533 2638 quantitate
3565 2584 3686 2636 qua:

2111 2662 2166 2716 in
2224 2663 2442 2731 scriptis
2495 2664 2827 2727 continetur,
2872 2662 2965 2716 sed
2991 2672 3047 2716 et
3080 2661 3309 2715 alterum
3345 2664 3685 2715 tantumdem

2111 2752 2341 2808 solvere.
2378 2752 2788 2822 Septuagesima
2830 2754 3066 2807 secunda
3099 2763 3279 2806 autem
3341 2752 3688 2820 imperatoris

2113 2844 2317 2898 domini
2347 2844 2544 2898 Leanis
2575 2843 2887 2911 l‘bilosoplii
2922 2844 3129 2897 novella
3160 2845 3389 2907 statuit,
3424 2854 3481 2897 ut
3510 2842 3689 2910 quod-

2113 2951 2326 3005 cunque
2379 2938 2666 3005 scriptum,
2733 2937 2787 2988 in
2848 2951 2955 3004 quo
3020 2936 3337 2990 venerandae
3374 2944 3430 2989 et
3458 2934 3689 2989 viviﬁca‘.

2116 3028 2298 3082 erucis
2333 3028 2502 3096 ﬁgura
2544 3042 2641 3096 per
2663 3042 2882 3081 manum
2918 3028 3037 3096 ejus
3071 3027 3164 3095 qui
3191 3029 3363 3094 ipsum
3385 3025 3692 3093 composuit

2115 3119 2317 3188 scripta
2342 3128 2444 3181 est,
2486 3118 2697 3172 ﬁrmum
2749 3129 2803 3172 et
2832 3117 3169 3172 immutabile
3201 3126 3437 3182 maneat,
3468 3114 3683 3171 etiamsi

2118 3230 2223 3272 non
2249 3216 2321 3272 sit
2363 3216 2664 3286 adjectione
2711 3229 2888 3284 poena:
2947 3218 3236 3270 munitum.
3296 3211 3438 3280 Lege
3475 3225 3691 3282 quoque

2116 3316 2360 3368 eamdem
2390 3312 2676 3366 novellam.
2702 3311 2769 3364 Et
2797 3310 3011 3364 tandem
3043 3308 3330 3369 conelude,
3355 3308 3496 3376 quod
3522 3308 3691 3376 depo-

2117 3404 2170 3457 ni
2202 3404 2474 3457 antiStites
2528 3402 2620 3471 qui
2651 3408 2864 3471 gnegant
2908 3414 3037 3452 suas
3090 3398 3142 3450 in
3171 3396 3528 3451 electionibus
3558 3396 3691 3449 sub-

2118 3495 2466 3563 scriptiones,
2488 3493 2724 3563 speciale
2748 3500 2857 3556 est,
2890 3500 2946 3544 et
2972 3490 3131 3542 debet
3165 3488 3216 3539 in
3258 3486 3360 3541 hoc
3389 3485 3506 3541 solo
3545 3484 3693 3541 facto

2119 3588 2324 3640 valere.
2379 3583 2435 3639 Si
2485 3584 2629 3639 enim
2674 3583 2818 3636 aliud
2867 3596 3023 3635 suum
3085 3579 3346 3646 scriptum
3416 3579 3695 3647 negaverit

2116 3680 2404 3747 episcopus
2426 3676 2510 3730 vel
2540 3675 2792 3736 clericus,
2838 3684 2901 3725 ut
2933 3672 3060 3725 mibi
3104 3672 3335 3735 videtur,
3388 3685 3493 3723 non
3526 3672 3695 3739 depo-

2118 3780 2297 3830 netur,
2321 3778 2379 3822 ut
2400 3767 2790 3836 dicuntaliqui,
2828 3765 2924 3821 sed
2957 3779 3025 3819 ex
3063 3763 3271 3834 legibus
3310 3778 3473 3833 supra
3505 3765 3695 3833 pesitis

2118 3860 2395 3925 punietur.

425 3950 613 4011 δοκεῖ,
666 3949 731 4000 οὐ
799 3947 1308 4018 καθαιρεθήσεται,
1347 3946 1495 4001 καθά
1546 3964 1692 4010 τινες
1770 3947 2052 4016 λέγουσιν,
2126 3952 2264 4006 ἀλλὰ
2317 3954 2460 4008 κατὰ
2504 3957 2640 4031 τοὺς
2695 3957 2903 4011 ἄνωθεν
2956 3930 3447 4029 καταστρωθέντας
3496 3957 3697 4025 νόμους

426 4039 858 4109 κολασθήσεται.

497 4132 752 4188 ΖΩΝΑΡ.
790 4130 849 4183 ’0
881 4132 1144 4199 τέταρτος
1177 4130 1361 4183 κανὼν
1386 4129 1485 4199 τῆς
1516 4130 1574 4183 ὲν
1600 4130 1812 4203 Νικαία
1863 4130 2014 4202 πρώ-

427 4237 531 4292 της
582 4221 809 4275 συνόδου
846 4221 954 4273 ὑπὸ
1003 4217 1222 4273 πάντων
1258 4220 1367 4273 τῶν
1398 4221 1455 4271 ὲν
1492 4222 1558 4290 τῇ
1607 4223 1848 4292 ἐπαρχίᾳ
1892 4224 2015 4274 ὲπι-

429 4315 658 4369 σκόπων
690 4308 1055 4367 καθίστασθαι
1076 4312 1250 4381 ὁρίζει
1284 4313 1608 4366 ἐπίσκοπον.
1638 4313 1701 4365 El
1733 4316 1790 4365 δέ
1815 4330 1897 4376 τις
1928 4314 2014 4383 εἴη

425 4409 748 4479 δυσχέρεια,
778 4408 928 4477 τρεῖς
963 4406 1256 4458 ὲπιτοαυτὸ
1286 4405 1648 4474 συνάγεσθαι,
1700 4406 2012 4476 συμψήφων

2191 4137 2442 4196 ZONAB.
2517 4136 2850 4207 Epise0pnm
2924 4146 3150 4206 quartus
3222 4136 3452 4192 Niczrnae
3506 4136 3696 4206 prima:

2125 4234 2319 4304 synodi
2355 4246 2529 4286 canon
2557 4234 2800 4285 omnium
2839 4231 3133 4301 provincia:
3175 4230 3550 4299 episcoporum
3580 4226 3700 4283 sul-

2126 4324 2299 4392 fragio
2328 4325 2769 4379 consumendum
2801 4337 2925 4378 esse
2948 4323 3213 4378 decernit.
3244 4324 3315 4376 At
3342 4322 3385 4377 si
3413 4322 3703 4391 quonimus

2126 4415 2180 4470 id
2212 4417 2324 4469 ﬁeri
2350 4418 2539 4484 possit,
2563 4429 2725 4471 causa
2750 4414 2934 4484 aliqua
2979 4416 3198 4485 gravior
3242 4413 3551 4480 obstiterit,
3587 4422 3700 4468 tum

428 4501 525 4554 διὰ
578 4498 931 4570 γραμμάτων
984 4502 1079 4550 καὶ
1128 4499 1236 4551 τῶν
1285 4498 1492 4551 λοιπῶν
1539 4500 1870 4568 γινομένων,
1922 4500 2014 4552 καὶ

2126 4522 2258 4561 vero
2295 4515 2406 4561 tres
2433 4507 2597 4560 siinnl
2625 4508 2944 4571 convenire,
2984 4522 3051 4562 ac
3101 4509 3313 4563 caeteris
3349 4521 3446 4575 per
3492 4507 3703 4561 litteras

429 4592 612 4655 οὕτως
638 4593 735 4661 τὴν
788 4592 1127 4661 χειροτονίαν
1168 4590 1435 4659 γίνεσθαι.
1484 4591 1553 4642 Ἃ
1603 4592 1784 4644 τοίνυν
1810 4594 1836 4643 ὁ
1870 4593 2021 4661 εἰρη-

434 4685 606 4753 μένος
636 4682 818 4736 κανὼν
839 4684 1207 4745 διατάτιεται,
1235 4682 1432 4745 ταῦτα,
1463 4684 1629 4751 φασιν
1652 4683 1701 4735 οἱ
1730 4683 1832 4751 τῆς
1862 4684 2022 4735 συνό-

434 4779 532 4832 δου
556 4780 789 4848 ταύτης,
831 4777 946 4829 δεῖν
1000 4775 1368 4845 φυι.αχθῆναι,
1403 4776 1479 4837 ὡς
1522 4774 1814 4843 ὁρισθέντα
1866 4777 2021 4845 παρὰ

431 4869 550 4924 τῶν
602 4870 710 4937 πρὸ
758 4868 1006 4920 ἐκείνων.
1039 4867 1392 4937 Χειροτονίαν
1432 4866 1477 4919 δ’
1537 4866 1776 4919 ἐνταῦθα
1813 4867 1887 4936 μὴ
1927 4867 2024 4936 τὴν

432 4962 789 5035 χειροθεσίαν
820 4962 916 5013 καὶ
946 4958 1285 5029 καθιέρωσιν
1322 4975 1570 5028 νοητεον,
1599 4958 1736 5012 ἀλλὰ
1775 4961 1876 5028 τὴν
1921 4959 2026 5029 ψῆ-

436 5058 679 5127 φον,ῖνα
718 5055 794 5124 μὴ
825 5056 960 5123 δοκῇ
1001 5052 1385 5106 ἐναντιοῦσθαι
1435 5052 1513 5120 τῷ
1580 5054 1781 5121 πρώτῳ
1837 5054 2025 5106 κανόνι

436 5151 550 5204 τῶν
594 5150 766 5214 ἁγίων
816 5147 1166 5209 ἀποστόλων,
1238 5146 1334 5199 καὶ
1390 5145 1496 5197 ὑπὸ
1550 5144 1646 5197 δύο
1701 5147 2025 5198 ἐπισκόπων

438 5242 685 5312 ὁρίζο.τι
728 5240 1157 5309 χειροτονεῖσθαι
1211 5238 1537 5291 ἐπίσκοπον.
1569 5238 1758 5301 Ὅπως
1823 5238 1877 5290 δὲ
1925 5239 2028 5290 οὐκ

439 5334 813 5398 ἐναντιοῦται,
846 5333 1063 5402 εἴρηται
1097 5334 1156 5385 ἐν
1185 5334 1254 5403 τῇ
1289 5332 1549 5403 ἐξηγήσει
1600 5329 1695 5382 τοῦ
1729 5330 1770 5382 δ’
1806 5329 2029 5391 κανόνος

440 5428 543 5495 τῆς
575 5427 635 5478 ἐν
657 5424 869 5495 Νικαία
898 5423 1123 5494 πρώτης
1158 5424 1401 5488 συνόδου,
1437 5424 1474 5478 ἃ
1494 5427 1588 5479 καὶ
1618 5425 2024 5493 ἀναγνωστέον.

446 5520 843 5590 Πρωτιύοντας
890 5515 935 5568 δ’
986 5515 1226 5571 ἐνταῦθα
1272 5517 1383 5570 τῶν
1420 5517 1705 5589 ἐπαρχιῶν
1751 5517 1879 5580 τοὺς
1936 5533 2035 5586 μη-

443 5613 782 5684 τροπολίτας
808 5610 996 5680 φησιν,
1024 5607 1098 5667 ὧν
1133 5612 1584 5683 παραγγέλματι,
1615 5611 1785 5681 ήγουν
1818 5613 2031 5680 ἐντολῇ,

444 5725 811 5783 χειροτονειν,
833 5707 1083 5760 τουτέστι
1130 5707 1493 5778 ψηφίζεσθαι,
1522 5705 1658 5768 ’τοὺς
1699 5704 2035 5767 ὲπισκίπους

450 5806 765 5861 ἐπίσκοπον
794 5800 1169 5854 διατάττεται.
1198 5800 1327 5853 Ἐὰν
1361 5799 1417 5853 δέ
1447 5816 1557 5866 τις,
1601 5798 1756 5869 φησὶ,
1787 5797 1897 5850 τῶν
1924 5797 2000 5866 ψη
2025 5820 2032 5832 ·

2124 4602 2548 4657 assentientibus
2585 4601 2898 4671 episcopum
2927 4602 3139 4656 illorum
3169 4604 3492 4657 auctoritate
3510 4604 3695 4657 erear':

2124 4696 2321 4765 placet.
2361 4695 2494 4762 Qua!
2529 4697 2693 4765 igitur
2742 4697 2834 4752 illo
2885 4712 3092 4751 canone
3143 4697 3594 4766 pra-scribuntur,
3631 4711 3699 4749 ea
3755 4720 3764 4735 ε

2128 4787 2384 4840 nimirum
2416 4802 2446 4841 a
2474 4790 2769 4856 tnajoribus
2794 4798 2998 4843 statuta
3028 4788 3233 4842 servari
3260 4796 3514 4854 Oportere
3544 4786 3705 4856 hujus

2126 4877 2317 4948 synodi
2361 4876 2554 4932 Patres
2589 4877 2878 4931 aﬂirmant.
2929 4876 3233 4931 Creationis
3268 4891 3430 4945 porro
3460 4878 3703 4935 nomine,

2128 4984 2235 5021 non
2297 4982 2552 5021 manuum
2602 4967 2879 5036 impositio
2906 4978 2958 5020 et
2988 4970 3349 5030 consecratio,
3385 4968 3478 5020 sed
3508 4966 3705 5021 electio

2131 5061 2232 5113 hoc
2264 5059 2380 5113 loco
2409 5059 2631 5129 intelligi
2684 5062 2876 5124 debet;
2910 5073 2979 5113 ne
3024 5061 3201 5128 primo
3223 5072 3537 5113 sanctorum
3571 5070 3700 5126 apo-

2129 5154 2392 5205 stolorum
2437 5151 2654 5214 canoni,
2680 5152 2772 5219 qui
2818 5167 2847 5204 a
2879 5150 3087 5205 duobus
3115 5144 3381 5217 episcopis
3408 5148 3703 5204 creandum

2129 5261 2251 5301 esse
2281 5247 2591 5314 episcbpnm
2621 5244 2891 5310 decernit,
2927 5245 3016 5298 bie
3045 5259 3221 5299 canon
3246 5244 3555 5297 contrarius
3578 5256 3703 5297 esse

2131 5339 2494 5391 existimetur.
2521 5334 2657 5388 Nam
2686 5335 2762 5390 illi
2787 5337 3003 5403 quidem
3035 5336 3181 5389 nullo
3214 5336 3372 5390 modo
3404 5333 3701 5397 adversari,

2135 5430 2188 5482 in
2233 5429 2595 5498 explicatione
2645 5426 2874 5480 canonis
2925 5427 2962 5480 4
3017 5425 3244 5480 Nicaeum
3275 5426 3460 5496 prima:
3513 5424 3695 5494 synodi

2137 5520 2674 5586 demonstravimus;
2714 5532 2770 5573 tu
2798 5535 2916 5573 eam
2965 5519 3109 5573 vide.
3165 5517 3433 5572 Primates
3467 5529 3593 5569 vero
3617 5514 3704 5568 hic

2136 5611 2542 5684 provinciarum
2578 5651 2594 5678 ,
2658 5612 3029 5682 metropolitas
3083 5610 3350 5674 nominat,
3407 5620 3704 5676 eorumque

2141 5705 2413 5770 mandato,
2469 5705 2570 5758 hoc
2617 5712 2719 5769 est,
2747 5703 2928 5771 jussu,
2967 5706 3038 5759 ab
3061 5704 3327 5773 episcopis
3390 5698 3704 5761 creandum,

2143 5798 2248 5852 boc
2272 5807 2380 5857 est,
2425 5793 2734 5863 eligendum
2764 5810 2887 5851 esse
2908 5795 3212 5866 episcopum
3243 5791 3506 5848 decernit.
3552 5786 3705 5856 Quod
