4034 6436
394 370 463 431 67
1664 354 1945 416 THEOD.
1980 353 2387 417 BALSAMON
3605 353 3678 414 68

388 481 438 537 si
476 479 623 551 quis,
679 474 882 546 inquit,
921 472 1182 546 suffragio
1227 471 1339 528 lato
1407 479 1596 543 postea
1650 466 1982 526 confessioni

2110 469 2415 540 ρισαμένων
2460 471 2557 527 καὶ
2593 470 2733 543 μετὰ
2775 468 2875 542 τὴν
2908 467 3093 539 ψῆφον
3122 467 3429 540 ἐναντιωθῇ
3458 469 3526 540 τῇ
3566 470 3677 541 tau;

389 590 506 629 suae
531 580 622 625 aut
670 566 1061 637 subscriptioui
1103 565 1428 622 adversatus
1480 563 1669 626 fuerit,
1726 563 1830 618 hoc
1874 569 1980 626 est,

390 681 553 736 quem
585 663 736 733 prius
764 657 1059 729 episcopali
1094 657 1262 725 gradu
1295 659 1518 726 dignum
1566 654 1848 726 suffragio,
1893 653 1982 709 vel

395 760 563 813 etiam
597 754 1024 823 subscriptione,
1049 751 1176 806 dum
1210 752 1277 803 de
1304 764 1373 804 eo
1418 748 1830 813 decerneretur,
1883 748 1982 801 de-

401 846 658 909 claravit,
686 859 820 899 mox
860 844 1086 913 dignum
1140 850 1323 911 negat,
1365 852 1529 910 atque
1555 854 1584 893 a
1619 854 1677 893 se
1708 839 1822 906 ipse
1866 837 1982 893 dis-

391 940 597 1005 sentit;
632 938 748 1003 ipse
788 952 849 991 se
888 935 1087 991 summi
1139 933 1431 988 sacerdotii
1477 934 1683 986 honore
1710 930 1980 1000 privabit,

398 1035 451 1089 id
486 1041 591 1099 est,
621 1029 989 1100 depositione,
1026 1027 1132 1082 nisi
1178 1026 1350 1091 illius,
1374 1039 1536 1096 quem
1571 1032 1816 1088 accusat,
1843 1040 1983 1094 pro-

395 1126 524 1179 bato
554 1124 808 1186 crimine,
843 1119 1324 1177 condemnabitur.

394 1216 563 1287 529
589 1214 818 1270 ARIST.
852 1212 1123 1267 «Primate
1143 1211 1388 1279 iubente,
1414 1210 1578 1264 etiam
1607 1219 1717 1264 tres
1742 1208 1983 1278 episcopi

472 1329 493 1362 ι
530 1311 874 1365 constituunt
897 1309 1236 1376 episcopum.
1271 1304 1337 1359 Et
1386 1306 1482 1375 qui
1514 1319 1628 1360 suae
1648 1304 1983 1359 confessioni

472 1422 491 1455 ι
538 1401 622 1456 vel
686 1399 1075 1469 subscriptioni
1128 1399 1475 1465 adversatur,
1527 1407 1721 1468 suopte
1775 1396 1985 1468 judicio

469 1511 489 1544 ι
530 1492 740 1547 honore
778 1489 1107 1560 privabitur.
1142 1508 1162 1541 ι
1582 1500 1590 1507 ·

467 1584 699 1650 Omnes,
737 1582 786 1639 si
821 1582 939 1637 fieri
967 1591 1166 1651 pateat,
1198 1582 1490 1651 provincia:
1526 1583 1763 1651 episcopi
1807 1581 1988 1636 adsint

396 1691 622 1733 necesse
646 1684 753 1739 est,
801 1674 1020 1745 quando
1091 1674 1146 1728 in
1193 1676 1518 1729 vacantibus
1584 1674 1987 1744 episc0patibus

2084 561 2353 635 ὁμολογίᾳ
2404 564 2438 635 ἢ
2477 567 2545 637 τῇ
2585 564 2907 634 ὑπογραφῇ,
2945 563 3117 633 ἦγουν
3171 561 3268 614 ἐὰν
3315 561 3680 633 ὡμολόγησεν

2084 655 2234 720 ἄξιον
2265 651 2409 709 εἶναι
2441 655 2692 724 γίνεσθαι
2717 653 3042 713 ἐπίσκοπον,
3078 651 3109 721 ἢ
3144 650 3472 720 ὑπέγραψεν
3500 652 3560 703 ὲν
3591 649 3674 720 τῷ

2088 749 2219 817 περὶ
2269 747 2484 802 ἐκείνου
2521 748 2867 818 ψηφίσματι,
2903 743 3098 798 τοῦτον
3147 744 3290 812 μετὰ
3320 742 3499 796 ταῦτα
3538 742 3682 815 λέγῃ

2089 841 2164 913 μὴ
2191 839 2332 896 εἶναι
2370 842 2543 908 ἄξιον,
2576 840 2673 894 καὶ
2698 838 3018 893 ἐναντιῶται
3045 836 3213 900 αὐτος
3251 836 3455 906 ἐαυτῷ,
3478 837 3678 889 ἑαυτὸν

2085 935 2456 1004 ἀποστερήσει
2482 936 2580 1004 τῆς
2625 930 3030 1003 ἀρχιερατικῆς
3058 930 3249 998 τιμῆς,
3283 928 3540 981 τουτέστι
3576 945 3680 981 κα-

2086 1029 2492 1100 θαιρεθήσεται,
2531 1026 2606 1097 μὴ
2633 1025 2962 1086 ἀποδεικνὺς
2990 1024 3053 1076 τδ
3081 1021 3223 1077 κατὰ
3252 1021 3347 1075 τοῦ
3379 1018 3675 1074 διαϐαλλοο

2089 1122 2253 1190 μένου
2285 1120 2434 1173 αἰτία
2444 1137 2542 1190 μα.

2085 1215 2312 1269 ΔΡΙΣΤ.
2407 1232 2426 1265 ι
2491 1211 2599 1265 Τοῦ
2659 1207 3040 1283 πρωτεύοντος
3100 1206 3510 1273 ἐπιτάττοντος,
3568 1209 3671 1261 καὶ

2160 1326 2180 1360 ι
2227 1309 2379 1377 τρεῖς
2413 1304 2708 1359 ἐπίσκοποι
2754 1301 3097 1357 καθιστῶσιν
3129 1299 3437 1354 ἐπίσκοπον
3462 1316 3479 1332 ο
3510 1299 3607 1352 καὶ
3648 1298 3682 1351 ὁ

2163 1417 2182 1450 ι
2226 1400 2292 1469 τῇ
2328 1396 2509 1467 οἰκείᾳ
2549 1394 2814 1465 ὁμολογίᾳ
2849 1393 2883 1465 ἦ
2919 1392 3218 1464 ὑπογραφῇ
3251 1391 3681 1460 ἐναντιούμενος

2155 1511 2176 1545 ι
2220 1490 2434 1545 οἴκοθεν
2466 1489 2579 1554 ἕξει
2608 1489 2666 1542 τὸ
2693 1488 2912 1557 ἄτιμον.
2959 1506 2979 1539 ι

2157 1586 2376 1647 Πάντας
2410 1582 2509 1653 μὲν
2536 1583 2643 1652 χρὴ
2667 1582 2953 1652 παρεῖναι,
2984 1581 3033 1633 εί
3065 1578 3315 1644 δυνατὸν,
3353 1577 3457 1646 τῆς
3496 1578 3680 1651 ἐπαρ-

2089 1680 2213 1752 χίας
2247 1678 2377 1739 τοὺς
2426 1676 2786 1740 ἐπισκόπους,
2823 1674 2914 1727 ὅτε
2948 1672 3138 1740 μέλλει
3177 1668 3442 1742 γενέσθαι
3490 1669 3681 1740 ψῆφος

397 1771 639 1844 episcopi
687 1780 817 1824 sunt
875 1769 1151 1840 eligendi;
1191 1768 1650 1838 quemadmodum
1683 1776 1738 1822 et
1790 1779 1986 1836 quarto

2110 1771 2397 1825 ,πισκόπου
2440 1770 2498 1820 ἐν
2527 1768 2649 1831 ταῖς
2682 1769 3051 1836 χηρευούσαις
3085 1765 3452 1827 ὲπισκοπαῖς·
3492 1760 3683 1825 καθὼς

398 1864 594 1934 synodi
620 1861 862 1918 Nicaeum
893 1863 1089 1928 canoni
1126 1863 1301 1916 visum
1351 1871 1458 1924 est,
1490 1869 1545 1915 et
1578 1860 1985 1915 undevicesimo

2110 1868 2186 1918 ιαὶ
2221 1863 2299 1933 τῷ
2329 1860 2580 1930 τετάρτῳ
2621 1858 2813 1911 κανόνι
2848 1857 2947 1927 τῆς
2977 1858 3037 1909 ὲν
3067 1854 3277 1927 Νικαίᾳ
3321 1853 3545 1907 συνόδου
3589 1852 3683 1905 δο-

399 1950 786 2007 Antiochense.
852 1952 908 2006 Si
960 1953 1064 2007 hoc
1121 1961 1304 2006 autem
1376 1948 1593 2004 difﬁcile
1645 1948 1832 2014 fuerit,
1891 1961 1989 2002 aut

395 2052 616 2112 propter
646 2043 744 2097 viae
793 2042 1211 2112 longitudinem,
1269 2050 1363 2096 aut
1412 2041 1572 2095 aliam
1604 2055 1985 2111 quamcunque

395 2136 808 2202 necessitatem,
858 2147 970 2191 tres
1004 2137 1200 2192 saltem
1244 2136 1397 2207 jussu
1431 2146 1485 2192 et
1533 2136 1806 2191 sententia
1868 2149 1983 2190 me-

401 2229 717 2298 tropolitani
748 2231 831 2284 sui
864 2230 1185 2285 electionem
1209 2228 1433 2294 facient,
1465 2229 1788 2285 absentibus
1819 2230 1985 2283 etiam

396 2332 497 2387 per
544 2320 757 2374 litteras
789 2333 1118 2373 consensum
1164 2334 1321 2373 suum
1354 2318 1742 2387 praebentibus.
1774 2316 1830 2371 Si
1862 2318 1986 2386 quis

400 2423 585 2469 autem
646 2414 943 2482 episc0pus
988 2410 1277 2466 confessus
1326 2410 1510 2475 fuerit,
1546 2420 1601 2465 et
1629 2409 1985 2465 alﬁrmaverit

398 2504 706 2577 quempiam
743 2505 1089 2573 episcopatus
1127 2503 1298 2573 gradu
1322 2503 1544 2572 dignum
1573 2517 1734 2568 esse;
1793 2502 2009 2558 deinde.

401 2606 586 2651 autent
623 2609 722 2664 per
754 2594 1065 2666 passionem
1101 2595 1343 2663 aliquam
1399 2610 1512 2651 sua:
1545 2593 1872 2649 confessioni
1903 2592 1987 2648 vel

403 2689 795 2759 subscriptioni
826 2689 1154 2743 adversatus
1181 2686 1367 2754 fuerit,
1398 2694 1459 2742 et
1486 2701 1611 2742 eum
1641 2687 1747 2758 qui-
1768 2687 1836 2742 ab
1869 2684 1988 2755 ipso

398 2785 618 2839 electus
670 2782 795 2848 fuit,
839 2782 1120 2852 indignum
1150 2780 1494 2847 vocitaverit,
1526 2795 1652 2836 cum
1685 2793 1794 2834 non
1837 2778 1990 2846 igno-

400 2876 540 2932 ravit
593 2875 761 2930 etiam
835 2884 985 2943 ante,
1049 2874 1226 2943 qualis
1280 2873 1404 2940 fuit,
1445 2889 1543 2929 suo
1569 2874 1776 2929 honore
1802 2874 1991 2943 priva-

402 2970 568 3025 bitur.
597 2971 665 3025 Et
702 2970 789 3024 lex
813 2970 961 3024 enim
999 2984 1130 3035 eos,
1160 2970 1251 3039 qui
1297 2968 1633 3025 mendaciter
1664 2977 1720 3024 et
1768 2967 1991 3022 sibimet

399 3062 682 3117 contrario
745 3062 927 3117 testati
961 3072 1110 3127 sunt,
1173 3076 1269 3131 per
1324 3063 1699 3131 magistratus,
1763 3060 1857 3130 qui
1902 3059 1991 3129 ju-

2089 1961 2196 2023 κεῖ,
2226 1959 2321 2011 καὶ
2368 1954 2445 2025 τῷ
2491 1951 2966 2021 ἐννεακαιδεκάτῳ
3016 1950 3115 2019 τῆς
3156 1950 3217 2002 ὲν
3252 1945 3595 2017 Ἀντιοχείᾳ·
3628 1947 3683 1998 εί

2086 2053 2144 2106 δὲ
2174 2051 2435 2123 δυσχερὲς
2484 2048 2665 2112 τοῦτο,
2699 2047 2731 2118 ῆ
2767 2046 2856 2100 διὰ
2912 2046 3090 2115 μῆκος
3139 2041 3285 2108 ὀδοῦ,
3312 2042 3345 2112 ἢ
3377 2041 3447 2094 δι’
3484 2038 3686 2110 ἑτέραν

2089 2144 2211 2199 τινὰ
2240 2144 2518 2214 ἀνάγκην,
2557 2142 2708 2212 τρεῖς
2733 2138 2837 2192 κᾶν
2872 2138 2933 2190 τὸ
2967 2136 3255 2207 ἐλάχιστον
3306 2134 3547 2204 ὲπιταγῇ
3584 2132 3688 2185 καὶ

2088 2237 2288 2308 γνώμῃ
2316 2236 2413 2289 τοῦ
2447 2232 2854 2306 μητροπολίτου
2877 2230 3060 2283 αὐτῶν
3080 2231 3183 2299 τὴν
3211 2227 3395 2297 ψῆφον
3425 2227 3688 2287 ποιήσου-

2094 2348 2171 2395 σι,
2233 2329 2545 2400 συμψήφων
2587 2325 2899 2395 γινομένων
2950 2324 3049 2375 καὶ
3106 2321 3220 2374 τῶν
3266 2321 3523 2373 ἀπόντων
3591 2315 3687 2369 διὰ

2092 2422 2470 2494 γραμμάτων.
2498 2418 2567 2473 Εἴ
2594 2435 2679 2481 τις
2710 2417 2768 2469 δὲ
2818 2416 2926 2471 τῶν
2987 2413 3314 2468 ἐπισκόπων
3350 2408 3689 2481 ὁμολογήσει

2094 2517 2203 2570 καῖ’
2238 2510 2701 2569 διαϐεϐαιώσεταί
2755 2527 2884 2564 τινα
2929 2507 3080 2574 ἄξιον
3132 2505 3275 2562 εἶναι
3319 2504 3416 2558 τοῦ
3464 2500 3685 2573 βαθμοῦ

2091 2607 2193 2678 τῆς
2243 2606 2596 2676 ἐπισκοπῆς’
2640 2601 2762 2659 εἶτα
2818 2602 2910 2658 διά
2961 2619 3015 2655 τι
3075 2598 3250 2662 πάθος
3304 2596 3572 2658 ἐναντίως
3614 2595 3690 2665 τῇ

2092 2702 2358 2773 ὁμολογίᾳ.
2396 2698 2566 2755 αὐτοῦ
2599 2699 2631 2769 ἢ
2669 2700 2736 2769 τῇ
2787 2696 3087 2768 ὑπογραφῇ
3114 2693 3379 2765 χωρήσει,
3422 2690 3520 2744 καὶ
3560 2688 3696 2743 ἀνά·

2094 2791 2208 2858 ξιον
2240 2791 2431 2846 τοῦτον
2464 2791 2556 2844 τὸν
2598 2791 2734 2857 παρ’
2785 2787 2952 2843 αὑτοῦ
2985 2785 3313 2856 ὲπιλεγέντα
3359 2781 3582 2851 καλοίη.
3611 2780 3695 2851 μὴ

2092 2883 2469 2955 ἀγνοούμενον
2508 2868 2641 2952 παρέ
2669 2880 2838 2935 αὑτοῦ
2869 2879 2966 2934 καὶ
3003 2879 3200 2950 πρώην
3238 2880 3425 2940 ὀποῖος
3455 2871 3545 2947 ἦν,
3584 2871 3696 2944 τῆς

2091 2979 2302 3041 οἰκείας
2354 2976 2523 3050 τιμῆς
2583 2974 3130 3046 ἀποστερηθήσεται.
3185 2973 3296 3025 Καὶ
3353 2972 3464 3041 γὰρ
3517 2969 3613 3022 καὶ
3657 2969 3695 3022 ὁ

2095 3072 2263 3141 νόμος
2300 3070 2434 3132 τοὺς
2487 3068 2704 3139 ψευδῶς
2753 3069 2786 3139 ἢ
2823 3066 3087 3129 ἐναντίως
3126 3066 3345 3127 ἑαυτοῖς
3402 3061 3696 3134 μαρτυρήο

400 3155 776 3210 risdictionem
820 3157 1057 3223 habent,
1113 3158 1291 3227 poenis
1343 3156 1583 3227 subjicit,
1630 3165 1689 3211 ut
1718 3155 1988 3210 decimum

2110 3181 2303 3227 ςαντας
2355 3162 2448 3217 διὰ
2515 3160 2626 3214 τῶν
2685 3160 3021 3232 προσφόρων
3086 3156 3368 3227 ἀρχόντων
3428 3156 3692 3224 τιμωρεῖ,

400 3254 656 3316 quartum
692 3247 855 3317 primi
906 3248 1048 3304 tituli
1096 3248 1337 3305 vicesimi
1377 3248 1537 3304 primi
1566 3248 1689 3304 libri
1722 3255 1881 3316 caput
1908 3245 1996 3315 ju-

398 3340 512 3397 bet.

988 3513 1222 3571 CANON
1255 3513 1398 3569 XIV.

408 3626 429 3660 ι
472 3607 545 3665 IJt
576 3623 718 3664 unus
760 3623 829 3666 ex
855 3608 1062 3680 Tripoli
1092 3611 1384 3678 episcopus
1432 3609 1489 3665 in
1536 3609 1864 3680 legationem
1896 3626 1994 3666 ve~

484 3719 506 3752 ι
542 3703 660 3757 niat
692 3711 789 3758 :et
839 3712 898 3756 ut
929 3701 1352 3772 presbyter'illic
1400 3715 1430 3755 a
1463 3704 1707 3772 quinque
1742 3705 1994 3776 audiatur

481 3810 501 3843 ι
541 3792 837 3862 episcopis.
870 3793 1137 3847 Similiter
1182 3792 1440 3863 placuita
1486 3792 1715 3863 Tripoli,
1775 3805 1996 3864 propter

486 3902 505 3935 ι
549 3886 787 3955 regionis
841 3885 1103 3955 inopiam,
1161 3901 1327 3940 unum
1379 3886 1693 3956 episcopum
1756 3887 1809 3942 in
1845 3888 1996 3957 lega-

487 3995 507 4028 ι
545 3976 748 4032 tionem
784 3977 992 4041 venire,
1022 3987 1079 4031 et
1129 3986 1190 4031 ut
1243 3977 1532 4049 presbyter
1548 3978 1675 4047 )llie
1703 3994 1731 4032 a
1758 3980 1998 4049 quinque

488 4087 508 4121 ι
555 4070 829 4138 episcopis
867 4070 1141 4134 audiatur,
1193 4078 1252 4123 et
1303 4070 1565 4124 diaconus
1627 4083 1657 4122 a
1708 4068 1904 4132 tribus,
1940 4076 1999 4123 ut

488 4179 508 4211 ι
551 4160 808 4228 superius
838 4158 1040 4211 dictum
1071 4167 1179 4222 est,
1232 4158 1454 4227 proprio
1491 4157 1702 4212 scilicet
1741 4157 1998 4226 episcopo

488 4268 507 4301 ι
539 4249 891 4319 ριίιξεὶιίοῐιιε.
925 4265 944 4297 ι

488 4431 689 4487 BALS.
718 4431 819 4486 Est
856 4432 1018 4486 etiam
1051 4431 1109 4488 in
1142 4430 1327 4490 Africa
1352 4431 1624 4504 Tripolis;
1647 4442 1705 4488 et
1735 4432 1995 4503 quoniam

2099 3255 2289 3329 καθὼς
2334 3255 2397 3309 τὺ
2446 3253 3025 3326 τεσσαρακαιδὲκατον
3058 3250 3361 3321 κεφάλαιον
3401 3248 3497 3301 τοῦ
3532 3247 3694 3315 πρώ-

2097 3367 2193 3404 του
2230 3349 2415 3402 τίτλου
2458 3345 2555 3400 τοῦ
2611 3344 2865 3401 είκοστοῢ
2925 3343 3149 3417 πρώτου
3199 3342 3409 3413 βιϐλίου
3454 3338 3695 3408 διαλαμ-

2097 3440 2276 3495 6ἀνει.

2698 3527 2941 3583 ΚΑΝΩΝ
2983 3525 3081 3582 ΙΔ’.

2106 3645 2126 3678 ι
2167 3626 2333 3679 Ὥστε
2358 3624 2468 3679 ἀπὸ
2497 3622 2816 3693 Τριπόλεως
2852 3621 2951 3675 ἕνα
2985 3621 3287 3674 ἐπίσκοπον
3326 3636 3406 3684 εις
3456 3637 3694 3691 τοποτη-

2175 3738 2192 3770 ι
2242 3721 2441 3791 ρησίαν
2501 3716 2714 3785 ὲλθεῖν;
2801 3717 2897 3770 καὶ
2961 3714 3104 3770 ὥστε
3194 3715 3286 3769 τὸν
3342 3713 3693 3786 πρεσϐύτερο

2178 3829 2197 3862 ι
2248 3813 2458 3864 νέκεῖσε
2547 3807 2654 3862 ὑπὸ
2743 3807 2910 3862 πέντε
2999 3806 3300 3860 ἀκούεσθαι
3350 3804 3689 3858 ἐπισκόπων.

2170 3922 2187 3954 ι
2244 3901 2482 3972 Ὁμοίως
2529 3901 2726 3972 ἤρεσεν
2779 3901 2887 3953 ἀπὸ
2938 3898 3259 3970 Τριπόλεως
3307 3897 3397 3951 διὰ
3435 3899 3535 3969 τὴν
3586 3898 3693 3968 τῆς

2177 4013 2195 4046 ι
2242 3994 2428 4065 χώρας
2461 3992 2670 4047 ἔνδειαν
2715 3993 2812 4046 ἕνα
2842 3992 3140 4046 ἐπίσκοπον
3174 3995 3254 4053 είς
3281 3992 3693 4063 τοποτηρησίαν

2176 4101 2195 4134 ι
2240 4082 2435 4145 ἐλθεῖν,
2500 4081 2596 4135 καὶ
2677 4081 2764 4135 ἵνα
2820 4085 2848 4135 ὁ
2905 4082 3286 4152 πρεσϐύτερος
3340 4083 3525 4135 ἐκεῖσε
3582 4080 3692 4135 ὑπὸ

2180 4194 2199 4226 ι
2249 4174 2414 4227 πέντε
2453 4175 2722 4246 ἀκούηται
2779 4175 3121 4242 ἐπισκόπων,
3155 4177 3253 4229 καὶ
3298 4176 3546 4239 διάκονος
3581 4175 3692 4228 ὑπὸ

2177 4287 2194 4319 ι
2239 4266 2430 4338 τριῶν,
2455 4268 2531 4331 ὡς
2581 4270 2842 4339 ἀνωτέρω
2895 4269 3136 4341 εἴρηται,
3191 4269 3288 4323 τοῦ
3335 4268 3469 4323 ἰδίου
3518 4265 3690 4323 αὐτοῦ

2173 4378 2193 4411 ι
2239 4358 2821 4431 ὲπισκόπουδηλονότι
2859 4361 3314 4432 προκαθημένου.
3357 4380 3377 4414 ι

2176 4452 2375 4508 ΒΑΛΣ.
2409 4451 2565 4506 Ἔστι
2622 4454 2719 4506 και
2762 4455 2820 4507 ὲν
2870 4457 2936 4525 τῇ
2971 4456 3212 4527 Ἀφρικῇ
3258 4440 3559 4526 Τρίπολις·
3590 4464 3691 4516 και

410 4527 465 4580 in
496 4542 558 4581 ea
592 4535 749 4581 erant
773 4526 930 4596 pauci
961 4530 1226 4599 episcopi,
1251 4528 1442 4582 statuit
1474 4527 1736 4598 synodus,
1765 4538 1827 4581 ut
1855 4541 1991 4583 unus

2110 4547 2227 4601 ἐπεὶ
2257 4548 2402 4620 ἦσαν
2453 4549 2511 4601 ἐν
2558 4547 2697 4617 αὐτῇ
2732 4547 2905 4616 ὀλίγοι
2940 4549 3264 4617 ἐπίσκοποι,
3295 4549 3498 4622 ὥρισεν
3528 4554 3562 4626 ἠ
3598 4553 3698 4607 σύ-

411 4620 630 4686 quidem
659 4619 806 4673 illinc
855 4620 1108 4674 mittatur
1150 4621 1359 4690 legatus
1384 4621 1454 4674 ad
1478 4621 1881 4675 anniversarias
1910 4634 2000 4690 sy-

414 4709 626 4763 nodos:
659 4722 690 4761 a
737 4708 977 4778 quinque
1014 4719 1195 4764 autem
1245 4709 1541 4777 episc0pis,
1589 4721 1815 4780 propter
1855 4712 1998 4766 anti-

413 4799 603 4854 stitum
636 4800 989 4868 paucitatem,
1022 4801 1401 4855 examinentur
1428 4816 1608 4856 causae
1654 4803 1998 4857 sacerdotum

413 4893 747 4960 crjininales,
815 4903 872 4947 et
941 4907 972 4945 a
1038 4892 1211 4948 tribus
1276 4892 1630 4948 diaconorum
1688 4894 1824 4946 ultra
1879 4894 2001 4949 illos

415 4984 708 5053 episcopis,
745 4986 846 5038 sub
876 4984 1077 5053 quibus
1116 4994 1246 5040 sunt
1280 4984 1609 5055 litigatores,
1648 4986 1996 5053 praesidenti~

412 5075 536 5130 bus.
598 5077 777 5142 Quare
836 5088 963 5131 nota
1009 5092 1077 5132 ex
1141 5079 1247 5133 hoc
1300 5094 1518 5148 quoque
1574 5094 1804 5143 canone,
1858 5080 2000 5149 quod

414 5169 677 5236 episcopi,
734 5170 934 5236 quibus
993 5171 1227 5240 subjecti
1261 5180 1393 5225 sunt
1446 5172 1772 5241 litigatores,
1804 5171 2002 5227 debent

414 5274 540 5313 esse
592 5258 730 5313 ultra
788 5262 1098 5327 duodecim,
1158 5278 1253 5319 sex
1303 5274 1359 5319 ct
1409 5274 1520 5318 tres
1566 5263 1905 5331 conjudices.
1939 5263 2004 5317 Et

417 5352 561 5417 quod
613 5353 658 5404 si
717 5366 831 5407 non
901 5355 971 5406 sit
1031 5354 1410 5423 episcoporum
1448 5357 1651 5423 inopia,
1708 5356 1892 5425 plures
1920 5358 2004 5411 his

420 5442 658 5512 episcopi
716 5444 919 5498 debent
971 5459 1169 5500 causas
1228 5461 1441 5512 eorum,
1494 5448 1588 5516 qui
1622 5456 1750 5503 sunt
1781 5449 2000 5510 sacrati,

417 5549 768 5604 cognoscere.

507 5828 747 5890 ZONAR.
788 5834 1049 5903 Tripolim
1085 5830 1229 5887 illam
1269 5846 1388 5901 quae
1423 5832 1476 5887 in
1505 5834 1689 5888 Africa
1722 5835 1992 5908 intelligit.

2101 4641 2270 4707 νοδος,
2299 4641 2397 4695 ενα
2443 4641 2542 4713 μὲν
2572 4641 2897 4711 πέμπεσθαι
2948 4643 3160 4696 ἐκεῖθεν
3191 4661 3399 4716 τοποτη
3412 4647 3586 4719 ρητὴν
3612 4653 3697 4711 είς

2099 4735 2200 4796 τὰς
2244 4733 2500 4804 ἐτησίους
2538 4733 2791 4797 συνόδους
2816 4751 2831 4766 ο
2874 4734 2981 4815 ὑπὸ
3011 4735 3175 4789 πέντε
3236 4737 3293 4790 δὲ
3342 4738 3686 4803 ἐπισκόπων,

2100 4824 2189 4877 διὰ
2232 4823 2334 4894 τὴν
2392 4822 2688 4892 ὀλιγότητα
2737 4823 2849 4877 τῶν
2878 4825 3209 4895 ἀρχιερέων,
3250 4826 3539 4898 τηρεῖσθαι
3593 4827 3697 4888 τὰς

2102 4917 2521 4988 ὲγκληματικὰς
2553 4915 2663 4969 τῶν
2691 4917 2887 4989 ίερέων
2921 4918 3236 4984 ὑποθέσεις,
3270 4922 3365 4973 καὶ
3385 4918 3492 4972 ὑπὸ
3520 4920 3691 4992 τριῶν

2105 5010 2205 5073 τὰς
2256 5011 2366 5062 τῶν
2415 5011 2718 5071 διακόνων,
2783 5012 3108 5079 ὀφειλόντων
3167 5016 3423 5067 ἐπέκεινα
3484 5013 3693 5068 τούτων

2105 5098 2494 5173 προκαθῆσθαι
2521 5103 2616 5155 καὶ
2661 5104 2771 5156 τῶν
2806 5105 3148 5169 ἐπισκόπων,
3189 5105 3282 5173 ὑφ’
3320 5104 3415 5168 οὓς
3451 5107 3502 5160 οἱ
3534 5106 3691 5158 δικα-

2111 5194 2332 5275 ζόμενοι
2361 5195 2670 5249 τάττονται.
2699 5195 2870 5250 Ὥστε
2899 5197 3211 5267 σημείωσαι
3240 5201 3333 5251 καὶ
3363 5196 3475 5250 ἀπὸ
3497 5198 3691 5250 τούτου

2105 5284 2189 5335 ὅτι
2217 5284 2267 5334 οἱ
2304 5283 2618 5348 ἐπίσκοποι,
2648 5285 2696 5337 οἱ
2740 5283 2961 5355 ἔχοντες
2999 5286 3089 5354 ὑφ’
3120 5288 3350 5350 ἑαυτοὺς
3380 5288 3506 5349 τοὺς
3538 5287 3692 5340 δικα-

2108 5375 2395 5445 ζομένους,
2422 5378 2683 5430 ἐπέκεινα
2714 5376 3029 5445 ὀφείλουσιν
3060 5374 3203 5433 εἶναι
3234 5381 3334 5450 τῆς
3365 5380 3689 5443 δωδεκάδος,

2107 5472 2204 5538 τῆς
2245 5470 2431 5534 ἑξάδος
2467 5472 2561 5523 καὶ
2605 5473 2705 5540 τῆς
2748 5471 2971 5542 τριάδος
2998 5473 3109 5525 τῶν
3147 5472 3542 5528 συνδικαστῶν.
3580 5476 3691 5527 Καὶ

2109 5565 2213 5626 ὅτι,
2248 5563 2457 5625 ἐνδείας
2492 5563 2569 5632 μὴ
2613 5563 2780 5634 οὔσης
2814 5565 3157 5630 ἐπισκόπων,
3192 5566 3440 5626 πλείονες
3483 5567 3692 5619 τούτων

2114 5654 2409 5707 ἐπίσκοποι
2445 5654 2724 5721 ὀςςείλουσι
2759 5659 2948 5725 τηρεῖν
2982 5657 3081 5720 τὰς
3108 5657 3398 5722 ὑποθέσεις
3444 5657 3553 5710 τῶν
3601 5659 3692 5710 ls-

2110 5748 2392 5816 ρωμένων.

2180 5838 2421 5892 ΖΩΧΑΡ.
2450 5837 2712 5904 Τρίπολιν
2736 5840 2835 5906 τὴν
2867 5839 2925 5896 ἐν
2972 5839 3207 5913 Ἀφρικῇ
3240 5840 3409 5911 λέγει,
3442 5837 3553 5895 Ἦν
3581 5841 3690 5911 γαρ
