4034 6402
346 355 457 461 ὒθ.
1444 355 1528 418 1N
1567 354 1730 417 CAN.
1772 356 1873 417 XV
1900 351 2117 415 ‘CONC.
2163 353 2545 415 CARTHAG.
3551 354 3623 415 70

353 470 518 522 κᾶκεῖ
563 467 854 539 Τρίπολις,
900 468 1035 523 ἔνθα
1074 467 1245 536 ὀλίγοι
1288 463 1429 541 ἦσαν
1475 468 1798 523 ἐπίσκοποι.
1849 465 1942 519 Διὸ

2050 462 2184 519 Erat
2235 465 2508 535 siquidem
2540 468 2592 520 iu
2624 480 2686 521 ea
2721 481 2934 537 quoque
2996 466 3214 536 regione
3269 465 3524 536 Tripolis,
3563 469 3616 523 iu

351 562 451 615 καὶ
503 562 601 615 ἕνα
646 562 1045 634 τοποτηρητὴν
1107 564 1307 635 ὥρισεν
1356 562 1391 632 ἠ
1446 560 1666 625 σύνοδος
1721 559 1939 615 ἐκεῖθεν

352 652 708 722 πέμπεσθαι⁸
752 654 846 707 διὰ
900 655 960 707 δὲ
1009 655 1113 724 τὴν
1155 653 1329 725 αὐτὴν
1385 654 1566 706 αἰτίαν
1617 651 1718 706 καὶ
1775 651 1940 704 πέντε

349 746 692 807 ἐπισκόπους
749 749 947 816 ἀρκεῖν
1020 744 1399 800 διετυπώσατο
1454 746 1537 808 είς
1588 744 1650 798 τὸ
1716 743 1942 798 δικάσαι

353 834 764 907 πρεσϐύτερον,
799 836 1228 906 προκαθημένου
1258 832 1354 888 ³ιοῦ
1395 835 1721 898 ἐπισκόπου,
1749 834 1843 899 ὑφ’
1880 832 1940 887 δν

348 928 621 980 τέτακται
645 929 672 979 ὁ
700 927 1061 998 δικαζόμενος
1092 925 1487 998 πρεσϐύτερος,
1506 926 1647 980 ὥστε
1680 924 1746 991 ἒξ
1774 917 1941 980 πάλιν

349 1013 499 1072 εἶναι
525 1021 656 1081 τοὺς
683 1018 1095 1088 διαγνώμονας.

346 1197 587 1254 ΔΡΙΣΤ.
656 1217 676 1250 ι
727 1197 829 1251 Διὰ
876 1198 977 1269 τὴν
1026 1198 1108 1262 είς
1159 1198 1423 1268 Τρίπολιν
1467 1198 1578 1253 τῶν
1624 1199 1942 1253 ἐπισκόπων

432 1308 454 1342 ι
501 1290 714 1343 ἔνδειαν
764 1290 857 1343 καὶ
912 1285 995 1353 εἷς
1049 1289 1347 1355 ἐπίσκοπος
1391 1293 1478 1354 είς
1531 1290 1943 1361 τοποτηρησίαν

427 1401 448 1434 ι
491 1383 786 1454 ὲπάρκιος.
820 1400 841 1434 ι

425 1472 489 1527 οε
526 1474 628 1541 μὲν
660 1472 811 1526 ἄλλοι
858 1472 968 1525 τῶν
993 1471 1285 1542 ἐπαρχιῶν
1332 1472 1588 1542 πρόεδροι
1629 1470 1723 1525 δύο
1766 1471 1800 1541 ἢ
1848 1471 1945 1525 καὶ

354 1567 618 1629 πλείονας
695 1566 1032 1629 ἐπισκόπους
1116 1564 1501 1634 τοποτηρητας
1590 1565 1943 1630 ἐπιλέγεσθαι

351 1657 703 1727 ὡρίσθησαν,
762 1656 858 1708 καὶ
913 1655 1269 1708 ἀποστέλλειν
1325 1656 1527 1717 αὐτοὺς
1578 1655 1638 1706 ὲν
1695 1658 1760 1725 τῇ
1815 1654 1942 1708 κατ’

2038 569 2153 621 qua
2182 555 2559 624 episc0porum
2574 571 2835 609 numerus
2858 571 2989 611 sane
3002 555 3359 623 exiguusfnit.
3386 555 3624 611 Proinde

2047 650 2099 694 et
2127 656 2293 696 unum
2342 658 2406 697 ex
2437 657 2502 696 eo
2531 643 2650 697 loco
2681 643 2913 710 legatum
2955 647 3162 714 synodo
3218 646 3474 698 destinari
3510 646 3626 713 pla-

2054 733 2187 798 cuit,
2227 743 2285 786 et
2343 736 2585 788 eamdem
2634 734 2705 789 ob
2753 750 2999 798 causam,
3062 750 3166 787 non
3205 737 3431 802 amplius
3462 752 3624 805 quam

2042 822 2291 889 quinque
2313 823 2727 903 episcopos,_eo,
2754 826 2838 879 cui
2868 825 3144 892 subjectus
3168 834 3250 879 est
3302 840 3443 892 rens,
3480 842 3629 894 quae-

2049 913 2210 967 stioni
2245 915 2520 982 praefecto,
2554 930 2676 969 cum
2723 931 2830 985 quo
2867 932 2964 969 sex
3016 916 3263 970 videlicet
3319 920 3626 985 cognitores

2047 1006 2479 1073 constituantur,
2510 1008 2565 1060 in
2592 1008 2898 1061 sacerdotis
2934 1022 3099 1062 causa
3133 1008 3344 1075 judices
3377 1024 3629 1064 necessa-

2046 1095 2133 1148 rio
2164 1096 2502 1150 adhibendos
2531 1113 2655 1152 esse
2678 1099 2948 1155 decernit.

2050 1184 2281 1241 ARIST.
2329 1205 2349 1238 ι
2385 1186 2614 1256 Propter
2667 1189 2907 1258 inopiam
2964 1189 3170 1261 Tripoli
3225 1193 3626 1260 episcoporum,

2130 1297 2151 1330 ι
2191 1294 2330 1333 unus
2388 1283 2551 1334 etiam
2600 1281 2886 1350 episcopus
2936 1282 3002 1336 ad
3087 1282 3406 1352 legationem
3475 1282 3627 1338 δυω-

2129 1387 2151 1421 ι
2187 1371 2284 1426 cit.
2328 1389 2350 1423 ι

2120 1460 2224 1513 Alii
2246 1461 2462 1529 quidem
2493 1461 2893 1529 provinciarum
2916 1464 3172 1531 praesides
3197 1464 3330 1519 duos
3359 1464 3440 1518 vel
3463 1466 3626 1519 etiam

2053 1552 2232 1619 plures
2271 1556 2554 1623 episcopos
2585 1554 2792 1621 legatos
2814 1556 3013 1625 eligere
3037 1556 3091 1609 in
3115 1556 3384 1609 mandatis
3401 1570 3629 1625 accepe-

2056 1656 2205 1707 runt,
2245 1659 2447 1712 eosque
2505 1645 2571 1697 ad
2621 1645 2890 1714 synodum
2946 1645 3274 1711 Carthagine
3331 1646 3624 1714 quotannis

352 1748 614 1801 ἐνιαυτὸν
646 1747 851 1817 συνόδῳ
885 1749 943 1801 ἐν
996 1749 1308 1818 Καρχηδόνι
1332 1764 1348 1779 ⁸
1386 1747 1494 1800 ἀπὸ
1538 1748 1595 1801 δὲ
1626 1748 1946 1817 Τριπόλεως

2058 1739 2294 1792 habitam
2331 1737 2566 1791 mittere.
2607 1738 2653 1790 A
2683 1735 2885 1804 Tripoli
2916 1747 3097 1791 autem
3129 1746 3184 1790 et
3214 1753 3376 1791 unum
3413 1738 3629 1806 episco-

352 1839 457 1891 καὶ
489 1838 590 1890 ἕνα
620 1838 928 1890 ἐπίσκοπον
966 1817 1237 1906 ἐπαρκεῖν
1264 1839 1352 1900 είς
1392 1837 1806 1908 τοποτηρησίαν
1854 1838 1944 1893 διὰ

2050 1842 2175 1896 pum
2203 1827 2268 1881 ad
2303 1827 2625 1897 legationem
2677 1826 2924 1882 suilicere
2975 1838 3202 1897 propter
3250 1828 3629 1897 episcoporum

344 1928 459 1998 dp!
476 1928 594 1979 τῶν
619 1926 942 1980 ἐπισκόπων
972 1927 1208 1981 ἔνδειαν.

959 2038 1199 2093 ΚΑΝΩΝ
1254 2035 1355 2094 lE'.

364 2149 383 2182 ι
431 2131 577 2202 Περὶ
622 2132 900 2202 διαφόρων
949 2129 1158 2193 τάξεων
1212 2131 1312 2197 τῆς
1359 2126 1696 2196 Ἐκκλησίας
1736 2125 1950 2179 δουλευ-

439 2243 461 2277 ι
501 2225 618 2277 τῶν
669 2222 820 2296 (15)*
875 2220 1057 2285 ὥστε,
1110 2221 1206 2273 ὲὰν
1271 2236 1356 2283 τις
1409 2221 1490 2283 εἰς
1541 2216 1949 2287 ἐγκληματικὸν

435 2332 455 2364 ι
500 2315 741 2385 πρᾶγμα
797 2314 1097 2383 περιπέσῃ,
1138 2312 1238 2364 καὶ
1288 2310 1707 2380 παραιτήσηται
1740 2307 1800 2360 τὸ
1852 2307 1947 2360 ἐκ-

439 2405 903 2477 ι-κλησιαστικδν
943 2404 1319 2473 δικαστήριον,
1344 2401 1591 2471 ὀφείλειν
1640 2399 1733 2453 τὸν
1765 2399 1948 2452 τοιοῦ-

434 2519 454 2547 ι
494 2515 592 2551 τον
622 2497 981 2562 κινδυνεύειν,
1008 2496 1105 2548 καὶ
1132 2493 1274 2548 ὥστε
1309 2492 1384 2545 τὰ
1405 2493 1574 2547 τέκνα
1605 2491 1716 2545 τῶν
1748 2491 1949 2561 ἱερέων

435 2610 453 2641 ι
498 2590 797 2660 κοσμικοί;
864 2589 1118 2658 θεωρίοις
1187 2586 1263 2656 μὴ
1319 2585 1636 2655 προσιέναι.
1711 2581 1948 2652 Ὁμοίως

432 2706 453 2734 ι
495 2681 843 2755 ἣρεσεν,ἴνα
899 2681 1050 2742 ὅστις
1111 2680 1315 2750 δήποτε
1363 2678 1475 2730 τῶν
1531 2674 1852 2729 ἐπισκόπων
1909 2673 1943 2746 ἢ

428 2795 451 2827 ι
502 2772 956 2846 πρεσϐυτέρωνῆ
985 2771 1252 2825 διακόνων
1286 2770 1320 2840 ἢ
1351 2767 1655 2838 κληρικῶν,
1689 2766 1949 2837 πράγμα-

434 2887 453 2916 ι
495 2882 596 2927 τος
645 2864 795 2934 αὐτῷ
849 2859 1267 2932 ὲγκληματικοῦ
1335 2862 1370 2932 ἢ
1423 2857 1707 2912 πολιτικοῦ
1770 2861 1828 2910 ὲν
1876 2860 1945 2929 τῇ

432 2974 452 3004 ι
504 2954 778 3024 ἐκκλησία
825 2953 1180 3022 κινουμένου,
1228 2951 1324 3003 ἐὰν
1380 2950 1823 3020 παραιτούμενος
1880 2949 1947 3001 τὸ

428 3070 450 3101 ί
494 3048 966 3119 ἐκκλησιαστικὸν
1014 3045 1373 3115 δικαστήριον
1416 3043 1702 3113 δημοσίοις
1738 3041 1946 3113 θελήσῃ

434 3163 455 3193 ι
503 3141 851 3212 καθαρθῆναι
898 3139 1298 3209 δικαστηρίοις,
1341 3135 1445 3190 κᾶν
1489 3135 1632 3204 ὑπὲρ
1692 3134 1859 3188 αὐτοῦ
1910 3137 2021 3219 ηρ

433 3254 453 3284 ι
500 3234 684 3301 ψῆφος
720 3231 1039 3301 ὲκφωνηθῇ,
1071 3232 1226 3299 ὅμως
1275 3228 1369 3280 τὸν
1421 3227 1552 3279 ίδιον
1606 3227 1774 3280 τόπον
1812 3227 1948 3280 ἁπο-

431 3345 451 3374 ι
693 3323 806 3375 Καὶ
848 3320 1009 3374 τοῦτο
1061 3320 1160 3390 μὲν
1208 3320 1303 3372 ἐπὶ
1342 3317 1438 3371 τοῦ
1488 3317 1942 3387 ὲγκληματικοῦ·

433 3436 455 3469 ι
508 3417 606 3469 ἐπὶ
648 3415 708 3468 δὲ
757 3411 1064 3474 πολιτικοῦ,
1097 3413 1343 3483 ἀπολέσῃ
1388 3412 1450 3465 τὸ
1483 3415 1565 3475 ei;
1597 3411 1624 3464 δ
1668 3411 1945 3481 ἐνίκησεν,

431 3528 453 3559 ι
502 3508 603 3562 ἐὰν
629 3506 723 3559 τὸν
752 3506 883 3559 ῖδιον
909 3504 1075 3556 τόπον
1106 3502 1311 3574 θελήσῃ
1341 3505 1616 3573 κατέχειν.
1640 3494 1755 3557 Καὶ
1788 3502 1949 3556 τοῦτό

430 3617 452 3650 ι
502 3614 573 3665 γε
640 3596 749 3667 μὴν
810 3596 1032 3665 ἤρεσεν,
1086 3593 1252 3658 ὥστε,
1310 3594 1408 3646 ἐὰν
1462 3594 1569 3646 ἀπὸ
1616 3592 1948 3663 οἱωνδήποτε

432 3712 452 3745 ι
502 3690 783 3744 δικαστῶν
814 3684 1290 3755 ἐκκλησιαστικῶν
1320 3686 1415 3738 ἐπὶ
1444 3685 1642 3747 ἄλλους
1675 3683 1946 3746 δικαστὰς

433 3802 453 3834 ι
498 3779 1024 3849 ἐκκλησιαστικοὺς,
1063 3778 1287 3846 ἔχοντας
1340 3776 1565 3845 μείζονα
1613 3779 1714 3845 τὴν
1753 3774 1949 3828 αὐθεν-

428 3890 451 3925 ς
496 3872 649 3932 τίαν,
668 3871 933 3937 ἐκκλητος
963 3868 1208 3936 γένηται,
1236 3865 1407 3935 μηδὲν
1435 3865 1694 3933 βλάπτειν
1724 3863 1949 3926 τούτους

430 3984 450 4015 ι
501 3956 584 4016 ὧν
617 3964 655 4031 ἠ
682 3960 866 4030 ψῆφος
898 3959 1107 4019 λύεται,
1143 3952 1241 4010 ἐὰν
1273 3957 1605 4028 ἐλεγχθῆναι
1664 3957 1739 4026 μὴ
1785 3956 1949 4025 δυνη-

434 4075 455 4106 ι
503 4054 679 4109 θῶσιν
721 4052 756 4123 ἢ
799 4052 943 4103 κατὰ
1008 4049 1213 4121 ἔχθραν
1259 4049 1294 4120 ἢ
1347 4051 1492 4103 κατὰ
1562 4050 1947 4120 προσπάθειαν

432 4167 452 4198 ι
500 4146 871 4207 δεᾶκακέναι,
903 4142 938 4213 ἦ
987 4160 1094 4194 τινι
1146 4143 1332 4212 χάριτι
1386 4142 1811 4213 ὑποφθαρῆναι·
1848 4144 1947 4196 ἐὰν

432 4256 451 4289 ι
498 4235 560 4288 δὲ
590 4235 736 4288 κατὰ
759 4234 1073 4287 συναίνεσιν
1103 4233 1212 4284 τῶν
1246 4233 1431 4302 μερῶν
1463 4234 1814 4301 ὲπιλεγὲντες
1844 4229 1948 4290 ὦσι

433 4347 452 4381 ι
502 4328 787 4393 δικασταὶ,
848 4327 898 4378 εί
983 4327 1081 4379 καὶ
1148 4324 1467 4397 ὀλιγώτεροι
1543 4326 1758 4381 ἔσονται
1834 4328 1945 4381 τῶν

433 4441 453 4473 ι
499 4419 855 4491 ὁρισθέντων,
890 4417 966 4487 μὴ
1001 4417 1203 4480 ἐξεῖναι
1235 4416 1618 4472 ἐκκαλεῖσθαι.
1649 4418 1762 4470 Καὶ
1795 4419 1942 4470 ὥστε

432 4533 452 4565 ι
496 4512 577 4564 τὰ
601 4510 771 4562 τέκνα
798 4509 910 4560 τῶν
937 4509 1128 4581 ἱερέων
1156 4506 1364 4578 θεὼρια
1410 4508 1654 4576 κοσμικὰ
1687 4510 1763 4579 μὴ
1793 4501 1945 4561 ὲκτε-
1981 4493 2022 4546 ι)

432 4600 475 4656 ι’
500 4603 618 4654 λεϊν
672 4600 807 4669 μηδὲ
867 4600 1114 4668 θεωρεῖν.
1164 4599 1338 4653 Τοῦτο
1402 4598 1460 4651 δὲ
1510 4604 1605 4653 καὶ
1655 4602 1789 4652 πᾶσι
1835 4605 1947 4664 τοῖς

432 4715 451 4748 ι
495 4697 858 4766 Χριστιανοῖς
927 4695 1014 4746 ἀεὶ
1090 4695 1455 4764 κεκήρυκται,
1520 4692 1665 4745 ὥστε
1737 4694 1947 4747 τούτων

437 4809 457 4841 ι
499 4787 832 4857 ἀπέχεσθαι,
860 4782 1002 4837 ὥστε
1029 4784 1161 4837 ὅπου
1181 4782 1522 4854 βλασφημίαι
1545 4784 1651 4837 εἰσὶ
1674 4783 1750 4855 μὴ
1780 4801 1951 4856 προσ-

434 4902 454 4934 ι
494 4880 668 4935 ιέναι.
704 4897 726 4932 ι

426 4973 635 5029 om.
670 4971 779 5025 Καὶ
811 4970 922 5023 ἀπὸ
950 4969 1060 5021 τῶν
1088 4970 1268 5039 νόμων
1298 4986 1391 5021 και
1423 4970 1530 5022 ἀπὸ
1560 4969 1670 5022 τῶν
1699 4969 1945 5025 κανόνων

346 5068 601 5129 δέδοται,
635 5062 713 5133 μὴ
766 5060 916 5132 ἔχειν
975 5058 1070 5112 ἐπ’
1122 5059 1307 5122 ἁδείας
1366 5059 1600 5114 ἕκαστον
1658 5063 1791 5132 παρ’
1850 5061 1947 5133 οἴῳ

350 5158 618 5232 βοᾶλεται
635 5153 976 5224 δικαστηρίῳ
1000 5153 1492 5222 ἀποκριματίστως
1515 5154 1752 5221 ἐνάγειν.
1779 5154 1945 5208 Ἀλλὰ

344 5253 475 5314 τοῖς
510 5248 619 5319 μὲν
647 5247 865 5308 λαῖκοίς
892 5244 1331 5314 ἀπενεμήθησαν
1382 5246 1449 5296 τὰ
1486 5244 1744 5299 πολιτικὰ
1795 5246 1950 5298 δικα-

348 5341 586 5411 στήρια,
608 5339 727 5400 τοῖς
756 5336 816 5390 δὲ
871 5336 1193 5405 ἱερωμένοις
1251 5336 1346 5389 καὶ
1401 5339 1516 5398 τοῖς
1571 5339 1827 5408 μοναχοϊς
1875 5339 1942 5390 τὰ

344 5430 815 5506 aediﬁcat-4d.
876 5429 945 5485 Εί
984 5447 1068 5493 τις
1116 5425 1210 5483 οὖν
1242 5430 1559 5501 ἱερωμένος,
1596 5437 1760 5502 φησὶν
1788 5438 1816 5489 ὁ
1851 5455 1951 5492 κα-

2052 1917 2307 1988 inopiam.

2649 2029 2881 2087 CANON
2909 2031 3026 2087 XV.

2055 2140 2078 2174 ι
2116 2122 2190 2177 De
2222 2122 2450 2177 diversis
2479 2123 2757 2178 ordinibus
2783 2123 3036 2178 Ecclesiae
3066 2125 3446 2191 servientibus,
3486 2133 3546 2180 ut
3575 2126 3625 2182 si

2126 2233 2145 2267 ι
2184 2216 2308 2285 quis
2342 2216 2394 2269 iu
2435 2214 2597 2286 53o
2626 2216 2905 2269 criminale
2948 2215 3224 2282 negotium
3273 2214 3539 2278 inciderit,
3575 2224 3630 2268 et

2127 2323 2147 2358 ι
2182 2307 2445 2360 abnuerit‘
2486 2307 2751 2375 judicium
2821 2306 3272 2370 ecclesiasticum,
3329 2306 3520 2358 debeat
3570 2304 3629 2359 iu

2127 2415 2147 2449 ι
2183 2397 2485 2467 periculum
2525 2397 2731 2461 venire,
2766 2406 2820 2450 et
2876 2405 2934 2450 ut
2999 2396 3090 2449 lilii
3153 2397 3493 2450 sacerdotum
3557 2397 3628 2450 ml

2125 2506 2148 2541 ι
2188 2490 2462 2543 mundana
2518 2488 2827 2556 Spectacula
2868 2502 2977 2541 non
3027 2488 3306 2540 accedant.
3367 2486 3633 2540 Similiter

2126 2597 2148 2633 ι
2188 2581 2409 2652 placuit,
2446 2590 2504 2632 ut
2544 2581 2852 2649 quicunque
2893 2579 3182 2647 episcopus
3214 2578 3294 2632 vel
3343 2579 3629 2647 presbyter

2128 2691 2149 2726 ι
2192 2673 2277 2727 vel
2312 2673 2573 2727 diaconus
2605 2672 2688 2727 vel
2739 2671 2998 2734 clericus,
3058 2670 3329 2725 criminali
3373 2669 3453 2724 vel
3484 2668 3631 2723 civili

2130 2780 2150 2814 ι
2196 2760 2652 2818 controversiain
2686 2758 2927 2814 Ecclesia
2983 2759 3243 2813 adversus
3272 2774 3401 2812 eum
3461 2769 3629 2821 mota,

2127 2873 2147 2906 ι
2191 2855 2234 2910 si
2266 2868 2524 2909 recusans
2558 2853 2732 2906 forum
2760 2851 3189 2907 ecclesiasticum
3217 2849 3345 2905 velit
3398 2849 3627 2918 publicis

2128 2964 2149 2999 ι
2181 2946 2402 3014 judiciis
2446 2945 2693 3015 purgari,
2748 2943 2958 2997 etiamsi
2993 2958 3093 3013 pro
3127 2958 3192 2998 co
3223 2941 3488 2996 sententia
3521 2940 3630 2992 lata

2129 3056 2148 3090 ι
2186 3038 2278 3103 sit,
2311 3045 2494 3092 tamen
2528 3037 2811 3106 preprium
2842 3035 3018 3090 locum
3052 3035 3284 3089 amittat.
3316 3033 3382 3087 Et
3418 3033 3471 3086 id
3506 3031 3629 3100 qui-

2131 3149 2149 3184 ι
2189 3134 2310 3186 dem
2363 3131 2417 3185 in
2448 3129 2756 3194 criminali;
2796 3128 2848 3182 in
2897 3127 3040 3183 civili
3090 3137 3294 3190 autem,
3331 3124 3523 3195 perdat
3575 3122 3631 3177 id

2129 3241 2148 3275 ι
2183 3239 2281 3293 pro
2312 3236 2419 3292 quo
2453 3221 2723 3276 actionem
2757 3219 3008 3284 intendit,
3036 3218 3082 3273 si
3140 3220 3414 3287 proprium
3452 3214 3629 3267 locum

2130 3331 2148 3364 ι
2185 3312 2433 3367 obtinere
2464 3310 2721 3366 voluerit.
2752 3309 2933 3379 Atque
2986 3308 3090 3362 hoc
3116 3307 3332 3377 quidem
3383 3303 3629 3373 placuit;

2131 3424 2150 3457 ι
2187 3414 2246 3459 ιιι
2295 3405 2341 3460 si
2378 3418 2409 3459 a
2444 3404 2863 3474 quibu'scunque
2918 3399 3306 3455 ecclesiasticis
3357 3397 3633 3465 judicihus

2129 3517 2148 3550 ι
2185 3499 2254 3552 ad
2309 3496 2445 3550 alios
2497 3495 2711 3565 iudices
2771 3492 3197 3553 ecclesiasticos,
3241 3489 3496 3558 majorem
3531 3500 3631 3554 po-

2127 3610 2146 3642 ι
2189 3596 2445 3644 testatem
2485 3587 2769 3649 habentes,
2814 3581 3237 3650 iiatappellatio,
3268 3579 3320 3632 id
3371 3576 3507 3630 nihil
3531 3591 3627 3629 eos

2122 3699 2147 3732 ι
2189 3681 2350 3734 laedat
2382 3679 2615 3733 duorum
2674 3675 2940 3730 sententia
2978 3672 3250 3753 ‘solvitur,
3284 3670 3330 3724 si
3381 3667 3632 3723 convinci

2130 3790 2150 3824 ι
2192 3786 2297 3825 non
2337 3772 2550 3840 possint
2584 3765 2666 3821 vei
2723 3765 2850 3819 odio
2901 3763 2979 3817 vel
3029 3763 3206 3831 aliqua
3271 3760 3436 3814 animi
3497 3758 3631 3811 aiio.

2130 3883 2148 3916 ι
2180 3865 2360 3917 ctione
2388 3862 2688 3931 judicasse,
2750 3857 2833 3912 vel
2877 3859 3045 3924 gratia
3110 3857 3291 3922 aliqua
3339 3860 3624 3919 corruptus

2131 3973 2150 4007 ι
2189 3969 2347 4020 esse;
2384 3953 2467 4007 sin
2509 3960 2689 4004 autem
2730 3963 2796 4002 ex
2851 3959 3125 4001 consensu
3185 3945 3419 4012 partium
3470 3939 3632 3993 electi

2128 4066 2147 4099 ι
2185 4047 2294 4102 sint
2320 4045 2552 4112 iudices,
2579 4040 2790 4095 etiamsi
2842 4039 2956 4095 sint
3004 4037 3310 4106 pauciores,
3361 4048 3525 4102 quam
3560 4032 3632 4083 sit

2127 4155 2147 4188 ι
2186 4135 2485 4196 deﬁnitum,
2549 4147 2655 4185 non
2690 4130 2858 4183 licere
2921 4127 3215 4198 appellare.
3249 4124 3314 4177 Et
3350 4133 3407 4176 ut
3443 4137 3630 4177 cacur-

2129 4247 2148 4281 ι
2193 4230 2375 4283 dolum
2414 4224 2528 4289 lilii,
2559 4222 2840 4278 saecularia
2874 4220 3181 4288 spectacula
3232 4232 3332 4273 nec
3366 4225 3634 4286 peragant

2129 4336 2150 4371 ι
2199 4333 2299 4372 uec
2328 4323 2598 4386 Spectent.
2648 4314 2763 4366 Hoc
2791 4322 2970 4366 autem
3004 4319 3059 4364 et
3085 4310 3339 4363 omnibus
3367 4308 3635 4361 Christia-

2130 4432 2148 4463 ι
2178 4414 2263 4465 nis
2288 4425 2505 4478 semper
2529 4417 2611 4461 est
2639 4406 3010 4467 interdictum,
3041 4410 3098 4456 ut
3120 4401 3189 4456 ab
3217 4400 3281 4454 iis
3303 4400 3634 4458 abstineant,

2127 4522 2145 4555 ι
2178 4514 2238 4556 ιιι
2269 4502 2356 4555 ubi
2391 4508 2520 4555 sunt
2573 4496 2926 4567 blasphemiae
2960 4502 3014 4549 et
3066 4490 3351 4548 maledicta
3387 4506 3492 4544 non
3541 4505 3634 4539 ac-

2130 4615 2149 4648 ι
2185 4599 2400 4652 cedant.
2441 4612 2461 4648 ι

2128 4988 2322 5045 BALS.
2351 4988 2417 5043 Et
2451 5005 2483 5048 3
2516 4989 2726 5061 legibus
2751 5003 2805 5049 et
2829 5007 2859 5047 a
2891 4993 3193 5048 canonibus
3230 4994 3482 5048 traditum
3515 5006 3624 5058 est,

2055 5099 2161 5138 non
2187 5084 2352 5138 licere
2382 5081 2674 5152 unicuique
2701 5087 2843 5154 apud
2897 5087 3259 5155 quodcunque
3291 5088 3418 5141 velit
3446 5086 3624 5140 forum

2055 5179 2194 5229 citra
2234 5172 2609 5244 praeiudicium
2640 5191 2824 5244 agere.
2856 5177 2962 5232 Sed
3001 5178 3153 5234 laicis
3177 5182 3398 5249 quidem
3429 5183 3635 5237 tributa

2053 5279 2176 5322 sunt
2210 5265 2329 5320 fora
2381 5265 2561 5321 civilia
2595 5284 2609 5319 :
2645 5267 2725 5322 eis
2774 5272 3108 5339 autem,oqui
3145 5283 3272 5327 sunt
3318 5274 3543 5339 sacrati,
3579 5285 3633 5328 et

2054 5358 2342 5413 monachis
2370 5357 2768 5414 ecclesiasﬁca.
2807 5357 3015 5430 Siquis
3040 5378 3195 5433 ergo,
3229 5363 3406 5433 inquit
3431 5379 3629 5426 canem,

2055 5460 2347 5514 sacratus,
2417 5451 2519 5505 hac
2546 5442 2935 5506 constitutione
2989 5464 3322 5526 contempta,
3372 5456 3426 5510 iu
3487 5456 3634 5511 civili

424 5646 429 5647 ί
502 5630 505 5633 .
1192 5636 1195 5641 ,
1613 5579 1808 5643 Guill.
1838 5585 2165 5667 Bevcregii
2194 5597 2387 5652 notae.

443 5768 459 5780 Ο

346 5768 753 5823 δουλευουσῶν.

420 5696 549 5780 (ιε)
572 5694 696 5779 Τῆς
718 5696 1061 5763 ἐκκλησίας
1091 5694 1449 5752 δουλευτῶν.
1496 5699 1556 5755 in
1590 5716 1723 5760 mss.
1758 5707 1950 5763 Amerb

2050 5714 2193 5769 tiano
2218 5727 2271 5771 et
2301 5716 2611 5774 Aitoniensi
2672 5722 2875 5777 rectius
2934 5708 3154 5791 legitur,
3216 5718 3630 5805 Tﬁexxiqcia
