4034 6396
433 331 503 396 τι
1694 322 1974 384 THEOD.
2022 321 2425 382 BALSAMON
3632 321 3701 383 7'2
3780 375 3785 381 .

432 439 638 508 judicio
668 438 927 492 adversus
970 446 1243 490 sacratum
1281 432 1365 488 vel
1395 432 1719 489 monachum
1757 434 2014 488 crimina-

2124 433 2239 502 θὼν,
2310 434 2736 506 καταφρονήσας
2810 433 2909 506 τῆς
2980 433 3240 506 τοιαύτης
3310 432 3698 506 θεσμοθεσίαῖ,

439 534 542 586 lem
574 531 841 584 actionem
875 527 1207 593 intenderit;
1236 525 1320 580 vel
1365 525 1415 582 si
1453 529 1577 597 quis
1601 526 1668 582 ad
1699 536 2012 595 competens

437 624 614 675 forum
673 620 1105 675 ecclesiasticum
1173 630 1402 686 tractus,
1466 621 1516 674 id
1575 619 1930 683 recusaverit,
1959 629 2014 674 et

435 715 711 785 publicum
774 728 868 768 seu
922 714 1080 769 civile
1133 714 1357 782 elegerit
1412 713 1486 782 (id
1542 713 1689 767 enim
1736 723 1820 767 est
1878 711 2014 767 velle

437 808 682 876 purgari,
745 822 838 860 seu
892 821 921 858 a
963 806 1191 859 crimine
1227 804 1363 858 velle
1395 804 1601 858 absolvi
1646 805 2016 871 innocensque

437 898 705 952 declarari
772 912 867 965 per
921 898 1196 966 publicum
1223 894 1533 965 judicium),
1576 896 1790 948 etiamsi
1822 896 1876 948 in
1922 895 2016 949 illo

439 992 658 1058 publico
714 989 918 1056 judicio
982 987 1198 1052 vicerit,
1233 986 1348 1040 slve
1380 995 1549 1050 actor,
1596 986 1713 1041 sive
1741 1002 1904 1041 rens:
1939 994 2018 1040 ta-

442 1099 564 1137 men
600 1083 873 1152 pr0prium
919 1081 1121 1144 locum,
1182 1082 1295 1134 sive
1361 1078 1584 1150 gradum
1643 1088 1699 1132 et
1754 1079 2014 1133 honorem

438 1174 835 1230 sacerdotalem
892 1172 1139 1237 amittet;
1190 1182 1408 1240 propter
1469 1170 1571 1222 ltoc
1614 1169 1789 1237 ipsum
1841 1173 2014 1224 solum

438 1266 742 1332 depositus,
776 1265 916 1332 quod
957 1264 1163 1316 scilicet
1188 1260 1364 1316 forum
1384 1261 1816 1317 ecclesiasticum
1856 1276 2016 1315 recu-

444 1357 669 1419 saverit,
698 1365 752 1409 et
781 1354 937 1407 civile
972 1353 1221 1422 elegerit.
1251 1353 1319 1407 Et
1358 1354 1580 1422 quando
1607 1350 1774 1405 fuerit
1798 1352 2015 1420 quidem

440 1445 724 1500 criminale
786 1444 1075 1514 judicium,
1104 1444 1185 1497 sic
1236 1443 1382 1497 erit:
1445 1445 1664 1512 quando
1718 1453 1902 1497 autem
1935 1453 2020 1497 est

439 1538 601 1592 civile
630 1540 775 1606 quod
801 1549 1068 1602 movetur,
1101 1551 1192 1589 seu
1237 1537 1637 1604 pecuniarium,
1679 1537 1893 1591 etiamsi
1925 1551 2016 1591 sa-

440 1636 632 1685 cratus
664 1631 990 1684 sententiam
1026 1628 1344 1692 obtinuerit,
1382 1632 1465 1682 sic
1495 1643 1710 1697 quoque
1737 1644 1765 1681 a
1797 1629 2020 1699 prOprio

444 1723 612 1790 gradu
673 1722 908 1787 excidet,
949 1721 1052 1775 nisi
1112 1736 1225 1775 rem
1290 1723 1697 1789 contempserit,
1749 1737 1846 1790 pro
1909 1736 2015 1792 qua

443 1816 768 1869 smtentiam
815 1813 1066 1876 obtinuit,
1099 1821 1153 1866 et
1198 1827 1262 1866 ea
1310 1813 1533 1867 cesserit
1582 1813 1895 1868 adversario
1917 1828 2017 1868 suo

443 1920 473 1958 a
502 1920 562 1959 se
597 1915 875 1972 snperato.
913 1906 1177 1959 Praucrea
1228 1892 1585 1956 decreverunt
1631 1902 1843 1970 Patres,
1880 1914 1938 1958 ut
1970 1905 2015 1959 si

445 1997 570 2065 quis
599 1998 859 2051 adversus
891 1997 1269 2066 episcoporum
1308 1996 1391 2048 vel
1432 1997 1659 2049 aliorum
1687 1998 2019 2052 ecclesiasti-

443 2102 632 2142 corum
684 2087 927 2156 judicqu
961 2087 1285 2141 sententiam
1345 2088 1718 2156 appellaverit,
1754 2098 1808 2144 et
1840 2090 2019 2158 appel-

444 2178 575 2234 latio
613 2179 679 2233 ad
713 2179 971 2247 majorem
996 2181 1256 2249 jndicem,
1287 2181 1725 2236 ecclesiasticum
1748 2184 2016 2250 videlicet,

453 2272 708 2334 redierit,
773 2269 925 2338 juxta
982 2273 1340 2328 universalem
1390 2272 1531 2340 juris
1595 2275 1856 2341 regulam,
1897 2288 2018 2342 qua:

449 2363 661 2423 statuit,
704 2361 938 2431 judices,
970 2363 1035 2415 ad
1066 2379 1202 2432 quos
1232 2365 1554 2434 appellatur,
1606 2376 1861 2432 oportere
1898 2382 2021 2421 esse

450 2450 687 2516 majores
712 2451 778 2503 iis
809 2452 900 2519 qui
932 2452 1167 2518 primmu
1209 2454 1571 2523 judicaverint
1600 2471 1614 2507 :
1650 2463 1705 2509 et
1733 2458 2021 2527 contigerit

447 2555 480 2593 a
503 2539 774 2609 jndicibns
794 2543 1171 2611 appellationis
1203 2547 1428 2614 primam
1455 2550 1776 2602 sententiam
1809 2549 1977 2603 everti
2002 2567 2018 2616 ;

449 2630 597 2683 nulla
627 2630 679 2682 in
718 2645 776 2684 re
808 2633 1073 2684 laedantur
1097 2632 1153 2696 ii,
1182 2634 1274 2703 qui
1308 2633 1538 2703 primam
1577 2640 1907 2694 sententiam
1941 2649 2023 2691 tu-

451 2720 649 2786 lerunt,
672 2723 788 2775 sive
836 2723 906 2774 sit
960 2738 1125 2777 causa
1158 2727 1477 2792 criminalis,
1520 2730 1638 2783 sive
1668 2733 2020 2801 pecuniaria;

452 2809 556 2862 nisi
592 2810 627 2862 ii
665 2810 901 2865 convicti
954 2812 1156 2867 fuerint
1185 2816 1513 2869 sententiam
1550 2818 1738 2872 tulisse
1804 2831 2024 2889 propter

447 2901 631 2954 odium
663 2901 782 2971 ejus
812 2902 906 2970 qui
956 2902 1249 2959 damnatus
1275 2915 1381 2971 est,
1416 2909 1500 2963 vel
1531 2919 1753 2978 propter
1780 2910 2023 2965 all‘ectio-

449 3005 571 3044 nem
605 2993 658 3045 in
693 3008 819 3045 eum
873 2995 967 3062 qui
1008 3005 1090 3049 est
1143 2998 1444 3063 absolutus,
1473 3000 1559 3053 vel
1603 3011 1660 3054 ιιι
1707 3003 2022 3057 muneribus

2114 527 2364 598 ἐναγάγῃ
2416 527 2572 589 παρὰ
2635 526 2898 591 πολιτικῷ
2954 525 3298 598 δικαστηρίῳ
3354 529 3503 582 κατὰ
3537 529 3697 597 ἱερω-

2120 621 2352 691 μένουῆ
2400 620 2638 692 μοναχοῦ
2692 620 2824 689 περὶ
2875 620 3298 690 ἐγκλημτικῆς
3358 620 3700 686 ὑποθέσεως,

2117 715 2151 786 ἢ
2184 716 2237 767 εἴ
2260 731 2344 778 τις
2374 713 2578 776 αὐτῶν,
2614 715 2764 784 παρὰ
2793 712 2870 782 τῷ
2902 714 3202 783 προσφόρῳ
3240 713 3695 783 ἐκκλησιαστικῷ

2116 804 2454 872 δικαστηρίῳ
2509 802 2834 865 ἐλκυσθεὶς,
2891 805 3295 871 παραιτήσεται
3356 804 3538 869 τοῦτο,
3599 805 3696 857 καὶ

2117 893 2425 958 ἐπιλέξεται
2466 893 2824 962 δικαστήριον
2873 891 3176 961 δημοτικὸν
3225 894 3346 965 ήτοι
3410 894 3694 947 πολιτικὸν

2120 984 2301 1058 (τοῦτο
2378 985 2488 1055 γάρ
2550 985 2664 1037 ἐστι
2736 984 2798 1036 τὸ
2874 983 3083 1038 ἐθέλειν
3154 987 3503 1057 καθαρθῆναι
3575 987 3696 1058 ήτοι

2119 1076 2448 1146 άθωωθῆναι
2484 1074 2583 1128 τοῦ
2613 1074 2944 1142 αἰτιάματος
2985 1076 3076 1131 διὰ
3115 1078 3379 1148 δημοσίου
3426 1078 3691 1149 δικαστη-

2121 1164 2435 1240 ρίου),ικᾶν
2476 1164 2676 1234 νικήσῃ
2722 1166 2781 1216 ἐν
2847 1165 2928 1234 τῷ
2982 1165 3330 1238 δικαστηρίῳ
3373 1169 3572 1239 ἐκείνῳ
3616 1167 3698 1240 τῷ

2118 1235 2409 1328 πολιτικῷ,
2456 1258 2569 1312 εἴτε
2612 1256 2690 1321 ώς
2733 1256 2983 1323 ἐνάγων,
3031 1260 3086 1311 εἰ
3128 1235 3309 1326 τενώςγ
3343 1235 3698 1332 ἐναγόμενος,

2119 1350 2276 1418 ὅμως
2304 1351 2396 1402 τὸν
2432 1350 2566 1406 ἴδιον
2590 1354 2776 1421 τόπον,
2800 1356 2918 1427 ήτοι
2945 1355 3156 1427 βαθμὸν
3176 1357 3272 1410 καὶ
3298 1356 3396 1427 τήν
3421 1355 3703 1428 ἱερατικὴν

2118 1437 2287 1516 τιμὴᾼν
2315 1437 2578 1493 ἀπολέσει
2606 1457 2622 1472 ο
2649 1441 2739 1495 διὰ
2772 1444 2932 1497 τοῦτο
2979 1444 3115 1498 αὐτὸ
3143 1445 3242 1498 καὶ
3287 1446 3452 1516 μόνον
3501 1446 3699 1500 καθαι⁴

2125 1505 2409 1599 ροόμενος,
2444 1530 2532 1585 διὰ
2563 1532 2625 1586 τὸ
2657 1534 3103 1606 παραιτήσασθαι
3134 1535 3196 1589 τὸ
3225 1505 3695 1607 ἐκκλησιαστικὸν

2121 1620 2495 1693 δικαστήριον,
2524 1625 2622 1679 καὶ
2653 1625 3012 1691 ἐπιλέξασθαι
3041 1626 3102 1681 τὸ
3128 1628 3430 1682 πολιτικόν.
3460 1629 3589 1682 Καὶ·
3608 1629 3697 1682 ὅτε

2128 1714 2229 1782 μὲν
2277 1715 2685 1785 ἐγκληματικὸν
2736 1717 2827 1788 εἴη
2865 1718 2926 1772 τὸ
2978 1720 3356 1790 δικαστήριον,
3402 1721 3700 1791 γενήσεται

2123 1809 2284 1862 τοῦτο
2312 1827 2326 1842 ο
2375 1811 2465 1863 ὅτε
2512 1811 2573 1864 δὲ
2622 1810 2904 1866 πολιτικόν
2958 1814 3079 1867 ἐστι
3119 1813 3182 1866 τὸ
3233 1812 3549 1884 κινούμενον
3580 1814 3700 1887 ήτοι

2124 1904 2487 1975 χρηματικὸν,
2522 1903 2629 1958 κᾶν
2670 1903 2936 1976 δικαιωθῇ
2970 1908 2998 1960 ὁ
3031 1906 3346 1977 ίερωμένος,
3402 1910 3498 1960 καὶ
3525 1906 3699 1974 οὕτως

2124 1995 2442 2047 ἐκπεσεῖται
2468 1995 2563 2048 τοῦ
2596 1996 2800 2049 οίκείου
2833 1995 3068 2065 βαθμοῦ,
3097 2000 3146 2050 τί
3182 1998 3257 2066 μὴ
3285 1998 3701 2069 καταφρονήσει

2122 2085 2218 2138 τοῦ
2245 2086 2573 2157 πράγματος
2601 2087 2692 2156 ἐφ’
2724 2081 2769 2155 ᾧ
2802 2088 3122 2157 ἐδικαιώθη,
3155 2089 3249 2141 καὶ
3294 2092 3698 2160 παραχωρήσει

2124 2174 2423 2231 εἷναιαύτὸ
2457 2180 2610 2249 παρὰ
2629 2178 2709 2249 τῷ
2742 2180 3002 2252 ἀντιδίκῳ
3046 2180 3213 2234 αὐτοῦ
3255 2180 3333 2251 τῷ
3375 2182 3694 2253 ἡττηθέντι.

2126 2270 2268 2339 Πρὸς
2302 2269 2515 2331 τούτοις
2546 2270 2758 2338 ὥρισαν
2786 2273 2835 2324 οἱ
2860 2272 3129 2344 Πατέρες,
3167 2271 3280 2336 ἵνα,
3313 2273 3412 2328 ἐὰν
3460 2275 3693 2328 ἐκκαλέ-

2127 2362 2288 2432 σηταί
2335 2379 2420 2425 τις
2475 2364 2619 2416 κατὰ
2661 2363 2996 2432 ἀποφάσεως
3040 2366 3365 2419 ἐπισκόπων
3411 2367 3443 2438 ἢ
3496 2369 3701 2439 ἐτέρων

2124 2454 2398 2509 δικαστῶν
2436 2456 2938 2526 ἐκκλησιαστικῶν,
2969 2458 3064 2511 καὶ
3117 2459 3152 2528 ἡ
3187 2457 3454 2529 ἐκκλητος
3489 2461 3699 2514 ἐπαναο

2124 2546 2311 2617 δράμῃ
2337 2547 2413 2608 εις
2439 2546 2659 2616 μείζονα
2682 2548 2966 2614 δικαστὴν,
2985 2549 3202 2612 πάντως
3222 2550 3697 2622 ἐκκλησιαστικὸν,

2124 2639 2267 2692 κατὰ
2310 2641 2409 2709 τὴν
2450 2639 2684 2693 καθόλου
2716 2640 2949 2710 νομικὴν
2984 2640 3367 2706 διδασκαλίαν,
3392 2643 3491 2716 τήν
3523 2645 3699 2716 διορι-

2128 2729 2368 2800 ζομένην
2410 2733 2538 2795 τοὺς
2600 2731 2897 2801 ἐκκλήτους
2945 2733 3211 2797 δικαστὰς
3258 2735 3500 2803 ὀφείλειν
3551 2731 3697 2792 εἶναι

2130 2825 2382 2893 μείζονας
2432 2824 2540 2876 τῶν
2606 2825 2839 2893 πρώτως
2916 2825 3292 2890 δικασάντων,
3353 2828 3449 2882 καὶ
3517 2830 3698 2901 συμόῇ

2125 2915 2517 2984 ἀνατραπῆναι
2566 2915 2666 2986 τήν
2736 2916 2964 2986 πρώτην
3033 2919 3316 2987 ἀπόφασιν
3381 2920 3533 2990 παρὰ
3594 2922 3702 2973 τῶν
3793 2931 3803 2940 ”

2129 3004 2505 3076 ἐκκληταρίων
2552 3006 2865 3073 δικαστῶν,
2932 3009 3079 3062 κατά
3135 3012 3305 3081 μηδὲν
3364 3012 3700 3081 βλάπτεσθαι

448 3086 733 3153 corrupti;
779 3088 832 3139 id
863 3088 1009 3141 enim
1040 3098 1124 3141 est
1151 3090 1321 3157 gratia
1368 3102 1685 3161 corruptum
1723 3106 1882 3152 esse;
1925 3101 2019 3146 aut

2126 3097 2255 3158 τοὺς
2302 3097 2538 3165 πρώτως
2600 3099 3102 3169 ἀποφηναμένους,
3150 3102 3256 3153 κᾶν
3308 3105 3697 3174 ἐγκληματική

450 3178 766 3230 muneribus
830 3180 1202 3247 corrumpitur
1248 3181 1564 3249 quispiam,
1626 3183 1707 3237 vel
1762 3186 2019 3252 pecunias

450 3266 786 3333 accipiendo,
812 3268 894 3320 vel
922 3284 987 3322 eo
1009 3269 1101 3337 qui
1125 3272 1299 3338 ipsum
1333 3274 1599 3341 corrupit,
1632 3275 1814 3343 aliqua
1840 3277 2018 3346 gratia

449 3356 537 3410 vel
566 3358 830 3413 beneﬁcio
862 3361 1196 3416 demerente.
1239 3361 1376 3416 Nota
1410 3378 1539 3433 ergo
1563 3377 1887 3435 pra-sententi
1923 3384 2022 3422 ca-

449 3465 670 3517 nonetn,
726 3451 973 3505 homines
1004 3461 1250 3508 sacratos
1304 3458 1455 3514 valde
1514 3462 1872 3529 punientem,
1930 3462 2019 3528 qui

450 3547 939 3611 quomodocunque
994 3545 1046 3597 in
1104 3545 1340 3613 politicis
1391 3548 1612 3616 judiciis
1645 3552 1873 3621 litigant.
1908 3550 2021 3605 Nec

456 3634 553 3688 tibi
605 3637 938 3688 contrarium
985 3636 1227 3687 videatur
1274 3652 1394 3707 cap.
1437 3639 1527 3704 90,
1580 3643 1663 3698 tit.
1718 3643 1771 3708 1,
1827 3642 1919 3695 lib.
1973 3659 2021 3698 χι

449 3723 649 3779 Basilio
680 3763 695 3788 ,
729 3736 784 3779 et
815 3741 939 3794 cap.
976 3726 1031 3787 9.
1059 3727 1141 3781 tit.
1168 3725 1222 3790 ’5,
1251 3726 1347 3781 lib.
1377 3746 1457 3795 ιιι,
1489 3733 1629 3799 quod
1656 3734 1805 3797 dicit,
1841 3749 2025 3789 sacra-

452 3827 536 3869 tos
564 3818 879 3869 renuntiare
903 3833 1061 3886 posse
1088 3824 1377 3879 sacerdotii
1409 3825 1818 3895 prwscriptioni.
1841 3826 2024 3892 Quan-

450 3914 562 3959 tum
622 3908 765 3961 enim
823 3912 889 3962 ad
950 3916 1321 3971 adversarium
1352 3919 1569 3981 attinet,
1600 3919 1738 3971 valet
1790 3919 1894 3972 hoc
1925 3936 2015 3987 pa-

449 4009 617 4053 ctum.
682 4000 778 4053 Est
827 4012 1009 4056 autem
1063 4006 1168 4059 alia
1196 4009 1338 4062 ratio
1363 4010 1507 4074 quod
1537 4010 1836 4063 secundum
1886 4026 2024 4079 prae-

451 4099 660 4145 sentem
695 4109 959 4148 canonem
1018 4097 1232 4150 laeditur
1295 4099 1386 4167 qui
1446 4115 1575 4153 eum
1637 4102 2026 4169 contempserit

451 4183 627 4236 sacris
709 4183 977 4237 initiatus.
1037 4184 1181 4254 Lege
1240 4197 1294 4241 et
1353 4189 1715 4242 centesimum
1771 4201 2025 4256 quartum

452 4285 717 4324 canonem
800 4274 1352 4344 synodijjprzesentis,
1400 4286 1455 4330 et
1501 4276 1761 4331 Chalced.
1832 4280 2025 4348 synodi

453 4375 715 4414 canouem
748 4360 804 4416 9.
826 4361 962 4415 Cum
997 4375 1177 4416 autem
1200 4379 1371 4417 canon
1391 4366 1638 4433 superius
1669 4371 1938 4427 Statum-it,
1970 4375 2026 4419 nt

2126 3189 2383 3255 ἐστι,κᾶν
2412 3194 2729 3261 χρηματικῇ
2770 3192 3046 3257 ὑπόθεσις·
3083 3195 3131 3247 εί
3163 3195 3332 3264 μήπω
3362 3195 3696 3266 ἐλεγχθῶσιν

2125 3277 2271 3336 οὗτοι
2306 3283 2717 3351 ἀποφηνάμενοι
2746 3286 2887 3338 κατὰ
2915 3285 3118 3355 ἔχθραν
3147 3286 3242 3340 τοῦ
3270 3290 3704 3344 καταδικασθέν-

2126 3389 2238 3437 τος,
2273 3373 2306 3443 ῆ
2336 3373 2478 3425 κατὰ
2537 3375 2919 3441 προσπάθειαν
2956 3376 3051 3428 τοῦ
3103 3377 3511 3443 δικαιωθέντος,
3553 3380 3586 3452 ἦ
3624 3380 3702 3441 ὡς

2076 3498 2081 3505 ι
2126 3464 2589 3536 δωροδοκηθέντες
2610 3481 2624 3496 ο
2658 3466 2817 3519 τοῦτο
2855 3468 2964 3537 γάρ
2997 3470 3115 3520 ἐστι
3145 3471 3204 3521 τὸ
3237 3470 3425 3542 χάριτι
3457 3472 3697 3540 ὑποφθα-

2130 3557 2319 3627 ρῆναι’
2344 3557 2463 3628 ήτοι
2495 3558 2876 3628 δωροδοκεῖταί
2904 3576 2987 3621 τις
3014 3561 3048 3632 ἢ
3081 3561 3348 3634 χρήματα
3380 3563 3701 3634 λαμϐάνων,

2126 3645 2160 3716 ἢ
2213 3646 2380 3716 ἄλλην
2425 3648 2548 3702 τινὰ
2594 3649 2759 3718 χάριν
2802 3649 2954 3720 αὐτῷ
3002 3652 3340 3721 πληροῦντος
3388 3654 3484 3707 τοῦ
3539 3652 3704 3708 αὖτὸν

2127 3735 2578 3806 ὑποφθείραντος.
2606 3739 2919 3808 Σημείωσαι
2956 3741 3049 3794 οὖν
3083 3744 3174 3795 τὸν
3198 3744 3444 3815 παρόντα
3471 3747 3695 3811 κανόνα,

2131 3828 2381 3896 μεγάλως
2427 3828 2727 3894 κολάζοντα
2765 3832 2893 3894 τοὺς
2940 3833 3254 3904 ἱερατικοὺς
3300 3835 3699 3907 δικαζομένους

2127 3920 2487 3989 ὁπωσδήποτε
2550 3923 2631 3984 εἰς
2695 3922 3028 3993 δικαστήρια
3092 3928 3369 3981 πολιτικά.
3435 3930 3545 3983 Καὶ
3624 3934 3703 3998 μὴ

2128 4015 2423 4084 ἐναντιωθῇ
2452 4028 2533 4066 σοι
2552 4016 2612 4066 τὸ
2640 4032 2766 4085 κεφ.
2787 4020 2835 4082 l1]
2862 4016 2957 4070 τοῦ
2987 4015 3035 4070 α’
3057 4017 3239 4071 τίτλου
3270 4019 3363 4072 τοῦ
3396 4027 3465 4075 ια’
3497 4023 3703 4090 βιόλίου

2127 4104 2234 4156 τῶν
2264 4103 2591 4171 Βασιλικῶν,
2617 4108 2711 4160 καὶ
2759 4108 2819 4160 τὸ
2854 4108 2899 4160 θ’
2950 4125 3080 4175 κεφ.
3130 4108 3226 4163 τοῦ
3262 4109 3314 4177 γ’
3335 4112 3440 4166 τίτ.
3493 4113 3704 4182 βιϐλίου

2126 4193 2220 4248 τοῦ
2259 4192 2307 4263 γ’
2340 4195 2592 4262 λέγοντος
2635 4197 2897 4252 δύνασθαι
2934 4199 3061 4264 τοὺς
3101 4200 3430 4272 ἱερωμένους
3469 4205 3706 4258 ἀπατάτ-

2127 4285 2316 4339 τεσθαι
2371 4289 2437 4357 τῇ
2486 4288 2586 4356 τῆς
2642 4289 2949 4361 ἱερωσύνης
2996 4297 3371 4365 παραγραφῇ·
3424 4294 3549 4348 ὅσον
3594 4298 3706 4369 γὰρ

2129 4377 2265 4443 πρὸς
2311 4380 2403 4430 τὸν
2457 4379 2731 4433 ἀντίδικον
2794 4381 3031 4454 ἔρρωται
3073 4383 3135 4436 τὸ
3185 4384 3480 4455 σύμφωνον
3522 4387 3703 4441 τοῦτο.

451 4456 689 4524 episcopi
712 4454 869 4525 531
899 4471 925 4506 a
951 4455 1232 4510 duodecim
1250 4457 1860 4527 episcopisjmlicentnr,
1885 4477 1910 4512 a
1933 4477 2020 4514 sex

2132 4468 2360 4539 Ἕτερον
2393 4469 2449 4523 δὲ
2477 4469 2638 4538 λόγου
2665 4472 2803 4538 ἐστὶ,
2824 4445 2918 4527 ’ὅτι
2949 4445 3414 4544 βλάπτεταίκατὰ
3436 4480 3530 4534 τὸν
3563 4497 3706 4551 παρ-

454 4557 635 4598 autem
686 4548 1024 4611 sacerdotes,
1057 4557 1110 4602 et
1138 4549 1352 4603 diaconi
1390 4565 1419 4601 a
1473 4553 1646 4604 tribus
1681 4567 1693 4605 :
1730 4552 2027 4621 subjnnxe-

456 4650 585 4692 ruut
650 4638 864 4703 Patres,
917 4640 1060 4708 quod
1120 4655 1241 4709 qua:
1294 4643 1361 4694 de
1393 4642 1853 4711 appellationibus
1883 4646 2025 4697 dicta

452 4740 578 4783 sunt
613 4740 665 4785 et
703 4732 907 4797 reliqua
953 4730 1129 4784 locum
1168 4735 1387 4796 habent,
1429 4736 1651 4803 quando
1697 4734 1904 4803 judicia
1932 4751 2025 4791 ec-

449 4822 754 4879 clesiastica
811 4825 951 4892 apud
980 4835 1058 4879 tot
1084 4834 1458 4894 competentes
1504 4827 1719 4896 judices
1766 4827 1968 4882 fuerint
2005 4845 2022 4883 :

452 4928 557 4967 non
613 4924 817 4976 autem,
844 4917 1063 4983 quando
1093 4933 1157 4971 ex
1187 4919 1525 4973 accusatoris
1567 4928 1623 4973 et
1657 4917 1773 4986 ejus
1813 4920 1906 4989 qui
1938 4934 2030 4974 ac-

451 5013 674 5056 cusatur
701 5006 1003 5068 voluntate,
1044 5010 1184 5077 apud
1214 5010 1428 5079 aliquos
1459 5010 1662 5064 electos
1702 5025 1794 5064 seu
1826 5026 1890 5065 ex
1915 5011 2027 5064 ele-

451 5094 634 5149 ctione
683 5108 965 5164 susceptos
990 5099 1223 5165 judices,
1256 5106 1347 5169 qni
1398 5118 1539 5169 saepe
1589 5113 1711 5157 sunt
1744 5104 2028 5171 pauciores

453 5201 615 5253 quam
673 5188 977 5243 canonibus
1033 5194 1389 5247 constitutum
1455 5196 1548 5259 sit,
1609 5194 1776 5262 aliqui
1820 5194 2028 5262 judicio

448 5278 847 5331 contenderint.
901 5279 1056 5337 Tunc
1084 5284 1230 5337 enim
1263 5286 1316 5337 in
1371 5299 1560 5339 eorum
1597 5289 1925 5339 sententiam
1962 5303 2026 5341 ne

447 5365 737 5434 appellatio
791 5370 1004 5438 quidem
1059 5373 1243 5438 cadit,
1278 5384 1334 5426 ut
1392 5376 1523 5429 dicit
1575 5375 1654 5428 lex
1713 5376 1764 5429 in
1801 5375 1891 5431 lib.
1930 5391 2025 5439 vtl,

452 5460 535 5512 tit.
571 5458 627 5526 2,
687 5475 808 5531 cap.
834 5461 929 5527 27,
964 5466 1128 5522 them.
1157 5467 1213 5530 5,
1268 5466 1412 5537 quod
1447 5469 1534 5522 hic
1567 5483 1627 5523 se
1659 5470 1862 5534 habet;
1898 5471 2027 5525 Sive

442 5550 595 5617 justa
653 5553 771 5608 sive
826 5555 1025 5624 injusta
1059 5568 1142 5612 est
1173 5560 1331 5614 electi
1378 5560 1580 5629 judicis
1651 5564 1939 5629 sententia,
1975 5565 2023 5618 ei

447 5652 593 5709 stare
636 5655 874 5712 oportet.
914 5647 978 5700 Et
1015 5663 1180 5720 caput
1226 5653 1445 5707 tertium
1502 5655 1745 5726 ejusdem
1799 5657 1925 5711 libri
1960 5673 2026 5712 ac

449 5730 588 5785 tituli
616 5747 630 5785 :
659 5731 775 5789 Non
804 5739 1043 5806 indigent
1080 5745 1461 5811 provocatione
1488 5745 1688 5815 judicis
1716 5749 1875 5806 electi
1902 5765 2026 5806 sen-

2128 4562 2257 4615 όντα
2300 4564 2503 4615 κανόνα
2545 4565 2574 4615 ὁ
2603 4567 3029 4636 καταφρονήσας
3072 4569 3266 4624 τούτου
3298 4572 3703 4643 ό.ἰερωμένος⁶

2130 4655 2223 4705 καὶ
2250 4654 2524 4721 ἀνάγνωθι
2560 4655 2651 4708 τὸν
2679 4654 2755 4726 pb"
2794 4659 2995 4711 κανόνα
3025 4645 3126 4729 τῆς
3159 4666 3449 4732 παρούσης
3479 4666 3703 4717 συνόδου

2128 4745 2223 4794 καὶ
2270 4743 2370 4811 τῆς
2416 4746 2475 4796 ἐν
2518 4742 2830 4815 Χαλκηδόνι
2880 4750 3084 4802 κανόνα
3122 4749 3187 4806 θ’.
3236 4752 3342 4805 Τοῦ
3384 4753 3441 4806 δὲ
3480 4760 3707 4818 κανόνος

2129 4834 2337 4887 ἄνωθεν
2371 4835 2755 4904 ὃιορισαμένου
2787 4840 2892 4891 ὑπὸ
2922 4839 3132 4895 δώδεκα
3164 4845 3486 4898 ἐπισκόπων
3516 4848 3706 4916 κρίνε-

2131 4925 2253 4976 σθαι
2277 4927 2403 4986 τοὺς
2428 4928 2780 4992 ἐπισκόπους,
2813 4932 2918 4984 ὑπὸ
2958 4931 3016 4997 ἐξ
3046 4935 3170 4997 τοὺς
3222 4936 3408 5006 ἱερεῖς,
3439 4939 3535 4989 καὶ
3574 4940 3706 5003 τοὺς

2126 5014 2413 5078 διακόνους
2458 5015 2563 5068 ὑπὸ
2603 5019 2797 5089 τριῶν,
2826 5022 3106 5091 ἐπήγαγον
3154 5025 3203 5076 oi
3253 5025 3497 5095 Πατέρες
3535 5027 3611 5088 ὼς
3639 5029 3709 5085 τὰ

2130 5104 2260 5173 περὶ
2299 5104 2408 5158 τῶν
2462 5106 2744 5177 ἐκκλήτων
2780 5114 2873 5164 καὶ
2908 5114 2977 5165 τὰ
3022 5114 3185 5167 λοιπα
3234 5115 3422 5186 χώραν
3464 5116 3707 5189 ἔχουσιν,

2127 5195 2214 5247 ὅτε
2256 5198 2324 5247 τὰ
2364 5196 2795 5265 ὲκκλησιοιστικὲι
2844 5202 3176 5274 δικαστήρια
3225 5209 3380 5279 παρὰ
3428 5210 3708 5272 τοσούτοις

2130 5291 2461 5362 προσφόροις
2492 5293 2773 5360 δικασταῖς
2814 5300 3116 5363 γένωνται·
3156 5302 3219 5354 οὐ
3254 5305 3385 5373 μὴν,
3421 5305 3516 5358 ὅτε
3557 5307 3706 5359 κατὰ

2129 5382 2350 5451 θέλησιν
2415 5386 2511 5439 τοῦ
2579 5389 2894 5460 κατηγόρου
2941 5393 3034 5445 καὶ
3076 5392 3171 5447 τοῦ
3226 5400 3709 5469 κατηγορουμένου

2128 5477 2281 5547 παρά
2332 5495 2474 5531 τισιν
2541 5479 2898 5547 ἐπιλεγείσιν,
2955 5481 3030 5545 ὡς
3104 5486 3348 5556 αἱρετοίς
3418 5489 3708 5550 δικασταῖς

2129 5569 2388 5634 πολλάκις
2410 5570 2501 5623 καὶ
2529 5570 2878 5643 ὀλιγωτέροις
2903 5568 3021 5628 οὖσι
3055 5576 3163 5630 τῶν
3186 5578 3518 5649 ὁρισθέντων
3552 5581 3707 5649 παρὰ

2126 5662 2235 5716 τῶν
2282 5663 2553 5725 κανόνων,
2612 5662 2913 5720 δικασθῶσί
2981 5686 3149 5733 τινες.
3207 5671 3525 5740 Ἰήνικαῦτα
3600 5679 3711 5740 γὰρ

2129 5755 2252 5808 οὐδὲ
2280 5754 2532 5825 ἐκκλήτῳ
2557 5754 2917 5813 ύποπεσεῖται
2955 5763 2986 5832 ή
3030 5762 3238 5816 τούτων
3288 5765 3589 5827 ἀπόφασις,
3636 5766 3707 5824 ὡς
