4034 6426
294 412 370 477 73
1401 421 1485 484 IN
1524 425 1687 485 CAN.
1732 426 1831 487 xv
1858 427 2064 491 coxa.
2111 404 2495 500 maritae.

3491 445 3561 509 74

293 541 470 596 φησιν
514 527 543 582 6
602 527 772 597 νόμος
824 528 885 582 ἐν
923 528 1115 600 βιϐλίῳ
1156 526 1222 595 ζ’,
1270 528 1436 601 τίτλῳ
1491 531 1557 603 β’,
1599 550 1727 602 κεφ.
1765 533 1861 599 κζ’,

1980 539 2309 597 tentia.Post
2345 544 2455 599 time
2486 561 2660 601 canon
2710 549 2777 604 de
2822 548 2945 606 aliis
2986 551 3354 620 sacerdotum,
3396 536 3553 612 dicit.

293 614 495 684 θέματι
545 621 617 683 γ’,
660 615 841 681 οὕτως
894 618 1106 686 ἕχοντιο
1139 618 1263 672 Εἴτε
1313 619 1500 674 δικαία
1546 623 1657 674 εἴτε
1694 623 1878 686 ἄδικός

290 704 441 758 ἐστιν
468 705 502 773 ή
541 705 636 756 τοῦ
664 705 889 773 αἱρετοῦ
923 706 1125 774 ψῆφος,
1162 707 1424 776 ἐμμένειν
1453 707 1562 760 δεῖ·
1597 709 1689 761 καὶ
1736 710 1799 760 τὸ
1829 716 1877 776 γ’

292 811 423 862 κεφ.
470 795 567 848 τοῦ
634 795 804 849 αὐτοῦ
851 797 1059 866 βιϐλίου
1106 799 1200 851 καὶ
1262 799 1476 852 τίτλου·
1529 801 1620 869 Μὴ
1684 801 1875 869 χρείαν

288 887 465 955 ὲχέτω
493 890 761 956 ἐκκλήτου
884 890 978 942 τοῦ
1010 889 1231 959 αἱρετοῦ
1272 890 1528 944 δικαστοῦ
1576 893 1874 960 ἀπόφασις.

300 979 430 1031 Ἐπὶ
463 980 680 1044 τούτοις
711 984 739 1034 6
760 981 945 1035 κανὼν
972 984 1099 1048 περὶ
1134 982 1245 1034 τῶν
1277 982 1485 1036 τέκνων
1529 984 1639 1036 τῶν
1675 986 1870 1053 ἱερέων

289 1074 483 1142 φησὶν,
534 1074 625 1126 ἵνα
689 1075 828 1144 μήτε
874 1074 1078 1144 θεὼρια
1135 1073 1425 1139 ἐκτελῶσι,
1493 1077 1632 1146 μήτε
1693 1076 1874 1130 ἄλλων

285 1165 555 1218 τοιούτων
591 1165 1007 1234 παραγίνωνται
1042 1168 1134 1218 καὶ
1167 1165 1449 1234 θεωρῶσιν
1471 1184 1487 1201 ο
1514 1168 1597 1220 ὅτι
1621 1169 1715 1219 καὶ
1738 1172 1872 1222 πᾶσι

287 1258 648 1329 Χριστιανοῖς
709 1259 1048 1326 κεκήρυκται
1095 1256 1172 1327 μὴ
1212 1259 1495 1328 προσιέναι
1550 1259 1685 1312 ὅπου
1738 1258 1871 1328 βλα-

289 1350 538 1418 σφημίαι
566 1349 695 1404 εἰσί.
725 1348 941 1419 Θεώρια
979 1349 1036 1400 δέ
1076 1349 1330 1415 λέγονται
1362 1351 1424 1402 οὐ
1462 1350 1624 1419 μόνον
1670 1352 1738 1402 τὰ
1778 1351 1869 1403 ἱπ-

284 1441 591 1511 ποδρόμια,
614 1441 752 1494 ἁλλᾶ
780 1444 874 1494 καὶ
919 1443 1067 1494 πᾶσα
1111 1441 1229 1504 θέα,
1264 1442 1601 1511 θηριομαχία
1643 1441 1866 1511 δηλαδὴ,

291 1536 530 1601 παίγνια
567 1532 776 1601 μίμων,
805 1532 1054 1602 ὄρχησις,
1102 1532 1197 1585 καὶ
1239 1533 1374 1587 ἄλλα
1416 1532 1642 1587 τοιαῦτα
1677 1532 1875 1599 δαιμο-

284 1625 452 1695 νιώδη
486 1625 652 1694 ἔργα.
687 1624 874 1677 Ταῦτα
911 1624 1006 1675 τοῦ
1042 1626 1264 1686 κανόνος
1305 1623 1709 1691 διοριζομένου,
1744 1621 1869 1675 εἰπὲ

280 1718 366 1771 ὅτι
396 1717 482 1779 τὸ,
521 1718 629 1770 κᾶν
670 1718 703 1787 ή
740 1718 923 1787 ψῆφος
969 1718 1111 1787 ὑπὲρ
1156 1717 1323 1771 αὑτοῦ
1354 1715 1669 1786 ἐκφωνηθῇ,
1700 1730 1870 1787 προσ-

260 1811 455 1881 οετέθη
490 1811 581 1865 διὰ
611 1810 741 1874 τοὺς
783 1811 1045 1878 λέγοντας
1074 1808 1316 1877 ὀφείλειν
1348 1807 1734 1876 καθαιρεῖσθαι
1766 1807 1867 1878 μό-

281 1921 372 1957 νον
402 1904 494 1956 τὸν
518 1902 663 1956 οὕτω
705 1903 1073 1972 δικασάμενον
1119 1900 1415 1971 ἱερωμένον
1454 1900 1616 1971 χάριν
1662 1899 1863 1970 ἐγκλη-

284 1996 526 2066 partiti};
560 1995 874 2057 ὑποθέσεως
907 1999 1001 2047 καὶ
1033 1994 1360 2063 ἡττηθέντα,
1390 1993 1450 2044 ού
1498 1990 1606 2062 μὴν
1641 1992 1737 2044 καὶ
1771 1991 1863 2045 τὸν

280 2089 618 2154 νικήσαντα,
648 2085 724 2149 ὡς
752 2085 968 2139 δικαίαν
1000 2084 1191 2154 ἔχοντα
1236 2082 1518 2137 ὑπόθεσιν.
1555 2084 1663 2135 Καὶ
1692 2084 1861 2152 ἄμφω

285 2180 397 2248 γὰρ
422 2178 949 2248 καθαιρεθήσονται,
976 2177 1049 2239 ὡς
1082 2176 1341 2247 ὑϐρισταὶ
1368 2176 1468 2242 τῆς
1503 2175 1863 2243 Ἐκκλησίας,

296 2272 495 2324 καὶτοῦ
526 2271 758 2332 κανόνος
784 2268 1063 2338 ἁθετηταί.
1110 2268 1168 2319 '0
1212 2269 1399 2337 μέντοι
1444 2268 1534 2319 τὸν
1568 2268 1870 2335 ἐκκλησια-

293 2365 472 2417 στικὸν
505 2364 750 2426 ἑλκύσας
783 2363 1083 2432 ἱερωμένος
1109 2363 1189 2424 εἰς
1221 2362 1489 2429 κοσμικὸν
1516 2360 1867 2431 δικαστήριον

286 2457 451 2532 χάριν
474 2456 831 2528 χρηματικῆς
852 2456 1143 2516 αἰτιάσεως
1170 2454 1266 2507 καὶ
1303 2453 1537 2523 νικήσας
1583 2452 1865 2521 καθαιρεῖ·

284 2560 396 2611 ται,
422 2548 520 2600 ἐὰν
559 2549 750 2616 στοιχῇ
784 2548 850 2616 τῇ
876 2545 1019 2613 ὑπὲρ
1053 2542 1219 2597 αὐτοῦ
1266 2544 1563 2612 ἀποφάσει,
1602 2545 1697 2597 καὶ
1770 2542 1900 2613 θέλῃ

1981 627 2061 681 Ne
2092 633 2401 697 spretacnla
2453 647 2731 705 peragant,
2770 652 2867 693 nee
2898 639 3020 693 aliis
3058 644 3434 712 peragentihus
3468 647 3551 700 itt-

1982 724 2173 776 tersint
2220 734 2277 777 et
2323 735 2619 794 spectent:
2676 729 2799 796 quia
2842 738 2897 784 et
2932 734 3185 785 omnibus
3221 733 3553 790 Christianis

1980 812 2327 867 interdictum
2384 826 2487 881 est,
2520 832 2589 871 ne
2616 820 2875 872 accedant
2924 822 3010 875 tibi
3045 833 3170 877 sunt
3199 824 3552 890 blaSphemiac

1977 912 2029 956 et
2054 905 2360 961 maledicta.
2393 904 2712 975 Spectacula
2739 921 2918 966 autem
2950 913 3224 980 dicuntur,
3252 933 3353 969 non
3377 918 3553 971 solum

1978 1008 2238 1061 equorum
2296 1012 2517 1061 cursus,
2554 1002 2648 1054 sed
2698 1011 2752 1054 et
2779 1002 2956 1056 omnis
3002 1006 3218 1070 generis
3263 1006 3554 1072 spectatio,

1978 1084 2278 1139 liellnarnm
2332 1088 2544 1143 scilicet
2588 1093 2918 1159 certamina,
2946 1093 3270 1149 histrimium
3320 1096 3551 1161 ludicra,

1976 1178 2318 1242 saltationes,
2373 1190 2429 1235 et
2485 1180 2795 1250 hnjusmodi
2865 1185 2967 1239 alia
3033 1202 3196 1256 opera
3258 1189 3550 1243 diabolica.

1976 1267 2102 1322 Haec
2138 1279 2319 1324 autem
2381 1273 2711 1329 decernente
2760 1288 2990 1341 canone,
3054 1278 3143 1332 die
3200 1280 3345 1347 quod
3399 1278 3548 1344 illud,

1975 1357 2187 1410 etiamsi
2228 1374 2323 1424 pro
2347 1375 2410 1413 eo
2438 1366 2705 1417 sententia
2744 1364 2848 1416 lata
2879 1368 2969 1430 sit,
3003 1368 3273 1431 adjectum
3307 1378 3390 1422 est
3421 1384 3550 1433 pro-

1974 1454 2096 1515 pter
2118 1462 2228 1512 eos,
2262 1450 2352 1515 qui
2378 1451 2591 1515 dicunt,
2628 1467 2749 1504 eum
2798 1454 2972 1506 solum
2998 1453 3196 1508 debere
3228 1456 3423 1521 deponi
3462 1470 3551 1507 sa-

1971 1547 2205 1600 cratum,
2257 1539 2349 1606 qui
2400 1540 2481 1593 sic
2523 1540 2730 1608 judicio
2767 1542 3046 1595 contendit
3082 1543 3134 1596 in
3171 1558 3334 1597 causa
3360 1544 3549 1595 erimi-

1972 1630 2101 1693 nali,
2152 1640 2207 1683 et
2236 1631 2412 1685 victus
2439 1641 2520 1686 est
2554 1650 2566 1686 :
2598 1649 2708 1687 non
2759 1645 2941 1688 autem
2988 1649 3110 1688 eum
3155 1636 3245 1704 qui
3307 1636 3457 1702 vicit,
3493 1645 3551 1691 ttt

1971 1720 2062 1789 qui
2088 1719 2291 1787 justam
2320 1738 2539 1777 causam
2571 1724 2781 1778 haheat.
2809 1724 2983 1780 Ambo
3008 1726 3153 1780 enim
3182 1727 3546 1796 deponentur,

1974 1813 2162 1880 utqui
2216 1796 2520 1870 Ecclesiam
2581 1815 2777 1884 injuria
2856 1816 3117 1882 alliciant,
3177 1827 3232 1873 et
3276 1833 3547 1874 canonem

1974 1913 2347 1959 contemnant.
2398 1904 2660 1961 Sacratus
2688 1909 2909 1977 quidem
2949 1910 3042 1978 qui
3085 1909 3249 1964 traxit
3284 1911 3547 1965 ecclesia-

1975 1996 2169 2050 sticum
2215 1997 2265 2051 in
2299 1997 2555 2051 steculare
2589 1999 2850 2068 judicium
2883 2015 2980 2068 pro
3019 2016 3177 2055 causa
3210 2003 3546 2070 pecuniaria,

1980 2097 2033 2142 et
2063 2088 2216 2152 vicit,
2273 2088 2581 2158 deponitur,
2618 2090 2660 2142 si
2708 2093 3011 2157 sententite,
3044 2108 3165 2161 qua:
3198 2098 3385 2160 pto'se
3440 2093 3547 2147 lata

1976 2188 2083 2244 est,
2119 2181 2347 2243 steterit,
2379 2189 2434 2233 et
2466 2180 2693 2235 voluerit
2719 2198 2832 2235 rem
2896 2183 3096 2237 habere
3154 2199 3313 2252 quam
3364 2184 3492 2236 Vicit
3526 2200 3542 2237 :

1977 2273 2432 2340 quemadmodum
2463 2282 2517 2327 et
2561 2288 2706 2338 reus,
2742 2274 2784 2327 si
2809 2273 3068 2340 judicium
3113 2275 3543 2330 eet-lesiasticum

1976 2363 2270 2423 recusavit,
2301 2370 2353 2413 et
2398 2361 2558 2414 civile
2592 2363 2803 2429 petivit,
2839 2373 2894 2415 et
2924 2362 3074 2415 vicit.
3122 2362 3175 2417 Si
3218 2370 3361 2418 enim
3397 2363 3546 2418 cedit

1975 2465 2173 2518 re,pro
2200 2466 2301 2517 qua
2333 2449 2584 2519 litigavit,
2622 2466 2775 2504 suum
2815 2451 3035 2505 hoaoris
3057 2454 3280 2519 gradum
3321 2454 3542 2508 retinet.

1977 2541 2120 2613 ἔχειν
2146 2543 2205 2594 τὸ
2235 2559 2299 2610 πρ
2313 2543 2466 2611 ἄγμα
2494 2542 2522 2594 ὃ
2546 2543 2819 2611 ἐνίκησεν,
2850 2541 3041 2612 ὥσπερ
3081 2545 3176 2596 καὶ
3209 2547 3237 2597 ό
3267 2545 3542 2615 ἐναχθεὶς,

285 2640 383 2692 ἐὰν
431 2643 796 2710 παρῃτήσατο
848 2638 910 2689 τὸ
969 2636 1421 2706 ἐκκλησιαστικὸν
1470 2636 1843 2706 δικαστήριον,
1903 2635 2001 2687 καὶ
2045 2635 2282 2703 ἐζήτησε
2326 2637 2390 2686 τὸ
2465 2635 2769 2702 πολιτικὸν,
2828 2637 2925 2689 καὶ
3000 2637 3278 2708 ἐνίκησεν.
3330 2636 3394 2689 Εἰ
3435 2636 3544 2704 γὰρ

280 2731 586 2800 ἀφίσταται
611 2727 710 2782 τοῦ
748 2728 1095 2799 πράγματος,
1120 2727 1249 2796 περὶ
1276 2720 1337 2779 οὗ
1373 2726 1685 2791 ἐδικάσατο,
1707 2727 1862 2797 μένει
1900 2723 2041 2794 ἔχων
2072 2725 2169 2793 τὴν
2200 2727 2407 2779 οἰκείαν
2438 2727 2750 2794 ἐπιτιμίαν.

352 2823 469 2876 Καὶ
505 2820 686 2873 ταῦτα
720 2820 818 2888 μὲν
855 2822 883 2871 6
907 2817 1088 2871 κανὼν
1131 2816 1450 2888 διορίζεται.
1505 2818 1753 2888 Σήμερον
1808 2816 1866 2868 δὲ

276 2911 647 2984 παρορῶνται
678 2911 854 2963 ταῦτα
892 2908 958 2961 δι’
988 2908 1055 2979 ἥν
1083 2909 1266 2962 αἰτίαν
1301 2908 1363 2961 ού
1414 2905 1691 2977 γινώσκω.
1725 2907 1867 2960 Πολ-

277 3003 365 3055 λοὶ
402 3004 538 3071 γὰρ,
571 3000 635 3053 ού
662 3001 830 3070 μόνον
862 2998 1076 3063 λαῖκοὶ,
1113 2998 1250 3052 ἀλλὰ
1305 2999 1401 3052 καὶ
1444 2998 1751 3070 ἱερωμένοι,
1778 2996 1867 3049 ἐλ-

280 3112 482 3150 κουσιν
515 3094 599 3156 εἰς
633 3091 893 3147 πολιτικά
917 3091 1250 3161 δικαστήρια
1276 3091 1634 3154 ἐπισκόπους,
1672 3090 1864 3159 κληρι-

276 3187 413 3252 κούς
435 3204 500 3240 τε
534 3186 636 3240 καὶ
692 3183 988 3256 μοναχοὺς,
1040 3182 1177 3253 μηδὲ
1234 3181 1534 3251 πρόσταξιν
1576 3180 1864 3252 βασιλικὴν

276 3280 411 3347 περὶ
449 3276 649 3329 τούτου
709 3273 1096 3344 πορισάμενοι,
1137 3272 1235 3325 καὶ
1274 3269 1398 3324 οὔτε
1435 3273 1467 3340 ή
1520 3271 1613 3324 τοῦ
1647 3272 1861 3340 ἀπροσο

275 3372 450 3441 φόρου
480 3364 749 3423 δικαστοῦ
774 3363 1120 3435 παραγραφὴ
1145 3362 1422 3415 λυσιτελεῖ
1457 3364 1570 3424 τοῖς
1601 3361 1866 3431 ἐναγομέ-

273 3480 390 3526 νοις
412 3479 431 3494 ο
470 3456 964 3526 καταναγκάζουσι
997 3458 1105 3525 γὰρ
1131 3454 1358 3518 τούτους
1392 3455 1486 3507 καὶ
1516 3452 1751 3516 ἄκοντας
1777 3454 1861 3507 δι-

276 3554 596 3618 κάζεσθαιο
646 3551 774 3603 οὔτε
832 3550 885 3603 οἱ
936 3547 1266 3611 ἑλκύσαντες
1318 3546 1517 3608 αὐτοὺς
1573 3546 1860 3616 ἱερωμένοι

278 3646 592 3715 ἐϐλάϐησαν
617 3643 1003 3712 ὁπωσδήποτε,
1031 3640 1145 3693 ἀλλ’
1176 3639 1297 3691 οὐδὲ
1328 3639 1378 3691 οἱ
1410 3637 1731 3706 ἐναγόμενοι
1766 3655 1862 3707 μο-

289 3738 494 3808 ναχοὶῆ
534 3735 803 3804 κληρικοὶ
854 3734 936 3793 εἰς
971 3732 1329 3799 δικαστήριον
1377 3729 1857 3797 ἐκκλησιαστικὸν,

288 3830 380 3880 καὶ
411 3825 903 3898 παραιτησάμενοι
924 3821 1104 3885 τοῦτο,
1129 3819 1413 3889 πολιτικὴν
1442 3819 1498 3871 δὲ
1521 3820 1858 3889 ζητήσαντες

279 3920 668 3982 κατεξέτασιν,
707 3913 853 3967 κατά
880 3930 932 3966 τι
986 3912 1447 3983 ἐτιμωρήθησαν·
1497 3910 1687 3980 ὥσπερ
1734 3911 1858 3963 οὐδὲ

270 4013 320 4063 οἱ
386 4009 760 4069 ἐλκυσθὲντες
815 4005 1135 4076 κληρικοὶῆ
1187 4002 1413 4072 μονοιχοὶ
1462 4004 1543 4065 εἰς
1589 4003 1855 4070 κοσμικον

268 4104 661 4170 δικαστήριον,
703 4098 801 4151 καὶ
854 4096 1283 4161 καταδεξάμενοι
1326 4098 1406 4157 εἰς
1438 4093 1595 4146 τοῦτο
1627 4094 1854 4146 δικάσα-

269 4196 414 4248 σθαι.
449 4192 562 4245 Τυῦ
604 4191 667 4243 δὲ
698 4189 1148 4258 χρηματίσαντος
1181 4186 1603 4255 καθηγουμένου
1632 4185 1730 4252 τῆξ
1758 4201 1855 4253 μεθ’·

266 4286 364 4353 vii;
405 4284 506 4336 τοῦ
544 4283 944 4335 Παντεπᾲπτου
1006 4276 1245 4346 μοναχοῦ
1303 4275 1514 4327 ἐκείνου
1563 4276 1851 4340 Μελετίου,

267 4376 637 4434 ἐλκυσθέντος
674 4374 753 4432 είς
784 4372 846 4422 τὸ
879 4368 1153 4421 συνοδικον
1192 4367 1564 4435 δικαστήριον,
1601 4365 1694 4418 καὶ
1747 4382 1854 4417 πα-

270 4468 689 4541 ραιτησαμὲ.ου
718 4464 851 4514 αὐτὸ
882 4461 957 4521 ὡς
986 4460 1352 4529 καταθύμιόν,
1384 4459 1480 4511 καὶ
1508 4459 1851 4528 μεταγαγόν-

2043 2814 2107 2868 Ει
2144 2818 2256 2869 haec:
2307 2818 2526 2885 quidem
2558 2834 2731 2872 canon
2775 2819 3078 2875 constituit.
3116 2820 3286 2877 llodie
3351 2835 3535 2880 autem

1973 2906 2085 2959 lucc
2145 2908 2510 2977 negliguntur,
2571 2920 2792 2976 propter
2848 2926 3011 2979 quam
3074 2927 3291 2967 causam
3332 2920 3539 2972 nescio.

1978 2996 2130 3051 Multi
2166 3000 2330 3064 enim,
2363 3016 2466 3053 non
2519 3000 2690 3052 solum
2745 3003 2907 3064 laici,
2939 3006 3032 3054 sed
3092 3006 3256 3057 etiam
3313 3011 3538 3070 sacrati,

1971 3092 2277 3160 episcopos,
2323 3092 2551 3147 clericos
2593 3103 2647 3146 et
2699 3095 2991 3149 monachus
3030 3097 3095 3149 ad
3130 3098 3307 3151 civilia
3335 3098 3559 3166 judicia

1971 3178 2215 3241 trahunt,
2274 3195 2374 3233 nec
2427 3182 2789 3252 imperatoris]
2820 3185 3034 3249 quidem
3102 3189 3414 3241 mandatum
3472 3192 3540 3243 de

1965 3283 2025 3339 ea
2068 3284 2124 3320 re
2169 3268 2468 3337 exhibent;
2519 3283 2574 3324 et
2632 3288 2806 3341 neque
2867 3276 3285 3341 incompetentis
3334 3278 3538 3348 judicia

1964 3362 2307 3430 praescriptio
2362 3380 2454 3416 seu
2484 3368 2738 3433 exceptio
2773 3368 2991 3433 prodest
3022 3369 3109 3431 iis,
3135 3372 3223 3436 qui
3256 3371 3333 3424 rei
3366 3387 3536 3441 agnu-

1966 3460 2094 3506 tur:
2139 3468 2233 3507 eos
2281 3458 2425 3508 enim
2472 3464 2675 3526 cogunt
2718 3459 2799 3510 vel
2842 3459 3041 3513 invitos
3069 3461 3278 3526 judicio
3309 3474 3539 3519 conten-

1964 3542 2115 3598 dere.
2149 3542 2259 3599 Ncc
2290 3548 2509 3609 sacrati,
2545 3547 2638 3615 qui
2668 3563 2761 3601 eos
2798 3558 3103 3615 traxerunt,
3138 3552 3342 3615 aliquid
3374 3556 3532 3623 peni-

1962 3646 2050 3690 tus
2075 3639 2258 3692 damni
2310 3654 2574 3705 sensere;
2626 3641 2723 3695 sed
2756 3658 2859 3697 nec
2896 3646 3145 3698 tt‘OttaCIti
3176 3647 3259 3699 Vt'l
3318 3646 3531 3713 clerici,

1960 3731 2223 3784 adversus
2250 3746 2388 3798 quos
2444 3733 2495 3785 in
2562 3730 2677 3785 foro
2740 3733 3117 3789 ecclesiastico
3161 3737 3365 3805 agitur,
3398 3737 3442 3791 si
3478 3738 3532 3792 id

1959 3822 2175 3890 quidem
2209 3823 2598 3882 recusaverint,
2624 3822 2834 3875 civilem
2863 3835 3042 3878 autem
3073 3828 3532 3882 examinatinncm

1957 3915 2273 3983 petiverittt,
2308 3914 2413 3967 ulla
2444 3914 2498 3967 in
2554 3929 2612 3967 re
2646 3917 2814 3981 puniti
2844 3926 2966 3968 sunt
3002 3933 3018 3969 :
3071 3920 3531 3985 quemadmodum

1959 4022 2057 4059 nec.
2096 4004 2279 4060 t-leriei
2314 4006 2397 4059 vel
2450 4006 2724 4062 monachi.
2758 4007 2848 4073 qui
2887 4007 2938 4060 in
2967 4010 3229 4061 smeulare
3263 4010 3531 4075 judicium

1957 4099 2123 4171 tracti.
2149 4108 2293 4163 situt,
2338 4108 2391 4151 et
2421 4098 2473 4150 in
2509 4112 2572 4151 eo
2601 4098 2814 4165 litigare
2860 4115 2965 4152 non
3015 4110 3355 4153 rccusmunt.
3387 4101 3524 4155 Cum

1963 4199 2140 4241 autem
2196 4189 2493 4242 monachus
2548 4187 2632 4241 ille
2663 4189 2927 4250 Melelitts,
2961 4192 3049 4257 qui
3086 4196 3406 4258 pra-positus
3432 4194 3532 4246 fuit

1967 4278 2278 4331 monasterii
2339 4276 2677 4346 Pantepopti,
2715 4279 2780 4331 ad
2833 4280 3092 4347 synndale
3118 4281 3379 4347 judicium
3416 4293 3530 4336 tra-

1956 4376 2096 4429 ctus,
2132 4369 2309 4432 ipsum
2342 4377 2401 4419 ul
2436 4368 2534 4419 sibi
2570 4384 2671 4419 non
2714 4379 2925 4433 gratum
2960 4384 3291 4433 ro-CnSattsct,
3322 4382 3375 4423 et
3404 4387 3531 4426 catt-

1958 4475 2074 4512 sam
2109 4458 2173 4509 ad
2225 4460 2486 4511 sat'culare
2546 4458 2778 4509 trilmnal
2815 4461 3144 4513 traduxisset
3177 4475 3271 4529 per
3303 4462 3530 4516 inauda-

264 4582 353 4627 τος
378 4566 477 4632 τὴν
504 4560 768 4612 ὑπόθεσιν
791 4559 871 4618 εἰς
899 4555 1159 4622 κοσμικὸν
1189 4554 1536 4623 δικαστήριον
1562 4554 1649 4605 διὰ
1681 4554 1850 4622 πρόσ-

1966 4561 2068 4603 lum
2107 4550 2417 4617 imperiale;
2462 4550 2846 4603 Sanctissinttts
2906 4552 3216 4620 patriarcha
3280 4554 3531 4608 dominus

267 4656 423 4721 ταξιν
459 4648 776 4721 βασιλικὴν,
822 4648 849 4698 ό
897 4645 1201 4711 ἁγιώτατος
1248 4645 1594 4713 πατριάρχης
1638 4645 1846 4704 ἐκεῖνος

265 4747 457 4816 κύριος
483 4741 706 4800 Λουκᾶς
742 4736 1163 4806 ύόριοπαθήσας
1191 4738 1283 4786 ἐπὶ
1315 4736 1389 4803 τῷ
1412 4736 1682 4803 γεγονότι,
1720 4735 1854 4786 πολ-

265 4838 363 4906 λὴν
419 4835 586 4887 ἔθετο
640 4830 879 4898 σπουδὴν
933 4826 1331 4897 διορθώσασθαι
1408 4827 1469 4879 τὸ
1536 4828 1849 4894 γενόμενον.

265 4931 516 4981 Ἤκουσε
551 4924 613 4977 δὲ
646 4924 755 4975 ἀπὶ
787 4921 897 4971 τῶν
941 4918 1235 4971 πολιτικῶν
1264 4918 1535 4970 δικαστῶν
1568 4918 1641 4979 ὡς
1677 4920 1709 4986 ή
1752 4918 1851 4985 βα-

265 5019 451 5086 σιλικὴ
490 5014 721 5078 ἐξουσία
772 5012 954 5063 πάντα
981 5008 1203 5060 δύναται
1240 5010 1411 5060 ποιεῖν
1437 5022 1451 5036 ⁸
1518 5008 1612 5060 καὶ
1659 5008 1849 5077 ὥσπερ

260 5110 486 5163 ἐδύνατο
520 5102 905 5175 πρωτοτύπως
927 5099 1112 5152 δοῦναι
1148 5099 1426 5150 πολιτικὸν
1472 5096 1731 5162 δικαστὴν
1754 5101 1853 5167 χά.

262 5217 348 5270 ριν
398 5196 501 5250 τοῦ
563 5196 791 5247 δικάσαι
839 5191 1143 5243 ἐπίσκοπον
1209 5188 1242 5257 ἦ
1297 5190 1484 5257 ἕτερον
1549 5189 1849 5255 ἱερωμένον

259 5291 620 5357 ἐναγόμενον·
648 5283 798 5335 οὕτω
848 5282 944 5335 xa‘t
970 5279 1113 5331 κατὰ
1142 5278 1433 5347 μετάθεσιν
1467 5278 1526 5329 το
1551 5279 1849 5346 ἐκκλησια-

259 5384 448 5435 στικὶν
487 5378 852 5447 δικαστήριον
888 5372 1181 5442 μεταγάγῃ
1207 5370 1348 5422 κατὰ
1370 5368 1602 5436 νόμιμον
1642 5366 1849 5437 παραί-

257 5491 415 5543 τησιν
446 5474 530 5536 εἰς
562 5468 869 5523 πολιτικόν.
909 5464 1055 5533 Πλὴν
1082 5466 1109 5515 ὀ
1138 5464 1287 5524 ἐντος
1312 5459 1641 5530 δηλούμενος
1673 5459 1849 5529 καθη-

258 5568 555 5634 γούμενος,
590 5560 697 5614 κᾶν
729 5555 1074 5628 εἰσηκούσθη
1094 5555 1152 5607 τὸ
1186 5554 1466 5607 συνοδικὸν
1500 5550 1850 5623 παραιτησά·

264 5675 423 5726 μενος
452 5655 846 5724 δικαστήριον,
883 5651 984 5703 καὶ
1018 5647 1322 5717 ὀιετηρήθη
1355 5645 1845 5716 ἀποκριμάτιστος

261 5752 395 5804 ἀλλὰ
431 5750 543 5804 ἀπὸ
574 5747 671 5801 τοῦ
708 5745 789 5817 ρδ⁹
817 5742 1043 5803 κανόνος
1067 5741 1164 5808 τῆς
1201 5739 1483 5809 παρούσης
1515 5737 1757 5799 συνόδου,
1790 5735 1848 5787 ὃν

267 5846 356 5896 καὶ
381 5840 689 5910 ἀνάγνωθι,
740 5835 951 5905 ὤφειλε
1012 5832 1431 5900 καθαιρεθῆναι.
1487 5831 1559 5882 Τὸ
1623 5830 1728 5897 γὰρ
1784 5824 1846 5890 ις’

546 5933 821 5992 ΡΑτιιοι.
854 5928 948 5985 Gn
1025 5926 1189 5983 CXX
1208 5922 1423 5982 )Ll'iil.

1956 4643 2131 4697 Luc:is
2156 4642 2209 4695 id
2238 4658 2380 4711 :cgt'e
2443 4641 2648 4707 ferens,
2686 4643 2970 4710 plurimum
3006 4646 3241 4695 studium
3279 4643 3529 4699 adhibuit

1958 4745 2016 4789 ιιι
2060 4739 2426 4803 corrigeretur
2468 4738 2609 4803 quod
2670 4734 2870 4788 factum
2912 4737 3112 4789 fuerat.
3150 4737 3374 4788 Audirit
3433 4754 3532 4788 ati-

1958 4838 2062 4881 tem
2099 4844 2126 4880 a
2150 4826 2712 4893 civiltbttsjudicibtts,
2739 4829 2882 4894 quod
2906 4828 3247 4893 imperatoris
3287 4836 3525 4893 potestas

1953 4921 2136 4972 omnia
2171 4918 2351 4971 facere
2385 4927 2557 4983 potest
2590 4935 2603 4971 :
2636 4928 2690 4970 et
2721 4921 3175 4982 quemadmodum
3208 4920 3384 4985 pritnn
3409 4919 3527 4974 loco

1955 5013 2129 5079 patuit
2165 5012 2464 5077 imperator
2512 5010 2725 5064 civilem
2768 5009 3007 5075 judicent
3066 5026 3162 5076 pro
3225 5011 3526 5079 judicando

1953 5101 2211 5167 epist-apo
2251 5100 2330 5150 vel
2383 5099 2491 5151 alio
2548 5111 2784 5163 Sacrate,
2821 5106 3086 5154 adtersns
3132 5118 3293 5170 quem
3348 5106 3527 5171 agitur

1954 5194 2290 5247 constituere
2323 5205 2338 5243 :
2376 5193 2447 5243 ita
2478 5200 2530 5244 et
2582 5206 2677 5257 per
2712 5194 3212 5259 tranSpnsitiuttem,
3249 5197 3521 5260 judicium

1953 5285 2385 5339 coclesiasticum
2416 5298 2482 5334 ex
2515 5283 2753 5347 legitima
2782 5288 3100 5352 exceptione
3135 5288 3185 5337 in
3226 5287 3383 5340 civile
3412 5297 3525 5338 tra-

1954 5378 2189 5429 duxerit.
2244 5374 2347 5426 Sed
2412 5374 2626 5427 etiantsi
2661 5376 2752 5442 qui
2820 5376 2907 5428 hic
2953 5378 3154 5429 dicitur
3202 5379 3521 5432 uionasu-rii

1955 5465 2245 5532 prmfeetus
2286 5462 2572 5515 exauditus
2628 5474 2730 5523 est,
2758 5463 3023 5533 synodale
3064 5464 3329 5532 judicwnt
3363 5478 3523 5516 recu—

1954 5571 2102 5619 sans,
2131 5563 2184 5608 et
2214 5554 2333 5608 sine
2363 5554 2673 5622 praejudicin
2694 5566 3051 5609 conservatus
3084 5567 3166 5607 cst
3201 5573 3214 5607 :
3255 5562 3428 5606 tamen
3456 5565 3525 5606 ex

1953 5662 2157 5703 cauene
2186 5645 2284 5699 104
2329 5646 2609 5713 praesentis
2655 5645 2847 5714 synodi
2888 5645 3087 5714 deponi
3124 5643 3327 5705 debuit,
3359 5656 3525 5711 quem

1957 5739 2069 5807 lege
2103 5754 2114 5789 :
2153 5737 2417 5789 decimum
2452 5736 2740 5803 septimum
2772 5738 2911 5788 enim
2959 5744 3123 5803 caput
3166 5733 3324 5803 primi
3385 5734 3525 5786 tituli

1956 5830 2100 5883 tertii
2134 5827 2428 5889 Iiltri,~licct
2456 5827 2712 5880 decernat
2745 5842 2864 5880 cum
2902 5826 3243 5894 imperatoris
3273 5826 3525 5877 mandato

3143 5917 3179 5973 3
