4034 6392
485 337 559 400 75
1749 323 2016 385 TllEOD.
2057 323 2459 384 BALSAMON
3666 324 3739 391 76

486 463 648 523 posse
704 449 968 504 adversus
1016 444 1303 516 episcopos
1353 439 1458 511 agi,
1492 450 1549 493 et
1585 454 1679 494 eos
1708 438 1832 493 sisti
1879 450 2064 492 coram

2169 453 2298 507 κεφ.
2334 435 2431 490 τοῦ
2474 443 2523 489 α’
2579 435 2764 489 τίτλου
2797 435 2892 489 τοῦ
2936 433 2985 504 γ’
3015 434 3249 503 βιϐλίου,
3286 435 3389 491 κᾶν
3434 435 3738 506 διορίζητλι

486 539 736 596 civilibus
756 538 1066 610 judicihus:
1093 537 1197 590 hoc
1222 543 1420 597 tamen,
1449 537 1509 584 ut
1535 529 1669 584 mibi
1694 529 1928 592 videtur,
1957 541 2063 583 non

487 633 716 700 quadrat
778 628 1060 685 canonica:
1099 625 1379 683 doctrinae.
1414 621 1577 694 532
1623 621 1893 676 Debemus
1918 620 2063 675 enim

488 722 696 789 dicere,
733 731 864 777 tunc
889 721 1028 775 trahi
1057 719 1372 788 episcopum
1404 730 1506 785 pro
1533 728 1613 780 re,
1655 727 1778 783 quae
1806 711 2061 783 privatim

486 813 556 867 ad
588 814 766 881 ipsum
830 811 1071 881 pertinet
1107 827 1123 864 :
1155 824 1268 863 non
1295 815 1474 861 autem
1510 819 1608 873 pro
1644 804 1943 873 quaestione
1962 817 2063 856 ec-

485 902 820 958 clesiastica.
874 900 954 953 Re
978 898 1123 954 enim
1151 896 1417 967 ejusmodi
1469 895 1774 967 proposita,
1823 907 1931 947 non
1966 892 2065 945 de-

490 995 618 1047 bent
648 992 833 1046 civiles
856 991 1070 1061 iudices
1104 989 1267 1042 ullam
1287 987 1407 1058 ejus
1438 986 1643 1041 habere
1672 984 2064 1053 cognitionem.

486 1084 603 1139 lam
639 1098 771 1137 vero
806 1096 1000 1151 magna
1043 1092 1256 1149 quoque
1312 1086 1398 1132 est
1445 1076 1565 1146 ejus
1608 1074 1937 1139 dill'erentia,
1969 1077 2064 1145 qui

486 1195 586 1232 sua
611 1187 804 1245 sponte
840 1173 1270 1229 ecclesiasticum
1317 1168 1582 1239 judicium
1612 1176 1831 1222 recusat
1874 1175 1928 1220 et
1963 1181 2065 1219 sa:-

488 1270 674 1323 culare
693 1284 759 1321 ex
797 1264 1149 1334 imperatoris
1175 1262 1433 1316 mandato
1482 1259 1703 1328 quaerit,
1735 1266 1792 1311 et
1821 1256 1937 1323 ejus
1971 1256 2062 1325 qui

484 1363 639 1428 jussu
676 1356 1019 1427 imperatoris
1068 1354 1275 1409 invitus
1308 1360 1510 1407 tractus
1565 1359 1649 1405 est
1701 1351 1768 1403 ad
1805 1349 2066 1404 saeculare

483 1448 768 1518 judicium.
842 1444 989 1513 Lege
1055 1446 1219 1498 etiam
1295 1455 1419 1511 cap.
1478 1441 1502 1494 i
1575 1439 1728 1495 tit.9
1782 1441 2068 1508 praesentis

486 1539 694 1609 operis,
730 1548 786 1591 et
817 1551 937 1606 quae
968 1536 1163 1604 inipso
1187 1550 1216 1587 a
1258 1534 1418 1587 nobis
1456 1532 1660 1602 scripta
1692 1541 1841 1585 sunt.
1877 1530 2068 1585 Petere

486 1639 669 1683 autem
701 1625 1040 1694 conjudicem
1065 1621 1282 1678 civilem
1317 1628 1413 1691 per
1433 1620 1745 1672 mandatum
1784 1616 2065 1686 imperiale

2172 530 2314 601 μετά
2352 527 2645 600 βασιλικῆς
2672 528 2975 592 κελεύσεως
3009 527 3292 597 διάγεσθαι
3341 529 3432 582 καὶ
3465 528 3740 598 παρίστα-

2167 622 2295 676 σθαι
2341 623 2471 685 τοὺς
2505 621 2841 685 ἐπισκόπους
2874 621 3027 691 παρά
3082 620 3386 685 πολιτικοῖς
3442 621 3733 690 ἄρχουσιν,

2164 712 2302 767 ἀλλά
2326 713 2485 767 τοῦτο
2519 714 2579 767 οὐ
2621 714 3009 784 προσίσταται,
3044 712 3120 777 ὤς
3152 714 3278 783 ἐμοὶ
3335 712 3505 778 δοκεῖ,
3538 713 3606 782 τῇ
3642 729 3741 764 κα-

2165 809 2355 873 νονικῇ
2377 803 2721 874 διδασκαλίᾳ.
2761 788 3085 873 Ὀφείλομεν
3122 802 3235 871 γὰρ
3276 803 3456 855 εἰπεῖν
3501 801 3591 854 τὸν
3620 800 3737 853 ἐπί-

2169 913 2376 950 σκοπον
2401 895 2708 966 τηνικαῦτα
2734 893 2995 949 ἕλκεσθαι
3033 895 3165 965 περὶ
3187 892 3518 963 πράγματος
3547 880 3738 954 ίδικῶς

2167 987 2318 1058 αὐτῷ
2350 989 2729 1059 διαφέροντος,
2761 988 2821 1041 οὐ
2851 987 2958 1058 μὴν
2986 987 3116 1058 περὶ
3150 983 3611 1054 ἐκκλησιαστικοῦ
3643 978 3740 1050 ζη-

2164 1081 2232 1148 τή
2244 1096 2413 1148 ματος
2439 1094 2455 1111 ’
2483 1082 2734 1132 τοιούτου
2767 1079 2876 1148 γὰρ
2902 1079 3273 1147 προκειμένου
3304 1076 3448 1138 τινὸς
3480 1078 3741 1144 ἀμέτοχοι

2168 1166 2313 1225 εἶναι
2345 1171 2662 1240 ὀφείλουσιν
2699 1173 2747 1224 oi
2782 1169 3052 1224 πολιτικοὶ
3075 1169 3350 1223 δικασταί.
3377 1168 3528 1231 Τέως
3557 1165 3614 1219 δέ
3645 1165 3741 1219 καὶ

2170 1261 2384 1331 μεγάλη
2406 1263 2523 1316 ἐστὶ
2552 1262 2787 1333 διαφορά
2813 1261 2905 1315 τοῦ
2932 1260 3272 1329 αὐθαιρέτως
3296 1256 3741 1328 παραιτουμένου

2167 1351 2228 1405 τὸ
2273 1352 2727 1419 ἐκκλησιαστικὸν
2766 1352 3141 1421 δικαστήριον,
3188 1350 3280 1402 καὶ
3341 1348 3629 1419 ζητοῦντος
3676 1345 3743 1399 τὸ

2181 1440 2463 1493 πολιτικὸν
2510 1440 2863 1511 δικαστήριον
2908 1440 2996 1493 διὰ
3031 1439 3382 1510 προστάξεως
3431 1436 3742 1507 βασιλικῆς,

2170 1533 2266 1585 καὶ
2291 1532 2387 1585 τοῦ
2422 1532 2776 1596 ἑλκυσθέντος
2799 1530 3070 1593 ἀκουσίως
3120 1531 3261 1583 κατά
3290 1529 3539 1582 κέλευσιν
3591 1526 3747 1599 βασι-

2166 1623 2328 1694 λικὴν
2387 1626 2469 1687 είς
2517 1625 2787 1694 κοσμικὸν
2845 1625 3216 1693 δικαστήριον.
3296 1618 3601 1685 Ἀνάγνωθι
3648 1616 3744 1670 καὶ

486 1727 723 1784 nonest,
770 1728 829 1771 ut
881 1715 1013 1770 tuihi
1053 1714 1293 1773 videtur,
1336 1710 1671 1781 prohibitum
1725 1717 1781 1763 et
1831 1708 2066 1762 tttaximc

2169 1732 2299 1785 κεφ.
2338 1713 2388 1769 α’
2423 1716 2519 1769 τοῦ
2564 1718 2610 1771 θ’
2663 1716 2847 1770 τίτλου
2879 1715 2973 1769 τοῦ
3016 1714 3287 1784 παρόντος
3336 1711 3739 1780 συντάγματος,

492 1811 717 1883 quando
736 1819 1006 1866 estcausa
1045 1804 1385 1877 pecuniaria,
1425 1817 1547 1870 qua:
1599 1810 1687 1856 est
1731 1800 2066 1871 synodallter

2171 1784 2269 1860 και
2297 1807 2366 1861 τὰ
2397 1810 2456 1862 έν
2488 1807 2639 1878 αὐτῷ
2664 1807 2796 1878 παρ’
2832 1810 2865 1878 ή
2876 1807 2992 1875 μῶν
3039 1805 3426 1877 γεγραμμένα.
3454 1803 3529 1857 Tb
3555 1788 3761 1872 μέντοίἶ

485 1905 742 1960 dicenda.
1762 1930 1765 1931 ν

2122 1892 2131 1901 ’
2176 1895 2413 1967 ζητῆσαι
2447 1897 2810 1969 συνδικαστὴν
2837 1897 3118 1951 πολιτικὸν
3140 1896 3232 1977 διὰ
3268 1894 3619 1966 προστάξεως
3652 1893 3750 1963 βα-

487 1995 722 2065 σιλικῆς,
752 1992 831 2057 ὡς
858 1990 981 2061 ἐμοὶ
1013 1989 1183 2056 δοκεῖ,
1207 1987 1308 2042 οὐκ
1349 1985 1469 2040 εστι
1500 1983 1907 2055 κεκωλυμένον,
1949 1984 2046 2039 καὶ
2084 1988 2291 2058 μᾶλλον
2314 1991 2444 2046 ὅταν
2471 1992 2797 2063 χρηματική
2819 1992 2968 2044 ἐστιν
3019 1991 3298 2056 ὑπόθεσις,
3366 1991 3401 2060 ή
3476 1990 3749 2061 μέλλουσα

484 2085 791 2158 λαληθῆναι
825 2081 1146 2145 συνοδικῶς.

556 2174 986 2245 interrogaverit
1030 2182 1210 2230 autem
1267 2169 1559 2242 quispiam,
1589 2168 1724 2223 Cum
1775 2168 1861 2223 lex
1889 2167 2058 2233 dicat,

486 2288 608 2326 eum
641 2272 711 2327 ab
756 2271 980 2323 actione
1014 2280 1111 2321 sua
1150 2263 1428 2328 excidere,
1464 2262 1557 2332 qui
1611 2274 1771 2315 suum
1804 2260 2063 2314 adversa-

490 2367 631 2419 rium
677 2360 742 2416 ad
795 2359 1070 2430 judicium
1120 2357 1494 2424 iucompeteus
1532 2353 1799 2416 traxerit,
1828 2350 1921 2419 qui
1974 2364 2066 2405 sa-

488 2467 696 2513 cratum
733 2454 801 2508 ad
834 2451 994 2507 civile
1035 2448 1298 2520 judicium
1334 2446 1562 2501 traxerit
1593 2484 1610 2509 ,
1659 2459 1838 2498 annon
1865 2457 1929 2496 ex
1962 2443 2067 2498 hoc

456 2548 696 2602 'cauone
751 2559 849 2601 suo
885 2543 1010 2613 jure
1041 2538 1315 2597 excidet?
1356 2536 1583 2593 Solatia.
1633 2535 2055 2605 lncompetentis

484 2639 687 2711 judicis
717 2635 1057 2707 praascriptio
1089 2633 1142 2687 in
1173 2630 1437 2701 principio
1479 2628 1670 2698 judicii
1705 2627 1880 2683 solum
1929 2640 2057 2694 pro-

493 2730 738 2798 ponitur,
771 2742 875 2780 uon
905 2735 1082 2779 autem
1114 2723 1277 2776 etiam
1301 2716 1705 2790 postea..Finge
1729 2729 1884 2785 ergo,
1921 2715 2066 2784 quod

488 2836 551 2874 ea
582 2833 614 2872 a
652 2817 917 2887 principio
967 2830 1074 2869 non
1109 2822 1195 2870 est
1227 2811 1513 2883 proposita
1548 2824 1576 2863 a
1608 2823 1702 2863 reo
1736 2822 1751 2859 :
1802 2807 1883 2861 vel
1936 2821 2064 2876 pro-

492 2909 669 2980 posita
698 2924 726 2961 a
761 2908 945 2978 judice
972 2905 1211 2960 admissa
1262 2919 1369 2956 nou
1398 2911 1502 2956 est.
1543 2899 1611 2953 Et
1649 2906 1935 2969 propterea
1966 2899 2064 2951 de-

488 3001 748 3057 liuieruut
798 2998 986 3051 Patres
1011 3035 1026 3061 ,
1083 2993 1255 3064 quod,
1289 2992 1504 3047 etiamsi
1539 3000 1695 3044 actor
1742 2988 1965 3053 vicerit,
1998 3000 2065 3041 eo

489 3093 635 3160 quod
692 3090 1110 3157 iucompetentis
1144 3086 1343 3155 judicis
1376 3083 1624 3153 exceptio
1657 3082 2067 3151 quomodocun-
2095 3113 2137 3172 ο

489 3199 592 3251 que
642 3182 892 3235 inefﬁcax
952 3178 1118 3232 fuerit
1164 3195 1177 3231 :
1243 3178 1324 3231 sic
1365 3189 1581 3245 quoque
1635 3183 1815 3228 tamen
1844 3183 2066 3241 propter

493 3278 752 3329 honorem
785 3271 1039 3326 Ecclesiae
1068 3283 1254 3323 eorum
1284 3267 1513 3320 victoria
1552 3264 1686 3317 nihil
1709 3264 1756 3318 ei
1790 3263 2064 3332 proderit;

488 3370 585 3422 sed
616 3369 941 3435 deponetur,
984 3365 1030 3416 si
1072 3376 1194 3416 eam
1228 3359 1480 3413 retineat.
1520 3354 1788 3410 Praeterea
1827 3355 2065 3408 interro-

492 3459 703 3531 gaverit
758 3457 1047 3527 quispiam,
1085 3468 1245 3524 quam
1307 3465 1521 3521 pinnam
1578 3448 1927 3503 sustinebunt
1981 3460 2071 3499 cc-

492 3545 794 3599 clesiastici
819 3543 1060 3613 judices,
1097 3542 1141 3595 si
1171 3540 1404 3594 convicti
1442 3538 1663 3601 iuerint,
1694 3550 1762 3589 ex
1798 3535 1948 3598 odio,
1981 3533 2069 3588 vel

492 3638 800 3700 aﬂectiOue,
831 3633 917 3688 vel
958 3643 1182 3703 propter
1217 3633 1449 3702 gratiam
1502 3629 1828 3685 sententiam
1858 3627 2067 3694 tulisse,

491 3740 818 3780 cumcauon
881 3724 947 3779 de
995 3738 1062 3777 eo
1104 3722 1237 3777 nihil
1286 3720 1526 3792 jubeat?
1577 3719 1811 3775 Salutio.
1882 3717 2066 3774 Genus

492 3830 685 3880 pinna),
722 3814 824 3866 etsi
850 3825 916 3867 ex
949 3825 1160 3865 cauoue
1183 3826 1291 3865 non
1312 3818 1590 3879 appareat,
1624 3824 1691 3861 ex
1724 3807 1933 3876 legibus
1985 3816 2066 3860 ta-

490 3920 614 3960 men
663 3902 1000 3959 declaratur.
1063 3901 1183 3955 Jam
1218 3902 1364 3955 enim
1400 3902 1467 3954 de
1507 3899 1696 3970 judice
1744 3899 2066 3952 muneribus

489 4006 746 4069 corrupto
773 3996 908 4049 dicit
934 4009 1056 4064 cap.
1087 3994 1142 4060 5,
1176 3994 1264 4048 tit.
1298 3992 1389 4056 25,
1421 3992 1514 4046 lib.
1571 4006 1623 4045 tx
1651 4028 1667 4056 ,
1696 3988 2064 4059 Magistratus,

489 4090 582 4158 qui
619 4088 887 4157 pecunias
917 4086 1118 4155 accipit
1169 4086 1235 4139 ad
1265 4083 1356 4152 jus
1415 4083 1728 4146 dicendum,
1759 4081 1842 4134 vel
1873 4081 2064 4133 decer-

492 4183 754 4243 nendum,
783 4178 869 4233 vel
910 4180 977 4233 ad
1011 4177 1135 4244 plus
1165 4176 1251 4230 vel
1300 4175 1478 4229 minus
1505 4189 1605 4228 suo
1648 4171 1830 4227 ofﬁcio
1858 4170 2066 4224 facien-

492 4275 657 4336 dum,
703 4280 759 4325 et
809 4270 1225 4338 magistratuum
1280 4280 1496 4336 quoque
1545 4279 1885 4332 assessores,
1949 4263 2066 4331 lege

501 4369 778 4415 tenentur.
828 4359 896 4412 Et
944 4358 1124 4414 tbema
1154 4358 1210 4425 5,
1245 4372 1367 4427 cap.
1402 4356 1470 4412 8:
1498 4355 1664 4412 Poena
1705 4355 1839 4426 legis
1859 4362 1943 4409 est
1970 4369 2066 4409 ex-

2251 2170 2554 2239 Ἐρωτήσει
2595 2168 2653 2222 δέ
2682 2186 2792 2235 τις,
2825 2169 2916 2232 Ὠς
2945 2167 3044 2221 τοῦ
3075 2166 3244 2237 νόμου
3298 2166 3552 2237 λέγοντος
3583 2169 3749 2222 ἐκπί-

2169 2275 2326 2312 πτειν
2354 2263 2455 2330 τῆς
2483 2260 2691 2323 οίκείας
2728 2259 3121 2330 ἐναγωγῆςτδν
3154 2262 3235 2323 είς
3269 2260 3617 2331 ἀπρόσφορον
3660 2262 3748 2314 δι-

2169 2351 2469 2422 καστήριον
2498 2351 2807 2404 ἐλκύσαντα
2831 2351 2924 2402 τὸν
2944 2351 3079 2404 ῑδιον
3103 2351 3396 2416 ἀντίδικον,
3417 2351 3517 2404 οὐκ
3543 2348 3745 2420 ἔμελλε

2172 2441 2270 2494 καί⁵
2295 2443 2401 2513 πρὸ
2429 2442 2526 2495 τοῦ
2567 2442 2796 2505 κανόνος
2827 2442 3024 2495 τούτου
3054 2444 3082 2495 ὁ
3119 2442 3214 2496 τὸν
3250 2442 3553 2513 ἱερωμένον
3583 2442 3753 2497 ἐλκύ-

2175 2551 2274 2597 σας
2307 2539 2386 2597 εἰς
2420 2533 2699 2588 πολιτικὸν
2730 2533 3084 2604 δικαστήριον
3117 2534 3374 2587 ἐκπεσεῖν
3400 2535 3495 2588 τοῦ
3526 2535 3752 2590 δικαίου

2170 2625 2337 2680 αὐτοῦ
2361 2643 2377 2693 ;
2406 2628 2619 2691 Λύσις.
2654 2626 2718 2678 Ἦ
2743 2625 2837 2679 τοῦ
2864 2626 3218 2697 ἀπροσφόρου
3244 2628 3585 2699 παραγραφὴ
3602 2631 3752 2683 κατὰ

2166 2721 2264 2792 τὴν
2297 2721 2472 2792 ἀρχὴν
2506 2718 2603 2773 τοῦ
2642 2719 2996 2789 δικαστηρίου
3039 2719 3362 2789 προτίθεται
3404 2722 3501 2773 καὶ
3543 2720 3775 2790 μόνον,,

2170 2811 2231 2863 οὐ
2288 2810 2397 2881 μὴν
2459 2810 2555 2863 καὶ
2604 2810 2747 2880 μετά
2797 2808 2992 2864 ταῦτα.
3037 2808 3346 2881 Θεμόιτισον
3410 2805 3505 2864 οὖν
3545 2811 3626 2865 ὅτι
3678 2811 3750 2863 οὐ

2172 2901 2448 2970 προετέθη
2478 2899 2617 2968 αὕτη
2650 2899 2804 2969 παρά
2832 2899 2927 2954 τοῦ
2959 2900 3376 2971 ἐναγομένου,ῆ
3409 2900 3751 2970 προτεθεῖσα

2170 2990 2272 3044 οὐκ
2299 2990 2495 3061 ἐδέχθη
2528 2992 2681 3060 παρὰ
2703 2989 2797 3043 τοῦ
2831 2990 3115 3045 δικαστοῦ.
3141 2991 3252 3045 Καὶ
3287 2990 3379 3044 διὰ
3407 2991 3568 3044 τοῦτο
3604 2986 3750 3060 ὥρι-

2172 3100 2272 3140 σαν
2302 3088 2351 3139 οί
2394 3087 2638 3156 Πατέρες
2670 3085 2768 3152 ὡς,
2804 3085 2909 3139 κᾶν
2936 3086 3138 3156 νικήσῃ
3167 3086 3195 3138 ό
3223 3084 3532 3154 ἐναγαγὼν,
3569 3085 3659 3139 διὰ
3682 3085 3749 3139 τὸ

2142 3179 2527 3250 ¹ἀπρακτῆσαι
2568 3179 2924 3247 ὁπωσδήποτε
2954 3176 3176 3244 τῆν’τοῦ
3204 3179 3556 3249 ἀπροσφόρου
3590 3178 3749 3230 δικα-

2171 3270 2298 3324 ore?)
2337 3272 2742 3341 παραγραφὴν,
2788 3269 2925 3324 ἀλλά
2966 3271 3059 3322 καὶ
3102 3269 3244 3323 οὕτω
3298 3269 3385 3323 διά
3424 3270 3524 3339 τὴν
3576 3268 3747 3341 τιμὴν

2166 3360 2270 3429 τῆς
2305 3360 2638 3430 Ἐκκλησίας
2672 3361 2751 3423 είς
2781 3360 2940 3413 οὐδὲν
2966 3360 3116 3427 αὐτῷ
3149 3361 3182 3430 ἠ
3214 3361 3339 3429 νίκη
3371 3360 3744 3435 λυσιτελήσει·

2167 3452 2305 3505 ἀλλὰ
2331 3452 2823 3523 καθαιρεθήσεται,
2860 3452 3020 3523 είπερ
3040 3452 3333 3522 ἀντέχεται
3359 3452 3584 3521 ταύτης.
3621 3453 3748 3507 Ἔτι

2169 3544 2441 3613 ἐρωτήσει
2470 3559 2581 3607 τις,
2617 3543 2781 3595 ποίαν
2814 3541 3021 3614 βλάϐην
3043 3543 3445 3613 ὑποστήσονται
3470 3543 3519 3595 oi
3547 3542 3751 3614 ἐκκληι-

2169 3636 2447 3689 σιαστικοὶ
2475 3636 2753 3701 δικασταὶ,
2807 3634 2967 3706 εἴπερ
3006 3635 3309 3707 ἐλεγχθῶσι
3342 3636 3487 3689 κατά
3540 3635 3749 3706 ἔχθραν

2168 3727 2201 3797 ἢ
2231 3726 2379 3781 κατά
2411 3726 2794 3797 προσπάθειαν
2822 3726 2965 3798 ἢδιά
2985 3727 3146 3799 χάριν
3177 3728 3615 3798 ἀποφηνάμενοι,
3648 3729 3747 3782 τοῦ

2169 3819 2389 3882 κανόνος
2411 3819 2578 3889 μηδὲν
2600 3820 2727 3888 περὶ
2744 3818 2937 3872 τούτου
2954 3820 3468 3892 παρακελευομένου
3487 3834 3509 3889 ζ
3527 3821 3716 3887 Λύσις
3728 3861 3745 3877 .

2166 3911 2241 3964 Τὸ
2276 3907 2417 3973 εἶδος
2455 3910 2561 3980 τῆς
2629 3911 2856 3980 βλάϐης,
2917 3911 3021 3965 κᾶν
3055 3912 3165 3966 ἀπὸ
3228 3912 3326 3966 τοῦ
3384 3914 3611 3975 κανόνος
3643 3914 3750 3967 οὐκ

2165 4002 2558 4072 ἀναφαίνηται,
2584 4002 2723 4055 ἀλλά
2755 4004 2864 4057 ἀπὸ
2884 4004 2991 4055 τῶν
3018 4004 3200 4073 νόμων
3222 4003 3502 4075 δηλοῦται.
3532 4005 3749 4059 Αὐτίκα

2167 4095 2280 4165 γὰρ
2308 4099 2440 4164 περὶ
2462 4093 2558 4147 τοῦ
2583 4094 3053 4165 δωροδοκηθέντος
3098 4095 3356 4151 δικαστοῦ
3395 4114 3529 4167 φησι
3566 4096 3631 4151 τδ
3684 4096 3748 4167 γ’
3815 4116 3827 4127 .

2165 4203 2293 4255 κεφ.
2325 4185 2420 4239 τοῦ
2453 4182 2542 4254 μγ¹
2569 4185 2755 4237 τίτλου
2791 4185 2887 4239 τοῦ
2913 4185 2955 4253 ξ’
2996 4184 3207 4257 βιϐλίου
3231 4204 3249 4222 ο
3292 4187 3352 4241 Ὅ
3391 4187 3576 4258 ἄρχων
3601 4188 3749 4261 λαμ-

2165 4275 2344 4328 ϐἀνων
2376 4275 2638 4344 χρήματα
2677 4276 2770 4328 ἐπὶ
2796 4273 2876 4345 τῷ
2901 4276 3150 4343 δικάσαι,
3179 4277 3212 4348 ἢ
3242 4277 3612 4348 ψηφίσασθαι,
3647 4281 3749 4334 ἐπὶ

2166 4364 2246 4435 τῷ
2277 4366 2507 4435 ποιῆσαί
2538 4382 2591 4418 τι
2646 4364 2882 4441 πλέονχῆ
2931 4362 3097 4438 ἦττον
3140 4369 3237 4422 τοῦ
3289 4369 3423 4422 ίδίου
3457 4371 3749 4439 όφφικίου,

496 4451 884 4516 traordinaria,
913 4463 967 4506 et
1023 4460 1083 4506 ut
1123 4450 1412 4520 plurimum
1458 4450 1655 4504 exsilio
1692 4451 2059 4511 condemnat,

2176 4458 2273 4511 καὶ
2301 4458 2351 4509 oi
2382 4456 2631 4527 σύνεδροι
2660 4456 2768 4511 τῶν
2803 4459 3087 4529 ἀρχόντων
3118 4460 3441 4516 ὑπόκεινται
3466 4461 3544 4532 τῷ
3571 4460 3751 4532 νόμῳ.

495 4558 888 4612 nonnunquam
945 4543 1112 4598 etiam
1159 4541 1399 4610 gravius.
1434 4540 1502 4594 Et
1549 4542 1729 4595 thema
1748 4539 1805 4605 2,
1840 4553 1962 4609 cap.
1990 4538 2022 4592 9
2052 4555 2068 4593 :

2174 4552 2286 4605 Καὶ
2313 4551 2374 4603 τὸ
2399 4548 2447 4617 γ’
2485 4550 2629 4620 θέμα
2656 4550 2751 4604 τοῦ
2774 4551 2828 4622 η’
2871 4569 2999 4621 κεφ.
3034 4552 3136 4625 (Ἦ
3158 4553 3320 4624 ποινὴ
3347 4554 3440 4608 τοῦ
3466 4555 3749 4625 νόμουτέκ-

493 4635 594 4702 Qui
658 4637 765 4692 hac
825 4630 942 4705 lege
992 4636 1411 4700 condemnatur,
1460 4649 1561 4689 nec
1592 4628 1799 4701 potest
1855 4632 2066 4702 publice

2174 4642 2605 4711 στραορδιναρία
2635 4644 2779 4706 ἐστὶ,
2811 4645 2906 4699 καὶ
2928 4645 3138 4699 ἐπίπαν
3165 4647 3245 4709 είς
3282 4645 3502 4716 ἐξορίαν
3525 4647 3751 4700 καταδι-

494 4728 877 4782 ιεειίιηοιιὶιιιπ
922 4726 1130 4789 dicere,
1177 4740 1277 4780 nec
1321 4725 1485 4795 judex
1536 4739 1678 4786 652.8,
1735 4739 1837 4779 nec
1878 4737 2071 4778 cattsas

491 4832 673 4888 agere.
732 4816 875 4887 Lege
920 4828 975 4873 et
1009 4818 1186 4871 thema
1223 4815 1281 4881 2,
1341 4830 1466 4885 cap.
1528 4817 1595 4881 6,
1628 4816 1710 4870 tit.
1758 4815 1816 4876 4,
1842 4816 1938 4868 lib.
1970 4829 2062 4882 ιτ,

489 4912 633 4977 quod
669 4911 887 4979 quidem
919 4919 1005 4965 est
1045 4924 1171 4979 pars
1204 4906 1308 4962 124
1351 4904 1647 4962 Iustiniani
1685 4907 1922 4971 novellae,
1948 4922 2071 4974 quae

492 5001 574 5055 sic
596 4998 768 5055 dicit:
803 4999 861 5055 Si
895 5007 1017 5069 quis
1042 5002 1227 5054 autem
1263 5013 1476 5063 eorum,
1506 5000 1597 5069 qui
1649 4999 1881 5068 litigant,
1911 4998 2070 5050 dixe-

493 5091 565 5144 rit
595 5104 656 5144 se
691 5090 896 5159 aliquid
920 5091 1155 5157 dedisse,
1185 5091 1268 5145 vel
1322 5105 1448 5147 esse
1506 5089 1831 5160 pollicitum,
1859 5098 1916 5142 et
1946 5104 2070 5158 per-

491 5195 684 5237 sonam
712 5181 1101 5250 nominaverit,
1128 5192 1185 5238 et
1221 5183 1326 5239 hoc
1353 5183 1687 5252 probaverit,
1714 5181 1828 5249 ipse
1847 5183 2066 5248 quidem

493 5273 547 5327 in
602 5273 713 5330 litis
762 5276 913 5329 exitu
951 5275 1106 5330 venia
1163 5276 1361 5344 dignus
1393 5275 1683 5329 habeatur.
1726 5273 1826 5337 Qui
1884 5281 2066 5325 autem

493 5365 695 5421 donum
724 5366 805 5421 vel
861 5368 1193 5437 promissum
1234 5364 1527 5420 admisisse
1573 5364 1852 5420 convictus
1878 5362 2066 5429 fuerit,

493 5460 538 5513 si
573 5459 884 5529 sitquidem
945 5474 1109 5514 causa
1164 5459 1500 5526 pecuniaria,
1542 5457 1686 5526 quod
1736 5456 1925 5511 datum
1958 5463 2064 5520 est,

495 5550 740 5619 triplum,
779 5552 924 5620 quod
967 5567 1096 5605 vero
1126 5549 1478 5621 promissum,
1521 5550 1742 5618 duplum
1805 5564 1833 5600 a
1865 5548 2066 5601 comite

495 5641 829 5706 privatarum
886 5651 1202 5694 nostrarum
1260 5639 1871 5708 iacultatuuuexigatur,
1898 5649 1952 5691 et
1981 5637 2065 5691 di-

496 5731 751 5797 gnitatem
777 5747 873 5785 seu
904 5733 1299 5801 magistratum,
1335 5748 1493 5801 quem
1528 5732 1710 5801 habet,
1751 5732 1806 5787 in
1835 5740 2063 5802 utroque

2170 4730 2351 4798 κάζει,
2384 4731 2499 4785 ἐσθ’
2547 4731 2638 4785 ὅτε
2672 4734 2730 4786 δέ
2758 4736 2856 4788 καὶ
2898 4735 3282 4807 σφοδρότερον.
3303 4739 3414 4791 Καὶ
3441 4738 3502 4790 τὸ
3534 4737 3579 4804 β’
3600 4737 3752 4809 θέμα

2177 4818 2276 4877 τοῦ
2324 4822 2368 4876 θ’
2403 4824 2555 4893 κεφ.)
2601 4821 2663 4879 '0
2700 4825 2780 4896 τῷ
2830 4827 2982 4896 νόμῳ
3034 4826 3214 4899 τούτῳ
3247 4828 3752 4899 καταδικαζόμενος

2172 4913 2298 4968 οὔτε
2340 4919 2648 4987 μαρτυρεῖν
2704 4917 2945 4989 δημοσίᾳ
2994 4919 3245 4987 δύναται,
3297 4920 3422 4974 οὔτε
3475 4920 3747 4987 δικάζειν,

2175 5004 2300 5056 οὔτε
2333 5008 2677 5075 συνηγορεῖν.
2734 5008 3038 5075 ’Λνάγνωθι
3087 5012 3182 5063 καὶ
3210 5010 3273 5063 τὸ
3313 5011 3358 5080 β’
3385 5011 3532 5081 θέμα
3558 5011 3653 5066 τοῦ
3692 5019 3749 5077 ς’

2172 5111 2299 5163 κεφ.
2333 5094 2429 5147 τοῦ
2463 5096 2504 5148 δ’
2529 5097 2713 5150 τίτλου
2740 5098 2831 5151 τοῦ
2875 5098 2915 5164 ξ’
2965 5100 3198 5169 βιϐλίου,
3247 5102 3386 5172 ὅπερ
3416 5104 3535 5156 ἐστὶ
3579 5104 3749 5174 μέρος

2168 5184 2270 5254 τῆς
2304 5183 2421 5253 ρκδ¹
2458 5184 2894 5241 Ἰουστινιανείου
2943 5190 3169 5259 νεαρᾶς,
3225 5188 3403 5257 λέγων
3431 5191 3604 5257 οὕτως
3630 5207 3645 5223 ⁸
3680 5193 3747 5246 Ei

2167 5275 2225 5328 δέ
2254 5290 2339 5336 τις
2369 5274 2433 5326 ἐκ
2492 5277 2603 5328 τῶν
2658 5276 3035 5347 δικαζομένων
3088 5278 3237 5330 εἴποι
3284 5279 3576 5335 δεδωκέναι
3619 5297 3673 5333 τι
3709 5283 3743 5351 ἢ

2169 5366 2526 5436 ὑποσχέσθαι,
2582 5368 2678 5418 καὶ
2720 5368 2782 5418 τὸ
2834 5367 3132 5438 πρόσωπον
3172 5368 3405 5443 ἐξείπῃ,³
3454 5371 3548 5424 καὶ
3585 5371 3748 5424 τοῦτο

2169 5457 2468 5525 ἀποδείξει,
2497 5459 2663 5521 αὐτὸς
2688 5459 2788 5529 μὲν
2814 5459 2911 5514 ἐπὶ
2931 5463 2999 5531 τῇ
3040 5461 3140 5528 τῆς
3170 5460 3328 5532 δίκης
3355 5460 3581 5515 ἐκϐάσει
3611 5479 3744 5529 συγ-

2167 5549 2395 5619 γνώμης
2425 5550 2733 5616 ἀξιούσθω·
2758 5552 2787 5603 ό
2816 5552 2870 5603 δὲ
2907 5553 3057 5605 δόσιν
3097 5552 3130 5623 ἢ
3168 5553 3464 5622 ὑπόσχεσιν
3513 5553 3747 5616 καταδέ-

2170 5642 2362 5707 ξασθαι
2388 5641 2760 5711 δεικνύμενος,
2780 5645 2826 5695 εἰ
2853 5644 2953 5712 μὲν
2971 5643 3288 5715 χρηματικὴ
3304 5644 3390 5712 εἴη
3415 5644 3446 5714 ἡ
3467 5643 3747 5711 ὑπόθεσις,

2167 5735 2227 5785 τὸ
2258 5732 2356 5801 μὲν
2384 5732 2670 5803 δεδομένον
2700 5734 2985 5805 τριπλοῦν,
3009 5737 3068 5789 τὸ
3095 5736 3151 5789 δὲ
3183 5736 3488 5806 ὑποσχεθὲν
3518 5734 3746 5790 διπλοῦν
