4034 6404
309 343 387 407 77
1408 356 1492 419 IN
1547 358 1713 422 CAN.
1743 358 1843 420 XV
1876 357 2084 418 CONC.
2125 360 2500 427 CARTHAG.
3498 369 3567 430 78

307 455 470 523 παρὰ
509 455 607 508 τοῦ
633 455 877 528 κόμητος
902 460 1005 532 τῆς
1040 460 1218 533 ίδικῆς
1239 463 1397 537 ήμῶν
1430 469 1750 539 περιουσίας
1780 471 1854 522 sic

1959 481 2124 524 .casu
2151 472 2366 540 perdat.
2420 474 2516 528 Sin
2549 480 2732 529 autem
2791 473 2864 535 sit
2912 474 3218 532 criminalis
3258 480 3562 533 accusatio.

303 545 669 615 πραττέσθω,
710 550 805 603 καὶ
829 552 934 622 τὴν
971 550 1130 618 ἀξίαν
1174 556 1294 626 ἦτοι
1332 559 1509 628 ἀρχὴν
1537 558 1606 630 ἣν
1645 560 1760 630 ἔχει
1800 562 1854 630 ἐς

1994 561 2338 628 propriarum
2383 562 2703 619 facultatum
2738 553 3186 621 conﬁscationem
3214 566 3475 637 patiatur,
3506 580 3563 623 et

300 635 577 707 ἑκατέρου
622 637 858 709 θέματος
907 642 1222 701 ἀπολλύτω.
1283 648 1347 702 Εί
1389 650 1448 703 δὲ
1501 651 1854 723 ὲγκληματικ

1992 650 2047 704 in
2080 651 2334 708 exsilium
2390 656 2660 721 mittatur,
2714 658 2895 735 utqui
2949 659 3267 728 accipiendo
3322 660 3558 733 alienum

302 727 394 797 εῐη
420 730 454 797 ή
488 733 829 801 κατηγορία,
866 733 1137 805 δήμευσιν
1182 737 1284 807 τῆς
1322 740 1534 805 οἰκείας
1563 742 1854 814 ὑπομενέτι

1990 741 2195 797 crimen
2251 744 2303 798 in
2337 748 2574 815 seipsum
2618 727 2916 806 transferre
2952 751 3242 806 studuerit.
3273 750 3330 806 Si
3377 762 3558 807 autem

300 823 659 888 περιουσίας,
687 826 781 878 καὶ
820 827 902 889 εἰς
958 829 1177 900 ὲξορίαν
1242 833 1570 900 πεμπέσθω,
1619 838 1768 900 ὅστις
1795 839 1854 891 δι,

1989 830 2334 891 donationem
2388 839 2471 894 vel
2503 841 2921 909 promissionem
2979 842 3221 914 litigator
3268 846 3559 897 ostendere

300 911 471 981 λῆψιν
504 913 794 983 ἀλλότριον
828 917 1087 989 ἔγκλημα
1111 923 1190 986 είς
1223 924 1420 978 ἑαυτὸν
1446 927 1749 982 ἐσπούδακε
1785 949 1851 998 με

1986 937 2093 976 non
2152 927 2409 993 potuerit,
2456 928 2604 997 joret
2646 946 2899 1000 persona,
2933 946 3052 1001 quae
3095 934 3444 988 donationem
3475 932 3556 988 vel

297 1009 613 1071 τενεγκεῖν.
655 1007 719 1059 Εἰ
759 1008 817 1060 δὲ
857 1011 956 1077 τὴν
986 1011 1190 1085 δόσινῆ
1236 1016 1338 1089 τὴν
1371 1018 1666 1089 ὑπόσχεσιν
1707 1021 1735 1072 ὁ
1764 1023 1850 1074 διά

1986 1017 2403 1080 promissionem
2456 1022 2761 1088 suscepisse
2789 1021 3005 1087 dicitur,
3036 1024 3179 1090 quod
3221 1036 3319 1076 ncc
3348 1036 3443 1091 per
3471 1036 3553 1084 se,

296 1094 450 1160 δικος
481 1097 562 1165 μὴ
589 1098 799 1172 δυνηθῇ
822 1102 1016 1169 δεῖξαι,
1044 1104 1268 1174 ὀμνύτω
1293 1110 1353 1160 τὸ
1376 1110 1669 1179 πρόσωπον
1694 1113 1755 1166 τὸ
1782 1114 1881 1184 την

224 1234 231 1241 μ
297 1186 446 1240 δόσιν
482 1189 517 1258 ἢ
552 1191 657 1260 τὴν
690 1192 987 1263 ὑπόσχεσιν
1014 1198 1312 1273 λεγόμενον
1340 1203 1763 1269 καταδέξασθαι,
1795 1207 1880 1260 ὅτι

295 1278 422 1332 οὐδὲ
454 1280 530 1332 δι’
572 1283 775 1336 ἑαυτοῦ
815 1287 940 1339 οὑδὲ
962 1289 1031 1340 δι’
1058 1289 1220 1344 ἄλλου
1245 1294 1545 1361 προσώπου
1567 1296 1600 1364 ἢ
1627 1295 1787 1350 ἔλαϐέ
1821 1314 1874 1350 τι

1983 1118 2088 1159 nec
2126 1120 2223 1174 per
2285 1108 2445 1161 aliam
2495 1126 2810 1179 personam,
2853 1114 2934 1168 vel
2964 1113 3168 1183 aliquid
3207 1113 3438 1181 accepit,
3468 1115 3552 1168 vel

1983 1198 2313 1264 promissttm
2366 1200 2579 1255 habuit.
2613 1200 2679 1255 Et
2726 1202 2831 1256 hoc
2878 1204 3005 1258 dato
3027 1202 3406 1272 jurejurando,
3437 1205 3555 1273 ipse

1981 1289 2201 1356 quidem
2256 1292 2580 1347 liberabitur
2613 1312 2627 1348 :
2660 1295 2905 1367 litigator
2966 1311 3119 1362 vero,
3184 1296 3275 1364 qui
3316 1296 3552 1365 probare

1982 1395 2090 1434 non
2127 1384 2326 1451 potuit,
2361 1385 2416 1438 in
2444 1387 2625 1441 causis
2654 1388 2868 1454 quidem
2899 1388 3249 1457 pecuniariis,
3278 1387 3388 1443 litis
3406 1388 3553 1443 aesti-

1979 1476 2275 1529 mationem
2335 1493 2364 1531 a
2404 1478 2606 1533 comite
2638 1479 2971 1548 privatarum
3009 1492 3320 1536 nostrarum
3372 1482 3550 1537 facul-

292 1367 326 1437 ἢ
359 1370 671 1442 ὑπόσχεσιν
711 1373 860 1444 ἔσχε.
891 1378 1002 1430 Καὶ
1028 1379 1124 1432 τοῦ
1159 1381 1408 1435 τοιούτου
1439 1385 1606 1453 ὅρκου
1638 1402 1879 1457 παρεχο-

297 1460 491 1529 μένου,
516 1462 688 1527 αὐτὸς
722 1465 824 1534 μὲν
859 1466 1150 1540 ἐλεύθερος
1182 1469 1327 1524 ἔστω
1352 1488 1366 1503 ν
1401 1475 1430 1526 ὁ
1476 1475 1533 1527 δὲ
1583 1475 1823 1541 διάδικος
1849 1478 1877 1529 ὁ

294 1551 373 1620 μὴ
409 1551 675 1621 δυνηθεὶς
698 1555 874 1619 δεῖξαι
892 1559 987 1610 ἐπὶ
1013 1559 1114 1629 μὲν
1135 1563 1257 1625 ταῖς
1274 1567 1647 1634 χρηματικαῖς
1672 1569 1854 1627 αἰτίαις

1977 1574 2146 1621 tatum
2179 1570 2450 1637 exigatur,
2507 1572 2715 1641 judicio
2750 1573 2966 1629 scilicet
2992 1588 3150 1628 suum
3173 1586 3428 1631 eventum
3453 1591 3551 1630 ex-

289 1642 392 1702 τὴν
420 1641 774 1714 ἀποτίμησιν
798 1647 898 1716 τῆς
926 1649 1088 1720 δίκης
1112 1651 1220 1704 ὑπὸ
1248 1654 1342 1706 τοῦ
1369 1654 1611 1726 κόμητος
1641 1657 1740 1726 τῆς
1778 1660 1854 1712 ίδι-

1974 1669 2256 1726 spectante
2278 1680 2304 1715 -:
2336 1664 2390 1718 in
2424 1665 2799 1722 criminalibus
2819 1677 2999 1722 autem
3018 1667 3287 1723 bonorum
3322 1683 3545 1724 suorum

283 1731 393 1801 κῆς
423 1733 591 1802 ήμῶν
627 1738 950 1806 περιουσίας
983 1743 1420 1812 είσπραττέσθω,
1462 1747 1563 1817 τῆς
1593 1748 1751 1817 δίκης
1778 1750 1854 1820 δη·

1974 1750 2396 1818 publicationem
2443 1756 2733 1822 sustineat,
2763 1767 2819 1812 et
2850 1772 2879 1811 a
2910 1758 3358 1815 convenientibus
3396 1757 3547 1828 judi-

284 1821 470 1877 λονότι
505 1827 610 1896 τὴν
646 1828 786 1884 ίδίαν
817 1829 1047 1886 ἔκϐασιν
1072 1835 1461 1907 ἀναμενούσης
1483 1857 1496 1870 ·
1539 1840 1631 1892 ἐπὶ
1658 1841 1713 1894 δὲ
1750 1846 1854 1907 ταῖς

1974 1838 2127 1895 cibus
2181 1856 2248 1895 ex
2285 1843 2462 1913 legum
2500 1846 2693 1903 ordine
2720 1821 3012 1916 negotium
3069 1850 3414 1905 terminetur.
3446 1848 3544 1904 Sin

282 1913 738 2003 ὲγκληματικαῖς
769 1919 1039 1990 δήμευσιν
1056 1926 1155 1994 τῆς
1205 1925 1343 1991 ιδίας
1384 1932 1705 1999 περιουσίας
1730 1933 1854 1987 ὑπο‹

1971 1940 2152 1986 autem
2202 1947 2436 2002 persona
2485 1951 2516 1991 a
2570 1913 2845 2007 litigatore
2894 1940 3169 1995 declarata
3227 1941 3544 2010 praedictum

287 1996 671 2074 μενέτω,’καὶ
710 2011 772 2063 τὸ
795 2015 1032 2084 πρᾶγμα
1065 2017 1217 2087 παρᾶ
1245 2021 1362 2083 τοῖς
1389 1996 1671 2092 ἀρ-μοδίοις
1705 2026 1854 2080 δικα·

1967 2022 2353 2092 jusjurandum
2413 2032 2796 2096 recusaverit,
2851 2041 2962 2084 tam
3022 2031 3079 2085 in
3123 2032 3539 2096 criminalibus.

287 2101 444 2162 σταῖς
474 2101 623 2153 κατὰ
654 2103 757 2173 τὴν
782 2105 894 2159 τῶν
919 2107 1102 2177 νόμων
1126 2109 1280 2176 τάξιν
1306 2115 1677 2183 περαιούσθω.
1712 2118 1774 2169 Εἰ
1808 2119 1854 2172 δὲ

1972 2128 2135 2184 quam
2171 2117 2225 2170 in
2262 2121 2591 2186 pecuniariis
2629 2123 2836 2187 causis,
2867 2123 3143 2192 przedictis
3171 2126 3352 2191 ptenis
3407 2124 3541 2179 sult-

293 2188 352 2242 τδ
387 2192 537 2262 παρὰ
568 2193 669 2246 τοῦ
711 2195 1075 2267 δικαζομένου
1105 2203 1421 2270 φανερωθὲν
1450 2206 1743 2275 πρόσωπον
1773 2211 1854 2264 sbi

1962 2205 2206 2277 jiciatur.
2248 2207 2304 2264 Si
2342 2212 2462 2279 quis
2495 2222 2675 2266 autem
2722 2188 2938 2279 eorum,
2981 2216 3071 2278 qui
3128 2188 3362 2283 liligant,
3392 2215 3543 2283 jura-

296 2283 749 2349 μνημονευθέντα
779 2290 1185 2360 παραιτήσεται
1210 2293 1396 2360 ὅρκον,
1437 2296 1597 2350 τοῦτο
1637 2300 1734 2368 μὲν
1767 2302 1863 2356 ἐπὶ

287 2374 407 2433 ταῖς
445 2374 918 2445 ὲγκληματικαίς,
952 2381 1110 2435 τοῦτο
1132 2383 1189 2436 δὲ
1224 2386 1319 2437 ἐπὶ
1341 2389 1461 2448 ταῖς
1485 2406 1590 2459 χρη
1602 2395 1863 2460 μαιικαίς

280 2466 511 2532 αίτίαις,
541 2471 670 2531 ταῖς
715 2473 1212 2541 μνημονευθείσαις
1247 2477 1567 2532 ὑποκείσθω
1614 2487 1853 2546 ποιναῖς.

282 2556 343 2609 Ei
373 2558 433 2611 δέ
466 2576 552 2623 τις
580 2561 693 2613 τῶν
720 2561 1099 2648 δικαζομένων
1125 2567 1319 2636 ὀμόσει
1372 2569 1449 2641 μὴ
1492 2573 1790 2628 δεδωκέναι
1823 2577 1854 2649 ἢ

278 2640 747 2719 ἐπαγγείλασθαι,
774 2655 925 2719 ἐντὸς
971 2657 1030 2711 δὲ
1056 2660 1340 2732 τεσσάρων
1372 2640 1559 2734 μηνῶν
1579 2706 1593 2729 ,
1628 2671 1768 2735 μετὰ
1796 2640 1858 2723 τό

279 2737 690 2816 πρὸενεχθῆναι
717 2746 815 2819 τὴν
831 2748 1013 2819 ψῆφον
1036 2750 1476 2823 ἀριθμουμένων,
1500 2757 1686 2829 δειχθῇ
1711 2759 1863 2815 δοθέν

278 2852 332 2889 τι
363 2837 398 2906 ἦ
432 2838 772 2908 ὑποσχεθὲν,
810 2843 868 2896 αἱ
899 2843 1191 2914 εἰρημέναι
1239 2848 1425 2901 ποιναὶ
1476 2853 1622 2905 κατά
1663 2871 1721 2906 τε
1752 2855 1861 2909 τῶν

273 2930 539 2983 διδόντων
570 2935 718 2985 κατά
744 2950 805 2986 τε
844 2934 956 2987 τῶν
1011 2936 1398 3006 λαμϐανόντων
1427 2942 1612 3012 χώραν
1651 2946 1857 3012 ἕξουσι.

278 3021 387 3073 Καὶ
420 3021 604 3076 ταῦτα
654 3023 756 3094 μὲν
809 3025 908 3079 ἐὰν
952 3030 1095 3082 κατὰ
1129 3031 1348 3099 χρῆσιν,
1372 3033 1542 3102 ἤγουν
1572 3034 1662 3087 διὰ
1687 3036 1849 3107 λῆψιν

1970 2297 2112 2352 verit
2151 2312 2210 2352 se
2262 2300 2395 2354 nihil
2455 2302 2694 2369 dedisse,
2742 2304 2825 2359 vel
2884 2305 3188 2374 pollicitum
3214 2320 3360 2371 esse,
3393 2306 3536 2360 intra

1968 2399 2200 2457 quatuor
2222 2399 2402 2446 autem
2418 2407 2655 2458 menses,
2675 2405 2955 2464 postquam
2973 2395 3132 2466 533
3150 2399 3419 2451 sententia
3435 2398 3540 2452 lata

1967 2487 2054 2534 est
2108 2485 2499 2549 numerandos,
2552 2486 2735 2538 datum
2801 2488 3006 2555 aliquid
3057 2489 3143 2542 vel
3209 2489 3537 2557 promissum

1965 2579 2245 2627 ostensum
2294 2575 2488 2642 fuerit,
2549 2579 2839 2651 praedictae
2875 2595 3050 2650 paenae
3103 2592 3210 2635 tam
3276 2584 3539 2638 adversus

1966 2663 2159 2717 dantes
2184 2679 2349 2734 quam
2384 2667 2644 2722 adversus
2665 2669 3003 2738 accipientes
3024 2670 3199 2726 locum
3232 2672 3532 2728 habebunt.

1965 2751 2033 2807 Et
2059 2754 2173 2809 haec
2206 2756 2449 2824 quidem,
2481 2758 2527 2811 si
2567 2769 2787 2827 propter
2839 2762 3031 2816 sordes
3059 2776 3152 2816 seu
3182 2764 3534 2831 pecuniarum

1965 2845 2338 2916 acceptionem
2383 2849 2470 2904 vel
2500 2865 2739 2905 amorem
2775 2851 2859 2907 vel
2889 2853 3073 2907 odium
3113 2855 3382 2908 sententia
3424 2855 3535 2911 lata

1961 2936 2035 2990 sit
2067 2952 2083 2990 :
2120 2937 2359 3005 ejusdem
2401 2941 2546 2994 enim
2577 2943 2798 2997 virtutis
2846 2953 2974 2998 sunt
3019 2944 3137 3000 llaec
3176 2946 3303 3000 tria.
3335 2945 3394 3001 Si
3426 2961 3532 3002 au-

1966 3036 2071 3081 tem
2108 3044 2213 3084 non
2248 3042 2474 3102 propter
2505 3032 2770 3101 ejusmodi
2803 3034 2960 3089 ollam
2995 3052 3249 3103 causam,
3289 3041 3382 3093 sed
3435 3056 3533 3109 per

276 3119 646 3184 νομισμάτων
680 3118 714 3188 ἢ
747 3119 1129 3188 προσπάθειαν
1181 3122 1211 3191 ἢ
1241 3122 1464 3193 ἔχθραν,
1491 3127 1522 3195 ὴ
1553 3120 1733 3196 ψῆφος
1770 3130 1854 3194 ἐξ·

1964 3119 2291 3189 imperitiam
2338 3126 2599 3183 adversus
2628 3128 2862 3196 aliquem
2895 3127 3003 3184 fert
3050 3133 3374 3186 sententiam
3415 3134 3530 3202 epi-

279 3208 480 3277 ενεχθῇ
506 3224 522 3239 ο
555 3209 661 3277 τῆς
700 3212 808 3281 γὰρ
844 3212 1018 3282 αὑτῆς
1048 3214 1333 3284 δυνάμεως
1362 3219 1470 3270 είσι
1497 3221 1566 3270 τὰ
1585 3220 1731 3291 τρία·
1763 3222 1859 3275 ἐὰν

274 3300 330 3351 δὲ
358 3301 434 3370 μὴ
456 3300 549 3353 διὰ
585 3301 851 3373 τοιαύτην
874 3304 1081 3368 αἰτίαν,
1102 3307 1238 3360 ἀλλά
1261 3308 1400 3362 κατά
1429 3310 1688 3381 ἀπειρίαν
1721 3313 1859 3367 ἀπο-

279 3392 526 3461 φήνηται
560 3393 873 3455 ἐπίσκοπος
912 3398 1054 3450 κατά
1082 3414 1250 3463 τινος,
1284 3401 1338 3453 τί
1381 3401 1676 3471 γενήσεται
1699 3419 1715 3471 ;
1741 3404 1857 3458 Λύ-

274 3497 399 3546 σις.
439 3483 507 3534 Οἱ
533 3481 827 3550 ἄρχοντες,
861 3485 981 3555 ἦτοι
1015 3488 1064 3539 οί
1099 3490 1508 3561 προκαθήμενοι
1544 3493 1653 3545 τῶν
1696 3494 1853 3551 δικα-

279 3571 442 3633 στῶν,
469 3574 576 3625 οὑκ
614 3575 1028 3641 ἀναγκάζονται
1057 3579 1300 3649 ἀκριϐῶς
1343 3582 1543 3636 εἰδέναι
1591 3587 1715 3649 τοὺς
1767 3587 1857 3640 νόο

286 3677 433 3728 μους,
454 3663 545 3730 ἐφ’
571 3664 792 3733 ἑτέραις
812 3667 1081 3734 μεγάλαις
1097 3669 1365 3734 δουλείαις
1381 3674 1853 3745 ἐνασχολούμενοι*

290 3753 382 3804 καὶ
407 3754 494 3807 διὰ
553 3755 725 3808 τοῦτο
764 3758 824 3824 ἐξ
858 3761 1122 3830 ἀπειρίας
1153 3764 1606 3834 ἀποφαινόμενοι,
1664 3785 1857 3836 συγγι-

282 3844 604 3901 νώσκονται.
634 3850 699 3900 υἱ
722 3848 779 3902 δὲ
812 3850 1304 3921 σύνεδροιτούτων,
1327 3858 1662 3927 παρανόμως
1684 3862 1855 3930 ψηφι-

274 3933 522 4004 ζόμενοι,
556 3940 907 4003 κολάζονται.
941 3943 1081 4013 Φησὶ
1110 3944 1220 4016 γὰρ
1245 3948 1272 3999 ὁ
1306 3949 1470 4018 νόμος
1497 3950 1555 4002 ὲν
1573 3951 1761 4023 βιϐλίῳ
1786 3952 1850 4018 ζ’,

268 4030 437 4100 τίτλῳ
468 4037 545 4099 γ’,
583 4033 867 4103 κεφαλαίῳ
911 4036 1012 4090 κδ¹’
1050 4039 1151 4091 Τὸν
1169 4039 1317 4093 δόλον
1360 4042 1728 4114 ἐπιζητοῦμεν
1758 4047 1851 4101 τοῦ

274 4120 575 4190 ἄρχοντος.
644 4125 775 4179 Ἐὰν
825 4128 944 4197 γὰρ
987 4130 1216 4199 ἀπειρία
1245 4116 1343 4183 τοὺ
1376 4137 1635 4206 συνέδρου
1675 4139 1852 4204 ἄλλως

276 4211 563 4283 ψηφισθῇ,
594 4218 623 4267 ό
663 4217 849 4287 ἄρχων
881 4220 981 4274 οὐκ
1012 4223 1299 4289 ἀδικεῖται,
1325 4226 1440 4279 ἀλλ’
1473 4230 1501 4280 ὁ
1539 4234 1849 4300 συμπονῶν.

273 4306 386 4357 Καὶ
425 4308 455 4367 ό
489 4307 760 4376 λογισμὸς
789 4309 1038 4381 εὔλογος.
1086 4318 1152 4370 Ol
1187 4318 1288 4387 μὲν
1316 4320 1430 4391 γὰρ
1453 4322 1735 4392 ἄρχοντες,
1781 4327 1852 4379 δι’

1960 3224 2185 3281 scopos,
2217 3216 2346 3284 quid
2398 3216 2531 3272 fiet?
2589 3216 2820 3273 Solum.
2877 3219 3246 3290 Magistratus,
3301 3237 3399 3277 seu
3435 3226 3529 3295 qui

1959 3312 2203 3372 praesunt
2232 3306 2530 3376 judicibus,
2559 3324 2664 3364 non
2689 3320 2957 3380 coguntur
2986 3310 3132 3381 leges
3155 3322 3345 3368 exacte
3366 3318 3528 3382 scire,

1961 3401 2018 3447 ut
2051 3395 2144 3462 qui
2205 3397 2256 3450 in
2290 3398 2474 3454 multis
2505 3400 2625 3456 aliis
2668 3402 2877 3472 magnis
2923 3405 3376 3473 occupationibus
3403 3422 3530 3463 ver—

1958 3496 2183 3552 sentur;
2217 3497 2275 3542 et
2296 3502 2582 3558 propterea
2617 3493 2661 3547 si
2690 3510 2786 3562 per
2831 3495 3159 3564 imperitiam
3195 3501 3527 3567 sententiam

1955 3574 2161 3641 ferant,
2195 3580 2276 3633 eis
2332 3584 2490 3635 venia
2528 3584 2709 3639 datur.
2745 3583 2945 3657 Eorum
2985 3597 3163 3642 autem
3197 3604 3524 3656 assessores,

1957 3667 2003 3722 si
2039 3681 2229 3722 contra
2261 3670 2407 3740 leges
2432 3672 2615 3726 ferant
2637 3676 2990 3736 sententiam,
3037 3679 3357 3744 puniuntur.
3386 3680 3528 3735 Dicit

1955 3758 2104 3811 enim
2147 3760 2233 3812 lex
2265 3761 2317 3813 in
2373 3762 2475 3816 lib.
2505 3778 2597 3829 vlt,
2633 3764 2713 3816 tit.
2738 3765 2793 3828 5,
2836 3756 2954 3833 cap.
2980 3765 3052 3821 24
3084 3778 3100 3819 :
3134 3768 3323 3822 Dolum
3361 3771 3527 3839 magi-

1956 3856 2160 3902 stratus
2192 3851 2541 3919 requirimus.
2575 3854 2631 3907 Si
2663 3855 2806 3907 enim
2852 3870 2948 3924 per
2986 3860 3325 3925 imperitiam.
3346 3875 3527 3915 asses-

1953 3939 2097 3993 soris
2122 3939 2276 3994 aliter
2295 3942 2592 4009 judicatum
2623 3943 2804 4011 fuerit,
2823 3963 2928 4000 non
2957 3946 3090 4001 facit
3117 3950 3367 4018 injuriant
3386 3966 3525 4019 prae-

1954 4044 2040 4086 ses
2071 4047 2167 4086 seu
2225 4038 2575 4103 magistratus
2597 4075 2614 4101 ,
2645 4039 2739 4092 sed
2781 4039 2876 4106 qui
2908 4039 2957 4092 ei
3006 4039 3110 4093 fert
3145 4041 3425 4099 auxilium.
3457 4045 3523 4099 Et

1952 4131 2040 4178 est
2098 4125 2399 4194 probabilis
2463 4127 2681 4197 quidem
2735 4131 2892 4186 ratio.
2949 4131 3299 4201 Magistratus
3348 4137 3517 4203 enim,

1953 4223 2174 4286 propter
2199 4232 2319 4272 eam
2342 4233 2462 4287 quae
2496 4219 2640 4274 dicta
2671 4232 2757 4277 est
2782 4236 3031 4291 causam,
3062 4239 3172 4280 non
3200 4226 3522 4286 insimulan-

1954 4313 2042 4360 tur
2078 4322 2094 4360 :
2125 4307 2338 4377 judices
2369 4320 2569 4376 autem,
2601 4327 2828 4379 quorum
2875 4325 2962 4370 est
3010 4320 3287 4386 proprium
3325 4336 3522 4379 munus

268 4397 334 4465 ἢν
380 4400 610 4470 εἴρηται
642 4402 844 4464 αἰτίαν,
879 4404 981 4457 οὐκ
1009 4407 1290 4462 αἰτιῶνται
1320 4427 1334 4441 ’
1369 4413 1422 4464 οί
1451 4413 1506 4466 δὲ
1543 4417 1753 4486 κριταὶ,
1788 4418 1848 4471 τὸ

1959 4395 2218 4464 iudicare,
2272 4400 2325 4453 si
2371 4410 2559 4455 contra
2596 4401 2745 4473 leges
2784 4404 3036 4473 fecerint,
3081 4416 3335 4465 tenentur
3363 4428 3428 4468 ac
3469 4421 3520 4468 ei

264 4490 520 4554 δικάζειν
550 4495 647 4546 καὶ
690 4496 855 4564 μόνον
890 4498 1053 4568 ἔργον
1084 4499 1323 4571 ἔχοντες,
1383 4506 1478 4557 ἐὰν
1523 4476 1842 4580 παρανομή-

1959 4487 2072 4543 dolo
2100 4487 2380 4557 fecissent,
2405 4495 2702 4555 secundum
2741 4495 2915 4564 legem
2947 4513 3066 4566 quae
3094 4500 3262 4557 dicit:
3290 4501 3520 4574 Imperi-

269 4597 463 4647 σωσιν,
494 4587 782 4654 ἐνέχονται
819 4588 899 4652 ὡς
955 4590 1112 4645 δόλον
1167 4595 1518 4665 ποιήσαντες,
1576 4602 1718 4654 κατά
1750 4603 1843 4655 τὸν

265 4673 439 4742 νόμον
469 4676 570 4727 τὸν
596 4677 851 4745 λέγοντα*
893 4680 962 4734 Ἦ
990 4684 1224 4754 ἀπειρία
1283 4686 1433 4740 ἔοικε
1466 4692 1533 4760 τῇ
1574 4692 1808 4763 ἀμελείᾳ
1828 4711 1843 4726 ο

269 4769 368 4817 καὶ
399 4766 593 4819 πάλιν
630 4768 794 4824 Δόλον
855 4788 939 4835 τις
992 4776 1140 4828 ποιεί
1171 4775 1247 4848 μή
1304 4778 1462 4842 εἰδὼς
1519 4782 1766 4848 ἀκριϐῶς
1816 4784 1844 4838 δ

266 4856 683 4927 ἐπαγγέλλεται
710 4862 935 4917 εἰδέναι.

337 4951 450 5005 Καὶ
485 4950 655 5003 τοῦτο
699 4955 800 5023 μὲν
832 4953 1150 5029 ἐξεφωνήθη
1199 4962 1329 5031 περὶ
1373 4963 1483 5015 τῶν
1520 4964 1843 5037 ,πολιτικῶν

262 5040 567 5097 δικαστῶν.
614 5044 712 5107 El;
760 5044 819 5099 δὲ
867 5048 995 5112 τοὺς
1045 5048 1539 5122 ἐκκλησιαστικοὺς
1583 5056 1846 5120 δικαστὰς

263 5131 399 5202 ἄλλη
423 5150 510 5195 τις
538 5137 813 5206 κρατήσει
869 5138 1186 5204 ἀκολουθία,
1240 5142 1316 5206 ὡς
1364 5145 1489 5212 ἐμοὶ
1526 5146 1716 5199 δοκεῖ’
1750 5149 1844 5202 καὶ

266 5225 403 5297 αὕτη
437 5228 631 5297 μέντοι
686 5230 830 5283 κατὰ
877 5228 981 5301 τὴν
1026 5231 1313 5301 παροῦσαν
1357 5232 1745 5305 Θεσμοθεσίανς
1783 5239 1844 5292 El

267 5318 364 5385 μὲν
414 5322 525 5391 γὰρ
582 5321 849 5377 ἐναντίαν
883 5324 995 5385 τοῖς
1027 5325 1249 5378 κανόσιν
1280 5327 1587 5390 ἐπίσκοπος
1640 5330 1842 5401 ἐνέγκῃ

266 5410 457 5478 ψῆφον,
509 5411 1002 5483 τιμωρηθήσεται,
1053 5414 1223 5484 ήγουν
1250 5416 1730 5487 καθαιρεθήσεται,
1768 5421 1842 5493 μὴ

262 5498 552 5573 δυνάμενος
577 5501 900 5572 ἀμαθίανᾹ
933 5504 1198 5573 ἀπειρίαν
1225 5505 1617 5575 προϐαλέσθαι.
1638 5508 1712 5562 Οὐ
1734 5516 1841 5581 γὰρ

255 5598 635 5666 συγγνωστέος
670 5594 841 5648 ἔσται
895 5594 1072 5662 λέγων
1104 5596 1178 5665 μὴ
1214 5597 1419 5652 εἰδέναι
1443 5598 1569 5663 τοὺς
1589 5600 1843 5666 κανόνας,

242 5690 327 5756 οὓς
358 5692 765 5764 ἀναγκάζεται
817 5687 910 5740 διὰ
939 5687 1191 5757 γλώττης
1237 5689 1384 5760 ἔχειν
1415 5690 1604 5761 σχεδὸν
1644 5692 1753 5747 ἀεί.
1781 5694 1843 5747 Εἰ

229 5785 281 5839 δὲ
311 5780 705 5857 ἀποφήνηταί
742 5794 802 5831 τι
840 5777 1031 5848 νόμοις
1063 5777 1405 5846 ἀνένδεκτον,
1449 5780 1483 5851 ἦ
1516 5781 1845 5853 δικαστικῆς

1949 4581 2024 4633 tia
2092 4582 2431 4653 negligentiae
2484 4587 2887 4657 aequiparatur;
2945 4601 3001 4646 et
3054 4596 3514 4652 rursuszbolum

1948 4672 2070 4737 quis
2091 4672 2225 4728 facit
2252 4676 2346 4744 qui
2375 4675 2621 4746 perfecte
2641 4682 2817 4757 nescit
2849 4683 2995 4752 quod
3030 4699 3091 4738 se
3121 4685 3267 4741 scire
3291 4689 3517 4756 proﬁte-

1951 4768 2057 4813 tur.

2022 4955 2088 5011 Et
2117 4957 2219 5013 hoc
2251 4958 2467 5027 quidem
2494 4961 2692 5018 dictum
2723 4972 2805 5018 est
2843 4966 2907 5020 de
2937 4967 3187 5027 civilibus
3210 4971 3509 5042 iudicibus.

1948 5046 2007 5100 In
2034 5046 2247 5116 judices
2266 5060 2443 5106 autem
2475 5054 2879 5112 ecclesiastlcos
2902 5058 3006 5113 alia
3027 5063 3274 5130 quaedam
3312 5067 3518 5123 valebit

1946 5143 2361 5209 consequentia,
2392 5155 2452 5198 ut
2475 5147 2606 5200 mibi
2633 5147 2846 5203 videtur
2881 5167 2897 5205 :
2944 5162 2999 5207 et
3042 5168 3106 5207 ea
3162 5156 3381 5226 quidem
3425 5174 3519 5213 se-

1949 5233 2187 5287 cundum
2223 5246 2542 5302 praesentem
2587 5241 3054 5299 constitutionem.
3092 5244 3150 5301 Si
3195 5248 3341 5303 enim
3386 5265 3516 5306 cor.-

1948 5324 2169 5378 trariam
2201 5328 2508 5384 canonibus
2533 5333 2866 5387 sententiam
2893 5338 3182 5407 episcopus
3205 5341 3513 5410 pratulerit,

1949 5416 2205 5483 punietur
2239 5416 2358 5472 sive
2387 5417 2693 5490 deponetur
2717 5463 2734 5487 ,
2763 5426 2934 5495 utqui
2981 5443 3087 5483 non
3136 5433 3310 5500 possit
3359 5433 3514 5503 igno-

1948 5508 2181 5563 rantiam
2212 5508 2294 5564 vel
2323 5510 2649 5579 imperitiam
2690 5516 2952 5588 allegare.
2985 5518 3170 5590 Neque
3205 5525 3350 5580 enim
3407 5529 3514 5584 erit

1946 5598 1996 5653 ei
2032 5601 2441 5671 ignoscendum,
2472 5604 2520 5659 si
2556 5605 2703 5661 dicat
2733 5623 2792 5664 se
2823 5611 3039 5667 nescire
3065 5627 3327 5684 canones,
3372 5635 3513 5689 quos

1944 5694 2160 5762 cogitur
2181 5692 2233 5746 in
2266 5693 2450 5763 lingua
2477 5711 2690 5767 semper
2721 5699 2942 5758 habere.
2980 5701 3075 5759 Sin
3104 5714 3282 5761 autem
3309 5709 3511 5781 aliquid

1949 5784 2411 5852 pronuntlaverit,
2439 5789 2581 5855 quod
2614 5804 2646 5844 a
2676 5790 2891 5859 legibus
2923 5807 3030 5849 non
3068 5796 3394 5864 admittitur,
3431 5802 3514 5858 vel
