4034 6430
461 389 530 453 79
1724 384 1930 447 ΤΗΕο
1940 386 2002 446 D.
2053 379 2454 442 BALSAMON
3655 379 3724 443 8.)

465 505 551 553 est
575 506 728 552 extra
763 493 1108 566 judieiariam
1137 496 1613 566 consequentiam,
1640 496 1794 550 venia
1821 495 2041 549 dabitur

2157 490 2474 555 ὶκολουθίας
2507 488 2745 560 ἔξωθεν,
2784 490 3267 561 συγγνωσθήσιται
3294 492 3383 548 διὰ
3426 492 3528 564 τὴν
3561 494 3724 549 ἀπει-

467 598 690 658 propter
746 588 1078 659 imperitiam
1134 630 1149 655 ,
1202 596 1262 643 ut
1304 588 1400 659 qui
1459 602 1558 642 nee.
1609 588 1849 658 perfecte
1900 588 2044 657 leges

467 679 610 735 scire
660 680 872 735 debeat.
921 678 1047 734 llaec
1095 688 1273 734 autem
1310 680 1772 743 observabuntur,
1824 679 2043 749 quando

466 770 806 824 crintinaleut
832 785 1050 826 causam
1080 771 1407 841 judicaverit
1440 773 1751 839 episcopus,
1776 772 1857 824 vel
1883 772 2043 827 aliam

467 861 899 917 ecclesiasticam
954 864 1352 932 qtttestionem,
1398 879 1521 933 qtne
1572 864 1780 917 inducit
1825 865 2047 933 deposi-

471 952 698 1006 tioneut.
736 955 792 1006 bi
819 955 963 1006 enim
994 955 1367 1022 pecuniariam
1405 962 1594 1008 contra
1645 954 1791 1022 leges
1830 967 2049 1009 senten.

472 1043 601 1095 tiam
636 1046 928 1112 protulerit
960 1059 1054 1112 per
1102 1044 1454 1112 imperitiam,
1490 1046 1540 1097 id
1578 1044 1628 1097 ei
1678 1045 2045 1112 prmjudicittm

470 1148 578 1189 non
613 1135 825 1189 aﬂ‘eret.
856 1135 1129 1190 Praeterea
1180 1137 1538 1203 interrogabit
1591 1138 1886 1205 quispiam,
1921 1152 2046 1192 cum

472 1240 648 1278 canon
683 1228 962 1295 permittat
1010 1228 1186 1280 sacris
1234 1227 1476 1279 initiatos
1514 1224 1735 1294 iudices
1779 1229 2048 1283 electitios

471 1318 696 1382 eligere,
727 1318 876 1371 eisue
909 1318 1092 1369 licebit
1129 1316 1317 1370 civiles
1348 1316 1591 1383 eligere?
1643 1316 1877 1372 Salutio.
1914 1320 2049 1384 Quia

471 1408 663 1461 statuit
689 1422 887 1474 canon,
926 1418 984 1460 ιιι
1016 1408 1316 1463 electorum
1344 1408 1590 1475 jndicum
1624 1409 1805 1462 valeat
1826 1420 2049 1463 senten-

471 1501 565 1563 tia,
618 1514 722 1553 nec
772 1500 1121 1569 appellationi
1180 1501 1250 1553 sit
1283 1500 1545 1563 obnoxia,
1579 1500 1793 1554 etiamsi
1853 1500 1888 1553 ii
1942 1501 2051 1555 sint

469 1592 755 1659 pauciores
804 1608 969 1661 quam
1024 1591 1333 1656 duodecim,
1391 1607 1555 1660 quam
1612 1606 1730 1657 sex,
1784 1602 1839 1646 et
1886 1607 2049 1661 quant

474 1695 604 1745 tres,
636 1684 920 1737 evidenter
940 1696 1163 1752 apparet
1190 1683 1434 1736 civilium
1462 1683 1706 1753 jttdicutn
1729 1684 2050 1737 electionem

474 1790 582 1829 non
615 1777 834 1831 admitti
866 1792 895 1828 a
925 1776 1248 1831 canonibus.
1298 1775 1470 1840 Unde,
1529 1785 1588 1829 ut
1641 1777 1769 1830 tnilti
1819 1779 2048 1843 videtur,

472 1870 769 1919 secundum
805 1879 1130 1935 praesentem
1181 1882 1446 1919 canoneut
1483 1870 1782 1935 punientur
1825 1871 2046 1934 Sacrati,

472 1958 562 2021 qui
594 1972 621 2008 a
655 1958 906 2012 civilibus
930 1957 1205 2026 judiciltus
1235 1958 1469 2025 jttdicari
1499 1959 1786 2028 elegerint.
1826 1959 2057 2016 Videtur

472 2058 657 2102 autem
709 2063 774 2102 cx
827 2051 1013 2102 verbis
1038 2051 1288 2113 canonis,
1326 2066 1448 2118 quae
1484 2051 1675 2104 dicunt
1711 2052 1911 2120 deponi
1966 2067 2057 2107 sa-

473 2148 680 2202 cratos,
720 2138 812 2205 qui
862 2139 1201 2208 litigaveriut
1253 2140 1305 2192 in
1364 2140 1486 2195 foro
1535 2141 1682 2194 civili
1741 2156 1839 2211 pro
1890 2159 2055 2198 causa

474 2229 783 2297 pecuniaria
818 2271 832 2295 ,
864 2239 917 2283 et
965 2231 1217 2296 viterint,
1264 2233 1365 2289 nisi
1414 2249 1443 2288 α
1500 2251 1594 2289 sua
1639 2239 1903 2291 sententia
1958 2238 2056 2292 de-

475 2323 698 2387 sistant,
732 2322 1165 2390 quodjttdicittnt
1202 2327 1421 2395 quidem
1471 2326 1676 2382 factum
1727 2331 1795 2383 ab
1848 2330 2057 2383 ineatu-

475 2413 677 2481 petenti
702 2413 910 2481 jtuhee,
945 2428 1008 2467 ex
1046 2415 1325 2471 voluntate
1354 2418 1472 2485 ejus
1503 2421 1596 2489 qui
1641 2430 1727 2475 est
1778 2432 2053 2484 sacratus.

477 2501 770 2558 tenendum
812 2513 899 2559 est
946 2516 1001 2560 et
1057 2522 1162 2561 non
1210 2508 1670 2566 labefactandum.
1729 2511 1830 2577 Qui
1874 2523 2055 2568 autem

474 2591 910 2648 ecclesiasticum
946 2599 1217 2653 recusavit
1240 2598 1505 2666 judicium
1541 2609 1596 2657 et
1648 2601 1750 2656 fori
1802 2606 2050 2673 praescri-

474 2685 661 2754 ptione
692 2700 799 2740 non
829 2694 913 2741 est
946 2701 1103 2752 usus,
1140 2701 1387 2745 sacratus
1412 2693 1687 2760 punietur,
1722 2705 1780 2748 ut
1805 2699 2057 2764 superius

476 2779 676 2833 dictum
727 2789 830 2833 est.
867 2777 1149 2839 Electitios
1180 2796 1361 2838 autem
1399 2786 1608 2854 judices
1634 2786 1724 2842 hic
1764 2804 1831 2843 ne
1857 2789 2059 2845 dixeris

473 2868 779 2939 cujustttodi
814 2873 903 2927 tit.
937 2872 972 2925 2
1009 2874 1133 2929 libri
1186 2889 1263 2930 vu
1316 2877 1473 2941 dicit,
1524 2880 1617 2948 qui
1670 2880 1882 2935 scilicet
1932 2896 2056 2935 cum

476 2977 652 3031 paenae
741 2965 1092 3035 stipulatione
1155 2968 1447 3039 jtuiicant,
1502 2975 1595 3025 sed
1663 2971 2059 3028 ecclesiasticos

475 3058 810 3113 erdinarios.
850 3058 930 3113 lili
959 3061 1117 3113 enitn-
1144 3075 1252 3113 non
1283 3071 1510 3130 possunt
1548 3078 1766 3116 causam
1796 3066 2061 3119 crimina-

479 3154 582 3202 tein
633 3151 929 3220 judicare:
965 3152 1017 3205 lti
1083 3166 1232 3215 vero,
1296 3164 1354 3207 ut
1406 3169 1470 3207 ex
1527 3158 1784 3224 praesenti
1848 3172 2127 3246 canonec

476 3243 805 3308 intenditur,
843 3258 1059 3295 onmem
1089 3257 1306 3296 causam
1338 3243 1605 3312 judicant.
1635 3244 1709 3299 De
1730 3249 2057 3314 spectaculis

473 3341 676 3396 autent,
710 3343 765 3387 et
788 3350 1055 3404 equorum
1091 3335 1405 3400 curriculis,
1449 3345 1505 3390 et
1548 3339 1962 3403 venationibus,
1997 3349 2052 3393 et

475 3426 716 3479 scenicis
742 3427 1160 3487 saltationibus,
1194 3426 1331 3479 satis
1368 3428 1606 3480 diximus
1658 3429 1709 3481 in
1742 3445 1953 3484 canone
1981 3431 2053 3484 24

474 3517 667 3589 synodi
719 3519 769 3571 in
821 3518 1034 3583 Trullo,
1070 3526 1126 3571 et
1170 3519 1225 3572 in
1287 3517 1351 3572 51
1411 3520 1504 3573 ubi
1549 3519 1712 3573 etiam
1768 3522 2055 3591 praesentis

475 3610 704 3664 eanonis
736 3610 1137 3667 meminimus;
1189 3616 1245 3662 et
1294 3609 1413 3679 lege
1464 3625 1580 3664 eos.
1640 3611 1833 3678 Quaere
1884 3614 2050 3666 etiam

474 3700 1184 3769 sanctorum-apostolorum
1248 3717 1513 3756 canonent
1566 3702 1655 3767 74,
1702 3706 1890 3775 synodi
1940 3706 2053 3759 Att-

482 3794 749 3847 tiocltena:
783 3807 1022 3846 canones
1056 3792 1121 3845 M
1153 3802 1204 3845 et
1232 3791 1320 3857 15,
1368 3793 1557 3863 synodi
1590 3793 2055 3850 Chalcedonensis

477 3899 716 3939 canones
752 3883 840 3947 10,
877 3882 967 3948 17,
1018 3884 1207 3962 synodi
1238 3883 1578 3939 Sardieeusis
1609 3900 1853 3940 canones
1895 3888 1951 3951 5,
1996 3889 2052 3954 5,

476 3979 569 4044 l4,
609 3991 657 4032 et
693 3977 850 4044 hujus
878 3991 1115 4033 canones
1153 3976 1243 4039 28,
1296 3976 1400 4031 120
1442 3988 1495 4031 et
1529 3977 1653 4031 12L
1685 3978 1837 4043 Quod
1873 3989 2050 4033 autem

474 4072 685 4142 pOSsint
712 4072 913 4125 sacrati
949 4071 1266 4123 renuntiare
1293 4071 1686 4137 prtescriptioni
1712 4072 1834 4138 l'ori,
1868 4088 2051 4142 quaere

472 4179 593 4232 cap.
626 4164 658 4217 9
690 4165 775 4216 tit.
807 4162 841 4213 3
872 4162 964 4215 lib.
989 4176 1047 4214 ιιι
1077 4160 1455 4212 Basilicorum.

2149 583 2293 649 ρίαν,
2347 583 2425 647 ὡς
2466 583 2604 654 μηδὲ
2654 582 2889 652 ὀφείλων
2941 584 3142 638 είδέναι
3197 586 3398 656 νόμους
3451 585 3719 656 ἀκριϐῶς.

2146 676 2335 730 Ταῦτα
2356 676 2412 729 δὲ
2432 678 2827 748 κρατήσουσιν,
2848 678 2977 730 ὅταν
3007 678 3428 749 ἐγκληματικὴν
3460 679 3724 732 ὑπόθεσιν

2145 768 2343 841 δικάσῃ
2405 770 2729 832 ἐπίσκοπος,
2791 770 2961 838 ἄλλην
2992 771 3464 841 ἐκκλησιαστικὴν
3490 771 3720 841 ζήτησιν

2147 863 2463 929 ἐπάγουσαν
2494 862 2838 931 καθαίρεσιν.
2886 862 2951 915 Ei
2997 863 3105 931 γὰρ
3151 861 3508 932 χρηματικὴν
3546 880 3723 933 παρα-

2149 953 2335 1021 νόμως
2367 953 2635 1023 ἐξενέγκῃ
2668 954 2948 1020 ἀπόφασιν
2978 952 3039 1018 ἐξ
3062 955 3346 1023 ἀπειρίας,
3394 955 3457 1006 οὐ
3492 971 3727 1023 προκρι-

2154 1046 2577 1117 ματισθήσεται.
2606 1048 2729 1099 Ἔτι
2784 1048 3057 1117 ἐρωτήσει
3110 1062 3217 1110 τις,
3271 1046 3346 1108 ὠς
3376 1048 3467 1097 τοῦ
3497 1046 3726 1107 κανόνος

2152 1137 2446 1199 ἐνδιδόντος
2503 1141 2617 1200 τοῖς
2675 1140 2993 1209 ῖερωμὲνοις
3052 1124 3406 1205 ἐπιλέγεσθαι
3462 1137 3728 1200 δικαστὰς

2151 1231 2426 1299 αἱρετοὺς.
2461 1231 2681 1296 ἐξέσται
2716 1232 2902 1293 αὐτοῖς
2958 1231 3317 1297 ἐπιλέγεσθαι
3370 1230 3755 1305 πολιτικούςλ

2152 1323 2366 1385 Λύσις.
2405 1318 2555 1371 Ἐπεὶ¹
2587 1323 2614 1372 ό
2640 1319 2817 1372 κανὼν
2842 1319 3138 1389 διορίζεται
3169 1323 3393 1388 κρατεῖν
3418 1320 3517 1388 τὴν
3546 1319 3729 1389 ψῆφον
3750 1335 3762 1344 ·

2151 1412 2262 1462 τῶν
2318 1411 2614 1479 αἱρετικῶν
2664 1411 2961 1474 δικαστῶν,
3008 1412 3105 1464 καὶ
3152 1411 3227 1481 μὴ
3265 1412 3590 1465 ὑποκεῖσθαι
3626 1411 3763 1464 ἐκ-’

2153 1504 2360 1573 κλήτῳ,
2398 1504 2503 1556 κᾶν
2529 1503 2755 1574 ἥττονες
2787 1497 2925 1556 ὦσιν
2954 1496 3103 1557 οὗτοι
3135 1506 3242 1557 τῶν
3268 1504 3504 1569 δώδεκα,
3535 1505 3642 1556 τῶν
3669 1501 3732 1570 ἓξ

2155 1596 2252 1646 καὶ
2280 1593 2389 1647 τῶν
2415 1593 2604 1663 τριῶν,
2652 1591 2907 1661 φαίνεται
2953 1594 3204 1664 ἐναργῶς
3237 1597 3559 1649 ἀνένδεκτον
3588 1591 3732 1647 εἶναι

2153 1688 2265 1747 τοῖς
2299 1686 2491 1740 κανόσι
2521 1687 2621 1755 τὴν
2648 1686 2911 1757 ἐπιλογὴν
2957 1688 3065 1738 τῶν
3098 1688 3395 1740 πολιτικῶν
3431 1688 3730 1743 δικαστῶν.

2159 1777 2349 1840 Ὅθεν,
2413 1778 2488 1840 ὡς
2544 1778 2669 1851 ἐμοὶ
2713 1777 2885 1841 δοκεῖ,
2950 1776 3383 1845 κολασθήσονται
3436 1777 3580 1830 κατά
3636 1776 3735 1829 τὸν

2158 1868 2407 1937 παρόντα
2440 1867 2647 1920 κανόνα
2682 1869 2732 1919 οί
2770 1867 2923 1938 παρὰ
2952 1867 3253 1931 πολιτικοῖς
3302 1868 3588 1930 δικασταῖς
3647 1868 3738 1920 αῖ-

2162 1959 2509 2028 ρετισάμενοι
2569 1958 2897 2027 δικασθῆναι
2944 1960 3270 2028 ἱερωμένοι·
3324 1960 3472 2011 ἔοικε
3516 1959 3573 2012 δὲ
3624 1958 3738 2011 ἀπὸ

2158 2053 2269 2105 τῶν
2296 2052 2563 2122 ῥημάτων
2590 2050 2684 2104 τοῦ
2710 2053 2957 2115 κανόνος,
3011 2050 3120 2103 τῶν
3150 2050 3421 2118 λεγόντων
3449 2051 3741 2120 καθαιρεῖ-

2160 2146 2285 2198 σθαι
2311 2147 2438 2208 cui);
2469 2146 2797 2215 ῖερωμένους
2845 2144 3248 2215 δικασαμένους
3284 2146 3437 2213 παρά
3464 2142 3735 2212 πολιτικῷ

2157 2236 2496 2307 δικαστηρίῳ
2526 2239 2691 2307 χάριν
2722 2237 3075 2307 χρηματικῆς
3105 2237 3420 2299 αἰτιάσεως,
3452 2236 3546 2289 καὶ
3580 2236 3741 2307 νική-

2159 2343 2382 2394 σαντας,
2417 2330 2511 2380 ἐὰν
2541 2329 2617 2399 μὴ
2650 2328 2931 2381 ἀποστῶσι
2976 2330 3073 2396 τῆς
3103 2328 3245 2397 ὑπὲρ
3281 2329 3464 2381 αὐτῶν
3514 2329 3738 2396 ἀποφά-
3768 2388 3774 2394 ,

2161 2436 2321 2484 σεως,
2348 2419 2423 2482 ὡς
2451 2420 2483 2490 ὴ
2520 2420 2619 2489 μὲν
2650 2422 2919 2488 γενομένη
2943 2420 3127 2488 κρίσις
3175 2422 3327 2490 παρὰ
3371 2420 3731 2490 ἀπροσφόρου

2158 2510 2414 2563 δικαστοῦ
2472 2511 2617 2565 κατά
2669 2511 2892 2580 θέλησιν
2942 2510 3037 2563 τοῦ
3093 2511 3394 2582 ἱερωμένου
3458 2510 3739 2581 στερκτέα

2160 2604 2315 2658 ἔσται
2372 2604 2469 2657 καὶ
2516 2605 2954 2665 ἁκατάσειστος·
3014 2606 3041 2655 ὁ
3073 2602 3218 2656 δὲτὸ
3271 2602 3737 2666 ἐκκλησιαστικὸν

2160 2696 2650 2765 παραιτησάμενος
2678 2694 3033 2764 δικαστήριον
3059 2697 3151 2746 καὶ
3190 2694 3265 2764 μὴ
3289 2696 3638 2762 χρησάμενος
3665 2698 3738 2764 τῇ

2158 2785 2252 2838 τοῦ
2304 2788 2473 2857 φόρου
2529 2788 2875 2857 παραγραφῇ
2942 2787 3244 2855 ἱερωμένος
3304 2787 3742 2854 κολασθήσεται,

2159 2876 2344 2943 καθὼς
2400 2878 2608 2932 ἄνωθεν
2664 2879 2905 2948 εἴρηται.
2938 2879 3204 2948 Αίρετοὺς
3242 2879 3298 2932 δὲ
3348 2881 3613 2941 δικαστὰς
3646 2882 3742 2933 ἐν-

2157 2970 2334 3024 ταῦθα
2361 2973 2436 3042 μὴ
2467 2972 2629 3043 εἴπῃς
2654 2972 2802 3035 οἴους
2830 2973 2858 3023 δ
2884 2970 2928 3041 β’
2952 2973 3092 3026 τίτλ.
3118 2973 3212 3025 τοῦ
3240 2970 3287 3037 ζ’
3316 2972 3525 3043 βιϐλίου
3577 2975 3740 3043 φησι,

2164 3060 2303 3132 μετά
2352 3064 2753 3130 ἐπερωτήσεως
2808 3059 3057 3131 δηλονότι
3121 3061 3314 3129 ποινῆς
3364 3060 3736 3123 δικάζοντας·

2160 3152 2298 3207 ἀλλά
2330 3153 2824 3222 ἐκκλησιαστικοὺς
2878 3152 3207 3221 ἐνορδίνους.
3248 3153 3479 3205 Ἐκεῖνοι
3509 3155 3615 3221 γὰρ
3644 3155 3745 3222 ἐγ-

2161 3244 2516 3317 κληματικὴν
2554 3245 2817 3297 ὑπόθεσιν
2847 3245 2906 3296 οὐ
2964 3244 3222 3297 δύνανται
3280 3244 3553 3307 δικάζειν⁸
3587 3238 3743 3298 οὗτοι

2158 3340 2237 3403 δέ,
2267 3340 2341 3403 ὡς
2364 3338 2473 3392 ἀπὸ
2502 3338 2595 3391 τοῦ
2630 3338 2895 3409 παρόντος
2925 3337 3150 3399 κανόνος
3175 3337 3530 3407 παρίσταται,
3550 3339 3742 3391 πᾶσαν

2161 3430 2420 3485 ὑπόθεσιν
2482 3430 2753 3500 κρίνουσι.
2806 3430 2946 3499 Περὶ
2983 3429 3173 3499 μέντοι
3208 3429 3317 3481 τῶν
3351 3429 3599 3500 θεωρίων
3635 3430 3740 3485 καὶ

2159 3523 2268 3575 τῶν
2309 3522 2683 3590 ἱπποδρομῖων
2710 3524 2805 3584 καὶ
2839 3522 2949 3575 τῶν
2998 3522 3347 3591 κυνηγεσίων
3381 3523 3603 3575 καὶτῶν
3639 3525 3743 3577 ἐπὶ

2162 3617 2390 3683 σκηναῖς
2418 3615 2701 3685 ὀρχήσεων
2748 3613 2955 3675 ίκανῶς
2997 3614 3323 3683 ἐγράψαμεν
3349 3616 3405 3667 ἐν
3436 3614 3517 3684 τῷ
3544 3613 3743 3669 κδ’κα-

2160 3707 2275 3760 νόνι
2301 3706 2399 3775 τῆς
2425 3709 2484 3758 ἐν
2515 3705 2594 3775 τῷ
2625 3704 2885 3776 Τρούλλῳ
2927 3706 3175 3767 συνόδου,
3210 3706 3307 3758 καὶ
3359 3705 3437 3775 τῷ
3466 3704 3567 3770 να’,
3598 3706 3742 3760 ὅπου

2160 3799 2256 3851 καὶ
2306 3798 2402 3851 τοῦ
2449 3798 2721 3865 παρόντος
2754 3796 2984 3858 κανόνος
3042 3796 3405 3866 ἐμνήσθημεν
3430 3813 3443 3827 ’
3476 3798 3571 3849 καὶ
3601 3798 3742 3851 ἀνά-

2158 3907 2369 3958 γνωσον
2399 3888 2650 3949 τούτους.
2699 3887 2861 3958 Ζήτει
2894 3886 3131 3939 καὶτῶν
3178 3887 3351 3954 ἁγίων
3414 3888 3742 3941 ἀποστόλων

2158 3984 2360 4037 κανόνα
2383 3983 2477 4043 οδ’,
2514 3981 2613 4048 τῆς
2645 3981 2700 4032 ἐν
2726 3977 3032 4051 Ἀντιοχείᾳ
3065 3978 3283 4030 συνόδου
3320 3979 3522 4035 κανόνα
3552 3975 3613 4029 ιδ’
3639 3980 3739 4031 καὶ

2161 4080 2244 4136 ιε’,
2280 4074 2381 4141 τῆς
2441 4073 2500 4121 ἐν
2550 4067 2860 4136 Χαλκηδόνι
2887 4084 3008 4119 καν.
3071 4071 3124 4131 ι’,
3159 4066 3246 4131 ιζ’,
3274 4068 3371 4136 τῆς
3401 4069 3458 4120 ἐν
3492 4068 3604 4140 Σαρ
3641 4071 3736 4138 ικῇ

2159 4167 2365 4221 κανόνα
2408 4169 2480 4231 γ’,
2514 4168 2578 4227 ε’,
2629 4161 2714 4225 ιδ’,
2747 4163 2843 4213 καὶ
2876 4160 3083 4231 ταύτης
3114 4163 3318 4213 κανόνα
3351 4159 3457 4232 κη’,
3494 4180 3584 4214 και
3625 4169 3736 4232 ρκ’,

476 4254 570 4304 καὶ
639 4250 780 4322 ρκα’.
817 4250 954 4318 Περὶ
1037 4248 1095 4300 δὲ
1141 4247 1234 4299 τοῦ
1285 4247 1548 4301 δύνασθαι
1601 4252 1727 4312 τοὺς
1783 4253 2117 4324 ῖερωμένους
2185 4254 2586 4309 ἀποτάττεσθαι
2646 4255 2712 4324 τῇ
2774 4250 2869 4305 τοῦ
2947 4256 3113 4323 φόρου
3179 4258 3515 4326 παραγραφῇ
3580 4253 3738 4326 ζήτει

475 4357 600 4409 κεφ.
628 4339 675 4392 θ’
703 4341 799 4393 τοῦ
835 4336 879 4405 γ’
902 4339 1083 4390 τίτλου
1114 4336 1209 4390 τοῦ
1249 4343 1297 4405 γ’
1333 4338 1545 4407 βιϐλίου
1573 4341 1681 4393 τῶν
1710 4343 2034 4403 Βαιςιλικῶν.

728 4429 977 4485 ΖΟλΑιι.
1001 4432 1056 4483 lit
1085 4432 1452 4501 Otttuiuut,qui
1479 4436 1650 4487 sacris
1689 4436 1883 4490 initiati
1912 4450 2063 4503 sunt,
2146 4408 2155 4413 ν

2246 4438 2493 4493 ΖΩΝΑΡ.
2548 4437 2676 4498 Τοῖς
2733 4435 3055 4504 ἰεριι)μένοις
3087 4435 3316 4497 ἅπασιν,
3378 4434 3515 4489 ἀλλά
3549 4438 3738 4504 μέντοι

476 4528 605 4593 quin
657 4537 711 4577 et
751 4527 801 4576 in
858 4525 1254 4575 monachorum
1317 4526 1733 4593 controversiis,
1794 4531 1915 4597 ejus
1965 4531 2052 4584 cui

2160 4530 2256 4582 xui
2310 4531 2565 4597 μοναχοῖς
2605 4528 2897 4596 πρόσφορά
2954 4530 3059 4578 εἱσι
3125 4526 3457 4595 δικαστήρια
3509 4528 3576 4578 τὰ
3626 4528 3739 4581 τῶν

476 4615 705 4683 subjecti
735 4624 861 4666 Stttil
895 4616 1134 4682 episcopi
1175 4616 1394 4682 propria
1446 4630 1623 4669 causa:
1658 4622 1901 4687 cognitio
1944 4632 2046 4676 est.

477 4709 601 4763 Sive
629 4707 793 4777 igitur
837 4704 1034 4771 aliquis
1091 4705 1286 4757 horum
1323 4704 1617 4772 deferatur,
1673 4712 1788 4762 sive
1841 4711 2051 4765 delerat

474 4798 866 4863 conclericom,
905 4812 1087 4850 coram
1121 4796 1289 4863 ipsius
1318 4801 1597 4868 episeopo,
1633 4799 1746 4854 sive
1791 4803 1870 4855 rei
1898 4807 2049 4872 capi-

478 4886 619 4950 talis,
651 4904 745 4941 seu
774 4886 975 4947 civilis,
1005 4893 1100 4937 aut
1137 4888 1468 4951 pecmtiarize
1513 4890 1745 4956 qttwstio
1790 4891 1879 4952 sit,
1933 4906 2047 4944 rent

478 4978 701 5045 transigi
756 4986 992 5044 oportet.
1045 4974 1199 5039 Quod
1241 4977 1283 5029 si
1318 4993 1382 5030 ex
1440 4978 1505 5031 iis
1547 4980 1840 5048 quispiam,
1888 4997 1946 5034 se
1985 4982 2052 5035 ab

475 5068 845 5124 ecclesiastica
866 5066 1252 5135 jurisdietione
1280 5070 1631 5134 subtrahens,
1668 5072 1887 5139 publico
1906 5073 2053 5140 judi-

475 5163 582 5225 cio,
614 5164 752 5228 apud
784 5161 1127 5227 magistratus
1165 5161 1417 5214 nimirttnt
1452 5165 1765 5230 populares,
1803 5167 1904 5218 hoc
1963 5175 2046 5218 est

476 5254 693 5315 civiles,
725 5252 968 5318 purgari,
1013 5251 1063 5304 id
1100 5258 1200 5315 est,
1237 5267 1295 5305 se
1325 5267 1354 5304 a
1386 5255 1540 5321 culpa
1581 5254 1871 5308 inmtun‘ent
1923 5273 2050 5324 pro-

476 5347 606 5415 bare
649 5344 976 5409 contendat;
1030 5345 1279 5412 quamvis
1314 5345 1382 5412 ,in
1433 5359 1499 5397 eo
1547 5344 1754 5411 judicio
1802 5351 2053 5416 superior

473 5438 731 5500 evaserit,
767 5449 997 5504 eumque
1026 5439 1093 5488 ab
1128 5435 1328 5503 objecti
1361 5435 1617 5490 facinoris
1639 5438 1797 5507 culpa
1827 5444 2051 5493 omnino

476 5530 663 5600 procul
688 5528 1158 5593 abfuiSsejudices
1192 5528 1628 5596 pronuntiarint;
1659 5531 1837 5584 locum
1871 5542 2051 5586 tamen

475 5623 778 5692 pmprium,
819 5621 1042 5690 gradum
1096 5621 1370 5685 videlicet,
1409 5635 1472 5675 ac
1529 5624 1822 5677 sacerdotii
1874 5628 2052 5693 digni-

478 5724 640 5767 tatem
697 5714 929 5773 amittet,
996 5720 1157 5778 atque
1193 5710 1280 5764 vel
1330 5716 1399 5766 ob
1460 5716 1511 5766 id
1564 5716 1765 5783 ipsum,
1810 5722 1952 5784 quod
1984 5716 2051 5769 ab

475 5805 815 5859 celesiastica
861 5801 1247 5870 jurisdictioue
1297 5819 1356 5862 se
1412 5805 1761 5870 subduxerit,
1803 5806 2035 5871 deposi-

2160 4624 2497 4685 ἐπισκόπων,
2525 4615 2607 4681 οἷς
2632 4619 2979 4672 ὑπόκεινται.
3041 4619 3163 4669 Εἴτε
3195 4613 3289 4669 οὖν
3336 4618 3595 4685 ἐνάγεταὶ
3650 4638 3737 4684 τις

2158 4715 2387 4775 τούτων,
2435 4714 2548 4765 εἴτε
2602 4714 2790 4779 ἐνάγει
2823 4711 2964 4763 κατὰ
3015 4711 3414 4779 συγκληρικοᾷ,
3470 4714 3621 4779 παρά
3656 4715 3737 4783 τῷ

2160 4808 2442 4875 ἐπισκὸπῳ
2467 4804 2632 4857 αὑτοῦ
2669 4806 2763 4856 καὶ
2799 4805 3091 4870 ἐνάγεσθαι
3133 4807 3227 4853 καὶ
3258 4803 3475 4869 ἐνάγειν
3506 4804 3734 4873 ὀφείλει,

2160 4899 2263 4950 κᾶν
2298 4896 2703 4966 ἐγκληματικὸν
2736 4896 2822 4963 εἴη
2851 4895 2910 4945 τὸ
2942 4894 3427 4963 δικαστήριον,καὶ
3458 4897 3738 4947 πολιτικὸν

2162 4993 2285 5060 ἦτοι
2344 4989 2709 5059 χρηματικόν.
2774 4989 2898 5039 Ἐὰν
2930 4986 2985 5037 δὲ
3017 4986 3426 5055 παραιτὴσητλί
3488 5005 3570 5047 τις
3627 4988 3738 5039 τῶν

2158 5084 2420 5134 τοιούτων
2446 5082 2505 5131 τὸ
2536 5080 2997 5149 ἐκκλητιαστικὶν
3026 5080 3404 5150 δικαστήριον,
3440 5080 3536 5130 καὶ
3558 5080 3734 5148 δημο-

2161 5176 2295 5235 σίοις
2343 5173 2744 5242 δικαστηρίοις,

2157 5267 2407 5317 τουτέστι
2441 5264 2759 5325 πολιτικῶν,
2820 5262 3028 5331 θελήςῃ
3084 5261 3450 5329 καθαρθῆναι,
3485 5264 3604 5313 ἀντι
3638 5262 3733 5313 τοῦ

2159 5353 2396 5420 κλθαρὸς
2435 5354 2669 5421 φανῆναι
2731 5350 2825 5401 τοῦ
2861 5350 3213 5416 αἰτιάματος,
3256 5349 3359 5401 κᾶν
3415 5351 3617 5419 νικήσῃ
3675 5353 3733 5400 ἐν

2815 5171 2984 5239 ἤγουν
3048 5170 3365 5239 δημοτικῶν
3427 5171 3731 5239 ἀρχόντων,

2158 5447 2236 5513 τῷ
2267 5446 2607 5513 δικαστηρίῳ
2646 5445 2863 5510 ἐκείνῳ,
2895 5443 2987 5492 καὶ
3046 5444 3184 5512 ὑπὲρ
3216 5443 3381 5493 αὐτοῦ
3434 5442 3660 5510 γένηται
3697 5443 3729 5510 ή

2159 5540 2453 5607 ἀπόφασις,
2490 5536 2668 5588 ἀθῶον
2717 5535 2880 5587 αὐτὸν
2934 5534 3350 5604 ἀποφαινομένη
3403 5534 3498 5585 τοῦ
3530 5533 3738 5600 ἐγκλήο

2163 5644 2350 5698 ματος,
2381 5626 2462 5696 ἐφ’
2569 5626 2951 5694 κατηγορεῖτο,
2986 5624 3134 5693 ὅμως
3160 5625 3251 5675 τὸν
3286 5625 3416 5675 ἴδιον
3441 5621 3736 5681 τόπον,τὸν

2161 5719 2365 5790 βαθμὸν
2391 5716 2614 5786 δηλαδὴ,
2645 5718 2739 5768 καὶ
2773 5716 2869 5785 τὴν
2917 5716 3202 5785 ἱερατικὴν
3248 5714 3418 5785 τιμὴν
3452 5713 3729 5775 ἀπολέσει,

2159 5809 2245 5863 διὰ
2275 5806 2432 5859 τοῦτο
2462 5806 2594 5859 αὐτὸ
2628 5804 3086 5876 καθαιρούμενος,
3110 5805 3243 5859 διότι
3280 5804 3639 5876 παρῃτήσατο
3670 5799 3731 5854 τὸ
