4034 6402
276 358 340 423 81

1368 372 1439 432 m
1488 373 1653 433 CAN.
1694 338 1793 432 xv
1823 369 2031 432 CONC.
2077 373 2451 437 CARTHAG.

3463 385 3531 449 Si

279 473 743 543 ἑκκλησιαετικὺν
770 480 1151 553 δικαστήριον.
1185 487 1315 540 Ὅτε
1356 483 1474 551 οὖν,
1529 488 1716 557 φησιν,
1768 487 1853 553 ἔγ·

1962 485 2106 542 tinne
2164 489 2438 557 punietur.
2502 491 2681 557 Atque
2739 491 2851 546 haec
2906 500 3145 562 quidem,
3208 512 3541 569 quocunque

278 569 470 638 κλημα
498 569 581 638 εἴη
605 571 665 623 τὸ
693 573 920 640 κινηθὲν
952 576 1094 627 κατὰ
1124 576 1220 629 τοῦ
1253 577 1570 648 ἱερωμένου,
1606 580 1673 632 τὰ
1703 582 1861 649 εἰρη-

282 659 424 729 μένα
454 662 812 731 γενήσονται·
843 667 935 717 ὅτε
969 665 1025 719 δὲ
1059 669 1353 721 πολιτικόν
1373 672 1490 724 ἐστι
1521 671 1582 722 τὸ
1610 672 1862 738 κινούμε-

276 770 394 814 νον,
425 752 551 822 ἦτοι
583 756 950 822 χρηματικὸν,
999 757 1103 810 κᾶν
1132 758 1392 831 δικαιωθῇ
1452 764 1480 814 ὁ
1541 764 1857 830 ἱερωμένος,

278 842 377 892 καὶ
434 838 608 899 οὕτως
672 844 988 898 ἐκπεσεῖται
1028 847 1122 900 τοῦ
1164 849 1369 901 οἰκείου
1421 850 1631 919 βαθμοῦ
1655 891 1670 913 ,
1707 856 1752 905 εί
1784 855 1857 924 μὴ

277 935 694 1002 καταφρονήσει
724 934 819 988 τοῦ
853 938 1202 1006 πράγματος,
1239 942 1324 1010 ἐφ’
1354 937 1398 1010 ᾧ
1426 945 1744 1013 ἐδικαιώθη,
1768 949 1860 1000 καὶ

272 1025 377 1091 τῆς
402 1024 726 1096 δικαιούσης
757 1030 923 1081 αὐτὸν
957 1033 1310 1101 ἀποφάσεως.
1356 1036 1480 1090 Ἐὰν
1511 1037 1566 1090 δὲ
1595 1038 1860 1107 ἕκκλητος

208 1113 226 1133 ‘
279 1112 535 1182 γένηται,
585 1117 620 1187 ἢ
668 1119 987 1175 ἐπισκόπων
1015 1123 1353 1180 δικασάντων
1381 1129 1413 1197 ἦ
1443 1129 1713 1183 δικαστῶν
1745 1132 1860 1184 ἑτέ-

278 1222 409 1296 ρων,
476 1209 572 1260 ἐπὶ
618 1210 808 1273 ἄλλους
840 1215 1329 1285 ἐκκλησιαστικοὺς
1356 1221 1643 1286 δικαστὰς,
1688 1226 1856 1296 ἤγουν

272 1289 369 1342 ἐπὶ
398 1297 807 1363 μητροπολίτας
841 1299 872 1368 ἣ
898 1304 1262 1372 πατριάρχας,
1293 1310 1384 1360 καὶ
1409 1289 1769 1383 ἐξεταζομένη
1796 1316 1854 1367 ὲν

272 1384 340 1453 τῇ
391 1384 650 1456 ἐκκλήτῳ
697 1391 728 1456 ἡ
767 1392 1041 1457 ἀπόφασις
1085 1395 1239 1467 λυθῇ,
1272 1400 1391 1451 ἀντὶ
1420 1400 1513 1453 τοῦ
1546 1404 1854 1475 ἀνατραπῇ,

275 1476 470 1545 μηδὲν,
506 1480 668 1548 φησὶ,
700 1482 1129 1551 βλαπτέσθωσαν
1160 1490 1212 1541 οἱ
1257 1490 1450 1561 πρώην
1494 1495 1856 1564 ἀποφηνάμε-

271 1583 392 1619 νοι·
431 1570 482 1621 εἱ
515 1573 589 1638 μή
622 1590 726 1633 που
763 1575 1096 1647 ἐλεγχθῶσιν
1130 1580 1161 1650 ἢ
1222 1584 1365 1636 κατὰ
1391 1582 1590 1654 ἔχθραν
1616 1587 1854 1652 δικάσαι,

271 1661 349 1721 ὡς
378 1662 677 1732 ἐχθρωδῶς
704 1665 925 1736 ἔχοντες
956 1672 1099 1724 κατά
1143 1673 1238 1726 τοῦ
1274 1676 1788 1740 καταδικασθέντος,
1820 1678 1852 1748 ἢ

271 1750 420 1802 κατὰ
454 1755 861 1822 προσπάθειαν,
898 1759 976 1822 ὡς
1003 1763 1195 1827 φιλίως
1227 1763 1567 1834 διακείμενοι
1593 1770 1731 1838 πρὸς
1763 1770 1854 1821 τὸν

271 1842 662 1904 δικαιωθέντα.
700 1849 733 1919 ἢ
779 1850 1248 1922 δωροδοκηθέντες
1269 1874 1283 1888 ο
1319 1857 1478 1911 τοῦτο
1505 1859 1612 1930 γάρ
1646 1862 1763 1913 ἐστι
1791 1863 1850 1915 τὸ

272 1935 456 2005 χάριτι
493 1937 912 2011 ύποςρθαρῆναι.
947 1947 1339 2015 Δωροδοκεῖται
1396 1950 1452 2003 δέ
1496 1968 1599 2014 τις,
1652 1951 1684 2021 ἢ
1723 1954 1853 2022 χρή-

275 2045 424 2094 ματα
456 2030 781 2097 λαμϐάνων,
845 2035 873 2103 ἤ
926 2036 1095 2107 ἄλλην
1119 2041 1245 2094 τινὰ
1292 2041 1453 2111 χάριν
1504 2042 1655 2107 αὐτῷ
1710 2045 1852 2114 πλη-

280 2119 500 2189 ροῖητος
521 2122 617 2174 τοῦ
651 2125 813 2177 αὑτὸν
843 2127 1287 2198 ύποφθείροντος.
1318 2132 1381 2185 El
1415 2133 1526 2204 γὰρ
1559 2133 1629 2187 δι’
1653 2135 1855 2207 ἔχθραν

281 2211 319 2280 ἦ
372 2214 756 2278 προσπάθειαν
811 2218 845 2286 ἢ
878 2219 1207 2289 δωροδοκίαν
1267 2227 1490 2290 φανεῖεν
1546 2226 1620 2297 μὴ
1677 2229 1857 2293 καλῶς

284 2301 678 2371 ψηφισάμενοι,
740 2306 1106 2377 βλαϐήσονται
1136 2315 1264 2382 περὶ
1291 2315 1392 2384 τὴν
1418 2317 1627 2376 οἰκείαν
1681 2322 1856 2374 ἐπιτι-

280 2393 431 2479 μίαν.
451 2396 581 2449 Ἐὰν
605 2396 667 2449 δὲ
696 2400 1078 2468 αίρετίσωνται
1107 2405 1156 2455 oi
1188 2405 1286 2474 τὴν
1322 2406 1583 2462 ὑπόθεσιν
1610 2409 1851 2479 ἔχοντες,

272 2475 313 2538 ὅ
326 2503 384 2538 τε
412 2488 731 2558 κατήγορος
774 2492 872 2544 καί⁵
901 2495 929 2545 ό
956 2496 1457 2566 κατηγορούμενος,
1493 2475 1775 2567 δικαστὰς,
1807 2475 1857 2559 εί

275 2580 370 2633 καὶ
414 2580 771 2650 ὀλιγώτεροι.
827 2587 1015 2655 φησὶν,
1051 2584 1166 2642 εἷεν
1194 2591 1304 2643 τῶν
1348 2593 1700 2661 δρισθέντων.
1747 2597 1857 2653 τῶν

273 2668 344 2740 ιβ’
372 2672 473 2723 ἐπὶ
517 2673 867 2740 ἐπισκόπων,
916 2679 1156 2734 καὶτῶν
1207 2682 1269 2749 ἓξ
1316 2684 1407 2737 ἐπὶ
1440 2687 1854 2756 πρεσϐυτέρων,

270 2763 368 2816 καὶ⁵
394 2763 508 2817 τῶν
536 2764 711 2837 τριῶν
772 2766 866 2819 ἐπὶ
914 2768 1202 2837 διακόνων,
1233 2775 1261 2826 ὁ
1314 2777 1732 2840 καταδικασθεὶς
1764 2778 1856 2832 ὑπ’

269 2853 506 2904 ἐκείνων
539 2853 603 2904 ού
627 2853 921 2923 δυνήσεται
952 2857 1139 2928 ζητεῖν
1168 2860 1458 2931 ἔκκλητον.
1480 2865 1653 2919 Τοῦτο
1676 2866 1733 2920 δὲ
1763 2870 1858 2922 καὶ

268 2946 431 3014 νόμοι
463 2947 739 3001 πολιτικοὶ
764 2949 1168 3015 διατάττονται,
1201 2954 1297 3008 καὶ
1323 2955 1477 3026 ζήτει
1511 2958 1719 3028 βιϐλίον
1750 2960 1858 3014 τῶν

267 3037 591 3090 Βασιλικῶν
620 3044 695 3106 γ’,
727 3040 871 3096 τίτλ.
902 3040 976 3107 α’,
1004 3045 1302 3111 κεφάλαιον
1330 3048 1438 3118 μδ’,
1483 3052 1577 3103 καὶ
1612 3051 1754 3120 βιὸλ.
1787 3055 1852 3109 θ’.

1964 580 2179 633 demunt
2233 581 2460 635 crimine
2520 592 2771 638 sacratus
2820 596 3144 654 accusetur,
3205 590 3277 642 ita
3326 584 3534 645 servari

1962 669 2141 737 placet
2174 686 2188 723 :
2226 678 2279 722 at
2311 670 2354 724 si
2389 671 2567 725 civilis
2605 674 2719 725 sive
2750 675 3081 740 pecuniaria:
3102 677 3178 729 rei
3215 674 3284 729 sit
3310 684 3532 731 contro-

1961 762 2156 824 versia,
2187 765 2434 831 quamvis
2463 766 2759 818 secundum
2793 778 2938 829 eum,
2969 767 3059 833 qui
3084 767 3257 821 sacris
3282 768 3530 824 initiatus

1961 863 2066 914 est,
2096 853 2162 907 lis
2197 855 2317 907 data
2376 855 2574 922 fuerit;
2614 856 2713 910 nisi
2751 865 2931 911 tamen
2976 857 3092 927 ipse
3128 875 3240 912 rem
3274 869 3440 914 totam
3475 872 3529 914 et

1960 961 2114 1009 eam,
2153 962 2271 1014 qure
2310 949 2605 1003 secundum
2656 950 2825 1015 ipsum
2861 950 3203 1019 pronuntiata
3248 950 3369 1017 fuit,
3405 967 3528 1005 sen-

1964 1038 2190 1091 tentiam
2225 1048 2562 1102 contemnat,
2589 1040 2754 1108 gradu
2786 1057 2885 1096 suo
2913 1040 3265 1096 nihilominus
3293 1041 3527 1097 excidet.

1961 1126 2113 1192 Quod
2148 1129 2192 1181 si
2230 1128 2297 1181 ab
2327 1129 2622 1198 episcopis,
2656 1130 2845 1184 aliisve
2874 1131 3266 1202 cognitoribus,
3301 1133 3363 1185 ad
3391 1133 3528 1187 alios

1959 1222 2356 1277 ecclesiasticos
2380 1223 2615 1291 judices,
2654 1224 3101 1294 metrOpolitanos
3135 1224 3408 1285 videlicet.
3436 1233 3528 1276 aut

1961 1314 2331 1381 patriarchas,
2368 1315 2641 1384 quispiam
2673 1324 2952 1382 provocet,
2992 1316 3179 1385 illique
3201 1330 3366 1370 causa
3397 1328 3528 1369 exa-

1960 1406 2184 1470 minata,
2212 1406 2512 1473 jndicatum
2560 1407 2726 1473 solvi,
2764 1409 2865 1461 hoc
2894 1417 2998 1472 est,
3051 1407 3281 1462 rescindi
3314 1390 3529 1474 placere
3584 1482 3587 1483 ν

1961 1495 2348 1564 decreverint;
2384 1498 2518 1551 nihil
2550 1500 2601 1550 in
2635 1513 2752 1562 eos,
2800 1498 2996 1567 inquit,
3045 1500 3135 1567 qui
3189 1497 3340 1568 prius
3390 1495 3594 1565 jndi-f

1960 1583 2100 1636 cium
2161 1599 2477 1652 exercuere,
2543 1602 2708 1656 grave
2754 1589 3121 1641 constituatur
3174 1605 3188 1642 :
3247 1587 3350 1641 nisi
3391 1568 3563 1662 forte;

1959 1675 2104 1739 illos,
2147 1685 2240 1728 ant
2270 1678 2399 1731 odio
2435 1679 2717 1746 impulsos,
2768 1679 2911 1748 quod
2963 1678 3217 1734 videlicet
3267 1679 3336 1743 ei,
3370 1692 3528 1746 quem

1960 1762 2420 1828 condemnarunt,
2461 1765 2658 1819 infensi
2706 1766 2926 1831 forent;
2976 1775 3067 1818 ant
3119 1765 3323 1826 studio,
3385 1765 3529 1832 quod

1962 1857 2270 1923 quempiam
2306 1856 2685 1911 benevolentia
2717 1871 2846 1925 erga
2881 1857 3030 1910 illum
3082 1855 3302 1910 adducti
3341 1854 3556 1928 absol-.

1964 1946 2139 1999 verint
2168 1964 2183 2011 ;
2214 1954 2305 2000 aut
2332 1950 2584 2001 mercede
2611 1956 2848 2015 emptos,
2882 1946 2933 2000 id
2965 1961 3198 2015 namque
3224 1955 3326 2009 est,
3356 1944 3530 2012 gratia
3556 1980 3559 1985 ι

1963 2045 2246 2104 corruptos
2278 2077 2291 2101 ,
2354 2037 2634 2106 iudicasse
2692 2039 2976 2105 probatum
3046 2035 3231 2092 fuerit.
3286 2035 3541 2090 Mercede
3596 2080 3605 2083 μ

1960 2143 2198 2194 namque
2228 2138 2440 2196 emptus
2472 2129 2519 2184 is
2557 2130 2778 2192 dicitur,
2811 2129 2903 2197 qui
2966 2129 3249 2197 pecuniam
3308 2125 3527 2194 accipit,

1958 2229 2052 2271 aut
2104 2218 2247 2271 aliud
2298 2219 3040 2287 quodcunquebeneficium,
3089 2218 3158 2272 ab
3205 2232 3307 2272 θοι
3344 2232 3372 2270 a
3421 2230 3538 2284 quo

1959 2322 2245 2377 corruptus
2279 2325 2399 2364 esse
2427 2310 2647 2364 dicitur.
2702 2309 2834 2363 Nam
2896 2310 3208 2380 quicunque
3261 2316 3353 2361 aut
3401 2306 3525 2360 odio

1958 2410 2051 2455 aut
2080 2416 2269 2455 amore
2299 2400 2542 2465 adducti,
2597 2409 2701 2455 aut.
2737 2400 3024 2470 largitione
3077 2397 3345 2475 corrupti,
3377 2395 3524 2464 judie

1958 2492 2101 2545 cium
2132 2494 2313 2547 minus
2349 2492 2579 2546 fideliter
2605 2494 2918 2547 exercuisse
2947 2490 3264 2560 deprehensi
3300 2489 3520 2547 fuerint,

1957 2584 2172 2652 propria
2208 2583 2327 2637 illos
2361 2584 2626 2651 dignitate
2659 2584 2875 2637 multari
2907 2583 3184 2637 decretum
3226 2591 3329 2635 est.
3363 2578 3520 2646 Quod

1958 2675 2000 2729 si
2031 2674 2246 2743 jndices
2274 2675 2345 2728 illi
2382 2676 2503 2745 ipsi,
2529 2676 2623 2745 qui
2649 2676 2791 2730 inter
2816 2690 2875 2730 se
2897 2674 3102 2744 judicio
3126 2671 3526 2735 conﬂictantur,

1958 2773 2245 2820 accusatur
2296 2767 2557 2835 nimirum
2601 2776 2658 2820 et
2712 2781 2858 2831 reus,
2911 2765 3192 2835 elegerint,
3251 2764 3523 2834 quamvis,

1959 2857 2155 2926 inquit,
2184 2858 2489 2926 pauciores,
2523 2872 2683 2928 quam
2721 2858 3046 2928 praefinitum
3086 2864 3187 2921 est,
3243 2855 3527 2922 designen—

1958 2954 2070 3013 tur,
2104 2963 2296 3017 nempe
2328 2949 2380 3002 in
2410 2950 2787 3019 episcoporum
2811 2964 2977 3004 causa
3000 2947 3280 3013 duodenis,
3308 2947 3530 3016 presby-

1961 3048 2197 3092 terorum
2245 3055 2364 3107 sex,
2418 3042 2769 3097 diaconorum
2826 3043 3041 3097 tribus:
3090 3049 3269 3095 tamen
3321 3038 3388 3093 ab
3442 3037 3528 3091 his

279 3128 409 3181 Ἐπὶ
438 3131 662 3194 τούτοις
691 3132 721 3184 δ
760 3133 941 3186 κανὼν
971 3136 1102 3205 περὶ
1133 3139 1341 3192 τέκνων
1373 3138 1483 3192 τῶν
1514 3142 1704 3211 ἱερέων
1754 3161 1855 3212 φη-

1959 3132 2236 3198 jndicibus
2267 3133 2523 3187 damnato
2570 3134 2904 3204 provocandi
2953 3133 3179 3188 facultas
3234 3144 3339 3185 non
3399 3129 3524 3185 erit.

272 3223 387 3285 σὶν,
418 3222 509 3274 ίνα
544 3224 693 3292 μήτε
724 3223 931 3293 θεὼρια
964 3228 1261 3282 ἐκτελῶσιν
1298 3230 1474 3297 αὐτοὶ,
1505 3234 1643 3301 μήτε
1677 3235 1853 3289 ἄλλων

270 3314 580 3387 ποιούντων
603 3319 1021 3386 παραγίνωνται
1051 3321 1146 3374 καὶ
1174 3322 1443 3392 θεωρῶσι.
1464 3325 1538 3377 Τὸ
1557 3325 1616 3379 δὲ
1649 3327 1856 3397 θεώρια

270 3408 520 3460 ἐκτελεῖν
554 3409 805 3463 τοιοῦτόν
835 3411 1018 3467 ἐστιν’
1060 3414 1148 3466 Ἐν
1181 3416 1299 3478 ταῖς
1332 3416 1624 3485 μεγίσταις
1666 3420 1854 3474 πόλεσι

270 3500 487 3568 θέατρα
516 3494 610 3567 ἦν,
642 3500 738 3553 καὶ
775 3501 933 3556 ῐπποι
986 3504 1282 3573 ἐτρέφοντο
1329 3506 1739 3580 ἅμιλλητήριοι,
1766 3511 1856 3565 καὶ

272 3591 438 3659 θηρία
470 3592 555 3653 είς
583 3590 973 3662 θηριομαχίαν,
1001 3595 1095 3648 καὶ
1122 3594 1401 3649 ἀνετίθετο
1428 3599 1461 3666 ή
1498 3598 1852 3670 ίπποτροςρία,

276 3683 370 3733 καὶ
396 3684 429 3751 ἡ
460 3682 575 3736 τῶν
612 3684 798 3754 θηρῶν
839 3686 1150 3754 ἐπιμέλεια,
1179 3688 1272 3741 καὶ
1300 3689 1332 3758 ἡ
1366 3691 1594 3758 φροντὶς
1626 3693 1732 3745 τοῦν
1756 3693 1856 3758 τὰς

284 3766 510 3842 θεωρίας
559 3777 623 3827 ἐν
673 3778 789 3838 τοῖς
822 3776 1074 3847 θεάτροις
1104 3780 1502 3846 ἐπιτελεῖσθαι,
1544 3784 1712 3847 ὲνίοις
1743 3786 1855 3840 τῶν

279 3865 596 3931 πολιτικῶν,
634 3866 910 3931 κάκείνοις
960 3867 1120 3937 ἔμελε
1152 3871 1282 3942 περί
1307 3889 1368 3926 τε
1398 3875 1496 3943 τῆς
1532 3875 1646 3929 τῶν
1669 3877 1856 3932 ἵππων

274 3957 515 4027 ἁμίλλης
565 3959 666 4010 καὶ
693 3958 797 4029 τῆς
828 3959 1201 4028 θηριομαχίας
1239 3963 1335 4015 καὶ
1386 3964 1496 4018 τῶν
1524 3965 1724 4031 ἄλλων,
1754 3968 1857 4021 ὅσα

269 4050 327 4102 ιν
358 4050 475 4111 τοῖς
508 4047 768 4118 θεάτροις
791 4050 950 4103 είωθε
978 4050 1249 4117 γίνεσθαι.
1275 4053 1463 4108 Ταῦτα
1488 4052 1580 4110 οὖν
1605 4058 1856 4125 γίνεσθαι

268 4142 425 4212 παρὰ
459 4143 679 4195 παίδων
699 4142 811 4195 τῶν
833 4142 1028 4212 ἱερέων
1054 4145 1326 4199 ἐκώλυσεν
1352 4150 1380 4201 ὀ
1406 4149 1608 4204 κανών.
1632 4151 1727 4204 Δεῖ
1744 4151 1856 4223 γὰρ

267 4235 396 4296 τοὺς
428 4235 603 4303 ἱερεῖς
631 4234 702 4286 τά
736 4235 913 4287 οίκεῖα
936 4236 1106 4288 τέκνα
1131 4238 1190 4289 ἐν
1217 4240 1441 4309 παιδείᾳ
1473 4240 1568 4295 καὶ
1596 4243 1855 4316 νουθεσίᾳ

270 4326 485 4393 Κυρίου
546 4324 800 4391 ἀνάγειν,
835 4326 984 4379 κατὰ
1015 4328 1104 4379 τὸν
1137 4328 1310 4395 μέγαν
1343 4329 1578 4396 Παῦλον,
1644 4332 1706 4396 ὃς
1760 4335 1856 4387 καὶ

270 4414 409 4482 πρὸς
457 4413 623 4466 Τῖτον
647 4414 882 4483 γράφων
906 4413 1057 4478 οἴους
1105 4416 1189 4469 δεῖ
1221 4417 1488 4489 καθιστᾷν
1547 4421 1856 4490 πρεσϐυτέ-

269 4522 423 4575 ρους,
461 4504 605 4573 πρὺς
629 4507 745 4567 τοῖς
771 4505 956 4569 ἄλλοις
1017 4509 1112 4561 καὶ
1141 4508 1306 4562 τοῦτο
1341 4500 1615 4582 ἔγραψείιο
1646 4514 1722 4568 El
1758 4516 1854 4582 τίς

266 4596 400 4649 ἐστι
423 4593 613 4648 τέκνα
633 4596 791 4664 ἔχων
806 4597 1015 4661 πιστὰ,
1034 4599 1121 4665 μὴ
1138 4598 1208 4651 ἐν
1223 4601 1547 4668 κατηγορίᾳ
1563 4603 1848 4669 ἀσωτίας,

265 4688 304 4755 ἤ
331 4687 751 4741 ἀνυπότακτα.
786 4688 898 4740 Καὶ
929 4688 1184 4760 Τιμοθέῳ
1214 4692 1568 4755 ἐπιστέλλων,
1619 4689 1729 4748 οἷον
1773 4696 1856 4751 δεῖ

266 4781 359 4832 τὸν
410 4781 732 4847 ἐπισκοπῆς
786 4779 1121 4849 ὀρεγόμενον
1170 4777 1331 4844 εἶναι,
1365 4785 1480 4845 τοῖς
1515 4782 1726 4849 λοιποῖς
1757 4786 1855 4840 καὶ

267 4870 429 4923 τοῦτο
456 4870 795 4940 προσέθετο⁶
820 4871 894 4924 τὰ
917 4872 1087 4924 τέκνα
1117 4870 1314 4941 ἔχοντα
1340 4874 1400 4925 ὲν
1433 4875 1683 4947 ὑποταγῇ
1714 4878 1854 4946 μετὰ

267 4966 456 5034 πάσης
514 4963 873 5033 σεμνότητος.
921 4962 1004 5016 Τὰ
1037 4963 1297 5035 θεωρίαις
1345 4965 1403 5019 δὲ
1454 4967 1637 5037 μίμων
1680 4986 1855 5037 προσ-

268 5056 464 5125 ἔχοντα
495 5056 595 5107 καὶ
629 5054 1023 5124 ἱπποδρομίαις
1058 5058 1428 5125 σχολάζοντα,
1462 5060 1558 5112 καὶ
1584 5059 1853 5125 τοιούτοις

266 5148 475 5209 ἄλλοις,
530 5144 660 5199 οὔτε
711 5147 952 5209 ἀσωτίας
978 5148 1250 5220 ὑπόληψιν
1300 5150 1678 5217 ἐκφεύξονται,
1731 5152 1854 5207 οὔτε

270 5239 539 5309 σεμνότης
567 5238 757 5299 αὐτοῖς
788 5239 1457 5311 προσμαρτυρηθήσεται.
1488 5243 1598 5295 Καὶ
1623 5242 1684 5294 ού
1717 5242 1855 5296 θαυ·

270 5331 479 5400 μαστὸν
515 5332 567 5383 εἱ
601 5332 672 5384 τὰ
697 5329 810 5382 τῶν
842 5330 1040 5399 ἱερέων
1066 5330 1234 5382 τέκνα
1261 5331 1526 5401 τοιαύτην
1577 5332 1853 5401 διαγωγὴν

268 5425 623 5478 ἀπαιτοῦνται
646 5438 663 5455 ο
697 5424 827 5477 ἐπεὶ
852 5420 954 5474 καὶ
980 5422 1116 5474 πᾶσι
1135 5423 1485 5492 Χριπιανοῖς
1507 5425 1850 5494 κεκήρυκται

270 5516 342 5585 μὴ
372 5515 688 5586 προσιέναι,
719 5514 862 5567 ὅπου
896 5510 1249 5581 βλασφημίαι
1300 5512 1432 5568 εἰσί.
1487 5513 1849 5582 Βλασφημίας

266 5609 317 5661 δὲ
350 5613 415 5663 τά
448 5608 714 5680 ἀσέμνως
755 5604 1033 5678 γινόμενα
1066 5604 1348 5674 ἐκάλεσεν,
1398 5603 1473 5676 ὡς
1509 5603 1854 5678 βλασφημεῖ-

318 5794 359 5827 "
386 5792 492 5848 Ttt.
531 5811 569 5851 t.
600 5791 659 5846 6.

1882 4493 1930 4549 D

1959 3220 2113 3288 Quod
2142 3225 2331 3279 civiles
2384 3240 2600 3295 quoque
2647 3227 2791 3296 leges
2825 3227 3013 3280 eodem
3066 3225 3226 3279 modo
3270 3235 3524 3287 sanxere,

1958 3326 2016 3369 ut
2045 3317 2209 3370 tertio
2240 3316 2397 3382 libro,
2449 3317 2622 3377 titulo,
2646 3319 2846 3386 primo,
2880 3316 3061 3386 capite
3107 3313 3539 3385 quadragesimo

1957 3419 2172 3480 quarto,
2211 3418 2265 3464 et
2296 3409 2436 3465 libro
2488 3424 2630 3464 nono
2676 3409 3031 3464 Dasilicorum
3058 3407 3241 3463 videre
3280 3415 3386 3462 est.
3423 3401 3523 3459 His

1959 3501 2248 3567 absolutis,
2281 3501 2347 3557 de
2383 3501 2506 3555 filiis
2543 3502 3011 3575 presbyterorum,
3046 3514 3114 3556 ne
3174 3508 3267 3553 aut
3309 3505 3524 3568 specta-

1959 3593 2082 3647 cula
2111 3592 2247 3662 ipsis
2295 3592 2561 3650 exhibere
2606 3603 2701 3648 aut
2749 3610 2871 3665 quae
2920 3595 2987 3648 ab
3038 3592 3159 3647 aliis
3204 3589 3528 3644 exhibentur

1957 3694 2210 3753 spectare
2238 3687 2422 3750 liceat.
2451 3701 2626 3742 canon
2657 3688 2924 3742 decernit.
2957 3685 3051 3740 Est
3084 3699 3212 3739 vero
3239 3684 3341 3737 hoc
3381 3679 3523 3750 quod
3592 3703 3596 3707 ν

1958 3776 2158 3831 dicitur
2185 3779 2252 3832 de
2284 3771 2614 3846 spectaculis
2662 3779 2983 3832 exhibendis
3013 3774 3279 3846 ejusmodi
3310 3788 3327 3827 :
3378 3772 3528 3826 fuere

1957 3871 2221 3941 siquidem
2276 3870 2330 3924 in
2383 3872 2596 3940 magnis
2650 3870 2878 3924 urbibus
2931 3869 3173 3933 theatra,
3225 3877 3336 3920 tum
3397 3863 3524 3931 equi

1957 3976 2170 4032 qu0que
2196 3963 2262 4015 ad
2289 3964 2588 4017 certamina
2622 3961 2918 4029 bestiaeque
2944 3959 3011 4013 ad
3040 3972 3273 4027 pugnam
3305 3956 3524 4009 aleban-

1960 4064 2066 4117 tur,
2103 4069 2296 4122 eaque,
2328 4044 2440 4107 tum
2473 4068 2739 4122 equorum
2792 4067 2857 4106 ac
2884 4051 3209 4114 bestiarum,
3247 4056 3361 4100 tum
3400 4044 3527 4099 reli.

1957 4159 2189 4215 quorum
2222 4144 2684 4214 spectaculorum,
2720 4157 2842 4211 quae
2876 4143 2931 4196 in
2965 4140 3192 4196 theatris
3227 4135 3530 4192 exhibenda

1960 4239 2156 4304 forent,
2193 4240 2406 4293 curatio
2435 4237 2707 4292 nonnullis
2735 4252 2803 4292 ex
2848 4236 3047 4292 civium
3098 4247 3330 4289 numero
3374 4245 3527 4286 com.

1959 4332 2290 4394 mittebatur,
2316 4332 2535 4401 quibus,
2561 4339 2614 4385 et
2646 4340 2899 4399 equestre
2931 4336 3225 4392 certamen,
3243 4336 3297 4379 et
3321 4325 3528 4379 bestia-

1960 4439 2078 4478 rum
2133 4432 2415 4495 pugna,et
2460 4435 2795 4492 quaacnnqne
2851 4419 2955 4474 alia
2977 4420 3031 4473 in
3056 4418 3280 4471 theatris
3300 4415 3528 4484 prmberi

1958 4517 2141 4584 solita,
2171 4531 2317 4572 curae
2345 4515 2522 4570 fuere.
2570 4514 2770 4568 Rerum
2803 4512 2966 4580 igitur
3008 4508 3317 4580 huiusmodi
3363 4522 3527 4562 cura-

1959 4617 2105 4662 tores
2174 4622 2295 4662 esse
2352 4605 2697 4661 sacerdotum
2767 4603 2905 4658 filios
2970 4601 3056 4656 hic
3120 4612 3296 4655 canon
3354 4607 3524 4652 vetat.

1958 4700 2288 4754 Sacerdotes
2339 4699 2485 4753 enim
2540 4698 2680 4751 ﬁlios
2728 4710 2857 4751 suos
2912 4694 2965 4748 in
3023 4694 3285 4751 doctrina,
3317 4704 3381 4744 ac
3410 4690 3528 4757 lege

1955 4789 2169 4845 Domini
2201 4787 2488 4841 instituere
2519 4787 2734 4852 debent,
2766 4794 2823 4840 ut
2856 4794 2942 4839 est
2988 4784 3127 4851 apud
3171 4782 3352 4835 divum
3384 4778 3524 4832 Pau-

1957 4882 2091 4946 lum,
2144 4880 2236 4948 qui
2284 4878 2446 4932 etiam
2500 4878 2740 4946 Epistola
2776 4877 2841 4931 ad
2892 4875 3098 4939 Titum,
3152 4872 3277 4927 dum
3313 4883 3524 4933 eorum,

1955 4973 2045 5043 qui
2080 4969 2390 5025 sacerdotes
2415 4951 2634 5024 creandi
2657 4977 2803 5029 sunt,
2824 4966 3161 5021 conditiones
3188 4962 3524 5032 exsequitur,

1957 5065 2025 5119 ad
2058 5064 2162 5118 alia
2191 5065 2295 5117 hoc
2349 5075 2561 5129 quoque
2612 5060 2852 5114 addidit:
2891 5057 2951 5114 Si
3007 5059 3125 5127 quis
3183 5056 3322 5125 ﬁlios
3371 5053 3527 5110 habet

1955 5155 2161 5225 ﬁdeles,
2207 5153 2396 5207 nonin
2450 5153 2782 5206 accusatione
2841 5150 3089 5213 luxnria,
3139 5160 3232 5202 aut
3287 5148 3524 5200 immorio

1961 5262 2114 5318 geras
2132 5247 2199 5300 ".
2233 5245 2297 5298 Et
2327 5243 2574 5312 Epistula
2607 5241 2672 5295 ad
2706 5240 3074 5305 Timotheum,
3104 5240 3232 5313 dum
3263 5253 3412 5301 enni,
3433 5235 3551 5306 qui.

1955 5334 2327 5403 episcopatum
2381 5330 2669 5390 desiderat,
2713 5329 2929 5398 qualem
2978 5334 3225 5395 oporteat
3265 5341 3387 5380 esse
3432 5327 3525 5378 de-

1959 5422 2169 5485 scribit,
2222 5429 2417 5489 praeter
2470 5426 2661 5470 caetera
2721 5418 2772 5470 id
2835 5416 2997 5468 etiam
3040 5414 3330 5483 apposuit,
3388 5411 3526 5464 lllios

1960 5514 2248 5569 habentem
2279 5509 2524 5564 subditos
2548 5520 2671 5562 cum
2717 5507 2866 5561 omni
2914 5506 3192 5560 castitate.
3242 5502 3345 5567 Qui
3394 5516 3554 5555 vero;

1960 5605 2250 5662 mimorum
2295 5613 2685 5671 equorumque.
2721 5596 3080 5670 spectaculis,
3122 5593 3352 5663 aliisque
3404 5592 3522 5647 hu-
