4034 6394
493 356 566 417 83
1755 351 2034 414 TIIEOD.
2085 352 2489 413 BALSAMON
3072 357 3074 359 ’
3672 343 3736 405 84

483 464 722 533 jusmodi
759 465 1006 532 ludicris,
1036 473 1394 538 occupantur,
1427 480 1603 537 neque
1633 466 2064 536 intemperantire

2175 466 2296 521 σθαι
2325 469 2584 521 ποιοῦντα
2640 468 2766 529 τοὺς
2792 463 3017 526 πιστοὺς
3045 461 3194 532 παρά
3223 461 3328 516 τῶν
3353 459 3625 527 ἀπίστων,
3650 454 3737 514 οἶα

490 557 695 611 crimen
725 558 1004 631 eﬁ‘ugient,
1033 576 1210 630 neque
1255 561 1583 629 integritatis
1634 568 1688 615 et
1732 559 2067 614 castimoniae

2177 559 2254 629 μὴ
2281 562 2337 613 ἐν
2371 561 2695 632 σωφροσύνῃ
2721 559 2930 622 ζῶντας
2957 557 2988 626 ἥ
3015 557 3304 625 σεμνότητι

486 654 804 708 testimonio
831 656 1377 711 commendabuntur.
1417 653 1526 710 Nec
1575 670 1706 709 vero
1763 655 1959 708 mirum
2015 653 2058 707 si
2098 651 2214 707 haec
2240 656 2363 706 vitae
2395 655 2650 722 degenda:
2677 653 2816 706 ratio
2854 667 2884 706 a
2933 649 3060 705 ﬁliis
3133 647 3477 703 sacerdotum
3545 645 3737 714 exiga-

489 755 620 804 tur:
657 759 782 800 nam
813 753 867 800 et
896 747 1225 803 Christianis
1288 747 1566 812 omnibus,
1623 762 1690 799 ne
1735 746 1801 799 ad
1888 759 1950 799 ea
2004 745 2121 799 loca
2176 745 2266 797 ubi
2296 743 2648 814 blasphemia:
2683 753 2809 798 sunt
2857 741 3117 796 accedere
3153 740 3331 800 liceat,
3391 736 3735 791 interdictum

489 838 615 893 fuit.
651 838 1008 905 Blaspbemizc
1037 855 1170 896 vero
1201 843 1420 896 nomine
1449 856 1532 905 ea,
1565 856 1686 909 quae
1733 839 1962 894 licenter
1992 852 2056 892 ac
2097 837 2461 892 inverecunde
2535 839 2691 902 ﬁunt,
2733 835 3082 908 signiﬁcavit.
3133 830 3213 887 Ob
3283 831 3377 885 illa
3427 831 3629 900 quippe
3679 829 3742 882 ﬁ-

488 934 656 997 deles,
700 950 852 1003 quasi
903 938 1274 1003 temperantia:
1326 937 1764 1003 iutegritatisque
1813 940 2240 1002 contemptores,
2266 934 2334 986 ab
2363 932 2673 988 inﬁdelibus
2706 930 3150 997 blasphemantur

489 1025 649 1096 535
678 1025 906 1081 ARIST.
935 1046 954 1080 ι
1002 1027 1299 1097 Episc0pus
1324 1028 1403 1082 vel
1423 1028 1673 1092 clericus,
1695 1040 1860 1080 causa
1879 1026 2062 1080 crimi-

567 1134 586 1167 ‹
632 1116 740 1171 nali
763 1117 811 1172 ei
845 1119 1113 1181 instituta,
1149 1120 1220 1183 si,
1255 1119 1442 1173 relicta
1481 1117 1734 1182 ecclesia,
1767 1117 1832 1168 ad
1860 1115 2059 1182 judicia

557 1226 580 1262 ι
621 1209 830 1277 publica
845 1219 1113 1272 recurrat,
1130 1211 1292 1264 etiam
1315 1209 1502 1277 injuria
1517 1207 1764 1273 aﬂ’ectus,
1782 1207 2058 1276 proprium

571 1320 590 1353 ι
633 1303 842 1356 amittet
871 1303 1117 1372 gradum.
1159 1302 1214 1356 Si
1241 1317 1369 1357 vero
1404 1310 1456 1357 et
1506 1301 1691 1356 vicerit
1726 1301 1778 1354 in
1831 1299 2061 1369 negotiis

566 1411 586 1446 ι
632 1377 889 1462 ρὸιίιίοἱε,
926 1393 970 1446 si
1002 1393 1107 1447 hoc
1145 1403 1429 1461 sequatur,
1493 1391 1773 1462 proprium
1831 1390 2056 1460 gradum

560 1501 579 1534 ι
618 1485 851 1537 amittet.
900 1484 1311 1539 Ecclesiasticos
1340 1492 1520 1538 autem
1547 1483 1773 1552 judices,
1805 1481 1906 1535 nisi
1940 1496 2062 1549 gra-

564 1594 584 1628 ι
628 1577 700 1629 tia
727 1585 820 1630 aut
841 1577 967 1632 odio
989 1586 1144 1631 antea
1164 1577 1436 1646 judicasse
1452 1571 2064 1641 convincantur,appel-

566 1682 588 1719 ι
638 1667 767 1720 latio
797 1667 1042 1720 instituta
1075 1683 1178 1720 non
1212 1667 1478 1736 propellit.
1511 1664 1566 1719 Si
1605 1674 1784 1734 partes
1814 1679 1942 1718 vero
1970 1661 2060 1730 ju-

569 1775 588 1809 ι
625 1757 774 1812 dices
802 1758 1086 1828 elegerint,
1115 1759 1185 1814 ab
1214 1759 1282 1812 lis
1305 1773 1372 1812 ne
1403 1756 1706 1812 discedant.
1743 1773 1763 1807 ι

561 1930 682 1984 Νοη
713 1941 925 2001 oportet
952 1932 1263 2003 episcopum
1293 1921 1388 1988 aut
1412 1934 1666 1988 clericum
1697 1931 2064 2003 judiciumec—

492 2022 857 2078 clcsiasticum
897 2040 1165 2088 recusare.
1200 2025 1540 2094 Quapropter
1557 2027 1600 2080 si
1632 2025 1754 2094 quis
1783 2041 1847 2078 ex
1876 2025 1941 2078 iis
1967 2026 2067 2079 cri-

494 2113 764 2169 minaliter
783 2124 1086 2178 accusatus,
1120 2117 1541 2170 ecelcsiasticum
1570 2116 1901 2171 recusaverit
1921 2117 2065 2186 judi-

490 2205 659 2268 cium,
689 2212 742 2257 et
767 2204 833 2258 ad
855 2206 1041 2260 civiles
1067 2207 1279 2274 judices
1306 2209 1616 2271 accesserit,
1652 2218 1707 2261 et
1740 2223 1922 2261 coram
1977 2207 2065 2272 iis,

492 2309 616 2361 quae
638 2294 703 2348 ad
729 2297 1133 2351 accusationem
1179 2313 1331 2351 suam
1383 2307 1653 2366 spectant,
1687 2297 2060 2360 denudaverit,

493 2387 742 2453 quamvis
789 2387 1049 2443 innocens
1069 2398 1344 2456 appareat,
1373 2398 1427 2441 et
1450 2403 1545 2456 pro
1571 2403 1636 2441 eo
1681 2389 1784 2442 lata
1831 2389 1900 2442 sit
1938 2403 2062 2443 sen-

500 2476 689 2537 tentia,
721 2477 997 2544 pr0prium
1051 2478 1275 2546 gradum
1313 2479 1544 2533 amittet.
1601 2477 1655 2530 Si
1715 2488 1891 2531 autem
1955 2495 2062 2533 non

489 2565 788 2620 criminalis
817 2565 886 2621 sit
913 2573 1100 2626 contra
1133 2581 1226 2620 eos
1261 2566 1558 2628 accusatio,
1589 2567 1684 2620 sed
1727 2567 2063 2635 pecuniaria,

491 2667 546 2710 et
573 2659 783 2721 accidat
810 2659 876 2713 de
905 2663 1008 2713 ista
1036 2662 1267 2715 evadere
1289 2659 1684 2726 eos,judicium
1713 2661 1840 2730 ipsis
1867 2676 2065 2715 conve-

491 2749 644 2803 niens
676 2759 1002 2812 recusantes,
1023 2758 1078 2806 et
1101 2751 1168 2804 ad
1189 2753 1705 2828 smculares'judices
1728 2753 2064 2817 accedentes,

491 2849 545 2892 et
577 2838 643 2892 ab
676 2839 738 2892 iis
774 2839 1087 2908 judieatos;
1119 2839 1162 2893 si
1195 2841 1411 2908 quidem
1442 2840 1721 2894 sententiae
1749 2840 1816 2893 ab
1842 2839 1908 2894 iis
1945 2839 2066 2892 latae

491 2931 838 2997 acquiescere
862 2929 1078 2995 vellent,
1104 2938 1158 2982 et
1177 2929 1227 2984 id
1249 2944 1345 2998 pro
1376 2944 1482 2996 quo
1505 2928 1924 2993 contendebant,
1952 2929 2067 2982 exi-

493 3036 642 3089 gere,
681 3023 958 3090 proprium
1003 3022 1228 3090 gradum
1303 3022 1569 3075 amittent.
1624 3021 1682 3074 Si
1742 3032 1920 3075 autem
1975 3021 2066 3074 de-

2167 1023 2390 1077 ΑΡΙΣΤ.
2455 1041 2474 1074 ι
2506 1021 2840 1084 Ἐπίσκοπος
2866 1020 2899 1089 ἦ
2931 1018 3194 1089 κληρικδς
3227 1010 3638 1083 ἐγκληματικοῢ
3661 1027 3747 1064 κι-

2249 1134 2268 1166 ι
2309 1115 2575 1185 νουμένου
2627 1115 2976 1184 πράγματος,
3022 1111 3072 1163 εί
3103 1109 3200 1180 τὴν
3221 1105 3520 1166 ἐκκλησίαν
3561 1103 3744 1172 ἀφεὶς.

2243 1224 2262 1257 ι
2300 1208 2413 1268 τοῖς
2475 1206 2759 1275 δημοσίοις
2809 1203 3179 1274 προσδράμοι,
3235 1201 3329 1253 καὶ
3363 1195 3741 1264 ἀδικούμενος,

2241 1316 2261 1348 ι
2299 1297 2391 1350 τὸν
2424 1296 2554 1350 ῖδιον
2580 1297 2844 1349 ἀπολέσει
2878 1294 3106 1364 βαθμὸν.
3158 1293 3221 1345 El
3258 1289 3512 1360 ὑπερέξει
3547 1288 3604 1340 δέ
3652 1286 3743 1339 καὶ

2244 1408 2264 1440 ι
2303 1390 2396 1442 ἐπὶ
2428 1389 2738 1450 πολιτικαῖς
2772 1387 3063 1454 κεφαλαῖς,
3097 1387 3144 1438 εί
3170 1383 3346 1453 τούτῳ
3371 1376 3745 1450 στοιχείη,τὺν

2245 1499 2264 1531 ι
2305 1482 2436 1533 ἴδιον
2462 1479 2718 1532 ἀπολέσει
2741 1478 2971 1548 βαθμόν.
3003 1478 3279 1539 Δικαστάς
3305 1491 3370 1543 γε
3410 1475 3514 1544 μὴν
3545 1470 3748 1538 ἐκκλη-

2245 1590 2265 1623 ι
2305 1571 2643 1633 σιαστικοὺς.
2673 1571 2719 1622 εί
2752 1569 2825 1638 μὴ
2859 1569 3170 1637 ἐλέγχοιντο
3191 1566 3332 1620 κατά
3363 1562 3747 1634 προσπὰθειαν

2247 1682 2264 1714 ι
2304 1662 2337 1732 ἦ
2374 1660 2734 1716 ἀντιπάθειαν
2773 1659 3304 1730 προδεδιῳκηκότες,
3347 1657 3614 1725 ἐκκλητος
3647 1671 3746 1721 γε-

2246 1775 2264 1809 (
2301 1755 2502 1826 νομένη
2533 1755 2633 1808 οὐκ
2672 1755 2960 1823 ἀμύνεται.
3005 1753 3132 1806 Ἐὰν
3186 1753 3244 1806 δέ
3284 1752 3354 1805 τὰ
3386 1753 3526 1820 μέρη
3564 1747 3750 1802 ἐπιλέ-

2247 1870 2266 1902 ι
2302 1850 2498 1914 ξωνται
2526 1847 2808 1912 δικαστὰς,
2836 1845 3042 1899 τούτων
3076 1845 3150 1914 μὴ
3203 1842 3651 1912 ἀφιστάσθωσαν.
3685 1858 3704 1890 ι

2240 1940 2314 1994 Οὐ
2347 1939 2427 1992 δεῖ
2455 1938 2845 2008 παραιτεῖσθαι
2881 1937 3184 1990 ἐπίσκοπον
3213 1936 3245 2003 ἢ
3269 1932 3533 2002 κληρικδν
3563 1931 3625 1982 τὸ
3652 1930 3749 1982 ἐκ·

2169 2031 2559 2098 κλησιαστικδν
2589 2030 2964 2100 δικαστήριον.
3039 2028 3204 2080 Ὅθεν
3266 2027 3361 2078 ἐάν
3410 2041 3494 2086 τις
3537 2023 3750 2076 τούτων

2170 2121 2645 2195 κατηγορούμενος
2667 2120 3117 2190 ἐγκληματικῶς,
3148 2119 3246 2186 τὴν
3281 2113 3750 2182 ἐκκλησιαστικὴν

2172 2216 2582 2285 παραιτήσηται
2603 2213 2808 2284 κρίσιν,
2836 2211 2932 2265 καὶ
2957 2211 3257 2272 πολιτικοῖς
3275 2208 3561 2266 δικασταῖς
3579 2221 3752 2272 προσ-

2173 2305 2322 2377 έλθῃ,
2355 2306 2448 2358 καὶ
2470 2305 2602 2374 ,παρ’
2639 2306 2868 2365 ἐκείνοις
2904 2302 3162 2372 γυμνάσῃ
3197 2301 3267 2354 τὰ
3297 2300 3396 2369 τῆς
3428 2298 3749 2360 αίτιάσεως·
3818 2304 3824 2312 ”

2172 2401 2276 2452 κᾶν
2310 2396 2599 2460 ἀνεύθυνος
2650 2399 2816 2466 φανῇ,
2862 2394 2960 2449 καὶ
3015 2395 3157 2464 ὑπὲρ
3208 2391 3372 2446 αὐτοῦ
3405 2393 3437 2461 ὴ
3469 2389 3751 2456 ἀπόφασις

2173 2489 2449 2560 ἐξενεχθῇ,
2476 2490 2568 2541 τὸν
2599 2488 2731 2541 ἴδιον
2758 2487 3018 2540 ἀπολέσει
3053 2486 3282 2555 βαθμόν.
3331 2485 3394 2537 Εἰ
3437 2482 3494 2535 δέ
3523 2483 3625 2534 ούκ
3657 2483 3754 2548 ἐγ-

2173 2583 2489 2652 κληματική
2522 2585 2672 2634 ἐστιν
2708 2583 2740 2649 ἡ
2774 2581 2896 2633 κατ’
2930 2579 3112 2632 αὐτῶν
3141 2577 3402 2641 αἰτίασις,
3440 2575 3578 2628 ἀλλά
3604 2590 3752 2643 χρη-

2177 2677 2405 2745 ματικὴ,
2437 2675 2530 2727 καὶ
2559 2673 2740 2743 συμϐῇ
2766 2673 2862 2725 καὶ
2891 2671 2986 2723 ἐπὶ
3014 2669 3233 2738 ταύτην
3269 2668 3492 2735 νικῆσαι
3524 2664 3752 2728 αὐτοὺς,

2171 2765 2232 2818 τὺ
2259 2766 2568 2836 πρόσφορον
2595 2765 2782 2826 αὐτοῖς
2816 2764 3343 2831 παραιτησαμένους
3369 2757 3750 2826 δικαστήριον,

2172 2856 2270 2908 καὶ
2318 2858 2610 2925 κοσμικοῖς
2677 2855 2960 2917 δικασταῖς
3011 2851 3431 2922 προσελθόντας,
3491 2849 3586 2902 καὶ
3616 2847 3752 2915 παρ’

2172 2948 2401 3001 ἐκείνων
2425 2947 2716 3017 κριθέντας
2739 2962 2752 2974 ·
2785 2949 2833 2998 ει
2867 2946 2967 3014 μὲν
2992 2942 3276 3013 αἱροῦνται
3305 2943 3371 3011 τῇ
3400 2939 3541 3007 ὺπέρ
3564 2938 3753 2992 αὐτῶν

2177 3041 2343 3110 ψήφῳ
2374 3041 2633 3108 στοιχεῖν,
2657 3039 2752 3092 καὶ
2775 3037 2837 3090 τὸ
2865 3038 3098 3106 πρᾶγμα
3128 3038 3210 3097 εἰς
3235 3034 3262 3086 ὃ
3294 3035 3554 3102 ἐνίκησαν
3575 3033 3755 3084 ἀπαι-

492 3115 699 3182 spectui
739 3114 1028 3168 habuerint
1061 3128 1240 3168 causa:
1267 3128 1376 3168 sua:
1421 3113 1802 3183 prolationem,
1837 3114 2064 3179 illudque

2175 3104 2357 3199 ιὲἧᾶαἰ,
2391 3104 2647 3183 τὸν-ῖδιον
2711 3104 2922 3197 βαθμὸν
2949 3125 3334 3179 ἀπολέσουσιν.
3390 3125 3453 3176 Εἰ
3484 3123 3540 3175 δέ
3578 3139 3757 3174 κατα-

495 3220 592 3272 pt‘o
659 3219 767 3274 quo
810 3205 1206 3260 contendebant
1257 3205 1508 3259 amittere
1584 3205 1830 3268 mallent,
1888 3203 2064 3258 locum

495 3312 653 3354 suum
684 3298 1012 3352 retinebunt.
1043 3296 1097 3350 Si
1123 3297 1243 3366 quis
1265 3305 1444 3350 autem
1465 3295 1534 3350 ab
1552 3295 1822 3365 episcopis
1847 3309 2069 3349 accusa-

495 3401 583 3443 tus
604 3396 660 3444 ct
683 3388 1097 3453 condemnatus,
1123 3389 1187 3441 ad
1213 3387 1444 3457 majores
1483 3385 1878 3440 ecclesiasticos
1922 3385 2069 3451 judi-

492 3495 585 3533 ces
625 3479 1014 3548 appellaverit,
1081 3493 1380 3546 eorumque
1441 3477 1765 3532 sententiam
1823 3485 2068 3529 evertere

493 3568 748 3634 potuerit,
810 3569 1013 3623 nullam
1068 3570 1170 3623 hoc
1207 3569 1314 3623 illis
1347 3567 1620 3638 judicibus
1676 3567 2067 3621 ecclesiasticis

491 3672 719 3723 quorum
774 3658 1042 3724 sententia
1094 3658 1374 3720 evertitur,
1430 3671 1624 3712 noxam
1674 3654 1914 3722 aﬂ'erret,
1963 3656 2066 3711 nisi

491 3747 720 3804 forsitan
750 3759 972 3820 propter
999 3750 1205 3814 odium,
1242 3757 1335 3804 aut
1366 3751 1690 3817 passionem,
1721 3752 1802 3803 vel
1832 3748 2064 3818 gratiam

491 3841 726 3911 aliquam
761 3857 884 3900 cum
919 3843 1114 3897 aﬁectu
1150 3843 1474 3898 sententiam
1516 3842 1702 3896 tulisse
1730 3842 2064 3896 convincan-

489 3941 597 3986 tur.
641 3932 962 4004 Quicunque
999 3943 1186 3988 autem
1223 3949 1290 4007 ex
1341 3934 1610 3988 accusatis
1660 3931 1932 4001 episcopis
1972 3939 2066 3984 aut

486 4025 727 4091 clericis,
754 4025 1154 4088 ecclesiasticos
1173 4024 1386 4092 judices
1409 4024 1693 4092 elegerint,
1714 4032 1770 4076 et
1793 4023 1862 4077 ab
1885 4021 1950 4078 iis
1975 4022 2066 4092 ju-

488 4115 659 4172 dicari
684 4115 972 4185 voluerint,
991 4116 1240 4183 quamvis
1261 4124 1449 4169 contra
1473 4116 1754 4184 episcopos
1780 4125 2064 4170 accusatos

488 4206 768 4261 duodecim
799 4205 1065 4273 episcopis
1099 4207 1204 4259 sint
1241 4205 1545 4273 pauciores,
1597 4213 1788 4260 contra
1824 4206 2057 4277 presby-

487 4307 637 4352 teros
659 4305 835 4352 autem
868 4307 923 4351 et
948 4298 1208 4351 diaconos
1247 4308 1449 4366 septem
1485 4299 1568 4352 vel
1604 4299 1766 4352 etiam
1801 4307 2056 4367 quatuor,

486 4387 941 4454 quemadmodum
977 4397 1032 4440 et
1076 4389 1126 4441 in
1181 4388 1500 4444 duodecimo
1534 4389 1816 4456 praesentis
1867 4389 2055 4460 synodi

487 4492 698 4556 canone
730 4479 1071 4548 scripsimus,
1112 4479 1451 4534 condemnati
1493 4494 1596 4533 non
1632 4481 1830 4534 debent
1862 4490 2053 4535 contra

484 4569 746 4637 judicium
783 4586 967 4626 eorum
1014 4571 1324 4642 appellare:
1363 4572 1654 4642 appellatio
1683 4573 1827 4627 enim
1859 4573 2059 4644 judicis

489 4663 753 4729 inscitiam
790 4663 874 4718 vel
910 4663 1228 4732 injustitiam
1279 4665 1523 4734 corrigit.
1545 4663 1827 4730 Quomodo
1853 4665 2058 4733 itaque,

486 4753 576 4820 qui
605 4753 814 4822 judices
843 4754 1240 4808 ecclesiasticos
1263 4755 1448 4821 elegit,
1474 4737 1608 4824 quos
1633 4764 1687 4808 et
1717 4770 1966 4810 sermone
2003 4767 2060 4811 et

486 4846 595 4898 vita
645 4845 947 4916 inculpatos
982 4861 1104 4902 esse
1127 4844 1411 4916 judicavit,
1443 4848 1628 4901 dicens
1655 4862 1714 4902 se
1739 4848 2060 4918 insipienter

487 4945 542 4988 et
573 4935 770 5004 injuste
795 4938 862 4990 ab
886 4936 952 4990 iis
975 4937 1228 5005 judicari,
1260 4949 1318 4992 et
1355 4939 1832 5008 reprehensionem
1865 4955 2058 5009 quam-
2108 4984 2111 4988 .

485 5022 610 5075 dam
667 5023 972 5077 hominibus
1026 5027 1456 5104 sacerdotalibus
1508 5029 1576 5083 ab
1631 5027 1747 5097 ipso
1800 5029 2058 5099 judicatis

487 5114 687 5170 aﬁ‘erre
715 5115 1076 5194 admittatur?
1667 5119 1672 5122 ’

2027 5331 2036 5362 l

1067 5405 1305 5463 CANON
1333 5406 1476 5462 XVI.

497 5517 514 5550 ι
555 5499 819 5555 Similiter
840 5497 1061 5570 placuit,
1082 5509 1142 5554 ut
1164 5501 1423 5569 episcopi,
1448 5500 1751 5573 presbyteri
1775 5508 1830 5555 et
1849 5501 2060 5558 diaconi.

567 5610 585 5641 ι
637 5593 997 5646 conductores
1035 5591 1122 5646 vel
1164 5603 1544 5660 procuratores
1587 5609 1694 5648 non
1728 5593 1907 5660 ﬁant;
1961 5609 2059 5649 nec

568 5701 584 5731 ι
630 5699 693 5737 ex
727 5686 866 5753 turpi
892 5683 1070 5753 aliquo
1090 5684 1174 5738 vel
1195 5685 1287 5738 vili
1312 5685 1526 5755 negotio
1553 5687 1752 5741 victum
1779 5687 1880 5742 sibi
1909 5703 2056 5756 quteo

570 5792 582 5834 ι
641 5784 759 5838 rant
787 5791 803 5851 ;,
844 5776 1037 5829 debent
1061 5778 1201 5832 enim
1233 5783 1298 5833 ad
1324 5779 1374 5833 id
1399 5779 1542 5848 quod
1585 5780 1842 5848 scriptum
1867 5791 2058 5836 estre-

2083 4439 2139 4499 D

2173 3223 2434 3294 φρονοῦσι
2482 3222 2584 3290 τῆς
2616 3219 2981 3282 δικαιώσεως,
3015 3219 3110 3271 κα)⁸
3160 3216 3428 3270 ἀπολέσαι
3462 3213 3755 3283 αἱροῦνται

2170 3315 2232 3368 τὸ
2270 3315 2348 3376 εἰς
2389 3313 2418 3366 ὃ
2471 3313 2756 3382 ἐνίκησαν,
2817 3311 2912 3365 τὸν
2949 3311 3151 3362 οἰκεῖον
3201 3309 3368 3361 τόπον
3398 3307 3752 3371 καθέξουσιν.

2168 3408 2232 3461 Εἰ
2268 3407 2326 3461 δέ
2351 3424 2435 3469 τις
2468 3399 2622 3472 παρὰ
2654 3404 2970 3457 ἐπισκόπων
3028 3400 3262 3471 κριθεὶς,
3315 3402 3416 3454 καὶ
3450 3401 3758 3453 καταδικα-

2171 3498 2341 3560 σθεὶς,
2386 3497 2522 3568 πρὸς
2558 3496 2812 3566 μείζονας
2845 3494 3338 3561 ἐκκλησιαστικοὺς
3364 3491 3624 3551 δικαστὰς
3648 3493 3756 3543 ἐκ-

2168 3585 2490 3657 καλέσηται,
2516 3589 2611 3640 καὶ
2647 3586 2952 3657 ἀνατρέψαι
3018 3585 3230 3656 ἰσχύσει
3258 3585 3359 3654 τὴν
3412 3583 3594 3652 ψῆφον
3649 3583 3760 3634 οιύ-

2167 3682 2274 3734 τῶν
2294 3698 2307 3712 ·
2343 3679 2600 3749 οὐδεμίαν
2630 3677 2837 3749 βλάϐην
2891 3677 3053 3731 τοῦτο
3085 3677 3279 3742 ἐπάξει
3306 3675 3421 3728 τοῖς
3446 3672 3758 3741 ἐκκλησια-

2170 3772 2372 3832 στικοῖς
2398 3769 2686 3830 δικασταῖς
2721 3767 2975 3829 ἐκείνοις,
3011 3759 3086 3820 ὧν
3119 3768 3151 3830 ἡ
3196 3764 3476 3832 ἀπόφασις
3506 3761 3758 3827 ἀνατρέ-

2167 3877 2327 3913 πεται
2351 3877 2366 3892 ο
2389 3860 2439 3912 εἰ
2462 3860 2536 3928 μή
2557 3875 2660 3911 που
2682 3858 2826 3911 κατά
2863 3856 3089 3926 ἔχθραν,
3111 3856 3142 3925 ἢ
3165 3853 3306 3908 κατὰ
3335 3850 3754 3924 προσπάθειοιν,

2166 3954 2199 4025 ἢ
2231 3954 2374 4006 κατὰ
2396 3969 2520 4004 τινα
2546 3951 2706 4020 χάριν
2735 3947 3150 4018 ἀπελεγχθῶσιν
3183 3945 3450 4012 ἐμπαθῶς
3489 3945 3587 4013 τὴν
3613 3943 3754 4014 κρί-

2167 4061 2251 4097 σιν
2269 4043 2624 4113 ποιήσασθαι.
2647 4043 2804 4095 Ὅσοι
2821 4039 2879 4092 δὲ
2903 4040 3014 4094 τῶν
3035 4039 3378 4108 αἰτιωμένων
3399 4036 3750 4097 ἐπισκόπων.

2165 4135 2198 4206 ἥ
2233 4133 2537 4205 κληρικῶν,
2562 4132 2906 4196 ἐπιλέξονται
2933 4131 3433 4193 ἐκκλησιαστικοὺς
3456 4128 3755 4190 δικαστὰς,

2165 4229 2260 4281 καί
2291 4227 2420 4297 παρ’
2471 4226 2660 4288 αὐτοῖς
2702 4223 2960 4293 κριθῆναι
3009 4221 3326 4290 θελήσουσι,
3384 4221 3488 4274 κᾶν
3518 4221 3758 4288 ἥττονες

2164 4320 2255 4373 ἐπὶ
2283 4320 2381 4389 μὲν
2428 4318 2743 4371 ἐπισκόπων
2799 4315 3338 4385 κατηγορουμένων,
3391 4312 3501 4365 τῶν
3535 4311 3757 4366 δώδεκα

2165 4413 2482 4466 ἐπισκόπων
2512 4405 2667 4473 ὦσιν,
2688 4411 2782 4464 ἐπὶ
2808 4408 2867 4461 δέ
2897 4407 3309 4479 πρεσϐυτέρων,
3333 4406 3430 4458 καὶ
3451 4404 3754 4466 διακόνων,

2166 4505 2274 4558 τῶν
2299 4506 2458 4566 ἑπτὰ,
2491 4504 2524 4574 ἢ
2549 4504 2644 4557 καὶ
2673 4502 2980 4570 τεσσάρων,
3015 4499 3198 4561 καθὼς
3230 4501 3287 4550 ἐν
3337 4497 3415 4565 τῷ
3445 4496 3758 4564 δωδεκάτῳ

2168 4598 2353 4651 κανόνι
2379 4598 2480 4666 τῆς
2502 4594 2790 4665 παρούσης
2835 4593 3056 4647 συνόδου
3084 4591 3430 4661 ἐγράψαμεν,
3469 4590 3569 4642 ούκ
3595 4589 3760 4657 ὀφεί-

2169 4691 2320 4743 λουσι
2351 4687 2846 4748 καταδικασθέντες
2912 4684 3264 4737 ἐκκαλεῖσθαι
3319 4682 3462 4734 κατὰ
3489 4683 3586 4748 τῆς
3621 4681 3760 4750 κρί-

2169 4797 2308 4843 σεως
2332 4779 2535 4834 αὐτῶν.
2589 4777 2654 4831 Ἥ
2685 4778 2794 4846 γὰρ
2841 4776 3108 4845 ἕκκλητος
3163 4772 3486 4842 ἀπειρίανῆ
3528 4770 3760 4823 ἀδικίαν

2171 4870 2570 4941 ἐπανορθοῦται
2599 4869 2694 4922 τοῦ
2732 4865 3014 4921 δικαστοῦ.
3047 4865 3174 4927 Πῶς
3195 4863 3328 4931 γοῦν
3359 4864 3386 4914 ὀ
3426 4860 3764 4930 ἐπιλεξάμε-

2170 4978 2259 5022 νος
2281 4959 2772 5028 ἐκκλησιαστικοὺς
2796 4957 3084 5018 δικαστὰς,
3116 4954 3211 5018 οὓς
3241 4955 3335 5007 καὶ
3363 4952 3504 5006 κατά
3560 4951 3756 5020 λόγον,

2169 5054 2263 5105 κα)⁸
2310 5050 2454 5105 κατὰ
2481 5049 2604 5119 βίαν
2631 5049 3036 5116 ἀνεπιλήπτους
3066 5047 3285 5116 ἐκρινεν
3317 5041 3479 5108 εἶναι,
3505 5045 3761 5113 παραδεο

2168 5139 2456 5208 χθήοεται,
2493 5137 2690 5204 λέγων,
2726 5136 2970 5207 ἀπείρως
2997 5135 3028 5205 ἢ
3054 5134 3254 5196 ἀδίκως
3290 5133 3383 5185 ὑπ’
3419 5132 3601 5186 αὐτῶν
3624 5149 3762 5202 κρι-

2168 5231 2345 5299 θῆναι,
2375 5231 2469 5283 καὶ
2501 5231 2662 5282 οἱονεί
2691 5246 2813 5281 τινα
2857 5227 3067 5296 μέμψιν
3095 5227 3209 5287 τοῖς
3243 5227 3376 5295 παρ’
3404 5224 3570 5278 αὐτοῦ
3597 5224 3761 5278 οἱον-

2167 5324 2217 5380 εὶ
2246 5321 2514 5392 κριθεῖσιν
2547 5321 2844 5391 ἱερατικοῖς
2867 5320 3098 5386 ἐπάγειν
3121 5317 3401 5388 ἀνδράσιν.

2761 5409 3002 5464 ΚΑΝΩΝ
3028 5410 3148 5476 16,".

2174 5525 2191 5556 ι
2245 5507 2479 5575 Ὁμοίως
2501 5506 2719 5576 ἤρεσεν,
2758 5505 2847 5557 ἵνα
2879 5504 3177 5557 ἐπίσκοποι
3234 5503 3329 5555 καὶ
3375 5501 3760 5573 πρεσϐύτεροι

2246 5618 2262 5650 ι
2303 5601 2397 5652 καὶ
2427 5599 2666 5666 διάκονοι
2696 5596 3033 5666 ἐκλήπτορες
3062 5597 3135 5663 μὴ
3164 5596 3422 5661 γίνωνται
3447 5596 3480 5664 ἡ
3507 5609 3769 5663 προκου-

2243 5711 2258 5740 ι
2304 5690 2549 5760 ράτορες,
2579 5689 2714 5757 μηδέ
2752 5671 2826 5740 ’ἐκ
2856 5705 2998 5748 τινος
3028 5686 3255 5755 αἰσχροῦ
3287 5686 3319 5755 ἦ
3353 5684 3553 5754 ἀτίμου
3594 5685 3764 5751 πρά-

2247 5802 2262 5832 ι
2303 5799 2512 5851 γματος
2542 5779 2751 5852 τροφὴν
2787 5778 3147 5849 πορίζωνταιο
3170 5776 3441 5847 ὀφείλουσι
3473 5775 3578 5846 γὰρ
3599 5773 3765 5830 ἀπο-
