4034 6402
333 328 414 393 85
508 418 511 419 ί
564 398 575 407 ,
632 404 637 407 _
778 414 783 417 τ
849 318 861 332 ’
1432 342 1518 405 1N
1549 343 1714 408 CAN.
1758 345 1888 405 XVI
1935 346 2140 412 cum
2186 353 2563 418 CAR'I'HAG.
3555 366 3625 426 se

413 464 437 499 ι
479 444 678 518 ϐλέψαι
702 449 785 548 είς
820 450 883 503 τὸ
912 455 1337 548 γεγραμμένονο
1383 457 1593 523 Οὐδείς
1612 460 1930 528 στροτευό-

2114 484 2133 517 ι
2181 468 2416 536 spicere,
2447 470 2609 525 Nemo
2662 470 2767 526 Deo
2799 472 3038 529 militans
3090 477 3326 546 seipsum
3380 481 3620 548 implicat

414 560 435 592 ι
466 558 656 611 μενος
678 542 781 609 τῷ
818 542 949 610 Θεῷ
975 547 1341 615 ἐμπλέκεται
1376 551 1601 605 ἑαυτὸν
1629 552 1934 621 πράγμασι

417 652 437 682 ι
472 632 813 702 κοσμικαῖς-ο
853 638 953 689 καὶ
977 637 1122 692 ὥστε
1166 642 1296 705 τοὺς
1325 642 1690 710 ἀναγνώστας
1724 645 1805 706 είς
1840 649 1935 696 τὸν

416 744 436 776 ι
476 726 677 795 καιρὸν
722 728 825 796 τῆς
875 729 1023 799 ἥϐης
1076 733 1413 802 ἐρχομένους
1461 736 1931 807 ἀναγκάζεσθαιῆ

418 835 440 866 ε
482 818 757 887 συμὸίους
795 821 1127 890 ἀγαγέσθαι,
1166 824 1199 894 ἢ
1242 827 1578 897 ἐγκράτειαν
1622 828 1932 899 ὁμολογεῖν.

419 928 438 957 ι
488 907 730 978 Ὁμοίως
750 911 974 983 ἤρεσεν,
1010 914 1098 968 ἵνα
1122 915 1413 989 κληρικδς,
1437 918 1532 974 ἐὰν
1564 920 1831 990 χρήματα
1858 919 1935 989 δῷ

418 1017 437 1059 ς
476 1001 540 1052 ὲν
571 1001 801 1073 χρήσει,
831 1002 901 1059 τά
934 1006 1204 1076 χρήματα
1239 1008 1379 1083 λάϐῃ
1400 1027 1416 1045 ο
1475 1012 1571 1067 ἐὰν
1612 1007 1780 1079 εἶδος,
1809 1015 1939 1068 ὅσον

420 1110 441 1142 ι
477 1092 683 1152 δέδωκε
718 1095 885 1167 λάϐῃ.
939 1099 1051 1153 Καὶ
1102 1099 1192 1154 ἵνα
1236 1102 1346 1174 πρὸ
1400 1104 1512 1159 τῶν
1584 1106 1933 1161 εἰκοσιπέντε

414 1203 435 1235 ι
472 1186 743 1241 ἐνιαυτῶν
778 1189 928 1260 μήτε
966 1191 1209 1247 διάκονοι
1250 1198 1698 1266 χειροτονῶνται.
1772 1200 1935 1255 Ἀλλὰ

414 1299 445 1327 ι
477 1279 577 1333 καὶ
603 1280 654 1331 οἱ
686 1280 1041 1350 άναγνῶσται
1066 1285 1169 1340 τὸν
1191 1287 1366 1358 δῆμον
1392 1290 1469 1359 μὴ
1486 1292 1930 1362 προσκυνῶσιν.»

362 1370 598 1425 --ΒΔΛΣ
641 1372 779 1441 Περὶ
807 1374 907 1443 μὲν
932 1376 1042 1431 τῶν
1071 1378 1358 1450 κληρικῶν
1383 1382 1492 1436 τῶν
1517 1384 1939 1452 παρεμϐαλλόν-

330 1480 448 1517 των
480 1463 719 1527 ἑαυτοὺς
741 1467 823 1528 είς
847 1468 1128 1537 κοσμικὰς
1183 1471 1471 1543 ἐνεργείας
1501 1475 1826 1547 ἐγράψαμεν
1855 1478 1937 1542 είς

331 1554 398 1607 τὸ
428 1559 497 1621 ιγ’
524 1569 655 1620 κεφ.
687 1554 782 1607 τοῦ
811 1554 860 1625 η’
892 1557 1074 1612 τίτλου
1098 1560 1196 1614 τοῦ
1221 1564 1491 1633 παρόντος
1527 1567 1932 1637 συντάγματος,

333 1646 423 1706 είς
445 1645 542 1700 τὸν
578 1646 632 1713 ς’
661 1650 758 1701 καὶ
792 1648 886 1718 πγθ
918 1652 1281 1708 άποστολικδν
1312 1656 1535 1721 κανόνα,
1566 1658 1662 1711 καὶ
1715 1659 1797 1722 είς
1846 1659 1937 1713 τὸν

333 1734 387 1805 γ’
418 1738 628 1792 κανόνα
644 1739 747 1810 τῆς
778 1739 821 1794 δ’
840 1742 1063 1797 συνόδου
1084 1761 1099 1775 ·
1128 1747 1223 1799 καὶ
1245 1746 1524 1817 ἀνάγνωθι
1550 1749 1796 1815 τούτους.
1815 1754 1935 1807 Κα-

332 1829 802 1902 ταστρωθήσεται
834 1833 892 1888 δὲ
913 1836 995 1899 είς
1017 1836 1122 1907 τὴν
1142 1837 1424 1908 παροῦσαν
1449 1841 1750 1911 ἑρμηνείαν
1785 1844 1936 1916 καὶὴ

332 1922 485 1976 κατὰ
511 1924 615 1994 τὴν
636 1923 690 1994 η’
709 1924 806 1980 τοῦ
829 1927 1172 1999 Δεκεμϐρίου
1197 1932 1369 2000 μηνὸς
1398 1932 1499 2002 τῆς
1526 1932 1579 1998 ςῗ
1606 1934 1937 1999 ἱνδικτιῶνος

336 2020 617 2089 γενομένη
653 2020 909 2091 συνοδικὴ
930 2024 1236 2094 σημείωσις
1262 2029 1345 2091 είς
1377 2028 1476 2098 τὴν
1503 2029 1816 2101 ἑφημερίαν
1841 2030 1936 2084 τοῦ

336 2112 659 2177 άγιωτάτου
685 2114 901 2170 ἐκείνου
923 2118 1268 2190 πατριάρχου
1305 2121 1499 2193 κυρίου
1531 2124 1740 2185 Λουκᾶ,
1763 2125 1797 2195 ἡ
1843 2127 1937 2178 καὶ

344 2202 510 2273 τόμον
538 2204 705 2270 τάξιν
736 2207 1037 2278 ἐπέχουσα.
1100 2210 1376 2277 Ὡσαύτως
1427 2215 1522 2268 καὶ
1562 2215 1596 2285 ἡ
1630 2216 1938 2285 σημείωσις

346 2294 440 2348 τοῦ
459 2296 776 2363 άγιωτάτου
797 2299 1011 2354 ἐκείνου
1048 2302 1395 2373 πατριάρχου
1438 2305 1611 2377 κυροῦ
1638 2307 1933 2375 Ἰωάννου,

342 2384 376 2452 ἠ
412 2386 691 2456 γενομένη
741 2387 907 2458 χάριν
935 2387 1031 2442 τοῦ
1064 2395 1141 2460 μὴ
1167 2397 1490 2465 συνηγορεῖν
1539 2395 1667 2460 τοὺς
1702 2398 1938 2469 ιερωμέ-

338 2493 489 2539 νους.
517 2477 633 2529 Καὶ
657 2477 952 2549 ἡρύναμις
974 2479 1072 2533 ιτοῦ
1099 2482 1489 2556 σημειώματος
1508 2486 1604 2540 τοῦ
1627 2488 1939 2556 ἁγιωτάτου

341 2571 699 2643 πατριάρχου
730 2573 923 2645 κιλροῦΔ
941 2573 1163 2647 Μιχαὴλ
1194 2575 1295 2629 τοῦ
1326 2577 1563 2632 -ὐπάτου
1590 2578 1700 2633 τῶν
1730 2579 1942 2647 φιλοσόο

339 2682 483 2733 ιρων,
507 2667 543 2737 ἡ
570 2666 830 2735 προὸἄσα
853 2669 1016 2739 χάριν
1039 2670 1135 2724 τοῦ
1158 2670 1356 2737 ἐπίσης
1368 2672 1455 2742 τῷ
1477 2671 1710 2742 διακόνῳ
1745 2672 1842 2727 καὶ
1863 2672 1941 2743 τῷ

339 2760 488 2830 ἱερεῖ
516 2758 835 2817 κωλύεσθαι
888 2764 985 2820 καὶ
1039 2763 1135 2817 τὸν
1166 2762 1525 2835 ἀναγνώστην
1569 2766 1636 2819 ὲκ
1665 2767 1766 2836 τῆς
1791 2766 1942 2831 ἔνερ-

336 2852 501 2921 γείας
532 2850 648 2904 τῶν
673 2852 959 2922 κοσμικῶν
995 2853 1302 2925 νόιρφικίων.
1370 2856 1523 2910 Ἐπεὶ
1560 2856 1619 2908 δὲ
1676 2857 1704 2909 ὁ
1748 2854 1942 2924 παρὼν

336 2942 527 2999 κανὼν
546 2944 871 3013 διορίζεται,
903 2945 979 3017 μὴ
1005 2946 1331 3016 πορίζεσθαι
1361 2949 1491 3011 τοὺς
1515 2946 1850 3019 ίερωμένους
1872 2946 1941 2999 τά

336 3037 480 3108 πρὸς
514 3037 730 3108 τροφὴν
752 3036 864 3090 ἀπὸ
895 3038 1245 3108 πραγμάτων
1281 3039 1530 3109 αἰσχρῶν
1571 3040 1667 3092 καὶ
1696 3038 1938 3107 ἀτίμων,

2120 578 2138 610 ι
2180 561 2525 618 σωεαίανὶὁιιν
2591 566 2815 636 negotiis
2861 567 2947 634 ²¹¹,
3005 578 3079 633 et,
3137 579 3196 622 ut
3263 570 3494 626 lectores
3553 575 3618 625 ad

2124 669 2143 708 ι
2188 653 2487 722 pubertatis
2514 664 2725 726 tempus
2751 658 3033 713 venientes
3050 670 3334 730 cogantur,
3369 664 3450 715 vel
3483 680 3620 718 uxo-
3663 719 3671 727 ,

2119 761 2137 794 ι
2180 758 2275 799 res
2326 746 2548 811 ducere,
2580 747 2664 803 vel
2697 748 3090 803 continentiam
3118 751 3383 819 proﬁteri.
3413 752 3620 806 Simili-

2107 853 2129 887 ι
2179 844 2264 891 ter
2289 836 2511 907 placuit,
2563 848 2620 894 ut
2650 841 2695 895 si
2720 840 2958 896 clericus
2993 850 3209 896 mutuas
3235 843 3494 911 pecunias
3531 844 3623 899 de-

2119 947 2139 982 ι
2179 929 2355 998 derit,
2401 934 2662 1002 pecunias
2716 933 2987 1004 accipiat:
3017 934 3102 990 sin
3151 945 3330 992 autem
3360 935 3619 1005 speciem,

2111 1042 2130 1075 ι
2176 1032 2441 1093 quantum
2487 1026 2695 1082 dederit
2750 1027 3003 1097 accipiat.
3030 1027 3097 1082 Et
3129 1037 3189 1082 ut
3215 1036 3347 1083 ante
3379 1028 3622 1098 quinque

2052 1156 2063 1161 -
2116 1133 2137 1167 ι
2173 1124 2227 1171 et
2282 1115 2474 1185 viginti
2508 1133 2681 1174 annos
2725 1118 2940 1174 diaconi
2970 1133 3080 1174 non
3129 1120 3472 1177 ordinentur.
3513 1119 3620 1176 Sed

2115 1225 2135 1258 ι
2174 1213 2229 1261 et
2283 1205 2516 1266 lectores
2554 1209 2812 1279 populum
2846 1224 2953 1266 non
2982 1210 3239 1266 salutent.
3284 1227 3307 1262 ι

2046 1460 2061 1464 η
2111 1383 2307 1443 BALS.
2341 1385 2420 1443 De
2466 1388 2683 1443 clericis
2714 1386 2960 1458 quidem.
3001 1387 3093 1458 qui
3133 1400 3194 1442 se
3250 1388 3483 1458 negotiis
3512 1401 3619 1442 sa:-

2037 1479 2312 1534 cnlnribus
2338 1482 2614 1548 ingerunt,
2643 1478 2962 1549 scripsimus
2994 1481 3050 1534 in
3082 1479 3296 1534 decimo
3327 1479 3488 1534 tertio
3522 1494 3618 1532 ca-

2038 1573 2150 1642 pite
2168 1573 2346 1628 octavi
2383 1572 2522 1628 tituli
2546 1573 2832 1642 praesentis
2860 1571 3042 1641 operis
3068 1589 3084 1639 ;
3113 1572 3167 1624 in
3190 1580 3346 1627 sexto
3375 1580 3431 1627 et
3467 1581 3623 1625 octo-

2039 1665 2249 1735 gesimo
2277 1664 2438 1720 tertio
2465 1678 2676 1719 canone
2714 1664 3038 1734 apostolico,
3065 1671 3120 1718 et
3144 1666 3199 1718 in
3226 1664 3389 1720 tertio
3415 1680 3624 1719 canone

2041 1766 2254 1827 quartae
2283 1757 2497 1829 synodi,
2517 1766 2573 1812 et
2605 1757 2724 1828 lege
2753 1773 2869 1814 eos.
2906 1760 2964 1812 in
3029 1759 3283 1827 praesenti
3319 1766 3500 1812 autem
3542 1756 3623 1810 in-

2044 1848 2433 1917 terpretatione
2455 1859 2682 1918 ponetur
2712 1857 2770 1905 et
2792 1864 2914 1920 qua:
2935 1861 3128 1904 octavo
3158 1850 3363 1905 mensis
3398 1846 3627 1904 Decem-

2040 1943 2154 1998 bris
2187 1955 2341 1999 sema
2361 1940 2672 1998 indictione
2699 1942 2842 1997 facta
2881 1940 3271 2012 est-synodalia
3302 1938 3623 1999 declaratio.

2044 2041 2289 2102 tempore
2319 2031 2652 2088 sanctissimi
2687 2032 3017 2103 patriarchze
3044 2028 3468 2094 domini-Lucae,
3501 2044 3623 2100 quae

2040 2124 2203 2181 etiam
2229 2122 2522 2179 decisionis
2543 2123 2719 2181 laeum
2746 2123 2978 2179 obtinet.
3006 2121 3275 2176 Similiter
3307 2128 3361 2175 et
3385 2121 3628 2191 promul-

2040 2216 2520 2286 gatiopatriarebas
2544 2215 2688 2271 illius
2708 2213 2908 2271 domini
2928 2213 3181 2281 Joannis,
3212 2228 3333 2282 quae
3352 2212 3497 2268 facta
3521 2226 3627 2278 est,

2042 2308 2207 2381 536
2231 2322 2298 2363 ne
2325 2322 2523 2364 causas
2549 2315 2773 2378 agerent
2804 2307 2897 2377 qui
2930 2305 3108 2363 sacris
3135 2305 3335 2361 initiati
3366 2314 3516 2360 sunt.
3555 2305 3619 2359 Et

2035 2402 2125 2467 jus
2151 2399 2317 2454 edicti
2349 2397 2683 2454 sanctissimi
2717 2397 3045 2468 patriarchae
3083 2395 3288 2450 domini
3336 2394 3620 2450 Michaelis

2041 2492 2491 2562 philosophorum
2540 2490 2762 2557 summi,
2802 2489 2946 2559 quod
2985 2488 3209 2559 prodiit,
3250 2494 3309 2541 ut
3334 2501 3509 2555 aeque,
3563 2500 3629 2538 ac

2041 2585 2305 2641 diaconus
2342 2594 2394 2640 et
2418 2583 2695 2649 sacerdos,
2752 2581 2923 2637 lector
2981 2595 3196 2650 quoque
3246 2577 3630 2649 prohiberetur

2041 2679 2110 2733 ab
2140 2676 2462 2735 exercendis
2487 2673 2841 2731 saecularibus
2867 2672 3079 2731 ciliciis.
3125 2670 3393 2738 Quoniam
3445 2677 3624 2723 autem

2043 2785 2284 2841 praesens
2320 2783 2497 2825 canon
2525 2767 2737 2832 statuit,
2792 2782 2861 2822 ne
2890 2766 2983 2837 qui
3026 2775 3157 2821 sunt
3187 2764 3386 2820 sacrati
3422 2764 3624 2817 victum

2043 2870 2286 2931 quaerant
2322 2875 2389 2917 ex
2415 2859 2579 2916 rebus
2612 2856 2861 2929 turpibus
2891 2867 2944 2912 et
2969 2856 3211 2922 vilibus,
3241 2869 3388 2924 saepe
3418 2853 3627 2923 quaesi-

2046 2968 2160 3013 tum
2192 2964 2295 3023 est,
2320 2968 2569 3026 quaenam
2606 2953 2829 3007 sintete.
2863 2950 2930 3006 Et
2956 2948 3196 3005 nonnulli
3225 2947 3442 3016 quidem
3476 2945 3629 3000 dixe-

2047 3057 2176 3103 runt
2202 3063 2300 3103 eas
2332 3061 2479 3110 esse,
2520 3044 2776 3100 lenonem
2822 3056 2945 3099 esse
2972 3055 3037 3096 ac
3086 3038 3405 3094 meretrices
3459 3035 3626 3097 alere,

334 3127 588 3198 ἐζητήθη
629 3126 897 3193 πολλάκις
932 3131 1064 3182 ποτα
1106 3128 1287 3184 ταῦτά
1310 3131 1441 3184 είσι.
1498 3130 1611 3184 Καί
1657 3145 1808 3191 τινες
1840 3127 1937 3199 μὲν

2046 3143 2449 3215 οιιυροηοιοτίαι
2470 3142 2710 3196 tabernae
2733 3152 2991 3208 praeesse,
3025 3144 3082 3192 et
3115 3134 3338 3191 similia.
3373 3131 3620 3189 Sanctis-

334 3217 500 3275 εῑπον
522 3217 671 3275 εἶναι
696 3220 876 3275 ταῦτα
919 3220 985 3274 τὸ
1033 3221 1445 3291 πορνοϐοσκεῖν,
1505 3223 1567 3275 τὸ
1621 3220 1935 3292 καπηλικοῦ

334 3312 721 3383 ἐργαστηρίου
750 3313 1144 3385 προΐστασθαι,
1182 3313 1283 3368 καὶ
1307 3315 1378 3367 τά
1400 3314 1566 3384 ὃμοια
1590 3329 1604 3347 ο
1629 3316 1657 3368 ό
1682 3314 1738 3367 δὲ
1762 3313 1939 3382 ἁγιώ-

333 3422 504 3470 τατος
531 3405 891 3478 πατριάρχης
937 3405 1104 3475 κυρὸς
1133 3405 1351 3471 Λουκᾶς
1385 3406 1483 3460 καὶ
1525 3405 1594 3460 τά
1654 3405 1936 3475 μυρεψικά

333 3498 693 3572 ἐργαστήρια
751 3499 848 3552 καὶ⁵
897 3498 970 3552 τά
1035 3497 1298 3567 βαλανεῖα
1371 3497 1738 3568 αἰσχροκερδῆ
1793 3492 1937 3551 εἶναι

336 3590 553 3658 ἑλεγεν,
593 3588 794 3652 ὠςοκαὶ
811 3588 1045 3660 ψεύδους
1088 3590 1380 3660 παραίτια.
1414 3588 1560 3643 Ἀλλ’
1590 3588 1712 3644 οὐδὲ
1738 3589 1941 3660 ἀρχιαα

338 3681 503 3752 τροὺς
546 3679 870 3753 παρεχώρει
902 3682 1169 3752 ςγίνεσθαι
1200 3684 1330 3746 τοὺς
1372 3682 1657 3747 διακόνους
1712 3682 1748 3752 ἢ
1804 3683 1935 3746 τοὺς

353 3774 530 3844 ἱερεῖς,
566 3775 753 3842 λέγων
780 3775 1101 3857 ἀνένδεκτον
1145 3769 1290 3830 εἶναι
1317 3776 1445 3839 τοὺς
1470 3775 1611 3846 μετὰ
1641 3773 1943 3845 φαινολίων.

345 3869 436 3923 καὶ
454 3868 766 3940 στιχαρίων
784 3871 859 3924 τά
877 3870 1012 3938 άγια
1061 3869 1628 3942 μεταχειριζομένους
1657 3868 1936 3938 κοσμικὰς

338 3960 535 4023 στολάς
566 3958 1007 4024 ὲνδιδύσκεσθαι,
1032 3960 1128 4013 καὶ
1160 3958 1301 4029 μετὰ
1331 3957 1542 4012 λαῖκῶν
1576 3957 1808 4028 ἀνδρῶν,
1827 3957 1939 4011 τῶν

336 4053 549 4122 ίατρῶν
574 4050 810 4122 δηλαδὴ,
833 4049 1278 4122 προπομπεύειν.
1319 4049 1445 4104 Ἐπὶ
1471 4050 1689 4114 τούτοις
1710 4064 1938 4118 νενομο-

333 4144 570 4213 θέτηται
601 4143 761 4212 παρά
787 4140 899 4194 τῶν
927 4140 1101 4202 ἁγίων
1128 4140 1400 4212 Πατέρων
1423 4140 1550 4204 τοὺς
1578 4138 1939 4209 ἀναγνώστας

335 4241 399 4292 ἰν
420 4237 503 4307 τῷ
537 4235 721 4307 καιρῷ
749 4235 849 4306 τῆς
875 4232 1024 4304 ἥϐης
1048 4234 1189 4303 μετὰ
1211 4234 1306 4288 τὸν
1340 4231 1401 4288 ιδ’
1423 4233 1671 4288 ἐνιαυτὸν
1694 4231 1939 4301 άναγκά-

336 4329 539 4394 ζεσθαι
590 4329 626 4399 ἢ
690 4326 853 4396 γάμῳ
885 4325 1146 4396 ὁμιλῆσαι
1192 4325 1228 4398 ἢ
1277 4325 1526 4397 ἀγαμίαν
1574 4323 1937 4395 ὑποσχέσθαι.

334 4421 516 4475 Τοῦτο
536 4421 595 4474 δὲ
625 4423 679 4473 εἰ
706 4420 859 4489 παρὰ
885 4421 999 4480 τοῖς
1024 4419 1084 4472 ὲν
1112 4420 1180 4489 τῇ
1224 4418 1460 4489 Ἀφρικῇ
1484 4417 1815 4488 ἐκράτησεν,
1834 4415 1937 4468 οὐκ

2047 3236 2433 3290 simusautem
2462 3231 2778 3302 patriarcha
2811 3227 3063 3285 dominus
3104 3226 3281 3281 Lucas
3318 3231 3629 3297 unguenta-

2046 3327 2160 3382 rias
2191 3338 2412 3394 quoque
2440 3321 2685 3378 ollicinas
2708 3330 2768 3375 et
2802 3318 2996 3375 balnea
3032 3318 3206 3388 turpis
3238 3331 3361 3372 esse
3379 3325 3625 3386 quaestus

2046 3419 2282 3482 dicebat,
2310 3423 2368 3469 ut
2399 3428 2523 3486 quin
2555 3411 2823 3469 mendacii
2845 3423 3062 3480 qnoque
3087 3422 3267 3463 causa:
3284 3414 3489 3461 essent.
3517 3402 3624 3459 Sed

2045 3525 2150 3566 nec
2173 3508 2481 3566 archiatros
2512 3506 2629 3562 fieri
2661 3504 2876 3559 sinebat
2897 3501 3161 3558 diaconos
3175 3499 3263 3556 vel
3287 3497 3629 3561 sacerdotes,

2046 3603 2235 3657 dicens
2266 3614 2375 3654 non
2409 3612 2532 3655 esse
2569 3596 2879 3658 ferendum,
2912 3603 2969 3648 ut
3027 3593 3120 3663 qui
3159 3607 3284 3646 cum
3338 3588 3534 3645 infulis
3570 3597 3629 3642 et

2045 3690 2250 3748 casulis
2279 3697 2469 3749 sancta
2533 3695 2802 3754 tractant,
2838 3684 3199 3742 saecularibus
3250 3682 3493 3739 vestibus
3546 3679 3631 3734 in-

2046 3785 2303 3846 duantur,
2326 3788 2384 3837 et
2411 3795 2535 3838 cum
2562 3780 2738 3843 laicis.
2756 3779 2895 3835 viris
2922 3778 3133 3834 scilicet
3175 3774 3427 3842 medicis,
3470 3775 3629 3829 ince-

2047 3878 2196 3932 dant.
2230 3877 2429 3931 Postea
2458 3882 2639 3928 autem
2669 3880 2890 3928 cautum
2923 3881 3008 3927 est
3041 3885 3073 3925 a
3107 3870 3315 3926 sanctis
3347 3866 3629 3930 Patribus,

2048 3980 2108 4021 nt
2136 3966 2374 4023 lectores
2403 3964 2459 4019 in
2483 3973 2733 4033 tempore
2762 3960 3066 4031 pubertatis
3093 3970 3218 4030 post
3235 3974 3441 4014 annum
3460 3972 3629 4026 quar-

2050 4067 2160 4112 tum
2186 4056 2459 4113 decimum
2483 4063 2752 4124 cogantur
2770 4052 2855 4108 vel
2882 4050 3234 4107 matrimonio
3263 4048 3516 4117 conjungi
3545 4048 3628 4103 vel

2045 4148 2359 4207 caelibatum
2392 4146 2660 4218 proﬁteri.
2691 4146 2775 4200 An
2810 4145 2914 4201 hoc
2939 4152 3123 4200 autem
3160 4143 3302 4212 apud
3332 4142 3629 4198 Africanos

2046 4241 2393 4298 observatum
2426 4238 2521 4305 sit,
2568 4239 2802 4293 nescio:
2843 4235 2940 4292 sed
2992 4236 3134 4306 apud
3185 4234 3320 4290 alias
3355 4233 3631 4289 Ecclesiae

2048 4347 2157 4389 non
2184 4340 2454 4387 servatur.
2481 4328 2746 4386 Existimo
2775 4335 2985 4388 autem.
3004 4325 3152 4396 quod
3180 4322 3281 4381 nec
3313 4324 3367 4379 in
3395 4324 3502 4379 ulla
3534 4340 3633 4377 nn-

2008 4424 2023 4447 "
2045 4436 2209 4490 quam
2244 4419 2469 4490 regione
2498 4420 2603 4475 hoc
2634 4425 2912 4475 servatum
2940 4418 3010 4474 sit
3033 4433 3050 4483 ;
3073 4427 3134 4471 nt
3164 4417 3307 4485 quod
3328 4401 3645 4485 apostolico'

332 4500 481 4578 οἶδα,
536 4513 696 4583 παρὰ
724 4513 785 4566 δὲ
832 4515 954 4575 ταῖς
987 4511 1181 4575 άλλαις
1232 4509 1560 4581 ἐκκλησίαις
1592 4509 1654 4563 οὐ
1709 4508 1934 4580 κρατεῖ.

2046 4521 2200 4568 sexto
2225 4509 2427 4566 canoni
2445 4509 2799 4576 adversetur,
2829 4507 2924 4577 qui
2979 4506 3249 4571 decernit,
3291 4518 3352 4559 ut
3395 4505 3630 4560 lectores

334 4604 576 4676 Νομίζω
604 4604 665 4658 δὲ
687 4605 773 4658 ὅτι
800 4604 926 4658 οὐδὲ
955 4602 1015 4657 εν
1057 4620 1166 4656 τινι
1223 4601 1379 4673 χώρᾳ.
1428 4602 1595 4656 τοῦτο
1653 4600 1935 4673 ἐκράτησέ

2046 4612 2101 4659 et
2153 4612 2428 4666 cantores,
2487 4600 2656 4655 etiam
2706 4608 2994 4671 postquam
3047 4598 3102 4652 in
3144 4597 3348 4652 clerum
3386 4593 3631 4666 provecti

339 4714 500 4760 ποτε,
531 4696 612 4759 ὥς
658 4695 1081 4766 ἐναντιούμενον
1125 4694 1205 4766 τῷ
1235 4694 1579 4766 άποστολικῷ
1634 4699 1688 4759 ς’
1719 4693 1931 4759 κανόνι,

2046 4696 2279 4760 iuerint,
2308 4707 2513 4751 uxores
2537 4694 2761 4755 ducant,
2789 4701 2844 4747 et
2869 4704 2970 4747 nec
2992 4704 3216 4746 uxorem
3234 4688 3465 4743 ducendi
3492 4698 3629 4740 teme

339 4788 421 4858 τῷ
443 4788 691 4859 ὁρίζοντι
744 4786 1103 4855 ἀναγνώστας
1157 4786 1253 4840 καὶ
1280 4785 1514 4856 ψάλτας,
1566 4785 1662 4839 καὶ
1697 4785 1838 4849 μετὰ
1871 4784 1934 4839 τὸ

2046 4804 2145 4858 pus
2172 4785 2382 4849 deﬁnit,
2412 4768 2544 4851 nec,
2570 4793 2632 4840 ut
2662 4781 3060 4839 continentiam
3092 4780 3475 4850 proﬁteantur,
3508 4778 3628 4831 exi-

340 4882 424 4945 εις
454 4881 665 4950 κλῆρον
697 4880 1006 4950 προελθεῖν,
1029 4881 1250 4948 γαμεῖν,
1283 4880 1378 4932 καὶ
1413 4879 1491 4949 μὴ
1527 4872 1722 4949 καιρὸν
1745 4879 1932 4942 αὐτοῖς

2046 4883 2146 4952 git.
2177 4880 2322 4935 Dare
2343 4887 2524 4934 autem
2545 4878 2832 4948 pecuniam
2851 4884 3099 4929 mutuam
3122 4874 3186 4926 ad
3211 4885 3436 4926 usuram
3469 4871 3626 4924 multi

341 4975 532 5044 γάμου
592 4972 853 5042 ὁρίζοντι,
905 4972 1051 5041 μήτε
1097 4972 1433 5042 ἐγκράτειαν
1496 4969 1935 5039 ἐπαγγέλλεσθαι

2046 4987 2284 5030 canones
2310 4967 2527 5027 clericis
2555 4967 2870 5039 prohibent.
2898 4966 3150 5022 Praesens
3171 4977 3402 5032 quoque.
3421 4976 3624 5020 eorum.

340 5065 697 5122 ἀπαιτοῦντι.
719 5065 794 5116 Τδ
821 5064 883 5118 δὲ
913 5063 1184 5129 δανείζειν
1231 5062 1361 5125 τοὺς
1388 5062 1690 5133 κληρικοὺς
1733 5063 1828 5115 ἐπὶ
1851 5064 1937 5116 τό-

2046 5081 2151 5123 non
2182 5063 2358 5121 solum
2385 5076 2484 5117 eos
2513 5060 2605 5129 qui
2656 5066 2789 5114 sunt
2826 5071 2857 5111 e
2893 5055 3173 5121 tribunali,
3198 5055 3294 5110 sed
3329 5064 3384 5108 et
3434 5067 3628 5107 omnes

342 5176 467 5222 κοις
495 5155 690 5212 πολλοὶ
715 5142 948 5219 κανόνες
975 5155 1418 5227 ἀπαγορεύουσι.
1450 5156 1562 5211 Καὶ
1585 5157 1614 5209 ὁ
1659 5157 1855 5228 παρὼν
1882 5156 1937 5210 δὲ

2046 5157 2274 5212 clericos
2307 5152 2547 5210 fenerari
2579 5148 2855 5221 prohibet.
2885 5147 3022 5214 Quia
3055 5155 3262 5209 autem,
3290 5159 3416 5200 cum
3446 5159 3627 5198 usurae

345 5246 533 5303 κανὼν
562 5249 626 5302 οὐ
650 5247 816 5315 μόνον
841 5249 972 5312 τοὺς
1002 5246 1096 5301 τοῦ
1131 5247 1402 5318 βήματος,
1436 5246 1577 5301 ἀλλὰ
1604 5249 1700 5301 καὶ
1729 5246 1937 5310 πάντας

2046 5249 2312 5303 dabantur
2340 5246 2414 5301 ob
2448 5242 2706 5315 pecunias
2733 5228 2924 5295 inutuo
2952 5239 3128 5304 datas,
3161 5234 3461 5293 verisimile
3506 5244 3628 5289 crat

343 5344 474 5408 τοὺς
494 5344 797 5413 κληρικοὺς
829 5343 1075 5408 τοκίζειν
1122 5342 1426 5414 ἐμποδίζει.
1465 5342 1592 5396 Ὅτι
1619 5341 1678 5395 δὲ
1704 5342 1813 5396 τῶν
1843 5343 1937 5394 τό-

2046 5340 2230 5396 dicere
2265 5339 2478 5408 aliquos
2507 5337 2613 5391 hoc
2644 5333 2861 5405 quidem
2920 5346 3043 5386 esse
3077 5329 3446 5400 prohibitum;
3487 5326 3621 5380 dare

346 5454 461 5491 κων
506 5439 604 5490 ἐπὶ
651 5436 854 5507 δανείιρ
907 5435 1263 5505 νομισμάτων
1315 5435 1620 5506 δεδομένων
1660 5436 1810 5498 είκδς
1864 5431 1937 5505 ἦν

2049 5438 2230 5486 autem
2264 5428 2601 5484 frtnnentum
2645 5427 2730 5482 vel
2780 5425 3018 5494 aliquam
3052 5423 3217 5479 aliam
3270 5421 3532 5492 speciem,
3571 5427 3625 5473 ct

344 5527 528 5581 εἰπεῖν
546 5544 706 5590 τινας
732 5525 900 5580 τοῦτο
928 5527 1029 5597 μὲν
1062 5522 1205 5581 εἶναι
1232 5526 1640 5597 κεκωλυμένον,
1684 5527 1747 5579 τδ
1776 5524 1835 5578 δὲ
1862 5524 1937 5578 δι-

2059 5522 2180 5592 plus
2210 5520 2457 5589 accipere
2488 5534 2651 5589 quam
2681 5519 2869 5574 datum
2940 5518 3031 5581 sit,
3062 5531 3169 5572 non
3200 5530 3323 5571 esse
3376 5513 3624 5582 prohibi-

342 5618 498 5673 ἰόναι
520 5619 669 5674 σῖτον
708 5619 743 5691 ἢ
766 5617 963 5688 ἕτερον
985 5614 1145 5684 εἶδος,
1183 5619 1275 5672 καὶ
1302 5618 1605 5689 λαμϐάνειν
1636 5616 1820 5672 πλεῖον
1844 5617 1937 5669 τοῦ

2051 5624 2164 5668 tum
2208 5630 2221 5667 :
2256 5611 2450 5668 Patres
2490 5612 2591 5668 hoc
2630 5625 2857 5683 quoque
2894 5623 3149 5679 expresse
3201 5606 3623 5677 prohibuerunt.

422 5797 470 5830 "
499 5794 642 5852 Tim.
677 5812 742 5865 ιι,
787 5797 843 5854 ι.

326 6302 329 6305 ’
348 6304 363 6315 Ἴ
400 6302 525 6343 ’Ξῦειημςς

488 6346 515 6355 νυ
534 6344 547 6359 ιη
570 6352 575 6355 Α
