4034 6396
439 229 511 295 ετ
1707 238 1985 298 TllEOD.
2030 237 2434 309 BALSAMON
3614 252 3688 319 88

441 341 545 397 Sed
580 354 632 396 ct
666 342 821 408 illud,
880 353 1006 398 ante
1064 346 1362 415 completos
1426 346 1661 417 quinque
1709 357 1763 401 et
1817 348 1995 415 tiginl‘

2113 354 2381 421 δοθέντος,
2412 359 2486 429 μὴ
2523 359 2990 433 ἀπαγορευθῆναι,
3039 363 3324 422 ἐκώλυσαν
3349 369 3396 422 οί
3441 367 3691 441 Πατέρες

438 449 612 489 annos
644 449 750 487 non
786 435 1025 488 ordinari
1056 436 1368 503 diaconum,
1421 441 1470 493 in
1527 440 1754 493 diversis
1788 437 2013 493 canoni-

438 528 537 581 bus
564 528 839 580 decretum
874 538 975 582 est.
1009 529 1344 584 Prohibituzn
1372 544 1457 586 est
1486 540 1664 585 autem
1693 532 2009 595 lectoribus,

438 635 504 673 ne
537 622 752 686 mplelo
809 623 1113 676 ministerio
1161 628 1225 676 ad
1269 626 1523 693 populum
1586 626 1835 678 Conversi
1887 639 2010 679 eum

435 711 670 763 Sulitleul
712 730 723 763 :
759 713 937 778 utqui
999 712 1143 766 solos
1185 724 1315 767 tunc
1370 714 1566 767 debent
1600 714 1908 767 sacerdotes
1958 720 2012 764 et

435 803 710 857 antistites
747 802 998 864 adorare.
1050 812 1100 856 et
1154 818 1261 856 non
1297 804 1461 856 laicos
1518 805 1606 870 qui
1667 802 1721 855 iu
1780 798 2010 853 ecclesia

432 909 856 964 c.0ngregantur.
894 898 995 964 Ipsi
1029 899 1171 951 enim
1201 908 1326 952 sunt
1359 900 1555 950 sacrati
1588 914 1601 949 :
1631 896 1857 965 populus
1879 908 2009 947 vero

434 990 628 1059 procul
677 1000 759 1043 cst
790 1005 817 1042 a
858 990 1163 1043 sacerdmio
1214 1000 1267 1042 et
1306 990 1736 1043 consecratione.
1774 990 1853 1042 Ac
1894 988 2010 1053 ipse

435 1084 613 1150 potius
648 1082 877 1137 lectores
907 1083 1135 1137 adorare
1164 1083 1379 1136 deberet
1407 1091 1622 1150 propter
1644 1080 2007 1133 ministerium

434 1190 645 1226 vm‘ttttl.
685 1174 824 1241 Lege
852 1186 1160 1227 sanctorum
1197 1174 1563 1241 apostolorum
1624 1188 1865 1226 canones
1914 1170 2004 1233 l7,

434 1267 523 1328 18,
557 1266 754 1325 19.9.5.
784 1266 873 1327 26.
908 1267 1097 1333 synodi
1125 1266 1328 1335 Ancyr.
1351 1280 1614 1318 cauuncm
1650 1264 1736 1325 lt),
1758 1272 1813 1316 et
1845 1263 2008 1315 Chal-

434 1358 759 1409 cedonensis
815 1373 1049 1435 canones
1087 1356 1174 1417 H,
1212 1356 1299 1421 15,
1348 1366 1513 1409 sexta).
1557 1371 1821 1409 canonem
1856 1356 1908 1420 3,
1945 1355 2001 1420 4,

431 1449 484 1508 6.
522 1449 605 1507 12,
642 1448 729 1513 15,
759 1447 847 1513 48,
899 1447 993 1513 58,
1047 1457 1100 1503 et
1148 1448 1319 1502 sancti
1354 1446 1539 1503 Basilii
1592 1462 1831 1503 canones
1857 1448 1911 1513 5,
1948 1448 2002 1514 6,

430 1539 521 1604 49,
563 1541 649 1603 70,

501 1838 570 1893 Et
593 1836 832 1893 edictum
856 1837 1072 1907 quidem
1099 1838 1425 1893 sanetissimi
1454 1838 1776 1908 patriarchae
1796 1836 2003 1891 domini

426 1927 587 1987 Lucae
617 1929 697 1984 sic
748 1943 807 1984 se
855 1930 1015 1984 habet
1051 1928 1274 1983 :Mense
1335 1929 1615 1984 Decembri
1655 1930 1740 1984 die
1795 1928 1850 1993 8,
1923 1928 2006 1983 iu-

429 2027 562 2082 dirt.
595 2025 649 2082 6.
689 2025 784 2080 Sin
819 2035 995 2079 autem
1034 2026 1193 2078 etiam
1217 2024 1305 2079 ille
1333 2023 1501 2087 Ozan,
1532 2024 1622 2091 qui
1654 2023 1887 2078 divinam
1916 2037 2003 2074 ar-

427 2133 572 2180 cam,
595 2133 718 2188 qum
746 2118 1119 2177 eVertehatur,
1153 2117 1352 2183 attigit,
1390 2131 1496 2169 non
1525 2130 1692 2185 parvo
1737 2113 2002 2183 supplicio

427 2210 657 2265 affectus
690 2218 773 2265 est
792 2210 957 2278 (atqui
984 2208 1099 2275 ejus
1125 2219 1242 2262 erat
1264 2209 1574 2262 institutum
1599 2209 1742 2261 illam
1768 2210 1999 2274 erigere,

426 2315 536 2353 non
562 2300 822 2368 diruere),
849 2298 973 2362 quis
1003 2308 1083 2351 est
1114 2298 1247 2350 adeo
1276 2297 1474 2361 audax,
1508 2308 1562 2351 et
1610 2298 1674 2350 ad
1702 2306 1999 2350 extremam

425 2405 597 2460 usque
652 2389 1042 2457 impudentiam
1101 2389 1579 2457 arrogantiamque
1628 2387 1824 2451 elatus,
1859 2387 1999 2442 malo

424 2485 648 2540 omnino
697 2485 889 2553 spiritu
933 2485 1147 2549 ductus,
1206 2484 1297 2553 qui
1336 2498 1443 2537 non
1489 2484 1663 2537 solum
1719 2484 1897 2536 divina
1945 2490 2001 2537 et

423 2576 723 2647 spiritualia
750 2577 1003 2631 mandata
1040 2577 1092 2629 in
1128 2576 1396 2645 integrum
1419 2592 1524 2630 non
1553 2575 1688 2641 vult,
1716 2575 1810 2630 sed
1832 2575 1995 2629 etiam

424 2672 477 2724 in
507 2670 844 2723 contrarium
896 2669 1251 2737 detorquens,
1316 2684 1380 2723 ea
1428 2667 1761 2722 labefactare
1802 2682 1866 2721 ac
1909 2667 2000 2721 de-

421 2772 634 2818 atruere
670 2762 1016 2832 impudenter
1045 2762 1284 2828 molitur,
1339 2777 1514 2829 eaque
1544 2760 1841 2815 dissolvere
1874 2774 1995 2829 qua:

420 2852 576 2907 ilrme
604 2870 667 2907 ac
692 2852 959 2907 stabiliter
994 2854 1171 2908 locata
1230 2862 1377 2920 sunt,
1417 2863 1472 2906 et
1527 2868 1590 2908 ea
1650 2866 1994 2907 commovere

420 2960 542 3010 qum
567 2944 925 3013 conquassari
960 2957 1065 2996 non
1113 2952 1361 3012 possunt,
1397 2953 1459 2997 ut
1496 2958 1621 3014 qua
1666 2944 1777 2997 sint
1827 2941 1998 2997 aediﬁ-

2116 445 2296 512 ῥητῶς
2327 448 2419 499 καὶ
2454 450 2632 504 τοῦτο.
2675 452 2834 508 Ἀλλά
2863 458 2956 509 καὶ
2983 455 3044 510 τὸ
3077 456 3186 528 πρὸ
3237 459 3689 531 συμπληρώσεως

2116 534 2193 587 κε’
2220 539 2481 594 ἐνιαυτῶν
2506 544 2579 614 μὴ
2604 550 3032 615 χειροτονεῖσθαι
3062 551 3310 606 διάκονον
3335 554 3392 605 ὲν
3407 554 3688 624 διαφόροις

2113 626 2336 679 κανόσιν
2357 628 2610 696 ὥρισται.
2628 636 3033 705 Ἀπηγόρευται
3059 639 3114 692 δὲ
3140 645 3253 703 τοῖς
3279 642 3683 710 ἀναγνώσταις.

2112 714 2170 768 ἐν
2200 716 2278 785 τῷ
2309 718 2548 789 πληροῦν
2573 725 2671 793 τὴν
2692 726 2970 780 διακονίαν
2999 729 3178 782 αὐτῶν
3197 731 3528 801 στρέφεσθαι
3547 732 3687 801 πρὸς

2110 806 2201 859 τὸν
2223 810 2394 877 δῆμον
2425 813 2519 864 καὶ
2554 821 2903 884 προσκυνεῖν,
2936 820 3013 880 ὼς
3041 821 3316 888 ὀφείλουσι
3346 825 3469 876 τότε
3512 840 3686 893 προσ-

2111 900 2296 950 κυνεῖν
2331 900 2526 965 μόνονς
2574 907 2701 966 τοῦς
2737 909 2903 977 ἱερεῖς
2939 910 3032 964 καὶ
3062 911 3186 973 τοὺς
3236 911 3539 982 ἀρχιερεῖς,
3589 910 3685 965 καὶ

2110 988 2232 1059 οὐχὶ
2258 990 2381 1050 τοὺς
2408 992 2633 1059 λαῖκοὺς
2661 1002 2787 1064 τοὺς
2813 1004 2868 1054 ὲν
2899 1005 2964 1072 τῇ
2982 1038 2989 1049 ς
3010 1002 3306 1075 Ἐκκλησία
3338 1002 3687 1073 συναθροιζο·

2113 1088 2309 1156 μένους
2333 1107 2348 1121 ’
2384 1095 2431 1144 oi
2467 1094 2565 1157 μὲν
2589 1096 2697 1162 γᾶρ
2724 1090 2999 1163 ἱέρωντοῐι,
3024 1097 3070 1148 οἱ
3094 1097 3149 1148 δὲ
3167 1096 3261 1147 τοῦ
3288 1097 3460 1165 δήμου
3490 1097 3682 1164 πόρρω

2108 1186 2205 1255 τῆς
2239 1186 2538 1255 ἱερωσύνης
2570 1189 2698 1239 είσί.
2737 1189 2846 1239 Καὶ
2879 1181 3027 1240 οὗτοι
3055 1187 3257 1255 μᾶλλον
3280 1188 3405 1250 τοὺς
3436 1186 3685 1255 ἀναγνώ-

2109 1297 2240 1342 στας
2266 1282 2592 1349 προσκυνεῖν
2623 1280 2924 1347 ὀφείλουσι,
2984 1279 3074 1332 διὰ
3104 1279 3202 1345 τὴν
3235 1278 3541 1347 ὑπουργίαν
3575 1279 3676 1331 αύ-

2106 1372 2236 1425 τῶν.
2276 1370 2576 1438 Ἀνάγνωθι
2639 1371 2748 1423 τῶν
2781 1369 2955 1437 ἁγίων
2982 1369 3300 1424 ἀποστόλων
3352 1368 3556 1421 κανόνα
3591 1366 3682 1435 ιζ’,

2110 1468 2198 1530 ιη’,
2236 1460 2321 1525 ιθ’,
2356 1467 2455 1524 κε’,
2485 1467 2600 1524 κς·’,
2628 1460 2849 1512 συνόδου
2874 1459 3155 1528 Ἀγκύρας
3177 1458 3382 1513 κανόνα
3405 1464 3458 1520 ι’,
3490 1459 3585 1528 τῆς
3623 1462 3683 1513 ἐν

2105 1553 2414 1621 Χαλκηδόνι
2443 1552 2649 1605 κανόνα
2680 1550 2761 1617 ιδ’,
2793 1558 2854 1604 ιε’
2880 1568 2894 1584 ο
2930 1550 3030 1617 τῆς
3068 1557 3120 1616 ς’
3153 1551 3355 1604 κανόνα
3382 1548 3456 1617 γ’,
3498 1552 3563 1615 δ’,
3606 1558 3682 1618 ς’,

2111 1641 2198 1712 ιβ’,
2239 1640 2328 1710 ιεί,
2361 1648 2474 1712 μην,
2508 1647 2613 1713 νη’,
2639 1642 2732 1696 καὶ
2763 1641 2858 1696 τοῦ
2889 1643 3049 1713 ἁγίου
3074 1644 3360 1697 Βασιλείου
3386 1643 3586 1698 κανόνα
3610 1650 3682 1712 γ’,

2113 1735 2189 1799 ς’,
2225 1735 2301 1799 ἔθ’
2323 1735 2418 1788 καὶ
2447 1741 2511 1789 οθ.

2183 1824 2257 1877 Τὸ
2294 1826 2479 1894 μέντοι
2511 1842 2578 1893 ση
2592 1825 2809 1893 μείωμα
2865 1825 2963 1879 τοῦ
3001 1825 3308 1895 ἀγιωτάτου
3341 1827 3683 1897 πατριάρχου

2108 1916 2299 1985 κυρίου
2321 1917 2504 1970 Λουκᾶ
2525 1916 2637 1987 ἔχει
2660 1916 2852 1980 οὕτως·
2886 1917 3032 1987 Μηνὶ
3054 1919 3373 1989 Δεκεμϐρίῳ
3409 1917 3477 1990 η’,
3499 1919 3684 1992 ἡμέρᾳ

2108 2012 2157 2058 α’
2196 2006 2525 2071 ίνδικτιῶνος
2560 2020 2635 2071 ς’.
2670 2008 2732 2061 Εἰ
2762 2009 2819 2061 δὲ
2850 2010 2944 2062 καὶ
2984 2008 3149 2073 ὐζάν
3176 2011 3385 2069 ἐκεῖνος
3411 2012 3510 2081 τῆς
3531 2011 3685 2076 θείας

2108 2098 2342 2151 κιϐωτοῦ
2377 2102 2834 2172 παρατραπείσης
2858 2102 3139 2174 ἁψάμενος
3188 2105 3251 2158 ού
3305 2105 3526 2176 μικρδνῖ
3552 2123 3688 2159 κατ-

2107 2190 2304 2260 εκρίθη
2342 2191 2403 2244 τὸ
2430 2186 2711 2262 ἒπιτίμιον
2763 2194 2975 2262 (καίτοι
3028 2196 3231 2259 σκοπὸς
3282 2197 3340 2250 ὲν
3369 2197 3516 2263 αύτῷ
3546 2196 3686 2266 πρὸς

2107 2282 2409 2353 ἀνόρθωσιν
2432 2284 2656 2354 ταύτης,
2696 2285 2758 2338 ού
2802 2287 2941 2356 πρὸς
2991 2287 3370 2358 καθαίρεσιν),
3394 2288 3481 2351 τίς
3537 2288 3683 2342 οὕτω

2105 2375 2275 2444 τολμη
2286 2375 2373 2438 pb;
2396 2375 2489 2429 καὶ
2511 2378 2588 2439 εἰς
2616 2377 2853 2447 ἐσχάτην
2878 2379 3153 2433 ἀναίδειαν
3175 2381 3269 2433 καὶ
3297 2381 3682 2451 ὑπερηφανίαν

2102 2466 2426 2535 ἀξενεχθεὶς,
2457 2468 2732 2537 πνεύματι
2766 2469 2987 2533 πάντως
3016 2471 3284 2539 ἀγόμενος
3329 2473 3575 2542 πονηρῷ.
3622 2472 3683 2536 ὃς

2106 2557 2181 2627 μὴ
2243 2557 2404 2628 μόνον
2464 2560 2564 2612 ούκ
2624 2561 2961 2630 ἐπανορθοῦν
3005 2565 3243 2633 αἱρεῖται
3297 2566 3367 2619 τά
3434 2564 3553 2619 θεῖα
3584 2565 3680 2619 καὶ
3756 2562 3763 2568 ’

2101 2651 2454 2719 πνευματικὰ
2474 2651 2848 2721 διατάγματα,
2876 2654 3014 2709 ἀλλά
3044 2656 3137 2708 καὶ
3155 2657 3255 2725 τὴν
3282 2655 3531 2709 ἐναντίαν
3556 2673 3681 2725 τρε-

2102 2741 2361 2808 πόμενος,
2389 2745 2794 2811 παρασαλεύειν
2840 2745 3013 2800 ταῦτα
3044 2748 3139 2800 καὶ
3196 2747 3482 2817 καθαιρεῖν
3519 2749 3678 2800 ἀναι-

2099 2831 2349 2896 δεύεται,
2379 2834 2476 2888 καὶ
2506 2837 2808 2905 παραλύειν
2837 2839 2906 2891 τὰ
2942 2839 3157 2907 παγίως
3196 2838 3535 2910 ἡδρασμένα,
3580 2840 3678 2894 καὶ

2100 2936 2426 3003 παρακινεῖν
2456 2935 2525 2988 τὰ
2551 2934 2846 2998 ἀσάλευτα,
2880 2932 3301 3003 ᾠκοδομημένα,
3339 2930 3525 2995 καθώς
3573 2948 3680 3002 φη-

412 3043 559 3097 cata,
592 3043 651 3086 ut
677 3032 852 3092 aiunt,
884 3046 1044 3100 supra
1090 3030 1501 3087 fundamentum
1542 3032 1911 3102 apostolorum
1939 3044 1994 3085 et

2102 3042 2206 3090 σιν,
2248 3028 2339 3079 ἐπὶ
2369 3027 2445 3097 τῷ
2471 3028 2709 3097 θεμελίῳ
2741 3027 2851 3079 τῶν
2872 3027 3190 3079 ἀποστόλων
3223 3024 3319 3079 καὶ
3348 3025 3674 3096 προφητῶνς

420 3125 852 3196 prophetarum?
877 3125 1170 3196 Propterea
1209 3136 1393 3180 nostra
1432 3140 1652 3196 quoque
1687 3127 1993 3181 moderatio

417 3234 524 3273 non
578 3218 858 3273 ferendum
921 3234 1043 3274 esse
1102 3227 1217 3273 rata
1277 3220 1475 3275 malam
1544 3221 1990 3276 consuetudinem

417 3311 594 3365 adhuc
625 3311 853 3374 servari,
886 3326 1006 3380 qua:
1046 3311 1226 3366 divina
1288 3320 1343 3367 et
1390 3311 1628 3365 humana
1686 3312 1989 3377 confundit,

416 3412 470 3459 et
508 3401 784 3471 Ecclesiae,
810 3418 929 3470 quae
970 3412 1054 3458 cst
1087 3404 1154 3457 ab
1188 3404 1334 3457 omni
1367 3403 1789 3472 reprehensione
1818 3403 1991 3458 aliena

416 3494 510 3548 Dei
544 3509 765 3562 sponsa,
794 3490 1170 3549 constitutioni
1200 3509 1305 3548 non
1334 3493 1583 3563 vulgares
1613 3494 1851 3548 maculas
1877 3496 1995 3548 inu-

417 3587 505 3649 rit,
539 3600 766 3653 quzeque
790 3585 1041 3653 superbia
1067 3594 1120 3639 et
1145 3600 1282 3639 vana
1316 3586 1705 3655 negotiatione,
1727 3596 1782 3641 et
1812 3587 1864 3640 in
1897 3587 1987 3651 iis,

415 3692 540 3746 quae
571 3688 699 3730 sunt
730 3676 940 3745 abjecta
979 3677 1045 3730 ab
1083 3691 1256 3747 eaque
1292 3678 1667 3739 abhorrentia,
1715 3679 1895 3734 studio
1937 3688 1993 3734 et

415 3769 621 3832 labore,
651 3777 708 3823 et
732 3768 987 3836 turpibus
1006 3777 1263 3837 praeterea
1297 3769 1481 3831 lucris,
1508 3770 1626 3839 ejus
1652 3771 1989 3825 honestatem

412 3860 868 3931 splendoremque
887 3860 1107 3930 polluit;
1137 3862 1312 3915 visum
1339 3870 1421 3914 est
1444 3876 1561 3917 eam
1585 3877 1704 3916 esse
1730 3861 1992 3916 radicitus

413 3954 768 4021 evellendam,
794 3962 851 4008 ut
883 3969 990 4009 non
1023 3954 1254 4024 amplius
1288 3946 1579 4010 enascatur
1601 3955 1752 4010 radix
1788 3955 1994 4009 amari-

413 4045 637 4110 tudinis,
674 4046 971 4100 secundum
1031 4045 1274 4099 divinum
1315 4045 1646 4113 apostolum,
1709 4060 1805 4113 per
1846 4060 1990 4114 pra:-

409 4142 620 4187 sentetn
653 4146 896 4187 nostram
932 4135 1269 4202 spiritualem
1302 4145 1356 4189 et
1384 4134 1545 4205 537
1575 4145 1858 4205 paternam
1891 4137 1990 4191 do-

410 4226 665 4289 ctrinam,
689 4242 807 4294 qua:
830 4240 1054 4294 scopum
1088 4225 1303 4293 quidem
1327 4236 1510 4294 aperte
1537 4226 1783 4280 declarat
1810 4240 1991 4281 causae

398 4318 701 4395 propositae
733 4318 799 4371 de
850 4317 936 4379 iis,
974 4317 1067 4385 qui
1112 4331 1323 4371 sacram
1373 4318 1748 4371 auctoritatem
1806 4319 1986 4373 sortiti

411 4419 560 4476 sunt,
591 4417 647 4464 ct
679 4410 1034 4465 saecularibus
1050 4411 1261 4480 seipsos
1289 4411 1699 4478 magistratibus
1727 4422 1782 4467 et
1813 4414 1988 4483 digni-

414 4503 618 4556 tatibus
645 4503 901 4571 curisque
938 4517 1001 4555 ac
1032 4503 1261 4571 negotiis
1301 4503 1599 4571 implicant.
1637 4486 1715 4558 Ad
1758 4506 1985 4560 verbum

410 4604 589 4646 autem
616 4593 696 4648 sic
734 4608 793 4647 se
831 4595 1031 4649 habet:
1059 4596 1151 4657 lis,
1173 4596 1263 4664 qui
1293 4596 1708 4661 sacerdotalem,
1738 4597 1990 4667 inquiunt

407 4685 619 4746 Patres,
646 4686 1189 4772 dignitateuksortiti
1228 4698 1376 4752 sunt,
1406 4688 1714 4743 testimonia
1758 4698 1811 4744 et
1849 4704 1990 4757 prte-

408 4777 552 4833 clara
600 4778 741 4833 facta
801 4787 928 4833 sunt
966 4780 1355 4834 canonicarum
1404 4783 1855 4837 constitutionum
1907 4784 1989 4837 in-

407 4869 789 4933 t'ormatioues,
833 4884 972 4937 quas
1027 4870 1190 4924 etiam
1235 4871 1483 4926 lubenter
1517 4874 1886 4935 admittentes,
1921 4874 1987 4926 ad

410 4960 698 5012 hominum
733 4959 900 5014 Deum
922 4977 1049 5015 cum
1076 4961 1275 5015 Davide
1307 4961 1396 5017 Dei
1428 4979 1676 5027 praacoue
1698 4964 1982 5017 Canimus:

410 5050 478 5105 In
515 5054 601 5105 via
654 5055 1069 5106 testimoniorum
1099 5065 1311 5107 tuorum
1342 5056 1634 5107 delectatus
1688 5071 1826 5116 sum,
1866 5064 1987 5107 tan-

406 5160 563 5211 quam
598 5146 652 5197 in
684 5145 921 5198 omnibus
960 5146 1158 5199 divitiis
1192 5147 1253 5198 ’9.
1297 5147 1361 5200 Et
1406 5162 1593 5200 rursus
1632 5163 1646 5198 :
1706 5143 1983 5200 Maudasti

407 5236 668 5297 justitiam
692 5252 709 5300 ;
742 5238 1037 5292 testimonia
1064 5248 1153 5291 tua
1191 5239 1244 5291 in
1271 5249 1527 5292 (etet-num
1553 5240 1679 5290 doce
1702 5254 1803 5301 me,
1831 5246 1882 5291 et
1907 5240 1983 5291 vi-

409 5345 521 5379 mm
556 5329 621 5381 ³ο.
654 5329 805 5395 Quod
838 5332 880 5383 si
919 5348 1018 5385 vox
1054 5333 1368 5399 prephetica
1416 5348 1511 5384 nos
1538 5330 1694 5397 jubet
1726 5333 1777 5385 in
1818 5336 1981 5387 atter-

409 5437 534 5473 num
577 5419 668 5471 Dei
709 5424 1016 5477 testimonia
1076 5424 1372 5485 custodire,
1424 5433 1478 5475 et
1519 5423 1570 5477 in
1613 5426 1745 5493 ipsis
1778 5428 1981 5489 vivere,

410 5515 753 5567 manifestum
791 5528 869 5569 est
909 5531 971 5568 ea
1012 5519 1334 5570 inconcussa
1368 5527 1420 5570 et
1472 5517 1615 5571 nulla
1656 5520 1867 5573 ratione
1899 5520 1980 5573 lu-

471 5689 513 5740 ξο
543 5687 684 5759 psit.

744 5706 927 5747 C(VIH,
987 5690 1065 5742 li.
1156 5689 1198 5719 ³ο
1239 5690 1368 5744 ibid.
1424 5691 1520 5757 l38

2099 3118 2198 3172 Διά
2247 3118 2407 3172 τοῦτο
2471 3121 2567 3173 καὶ
2625 3120 2988 3189 ήμετριότης
3042 3119 3197 3189 ἡμῶν
3250 3119 3351 3172 ούκ
3380 3118 3678 3186 ἀνασχετὸν

2097 3211 2423 3281 ἡγησαμένη
2457 3211 2700 3281 πονηρὰν
2731 3212 3020 3282 συνήθειαν
3050 3211 3145 3267 καὶ
3181 3211 3263 3264 ἔτι
3300 3214 3547 3278 κρατεῖν,
3582 3229 3671 3281 μι-

2096 3303 2515 3371 γνύουσανθεῖά
2544 3320 2602 3357 τε
2637 3303 2731 3358 καὶ
2764 3303 3105 3373 ἀνθρώπινα,
3146 3304 3241 3357 καὶ
3298 3306 3367 3375 τῇ
3422 3304 3521 3373 τῆς
3552 3303 3678 3356 Ἐκο

2094 3398 2327 3465 κλησίας
2356 3398 2719 3464 καταστάσει,
2759 3400 2857 3466 τῆς
2899 3397 3208 3466 ἀμωμήτου
3269 3396 3490 3467 νύμφης
3540 3397 3679 3467 X9:-

2097 3491 2247 3554 στοῦ,
2298 3490 2520 3553 σπίλους
2549 3491 2610 3543 ού
2643 3491 2773 3553 τοὺς
2806 3489 3066 3559 τυχόντας
3115 3488 3675 3559 προσεπιτρίϐουσαν,

2094 3586 2189 3639 καὶ
2218 3584 2374 3655 τύφῳ
2405 3586 2497 3638 καὶ
2520 3583 2748 3655 ἀσχολίᾳ
2774 3583 3000 3654 ματαίᾳ.
3030 3584 3122 3637 καὶ
3149 3584 3215 3652 τῇ
3242 3583 3372 3654 περ)⁹
3396 3581 3466 3635 τὰ
3490 3582 3676 3634 είκαῖα

2095 3679 2392 3748 καὶταύτῃ
2429 3678 2708 3749 ἀπᾴδοντα
2726 3677 3043 3747 διαπονήσει
3083 3692 3143 3729 τε
3193 3675 3286 3728 καὶ⁵
3334 3675 3565 3743 σπουδῇ,
3594 3673 3676 3725 ἔτι

2095 3786 2156 3840 γε
2191 3770 2295 3840 μὴν
2319 3770 2413 3823 καὶ
2444 3769 2698 3840 ἀκερδὲσι
2732 3769 2794 3821 τὸ
2821 3768 3018 3837 σεμνὸν
3051 3767 3260 3837 ταύτης
3293 3766 3677 3837 καταρρυπαί-

2094 3878 2316 3924 νουσαν,
2348 3860 2622 3930 ηὐδόκησε
2649 3858 2865 3930 ῥιζόθεν
2892 3858 3097 3930 ταύτην
3129 3859 3450 3927 ἀποτεμεῖν,
3480 3857 3567 3909 ῖνα
3602 3857 3677 3926 μὴ

2097 3952 2223 4024 ῥίζα
2260 3954 2486 4023 πικρίας
2513 3953 2610 4006 καὶ
2643 3952 2723 4005 ἔτι
2765 3954 2896 4022 φυῇ,
2944 3953 3089 4007 κατά
3117 3951 3209 4005 τὸν
3262 3952 3403 4004 θεῖον
3440 3949 3678 4003 ἀπόστο-

2093 4044 2209 4107 λον,
2234 4045 2323 4099 διά
2352 4046 2452 4115 τῆς
2484 4045 2769 4115 παρούσης
2823 4044 3096 4115 ἡμετέρας
3150 4042 3535 4112 πνευματικῆς
3582 4041 3679 4095 καὶ

2096 4138 2374 4207 πατρικῆς
2402 4138 2706 4202 διαλαλιᾶς,
2746 4138 2846 4207 τῆς
2881 4135 3154 4205 δηλούσης
3213 4137 3313 4205 μὲν
3339 4134 3431 4188 τὸν
3467 4133 3675 4187 σκοπὸν

2095 4231 2347 4300 φανερῶς
2368 4231 2470 4300 τῆς
2494 4230 2859 4301 προτεθείσης
2884 4229 3202 4292 ὑποθέσεως
3222 4228 3354 4296 περὶ
3380 4227 3490 4281 τῶν
3523 4227 3679 4297 ίεράν

2096 4317 2256 4383 ἀξίαν
2290 4318 2589 4387 λαχόντων,
2619 4319 2716 4372 καὶ
2750 4321 3048 4388 κοσμικαῖς
3080 4320 3310 4380 ἑαυτοὺς
3374 4316 3677 4387 ὲμπλεκόν-

2092 4428 2203 4464 των
2232 4412 2427 4482 ἀρχαῖς
2456 4414 2550 4463 καὶ
2574 4411 2752 4475 ἀξίαις
2805 4412 2900 4463 καὶ
2928 4410 3179 4480 φροντίσι
3208 4411 3303 4462 καὶ
3337 4412 3626 4479 πράγμασι
3657 4452 3673 4475 ,

2090 4502 2235 4555 οὕτω
2265 4502 2324 4555 δὲ
2360 4503 2505 4555 κατὰ
2539 4503 2694 4571 ῥῆμα
2719 4501 2974 4570 ἐχούσης,
3029 4502 3156 4563 Τοῖς
3209 4504 3310 4571 τὴν
3369 4501 3677 4570 ἱερατικὴν,

2096 4595 2262 4663 φασὶν
2287 4595 2336 4647 οἱ
2373 4593 2638 4663 Πατέρες,
2670 4593 2930 4661 λαχοῦσιν
2956 4592 3134 4656 ἀξίαν,
3177 4591 3455 4662 μαρτύριά
3489 4608 3549 4644 τε
3578 4593 3680 4646 καὶ

2094 4684 2500 4756 κατορθώματα
2535 4688 2589 4738 αί
2641 4686 2748 4737 τῶν
2798 4684 3102 4738 κανονικῶν
3136 4683 3436 4750 διατάξεων
3469 4685 3676 4736 ὑποτυε

2056 4842 2058 4845 ι
2094 4779 2300 4839 πῶσεις
2333 4778 2491 4835 εἰσὶν,
2521 4776 2587 4837 ἀς
2617 4777 2713 4829 καὶ
2748 4776 3004 4844 ἀσμένως
3055 4774 3363 4845 δεχόμενοι,
3397 4775 3530 4844 πρὸς
3583 4776 3677 4829 τὸν

2097 4871 2377 4939 Δεσπότην
2399 4870 2532 4921 Θεὸν
2571 4869 2708 4937 μετά
2731 4868 2896 4920 Δαὸἲδ
2928 4867 3022 4921 τοῦ
3054 4852 3423 4935 θεοφάντορος
3447 4866 3671 4937 ᾄδομεν·

2106 4962 2209 5015 Ἐν
2245 4961 2318 5027 τῇ
2357 4960 2476 5025 ὁδῷ
2505 4961 2623 5012 τῶν
2655 4961 3001 5029 μαρτυρίων
3056 4973 3173 5011 σου
3212 4958 3530 5026 ἐτέρφθην,
3591 4961 3675 5023 ὡς

2091 5055 2188 5108 ἐπὶ
2213 5054 2393 5107 παντί
2416 5055 2659 5119 πλούτῳ
2680 5069 2693 5083 ο
2724 5054 2823 5106 καὶ
2858 5051 3018 5115 αὖθις
3043 5069 3055 5083 ·
3102 5053 3415 5106 Ἐνετείλω
3443 5050 3672 5106 δικαιο-

2091 5151 2313 5212 σύνην·
2342 5147 2415 5200 τὰ
2433 5147 2730 5216 μαρτύριά
2761 5163 2880 5200 σου
2926 5149 3015 5211 είς
3045 5147 3152 5199 τὸν
3189 5143 3378 5199 (ιιῶνα
3432 5143 3674 5198 συν-ἐτι·-

2090 5242 2208 5292 mir
2237 5259 2328 5308 με,
2368 5240 2465 5294 καὶ
2498 5239 2774 5309 ζήσομαι.
2811 5239 2921 5292 Καὶ
2951 5239 3110 5309 εἴπερ
3133 5240 3212 5301 είς
3244 5237 3336 5291 τὸν
3364 5236 3538 5290 αἰῶνα
3568 5254 3672 5306 φυ-

2086 5332 2305 5384 λάττειν
2330 5334 2464 5402 ἡμῖν
2495 5332 2807 5385 ἐντέλλεται
2833 5332 2867 5401 η
2900 5332 3219 5401 προφητικὴ
3252 5328 3404 5398 φωνὴ
3431 5328 3499 5380 τὰ
3526 5345 3669 5398 μαρ-

2044 5429 2061 5445 ’
2085 5429 2250 5500 τύρια
2276 5429 2372 5481 τοῦ
2398 5428 2558 5491 Θεοῦ,
2593 5430 2687 5481 καὶ
2736 5427 2836 5497 ζῇν
2862 5427 2920 5478 ἐν
2951 5427 3158 5489 αὐτοῖς,
3191 5424 3351 5493 δῆλον
3379 5422 3451 5485 ὡς
3484 5422 3630 5492 ἁκρά
3649 5449 3661 5460 -

2086 5520 2254 5573 δαντα
2290 5521 2383 5573 καὶ
2418 5520 2694 5574 ἀσάλευτα
2743 5516 3117 5587 διαμένουσιν.
3187 5517 3309 5571 Ὅτι
3362 5513 3505 5583 οὕτω
3527 5515 3664 5584 φησὶ

3588 5706 3597 5738 Ι
