4034 6402
284 283 359 347 89
412 290 422 297 ’
1352 290 1430 351 ΙΝ
1469 294 1628 355 CAN.
1678 296 1865 357 XVI(

1967 298 2052 360 iC.
2098 298 2476 361 CARTHAG.
3473 295 3545 362 90

284 397 383 452 καὶ
406 398 435 450 ὁ
458 396 691 469 θεόπτης
721 398 933 470 Μωσῆς
955 415 969 431 ο
1015 402 1120 456 Ἐν
1139 404 1345 471 αὐτοῖς
1368 409 1481 460 οὐκ
1525 409 1657 463 ἐστι
1683 426 1865 479 προσ-

1971 411 2291 466 befartanda
2328 418 2668 479 permanere.
2698 409 2834 463 Nam
2869 407 3084 462 divinus
3114 419 3326 476 quoque
3369 403 3542 461 Moses

280 489 495 553 θεῖναι,
526 491 627 545 καὶ
656 492 755 547 ἀπ’
792 492 999 548 αὐτῶν
1022 497 1133 549 οὐκ
1162 497 1333 551 ἔστιν
1358 502 1628 567 ἀφελεῖν.
1651 506 1867 559 Τούτων

279 584 468 636 τοίνυν
491 582 668 646 οὕτως
709 583 880 638 ὅντων
937 588 1035 640 καὶ
1087 589 1651 662 διαμαρτυρουμένων
1711 599 1864 665 ἡμῖν,

280 673 690 740 ἀγαλλιώμενοι
746 677 834 728 ἐπ’
890 679 1096 742 αὐτοῖς,
1149 681 1244 744 ὡς,
1299 684 1353 735 εἴ
1400 703 1487 748 τις
1521 685 1657 757 εὕρῃ
1696 689 1866 743 σκῦλα

280 767 482 830 πολλὰ,
518 771 649 831 τοὺς
680 769 859 833 θείους
912 772 1199 837 ἀσπασίως
1246 777 1503 839 κανόνας.
1531 780 1869 849 ενστερνιζὸ·

284 859 453 929 μεθα,
489 863 586 914 καὶ
612 861 709 931 τὴν
728 863 915 915 αὐτῶν
945 866 1208 932 διαταγὴν
1257 869 1554 936 ὀλόκληρον
1602 874 1697 923 καὶ
1733 874 1867 925 ἀσά-

279 951 473 1005 λευτον
500 954 683 1021 μένειν
714 948 995 1024 ὁλοψύχως
1027 958 1352 1027 αἱρούμεθα.
1394 963 1503 1013 Καὶ
1531 963 1715 1029 ἐπειδὴ
1750 964 1862 1017 τῶν

280 1045 342 1097 ἐν
368 1045 562 1115 κλήρῳ
584 1047 938 1115 τεταγμένων
969 1049 1121 1111 τινας
1177 1050 1423 1120 ἔγνωμεν
1455 1054 1746 1122 πράγμασι
1772 1073 1865 1109 κο-

283 1138 507 1201 σμικοίς
539 1137 917 1203 ὲμπλέκοντας
941 1140 1314 1202 ἀκανονίστως
1348 1144 1598 1207 ἑαυτοὺς,
1632 1144 1727 1205 οὓς
1764 1146 1862 1214 μὲν

282 1226 702 1294 κουρατωρείας
764 1229 857 1280 καὶ
894 1232 1218 1297 προνοήσεις
1256 1232 1420 1284 οἴκων
1465 1235 1860 1307 ἁρχοντικῶνῆ

281 1317 589 1381 κτημάτων
634 1318 1153 1385 ἀναλαμϐάνοντας,
1198 1321 1293 1384 οὓς
1341 1323 1397 1375 δὲ
1441 1325 1536 1376 καὶ
1585 1325 1862 1391 δημοσίων

278 1404 458 1456 τελῶν
500 1406 824 1473 εξσπράξεις
910 1411 1221 1477 κεφαλαίων
1255 1413 1479 1482 ἐτέρων,
1528 1414 1559 1481 ἦ
1587 1415 1864 1479 ἐξελάσεις

278 1492 572 1557 πλωῖλλων,
618 1496 649 1564 ἣ
680 1497 743 1565 δὴ
768 1496 862 1548 καὶ
910 1498 1230 1569 ἀναγραφὰς
1276 1502 1308 1572 ἢ
1340 1503 1671 1569 λογοποιίας,
1704 1505 1735 1575 ἥ
1767 1508 1862 1558 καὶ

277 1585 477 1653 ἑτέραν
501 1587 697 1653 ὁμοίαν
723 1589 1028 1657 ἐνέργειαν,
1055 1592 1154 1645 οὐκ
1184 1593 1277 1645 ἐπὶ
1303 1594 1627 1662 πράγμασιν
1662 1596 1862 1666 ἐκκλη-

277 1678 609 1742 σιαστικοίς,
657 1678 793 1733 ἀλλά
815 1684 1120 1748 κοσμικοίς,
1172 1684 1344 1746 ένίους
1378 1687 1448 1738 ’δὲ
1495 1689 1588 1739 καὶ
1619 1688 1771 1753 ἀξίας
1803 1707 1859 1741 τε

276 1769 374 1819 καὶ
402 1768 584 1836 ἀρχὰς
614 1768 714 1832 τὰς
738 1773 836 1837 τῆς
870 1772 1147 1834 πολιτείας
1182 1777 1694 1847 ἁπονενεμημένας,
1746 1783 1857 1842 τοῖς
1892 1751 1934 1804 Β

275 1857 549 1920 τοιούτοις
580 1861 1033 1931 παρεγγυώμεθα
1070 1865 1384 1923 παύσασθαι
1412 1869 1505 1921 τοῦ
1539 1870 1730 1923 λοιποῦ
1758 1872 1862 1923 τῶν

275 1951 589 2019 εἰρημένων
616 1952 897 2007 ἁπάντωνο
921 1957 1551 2026 ταῖςέκκλησιαστικαῖς
1575 1962 1629 2014 δὲ
1648 1962 1863 2032 χρείαις

275 2047 742 2114 προσευκαιρετν,
782 2046 830 2097 εί
865 2046 939 2116 μὴ
971 2046 1250 2117 βούλοιντο
1306 2053 1373 2122 τῇ
1419 2052 1713 2123 δεδογμένῃ
1751 2056 1864 2116 τοῖς

278 2130 441 2196 θείοις
469 2135 573 2186 καὶ
604 2137 775 2204 ἱεροῖς
805 2138 999 2192 κανόσι
1056 2140 1378 2210 καθαιρέσει
1434 2143 1528 2195 τοῦ
1563 2146 1865 2212 προσόντος

286 2225 465 2288 αὐτοῖς
496 2227 970 2297 ἑκκλησιαστικοῦ
1000 2231 1094 2284 τοῦ
1144 2232 1356 2301 βαθμοῦ
1393 2235 1697 2302 ὑπαγαγεῖν
1738 2237 1866 2289 ἑαυ-

283 2315 429 2377 τούς.
465 2318 531 2370 Εἰ
569 2319 685 2388 γὰρ
717 2322 813 2373 καὶ
842 2324 1034 2393 μακρᾷ
1062 2324 1325 2396 συνηθείᾳ
1360 2327 1686 2392 έδράζεσθαί
1717 2345 1865 2391 τινες

280 2406 476 2463 οἴονται
499 2409 603 2463 τοῦ
625 2412 857 2464 τοιαῦτα
882 2414 1132 2482 μετιέναι
1158 2416 1256 2468 καὶ
1277 2419 1384 2487 πρὸ
1417 2419 1598 2471 αὐτῶν
1626 2419 1728 2471 οὐκ
1757 2419 1867 2471 ὀλί-

274 2515 428 2567 γους,
466 2502 606 2570 πρὸς
627 2501 687 2554 δὲ
723 2503 820 2555 καὶ
855 2503 1148 2573 βασιλικάς
1170 2508 1303 2574 φασί
1333 2525 1395 2560 τε
1421 2509 1697 2579 προϐῆναι
1722 2512 1867 2563 οἰκο-

276 2597 473 2661 νομίας
502 2595 863 2660 ἀνατιθείσας
897 2598 1223 2666 ίερωμένοις
1259 2599 1416 2685 ἀξίας
1447 2619 1507 2653 τε
1550 2603 1642 2654 καὶ
1674 2619 1867 2672 κοσμι-

273 2687 377 2748 κὰς
429 2688 528 2739 καὶ
586 2687 823 2754 ὀφφίκια
878 2689 913 2752 ἢ
944 2689 1229 2756 ἐνεργείας
1263 2692 1458 2759 ὁμοίας
1486 2694 1597 2745 εἴτε
1655 2695 1861 2762 ἀρχάς·

271 2774 388 2829 ἀλλ’
414 2775 519 2845 οὐχ
545 2777 957 2847 ἑλκυσθήσεται
985 2781 1122 2847 πρὸς
1147 2780 1476 2850 ὑπόδειγμα.
1517 2783 1736 2853 Ἐπειδὴ
1758 2786 1867 2854 γὰρ

272 2868 389 2921 οὗθ’
424 2870 520 2922 ὑπ’
557 2870 906 2939 ἀμφιόολίαν
944 2872 997 2943 οξ
1022 2873 1156 2942 περὶ
1187 2873 1393 2926 τούτων
1431 2876 1571 2942 ἱεροὶ
1610 2877 1704 2929 καὶ
1730 2876 1865 2930 θεῖοι

270 2960 497 3023 κανόνες
541 2960 770 3024 ἔπεσον,
822 2961 948 3015 οὔτε
992 2964 1289 3032 δοκιμασία
1317 2983 1400 3029 τις
1434 2968 1526 3018 καὶ
1573 2967 1866 3034 διάγνωσις

1974 504 2052 557 sic
2077 503 2276 570 inquit:
2298 501 2421 555 Non
2449 501 2659 557 liceteis
2689 500 2881 553 addere
2904 516 2995 552 nec
3016 498 3289 552 detrahere
3312 497 3378 551 “.
3407 496 3541 551 Cum

1972 593 2086 647 hmc
2114 594 2292 659 itaque
2325 592 2400 646 ita
2429 597 2558 656 sint,
2588 602 2641 645 et
2665 592 2820 645 nobis
2854 590 3217 644 testimonium
3254 588 3451 650 ferant,
3486 588 3538 640 in

1971 685 2051 739 eis
2082 685 2443 746 exsultantes.
2480 694 2733 753 tanquam
2762 684 2803 737 si
2838 685 2958 749 quis
2990 682 3152 733 multa
3178 680 3348 745 spolia
3382 679 3536 732 inve-

1972 778 2132 841 nerit,
2176 777 2385 831 divinos
2446 778 2699 831 lubenter
2758 790 2995 830 canones
3050 772 3448 840 amplectimur,
3488 779 3543 823 et

1969 885 2159 924 eorum
2185 871 2625 925 constitutionem
2660 870 2921 936 integrant
2947 877 2999 919 et
3031 867 3405 918 inconcussam
3431 877 3543 914 ma-

1969 978 2096 1016 nere
2128 971 2239 1016 toto
2270 966 2449 1015 animo
2478 963 2749 1030 eligimus.
2788 959 3051 1025 Quoniam
3088 967 3265 1010 autem
3302 954 3540 1008 nonnul-

1967 1056 2046 1109 los
2075 1069 2261 1106 eorum
2298 1054 2388 1122 qui
2426 1061 2553 1107 sunt
2590 1055 2641 1105 iu
2671 1052 2817 1105 clero
2872 1048 3147 1103 constituti
3203 1046 3449 1098 novimus
3484 1061 3541 1099 se

1966 1144 2313 1198 saecularibus
2345 1145 2573 1212 negotiis
2603 1152 2789 1196 contra
2816 1155 3051 1194 canones
3082 1139 3359 1206 implicare
3394 1155 3407 1189 :
3444 1137 3542 1188 hos

1966 1238 2178 1301 quidem
2209 1235 2489 1288 domorum
2547 1235 2954 1300 magistratuum
3009 1232 3093 1283 vel
3139 1229 3537 1298 pOssessittnIIttt

1965 1329 2271 1381 curationes
2307 1326 2910 1391 administrationesqne
2968 1323 3363 1389 suscipientes;
3416 1321 3540 1387 illos

1969 1433 2097 1470 vero
2132 1418 2291 1472 etiam
2321 1418 2657 1484 publicorum
2692 1413 3037 1482 vectigalium
3093 1417 3426 1475 exactiones,
3455 1411 3538 1463 vel

1964 1508 2195 1560 aliorum
2229 1510 2485 1576 capitum,
2520 1508 2602 1561 vel
2634 1522 2819 1560 eormn
2851 1520 2970 1573 qua
3000 1504 3229 1557 navibus
3257 1512 3541 1568 portantur

1964 1576 2279 1667 pensiomtm
2311 1599 2615 1666 petitiones,
2638 1598 2721 1651 vel
2741 1596 3161 1665 colligendarutn
3190 1594 3538 1659 pecuniarum

1965 1689 2340 1754 ratiouumque
2358 1689 2750 1742 reddendarum
2781 1702 3022 1750 munera,
3047 1686 3127 1738 vel
3152 1685 3368 1753 aliquod
3396 1683 3541 1749 ejus-

1966 1780 2109 1832 modi
2162 1780 2432 1846 oﬂit-ium;
2469 1797 2576 1834 non
2633 1781 2682 1831 iu
2726 1778 3141 1838 ecclesiasticis.
3177 1778 3269 1831 sed
3317 1776 3538 1830 secula-

1965 1869 2116 1921 ribus
2144 1870 2411 1936 negotiis;
2472 1863 2852 1935 nonnullis’qne
2907 1881 3094 1919 eorum
3149 1866 3337 1918 civiles
3371 1864 3536 1918 etiam

1964 1959 2320 2027 magistratus
2387 1959 2786 2027 dignitatesque
2848 1971 2971 2012 esse
3029 1957 3317 2010 attributas
3376 1973 3390 2010 :
3456 1956 3538 2009 eis

1966 2051 2309 2120 praecipimus
2341 2059 2398 2103 ιιι
2444 2051 2698 2119 deinceps
2730 2064 2761 2102 a
2800 2049 3070 2117 praedictis
3117 2048 3369 2100 omnibus
3425 2061 3545 2101 ces—

1966 2154 2108 2210 sent,
2147 2146 2198 2198 in
2223 2145 2610 2199 ecclesiasticis
2631 2155 2809 2198 autem
2839 2142 3071 2213 negmiis
3097 2141 3394 2204 oiliciisquc
3419 2156 3544 2195 ver-

1967 2244 2194 2300 sentur;
2224 2234 2324 2287 nisi
2356 2234 2527 2287 velint
2556 2233 2629 2297 ei,
2666 2248 2785 2301 qum
2824 2233 2996 2287 Sacris
3023 2230 3334 2299 divinisque
3368 2244 3538 2283 cano-

1967 2326 2127 2380 uibus
2182 2326 2405 2394 placuit,
2457 2327 2658 2395 gradus
2712 2340 2871 2393 quem
2933 2324 3129 2376 habent
3185 2320 3542 2374 ecclesiastici

1969 2419 2294 2486 depositioui
2332 2419 2546 2484 subjici.
2583 2418 2695 2471 Etsi
2742 2416 2886 2470 enim
2935 2414 3094 2486 longa
3150 2412 3542 2467 consuetudine

1967 2510 2284 2565 conﬁrmari
2341 2510 2683 2579 stabilirique
2719 2510 2936 2578 quidam
2995 2507 3333 2566 existimant,
3397 2504 3541 2573 quod
3600 2504 3605 2509 ’

1967 2619 2073 2657 non
2111 2603 2266 2671 pauci
2304 2613 2428 2656 ante
2458 2618 2553 2656 eos
2585 2603 2672 2656 illa
2721 2599 3090 2669 Susceperiut;
3131 2608 3396 2663 praeterea
3444 2610 3543 2649 au-

1967 2706 2073 2748 tem
2097 2696 2280 2749 dicunt
2312 2696 2624 2760 imperiales
2654 2689 3179 2750 administrationes.
3208 2704 3329 2756 quas
3375 2703 3546 2742 saecu-

1964 2789 2111 2842 lares
2143 2788 2433 2857 dignitates
2461 2796 2516 2839 et
2560 2786 2756 2847 nliiria,
2807 2790 2900 2835 aut
2938 2781 3134 2835 similia
3163 2794 3386 2834 munera
3443 2794 3538 2833 seu

1965 2881 2341 2948 magistratus,
2378 2877 2614 2933 sacratis
2665 2875 2975 2930 hominibus
3034 2872 3381 2928 committunt
3412 2885 3542 2938 pro-

1969 2975 2201 3031 cessisse
2239 2993 2253 3029 :
2286 2974 2378 3029 sed
2414 2984 2593 3027 tamen
2641 2986 2743 3023 non
2795 2972 3046 3022 trahetur
3111 2965 3175 3017 ad
3212 2963 3539 3029 exetnpluut.

272 3053 559 3123 ἔγγραψος
592 3054 932 3123 προδεδήκει
974 3058 1128 3124 παρά
1158 3075 1219 3110 τε
1258 3056 1354 3111 τοῦ
1384 3059 1525 3111 κατὰ
1576 3060 1767 3130 καιρὸν
1790 3060 1858 3114 τὰ

1969 3069 2103 3136 Quia
2130 3069 2273 3122 enim
2306 3074 2389 3120 est
2419 3068 2551 3120 citra
2599 3062 3055 3122 controversiam,
3111 3072 3213 3110 nec
3256 3069 3444 3109 sacros
3481 3070 3547 3109 ac

269 3146 367 3211 τῆς
402 3145 697 3213 βασιλείας
724 3146 983 3217 σκῆπτρα
1011 3149 1310 3214 διέποντος,
1343 3151 1424 3203 ἔτι
1470 3150 1528 3204 δὲ
1558 3153 1652 3204 καὶ
1690 3153 1860 3219 ἁγιω-

272 3234 450 3289 τάτων
481 3239 856 3306 πατριαρχῶν
885 3239 979 3292 καὶ
1015 3241 1250 3294 συνόδων
1276 3242 1502 3304 τούτους
1531 3243 1729 3304 αὐτοὺς
1756 3260 1861 3298 πα-

275 3326 659 3399 ραθραύουσα,
694 3331 755 3382 οὐ
792 3331 918 3395 τοὺς
953 3335 1380 3404 γεγραμμένους
1404 3336 1636 3399 κανόνας
1657 3334 1716 3389 αἱ
1744 3353 1861 3389 τοι-

273 3422 433 3477 αῦται
465 3426 808 3494 οἰκονομίαι,
853 3426 957 3479 καὶ
984 3429 1017 3497 ἡ
1067 3428 1140 3499 μὴ
1174 3430 1573 3500 δοκιμασθεῖσα
1598 3430 1860 3501 συνήθεια

271 3515 407 3579 ὅλως
426 3518 921 3587 παρασαλεύουσιν
943 3535 959 3551 ο
1006 3514 1169 3574 αὗται
1196 3521 1253 3574 δὲ
1288 3522 1490 3592 μᾶλλον
1520 3522 1626 3575 ὑπὸ
1650 3523 1861 3576 τούτων

276 3610 603 3663 τούναντίον
626 3612 816 3667 τέλεον
851 3616 1332 3687 συντριϐήσονται,
1385 3618 1461 3682 ὡς
1513 3615 1690 3688 χύτρα
1723 3619 1863 3673 κατὰ

287 3700 371 3751 τὸν
397 3701 735 3771 Σολομῶντα
786 3707 1217 3776 προσκρούσασα
1266 3708 1473 3777 λέϐητι.
1513 3711 1706 3762 Πύλαι
1730 3710 1859 3780 γὰρ,

291 3793 458 3858 φησὶν,
487 3794 646 3860 ᾅδου
672 3793 784 3863 τῆς
828 3796 1197 3865 Ἐκκλησίας
1223 3801 1294 3853 οὐ
1335 3802 1860 3869 κατισχύσουσιν,

284 3885 742 3959 οἰκοδομηθείσης
771 3890 925 3959 παρὰ
955 3892 1164 3961 Κυρίου
1198 3892 1291 3943 ἐπὶ
1316 3893 1392 3962 τῷ
1425 3893 1721 3961 θεοκήρυκι
1756 3892 1863 3944 Πέ-

279 3993 411 4046 τρῳ,
439 3978 522 4047 τῷ
565 3980 668 4031 σὺν
692 3983 809 4043 τοῖς
841 3982 1050 4046 λοιποῖς
1073 3983 1248 4051 ἁγίοις
1277 3984 1603 4047 ἀποστόλοις
1638 3986 1864 4054 νομοθεο

276 4069 507 4136 τήσαντι
539 4068 723 4135 οὕτως
742 4072 801 4125 ὲν
836 4070 890 4137 ς’
922 4075 1109 4128 κανόνι
1149 4076 1357 4129 αὐτῶν·
1425 4076 1799 4137 Ἐπίσκοπος
1823 4074 1861 4144 ἣ

277 4163 687 4229 πρεσϐύτερος
726 4164 764 4231 ἢ
803 4164 1087 4231 διάκονος
1113 4167 1412 4235 κοσμικὰς
1436 4169 1762 4236 φροντίδας
1776 4167 1862 4237 μὴ

277 4250 757 4320 ἁναλαμϐανέτω
781 4270 796 4283 ·
817 4257 872 4307 εὶ
900 4254 1094 4324 δὲμὴ,
1135 4259 1551 4322 καθαιρείσθω.
1587 4260 1865 4325 Ὡσαύτως

280 4345 374 4396 καὶ
405 4345 467 4398 ὲν
500 4343 597 4398 πα¹
623 4345 853 4416 εἴπομεν
881 4349 966 4400 ὅτι
1008 4348 1085 4419 μὴ
1115 4350 1221 4419 χρὴ
1244 4350 1544 4404 ἐπίσκοπον
1568 4353 1599 4422 ἢ
1626 4354 1868 4424 πρεσϐύ-

1964 3160 2171 3215 divinos
2200 3161 2265 3214 de
2316 3157 2382 3212 iis
2410 3171 2645 3211 canones
2675 3153 3055 3221 intercidisse;
3089 3164 3189 3203 nec
3217 3148 3322 3202 ulla
3358 3147 3546 3213 cogni-

1962 3252 2037 3308 tio
2071 3262 2166 3305 aut
2196 3250 2527 3306 examinatio
2564 3246 2761 3301 litteris
2814 3245 3067 3299 mandata
3105 3242 3171 3296 ab
3208 3255 3274 3294 eo
3322 3239 3411 3308 qui
3454 3237 3546 3293 illo

1966 3352 2209 3413 tempore
2238 3341 2536 3413 imperialia
2584 3348 2796 3408 sceptra
2840 3336 3079 3398 tenebat,
3117 3347 3215 3386 nec
3250 3347 3278 3384 a
3312 3329 3544 3383 sanctis-

1964 3439 2117 3493 simis
2156 3434 2483 3505 patriarcbis
2533 3440 2588 3488 et
2635 3429 2857 3503 synodis
2908 3442 3003 3482 eos
3060 3427 3209 3496 ipsos
3263 3431 3537 3485 evertens,

1963 3525 2229 3600 processit
2266 3546 2277 3580 ε
2326 3524 2556 3590 scriptos
2598 3534 2838 3575 canones
2870 3516 3133 3588 ejusmodi
3179 3511 3541 3583 dispensatio-
3614 3510 3615 3513 “

1968 3637 2063 3676 nes
2097 3626 2151 3675 et
2178 3632 2280 3672 non
2310 3616 2535 3686 probata
2562 3613 2894 3667 consuetudo
2929 3608 3151 3665 omnino
3182 3622 3287 3661 non
3338 3603 3546 3658 labefa-

1969 3711 2220 3772 ctabunt;
2256 3708 2349 3763 sed
2379 3707 2507 3775 ipsae
2537 3703 2720 3774 potius
2741 3702 2807 3755 ab
2827 3704 2906 3757 eis
2931 3700 3148 3769 penitus
3169 3703 3544 3757 conterentur,

1965 3802 2105 3855 sicut
2143 3800 2284 3864 olla,
2328 3796 2503 3864 inquit
2555 3793 2843 3858 Solomon,
2874 3806 2995 3860 quas
3040 3789 3201 3844 lebeti
3249 3787 3401 3840 allisa
3434 3797 3538 3838 est.

1970 3888 2147 3942 Porta:
2167 3889 2327 3951 enim,
2362 3885 2552 3953 inquit,
2605 3883 2765 3952 inferi
2823 3884 3076 3935 adversus
3125 3880 3548 3932 Ecclesiamuon

1964 3977 2322 4047 praevalebunt
2353 3977 2417 4040 ³³,
2450 3990 2568 4045 qum
2589 3992 2617 4028 a
2655 3973 2883 4028 Domino
2914 3987 3074 4040 supra
3113 3972 3203 4025 Dei
3238 3981 3544 4036 prmcouem

1966 4072 2185 4126 Petrum
2218 4070 2475 4125 :ediﬁttata
2509 4077 2610 4133 est,
2638 4067 2726 4136 qui
2757 4080 2879 4119 cum
2909 4063 3128 4132 reliquis
3162 4061 3368 4114 sanctis
3418 4073 3550 4127 apo-

1967 4164 2120 4219 stolis
2151 4163 2201 4215 in
2223 4172 2392 4216 sexto
2419 4174 2605 4212 eorum
2659 4171 2865 4212 canone
2893 4156 2972 4210 sic
2996 4154 3238 4209 decrevit
3281 4167 3296 4206 :
3325 4151 3546 4219 Episco-

1969 4273 2089 4326 pus,
2126 4255 2203 4309 vel
2231 4254 2534 4323 presbyter,
2588 4251 2671 4305 vel
2710 4250 2973 4303 diaconus
3008 4246 3286 4302 saecularia
3334 4242 3546 4312 negotia

1972 4358 2080 4396 non
2112 4342 2338 4407 recipiat
2370 4357 2384 4393 ι
2415 4341 2499 4393 sin
2536 4338 2735 4402 minus,
2762 4337 3085 4405 deponatur.
3117 4334 3380 4388 Similiter
3411 4342 3465 4385 et
3493 4331 3548 4385 in

278 4449 437 4503 τερον
465 4436 722 4490 καθιέναι
778 4438 973 4492 ἑαυτὸν
1012 4441 1093 4501 είς
1138 4440 1480 4510 δημοσιακὰς
1542 4444 1864 4514 διοικήσεις,

1968 4436 2295 4503 octogesimo
2331 4433 2505 4499 primo
2539 4431 2797 4491 diximus,
2828 4428 2970 4496 quod
3000 4442 3105 4480 non
3162 4433 3378 4493 oportet
3426 4427 3544 4492 epi-

278 4522 419 4578 ὰλλὰ
451 4531 888 4598 προσευκαιρείν
915 4529 1038 4591 ταῖς
1088 4530 1580 4598 ἐκκλησιαστικαῖς
1611 4532 1823 4601 χρείαις
1848 4550 1864 4568 ο

275 4614 309 4684 ἦ
344 4616 630 4669 πειθέσθω
684 4616 779 4670 οὖν
830 4618 992 4669 τοῦτο
1048 4619 1123 4688 μὴ
1174 4619 1434 4690 ποιεῖν,ἢ
1471 4620 1864 4685 καθαιρείσθω.

278 4708 497 4774 Οὐδεὶς
522 4709 635 4777 γὰρ
666 4708 923 4761 δύναται
944 4707 1089 4762 δυσὶ
1108 4710 1335 4776 κυρίοις
1358 4709 1702 4774 δουλεύειν,
1724 4711 1866 4765 κατὰ

274 4803 374 4869 τήν
408 4799 705 4868 Κυριακὴν
732 4800 1159 4870 παρακέλευσιν.
1200 4801 1321 4854 Ἔτι
1365 4801 1459 4854 καὶ
1486 4803 1515 4853 ὁ
1548 4808 1638 4870 πγ⁹
1665 4803 1828 4872 φησίν
1850 4818 1864 4836 ·

287 4890 624 4949 Ἐπίσκοπος
658 4891 691 4959 ἢ
725 4890 1096 4962 πρεσϐύτερος
1123 4891 1155 4961 ἢ
1187 4892 1435 4956 διάκονος
1460 4893 1720 4962 στρατεία
1746 4910 1865 4963 σχο-

275 4982 475 5048 λάζων,
502 4986 601 5038 καὶ
628 4983 960 5053 βουλόμενος
989 4985 1278 5054 ἀμφότερα
1312 4986 1586 5054 κατέχειν,
1627 4985 1866 5055 Ῥωμαῖ-

280 5076 379 5143 κὴν
406 5076 588 5145 ἀρχὴν
615 5076 711 5127 καὶ
736 5073 1022 5143 ἱερατικὴν
1043 5074 1332 5145 διοίκησιν,
1365 5076 1755 5144 καθαιρείσθω.
1790 5075 1869 5129 Τὰ

278 5167 386 5234 γὰρ
412 5166 743 5232 Καίσαρος,
771 5165 1050 5231 Καίσαρι,
1070 5165 1170 5218 καὶ
1196 5167 1268 5218 τὰ
1286 5166 1404 5218 τοῦ
1427 5165 1595 5230 Θεοῦ,
1622 5167 1698 5230 τῷ
1718 5165 1862 5229 Θεῷ.

280 5258 435 5312 Ἀλλά
472 5261 586 5327 μὴν
616 5260 715 5311 καὶ
763 5259 791 5309 ὁ
820 5257 923 5326 τῆς
964 5260 1023 5308 ὲν
1073 5258 1406 5329 Καρθαγὲνῃ
1448 5256 1525 5322 ις’
1580 5257 1754 5319 οὕτως
1801 5259 1860 5309 ὲν

283 5352 436 5420 μέρει
471 5349 828 5421 διαγορεύειο
881 5349 1119 5419 Ὁμοίως
1150 5351 1369 5420 ἤρεσεν,
1427 5351 1515 5403 ἵνα
1574 5349 1865 5403 ἐπίσκοποι

278 5446 365 5497 καὶ
388 5442 766 5514 πρεσϐύτεροι
800 5442 900 5496 καὶ
922 5440 1162 5494 διάκονοι
1190 5441 1532 5511 ὲκλήπτορες
1565 5440 1638 5510 μὴ
1674 5440 1870 5507 γίνων-

276 5554 358 5590 ται
395 5539 427 5609 ῆ
469 5536 956 5610 προκουράτορες.
988 5534 1098 5585 Καὶ
1129 5534 1249 5602 μετ’
1283 5533 1462 5597 ὀλίγον
1487 5547 1501 5562 ·
1537 5533 1730 5594 Οὐδεὶς
1760 5532 1866 5601 γὰρ

1971 4541 2193 4594 scopum
2227 4524 2312 4578 vel
2341 4524 2711 4593 presbyterum
2741 4520 2805 4572 ad
2830 4519 3074 4588 publicas
3125 4514 3551 4571 administratio-

1972 4634 2069 4673 nes
2102 4617 2458 4678 descendere,
2496 4614 2589 4668 sed
2638 4614 2693 4667 in
2746 4609 3135 4667 ecclesiasticis
3169 4608 3402 4677 negotiis
3433 4605 3553 4659 nill-

1969 4708 2176 4775 ciisque
2207 4706 2410 4759 versari
2449 4722 2462 4758 :
2495 4705 2580 4758 vel
2611 4718 2741 4772 ergo
2769 4704 2869 4757 hoc
2895 4717 2999 4754 non
3023 4698 3197 4753 facere
3222 4696 3553 4765 persuadea-

1968 4810 2074 4862 ων,
2101 4798 2184 4853 vel
2201 4798 2519 4862 deponatur.
2548 4794 2718 4849 Nemo
2748 4796 2885 4848 enim
2914 4803 3079 4860 potest
3101 4790 3303 4843 duobus
3323 4789 3550 4842 dominis

1969 4893 2166 4946 servire
2201 4890 2268 4953 ³³,
2302 4897 2361 4941 ut
2386 4898 2469 4941 est
2495 4898 2821 4957 praeceptum
2880 4885 3112 4940 Domini.
3172 4882 3443 4936 Praeterea
3496 4891 3553 4935 et

1969 4999 2140 5040 eanon
2174 4982 2243 5036 8'5
2299 4981 2472 5047 inquit
2508 4994 2522 5030 :
2557 4977 2852 5046 Episcopus
2884 4978 2968 5031 vel
3001 4976 3286 5046 presbyter
3320 4973 3403 5027 vel
3441 4973 3553 5025 dia-

1969 5091 2141 5130 conus
2172 5072 2376 5126 militize
2410 5084 2629 5131 vacans.
2656 5080 2712 5137 et
2746 5070 2929 5123 volens
2961 5078 3252 5136 utrumque
3279 5066 3545 5128 obtinere,

1970 5166 2271 5220 Romanum
2336 5161 2711 5229 magistratum
2757 5168 2810 5214 et
2869 5160 3258 5214 sacerdotalem
3325 5155 3552 5209 admini-

1971 5258 2311 5314 Strationem,
2331 5252 2654 5321 deponatur.
2688 5250 2818 5315 Qum
2843 5251 2978 5302 enim
3004 5261 3123 5302 sunt
3150 5247 3403 5311 ϐίσωνες,
3430 5243 3549 5299 Ca:-

1971 5349 2102 5408 sari,
2131 5354 2180 5400 et
2201 5361 2317 5415 quae
2341 5354 2462 5397 sunt
2492 5341 2613 5406 Dei,
2648 5340 2756 5393 Deo
2780 5341 2843 5396 “.
2877 5339 2995 5394 Jum
3024 5355 3151 5393 vero
3182 5348 3236 5392 ct
3266 5334 3550 5403 Carthagi-

1975 5442 2157 5496 Densis
2191 5438 2433 5492 decimus
2462 5443 2645 5489 sextus
2673 5434 2752 5488 sic
2783 5434 3008 5503 prcccise
3040 5432 3172 5487 dicit
3210 5447 3225 5486 :
3284 5428 3549 5484 Similiter

1974 5534 2193 5605 placuit,
2225 5541 2283 5584 ut
2307 5528 2542 5597 episcopi
2565 5534 2619 5580 et
2649 5524 2954 5594 presbyteri
2982 5534 3034 5579 ct
3069 5522 3281 5578 diaconi
3313 5533 3415 5573 non
3441 5513 3550 5570 sint

403 5732 443 5762 δι
491 5731 651 5780 liciti.
692 5740 761 5781 tv,
793 5723 851 5774 ‘2.
922 5722 967 5751 ³¹
995 5720 1178 5774 Matth.
1245 5736 1350 5783 γι,
1400 5721 1481 5771 lii.
1568 5720 1612 5750 ³³
1639 5718 1832 5773 Matth.

1994 5717 2082 5770 Ἡ.
2168 5714 2363 5770 “Luc.
2412 5714 2501 5777 xx,
2538 5711 2628 5768 ‘25.
