4034 6408
464 367 529 437 9i
1726 370 2002 431 'I‘HEOD.
2044 371 2278 431 BALSA
2288 374 2444 433 MON
3664 370 3737 433 92

470 484 939 544 administratores
969 484 1057 541 vel
1108 490 1511 553 procuratores.
1551 483 1621 538 Et
1654 485 1819 553 paulo
1872 493 1998 553 post
2032 500 2046 538 :

2172 486 2596 556 ττρατευόμενος
2620 486 2699 556 τῷ
2720 486 2840 557 Θεῷ
2859 486 3196 559 ἐμπλέκεται
3222 484 3417 540 ἑαυτὸν
3441 484 3737 557 πράγμασι

467 576 657 633 Nullus
684 577 832 636 enim
862 575 973 631 Deo
1004 575 1252 631 militans
1303 574 1545 645 implicat
1596 591 1656 629 se
1699 573 2053 630 saecularibus

2172 581 2471 649 κοσμικοίς.
2525 580 2632 633 Σὺν
2658 579 2872 645 τούτοις
2900 580 2994 635 καὶ
3024 582 3053 634 ό
3103 576 3179 645 οξ
3214 579 3317 649 τῆς
3341 580 3397 632 έν
3431 579 3734 649 Χαλκηδόνι

469 668 725 738 negotiis.
754 667 890 724 Cum
928 667 1015 721 his
1046 681 1261 736 quoque
1296 682 1469 725 canon
1506 666 1573 720 77
1597 664 2054 726 Chalcedonensis

2172 673 2410 737 συνόδου,
2438 675 2566 733 τοὺς
2591 672 2737 739 ἅπαξ
2794 674 2852 726 ὲν
2879 673 3073 742 κλήρῳ
3129 670 3505 739 τεταγμένους
3546 669 3580 740 ἢ
3641 671 3737 721 καὶ

472 760 638 835 533
673 760 910 830 synodi:
942 756 1073 823 Eos,
1105 758 1195 828 qui
1255 758 1420 813 semel
1471 758 1525 812 in
1574 758 1724 817 clero
1776 756 2054 812 constituti

472 868 624 914 sunt.
655 851 739 907 vel
770 850 1090 914 monachos,
1138 849 1431 909 statuimus
1476 857 1652 919 neque
1698 848 1771 911 ad
1797 848 2050 904 militiam

479 957 655 1013 neque
682 943 751 998 ad
807 942 1123 999 saecularem
1179 941 1494 1008 dignitatem
1546 941 1849 1001 accedere;
1879 940 1964 997 vel
2007 938 2054 994 si

478 1038 581 1091 hoc
613 1034 873 1098 audeant,
904 1043 959 1089 et
989 1049 1095 1091 non
1122 1033 1441 1103 paenitentia
1466 1033 1616 1089 ducti
1662 1031 1731 1086 ad
1782 1031 1835 1087 id
1870 1045 2056 1088 rever-

480 1133 684 1190 tantur,
738 1125 886 1196 quod
912 1134 1132 1197 propter
1174 1125 1347 1182 Deum
1380 1125 1700 1196 elegerunt,
1738 1125 2058 1180 anathema-

478 1217 658 1273 tisari.
692 1216 760 1273 Et
790 1218 1379 1286 Constantinopolitani
1413 1219 1573 1287 primi
1605 1226 1662 1273 et
1696 1218 1923 1275 secundi
1954 1234 2056 1273 un—

478 1310 742 1375 decimus,
771 1310 887 1366 htec
917 1308 989 1364 ita
1024 1312 1093 1365 ad
1125 1311 1345 1366 verbum
1367 1311 1741 1380 persequitur:
1768 1310 2059 1381 Presbyte-

482 1415 575 1455 ros
598 1398 684 1455 vel
712 1400 969 1456 diaconos
1011 1399 1304 1455 saeculares
1357 1401 1708 1470 magistratus
1756 1400 1845 1456 vel
1897 1415 2057 1456 curas

482 1490 867 1560 suscipientes,
894 1490 977 1546 vel
1010 1506 1133 1561 qute
1170 1491 1225 1546 in
1282 1491 1697 1559 magistratuum
1727 1491 1940 1548 aedibus
1969 1492 2055 1547 di-

487 1590 691 1638 cuntur
722 1582 1057 1646 curationes,
1086 1581 1259 1638 divini
1286 1591 1343 1638 et
1384 1583 1529 1639 sacri
1573 1598 1809 1640 canones
1840 1583 2058 1654 deposi-

2166 765 2437 834 μοναστάς
2468 764 2756 837 ὡρίσαμεν
2806 764 2943 834 μήτε
2985 765 3079 817 ἐπὶ
3126 761 3593 832 στρατείαν-μήτε
3646 762 3738 811 ἐπὶ

2164 855 2319 920 ἀξίαν
2350 855 2624 926 κοσμικὴν
2653 854 2914 926 ἔρχεσθαι
2936 871 2950 886 ·
2982 854 3016 925 ἢ
3051 853 3213 907 τοῦτο
3261 851 3601 923 τολμῶντας,
3643 852 3741 904 καὶ

2166 947 2243 1018 μὴ
2281 947 2780 1017 μεταμελομένους,
2811 947 2956 1001 ὥστε
3008 944 3335 1015 ἐπιστρέψαι
3395 943 3491 997 ἐπὶ
3522 944 3682 996 τοῦτο
3711 943 3741 994 ὃ

2162 1039 2251 1093 διὰ
2280 1038 2416 1094 Θεὸν
2449 1038 2686 1102 εἴλοντο,
2712 1020 3244 1108 ἀναθεματίζεσθαι.
3297 1035 3408 1089 Καὶ
3445 1037 3475 1088 ό
3526 1033 3629 1101 τῆς
3682 1037 3742 1084 ὲν

2162 1130 2738 1186 Κωνσταντινουπόλει
2766 1128 2814 1183 α’
2866 1132 2960 1183 καὶ
2987 1129 3031 1200 β’
3067 1127 3288 1181 συνόδου
3340 1124 3411 1180 ια’
3441 1125 3566 1179 τάδε
3597 1124 3742 1176 κατὰ

2164 1224 2317 1294 ῥῆμα
2343 1222 2568 1288 διέξεισι
2588 1239 2601 1253 ο
2631 1224 2772 1287 Τοὺς
2807 1220 3228 1292 πρεσϐυτέρους
3268 1219 3301 1289 ἢ
3335 1217 3620 1276 διακόνους
3642 1232 3739 1267 κο-

2164 1315 2370 1385 σμικὰς
2397 1314 2572 1387 ἀρχὰς
2602 1314 2634 1385 ἢ
2663 1314 2954 1385 φροντίδας
2984 1312 3442 1381 ἀναδεχομένους,
3477 1310 3510 1379 ἢ
3550 1308 3649 1369 τὰς
3682 1309 3742 1359 ἐν

2134 1395 2276 1469 ’τοῖς
2301 1408 2474 1469 οῐκοις
2501 1406 2612 1460 τῶν
2640 1406 2921 1477 ἀρχόντων
2968 1402 3276 1473 λεγομένας
3306 1399 3743 1470 κουρατωρείας,

2162 1501 2214 1554 οι
2251 1500 2388 1553 θεῖοι
2417 1499 2514 1553 καὶ
2564 1500 2700 1569 ἱεροὶ
2752 1499 2983 1561 κανόνες
3020 1495 3345 1565 καθαιρέσει
3396 1492 3747 1548 καθυποϐάλ-

2161 1591 2335 1645 λουσι.
2374 1590 2551 1644 Τοῦτο
2588 1588 2683 1644 οὑν
2712 1591 2810 1644 καὶ
2837 1592 3001 1659 ἡμεῖς
3032 1584 3455 1656 έπικυροῦντες,
3485 1586 3580 1638 καὶ
3611 1584 3745 1650 περὶ¹

479 1672 615 1728 tioni
663 1672 982 1742 subjiciunt.
1007 1672 1124 1729 Hoc
1162 1688 1294 1743 ergo
1335 1686 1436 1730 nos
1466 1689 1683 1744 quoque
1720 1676 2055 1732 conﬁrman-

2172 1682 2272 1736 τῶν
2299 1682 2507 1735 λοιπῶν
2540 1681 2650 1734 τῶν
2700 1683 2757 1733 ὲν
2797 1678 2987 1753 κλήρῳ
3040 1677 3482 1746 κατειλεγμένων
3514 1675 3748 1745 διοριζό-

481 1772 588 1831 tes,
615 1764 782 1819 etiam
811 1765 880 1820 de
934 1764 1183 1834 reliquis,
1219 1765 1312 1834 qui
1352 1766 1409 1821 in
1459 1767 1665 1823 clerum
1707 1769 1863 1824 relati
1907 1778 2054 1834 sunt,

2172 1773 2331 1844 μεθα,
2360 1773 2459 1839 ὡς,
2489 1773 2543 1826 ετ
2570 1789 2656 1835 τις
2686 1772 2869 1824 αὐτῶν
2890 1769 3168 1838 κοσμικὰς
3213 1768 3393 1839 ἀρχὰς
3428 1768 3746 1837 μεταχειρίε

481 1855 797 1923 statuimus,
831 1864 890 1911 ut
913 1894 929 1920 ,
960 1856 1008 1912 si
1035 1833 1158 1925 quis
1181 1833 1369 1912 eorum
1393 1860 1672 1915 saecularia
1710 1860 1921 1932 negotia
1964 1875 2060 1933 ag-

2172 1833 2331 1932 ἶξοιτο,
2362 1833 2552 1935 ἢγγτάς
2583 1833 2647 1916 ὲν
2671 1866 2783 1925 τοῖς
2814 1862 2924 1916 τῶν
2973 1833 3268 1933 ἀρχόντων.
3294 1833 3471 1922 ὀἴκοις
3526 1833 3745 1928 ἢηπρο-

481 1947 782 2019 grediatur,
806 1946 1048 2016 vel,’qu:e
1073 1947 1123 2002 in
1146 1948 1558 2017 magistratuum
1587 1951 1794 2006 aedibus
1818 1951 1905 2007 vel
1925 1953 2062 2009 sub-

2172 1956 2398 2019 ιστείοις
2419 1954 2720 2023 λεγομένας
2746 1951 3153 2021 κουρατωρείας
3188 1948 3526 2019 ἀναδέχοιτο,
3554 1948 3745 2001 τοῦτον

480 2037 702 2093 urbanis
731 2038 1040 2094 curationes
1099 2038 1356 2093 dicuntur
1380 2081 1397 2108 ,
1429 2041 1709 2111 suscipiat,
1746 2044 1790 2099 is
1814 2058 1880 2099 ex
1913 2044 2060 2100 clero

2172 2046 2253 2102 τοῦ
2276 2046 2477 2100 οἰκείου
2502 2045 2707 2113 κλήρου
2741 2041 3168 2096 ἀποδιώκεσθαι.
3191 2041 3407 2105 Οὐδείς
3475 2039 3584 2109 γάρ
3645 2037 3749 2091 δύο

481 2129 798 2198 expellatur.
830 2127 1001 2185 Nemo
1041 2131 1188 2185 enim
1233 2139 1424 2199 potest,
1456 2135 1778 2189 “secundum
1841 2134 2047 2191 Christi

2172 2155 2354 2205 rural,
2395 2137 2539 2191 κατά
2586 2137 2686 2204 τὴν
2739 2135 2836 2189 τοῦ
2886 2133 3129 2204 Χριστοῦ
3165 2134 3260 2187 τοῦ
3299 2131 3558 2201 ἀληθινοῦ
3605 2131 3747 2183 Θεοῦ

482 2221 598 2275 veri
628 2220 722 2275 Dei
752 2221 921 2275 nostri
950 2221 1156 2278 dictum
1189 2230 1249 2277 et
1293 2222 1639 2278 verissimam
1674 2239 1891 2292 vocem,
1912 2228 2060 2281 uua-

2172 2228 2317 2299 ἡμῶν
2347 2227 2673 2281 αὑτόλεκτον
2709 2227 2802 2280 καὶ
2845 2224 3260 2294 ἀψευδεστάτην
3322 2222 3545 2293 φωνὴν,
3593 2220 3745 2275 δυσὶ

484 2312 581 2367 bus
624 2312 855 2366 dominis
883 2313 1098 2368 servire.
1131 2312 1197 2368 Et
1244 2313 1469 2368 omnino
1526 2314 1800 2371 manifesti
1853 2326 1982 2372 sunt
2008 2327 2065 2372 et

2172 2321 2395 2387 κυρίοις
2426 2318 2767 2373 δουλεύειν.
2800 2316 2912 2370 Καὶ
2945 2318 3141 2383 σαφεῖς
3163 2315 3382 2379 πάντως
3406 2313 3610 2369 οίθεῐοι
3638 2330 3751 2365 καί

482 2403 658 2472 aperti
687 2401 741 2457 hi
768 2402 936 2460 divini
962 2417 1200 2459 canones
1237 2421 1253 2459 :
1282 2413 1339 2459 et
1371 2404 1493 2459 ideo
1522 2419 1631 2460 non
1688 2416 1817 2461 sunt
1882 2417 2061 2463 trans-

2172 2410 2313 2471 νόνες
2333 2402 2482 2462 οὗτοι
2520 2410 2615 2462 καὶ
2646 2407 2908 2481 πρόδηλοι
2928 2422 2943 2438 ·
2976 2411 3072 2459 καὶ
3110 2405 3199 2458 διὰ
3227 2405 3388 2459 τοῦτο
3418 2406 3744 2474 μεταποιεῖ-

483 2494 755 2551 formandi
813 2494 898 2549 vel
948 2496 1107 2551 aliter
1171 2496 1495 2566 accipiendi.
1556 2496 1613 2552 Si
1663 2508 1844 2554 autem
1897 2501 2061 2557 etiam

2172 2501 2293 2554 σθαι
2319 2499 2542 2563 τούτους
2571 2500 2631 2552 οὑ
2664 2499 2794 2568 χρή.
2823 2499 2882 2550 Εἰ
2912 2498 2969 2550 δὲ
2991 2498 3086 2551 καλ¹
3125 2496 3346 2552 ἐντολέα
3391 2496 3551 2565 δίκης
3589 2494 3742 2562 γίνε-

486 2598 665 2639 causa:
702 2594 1107 2653 procuratorem
1137 2600 1257 2656 qute
1306 2586 1375 2641 ad
1421 2586 1732 2653 ecclesiam,
1783 2590 1939 2657 cuius
1977 2599 2065 2646 est

2172 2592 2291 2645 σθαι
2313 2592 2404 2644 τὸν
2425 2590 2846 2659 κεκληρωμένον
2875 2587 3184 2641 κεκώλυται
3223 2588 3298 2656 μὴ
3340 2584 3656 2656 ἀνηκούσης
3680 2587 3753 2655 τῇ

490 2674 746 2741 clericus,
775 2690 881 2733 non
918 2676 1177 2745 pertinet,
1214 2674 1334 2731 ﬁeri
1367 2678 1570 2734 clerico
1592 2678 1926 2748 prohibitum
1956 2691 2061 2745 est,

486 2780 576 2829 ne,
602 2765 800 2835 inquit,
829 2766 1008 2822 divina
1040 2766 1355 2825 ministeria
1408 2769 1799 2838 impediantur,
1856 2780 2064 2840 quanto

488 2857 662 2924 magis
700 2856 1032 2926 prohibitum
1064 2867 1147 2914 est
1176 2858 1476 2928 majoribus
1509 2861 1864 2917 saecularibus
1896 2877 2066 2929 nego-

485 2948 577 3004 tiis
610 2949 895 3017 implicari,
923 2964 1046 3019 quae
1080 2951 1399 3021 impediunt,
1437 2967 1503 3006 ne
1536 2953 1706 3022 possit
1734 2954 2067 3009 ecclesiasti-

488 3042 569 3095 cis
601 3041 832 3109 negotiis
883 3055 1098 3096 vacare.
1142 3043 1402 3097 Omnibus
1460 3058 1590 3113 ergo
1646 3044 2067 3116 religiosissimis

2166 2684 2432 2754 ἐκκλησίᾳ
2453 2677 2523 2754 ἧς
2572 2684 2686 2735 ἐστι
2741 2682 3023 2752 κληρικὺς,
3061 2680 3170 2744 ἵνα,
3228 2679 3383 2749 φησι,
3422 2677 3496 2748 μὴ
3520 2679 3576 2730 αἱ
3607 2676 3756 2730 θεῖαι

2166 2775 2466 2843 ὑπηρεσίαι
2497 2772 3019 2842 παρεμποδίζοιντο,
3068 2770 3221 2839 πόσῳ
3244 2770 3408 2822 πλέον
3441 2766 3758 2822 κεκώλυται

2171 2868 2383 2934 μείζοσι
2408 2869 2700 2937 κοσμικαῖς
2723 2866 3009 2935 φροντίσιν
3032 2861 3428 2931 ὲμπλέκεσθαι,
3458 2876 3759 2928 παρεμπο-

2165 2959 2439 3024 διζούσαις
2475 2958 2626 3026 αὐτῷ
2658 2961 2778 3019 ταῖς
2820 2956 3307 3023 ἐκκλησιαστικαῖς
3337 2955 3553 3023 χρείαις
3582 2968 3760 3017 προσ-

2138 3106 2149 3117 ,
2168 3053 2470 3123 ευκαιρεῖν.
2522 3052 2667 3104 Πᾶσι
2722 3051 2904 3102 τοίνυν
2930 3048 3356 3110 εύλαϐεστάτοις
3378 3047 3662 3116 κληρικοϊς
3683 3047 3762 3097 ’ἐν

489 3132 960 3200 sanetissimisque
990 3133 1206 3189 clericis
1233 3134 1285 3188 in
1321 3146 1511 3190 sancto
1559 3135 1765 3204 Spiritu
1821 3137 2063 3206 prtecipi-

2173 3145 2312 3214 ἁγίῳ
2343 3140 2787 3212 παρεγγυώμεθα
2813 3140 3092 3209 Πνεύματι
3139 3138 3250 3191 τῶν
3306 3138 3613 3207 εἰρημένων
3646 3138 3759 3190 ἀπ-

492 3239 633 3290 mus,
669 3232 725 3278 ut
755 3237 787 3277 a
809 3224 968 3280 dictis
1003 3225 1318 3281 abstineant
1344 3243 1358 3287 ;
1396 3226 1481 3281 vel
1508 3226 1683 3283 sciant
1712 3264 1730 3291 ,
1759 3242 1818 3282 se
1846 3229 2068 3297 quidem

2174 3233 2467 3304 έχεσθαισῆ
2503 3232 2609 3303 μὴν
2637 3233 2839 3284 εἰδέναι
2862 3230 2938 3293 ὡς
2962 3230 3180 3282 ἔσονται
3207 3230 3307 3298 μὲν
3331 3230 3593 3298 ἐπιτιμίῳ
3615 3229 3760 3295 ἀφο-

492 3317 887 3388 segregationis
923 3333 1101 3385 poenae
1144 3319 1421 3390 subjectos
1465 3319 1614 3384 fore;
1661 3322 1790 3389 quin
1831 3331 1884 3375 et
1921 3324 2069 3392 quod

493 3407 756 3475 majorem
812 3419 1131 3480 quoquect
1186 3410 1502 3469 canonicam
1556 3410 1906 3465 acerbitatem
1965 3427 2072 3467 non

494 3500 782 3571 effugient,
836 3502 1099 3570 ejusmodi
1162 3502 1513 3559 saecularibus
1578 3501 1812 3571 negotiis
1844 3503 2074 3573 seipsos

493 3595 855 3663 implicantes.
881 3594 960 3650 Ad
1004 3595 1111 3651 hoc
1153 3596 1299 3651 enim
1324 3609 1564 3663 praesens
1616 3608 1833 3664 quoque
1879 3604 2076 3653 nostra:

496 3687 886 3742 mediocritatis
943 3688 1220 3742 decretum
1299 3685 1686 3742 sacratissimis
1738 3685 2072 3744 antistitibus

497 3776 714 3844 scriptis
740 3776 877 3831 tradi
898 3779 1107 3844 iussum
1136 3785 1240 3843 est,
1266 3787 1327 3831 ut
1349 3777 1512 3831 etiam
1536 3775 1779 3841 clericis,
1820 3776 1913 3847 qui
1947 3786 2078 3834 sunt

502 3868 832 3937 ubicunque,
862 3868 934 3923 sit
966 3867 1337 3925 manifestum.

570 3958 815 4014 Edictum
842 3960 1170 4029 patriarchae
1197 3960 1402 4016 domini
1424 3960 1651 4017 Joannis
1676 3962 1758 4018 sic
1786 3977 1846 4020 se
1872 3963 2073 4018 habet:

501 4050 685 4121 Mense
733 4051 1029 4110 Februario
1078 4052 1169 4107 die
1225 4053 1441 4127 decimo
1464 4064 1663 4115 sexto.
1698 4054 1835 4109 feria
1894 4056 2078 4121 tertia,

438 4168 463 4177 η
502 4142 795 4200 indictione
820 4150 1029 4197 octava.
1121 4142 1256 4197 Cum
1308 4143 1507 4200 multos
1578 4145 1977 4202 ecclesiasticos
2023 4153 2081 4200 et

502 4231 801 4287 monachos
824 4232 1131 4287 videremus
1185 4232 1392 4290 alienas
1438 4249 1633 4295 causas
1680 4237 1997 4299 subeuntes,
2023 4246 2081 4292 et

506 4338 607 4391 pro
637 4323 703 4377 lis
733 4322 1099 4389 decertantes,
1131 4325 1222 4392 qui
1257 4325 1309 4379 in
1334 4325 1583 4383 civilibus
1611 4336 1666 4382 et
1684 4328 2073 4384 ecclesiasticis

496 4413 722 4481 judiciis
750 4414 984 4483 litigant,
1049 4416 1119 4469 ab
1161 4416 1527 4472 ecclesiastica
1583 4420 1977 4475 consuetudine
2018 4431 2076 4475 et

2174 3325 2373 3396 ρισμοῦ
2410 3323 2867 3393 ὑποϐεϐλημένοι,
2902 3323 2996 3375 καὶ¹
3025 3320 3125 3392 τὴν
3159 3321 3332 3391 μείζω
3374 3320 3432 3373 δὲ
3464 3320 3763 3391 κανονικὴν

2173 3415 2479 3486 αὐστηρίαν
2531 3414 2592 3468 οὑ
2649 3411 3056 3481 διαφεύξονται,
3120 3411 3413 3482 πράγμασι
3463 3414 3761 3478 κοσμικοῖς

2170 3509 2436 3571 τοιούτοις
2461 3506 2831 3576 ἐμπλέκοντες
2854 3504 3107 3566 ἑαυτούς.
3149 3503 3276 3557 Ἐπὶ
3304 3503 3484 3573 τούτῳ
3521 3504 3631 3574 γὰρ
3662 3505 3763 3556 καὶ

2171 3601 2201 3652 ὁ
2224 3596 2414 3668 παρὼν
2440 3596 2718 3667 ἔγγραφος
2743 3594 2972 3664 ὁρισμὸς
3025 3596 3124 3664 τῆς
3176 3593 3361 3665 ἡμῶν.
3401 3595 3763 3664 μετριότητος

2175 3688 2411 3751 καὶτοῖς
2444 3687 2768 3758 ἱερωτάτοις
2805 3685 3162 3756 ἀρχιερεῦσιν
3226 3683 3550 3754 ἐπιδοθῆναι
3602 3683 3763 3735 τετύ-

2156 3799 2377 3846 -πωται,
2401 3780 2493 3834 ἵνα
2514 3780 2609 3833 καὶ
2641 3782 2754 3842 τοῖς
2785 3778 3105 3848 ἁπανταχοῦ
3135 3777 3421 3846 κληρικοῖς
3451 3774 3765 3844 κατάδηλος

2218 3877 2409 3944 ένηται

2176 3893 2643 4035 “augustum
2689 3961 2782 4016 τοῦ
2818 3952 3432 4031 ’πατριάρχου.κυρίσυ
3511 3956 3767 4011 Ἰωάννου

2177 4058 2292 4128 ἔχει
2325 4057 2502 4120 οὑτως
2526 4073 2540 4090 ·
2563 4057 2713 4122 Μηνὶ
2767 4053 3124 4124 Φεϐρουαρίῳ
3155 4049 3254 4117 ις’,
3285 4051 3472 4124 ἡμέρα
3519 4050 3590 4117 γ’,
3627 4050 3766 4105 ινδι-

2179 4147 2409 4209 κτιῶνος
2440 4144 2511 4215 η’,
2553 4145 2784 4207 πολλοὺς
2816 4143 2927 4196 τῶν
2959 4140 3436 4211 έκκλησιαστικῶν
3468 4139 3562 4194 καὶ
3597 4156 3767 4208 μονα·

2180 4238 2290 4311 χῶν
2321 4236 2663 4307 καθορῶντες
2689 4236 2978 4297 ὑποθέσεις
3003 4233 3296 4302 ἀλλοτρίας
3330 4230 3762 4300 ὑποδυομένους,
3828 4293 3844 4304 δ

2180 4329 2275 4381 καὶ
2304 4325 2890 4397 ὑπεραγωνιζομένους
2917 4323 3023 4376 τῶν
3049 4321 3428 4392 δικαζομένων
3462 4324 3525 4377 ὲν
3546 4320 3767 4377 πολιτιο
3836 4321 3841 4326 ’

2181 4421 2301 4481 κοῖς
2357 4419 2453 4473 καὶ
2488 4417 2971 4486 ὲκκλησιαστικοίς
3023 4412 3423 4483 δικαστηρίοις,
3472 4412 3764 4482 ἀλλότριον

502 4504 683 4575 legum
715 4503 1003 4574 gravitate,
1027 4507 1169 4572 quod
1205 4508 1386 4574 tiehat,
1422 4509 1701 4578 indignum
1740 4488 2070 4580 judicauies,

2179 4512 2276 4582 τῆς
2303 4510 2761 4580 ἐκκλησιαστικῆς
2809 4506 3095 4576 συνίηθείαιι
3161 4505 3257 4561 καὶ
3291 4504 3385 4573 τῆς
3430 4502 3541 4558 τῶν
3574 4503 3765 4571 νόμων

502 4595 810 4662 stamimus,
853 4605 912 4652 ut
963 4611 1123 4652 nemo
1157 4599 1434 4668 deinceps,
1476 4616 1575 4655 nec
1622 4603 1942 4667 monachus,
1978 4617 2078 4656 nee

501 4685 644 4740 ullus
693 4686 1125 4753 ecclesiasticus,
1155 4689 1361 4746 alienas
1416 4707 1612 4747 causas
1664 4693 1967 4761 suscipiens
2023 4694 2075 4748 in

497 4775 705 4846 judicio
752 4778 1027 4834 defendat.
1082 4781 1139 4834 ld
1170 4781 1314 4835 enim
1359 4790 1443 4838 est
1484 4793 1669 4852 aperte
1739 4785 2074 4839 mercenaria

503 4885 692 4938 opera.
730 4870 798 4926 Et
825 4886 990 4926 nemo
1023 4872 1127 4931 tale
1154 4873 1283 4942 quid
1319 4889 1484 4946 agens
1509 4885 1705 4931 nostrae
1753 4876 2080 4931 moderatio-

505 4963 590 5019 nis
624 4963 947 5033 supplicium
983 4963 1241 5036 ell'ugiet:
1276 4976 1656 5035 praeterquam,
1703 4967 1748 5023 si
1788 4966 1926 5024 forte
1953 4982 2076 5022 cum

504 5055 580 5108 sit
622 5069 785 5108 causa
822 5055 1220 5124 ecclesiastica,
1253 5074 1281 5110 a
1315 5058 1470 5113 nobis
1491 5057 2079 5127 iubeatur‘alterutrius

505 5143 835 5213 litigantium
893 5145 1067 5215 partis
1126 5147 1493 5203 defensionem
1561 5148 1858 5215 suscipere.
1926 5149 2080 5205 Tunc

503 5240 650 5292 enim
683 5247 1042 5311 praeterquam
1073 5241 1215 5310 quod
1245 5259 1275 5295 a
1319 5244 1749 5312 reprehensione
1797 5245 1902 5298 erit
1944 5242 2080 5297 alie-

507 5344 632 5393 nus,
666 5331 717 5383 in
746 5345 960 5401 poenam
995 5348 1211 5402 quoque
1241 5349 1347 5389 nou
1385 5335 1565 5389 cadet.
1602 5332 1851 5389 Praesens
1899 5344 2079 5389 autem

509 5420 744 5473 edictum
799 5422 1054 5477 omnibus
1105 5438 1321 5492 quoque
1374 5423 1626 5479 civilibus
1673 5422 1948 5492 iudicibus
1980 5425 2079 5494 legi

507 5513 719 5581 jussum
757 5522 862 5577 est,
895 5526 981 5579 ut,
1015 5529 1137 5568 cum
1177 5515 1344 5569 nostri
1376 5515 1576 5569 decreti
1645 5516 1927 5571 scientiam
1984 5516 2083 5570 ha-

515 5604 756 5665 buerint,
781 5620 874 5660 eos
910 5604 1131 5659 omnino
1156 5620 1264 5659 non
1294 5606 1585 5660 admittant
1614 5611 1679 5661 ad
1704 5608 1931 5661 nllorum
1956 5623 2084 5662 cau-

517 5711 606 5748 sas
636 5696 891 5764 agendas.
922 5695 1019 5752 Vis
1043 5707 1223 5752 autem
1265 5697 1430 5755 edicti
1466 5698 1669 5754 domini
1711 5698 1938 5755 Michael
1969 5701 2082 5754 hmc

518 5792 601 5837 est
633 5803 645 5837 :
678 5783 858 5840 Mense
876 5784 1133 5841 Januario
1160 5787 1244 5841 die
1262 5786 1470 5843 decimo
1502 5790 1678 5854 tertio,
1711 5789 1842 5845 feria
1868 5800 2080 5855 quarta,

2178 4601 2467 4671 ἀκριϐείας
2521 4604 2580 4651 τὺ
2630 4598 3006 4669 πραττόμενον
3063 4594 3375 4666 κρίναντες,
3405 4594 3767 4665 διοριζόμεθα

2182 4692 2383 4764 μηκέτι
2420 4690 2516 4745 τοῦ
2556 4689 2746 4744 λοιποῦ
2792 4690 2931 4759 μήτε
2998 4686 3233 4758 μοναχὸν
3301 4687 3444 4757 μήτε
3496 4686 3610 4749 Γτιτῶν
3638 4702 3766 4739 τινα

2179 4783 2651 4855 ὲκκλησιαστικῶν
2695 4779 2987 4849 ἀλλοτρίας
3024 4780 3255 4848 ἀγωγὰς
3288 4778 3762 4849 ὑπεισερχόμενον

2180 4877 2237 4929 ὲν
2258 4874 2596 4946 δικαστηρίῳ
2622 4873 2968 4942 συνηγορεῖν.
3003 4870 3333 4941 Ἐργολαϐία
3361 4870 3472 4939 γὰρ
3497 4870 3765 4937 ἄντικρυς

2180 4966 2357 5020 τοῦτο.
2409 4966 2520 5018 Καὶ
2552 4964 2656 5016 οὑκ
2699 4963 2766 5018 ἄν
2802 4979 2885 5025 τις
2920 4959 3164 5013 τοιοῦτόν
3213 4977 3268 5012 τι
3289 4959 3763 5028 διαπραττόμενος

2179 5057 2279 5128 τὴν
2301 5057 2409 5109 ἀπὸ
2429 5057 2530 5122 τῆς
2557 5056 2713 5125 ἡμῶν
2741 5054 3095 5125 μετριότητος
3124 5051 3445 5122 ἐπιτίμησιν
3469 5051 3767 5120 διαφεύξη-

2180 5169 2292 5213 ται,
2322 5149 2461 5218 πλὴν
2485 5150 2534 5205 εί
2569 5149 2738 5219 μήπω
2767 5145 3235 5215 ἐκκλησιαστικῆς
3261 5145 3571 5207 ὑποθέσεως
3593 5144 3765 5213 οὔσης

2182 5240 2499 5310 κελευσθείη
2554 5244 2686 5309 παρ’
2737 5237 2898 5308 ἡμῶν
2952 5237 3472 5307 ὑπεραγωνίζεσθαι
3528 5237 3763 5303 θατέρου

2186 5332 2390 5401 μέρους
2420 5329 2527 5382 τῶν
2553 5327 2945 5396 δικαζομένων.
3008 5324 3331 5395 Τηνικαῦτα
3384 5324 3494 5394 γὰρ
3526 5323 3639 5389 ἕξει
3669 5328 3765 5376 σὺν

2182 5422 2261 5492 τῷ
2304 5422 2578 5492 ἀμέμπτῳ
2607 5421 2702 5473 καὶ
2727 5420 2787 5473 τὸ
2818 5419 3238 5488 ἀνεπιτίμητον.
3270 5418 3345 5471 Τὸ
3373 5418 3434 5471 δὲ
3457 5417 3634 5487 παρὸν
3663 5433 3761 5485 or,-

2188 5516 2408 5585 μείωμα
2438 5509 2938 5580 ὑπαναγνωσθῆναι
2963 5509 3176 5580 ὡρίσθη
3206 5509 3303 5563 καὶ
3344 5510 3481 5563 πᾶσι
3511 5510 3622 5570 τοῖς
3655 5524 3761 5559 πο-

2185 5605 2413 5667 λιτικοῖς
2443 5602 2750 5664 δικασταῖς,
2796 5600 2885 5665 ἵν’,
2922 5601 3176 5654 ἐντεῦθεν
3232 5600 3444 5671 εἴδησιν
3508 5597 3764 5656 λαϐόντες

2187 5696 2281 5750 τοῦ
2307 5693 2579 5764 ἡμετέρου
2609 5691 2919 5761 διορισμοῦ,
2958 5694 3033 5762 μὴ
3057 5690 3461 5762 προσδέχωνται
3501 5690 3626 5751 τοὺς
3646 5704 3762 5740 τοι-

2190 5789 2379 5847 ούτους
2410 5786 2491 5847 εἰς
2519 5782 2580 5836 τὸ
2644 5784 2774 5835 τισὶν
2804 5780 2939 5845 ὅλως
2975 5783 3283 5849 συντηρεῖν.
3337 5780 3401 5833 ἸΙ
3434 5779 3489 5830 δὲ
3536 5777 3763 5846 δύναμις
