4034 6404
298 363 370 427 93
1420 362 1506 425 IN
1545 362 1712 426 CAN.
1768 363 1902 426 XVI
1939 363 2149 429 CONC.
2190 349 2568 427 CARTHAG.
3498 355 3567 418 οι

298 470 397 527 τού
438 471 829 544 σημέιώματος
888 470 986 527 τοῦ
1041 471 1212 543 κυροῦ
1262 473 1485 545 Μιχαὴλ
1521 476 1669 528 ἐστιν
1702 472 1880 543 α’ύτηο

2013 470 2302 528 ndictionls
2326 484 2553 543 quartae,
2584 480 2638 526 et
2668 470 2946 539 deinceps,
2974 467 3252 522 constituit
3304 481 3375 519 ne
3400 464 3569 519 lecto-

303 567 454 636 Μηνὶ
502 565 825 636 Ἰανουαρίῳ
852 564 943 632 ιγ’,
979 564 1164 637 ἡμέρᾳ
1198 564 1261 633 δ’,
1309 565 1642 629 ίνδικτιῶνος
1693 563 1757 628 δ’,
1791 564 1888 618 καὶ

301 658 529 727 ἐφεξῆς,
580 658 931 711 διατάττεται
964 661 1061 711 καὶ
1103 660 1231 720 τοὺς
1286 657 1645 726 ἀναγνώστας
1696 655 1891 726 ἐπίσης

299 753 418 814 τοῖς
443 749 713 811 διακόνοις
741 749 839 804 καὶ
873 751 989 812 τοῖς
1040 749 1246 820 ίερεῦσι
1285 749 1360 821 μὴ
1411 749 1768 820 ἀναδέχεσθαι
1798 767 1887 802 κο-

309 840 488 911 σμικὰ
510 839 745 909 ὀφφίκια
776 839 810 909 ἢ
832 843 1231 911 πρακτωρικάς
1248 842 1531 911 ἐνεργείας
1552 843 1586 911 ἢ
1611 859 1890 913 κουρατω-

310 933 487 1005 ρείας,
506 933 595 986 διὰ
623 932 717 986 τὸν
744 931 814 985 ια’
846 931 1049 985 κανόνα
1075 931 1178 1001 τῆς
1208 933 1267 986 ἐν
1313 933 1889 987 Κωνσταντινουπόλει

304 1028 356 1077 α’
383 1025 479 1078 καὶ
512 1022 559 1093 β’
577 1022 825 1077 συνόδου.
856 1022 998 1093 Περὶ
1020 1021 1078 1076 δέ
1107 1022 1423 1094 ἱερωμένων
1441 1024 1890 1094 συνηγορούντων

306 1116 517 1178 ἱκανῶς
541 1114 869 1186 ἐγράψαμεν
898 1115 980 1178 είς
1007 1114 1072 1167 τὸ
1098 1111 1167 1183 ιγ’
1202 1130 1330 1183 κεφ.
1376 1114 1472 1167 τού
1509 1112 1560 1186 η’
1584 1115 1767 1169 τίτλου
1792 1114 1889 1169 τοῦ

304 1207 585 1278 παρόντος
629 1207 1016 1275 συντάγματος
1040 1220 1056 1237 ⁸
1104 1204 1203 1259 καὶ
1232 1205 1510 1273 ἀνάγνωθι
1556 1205 1751 1261 ταῦτα.
1779 1206 1893 1260 Καὶ

303 1298 378 1352 τὰ
406 1296 511 1364 μὲν
542 1295 655 1349 τῶν
676 1295 920 1349 κανόνων
954 1295 1048 1349 καὶ
1087 1294 1198 1349 τῶν
1238 1295 1532 1350 συνοδικῶν
1562 1299 1894 1368 σημειωμά-

304 1406 422 1442 των
446 1391 510 1442 ἐν
529 1390 766 1451 τούτοις.
793 1387 1030 1465 Λέγουσι
1057 1387 1115 1440 δέ
1146 1405 1294 1451 τινες
1320 1387 1502 1460 χώραν
1527 1389 1704 1442 ταῦτα
1724 1388 1891 1459 ἔχειν,

304 1480 441 1535 ὅταν
463 1480 591 1548 δίχα
619 1479 975 1550 προστάξεως
1001 1476 1293 1548 βασιλικῆς
1317 1480 1511 1551 ἐνεργῇ
1545 1497 1630 1542 τις
1659 1479 1894 1549 ἱερωμέ-

305 1589 403 1635 νος
439 1570 693 1624 δουλείαν
740 1571 1121 1641 δημοσιακήνθ
1163 1571 1215 1623 εί
1247 1569 1355 1641 γὰρ
1407 1571 1529 1624 κατ’
1580 1560 1895 1640 οἰκονομίαν

308 1662 608 1733 βασιλικὴν
660 1664 918 1729 τοιαύτην
960 1663 1085 1717 τινὰ
1136 1661 1385 1716 δουλείαν
1438 1661 1758 1726 ἀναδέξεταί
1785 1679 1891 1727 τις,

307 1755 420 1808 sua
442 1754 558 1807 τῶν
584 1752 864 1823 ῥηθέντων
912 1753 1154 1808 κανόνων
1198 1752 1260 1806 ού
1310 1741 1713 1823 κωλυθήσετὶιι,
1774 1752 1894 1807 οὐδὲ

306 1845 675 1916 βλαϐήσεται.
704 1845 817 1899 Καὶ
846 1845 1240 1915 προστιθέασιν
1285 1845 1361 1909 ὡς
1401 1846 1430 1897 ό
1461 1844 1714 1914 βασιλεὺς
1767 1842 1895 1897 οὗτε

297 1938 503 2006 ,νόμοις
552 1933 682 1989 οὔτε
735 1935 961 1989 κανόσιν
990 1936 1275 1989 ὑπόκειται
1296 1952 1310 1966 ’
1367 1934 1448 1988 διὸ
1478 1936 1574 1989 καὶ
1600 1935 1685 1988 ἐπ’
1711 1934 1900 1998 ἀδείας

310 2028 430 2098 ἔχει
461 2025 777 2096 ἐπισκοπὴν
805 2027 885 2089 είς
910 2026 1248 2096 μητρόπολιν
1296 2025 1483 2094 ἄγειν,
1542 2024 1640 2078 καὶ
1697 2023 1897 2089 ἀποξε-

313 2119 439 2173 νοῦν
464 2121 533 2173 ἐκ
589 2118 705 2172 τῶν
753 2118 970 2173 οίκείων
1031 2118 1440 2189 μητροπόλεων,
1491 2117 1754 2180 ὡσαύτως
1802 2115 1897 2170 καλ⁸

321 2211 529 2279 ἐνορίας
552 2210 867 2281 ἀρχιερέων
902 2210 1154 2280 διαιρεῖν,
1177 2210 1273 2264 καὶ
1299 2209 1367 2264 ἐκ
1407 2208 1529 2263 νέου
1561 2196 1899 2271 ἐπισκόπους

321 2304 416 2356 καὶ
446 2300 861 2372 μητροπολίτας
913 2299 1199 2371 καθιστᾷν,
1256 2299 1353 2354 καὶ
1403 2296 1736 2369 διορίζεσθαι
1773 2299 1898 2349 ἐπι-

315 2394 539 2455 σκόποις
582 2393 896 2462 ἱερουργεῖν
952 2389 1444 2461 ἀποκριματίστως
1497 2389 1579 2451 εἰς
1611 2382 1899 2455 ἀλλοτρίας

310 2484 527 2554 ἐνορίας
590 2482 746 2548 παρά
801 2480 1029 2551 γνώμην
1082 2481 1191 2534 τῶν
1246 2481 1530 2549 ἐγχωρίων
1558 2478 1896 2542 ἐπισκόπων,

312 2577 408 2628 καὶ
434 2575 577 2630 ἄλλα
602 2574 733 2627 τινὰ
766 2574 1012 2642 ἐνεργεῖν
1065 2572 1434 2644 ἀρχιερατικὰ
1462 2570 1672 2623 δίκαια.
1702 2569 1748 2622 Χ
1759 2568 1899 2635 ρῶν-

307 2684 398 2719 ται
425 2665 485 2719 δὲ
535 2669 636 2719 καὶ⁵
669 2665 749 2734 τῷ
774 2664 840 2734 ιβ’
881 2665 979 2717 καὶ
1006 2663 1074 2729 ιζ’
1121 2664 1308 2717 κανόνι
1357 2662 1459 2732 τῆς
1488 2662 1547 2715 ἐν
1590 2656 1898 2731 Χαλκηδόνι

310 2757 563 2820 συνόδου,
606 2754 808 2826 καὶτῷ
834 2754 916 2826 λη’
948 2756 1133 2808 κανόνι
1162 2754 1263 2824 τῆς
1291 2754 1348 2807 ἐν
1381 2753 1459 2824 τῷ
1489 2751 1746 2823 Τρούλλῳ
1776 2770 1901 2805 συν-

308 2849 454 2915 όδου,
485 2850 557 2904 τὰ
588 2850 729 2903 αὺτά
758 2848 1318 2918 παρακελευομένοις.
1381 2847 1538 2916 Ἐμοὶ
1567 2846 1624 2899 δὲ
1645 2846 1798 2899 δοκεῖ
1822 2845 1901 2909 ὡς

307 2941 420 2994 ἀπὸ
455 2941 554 2994 τοῦ
582 2939 627 2994 δ’
646 2940 874 3002 κανόνος
929 2940 1025 3011 τῆς
1082 2941 1140 2993 ἐν
1196 2938 1506 3009 Χαλκηδόνι
1545 2937 1765 2991 συνόδου
1803 2938 1901 2993 καὶ

312 3032 560 3100 μάλιστα
586 3032 807 3101 ἐνεδόθη
856 3030 936 3101 τῷ
961 3031 1196 3103 -βασιλεῖ
1251 3030 1567 3085 ἀνατιθέναι
1617 3030 1900 3100 κοσμικῶν

1999 577 2089 618 res
2116 578 2267 633 aeque
2295 580 2360 618 ac
2394 562 2607 617 diaconi
2641 570 2695 617 et
2722 561 3039 615 sacerdotes
3072 556 3352 613 saacularia
3386 553 3562 609 ollleia

1995 654 2310 722 suscipiant,
2333 654 2415 709 vel
2449 662 2761 708 exactorum
2805 666 3056 713 munera,
3098 648 3183 703 vel
3232 648 3561 706 curationes,

1994 755 2217 814 propter
2260 746 2603 800 undecimum
2651 757 2914 799 canonem
2977 743 3165 809 primae
3214 747 3269 790 et
3320 736 3567 789 secundae

1995 837 2464 906 Conslantinopol.
2495 835 2708 906 synodi.
2743 835 2817 888 De
2843 831 3074 887 sacratis
3098 839 3276 882 autem
3324 826 3565 881 homini-

1997 930 2097 985 bus
2129 943 2322 983 causas
2366 922 2650 997 agentibus
2685 926 2818 980 satis
2855 923 3172 992 scripsimus
3216 918 3267 972 in
3317 932 3436 984 cap.
3472 917 3561 980 15,

1999 1021 2081 1077 tit.
2131 1020 2166 1076 8
2196 1020 2482 1089 praesentis
2528 1018 2708 1088 operis
2766 1024 2867 1072 :et
2910 1014 3030 1084 lege
3077 1027 3161 1067 ea.
3199 1010 3277 1064 Ac
3330 1021 3569 1061 canones

1997 1112 2213 1182 quidem
2249 1121 2304 1167 et
2336 1110 2611 1183 synodalia
2647 1108 2825 1164 edicta
2862 1106 2913 1160 in
2962 1106 3048 1161 his
3104 1102 3434 1157 consistunt.
3475 1096 3567 1150 Di-

1996 1213 2126 1258 cunt
2153 1212 2333 1259 autem
2382 1203 2625 1272 quidam,
2687 1201 2801 1255 haec
2856 1199 3033 1251 locum
3090 1193 3318 1258 habere,
3353 1190 3570 1260 quando

1998 1297 2117 1352 sine
2141 1296 2296 1364 jussu
2331 1294 2673 1363 imperatoris
2698 1298 2943 1345 sacratus
2984 1286 3252 1356 quispiam
3306 1282 3569 1339 saeculare
3598 1328 3605 1341 ,η

1998 1386 2355 1443 ministerium
2389 1384 2693 1439 exercuerit
2722 1400 2736 1436 :
2769 1382 2814 1437 si
2846 1379 2991 1435 enim
3040 1393 3108 1432 ex
3164 1373 3569 1443 dispensatione

1998 1477 2342 1549 imperatoris
2372 1477 2494 1547 quis
2526 1477 2631 1531 hoc
2656 1471 3013 1527 ministerium
3050 1465 3378 1533 susceperit,
3419 1477 3448 1516 a
3482 1462 3567 1514 di-

1999 1570 2103 1625 ctis
2139 1566 2438 1624 canonibus
2495 1552 2600 1619 non
2654 1559 3052 1631 prohibebitur,
3080 1571 3180 1610 nec
3225 1552 3471 1609 laedetur.
3502 1552 3570 1604 Et

1997 1659 2278 1729 adjiciunt,
2305 1656 2448 1728 quod
2484 1634 2782 1724 imperator
2808 1664 2906 1705 nec
2947 1646 3251 1703 canonibus
3303 1658 3402 1697 nec
3436 1641 3569 1711 legi-

1999 1748 2099 1802 bus
2127 1746 2450 1817 subjicitur:
2475 1753 2531 1798 et
2553 1744 2673 1798 ideo
2698 1750 2781 1796 est
2806 1741 2857 1794 in
2893 1739 3010 1808 ejus
3039 1743 3309 1805 potestate
3351 1732 3565 1802 episco-

2000 1848 2158 1912 patus
2187 1839 2242 1893 in
2280 1836 2605 1906 metropoles
2638 1835 2867 1904 erigere,
2897 1838 2952 1885 et
2975 1843 3006 1883 a
3032 1826 3145 1912 suis
3182 1824 3571 1892 metr0polibus

2000 1910 2263 1994 alienare,
2287 1930 2540 1985 similiter
2576 1929 2738 1982 etiam
2786 1910 3399 1980 antistitum‘terminos
3429 1914 3571 1968 divi-

1998 2025 2125 2080 dere
2155 2022 2318 2093 539
2345 2031 2399 2075 et
2427 2021 2493 2075 de
2535 2034 2675 2074 novo
2699 2017 2983 2088 episcopos
3038 2022 3095 2068 et
3121 2008 3570 2078 metropolitanos

1999 2117 2364 2179 constituere;
2396 2122 2451 2168 et
2468 2112 2662 2183 jubere
2693 2108 2966 2179 episcopis
2995 2105 3051 2160 in
3083 2102 3276 2160 alienis
3304 2098 3571 2155 dioecesi-

1998 2208 2100 2264 bus
2134 2195 2341 2275 absque
2366 2205 2475 2258 ullo
2501 2202 2814 2272 prrejudicio
2845 2196 3163 2255 sacriﬁcare
3214 2200 3410 2264 praeter
3445 2205 3572 2244 sen-

2003 2301 2222 2356 tentiam
2245 2299 2625 2368 episcOporutn
2652 2295 2792 2349 illius
2822 2291 3086 2360 regionis,
3103 2296 3158 2343 et
3179 2288 3280 2341 alia
3303 2281 3571 2355 ejusmodi

2000 2389 2332 2460 episcopalia
2373 2388 2498 2457 jura
2545 2401 2823 2442 exercere.
2879 2381 3120 2437 Utuntur
3173 2387 3350 2432 autem
3410 2373 3573 2429 etiam

2000 2480 2316 2535 duodecimo
2348 2486 2403 2531 et
2435 2476 2645 2531 decimo
2665 2481 2821 2530 sexto
2841 2484 3048 2528 canone
3067 2466 3320 2524 Chalced.
3349 2479 3497 2533 syn.,
3521 2469 3576 2514 et

2000 2574 2279 2629 tricesimo
2304 2560 2770 2639 septitno'canone
2792 2563 2984 2636 synodi
3024 2563 3079 2618 in
3115 2559 3330 2622 Trullo,
3358 2555 3447 2625 qui
3482 2567 3575 2607 ea-

2001 2667 2120 2722 dem
2144 2664 2482 2734 praecipiunt.
2507 2660 2634 2714 Mihi
2667 2668 2845 2714 autem
2868 2657 3101 2716 videtur,
3133 2650 3277 2722 quod
3298 2664 3364 2704 ex
3380 2654 3575 2717 quarto

2002 2772 2210 2812 canone
2283 2752 2738 2811 Chalcedonensis
2780 2822 2785 2826 ἡ
2834 2748 3023 2819 synodi
3093 2742 3409 2814 imperatori
3489 2739 3575 2794 vel

2006 2849 2243 2903 maxime
2269 2859 2586 2901 concessum
2623 2852 2707 2896 est
2746 2838 3084 2895 saecularium
3125 2847 3406 2889 munerum
3453 2832 3575 2884 fun-

2003 2940 2210 2993 ctiones
2243 2935 2473 2990 sacratis
2503 2940 2556 2987 et
2611 2930 2909 2994 monachis,
2942 2941 3011 2981 ex
3045 2925 3260 2979 ratione
3295 2922 3578 2989 dispensa-

2004 3029 2168 3083 tionis
2196 3040 2318 3097 qua
2350 3025 2423 3080 illi
2463 3025 2672 3079 videtur
2723 3022 2982 3075 tribuere.
3013 3017 3070 3072 Si
3100 3015 3244 3071 enim
3271 3013 3371 3067 hoc
3401 3021 3579 3081 potest

307 3125 571 3180 δουλειῶν
621 3127 910 3195 ἐνεργείας
959 3127 1281 3197 ίερωμένοις
1308 3123 1407 3177 καὶ
1445 3125 1718 3194 μοναχοίς,
1761 3122 1900 3177 κατὰ

2006 3117 2241 3187 regionis
2271 3116 2576 3186 episcopus,
2601 3111 2769 3169 multo
2794 3110 2965 3181 magis
2991 3109 3312 3176 imperator,
3343 3103 3435 3173 qui
3469 3116 3576 3155 non

309 3216 477 3285 λόγον
539 3217 864 3287 οίκονομίας
918 3214 1186 3286 δοκούσης
1239 3215 1409 3285 αύτῷ.
1473 3215 1536 3269 Εί
1561 3215 1677 3284 γὰρ
1704 3215 1899 3269 ὁκατά

310 3309 500 3379 χώραν
527 3309 829 3372 ἐπίσκοπος
851 3309 1079 3364 δύναται
1110 3308 1273 3361 τοῦτο
1295 3309 1492 3372 ποιεῖν,
1520 3305 1704 3375 πολλῷ
1734 3304 1898 3358 πλέον

310 3400 340 3450 ό
366 3397 655 3468 βασιλεὺς,
707 3400 737 3451 ό
781 3398 865 3469 μὴ
920 3397 1379 3467 ἀναγκαζόμενος·
1415 3395 1735 3449 ἀκολουθεῖν
1784 3397 1900 3458 τοῖς

314 3489 533 3551 κανόσι,
569 3491 689 3552 τοῖς
713 3487 1111 3560 διοριζομένοις
1144 3489 1245 3552 τάς
1265 3488 1486 3558 ψήφους
1539 3487 1649 3540 τῶν
1678 3486 1903 3539 ἐπισκόο

315 3597 432 3635 πων
453 3583 562 3636 ὑπὸ
612 3582 981 3653 ἐπαρχιωτῶν
1024 3581 1339 3635 ἐπισκόπων
1382 3579 1654 3648 γίνεσθαι,
1695 3578 1793 3632 καὶ
1827 3577 1901 3648 μὴ

319 3675 465 3745 πιρὰ
495 3674 780 3745 ἀρχόντων
802 3691 818 3705 ·
845 3672 1141 3727 κάντεῦθεν
1170 3672 1265 3727 καὶ
1282 3670 1469 3743 ψήφου
1498 3671 1574 3742 μὴ
1590 3671 1901 3741 γενομένης

2007 3212 2221 3280 cogitur
2258 3209 2414 3278 sequi
2471 3219 2726 3270 canones,
2786 3197 3577 3280 decernentes,episcoporum

2005 3278 2298 3358 electiones
2331 3316 2360 3354 a
2401 3296 2819 3363 provincialibus
2843 3291 3112 3363 episcopis
3145 3278 3281 3353 lieri,
3330 3301 3432 3339 non
3480 3299 3578 3335 au-

2007 3400 2115 3446 tem
2146 3408 2175 3444 a
2200 3388 2606 3461 magistratibus
2632 3402 2647 3440 :
2669 3394 2721 3440 et
2742 3385 2835 3454 qui
2868 3381 3086 3447 exinde,
3117 3377 3259 3451 nulla
3299 3375 3435 3428 facta
3464 3373 3579 3425 ele-

2005 3464 2207 3546 ctione,
2242 3480 2583 3550 patriarchas
2608 3486 2663 3533 et
2715 3477 2998 3547 episcopos
3050 3468 3319 3542 provehit.
3352 3466 3418 3520 Et
3460 3464 3582 3532 lege

2007 3590 2125 3644 quae
2147 3573 2201 3626 in
2220 3574 2410 3627 eodem
2441 3579 2633 3640 quarto
2656 3582 2868 3624 canone
2912 3558 3370 3619 Chalcedonensis
3390 3553 3579 3626 synodi

2008 3665 2208 3734 scripta
2248 3673 2375 3719 sunt.

325 3718 672 3838 παζμάρὶας
734 3768 849 3822 καῖ’
887 3768 1224 3834 ἐπισκόπους
1267 3718 1767 3841 προόαλλόμείνοςξ
1781 3718 1897 3821 Kal;
1933 3718 2247 3831 ἀνάγνωσον
2289 3761 2361 3815 τὰ
2400 3760 2459 3812 ἐν
2494 3755 2646 3828 αὐτῷ
2669 3757 2712 3810 δ’
2743 3754 2930 3809 κανόνι
2997 3750 3100 3820 τῆς
3139 3751 3199 3802 ἐν
3274 3718 3583 3816 Χαλκηδόνι

322 3859 541 3914 συνόδου
563 3859 875 3930 γραφέντα.

381 3956 638 4011 ΖΩΝΔΡ.
663 3955 803 4026 Περὶ
825 3953 917 4009 τοῦ
952 3954 1027 4027 μὴ
1049 3956 1297 4025 γίνεσθαί
1339 3973 1495 4020 τινας
1517 3955 1627 4010 τῶν
1660 3953 1905 4025 ἱερωμέ-

315 4065 423 4102 νων
477 4047 784 4118 ἀλλοτρίων
841 4048 1143 4118 κτημάτων
1174 4049 1549 4120 ἐκλήπτορας,
1585 4049 1756 4120 ἤγουν
1812 4063 1905 4116 μι-

317 4138 562 4204 σθωτάς,
599 4139 738 4209 μηδὲ
765 4140 1266 4211 προκουράτωρας,
1303 4140 1557 4194 τουτέστι
1591 4137 1899 4208 διοικητὰς,

314 4232 678 4302 φροντιστὰς,
702 4230 1067 4301 πλατύτερον
1090 4230 1335 4301 περιέχει
1366 4230 1550 4301 τρίτος
1582 4229 1768 4284 κανὼν
1802 4229 1904 4297 τῆς

314 4323 357 4377 δ’
383 4322 635 4379 συνόδου.
688 4324 802 4376 Καὶ
828 4323 857 4376 ό
882 4327 977 4376 παν
1010 4323 1066 4376 δὲ
1095 4321 1275 4377 κανὼν
1304 4321 1415 4376 τῶν
1440 4318 1616 4390 ἁγίων
1669 4321 1905 4375 ἀποστόο

317 4415 429 4470 λων
451 4415 550 4469 τὸν
575 4415 920 4485 ἐμϐάλλοντα
954 4416 1146 4469 ἐαυτὸν
1175 4416 1255 4479 είς
1280 4414 1549 4485 δημοσίας
1600 4413 1903 4482 διοικήσεις

2081 3940 2335 4000 ZONAR.
2366 3937 2485 3993 Non
2542 3938 2709 3992 licere
2750 3933 3009 4004 cuiquam
3060 3946 3129 3987 ex
3177 3944 3332 3985 sacro
3386 3930 3579 3983 ordine

2008 4037 2203 4092 alienae
2235 4027 2606 4103 possessionis
2638 4022 3050 4087 conductorem,
3075 4019 3476 4103 mercenarium
3500 4020 3585 4072 vi-

2006 4097 2438 4193 delicet,-neque
2469 4127 2886 4191 procuratorem
2936 4112 3052 4169 sive
3100 4097 3446 4180 publicanum
3500 4108 3589 4162 vel

2008 4219 2513 4275 administratorem
2550 4211 2689 4277 ﬁeri,
2725 4208 2885 4263 tertio
2915 4214 3123 4278 quarta
3151 4202 3343 4274 synodi
3377 4217 3587 4258 canone

2005 4312 2184 4368 fusius
2212 4308 2542 4379 explicatum
2583 4311 2687 4359 est.
2721 4301 2824 4368 Qui
2853 4314 2983 4355 vero
3023 4313 3087 4354 se
3127 4297 3362 4369 publica:
3410 4296 3590 4351 admi-

2011 4400 2320 4458 nistrationi
2357 4396 2735 4455 immiscuerit,
2763 4396 2889 4447 eum’
2910 4392 3117 4461 primus
3144 4398 3200 4443 et
3222 4388 3589 4458 octogesimus

318 4479 715 4577 καθαιρεῖσθαι
748 4507 1106 4577 προστάττειο
1131 4506 1264 4578 μηδὲ
1291 4479 1521 4569 έκντινος
1547 4479 1776 4576 αίσχρού
1802 4505 1896 4559 καὶ

2012 4505 2323 4550 sanctorum
2356 4488 2725 4559 apostolorum
2757 4498 2933 4539 canon
2969 4482 3163 4551 deponi
3210 4479 3368 4550 jubet
3399 4497 3413 4534 :
3463 4493 3588 4533 eos-

319 4600 528 4668 ἀτίμου
558 4599 891 4669 πράγματος
922 4598 1130 4670 τροφὴν
1158 4595 1483 4667 πορίζεσθαι
1526 4592 1904 4666 παρακελεύε-

319 4708 411 4745 ται
434 4691 467 4742 ό
498 4689 703 4745 κανῶν.
741 4690 979 4760 Αίσχρδν
1025 4688 1125 4759 μὲν
1183 4684 1276 4744 οὖν
1336 4687 1404 4741 ἂν
1456 4688 1543 4758 εἴη
1579 4688 1818 4757 πρᾶγμα
1847 4686 1909 4741 τὸ

322 4782 748 4849 πορνοϐοσκεῖν,
774 4784 946 4852 ἣγουν
968 4781 1032 4832 τὸ
1078 4780 1283 4849 πόρνας
1322 4779 1570 4849 τρέφειν,
1600 4776 1745 4831 ὥστε
1776 4795 1908 4846 κερ·

317 4874 533 4927 θαίνειν
568 4874 634 4926 ἐκ
673 4873 768 4926 τοῦ
802 4871 1159 4944 μισθώματος
1190 4871 1443 4936 ἐκείνων,
1477 4869 1573 4923 καὶ
1601 4871 1672 4923 τά
1703 4870 1869 4939 ὃμοια
1890 4884 1904 4899 '

321 4967 529 5036 ἄτιμον
558 4965 608 5018 δ’
636 4967 757 5020 ἐστὶ
803 4966 863 5019 τὸ
919 4962 1289 5034 προίστασθαι
1325 4961 1650 5032 καπηλείου,
1710 4960 1808 5015 καὶ
1841 4958 1910 5013 τά

320 5056 717 5128 παραπλήσια.
762 5057 859 5110 Ἐκ
885 5055 1150 5109 τοιούτων
1199 5055 1295 5110 οὖν
1338 5054 1547 5126 τροφὴν
1581 5053 1911 5126 πορίζεσθαι

319 5150 349 5201 ὁ
375 5147 567 5203 κανὼν
588 5147 933 5219 ἀπαγορεύει
962 5149 1075 5211 τοῖς
1105 5145 1464 5218 ίερωμένοις*
1522 5147 1754 5200 καὶνούκ
1782 5141 1904 5200 εἷπε

325 5240 543 5312 κέρδος,
573 5239 715 5293 ἀλλά
737 5237 970 5309 τρυφήν.
998 5238 1121 5291 Κᾶν
1149 5238 1257 5308 γὰρ
1285 5240 1366 5301 εἰς
1386 5238 1546 5291 τοῦτο
1578 5238 1910 5307 περιιστῶσι

330 5332 548 5394 πενίας,
584 5330 729 5385 ὥστε
762 5330 901 5400 μηδὲ
931 5327 1143 5400 τροφῆς
1174 5329 1451 5397 εὐπορεῖν,
1486 5327 1600 5381 οὐδ’
1624 5326 1768 5381 οὕτω
1801 5328 1910 5400 χρὴ

329 5422 531 5486 αὐτοὺς
558 5421 625 5474 ἐκ
651 5420 983 5491 πράγματος
1014 5415 1243 5488 αἰσχροῦ
1268 5416 1302 5486 ἦ
1332 5417 1532 5485 ἀτίμου
1582 5416 1909 5486 πορίζεσθαι

326 5515 560 5585 τροφήν.
604 5512 917 5582 Ὀφείλουσι
946 5508 1078 5580 γὰρ,
1113 5509 1271 5579 φησι,
1324 5508 1388 5560 τὸ
1412 5507 1774 5561 ἀποστολικὸν
1823 5510 1915 5560 ὲν-

320 5609 514 5678 νοῆσαι
544 5602 950 5676 παράγγελμα,
984 5600 1046 5654 τὸ
1086 5599 1282 5668 λέγον)
1346 5597 1557 5664 Οὐδεὶς
1585 5598 1915 5666 στρατευό-

315 5718 502 5767 μενος
529 5697 914 5769 ἐμπλέκεται
942 5691 1076 5757 ταῖς
1107 5691 1215 5747 τοῦ
1269 5691 1417 5757 ,βίου
1466 5691 1916 5760 πραγματείαις.

316 5796 415 5863 ἕνα
453 5792 539 5861 τῷ
567 5785 1150 5859 στρατολογήσαντι
1176 5786 1388 5853 ἀρέσῃ.
1407 5785 1470 5838 Εἰ
1493 5785 1550 5839 δὲ
1585 5787 1695 5847 τοῖς
1719 5801 1918 5846 κοσμι-
1950 5826 1953 5831 .

2009 4588 2130 4647 dem
2165 4599 2234 4640 ex
2269 4584 2452 4654 aliquo
2489 4580 2630 4649 turpi
2667 4593 2732 4634 ac
2756 4575 2979 4634 sordido
3006 4571 3221 4641 negotio
3246 4571 3452 4625 victum
3481 4570 3585 4624 sibi

2007 4692 2203 4747 parare
2228 4675 2320 4730 hic
2365 4688 2537 4729 canon
2573 4679 2740 4726 vetat.
2793 4669 2871 4722 Ac
2917 4674 3072 4733 turpe
3122 4661 3341 4732 quidem
3397 4661 3587 4722 fuerit,

2008 4768 2240 4836 exempli
2273 4781 2460 4828 causa,
2495 4766 2538 4819 si
2574 4764 2695 4834 quis
2725 4761 2994 4815 lenoniam
3021 4765 3297 4817 exerceat,
3327 4755 3429 4807 hoc
3465 4762 3548 4805 est
3570 4793 3585 4815 ,

2010 4861 2123 4915 alat
2156 4841 2495 4919 meretrices,
2521 4864 2581 4909 ut
2609 4868 2678 4909 ex
2706 4865 2893 4906 earum
2945 4846 3198 4904 mercede
3246 4844 3362 4911 ipse
3413 4843 3592 4895 lucre-

2014 4961 2123 5015 tur,
2178 4958 2343 5017 atque
2397 4945 2565 5016 hujus
2637 4943 2854 5015 generis
2915 4940 3042 4995 alia.
3109 4935 3397 4992 Sordidum
3460 4949 3590 4987 vero

2010 5043 2327 5113 cauponari,
2358 5048 2411 5094 et
2436 5038 2660 5094 similia.
2691 5033 2907 5090 Victum
2947 5033 3111 5103 igitur
3160 5031 3266 5085 sibi
3316 5027 3585 5097 ejusmodi

2013 5136 2222 5190 artibus
2254 5145 2503 5204 quaerere
2528 5129 2631 5184 hoc
2654 5140 2867 5183 canone
2894 5124 3071 5181 sacris
3103 5120 3317 5177 initiati.
3335 5119 3587 5173 homines

2011 5222 2372 5295 prohibentur
2403 5238 2417 5275 :
2450 5232 2629 5286 neque
2648 5224 2786 5274 ’νει-ο
2802 5212 3026 5270 lucrum
3051 5213 3209 5280 dixit,
3237 5211 3332 5266 sed
3359 5211 3587 5265 victum.

2016 5312 2275 5381 Quamvis
2313 5311 2457 5368 enim
2486 5326 2555 5367 eo
2586 5308 2781 5379 inopia;
2831 5304 3166 5374 redigantur,
3226 5309 3286 5356 ut
3334 5299 3591 5354 alimenta

2017 5420 2237 5479 quoque
2284 5404 2571 5474 deﬁciant;
2604 5416 2673 5459 ne
2712 5413 2841 5455 tunc
2883 5397 3127 5479 quident_
3157 5407 3255 5450 eos
3309 5390 3451 5479 turpi
3501 5396 3596 5443 aut

2023 5474 2246 5556 sordido
2276 5497 2496 5551 artiﬁcii
2553 5508 2751 5566 genere
2795 5491 2923 5547 vita;
2975 5476 3215 5545 subsidia
3270 5474 3591 5551 Comparare

2020 5601 2256 5663 oportet.
2288 5589 2399 5645 Eos
2423 5587 2594 5649 enim,
2618 5585 2818 5656 inquit,
2847 5582 2997 5637 illius
3025 5576 3306 5648 apostolici
3333 5569 3591 5663 prmi-eloti

2024 5662 2291 5740 memores
2342 5696 2463 5737 esse
2496 5681 2672 5747 decet,
2734 5675 2882 5748 quot!
2941 5673 3017 5729 ait
3072 5668 3292 5725 :Nemo
3358 5662 3593 5716 militans

2023 5777 2254 5847 implicat
2293 5791 2347 5829 se
2392 5771 2613 5845 negotiis
2659 5767 3032 5828 saecularibus,
3079 5770 3135 5815 ut
3181 5759 3231 5815 ei
3261 5755 3468 5828 placeat
3503 5753 3592 5817 qui
