4034 6414
441 331 510 394 95
598 316 621 327 “
1700 333 1972 397 THEOD.
2017 332 2419 394 BALSAMON
3611 331 3683 395 96

437 443 630 497 milites
660 444 809 513 elegit
838 442 904 498 ³⁸.
938 443 1089 511 Quod
1116 444 1159 497 si
1210 445 1275 499 de
1318 447 1545 515 profana
1587 446 1774 500 militia
1818 458 2004 498 verum

2117 442 2212 512 κὴν
2242 443 2699 513 στρατευομένοις
2734 441 3026 513 στρατείαν
3053 441 3210 496 τοῦτο
3241 442 3483 513 εἴρηται,
3504 442 3687 513 πολλῷ

436 543 518 587 est
543 576 555 597 ,
592 546 738 589 certe
771 536 822 588 in
863 552 978 598 eos,
1027 537 1119 605 qui
1145 537 1342 591 divina:
1375 539 1583 592 militiae
1639 539 1690 591 in
1723 552 1880 591 sacro
1912 551 2006 588 or-

434 623 560 677 dine
596 625 887 688 mancipati
940 634 1085 691 sunt,
1145 627 1301 695 longe
1351 630 1817 683 accOtnmodatius
1871 641 2005 696 qua-

432 713 634 768 drabit.
668 715 744 768 De
776 717 1069 771 lectoribus
1120 733 1247 772 vero
1284 723 1425 788 quod
1472 721 1736 788 sequitur,
1796 730 1854 772 ut
1899 735 2001 787 pu-

434 808 665 861 bertatis
724 818 1003 876 tempore,
1059 824 1253 879 quarto
1316 814 1528 867 decimo
1592 815 1805 867 scilicet
1860 827 2002 866 anno

431 900 669 965 expleto,
704 901 781 952 vel
812 904 1348 973 matrimoniojungi,
1381 906 1459 958 vel
1486 906 1791 960 caelibatum
1836 906 2005 973 profi-

437 991 537 1042 teri
566 1002 832 1059 cogantur
867 1010 881 1045 :
916 1010 982 1045 an
1020 1010 1080 1047 ea
1110 996 1162 1047 in
1200 996 1454 1050 Africana
1492 999 1730 1051 Ecclesia
1772 1012 2002 1050 consue-

430 1086 561 1134 tudo
596 1082 886 1135 inpleverit
920 1086 1059 1138 haud
1112 1086 1269 1140 facile
1302 1088 1555 1141 dixerim.
1603 1088 1663 1142 In
1707 1089 1827 1141 aliis
1857 1099 2005 1142 certe

431 1167 693 1222 Ecclesiis
722 1173 862 1224 haud
889 1174 1063 1249 viget,
1098 1175 1204 1227 imo
1231 1192 1328 1229 nec
1359 1177 1468 1230 ullo
1493 1194 1727 1247 unquam
1763 1187 2004 1247 tempore

430 1258 670 1324 viguisse
701 1276 803 1329 ego
851 1264 1067 1331 quidem
1116 1268 1367 1320 existimo
1396 1286 1410 1335 ;
1436 1270 1753 1325 adversatur
1805 1272 2005 1339 quippe

431 1361 740 1402 sanetnrnm
808 1354 1174 1419 apostolorum
1226 1358 1487 1411 vicesimo
1543 1369 1697 1412 sexto
1765 1360 1999 1424 canoni,
2036 1394 2051 1403 .›

431 1441 522 1508 qui
550 1442 946 1497 lectoribuS'ct
981 1448 1316 1514 cantoribus,
1371 1460 1655 1519 postquam
1706 1451 1758 1503 in
1795 1450 2001 1504 clerum

430 1534 650 1602 ascripti
705 1536 945 1603 fuerint,
1008 1554 1205 1594 uxores
1276 1541 1551 1595 ducendas
1601 1556 1725 1595 esse
1770 1540 2001 1605 statuit,

429 1637 607 1693 neque
639 1638 844 1680 certum
874 1628 1090 1697 aliquod
1114 1640 1324 1698 tempus
1349 1633 1656 1699 nuptiarum
1680 1630 1999 1699 praescribit,

430 1726 523 1770 aut
557 1718 740 1786 aliqua
771 1736 865 1774 eos
908 1724 1259 1778 continentiae
1302 1723 1643 1792 professione
1685 1725 2002 1795 obligandos

2112 535 2313 603 μᾶλλον
2341 536 2573 606 ἁρμόσει
2601 536 2714 598 τοῖς
2744 535 2821 606 τῷ
2845 535 2964 604 Θεῷ
2990 536 3449 604 στρατευομένοις
3471 533 3560 588 διά
3582 536 3684 602 τῆς

2113 628 2438 698 ἱερωσύνης.
2473 629 2547 682 Τὸ
2600 628 2657 681 δέ
2692 628 2819 691 τοὺς
2853 626 3210 693 ἀναγνώστας
3261 628 3321 679 ἐν
3375 625 3452 695 τῷ
3502 626 3682 696 καιρῷ

2107 719 2204 785 τῆς
2237 720 2397 789 ἥϐης,
2419 721 2586 789 ἤγουν
2608 720 2745 786 μετά
2767 720 2858 772 τὸν
2891 721 2951 772 ιδ’
2985 718 3237 772 ἐνιαυτὸν
3268 718 3681 785 ἀναγκάζεσθαι

2061 846 2075 857 ,
2107 808 2139 877 ἦ
2187 812 2351 881 γάμῳ
2379 812 2662 880 ὁμιλῆσαι,
2699 813 2731 881 ἢ
2764 812 3007 879 ἀγαμίαν
3043 811 3395 881 ὑποσχέσθαι,
3434 812 3535 863 οὐκ
3563 806 3682 866 οἴδα

2106 902 2154 952 εἰ
2185 904 2332 969 παρὰ
2368 906 2478 963 τοῖς
2528 903 2587 953 ἐν
2617 903 2853 970 Ἀφρικῇ
2915 902 3211 969 ἐκράτησε.
3259 900 3419 968 Παρά
3452 898 3508 952 δὲ
3556 902 3678 963 ταῖς

2106 989 2291 1051 ἄλλαις
2334 990 2681 1060 Ἐκκλησίαις
2736 989 2795 1042 οὐ
2832 993 3062 1054 κρατεῖσ
3124 985 3278 1056 οἶμαι
3333 989 3391 1041 δὲ
3447 990 3528 1041 ὅτι
3561 990 3681 1042 οὐδὲ

2106 1081 2328 1135 πώποτε
2379 1083 2706 1152 ἐκράτησεν,
2761 1080 3183 1145 ἐναντιούμενον
3214 1079 3293 1148 τῷ
3323 1077 3416 1143 κς’
3447 1080 3682 1132 ἀποστοο

2105 1171 2240 1241 λικῷ
2272 1172 2478 1235 κανόνι,
2513 1173 2750 1242 ὁρίζοντι
2776 1170 3131 1238 ἀναγνώστας
3163 1171 3259 1223 xui
3286 1170 3514 1238 ψάλτας,
3540 1172 3680 1238 μετὰ

2104 1261 2167 1312 τὸ
2223 1263 2304 1323 εἰς
2357 1261 2553 1331 κλῆρον
2613 1261 2922 1330 προελθεῖν,
2960 1263 3178 1328 γαμεῖν,
3215 1261 3310 1313 xui
3369 1260 3445 1329 μὴ
3477 1257 3675 1329 καιρὸν

2106 1353 2289 1414 αὐτοῖς
2321 1354 2415 1405 τοῦ
2461 1355 2641 1422 γάμου
2700 1355 2961 1422 ὁρίζοντι,
3000 1354 3137 1423 μήτε
3198 1352 3529 1420 ἐγκράτειαν
3578 1354 3679 1403 ἐπ-

2106 1445 2471 1513 αγγέλλεσθαι
2510 1447 2852 1498 ἀπαιτοῦντι.
2886 1447 2958 1497 Τό
2990 1447 3044 1498 δὲ
3074 1444 3342 1509 δανείζειν
3384 1446 3511 1507 τοὺς
3548 1443 3685 1512 κλη-

2110 1539 2292 1608 ρικοὺς
2346 1538 2439 1590 ἐπὶ
2498 1537 2675 1599 τόκοις
2728 1539 2945 1601 πολλοῖς
3006 1538 3382 1606 ἀπηγόρευται
3451 1536 3682 1589 κανόσι·

2105 1630 2199 1682 xui
2231 1623 2386 1692 οὗτος
2421 1629 2479 1682 δὲ
2508 1629 2568 1681 τὸ
2601 1630 2733 1682 αὐτὸ
2763 1628 3005 1681 κελεύει’
3062 1628 3155 1680 καί
3190 1644 3377 1697 φησιν,
3412 1626 3506 1679 ἐάν
3548 1626 3690 1694 χρήε-

2111 1738 2256 1789 ματα
2290 1721 2410 1790 ἦτοι
2447 1720 2775 1790 νομίσματα
2795 1720 2869 1788 δῴ
2897 1719 3160 1788 κληρικὸς
3191 1721 3247 1770 ἐν
3273 1719 3491 1787 χρήσει,
3517 1718 3688 1787 ἤγουν

430 1823 551 1864 esse
584 1814 852 1867 decernit.
896 1815 967 1867 De
996 1814 1182 1869 fenore
1218 1832 1382 1886 porro
1410 1832 1438 1869 a
1470 1818 1685 1871 clericis
1711 1833 1814 1871 non
1845 1833 2005 1871 excr-

2117 1812 2330 1882 δανείσῃ
2363 1811 2430 1863 τὰ
2460 1814 2743 1882 χρήματα,
2776 1812 3025 1864 τουτέστι
3055 1810 3294 1863 τοσαῦτα
3319 1809 3553 1877 λήψεται
3592 1808 3692 1862 καὶ

429 1902 603 1955 cendo
637 1905 789 1956 multi
817 1920 1058 1959 canones
1079 1917 1293 1961 exstant
1324 1926 1338 1962 :
1384 1910 1636 1977 idemque
1664 1909 1762 1961 hoc
1789 1922 2006 1976 quoque

430 2007 644 2046 canone
676 2008 740 2046 ne
767 1993 923 2048 liceat
956 1998 1338 2062 constitutum;
1365 2013 1428 2051 ac
1460 1998 1503 2052 si
1537 1999 1775 2066 quidem,
1810 1998 2005 2065 inquit,

431 2084 714 2152 pecuniam
768 2096 857 2138 aut
914 2103 1167 2143 nummos
1217 2090 1445 2143 utemlos
1490 2090 1722 2156 cuipiam
1773 2088 2005 2144 clericus

429 2174 785 2241 concesserit.
833 2179 933 2232 hoc
961 2190 1063 2244 est,
1103 2190 1322 2234 mutuos
1344 2181 1579 2244 dederit,
1629 2183 1849 2237 totidem
1901 2181 2002 2235 sibi

431 2267 693 2331 vicissim,
726 2284 825 2322 nec
855 2270 1035 2339 plures
1072 2272 1178 2326 ullo
1229 2273 1412 2337 modo,
1464 2283 1617 2328 curet
1658 2274 1959 2327 reddendos
1991 2292 2005 2330 :

431 2357 476 2413 si
510 2372 640 2411 vero
673 2360 749 2413 rei
784 2361 1045 2427 Speciem,
1095 2361 1421 2417 frumentum
1464 2366 1660 2433 quippe
1685 2375 1778 2419 aut
1803 2366 2005 2429 vinum,

434 2456 529 2500 aut
559 2448 826 2515 ejusmodi
867 2452 1141 2521 quidpiam
1181 2455 1406 2520 dederit,
1445 2457 1804 2521 tantumdem,
1836 2473 2012 2524 quan-

435 2549 552 2594 tum
590 2542 758 2606 dedit,
798 2559 897 2597 nec
922 2544 1042 2612 plus
1069 2545 1272 2613 aliquid
1305 2547 1544 2602 vicissim
1577 2548 1832 2617 accipiat.
1872 2548 2007 2603 illud

433 2650 670 2702 quoque,
728 2652 795 2691 ne
863 2640 1098 2693 mitteres
1171 2642 1412 2710 quinque
1468 2650 1522 2693 et
1582 2641 1769 2709 viginti
1842 2639 2001 2693 annis

437 2722 651 2777 diaconi
687 2725 977 2792 eligantur,
1016 2733 1325 2795 complures
1357 2730 1484 2783 item
1535 2744 1775 2784 canones
1817 2730 2006 2781 decreo

435 2830 586 2873 vere.
620 2817 825 2872 Deinde
854 2821 1173 2886 lectoribus,
1229 2838 1300 2877 ne
1341 2824 1557 2890 expleto
1603 2821 1909 2875 ministerio
1947 2835 2007 2875 se

434 2908 501 2961 ad
559 2911 815 2980 populum
871 2912 1140 2966 salutandi
1209 2917 1381 2983 gratia
1438 2922 1793 2978 convertant,
1839 2913 2009 2965 inter-

2112 1906 2172 1957 οὺ
2201 1904 2426 1957 πλείονα
2448 1920 2461 1934 ⁶
2503 1904 2600 1955 ἐὰν
2645 1904 2698 1955 δὲ
2727 1900 2869 1966 εἶδος
2899 1904 2997 1971 δῷ,
3030 1907 3177 1956 σῖτον
3204 1903 3367 1972 τυχὸν
3394 1903 3427 1974 ἢ
3456 1898 3622 1966 οἶνον,
3654 1902 3687 1971 ἥ

2111 1996 2299 2066 ἕτερόν
2332 2013 2384 2047 τι
2418 1996 2683 2060 τοιοῦτον,
2736 1997 2861 2049 ὅσον
2917 1995 3106 2060 ἔδωκε,
3165 1995 3420 2064 λήψεται,
3472 1995 3570 2050 xui
3629 1994 3692 2047 οὗ

2112 2088 2295 2141 πλέον.
2327 2089 2437 2140 Καὶ
2482 2089 2542 2140 τὸ
2579 2089 2683 2157 πρὸ
2718 2088 3174 2157 συμπληρώσεως
3204 2094 3281 2139 κε’
3312 2086 3578 2139 ἐνιαυτῶν
3610 2086 3688 2156 μὴ

2111 2179 2538 2250 χειροτονεῖσθαι
2573 2180 2842 2234 διάκονον,
2868 2180 3151 2246 διαφόροις
3181 2178 3401 2232 κανόσιν
3423 2177 3684 2247 ὥρισται.

2124 2271 2527 2339 Ἀπηγόρευται
2582 2271 2638 2324 δὲ
2668 2274 2779 2333 τοῖς
2832 2270 3212 2337 ἀναγνώσταις
3242 2272 3301 2323 ἐν
3332 2269 3410 2339 τῷ
3440 2268 3688 2338 πληροῦν

2112 2362 2210 2433 τὴν
2247 2362 2528 2415 διακονίαν
2570 2363 2750 2415 αὐτῶν
2788 2364 3119 2435 στρέφεσθαι
3157 2364 3295 2433 πρὸς
3343 2365 3436 2417 τὸν
3491 2365 3692 2433 δῆμον,

2112 2454 2209 2506 xui
2237 2459 2593 2522 προσκυνεῖν.
2642 2456 2846 2517 Μόνοις
2875 2456 2984 2525 γὰρ
3018 2459 3130 2518 τοῖς
3187 2455 3511 2525 ἀρχιερεῦσι
3568 2455 3694 2508 τότε

2114 2545 2342 2609 καὶτοῖς
2383 2546 2624 2616 ἱερεῦσιν
2654 2547 2928 2614 ὀφείλουσι
2955 2550 3305 2618 προσκυνεῖν,
3344 2551 3435 2601 xui
3459 2548 3582 2618 οὐχὶ
3616 2548 3696 2616 τῷ

2115 2637 2312 2708 πλήθει
2352 2641 2462 2691 τῶν
2494 2642 2552 2692 ἐν
2580 2643 2647 2708 τῇ
2694 2640 2993 2711 Ἐκκλησία
3054 2642 3579 2711 συναθροιζομένων.
3629 2643 3697 2695 Οἱ

2117 2731 2217 2799 μὲν
2241 2732 2351 2800 γὰρ
2381 2731 2654 2800 ίέρωνται,
2684 2733 2734 2784 οἱ
2765 2732 2821 2785 δέ
2848 2734 2943 2785 τοῦ
2975 2735 3146 2804 δήμου
3184 2735 3375 2804 πόρρω
3404 2736 3503 2805 τῆς
3535 2737 3697 2803 ίερω-

2121 2821 2287 2889 σύνης
2317 2823 2449 2888 εἰσὶ,
2489 2824 2581 2877 xui
2617 2826 2821 2893 μᾶλλον
2850 2826 3117 2895 τιμᾶσθαι
3148 2824 3286 2894 δέον,
3319 2826 3412 2880 xui
3434 2825 3609 2880 ταῦτα
3634 2827 3696 2880 ἐν

2117 2912 2295 2984 καιρῷ
2321 2916 2420 2986 τῆς
2443 2914 2751 2985 ὑπουργίας
2779 2917 2979 2971 αὐτῶν.

435 3004 663 3058 dictum.
700 3006 857 3061 Solos
883 3025 1116 3078 namque
1142 3026 1207 3064 eo
1240 3020 1481 3080 tempore
1505 3012 1779 3063 antistites
1815 3020 1870 3063 et
1914 3005 2250 3074 sacerdotes,
2271 3027 2381 3066 non
2434 3028 2817 3087 congregatam
2882 3017 2933 3069 in
2992 3016 3218 3071 ecclesia
3272 3016 3694 3077 multitudinem,

437 3096 506 3149 ab
556 3097 623 3149 iis
678 3101 901 3152 salutari
946 3098 1028 3153 fas
1073 3109 1175 3155 est.
1228 3100 1333 3169 Ipsi
1388 3103 1530 3161 ωιὶιιι
1584 3100 1783 3155 sacrati
1837 3106 1999 3159 sunt,
2042 3098 2329 3156 multitudo
2362 3119 2489 3159 vero
2521 3122 2550 3160 a
2583 3110 2762 3162 sacris
2814 3108 3098 3163 ordinibus
3177 3111 3337 3177 longo
3415 3110 3701 3167 intervallo

438 3187 704 3255 disjnncta
737 3206 751 3242 :
783 3199 839 3244 nt
870 3191 1093 3256 proinde
1121 3193 1185 3245 iis
1214 3194 1393 3261 pctius
1428 3208 1456 3247 a
1504 3193 1698 3263 p0pulo
1732 3193 1992 3246 honorem
2025 3186 2296 3257 exhiberi,
2334 3198 2636 3262 prtesertim
2675 3199 2802 3252 dum
2862 3199 2916 3253 in
2983 3198 3065 3253 sui
3129 3198 3421 3252 ministerii.
3462 3197 3700 3252 functio-

440 3281 599 3335 nibns
632 3291 932 3342 versantur.
959 3295 1204 3351 oporteat

440 3373 667 3428 ARIST.
720 3393 738 3425 ι
772 3376 1091 3443 Episcopus,
1145 3376 1451 3446 presbyter,
1496 3387 1547 3430 et
1594 3377 1856 3433 diaconus
1914 3397 2011 3435 non

2125 3380 2350 3436 ΑΡΙΣΤ.
2391 3398 2411 3430 ι
2449 3375 2803 3438 Ἐπίσκοπος,
2847 3372 3241 3445 πρεσϐύτερος,
3302 3376 3396 3429 xui
3428 3374 3695 3439 διάκονος,

519 3485 535 3516 ι
577 3466 711 3518 fith
745 3467 1124 3531 conductores,
1156 3484 1334 3535 neque
1385 3481 1789 3539 procuratores.
1822 3472 2018 3527 Lector

520 3579 539 3611 ι
580 3562 753 3625 pubes
799 3558 976 3612 factus
1010 3562 1092 3612 vel
1150 3565 1558 3617 matrimonium
1614 3566 1904 3621 contrahat
1936 3566 2018 3622 vel

523 3669 541 3701 ι
583 3652 971 3706 continentiam
1003 3653 1344 3721 profiteatur.
1383 3675 1400 3708 ι

518 3740 836 3807 EpiscOpos,
883 3751 935 3795 et
979 3744 1341 3814 presbyteros,
1394 3756 1447 3800 et
1495 3747 1755 3804 diaconos
1801 3749 2020 3806 fenera-

444 3842 611 3896 tores,
644 3831 806 3902 550
833 3845 924 3887 aut
961 3838 1357 3903 possessionum
1388 3839 1688 3907 aliquarum
1723 3844 2022 3899 conducto-

451 3940 568 3987 res,
608 3932 688 3977 vel
724 3927 886 3977 etiam
925 3927 1238 3993 provisores
1268 3929 1405 3995 fieri,
1455 3938 1509 3985 et
1555 3948 1799 4000 praesens
1844 3950 2018 3990 canon

448 4015 696 4082 prnltihet
726 4027 778 4069 et
820 4018 1019 4072 diversi
1055 4019 1170 4073 alii.
1204 4019 1401 4075 Lector
1446 4033 1649 4086 autem,
1698 4027 1790 4093 qui
1841 4026 2021 4095 impu-

446 4103 630 4158 lterem
662 4096 877 4169 πριιιιοώ
938 4110 1278 4175 transilierit,
1328 4123 1383 4165 et
1435 4114 1627 4180 viginti
1682 4114 1799 4170 fere
1848 4132 2022 4173 annos

451 4198 711 4265 attigerit,
746 4210 801 4251 et
838 4201 1251 4269 hypodiaconus
1289 4204 1401 4258 fieri
1437 4206 1581 4273 cupit
1629 4206 1775 4276 (nam
1830 4210 2021 4278 viginti

452 4290 609 4341 annis
646 4290 827 4353 junior
855 4293 1263 4362 hypodiaconus
1298 4312 1403 4349 non
1455 4297 1763 4363 ordinatur,
1814 4309 1873 4354 ut
1924 4300 2023 4355 de-

450 4379 626 4432 cimus
647 4380 869 4447 quintus
891 4391 1054 4437 sexta:
1078 4386 1331 4440 iu'l‘rullu
1353 4389 1540 4455 synodi
1572 4405 1745 4443 canon
1779 4391 2018 4463 statuit),

455 4472 537 4525 vel
571 4489 791 4528 uxorem
824 4489 948 4529 ante
974 4480 1371 4534 ordinationem
1424 4483 1625 4547 ducat,
1662 4483 1746 4537 vel
1782 4485 2021 4538 caelibem

451 4580 613 4632 agere
668 4568 1008 4634 profiteatur.
1077 4571 1213 4625 Nam
1287 4586 1402 4640 p05!
1461 4575 1861 4629 ordinationem
1927 4591 2025 4630 nec

450 4662 788 4728 presbytero,
823 4675 925 4715 nec
960 4661 1213 4729 diacono,
1262 4680 1361 4718 nec
1403 4664 1781 4735 hypodiacono
1829 4667 2023 4720 matri-

2203 3492 2221 3525 ι
2258 3473 2595 3540 ἐκλήπτορες
2643 3468 2705 3520 οὐ
2762 3466 3031 3535 γίνονται,
3066 3466 3189 3521 οὐδὲ
3225 3467 3696 3537 προκουράτορες.

2201 3587 2219 3621 ε
2269 3567 2328 3618 ὐ
2362 3564 2563 3634 ἀνηὸος
2620 3558 2979 3629 ἀναγνώστης
3030 3558 3063 3628 ἦ
3123 3559 3300 3629 γάμον
3349 3561 3696 3633 αἱρείσθωοῆ

2199 3675 2219 3709 ι
2256 3655 2586 3724 ἐγκράτειαν
2618 3650 2969 3720 ὁμολογείτω.
2998 3666 3018 3701 ι

2194 3747 2269 3800 Τὸ
2300 3742 2742 3810 πακτωναρίους,
2774 3739 2807 3809 ἢ
2852 3738 3131 3808 μισθωτάς
3165 3740 3468 3810 κτημάτων
3508 3742 3696 3802 τινῶν.

2123 3840 2157 3912 ἢ
2189 3837 2286 3891 xui
2322 3832 2633 3905 προνοητὰς
2661 3830 2908 3900 γίνεσθαι
2939 3832 3293 3897 ἐπισκόπους,
3329 3833 3425 3886 xui
3455 3833 3701 3903 πρεσϐυ-

2122 3933 2338 4001 τέρους,
2364 3930 2457 3982 xui
2483 3926 2793 3989 διακόνους,
2829 3923 2923 3977 xui
2950 3925 2979 3976 ὁ
3007 3923 3198 3993 παρὼν
3255 3924 3455 3977 κωλύει
3489 3925 3698 3990 κανὼν,

2125 4025 2222 4079 xui
2275 4024 2453 4091 ἕτεροι
2486 4018 2761 4087 διάφοροι.
2803 4014 3190 4086 Ἀναγνὼστης
3237 4017 3295 4070 δὲ
3338 4018 3444 4089 τὴν
3499 4016 3705 4087 ἄνηόον

2125 4112 2482 4183 ὑπεραναὸἀς
2546 4109 2785 4179 ἡλικίαν,
2841 4108 2936 4159 καὶ
2991 4107 3158 4173 ἐγγύς
3210 4126 3314 4161 που
3359 4109 3466 4162 τῶν
3519 4108 3703 4163 εἴκοσι

2126 4208 2334 4278 χρόνων
2366 4201 2680 4269 γενόμενος,
2717 4198 2810 4251 xui
2863 4197 3148 4267 βουληθεὶς
3179 4199 3434 4267 γενέσθαι
3479 4200 3706 4256 ὑποδιά-
3783 4270 3795 4280 ι

2128 4314 2280 4358 κονος
2312 4292 2587 4361 (οὐδὲγὰρ
2618 4290 2798 4360 ἥττων
2840 4288 2949 4341 τῶν
2994 4289 3165 4341 εἴκοσι
3207 4291 3419 4359 χρόνων
3450 4308 3706 4360 χειροτο.
3769 4293 3787 4323 τ

2128 4392 2299 4442 νεῖται
2324 4385 2702 4447 ὑποδιάκονος,
2735 4380 2916 4442 καθὼς
2940 4381 2968 4433 ὁ
2996 4382 3482 4445 πεντεκαιδέκατος
3514 4384 3702 4449 κανὼν

2127 4483 2228 4551 τῆς
2260 4483 2315 4533 ἐν
2348 4478 2427 4547 τῷ
2457 4474 2714 4545 Τρούλλῳ
2784 4472 2952 4541 ἕκτης
2989 4471 3209 4523 συνόδου
3255 4471 3637 4538 διαλαμϐάνει)
3669 4475 3705 4546 ἢ
3764 4462 3793 4525 ξ’

2129 4576 2363 4644 γυναῖκα
2392 4572 2500 4639 πρὸ
2528 4571 2627 4637 τῆς
2668 4565 3010 4637 χειροτονίας
3038 4562 3391 4631 λαμϐανέτω,
3425 4565 3457 4636 ἢ
3496 4566 3705 4634 παρθε-

2129 4668 2308 4721 νεύειν
2333 4661 2694 4732 ὁμολογείτω.
2722 4658 2879 4712 Μετὰ
2915 4659 3025 4724 γὰρ
3055 4658 3153 4724 τὴν
3212 4661 3549 4726 χειροτονίαν
3576 4660 3705 4716 οὔτε

456 4752 688 4804 moniale
738 4752 924 4819 jugum
984 4755 1036 4808 in
1087 4771 1147 4809 se
1202 4758 1479 4825 suscipere
1512 4758 1801 4813 licet:scd
1854 4759 2011 4815 lector

2130 4757 2529 4830 πρεσϐύτερος,
2562 4751 2687 4805 οὔτε
2723 4750 2995 4810 διάκονος,
3022 4746 3148 4801 οὔτε
3201 4748 3574 4814 ὑποδιάκονος,
3601 4768 3706 4819 γα-

452 4842 603 4894 ribus
636 4844 768 4897 solis
803 4854 857 4898 et
907 4848 1223 4901 cantoribus
1245 4848 1374 4901 illud
1422 4852 1772 4919 permittitur,
1831 4867 2024 4921 quem-

453 4933 741 4986 admodum
796 4945 982 4992 sextus
1048 4949 1213 4994 sextae
1262 4939 1315 4994 in
1366 4938 1549 4996 Trullo
1601 4941 1794 5012 synodi
1849 4957 2022 4997 canon

453 5025 665 5078 Statuit.

426 5286 430 5290 ‘
672 5234 679 5241 η
990 5209 1218 5265 canon
1259 5212 1421 5275 xvn,

465 5316 481 5347 ι
530 5298 754 5363 Placuit,
806 5309 866 5356 ut
907 5298 1232 5362 Mauritania
1283 5310 1647 5379 Sitiphensis,
1702 5321 1761 5367 ut
1812 5311 2026 5381 petivit,

566 5436 611 5467 ⁸⁵
643 5438 683 5491 ll
726 5436 864 5493 Tim.
912 5457 971 5506 tt,
1029 5443 1079 5497 4.

2137 4852 2297 4922 μικὸν
2328 4847 2508 4917 ἐαυτῷ
2546 4844 2802 4913 συνιστᾷν
2839 4841 3181 4893 συνοικέσιον
3218 4839 3307 4892 ἐπ’
3334 4840 3521 4903 ἁδείας
3551 4840 3666 4911 ἔχει
3685 4857 3703 4875 ο

2133 4941 2270 4996 ἀλλὰ
2326 4938 2510 5006 μόνοις
2565 4936 2679 4995 τοῖς
2731 4929 3114 4999 ἀναγνώσταις
3138 4931 3234 4983 καὶ
3285 4928 3517 4998 ψάλταις
3548 4930 3709 4986 τοῦτο

2135 5034 2346 5102 ἐφεῖται
2368 5069 2382 5095 ,
2415 5024 2601 5088 καθὼς
2630 5027 2657 5078 ὁ
2690 5023 2846 5107 ἕκτος
2877 5021 3058 5076 κανὼν
3112 5023 3212 5091 τῆς
3242 5024 3300 5077 ἐν
3330 5023 3410 5092 τῷ
3452 5021 3709 5093 Τρούλλῳ

2135 5124 2303 5193 ἕκτης
2332 5118 2549 5172 συνόδου
2580 5114 2883 5184 παρίστησι

2739 5204 2977 5257 ΚΑΝΩΝ
3004 5200 3101 5257 lZ'.

2146 5325 2166 5358 ‹
2211 5301 2574 5374 Ἤρεσεν,ῐνα
2615 5301 2650 5370 ὴ
2700 5295 3051 5367 Μαιιριτανία
3092 5294 3413 5367 Σιτιφένσης
3450 5297 3563 5369 (l6)
3589 5337 3602 5362 ,
3632 5296 3711 5361 ὡς

1644 5581 1840 5641 Guill.
1870 5578 2203 5658 Beveregii
2248 5584 2433 5639 notas.

533 5680 643 5747 (i6)
672 5682 804 5733 "Ira
834 5683 868 5747 ἡ
911 5682 1279 5752 Μαιιριτανία
1307 5683 1686 5752 Σιτιφὲνσης.
1732 5685 1828 5738 llic
1851 5700 2026 5738 canon

467 5753 525 5798 ut
570 5759 716 5803 recte
769 5752 1125 5821 intelligatur,
1164 5751 1339 5821 primo
1382 5758 1675 5809 tenendum
1737 5766 1842 5819 cst,
1882 5755 2024 5809 Λίγι-

2137 5698 2256 5738 eam
2313 5679 2535 5750 proprie
2596 5678 2931 5743 siedietam,
2977 5679 3107 5750 rsive
3165 5685 3398 5750 tractum
3459 5676 3624 5730 istum
3680 5691 3710 5728 a

2134 5754 2271 5809 freto
2316 5749 2588 5806 Gaditano
2634 5750 2699 5804 ad
2751 5749 3114 5819 Cyrenaicam
3181 5749 3462 5816 regionem
3526 5761 3713 5816 porre-
