4034 6430
300 5430 327 5451 κ

482 360 553 421 99
1742 345 2017 408 THEOD.
2057 343 2461 407 BALSAMON
3637 346 3742 414 100

482 474 718 540 pientes,
750 475 806 523 et
838 467 905 521 ad
933 480 1055 520 eum
1091 477 1153 518 se
1203 458 1431 516 honoris
1480 473 1611 530 ergo
1657 465 2059 515 convertentes.

2180 454 2440 522 ἐξουσίαν,
2494 454 2565 510 τὰ
2618 456 3027 527 ἐπιτεταγμένα
3085 456 3449 528 πληροῦντες,
3511 458 3604 511 καὶ
3636 458 3741 528 τὴν

487 560 603 614 Non
635 560 740 612 erit
770 556 872 612 sub
903 554 1201 610 Numidica:
1231 550 1468 622 regionis
1499 552 1731 620 primate
1775 557 1829 602 et
1859 547 2061 603 Mauri-

485 651 631 705 tania
668 647 1020 718 Sitiphensis,
1054 646 1183 717 quia
1215 643 1405 714 procul
1454 645 1521 697 ab
1550 657 1613 696 ea
1656 641 1819 710 jacet.
1863 638 1967 694 Sed
2005 645 2062 691 et

482 744 607 798 huic
634 742 927 812 provinciae
972 754 1128 795 suum
1182 738 1469 806 primatem
1518 732 1719 789 habere
1765 732 2058 787 antistitem

480 835 824 891 conceditur.

1049 1007 1278 1064 CANON
1321 1005 1513 1062 XVIII.

490 1124 506 1154 ί
552 1104 607 1160 Si
641 1108 766 1175 quis
807 1103 1040 1159 clericus
1088 1100 1394 1179 ordinetur,
1438 1099 1599 1151 debet
1645 1095 1951 1158 admoneri,
2001 1101 2058 1146 ut

563 1216 582 1248 ε
620 1208 803 1250 servet
834 1198 1086 1258 decreta;
1128 1200 1182 1246 et
1233 1200 1291 1244 ut
1348 1201 1682 1244 mortuorum
1738 1185 2058 1255 corporibus

569 1307 587 1339 ε
624 1288 952 1343 eucharistia
989 1300 1097 1340 non
1159 1284 1338 1344 detur,
1369 1295 1469 1335 nec
1515 1278 1839 1349 baptismns.
1889 1278 1957 1332 Et
2001 1288 2059 1331 ut

568 1398 585 1430 ι
624 1378 853 1445 singulis
878 1377 1037 1430 annis
1069 1376 1121 1428 in
1166 1372 1422 1429 omnibus
1470 1369 1771 1440 provinciis
1797 1370 1865 1423 ad
1891 1383 2060 1440 syno-

567 1487 586 1520 ι
625 1469 754 1522 dum
794 1465 1199 1537 metropolitani
1226 1462 1583 1519 conveniant.
1622 1479 1642 1512 ι

557 1642 755 1698 BALS.
787 1651 843 1696 et
885 1636 1139 1696 ZONAR.
1179 1635 1409 1705 Quando
1456 1636 1738 1690 ordinatur
1777 1636 2064 1706 episcopus

490 1745 586 1788 aut
625 1735 859 1791 clericus
896 1734 1014 1803 (per
1046 1733 1303 1786 clericum
1334 1736 1512 1783 autem
1548 1728 1639 1783 hic
1686 1730 1973 1799 presbyter
2011 1737 2064 1782 et

2170 550 2287 619 μετ’
2321 545 2487 602 αὑτοῦ
2517 546 2786 617 τιμῶντες
2839 548 3212 618 ἀναστροφήν.
3279 549 3396 603 Ούκ
3430 548 3585 603 ἔσται
3630 549 3740 602 ὑπὸ

2164 641 2257 695 τὸν
2286 640 2648 711 πρωτεύοντα
2676 641 2776 710 τῆς
2811 641 3152 710 Νουμιδικῆς
3181 639 3366 712 χώρας
3393 642 3490 697 καὶ
3521 643 3549 713 ἡ
3579 643 3740 695 Μαυ-

2168 733 2390 804 ριτανία
2424 732 2754 801 Σιτιφένσης
2773 772 2787 796 ,
2815 732 2905 786 διὰ
2929 733 2989 784 τὺ
3020 733 3210 802 πόρῤω
3240 732 3448 800 ταύτην
3479 735 3694 786 κεῖσθαι
3721 748 3736 763 ·

2168 821 2284 876 ἀλλ’
2310 824 2576 892 ἀρχιερέα
2602 820 2737 875 ἴδιον
2759 821 3113 892 πρωτεύοντα
3135 822 3232 875 καὶ
3257 822 3292 892 η
3321 821 3563 891 ἐπαρχία
3592 820 3733 885 αὕτη

2166 914 2312 984 ἔχειν
2342 914 2627 985 ἐπετράπη

2758 1005 3000 1062 ΚΔΝΩΝ
3032 1004 3117 1061 IH'

2175 1114 2199 1149 ι
2241 1097 2371 1167 Ἐάν
2423 1115 2508 1161 τις
2570 1097 2833 1169 κληρικδς
2894 1095 3005 1166 (17)
3069 1093 3486 1167 χειροτονῆται,
3535 1094 3744 1162 ὀφείλει

2244 1208 2263 1241 ι
2304 1188 2822 1261 προμιμνήσκεσθαι
2849 1189 2975 1250 τοὺς
2997 1188 3156 1257 ὅρους
3196 1186 3486 1254 φυλάττειν
3508 1202 3520 1215 ·
3543 1187 3637 1239 καὶ
3655 1186 3746 1238 ἵνα

2245 1298 2265 1332 t
2300 1285 2412 1345 τοῖς
2465 1280 2682 1350 σώμασι
2734 1280 2845 1334 τῶν
2880 1278 3264 1332 ἀποθανόντων
3317 1277 3635 1347 εὐχαριστία
3669 1277 3747 1346 μὴ

2246 1390 2266 1424 ‹
2302 1373 2545 1435 δίδωται,
2614 1371 2749 1443 μηδὲ
2782 1371 3083 1441 βάπτισμα.
3118 1370 3226 1423 Καὶ
3250 1369 3339 1422 ἵνα
3362 1368 3486 1423 καθ’
3512 1367 3748 1421 ἕκαστον

2248 1482 2268 1516 ι
2307 1464 2556 1518 ἐνιαυτὸν
2583 1465 2664 1526 είς
2690 1462 2872 1526 πάσας
2897 1460 2996 1526 τὰς
3044 1460 3316 1530 ἐπαρχίας
3352 1459 3492 1531 πρὸς
3525 1458 3749 1513 σύνοδον

2249 1574 2266 1607 t
2303 1557 2352 1609 οἱ
2388 1557 2786 1627 μητροπολῖται
2816 1555 3212 1626 συνέρχωντᾶι.
3248 1571 3269 1606 ι

2243 1647 2439 1701 ΒΔΛΣ.
2476 1649 2571 1702 καὶ
2600 1648 2843 1702 ΖΩΝΑΡ.
2867 1647 2998 1718 Ὅτε
3018 1646 3406 1716 χειροτονεῖται
3446 1641 3751 1705 ἐπίσκοπος

2171 1737 2205 1808 ἢ
2231 1739 2496 1808 κληρικδς
2548 1739 2833 1810 (κληρικδν
2857 1739 2913 1791 δὲ
2939 1736 3177 1792 ἐνταῦθα
3216 1734 3594 1807 πρεσὸύτερον
3654 1734 3752 1788 καὶ¹

488 1829 755 1881 diaconus
785 1836 870 1881 est
895 1824 1282 1895 intelligendus
1318 1839 1332 1876 :
1388 1822 1425 1875 ii
1456 1822 1601 1873 enim
1651 1823 1873 1889 proprie
1921 1822 2067 1874 ordi-

2180 1827 2424 1903 διάκονον
2451 1829 2702 1896 νοητέον·
2737 1820 2887 1881 οὗτοι
2910 1825 3020 1894 γὰρ
3050 1825 3259 1897 κυρίως
3282 1821 3750 1893 χειροτονοῦνται,

491 1928 708 1984 nantur,
745 1925 800 1972 et
828 1916 861 1971 ii
894 1916 998 1971 soli
1033 1914 1375 1970 eucharistiaa
1405 1912 1853 1981 communicant),
1902 1926 2068 1979 opor-

490 2021 586 2078 tet,
622 2011 821 2081 inquit,
855 2024 951 2064 eos
981 2008 1284 2070 admoneri,
1337 2017 1393 2059 ut
1426 2006 1639 2060 decreta
1691 2012 1926 2059 servent.
1967 2003 2073 2058 De—

491 2110 642 2157 creta
691 2110 896 2165 autem,
955 2100 1041 2155 vel
1104 2098 1227 2153 ﬁdei
1284 2098 1603 2163 existimare
1655 2104 1900 2165 oportet,
1951 2110 2071 2165 quae

492 2194 706 2248 scilicet
764 2208 793 2246 a
864 2192 1074 2248 sanctis
1126 2190 1387 2260 apostolis
1437 2191 1520 2243 vel
1578 2187 1828 2243 Patribus
1870 2198 2070 2242 statuta

492 2296 648 2348 sum,
696 2285 781 2339 vel
836 2264 1098 2351 canones,
1147 2282 1233 2335 vel
1288 2282 1470 2350 potius
1520 2290 1833 2348 utrumque.
1888 2278 1956 2333 Et
2006 2294 2074 2333 ne

495 2379 727 2433 mortuis
765 2375 1089 2446 corporibus
1121 2375 1277 2427 detur
1328 2371 1661 2425 CUt‘IIBI‘ISlIa
1719 2373 1836 2424 sive
1880 2380 2070 2424 sancta

496 2473 637 2526 dena
677 2489 690 2524 :
724 2470 829 2523 hoc
865 2469 1007 2522 enim
1037 2468 1219 2520 ﬁebat.
1264 2464 1418 2530 Quod
1447 2464 1608 2517 etiam
1655 2476 1826 2516 canon
1873 2461 1942 2517 8'5
1988 2479 2075 2532 sy-

499 2562 622 2615 nodi
676 2576 797 2630 qua}
845 2559 1047 2613 dicitur
1103 2567 1252 2611 sexta
1310 2558 1362 2610 in
1406 2554 1591 2608 Trullo
1633 2552 1932 2623 prohibuit.
1966 2552 2073 2606 Sed

496 2669 671 2721 neque
708 2653 1055 2723 baptizentnr
1084 2648 1306 2703 mortui.
1343 2646 1477 2700 Nam
1521 2649 1622 2700 hoc
1653 2646 1822 2699 etiam
1871 2644 2071 2699 factum

496 2756 575 2799 est
601 2786 615 2811 ,
649 2744 929 2799 nonnullis
957 2742 1169 2811 quidem
1196 2757 1322 2795 suos
1352 2750 1592 2807 mortuos
1626 2737 2026 2808 baptizantibus
2054 2778 2071 2803 ,

494 2836 820 2906 quibusdam
856 2849 987 2889 vero
1021 2834 1184 2888 etiam
1212 2833 1351 2887 alios
1402 2847 1500 2900 pro
1551 2830 1807 2885 mortuis.
1855 2829 1948 2895 lis,
1982 2832 2073 2899 qui

497 2931 613 2983 ha-c
647 2929 899 2998 agebant,
930 2927 1094 2979 verba
1134 2926 1316 2993 magni
1373 2922 1524 2977 Pauli
1574 2921 1828 2990 Epistola:
1858 2922 1924 2975 ad
1953 2921 2075 2975 Co-

496 3021 727 3072 rintbios
770 3016 1145 3081 alTercnlibus,
1201 3030 1319 3082 quae
1350 3016 1537 3068 dicunt
1578 3031 1589 3066 :
1625 3010 1770 3066 Nam
1814 3011 1941 3080 quid
1989 3009 2077 3079 fa-

493 3111 628 3162 cient
664 3109 752 3177 qui
781 3108 1124 3175 baptizantur
1140 3122 1235 3175 pro
1254 3107 1518 3160 mortuis?
1547 3105 1607 3159 Si
1637 3107 1852 3157 omnino
1877 3103 2073 3159 mortui

2172 1922 2269 1974 καὶ
2293 1913 2441 1973 οὗτοι
2469 1920 2620 1991 μόνοι
2653 1919 3004 1990 μεταδιδόασι
3028 1919 3128 1988 τῆς
3178 1913 3575 1987 εὐχαριστίας),
3605 1914 3751 1976 δέον,

2171 2012 2360 2084 φησιν,
2401 2012 2927 2085 ὑπομιμνήσκεσθαι
2961 2010 3127 2065 αὐτὸν
3157 2010 3286 2073 τοὺς
3324 2010 3484 2078 ὅρους
3534 2007 3754 2075 φυλάτ-

2170 2122 2312 2159 τειν.
2348 2105 2551 2175 Ὄρους
2601 2103 2659 2158 δὲ
2717 2104 2751 2174 ἢ
2802 2104 2930 2167 τοὺς
2975 2103 3075 2173 τῆς
3111 2102 3350 2165 πίστεως
3378 2099 3751 2169 ὑποληπτέον,

2171 2198 2298 2261 τοὺς
2333 2200 2487 2268 παρὰ
2519 2196 2632 2251 τῶν
2664 2196 2839 2265 ἁγίων
2873 2195 3194 2250 ἀποστόλων
3222 2195 3319 2248 καὶ
3352 2192 3459 2247 τῶν
3487 2193 3755 2263 Πατέρων

2173 2287 2580 2358 ὁρισθέντας,ἣ
2612 2289 2741 2351 τοὺς
2771 2288 3026 2350 κανόνας,
3083 2285 3288 2356 μᾶλλον
3338 2283 3396 2338 δὲ
3441 2286 3537 2339 καὶ
3565 2283 3757 2353 ἀμφό-

2174 2398 2332 2450 τερα.
2371 2382 2480 2433 Καὶ
2522 2380 2610 2434 ἴνα
2642 2381 2718 2452 μὴ
2743 2381 2958 2450 νεκροῖς
3006 2377 3225 2451 σώμασι
3249 2378 3469 2431 διδῶται
3504 2378 3756 2447 Εὐχάρι-

2178 2478 2301 2541 στέα
2322 2516 2337 2540 ,
2367 2477 2537 2547 ἤγουν
2569 2477 2702 2544 ἆγια
2737 2474 2922 2545 δῶρα·
2972 2475 3280 2546 ἐπράττετο
3335 2474 3446 2544 γὰρ
3491 2474 3690 2528 τοῦτο’
3726 2472 3756 2527 ὃ

2175 2570 2443 2637 καὶὸπγ¹
2509 2586 2636 2624 καν.
2668 2568 2768 2636 τῆς
2831 2567 3131 2637 λεγομένης
3161 2564 3215 2630 ς’
3265 2565 3484 2641 συνόδου
3533 2565 3635 2634 τῆς
3698 2564 3762 2617 ὲν

2175 2647 2254 2732 τῷ
2290 2660 2547 2730 Τρούλλῳ
2573 2659 2867 2714 ἐκώλυσεν.
2911 2658 3073 2712 Ἀλλὰ
3101 2658 3236 2727 μηδὲ
3267 2656 3638 2728 βαπτίζωνται
3665 2672 3762 2708 τε-

2188 2751 2576 2820 λευτήσαντες.
2636 2752 2749 2803 Καὶ
2794 2749 2955 2803 τοῦτο
2985 2748 3097 2819 γὰρ
3145 2748 3396 2815 ἐγίνετοο
3432 2746 3595 2800 τινῶν
3651 2744 3762 2815 μὲν

2180 2836 2380 2899 αὐτοὺς
2408 2837 2637 2906 νεκροὺς
2668 2836 3066 2907 βαπιζόντων,
3098 2836 3267 2888 τινῶν
3297 2835 3355 2888 δὲ
3405 2836 3502 2888 καὶ
3557 2834 3761 2898 ἄλλους

2181 2926 2326 2998 ὑπὲρ
2356 2928 2465 2981 τῶν
2495 2929 2705 2999 νεκρῶν
2726 2946 2740 2960 ο
2782 2928 2891 2981 τῶν
2916 2927 3075 2981 τοῦτο
3102 2927 3403 2981 ποιούντων
3429 2926 3499 3003 τά
3530 2927 3760 2997 ῥήματα

2177 3020 2637 3091 προϐαλλομένων
2652 3021 2747 3089 τῆς
2778 3019 2915 3090 πρὸς
2940 3017 3265 3088 Κορινθίους
3313 3017 3641 3084 Ἐπιστολῆς
3656 3017 3763 3071 τοῦ

2182 3114 2420 3186 μεγάλου
2448 3113 2686 3176 Παύλου,
2719 3112 2787 3166 τά
2819 3112 3048 3179 λέγοντα
3067 3129 3079 3142 ·
3112 3111 3355 3167 Ἐπεὶτι
3383 3109 3765 3175 ποιήσουσιν

494 3216 595 3252 non
622 3174 926 3269 resurgunt,
948 3198 1106 3269 54],
1126 3197 1251 3267 quid
1274 3199 1433 3251 etiam
1458 3197 1797 3265 baptizontur
1812 3212 1905 3263 pro
1934 3211 2071 3248 mor-

2181 3174 2236 3259 ol
2260 3174 2690 3272 βαπτιζόμενοι
2717 3203 2872 3272 ὑπὲρ
2894 3174 3022 3255 ’τῶν
3064 3200 3330 3269 νεκρῶν;
3371 3203 3426 3255 εὶ
3475 3174 3628 3266 ὅλως
3655 3218 3761 3255 νε.-

493 3292 645 3344 ιιιὶδ³⁶
662 3292 802 3357 Ἁριιὶ
827 3303 1002 3344 autem
1030 3292 1142 3345 haec
1164 3289 1546 3353 afferebant,et
1562 3302 1806 3345 mortuos
1824 3291 2068 3359 baptiza-

500 3385 650 3448 bant,
675 3384 1094 3450 apostolicorum
1133 3370 1765 3453 verbor'tmt_sententiam
1802 3399 1906 3437 non
1927 3395 2073 3437 recte

496 3475 805 3542 capiebant.
832 3473 1020 3544 Neque
1089 3475 1231 3529 enim
1281 3474 1577 3544 Apostolus
1630 3475 1761 3529 dicit
1813 3476 2073 3543 IiapliZnI‘i

498 3577 764 3631 mortuos,
798 3566 880 3619 vel
916 3566 1054 3619 alios
1089 3582 1183 3635 pro
1220 3565 1324 3619 illis
1358 3582 1372 3618 :
1402 3566 1496 3620 sed
1551 3566 1698 3635 quia,
1739 3567 1830 3635 qui
1891 3568 2071 3637 bapti-

494 3668 711 3722 zantur,
746 3660 852 3711 vim
910 3658 1083 3712 nostri
1135 3657 1375 3728 mysterii
1431 3658 1730 3723 discentes,
1769 3674 1892 3712 cum
1946 3659 2070 3711 aliis

497 3759 834 3800 mortuorum
896 3761 1113 3816 quoque
1165 3748 1622 3802 resurrectionem
1688 3763 1911 3817 sperare
1975 3752 2073 3801 do-

494 3850 705 3905 centur,
741 3848 796 3894 et
840 3840 1238 3894 demersiouem
1294 3842 1347 3894 in
1389 3841 1661 3896 lavacrum
1714 3854 1945 3897 mortem
1998 3843 2073 3898 si-

493 3931 772 3998 guitiCare,
820 3932 1274 3988 resurrectionem
1323 3949 1518 3988 rursus
1567 3948 1664 4003 per
1711 3936 2070 3990 emcrsionetn

493 4024 747 4089 ostendi;
801 4024 934 4079 dicit
977 4026 1271 4093 Apostolus
1316 4026 1383 4081 iis
1434 4027 1527 4096 qui
1578 4027 1645 4082 de
1677 4030 2075 4084 resurrectione

518 4133 566 4167 ³⁸
596 4132 616 4185 l
643 4134 771 4221 Cor.
840 4151 931 4201 xv,
988 4134 1085 4191 29.

2177 3298 2306 3369 χροὶ
2351 3300 2463 3352 οὐκ
2511 3297 2862 3364 ἐγείρονται,
2909 3295 2968 3347 τι
3018 3295 3117 3346 καὶ
3156 3278 3551 3358 ,βαπτίζοέται
3598 3293 3759 3362 ὑπὲρ

2176 3390 2298 3445 τῶν
2326 3387 2557 3457 νεκρῶν
2572 3402 2592 3453 ;
2621 3387 2686 3442 Oi
2722 3386 2779 3440 δὲ
2809 3385 2984 3439 ταῦτα
3032 3384 3492 3456 προϐαλλόμενοι,
3524 3383 3616 3436 καὶ
3652 3383 3757 3451 βα-

2179 3481 2467 3544 πτίζοντες
2496 3478 2627 3538 τοὺς
2674 3476 2923 3545 νεκροὺς,
2975 3475 3036 3528 ού
3083 3473 3266 3537 καλῶς
3320 3470 3756 3542 ὲξελαμϐάνοντο

2176 3574 2284 3626 τῶν
2340 3569 2719 3623 ἀποστολικῶν
2769 3567 3034 3637 ῥημάτων
3094 3566 3191 3636 τὴν
3237 3564 3470 3618 ἔννοιαν.
3506 3563 3581 3616 Oti
3635 3564 3752 3635 γὰρ

2180 3661 2537 3734 βαπτίζεσθαι
2583 3661 2709 3723 τοὺς
2744 3658 3116 3719 ἀποθανόντας
3150 3658 3180 3709 ὁ
3222 3654 3549 3716 Ἀπόστολος
3575 3654 3752 3722 λέγει,

2175 3757 2208 3826 ἢ
2246 3755 2441 3817 ἄλλους
2476 3755 2594 3808 ἀντ’
2624 3751 2892 3805 ἑκείνωνο
2926 3750 3043 3802 ἀλλ’
3095 3748 3220 3801 ἐπεὶ
3260 3749 3309 3801 oi
3341 3746 3758 3817 βαπτιζόμενοι,

2178 3849 2548 3920 μανθάνοντες
2574 3844 2667 3897 τοῦ
2699 3842 2826 3897 καθ’
2857 3844 3003 3913 ἡμᾶς
3039 3840 3341 3911 μυστηρίου
3364 3839 3463 3909 τὴν
3490 3836 3751 3905 δύναμιν,

2181 3938 2322 4009 μετὰ
2347 3938 2458 3991 τῶν
2486 3936 2663 3989 ἄλλων
2689 3934 2782 3987 καὶ
2808 3934 3107 3987 ἀνάστασιν
3133 3929 3348 3999 νεκρῶν
3395 3928 3640 3991 ἐλπίζειν
3672 3926 3757 3979 δι-

2175 4030 2492 4094 δάσκονται,
2515 4026 2611 4080 καὶ
2641 4026 2740 4096 τὴν
2767 4026 2826 4077 ὲν
2849 4026 2916 4096 τῇ
2945 4022 3304 4094 κολυμϐήθρᾳ
3336 4021 3634 4076 κατάδυσιν
3659 4019 3760 4071 τὸν

1710 4266 1902 4328 Guill.
1938 4268 2270 4345 Beveregit
2298 4276 2485 4333 noue.

566 4367 705 4445 (i7)__
725 4367 861 4445 ’βάν
889 4385 982 4433 τις
1007 4369 1316 4445 κληρικός.
1346 4366 1615 4445 _Praese_ns
1654 4367 1743 4422 hic
1772 4382 1967 4445 canon
1986 4369 2069 4423 ui-

2180 4388 2199 4421 t
2248 4372 2540 4445 perniciem
2599 4372 2836 4445 plebium
2901 4389 3047 4445 saepe
3102 4380 3468 4436 veterascunt,
3518 4371 3757 4445 singulis

497 4438 573 4492 hil
639 4438 787 4492 aliud
842 4451 951 4498 est,
1013 4454 1175 4506 quam
1237 4440 1431 4492 titulus
1492 4439 1654 4491 trium
1719 4439 2068 4506 sequentium

495 4523 786 4562 canonum.
848 4507 1142 4562 Enimvero
1202 4510 1683 4563 duodevicesimus
1729 4509 1892 4577 hujus
1941 4524 2073 4563 cou-

495 4578 605 4631 cilii
639 4593 812 4632 canon
876 4579 932 4632 iu
991 4580 1312 4633 collectione
1369 4578 1697 4650 Dionysiana
1760 4581 1844 4633 his
1890 4579 2072 4633 verbis

496 4652 836 4716 concipitur:

499 4715 559 4772 Si
593 4715 709 4787 quis
752 4718 977 4773 clericus
1007 4719 1313 4780 ordinatur,
1350 4720 1553 4772 moneri
1584 4718 1732 4772 debet
1785 4719 2073 4773 constituta

569 4804 816 4855 seruare;
876 4800 925 4843 et
960 4800 1016 4841 ut
1075 4790 1383 4857 corporibus
1457 4789 1827 4857 defunctorum
1879 4792 2074 4843 eucha—

462 4902 471 4909 κ
568 4861 725 4912 ristia
759 4877 862 4914 non
895 4862 1070 4923 detur,
1129 4875 1222 4913 nec
1280 4857 1571 4925 baptisma;
1634 4868 1683 4912 et
1735 4868 1792 4910 ut
1822 4872 1914 4925 per
1962 4861 2074 4912 sin-

569 4930 719 4997 gulos
748 4946 913 4985 annos
966 4944 1058 4997 per
1115 4945 1294 4984 omnes
1349 4930 1648 4998 provincias
1695 4927 1764 4980 ad
1795 4929 2075 4982 concilium

569 5003 965 5066 metropolitani
993 5002 1355 5053 conveniatur.

580 5087 599 5117 ι
651 5071 778 5121 Item
806 5070 1008 5136 placuit
1034 5081 1091 5122 ut
1125 5070 1395 5125 ordinatis
1430 5068 1703 5139 episcopis
1746 5068 1829 5122 vel
1857 5069 2073 5126 clericis

508 5158 525 5188 ι
579 5138 728 5204 prius
757 5141 822 5191 ab
858 5139 1270 5193 ordinatoribus
1298 5141 1413 5194 suis
1460 5138 1658 5206 placita
1710 5141 2070 5193 conciliorum

510 5226 527 5254 ι
575 5207 799 5260 auribus
822 5223 1010 5261 eorum
1038 5208 1418 5275 inculcantur;
1451 5224 1519 5262 ne
1549 5225 1608 5262 se
1647 5210 1851 5277 aliquid
1880 5219 2072 5263 contra

510 5297 528 5326 ι
577 5281 871 5330 constituta
898 5278 1119 5333 concilii
1144 5280 1340 5333 iecisse
1370 5279 1693 5349 pmniteant.
1716 5276 1846 5333 ltem
1872 5276 2075 5347 placuit

512 5365 527 5394 ι
579 5353 636 5397 ιιι
667 5349 993 5415 corporibus
1022 5348 1407 5403 defunctorum
1439 5350 1770 5404 eucharistia
1818 5364 1926 5403 nou
1979 5351 2077 5404 de-

510 5435 527 5464 ι
580 5424 685 5467 tur.
720 5415 994 5485 Scriptum
1023 5430 1107 5472 est
1135 5420 1281 5471 enim
1309 5437 1322 5470 :
1353 5418 1597 5487 Accipite
1621 5428 1676 5474 et
1705 5420 1848 5474 edite
1891 5420 2077 5486 (cada-

512 5505 530 5535 ε
583 5501 704 5558 vera
760 5496 939 5540 autem
1000 5503 1099 5553 nec
1140 5492 1386 5557 accipere
1429 5499 1675 5558 possitnt,
1724 5504 1826 5544 nec
1860 5488 2071 5544 ederei.

511 5578 527 5604 ο
581 5554 643 5609 Et
672 5572 739 5628 ne
798 5558 910 5625 jam
972 5566 1219 5612 mortuos
1263 5554 1522 5628 homines
1591 5558 1852 5628 baptizari
1908 5558 2075 5613 faciat

512 5646 527 5673 σ
579 5627 1023 5699 presbyterorum
1050 5628 1289 5698 ignavia.
1324 5626 1427 5683 Pro
1464 5644 1570 5699 qua
1623 5626 1680 5685 re
1738 5629 2074 5699 confirman-

513 5713 530 5743 ι
579 5695 704 5748 dum
747 5695 830 5751 est
887 5698 939 5750 in
985 5695 1089 5752 hac
1108 5700 1336 5769 synodo,
1400 5695 1808 5753 ut'secundum
1857 5697 2075 5769 Nictena

513 5786 531 5813 ι
579 5773 807 5831 statuta,
854 5781 1078 5837 propter
1131 5767 1327 5823 causas
1385 5770 1810 5837 ecclesiasticas,
1839 5784 1960 5837 quae
2007 5767 2075 5821 ad

2185 4459 2203 4491 t
2252 4443 2563 4509 quibusque
2588 4443 2745 4495 anuis
2777 4443 3073 4497 concilium
3108 4451 3462 4507 convocetur,
3493 4444 3557 4494 ad
3609 4447 3758 4508 quod

2188 4530 2205 4561 ι
2257 4526 2450 4583 omnes
2486 4512 2797 4583 provinciae.
2836 4531 2959 4581 qua:
3002 4515 3206 4583 primas
3241 4513 3398 4566 sedes
3434 4511 3661 4583 habent,
3686 4514 3759 4564 de

2188 4599 2205 4630 ι
2253 4582 2506 4635 conciliis
2576 4582 2695 4635 suis
2744 4583 2922 4646 binos,
2991 4581 3084 4636 aut
3143 4594 3378 4652 quantos
3428 4581 3755 4648 delegerint,

2190 4668 2209 4701 ι
2255 4652 2548 4720 epiSCOpos
2586 4651 2794 4720 legatos
2838 4655 3085 4715 mittant,
3137 4651 3197 4705 ut
3242 4661 3572 4719 congregato
3624 4668 3761 4703 cou-

2187 4739 2205 4771 ι
2256 4728 2445 4789 ventu,
2480 4721 2635 4789 plena
2656 4724 2970 4789 possitesse
3000 4723 3328 4775 auctoritas.
3382 4740 3400 4772 ι

2255 4788 2414 4843 Hunc
2444 4789 2617 4845 Graeci
2644 4788 2977 4847 Sclioliastes
3030 4792 3084 4846 in
3113 4800 3225 4846 tres
3256 4790 3606 4845 distribuunt
3665 4803 3762 4842 ca-
3828 4834 3844 4861 ._

2182 4874 2357 4914 nones
2386 4875 2401 4922 ;
2430 4867 2488 4914 et
2517 4861 2682 4912 alium
2736 4876 2956 4929 quoque
2988 4878 3054 4915 ex
3101 4861 3223 4929 ipso
3268 4862 3424 4914 titulo
3475 4861 3760 4929 praemisso

2182 4928 2545 4991 constituunt,
2581 4944 2742 4998 quem
2779 4928 2957 4985 solum
3003 4930 3516 4985 duodevicesimutn
3567 4932 3757 4993 appel-

2183 5002 2318 5059 lant.
2351 5000 2450 5052 sub
2499 5015 2604 5067 quo
2646 5003 2871 5055 nomine
2922 5017 2950 5055 a
3011 5001 3332 5054 Balsamnne
3364 5004 3642 5068 resposasis
3688 4998 3756 5068 atl

2182 5070 2426 5122 Marcum
2455 5068 2890 5125 Alexandrinum
2926 5071 3168 5125 nitatur:
3207 5072 3297 5122 tibi
3329 5085 3392 5123 ex
3429 5067 3493 5121 eo
3524 5067 3757 5134 colligit,

2182 5154 2375 5210 pmnas
2427 5140 2497 5210 ab
2552 5138 2623 5194 iis
2673 5142 2974 5209 exigendas
3016 5156 3160 5206 esse,
3192 5139 3324 5210 qui
3375 5150 3623 5210 nortuos
3658 5152 3757 5189 uu-

2182 5207 2383 5279 guento
2409 5207 2705 5264 deliniunt.
2739 5207 2868 5264 Post
2894 5212 3059 5279 verba
3113 5207 3260 5264 enini
3314 5208 3479 5276 hujus
3530 5211 3761 5279 canonis

2181 5276 2423 5342 laudata,
2471 5280 2669 5332 addit.‘
2704 5282 2767 5332 Oi
2826 5278 2958 5347 γοῦν
2981 5281 3069 5332 διὰ
3100 5280 3276 5349 μύρου
3329 5279 3577 5349 χρίοντες
3630 5276 3759 5349 τοὺς
3812 5346 3819 5349 4

2179 5349 2548 5419 τελευτῲντας
2576 5350 2740 5418 ἱερεῖς
2772 5346 2868 5419 καὶ
2908 5346 3209 5419 ἀρχιερεῖς,
3239 5347 3270 5417 ἢ
3319 5346 3562 5419 ἑτέρους
3585 5346 3758 5405 τινὰς.

2184 5419 2279 5488 καὶ
2327 5417 2498 5480 οὕτως
2555 5414 3014 5486 ἐνταφιάζοντες,
3058 5414 3303 5488 μεγάλης
3326 5418 3435 5488 εἰσί
3483 5414 3759 5488 κολάσεως

2182 5482 2399 5557 ἄξῖοι,ἢ
2428 5488 2504 5551 ὡς
2536 5482 3181 5558 καταγινώσκοντε;’τῶν
3208 5482 3581 5558 βαπτιζόντων
3604 5482 3762 5558 ὀρθί-

2188 5552 2356 5629 δόξων
2385 5552 2601 5629 αὐτοὺς,
2634 5556 2666 5628 ἢ
2792 5559 2867 5629 μὴ
2894 5552 3269 5629 πληροφορίαν
3287 5557 3503 5629 ἔχοντες
3547 5552 3759 5629 ἐντὲλῆρ

2184 5622 2299 5690 τοῖς
2329 5622 2633 5700 ὀρθοδόξοις
2654 5622 2666 5628 ⁷
2692 5622 2830 5681 εἶναι
2884 5622 3128 5700 τούτουᾷ-
3149 5622 3470 5700 κοινωνοὺς,
3504 5622 3762 5700 καὶ-’προ

2186 5691 2586 5822 κατακρίσεἝὲ
2625 5697 3067 5770 κατακρίνοντες.
3095 5696 3240 5752 Bais.
3268 5711 3415 5765 resp.
3472 5694 3539 5748 ad
3597 5691 3760 5745 Marci

2188 5778 2450 5822 Interroa.
2590 5807 2605 5822 .

2188 5770 2450 5836 interrog.
2515 5770 2605 5822 22.
