4034 6400
351 352 464 423 MS

460 560 574 613 τῶν
605 561 895 631 ἐπαρχιῶν
929 562 1030 623 τάς
1061 562 1292 630 πρώτας
1324 560 1607 630 καθέδρας
1645 560 1934 630 ἐπέχοντες

426 672 446 704 ι
497 654 563 706 ἐκ
609 652 720 705 τῶν
752 652 979 705 οἰκείων
1024 650 1283 716 συνόδων,
1329 649 1508 720 δύο,ῆ
1558 649 1719 712 ὅσους
1753 649 1935 701 ἐπιλέ-

424 764 442 795 ι
495 745 716 811 ξωνται,
736 745 1076 806 ἐπισκόπους
1100 758 1307 810 τοποτη
1317 743 1487 813 ρητὰς
1507 741 1928 797 ἀποστείλωσιν·

426 855 448 889 ι
497 837 588 891 ἵνα
627 840 686 889 ἐν
717 839 785 907 τῇ
819 834 1152 909 συναχθείσῃ
1184 834 1498 888 συνελεύσει
1531 834 1744 905 πλήρης
1792 827 1933 885 εἶναι

424 948 443 980 ι
490 926 751 997 δυνηθείη
782 928 816 997 ἠ
847 928 1128 980 αὐθεντία.
1170 945 1190 977 ι

422 1021 628 1075 ΒΑΛΣ.
658 1021 795 1091 Περὶ
820 1022 930 1073 τῶν
956 1020 1186 1089 ἐτησίων
1214 1020 1448 1073 συνόδων
1480 1022 1537 1072 ἐν
1564 1019 1641 1088 τῷ
1676 1026 1716 1072 ε’
1748 1020 1933 1072 κανόνι

344 1116 448 1182 τῆς
476 1114 538 1164 ἐν
559 1111 771 1183 Νικαίᾳ
811 1110 1035 1180 πρώτης
1070 1111 1310 1175 συνόδου,
1346 1112 1440 1163 καὶ
1470 1115 1525 1164 ἐν
1556 1112 1764 1181 ἑτέροις
1794 1112 1936 1164 πλα-

340 1204 581 1275 τύτερον
629 1203 915 1274 διελήφθη.
960 1204 1019 1256 '0
1073 1203 1131 1256 δέ
1187 1201 1377 1273 παρὼν
1426 1203 1606 1255 κανών
1664 1219 1796 1272 φησι
1838 1205 1935 1264 τὰς

347 1298 612 1357 συνόδους
648 1295 897 1364 γίνεσθαι
927 1296 1183 1364 ἐτησὶως,
1217 1295 1305 1348 ἵνα
1341 1295 1413 1366 μὴ
1459 1295 1828 1349 σϐεννύωνται
1859 1293 1936 1364 τῷ

339 1389 527 1460 χρόνῳ
551 1388 620 1440 τὰ
646 1387 801 1458 παρὰ
828 1386 937 1440 τῶν
959 1388 1130 1455 ἁγίων
1157 1385 1419 1457 Πατέρων
1444 1384 1757 1457 ὁρισθέντα.
1775 1385 1937 1439 Ἀλλὰ

342 1479 497 1532 κατά
521 1477 622 1550 τὴν
637 1478 848 1532 τούτων
872 1478 1165 1549 περίληψιν
1190 1478 1428 1531 λύωνται
1450 1479 1521 1530 τά
1550 1479 1934 1532 ἀνακύπτοντα

344 1568 791 1638 ἐκκλησιαστικά
826 1567 1144 1638 ζητήματα.
1195 1568 1233 1618 Γ
1237 1566 1584 1635 οτγυζόντων
1640 1566 1695 1618 δέ
1750 1577 1934 1623 τινων,

342 1663 425 1723 ὡς
455 1661 735 1720 ἕοικε,διὰ
760 1662 860 1732 τὴν
888 1661 1303 1730 τοιουτότροπον
1336 1659 1561 1729 ἐτησίαν
1596 1658 1931 1722 συνέλευσιν,

344 1754 484 1816 ἴσως
516 1750 689 1806 οὖσαν
715 1752 954 1823 δυσχερῆ
989 1752 1079 1805 διά
1106 1752 1166 1805 τὸ
1201 1752 1379 1822 μῆκος
1413 1750 1513 1821 τῆς
1544 1751 1687 1815 ὀδοῦ,
1724 1749 1934 1821 ὥρισαν

1414 364 1496 425 ΙΝ
1534 358 1704 425 CAN.
1746 364 1881 423 XXI
1919 362 2129 425 CONC.
2173 364 2581 441 CABTHAG._

425 487 446 519 ‹
491 467 743 520 ἐνιαυτὸν
796 467 1017 522 σύνοδον
1065 467 1352 536 γίνεσθαι..
1387 469 1525 540 πρὸς
1560 470 1627 540 ἣν
1660 469 1859 531 πάντες
1891 470 1938 520 oi
1967 471 2018 528 Α

3522 373 3538 436 l
3554 375 3618 433 ’lfi

2120 492 2138 524 ι
2172 475 2238 527 ad
2263 477 2427 542 quam
2454 466 2668 543 omnes,
2720 476 2808 543 qui
2852 478 3250 543 prox-ituriarnm
3289 481 3493 547 primas
3522 501 3618 535 cu-

2112 582 2129 613 ι
2167 566 2389 627 tbedras
2419 564 2691 629 obtinent,
2721 581 2783 617 ex
2828 568 3061 633 pmpriis
3087 570 3307 637 synodis
3333 571 3493 634 duos,
3532 577 3616 627 vel

2113 673 2131 705 ι
2171 666 2517 723 quotcunque
2567 655 2854 724 elegerint,
2900 657 3187 726 episcopos
3241 662 3444 729 legatos
3492 664 3617 716 mit-

2111 765 2128 797 ι
2167 757 2300 811 tant,
2326 757 2385 801 ut
2405 746 2458 801 in
2488 758 2815 819 congregato
2840 743 3105 803 conventu
3130 750 3286 819 plena
3307 753 3476 820 possit
3500 770 3618 808 esse

2114 857 2132 888 ι
2172 840 2484 895 auctoritas.
2523 859 2540 890 ι

2109 1017 2297 1072 BALS.
2335 1018 2407 1071 De
2455 1019 2650 1071 annuis
2683 1018 2905 1089 syaodis
2944 1019 2993 1073 in
3031 1022 3221 1089 quinto
3264 1036 3473 1077 canone
3504 1026 3619 1094 pri-

2042 1125 2140 1163 ma:
2173 1112 2363 1180 synodi
2401 1109 2635 1163 Nicmnas.
2667 1122 2719 1165 et
2750 1112 2802 1165 in
2832 1111 2954 1167 aliis
2984 1110 3159 1167 fusius
3193 1121 3482 1167 tractatum
3514 1126 3615 1171 est.

2039 1202 2287 1256 Pamscns
2321 1213 2500 1256 autem
2538 1218 2716 1256 canon
2751 1203 2883 1258 dicit
2926 1203 3158 1275 synodos
3200 1207 3494 1275 quotannis
3529 1210 3622 1260 de-

2040 1296 2167 1348 bere
2199 1295 2341 1360 ﬁeri,
2374 1310 2445 1349 ne
2475 1303 2718 1366 tempore
2748 1296 3170 1366 exstinguantur
3206 1314 3328 1368 quae
3356 1314 3384 1351 a
3419 1301 3622 1354 sanctis

2039 1384 2291 1442 Patr-ibus
2326 1386 2619 1440 constituta
2671 1396 2820 1452 sunt,
2882 1382 2979 1442 sed
3012 1402 3110 1458 per
3150 1403 3339 1443 eorum
3372 1404 3621 1460 compre-

2039 1475 2350 1532 hensionem
2391 1476 2675 1531 solvantur
2704 1477 3092 1534 ecclesiasticae
3121 1480 3452 1548 quaestiones
3503 1496 3621 1548 quin

2037 1573 2344 1635 emergunt.
2387 1565 2520 1619 Cum
2569 1579 2751 1622 autem
2788 1571 3031 1639 quidam,
3066 1580 3128 1625 ut
3169 1578 3252 1626 est
3297 1571 3619 1631 verisimile.

2041 1668 2449 1721 nmrmurarcnt
2506 1660 2576 1714 ob
2634 1676 2871 1714 annuum
2933 1662 3199 1728 ejusmodi
3262 1673 3616 1725 conventum,

2039 1764 2093 1805 ιιι
2122 1751 2213 1821 qui
2243 1763 2387 1806 esset
2415 1750 2644 1807 diﬂicilis
2674 1763 2894 1823 propter
2926 1754 3026 1808 vim
3055 1752 3468 1834 longitudinem,
3506 1767 3623 1811 sta-

343 1847 400 1897 οἱ
453 1846 703 1916 Πατέρες
737 1846 889 1917 παρά
938 1846 1049 1896 τῶν
1079 1845 1474 1914 πρωτευόντων
1506 1846 1564 1896 ἐν
1594 1845 1716 1905 ταῖς
1757 1844 1929 1912 ἐπαρ-

2042 1853 2257 1898 tucrunt
2293 1842 2500 1911 Patres,
2550 1855 2665 1899 uta
2699 1845 3098 1914 provinciarum
3153 1845 3478 1916 primatibus
3521 1863 3618 1902 seu

342 1938 524 2008 χίαις,
560 1938 731 2008 ἤγουν
760 1938 868 1991 τῶν
902 1936 1338 2009 μητροπολιτῶν,
1373 1934 1805 1989 ἀποστέλλεσθαι
1852 1950 1939 1987 το-

344 2031 695 2101 πῡτηρητάς,
729 2031 820 2084 δτε
864 2030 1070 2099 δεήσει,
1111 2029 1284 2102 ἦγουν
1330 2029 1421 2081 ὅτε
1475 2025 1810 2096 μετάκλησις
1840 2024 1935 2092 γέο

348 2140 535 2191 νηται,
592 2124 655 2189 ἐξ
704 2122 954 2193 ἀνάγκης
982 2119 1076 2173 δύο
1108 2119 1470 2183 ἐπισκόπους,
1515 2119 1549 2191 ἢ
1583 2117 1680 2172 καὶ
1718 2117 1937 2178 πλείους

354 2218 509 2279 ’ὅσους
556 2214 946 2281 ἐπιλέξωνται,
979 2216 1065 2269 ἵνα
1116 2216 1185 2269 δι’
1219 2213 1400 2267 αὐτῶν
1431 2214 1526 2267 καὶ
1559 2203 1709 2263 οὗτοι
1743 2208 1938 2275 δόξωσι

359 2306 779 2378 παρουσιὰζειν,
816 2307 913 2359 καὶ
947 2300 1049 2359 ὦσι
1078 2304 1257 2359 τέλεια
1288 2302 1357 2358 τά
1386 2301 1811 2374 ὁρισθησόμενα,
1863 2300 1939 2362 ὡς

353 2397 446 2448 καὶ
481 2394 764 2448 δοκοῦντα
794 2395 948 2465 παρά
993 2395 1213 2449 πάντων
1257 2393 1523 2462 γίνεσθαι.
1552 2392 1939 2461 Τοποτηρηταὶ

345 2494 403 2547 δέ
452 2487 608 2545 οὗτοι
655 2492 934 2560 λέγονται,
982 2491 1072 2545 διά
1104 2489 1163 2544 τὺ
1212 2489 1303 2544 τὸν
1331 2490 1494 2544 τόπον
1525 2490 1736 2559 τηρεῖν,
1770 2486 1937 2558 ἤγουν

346 2584 572 2653 ἐπέχειν
599 2584 697 2634 καὶ
724 2580 1075 2652 ἀναπληροῦν
1103 2581 1212 2635 τῶν
1247 2579 1687 2635 ἀποστειλάντων
1716 2579 1934 2641 αὐτούς.

347 2675 542 2729 Ταῦτα
579 2674 677 2728 τοῦ
729 2674 957 2737 κανόνος
1009 2675 1404 2745 διοριζομένου,
1454 2674 1575 2727 ἐπεὶ
1609 2672 1756 2733 εἰκός
1790 2672 1937 2723 ἐστιν

341 2770 522 2822 εἰπεῖν
553 2786 713 2832 τινας
746 2768 843 2830 ὡς,
877 2768 972 2821 ἐὰν
992 2770 1039 2821 οἱ
1075 2767 1493 2839 μητροπολῖται,
1520 2765 1719 2829 οἵτινες
1756 2765 1939 2831 λέγον-

339 2877 433 2913 ται
466 2862 563 2913 καὶ
601 2860 811 2930 πρῶτοι
844 2860 956 2913 τῶν
990 2860 1293 2930 ἐπαρχιῶν,
1344 2856 1747 2925 ἀναγκάζονται
1783 2853 1937 2926 πσρὰ

339 2954 457 3015 τοῖς
486 2950 867 3021 πατριάρχαις
901 2949 1133 3017 ἐτησίως
1183 2948 1563 3019 συνέρχεσθαι,
1600 2948 1691 3000 καὶ
1723 2947 1771 2999 οἱ
1812 2945 1934 2997 ἐπί-

338 3060 539 3096 σκοποι
593 3042 759 3095 πάλιν
809 3042 962 3111 παρὰ
992 3044 1105 3104 τοῖς
1139 3038 1591 3110 μητροπολίταις,
1628 3036 1923 3106 συμϐαίνει

336 3136 397 3188 ἓν
427 3136 487 3200 ἐξ
519 3134 711 3187 αὐτῶν
746 3132 820 3204 μὴ
852 3134 1121 3201 γίνεσθαι,
1150 3133 1237 3186 atat
1264 3120 1333 3183 τδ
1358 3130 1621 3184 ἀδύνατον
1652 3124 1788 3182 εἶναι
1840 3129 1933 3180 τὸν

340 3225 781 3297 μητροπολίτην,
823 3225 1134 3296 Δυρραχίου
1170 3224 1354 3293 τυχὸν,
1382 3224 1531 3293 παρὰ
1562 3221 1637 3290 τῷ
1666 3220 1933 3292 πατριάρ-

336 3334 407 3390 χῃ
440 3316 750 3379 συνελθεῖν,
777 3320 874 3370 καὶ
909 3315 1032 3369 κατ’
1060 3315 1224 3368 αὐτὸν
1260 3315 1487 3385 ποιῆσαι
1518 3314 1610 3367 τὸν
1642 3314 1802 3367 αὐτὸν
1837 3314 1933 3366 καὶ

335 3413 415 3473 εἰς
466 3410 573 3480 τὴν
607 3408 821 3462 οίκείαν
869 3407 1146 3478 ἐπαρχίαν
1175 3406 1413 3470 σύνοδον,
1448 3406 1567 3458 sint
1595 3405 1677 3458 ὅτι
1706 3403 1931 3474 εὐχερές

335 3505 451 3556 ἐστι
500 3505 602 3556 καὶ
636 3500 808 3571 ἄμφω
856 3500 1127 3568 γενέσθαι.
1164 3500 1225 3552 Οἱ
1280 3499 1380 3569 μὲν
1433 3497 1542 3567 γὰρ
1589 3497 1927 3567 ἐπαρχιῶται

336 3595 491 3664 παρὰ
525 3593 609 3664 τῷ
658 3592 862 3663 πρώτῳ
911 3592 1094 3646 αὐτῶν
1148 3592 1624 3661 συναχθήσονται·
1674 3589 1835 3652 αὐτὸς
1867 3588 1926 3641 δὲ

342 3687 489 3755 παρὰ
521 3684 604 3754 τῷ
637 3686 956 3755 πατριάρχῃ
994 3682 1226 3754 συνέλθῃ
1269 3683 1359 3735 διὰ
1390 3682 1647 3734 ἐντολέων
1678 3682 1797 3752 ἤτοι
1836 3693 1925 3733 το-

348 3777 694 3847 ποτηρητῶν,
730 3774 916 3839 καθὼς
950 3775 1042 3828 καὶ
1090 3776 1119 3828 ό
1167 3773 1361 3844 παρὼν
1398 3771 1576 3826 κανὼν
1606 3772 1923 3842 διορίζεται,

340 3867 668 3940 θεραπεύων
699 3867 798 3937 τὴν
828 3868 1148 3936 δυσχέρειαν
1182 3866 1281 3936 τῆς
1307 3867 1388 3927 είς
1416 3864 1515 3927 τὰς
1545 3862 1639 3916 δύο
1672 3861 1923 3924 συνόδους

335 3961 649 4029 παρουσίας
682 3957 797 4010 τῶν
850 3956 1289 4028 μητροπολιτῶν.
1335 3956 1409 4009 Τὸ
1454 3955 1509 4008 δὲ
1546 3953 1923 4022 τοποτηρητάς

332 4051 773 4107 ἀποστέλλεσθαι
804 4051 891 4103 διὰ
929 4052 1247 4105 ἐπισκόπων
1271 4048 1457 4119 οἴομαι
1484 4050 1560 4118 μὴ
1592 4043 1730 4100 εἶναι
1755 4046 1923 4113 ἀναγ-

331 4148 515 4197 καῖον.
554 4145 665 4198 Καὶ
712 4144 882 4212 ἱερεῖς
914 4142 1045 4213 γὰρ,
1086 4142 1223 4197 ἀλλά
1257 4142 1364 4213 μὴν
1395 4144 1487 4195 καὶ
1520 4140 1757 4195 διάκονοι
1789 4156 1919 4192 στα-

328 4237 619 4307 λήσονται,
676 4236 753 4298 ὠς
801 4236 1196 4305 τοποτηρηταί.
1247 4234 1337 4289 Ἐν
1372 4237 1491 4297 ταῖς
1546 4233 1762 4286 πλείοσι
1808 4232 1919 4303 γὰρ

330 4329 441 4381 τῶν
492 4327 901 4393 οἱκουμενικῶν
935 4327 1167 4380 συνόδων
1219 4327 1317 4379 καὶ
1349 4326 1640 4379 ἐπίσκοποι
1687 4340 1920 4395 τοποτη-

333 4418 499 4489 ρηταὶ
559 4419 942 4488 παρέστησαν,
988 4419 1083 4470 καὶ
1129 4419 1313 4489 ἱερεῖς,
1347 4419 1443 4470 καὶ
1471 4416 1731 4476 διάκονοι,
1763 4414 1825 4467 ἐκ
1858 4431 1917 4465 τε

327 4514 439 4565 τῶν
486 4512 671 4567 ἄλλων
716 4510 1019 4581 ἐπαρχιῶν,
1057 4508 1195 4564 ἀλλά
1241 4511 1350 4582 μὴν
1398 4510 1492 4563 καὶ
1523 4508 1582 4573 ἐξ
1614 4506 1788 4577 αὐτῆς
1817 4506 1917 4578 τῆς
1948 4539 2002 4599 D

340 4605 534 4674 Ῥώμη
544 4622 589 4664 ς.

399 4697 656 4751 ΖΩΝΑΡ.
690 4693 983 4751 Κάνταῦθα
1011 4695 1175 4748 πάλιν
1202 4693 1337 4765 περὶ
1386 4695 1732 4760 ὲνιαυσιαέας
1762 4695 1922 4749 συνό-

327 4787 420 4839 ὅου
442 4787 614 4856 φασιν
664 4786 714 4837 oi
751 4785 1016 4855 Πατὲρες,
1042 4785 1181 4837 ὥστε
1217 4783 1463 4854 γίνεσθαι
1497 4787 1917 4856 ἀπαραιτήτως.

328 4876 422 4924 Δεῖ
450 4872 573 4935 οὖν,
608 4871 854 4940 λέγουσι,
917 4872 1233 4942 βεϐαιῶσαι,
1290 4874 1375 4926 ἵνα
1426 4876 1566 4927 κατά
1622 4874 1689 4927 τὰ
1727 4876 1785 4926 ἐν
1816 4872 1916 4926 Νι-

329 4966 464 5033 καίᾳ.
524 4964 816 5032 ὁρισθέντα
849 4966 1069 5034 γίνηται
1116 4966 1238 5018 κατ’
1291 4966 1541 5019 ἐνιαυτὸν
1576 4966 1794 5028 σύνοδος
1830 4965 1919 5019 διὰ

325 5058 424 5120 τὰς
459 5058 934 5126 ἐκκλησιαστικάς
964 5058 1163 5121 αἰτίας.
1226 5058 1385 5113 Μετά
1428 5059 1540 5130 γὰρ
1573 5058 1699 5121 τοὺς
1725 5059 1918 5128 ἁγίους

329 5147 673 5210 ἀποστόλους
704 5149 740 5219 ὴ
775 5150 834 5201 ἐν
887 5148 1096 5219 Νικαίξι
1156 5149 1371 5213 σύνοδος
1405 5149 1610 5223 ὥρισεν
1655 5152 1715 5203 ἐν
1750 5156 1791 5202 ε’
1820 5167 1921 5203 κα-

333 5244 443 5295 νόνι
487 5239 610 5295 κατ’
661 5240 909 5293 ἐνιαυτὸν
963 5241 1215 5308 γίνεσθαι
1274 5241 1550 5305 συνόδους.
1594 5240 1920 5311 Ἐκκλησια-

334 5336 515 5383 armat
564 5334 650 5386 δὲ·
678 5334 851 5387 αἰτίαι
912 5335 1054 5387 εἰσὶν
1106 5335 1161 5387 al
1191 5333 1600 5387 ἀνακόπτουσαι
1630 5334 1920 5397 ὑποθέσεις

335 5423 468 5489 πρὸς
520 5422 840 5491 οἰκονομίαν
875 5425 1359 5497 ἐκκλησιαστικὴν,
1396 5428 1602 5489 αἵτινες
1635 5427 1804 5479 αἰτίαι
1842 5425 1916 5495 μὴ

332 5512 779 5581 ἀνακοπτόμεναι
830 5516 1188 5571 παλαιοῦνται
1218 5557 1232 5581 ,
1289 5519 1413 5571 ἀντὶ
1463 5517 1559 5571 τοῦ
1608 5517 1686 5587 τῷ
1740 5517 1918 5587 χρόνῳ

335 5606 682 5675 βεϐαιοῦνται
716 5607 853 5677 πρὸς
884 5607 1106 5678 ὄλεθρον
1132 5610 1225 5662 τοῦ
1251 5609 1380 5663 λαοῦ
1440 5609 1581 5680 Πρὸς
1609 5613 1674 5679 ἢν
1700 5609 1920 5662 σύνοδον

330 5699 378 5749 οἱ
405 5699 535 5759 τοὺς
568 5693 822 5764 πρώτους
850 5696 1078 5766 θρόνους
1131 5700 1240 5752 τῶν
1304 5701 1587 5771 ἐπαρχιῶν
1627 5700 1920 5769 ἐπέχοντες

334 5788 635 5852 στελοῦσιν,
684 5785 778 5850 οὓς
814 5788 882 5841 ἂν
933 5789 1317 5857 ἐπιλέξωνται,
1380 5795 1717 5861 ἐπισκόπους
1749 5799 1842 5853 δύο
1883 5808 1915 5877 ἦ

612 5884 892 5946 Ριιτιιυι.
934 5886 1046 5948 Gtt.
1088 5890 1247 5951 CXX
1262 5892 1469 5956 XVliI.

2043 1937 2470 2006 metropolitanis
2504 1938 2794 1995 mittantur
2842 1939 3026 2008 legati,
3059 1940 3280 2010 quando
3322 1940 3617 2009 oportebit,

2040 2025 2252 2080 scilicet
2284 2029 2497 2095 quando
2546 2028 2580 2081 ii
2633 2027 2883 2081 accersiti
2915 2028 3138 2095 fuerint,
3170 2030 3277 2085 duo
3309 2033 3619 2085 necessario

2039 2116 2304 2186 episc0pi,
2343 2118 2423 2171 vel
2472 2118 2635 2172 etiam
2678 2118 2862 2189 plures
2896 2128 3164 2189 quotquot
3210 2122 3514 2191 elegerint:
3559 2132 3617 2175 ut

2039 2220 2135 2274 per
2164 2220 2261 2260 eos
2293 2206 2391 2275 ipsi
2427 2221 2642 2276 quoque
2668 2208 2929 2263 interesse
2952 2208 3258 2274 videantur,
3289 2223 3340 2265 et
3375 2204 3614 2279 perfecta

2039 2296 2148 2350 sint
2192 2306 2417 2360 statuta,
2460 2309 2518 2351 ut
2549 2311 2669 2368 quae
2716 2300 2781 2353 ab
2828 2302 3080 2356 omnibus
3132 2300 3247 2358 ﬁeri
3301 2303 3610 2357 videantur.

2040 2386 2105 2440 lli
2148 2395 2325 2442 autem
2358 2389 2517 2457 legati
2548 2390 2800 2444 dicuntur
2847 2378 3216 2462 τοποτηρηταὶ
3249 2390 3324 2462 (id
3375 2392 3461 2447 est
3511 2392 3613 2447 loci

2040 2482 2516 2548 conservatores),
2553 2497 2619 2536 eo
2674 2483 2814 2551 quod
2882 2485 3059 2537 locum
3118 2494 3463 2553 conservent,
3521 2504 3613 2539 seu

2039 2573 2325 2627 obtineant
2361 2587 2425 2626 ac
2468 2572 2730 2644 impleant
2774 2590 2963 2629 eorum
3001 2577 3091 2645 qui
3144 2579 3290 2646 ipsos
3328 2582 3612 2631 miserunt.

2038 2665 2172 2718 Cum
2206 2664 2321 2718 btec
2347 2679 2527 2719 canon
2557 2665 2838 2730 decernat,
2866 2656 2992 2735 quia
3022 2666 3313 2723 verisimile
3342 2666 3503 2740 543
3531 2681 3616 2739 est

2038 2754 2241 2810 dixisse
2307 2755 2539 2824 aliquos,
2603 2758 2747 2826 quod
2806 2758 2851 2811 si
2910 2759 3337 2829 mctmpolitani,
3392 2762 3483 2830 qui
3533 2761 3616 2832 dt.

2038 2855 2236 2899 cuntur
2278 2861 2397 2901 esse
2446 2848 2602 2915 primi
2652 2851 3081 2919 provinciarum,
3127 2862 3396 2922 coguntur
3426 2869 3453 2907 a
3516 2869 3614 2924 pa-
3673 2909 3679 2915 ,

2040 2939 2293 2993 triarcbis
2352 2941 2645 3009 quotannis
2706 2942 3018 3009 convenire,
3076 2954 3132 2998 et
3196 2946 3433 3017 episcopi
3497 2961 3615 2998 rur-

2037 3045 2129 3085 sus
2186 3046 2214 3085 a
2270 3033 2725 3101 metropolitauis,
2777 3037 2955 3088 evenit
3006 3044 3061 3088 ut
3094 3051 3257 3089 unum
3295 3051 3357 3090 ex
3408 3037 3471 3091 iis
3509 3054 3611 3090 non

2041 3125 2150 3188 fiat,
2204 3125 2348 3194 quod
2383 3124 2495 3180 ﬁeri
2523 3139 2624 3179 non
2675 3126 2861 3195 possit,
2905 3136 2961 3181 Ill
2997 3126 3277 3198 Dyrrachii
3329 3127 3465 3183 forte
3498 3144 3614 3184 nte-

2038 3216 2396 3286 tropolitanus
2447 3216 2512 3269 ad
2548 3218 2912 3285 patriarcbam
2975 3220 3282 3287 conveniat,
3314 3212 3367 3274 et
3424 3222 3611 3274 eodem

2036 3319 2281 3381 tempore
2324 3310 2559 3364 faciebat
2609 3317 2664 3365 ct
2715 3312 2827 3381 ipse
2872 3315 3137 3383 synodum
3167 3313 3220 3365 in
3271 3327 3365 3366 sua
3395 3314 3614 3382 provin-

2032 3407 2115 3459 cia
2152 3422 2166 3459 :
2203 3404 2309 3467 dic,
2362 3404 2503 3473 quod
2559 3403 2715 3458 facile
2744 3414 2824 3458 est
2875 3415 3165 3475 utrumque
3207 3402 3340 3459 ﬁeri.
3387 3405 3614 3461 Provin-

2037 3497 2200 3551 ciales
2262 3498 2407 3551 enim
2468 3476 2609 3568 apud
2668 3500 2908 3567 ipsorum
2972 3498 3258 3567 primatem
3319 3514 3615 3571 congrega-

2032 3589 2270 3657 buntur;
2325 3587 2439 3658 ipse
2500 3605 2625 3643 vero
2688 3592 2826 3659 apud
2896 3592 3258 3660 patriurcbazn
3330 3595 3615 3647 coovenir-t

2033 3697 2131 3753 per
2188 3693 2567 3753 procuratores
2619 3699 2712 3737 seu
2772 3684 3014 3753 legatos,
3072 3684 3211 3739 sicut
3259 3695 3312 3738 ct
3374 3700 3480 3754 prae
3514 3699 3612 3739 ens

2030 3790 2204 3829 canon
2305 3775 2572 3841 decernit,
2646 3775 2943 3830 diﬂicultatl
3021 3776 3323 3831 remedium
3385 3776 3617 3832 aﬂ‘ercus

2036 3866 2582 3935 mctrotiolitanornrn
2637 3870 2944 3937 prmscntia:
3002 3868 3052 3921 in
3107 3868 3319 3924 duabus
3367 3870 3610 3938 synodis.

2027 3955 2255 4027 Legatos
2313 3968 2492 4012 autem
2543 3956 2684 4012 mitti
2731 3959 3015 4029 episcopos
3055 3959 3312 4014 existimo
3349 3976 3454 4015 non
3488 3976 3613 4014 esse

2024 4051 2421 4107 necessarium.
2466 4050 2598 4105 Nunt
2643 4060 2696 4105 et
2736 4051 3065 4114 sacerdotes,
3098 4047 3228 4120 quin
3269 4051 3432 4104 etiam
3490 4050 3611 4105 dia-

2024 4143 2170 4209 coni,
2227 4144 2509 4197 mittentur
2555 4152 2616 4197 ut
2668 4141 2852 4212 legati.
2912 4142 2967 4197 In
3025 4142 3268 4212 pluribus
3298 4143 3440 4196 enim
3491 4145 3611 4197 uni-

2026 4232 2329 4289 versalibns
2360 4234 2582 4305 synodis
2610 4233 2771 4288 etiam
2820 4235 3059 4305 episcopi
3090 4236 3249 4305 legati
3296 4237 3610 4302 adfuerunt,

2022 4338 2075 4383 et
2140 4328 2474 4391 sacerdotes,
2508 4337 2563 4381 et
2596 4328 2828 4392 diaconi,
2873 4338 2985 4381 tum
3014 4343 3077 4381 ex
3132 4328 3253 4381 aliis
3294 4331 3610 4397 provinciis-

2024 4433 2135 4478 tum
2191 4424 2352 4476 etiam
2406 4438 2471 4475 ex
2528 4423 2640 4491 ipsa
2695 4416 2888 4476 Reum.

2096 4716 2346 4771 ZONAll.
2392 4716 2465 4770 De
2494 4733 2671 4770 annua
2696 4718 2903 4787 synolo
2949 4715 3157 4770 sublata
3204 4715 3348 4768 omni
3394 4716 3608 4783 penitus

2027 4809 2493 4878 tergiversatione,
2557 4810 2878 4863 celebranda
2942 4822 3156 4860 rursum
3236 4805 3322 4861 hic
3390 4822 3606 4875 quoquo

2024 4899 2207 4956 Patres
2240 4902 2562 4955 decernunt.
2617 4898 2772 4964 Quod
2818 4898 2979 4967 igitur
3025 4895 3339 4953 ianicaana
3400 4903 3606 4968 synodo

2026 4993 2373 5048 COIlSllittltlm
2392 4999 2499 5055 cst,
2525 5001 2576 5043 ut
2600 4990 2889 5060 quotannis
2912 4992 2979 5044 ob
2994 4989 3393 5057 ecclesiasticas
3412 5005 3609 5044 clusas

2028 5083 2221 5152 synodi
2252 5081 2573 5145 habeantur,
2595 5082 2646 5135 id
2675 5096 2823 5147 vero,
2857 5082 3134 5151 inquiunt,
3164 5096 3192 5135 a
3226 5083 3380 5137 nobis
3405 5084 3607 5137 contir-

2028 5176 2164 5229 mari
2214 5182 2445 5240 oportet.
2479 5169 2613 5226 Nam
2653 5185 2771 5242 post
2822 5174 3271 5228 Constitutionem
3327 5190 3355 5228 a
3410 5178 3613 5229 sanctis

2029 5264 2288 5334 apostolis
2345 5264 2566 5329 editam,
2606 5265 2881 5318 decretum
2935 5265 3001 5318 de
3059 5264 3268 5334 synodo
3317 5266 3613 5334 quotannis

2028 5353 2296 5414 habenda,
2356 5350 2587 5406 Nicaeum
2643 5352 2814 5419 prima
2861 5355 3099 5425 synodus
3153 5354 3345 5424 quinto
3400 5368 3609 5409 canent:

2028 5444 2407 5513 promulgavit.
2464 5444 2856 5500 Ecclesiastica:
2904 5461 3033 5501 vero
3080 5461 3256 5501 causae
3303 5457 3430 5501 sunt
3484 5464 3605 5515 qu».-

2028 5539 2082 5591 in
2111 5536 2492 5602 Zecclcsiastica
2536 5536 3004 5593 administratione
3044 5539 3097 5593 iu
3146 5538 3261 5594 dies
3304 5551 3606 5607 emergunt,

2028 5642 2148 5697 qua:
2181 5627 2417 5697 quidem,
2464 5626 2567 5681 nisi
2600 5629 2958 5693 cxtricentur,
2991 5630 3318 5692 inveterant,
3354 5629 3452 5681 hoc
3500 5641 3604 5689 ρει.

2029 5721 2093 5773 ad
2139 5717 2318 5789 populi
2351 5718 2646 5787 perniciem
2704 5721 2962 5789 temporis
2998 5719 3352 5774 diuturnitate
3399 5719 3605 5775 invale-

2031 5818 2210 5865 scunt.
2244 5811 2320 5863 Ad
2356 5824 2472 5863 eam
2512 5824 2673 5881 porro
2704 5812 2989 5881 synodum,
3031 5812 3118 5881 qui
3147 5812 3374 5882 primum
3413 5814 3463 5866 in
3489 5829 3613 5883 pto-

3178 5907 3214 5968 4
