4034 6404
484 306 587 373 107

1746 305 2027 401 TIIEOD.
2075 311 2476 378 BALSAMON

3631 327 3729 392 ως

480 421 676 474 vinciis
726 418 904 473 sedem
955 417 1218 474 obtinent.
1268 416 1403 471 duos
1448 416 1715 485 pluresve,
1766 433 1903 489 quos
1958 420 2053 488 ipsi

2167 427 2257 479 καὶ
2285 427 2503 493 πλείους
2531 433 2933 504 τοπιτηρητὰς,
2959 436 3045 488 ἵνα
3068 435 3249 490 τελεία
3282 437 3368 509 είη
3398 439 3431 511 ἡ
3459 440 3729 505 αύθεντία,

474 513 760 578 (siegerittl,
808 513 1092 582 episcopos
1145 511 1353 579 legatos
1408 508 1642 574 mittant,
1698 518 1753 562 ut
1814 511 2052 579 perfecta

476 602 771 656 auctoritas
793 617 885 656 seu
917 612 1154 672 potestas
1184 602 1239 655 itt
1259 611 1527 654 conventu
1560 615 1665 652 non
1690 599 2048 669 desideretur,

473 693 573 743 hoc
602 702 706 756 εει,
738 701 797 744 ιιι
840 694 905 744 atl
951 705 1011 744 ea
1047 706 1167 760 qua:
1224 689 1277 742 in
1321 688 1529 760 synodo
1562 689 1776 740 decreta
1822 689 2050 756 fuerint,

469 782 667 850 quippe
727 782 1051 844 antistitum,
1097 795 1327 852 quorum
1379 782 1430 833 in
1482 778 1706 849 singulis
1754 783 2052 850 provinciis

469 873 737 939 pra‘cipua
768 873 1002 941 dignitas
1048 883 1152 934 est,
1187 887 1281 942 per
1326 872 1532 940 legatos
1573 870 1865 926 accedente
1904 886 2007 927 con
2033 903 2050 915 -

468 975 657 1021 sensu,
696 961 935 1028 perfecta
967 963 1261 1018 auctoritas
1294 963 1632 1030 adjnngatttr.
1666 957 1849 1028 Legati
1880 975 2046 1027 porro

463 1054 836 1121 τοποτηρηταὶ
884 1053 960 1126 (id
1001 1063 1103 1120 est,
1149 1053 1250 1109 loci
1297 1050 1727 1120 conserv'atores)
1769 1049 2043 1119 dicuntur,

464 1147 605 1209 quod
636 1160 823 1199 eorum
858 1162 885 1198 a
921 1147 1115 1212 quibus
1147 1145 1294 1200 missi
1330 1153 1457 1198 sunt
1505 1145 1687 1199 locum
1716 1155 1957 1209 servent,
1992 1145 2045 1200 id

463 1243 567 1299 cal,
599 1245 890 1305 occupent,
925 1234 1204 1301 impleant.

459 1324 684 1381 AlilST.
732 1344 750 1378 ι
786 1323 946 1391 Juxta
979 1323 1198 1379 Patrum
1231 1325 1572 1381 Nicasnorum
1606 1326 1845 1395 decreta,
1878 1340 2043 1398 syno-

535 1434 554 1467 ι
585 1417 682 1470 dus
711 1417 1005 1485 quotannis
1027 1425 1356 1473 convocetur
1383 1436 1396 1473 :
1422 1426 1478 1473 et
1500 1418 1625 1484 duo,
1659 1418 1741 1473 vel
1775 1428 2042 1488 quotquot

535 1524 553 1558 ι
609 1507 893 1578 elegerint,
943 1510 1157 1581 legatia
1213 1510 1534 1580 primatibus
1590 1509 1645 1563 in
1717 1523 2042 1579 unaquaque

546 1616 566 1651 ι
603 1599 876 1667 provincia
909 1600 1213 1655 mittantur.
1261 1620 1281 1654 ι

527 1686 594 1741 lli
638 1688 847 1754 Patres,
892 1688 1087 1746 Nicaeae
1138 1694 1377 1747 habitam
1419 1701 1705 1762 sequentes
1748 1691 2035 1765 synodum,

2157 517 2326 589 ἦγουν
2364 522 2397 590 η
2447 520 2666 587 ἐξουσία
2699 525 2756 576 ὲν
2791 527 2856 595 τῇ
2909 525 3244 592 συνελεύσει,
3304 533 3605 598 τουτέστιν,
3642 534 3730 588 {vat

2153 610 2450 680 όριζόμενα
2497 615 2592 669 καὶ
2612 616 2929 687 τυπούμενα
2956 619 3014 670 ἐν
3042 621 3107 689 τῇ
3141 620 3344 690 συνόδῳ
3371 604 3512 691 μετὰ
3535 625 3730 680 αὐθεν-

2152 701 2274 765 τίας
2292 704 2507 768 τελείας
2531 705 2847 777 όρίζωνται,
2886 708 2962 773 ὡς
2984 710 3077 762 καὶ
3110 711 3218 763 τῶν
3252 716 3642 779 πρωτευόντων
3672 718 3728 768 ἐν

2151 795 2272 858 ταῖς
2304 796 2598 867 ἐπαρχίαις
2623 800 2930 871 ἀρχιερέων
2959 802 3270 874 συμψήφων
3322 806 3623 875 γινομένων
3644 807 3729 861 διὰ

2149 889 2257 939 τῶν
2288 889 2420 958 παρ’
2451 891 2635 945 αύτῶν
2675 893 3044 962 στελλομένων
3095 896 3513 967 τοποτηρητῶν.
3549 899 3724 953 Ton-o-

2147 979 2384 1047 τηρηταὶ
2406 977 2463 1032 δὲ
2493 978 2766 1049 λέγονται,
2799 983 2888 1036 διὰ
2933 985 2996 1036 τὸ
3024 984 3115 1039 τὸν
3137 986 3303 1041 τόπον
3327 989 3537 1058 τηρεῖν,
3564 989 3728 1058 {non

2146 1066 2391 1139 ἐπέχειν,
2418 1070 2791 1143 ἀναπληροῦν,
2825 1075 2937 1129 τῶν
2968 1075 3301 1131 στειλάντων
3325 1077 3549 1139 αὐτούς.

2141 1335 2370 1392 ΑΡΙΣΤ.
2405 1340 2616 1406 ι,Κατά
2643 1342 2771 1407 τοὺς
2796 1344 2957 1416 ὄρους
2989 1348 3099 1399 τῶν
3142 1364 3201 1400 εν
3248 1347 3476 1418 Νικαίᾳ,
3511 1348 3727 1408 σύνοδος

2219 1446 2239 1480 ι
2274 1431 2393 1483 κατ’
2443 1433 2688 1489 ἐνιαυτὸν
2713 1436 3124 1505 συγκαλείσθωο
3166 1439 3263 1492 καὶ
3315 1439 3724 1508 πεμπέσθωσαν

2218 1537 2237 1571 ι
2278 1519 2382 1573 ὑπὸ
2436 1520 2547 1575 τῶν
2595 1526 2987 1593 πρωτευόντων
3022 1529 3081 1582 ὲν
3133 1532 3199 1601 τῇ
3242 1530 3483 1601 ἐπαρχίᾳ
3540 1527 3721 1600 δύο,ἢ

2219 1627 2238 1661 ι
2279 1611 2375 1665 καὶ
2399 1612 2512 1667 ὅσοι
2536 1615 2873 1687 ἐπιλεχθετεν
2901 1622 3297 1691 τοποτηρηταί.
3340 1641 3365 1679 ›
3563 1604 3574 1619 ’-

2210 1699 2543 1774 Οίῐιατέρες
2573 1697 2741 1770 οὗτοι,
2797 1711 2865 1778 τῇ
2901 1710 2959 1762 ὲν
3009 1710 3217 1785 Νικαίᾳ
3260 1714 3729 1783 κατακολουθοῦν-

455 1781 1101 1854 quOtannisCarlltagine
1130 1786 1392 1841 celebrari
1450 1784 1712 1854 synodum
1762 1786 2042 1850 mandant,

2167 1807 2237 1851 τες
2276 1794 2501 1865 συνόδῳ,
2554 1799 2676 1850 κατ’
2703 1799 2950 1854 ἐνιαυτὸν
2984 1803 3044 1856 ἐν
3078 1781 3387 1876 Καρχηδόνι
3443 1781 3723 1878 προστάτ-

453 1872 799 1943 ctesingulis
849 1877 1196 1944 provinciisa
1246 1877 1643 1947 provinciarum
1691 1876 2045 1946 metmpolitis

2167 1901 2298 1939 ςουσι
2327 1886 2545 1942 σύνοδον
2587 1891 2856 1960 γίνεσθαι,
2891 1896 2984 1948 καὶ
3011 1896 3331 1966 πέμπεσθαι
3370 1901 3722 1972 ἀφ’ἑκάστης

451 1962 587 2017 mitti
620 1963 771 2028 duos,
803 1965 885 2019 vel
913 1966 1075 2021 etiam
1111 1979 1458 2040 quotcunque
1484 1969 1745 2040 elegerint
1784 1968 1907 2039 ipsi,
1966 1966 2043 2022 le-

2167 1978 2417 2048 ηπαρχίας
2466 1981 2573 2034 ὑπὸ
2620 1983 2730 2037 τῶν
2789 1962 3211 2057 μητροπολιτῶν
3264 1990 3374 2044 τῶν
3421 1962 3722 2063 ’ἐπαρχιίύν

448 2062 621 2123 gates.
1043 2153 1065 2156 Α
1091 2152 1099 2156 ᾗ
1122 2152 1259 2156 υν-
1295 2153 1439 2156 ﬂ
2139 2068 2255 2139 δύο,
2285 2072 2318 2141 ἢ
2356 2074 2447 2128 καὶ
2480 2075 2637 2141 ὅσους
2679 2080 3019 2144 ὲπελέξονται
3049 2078 3215 2146 οὗτοι,
3237 2062 3647 2156 τοποτηρητᾶς.

1029 2152 1259 2210 CANON
1294 2153 1461 2209 XXII.

2720 2174 2961 2228 ΚΔΝΩΝ
2993 2174 3120 2229 KB'.

453 2266 473 2300 ι
541 2250 598 2307 Si
650 2252 773 2321 quis
816 2252 1103 2321 episcOpus
1170 2258 1476 2312 accusetur,
1508 2248 1573 2301 ad
1626 2247 1744 2317 ejus
1801 2249 2035 2319 regionis

2208 2255 2333 2315 Ἐάν
2361 2275 2446 2323 τις
2490 2261 2600 2317 τῶν
2622 2263 2943 2321 ἐπισκόπων
2990 2270 3390 2342 κατηγορῆται,
3420 2269 3573 2341 παρὰ
3601 2272 3719 2335 τοῖς

528 2362 546 2395 ι
577 2343 838 2419 primates
868 2351 1154 2399 accusator
1186 2355 1296 2395 rem
1333 2340 1542 2396 deferat
1575 2357 1589 2394 :
1636 2355 1732 2395 nec
1779 2357 2033 2398 commu-

526 2454 544 2487 ‹
573 2436 735 2491 nione
762 2444 1016 2493 arceatur
1057 2434 1104 2489 is
1130 2434 1222 2488 cui‘
1250 2433 1455 2487 crimen
1488 2433 1811 2499 intenditur,
1838 2434 1941 2491 nisi
1965 2436 2032 2491 ad

538 2545 556 2578 ι
597 2541 671 2592 se.
703 2527 756 2582 in
780 2524 985 2599 judicio
1015 2523 1409 2583 defendendum
1457 2538 1670 2590 eorum,
1707 2524 1797 2594 qui
1831 2525 1897 2579 ad
1937 2525 2030 2597 ju-

527 2638 543 2669 σ
574 2618 862 2674 dicandum
896 2616 1052 2673 electi
1096 2625 1243 2681 sunt,
1278 2614 1471 2670 litteris
1498 2625 1755 2671 evocatus
1785 2616 1873 2671 die
1900 2631 2031 2686 pra:-

532 2705 554 2761 ι
590 2710 777 2765 stituto
802 2723 1136 2779 nequaquam
1168 2706 1389 2773 stiterit,
1420 2706 1470 2760 id
1492 2717 1597 2774 est,
1628 2706 1765 2761 intra
1787 2707 2025 2777 spatium

529 2821 546 2854 ι
586 2802 806 2864 mensis,
852 2815 918 2857 ex
970 2815 1077 2871 quo
1099 2815 1223 2856 eum
1272 2800 1582 2870 apparuerit
1604 2798 1811 2854 litteras
1869 2813 2026 2854 acceo

529 2913 545 2945 ι
589 2894 753 2964 pisse.
788 2893 844 2949 Si
896 2900 1077 2957 autem
1123 2906 1283 2948 veras
1335 2891 1542 2964 aliquas
1583 2899 1638 2946 et
1686 2891 2026 2946 necessarias

528 3006 544 3037 ι
583 2999 777 3041 causas
827 2983 1147 3051 ostemlerit,
1196 2998 1317 3053 quae
1367 2983 1754 3052 impedimento
1802 2982 2024 3049 fuerint,

522 3095 540 3130 ι
578 3076 863 3146 quominus
902 3090 962 3132 se
990 3075 1200 3132 sisterit
1244 3075 1311 3129 ad
1338 3075 1766 3144 respondentium
1806 3073 1873 3128 iis
1902 3088 2024 3143 quae

530 3190 547 3219 ι
585 3168 873 3225 adversum
900 3183 1025 3223 eum
1068 3168 1346 3238 proposita
1381 3166 1558 3231 fuere,
1606 3168 1747 3220 intra
1790 3166 2018 3221 alterum
2048 3192 2093 3253 ο

534 3280 550 3311 ι
589 3273 827 3315 mensem
862 3257 1128 3330 integram
1163 3258 1362 3312 habeat
1390 3256 1704 3312 facultatem
1742 3257 1873 3312 :sed
1903 3264 2024 3326 post

525 3373 544 3406 ι
600 3352 895 3408 secundum
939 3365 1180 3406 mensem
1206 3365 1314 3405 non
1357 3349 1806 3414 communicabit,
1854 3349 2026 3406 donec

521 3468 537 3499 ι
577 3463 748 3518 purus
777 3454 1031 3504 ostensus
1059 3442 1242 3498 fuerit.
1275 3440 1331 3496 Si
1388 3452 1569 3496 autem
1630 3441 1682 3493 in
1731 3437 2022 3494 universali

525 3557 544 3589 ι
594 3535 804 3609 synodo
839 3533 1216 3595 anniversaria
1254 3547 1314 3586 se
1343 3531 1535 3585 sistere
1575 3528 1830 3595 noluerit,
1861 3537 1918 3582 ut
1942 3527 2027 3582 vel

528 3650 546 3681 ι
584 3628 695 3684 illic
735 3641 898 3684 causa
938 3625 1056 3697 ejus
1093 3624 1438 3688 terminetur,
1493 3622 1608 3691 ipse
1661 3620 1921 3676 adversus
1966 3635 2025 3676 se

521 3741 541 3772 ι
577 3717 1047 3783 condetnnationis
1076 3715 1401 3772 sententiam
1428 3714 1716 3786 protulisse
1751 3712 2023 3783 jutlicabi-

529 3832 545 3863 ι
581 3822 686 3870 tur.
723 3811 844 3878 Quo
876 3825 1002 3865 vero
1028 3817 1268 3878 tempore
1299 3823 1403 3863 non
1433 3807 1818 3872 communicat,
1861 3802 2026 3876 544

533 3924 551 3957 ι
592 3920 694 3961 nec
727 3903 781 3958 in
811 3918 905 3959 sua
935 3903 1187 3967 ecclesia,
1213 3916 1314 3957 nec
1344 3901 1403 3955 in
1434 3901 1687 3969 parochia
1718 3897 2024 3954 communi-

527 4019 544 4051 ι
579 3998 748 4055 eabit.
787 3997 915 4067 Ejus
957 4006 1137 4050 autem
1167 3991 1476 4059 accusator,
1513 3993 1559 4048 si
1604 4006 1879 4061 nunquam
1926 3989 2021 4044 ab-

519 4109 537 4141 ι
582 4089 765 4155 fuerit,
807 4088 875 4143 iis
928 4088 1142 4150 diebus,
1198 4085 1398 4154 quibus
1443 4084 1715 4154 negotium
1762 4082 2000 4149 agitatur

522 4197 541 4229 ι
578 4177 964 4233 communione
996 4189 1339 4245 nequaquam
1372 4182 1624 4228 arceatur
1651 4189 1667 4230 ς
1697 4175 1742 4227 si
1771 4186 1898 4226 vero
1927 4171 2023 4224 ali-

520 4287 538 4319 ι
577 4266 792 4338 quando
836 4264 1067 4320 abfuerit
1112 4265 1350 4335 scipsum
1394 4262 1725 4327 subduceris,
1771 4264 2023 4317 restituto

525 4378 542 4412 ρ
591 4357 1067 4415 communicationi
1119 4357 1394 4428 episcopo,
1458 4355 1573 4427 ipse
1625 4363 1911 4411 accusator
1954 4368 2018 4407 ex

533 4469 551 4501 ι
585 4450 967 4506 communione
1011 4450 1305 4521 ejiciatur,
1354 4448 1428 4504 ita
1480 4457 1659 4504 tamen
1711 4457 1769 4502 ut
1816 4461 1915 4503 nec
1970 4446 2020 4501 ei

521 4560 539 4593 ι
588 4542 954 4596 accusationis
983 4539 1208 4596 facultas
1245 4538 1547 4606 auferatur,
1577 4542 1622 4595 si
1666 4540 1904 4611 potuerit
1933 4552 2021 4594 os-
2050 4533 2098 4593 Ι)
2120 4536 2133 4551 ⁸

527 4652 543 4683 ι
590 4634 811 4688 tendere
840 4632 924 4687 die
958 4633 1263 4703 praestituto
1301 4647 1406 4687 non
1452 4631 1716 4697 noluisse,
1757 4631 1852 4687 sed
1911 4646 2018 4686 non

527 4745 544 4778 ι
604 4725 844 4797 potuisse
896 4724 1117 4791 sistere;
1151 4723 1245 4779 illo
1280 4723 1495 4793 quidem
1549 4724 1839 4781 manifesto
1874 4725 2022 4781 exsi-

523 4837 540 4868 ι
581 4826 777 4883 ειεηιο,
815 4819 960 4893 quod
987 4817 1055 4881 si,
1087 4818 1211 4871 dum
1258 4832 1344 4872 res
1378 4826 1628 4870 movetur
1656 4817 1709 4871 in
1740 4816 2021 4887 episcopo-

521 4927 539 4957 ι
579 4921 699 4962 rum
745 4907 974 4977 judicio.
1031 4906 1327 4962 infametur
1378 4906 1716 4962 accusatoris
1765 4920 2018 4976 persona,

518 5017 534 5047 ι
588 4998 653 5051 ad
727 4999 1128 5054 accusationem
1194 5013 1300 5053 non
1374 4999 1728 5064 admittatur,
1793 5000 1895 5054 nisi
1954 5001 2021 5053 de

524 5108 540 5139 ι
584 5089 805 5159 proprio
846 5092 1083 5159 nrgotio,
1119 5106 1223 5145 non
1273 5100 1450 5146 tamen
1471 5091 1860 5160 ecclesiastico,
1888 5093 2016 5148 velit

518 5206 534 5236 ι
573 5201 676 5255 agt.
706 5203 725 5236 ι

514 5580 710 5636 BALS.
761 5581 896 5647 Quia
939 5584 1210 5653 episcopis
1237 5593 1321 5639 est
1354 5595 1669 5659 competens
1710 5588 2022 5658 metropoli-

441 5670 865 5740 tanijudicium,
904 5673 1036 5728 dicit
1081 5691 1253 5730 canozi
1307 5679 1471 5747 quod,
1532 5680 1577 5734 si
1622 5680 1905 5751 episcopus
1953 5680 2024 5735 ab

442 5764 625 5834 aliquo
653 5778 960 5836 accusetur,
994 5769 1152 5826 debet
1180 5788 1208 5826 a
1241 5788 1339 5827 suo
1374 5774 1604 5842 prim-ate
1629 5788 1721 5831 seu
1747 5784 2020 5845 metropo-

2125 2431 2130 2435 '
2204 2368 2223 2402 ι
2263 2352 2362 2422 τῆς
2381 2353 2547 2407 αύτοῦ
2572 2355 2759 2427 χώρας
2787 2360 3164 2430 πρωτεύουσιν
3192 2364 3220 2416 ό
3246 2363 3571 2435 κατήγορος.
3588 2364 3721 2417 ἅνα-

2212 2460 2231 2493 ι
2269 2445 2416 2515 γάγῃ
2437 2446 2498 2499 τὸ
2528 2449 2763 2519 πρᾶγμα
2784 2465 2800 2481 ο
2855 2452 2951 2505 καὶ
2983 2453 3120 2524 μηδὲ
3152 2454 3261 2508 ἀπὸ
3293 2455 3394 2523 τῆς
3428 2454 3721 2517 κοινωνίας

2210 2554 2229 2588 ι
2268 2536 2487 2609 κωλυθῇ
2548 2539 2579 2592 ό
2625 2543 3126 2612 κατηγορούμενος,
3175 2548 3224 2598 εἰ
3285 2545 3411 2618 μηδ’
3463 2547 3532 2601 ἂν
3577 2549 3720 2618 πρὸς

2209 2648 2228 2681 ι
2260 2629 2556 2699 ἀπολογίαν
2603 2632 2662 2687 ὲν
2713 2634 2792 2705 τῷ
2819 2636 3159 2709 δικαστηρίῳ
3195 2639 3304 2692 τῶν
3352 2639 3718 2709 ἐπιλεγόντων

2202 2741 2220 2775 ι
2253 2724 2494 2788 δικάζειν
2525 2725 2849 2796 γράμματιν
2906 2732 3294 2802 προσκληθεὶς,
3335 2735 3403 2806 τῇ
3429 2733 3716 2804 ὡρισμένῃ

2198 2834 2217 2869 ι
2253 2818 2442 2891 ἡμέρᾳ
2493 2821 2747 2892 οὐδαμῶς
2776 2825 3092 2897 ἀπαντήσῃ,
3150 2825 3300 2880 τοῦτ’
3352 2826 3502 2880 ἔστιν
3557 2827 3716 2887 ἐντὸς

2206 2929 2222 2960 ι
2263 2910 2604 2983 προθεσμίας
2665 2927 2833 2985 μηνός
2890 2919 2985 2985 ἀφ’
3029 2912 3099 2988 ἦς
3137 2916 3353 2988 ἡμέρας
3398 2917 3597 2989 φανείη
3647 2918 3717 2972 τὰ

2206 3021 2225 3054 ι
2261 3004 2567 3074 γράμματα.
2591 3006 2906 3076 δεξάμενος.
2950 3010 3076 3064 Ἐὰν
3098 3011 3155 3064 δὲ
3185 3010 3408 3082 ἀληθεῖς
3440 3027 3592 3075 τινας
3617 3011 3717 3065 καὶ

2193 3114 2213 3149 ι
2251 3098 2660 3167 ἀναγκαστικὲς
2692 3102 2875 3166 αἰτίας
2920 3104 3202 3175 ἀποδείξῃ,
3261 3105 3361 3165 τὰς
3406 3105 3572 3159 αὐτὸν
3597 3121 3716 3159 κω-

2201 3205 2221 3240 ι
2257 3187 2493 3253 λυούσας
2553 3194 2870 3272 ἀπαντῆσαι
2909 3196 3044 3266 πρὸς
3073 3196 3373 3266 ἀπολογίαν
3430 3197 3540 3251 τῶν
3590 3197 3719 3250 κατ’

2207 3297 2228 3332 ι
2262 3281 2426 3335 αὐτοῦ
2461 3285 2859 3353 προτεθέντων,
2902 3287 3057 3351 ἐντὸς
3109 3288 3298 3359 ἑτέρου
3347 3290 3518 3361 μηνὸς
3581 3290 3718 3344 ἀκε-

2202 3390 2224 3425 ι
2261 3374 2421 3444 ραίαν
2475 3377 2645 3447 ἐχέτω
2674 3380 3000 3451 εὐχέρειαν·
3036 3382 3178 3452 μετὰ
3223 3383 3281 3437 δὲ
3330 3384 3424 3438 τὸν
3452 3382 3715 3453 δεύτερον

2202 3481 2221 3515 ι
2262 3467 2407 3534 μῆνα
2458 3470 2535 3539 μὴ
2581 3473 2913 3543 κοινωνήσῃ,
2966 3472 3071 3536 ἕως
3120 3466 3185 3528 οὗ
3216 3474 3458 3545 καθαρὸς
3491 3475 3718 3529 ἀποδει-

2201 3574 2222 3609 ι
2261 3558 2440 3630 χθείη.
2471 3562 2535 3616 Ei
2581 3563 2639 3616 δὲ
2668 3564 2805 3636 πρὸς
2836 3566 3134 3636 σύμπασαν
3150 3568 3263 3639 στὴν
3299 3569 3525 3639 ἐτησίαν
3553 3569 3716 3623 σύνο-

2204 3668 2223 3704 ι
2254 3651 2344 3706 δον
2377 3654 2692 3723 ἀπαντῆσαι
2734 3657 2810 3727 μὴ
2844 3656 3159 3730 βουληθείη,
3203 3658 3290 3713 ἵνα
3336 3659 3443 3713 κᾶν
3498 3662 3614 3712 ἐκεῖ
3649 3660 3716 3714 τὸ

2203 3763 2223 3799 ι
2263 3747 2499 3817 πρᾶγμα
2558 3747 2726 3801 αὐτοῦ
2766 3751 3074 3821 περαιωθῇ,
3129 3751 3293 3816 αὐτὸς
3356 3751 3478 3805 καθ’
3508 3751 3714 3805 ἑαυτοῦ

2203 3857 2223 3893 ι
2259 3839 2362 3909 τῆς
2405 3840 2705 3910 καταδίκης
2735 3842 2837 3911 τὴν
2885 3843 3068 3913 ψῆφον
3109 3846 3561 3916 ἐκπεφωνηκέναι
3587 3862 3713 3916 κρι-

2204 3950 2225 3984 ε
2262 3930 2510 4004 θήσεται.
2549 3933 2639 3987 Ἐν
2664 3934 2720 3987 δι
2755 3934 2835 4005 τῷ
2881 3936 3060 4006 καιρῷ
3090 3930 3133 4004 ᾧ
3162 3938 3221 3990 ού
3264 3939 3518 3991 κοινωνεῖ
3570 3939 3713 4007 μηδὲ

2199 4043 2219 4077 ι
2255 4025 2314 4078 ὲν
2354 4027 2419 4096 τῇ
2457 4025 2563 4095 ἰδίᾳ
2611 4027 2907 4099 ἐκκλησίᾳ,
2948 4028 3085 4098 μηδὲ
3117 4032 3176 4082 εν
3216 4031 3482 4101 παροικίᾳ
3513 4047 3712 4084 κοινω·

2201 4134 2220 4169 ι
2258 4118 2417 4191 νήσῃ.
2471 4119 2530 4172 Ὀ
2583 4120 2640 4173 δὲ
2672 4121 2863 4174 τούτου
2909 4123 3239 4194 κατήγορος,
3291 4124 3386 4177 ἐὰν
3452 4124 3709 4195 μηδαμοῦ

2203 4226 2223 4260 ι
2261 4207 2637 4282 ἀπολειφθείη,
2670 4214 2730 4267 ὲν
2755 4207 2841 4276 αἷς
2871 4214 3110 4285 ἡμέραις
3153 4216 3494 4286 γυμνάζεται
3523 4217 3592 4270 τὰ
3611 4216 3709 4269 τοῦ

2202 4318 2221 4353 ι
2262 4302 2612 4374 πράγματος,
2661 4302 2928 4374 μηδαμῶς
2968 4305 3184 4377 κωλυθῇ
3237 4309 3346 4361 ἀπὸ
3373 4308 3472 4376 τῆς
3507 4323 3708 4385 κοινω-

2203 4412 2223 4448 ι
2258 4394 2422 4459 νίαςο
2474 4396 2572 4450 ἐὰν
2622 4394 2681 4450 δέ
2728 4412 2859 4449 ποτε
2909 4396 3343 4470 ὲλλείψῃὲαυτὺν
3398 4398 3701 4466 ύποσύρας,

2201 4507 2222 4541 ι
2255 4487 2770 4558 ἀποκαθισταμένου
2851 4493 2917 4561 τῇ
2985 4492 3243 4561 κοινωνίᾳ
3307 4491 3405 4546 τοῦ
3482 4492 3710 4545 ιπισκό-

2200 4598 2221 4632 ι
2258 4597 2412 4645 που,
2470 4580 2632 4644 αὐτὸς
2711 4579 2821 4635 ἀπὸ
2883 4584 2982 4653 τῆς
3028 4585 3313 4648 κοινωνίας
3374 4585 3616 4657 ὲκόληθῇ
3673 4588 3702 4639 ό

2194 4688 2212 4721 ι
2245 4671 2551 4740 κατήγορος
2579 4684 2595 4702 ·
2630 4669 2805 4735 οὕτως
2850 4672 3055 4741 μέντοι,
3091 4672 3168 4736 ὡς
3223 4673 3359 4745 μηδὲ
3393 4675 3493 4747 τὴν
3539 4674 3670 4746 εύχέ
3691 4706 3705 4719 -

2122 4802 2133 4811 .
2200 4776 2218 4810 ι
2259 4774 2410 4827 ρειαν
2468 4757 2617 4828 αὺτῷ
2661 4761 3014 4831 ἀφαιρεῖσθαι
3058 4763 3157 4833 τῆς
3209 4764 3548 4837 κατηγορίας
3606 4767 3706 4820 τοῦ

2199 4868 2218 4902 ι
2260 4852 2606 4921 πράγματος,
2637 4852 2736 4905 ἐὰν
2763 4852 2966 4925 δυνηθῇ
2986 4854 3265 4921 ἀποδεῖξαι
3289 4861 3431 4914 κατὰ
3456 4862 3555 4928 τὴν
3573 4877 3707 4929 προ-

2200 4960 2218 4995 ι
2257 4941 2488 5013 θεσμίαν
2509 4944 2631 5015 οὐχὶ
2670 4945 2748 5018 μὴ
2770 4947 3148 5020 τεθεληκέναι,
3181 4952 3319 5007 ἀλλὰ
3355 4952 3431 5024 μὴ
3476 4955 3702 5025 δεδυνῆ-

2197 5055 2217 5090 ι
2261 5036 2384 5091 σθαι
2419 5038 2729 5112 ἁπαντῆοαι
2753 5053 2768 5071 ⁸
2799 5041 3018 5096 ἐκείνου
3036 5043 3199 5114 δήλου
3224 5045 3400 5112 ὄντος,
3438 5046 3512 5110 ὡς
3541 5047 3601 5101 ἐν
3623 5047 3702 5119 τῷ

2197 5149 2217 5181 ι
2253 5129 2522 5184 κινεῖσθαι
2572 5132 2640 5184 τὰ
2677 5133 2981 5203 πράγματα
3032 5135 3091 5189 ὲν
3124 5136 3203 5207 τῷ
3237 5137 3348 5192 τῶν
3378 5139 3699 5193 ἐπισκόπων

2200 5240 2221 5273 ι
2250 5223 2609 5295 διηστηρῖῳ,
2658 5225 2755 5279 ἐὰν
2785 5225 3142 5299 διασέσληται
3172 5229 3235 5283 τὸ
3268 5231 3563 5302 πρόσωπον
3609 5233 3705 5285 to}

2209 5334 2224 5367 ι
2263 5317 2591 5389 κατηγόρου,
2621 5320 2697 5390 μὴ
2725 5318 2885 5392 δεχθῇ
2914 5323 2994 5386 είς
3024 5325 3385 5397 κατηγορίαν,
3412 5330 3460 5380 εἰ
3488 5324 3610 5393 μηδ’
3632 5323 3699 5374 ἂν

2197 5425 2216 5459 ι
2255 5409 2395 5481 ὑπὲρ
2428 5408 2557 5463 ίδίου
2587 5412 2939 5481 πράγματος,
2971 5414 3048 5486 μὴ
3094 5417 3278 5486 μέντοι
3324 5417 3454 5485 περὶ
3500 5413 3701 5485 ἐκκλη-

2201 5519 2219 5552 ι
2255 5499 2558 5564 σιαστικοῦ,
2596 5500 2801 5575 θελήσῃ
2832 5506 3210 5561 ἐπιϐαλέσθαι.
3250 5525 3270 5558 ι

2196 5592 2394 5647 ΒΑΛΣ.
2454 5593 2607 5648 Ἐπεὶ
2657 5596 2969 5668 πρόσφορόν
3005 5600 3120 5653 ἐστι
3175 5598 3530 5669 δικαστήριον
3583 5601 3698 5662 τοῖς

2122 5684 2441 5748 ἐπισκόποις
2478 5684 2653 5738 τὸτοῦ
2722 5690 3152 5765 μητροπολίτου,
3207 5691 3374 5762 φησιν
3428 5693 3458 5745 ὁ
3515 5689 3699 5744 κανὼν

2122 5775 2227 5843 ὅτι,
2254 5774 2348 5829 ἐὰν
2385 5776 2763 5849 κατηγορῆται
2804 5779 3105 5847 ἐπίσκοπος
3144 5782 3298 5854 παρά
3346 5796 3514 5847 τινος,
3548 5781 3703 5849 ὀφεί-
