4034 6394
320 398 424 462 illi)

1344 398 1423 458 ΙΝ
1466 394 1633 460 CAN.
1692 396 1823 457 XXI
1865 391 2071 455 CONC.
2107 389 2463 452 CAllTiIAG

3475 375 3573 443 Η)

314 506 396 563 ita:
427 505 748 571 δικάζεσθαι
802 507 960 577 παρὰ
1009 507 1088 578 τῷ
1143 506 1348 578 πρώτῳ
1376 506 1565 574 αὑτοῦ,
1605 507 1775 578 ἤγουν
1822 502 1902 572 τῷ

2021 502 2177 555 litano
2213 498 2444 570 judicari
2478 514 2492 551 ι
2536 506 2659 550 anzc
2695 492 3198 549 condemnationem
3249 505 3427 546 autem
3484 495 3582 547 lia-

321 598 729 670 μητροπολίτῃ·
763 598 871 669 πρὸ
899 599 955 651 δὲ
986 598 1283 671 καταδίκης
1306 600 1475 669 ἐχέτω
1507 601 1535 653 6
1566 595 1907 669 κατηγορού-

322 708 482 761 μενος
506 692 607 762 τὴν
639 691 853 745 οίκείαν
878 691 1045 763 τιμὴν
1070 692 1545 761 ἀπαρασάλευτον,
1570 694 1665 746 καὶ
1695 693 1907 763 ίερουρ⁵

318 785 510 854 γείτω,
556 785 605 837 εί
639 784 810 855 μήπω
842 783 1202 853 μετακληθεὶς
1233 784 1333 837 οὐκ
1388 783 1694 854 ἀπαντήσει
1735 784 1815 843 είς
1845 783 1906 834 τὸ

316 877 678 947 δικαστήριον
697 877 851 940 ἐντὸς
883 877 1074 948 μηνὸς,
1101 876 1435 946 ψηφίζεσθαι
1453 877 1763 945 ὀφείλοντος
1788 874 1908 940 ἐξό-

313 986 413 1024 του
437 969 508 1023 τὰ
543 957 863 1040 καλούμενᾶ
892 970 1055 1023 αὑτὸν
1085 972 1167 1034 είς
1208 968 1269 1022 τὸ
1311 970 1662 1040 δικαστήριον
1695 968 1907 1032 ἐδέξατο

316 1062 630 1131 γράμματα
653 1077 668 1090 ο
704 1061 842 1138 τότε,
860 1061 968 1130 γὰρ
992 1062 1073 1123 είς
1102 1061 1297 1132 ποινὴν¹
1316 1061 1412 1129 τῆς
1436 1060 1724 1123 ἀπειθείας
1754 1060 1907 1112 ἀκοι-

317 1156 559 1223 νώνητος
592 1154 824 1221 γίνεται,
859 1153 1139 1206 τουτέστιν
1179 1153 1520 1222 ἀφορίζεται.
1586 1152 1713 1205 Ἐὰν
1746 1152 1804 1205 δὲ
1844 1150 1908 1205 ἐκ

314 1258 485 1322 τινων
520 1244 944 1313 συμϐεϐηκυιῶν
963 1245 1152 1298 αἰτιῶν
1169 1245 1385 1314 ἀληθῶν
1414 1247 1557 1315 φανῇ
1584 1244 1644 1309 ἐξ
1664 1245 1910 1312 ἀνάγκης

315 1339 467 1400 τινὲς
517 1338 591 1406 μὴ
626 1337 933 1405 ἀπαντῆσαι
964 1339 1045 1398 είς
1095 1340 1156 1390 τὸ
1189 1337 1539 1407 δικαστήριον
1570 1337 1666 1390 καὶ
1709 1336 1910 1390 ἀπολο-

317 1430 628 1498 γήσασθαι,
659 1429 851 1499 ἕτερος
900 1428 1055 1492 αὖθις
1085 1429 1234 1501 αὐτῷ
1283 1428 1487 1484 δίδοται
1526 1429 1633 1500 μὴν
1665 1431 1747 1494 είς
1778 1446 1912 1500 προ-

317 1519 588 1588 θεσμίαν,
620 1519 780 1589 χάριν
808 1517 919 1571 τοῦ
945 1518 1267 1586 προσελθεῖν
1290 1518 1371 1589 τῷ
1416 1519 1755 1590 δικαστηρίῳ
1774 1536 1787 1550 ·
1817 1519 1910 1573 καὶ

317 1613 370 1663 εί
397 1611 533 1680 μηδὲ
563 1609 736 1672 οὕτως
767 1611 1093 1680 ἀπαντήσει,
1144 1611 1470 1681 ἀφορίζεται
1521 1612 1713 1681 μέχρις
1744 1610 1811 1665 ἂν
1843 1611 1911 1665 τὰ

316 1704 421 1771 τῆς
449 1704 790 1773 κατηγορὲας
829 1701 1285 1759 διευλυσωθῶσιν.
1325 1703 1450 1756 Ἐάν
1507 1703 1565 1757 δὲ
1597 1702 1719 1757 οὔτε
1775 1704 1911 1774 πρὸς

318 1794 415 1848 τὸν
470 1794 827 1864 πρωτεύοντα
873 1796 973 1864 τῆς
1021 1795 1293 1865 ἐπαρχίας
1341 1796 1747 1866 παραγένηται,
1789 1792 1913 1848 οὔτε

318 1889 463 1956 πρὶς
493 1889 593 1956 τὴν
626 1886 859 1956 ἐτησίως
893 1888 1192 1956 γινομένην
1248 1886 1486 1954 σύνοδον,
1554 1888 1718 1952 ἔστω,
1772 1888 1908 1957 φασὶ

320 1977 882 2046 καταδεδικασμένος.
931 1976 1022 2030 Ἐν
1068 1977 1127 2031 δὲ
1156 1977 1233 2048 τῷ
1275 1978 1454 2051 καιρῷ
1479 1981 1579 2049 τῆς
1610 1981 1909 2049 ἀκοινωνη-

324 2071 448 2134 σίας
475 2070 578 2124 οὐκ
614 2070 825 2134 ἔξεστιν
873 2070 1022 2140 αὐτῷ
1056 2071 1396 2141 ὁπουδήποτε
1427 2073 1803 2143 ἱερουργῆσαι.
1847 2072 1910 2125 ὐ

328 2163 383 2217 δὲ
412 2161 743 2233 κατήγορος,
777 2163 827 2215 εί
856 2161 955 2232 μὲν
980 2162 1358 2234 παρουσιάζει,
1385 2162 1540 2217 ἔσται
1570 2165 1909 2229 κοινωνικός·

335 2253 459 2306 εἰδὲ
489 2254 800 2323 ἀπολειφθῇ
834 2254 976 2306 κατά
1006 2253 1229 2323 σκῆψιν,
1261 2253 1423 2318 αὐτὸς
1453 2255 1553 2325 μὲν
1601 2255 1906 2327 ἀφορισθή-

333 2363 506 2410 σεται,
539 2345 647 2399 ὁδε
682 2345 980 2408 ἐπίσκοπος
1016 2346 1421 2419 ἀπολυθήσεται
1455 2348 1548 2400 τοῦ
1576 2349 1907 2419 ἁφορισμοῦ.

326 2437 472 2507 Πλὴν
499 2436 596 2489 καὶ
622 2437 763 2504 μετά
804 2436 894 2488 τον
923 2437 1227 2513 ἀφορισμὸν
1256 2438 1284 2489 ὁ
1311 2439 1618 2510 κατήγορος
1638 2440 1699 2492 οὐ
1738 2440 1913 2494 κωλυ-

325 2526 555 2597 θήσεται
581 2528 764 2594 λέγειν
789 2528 886 2588 τὴν
913 2528 1192 2595 ὑπόθεσιν,
1217 2530 1415 2583 man
1436 2532 1496 2582 οὐ
1522 2531 1660 2583 κατὰ
1692 2548 1915 2602 περιερο

323 2618 452 2685 γίαν
477 2617 807 2687 ἀπελείφθη.
855 2618 978 2671 Ἐπὶ
1005 2619 1208 2682 τούτοις
1237 2620 1380 2674 θέλει
1413 2622 1441 2674 6
1472 2621 1652 2674 κανὼν
1687 2623 1913 2675 ἀκολού-

323 2708 436 2769 θως
460 2708 543 2776 τῷ
576 2708 969 2778 ς’κανόνι·τῆς
1024 2709 1283 2779 δευτέρας
1334 2713 1556 2765 συνόδου
1590 2713 1914 2784 ἀδιάϐλητον

322 2794 594 2852 εἶναιτον
643 2801 973 2871 κατήγορον.
1025 2801 1088 2853 Εἰ
1124 2803 1234 2871 γάρ
1285 2802 1687 2876 διαϐεϐλημένῃ
1742 2807 1828 2876 εἴη
1879 2806 1912 2878 ἢ

321 2890 643 2960 ἀμφίϐολος
681 2892 714 2960 ἡ
759 2890 1030 2960 ὑπόληψις
1074 2892 1262 2962 αὐτοῦ,
1323 2896 1691 2967 ἀπρόσδεκτος
1718 2897 1913 2965 ἔσται,

322 2984 373 3036 εἰ
411 2983 761 3052 μὴόἰκείαν
794 2982 1118 3054 προτίθησιν
1175 2985 1436 3039 ὑπόθεσιν
1478 2990 1619 3042 κατὰ
1661 2989 1753 3042 τοῦ
1798 2991 1918 3043 ὲπι-

325 3077 562 3138 σκοπου,
592 3074 942 3146 χρηματικὴν
971 3075 1192 3147 δηλαδὴ,
1223 3077 1286 3130 οὐ
1322 3079 1504 3148 μέντοι
1539 3080 1917 3151 ἐκκλησιαστιο

2007 592 2131 649 beat
2169 595 2456 646 accusator
2493 587 2771 659 prOprium
2807 587 3064 642 honorem
3094 587 3496 650 inconcussum,
3529 599 3583 639 ιιι

2002 697 2162 739 sacra
2192 681 2461 746 celebret;
2514 680 2616 735 nisi
2662 677 2804 734 forte
2842 679 3138 734 accersitus
3186 691 3244 731 se
3283 676 3336 732 in
3375 677 3583 750 judicio

2008 789 2113 829 non
2144 772 2344 828 stiterit
2391 772 2532 827 intra
2562 786 2823 838 mensem,
2876 770 2964 838 qui
3011 767 3280 823 numerari
3314 769 3471 824 debet
3516 783 3584 823 ex

2007 880 2113 935 quo
2142 865 2373 931 litteras,
2408 865 2603 935 quibus
2648 863 2981 934 injudicium
3000 872 3246 927 vocatur,
3272 861 3580 931 acceperit;

2011 971 2139 1015 tunc
2161 960 2304 1029 enim
2330 959 2381 1013 in
2417 973 2633 1029 poenam
2655 956 3032 1012 inobedientiae
3065 955 3582 1019 excommunicatur,

2009 1049 2192 1115 idest,
2224 1058 2557 1119 segregatur.
2601 1046 2698 1103 Sin
2735 1058 2917 1102 autem
2968 1063 3037 1103 ex
3075 1046 3347 1116 aliquibus
3399 1046 3584 1116 justis,

2009 1159 2127 1215 qua:
2153 1153 2472 1206 evenerunt,
2519 1140 2697 1195 causis
2729 1150 2990 1210 appareat
3012 1154 3138 1193 eum
3168 1140 3219 1192 in
3248 1139 3455 1208 judicio
3488 1153 3586 1193 ne-

2011 1237 2248 1293 cessario
2277 1250 2382 1289 non
2415 1233 2642 1298 stitisse,
2681 1248 2780 1288 nec
2820 1232 3185 1302 respondisse,
3212 1230 3351 1285 alius
3384 1232 3432 1284 ei
3468 1246 3588 1284 rur-

2010 1345 2104 1385 sus
2130 1328 2329 1383 mensis
2351 1328 2511 1381 datur
2533 1325 2828 1392 dilationis,
2851 1334 2906 1378 ut
2937 1323 3289 1394 ad'judicium
3320 1325 3547 1378 accedat
3571 1341 3585 1377 :

2010 1432 2066 1478 et
2095 1422 2139 1477 si
2174 1436 2271 1477 nec
2298 1421 2379 1478 sic
2420 1422 2638 1491 quidem
2684 1420 2907 1482 stiterit,
2953 1427 3289 1488 segregatur,
3319 1419 3493 1473 donec
3524 1417 3591 1473 dc

2012 1514 2359 1569 accusatione
2391 1512 2630 1567 decisum
2655 1511 2843 1568 fuerit.
2875 1511 2930 1567 Si
2960 1525 3086 1567 vero
3125 1525 3299 1580 neque
3345 1511 3411 1565 ad
3458 1526 3589 1581 pro-

2011 1606 2203 1670 vincite
2232 1604 2518 1674 primatem
2546 1604 2862 1668 accesserit,
2887 1617 3060 1673 neque
3090 1604 3157 1657 ad
3181 1601 3443 1673 synodum
3470 1616 3591 1672 qua:

2016 1696 2075 1750 ﬁt
2104 1697 2413 1766 quotannis,
2470 1696 2562 1761 sit,
2607 1694 2800 1764 inquit,
2827 1693 3242 1748 condemnatus.
3268 1693 3327 1746 In
3350 1701 3592 1761 tempore

2017 1804 2181 1857 porro
2245 1786 2825 1843 excommunicationis
2893 1801 2999 1840 non
3078 1785 3206 1841 licet
3262 1785 3313 1839 ei
3384 1794 3591 1839 saclum

2015 1881 2505 1949 quomodocunque
2544 1876 2842 1931 celebrare.
2888 1875 3185 1930 Accusator
3211 1882 3412 1939 autem,
3448 1874 3492 1928 si
3524 1875 3595 1929 sit

2010 1974 2227 2044 quidem
2272 1985 2535 2041 praesens,
2583 1968 2986 2023 communicare
3038 1967 3237 2036 poterit
3279 1966 3411 2027 :sin
3464 1981 3593 2020 vero

2009 2064 2109 2120 sub
2140 2072 2398 2132 praetextu
2444 2061 2695 2127 abfuerit,
2746 2061 2862 2128 ipse
2913 2059 3131 2130 quidem
3186 2056 3590 2129 segregabitur;

2010 2158 2296 2230 cpiscopus
2336 2164 2514 2210 autem
2566 2169 2596 2209 a
2633 2152 3001 2223 segregatione
3053 2149 3386 2207 liberabitur.
3424 2151 3593 2206 Accu-

2012 2258 2162 2305 sator
2205 2257 2383 2304 tamen
2457 2257 2577 2318 post
2599 2234 3018 2318 segregationem
3073 2260 3176 2299 non
3223 2245 3594 2315 prohibebitur

2012 2356 2231 2395 causam
2262 2341 2463 2405 dicere,
2496 2349 2551 2395 et
2593 2339 2737 2411 quod
2766 2353 2873 2394 non
2913 2338 3015 2393 nisi
3044 2337 3114 2393 ob
3151 2352 3372 2393 oausam
3406 2352 3596 2392 ncces-

2012 2435 2212 2492 sariam
2248 2434 2500 2490 abfuerit.
2551 2434 2681 2489 Post
2725 2434 2842 2488 hazc
2874 2433 2986 2487 vult
3026 2448 3225 2499 canon,
3255 2447 3596 2503 consequen-

2017 2535 2097 2581 ter
2124 2525 2317 2579 canoni
2351 2522 2383 2578 6
2434 2524 2686 2579 secundae
2732 2524 2921 2595 synodi
2961 2523 3030 2579 ab
3058 2523 3204 2578 omni
3238 2537 3363 2578 esse
3408 2537 3583 2593 repre-

2017 2618 2276 2674 hensione
2309 2625 2363 2672 et
2393 2616 2615 2672 infamia
2654 2617 2882 2671 liberum
2920 2623 3319 2672 accusatorem.
3349 2613 3406 2668 Si
3450 2612 3596 2668 enim

2015 2711 2361 2775 malafuerit
2416 2710 2501 2766 vel
2547 2710 2709 2764 dubia
2740 2708 2859 2779 ejus
2908 2708 3283 2773 existimatio,
3331 2722 3437 2761 non
3494 2707 3599 2760 crit

2016 2802 2406 2868 admittendus,
2446 2802 2547 2855 nisi
2569 2816 2723 2856 suam
2756 2801 3013 2854 adversus
3035 2800 3350 2878 episcopum
3375 2812 3596 2853 causam

2017 2906 2302 2969 proponat,
2336 2886 2542 2952 scilicet
2576 2894 2970 2963 pecuniariam,
3001 2901 3313 2948 nontamen
3339 2891 3599 2948 ecclesia-

2017 2993 2232 3059 sticam,
2283 3005 2405 3061 quae
2435 2989 2761 3059 depositioni
2793 2988 3038 3059 subjicit.
3065 2987 3142 3041 Ac
3189 2986 3242 3040 in
3288 2985 3355 3041 iis
3381 2985 3599 3056 quidem

2018 3085 2269 3142 consistit
2307 3098 2505 3139 canon.
2536 3083 2619 3139 Tu
2675 3091 2857 3136 autem
2882 3081 3044 3146 scias,
3094 3079 3239 3149 quod
3291 3079 3470 3146 hodie,
3510 3061 3600 3150 qui

324 3168 432 3236 κήν
468 3165 795 3235 καθαιρέσει
826 3166 1371 3225 καθυποϐάλλουσαν.
1411 3172 1519 3224 Καὶ
1543 3174 1571 3225 6
1606 3173 1706 3242 μὲν
1733 3175 1915 3229 κανὼν

2022 3178 2108 3232 hic
2154 3176 2510 3247 praestituitur
2551 3174 2838 3240 terminus,
2892 3170 3073 3225 locum
3131 3185 3236 3224 non
3282 3169 3443 3225 habet
3483 3186 3498 3224 :
3549 3180 3604 3225 et

326 3261 386 3312 ὲν
412 3259 653 3323 τούτοις.
688 3260 761 3313 Σὺ
791 3259 847 3312 δὲ
878 3260 1137 3328 γίνωσκε,
1164 3262 1246 3315 ὅτι
1276 3265 1519 3333 σήμερον
1542 3267 1611 3320 ἀί
1662 3269 1919 3340 περιεχό-

330 3366 494 3418 μεναι
556 3349 898 3420 προθεσμίαι
951 3351 1008 3404 ὲν
1058 3350 1234 3424 τούτῳ
1297 3355 1655 3424 σχολάζουσι⁸
1697 3360 1793 3412 καὶ
1835 3358 1924 3414 διὰ

326 3438 500 3508 ⁴ιερῶν
547 3438 997 3509 ἑπιιρωνημάτων
1021 3441 1510 3513 τριακονθημέρων
1550 3447 1925 3517 μετακαλοῦν-

327 3546 415 3582 ται
448 3530 659 3594 πάντες
717 3531 1007 3598 ὲνάγοντές
1035 3549 1094 3585 τε
1156 3533 1252 3587 καὶ
1282 3536 1625 3605 ὲναγόμενοι,
1649 3540 1758 3594 κᾶν
1802 3540 1923 3605 οἵας

328 3613 431 3675 δτι
457 3621 874 3685 καταστάσεως,
917 3624 1011 3675 καὶ
1047 3624 1151 3679 κᾶν
1202 3627 1353 3680 ἐστὶν
1408 3629 1721 3696 ὑποθέσεως
1751 3632 1813 3685 τὸ
1837 3635 1924 3687 αὶ-

336 3710 526 3778 τὶσμα,
566 3714 716 3763 κατὰ
735 3712 836 3780 τὴν
868 3715 1255 3786 προσκυνητὴν
1294 3716 1501 3787 νεαρὰν
1533 3719 1630 3772 τοῦ
1658 3722 1920 3790 κραταιοῦ

340 3803 427 3854 καὶ
464 3803 634 3871 ἁγίου
687 3804 848 3874 ἡμῶν
894 3803 1180 3874 βασιλέως,
1221 3808 1322 3879 τὴν
1375 3809 1746 3866 άπολυθεῖσαν
1777 3816 1920 3870 κατὰ

334 3894 479 3964 μῆνα
514 3894 762 3960 Ἰούλον,
799 3896 1134 3961 ίνδικτιῶνος
1161 3899 1223 3953 ιδ’
1250 3901 1344 3953 τοῦ
1378 3902 1526 3973 ςχοδ¹
1566 3903 1743 3967 ἔτους.
1776 3906 1923 3978 Πλὴν

329 3985 495 4037 τοῦτο
513 3986 733 4056 κρατεῖ,
755 3986 844 4039 ὅτε
883 3986 971 4039 διὰ
994 3988 1237 4042 λιϐἐλλου
1262 3995 1355 4044 καὶ
1382 3991 1574 4064 λοιπῆς
1598 3994 1923 4068 δικαστικῆς

329 4077 663 4141 ἀκολουθίας
696 4080 1019 4152 χρηματικὴ
1051 4082 1082 4152 ἢ
1120 4085 1500 4157 ἐγκληματικὴ
1534 4090 1672 4143 κατὰ
1699 4093 1922 4146 ἐπισκὸ-

332 4184 438 4219 που
459 4168 716 4240 καταχθῇ
752 4170 1010 4237 ὑπόθεσις
1040 4189 1055 4204 ’
1086 4176 1134 4227 εί
1163 4177 1272 4247 γὰρ
1303 4176 1388 4230 διὰ
1416 4180 1514 4248 τῆς
1546 4181 1754 4245 τάξεως
1783 4200 1922 4254 προ·

332 4261 617 4332 σαγγελθῇ
661 4279 713 4314 τι
738 4265 878 4318 κατὰ
908 4267 1210 4322 ὲπισκΰπου
1239 4270 1270 4340 ἢ
1313 4272 1580 4342 κληρικοῦ
1621 4276 1921 4347 ἐκκλησια-

333 4355 527 4405 στικὸν
587 4354 834 4424 ζήτημα,
891 4357 981 4410 ὅτε
1038 4361 1164 4413 οὐδὲ
1223 4364 1381 4433 χρεία
1434 4366 1553 4418 ἐστὶ
1608 4367 1917 4442 λιϐέλλουῆ

332 4442 504 4513 ἄλλης
523 4445 672 4507 τινος
697 4446 1020 4519 δικαστικῆς
1044 4451 1396 4518 ἀκολουθίας,
1428 4456 1522 4508 καὶ
1551 4456 1579 4508 ὁ
1600 4459 1917 4527 διεγκαλού-

2027 3284 2123 3340 per
2149 3271 2251 3325 tria
2280 3270 2501 3339 triginta
2535 3268 2743 3323 dierum
2774 3269 2952 3324 edicta
2984 3283 3176 3324 omnes
3199 3275 3416 3325 actores
3441 3276 3494 3323 et
3524 3282 3605 3323 rei

2025 3373 2405 3427 accersuntur,
2428 3363 2801 3433 cujuscunque
2837 3361 2948 3419 sint
2973 3373 3169 3427 status,
3196 3371 3250 3417 et
3272 3361 3607 3433 cuiusmodi-

2023 3467 2240 3521 cunque
2268 3467 2432 3507 causa
2463 3451 2554 3519 sit,
2614 3451 2916 3506 secundum
2957 3452 3225 3506 novellam
3273 3452 3509 3522 potentis
3554 3463 3608 3507 et

2023 3542 2197 3595 sancti
2247 3541 2594 3612 imperatoris
2647 3553 2831 3594 mense
2871 3538 3014 3594 Julio
3059 3539 3279 3605 editam,
3317 3538 3610 3594 indictione

2022 3632 2230 3688 decima
2257 3644 2447 3706 quarta
2476 3649 2617 3689 anno
2639 3633 2800 3690 6674.
2828 3631 2933 3688 Sed
2968 3635 3067 3689 hoc
3095 3633 3312 3703 quidem
3339 3642 3608 3696 servatur,

2024 3727 2239 3795 quando
2282 3741 2375 3795 per
2398 3726 2633 3796 libellum
2665 3734 2720 3779 et
2746 3726 3014 3795 reliquam
3057 3723 3372 3798 judicialem
3419 3738 3611 3779 conse-

2023 3820 2294 3892 quentiam
2326 3816 2638 3888 pecuniaria
2678 3816 2761 3872 vel
2799 3816 3100 3872 criminalis
3133 3830 3298 3871 causa
3344 3813 3612 3869 adversus

2023 3914 2337 3984 episcOpum
2368 3910 2514 3965 illata
2543 3911 2731 3964 fuerit.
2763 3908 2819 3963 Si
2855 3919 3037 3964 autem
3089 3922 3186 3977 per
3210 3907 3462 3964 ordinem
3515 3907 3612 3960 ad-

2025 4023 2212 4064 versus
2253 4006 2566 4076 episcopum
2598 4004 2684 4057 vel
2726 4002 2984 4058 clericum
3017 4001 3193 4070 aliqua
3234 3999 3609 4057 ecclesiastica

2029 4102 2263 4173 quaestio
2302 4097 2615 4155 denuntiata
2650 4094 2832 4159 fuerit,
2868 4094 3086 4164 quando
3106 4107 3222 4154 nec
3273 4091 3457 4148 libello
3476 4107 3616 4174 opus

2020 4204 2130 4260 est,
2164 4193 2246 4248 vel
2281 4192 2459 4261 aliqua
2506 4188 2612 4243 alia
2653 4186 2897 4256 iudiciali
2950 4189 3360 4256 consequentia,
3413 4194 3470 4242 et
3521 4181 3614 4256 qu'

2028 4296 2340 4349 accusatur,
2388 4299 2485 4339 seu
2534 4283 2800 4344 defertur,
2851 4296 2955 4334 nun
3005 4279 3180 4346 adeSI,
3234 4279 3487 4349 punietur
3530 4294 3618 4334 se-

2026 4380 2262 4435 cundum
2291 4390 2553 4432 canonem
2585 4373 2656 4428 7i
2691 4373 3050 4442 apostolicum
3077 4412 3094 4440 ,
3120 4373 3265 4428 sicut
3284 4372 3616 4427 condemna-

2026 4484 2114 4528 tur
2145 4487 2239 4526 seu
2268 4469 2487 4539 punitur
2511 4470 2677 4522 etiam
2706 4485 2734 4521 a
2768 4467 2976 4536 legibus
2997 4476 3293 4523 contumax
3321 4480 3387 4521 ac
3429 4465 3614 4522 inobe-

336 4553 527 4605 μενος,
555 4541 897 4608 μηνυόμενος
924 4543 985 4594 οὐ
1017 4548 1399 4615 παρουσιάζει,
1428 4551 1569 4604 κατὰ
1592 4552 1683 4605 τὸν
1709 4550 1777 4607 οδ¹
1796 4556 1918 4608 ἀπο-

2036 4566 2211 4620 diens.
2243 4563 2505 4618 Praeterea
2558 4572 2706 4626 nota,
2738 4560 2879 4630 quod
2921 4568 3241 4629 segregatus
3269 4572 3377 4614 non
3441 4555 3617 4627 impe-

336 4630 590 4682 στολικὸν
645 4634 844 4686 κανόνα
896 4636 1322 4707 κολασθήσεται,
1370 4640 1564 4712 ὥσπερ
1614 4644 1928 4713 κολάζεται,

334 4721 512 4791 ἤγουν
561 4725 1012 4790 καταδικάζεται,
1064 4729 1158 4783 καὶ
1211 4731 1316 4787 ὑπὸ
1349 4731 1461 4784 τῶν
1491 4734 1673 4805 νόμων
1719 4738 1747 4790 ὁ
1777 4738 1934 4791 ἀναί-

335 4833 569 4886 σχυντος
599 4818 856 4889 ἀπειθὴς.
911 4819 1034 4873 Ἔτι
1064 4822 1372 4893 σημείωσαι
1401 4825 1482 4880 ὅτι
1525 4827 1555 4878 ὀ
1601 4829 1927 4899 άφορισθεὶς

332 4910 439 4961 οὐκ
466 4909 827 4977 ἑμποδίζεται
886 4911 976 4967 διὰ
1007 4913 1099 4968 τὸν
1144 4915 1458 4987 ἀφορισμον
1505 4923 1808 4987 γυμνάζειν
1859 4925 1928 4995 ἦν

336 5001 610 5070 προέθετο
644 5019 785 5075 κατη
799 5003 983 5073 μορίαν
1008 5019 1022 5034 ⁸
1047 5006 1141 5059 καὶ
1161 5007 1265 5073 ὅτι,
1324 5010 1374 5061 εί
1399 5009 1776 5082 διαϐληθέντες
1836 5019 1932 5072 καὶ

2040 4658 2185 4712 ditur
2216 4665 2434 4726 propter
2481 4653 2931 4725 segregationem,
2978 4654 3269 4721 quominus
3293 4666 3455 4721 quam
3494 4666 3622 4721 pro-

2038 4752 2217 4821 posuit
2268 4748 2671 4803 accusationem
2730 4755 3092 4814 persequatur
3136 4760 3153 4799 :
3206 4753 3264 4799 et
3303 4745 3471 4814 quod,
3525 4743 3618 4812 qui

2040 4853 2169 4898 sunt
2196 4840 2350 4895 mala:
2375 4852 2471 4893 seu
2501 4837 2679 4891 dubia-
2698 4833 3145 4897 existimationis,
3170 4841 3227 4887 ct
3249 4833 3418 4887 mttlto
3449 4831 3622 4902 magis

2045 4932 2293 4995 infames,
2338 4927 2674 4984 criminalem
2708 4924 2925 4993 quidem
2969 4923 3375 4978 accusationem
3401 4936 3515 4977 non
3539 4922 3624 4977 it.-

2040 5030 2282 5087 struunt,
2322 5018 2416 5074 sed
2469 5014 2815 5085 pecuniarias
2869 5015 3115 5084 preprias
3153 5027 3350 5070 causas
3389 5013 3621 5084 agitant.

333 5095 636 5166 ἀμφίϐολοι
666 5099 796 5167 περὶ
841 5098 944 5168 τὴν
986 5098 1194 5154 οἰκείαν
1236 5100 1538 5171 ἐπιτιμίαν,
1572 5106 1748 5179 πολλῷ
1771 5111 1830 5166 δὲ
1860 5117 2023 5174 πλέον
2053 5121 2101 5173 oi
2124 5119 2331 5186 ἄτιμοι,
2367 5108 2781 5183 ὲγκληματικὴν
2811 5109 3148 5179 κατηγορίαν
3196 5109 3258 5164 οὐ
3309 5105 3621 5171 συνιστῶσι,

334 5189 695 5261 χρηματικὰς
718 5191 775 5246 δὲ
800 5192 937 5256 ἰδίας
964 5193 1250 5277 ὑποθέσεις
1280 5197 1672 5267 γυμνάζουσιν.

406 5284 660 5340 ΖΩΝΑΡ.
693 5285 1124 5356 Κατηγουμένου
1159 5290 1483 5354 ἐπισκόπου,
1533 5295 1562 5347 6
1613 5297 1928 5371 κατήγορος

339 5377 491 5444 παρὰ
516 5378 630 5437 τοῖς
672 5377 1021 5447 πρωτεύουσι
1066 5378 1181 5433 τὼν
1228 5382 1425 5453 χωρῶν
1455 5384 1658 5453 ὀφείλει
1687 5389 1786 5460 τὴν
1831 5408 1933 5445 κα·

336 5467 601 5537 τηγορίαν
628 5469 872 5541 ὲνιστᾷν.
895 5470 1009 5542 Οὐχ
1037 5473 1155 5544 ἅμα
1176 5473 1234 5526 δὲ
1261 5478 1325 5546 τῇ
1361 5481 1672 5553 κατηγορίᾳ
1693 5484 1929 5539 παύεται

334 5556 448 5609 τῶν
477 5557 698 5613 οἰκείων
722 5559 957 5615 δικαίων
1006 5563 1037 5616 ό
1069 5568 1550 5637 κατηγορούμενος
1602 5572 1928 5641 ἐπίσκοπος,

337 5647 453 5701 ἀλλ’
482 5650 545 5703 ἐν
575 5653 641 5722 τῇ
672 5653 856 5723 οἰκείᾳ
885 5656 1023 5726 τιμῇ
1052 5657 1150 5710 καὶ
1181 5661 1515 5714 καταστάσει
1565 5662 1702 5728 ἐστὶ,
1734 5665 1931 5737 μέχρις

335 5742 665 5811 ἀποφάσεως
686 5762 703 5777 ο
727 5746 778 5798 εί
829 5747 909 5816 μή
938 5762 1041 5799 που
1072 5747 1297 5818 κληθεὶς
1324 5751 1405 5814 είς
1438 5751 1801 5825 δικαστήριον
1828 5758 1929 5810 οὐκ

336 5837 636 5906 ἀπαντήσει
685 5839 842 5901 ἐντος
881 5838 1077 5908 μηνὸς,
1107 5838 1445 5909 ψηφίζεσθαι
1475 5844 1784 5915 ὀφείλοντος
1811 5850 1929 5913 ἐξόο

2107 5303 2268 5378 545
2316 5298 2568 5359 ZONAR.
2629 5297 2685 5353 Si
2733 5297 3016 5366 cpiscopus
3073 5304 3380 5360 accusetur,
3435 5308 3619 5348 coram

2037 5402 2275 5470 regionis
2330 5396 2564 5466 primato
2630 5399 2916 5446 accusator
2972 5390 3245 5443 actionem
3331 5386 3620 5457 instituere

2039 5494 2219 5548 debet.
2250 5490 2441 5560 Neque
2480 5501 2610 5543 vero
2648 5486 2849 5542 delato
2874 5498 3113 5549 nomine,
3163 5481 3476 5551 episcopus,
3524 5475 3620 5547 qui

2038 5590 2345 5644 accusatur,
2395 5579 2520 5649 jura
2570 5593 2666 5632 sua
2714 5593 2779 5633 ac
2821 5576 3137 5646 dignitatem
3189 5571 3338 5626 illico
3378 5568 3617 5632 amittit;

2038 5676 2130 5730 sed
2160 5671 2479 5743 dignitatem
2517 5686 2582 5727 ac
2618 5670 2816 5733 locum,
2847 5668 3203 5738 quoadusque
3244 5665 3307 5717 de
3351 5663 3443 5716 illo
3496 5674 3621 5726 pro—

2040 5762 2342 5816 nuntiatum
2380 5759 2560 5825 luerit,
2594 5759 2900 5827 detinebit,
2938 5760 3038 5813 nisi
3069 5756 3211 5811 farle
3252 5756 3318 5810 ad
3357 5754 3618 5824 judicium

2039 5852 2238 5907 citatus
2275 5852 2435 5908 unius
2467 5853 2668 5907 mensis
2702 5850 2982 5906 intervallo
3026 5866 3133 5905 non
3179 5850 3432 5912 adfuerit,
3465 5858 3626 5916 quem
