4034 6394
443 310 546 375 ill

1709 329 1983 392 TIlEOD.
2016 330 2104 389 BA
2116 332 2417 395 LSAMON

3598 342 3696 410 112

422 425 663 492 quidem
692 426 758 482 ab
788 441 854 482 eo
884 435 1129 499 tempore
1163 430 1433 503 designari
1463 435 1757 504 oportebit,
1800 454 1905 508 quo
1931 439 2013 494 lit-

2124 460 2218 496 του
2249 444 2317 497 τὰ
2337 444 2606 501 καλοῦντα
2657 446 2821 502 αὑτὸν
2877 450 2958 511 είς
3001 448 3061 501 τὸ
3097 450 3448 522 δικαστήριον
3481 454 3697 520 ἐδέξατο

442 525 586 572 teras
619 520 817 587 quibus
857 520 923 575 ad
952 522 1218 591 judicium
1253 535 1512 580 evocatur
1548 531 1841 599 acceperit.
1882 529 2018 585 Nam

442 616 569 663 tunc
603 610 823 680 quidem
866 614 1180 683 pertinaciae
1207 616 1420 687 culpam
1457 622 1860 677 communionis
1900 623 2018 693 pri-

441 701 677 766 vatione,
706 702 808 759 hoc
832 711 934 771 est,
960 708 1333 776 segregatione
1354 709 1495 766 luet.
1533 712 1686 778 Quod
1716 714 1762 769 si
1813 715 2021 783 aliqua-

441 806 560 845 rum
610 806 898 848 causarum
941 796 1268 861 illlCl‘VClllll,
1305 815 1441 868 quas
1497 817 1676 867 veras,
1719 819 1828 858 non
1876 819 2020 858 cum-

440 882 715 937 mentitias
746 898 879 940 esse.
900 896 1137 953 constet,
1172 891 1479 946 necessario
1518 892 1797 947 hominem
1846 894 2008 963 impe-

440 971 610 1026 ditum
649 971 819 1030 fuisse
857 988 1134 1046 appareat,
1167 981 1458 1049 quominus
1488 981 1541 1035 in
1563 982 1773 1053 judicio
1808 983 2013 1041 stiterit

438 1069 494 1117 et
548 1065 904 1134 responderit,
962 1070 1014 1122 in
1066 1070 1293 1125 alterum
1354 1087 1597 1128 mensem
1651 1090 1866 1128 rursum
1915 1076 2017 1146 ipsi

441 1154 758 1222 prmtlnitam
788 1159 1022 1214 adeundi
1060 1162 1250 1231 judicii
1301 1164 1439 1218 diem
1493 1167 1773 1237 prorogari
1817 1168 2013 1237 placet.

439 1243 510 1297 At
542 1244 608 1311 si,
636 1244 730 1300 illo
757 1262 1020 1317 nusquam
1059 1264 1376 1321 apparente,
1413 1255 1601 1310 irritus
1641 1257 1776 1312 alter
1802 1272 2018 1328 quoque

438 1336 644 1392 mensis
677 1337 891 1404 abierit,
920 1341 988 1394 ab
1021 1355 1086 1396 eo
1134 1353 1393 1412 tempore.
1428 1349 1785 1418 quoadusque
1828 1365 1911 1416 se,
1963 1352 2015 1408 in

436 1441 541 1496 quo
558 1439 863 1495 accusatur,
885 1434 1042 1508 culpa
1073 1449 1270 1491 vacare
1293 1440 1613 1509 ostenderit,
1636 1444 2017 1499 communione

436 1517 701 1586 privatum
749 1535 871 1577 esse
908 1539 1082 1580 canon
1127 1524 1394 1583 decernit.
1427 1526 1583 1594 Quod
1625 1531 1675 1587 si
1728 1547 1906 1602 neque
1947 1534 2014 1588 ad

436 1607 718 1675 primatem
757 1613 1074 1683 provinciae,
1129 1622 1306 1686 neque
1337 1618 1402 1673 ad
1438 1619 1819 1690 episcoporum
1849 1636 2014 1693 syno-

434 1701 560 1752 dum
593 1702 881 1770 quotannis
914 1704 1102 1760 habcri
1134 1706 1371 1771 solitam,
1411 1718 1469 1762 ut
1504 1710 1557 1762 iu
1589 1724 1651 1764 ea
1676 1710 1740 1765 de
1769 1712 2013 1766 crimini-

435 1792 536 1845 bus
574 1793 676 1862 ipsi
732 1793 955 1862 objectis
988 1806 1281 1865 quaeratur,
1316 1798 1646 1870 quaestioque
1683 1811 1790 1857 tota
1834 1803 2010 1858 absol-
2047 1785 2089 1840 Β

434 1892 614 1950 vatur,
640 1887 952 1953 accesserit,
984 1889 1096 1957 jam
1129 1889 1241 1958 ipse
1263 1898 1450 1945 contra
1477 1907 1537 1946 se
1563 1892 1877 1963 suffragium
1929 1905 2012 1949 ιι.-

435 1973 585 2041 lisse,
628 1974 731 2030 hoc
779 1987 884 2040 est,
938 1980 1052 2048 ipse
1089 1994 1147 2034 se
1191 1981 1582 2037 condemnasse
1619 1985 2012 2041 existimandus

434 2074 536 2120 est.
592 2063 761 2121 Porro
810 2067 900 2123 illo
951 2072 1340 2142 segregatiouis
1377 2082 1639 2143 tempore,
1707 2092 1880 2147 neque
1954 2080 2007 2132 in

435 2156 606 2224 ipsius
637 2157 887 2225 ecclesia,
926 2176 1099 2229 neque
1139 2163 1286 2227 alibi,
1339 2165 1487 2219 velut
1530 2165 1582 2220 in
1628 2167 1864 2236 subjecta
1910 2170 2008 2237 ipsi

434 2250 695 2317 parmcia,
762 2265 886 2305 cum
950 2266 1017 2306 eo
1090 2256 1520 2312 communicandi
1592 2260 1818 2316 faCuItas
1883 2265 2007 2315 erit.

432 2342 733 2395 AccuSator
764 2358 911 2409 vero,
946 2346 990 2399 si
1017 2345 1232 2415 quidem
1272 2348 1324 2401 in
1342 2348 1550 2416 judicio
1597 2362 1791 2419 pra-stu
1826 2354 2008 2420 fuerit,

434 2447 462 2484 a
494 2435 873 2492 communione
899 2452 1239 2509 nequaquam
1290 2444 1563 2498 areebitur
1603 2460 1617 2499 :
1658 2455 1714 2498 at
1755 2447 1798 2500 si
1842 2463 1902 2501 se
1946 2465 2010 2502 eu

432 2529 649 2581 deserto
670 2529 1010 2595 subduxerit,
1058 2532 1161 2588 hoc
1202 2543 1288 2588 est
1319 2544 1510 2605 sponte
1564 2552 1644 2602 se,
1683 2551 1857 2606 neque
1905 2538 2009 2591 ulla

431 2622 747 2701 necessaria.
768 2637 930 2678 causa
958 2636 1201 2691 coactus,
1236 2629 1522 2698 proripuit,
1560 2644 1622 2682 ac
1654 2630 1907 2698 latebras,
1942 2645 2009 2686 ne

431 2712 784 2780 inveniretur,
813 2718 1083 2786 qumsivit;
1119 2721 1431 2790 episcopum
1460 2722 1697 2790 quidem,
1742 2725 1829 2778 cui
1865 2724 2008 2779 dicta

429 2804 546 2860 dies
570 2803 762 2874 fuerat,
789 2825 816 2860 a
845 2808 1006 2861 multa
1038 2811 1399 2866 connnunioni
1434 2812 1742 2866 restitutum
1781 2814 2007 2879 absolvi,

430 2908 800 2955 accusatorem
855 2917 984 2958 vero
1024 2902 1198 2971 ipsum
1263 2903 1503 2959 vicissim
1563 2905 1808 2972 imposita
1851 2919 2009 2973 paena

431 2989 608 3059 puniri
639 2989 791 3059 jubet
861 2993 1043 3047 Actori
1078 3003 1254 3049 tamen
1310 2993 1708 3048 accusationem
1759 2995 2008 3064 persequi

429 3097 495 3136 ac
523 3082 730 3157 judicio
752 3085 984 3154 experiri
1010 3086 1185 3140 adhuc
1205 3085 1387 3141 licebit
1408 3129 1421 3153 ,
1454 3085 1497 3141 si
1526 3086 1683 3141 modo
1710 3101 1815 3140 non
1843 3087 2010 3156 ipsius

427 3174 704 3229 voluntate
725 3190 842 3230 rem
871 3177 1283 3247 contempsisse,
1331 3179 1424 3234 sed
1450 3178 1613 3248 justae
1664 3192 1728 3234 ac
1759 3193 2011 3235 necessa-

429 3267 525 3321 ria:
566 3283 744 3323 causae
772 3268 1103 3333 interventu,
1137 3270 1430 3340 quominus
1463 3270 1529 3325 ad
1562 3272 1882 3342 prmlinitam
1916 3275 2013 3328 ad-

428 3369 592 3426 esset,
620 3359 822 3416 factum
847 3359 1017 3417 fuisse
1035 3360 1368 3432 {ostenderit
1394 3361 1531 3417 Illud
1574 3375 1778 3429 autem,
1815 3364 2012 3433 inquit,

427 3464 619 3505 omnes
648 3452 1005 3517 uorint,tullc
1027 3451 1263 3521 episcopi
1286 3452 1514 3506 delatori
1562 3453 1741 3508 locum
1791 3454 1906 3509 fore
1957 3455 2011 3509 in

423 3543 657 3613 judicio,
687 3543 731 3598 si
763 3542 908 3598 milia
960 3543 1077 3613 ipse
1113 3543 1356 3598 criminis
1387 3541 1607 3598 infamia
1658 3554 1876 3601 notatus
1919 3545 2008 3601 sit.

389 3686 393 3689 τ
429 3635 596 3704 Cujus
634 3649 870 3705 namque
910 3636 1144 3689 delatqu
1189 3649 1387 3689 nomen
1428 3637 1493 3689 ad
1532 3635 1762 3717 judices,
1805 3645 1899 3693 aut
1940 3640 2010 3695 de

432 3743 539 3797 quo
562 3727 727 3781 etiam
756 3727 916 3781 dubia
945 3727 1277 3783 existimatio
1316 3727 1499 3794 fuerit,
1552 3730 1675 3785 nisi
1700 3732 1765 3786 de
1813 3746 1908 3786 sua
1950 3747 2008 3787 re

428 3818 662 3889 privata,
725 3819 1036 3890 pecuniaria
1093 3821 1370 3886 nimirum,
1432 3821 1701 3877 aetionem
1755 3823 2009 3894 epise0p0

429 3908 695 3976 intendat,
734 3908 1115 3965 ecclesiasticae
1148 3923 1278 3963 vero
1308 3910 1717 3975 controversiae,
1754 3910 1855 3965 hoc
1903 3920 2009 3974 est,

428 3997 545 4068 ejus
574 4015 639 4055 ex
666 4000 1050 4070 qua‘episcopo
1078 3998 1377 4070 periculum
1406 3998 1713 4052 amittenda:
1735 3998 2013 4068 dignitatis

431 4100 668 4155 creetur,
726 4102 932 4161 partem
993 4092 1192 4145 nullam
1258 4091 1513 4159 attingat,
1562 4091 1734 4145 audiri
1790 4092 2011 4147 omnino

434 4193 601 4238 vetat.
634 4184 709 4239 De
730 4185 918 4239 eadem
961 4196 1018 4236 re
1042 4189 1226 4236 sextus
1249 4196 1464 4250 quoque
1492 4182 1739 4236 secundae
1774 4194 2015 4236 tecumn—

430 4277 570 4331 nica:
598 4277 788 4346 synodi
828 4291 1000 4330 canon
1057 4275 1318 4331 decernit.
1359 4273 1490 4340 Quae
1539 4275 1592 4328 in
1637 4288 1761 4328 eum
1812 4273 2014 4343 scripta

430 4374 557 4424 sunt
597 4368 740 4423 vide.
763 4365 1000 4433 Quartus
1024 4381 1151 4420 Vero
1175 4374 1229 4420 et
1254 4364 1675 4435 septuagesimus
1704 4372 2017 4421 sanctorum

430 4472 605 4533 apost.
653 4476 773 4517 can.
825 4471 1139 4516 accusatum
1173 4460 1482 4531 episcopum
1531 4472 1610 4515 ter
1667 4461 1862 4527 citari;
1915 4476 2001 4528 ac,
2041 4459 2143 4515 nisi
2179 4454 2406 4523 denique
2436 4449 2488 4503 in
2511 4447 2601 4518 jus
2620 4455 2728 4508 eat.
2770 4441 2876 4496 ³1ίο

432 4558 520 4629 gio
559 4554 905 4611 condemnari
928 4555 1101 4624 jubet.

2121 536 2444 605 γράμματα.
2483 538 2616 591 Τότε
2651 539 2759 609 γὰρ
2791 540 2870 604 είς
2900 541 3090 612 ποινὴν
3103 542 3207 611 τῆς
3240 543 3522 609 ἀπειθείας
3546 546 3698 600 ἀκοι-

2121 626 2359 697 νώνητος
2390 632 2619 698 γίνεται,
2652 632 2929 687 τουτέστιν
2980 636 3325 706 ἀφορίζεται.
3372 633 3498 691 Ἐὰν
3529 638 3586 691 δὲ
3635 639 3698 692 ἐκ

2118 740 2286 778 τινων
2341 727 2767 800 συμϐεϐηκυιῶν
2791 731 3002 793 αίτιῶν,
3036 731 3128 785 καὶ
3176 733 3237 784 οὺ
3270 732 3697 802 πεπλασμένων,

2119 815 2215 869 καὶ
2249 815 2310 881 ἐξ
2338 818 2585 889 ἀνάγκης
2610 820 2774 873 αὐτὸν
2803 821 3126 875 κωλυουσῶν
3149 826 3294 894 φανῇ
3331 824 3599 888 κωλυθεὶς
3624 824 3700 895 μὴ

2118 908 2433 980 ἀπαντῆσαι
2473 912 2552 974 είς
2583 910 2645 964 τὸ
2672 913 3047 984 δικαστήριον,
3076 914 3185 967 καὶ·
3224 913 3699 985 ἀπολογήσασθαι,

2118 1003 2305 1072 ἕτερος
2332 999 2488 1068 αὖθις
2524 1005 2675 1075 αὐτῷ
2700 1006 2902 1060 δίδοται
2961 1008 3068 1078 μὴν
3098 1010 3177 1071 είς
3207 1005 3549 1077 προθεσμίαν
3601 1005 3700 1059 τοῦ

2118 1095 2440 1165 προσελθεῖν
2464 1096 2542 1167 τῷ
2567 1096 2927 1170 δικαστηρίῳ.
2975 1100 3102 1153 Ἐὰν
3153 1099 3212 1152 δὲ
3245 1103 3342 1152 καὶ
3375 1101 3404 1152 6
3448 1099 3702 1168 δεύτερος

2121 1191 2228 1260 μὴν
2251 1189 2500 1263 παρέλθῃ
2543 1191 2637 1243 ἐπ)⁸
2670 1194 2868 1258 κενοῖς,
2902 1192 3115 1245 ἐκείνου
3143 1192 3220 1261 μὴ
3253 1190 3699 1261 ἀπαντήσαντος,

2116 1282 2301 1337 ἔκτοτε
2327 1284 2690 1353 ἀκοινώνητον
2717 1280 2860 1338 εἶναι
2891 1284 3056 1339 αὐτὸν
3081 1285 3110 1336 6
3129 1283 3309 1338 κανὼν
3328 1282 3698 1344 διατάττεται,

2115 1376 2221 1440 ἕως
2248 1376 2556 1448 διαγνωσθῇ
2588 1378 2672 1433 ὅτι
2692 1377 2932 1447 καθαρός
2972 1379 3091 1430 ἐστι
3120 1377 3219 1446 τῆς
3249 1375 3373 1429 κατ’
3400 1374 3567 1428 αὐτοῦ
3604 1390 3701 1441 γε-

2116 1472 2351 1541 νομένης
2376 1473 2737 1543 κατηγορίας.
2758 1471 2883 1524 Ἐὰν
2914 1471 2972 1524 δέ
3005 1470 3132 1524 οὔτε
3164 1469 3301 1539 πρὸς
3329 1468 3420 1522 τὸν
3443 1466 3700 1538 πρωτεύ-

2113 1583 2243 1619 οντα
2269 1566 2372 1635 τῆς
2400 1564 2673 1636 ἐπαρχίας
2696 1565 3102 1636 παραγένηται,
3134 1562 3260 1617 οὔτε
3290 1562 3427 1631 πρὸς
3454 1560 3554 1632 τὴν
3584 1560 3700 1612 τῶν

2115 1657 2432 1710 ἐπισκόπων
2465 1655 2684 1710 σύνοδον
2716 1655 2815 1725 τὴν
2847 1654 3079 1724 ἐτησίαις
3111 1652 3404 1722 γινομένην
3425 1690 3441 1716 ,
3472 1649 3560 1703 ἵνα
3583 1649 3704 1700 ἐκεῖ

2117 1748 2379 1820 ἐξετασθῇ
2404 1749 2471 1802 τὰ
2491 1751 2613 1801 κατ’
2638 1747 2805 1801 αὑτοῦ
2830 1746 3096 1814 λεγόμενα
3122 1746 3215 1798 καὶ
3239 1742 3415 1813 πέρας
3453 1741 3698 1811 δέξηται,

2119 1840 2282 1904 αὐτὸς
2316 1838 2438 1893 καθ’
2464 1836 2659 1890 ἐαυτοῦ
2721 1837 3046 1906 ἐψηφίσατο,
3098 1835 3269 1905 ἤγουν
3306 1831 3469 1895 αὐτὸς
3504 1831 3700 1885 ἑαυτὸν

2117 1930 2499 1983 κατεδίκασεν.
2569 1927 2656 1979 Ἐν
2708 1924 2765 1978 δὲ
2798 1925 2875 1995 τῷ
2907 1924 3085 1994 καιρῷ
3115 1922 3211 1975 τοῦ
3262 1921 3544 1991 ἐπιτιμίου
3594 1919 3699 1989 τῆς

2116 2022 2512 2091 ἀκοινωνησίας
2536 2017 2660 2072 οὔτε
2692 2018 2748 2070 ἐν
2778 2019 2842 2088 τῇ
2872 2013 3140 2085 ἐκκλησίᾳ
3166 2011 3333 2068 αὐτοῦ
3364 2010 3572 2077 ἔξεστιν
3599 2008 3701 2062 αὐ·

2116 2113 2193 2184 τῷ
2228 2108 2577 2181 κοινωνῆσαι,
2606 2107 2730 2163 οὔτε
2757 2104 3013 2177 ἀλλαχοῦ,
3038 2101 3152 2159 οἷον
3180 2101 3446 2175 παροικίᾳ
3468 2103 3699 2154 ὑποκει-

2121 2207 2255 2275 μένῃ
2297 2203 2467 2273 αὐτῷ.
2506 2202 2566 2257 ὐ
2615 2201 2671 2253 δὲ
2706 2199 3035 2270 κατήγορος,
3077 2196 3173 2249 ἐὰν
3226 2193 3575 2265 προσεδρεύῃ
3617 2191 3701 2263 τῷ

2116 2297 2472 2366 δικαστηρίῳ,
2508 2294 2570 2346 οὐ
2598 2290 2973 2360 κωλυθήσεται
3005 2288 3282 2342 κοινωνεῖν
3307 2304 3320 2317 ·
3351 2285 3447 2339 ἐὰν
3466 2284 3523 2338 δὲ
3557 2283 3699 2337 ἀποο

2117 2388 2308 2460 λειφθῇ
2360 2386 2552 2440 ἐαυτὸν
2590 2384 2888 2452 ὑποσύρας,
2939 2383 3106 2452 ἤγουν
3159 2379 3446 2445 ἑκουσίως,
3503 2377 3605 2430 οὐκ
3636 2376 3700 2442 ἐξ

2118 2485 2368 2553 ἀνάγκης
2394 2478 2564 2544 τινὸς,
2593 2476 2787 2531 ἑαυτὸν
2822 2474 3156 2542 ὑποκλέψας,
3209 2474 3303 2524 καὶ
3337 2468 3693 2539 ἀποκρύψας,

2117 2575 2257 2628 ὥστε
2289 2575 2365 2646 μὴ
2397 2570 2771 2644 εὑρίσκεσθαι,
2790 2571 2817 2622 6
2849 2570 2948 2639 μὲν
2975 2567 3273 2628 ἐπίσκοπος
3294 2565 3322 2617 6
3351 2558 3698 2632 κατηγορού-

2121 2684 2282 2739 μενος
2310 2665 2603 2736 λυθήσεται
2618 2661 2710 2717 τοῦ
2739 2660 3041 2729 ἐπιτιμίου,
3064 2653 3580 2723 ἀποκαθιστάμενσς
3606 2649 3689 2713 είς

2117 2762 2214 2832 τὴν
2243 2757 2528 2814 κοινωνίαν
2548 2772 2561 2787 ’
2592 2757 2619 2809 6
2652 2753 2708 2808 δὲ
2746 2754 3052 2823 κατήγορος
3083 2745 3570 2818 ἐπιτιμηθήσεται.
3614 2740 3692 2793 Οὐ

2122 2854 2304 2925 μέντοι
2337 2849 2554 2923 κωλυθή
2568 2864 2714 2901 σεται
2745 2844 3046 2916 γυμνάζειν
3071 2834 3567 2911 τὴνκατηγορίαν,
3597 2832 3694 2884 καὶ

2117 2946 2435 3011 δικάζεσθαι
2465 2946 2560 2998 ἐὰν
2593 2942 2736 3013 φανῇ
2779 2940 2855 3010 μὴ
2892 2937 2953 3003 ἐξ
2996 2932 3202 2989 οἰκείου
3252 2927 3565 3023 θεληματος
3595 2939 3704 2975 κα-

2117 3039 2505 3110 ταφρονῆσαι,
2565 3032 2706 3088 ὥστε
2764 3030 2839 3100 μὴ
2895 3025 3302 3098 ἐμπροθέσμως
3359 3019 3701 3082 ἀπαντῆσαι,

2037 3140 2080 3198 c
2113 3132 2252 3186 ἀλλὰ
2286 3133 2363 3201 μὴ
2412 3127 2710 3198 δυνηθῆναι
2740 3122 2799 3188 ἐξ
2831 3120 3012 3182 αἰτίας
3042 3116 3264 3184 εὐλόγου
3297 3112 3392 3166 καὶ
3451 3112 3704 3178 ἀπαραι-

2049 3248 2058 3257 ·
2109 3225 2294 3295 τήτου.
2335 3221 2517 3275 Ἔστω
2568 3218 2648 3283 δὲ,
2677 3214 2833 3286 φησὶ,
2874 3211 3031 3282 δῆλον
3062 3209 3147 3261 ὅτι
3194 3206 3317 3291 τότε
3369 3201 3701 3295 δεχθήσετᾷαι

2110 3319 2139 3370 6
2165 3292 2482 3386 κατήγορος
2509 3310 2604 3365 τοῦ
2634 3308 2961 3370 ἐπισκόπου,
2985 3302 3081 3355 ἐὰν
3115 3301 3189 3371 μὴ
3218 3296 3596 3379 διαϐέϐληται.
3628 3292 3697 3344 Et

2112 3413 2221 3483 γὰρ
2249 3385 2680 3476 διαϐεϐλημένος
2708 3400 2818 3472 εἴη,
2849 3399 2881 3469 ἢ
2908 3386 3211 3467 ἀμφίϐολός
3242 3393 3392 3445 ἐστιν
3426 3390 3459 3460 ἠ
3485 3385 3698 3483 ὑπόλη-

2112 3479 2207 3577 tius
2229 3504 2416 3570 αὐτοῦ,
2467 3498 2833 3570 ἁπρόσδεκτος
2868 3493 3044 3555 ἔσται,
3076 3490 3125 3543 εί
3157 3487 3234 3560 μὴ
3265 3486 3474 3540 οίκείαν
3502 3479 3700 3577 προτί-

2116 3571 2273 3671 θησιν
2308 3596 2566 3649 ὑπόθεσιν
2615 3588 2762 3643 κατὰ
2793 3584 2889 3640 τοῦ
2945 3581 3278 3676 ἐπισκόπου,
3336 3571 3700 3676 χρηματικην

2113 3668 2355 3763 δηλαδὴ,
2409 3688 2470 3741 οὐ
2505 3683 2688 3755 μέντοι
2730 3670 3212 3748 ἐκκλησιαστικὴν,
3271 3668 3553 3763 τουτέστιν
3612 3668 3700 3724 εἰς

2111 3758 2385 3839 ἔκπτωσιν
2409 3779 2508 3849 τῆς
2538 3774 2845 3842 ἐπισκοπῆς
2882 3763 3354 3829 καταδικάζουσαν
3409 3758 3499 3812 τὸν
3528 3771 3705 3859 κατη-

2107 3877 2467 3949 γορούμενον.
2512 3871 2649 3940 Περὶ
2710 3864 2904 3919 τούτου
2948 3860 3006 3915 δὲ
3060 3858 3155 3912 καὶ
3184 3858 3213 3910 ὁ
3260 3850 3316 3919 ς’
3365 3850 3558 3949 κανὼν⁸
3596 3850 3700 3949 τῆς
3780 3919 3789 3923 _

2105 3937 2365 4040 δευτέρας
2390 3937 2779 4033 οἰκουμενικῆς
2803 3955 3021 4009 συνόδου
3066 3950 3438 4008 διατάττεται,
3473 3937 3660 4040 καὶιςη
3676 3966 3696 3978 ο

2109 4032 2303 4132 τητέόν
2328 4059 2395 4111 τὰ
2425 4032 2954 4123 ἐκεῖγεγραμμένα.
2975 4044 3033 4098 Ὀ
3056 4042 3112 4097 δὲ
3143 4038 3210 4094 οδ¹
3238 4038 3346 4093 τῶν
3379 4032 3700 4132 ἀποστόλων

2115 4127 2297 4209 κανὼν
2334 4150 2424 4204 τὸν
2459 4147 2755 4201 ἐπίσκοπον
2791 4136 3246 4211 κατηγορηθέντα
3276 4127 3565 4202 τρισσάκις
3598 4141 3701 4183 κα-

2117 4243 2330 4299 λεῖσθαι
2382 4236 2616 4303 κελεύει,
2659 4233 2754 4288 καὶ
2800 4234 2850 4286 εἰ
2901 4229 2976 4302 μὴ
3039 4224 3367 4296 ἀπαντήσει,
3420 4219 3541 4272 τότε
3567 4216 3701 4280 τοὺς

2121 4336 2455 4393 ἐπισκόπους
2491 4323 2826 4399 ψηφίζεσθαι
2865 4319 2984 4376 κατ’
3011 4316 3207 4393 αὑτοῦ.⁷

2884 4455 2997 4495 rum
3063 4436 3438 4504 episcoporum
3498 4427 3701 4484 διιπτα-

430 4622 656 4712 ᾸΙΗΒΤ.
692 4671 710 4704 ι
753 4622 1054 4721 Episcopus
1098 4657 1384 4704 accusatus
1412 4654 1466 4702 et
1507 4645 1865 4716 in-jutlicium
1908 4645 2011 4700 du-

2128 4662 2147 4695 c
2182 4638 2404 4697 ΑΡΙΣΤ.
2444 4635 2935 4706 Κατηγορούμενος
2974 4622 3277 4689 ἐπίσκοπος
3310 4626 3405 4679 καὶ
3435 4626 3705 4697 ἀγόμενος

508 4768 527 4801 ι
559 4757 698 4815 ctus=
726 4748 952 4801 duorum
988 4742 1255 4799 mensium
1287 4740 1519 4811 spatium
1553 4739 1748 4794 habeat
1778 4755 1794 4803 ;
1821 4739 1865 4793 si
1893 4738 2013 4808 qui-

508 4858 524 4890 ι
560 4841 679 4894 dem
714 4853 780 4893 ex
823 4837 992 4891 altera
1040 4844 1195 4904 parte
1229 4832 1434 4886 tardius
1476 4830 1657 4885 veniat
1705 4830 1964 4884 auxilium
1997 4846 2011 4882 :

508 4951 524 4981 ι
565 4939 750 5000 postea
781 4937 963 4982 autem
995 4920 1584 4987 exeommunicabitur,
1610 4921 1653 4975 si
1682 4935 1786 4976 non
1822 4934 2016 4975 occur-

510 5042 526 5075 σ
570 5023 724 5077 rerit.
759 5020 815 5074 Si
859 5030 1064 5084 autem,
1099 5017 1379 5088 jpraesente
1414 5023 1687 5079 accusato,
1733 5023 2018 5069 accusator

510 5136 527 5167 ι
575 5113 854 5183 aufugiat,
901 5112 1283 5166 communione
1339 5107 1658 5178 privabitur.
1716 5105 2014 5161 Accusator

517 5227 534 5257 ι
576 5216 752 5259 autem
787 5202 1006 5256 infamia
1039 5201 1311 5267 laborans,
1358 5214 1463 5254 non
1495 5207 1579 5253 est
1629 5208 1935 5253 accusator.
1985 5215 2003 5248 ι

502 5297 802 5368 EpiscOpus
849 5310 878 5348 a
915 5293 1167 5364 quopiam
1232 5303 1541 5355 accusatus,
1592 5304 1622 5344 a
1675 5288 1883 5359 synodo
1925 5291 2010 5343 cui

432 5389 699 5459 subjacct,
750 5401 847 5454 per
896 5384 1106 5438 litteras
1153 5383 1218 5438 ad
1270 5397 1330 5438 se
1380 5381 1774 5437 defendendum
1833 5380 2015 5435 venire

433 5490 707 5536 evocetur.
734 5478 789 5535 Si
840 5484 1041 5541 autem,
1074 5486 1357 5547 postquam
1395 5473 1605 5529 litteras
1629 5472 1926 5543 acceperit,
1955 5485 2015 5527 se

432 5575 634 5641 judicio
679 5588 782 5627 non
835 5569 1055 5635 stiterit,
1110 5581 1283 5635 usque
1358 5568 1424 5621 ad
1474 5580 1638 5621 unum
1688 5564 2013 5635 completum

441 5680 704 5729 mensem,
738 5680 765 5717 a
796 5662 1123 5719 necessariis
1147 5662 1471 5727 quibusdam
1500 5659 1788 5730 impeditus
1810 5657 2012 5724 causis,

443 5760 508 5810 ad
545 5756 856 5811 dilationem
892 5757 1086 5811 habeat
1116 5766 1170 5811 et
1204 5754 1427 5811 alterius
1458 5754 1618 5809 unius
1649 5753 1851 5808 mensis
1888 5766 2018 5807 con-

2185 4754 2204 4786 c
2244 4734 2415 4803 ἐχέτω
2440 4729 2555 4782 δύο
2615 4726 2802 4797 μηνῶν
2835 4722 3059 4786 ἔνδοσιν,
3093 4721 3252 4788 εἴπερ
3283 4718 3551 4789 ἐτέρωθέν
3582 4720 3704 4771 ἐστι

2190 4845 2207 4878 ι
2246 4827 2345 4895 τῆς
2376 4822 2708 4894 βραδυτῆτος
2737 4815 2959 4887 βοήθεια
2984 4830 2999 4845 ·
3053 4813 3180 4883 ἑξῆς
3214 4811 3271 4864 δὲ
3304 4812 3365 4864 τὸ
3402 4808 3708 4880 ἀκοινώνη-

2190 4938 2208 4969 ι
2249 4935 2341 4971 τον
2373 4917 2507 4981 ἕξει,
2550 4913 2624 4984 μὴ
2655 4910 2994 4980 ὑπαντήσας.
3035 4906 3161 4959 Ἑάν
3216 4904 3274 4957 δὲ
3302 4902 3704 4973 παρουσιὰζον-

2193 5030 2211 5062 ί
2250 5028 2338 5073 τος
2370 5008 2464 5063 τοῦ
2500 5003 3007 5077 κατηγορουμένου,
3058 5003 3087 5054 6
3121 4999 3429 5069 κατήγορος
3460 4993 3707 5064 ἀποτεύ-

2194 5122 2214 5155 ι
2246 5117 2339 5174 γῃ,
2374 5101 2484 5166 ἕξει
2512 5098 2574 5151 τὸ
2623 5094 3024 5164 ἀκοινώνητον
3067 5089 3493 5159 διαϐαλλόμενος
3517 5086 3575 5140 δέ
3603 5103 3706 5141 κα-

2197 5215 2214 5245 σ
2252 5194 2482 5263 τήγορος
2510 5189 2571 5243 οὐ
2601 5189 2922 5259 κατήγορος.
2971 5203 2989 5235 ›
3261 5200 3287 5227 ,ι

2194 5285 2531 5349 ηἘπίσκοπος
2559 5281 2665 5335 ὑπό
2696 5295 2840 5341 τινος
2883 5273 3384 5347 κατηγορούμενος,
3432 5270 3583 5341 παρὰ
3630 5274 3696 5340 τῇ

2122 5379 2346 5450 συνόδῳ,
2433 5378 2736 5439 ὑπόκειται,
2772 5373 2859 5426 διὰ
2909 5371 3256 5442 γραμμάτων
3283 5365 3699 5440 προσκαλείσθω

2124 5474 2261 5546 πρὸς
2309 5468 2607 5538 ἀπολογίαν
2657 5467 2830 5521 ἐλθεῖν
2855 5480 2869 5497 ·
2910 5462 3060 5525 εἰδὲ,
3100 5461 3235 5532 μεθὸ
3269 5460 3338 5513 τὰ
3394 5458 3701 5528 γράμματα

2122 5562 2481 5629 δέξεται,οὐκ
2512 5558 2818 5628 ἀπαντήσει
2856 5557 2938 5618 είς
2990 5552 3050 5606 τὸ
3096 5552 3448 5620 δικαστήριον
3506 5548 3702 5617 μέχρις

2123 5658 2245 5711 ὅλου
2286 5655 2450 5726 μηνὸς
2485 5654 2624 5717 ἐνος,
2665 5649 2931 5713 κωλυθεὶς
2967 5649 3093 5709 ἴσως
3124 5646 3228 5700 ὑπό
3267 5659 3430 5697 τινων
3458 5641 3705 5708 ἀναγκα-

2127 5749 2329 5803 στικῶν
2377 5748 2588 5812 αἰτιῶν,
2632 5745 2803 5815 ἐχέτω
2832 5742 2910 5806 είς
2942 5740 3143 5812 ὺπέρθε
3159 5757 3233 5792 ῖιν
3266 5737 3353 5791 καὶ
3385 5734 3573 5807 ἐτέρου
3599 5749 3699 5803 μη-
