4034 6398
354 353 455 420 Ῑὶ3

1334 369 1415 431 ΙΝ
1455 372 1623 436 CAN.
1664 376 1869 437 XXIII
1909 375 2121 440 CONC.
2162 381 2246 443 IN
2278 381 2655 446 CARTHAG.

3512 391 3533 457 1
3550 388 3617 452 Ῑῖ

345 468 434 529 νδς
470 467 588 530 ἐνὸς
611 469 957 542 προθεσμίαν
979 490 991 504 ·
1018 473 1065 529 εἰ
1086 475 1141 530 δὲ
1177 476 1268 531 καὶ
1298 481 1326 533 6
1355 470 1607 554 δεύτερος
1638 485 1746 557 μὴν
1792 505 1931 558 παρ-

2052 490 2388 547 :titutionem.
2419 492 2781 550 Sirautemct
2829 497 3100 553 secundus
3150 498 3347 553 frustra
3396 503 3614 572 elapsus

345 560 491 614 ἐλθοι
512 563 788 635 διακενῆς,
822 570 919 622 καὶ
947 572 1027 632 είς
1057 571 1115 623 τὺ
1141 573 1493 646 δικαστήριον
1534 578 1594 631 οὐ
1622 581 1927 648 παρουσιά-

346 671 450 747 σει.
476 657 863 729 ἀφωρισμένος
886 662 1049 729 ἔστω,
1086 665 1282 738 μέχρις
1320 670 1387 723 ἂν
1435 671 1729 735 ἀνεύθυνος
1760 679 1922 747 φανῇ.

358 746 488 799 Ἐὰν
509 748 563 802 δὲ
590 751 909 808 τούναντίον
939 756 967 807 6
992 757 1091 825 μὲν
1129 762 1610 832 κατηγορούμενος
1627 746 1926 832 ἐπίσκοπος

345 839 608 908 πάρεστι,
642 843 737 896 καὶ
765 845 869 914 τὴν
892 846 1238 913 ἐπεξέλεύσιν
1269 852 1368 922 τῆς
1409 856 1530 909 κατ’
1562 858 1729 913 αὑτοῦ
1762 877 1929 929 κατη-

342 933 540 1002 γορίας
581 935 839 1002 γενέσθαι
884 938 1117 1014 ὲπιζητῇ
1178 946 1207 998 6
1238 945 1294 999 δὲ
1342 948 1649 1022 κατήγορος
1693 953 1927 1022 οὐδαμοῦ

344 1023 611 1092 φαίνηται
639 1066 654 1089 ,
702 1026 841 1083 ἀλλὰ
869 1033 1181 1108 άποφεύγῃ,
1208 1037 1372 1101 αὐτὸς
1401 1040 1512 1106 ἕξει
1545 1042 1605 1095 τὺ
1633 1043 1932 1115 ἀκοινώνη-

342 1129 438 1166 τον
468 1116 499 1169 6
529 1119 861 1189 κατήγορος.
887 1126 988 1178 Διὶ
1008 1127 1166 1181 τοῦτο
1192 1132 1320 1199 γοῦν
1346 1133 1652 1202 ὀφείλουσιν
1679 1137 1728 1190 οἱ
1758 1153 1932 1205 κατη-

343 1209 648 1300 γοροῦντες
679 1213 1059 1283 ἐξετάζεσθαι,
1091 1223 1187 1274 καὶ
1224 1223 1325 1294 τὴν
1355 1224 1674 1296 θρησκείαν,
1712 1231 1805 1281 καὶ
1833 1231 1933 1300 τὴν

344 1298 630 1391 ὑπόληψιν
649 1319 666 1334 '
703 1306 797 1359 καὶ
820 1308 915 1362 ἐὰν
942 1310 1358 1385 διαϐεϐλημένοι
1389 1318 1549 1383 εἰσὶν,
1587 1321 1667 1381 είς
1697 1298 1936 1391 κατηγο-

348 1390 477 1460 ρίαν
506 1393 964 1465 ἐκκλησιαστικοῦ
996 1404 1320 1474 πράγματός
1346 1409 1408 1462 οὐ
1444 1412 1859 1485 παραδέχονται.

958 1518 1201 1575 ΚΑΝΩΝ
1237 1523 1362 1580 KI".

352 1637 372 1667 ε
427 1619 639 1677 Ἐάνδέ
692 1628 1058 1702 πρεσϐύτεροι
1101 1635 1132 1702 ἦ
1171 1635 1409 1695 διάκονοι
1457 1645 1934 1715 κατηγορηθῶσιν,

425 1732 445 1763 ι
482 1715 1006 1789 προσζευγνυμένου
1041 1724 1134 1779 τοῦ
1166 1730 1400 1799 νομίμου
1443 1731 1680 1802 ἀριθμοῦ
1711 1734 1820 1787 τῶν
1874 1739 1937 1788 ἐκ

420 1821 441 1852 ι
482 1805 589 1909 τῆς
622 1806 1033 1909 πλησιαςούσης
1086 1816 1414 1883 τοποθεσίας
1464 1823 1761 1892 αίρετικῶν
1815 1828 1936 1879 ἐπι·
1966 1851 2014 1909 Β

425 1916 449 1947 ι
485 1899 714 1953 σκόπων
742 1943 757 1967 ,
821 1903 914 1969 οὓς
962 1906 1011 1958 oi
1076 1910 1544 1980 κατηγορούμενοι
1591 1916 1931 1984 αἰτήσονται.

424 2006 445 2037 ι
485 1988 640 2044 τοῦτ’
660 1990 811 2056 ἐστιν
831 1994 921 2049 ἐπ’
950 1997 1176 2065 ὀνόματι
1200 2001 1294 2054 τοῦ
1331 2005 1706 2075 πρεσϐυτέρου
1736 2007 1816 2073 ἐξ,
1841 2010 1938 2063 καὶ

426 2099 445 2125 ο
482 2079 581 2132 τοῦ
614 2080 875 2138 διακόνου
891 2087 1060 2155 τριῶν
1081 2106 1094 2119 ·
1150 2090 1248 2143 σὺν
1291 2091 1507 2158 τούτοις
1557 2094 1722 2159 αὐτὸς
1752 2098 1780 2150 6
1808 2097 1938 2162 ἴδιος

427 2191 445 2223 ι
479 2173 594 2227 τῶν
634 2180 1133 2249 κατηγορουμένων
1170 2185 1473 2249 ἐπίσκοπος
1499 2187 1599 2247 τὰς
1628 2189 1814 2250 αἰτίας
1838 2191 1941 2242 αύ-

435 2285 453 2315 t
482 2266 596 2320 τῶν
632 2267 903 2335 ἐξετάσει,
928 2273 1021 2327 τοῦ
1052 2275 1218 2330 αὑτοῦ
1244 2276 1354 2331 τῶν
1375 2279 1602 2351 ἡμερῶν
1652 2283 1747 2335 καὶ
1769 2282 1942 2352 ὕπερ-

430 2378 446 2408 ι
487 2360 700 2414 θέσεων
756 2364 852 2416 καὶ
907 2365 1207 2430 ἐξετάσεων
1246 2370 1340 2423 καὶ
1373 2369 1685 2439 προσώπων
1736 2373 1939 2443 μεταξὺ

425 2470 447 2503 ι
483 2454 599 2508 τῶν
628 2457 1085 2527 κατηγορούντων
1141 2463 1236 2515 καὶ
1269 2464 1770 2534 κατηγορουμένων
1817 2467 1941 2539 τρό-

430 2566 451 2597 ‹
493 2566 601 2603 που
644 2551 1082 2621 φυλαττομένου.
1145 2554 1268 2608 Τῶν
1318 2555 1374 2609 δὲ
1409 2541 1617 2611 λοιπῶν
1661 2559 1942 2632 κ).ηρικῶν

427 2660 462 2692 r
483 2641 590 2706 τὰς
618 2643 800 2707 αίτίας
825 2644 919 2705 καὶ
952 2645 1112 2713 μόνος
1154 2649 1182 2700 6
1208 2647 1452 2712 ἐντόπιος
1486 2651 1785 2716 ἐπίσκοπος
1821 2653 1939 2707 διας

432 2752 451 2783 c
491 2734 611 2803 γνῷ
637 2735 735 2788 καὶ
761 2735 1095 2805 περατὼσει.
1123 2759 1142 2791 ι

425 2848 634 2905 ΒΑΛΣ.
657 2852 765 2903 Καὶ
795 2849 954 2917 οὗτος
975 2856 1001 2908 6
1028 2855 1230 2920 κανὼν,
1255 2859 1571 2928 παρομοίως
1604 2861 1682 2932 τῷ
1715 2863 1820 2932 πρὸ
1847 2863 1944 2916 αύ-

346 2942 672 3013 τοῦΛλγουν
729 2946 875 2999 κατὰ
919 2947 1018 3009 τὰς
1070 2948 1239 3013 αὑτὰς
1297 2950 1613 3016 διαστῖξεις,
1647 2953 1943 3023 διορίζεται

345 3035 681 3099 δικάζεσθαι
736 3039 987 3102 καὶτοὺς
1012 3043 1418 3112 πρεσϐυτέρους
1452 3045 1546 3099 καὶ
1589 3046 1715 3108 τοὺς
1762 3046 1944 3099 διακό-

347 3144 505 3191 νους.
534 3129 645 3182 Τοῦ
669 3130 727 3184 δὲ
764 3130 835 3186 ια’
886 3136 1111 3199 κανόνος
1140 3136 1515 3206 διοριζομένων
1573 3138 1723 3207 παρὰ
1754 3140 1942 3197 πόσοις

2035 578 2216 645 fuerit,
2236 593 2290 637 ct
2307 583 2510 652 judicio
2533 602 2592 643 se
2612 601 2715 641 non
2750 588 2968 654 stiterit,
2992 601 3306 661 segregatus
3325 594 3416 656 sit,
3442 611 3615 666 usque

2037 675 2161 729 dum
2213 678 2470 734 innocens
2528 682 2861 751 apparuerit.
2922 683 2978 738 Si
3043 694 3223 740 autem
3248 701 3295 750 ,ο
3342 690 3617 742 contrario

2035 767 2318 837 episcOpus
2337 783 2622 828 accusatus
2653 774 2907 842 adfuerit,
2931 784 2986 831 et
3017 778 3385 834 accusationis
3417 791 3609 835 contra

2038 873 2096 910 sc
2124 857 2245 913 latae.
2282 861 2483 916 exitum
2523 866 2852 934 quaesiverit,
2887 878 3172 924 accusator
3204 880 3383 925 autem
3415 887 3615 940 nequa-

2037 965 2199 1020 quam
2230 965 2507 1025 appareat,
2526 957 2618 1012 sed
2650 957 2912 1030 aufugiat,
2946 960 3060 1029 ipse
3085 973 3370 1018 accusator
3399 978 3618 1018 cxcern.

2042 1044 2391 1100 municationi
2430 1047 2772 1117 subjicietur.
2800 1050 3005 1107 Idcirco
3044 1055 3228 1123 itaque
3276 1065 3622 1111 accusatores

2040 1137 2336 1191 examinari
2379 1139 2577 1195 debent
2612 1149 2665 1196 et
2696 1143 2871 1211 quoad
2914 1145 3171 1214 pietatem
3206 1155 3261 1201 et
3295 1149 3473 1216 quoad
3504 1148 3624 1216 Opi-

2043 1228 2288 1295 ninnem;
2330 1241 2385 1287 et
2422 1234 2468 1288 si
2515 1236 2671 1306 ejecti
2727 1237 2858 1303 sint,
2890 1239 2956 1293 ad
3007 1241 3367 1297 ecclesiastici
3420 1242 3622 1312 nchtii

2043 1324 2442 1379 accusationem
2483 1342 2586 1382 non
2618 1331 2977 1386 admittuntur

2502 1537 2666 1611 546
2694 1539 2922 1594 CANON
2950 1540 3139 1597 XXIII.

2014 1649 2070 1699 ἰ
2111 1650 2168 1703 Si
2206 1652 2505 1723 presbyteri
2543 1666 2724 1707 autem
2757 1656 2840 1708 vel
2879 1655 3093 1710 diaconi
3120 1658 3363 1712 accusati
3399 1643 3626 1717 iuerint.

2120 1761 2139 1793 ι
2176 1743 2435 1812 adjuncto
2469 1745 2709 1815 legitimo
2749 1762 2976 1802 numero
3013 1748 3380 1804 electitiorum
3406 1751 3626 1819 episco-

2119 1854 2138 1886 ι
2195 1851 2383 1903 porum
2422 1853 2486 1892 ex
2534 1838 2875 1908 prepinquis-
2901 1824 3237 1909 regionibus,
3274 1856 3412 1909 quos
3445 1841 3502 1905 ii,
3534 1844 3624 1910 qui

2111 1948 2131 1979 ι
2165 1942 2509 1996 accusantur,
2539 1932 2850 1998 petiverint,
2883 1934 2934 1986 id
2969 1943 3073 1997 est,
3116 1935 3167 1987 in
3213 1935 3473 1989 «litatione
3526 1949 3624 1989 no-

2110 2040 2129 2071 ‹
2171 2022 2331 2075 ruinis
2383 2024 2687 2093 presbyteri
2737 2037 2856 2086 sex,
2896 2034 2949 2079 et
2980 2026 3193 2081 diaconi
3240 2026 3417 2081 tribus
3453 2042 3467 2078 :
3498 2039 3622 2080 cum

2114 2131 2134 2163 ι
2176 2113 2262 2168 his
2308 2116 2559 2185 preprius
2619 2126 2998 2171 accusatorum
3075 2117 3367 2185 episcopus
3434 2129 3624 2171 eorum

2111 2227 2129 2258 ‹
2161 2221 2353 2263 causas
2380 2209 2735 2273 examinabit,
2772 2209 2960 2263 eadem
2989 2209 3195 2263 diermn
3223 2218 3276 2261 et
3305 2207 3624 2262 dilationum

2130 2317 2147 2349 ι
2190 2307 2243 2353 et
2265 2300 2728 2356 examinationum
2760 2309 2813 2355 et
2843 2315 3226 2369 personarum,
3280 2309 3630 2355 accusatores

2116 2412 2134 2443 ι
2175 2393 2315 2448 inter
2348 2403 2403 2447 et
2468 2408 2563 2449 eos
2614 2396 2707 2463 qui
2764 2402 3115 2458 accusantur,
3157 2392 3333 2448 forma
3386 2403 3623 2448 servata.

2063 2505 2077 2518 -
2115 2508 2133 2538 ‹
2171 2488 2527 2556 Reliquorum
2566 2496 2746 2543 autem
2779 2487 3103 2543 clericorum
3132 2501 3330 2544 causas
3360 2486 3444 2542 vel
3475 2486 3628 2543 solus

2116 2600 2133 2631 ι
2171 2580 2456 2651 episcopus
2493 2580 2592 2637 loci
2626 2590 2885 2650 agnoscat
2913 2590 2967 2634 et
2997 2566 3169 2634 ﬁniet.
3207 2600 3230 2630 ι

2107 2870 2298 2925 ΒᾹΕΞ.
2341 2870 2439 2924 ilic
2475 2886 2691 2940 quoque
2743 2886 2937 2931 canon,
2993 2867 3249 2923 similiter
3307 2883 3370 2923 ac
3422 2882 3625 2936 praece-

2043 2962 2198 3026 dens,
2258 2957 2513 3015 videlicet
2566 2958 2865 3014 secundum
2934 2959 3154 3013 easdem
3221 2958 3626 3020 distinctiones.

2045 3054 2232 3107 statuit
2263 3062 2318 3107 ut
2347 3053 2663 3123 iudicentur
2709 3063 2763 3107 et
2807 3052 3108 3123 presbyteri
3145 3060 3197 3106 et
3223 3051 3460 3107 diaconi.
3493 3050 3630 3105 Cum

2045 3155 2221 3200 autem
2251 3144 2571 3199 undecimus
2613 3158 2788 3198 canon
2836 3143 3077 3209 deﬁniat,
3115 3158 3146 3198 a
3175 3153 3308 3214 quot
3360 3142 3633 3211 episcopis

349 3220 686 3284 ἐπισκόποις
737 3223 1014 3293 ὀφείλουσι
1061 3227 1380 3292 δικάζεσθαι
1438 3229 1487 3282 oi
1536 3230 1846 3285 ἐπίσκοποι.
1888 3234 1939 3285 οἱ

2052 3239 2279 3293 debeant
2330 3236 2562 3308 judicari
2612 3238 2873 3306 episcopi,
2927 3237 3230 3308 presbyteri
3280 3245 3334 3290 et
3391 3235 3631 3297 diaconi,

349 3313 726 3385 πρεσϐύτεροι
777 3317 874 3370 καὶ
903 3320 955 3370 οἱ
996 3319 1257 3385 διάκονοι,
1291 3319 1417 3391 ἄρτι
1466 3324 1940 3391 παρακελεύονται

350 3408 398 3458 οἱ
444 3408 723 3475 Πατέρες,
756 3409 1018 3463 ἐπέκεινα
1054 3403 1150 3481 τῆς
1181 3414 1481 3477 δωδεκάδος
1509 3415 1611 3484 τῆς
1640 3416 1826 3480 ἑξάδος
1847 3416 1943 3469 καὶ

348 3498 454 3566 τῆς
487 3500 717 3567 τριάδος
747 3499 891 3557 εἶναι
921 3504 1015 3557 τὸν
1058 3507 1374 3577 πρόσφορον
1419 3507 1686 3580 ἐγχώριον
1717 3510 1942 3563 ἐπίσκο-

351 3609 455 3646 πον
477 3612 492 3626 ·
524 3597 658 3660 τοὺς
683 3597 742 3650 δέ
769 3598 919 3667 παρὰ
954 3599 1198 3665 τούτους,
1232 3602 1400 3671 ἤγουν
1432 3606 1558 3667 τοὺς
1591 3591 1946 3671 ἀναγνώστας

360 3687 447 3739 καὶ
480 3687 614 3748 τοὺς
636 3686 883 3750 λοιποὺς,
919 3690 1075 3758 παρά
1121 3691 1241 3755 ἐνὸς
1277 3695 1370 3746 καὶ
1405 3693 1571 3762 μόνου
1622 3694 1717 3746 τοῦ
1772 3711 1945 3764 προσ-

364 3779 523 3848 φόρου
546 3782 858 3835 ἐπισκόπου
886 3782 1230 3846 δικάζεσθαι,
1281 3786 1567 3855 Αίρετικοὶ
1601 3785 1659 3838 δὲ
1690 3785 1945 3853 λέγονται

356 3874 653 3928 ἐπίσκοποι
677 3874 800 3945 οὐχὶ
844 3877 891 3928 οἱ
932 3878 1315 3949 περιεχόμενοι
1366 3881 1425 3932 ἐν
1472 3879 1551 3948 τῷ
1586 3879 1631 3951 β’
1657 3877 1824 3949 τίτλῳ
1852 3877 1946 3931 τοῦ

354 3964 396 4028 ζ’
426 3965 645 4034 βιϐλίου
681 3967 791 4020 τῶν
814 3967 1161 4031 Βασιλικῶν,
1196 3972 1243 4024 οξ
1280 3971 1418 4039 μετὰ
1469 3970 1669 4034 δόσεως
1718 3970 1944 4038 προστί-

2042 3344 2188 3385 nuuc
2216 3329 2407 3400 jubcnt
2453 3328 2667 3394 Patres,
2695 3341 2757 3384 ut
2788 3331 2929 3384 ultra
2962 3330 3244 3384 duodecim
3276 3343 3369 3382 sex
3395 3338 3449 3383 et
3500 3338 3632 3389 tres,

2045 3422 2935 3493 sitquoquelociepiscopnsjuslex
2961 3432 3306 3491 competens;
3330 3420 3421 3491 qui
3452 3429 3632 3474 autem
3692 3474 3696 3479 ,

2046 3524 2172 3571 sunt
2210 3527 2406 3587 praeter
2428 3531 2545 3580 eos,
2581 3517 2813 3572 lectores
2857 3516 3069 3571 scilicet
3097 3526 3149 3572 et
3182 3515 3400 3584 reliqui,
3431 3516 3499 3569 ab
3525 3530 3632 3567 uno

2048 3606 2166 3661 Solo
2191 3606 2519 3676 competenti
2544 3606 2797 3676 episcopo
2818 3605 3154 3677 jndicentur.
3188 3605 3419 3658 Electitii
3445 3614 3630 3658 autem

2046 3695 2303 3748 dicuntur
2337 3696 2603 3766 episcopi,
2656 3712 2762 3751 non
2806 3697 2898 3765 qui
2934 3697 2985 3749 in
3024 3696 3264 3750 secundo
3298 3695 3381 3752 tit.
3410 3694 3503 3752 lib.
3559 3709 3636 3748 vn

2043 3785 2400 3841 Basilicorum
2429 3788 2796 3850 continentur,
2824 3788 2916 3856 qui
2942 3789 3151 3843 scilicet
3183 3802 3304 3843 cum
3336 3801 3509 3858 pennae
3542 3787 3637 3839 da-

2047 3881 2197 3935 tioue
2223 3880 2501 3951 iudicant;
2535 3881 2626 3936 sed
2648 3895 2784 3951 quos
2815 3883 2975 3950 eliget
3006 3883 3051 3935 is
3086 3881 3179 3952 qui
3213 3890 3529 3939 accusatur.
3565 3892 3631 3932 ex

2052 3972 2400 4027 ﬁnitimarum
2442 3974 2723 4043 regionum
2750 3973 3041 4043 episcopis.

355 4082 458 4132 μου
489 4063 850 4131 δικάζοντες,
882 4065 1021 4121 ἀλλὰ
1095 4065 1189 4133 οὒς
1246 4068 1610 4139 αἱρετίσεται,
1669 4069 1838 4140 ἤγουν
1910 4068 2243 4136 ἐπιλέξεται,
2304 4071 2333 4124 ό
2406 4071 2889 4143 κατηγορούμενος
2950 4071 3013 4124 ἐκ
3070 4068 3179 4123 τῶν
3231 4068 3628 4141 πλησιοχώρων

352 4160 699 4217 ἐπισκόπων.

423 4274 679 4329 ΖΩΝΔΡ.
738 4271 799 4326 Ὃ
826 4274 926 4343 μὲν
965 4275 1224 4345 ἀνωτέρω
1251 4273 1433 4329 κανὼν
1464 4291 1529 4327 πε
1540 4275 1593 4345 pl.
1621 4275 1944 4330 ἐπισκόπων

348 4368 646 4433 διετάξατο
678 4369 1178 4441 κατηγορουμένων
1198 4386 1212 4402 ο
1247 4360 1404 4432 οὗτος
1450 4368 1507 4422 δὲ
1544 4369 1672 4439 περὶ
1704 4368 1943 4442 πρεσόυο

348 4462 533 4531 τέρων
560 4462 659 4516 καὶ
693 4462 959 4516 διακόνων
1006 4462 1218 4532 ὁρίζει,
1270 4463 1366 4516 καί
1412 4469 1601 4533 φησιν,
1639 4462 1768 4518 Ἐάν
1811 4480 1947 4535 πρε·
1994 4496 2001 4501 -

2124 4277 2376 4334 ΖοΝΑιι.
2416 4277 2693 4349 Superiori
2733 4279 2950 4349 quidem
2994 4278 3062 4337 de
3095 4280 3382 4349 episcopis,
3413 4297 3501 4352 qm
3546 4298 3637 4334 ac-

2055 4379 2352 4433 cusantur;
2397 4369 2503 4425 hoc
2525 4385 2657 4424 vero
2692 4385 2900 4425 canone
2945 4372 3011 4425 de
3054 4371 3385 4440 presbyteris
3427 4382 3483 4426 et
3519 4372 3637 4425 dia-

2052 4461 2207 4516 conis
2237 4461 2516 4518 deﬁnitum
2547 4480 2560 4517 :
2598 4461 2686 4527 Et,
2731 4462 2779 4516 si
2811 4461 2955 4530 quis,
2984 4462 3182 4529 inquit,
3233 4464 3513 4534 presbyter
3545 4475 3639 4518 aut

349 4555 621 4620 σδύτερος
652 4554 686 4627 ἦ
719 4554 968 4618 διάκονος
997 4555 1436 4626 κατηγορῶνται,
1472 4557 1500 4609 6
1528 4554 1826 4619 ἐπίσκοπος
1847 4556 1944 4609 αύ-

2055 4553 2400 4608 ιΙίιιοοιιιιείιι
2441 4553 2706 4623 judicium
2737 4562 2958 4609 vocetur
2988 4553 3057 4607 ab
3116 4552 3363 4623 ipsorum
3422 4556 3636 4626 episcov

345 4650 487 4714 τῶν,
525 4648 942 4719 συνερχομένων
985 4648 1136 4717 αὐτῷ
1164 4649 1256 4702 καὶ
1291 4648 1498 4719 ἐτέρων
1525 4649 1842 4703 ἐπισκόπων
1881 4651 1947 4704 ἐκ

350 4740 453 4809 τῆς
492 4738 670 4809 αὐτῆς
690 4739 978 4812 ἐπαρχίας,
1011 4738 1072 4804 ἒξ
1095 4739 1194 4809 μὲν
1222 4740 1316 4794 ἐπὶ
1345 4740 1755 4811 πρεσϐυτέρων,
1776 4720 1948 4812 τριῶν

349 4832 547 4897 δειπι
576 4832 868 4895 διακόνων,
927 4831 1175 4898 ἐξετάσει
1221 4831 1322 4903 τὴν
1378 4831 1741 4903 κατηγορίαν.
1771 4834 1841 4902 ,οί
1890 4831 1949 4885 δὲ

349 4924 653 4976 ἐπίσκοποι
697 4918 811 4976 εἷεν
836 4921 927 4983 ἂν.
980 4920 1076 4986 οὓς
1106 4922 1474 4994 αἱρετίσονται
1508 4924 1559 4979 οἱ
1607 4923 1947 4997 κατηγορού-

354 5033 515 5085 μενοι
538 5031 554 5045 ·
595 5017 725 5079 τοὺς
756 5016 866 5086 γάρ
912 5014 1189 5077 τοιούτους
1224 5014 1391 5083 φησὶν
1423 5016 1450 5067 6
1496 5015 1678 5070 κανὼν
1732 5016 1943 5089 αίρετι-

350 5107 511 5169 κοὺς,
546 5105 795 5159 τουτέστι
845 5104 976 5166 τοὺς
1012 5106 1286 5176 αἱρετούς.
1312 5107 1394 5161 Τὰ
1421 5107 1466 5160 δ’
1500 5106 1654 5167 ἄλλα,
1682 5107 1781 5171 τὰς
1816 5125 1949 5179 προ-

353 5197 593 5268 θεσμίας
640 5197 789 5268 φημὶ
841 5197 940 5251 καὶ
985 5196 1087 5261 τὰς
1132 5199 1484 5273 ἐπιτιμήσεις
1519 5200 1610 5253 καὶ
1661 5200 1759 5254 ὅσα
1789 5201 1850 5255 ἐν
1878 5203 1943 5271 τῇ

352 5293 500 5344 κατὰ
523 5289 621 5344 τοῦ
654 5290 963 5344 ἐπισκόπου
1005 5289 1233 5362 ζητήσει
1278 5291 1518 5358 εἴρηται,
1570 5291 1948 5363 φυλαχθησον-

352 5400 480 5447 ται,
524 5380 708 5444 καθὼς
762 5382 881 5435 ἐκεῖ
935 5380 1314 5435 διατέτακται.
1375 5382 1457 5434 Τά
1507 5381 1562 5434 δὲ
1595 5382 1705 5435 τῶν
1738 5383 1946 5436 λοιπῶν

353 5472 643 5544 κληρικῶν
672 5473 979 5543 αἰτιάματα
1020 5473 1114 5525 καὶ
1145 5472 1310 5542 μόνος
1359 5473 1386 5527 6
1433 5473 1737 5538 ἐπίσκοπος
1766 5474 1948 5528 αὐτῶν

353 5568 562 5621 λοιπῶν
591 5566 880 5638 κληρικῶν
910 5564 1215 5635 αἰτιάματα
1248 5554 1343 5621 καὶ
1369 5568 1531 5638 μόνος
1562 5567 1590 5620 6
1645 5567 1949 5636 ἐπίσκοπος

355 5660 536 5715 αὐτῶν
578 5660 824 5725 ἐξετάσει
856 5660 952 5712 καὶ
983 5659 1311 5729 περιπτώσει.

356 5753 579 5807 ΛΡΙΣΤ.
617 5773 637 5804 c
661 5753 1049 5825 Πρεσϐυτέρου
1083 5755 1584 5825 κατηγορουμένευ,
1623 5754 1681 5820 ἓξ
1714 5756 1821 5809 τῶν
1848 5756 1946 5817 ἐγ-

435 5864 453 5898 ι
489 5846 741 5919 γυτὲρων
769 5846 1091 5900 ἐπισκόπων
1121 5844 1199 5915 τῷ
1235 5847 1487 5918 ἐγχωρίῳ
1518 5847 1946 5918 συνδιαγνὼσον-

2052 4661 2141 4715 po,
2204 4646 2322 4703 aliis
2364 4663 2429 4703 ex
2481 4648 2670 4702 eadem
2732 4646 3005 4716 provincia
3056 4647 3324 4714 episcopis
3348 4650 3401 4702 in
3451 4647 3639 4703 consio

2050 4739 2179 4794 lium
2237 4740 2537 4807 advocatis,
2591 4756 2687 4797 sex
2738 4742 2791 4796 in
2839 4741 3162 4805 sacerdotis,
3214 4742 3388 4795 tribus
3423 4741 3476 4795 in
3526 4740 3638 4795 dia-

2050 4830 2170 4886 coni
2214 4829 2440 4899 judicio,
2481 4831 2763 4888 accusatio
2793 4830 3214 4887 examinabitur.
3252 4830 3504 4901 Episcopi
3536 4847 3635 4884 au-

2051 4931 2157 4978 tem
2194 4923 2310 4995 ejus
2337 4923 2426 4992 qui
2455 4933 2744 4979 accusatur
2767 4925 2996 4980 arbitrio
3026 4924 3330 4994 eligentur;
3357 4939 3451 4978 cos
3483 4941 3637 4978 nam-

2047 5029 2152 5084 que
2187 5024 2466 5085 propterea
2520 5017 2859 5085 αίρετικαὺς,
2892 5018 2942 5072 id
2985 5027 3093 5084 est,
3132 5016 3396 5072 electitios
3457 5031 3635 5071 canon

2050 5106 2307 5177 appellat.
2355 5103 2580 5176 Reliqua
2613 5121 2763 5174 vero,
2796 5109 2865 5162 de
2893 5107 3244 5178 praeﬁnienda
3277 5106 3489 5164 scilicet
3524 5109 3632 5171 die,

2050 5199 2116 5252 de
2157 5200 2331 5268 poenis
2366 5198 2663 5262 solvendis,
2696 5210 2752 5254 et
2775 5215 3113 5269 quaecunque
3153 5200 3219 5254 de
3248 5199 3626 5270 episcoporum

2051 5289 2349 5359 quaestione
2383 5289 2598 5346 decreta
2641 5298 2788 5355 sunt,
2831 5302 3135 5357 serventur,
3172 5289 3325 5344 utibi
3363 5291 3633 5345 constitu-

2052 5390 2164 5436 tum
2200 5388 2306 5436 est.
2331 5379 2570 5435 Aliorum
2601 5397 2731 5437 vero
2758 5380 3083 5436 clericorum
3117 5397 3312 5436 causas
3353 5382 3436 5437 vel
3464 5382 3633 5437 solius

2050 5474 2288 5545 episcOpi
2321 5474 2524 5544 proprii
2567 5474 2875 5546 cognitione
2916 5475 3233 5546 indicioque
3262 5472 3470 5528 deﬁniri
3520 5472 3635 5542 piso

2051 5578 2160 5623 cet.

2053 5750 2276 5808 AltlST.
2309 5769 2328 5802 ι
2359 5749 2679 5819 Presbytero
2713 5757 2990 5817 accusata,
3021 5763 3111 5804 sex
3135 5762 3164 5801 c
3187 5746 3381 5802 vicinis
3420 5747 3634 5815 episco-

2131 5867 2147 5897 ι
2188 5845 2290 5915 pis,
2311 5858 2417 5899 una
2450 5858 2569 5901 cuzn
2591 5842 2762 5913 ipsius
2794 5842 3030 5912 regionis
3053 5839 3330 5911 episcopo,
3356 5853 3469 5894 rem
3494 5837 3635 5907 diju-
