4034 6398
410 325 514 393 115

1671 318 1954 381 THEOD.
1996 314 2402 380 BALSAMON

3577 318 3676 383 136

480 457 499 490 ι
543 437 797 493 dicabunt
829 454 845 492 :
882 438 1112 493 diacono
1143 445 1345 499 autem,
1387 446 1519 493 tres.
1552 438 1684 505 Quae
1735 439 1801 493 ad
1851 436 1983 491 relic

2166 450 2185 483 ι
2219 448 2307 484 ται
2331 447 2343 462 ’
2375 428 2625 483 διακόνου
2653 428 2731 494 δὶ,
2782 431 2951 500 τρεῖς.
2991 430 3071 485 Τά
3099 432 3157 486 δᾶ
3197 449 3259 501 γε
3304 432 3413 487 τῶν
3465 433 3671 489 λοιπῶν

473 548 493 581 ι
529 544 666 599 quos
700 544 829 586 vero
856 542 1105 601 spectant
1128 531 1374 596 clericos,
1401 530 1483 585 vel
1515 546 1653 586 unus
1694 531 1984 601 episcopus

487 642 506 675 ι
546 624 902 680 examinabit.
934 643 952 676 ι

483 714 596 774 Hoc
632 727 685 773 et
715 717 766 771 in
809 716 1131 773 duodecimo
1177 733 1387 774 canone
1424 719 1642 781 dicitur,
1675 725 1735 771 ut
1772 714 1994 786 presby-

405 817 521 865 tero
569 821 845 872 accnsato.
871 827 962 866 sex
996 811 1232 882 episcopi
1261 810 1741 878 eumjudicabunt,
1773 818 1827 860 et
1850 808 1994 861 inter

404 913 499 954 ens
560 899 724 954 etiam
775 901 1030 970 proprius
1101 902 1269 970 ipsius
1312 901 1600 969 episcopus
1661 913 1990 954 consensum

406 1004 563 1044 suum
601 991 884 1060 praebebit.
936 992 1173 1047 Diacono
1224 1002 1406 1047 autem
1458 1000 1734 1056 accusato,
1785 1000 1892 1043 tres
1938 995 1992 1041 et

2172 542 2191 574 ι
2226 520 2507 593 κληρικῶν
2535 520 2631 575 καὶ
2672 521 2835 593 μόνος
2873 520 3116 587 ἐξετάσει
3142 525 3170 578 6
3198 525 3520 589 ἐπίσκοπος.
3559 545 3579 577 ο

2165 704 2335 759 Τοῦτο
2368 704 2580 776 εἴρηται
2630 703 2724 758 καὶ
2772 706 2831 758 ὲν
2880 704 2958 775 τῷ
3016 704 3303 778 δωδεκάτῳ
3354 710 3561 776 κανόνι,
3590 684 3675 777 δὼς

2093 797 2468 868 πρεσϐυτέρου
2504 796 2604 866 μὲν
2634 798 3137 869 κατηγορουμένου,
3168 799 3227 866 ἓξ
3280 801 3571 857 ἐπίσκοποι
3600 804 3678 857 δι·

2093 892 2353 944 κάσουσιν
2382 890 2568 955 αὑτὸν,
2603 891 2697 943 καὶ
2728 891 2986 945 ἐπέκεινα
3014 891 3220 946 τούτων
3249 894 3342 946 καὶ
3370 896 3397 947 ό
3425 896 3558 960 ἴδιος
3579 898 3677 950 αὖ·

2092 983 2188 1035 τοῦ
2220 983 2646 1052 συνδιαγνὼμων
2699 982 2852 1036 ἔσται
2905 984 3245 1049 ἐπίσκοποςσ
3305 985 3554 1040 διακόνου
3594 989 3676 1053 δὲ,

2092 1076 2243 1143 τρεῖς
2291 1076 2385 1127 καὶ⁵
2422 1077 2450 1126 ό
2503 1074 2656 1138 ῐδιος.
2684 1075 2748 1128 Οἱ
2778 1076 2834 1128 δὲ
2882 1075 3059 1129 λοιποὶ
3090 1077 3290 1140 πάντες
3322 1078 3577 1147 κληρικοὶ
3627 1080 3680 1132 οι

2093 1166 2342 1220 κάτωθεν
2388 1167 2543 1228 ὄντες
2596 1167 2703 1220 τῶν
2755 1167 3025 1221 διακόνων
3061 1171 3156 1223 καὶ
3181 1171 3335 1241 παρά
3381 1172 3547 1240 μόνου
3581 1173 3678 1227 τοῦ

405 1097 562 1138 suus.
591 1084 658 1137 At
689 1083 881 1153 reliqui
925 1102 1115 1141 onmes
1146 1086 1352 1149 clerici,
1386 1086 1481 1154 qui
1516 1095 1645 1140 sunt
1688 1082 1829 1137 infra
1871 1079 1991 1134 dia-

408 1189 597 1237 conos.
626 1184 679 1231 et
710 1192 738 1230 τι
767 1178 882 1233 solo
916 1193 1015 1232 suo
1034 1180 1270 1246 ipstrrum
1299 1178 1554 1248 episcopo
1577 1176 1984 1238 iudicabuntur,

409 1268 821 1339 quibuscunque
846 1270 1165 1326 criminibus
1194 1277 1545 1326 accusantur.

2100 1257 2226 1311 ἰδίου
2256 1258 2435 1312 αὐτῶν
2468 1260 2768 1315 ἐπισκόπου
2822 1259 3200 1332 κριθήσονται,
3250 1264 3337 1333 ἐφ’
3372 1258 3455 1329 οἷς
3488 1265 3554 1319 ἂν
3585 1268 3673 1319 ai-

2092 1347 2313 1402 τιῶνται
2342 1350 2511 1422 ἐγκλή
2522 1368 2679 1421 μασι.
2767 1395 2778 1406 .

969 1446 1199 1503 CANON
1235 1448 1425 1504 XXIV.

2698 1444 2936 1500 ΚΑΝΩΝ
2968 1446 3097 1500 κέν.
3522 1502 3538 1517 ,

421 1556 440 1590 ι
478 1537 737 1596 Similiter
763 1540 988 1612 placuit,
1017 1552 1075 1596 ut
1118 1542 1211 1596 ﬁlii
1241 1542 1562 1597 clericorum
1595 1540 1886 1610 gentilibus
1911 1538 1991 1591 rei

2100 1554 2116 1586 ι
2171 1534 2404 1604 Ὁμοίως
2438 1535 2656 1605 ἧρεσεν,
2687 1533 2826 1589 ὥστε
2860 1536 3027 1590 τέκνα
3055 1537 3166 1589 τῶν
3194 1537 3475 1609 κληρικῶν
3520 1540 3669 1594 ἐθνι-

477 1649 499 1683 ι
530 1631 802 1688 limreticis
830 1634 1175 1688 matrimonio
1206 1649 1313 1688 non
1349 1632 1767 1703 conjungantur.
1815 1649 1834 1682 ι

2167 1650 2188 1684 ι
2222 1634 2335 1694 κοῖς
2360 1631 2392 1702 ἢ
2422 1632 2724 1701 αίρετικοῖς
2750 1630 3007 1699 γαμικῶς
3042 1633 3118 1701 μὴ
3151 1633 3540 1687 συνάπτεσθαι.
3577 1653 3594 1685 ι

488 1721 685 1778 BALS.
713 1723 954 1780 Gentiles
980 1723 1067 1779 hic
1091 1734 1305 1795 oportet
1333 1725 1580 1781 inﬁdeles
1628 1724 1933 1793 intelligere
1970 1738 1986 1776 ε

2165 1721 2356 1775 ΒΔΛΣ.
2410 1721 2688 1784 Ἐθνικοὺς
2738 1720 2975 1774 ἐνταῦθα
3041 1721 3170 1784 τοὺς
3227 1721 3491 1785 ἀπίστους
3534 1725 3680 1776 νοεῖν

408 1814 455 1869 si
480 1816 601 1886 quis
655 1818 798 1874 enim
823 1818 1043 1889 gentilis
1086 1828 1170 1875 est
1215 1819 1410 1884 ﬁdelis,
1464 1832 1571 1872 non
1614 1817 1989 1887 prohibebitur

2100 1813 2188 1868 Βεῖ.
2222 1814 2286 1866 Ei
2308 1813 2418 1885 γάρ
2451 1829 2535 1877 τις
2554 1812 2766 1875 ἐθνικός
2800 1814 2914 1866 εστι
2944 1814 3156 1877 πιστὸς,
3183 1814 3247 1866 οὐ
3293 1813 3673 1883 κωλυθήσεται

408 1922 533 1960 cum
563 1907 746 1962 clerici
778 1910 884 1963 ﬁlia
922 1910 1199 1980 conjungi.
1248 1910 1392 1981 Lege
1445 1910 1762 1965 Laodicenze
1792 1908 1985 1977 synodi

2100 1904 2436 1975 συνοφθῆναι
2485 1900 2754 1974 κληρικοῦ
2811 1902 3065 1972 θυγατρί.
3126 1903 3432 1970 Ἂνάγνωθι
3484 1904 3584 1974 τῆς
3617 1906 3675 1957 ἒν

407 2009 670 2051 canonem
701 1998 791 2063 5t,
828 1997 1286 2055 Chalcedonensis
1335 2012 1598 2054 canonem
1625 1996 1693 2051 Η
1721 2007 1778 2053 et
1796 1994 1988 2067 synodi

2100 1999 2386 2068 Λαοδικείᾳ
2410 1997 2637 2051 συνόδου
2673 1997 2879 2050 κανόνα
2906 1995 2989 2049 λα’
3011 1996 3111 2065 τῆς
3133 1997 3192 2050 ἑν
3232 1996 3540 2067 Χαλκηδόνι
3571 2016 3677 2051 κα-

409 2084 465 2139 iu
498 2085 682 2143 Trullo
713 2102 974 2145 canonem
1023 2088 1092 2143 72
1117 2097 1172 2145 et
1216 2103 1337 2159 qua:
1386 2090 1439 2145 in
1473 2088 1554 2143 eis
1599 2087 1800 2157 scripta
1841 2094 1987 2141 sunt.

472 2270 719 2328 ZONAR.
772 2273 987 2330 Ethnici
1019 2273 1124 2330 hoc
1170 2270 1985 2341 locoinﬁdeles-intelliguntur.

413 2365 677 2421 Etlmieus
706 2380 947 2435 namque
978 2366 1169 2422 ﬁdelis
1211 2366 1393 2421 clerici
1446 2364 1607 2420 ﬁliam
1647 2365 1763 2420 sibi
1800 2362 1988 2416 matri-

413 2458 597 2511 monio
650 2459 876 2528 jungere
930 2458 1072 2511 haud
1131 2457 1421 2511 vetabitur.
1476 2454 1609 2509 \‘ide
1669 2451 1990 2507 Laodicena‘.

410 2548 601 2618 synodi
630 2549 894 2603 canonem
916 2548 1006 2612 5|,
1036 2545 1496 2602 Chalcedonensis
1526 2545 1796 2600 decimum
1821 2557 1986 2610 quar-

411 2652 548 2704 tum,
581 2648 633 2694 et
657 2641 844 2711 synodi
888 2640 941 2693 in
973 2640 1160 2695 Trullo
1194 2638 1656 2709 septuagesimum
1686 2635 1985 2691 secundum

408 2741 461 2786 et
492 2747 612 2802 quae
636 2733 687 2786 in
729 2731 1085 2800 explicatimie
1122 2733 1433 2786 earumdem
1470 2729 1811 2799 scripsimus.

409 2824 569 2897 547
605 2822 878 2879 ΑΙὶΙΞΤ.ι
925 2823 1207 2879 llaereticis
1257 2830 1312 2876 et
1368 2823 1602 2877 ethnicis
1663 2820 1988 2877 clericorum

483 2936 503 2970 ι
545 2919 701 2973 liberi
736 2918 1086 2973 matrimonio
1117 2932 1222 2972 non
1254 2916 1712 2985 conjunguntura

479 3011 589 3067 Sed
623 3025 724 3066 nec
757 3011 1015 3065 laicorum
1066 3010 1224 3064 liberi
1273 3009 1541 3064 barreticis
1571 3008 1623 3062 in
1659 3006 1989 3063 matrimOnii

410 3100 846 3157 c-.mmunionem
883 3101 1303 3171 conjunguntur.

983 3185 1214 3242 CANON
1249 3184 1414 3240 XXV.

420 3300 438 3333 ι
526 3278 596 3335 Ut
625 3278 863 3350 cpiscOpi
911 3287 965 3333 et
998 3278 1179 3333 clerici
1214 3277 1266 3331 in
1318 3292 1422 3331 non
1472 3276 1806 3331 orthodoxos
1839 3275 1999 3331 Chri-

491 3393 509 3426 ι
552 3373 761 3428 stianos
811 3372 946 3426 nihil
996 3370 1327 3428 conferant:
1355 3378 1409 3424 et
1444 3369 1491 3424 si
1528 3370 1639 3424 sint
1679 3368 1857 3423 adhuc
1901 3383 1999 3423 co-

487 3486 508 3519 ι
536 3467 707 3539 gnati,
732 3466 866 3522 nihil
891 3481 983 3536 per
1007 3481 1223 3521 suarum
1251 3478 1428 3519 rerum
1455 3464 1821 3531 donationem,
1844 3470 1899 3517 nt
1921 3460 1999 3517 di-

488 3580 507 3615 ι
542 3570 690 3617 ctum
720 3569 826 3627 cst,
846 3559 1085 3633 episcopi
1120 3557 1204 3614 vel
1233 3558 1419 3614 clerici
1444 3556 1495 3611 in
1529 3570 1621 3611 eos
1637 3554 1941 3612 conferant.
1970 3574 1990 3609 ι

482 3739 678 3797 BALS.
732 3738 980 3795 llmretici
1026 3739 1243 3810 quidem
1276 3736 1552 3803 dicuntur,
1587 3736 1683 3805 qni
1728 3736 1796 3790 de
1830 3735 1990 3790 rebus

412 3838 851 3894 Christianorum
888 3851 994 3889 non
1030 3844 1181 3889 recte
1211 3834 1452 3891 sentiunt
1481 3853 1493 3889 :
1524 3826 1769 3891 inﬁdeles
1794 3842 1996 3914 autem,

413 3930 504 4001 qui
536 3930 874 3984 incarnatam
903 3925 1068 3981 Verbi
1111 3925 1203 3982 Dei
1247 3925 1861 3982 occonomiam'omnino
1888 3940 1993 3979 non

411 4021 663 4079 credunt.
710 4019 851 4074 Dicit
893 4032 1022 4090 ergo
1060 4035 1254 4085 canon,
1294 4019 1501 4075 nullum
1552 4018 1861 4086 episcopum
1912 4015 1995 4068 vel

418 4114 701 4179 clericum,
759 4111 971 4166 ratione
1026 4110 1184 4179 legati
1235 4110 1321 4165 vel
1373 4109 1729 4175 haereditatis,
1781 4108 1850 4163 iis
1901 4108 1995 4179 qui

413 4216 541 4264 sntit
568 4203 834 4276 ejusmodi
862 4203 1059 4257 debere
1110 4202 1405 4272 quidquam
1439 4196 1770 4271 relinquere,
1799 4200 1963 4254 etiam
1979 4210 2007 4241 α’

414 4300 462 4354 si
513 4298 623 4352 sint
672 4298 794 4368 ejus
834 4296 1047 4364 cognati
1083 4311 1097 4350 :
1130 4295 1224 4350 sed
1262 4308 1436 4364 neque
1466 4292 1517 4348 in
1570 4294 1676 4348 vita
1725 4308 1840 4349 rem
1872 4308 1996 4363 pro-

416 4395 587 4463 priam
622 4390 728 4446 illis
758 4394 905 4446 dare.
935 4387 1077 4461 Lege
1131 4403 1394 4444 canonem
1429 4388 1498 4445 8'5
1530 4390 1810 4458 prmsentis
1836 4403 1997 4458 syno-

413 4486 489 4550 di,
518 4495 570 4539 et
599 4484 693 4539 lib.
727 4483 941 4539 Basilio.
978 4482 1257 4553 xxxv,:tit.
1285 4483 1338 4550 8,
1367 4496 1488 4553 cap.
1517 4481 1608 4549 38,
1638 4483 1782 4552 quod
1811 4483 1991 4548 docet,
2023 4482 2032 4553 ;

418 4594 522 4633 non
565 4577 765 4633 debere
809 4575 949 4631 ﬁlios
988 4576 1276 4631 luereticos
1317 4576 1630 4645 parentibus
1674 4576 1995 4638 succedere,

416 4671 496 4727 vel
539 4679 749 4726 contra.
792 4669 857 4724 Et
890 4669 986 4725 lib.
1036 4669 1197 4740 primi
1233 4669 1315 4723 tit.
1348 4669 1545 4737 primo,
1574 4670 1786 4721 diversa
1821 4669 1997 4736 capita

412 4764 667 4831 dicentia,
699 4778 801 4820 non
828 4763 1002 4818 solmn
1036 4762 1287 4825 clericos,
1325 4762 1418 4815 sed
1446 4769 1502 4815 et
1526 4760 1694 4815 laicos
1724 4754 1996 4829 impediri,

410 4860 702 4931 quominus
755 4861 822 4915 ad
874 4859 1164 4914 haereticos
1213 4855 1300 4912 vel
1353 4854 1598 4910 in‘ﬁdeles
1651 4870 1771 4925 quae
1825 4856 1892 4908 ad
1941 4869 2001 4909 se

412 4954 685 5021 pertinent
709 4953 1199 5022 quomodocunque
1226 4951 1622 5016 transmittant;
1651 4948 1996 5004 undecimum

410 5056 590 5099 autem
626 5058 749 5112 cap.
788 5044 871 5099 tit.
914 5043 970 5100 5.
1003 5043 1096 5097 lib.
1145 5057 1178 5096 ν
1223 5041 1447 5097 Basilic.
1479 5043 1665 5103 ,dicit:
1716 5040 1903 5111 Neque
1931 5057 2000 5098 ex

413 5136 700 5198 locatione,
730 5150 905 5205 neque
930 5149 997 5187 ex
1023 5132 1388 5205 emphytensi,
1412 5148 1589 5202 neque
1612 5148 1676 5188 ex
1700 5134 1998 5203 emptione,

412 5227 494 5295 vel
528 5227 631 5281 ulla
668 5227 775 5282 alia
830 5226 1065 5290 ratione,
1103 5226 1300 5279 debere
1343 5225 1629 5280 haereticos
1660 5223 1765 5279 ulla
1800 5226 1998 5279 immo-

414 5319 539 5375 bilia
573 5334 638 5374 ex
672 5318 864 5389 quavis
905 5315 1134 5372 ecclesia
1184 5315 1269 5370 vel
1299 5331 1363 5371 ex
1393 5314 1499 5371 alio
1534 5318 1830 5372 venerabili
1879 5317 1998 5371 loco

414 5413 683 5481 accipere.
724 5409 786 5465 Et
818 5410 1055 5479 ejusdem
1094 5408 1192 5465 lib.
1230 5418 1283 5465 et
1330 5410 1414 5465 tit.
1447 5417 1500 5465 et
1533 5426 1654 5481 Cap.
1687 5411 1864 5466 thema
1918 5411 1951 5465 5
1981 5428 1995 5465 :

414 5507 471 5562 Si
525 5505 886 5566 orthodoxus,
937 5502 1148 5557 habens
1197 5503 1596 5570 possessionem
1647 5504 1699 5557 in
1750 5519 1854 5573 qua
1914 5512 1999 5557 est

417 5610 606 5653 saneta
639 5597 889 5663 ecclesia,
923 5609 1045 5650 eam
1090 5596 1156 5649 ad
1222 5596 1495 5651 inﬁdelem
1542 5596 1626 5651 vel
1675 5598 2000 5666 simpliciter

421 5692 758 5754 lueretienm,
814 5688 1008 5760 quavis
1061 5688 1272 5745 ratione
1327 5689 1714 5754 transmiserit,
1770 5689 1997 5747 ecclesia

420 5782 665 5853 ejusdem
729 5779 830 5836 vici
890 5780 1134 5836 eamdem
1195 5781 1480 5837 ecclesiam
1538 5782 1795 5838 vindicet.
1862 5780 1994 5839 Cum

2020 3157 2070 3224 ο

2089 2092 2219 2145 νόνα
2256 2088 2338 2154 ιδ’,
2362 2090 2458 2143 καὶ
2485 2088 2588 2159 τῆς
2614 2091 2672 2142 ὲν
2702 2088 2781 2159 τῷ
2806 2087 3065 2161 Τρούλλῳ
3097 2089 3303 2143 κανόνα
3351 2088 3450 2160 οβ’,
3488 2090 3584 2145 καὶ
3608 2091 3678 2149 τὰ

2090 2183 2147 2234 ἐν
2171 2180 2386 2243 τούτοις
2416 2180 2728 2248 γραφέντα.

2161 2272 2406 2329 ΖΩΝΑΡ.
2463 2271 2748 2346 Ἐῦνικοὺξ
2787 2270 3025 2325 ἐνταῦθα
3069 2272 3198 2335 τοὺς
3227 2272 3497 2335 ἀπίστους
3531 2273 3676 2325 νοεῖν

2090 2365 2190 2419 δεῖ.
2238 2366 2301 2419 Εἰ
2332 2366 2439 2434 γὰρ
2471 2364 2684 2428 ιθνικός
2730 2381 2814 2429 τις
2840 2365 3034 2430 πιστὸς
3092 2362 3149 2437 ᾖ,
3180 2367 3242 2419 οὐ
3296 2366 3679 2437 κωλυθήσεται

2093 2458 2438 2533 συναφοῆναι
2476 2455 2747 2528 κληρικοῦ
2803 2456 3057 2529 θυγατρί,
3099 2458 3403 2526 Ἀνάγνωθι
3446 2457 3543 2511 καὶ
3577 2457 3679 2525 τῆς

2089 2550 2148 2602 ὲν
2177 2549 2467 2620 Λαοδικείᾳ
2493 2547 2693 2602 κανόνα
2742 2547 2847 2611 λα’,
2884 2551 2977 2603 καὶ
3002 2551 3103 2618 τῆς
3129 2552 3187 2603 ὲν
3219 2549 3526 2621 Χαλκηδόνι
3582 2549 3669 2609 ιδ’,

2091 2641 2187 2696 καὶ
2211 2641 2309 2710 τῆς
2336 2641 2398 2695 ὲν
2425 2639 2504 2711 τῷ
2526 2638 2779 2711 Τροόλλῳ
2809 2639 2917 2711 οβ’,
2949 2642 3045 2695 καὶ
3077 2641 3178 2695 ὅσα
3200 2643 3259 2695 ὲν
3287 2641 3473 2704 αὐτοῖς
3501 2639 3676 2709 ἐγρά-

2095 2750 2170 2803 φη
2181 2750 2303 2789 σαν.

2090 2825 2310 2881 ΑΡΙΣΤ.
2350 2844 2368 2877 ι
2410 2828 2721 2898 Δὶρετικοῖς
2756 2828 2853 2882 καὶ
2898 2827 3136 2892 senm;
3187 2827 3356 2881 τέκνα
3389 2824 3672 2897 κληρικῶν

2171 2937 2190 2970 ι
2238 2917 2298 2970 οὐ
2333 2918 2722 2974 συνάπτονται.
2762 2939 2778 2970 ι
3218 2947 3232 2958 ο

2177 3011 2317 3064 Ἀλλ’
2366 3012 2487 3065 οὐδὲ
2529 3012 2737 3066 λαῖκῶν
2788 3014 2975 3077 παῖδες
3024 3013 3323 3084 αίρετικοῖς
3374 3011 3454 3075 εἰς
3498 3009 3679 3080 γάμου

2098 3103 2385 3159 κοινωνίαν
2419 3105 2809 3161 συνάπτονται.

2693 3199 2933 3252 ΚΑΝΩΝ
2966 3199 3095 3252 ΚΕ’.

2111 3309 2130 3343 ι
2179 3290 2343 3345 Ὥστε
2375 3292 2503 3355 τοὺς
2526 3292 2861 3354 ἐπισκόπους
2884 3291 2978 3345 καὶ
3003 3290 3129 3352 τοὺς
3155 3288 3449 3359 κληρικοὺς
3473 3286 3683 3359 μηδένα

2183 3402 2201 3435 ι
2249 3383 2593 3452 συνεισάγειν
2624 3386 2737 3447 τοῖς
2774 3382 2848 3454 μὴ
2882 3378 3186 3453 όρθοδόξοις
3216 3383 3596 3453 Χριστιανοῖς·
3630 3381 3683 3433 ει

2179 3496 2198 3530 ι
2243 3477 2338 3530 καὶ
2385 3478 2671 3545 συγγενεῖς
2721 3474 2800 3529 ἔτι
2835 3476 2941 3545 μὴν
2966 3468 3122 3539 ὦσιν,
3161 3475 3326 3543 μηδὲν
3353 3473 3443 3526 διὰ
3470 3473 3684 3541 δωρεᾶς

2180 3589 2199 3622 ι
2246 3569 2354 3624 τῶν
2379 3570 2599 3623 οἰκείων
2638 3567 3004 3638 πραγμάτων,
3031 3566 3107 3630 ὡς
3136 3566 3374 3637 εἴρηται,
3408 3565 3535 3627 τοὺς
3556 3566 3683 3617 ἐπι·

2181 3681 2199 3713 ι
2243 3662 2483 3723 σκόπους
2517 3659 2549 3730 ἢ
2583 3658 2882 3730 κληρικοῦς
2908 3657 3119 3721 τούτοις
3150 3657 3512 3724 συνεισάγειν.
3551 3674 3570 3706 ι
3603 3716 3613 3726 θ

2173 3756 2374 3809 ΒΑΛΣ.
2403 3754 2686 3824 Αίρετικοὶ
2735 3752 2838 3823 μὲν
2880 3751 3131 3821 λέγονται
3165 3753 3214 3805 οἰ
3258 3750 3333 3821 μὴ
3364 3750 3684 3815 δοξάζοντες

2099 3845 2278 3915 ὀρθῶς
2308 3845 2376 3899 τά
2408 3844 2515 3897 τῶν
2545 3842 2890 3912 Χριστιανῶν
2916 3859 2929 3873 ·
2965 3842 3186 3897 ἄπιστοι
3213 3840 3270 3895 δὲ
3297 3841 3346 3894 οἰ
3376 3839 3517 3911 μηδὲ
3546 3840 3684 3901 ὅλως

2101 3937 2453 4000 πιστεύοντες
2493 3936 2593 4007 τὴν
2624 3934 2893 4004 ἐνσαρκον
2942 3932 3261 4003 οἰκονομίαν
3285 3930 3382 3987 τοῦ
3413 3930 3548 3984 Θεοῦ
3580 3929 3687 3983 Λό-

2097 4047 2218 4100 γου.
2250 4030 2389 4099 Φησὶ
2418 4026 2552 4095 γοῦν
2581 4029 2610 4080 ό
2640 4024 2823 4080 κανὼν
2857 4026 3063 4096 μηδένα
3089 4024 3393 4078 ἐπίσκοπον
3423 4022 3457 4092 ἢ
3486 4021 3681 4090 κληρι-

2098 4122 2192 4175 κδν
2224 4122 2367 4175 κατὰ
2402 4120 2569 4187 νόμου
2600 4117 2830 4185 λεγάτου
2859 4117 2891 4187 ἢ
2931 4114 3302 4186 κληρονομίας
3331 4112 3683 4181 καταλιμπά-

2096 4231 2210 4268 νειν
2242 4214 2355 4273 τοῖς
2398 4209 2666 4274 τοιούτοις
2701 4208 2761 4262 τὸ
2791 4207 2994 4272 ὁτιοῦν,
3030 4207 3138 4260 κᾶν
3170 4207 3458 4276 συγγενεῖς
3514 4202 3682 4257 αὑτοῦ

2097 4299 2230 4358 ὦσιν
2253 4320 2268 4336 ⁸
2317 4303 2454 4357 ἀλλὰ
2508 4302 2642 4373 μηδὲ
2686 4299 2977 4372 δωρεῖσθαι
3011 4299 3197 4361 αὐτοῖς
3233 4299 3290 4351 ὲν
3323 4297 3434 4366 ζωῇ
3481 4296 3685 4348 οἰκεῖον

2099 4399 2356 4470 πρᾶγμα.
2401 4395 2742 4465 Ἀνάγνωσον
2773 4392 2863 4448 τὸν
2905 4397 2997 4457 πγ¹
3038 4390 3240 4445 κανόνα
3266 4391 3368 4458 τῆς
3396 4388 3685 4456 παρούσης

2102 4491 2345 4553 συνόδου,
2398 4490 2493 4543 καὶ
2539 4486 2743 4559 βιϐλίον
2794 4485 2904 4537 τῶν
2958 4482 3270 4538 Βασιλικῶν
3306 4478 3380 4533 λε’
3413 4479 3595 4532 τίτλου
3634 4479 3687 4548 η’

2103 4600 2229 4651 κεφ.
2260 4579 2341 4653 λη’
2373 4581 2626 4635 διδάσκον
2661 4578 2737 4648 μὴ
2769 4575 3015 4646 ὀφείλειν
3045 4572 3506 4645 κληρονομεῖσθαι
3556 4570 3687 4631 τοὺς

2101 4677 2281 4745 γονεῖς
2316 4673 2469 4743 παρὰ
2497 4669 2791 4739 αἰρετικῶν
2827 4667 3056 4727 παίδων,
3094 4665 3126 4735 ἢ
3187 4663 3503 4716 τούναντίον
3525 4676 3541 4691 ο
3589 4660 3687 4712 καὶ

2105 4767 2311 4840 βιϐλίου
2363 4765 2414 4820 α’
2456 4764 2639 4819 τίτλου
2670 4760 2719 4817 α’
2752 4760 3030 4830 κεφάλαια
3060 4758 3294 4830 διάφορα
3334 4755 3563 4824 λέγοντα
3606 4753 3685 4823 μὴ

2106 4860 2269 4932 μόνον
2314 4857 2634 4928 κληρικοὺς,
2687 4853 2826 4909 ἀλλὰ
2883 4853 2976 4907 καὶ
3017 4849 3241 4913 λαῖκοὺς
3290 4843 3684 4917 ἐμποδίζεσθαι

2104 4953 2245 5026 πρὸς
2272 4950 2585 5022 αἰρετικοὺς
2618 4948 2649 5019 ἦ
2680 4947 2947 5007 ἀπίστους
2996 4941 3354 5010 ὁπωσδήποτε
3390 4935 3685 5006 παραπέμ-

2102 5064 2229 5101 πειν
2281 5044 2351 5098 τά
2398 5042 2610 5105 τούτοις
2658 5040 3013 5108 διαφέροντα.
3055 5036 3129 5090 τὸ
3174 5035 3233 5088 δὲ
3286 5038 3357 5089 ια’
3384 5030 3686 5100 κεφάλαιον

2102 5137 2196 5192 τοῦ
2249 5143 2296 5205 γ’
2347 5135 2529 5190 τίτλου
2576 5132 2666 5187 τοῦ
2702 5116 2981 5204 ε”βιδλίου
3032 5129 3142 5183 τῶν
3184 5126 3493 5180 Βασιλικῶν
3531 5123 3684 5189 λέγει

2107 5231 2245 5301 μήτε
2296 5228 2439 5281 κατὰ
2490 5224 2760 5296 μίσθωσιν
2795 5226 2936 5295 μήτε
2989 5222 3132 5274 κατὰ
3166 5217 3504 5288 ὲμφύτευσιν
3542 5216 3685 5285 μήτε

2103 5323 2227 5377 κατ’
2299 5319 2568 5388 ὲξώνησιν
2617 5317 2649 5389 ἥ
2700 5317 2860 5373 ἄλλον
2943 5314 3144 5385 τρόπον
3201 5312 3323 5365 τινὰ
3383 5309 3686 5378 λαμϐάνειν

2103 5415 2229 5479 τοὺς
2275 5412 2586 5483 αἰρετικοὺς
2632 5409 2867 5479 ἀκίνητα
2926 5405 3207 5475 οίαδήτινα
3267 5402 3325 5468 ἐξ
3382 5398 3685 5468 ἐκκλησίας

2103 5505 2247 5568 τινὸς
2273 5505 2304 5576 ἢ
2332 5504 2491 5558 ἄλλου
2524 5502 2820 5569 σεὸασμίου
2847 5498 3018 5552 οῐκουο
3047 5496 3141 5548 καὶ
3164 5493 3258 5547 τοῦ
3285 5490 3451 5550 αὑτοῦ
3476 5490 3684 5561 βιϐλίου

2103 5602 2200 5655 καὶ
2226 5598 2408 5652 τίτλου
2461 5598 2554 5651 καὶ
2600 5612 2726 5664 κεφ.
2761 5592 2903 5662 Οέμα
2933 5595 3003 5658 γ’.
3048 5588 3175 5641 Ἐὰν
3208 5584 3513 5658 όρθόδοξος,
3546 5583 3687 5653 ἔχων

2105 5694 2297 5762 κτῆσιν
2324 5693 2382 5743 ὲν
2473 5690 2622 5743 ἐστιν
2651 5685 2786 5756 ἁγίᾳ.
2813 5681 3138 5754 Ἐκκλησία,
3168 5665 3529 5749 παραπέμψει
3555 5677 3689 5731 uti.

2104 5803 2202 5856 την
2235 5783 2357 5839 καθ’
2387 5782 2690 5852 οἱονδήτινα
2746 5780 2946 5849 τρόπον
2986 5773 3200 5843 ἀπίστῳ
3234 5770 3267 5842 ἢ
3301 5768 3489 5835 ἁπλῶς
3528 5772 3682 5843 αἶρε-
