4034 6408
367 376 471 443 il’i'

1470 373 1556 436 IN
1582 372 1748 432 CAN.
1778 370 1928 427 XXV
1963 370 2176 429 ωλι).
2209 370 2597 434 ΟΑΗΤΗᾹΟ.

3522 369 3622 437 118

358 488 517 560 τικῷ,
549 472 881 561 η’ὲκκλησία
924 487 1023 555 τῆς
1056 486 1231 557 αὐτῆς
1276 483 1470 555 κώμης
1503 481 1605 552 τὴν
1648 478 1815 535 αὑτοῦ
1845 480 1933 531 ἐκ·

2060 484 2227 533 ιυιοιη
2266 482 2420 538 audis
2451 496 2714 538 canonem
2745 484 3034 550 dicentem,
3064 499 3173 541 non
3219 484 3385 540 licere
3411 486 3625 554 cpisco-

360 576 595 648 κλησίαν
630 577 943 630 ἔκδικείτω.
986 575 1230 629 Ἀκούων
1263 573 1320 627 δὲ
1352 572 1446 628 τοῦ
1481 573 1706 637 κανόνος
1759 570 1946 639 λέγον-

2060 572 2130 629 ais
2187 574 2268 628 vel
2330 575 2544 631 clericis
2601 576 2842 632 scribere
2890 577 3132 632 heredes
3198 578 3480 631 haereticos
3538 578 3624 631 vel

359 687 451 733 τος
503 670 578 739 μὴ
625 667 771 739 ἔχειν
821 667 921 721 ἐπ’
949 667 1137 731 ἀδείας
1185 668 1315 729 τοὺς
1362 664 1767 735 ἐπισκόπους-η
1817 664 1946 727 τοὺς

359 760 663 831 κληρικοὺς
691 759 931 831 γράφειν
964 756 1342 830 κληρονόμους
1390 757 1705 825 αἱρετικοὺς
1738 754 1772 827 ἦ
1814 755 1938 808 ἀπί-

2048 665 2313 730 inﬁdeles,
2372 668 2460 724 dic
2513 668 2711 725 debere
2771 670 2886 725 ﬁeri
2944 671 3013 724 ab
3066 670 3339 740 episcOpis
3388 684 3510 738 que
3570 668 3622 722 in

2046 759 2455 830 quiadragesimo
2531 766 2736 816 canone
2792 763 3087 830 apostolico
3136 762 3505 825 continentur,
3571 771 3625 815 et

361 870 550 913 στους,
597 852 725 921 λέγε
775 851 1033 920 γενέσθαι
1074 849 1228 922 παρὰ
1265 850 1386 911 ,τῶν
1422 850 1742 903 ἐπισκόπων
1777 846 1845 901 τὰ
1887 847 1945 898 ἐν

2060 865 2165 918 ine
2201 854 2252 906 in
2286 852 2539 907 vicesimo
2577 863 2774 921 quarto
2805 869 3013 911 canone
3045 855 3399 910 Antiochene
3433 855 3620 924 synodi

358 945 438 1014 τῷ
487 942 543 1014 μ’
574 943 929 1014 ἀποστολικῷ
969 943 1158 999 κανόνι
1208 943 1603 1013 περιεχόμενα,
1635 943 1730 994 καὶ
1759 941 1826 995 τὰ
1855 942 1949 1011 δην

356 1036 605 1105 λούμενα
636 1037 694 1090 ὲν
733 1035 812 1105 τῷ
859 1036 939 1090 κδ’
970 1037 1157 1091 κανόνι
1214 1037 1315 1104 τῆς
1358 1035 1662 1104 Ἀντιοχείᾳ
1698 1033 1941 1087 συνόδου.

2048 946 2415 1004 declarantur.
2465 949 2556 1005 Sic
2603 950 2748 1005 cnim
2787 950 2839 1004 in
2883 965 3069 1005 eorum
3116 949 3221 1004 erit
3259 955 3529 1019 potestate
3557 949 3621 1000 ad

2047 1041 2375 1097 orthodoxos
2430 1058 2522 1099 sua
2568 1044 2954 1107 transmittere,
2993 1043 3327 1105 hereditate,
3368 1039 3545 1110 legato
3572 1050 3627 1093 ct.

360 1128 522 1185 Οὕτω
572 1130 686 1199 γὰρ
743 1129 832 1181 ἐπ’
857 1129 1106 1194 ἔξουσίας
1139 1127 1295 1181 ἔσται
1329 1127 1511 1188 αὐτοῖς
1547 1122 1949 1193 παραπέμπειν

2060 1132 2340 1189 lonatione
2373 1152 2387 1189 :
2432 1136 2513 1189 sin
2547 1135 2749 1199 minus,
2780 1151 2886 1191 nec
2921 1150 2985 1190 ea
3019 1135 3234 1205 quidem
3268 1141 3524 1205 poterunt
3558 1129 3626 1186 ad

359 1219 504 1290 πρὸς
528 1218 849 1289 ὀρθοδόξους
878 1221 944 1275 τὲ
975 1220 1176 1281 οἰκεῖα,
1198 1218 1337 1271 κατὰ
1366 1216 1524 1284 λόγον
1555 1214 1944 1285 κληρονομίας,

360 1312 599 1379 λεγάτου
628 1312 720 1365 καὶ
750 1311 984 1380 δωρεᾶς·
1017 1312 1065 1364 εί
1092 1311 1148 1364 δὲ
1185 1310 1279 1381 μὴ,
1313 1309 1435 1362 οὐδὲ
1464 1308 1601 1379 πρὸς
1632 1306 1948 1379 ὀρθοδόξους

357 1404 626 1459 δύνανται
652 1404 1049 1473 παραπέμπειν
1075 1402 1273 1456 ταῦτα.

432 1498 688 1552 ΖΩΝΑΡ.
742 1494 893 1571 Μηδὲ
924 1495 1068 1549 κατὰ
1119 1492 1490 1565 κληρονομίαν
1541 1490 1575 1564 ἢ
1629 1490 1859 1560 λεγάτον
1910 1488 1944 1558 ἥ

357 1588 542 1650 ἄλλως
578 1605 697 1647 πως
726 1586 1166 1657 καταλιμπάνειν
1192 1603 1244 1639 τι
1272 1587 1385 1648 τοῖς
1416 1585 1719 1657 αίρετικοϊς
1739 1575 1785 1654 ’ἢ
1818 1582 1947 1634 ἀπί-

358 1696 513 1743 στοις
546 1678 870 1747 όρθοδόξους
929 1678 1314 1749 Χριστιανοὺς,
1366 1677 1460 1729 καὶ
1499 1677 1611 1738 τοῖς
1646 1674 1949 1735 πολιτικοῖς

2048 1222 2376 1279 orthodcxos
2408 1225 2807 1278 transmittere.

2118 1478 2373 1533 ZONAR.
2434 1479 2513 1534 Ne
2552 1480 2846 1550 quidquam
2905 1497 2971 1536 ex
3011 1481 3174 1536 rebus
3215 1481 3352 1543 suis,
3396 1480 3628 1535 heredi-

2056 1573 2182 1626 tatis
2223 1582 2312 1626 aut
2372 1573 2530 1641 legati
2576 1573 2819 1635 nomine,
2861 1582 2955 1628 aut
3001 1573 3488 1641 aliaiquacunque
3541 1589 3629 1626 ra-

2049 1665 2216 1725 tione,
2277 1665 2545 1721 haereticis
2607 1666 2912 1721 inﬁdelibus
2967 1665 3265 1722 Christiani
3333 1664 3621 1721 orthodei

357 1770 749 1844 ἀπηγόρευται
774 1770 985 1840 νόμοις.
1011 1750 1183 1823 Τοῦτο
1211 1763 1306 1822 οὖν
1332 1767 1426 1821 καὶ
1448 1768 1479 1820 ό
1511 1764 1701 1836 παρῶν
1729 1763 1946 1819 resistis:

2060 1756 2377 1825 relinquant,
2431 1756 2643 1828 legibus
2681 1773 2899 1828 quoque
2944 1758 3199 1814 civilibus
3248 1769 3469 1813 cautum
3523 1767 3629 1810 est.

357 1865 571 1928 κανὼν,
605 1865 786 1933 λέγων
816 1864 944 1927 τοὺς
973 1862 1309 1926 ἐπισκόπους
1342 1861 1375 1933 ἥ
1410 1861 1709 1934 κληρικοῦς
1744 1858 1949 1930 μηδένα

359 1958 650 2026 αἱρετικὸν
685 1957 717 2027 ἦ
752 1956 982 2011 ἄπιστον
1016 1955 1366 2023 συνεισάγειν
1396 1955 1476 2018 είς
1509 1951 1880 2025 κληρονομίαν
1913 1949 1947 2021 ἢ

359 2051 599 2116 λεγάτον
641 2045 985 2122 Χριστὶανῷ,
1037 2047 1139 2101 κᾶν
1173 2042 1283 2102 εἷεν
1311 2047 1444 2111 ἴσως
1479 2048 1764 2114 συγγενεῖς
1792 2044 1825 2115 ἢ
1857 2042 1950 2096 τοῦ

362 2142 695 2212 διαθεμένου
743 2141 778 2211 ἢ
828 2137 925 2193 τοῦ
976 2139 1340 2210 κληρονόμου,
1374 2140 1423 2192 oi
1479 2137 1748 2210 αἱρετικοὶ
1776 2136 1871 2190 καὶ
1902 2134 1953 2187 οἱ

370 2236 614 2297 ἄπιστοι,
667 2231 808 2286 ἀλλὰ
845 2231 953 2303 μὴν
989 2231 1122 2303 μηδὲ
1160 2230 1456 2298 δωρεῖσθαι
1503 2230 1691 2292 αὐτοῖς
1724 2244 1845 2281 τινα
1889 2228 1954 2280 ὲκ

368 2325 473 2380 τῶν
499 2325 727 2380 οἰκείων
758 2325 1128 2396 πραγμάτων.
1159 2324 1333 2379 Τοῦτο
1360 2324 1418 2378 δὲ
1457 2325 1553 2379 καὶ
1585 2326 1612 2378 ὁ
1644 2321 1739 2377 πα¹
1770 2323 1956 2377 κανὼν

363 2422 461 2490 τῆς
503 2420 735 2473 συνόδου
762 2419 970 2489 ταύτης
1000 2418 1340 2489 πλατύτερον
1367 2417 1735 2471 διατάττεται.
1781 2416 1870 2468 Ἐν
1898 2414 1955 2476 δὲ

360 2514 443 2583 τῷ
469 2513 550 2566 λε’
588 2510 783 2581 βιϐλίῳ
812 2511 924 2564 τῶν
957 2509 1286 2574 Βασιλικῶν,
1316 2509 1480 2580 τίτλῳ
1514 2507 1585 2578 η’,
1616 2507 1813 2578 κεφαλ.
1846 2494 1951 2576 λήι,

361 2606 627 2675 εὑρήσεις
650 2605 732 2657 ὅτι
761 2602 883 2657 οὐδὲ
918 2602 1107 2665 παῖδες
1142 2603 1414 2672 αἱρετικοὶ
1444 2600 1702 2656 δύνανται
1755 2594 1955 2670 κληρο·

360 2698 556 2764 νομεῖν
596 2694 725 2758 τοὺς
758 2694 997 2756 οἰκείους
1028 2695 1228 2762 γονεῖς,
1256 2693 1378 2746 οὐδὲ
1407 2696 1585 2761 γονεῖς
1620 2689 1782 2754 αὖθις
1809 2693 1957 2763 αἰρε-

360 2788 510 2840 τικοὶ
538 2786 802 2840 δύνανται
830 2785 1027 2847 ἄλλους
1057 2784 1506 2854 καταλιμπάνειν
1554 2783 1952 2854 κληρονόμους,

360 2880 411 2930 εί
445 2877 526 2947 μὴ
554 2879 686 2941 τοὺς
710 2878 946 2940 οἰκείους
974 2876 1173 2938 παῖδας
1209 2876 1575 2945 Χριστιανοὺς
1606 2876 1771 2935 ὄντας
1799 2891 1814 2905 ο
1850 2875 1956 2928 κᾶν

358 2968 565 3030 ἄλλους
633 2967 696 3019 δὲ
749 2966 951 3029 παῖδας
1008 2964 1183 3036 ἔχοιεν
1235 2965 1552 3035 αἱρετικοὺς
1583 3004 1599 3029 ,
1652 2962 1956 3036 ἀπόκληροι

360 3062 588 3114 ἔσονται
624 3060 849 3126 ἐκεῖνοι,
879 3058 981 3112 κᾶν
1016 3059 1158 3121 ιῐσως
1191 3059 1345 3129 παρὰ
1369 3057 1477 3112 τῶν
1508 3058 1714 3127 γονέων
1748 3043 1956 3127 κληρο-

2052 1847 2195 1903 ldem
2243 1849 2405 1918 igitur
2446 1848 2546 1905 hoc
2580 1864 2800 1919 quoque
2842 1867 3053 1906 canone
3083 1850 3467 1912 constituitur;
3498 1847 3630 1915 Epi-

2054 1953 2251 2008 sropus
2302 1940 2469 2007 enim,
2506 1941 2702 2010 inquit,
2752 1951 2847 1997 aut.
2885 1943 3142 2007 clericus,
3202 1958 3270 1997 ne
3301 1956 3628 2010 quemquam

2052 2030 2365 2086 hereticnm
2397 2041 2491 2086 aut
2519 2047 2549 2086 a
2580 2033 2686 2088 ﬁde
2718 2034 2953 2088 alienum
3002 2035 3053 2088 in
3088 2045 3298 2104 partem
3318 2056 3321 2059 ·
3343 2034 3632 2088 heredita—

2055 2124 2123 2178 tis
2157 2131 2252 2178 aut
2305 2123 2464 2195 legati
2511 2140 2634 2180 cum
2683 2125 2998 2181 Christiano
3028 2126 3252 2181 homine
3293 2124 3627 2187 coheredem

2055 2217 2283 2284 scribat,
2324 2217 2572 2286 quamvis
2611 2226 2704 2272 aut
2758 2218 2806 2272 ei
2843 2217 2937 2287 qui
2972 2227 3353 2273 testamentum
3383 2215 3625 2283 scripsit,

2053 2314 2147 2359 aut
2197 2305 2245 2360 ei
2303 2304 2396 2375 qui
2448 2306 2622 2361 heres
2674 2306 2955 2363 institutus
3007 2316 3111 2372 est,
3163 2307 3402 2362 heretici
3453 2305 3531 2360 illi
3575 2315 3629 2360 et

2056 2396 2300 2452 inﬁdeles
2351 2388 2823 2469 consanguinitate
2861 2397 3193 2468 jungantur:
3247 2401 3358 2455 imo
3407 2412 3505 2455 nec
3536 2400 3632 2452 ali—

2054 2486 2183 2550 quid
2227 2501 2293 2541 ex
2325 2488 2438 2542 suis
2479 2487 2642 2542 rebus
2674 2487 2943 2557 ejusmodi
2986 2485 3299 2543 hominibus
3347 2485 3629 2555 largiatur.

2058 2574 2170 2632 Hoc
2217 2579 2361 2632 idem
2410 2577 2573 2645 hujus
2622 2592 2840 2649 quoque
2887 2577 3079 2650 synodi
3128 2592 3339 2632 canone
3385 2576 3563 2646 primo
3584 2586 3638 2629 et

2057 2672 2390 2739 octogesimo
2424 2669 2599 2726 fusius
2634 2671 2957 2740 explicatur.
2994 2670 3195 2737 Quinto
3230 2684 3359 2725 vero
3388 2678 3443 2724 et
3476 2670 3637 2724 trice-

2058 2762 2197 2817 simo
2253 2761 2473 2818 Basilic.
2534 2762 2694 2831 libro,
2751 2763 2836 2818 tit.
2896 2770 3110 2829 octavo,
3172 2777 3297 2830 cap.
3358 2761 3635 2817 tricesimo

2058 2862 2271 2918 octavo,
2311 2867 2487 2924 neque
2538 2853 2675 2909 ﬁlios
2703 2853 2993 2909 hereticos
3038 2853 3409 2908 hereditatem
3439 2868 3643 2921 parete-

2060 2953 2174 2998 tum
2228 2958 2455 3000 cernere
2511 2959 2699 3015 posse,
2751 2960 2927 3013 neque
2970 2945 3244 3000 haereticis
3297 2942 3635 3014 parentibus,

2061 3048 2258 3108 preter
2315 3034 2455 3094 ﬁlios
2510 3039 2602 3110 qui
2662 3037 2772 3093 sint
2825 3036 3144 3103 Christiani,
3200 3036 3335 3092 alios
3392 3037 3636 3095 heredes

358 3153 525 3223 νόμοι
579 3152 930 3224 ἐγράφησαν.
963 3153 1011 3204 εἰ
1048 3151 1120 3222 μὴ
1152 3125 1335 3223 ἔχου-σι
1368 3125 1568 3216 παῖδας
1613 3125 1949 3223 ὀρθοδόξους,

2060 3129 2341 3188 instituere.
2367 3133 2565 3194 licere;
2593 3132 2747 3201 sique
2772 3131 2862 3186 alii
2891 3130 2986 3187 ﬁlii
3015 3131 3127 3186 sint
3152 3131 3410 3193 heretici,
3436 3143 3627 3200 quam-

364 3246 447 3307 ei;
499 3246 793 3310 συγγενεῖς
847 3243 1029 3296 αὐτῶν
1067 3241 1387 3313 ὀρθοδόξους
1445 3240 1861 3313 περιελεῦσεται
1921 3242 1955 3313 ἡ

370 3335 668 3407 περιουσία
704 3335 908 3389 αὐτῶν.
942 3336 1003 3388 Εί
1034 3335 1088 3389 δὲ
1124 3336 1260 3406 μήτε
1292 3335 1482 3398 παῖδες
1511 3334 1783 3405 ὀρθόδοξοι
1844 3331 1960 3391 εῒεν

363 3426 554 3489 αὺτοῖς
586 3426 731 3497 μήτε
766 3429 1053 3495 συγγενεῖς
1086 3426 1341 3490 τοιοῦτοι,
1375 3425 1653 3499 κληρικῶν
1683 3426 1740 3481 δὲ
1772 3428 1958 3501 σχῆμα

364 3517 516 3589 εἶχον
564 3520 620 3572 οἱ
672 3512 1146 3587 τελευτήσαντες,
1175 3519 1264 3573 ἴνα
1312 3519 1461 3583 ἐντὸς
1500 3517 1773 3580 ἐνιαυτοῦ,
1820 3519 1960 3590 μετὰ

368 3613 457 3663 τὲν
486 3611 731 3664 θάνατον
761 3609 947 3662 αὐτῶν
969 3608 1371 3679 ψηφιζομένου,
1404 3609 1703 3664 ὲκνικῶσιν
1733 3609 1875 3663 αὐτὰ
1905 3610 1958 3664 οἱ

375 3702 463 3769 τῆς
512 3700 824 3767 ἐκκλησίας
871 3701 970 3769 τῆς
1005 3700 1233 3767 πόλεως,
1267 3701 1324 3754 ὲν
1412 3700 1700 3771 κατῴκουν
1733 3701 1957 3757 ἐκεῖνοι.

378 3792 479 3844 Καὶ
513 3794 575 3844 ἐν
610 3790 689 3859 τῷ
714 3792 776 3842 ἀ’
811 3780 1145 3865 βιϐλίῳτῶν
1167 3789 1475 3844 Baetin:th
1507 3790 1821 3862 γέγραπται
1884 3792 1959 3862 μὴ

373 3886 741 3958 κληρονομεῖν
784 3885 1137 3957 Σαμαρείτας
1185 3886 1216 3956 ἢ
1268 3885 1405 3947 ὅλως
1436 3885 1772 3953 αἱρετικοὺς,
1826 3884 1961 3955 μηδὲ

371 3979 588 4050 δωρεὰν
639 3980 968 4049 λαμϐάνειν,
1022 3982 1116 4034 καὶ
1166 3982 1267 4034 ὅσα
1327 3980 1458 4049 ἑξῆς
1487 3980 1549 4032 τὸ
1581 3978 1629 4047 γ’
1662 3979 1962 4047 κεφάλαιον

370 4074 465 4124 τοῦ
498 4070 765 4142 ῥηθέντος
802 4070 1009 4140 βιϐλίου
1036 4071 1258 4137 διέξεισι
1291 4073 1415 4141 περί
1441 4088 1499 4125 τε
1526 4072 1636 4124 τῶν
1664 4071 1840 4125 ἄλλων
1867 4071 1962 4124 καὶ

370 4164 742 4232 Σαμαρειτῶν
770 4165 1052 4235 γεωργῶν.
1087 4166 1160 4219 Τὸ
1189 4166 1244 4218 δὲ
1273 4165 1369 4218 τοῦ
1404 4163 1451 4234 γ’
1477 4162 1659 4218 τίτλου
1685 4164 1779 4218 τοῦ
1813 4170 1852 4218 ε’
1886 4164 1965 4235 βι-

372 4257 529 4310 ϐλίου
564 4263 636 4309 ια’
664 4257 960 4322 κε’ςάλαιον
988 4255 1138 4322 λέγει
1171 4257 1307 4327 μήτε
1329 4256 1472 4334 κατὰ
1501 4255 1792 4323 μίσθωσιν,
1821 4258 1960 4329 μήτε

372 4350 500 4399 κατ’
535 4347 898 4417 ἑμφύτευσιν,
940 4346 1077 4417 μηδὲ
1102 4347 1223 4398 κατ’
1253 4344 1540 4417 ὲξώνησιν,
1573 4346 1606 4418 ἢ
1644 4346 1805 4400 ἄλλον
1839 4346 1962 4401 τινὰ

2059 3222 2141 3276 vis
2168 3229 2495 3277 testamento
2522 3231 2806 3289 parentum
2834 3221 3078 3277 heredes
3105 3222 3290 3291 scripti
3320 3222 3453 3285 sint,
3482 3231 3634 3277 extra

2061 3314 2392 3369 hereditatis
2438 3324 2642 3368 sortem
2693 3327 2815 3367 esse
2861 3313 3096 3381 debere;
3128 3314 3172 3368 si
3204 3326 3335 3369 vero
3365 3313 3495 3368 nulli
3544 3328 3636 3367 or-

2064 3405 2280 3461 thodoxi
2327 3407 2438 3462 sint
2467 3405 2642 3468 liberi,
2674 3406 2741 3459 ad
2787 3404 3124 3476 propinquos
3153 3405 3491 3461 orthodoxos
3521 3406 3637 3474 lege

2061 3499 2347 3570 perrenire
2395 3498 2792 3563 hereditatem,
2844 3496 3244 3569 reperies.Cum
3281 3512 3410 3554 vero
3455 3512 3631 3566 neque

2066 3591 2162 3646 lilii
2224 3591 2517 3645 orthodoxi
2571 3605 2677 3645 nec
2730 3587 3039 3658 hujusmodi
3092 3589 3383 3660 propinqui
3437 3589 3633 3644 fuerint

2064 3683 2191 3748 illis,
2230 3683 2554 3738 clericorum
2593 3689 2731 3738 vero’
2753 3682 2942 3738 habitu
2982 3682 3306 3738 incedebant
3338 3681 3430 3753 qui
3458 3684 3641 3737 dere»—

2062 3789 2204 3839 sere,
2252 3775 2414 3829 unius
2453 3775 2578 3827 anni
2614 3772 2920 3838 intervallo,
2971 3774 3040 3827 ah
3078 3772 3291 3829 illorum
3326 3773 3476 3829 obitu
3511 3773 3641 3827 deti-

2065 3868 2289 3932 niendo,
2331 3865 2576 3921 ecclesiae
2637 3865 2756 3934 ejus
2808 3866 2979 3932 urbis,
3020 3865 3073 3919 in
3127 3881 3234 3934 qua
3273 3866 3346 3920 illi
3401 3867 3644 3921 diversa-

2064 3961 2285 4022 hantur,
2312 3957 2496 4013 clerici
2533 3957 2930 4028 possessionem
2962 3956 3182 4011 adeant.
3216 3956 3397 4012 Primo
3427 3973 3643 4027 quoque

2065 4052 2416 4107 Basilicarum
2451 4051 2544 4104 lib.
2583 4048 2748 4122 548
2776 4064 2846 4103 ne
2896 4049 3204 4116 Samaritis,
3240 4059 3332 4103 aut
3364 4049 3641 4104 haereticis

2063 4146 2501 4216 quibuscunque,
2538 4143 2621 4197 vel
2655 4140 3028 4196 hereditatem
3074 4141 3231 4196 obire
3261 4140 3345 4197 vel
3393 4141 3641 4195 donatio-

2064 4252 2186 4294 nem
2253 4236 2501 4306 accipere
2566 4236 2745 4302 liceat,
2813 4235 3102 4302 edicitur;
3182 4244 3236 4290 et
3309 4248 3643 4305 quecunquc

2067 4335 2320 4402 deinceps
2350 4330 2592 4401 ejusdem
2625 4329 2745 4383 libri
2793 4330 2970 4396 capite
3001 4327 3071 4382 53
3097 4333 3211 4381 tum
3261 4328 3327 4382 de
3369 4325 3492 4380 aliis
3532 4336 3643 4381 tum

370 4440 606 4510 τρόπον,
640 4438 868 4507 ἀκίνητο
893 4438 1194 4513 λαμϐάνειν
1226 4439 1506 4509 αἱρετικὸν
1554 4439 1859 4508 οἰονδήτινα
1902 4438 1955 4504 ἐξ

2069 4426 2136 4482 dc
2172 4425 2566 4482 Samaritarum
2616 4420 2874 4494 agricolis
2948 4421 3292 4490 explicantur
3342 4420 3488 4489 (huc
3522 4434 3646 4486 spe—

370 4532 680 4600 ὲκκλησίας
710 4531 856 4595 τινὸς
887 4531 920 4603 ἤ
954 4531 1116 4586 ἄλλου
1151 4530 1455 4602 σεϐασμίου
1485 4533 1661 4587 οἴκουε
1705 4532 1813 4586 Καὶ
1863 4534 1958 4585 τοῦ

369 4625 548 4680 αὑτοῦ
584 4623 796 4695 βιϐλίου
843 4625 941 4678 καὶ
986 4623 1164 4677 τίτλου
1206 4625 1300 4679 καὶ
1344 4623 1649 4693 κεφαλαίου
1707 4625 1852 4694 θὲμα
1911 4630 1960 4693 γ’

368 4717 577 4785 φησίν·
642 4715 771 4768 Ἐὰν
816 4715 1105 4786 όρθόδοξος
1157 4713 1297 4787 ἔχων
1347 4715 1565 4785 κτῆσιν,
1613 4716 1672 4768 ὲν
1813 4716 1962 4768 ἐστιν

369 4811 512 4878 ἁγία
560 4809 884 4879 Ἐκκλησία,
932 4808 1280 4881 παραπέμψῃ
1341 4808 1548 4875 ταύτην
1599 4808 1723 4862 καθ’
1752 4808 1962 4880 οίονδή-

366 4920 498 4956 τινα
552 4902 759 4970 τρόπον
817 4896 1033 4971 ἀπίστῳ
1092 4901 1125 4972 ἢ
1179 4900 1370 4963 ἁπλῶς
1418 4901 1684 4970 αἱρετικῷ
1719 4941 1734 4965 ,
1792 4902 1958 4971 ἠέκ-

367 4994 578 5063 κλησία
628 4993 729 5061 τῆς
789 4991 964 5063 αὐτῆς
1018 4994 1215 5064 κώμης
1264 4991 1364 5064 τὴν
1426 4990 1592 5046 αὐτοῦ
1638 4992 1960 5047 δεσποτείαν

363 5104 687 5141 εκοικειτω.

2070 4519 2272 4590 ctam).
2305 4516 2638 4579 Tertiivero
2671 4516 2755 4569 tit.
2794 4512 2890 4568 lib.
2923 4526 2975 4578 v,
3007 4527 3132 4583 cap.
3169 4511 3259 4578 ll,
3290 4526 3465 4581 neque
3498 4513 3646 4566 loca-

2069 4615 2237 4678 tione,
2288 4625 2462 4680 neque
2490 4606 2830 4680 emphytensi
2865 4618 3043 4674 neque
3074 4605 3371 4674 emptione,
3417 4614 3510 4658 aut
3536 4604 3646 4658 alio

2069 4717 2393 4775 quocunque
2460 4701 2642 4767 modo,
2698 4697 2984 4769 quodlibet
3054 4696 3331 4751 immobile
3391 4695 3645 4750 ecclesiae

2071 4797 2301 4867 alicujus
2361 4804 2455 4848 ant
2511 4792 2736 4846 alterius
2788 4804 2959 4845 sacre
3016 4788 3212 4842 domus
3260 4786 3329 4841 ab
3389 4786 3646 4841 heretico

2070 4893 2242 4960 accipi
2285 4888 2448 4942 licere
2501 4876 2831 4938 decernitur.
2876 4880 2945 4934 Et
2997 4894 3130 4934 vero
3187 4878 3431 4949 ejusdem
3495 4878 3644 4945 libri,

2069 4982 2234 5048 tituli,
2275 4992 2328 5036 et
2373 4977 2571 5048 capitis
2621 4975 2799 5028 thema
2836 4974 3054 5028 tertium
3097 4971 3271 5028 dicit:
3310 4970 3366 5026 Si
3402 4969 3525 5042 quis
3556 4986 3648 5025 or-

2073 5079 2343 5136 modoxns
2370 5070 2656 5142 praedium,
2689 5068 2743 5121 in
2787 5081 2894 5136 quo
2943 5075 3130 5120 sancta
3171 5065 3402 5122 ecclesia
3430 5064 3645 5122 condita

363 5185 455 5243 ι-Ῐῑ,
504 5180 737 5242 inﬁdeli,
794 5190 891 5234 aut
925 5178 1092 5234 etiam
1144 5178 1425 5243 heretico,
1480 5192 1809 5251 quacunque
1867 5180 2080 5235 ratione
2140 5168 2523 5230 transmiserit,
2574 5164 2676 5216 vici
2752 5161 2869 5233 ejus
2940 5160 3169 5218 ecclesia
3246 5162 3434 5232 predii
3521 5157 3648 5233 pos-

363 5277 668 5331 ressionem
712 5273 972 5327 vintlict'l.

360 5368 587 5426 ΑΡΙΣΤ.
629 5386 648 5418 σ
696 5358 1025 5419 Ἐπίσκοποι
1064 5364 1161 5417 καὶ
1189 5363 1444 5435 at).quon
1478 5364 1798 5436 αἱρετικοῖς,
1825 5367 1948 5420 οὐδ’

434 5484 454 5516 σ
504 5464 572 5518 ἂν
606 5456 714 5515 ὦσι
750 5457 1071 5525 συγγενεῖς,
1101 5456 1442 5527 δωρήσονταί
1493 5475 1544 5510 τι
1581 5457 1689 5511 τῶν
1718 5458 1959 5522 οἰκείων,

431 5577 448 5610 ι
497 5557 531 5630 ἧ
570 5550 912 5615 συνεισάξου
922 5565 1032 5604 σιν.

948 5638 1191 5694 ΚΑΝΩΝ
1252 5641 1398 5708 Kq'.

352 5767 370 5800 ι
406 5743 653 5812 Ὁμοίως
685 5736 995 5791 ἐπίσκοποι
1027 5733 1202 5802 πέραν
1238 5734 1516 5802 θαλάσσης
1554 5731 1631 5803 μὴ
1659 5732 1968 5803 ἀποδημει.

1739 5822 1966 5894 πρώτης

308 5850 323 5862 '
421 5861 439 5893 ι
493 5851 691 5893 τωσαν
719 5846 735 5859 ’
800 5827 852 5879 εί
908 5824 1161 5897 μὴκατὰ
1192 5823 1547 5894 ψηφίσματος
1584 5826 1682 5893 τῆς

2073 5354 2299 5415 ARIST.
2362 5371 2381 5404 ‹
2438 5347 2683 5420 Epismpi
2736 5357 2791 5400 ct
2836 5347 3017 5402 clerici
3071 5347 3203 5403 nihil
3250 5360 3283 5403 ο
3333 5347 3487 5403 bonis
3537 5349 3648 5402 suis

2143 5470 2162 5503 ι
2220 5447 2425 5502 dabunt
2474 5440 2763 5503 hereticis,
2821 5441 2906 5496 rei
2958 5441 3012 5496 in
3043 5454 3140 5495 eos
3192 5439 3495 5507 conferent,
3549 5455 3650 5496 nec

2146 5563 2163 5597 ι
2198 5557 2241 5599 SI
2269 5539 2481 5611 cognati
2513 5537 2734 5592 fuerint.
2760 5555 2778 5587 ι

2635 5623 2866 5681 CANON
2893 5623 3089 5681 XXVI.

2084 5745 2104 5780 ‹
2163 5724 2321 5787 itetn,
2358 5718 2595 5791 episcopi
2630 5726 2780 5771 trans
2814 5732 2961 5772 mare
3014 5731 3119 5771 non
3171 5713 3594 5787 proﬁciscantur
3628 5729 3643 5765 :

2149 5835 2167 5870 ι
2212 5815 2316 5871 nisi
2343 5828 2463 5869 cum
2489 5813 2707 5867 decreto
2734 5811 2917 5878 prime
2944 5809 3213 5864 cathedra:
3235 5806 3435 5879 proprii
3462 5806 3646 5861 unius-
