4034 6390
534 380 636 443 123
916 386 931 421 ‘

612 598 631 631 ι
668 579 975 635 canonibus
1024 579 1403 634 conﬁrmatum
1452 589 1578 635 est:
1635 589 1693 634 ut
1725 578 2110 650 bypodiaconi,

615 690 634 722 ι
669 671 763 740 qui
799 685 958 726 sacra
991 671 1248 744 mysteria
1291 679 1659 735 contrectant,
1687 680 1743 726 et
1784 672 2023 734 diaconi,
2060 681 2116 725 et

601 782 621 814 ι
662 747 988 834 presbyteri,
1021 764 1151 833 quin
1179 766 1344 819 etiam
1381 775 1435 819 ct
1474 765 1715 835 episcOpi
1774 765 1826 819 in
1881 764 2116 836 propriis

617 874 636 908 ι
682 856 929 911 terminis
961 871 990 908 a
1041 856 1363 925 coniugibus
1401 858 1731 924 abstineant,
1770 866 1828 910 ut
1856 858 1965 912 sint
1999 867 2116 910 tan-

621 962 641 998 ι
674 960 841 1013 quam.
870 962 975 999 non
1006 946 1307 1015 habentes;
1344 947 1486 1017 quod
1519 948 1622 1001 nisi
1654 945 1901 1012 fecerint,
1927 948 1993 1001 ab
2025 962 2117 1001 ec-

620 1055 642 1091 (
678 1039 987 1094 clesiastiro
1008 1039 1187 1094 ofﬁcio
1212 1043 1545 1094 moveantur.
1565 1038 1777 1109 Reliqui
1796 1050 1976 1093 autent
2006 1038 2116 1093 cle-

627 1147 651 1183 r
698 1129 799 1185 rici
845 1131 909 1183 ad
972 1122 1093 1186 lioc'
1134 1148 1236 1185 non
1283 1142 1564 1198 cogantur,
1606 1132 1709 1186 nisi
1744 1131 1796 1185 in
1860 1141 2113 1200 provecta

613 1240 635 1275 ί
670 1233 848 1279 :rlate.
905 1225 985 1277 Ab
1022 1225 1274 1278 universa
1311 1227 1519 1295 synodo
1570 1225 1776 1279 dictum
1828 1234 1949 1278 est:
1988 1223 2116 1289 Qua:

616 1335 635 1368 ι
674 1327 853 1371 vestra
905 1319 1163 1371 sanctitas
1194 1318 1338 1389 juste
1367 1321 1672 1387 composuit
1700 1359 1715 1382 ,
1769 1335 1891 1374 cum
1925 1326 2115 1375 sancta

609 1424 630 1460 ι
670 1409 780 1464 sint
815 1418 870 1464 et
902 1408 1015 1465 Deo
1043 1422 1219 1480 grata,
1254 1413 1659 1466 confirmamus.
1690 1430 1710 1463 ι
1805 1431 1821 1515 -ἶ

605 1694 803 1752 BALS.
838 1697 966 1765 Qum
992 1699 1042 1752 in
1074 1708 1327 1769 quartum
1354 1715 1617 1756 canonem
1643 1703 1929 1770 prmsentis
1953 1716 2118 1773 syno-

537 1787 589 1840 di
651 1792 853 1858 scripta
882 1798 1031 1855 sunt,
1064 1791 1154 1860 qui
1190 1791 1380 1845 statuit
1407 1802 1463 1845 nt
1514 1807 1543 1845 a
1596 1792 1830 1862 propriis
1857 1794 2117 1848 uxoribus

534 1878 759 1935 omnino
794 1880 1099 1936 abstineant
1135 1881 1457 1951 presbyteri,
1491 1882 1705 1937 diaconi
1738 1892 1792 1938 et
1826 1885 2112 1939 subdiaco-

538 1972 588 2024 ni
617 1982 857 2039 tempore
884 1989 995 2026 sua:
1027 1974 1184 2041 vicis,
1205 1974 1411 2029 scilicet
1435 1975 1652 2043 quando
1676 1984 1911 2032 tractant
1936 1991 2114 2041 sacra,

535 2060 700 2132 550
743 2062 1017 2118 sufﬁciunt
1064 2066 1132 2120 ad
1185 2066 1473 2137 praesentis
1528 2067 1753 2122 canonis
1788 2068 2119 2137 interpreta-

535 2164 762 2211 t'oncm.
792 2155 1113 2213 Lectoribns
1144 2169 1321 2214 autem
1352 2159 1541 2214 Patres
1574 2171 1980 2225 concesserunt,
2015 2171 2118 2215 uta

536 2250 650 2301 suis
682 2249 943 2305 uxuribns
976 2266 1079 2304 non
1122 2251 1444 2306 contineant
1472 2253 1704 2307 omnino
1733 2262 1977 2321 tempore
2010 2269 2120 2308 sua:

538 2341 716 2395 vicis:
749 2340 851 2394 nisi
891 2343 1097 2411 utique,
1159 2343 1441 2411 inquiunt,
1490 2346 1732 2412 provecti
1786 2344 1897 2399 sint
1928 2352 2116 2411 aetate;

537 2422 700 2503 κείρα
740 2434 884 2487 cnim
934 2450 1032 2504 pro
1078 2434 1286 2508 ἡλικίᾳ,
1328 2436 1431 2491 hoc
1478 2447 1580 2500 est,
1619 2446 1799 2502 a-tate,
1827 2436 2117 2506 accipitur.

537 2522 673 2577 Nora
706 2539 836 2594 ergo
866 2525 1008 2594 quod
1039 2526 1200 2581 etiam
1252 2528 1604 2600 bypodiaconi
1649 2543 1803 2583 sacra
1861 2536 2117 2583 tractant.

540 2616 648 2669 Nec
678 2618 827 2672 dit-as
881 2630 1204 2687 praesentem
1253 2635 1516 2675 canoncm
1578 2637 1877 2691 repugnare
1924 2621 2119 2677 canoni

534 2708 598 2762 2|
633 2710 822 2779 synodi
868 2708 1188 2765 Laodicenze
1243 2714 1332 2781 qui
1372 2714 1540 2778 dicit,
1601 2715 1964 2769 subdiaconos
2014 2729 2122 2768 non

537 2801 737 2855 habere
777 2800 949 2856 locum
988 2803 1038 2857 in
1068 2804 1411 2859 ministrandi
1446 2805 1643 2874 ofﬁcio,
1674 2821 1772 2861 nec
1806 2806 2004 2860 debere
2032 2821 2122 2858 sa-

543 2909 634 2947 rra
680 2903 942 2962 tangere:
988 2898 1082 2951 sed
1124 2898 1211 2952 dic
1236 2900 1376 2965 quod
1406 2898 1550 2952 aliud
1578 2909 1655 2951 est
1688 2908 2031 2953 contrectare
2071 2907 2125 2953 et

538 2986 685 3042 aliud
737 2997 979 3059 tangere.
1023 2993 1379 3045 Contrectare
1400 2991 1567 3056 enim,
1599 3002 1691 3043 aut
1735 3006 1764 3043 a
1796 2991 1916 3044 loco
1953 2991 2003 3043 in
2038 2991 2123 3043 lo-

537 3094 661 3133 cum
722 3094 967 3148 mutare,
1003 3092 1086 3136 est
1139 3083 1458 3147 ministerii;
1500 3094 1554 3151 et
1605 3098 1703 3137 nec
1755 3083 2122 3137 subdiaconus

1794 375 2074 439 THEOD.

2226 374 2361 435 LSA
2372 372 2533 435 MON
3683 376 3773 441 131

608 507 628 541 ι
667 501 793 554 erga
824 500 953 541 snas
977 499 1175 542 uxores
1221 485 1503 563 refertur,
1526 486 1579 543 id
1626 486 1768 557 quod
1798 486 1853 542 in
1880 485 2111 542 diversis
2138 490 2188 547 Λ

2289 506 2309 541 ι
2348 506 2511 543 τινων
2552 487 2661 543 τῶν
2704 487 3005 560 κληρικῶν,
3049 491 3343 562 ἐξαιρέτως
3396 493 3773 560 ἀναγνωστῶν,

2294 600 2312 633 ι
2349 581 2412 635 τό
2441 581 2499 634 ἐν
2533 580 2817 652 διαφόροις
2851 581 3089 645 συνόδοις
3123 582 3421 652 βεϐαιωθέν
3448 599 3461 612 ’
3493 583 3631 638 ὥστε
3659 587 3776 650 τοὺς

2292 694 2309 725 ι
2352 668 2743 734 ὑποδιακόνους
2798 672 2928 733 τοὺς
2993 673 3062 726 τὰ
3118 673 3236 744 ιερά
3292 674 3568 742 μυστήρια
3608 674 3776 745 ψηλα-

2296 786 2311 818 ι
2358 766 2600 835 φῶντας,
2633 766 2728 820 καὶ
2756 766 2881 829 τοὺς
2918 766 3200 830 διακόνους
3232 765 3328 821 καὶ
3362 767 3779 839 πρεσϐυτέρους,

2295 877 2312 910 ι
2356 860 2493 913 ἀλλὰ
2519 860 2611 914 καὶ
2628 860 2959 920 ἐπισκόπους
2990 860 3132 913 κατὰ
3159 858 3284 923 τοὺς
3311 858 3477 922 ἰδίους
3506 860 3659 930 ὅρους
3692 861 3780 916 καὶ

2295 968 2312 1000 ι
2355 953 2417 1003 ὲκ
2455 950 2575 1016 τῶν
2640 951 2888 1020 συμϐίων
2936 951 3392 1019 ὲγκρατεύεσθαι,
3449 951 3534 1005 ἵνα
3587 952 3658 1015 ὡς
3709 952 3780 1023 μὴ

2297 1060 2313 1091 ι
2358 1040 2573 1111 ἔχοντες
2604 1035 2735 1095 ὦσιν
2766 1043 2905 1114 ὅπερ
2931 1043 2979 1096 εί
3011 1044 3087 1113 μὴ
3122 1043 3446 1108 ποιήσωσιν,
3475 1043 3568 1097 τοῦ
3603 1042 3782 1111 ἐκκλη-

2296 1153 2313 1183 ι
2358 1131 2642 1186 σιαστικοῦ
2701 1134 3081 1204 ἀποκινηθῶσι
3138 1134 3495 1203 καθήκοντος.
3547 1134 3682 1197 Τοὺς
3730 1134 3784 1189 δὲ

2300 1243 2317 1273 ‹
2358 1208 2581 1285 λοιποὺς
2605 1224 2901 1294 κληρικοὺς
2927 1224 3064 1294 πρὸς
3084 1226 3240 1278 τοῦτο
3272 1224 3346 1296 μὴ
3369 1222 3783 1292 ἀναγκάζεσθαι,

2296 1334 2313 1366 ι
2354 1316 2402 1368 εί
2449 1315 2541 1383 ,μὴ
2604 1316 2663 1366 ὲν
2722 1313 3104 1385 προϐεϐηκυία
3173 1315 3344 1385 κήρᾳ.
3414 1314 3549 1368 ’Δπδ
3616 1315 3786 1385 πάσης

2297 1430 2315 1461 ι
2359 1409 2554 1480 sib/0r;
2592 1408 2692 1477 τῆς
2725 1407 2968 1469 συνόδου,
2998 1405 3142 1476 ἆπερ
3172 1406 3215 1474 ή·
3236 1403 3479 1474 ὑμετέρα
3511 1403 3789 1472 ἀγιωσύνη

2296 1520 2313 1553 ι
2352 1502 2576 1563 δικαίως
2625 1499 2981 1571 ὲρῥύθμισεν,
3024 1499 3333 1569 ἱεροπρεπῆ
3373 1496 3505 1550 ὄντα
3532 1496 3626 1551 καὶ
3667 1495 3789 1551 Osd-

2297 1616 2315 1648 ι
2362 1614 2548 1667 pacta,
2584 1594 2929 1667 βεϐαιοῦμεν.
3058 1592 3065 1599 ’

2296 1689 2491 1742 ΒΑΛΣ.
2522 1688 2600 1739 Τὰ
2631 1688 2709 1751 εἰς
2735 1688 2824 1739 τὸν
2855 1686 2896 1739 δ’
2920 1684 3120 1747 κανόνα
3148 1683 3246 1754 τῆς
3268 1682 3560 1755 παρούσης
3577 1680 3789 1736 συνόδου

2224 1783 2526 1852 γραφέντα,
2580 1782 2671 1834 τὸν
2715 1780 3087 1849 διοριζόμενον
3129 1776 3454 1848 ἀπέχεσθαι,
3497 1776 3609 1830 τῶν
3652 1774 3790 1828 ίδίων

2220 1875 2499 1945 γυναικῶν
2540 1876 2669 1937 τοὺς
2715 1871 3148 1942 πρεσϐυτέρους,
3199 1871 3330 1931 τοὺς
3373 1869 3657 1928 διακόνους
3699 1866 3788 1920 καὶ

2222 1970 2347 2032 τοὺς
2410 1967 2800 2028 ὑποδιακόνους
2850 1965 3070 2027 πάντως
3120 1965 3265 2017 κατὰ
3313 1963 3406 2016 τὸν
3460 1963 3656 2031 καιρὸν
3699 1959 3793 2028 τῆς

2222 2060 2535 2130 ἐφημερίας
2566 2057 2768 2124 αὐτῶν,
2804 2056 2976 2126 ἤγουν
3000 2054 3122 2108 καθ’
3162 2053 3257 2117 οὓς
3281 2055 3507 2125 καιροὺς
3545 2067 3791 2124 μεταχει-

2226 2151 2464 2223 ρίζονται
2491 2152 2557 2206 τὰ
2603 2150 2755 2219 ἅγια,
2787 2148 3020 2220 ἀρκοῦσι
3047 2150 3144 2203 καὶ
3164 2149 3247 2207 εἰς
3277 2146 3376 2216 τὴν
3396 2147 3493 2199 τοῦ
3525 2146 3790 2214 παρόντος

2222 2246 2447 2309 κανόνος
2479 2243 2797 2315 ἑρμηνείαν.
2831 2242 2958 2311 Τοῖς
2993 2240 3180 2308 μέντοι
3205 2238 3585 2305 ἀναγνώσταις
3614 2236 3795 2290 ἐνέδω-

2221 2354 2326 2392 καν
2375 2340 2424 2390 οἱ
2459 2337 2696 2408 πατέρες
2730 2337 2806 2407 μὴ
2860 2335 3294 2407 ὲγκρατεύεσθαι
3329 2337 3393 2389 ὲκ
3421 2334 3531 2387 τῶν
3558 2331 3797 2402 συμϐίων

2222 2429 2405 2485 αὐτῶν
2438 2432 2658 2493 πάντως
2691 2429 2837 2483 κατὰ
2871 2430 2965 2482 τὸν
2998 2428 3188 2500 καιρὸν
3217 2431 3318 2498 τῆς
3346 2426 3557 2481 τούτων
3588 2428 3791 2492 ἐφημε-

2225 2526 2368 2595 ρῖας.
2395 2525 2444 2576 εἰ
2474 2524 2664 2593 μήπω,
2697 2523 2852 2591 φασὶ,
2885 2515 2988 2575 ὦσι
3027 2519 3458 2592 προόεϐηκότες.
3491 2517 3667 2572 Τοῦτο
3695 2514 3799 2583 γάρ

2224 2619 2371 2671 ἐστιν
2399 2618 2430 2684 ἡ
2458 2616 2633 2684 κήρα,
2664 2614 2994 2684 τουτέστινή
3021 2612 3227 2682 ήλικία’
3257 2610 3576 2680 Σημείωσαι
3605 2605 3698 2663 οἷν
3719 2608 3796 2660 ὅτι

2223 2708 2320 2763 καὶ
2347 2710 2396 2762 oi
2427 2708 2768 2761 ὑποδιάκονοι
2806 2706 2873 2759 τὰ
2900 2705 3031 2774 ἅγια
3059 2704 3552 2774 μεταχειρίζονται.
3588 2702 3694 2756 Καὶ
3728 2697 3797 2769 μὴ

2224 2801 2385 2873 εἴπῃς
2435 2800 2813 2855 ἐναντιοῦσθαι
2842 2799 2935 2851 τὸν
2971 2798 3215 2865 παρόντα
3256 2796 3458 2850 κανόνα
3484 2794 3567 2865 τῷ
3596 2799 3686 2848 καθ’
3708 2808 3800 2845 κα-

2224 2895 2337 2949 νόνι
2367 2895 2463 2963 τῆς
2495 2897 2552 2946 ὲν
2578 2892 2870 2963 Λαοδικείᾳ
2898 2891 3118 2944 συνόδου
3139 2888 3496 2958 διοριζομένῳ
3523 2888 3653 2950 τοὺς
3676 2886 3800 2939 ὑπο-

2225 2988 2507 3051 διακόνους
2551 2988 2625 3057 μὴ
2658 2986 2804 3056 ἔχειν
2846 2983 3033 3055 χώραν
3072 2985 3130 3035 ὲν
3173 2980 3251 3050 τῷ
3299 2979 3620 3049 διακονικῷ,
3674 2975 3800 3049 μηδὲ

2229 3081 2498 3136 ἅπτεσθαι
2541 3080 2655 3135 τῶν
2692 3078 2853 3149 ἱερῶν
2879 3096 2892 3109 ·
2927 3078 3042 3130 ἀλλ’
3074 3074 3194 3129 εἰπὲ
3228 3073 3316 3125 ὅτι
3355 3071 3543 3142 ἔτερόν
3587 3073 3702 3126 ἔστι
3744 3068 3801 3121 τὺ

542 3173 646 3227 boc
674 3172 1196 3241 facereimpedietur
1226 3192 1240 3229 :
1277 3184 1496 3241 tangere
1525 3184 1731 3240 autem,
1775 3175 1908 3229 solis
1934 3189 2117 3229 sacer-

2226 3174 2511 3246 ψηλαφᾷν,
2552 3174 2649 3228 καὶ
2684 3173 2873 3243 ἕτερον
2906 3170 2967 3224 τὸ
2998 3166 3286 3223 ἅπτεσθαι.
3321 3164 3395 3218 To
3437 3164 3539 3234 μὲν
3571 3166 3680 3235 γὰρ
3705 3161 3803 3230 ψη.

537 3264 758 3320 dotibus
793 3281 1108 3325 concessum
1134 3275 1238 3333 est,
1279 3276 1335 3321 et
1367 3267 1433 3321 iis
1463 3266 1554 3335 qui
1596 3267 1869 3321 sacriﬁcio
1899 3266 2121 3321 subscr-

537 3358 721 3424 vium,
755 3374 851 3412 seu
880 3359 1147 3415 diaconis.
1199 3358 1404 3413 Debent
1432 3369 1610 3414 autem
1635 3374 1700 3413 ex
1739 3359 1987 3426 prtescnti
2022 3375 2120 3414 ea-

539 3464 702 3514 none,
743 3464 848 3501 non
876 3449 1051 3503 solum
1083 3449 1174 3519 qui
1209 3465 1364 3503 sacra
1428 3458 1674 3517 tangunt,
1723 3450 1815 3502 sed
1847 3457 1902 3502 ct
1925 3450 2013 3517 qui
2054 3465 2118 3503 ea

539 3550 908 3609 contrectant,
940 3558 1052 3598 suae
1087 3542 1222 3596 vicis
1242 3554 1486 3611 tempore
1508 3545 1814 3597 continere.
1845 3540 1914 3596 Ut
1936 3542 2120 3597 clerici

539 3643 741 3698 autem,
792 3633 886 3704 qui
922 3644 1051 3689 sunt
1100 3644 1253 3688 extra
1293 3635 1549 3712 tribunal,
1593 3650 1623 3689 a
1661 3636 1897 3705 pI'OpI'ilS
1931 3636 2117 3689 uxori-

542 3728 643 3779 bus
691 3727 1001 3781 abstineant
1050 3727 1102 3780 in
1158 3739 1410 3798 provecta
1445 3737 1626 3791 aetate,
1675 3729 1962 3781 honestum
1995 3728 2117 3796 qui-

536 3818 659 3872 dem
695 3828 800 3874 est.
835 3818 902 3875 Ut
932 3821 967 3874 ii
999 3831 1179 3876 autem
1209 3822 1503 3890 puniantur
1529 3837 1557 3873 a
1590 3831 1783 3875 natura
1821 3821 2147 3889 compulsiy

538 3927 645 3965 non
677 3923 794 3976 est,
825 3922 881 3967 ut
924 3913 1199 3980 existimo,
1230 3924 1542 3969 sanctorum
1568 3911 1792 3968 Patrum
1811 3911 2021 3976 indicii.
2056 3913 2122 3967 Et

535 4015 822 4075 propterea
843 4048 859 4074 ,
888 4015 949 4060 ut
976 4016 1060 4061 est
1097 4015 1549 4081 consentaneum,
1599 4019 1666 4059 ne
1696 4019 1869 4058 canon
1901 4005 2118 4072 quidem

537 4114 634 4152 uos
662 4099 972 4168 puniendos
1010 4115 1133 4155 esse
1162 4099 1375 4156 statuit.
1413 4097 1561 4168 Lege
1596 4099 1880 4176 praesentis
1929 4098 2120 4167 synodi

537 4207 800 4246 canonem
823 4193 880 4257 '5,
903 4203 957 4247 et
988 4206 1158 4248 sextae
1197 4193 1264 4246 12
1288 4203 1341 4244 et
1373 4193 1461 4247 15.

2222 3268 2614 3339 λαφᾷν,ἦγουν
2662 3266 2723 3319 τδ
2769 3254 3084 3336 μετακινεῖν
3125 3261 3236 3315 ἀπὸ
3280 3260 3448 3314 τόπου
3479 3259 3563 3320 είς
3619 3256 3800 3314 τόπον.

2223 3362 2532 3431 ὑπηρεσίας
2561 3359 2679 3413 ἐστὶ
2708 3359 2803 3412 καὶ
2835 3358 2956 3412 οὐδὲ
2986 3360 3014 3410 ὁ
3044 3355 3400 3416 ὐποδιάκονος
3434 3353 3597 3406 τοῦτο
3631 3348 3807 3403 ποιεῖν

2223 3453 2727 3525 ὲμποδισθήσεταιο
2778 3450 2840 3503 τὸ
2886 3450 2943 3503 δὲ
2992 3447 3289 3510 ἅπτεσθαι,
3346 3446 3530 3516 μόνοις
3591 3440 3804 3505 ἐνεδόθη

2221 3550 2335 3610 τοῖς
2386 3546 2594 3617 ἱερεῦσι
2646 3543 2744 3597 καὶ
2798 3544 2910 3606 τοῖς
2960 3539 3335 3608 ὑπουργοῦσιν
3391 3543 3450 3593 ἔν
3502 3540 3571 3609 τῇ
3624 3536 3801 3605 θυσίᾳ.

2225 3643 2395 3713 ήγουν
2436 3642 2550 3702 τοῖς
2597 3637 2891 3700 διακόνοις.
2943 3621 3250 3703 Ὀφείὶξουσι
3294 3629 3352 3687 δὲ
3385 3631 3527 3686 κατὰ
3573 3631 3666 3685 τὸν
3713 3644 3807 3681 πα-

2231 3735 2391 3804 ρόντα
2420 3731 2621 3786 κανόνα
2642 3730 2701 3783 οὖ
2735 3729 2894 3799 μόνον
2916 3726 2966 3780 οἱ
2997 3725 3301 3794 ἁπτόμενοι
3326 3724 3435 3777 τῶν
3465 3724 3650 3794 ἱερῶν,
3674 3718 3806 3776 ἀλλὰ

2228 3827 2327 3882 καὶ
2380 3827 2431 3879 ol
2478 3824 2838 3894 ψηλαφῶντες
2883 3820 3024 3873 αὐτὰ
3059 3817 3494 3888 ἐγκρατεύεσθαι
3533 3815 3683 3868 κατὰ
3717 3811 3807 3865 τὸν

2208 3918 2425 3989 ακαιρὸν
2475 3918 2579 3985 τῆς
2632 3916 2839 3968 τούτων
2896 3914 3229 3982 ἐφημερίας.
3279 3910 3354 3963 Τδ
3400 3909 3456 3962 δὲ
3506 3905 3808 3978 ἀπέχεσθαι

2230 4012 2337 4065 ἀπὸ
2368 4010 2477 4063 τῶν
2506 4009 2653 4062 ἰδίων
2684 4007 2964 4075 γυναικῶν
2988 4006 3118 4066 τοὺς
3146 4004 3251 4071 ἔξω
3279 4003 3374 4056 τοῦ
3404 4003 3655 4073 βήματος
3682 4002 3809 4069 κληο

2237 4105 2421 4174 ρικοϋς
2454 4105 2511 4156 ὲν
2543 4099 2925 4171 προϐεϐηκυίᾳ
2954 4098 3142 4170 ἡλικίᾳ
3181 4097 3346 4151 καλὸν
3384 4097 3484 4168 μέν
3517 4094 3642 4149 ἐστι
3667 4111 3683 4127 ·
3717 4107 3809 4146 κο·-

2229 4195 2488 4258 λάζεσθαι
2516 4194 2571 4247 δὲ
2599 4193 2820 4256 τούτους
2842 4191 2948 4247 ὑπὸ
2972 4191 3072 4261 τῆς
3094 4189 3310 4260 φύσεως
3332 4186 3807 4258 ἀναγκαζομένους

536 4285 638 4339 οὐκ
660 4285 778 4339 ἔστι
804 4285 905 4355 τῆς
934 4287 1044 4338 τῶν
1070 4287 1242 4355 ἁγίων
1263 4287 1552 4360 Πατέρων,
1578 4285 1653 4349 ὡς
1677 4286 1886 4357 οἴομαι,
1912 4286 2258 4357 διακρίσεως.
2300 4289 2414 4342 Και¹
2443 4287 2532 4339 διὰ
2561 4285 2741 4349 τοῦτο,
2776 4286 2851 4347 ὡς
2880 4285 3056 4339 ἔοικεν
3121 4283 3243 4337 οὐδὲ
3305 4284 3334 4335 ὁ
3398 4279 3581 4333 κανὼν
3646 4277 3811 4349 διορί-

537 4377 693 4444 ζεται
719 4379 1081 4451 τιμωρεῖσθαι
1100 4380 1345 4444 τούτους.
1386 4380 1684 4449 Ἀνάγνωθι
1707 4381 1807 4448 τῆς
1836 4381 2118 4452 παρούσης
2160 4381 2382 4436 συνόδου
2418 4380 2622 4433 κανόνα
2654 4379 2704 4447 γ’
2735 4380 2830 4433 καὶ
2864 4378 2966 4448 τῆς
2999 4384 3053 4442 ς’
3078 4392 3201 4430 καν.
3232 4375 3301 4445 ιβ’
3330 4374 3426 4429 καὶ
3464 4370 3552 4441 ιγ’.

613 4470 869 4529 ZONAR.
922 4473 1021 4528 ilic
1045 4489 1262 4544 quoque
1306 4490 1481 4530 canon
1512 4491 1626 4541 eos,
1657 4477 1747 4545 qui
1773 4486 1961 4531 sancta
1992 4491 2122 4530 con-

2305 4474 2550 4531 ΖΩΝΑΡ,
2577 4475 2686 4527 Καὶ
2702 4467 2857 4533 οὗτος
2878 4474 2905 4526 ό
2928 4470 3108 4525 κανὼν
3127 4469 3363 4540 περὶτοῦ
3380 4466 3811 4538 ὲγκρατεύεσθαι

542 4576 805 4634 trectant,
855 4569 1209 4623 continentia:
1242 4568 1473 4637 [legibus
1532 4571 1727 4634 teneri,
1781 4571 2116 4639 proindeque

540 4659 940 4732 bypodiaconos
959 4702 975 4728 ,
1000 4661 1260 4715 diaconos
1290 4672 1345 4714 et
1369 4663 1701 4727 sacerdotes,
1732 4663 1823 4732 qui
1864 4662 2121 4716 nimirum

538 4749 723 4805 divina
785 4751 1037 4823 mysteria
1095 4758 1377 4818 tractant,
1457 4766 1489 4806 a
1562 4752 1879 4823 conjugibus
1954 4753 2124 4807 absti-

541 4857 673 4898 nere
720 4844 978 4913 jubet;et
1005 4842 1210 4910 profert
1250 4843 1305 4897 in
1357 4859 1478 4899 eam
1532 4846 1854 4901 sententiam
1884 4845 2127 4914 Apostoii

537 4935 741 4999 verba,
795 4945 876 5001 ut,
917 4936 1009 5005 qui
1042 4951 1231 4989 uxores
1276 4937 1502 5004 litabant,
1560 4938 1782 5000 dicens,
1833 4939 1940 4992 sint
2001 4949 2125 4993 tan-

535 5041 698 5094 quam
772 5040 876 5078 non
941 5027 1187 5082 habentes
1208 5028 1294 5095 ³⁸;
1369 5045 1477 5099 quo
1542 5028 1801 5082 nimirum
1882 5039 2125 5098 tempore

539 5123 729 5168 sancta
780 5113 997 5170 illorum
1037 5117 1286 5173 manibus
1322 5117 1791 5171 administrantur.
1836 5116 1992 5185 Quod
2053 5118 2123 5184 si,

539 5204 748 5273 inquit,
780 5221 884 5260 non
919 5207 988 5262 ita
1024 5208 1282 5276 fecerint,
1313 5209 1699 5266 ecclesiastico
1715 5211 1906 5266 ordine
1940 5227 2124 5267 move-

512 5294 788 5364 ,buntur:
825 5313 946 5352 nam
980 5300 1147 5355 ofﬁcii
1205 5292 1428 5355 nomine
1479 5303 1579 5357 hoc
1624 5301 1741 5358 loco
1794 5304 2041 5358 ordinem
2071 5314 2126 5358 et

542 5389 804 5444 honorem
858 5391 1128 5463 intelligit.
1171 5393 1272 5447 Alii
1299 5408 1424 5448 vero
1471 5394 1680 5463 clerici,
1727 5397 1830 5451 nisi
1864 5405 2122 5467 provecta

541 5483 831 5537 admodum
863 5494 1019 5538 actate
1045 5486 1153 5539 sint
1175 5485 1360 5555 (κεὶρα
1391 5489 1535 5542 enim
1557 5498 1770 5543 aetatem
1804 5488 2121 5561 signiﬁcat),

541 5576 644 5631 boc
674 5586 794 5641 est,
854 5576 958 5631 nisi
996 5576 1110 5646 jam
1156 5577 1382 5633 multum
1410 5590 1689 5637 senectute
1726 5582 2116 5652 processerint,

541 5668 608 5720 ad
635 5667 686 5723 id
713 5685 781 5724 ne
813 5679 1102 5738 cogantur.
1135 5667 1407 5730 Extremas
1448 5676 1591 5732 enim
1624 5676 1917 5733 senccmtis
1947 5675 2123 5731 homi-

622 5849 664 5879 ³⁸
693 5847 711 5902 Ι
743 5848 869 5904 Cor.
897 5864 993 5916 vn,
1032 5850 1119 5907 '29.

2220 4568 2318 4622 τοῦ
2334 4568 2704 4638 ψηλαφῶντας
2723 4566 2790 4618 τὰ
2815 4565 2947 4632 ἆγια
2970 4566 3034 4618 ὲκ
3057 4562 3166 4617 τῶν
3188 4562 3468 4632 γυναικῶν
3492 4562 3676 4616 αὐτῶν
3700 4561 3817 4614 δια-

2223 4659 2538 4722 τάττεσθαι,
2564 4658 2658 4713 καί
2686 4674 2821 4729 φησι
2843 4658 2970 4720 τοὺς
2998 4655 3391 4718 ὑποδιακόνους
3412 4657 3507 4710 καὶ
3530 4654 3816 4715 διακόνους

2227 4754 2324 4808 καὶ
2363 4750 2772 4823 πρεσϐυτέρους
2826 4738 3128 4818 ἀπέχεσθαι
3178 4746 3287 4800 τῶν
3337 4747 3482 4800 ἰδίων
3527 4743 3814 4816 γαμετῶν,

2226 4843 2599 4915 ψηλαφῶντας
2623 4827 2715 4895 *τὰ
2745 4841 2864 4895 θεῖα
2898 4841 3179 4911 μυστήρια
3202 4877 3218 4903 ,
3253 4840 3347 4894 καὶ⁸
3377 4839 3448 4893 τὰ
3481 4834 3817 4893 ἀποστολικὰ

2233 4939 2457 5009 ῥήματα
2485 4937 2745 5006 παράγει,
2767 4932 2962 4999 λέγων,
2991 4932 3080 4984 ἵνα
3109 4933 3202 4985 καὶ
3223 4934 3272 4985 οἱ
3303 4932 3518 5002 ἔχοντες
3549 4932 3816 5000 γυναῖκας

2228 5031 2307 5093 ὡς
2360 5029 2433 5099 μὴ
2454 5027 2669 5100 ἔχοντες
2695 5021 2852 5093 ὦσιν,
2889 5027 3058 5095 ήγουν
3090 5024 3213 5078 καθ’
3250 5023 3310 5078 ὃν
3338 5025 3532 5092 καιρὸν
3563 5038 3822 5092 μεταχει-

2235 5121 2479 5193 ρίζονται
2507 5121 2579 5175 τὰ
2608 5120 2763 5188 ἅγια.
2806 5118 2931 5172 Ἐὰν
2961 5119 3017 5170 δὲ
3064 5117 3137 5187 μὴ
3167 5116 3311 5169 οὕτω
3352 5115 3577 5181 ποιῶσι,
3613 5115 3816 5185 φησὶν,

2232 5212 2730 5285 ἁποκινηθήσονται
2756 5211 2860 5281 τῆς
2889 5208 3357 5279 ὲκκλησιαστικῆς
3388 5205 3817 5274 τάξεως.ΚαΘῆ-

2233 5324 2329 5360 κον
2359 5306 2469 5376 γὰρ
2495 5302 2733 5359 ἐνταῦθα
2758 5303 2860 5373 τὴν
2884 5302 3038 5366 τάξιν
3063 5301 3157 5354 καὶ
3178 5301 3276 5369 τὴν
3300 5301 3466 5370 τιμήν
3492 5316 3646 5367 φησι.
3674 5296 3818 5357 Τοὺς

2238 5398 2297 5451 δὲ
2334 5396 2559 5460 λοιποὺς
2589 5394 2888 5470 κληρικοῦς
2921 5384 3057 5464 πρὸς
3089 5393 3247 5445 τοῦτο
3280 5390 3355 5461 μὴ
3383 5386 3816 5458 ἀναγκάζεσθαι,

2232 5488 2281 5541 εί
2303 5486 2377 5559 μὴ
2399 5489 2456 5541 ὲν
2475 5484 2852 5556 προὸεόηκυίᾳ
2887 5484 3055 5555 κήρᾳ,
3076 5484 3123 5536 εἰ
3148 5482 3222 5554 μὴ
3244 5481 3385 5535 πάνυ
3413 5477 3523 5535 εἷεν
3542 5477 3819 5552 προϐεϐη-

2235 5581 2393 5644 κότες
2428 5582 2487 5634 ὲν
2514 5577 2893 5652 ήλικίᾳ,’κήρα
2923 5577 3035 5648 γὰρ
3065 5575 3249 5644 ἡλικία
3282 5577 3417 5640 ἐστι,
3453 5574 3740 5627 τουτέστιν
3768 5570 3816 5624 εί

2239 5675 2313 5746 μὴ
2346 5652 2484 5747 πάνυ
2516 5669 2627 5728 εἷεν
2657 5670 3053 5745 γεγηρακότες.
3090 5668 3232 5735 Τοὺς
3256 5668 3364 5738 γὰρ
3394 5669 3452 5720 ἐν
3481 5668 3626 5738 γήρᾳ
3663 5662 3822 5735 βαθεῖ
