4034 6444
488 391 586 458 127

1724 386 2009 447 THE-9D.
2040 385 2447 446 BALSAMON

3644 383 3745 450 123

476 509 836 564 clesiasticam
880 509 1245 573 immobilem,
1294 523 1413 579 qam
1466 506 1663 561 nullius
1709 517 1789 560 est
1838 504 2058 557 omnino

2198 504 2324 558 οῦτο
2367 505 2538 577 δεήσῃ
2574 502 2941 575 ἐκποιηθῆναι
2990 502 3251 573 ἀκίνητον
3283 502 3750 574 ἐκκλησιαστικὸν

483 599 686 653 reditus
737 600 879 668 (qua:
928 599 1071 653 enim
1113 596 1268 650 alfert
1323 597 1557 651 reditum
1636 594 1779 648 nulla
1837 592 2055 647 ratione

477 689 809 756 alienatur).
866 698 1077 758 oportet
1134 690 1234 741 boc
1298 688 1365 742 ad
1425 687 1711 757 primatem
1800 684 2057 740 Ecclesiae

478 797 571 834 seu
633 781 1109 848 metropolitanum
1188 781 1429 844 referre,
1490 790 1543 833 et
1607 794 1728 832 cum
1790 778 2058 848 prmﬁnito

479 871 859 940 episcoporum
930 887 1152 925 numero
1183 912 1211 937 ,_
1252 872 1533 926 duodecim
1574 871 1779 925 scilicet
1843 869 2057 924 antisti-

483 972 616 1027 tum,
659 977 795 1030 quos
843 965 1227 1018 convenientes
1268 965 1529 1019 adversus
1597 966 1906 1034 cp’scopum
1947 963 2060 1016 cri-

485 1053 811 1108 minationes
860 1055 1068 1119 audire,
1117 1065 1176 1109 ut
1232 1070 1376 1125 saepe
1414 1055 1615 1109 dictum
1655 1067 1737 1109 est
1772 1092 1786 1115 .
1848 1053 2063 1107 consut-

485 1154 598 1198 tare
650 1145 846 1200 debere
900 1148 1090 1201 Statuit
1138 1149 1261 1214 quid
1306 1148 1374 1200 sit
1414 1147 1703 1215 agendum.
1750 1143 1843 1199 Sin
1882 1156 2060 1197 autem

487 1250 679 1304 magna
724 1249 874 1305 urget
919 1240 1204 1292 ecclesiam
1241 1239 1538 1293 necessitas
1587 1241 1652 1292 ad
1695 1237 2062 1304 alienandum,

487 1335 540 1377 et
570 1341 677 1379 non
715 1336 891 1395 potest
918 1330 1207 1397 episcopus
1234 1333 1299 1381 ad
1334 1329 1804 1400 metropolitanum
1838 1338 1893 1383 et
1918 1346 2063 1401 com-

488 1428 732 1485 petentes
766 1420 1048 1488 episcopos
1074 1420 1140 1474 de
1179 1434 1240 1475 ea
1271 1436 1327 1475 re
1369 1419 1574 1474 referre
1602 1439 1616 1475 :
1665 1420 1824 1475 debet
1855 1420 2066 1474 vicinos

488 1510 772 1576 episcopos
816 1525 1101 1568 accersere
1127 1512 1192 1566 ad
1237 1514 1629 1567 testillcandam
1664 1527 1844 1567 acrem
1882 1523 1935 1567 et
1978 1527 2067 1564 nr-

489 1610 705 1667 gentezn
752 1606 1135 1657 necessitatem
1173 1605 1472 1659 alienandm
1514 1605 1615 1660 rei.
1664 1603 1719 1659 Si
1749 1614 1929 1659 autem
1969 1604 2068 1658 hoc

493 1705 600 1744 non
640 1691 850 1757 fecerit,
884 1704 940 1747 et
989 1693 1098 1747 Deo
1128 1695 1231 1748 erit
1264 1697 1532 1750 obnoxius
1563 1705 1617 1750 et
1651 1696 1967 1763 deponetur.
2006 1694 2069 1750 Et

495 1782 546 1833 in
573 1782 657 1836 his
684 1783 900 1851 quidem
935 1787 1183 1840 consistit
1211 1803 1408 1841 canon.
1433 1786 1513 1842 Tu
1541 1798 1720 1841 autem
1748 1789 1863 1858 lege
1895 1798 2067 1843 totum

2165 597 2384 659 πάντως
2427 596 2726 666 ἀπρόσοδον
2780 596 2861 668 (τὸ
2888 597 2996 667 γὰρ
3040 595 3166 667 ἕχον
3206 595 3465 666 πρόσοδον
3496 596 3755 666 ὁπωσδή-

2166 706 2298 741 ποτε
2329 688 2426 741 οὐκ
2457 691 2805 755 ἐκποιεῖται),
2834 690 2941 759 χρὴ
2977 688 3047 742 τά
3076 690 3207 759 περὶ
3227 687 3427 743 τούτου
3454 689 3754 757 ἀναφέρειν

2164 777 2244 848 τῷ
2281 777 2618 849 πρωτεύοντι
2676 778 2776 848 τῆς
2810 778 3102 848 ἐπαρχίας,
3139 779 3308 849 ἤγουν
3355 776 3441 846 τῷ
3471 761 3759 848 μητροποι

2165 870 2308 941 λίτῃ,
2350 870 2443 922 καὶ
2481 868 2618 938 μετὰ
2650 868 2744 922 τοῦ
2786 868 3092 940 ὡρισμένου
3124 848 3358 939 ἀριθμοῦ
3396 869 3508 922 τῶν
3528 868 3761 923 ἐπισκό·

2168 978 2307 1024 πων,
2335 961 2503 1030 ἤγουν
2530 960 2639 1011 τῶν
2660 960 2867 1013 δώδεκα
2893 958 3219 1029 ἀρχιερέων,
3243 958 3337 1021 οὓς
3359 957 3601 1027 ὡρίσατο
3626 974 3761 1011 συν-

2170 1051 2348 1116 ιόντας
2396 1052 2703 1120 ἀκροᾶσθαι
2741 1050 2850 1104 τῶν
2886 1052 3025 1104 κατᾶ
3077 1050 3169 1103 τοῦ
3225 1050 3526 1103 ἐπισκόπου
3577 1050 3763 1105 αἱτιαο

2175 1145 2381 1214 μάτων,
2417 1144 2602 1208 καθὼς
2624 1145 2885 1207 πολλάκις
2915 1146 3154 1213 είρηατι,
3201 1141 3555 1212 βουλεύεσθαι
3584 1142 3641 1195 τί
3675 1141 3762 1194 δεῖ

2172 1237 2396 1305 πρᾶξαι.
2429 1238 2491 1290 Εἰ
2515 1237 2571 1291 δὲ
2604 1238 2815 1307 μεγάλη
2849 1237 3060 1303 ἀνάγκη
3101 1236 3279 1305 βιάζει
3322 1236 3420 1303 τὴν
3452 1232 3760 1302 ἐκκλησίαν

2172 1330 2251 1390 είς
2276 1327 2374 1397 τὴν
2423 1328 2731 1397 ἐκποίησιν,
2778 1330 2873 1381 καὶ
2922 1329 2982 1380 οὐ
3014 1327 3237 1380 δύναται
3288 1327 3315 1379 ὀ
3360 1325 3663 1387 ἐπίσκοπος
3690 1325 3765 1376 τὰ

2174 1423 2282 1490 πρὸ
2338 1422 2530 1473 τούτου
2581 1422 2878 1490 ἀναφέρειν
2929 1420 3009 1490 τῷ
3068 1419 3446 1490 μητροπολίτῃ
3503 1418 3600 1471 καὶ
3645 1419 3765 1479 τοῖς

2175 1514 2511 1591 πρεσφόροις
2541 1514 2888 1577 ἐπισκόποις,
2926 1512 3133 1581 ὀφείλει
3169 1509 3601 1580 μετακαλεῖσθαι
3630 1510 3767 1572 τοὺς

2175 1603 2585 1673 γειτνιάζονταε
2612 1605 2950 1667 ἐπισκόπους
2981 1607 3059 1663 εἰς
3086 1604 3393 1675 μαρτυρίαν
3423 1604 3523 1673 τῆς
3552 1620 3611 1655 τε
3638 1602 3769 1667 ὀξύ-

2176 1716 2334 1767 τητος
2361 1700 2459 1766 τῆς
2491 1698 2737 1767 ἀνάγκης
2772 1698 2865 1751 καὶ
2923 1698 3024 1765 τῆς
3076 1695 3482 1764 περιστατικῆς
3531 1694 3770 1761 sum).

2180 1804 2317 1850 σεως
2340 1787 2433 1841 τοῦ
2459 1788 2807 1858 πράγματος.
2831 1786 2891 1838 ΕΞ
2925 1785 2989 1855 δὴ
3027 1787 3100 1856 μὴ
3128 1784 3270 1839 οὕτω
3295 1786 3534 1856 ποιήσει,
3569 1783 3660 1835 καὶ
3689 1780 3772 1849 τῷ

497 1874 791 1925 secundum
841 1875 1054 1928 titulum
1086 1876 1257 1944 quinti
1291 1875 1409 1944 libri
1442 1876 1659 1930 Basilic.
1696 1892 1815 1946 qua:
1853 1886 1934 1930 est
1968 1892 2068 1929 uo-

2194 1877 2293 1946 ὂεῷ
2317 1876 2615 1937 ὑπεύθυνος
2654 1876 2829 1936 ἔσται.
2878 1876 2974 1929 καὶ
3022 1875 3516 1945 καθαιρεθήσεται.
3556 1874 3667 1928 Καὶ
3698 1874 3779 1928 τὶ

498 1965 631 2019 vella
647 1965 933 2021 Justiuiaui
969 1969 1092 2034 1‘20,
1108 1985 1226 2039 qum
1251 1971 1465 2038 quidem
1487 1972 1643 2025 docet
1662 1972 1725 2027 dc
1746 1972 2072 2040 empyteusi,

497 2059 811 2114 venditione
865 2069 919 2113 et
945 2061 1012 2114 de
1047 2063 1216 2127 omni,
1243 2072 1300 2117 ut
1321 2065 1487 2119 semel
1512 2063 1711 2127 dicam,
1744 2064 2076 2118 alienatione

500 2162 680 2203 rerum
719 2165 824 2205 non
863 2153 1042 2206 solum
1074 2154 1459 2225 episcopalium
1483 2198 1498 2221 ,
1528 2156 1641 2210 sive
1669 2155 2075 2211 ecclesiastica-

500 2254 642 2305 rum,
664 2241 757 2294 sed
785 2243 945 2297 etiam
979 2248 1438 2301 monasterialium
1463 2287 1478 2312 ,
1500 2257 1554 2301 et
1590 2249 1656 2303 ad
1696 2257 2076 2303 sacrosanctus

502 2331 644 2387 aedes
681 2334 1065 2401 pertinentium
1103 2354 1133 2395 ι,
1149 2338 1401 2391 similiter
1439 2349 1493 2394 et
1521 2340 1587 2393 de
1619 2339 1943 2394 alienatione
1989 2356 2079 2393 sa-

503 2438 721 2480 crorum
753 2441 1023 2481 vasorum.
1058 2428 1125 2482 Et
1146 2431 1439 2485 secundum
1471 2433 1687 2499 quidem
1719 2435 1859 2487 hanc
1892 2434 2078 2487 novel—

506 2515 635 2580 lam,
682 2531 802 2587 quae
841 2529 925 2585 est
972 2522 1225 2585 praesenti
1274 2536 1487 2578 canone
1557 2523 1724 2578 multo
1767 2526 2081 2590 recentior;

507 2609 634 2676 quin
666 2619 721 2664 et
770 2616 1067 2669 secnmium
1147 2618 1592 2674 constitutionem
1664 2618 2034 2675 Nomocanoni
2064 2657 2082 2685 ,

507 2717 629 2769 qua:
660 2703 711 2757 in
764 2702 984 2761 Basilio.
1052 2707 1288 2788 admissa
1345 2719 1398 2764 et
1438 2712 1635 2766 ibidem
1689 2711 1790 2766 sila
1840 2722 1945 2777 est,
1999 2713 2086 2769 dic

507 2794 795 2864 aliquando
842 2800 1058 2867 quidem
1103 2815 1210 2855 non
1254 2787 1526 2871 prohiberi
1582 2797 1940 2859 alienationes
1992 2818 2085 2860 ec-

505 2890 941 2947 clesiastieorum
985 2894 1066 2947 vel
1097 2895 1261 2948 etiam
1298 2894 1766 2952 tuonasterialium
1804 2897 2083 2952 mobilium

507 2991 561 3035 el
599 2982 957 3039 immobilium
984 2986 1273 3046 bonorum,
1310 2987 1598 3056 aliquando
1632 3002 1762 3044 vero
1787 2988 2086 3056 prohiberi.

512 3073 653 3144 Lege
698 3083 755 3130 et
796 3079 1091 3132 secundum
1124 3089 1280 3146 caput
1324 3079 1565 3148 epistolae
1595 3079 1769 3134 sancti
1803 3079 1990 3152 Cyrilli
2018 3082 2086 3136 ad

2180 1971 2277 2039 μὲν
2303 1969 2397 2022 τοῦ
2445 1970 2667 2029 κανόνος
2718 1970 2776 2022 ἐν
2806 1970 3049 2032 τούτοις·
3104 1968 3170 2021 σὺ
3225 1969 3283 2021 δέ
3327 1968 3647 2035 ἀνάγνωσον
3673 1967 3778 2020 τὸν

2176 2063 2296 2116 ὅλον
2333 2061 2381 2131 β’
2406 2062 2585 2115 τίτλον
2611 2060 2707 2114 τοῦ
2735 2067 2775 2113 ε’
2811 2060 3020 2130 βιϐλίου
3048 2062 3156 2114 τῶν
3202 2060 3538 2126 Βασιλικῶν,
3562 2060 3775 2130 νεαρὰν

2176 2154 2307 2209 ὄντα
2340 2140 2771 2208 Ἰούστινιάνειον
2802 2160 2909 2226 ρκ’,
2950 2155 3046 2208 καλ¹
3070 2154 3394 2208 διδάσκοντα
3427 2154 3558 2223 περὶ
3582 2154 3774 2224 ἐμφυ-

2178 2247 2438 2310 τεύσεως,
2490 2246 2771 2316 πράσεως,
2805 2246 2901 2300 καὶ
2929 2245 3121 2310 ἁπλῶς
3152 2246 3283 2315 περὶ
3314 2246 3497 2313 πάσης
3537 2246 3778 2317 ἐκποιή-

2181 2360 2340 2407 σεως,
2382 2342 2445 2396 οὐ
2492 2342 2654 2412 μόνον
2687 2340 3070 2395 ἐπισκοπικῶν
3107 2339 3219 2411 (22)
3246 2341 3364 2412 ἦτοι
3388 2340 3780 2410 ἐκκλησιαστι-

2183 2435 2293 2489 κῶν
2325 2434 2694 2505 πραγμάτων,
2722 2433 2859 2487 ἀλλά
2892 2436 2988 2487 καὶ
3022 2433 3501 2503 μοναστηριακῶν,
3539 2432 3780 2487 καὶτῶν

2182 2527 2498 2597 ἀνηκόντων
2539 2527 2795 2597 εὖαγέσιν
2841 2527 3034 2590 οἴκοις,
3066 2525 3332 2588 ὡσαύτως
3378 2527 3476 2580 καὶ
3515 2525 3643 2595 περὶ
3676 2526 3781 2578 ἐκ·

2184 2623 2456 2692 ποιήσεως
2510 2620 2673 2690 ἱερῶν
2725 2618 2962 2673 σκευῶν.
3020 2619 3136 2674 Καὶ
3170 2617 3314 2672 κατά
3364 2615 3464 2687 τὴν
3515 2616 3787 2687 τοιαύτην

2192 2710 2394 2779 νεαρὰν
2438 2707 2908 2779 μεταγενεστέραν
2963 2702 3128 2762 οὖσαν
3175 2709 3318 2761 κατὰ
3363 2706 3499 2761 πολὺ
3548 2707 3641 2761 τοῦ
3674 2725 3788 2762 πα-

2188 2804 2374 2874 ρόντος
2396 2784 2645 2864 κανόνος,
2690 2799 2829 2853 ἀλλά
2872 2798 2967 2854 καὶ
3001 2799 3142 2869 μετὰ
3168 2799 3265 2870 τὴν
3293 2799 3545 2853 σύνθεσιν
3571 2797 3667 2851 τοῦ
3691 2816 3787 2850 νο-

2189 2891 2490 2958 μοκανόνου
2532 2888 2818 2959 δεχθεῖσαν
2879 2888 2972 2941 καὶ
3028 2888 3515 2959 καταστρωθεῖσαν
3566 2891 3647 2952 είς
3704 2888 3787 2943 τὰ

2185 2981 2473 3047 Βασιλικᾶ,
2511 2982 2659 3048 λέγε,
2690 2982 2819 3035 ποτέ
2855 2982 2955 3052 μὲν
2989 2981 3064 3052 μὴ
3104 2981 3411 3036 κωλύεσθαι
3459 2982 3559 3045 τὰς
3592 2984 3791 3035 ἐκποι-

2188 3073 2343 3145 ήσεις
2365 3073 2472 3126 τῶν
2492 3072 2972 3145 ἐκκλησιαστικῶν
3002 3077 3095 3126 καὶ
3124 3073 3584 3144 μοναστηριακῶν
3622 3089 3791 3141 κινη-

514 3166 800 3224 Domuum.
858 3168 995 3224 Nota
1045 3181 1224 3226 autem
1265 3188 1328 3226 ex
1379 3178 1630 3242 praesenti
1690 3192 1899 3233 canone
1942 3177 2083 3247 quod

2194 3169 2298 3223 τῶν
2334 3174 2430 3222 καὶ
2463 3169 2741 3237 ἀκινήτων
2777 3167 3148 3239 πραγμάτων,
3212 3167 3345 3247 ποτέ
3388 3167 3444 3221 δὲ
3492 3166 3791 3236 ἐμποδίζε-

509 3273 629 3326 quze
652 3260 983 3330 synodaliter
1019 3263 1152 3317 ﬁunt
1177 3264 1245 3319 de
1268 3268 1448 3322 causis
1478 3270 1796 3334 quibusdam
1829 3271 2087 3327 ecclesia-

511 3351 664 3404 sticis
688 3360 914 3414 statuta,
943 3362 997 3407 et
1031 3354 1240 3411 decreti
1270 3359 1444 3412 locum
1474 3361 1741 3424 obtinent,
1762 3362 1959 3417 debent
1990 3378 2087 3417 ne—

426 3457 430 3464 '
510 3444 749 3497 cessat-io
787 3445 901 3501 ﬁeri
938 3461 966 3500 a
1010 3449 1238 3516 primate
1258 3451 1546 3520 provinciae
1578 3463 1634 3506 et
1666 3454 1951 3509 duodecim
1987 3472 2087 3509 an-

511 3536 804 3603 tistitibus;
835 3549 890 3591 et
916 3550 1036 3607 quae
1068 3540 1249 3609 aliquo
1290 3542 1397 3596 alio
1426 3544 1587 3598 modo
1625 3545 1778 3607 fiunt,
1802 3546 1906 3600 vim
1934 3562 2087 3602 suam

517 3643 620 3681 non
656 3629 998 3694 obtinebunt,
1033 3642 1092 3685 ut.
1130 3634 1262 3686 mihi
1299 3635 1530 3700 videtur,
1582 3647 1768 3707 utpote
1797 3654 1915 3704 qnze
1957 3654 2092 3693 eou-

515 3722 708 3774 sistere
752 3729 1046 3791 nequeant.
1110 3721 1379 3777 Praeterea
1435 3734 1581 3791 nota,
1622 3728 1763 3795 quod
1806 3731 2095 3798 deponitur

511 3813 822 3882 cpiscopus,
876 3816 968 3884 qui
1027 3832 1132 3870 non
1177 3818 1475 3872 secundum
1523 3819 1720 3874 dictam
1786 3821 2082 3877 Justianini

519 3904 781 3959 novellam
809 3906 1232 3963 ecclesiasticum
1277 3925 1490 3966 sacrum
1522 3912 1605 3965 vel
1643 3913 1921 3968 immobile
1958 3916 2092 3969 alie-

521 4007 632 4063 nat,
663 4000 873 4055 etiamsi
917 4001 1019 4055 hoc
1039 4001 1210 4069 (dicta:
1254 4003 1477 4056 novella:
1524 4019 1630 4057 non
1682 4005 1753 4059 sit
1801 4006 2094 4075 adjectum.

521 4090 613 4145 Est
641 4093 783 4147 enim
811 4093 1094 4147 manifeste
1124 4093 1488 4165 sacrilegium,
1521 4111 1640 4165 quae
1670 4112 1776 4153 non
1806 4100 1872 4152 sit
1901 4115 2095 4156 secun—

519 4183 646 4235 dum
682 4184 953 4238 novellam
988 4185 1261 4241 alienatio.

597 4452 851 4523 zonas.

933 4455 1339 4514 Ecclesiasticas
1402 4463 1786 4531 possessiones
1860 4464 2102 4522 alienare

2197 3262 2343 3318 σθαι.
2373 3263 2484 3316 Καὶ
2508 3261 2782 3330 ἀνάγνωθι
2813 3261 2908 3313 καὶ
2932 3260 2990 3313 τὸ
3012 3259 3056 3330 β’
3076 3242 3273 3328 κεφάλζ
3297 3261 3395 3328 τῆς
3421 3259 3558 3328 πρὸς
3577 3257 3797 3326 Δόμνον

2199 3354 2491 3425 ἐπιστολῆς
2522 3353 2619 3407 τοῦ
2679 3353 2836 3423 ἁγίου
2888 3352 3183 3423 Κυρίλλου.
3227 3351 3548 3421 Σημείωσαι
3577 3350 3632 3403 δέ
3677 3351 3795 3403 ἀπὸ

2200 3446 2293 3500 τοῦ
2322 3447 2590 3515 παρόντος
2640 3447 2867 3508 κανόνος
2923 3446 3006 3498 ὅτι
3054 3445 3121 3497 τὰ
3168 3443 3468 3506 συνοδικῶς
3517 3442 3795 3512 γινόμενοι

2202 3540 2561 3610 σημειὼματα
2581 3538 2743 3609 χάριν
2764 3537 3239 3607 ἐκκλησιαστικῶν
3262 3552 3423 3590 τινων
3447 3534 3794 3597 ὑποθέσεων,

2201 3633 2294 3686 καὶ
2317 3631 2575 3702 δεκρέτου
2601 3630 2767 3683 τόπον
2795 3630 3082 3698 ἐπέχοντα,
3132 3628 3193 3693 ἐξ
3225 3629 3471 3697 ἀνάγκης
3498 3625 3788 3695 ὀφείλουσι

2202 3722 2451 3792 γίνεσθαι
2515 3722 2667 3793 παρὰ
2708 3720 2802 3775 τοῦ
2852 3723 2990 3791 μετὰ
3053 3721 3240 3792 χώραν
3283 3720 3500 3791 πρώτου
3565 3718 3661 3771 καὶ
3715 3715 3800 3786 ιβ’

2203 3817 2530 3887 ἀρχιερέων,
2559 3815 2651 3868 καὶ
2681 3814 2747 3868 τὰ
2788 3814 2963 3878 ἄλλως
3003 3831 3122 3875 πως
3174 3812 3439 3881 γινόμενα
3468 3811 3546 3872 ὡς
3577 3809 3790 3864 ἀνυπόο

2206 3902 2377 3963 στατα
2428 3910 2527 3980 οὐχ
2572 3908 2757 3973 ἕξουσι
2799 3907 2862 3961 τὸ
2895 3905 3140 3975 ἐνεργὸν,
3172 3905 3246 3969 ὡς
3295 3904 3420 3973 ἐμοὶ⁸
3444 3903 3610 3957 δοκεῖ.
3652 3902 3787 3956 Ἔτι

2206 4002 2512 4071 σημείωσαι
2559 4001 2638 4054 ὃτι
2689 3998 3072 4069 καθαιρεῖσθαι
3101 3999 3128 4050 ὁ
3177 3995 3498 4057 ἐπίσκοπος,
3540 3994 3614 4064 μὴ
3647 3995 3802 4047 κατά

2204 4090 2305 4162 τὴν
2342 4090 2603 4161 ῥηθεῖσαν
2652 4090 3087 4143 ’1ουστινιάνειον
3140 4088 3344 4157 νεαρὰν
3396 4084 3803 4152 ἐκποιούμενος

2210 4182 2663 4252 ἐκκλησιαστικὸν
2693 4182 2836 4252 ἱερὸν
2858 4182 2890 4252 ἢ
2920 4181 3199 4253 ἀκίνητον,
3221 4179 3327 4234 κᾶν
3346 4178 3505 4232 τοῦτο
3529 4178 3589 4230 οὐ
3622 4178 3802 4245 προσ·

2210 4289 2388 4327 κειται
2434 4274 2502 4341 τῇ
2549 4271 2783 4343 ῥηθείσῃ
2820 4270 3013 4341 νεαρᾷ.
3055 4267 3355 4340 ’ἱεροσυλία
3390 4266 3500 4336 γὰρ
3529 4262 3803 4331 ἄντικρύς

2209 4365 2356 4417 ἐστιν
2388 4363 2421 4433 ἡ
2467 4361 2542 4433 μὴ
2581 4360 2720 4415 κατά
2749 4362 2847 4429 τὴν
2888 4358 3093 4429 νεαρὰν
3126 4358 3394 4428 γινομένη
3426 4352 3744 4421 ἐκποίησις.

2282 4453 2522 4511 ΖΩΝΑΡ.
2554 4454 2637 4507 Τὰ
2666 4450 3099 4520 ἐκκλησιαστικὰ
3131 4450 3432 4519 πράγματα
3459 4445 3807 4516 ἀνεκποίητα

527 4546 750 4601 omnino
794 4546 935 4602 haud
974 4548 1118 4603 licet.
1149 4549 1307 4616 Quod
1347 4553 1390 4606 si
1428 4553 1543 4621 ejus
1584 4557 1658 4609 rei
1696 4556 1879 4626 gravis
1922 4557 2083 4628 aliqu:

2212 4546 2351 4607 εἶναι
2377 4552 2479 4608 δεῖ.
2517 4551 2645 4616 Ἐὰν
2672 4550 2729 4603 δὲ
2753 4549 2923 4620 πολλή
2960 4566 3044 4608 τις
3076 4547 3293 4615 ἀνάγκη
3337 4543 3671 4628 κατεπείγῃ,
3704 4545 3809 4596 καὶ

529 4639 823 4694 necessitas
883 4642 1195 4712 contingat,
1245 4645 1426 4716 sitque
1473 4647 1755 4703 alienanda
1825 4652 2102 4718 possessio

533 4729 731 4787 sterilis
771 4741 825 4786 et
864 4731 1231 4802 infructuosa;
1288 4747 1400 4792 tum
1436 4754 1587 4803 vero,
1643 4753 1699 4795 et
1733 4740 2104 4812 infrugil'eram

527 4838 645 4877 eam
676 4839 790 4879 rem
829 4840 968 4892 esse,
1019 4836 1072 4881 et
1125 4843 1341 4895 gravem
1374 4829 1490 4899 ejus
1525 4829 1825 4888 alienandee
1867 4837 2107 4891 necessi-

531 4925 691 4971 tatem
723 4917 942 4981 instare,
979 4920 1267 4988 provincia:
1298 4922 1536 4990 primati,
1576 4922 1994 4995 metropolitano
2024 4930 2105 4983 vi-

527 5006 726 5061 delicet
753 5006 1011 5070 iudicare,
1045 5025 1109 5064 ac
1142 5010 1211 5065 de
1250 5027 1307 5066 re
1339 5021 1449 5066 tota
1477 5012 1638 5083 552
1669 5030 1790 5069 cum
1835 5017 2106 5086 prmfinito

531 5098 905 5167 episcoporum
955 5116 1184 5158 numero
1237 5105 1540 5160 deliberare
1583 5115 1821 5176 oportet.
1869 5106 2113 5163 Pradini-

534 5198 644 5241 tum
696 5204 827 5246 vero
864 5207 1185 5258 numerum,
1225 5196 1530 5261 duodecim,
1562 5214 1698 5267 quos
1729 5200 1779 5252 in
1826 5200 2109 5270 episcopo-

539 5296 653 5333 rum
684 5282 1004 5341 criminibus
1038 5287 1346 5356 cognitores
1373 5305 1493 5344 esse
1517 5291 1660 5353 vult,
1705 5291 1928 5362 intelligi
1962 5294 2112 5348 arbi-

539 5383 674 5428 tror.
715 5374 771 5428 Si
806 5390 934 5429 vero
970 5380 1318 5433 necessitatis
1365 5380 1479 5449 ejus
1523 5398 1715 5451 magna
1750 5386 1829 5440 vis
1860 5387 2115 5456 episcopo

541 5470 1010 5540 tnctrOpolitanum
1059 5472 1311 5537 adeundi,
1343 5487 1397 5527 nl.
1444 5493 1564 5531 tum
1613 5479 1882 5547 episcopis
1915 5481 2119 5535 delibe-

2204 4645 2265 4697 τὸ
2299 4643 2489 4713 μέλλον
2516 4641 2581 4693 δι’
2608 4640 2828 4710 ἐκείνην
2873 4637 3219 4691 ἐκποιεῖσθαι
3273 4632 3576 4705 ἁπρόσοδον
3599 4626 3654 4704 ᾖ.
3687 4633 3804 4702 χρὴ

2206 4712 2387 4802 τοῦτο,
2449 4734 2507 4787 ab
2537 4728 2680 4787 εἷναί
2723 4750 2782 4785 τε
2838 4728 3235 4810 ἀπρόσοδονγτὸ
3286 4727 3545 4807 πρᾶγ-μα.
3597 4712 3694 4778 καὶ
3740 4725 3809 4778 τὸ

2210 4825 2635 4894 κατεπείγεσθαι
2670 4822 3054 4894 ὑπὸίάνάγκης
3090 4817 3315 4890 πολλῆς,
3364 4813 3694 4895 ἐμφανίζειν
3720 4816 3806 4886 τῷ

2210 4919 2548 4990 πρωτεύοντι
2577 4918 2674 4986 τῆς
2706 4915 2999 4987 ἐπαρχίας,
3024 4910 3226 4982 δηλαδὴ
3259 4910 3338 4980 τῷ
3386 4907 3803 5003 μητροπιῇιίτῃν

2217 5011 2315 5065 καὶ
2362 5010 2500 5081 μετά
2543 5009 2636 5061 τοῦ
2669 5006 2974 5079 ὡρισμένου
3032 5004 3268 5076 ἀριθμοῦ
3326 5003 3437 5058 τῶν
3477 5000 3807 5054 ἐπισκόπων

2220 5102 2590 5176 βουλεύεσθαι,
2620 5101 2672 5153 τί
2711 5101 2803 5154 δεῖ.
2826 5098 3053 5169 πρᾶξαι.
3095 5096 3417 5167 Ὠρισμένον
3448 5094 3503 5147 δέ
3538 5090 3803 5161 ἀριθμου,

2217 5195 2391 5266 οἶμαι,
2421 5196 2568 5263 λέγει
2599 5196 2728 5254 τοὺς
2770 5189 2858 5261 ιβ’,
2887 5188 2979 5252 οὒς
3010 5189 3248 5258 ὡρίσατο
3274 5188 3559 5248 συνιόντας
3598 5185 3810 5254 ἀκροᾶ-

2223 5295 2346 5347 σθαι
2383 5293 2490 5344 τῶν
2522 5289 2665 5343 κατᾶ
2693 5285 3010 5340 ἐπισκόπων
3060 5281 3424 5351 αἱτιαμάτων.
3478 5280 3541 5333 Ei
3574 5277 3631 5330 δὲ
3665 5293 3805 5343 σφο-

2222 5386 2326 5455 δρά
2354 5402 2435 5438 τις
2461 5383 2544 5452 εῐη
2586 5381 2821 5449 ἀνάγκη,
2857 5380 2930 5441 ὡς
2990 5376 3327 5448 μὴ’δυνατδν
3379 5367 3518 5426 εἶναι
3563 5368 3806 5440 προσελ-

2226 5479 2340 5532 Οεῖν
2376 5476 2466 5528 τὸν
2501 5474 2800 5526 ἐπίσκοπον
2855 5470 2934 5540 τῷ
2972 5468 3367 5541 μητροπολίτῃ,
3428 5467 3540 5528 τοῖς
3577 5460 3807 5516 ἐπισκό-

1745 5637 1946 5698 tiuill.
1993 5635 2322 5716 Bcvcrcgii
2356 5642 2543 5697 nota).

764 5791 846 5842 Οὐ
906 5788 1097 5857 μόνον
1158 5791 1588 5844 ἑπισκοπικών.
1644 5790 1768 5843 llam
1818 5805 1990 5857 usque
2048 5790 2110 5843 ad

616 5790 730 5858 (2‘2)
764 5791 846 5842 Οὐ
906 5790 1097 5857 μόνον
1158 5791 1588 5844 ἑπισκοπικών.
1644 5790 1768 5843 llam
1818 5805 1990 5857 usque
2048 5790 2110 5843 ad

547 5864 672 5914 moi
713 5859 1041 5927 ἐκποιήσεως
1077 5868 1186 5915 tam
1238 5862 1290 5915 in
1329 5877 1433 5917 tns.
1465 5861 1925 5929 AlliCt‘bttt'bianu,
1954 5876 2115 5927 quant

2224 5783 2520 5840 Parisiensi
2557 5780 2893 5836 lialsaznonis
2947 5777 3191 5832 editione
3224 5772 3563 5833 desiderata,
3601 5783 3702 5822 nos
3734 5782 3798 5824 ex

2230 5858 2413 5912 codice
2465 5854 2756 5909 Bodleiano
2785 5851 3149 5906 restituimus.
