4034 6402
294 332 398 395 12)

1349 324 1431 387 IN
1474 324 1640 389 CAN.
1684 327 1844 382 XXX
1876 326 2083 384 L’UNC.
2123 326 2502 386 CARTHAG.

3455 334 3555 398 130

285 463 410 508 ποις
468 441 890 514 βουλεύσασθαι,
951 437 1074 493 τότε
1132 436 1239 510 χρὴ
1289 438 1384 492 τὸν
1415 437 1718 491 ἐπίσκοπον
1770 432 1868 487 xiv

1981 435 2158 500 randi,
2213 437 2524 492 facultatem
2602 439 2837 508 adimat;
2896 451 3020 498 tunc
3094 447 3282 500 Saltem
3348 450 3554 507 vicinos

284 538 415 598 τοὺς
460 536 712 604 γείτονας
771 533 1112 595 ἐπισκόπους
1163 532 1244 595 είς
1300 528 1610 601 μαρτυρίαν
1653 527 1878 582 καλέσαι

284 631 387 696 τῆς
410 646 470 681 τε
510 626 772 697 ὀξύτητος
799 626 905 696 τῆς
937 626 1204 695 ἀνάγκης,
1235 624 1327 676 καὶ
1364 621 1762 693 περιστάσεως,
1783 620 1880 674 καὶ

281 722 635 791 ἐκποιήσεως
662 717 755 774 τοῦ
791 719 1144 788 πράγματος.
1171 718 1232 770 Εἰ
1265 716 1323 769 δὲ
1356 715 1433 787 μὴ
1465 714 1607 768 οὕτω
1637 715 1877 785 ποιήσει,

281 813 596 877 ὑπεύθυνος
620 813 778 866 ἔσται
804 811 881 882 τῷ
905 810 1045 881 Θεῷ,
1095 811 1342 864 τουτέστι
1374 808 1468 862 καὶ
1494 806 1572 878 τῷ
1593 805 1712 875 Θεῷ
1746 804 1876 873 ὑφέ-

279 907 367 974 ξει
400 906 619 973 λόγους,
677 904 776 959 καὶ
806 902 914 957 ὑπὸ
967 905 1069 970 τῆς
1121 900 1344 955 συνόδου
1378 896 1877 968 ἀλλοτριωθήσεται

275 996 388 1066 τῆς
414 996 631 1058 οἰκείας
680 996 870 1065 τιμῆς,
920 995 1043 1064 ἦτοι
1094 994 1193 1062 τῆς
1240 989 1659 1062 ἀρχιερατικῆς.
1708 986 1820 1040 Καὶ
1848 985 1877 1037 ό

282 1090 462 1159 μέγας
491 1087 553 1140 δὲ
598 1087 865 1158 Κύριλλος
895 1087 953 1139 ἐν
983 1087 1050 1157 τῇ
1085 1084 1219 1155 πρὸς
1248 1083 1456 1152 Δόμνον
1485 1079 1744 1151 ἐπιστολῇ
1775 1077 1875 1131 αύ-

278 1183 378 1235 τοῦ
408 1199 546 1251 φησι
562 1197 575 1210 ⁸
606 1181 892 1250 Κειμήλια
913 1180 1006 1232 καὶ
1028 1181 1254 1249 κτήσεις
1272 1176 1564 1244 ἀκινήτους
1581 1175 1878 1243 ἀνεκποίη·

278 1291 348 1326 τι
384 1274 512 1334 ταῖς
549 1269 874 1341 ἐκκλησίαις
915 1269 1189 1333 σώζεσθαι
1236 1268 1368 1339 χρή.
1413 1266 1719 1334 Ἀνάγνωοι
1779 1266 1874 1319 καὶ

271 1363 373 1416 τὸν
414 1362 480 1433 ιβ’
525 1362 732 1416 κανόνα
766 1362 863 1431 τῆς
894 1359 1282 1430 οἱκουμενικῆς
1309 1358 1352 1423 ζ’
1386 1357 1627 1412 συνόδου.

271 1542 511 1597 ΔΡῘΣΤ.
551 1543 847 1611 «Ἀπρατα
877 1543 944 1594 τὰ.
967 1538 1399 1611 ἐκκλησιαστικά
1441 1536 1769 1608 πράγματα.
1810 1536 1872 1590 Ei

366 1656 387 1687 ι
424 1636 485 1688 δὲ
520 1634 597 1705 μὴ
650 1634 916 1704 πρόσοδον
953 1633 1067 1703 ἔχει
1092 1672 1108 1698 ,
1149 1632 1343 1703 γνώμῃ
1383 1630 1490 1685 τῶν
1555 1618 1873 1683 ἐπισκόπων

356 1746 378 1779 ι
411 1727 818 1798 πιπράσκεται.
873 1726 938 1778 El
989 1725 1047 1779 δὲ
1110 1726 1144 1795 ή
1183 1724 1398 1792 ἀνάγκη
1453 1721 1553 1789 οὐχ
1603 1717 1871 1788 ὑπομένει

356 1839 375 1872 ι
417 1818 857 1888 βουλεύσασθαι,
927 1817 1055 1879 τοὺς
1135 1814 1383 1884 γείτονας
1444 1815 1472 1865 ὁ
1534 1809 1870 1879 πιπράσκων

354 1929 379 1964 ι
416 1909 783 1980 συγκαλέσει⁶
835 1911 885 1963 εἰ
918 1906 963 1960 δ’
990 1908 1088 1979 οὐχ
1140 1906 1306 1969 οὕτω,
1356 1905 1475 1975 Θεῷ
1507 1903 1606 1957 καὶ
1638 1905 1707 1974 τῇ
1740 1919 1870 1955 συν-

357 2020 379 2054 ι
411 2002 520 2072 όδῳ
556 2001 880 2064 ὑπεύθυνος.
924 2019 944 2052 ι

350 2093 465 2145 Οὐκ
510 2093 830 2161 ὀφείλουσιν
857 2092 905 2145 oi
941 2088 1336 2144 ἐπίσκοποι.τά
1392 2087 1504 2142 τῶν
1559 2087 1871 2159 ἐκκλησιῶν

290 2183 618 2237 ὶκποιεῖσθαι
644 2184 954 2252 πράγματα
974 2197 988 2213 ·
1022 2182 1170 2235 θείου
1192 2181 1301 2255 γάρ
1317 2180 1422 2233 είσι
1445 2178 1619 2233 ταῦτα
1635 2180 1867 2245 δικαίου,

294 2274 386 2327 καὶ
407 2274 489 2327 διά
518 2274 680 2328 τοῦτο
702 2274 947 2344 ἄπρατα.
974 2274 1036 2325 Ei
1059 2272 1115 2326 δέ
1138 2290 1223 2336 τις
1270 2271 1457 2342 κτῆμα
1495 2271 1634 2342 ἔχων
1664 2272 1872 2341 ἀπρόσ-

292 2365 424 2431 οδον,
456 2369 548 2419 καὶ
577 2366 681 2436 τὴν
715 2365 1017 2434 ἐκκλησίαν
1046 2364 1209 2419 αὑτοῦ
1231 2365 1609 2436 βαρυνομένην
1628 2365 1864 2435 χρέεσιν,

280 2458 314 2527 ἤ
343 2460 735 2527 περιστάσεσιν
755 2458 945 2522 ἄλλαις
974 2455 1331 2526 πιεζομένην,
1361 2456 1452 2510 καὶ
1482 2456 1719 2527 βουληθῇ
1744 2455 1868 2509 τοῦ·

276 2553 687 2624 τοδιαπράσαι,
719 2552 862 2606 ὥστε
890 2553 991 2623 τὴν
1020 2551 1188 2623 τιμὴν
1221 2550 1388 2603 αὐτοῦ
1419 2549 1753 2605 καταϐαλεῖν
1786 2551 1866 2613 εἰς

274 2645 595 2715 ἀπόφλησιν
641 2643 757 2697 τῶν
785 2643 986 2715 χρεῶν,
1034 2643 1068 2712 ἢ
1103 2644 1183 2707 είς
1210 2641 1378 2703 ἄλλας
1429 2641 1582 2704 τινὰς
1613 2658 1871 2694 κατεπει-

273 2737 478 2806 γούσας
500 2736 757 2804 ἀνάγκας
782 2752 797 2768 ·
835 2736 910 2805 μὴ
933 2733 1095 2788 τοῦτο
1127 2733 1417 2787 πωλείσθω
1454 2732 1584 2786 ἄνευ
1642 2731 1870 2804 γνώμης

266 2827 363 2881 τοῦ
389 2826 809 2897 μητροπολίτου
836 2826 936 2894 τῆς
990 2824 1161 2894 αὐτῆς
1194 2824 1462 2897 ἐπαρχίας
1488 2824 1589 2878 καὶ
1616 2826 1721 2878 τῶν
1748 2843 1871 2878 συν-

268 2921 600 2973 επισκόπων
626 2917 821 2973 αὐτοῦ.
855 2918 917 2971 Ei
938 2918 984 2971 δ’
1008 2918 1111 2971 οὐκ
1136 2919 1250 2989 ἔχει
1283 2919 1477 2988 καιρὸν
1508 2918 1597 2972 διὰ
1624 2918 1722 2988 τὴν
1750 2919 1871 2971 tm-

266 3013 539 3083 κειμένην
574 3010 731 3082 αὗτῷ
772 3012 1042 3081 ἀνάγκην,
1074 3011 1288 3075 τούτοις
1319 3011 1448 3081 περὶ
1496 3009 1590 3063 τοῦ
1632 3011 1871 3080 ἀπροσό-

1983 526 2265 597 episcopos
2305 538 2361 583 et
2399 544 2604 600 magna:
2637 534 2997 600 necessitatis,
3044 546 3098 590 et
3125 539 3320 607 negotii
3365 542 3553 608 totius,

1971 606 2036 673 'ct
2062 619 2134 673 rei
2161 618 2500 675 alienationis
2536 623 2603 677 ab
2633 624 2884 693 episcopo
2908 633 3073 682 testes
3111 606 3354 686 adhiberi
3386 606 3549 701 epor;

1984 717 2074 762 tet.
2130 707 2280 775 Quod
2348 712 2393 764 si
2448 711 2629 767 facere
2670 715 3007 784 neglexerit,
3071 728 3125 772 et
3165 720 3275 777 Deo
3325 724 3552 779 critob-

1979 803 2193 869 noxius,
2251 806 2351 858 hoc
2392 812 2505 871 est,
2543 815 2598 860 ct
2624 807 2746 862 l'acti
2788 810 3052 865 rationem
3097 812 3208 868 Deo
3234 829 3553 884 rcposcenlc

1981 889 2190 956 reddet,
2223 900 2276 944 et
2305 907 2333 945 a
2361 895 2584 965 synodo,
2615 897 2836 968 proprio
2864 900 3066 956 honore
3091 943 3107 968 ,
3154 904 3254 959 hoc
3293 916 3373 960 est
3402 922 3551 964 sum-

1975 982 2050 1062 ιιιί
2106 985 2396 1038 sacerdotii
2450 986 2709 1054 dignitate
2759 992 3082 1059 privabitur.
3136 997 3365 1066 Magnus
3423 1016 3553 1054 vero

1976 1070 2209 1144 Cyrillus
2260 1076 2310 1130 in
2343 1077 2570 1145 epistola
2620 1080 2686 1135 ad
2728 1081 2994 1138 Domuum
3043 1087 3159 1143 tunc
3191 1090 3381 1144 habet:
3413 1091 3550 1147 Vasa

1977 1168 2236 1236 pretiosa,
2264 1168 2457 1238 inquit,
2509 1187 2572 1227 ac
2615 1179 2989 1242 possessiones
3022 1180 3327 1237 immobiles
3372 1184 3550 1240 salvas

1979 1253 2141 1326 atque
2180 1258 2474 1316 incolumes
2503 1265 2749 1319 ecclesiis
2800 1273 3114 1324 conservari
3145 1285 3381 1341 oportet.
3409 1275 3549 1347 Lege

1977 1359 2236 1420 praeterea
2310 1356 2660 1411 oecumenicze
2724 1360 2970 1429 septimae
3019 1366 3211 1435 synodi
3286 1381 3546 1422 canonem

1976 1438 2371 1498 duodecimum.

1975 1530 2203 1588 ABIST.
2248 1554 2266 1586 ι
2297 1535 2442 1591 Bona
2495 1539 2861 1597 ecclesiastica
2910 1561 3016 1600 non
3062 1557 3189 1604 sunt
3241 1551 3544 1609 vendenda.

2054 1642 2074 1675 ι
2114 1624 2170 1678 Si
2200 1641 2329 1681 vero
2359 1629 2563 1684 reditus
2595 1647 2699 1685 non
2731 1633 2993 1701 habeant,
3042 1640 3306 1694 sententia
3332 1642 3544 1711 episeo-

1976 1704 1981 1709 ⁷
2058 1732 2077 1766 ι
2114 1731 2304 1786 porum
2345 1723 2667 1776 venduntur.
2706 1724 2761 1780 Si
2817 1743 2946 1781 vero
2980 1734 3275 1787 necessitas
3307 1748 3413 1787 non
3466 1732 3547 1788 fe-

2051 1823 2068 1857 ι
2113 1816 2195 1862 ret
2236 1818 2296 1864 ut
2338 1813 2677 1878 consulatur,
2716 1816 2806 1883 qui
2837 1821 3049 1886 .vendit
3079 1822 3287 1877 vicinos
3314 1824 3546 1880 vocabit.

2049 1916 2068 1950 ι
2108 1900 2203 1954 Sin
2254 1903 2326 1957 ita
2377 1918 2484 1958 non
2515 1905 2723 1974 fecerit,
2768 1909 2876 1965 Deo
2919 1922 2976 1966 et
3026 1914 3233 1983 synodo
3289 1930 3419 1971 reus
3471 1927 3549 1971 tc—

2052 2007 2071 2040 (
2110 2000 2289 2046 netur.
2316 2011 2335 2044 ι

2044 2079 2295 2152 Episcopi
2330 2099 2438 2140 non
2464 2087 2659 2143 debent
2704 2089 3078 2149 ecclesiastica
3107 2095 3247 2151 bona
3281 2098 3545 2168 alienare,

1974 2170 2060 2224 illa
2090 2173 2232 2226 enim
2261 2173 2431 2229 divini
2474 2186 2598 2230 sunt
2623 2177 2785 2246 juris,
2821 2190 2985 2250 atque
3018 2183 3140 2239 ideo
3172 2202 3278 2241 non
3310 2189 3543 2246 venalia.

1975 2258 2181 2329 Siquis
2221 2266 2398 2320 autem
2450 2270 2848 2335 possessionem
2915 2274 3112 2329 habeat
3172 2276 3377 2334 reditus
3434 2295 3541 2335 non

1971 2353 2355 2427 proferentem,
2391 2371 2444 2413 ct
2470 2362 2755 2418 ecclesiam
2784 2381 2936 2420 suam
2963 2368 3159 2424 debitis
3178 2383 3454 2441 gravatam
3488 2385 3545 2430 et

1971 2447 2092 2500 aliis
2140 2463 2383 2517 pressam
2431 2453 2960 2513 inconunoditatibus
2995 2472 3050 2515 et
3075 2477 3196 2517 eam
3252 2464 3546 2523 divendere

1971 2540 2171 2608 vellet,
2214 2554 2271 2596 ut
2314 2545 2547 2613 pretium
2597 2548 2743 2605 illius
2805 2552 3167 2610 indebitorum
3217 2558 3544 2617 solutionem

1970 2633 2286 2699 conjiceret,
2317 2647 2411 2691 aut
2438 2640 2504 2693 ad
2530 2639 2668 2695 alias
2707 2646 2968 2712 quasdam
3020 2658 3277 2716 urgentes
3304 2656 3547 2708 necessi-

1972 2731 2144 2791 tates;
2197 2725 2343 2780 illam
2380 2745 2490 2784 non
2526 2733 2720 2787 vendat
2751 2734 2873 2790 sine
2909 2741 3202 2806 provinciae
3246 2742 3400 2799 istius
3430 2762 3546 2800 mc-

1974 2816 2282 2885 tropolitani
2325 2831 2385 2877 et,
2450 2825 2894 2895 coepiscOporum
2942 2831 3114 2899 ipsius
3145 2839 3435 2890 sententia.
3487 2838 3546 2892 Si

1970 2917 2152 2963 autem
2213 2920 2423 2981 tempus
2470 2931 2575 2970 non
2624 2918 2849 2987 habeat,
2897 2934 3122 2992 propter
3170 2928 3545 2985 imminentem

1972 2999 2069 3069 ipsi
2105 3005 2507 3072 necessitatem,
2544 3023 2665 3063 cum
2696 3012 2764 3067 iis
2807 3015 2875 3069 de
2904 3017 3172 3073 immobili
3203 3023 3406 3079 reditus
3438 3042 3546 3080 non

266 3101 357 3155 δου
382 3104 661 3173 ἀκινήτου
712 3100 1133 3172 βουλεύσασθαι,
1166 3102 1244 3166 ὡς
1276 3101 1460 3172 μέλλει
1490 3101 1654 3155 τοῦτο
1678 3102 1865 3171 πωλῆ-

1973 3096 2203 3153 habente
2248 3101 2560 3157 consultare
2584 3143 2598 3166 ,
2623 3109 2897 3175 quomodo
2939 3109 3069 3166 illud
3101 3117 3420 3172 venditurus
3450 3121 3543 3182 sit,

271 3209 398 3246 Glt‘
430 3194 537 3247 xiv
568 3194 707 3256 τοὺς
734 3191 983 3260 γείτονας
1026 3193 1371 3260 συγκαλείτω
1420 3194 1499 3256 εἰς
1535 3192 1867 3263 μαρτυρίαν,

270 3286 353 3338 ἶνα
374 3287 474 3349 τὰς
491 3284 893 3353 ἐπισυμὸἀσας
913 3289 979 3355 τῇ
1007 3285 1276 3357 ἐκκλησίᾳ
1297 3283 1462 3338 αὑτοῦ
1491 3286 1867 3355 περιστάσεις,

271 3375 336 3430 δι’
366 3378 436 3441 ἀς
459 3377 525 3430 τὸ
565 3376 819 3430 τοιοῦτον
866 3377 1038 3431 πωλεῖ
1094 3376 1377 3448 ἀκίνητον,
1436 3374 1866 3445 ἐπιγινώσκωσι,

276 3468 366 3521 καὶ
393 3471 463 3539 τῇ
493 3467 711 3539 συνόδῳ
735 3467 911 3522 ταῦτα
966 3469 1062 3521 καὶ
1099 3469 1398 3539 μετέπειτα
1442 3470 1863 3540 παραστήσωσι.

278 3560 334 3613 Ei
363 3560 421 3613 δὲ
451 3562 514 3613 οὐ
544 3560 733 3614 ταῦτα
761 3559 1011 3629 φυλάξει,
1043 3561 1162 3615 ἀλλ’
1198 3561 1539 3625 αὐτοὸούλως
1583 3564 1867 3633 ποιήσεται

284 3652 371 3719 τὴν
396 3653 702 3721 διάπρασιν
731 3668 746 3682 ’
806 3651 904 3705 καὶ
946 3652 1049 3721 τῷ’
1084 3653 1205 3723 Θεῷ
1239 3658 1331 3706 καὶ
1353 3656 1419 3725 τῇ
1483 3653 1685 3725 συνόδῳ
1715 3654 1867 3710 ἔσται

295 3740 598 3810 ὑπεύθυνος,
634 3743 733 3798 καὶ
763 3743 1048 3813 ἀλλότριος
1080 3745 1180 3814 τῆς
1214 3746 1403 3815 τιμῆς.

901 3833 1142 3889 ΚΔΝΩΝ
1170 3834 1251 3889 A'.

290 3943 308 3975 ι
346 3925 579 3997 Ὁμοίως
612 3924 949 3994 ἐϐεϐαιώθη,
992 3926 1098 3993 ἵνα,
1132 3925 1226 3979 ὲάν
1276 3943 1407 3980 ποτε
1446 3928 1863 4001 πρεσϐύτεροιῆ

349 4039 369 4071 ι
404 4019 654 4073 διάκονοι
676 4018 896 4072 ὲπίτινι
928 4018 1216 4089 βαρυτέρῳ
1236 4017 1544 4089 ἐγκλήματι
1566 4019 1864 4091 ἐλεγχθῶσι

347 4128 367 4161 ι
404 4111 488 4181 τῷ
517 4110 845 4178 ἀναγκαίως
874 4108 1073 4173 αὐτοὺς
1125 4110 1225 4180 τῆς
1278 4109 1621 4182 λειτουργίας
1648 4114 1866 4168 ἀποκι-

350 4218 371 4253 ι
400 4202 612 4267 νοῦντι,
645 4202 721 4271 μὴ
756 4199 1103 4254 ἐπιτίθεσθαι
1158 4202 1345 4266 αὐτοῖς
1377 4205 1570 4273 χεῖρας
1599 4204 1675 4267 ὡς
1699 4222 1861 4274 μεττ-

352 4311 373 4344 :
411 4293 654 4358 νοοῦσιν,
689 4293 724 4364 ἢ
758 4293 834 4356 ὡς
881 4294 1094 4355 πιστοῖς
1128 4292 1335 4356 λαῖκοῖς
1387 4291 1523 4362 μηδὲ
1574 4295 1865 4364 ἐπιτρέπε-

344 4403 365 4432 ι
400 4385 533 4439 σθαι
563 4386 772 4449 αὐτοῖς,
822 4382 966 4438 ὥστε
1007 4382 1558 4453 ἀναϐαπτιζομένοις,
1605 4385 1739 4456 πρὸς
1768 4387 1861 4439 τὶν

344 4497 366 4531 Ι
400 4478 497 4531 τοῦ
532 4478 741 4548 κλήρου
774 4475 985 4546 βαθμὸν
1015 4477 1365 4545 προκόπτειν.
1408 4493 1428 4526 ι

338 4571 547 4624 ΒΑΛΣ.
584 4569 745 4633 Τινὲς
778 4567 889 4622 τῶν
943 4565 1041 4620 τοῦ
1107 4565 1374 4638 βήματος,
1436 4569 1862 4639 καθαιρεθέντες

263 4662 355 4716 διά
384 4678 511 4714 τινα
539 4658 931 4729 ὲγκληματικά
956 4660 1283 4729 αἰτιάματα,
1314 4658 1529 4729 ήθελον,
1557 4660 1632 4723 ὡς
1663 4660 1859 4727 ἔοικεν,

267 4751 636 4818 ἀναγνώστας
686 4749 957 4821 ταχθῆναι
1010 4749 1044 4820 ἢ
1085 4751 1165 4812 εἰς
1215 4750 1442 4820 ἑτέρους
1476 4748 1723 4820 βαθμοὺς
1757 4751 1863 4817 ἔξω

266 4843 363 4898 τιλῦ
396 4843 651 4913 βήματος
689 4840 885 4905 ὁντας’
919 4841 1016 4893 καὶ
1035 4839 1242 4909 ἔλεγον,
1260 4841 1355 4904 ὡς,
1382 4841 1538 4893 Ἐπεὶ
1574 4841 1866 4911 μετανοού-

273 4954 377 5005 μεν
412 4938 509 4988 καὶ
540 4938 619 4995 είς
644 4936 812 5006 τόπον
846 4934 1271 5003 κατηντήσαμεν
1317 4932 1541 4999 λαῖκῶν,
1575 4935 1864 5004 ὀφείλομεν

271 5029 375 5081 κᾶν
402 5028 484 5089 είς
508 5026 758 5096 βαθμοὺς
782 5024 1062 5087 τοιούτους
1082 5025 1439 5094 προκόπτειν,
1493 5025 1573 5088 εἰς
1602 5025 1749 5089 οἴους
1771 5028 1865 5080 καὶ

268 5120 320 5169 oi
348 5117 538 5170 λαῖκοὶ
597 5115 999 5187 προκόπτουσι.
1032 5115 1205 5168 Τοῦτο
1235 5115 1329 5169 οὖν
1361 5117 1436 5187 μὴ
1477 5115 1764 5187 δεξάμενοι
1812 5119 1862 5170 οἱ

269 5211 541 5280 Πατέρες,
598 5208 812 5281 ὥρισαν
860 5210 978 5271 τοῖς
1005 5207 1377 5279 καθαιρεοείσι
1411 5209 1488 5280 μὴ
1521 5198 1863 5263 ἐπιτίθεσθαι

271 5302 432 5370 παρὰ
458 5302 568 5354 τῶν
595 5301 905 5372 ἀρχιερέων
948 5301 1137 5369 χεῖρας
1159 5299 1322 5368 χάριν
1364 5297 1702 5367 οἱασδήτινος
1735 5298 1791 5349 κ)
1805 5315 1866 5368 η-

273 5393 492 5464 ριὲισεως
515 5409 530 5424 ’
565 5392 667 5447 κᾶν
694 5391 1027 5464 μετανοῶσι,
1047 5392 1139 5443 καὶ
1160 5391 1234 5453 ὡς
1261 5384 1444 5442 πιστοὶ
1469 5389 1650 5442 λαῖκοὶ
1671 5389 1866 5460 δέχων-

270 5503 383 5538 ται.
426 5486 580 5539 Ἐπεὶ
613 5485 673 5538 δὲ
722 5483 913 5550 ἔλεγόν
941 5497 1087 5544 τινες
1134 5482 1208 5544 ὡς
1240 5480 1303 5534 τὸ
1353 5480 1641 5550 βάπτισμα
1693 5480 1864 5551 ῥύπον

271 5581 453 5632 πάντα
481 5578 767 5643 ἑκπλύνει,
804 5577 904 5628 καὶ
943 5572 1173 5643 ἐζήτουν
1196 5575 1261 5627 ὲκ
1282 5572 1538 5643 δευτέρου
1562 5572 1861 5644 βαπτισθῆ·

275 5688 383 5739 ναι,
415 5672 557 5725 ὥστε
610 5670 1037 5738 ἀποπλυνθῆ·ιαι
1089 5666 1231 5736 τάχα
1284 5667 1384 5737 τὴν
1449 5667 1864 5737 ἐγκληματικὴν

278 5767 631 5831 ἀκαθαρσίαν,
664 5765 732 5819 δι’
768 5764 837 5830 ἢν
890 5760 1303 5828 καθηρέθησαν,
1352 5762 1442 5815 καὶ
1475 5760 1617 5813 οὕτω
1650 5761 1860 5833 κληρω-

1972 3192 2164 3253 saltem
2218 3196 2430 3254 vicinos
2468 3200 2519 3253 in
2575 3202 2947 3258 testimonium
2996 3219 3280 3277 convocet,
3337 3222 3398 3268 ut
3424 3229 3546 3283 qua:

1972 3286 2214 3340 ecclesiae
2265 3288 2408 3345 illius
2449 3292 2773 3348 acciderunt
2839 3296 3358 3367 incommoditates,
3404 3319 3547 3372 pro-

1971 3384 2087 3444 pter
2129 3393 2266 3447 quas
2304 3381 2579 3439 immobile
2611 3385 2743 3440 illud
2775 3389 2983 3453 vendit,
3005 3404 3362 3459 cognoscant.
3394 3404 3449 3448 et
3479 3411 3543 3450 ea

1970 3470 2174 3538 synodo
2205 3472 2367 3526 etiam
2388 3487 2573 3544 postea
2618 3476 2930 3534 exhibeant.
2972 3481 3029 3537 Si
3078 3490 3257 3538 autem
3293 3487 3408 3540 haec
3439 3502 3544 3542 non

1970 3560 2358 3624 observaverit.
2405 3567 2502 3620 sed
2543 3582 2640 3621 sua
2691 3580 2884 3638 sponte
2911 3573 3280 3628 venditionem
3316 3575 3543 3646 fecerit;

1969 3658 2023 3704 ct
2058 3650 2170 3704 Deo
2215 3663 2270 3707 et
2308 3658 2514 3724 synodo
2549 3658 2835 3714 reddendae
2871 3661 3066 3718 rationi
3102 3663 3372 3721 obnoxius
3415 3667 3539 3733 erit,

1969 3750 2024 3796 et
2051 3743 2119 3797 ab
2141 3742 2347 3800 honore
2366 3745 2599 3805 alienus.

2444 3868 2449 3874 ι
2514 3839 2744 3897 CANON
2797 3843 2966 3903 XXX.

1972 3946 1992 3979 ι
2032 3926 2295 3983 Similiter
2320 3930 2700 3986 conﬁrmatum
2734 3944 2837 3999 est,
2875 3945 2954 4002 ut,
2989 3938 3033 3990 si
3074 3940 3293 4006 quando
3318 3943 3544 4015 presby-

2044 4037 2063 4070 ι
2100 4028 2183 4074 ter
2238 4024 2321 4076 vel
2371 4023 2634 4079 diaconus
2698 4025 2927 4096 alicujus
2978 4032 3244 4096 gravioris
3295 4037 3544 4091 criminis

2041 4132 2061 4164 ι
2094 4114 2325 4169 convicti
2358 4114 2574 4183 fuerint,
2599 4121 2741 4187 quod
2761 4135 2855 4175 eos
2877 4136 2908 4174 a
2931 4138 3087 4177 sacro
3113 4125 3416 4181 ministerio
3444 4145 3541 4182 ne-

2042 4223 2060 4259 ι
2096 4207 2335 4261 cessario
2370 4218 2570 4273 movet,
2619 4226 2725 4263 nou
2766 4227 2891 4267 esse
2924 4217 3003 4267 cis
3037 4230 3228 4270 manus
3264 4217 3545 4286 imponen-

2042 4311 2061 4345 ι
2100 4298 2215 4360 das,
2253 4306 2310 4351 ut
2339 4298 2715 4367 ptenitentiam
2743 4302 3044 4371 agentibus,
3083 4303 3164 4357 vel
3195 4315 3252 4359 ut
3286 4305 3534 4362 fidelibus

1967 4442 1975 4447 _
2048 4401 2066 4436 ι
2102 4385 2286 4450 laicis;
2327 4401 2499 4456 neque
2535 4390 2774 4455 permitti
2806 4390 2910 4456 eis,
2949 4401 3203 4460 tanquam
3230 4393 3538 4463 rebaptiza-

2054 4496 2072 4528 ι
2107 4479 2191 4543 tis,
2223 4481 2288 4534 ad
2323 4481 2453 4535 clcri
2476 4484 2700 4547 gradum
2729 4486 3057 4551 promoveri.
3093 4503 3113 4536 ο

2041 4570 2235 4627 BALS’.
2283 4568 2511 4638 Quidam
2548 4589 2760 4639 eorum,
2796 4576 2887 4645 qui
2937 4578 3113 4631 locum
3165 4579 3444 4636 habebant
3487 4582 3540 4634 in

1965 4664 2192 4735 pulpito,
2232 4665 2461 4734 depositi
2493 4677 2713 4737 prapter
2756 4669 3068 4723 criminales
3107 4686 3334 4739 causas,
3395 4673 3540 4726 vole-

1966 4757 2119 4825 bant,
2165 4768 2221 4812 ut
2244 4768 2327 4813 est
2373 4761 2687 4824 verisimile,
2741 4761 2972 4818 lectores
3011 4764 3275 4829 ordinari,
3340 4764 3424 4817 vel
3486 4765 3540 4818 in

1968 4850 2104 4904 alios
2135 4849 2335 4921 gradus
2372 4853 2463 4920 qui
2491 4862 2619 4907 sunt
2640 4864 2791 4907 extra
2824 4856 3083 4924 pulpitum
3118 4873 3132 4910 :
3163 4864 3219 4910 et
3249 4858 3495 4911 dicebant
3524 4874 3537 4910 :

1966 4942 2229 5011 Quoniam
2255 4947 2624 5012 pmnitentiam
2658 4948 2872 5015 agimus
2900 4958 2954 5001 et
2987 4949 3039 5001 in
3070 4948 3328 5004 laicor‘um
3365 4949 3539 5003 locum

1969 5033 2169 5088 redacti
2195 5048 2401 5096 sumus,
2432 5033 2692 5088 debemus
2737 5039 2929 5091 saltem
2965 5039 3031 5092 ad
3067 5055 3160 5094 eos
3192 5041 3392 5111 gradus
3415 5055 3543 5109 pro-

1968 5124 2112 5188 vehi,
2141 5125 2206 5177 ad
2242 5140 2374 5192 quos
2401 5125 2524 5179 laici
2562 5128 2954 5195 provehuntur.
2999 5129 3109 5185 Hoc
3142 5148 3272 5203 ergo
3305 5150 3410 5187 non
3442 5134 3540 5187 ad—

1967 5215 2242 5271 mittentes
2276 5217 2466 5272 Patres
2491 5227 2819 5285 statuerunt,
2849 5230 2907 5274 ut
2934 5224 3194 5292 depositis
3226 5240 3331 5279 non
3364 5225 3545 5294 impo-

1969 5316 2168 5363 nantur
2200 5322 2426 5375 manus,
2464 5310 2533 5362 ob
2565 5310 2996 5381 qualemcunque
3040 5314 3095 5367 in
3131 5314 3334 5368 clerum
3385 5330 3535 5369 rece-

1965 5402 2227 5471 ptionem,
2270 5402 2482 5456 etiamsi
2520 5402 2888 5471 pmnitentiam
2935 5416 3120 5476 agant,
3158 5417 3213 5461 et
3250 5415 3310 5459 ut
3353 5406 3540 5460 ﬁdeles

1968 5494 2088 5548 laici
2155 5494 2504 5562 recipiantur.
2553 5495 2688 5561 Quia
2738 5506 2918 5551 autem
2982 5499 3233 5553 dicebant
3296 5498 3538 5552 nonnulli

1968 5586 2292 5654 baptismum
2343 5584 2534 5646 sordes
2571 5601 2761 5641 onmes
2787 5588 3029 5653 abluere,
3071 5598 3127 5644 et
3163 5590 3413 5657 petebant
3456 5604 3543 5643 δοες

1967 5677 2142 5730 eundo
2181 5676 2486 5745 baptizari,
2523 5688 2579 5731 ut
2607 5678 2885 5734 elueretur
2926 5680 3107 5736 forsan
3145 5682 3538 5739 criminisma-

1968 5765 2109 5831 cuia,
2147 5749 2368 5830 propter
2396 5780 2557 5830 quam
2603 5778 2728 5824 sunt
2764 5769 3012 5832 depositi.
3054 5782 3106 5828 et
3135 5771 3213 5827 sic
3244 5773 3299 5827 in
3335 5771 3540 5831 clerum
