4034 6398
284 324 396 389 133

364 458 382 491 ι
416 437 678 507 ὥρισται.
730 436 796 488 01.
837 434 898 488 δὲ
956 434 1094 507 πρὶς
1147 435 1504 506 περαματικὰ
1548 433 1880 505 δικαστήρια
1912 439 1958 494 Α

360 552 378 583 ι
413 528 894 599 διεκκαλούμενοι,
951 528 1085 600 παρ’
1135 529 1346 592 οὐδενὸς
1406 529 1466 582 ἐν
1516 530 1582 598 τῇ
1635 528 1871 598 Ἀιρρικῇ

359 643 378 674 ι
416 621 687 690 δεχθῶσιν
716 622 796 683 είς
823 622 1138 677 κοινωνίαν.
1174 641 1194 673 ι

353 716 555 769 ΒᾹΛΣ.
596 715 689 779 Εἰς
734 715 826 767 τὸν
868 721 929 767 ιε’
954 715 1152 768 κανόνα
1203 715 1301 785 τῆς
1330 715 1614 786 παρούσης
1648 713 1872 768 συνόδου

275 806 619 877 ἀρκούντως,
649 805 981 876 ἐγράψαμεν
1013 806 1144 877 περὶ
1170 805 1541 878 δικαστηρίων
1575 808 1876 878 ἐκκλησιαο

272 901 490 955 στικῶν
514 914 530 929 ο
564 902 660 954 καὶ
690 901 972 969 ἀνάγνωθι
1019 900 1090 955 τὰ
1116 905 1177 956 ἐν
1219 903 1417 974 ἐκείνῳ
1462 902 1769 972 γραφέντα.
1813 901 1873 954 '0

270 995 335 1048 δὲ
366 992 570 1064 παρὼν
609 992 792 1048 κανών
820 1012 988 1067 φησιν
1038 994 1136 1060 ὡς,
1174 996 1300 1048 ἐπεὶ
1332 995 1441 1048 τῶν
1494 996 1727 1049 εἰκότων
1755 992 1874 1048 ἐστὶ

276 1086 435 1149 τινὰς
459 1086 766 1156 κληρικοὺς
797 1086 1214 1158 ἀπαρέσκεσθαι
1246 1087 1341 1140 ἐπὶ
1369 1089 1489 1149 ταῖς
1511 1087 1728 1156 κρίσεσι
1763 1087 1874 1139 τῶν

280 1177 430 1232 ἰδίων
456 1169 804 1243 ἐπισκόπων,
859 1179 980 1232 δέον
1009 1179 1127 1232 ἐστὶ
1164 1180 1303 1249 μετὰ
1342 1179 1617 1250 θελήσεως
1660 1179 1873 1231 τούτων

277 1270 720 1340 μετακαλεῖσθαι
777 1272 981 1335 αὐτοὺς
1042 1272 1449 1339 γἐιτνιάζοντας
1511 1271 1871 1335 ἐπισκόπους,

273 1363 503 1425 πάντως
540 1363 873 1433 ἀρκοῦντας,
906 1363 1002 1417 καὶ
1037 1362 1222 1428 ἀξιοῦν
1266 1363 1420 1433 παρὰ
1473 1362 1678 1417 τούτων
1708 1362 1874 1432 λυθῆ-

270 1470 366 1507 ναι
399 1454 505 1522 τὴν
566 1453 689 1506 κατ’
739 1454 923 1506 αὐτῶν
972 1455 1272 1523 ἀπόφασιν.
1324 1455 1387 1508 Ei
1435 1455 1515 1519 δὲ,
1568 1455 1726 1523 φησι,
1779 1458 1873 1508 καὶ

269 1549 421 1601 κατὰ
475 1548 579 1614 τῆς
642 1546 978 1615 ἀποφάσεως
1011 1546 1218 1600 τούτων
1274 1545 1386 1600 τῶν
1450 1547 1871 1615 γειτνιαζόντων

269 1640 716 1708 ἀπαρέσκονται,
774 1640 874 1691 οὐκ
912 1638 1222 1707 ὀφείλουσιν
1275 1637 1625 1692 ἐκκαλεῖσθαι
1690 1641 1771 1702 εἰς
1804 1639 1873 1692 τὰ

269 1733 456 1799 πέραν
486 1732 590 1796 τῆς
630 1731 910 1801 Θαλάσσης
943 1732 1294 1804 δικαστήρια,
1347 1733 1519 1803 ἤγουν
1552 1734 1629 1796 είς
1663 1750 1871 1804 μητρο-

1245 373 1253 382 .
1350 320 1431 382 ΙΝ
1471 319 1634 381 CAN.
1674 316 1867 381 XXXI
1901 315 2101 379 CONC.
2136 316 2514 381 CARTHAG.

3468 325 3566 389 134

2076 450 2093 484 ι
2134 432 2201 487 ad
2245 435 2609 491 transmarina
2652 434 2858 508 judicia
2890 450 3205 510 provocant,
3245 456 3273 495 a
3322 444 3474 501 nullo
3511 447 3563 500 in

2072 543 2089 577 ι
2124 525 2309 583 Africa
2333 525 2401 581 ad
2435 530 2877 588 communionem
2905 533 3262 605 recipiantur.
3297 557 3316 590 ι

2047 717 2243 774 BALS.
2294 722 2353 775 In
2395 722 2609 781 decimo
2646 728 2839 798 quinto
2886 746 3095 790 canone
3125 737 3408 804 praesentis
3436 753 3557 811 syn-

1975 810 2065 865 odi
2112 813 2247 870 satis
2294 816 2613 886 scripsimus
2662 822 2731 876 de
2757 821 2976 893 iudiciis
3022 828 3441 898 ccc‘esiasticis;
3472 810 3479 811 ⁷
3506 840 3561 886 et

1973 899 2093 969 iege
2125 916 2247 970 qua:
2277 903 2330 957 itt
2374 905 2493 973 ipso
2531 908 2730 976 scripta
2770 921 2918 967 sunt.
2960 913 3209 972 Praesens
3256 929 3437 973 autem
3468 936 3560 975 ca-

1975 1007 2080 1046 non
2101 993 2233 1048 dicit
2262 998 2403 1063 quod
2425 1001 2684 1068 quoniam
2710 1011 2793 1056 est
2824 1005 3121 1061 verisimile
3152 1008 3268 1063 fore
3300 1021 3356 1064 ut
3393 1012 3562 1080 aliqui

1975 1085 2154 1140 clerici
2205 1104 2426 1144 suorum
2481 1080 2864 1163 episcoporum
2911 1099 3139 1166 jutlieiis
3186 1117 3295 1157 non
3347 1108 3566 1175 acquie-

1974 1187 2150 1241 scant,
2187 1196 2322 1248 0an
2349 1195 2452 1249 est,
2485 1195 2542 1237 ιιι
2579 1201 2702 1239 cum
2734 1202 2923 1242 eorum
2972 1192 3248 1249 voluntate
3283 1195 3382 1264 ipsi
3427 1198 3562 1254 vici-

1977 1285 2074 1324 nos
2126 1270 2409 1342 episcopos
2458 1278 2686 1330 omnino
2752 1277 3084 1337 snﬁicientes
3131 1286 3441 1353 appellent,
3508 1299 3563 1342 et

1973 1372 2175 1431 petant.
2213 1363 2476 1420 adversus
2529 1383 2588 1422 se
2631 1370 2896 1436 prolatam
2939 1377 3267 1429 sententiam
3313 1379 3381 1433 ab
3427 1380 3559 1449 ipsis

1974 1454 2194 1508 resolvi.
2232 1454 2288 1509 Si
2316 1467 2520 1521 autem,
2565 1458 2766 1529 inquit,
2808 1464 2973 1516 etiam
3002 1466 3307 1521 vicinorum
3339 1471 3560 1537 episco-

1974 1558 2163 1611 portnn
2206 1549 2488 1602 sententiae
2519 1565 2626 1604 non
2675 1553 3052 1622 acquiescant,
3096 1574 3200 1612 non
3243 1561 3443 1615 debent
3490 1563 3557 1617 ad

1976 1636 2337 1688 transmarina
2381 1636 2580 1704 judicia
2625 1644 2920 1710 appellare,
2954 1648 3167 1703 scilicet
3215 1652 3281 1703 ad
3327 1652 3554 1707 aliarum

1975 1726 2377 1791 provinciarum
2434 1732 2920 1799 tnetropolitattos,
2999 1739 3092 1791 sed
3152 1740 3220 1794 ad
3270 1743 3554 1810 primatem

271 1797 501 1884 πολίτας
538 1822 747 1889 ἐτέρων
782 1797 1114 1893 ἐπαρχειῶν,
1135 1797 1271 1876 αλλὰ
1317 1797 1510 1885 είς-τὸν
1535 1797 1751 1897 πρῶτον
1773 1797 1862 1892 τῆς

1974 1817 2335 1883 competentis
2367 1820 2680 1887 provinciae.
2726 1824 2840 1879 lloc
2886 1808 3029 1880 Enim
3074 1830 3126 1883 in
3175 1831 3554 1901 episcoporum

272 1914 594 1983 κροσφόρου
622 1912 917 1983 ἐπαρχίας.
948 1911 1120 1966 Τοῦτο
1149 1912 1258 1983 γὰρ
1294 1913 1484 1976 καὶείς
1511 1915 1582 1966 τὰ
1611 1913 1870 1984 δικαστή-

275 2021 366 2076 ρια
388 2003 499 2055 τῶν
530 2004 855 2057 ἐπισκόπων
905 2006 1248 2076 προωρίσοη.
1274 2006 1338 2059 (ιι
1393 2005 1450 2059 δὲ
1483 2005 1637 2076 παρὰ
1694 2006 1869 2060 ταῦτα

278 2094 562 2158 ποιοῦντες
606 2094 1089 2164 ἀφοριζέσθωσαν.
1153 2096 1470 2166 Σημείωσαι
1500 2096 1596 2150 οὖν
1646 2098 1728 2151 ὅτι
1766 2098 1867 2151 οὐκ

282 2186 584 2253 ὀφείλουσιν
614 2186 979 2254 ίόριοπαθεῖν
1016 2189 1066 2241 οί
1096 2189 1392 2242 ἐπίσκοποι
1418 2189 1560 2243 κατὰ
1593 2191 1701 2243 τῶν
1728 2189 1864 2259 κλη-

284 2276 452 2348 ρικῶν
478 2277 657 2330 αὐτῶν
680 2278 1154 2349 ἀπαρεσκομένων
1187 2281 1282 2335 ἐπὶ
1312 2284 1433 2344 ταῖς
1463 2282 1688 2335 ἐκείνων
1727 2286 1864 2335 ἀπο-

283 2367 526 2435 φάσεσιν,
586 2367 725 2422 ἀλλὰ
783 2370 988 2439 μᾶλλον
1033 2370 1432 2442 προσδέχεσθαι
1494 2373 1715 2439 αὐτοὺς,
1766 2372 1864 2427 καὶ

275 2464 545 2515 συναινεϊν
569 2464 652 2526 είς
689 2463 751 2515 τὸ
784 2463 938 2533 παρὰ
966 2465 1391 2531 γειτνιαζόντων
1425 2467 1744 2521 ἐπισκόπων
1769 2484 1866 2537 τηο

270 2552 509 2622 ρηθῆναι
547 2554 653 2625 τὴν
695 2556 906 2609 τούτων
951 2555 1249 2625 ἀπόφασιν.
1298 2557 1458 2620 Τινὲς
1488 2558 1545 2612 δέ
1570 2558 1863 2624 ἀκούοντες

262 2642 359 2698 τοῦ
416 2645 651 2709 κανόνος
713 2645 968 2714 λέγοντος
1029 2647 1105 2711 ὡς
1167 2650 1217 2702 οἱ
1266 2649 1509 2716 γείτονες
1565 2649 1862 2704 ἐπίσκοποι

258 2734 639 2808 ἁκροάσονται
665 2737 869 2801 αὐτῶν,
909 2739 1005 2792 καὶ
1042 2738 1180 2808 μετὰ
1211 2742 1574 2803 συναινέσεως
1601 2741 1695 2794 τοῦ
1725 2742 1858 2797 ἰδίου

256 2830 573 2884 ἐπισκόπου
601 2830 672 2883 τὰ
702 2831 906 2901 μεταξὺ
942 2831 1122 2885 αὐτῶν
1152 2831 1411 2886 διαθῶσιν
1438 2833 1484 2886 oi
1518 2834 1861 2902 προσκαλούο

258 2937 411 2988 μενοι
436 2922 510 2974 δι’
546 2921 737 2975 αὐτῶν
758 2923 1075 2989 ἐπίσκοποι,
1113 2923 1368 2993 λέγουσιν
1389 2926 1478 2977 ἐπ’
1498 2925 1687 2988 ἀδείας
1711 2926 1861 2998 ἔχειν

251 3013 347 3067 τὸν
373 3012 623 3084 πρώτως
673 3013 978 3069 δικάσαντα
1011 3014 1316 3070 ἐπίσκοπον
1354 3016 1752 3088 παρουσιάζειν
1777 3022 1860 3085 είς

255 3106 316 3158 τὸ
343 3105 457 3159 τῶν
479 3105 914 3175 γειτνιαζόντων
947 3107 1265 3161 ἐπισκόπων
1293 3109 1673 3181 δικαστήριον.
1702 3109 1861 3181 Ἐμοὶ
1888 3139 1933 3200 C

253 3195 313 3249 δέ
353 3198 416 3250 οὗ
443 3197 625 3251 δοκεῖ.
657 3197 722 3252 '0
763 3198 876 3269 γὰρ
909 3198 1058 3265 ἅπαξ
1097 3199 1525 3271 ἀποφηνάμενος
1578 3204 1856 3259 πέπαυται

257 3288 349 3341 τοῦ
367 3285 515 3342 εἶναι
543 3288 842 3362 δικαστής.
877 3288 955 3347 Τὸ
974 3289 1032 3345 δὲ
1056 3292 1196 3361 μετὰ
1238 3294 1600 3358 συναινέσεως
1620 3297 1860 3367 είρηται,

262 3378 341 3433 ἵνα
362 3379 442 3450 μὴ
497 3381 652 3435 κατὰ
679 3381 1075 3452 ἀναισχυντίαν
1107 3383 1200 3438 καὶ
1252 3387 1425 3456 χωρὶς
1472 3386 1733 3458 είδήσεως
1761 3388 1857 3441 τοῦ

258 3467 561 3524 ἐπισκόπου
615 3469 720 3541 τὴν
743 3468 1013 3542 Ξκκλητον
1041 3471 1282 3543 ζητῶσιν
1307 3476 1354 3526 οι
1387 3474 1664 3546 κληρικοὶ,
1715 3477 1860 3532 ἀλλὰ

268 3558 397 3628 μετὰ
419 3558 671 3630 ὁρισμοῦ
698 3559 919 3617 τοῦτον.
967 3561 1189 3629 Ἐπειδὴ
1209 3562 1267 3616 δὲ
1307 3564 1355 3617 oi
1387 3565 1659 3635 παρόντες
1690 3571 1855 3623 κανό-

269 3667 348 3714 νες
364 3653 636 3725 ἐτέθησαν
665 3653 729 3706 ἐν
745 3653 1094 3726 Καρθαγένῃ,
1120 3655 1289 3726 ἤγουν
1312 3657 1370 3710 ἐν
1394 3656 1653 3731 Ἀφρικῇ,
1682 3677 1855 3733 περα-

275 3744 465 3810 μστικὰ
490 3746 722 3813 πάντως
752 3744 1080 3818 δικαστήρια
1102 3747 1469 3820 κληθήσονται
1490 3751 1560 3805 τὰ
1587 3753 1687 3822 τῆς
1720 3754 1855 3808 Ῥώο

272 3853 386 3910 me.
408 3839 517 3893 Καὶ
540 3838 858 3909 σημείωσαι
876 3840 983 3892 ἀπὸ
1011 3838 1200 3893 τούτου
1227 3840 1308 3894 ὅτι
1340 3841 1517 3913 μάτην
1539 3845 1852 3915 καυχῶνται

262 3928 311 3982 ei
335 3932 580 4001 περὶτὴν
623 3929 958 3999 Ἐκκλησίαν
983 3931 1081 4001 τῆς
1113 3930 1355 4003 Ῥώμης,
1378 3931 1628 4002 λέγοντες
1656 3937 1851 3992 πασῶν

258 4017 361 4072 τῶν
384 4018 707 4091 ἐκκλησιῶν
740 4019 809 4071 τὰ
839 4018 1132 4090 ζητήματα
1160 4020 1401 4090 ὀφείλειν
1430 4023 1843 4080 διευλυτοῦσθαι

1971 1907 2192 1975 judiciis
2225 1922 2352 1966 ante
2382 1913 2663 1970 deﬁnitum
2703 1927 2806 1971 est.
2843 1919 2941 1986 Qui
2986 1934 3168 1977 autem
3196 1935 3391 1994 ιιι-αξιοι·
3439 1927 3557 1984 itazc

1974 1998 2204 2067 faciunt,
2240 2017 2614 2075 segregentnr.
2649 2009 2782 2064 Nota
2815 2028 2966 2082 ergo,
3008 2020 3152 2084 quod
3175 2020 3415 2088 episcOpi
3448 2037 3552 2075 non

1971 2090 2168 2146 debent
2216 2110 2357 2162 (egre
2392 2097 2554 2163 ferre,
2598 2100 2644 2155 si
2684 2104 2765 2155 sui
2815 2105 3002 2160 clerici
3038 2122 3226 2161 eorum
3271 2116 3557 2167 sententi:e

1968 2197 2077 2236 non
2117 2190 2507 2254 acquiescant;
2556 2193 2649 2246 sed
2718 2195 2865 2264 ipsos
2917 2199 3097 2265 potius
3157 2201 3466 2269 admittere,
3501 2213 3555 2258 et

1969 2277 2316 2333 consentiant
2367 2291 2424 2334 ιιι
2481 2297 2510 2334 a
2554 2284 2745 2340 vicinis
2792 2288 3064 2358 episcopis
3084 2307 3182 2345 sua
3211 2298 3557 2350 exantinetur

1968 2370 2259 2425 sententia.
2305 2371 2558 2428 Nonnulli
2610 2388 2793 2432 autem
2833 2394 3107 2436 canonum
3139 2384 3426 2440 audientes
3474 2391 3557 2442 tli-

1965 2471 2204 2528 ceutem,
2241 2465 2385 2534 quod
2429 2467 2592 2521 vieini
2635 2471 2874 2541 episc0pi
2906 2489 3003 2529 eos
3032 2478 3254 2531 audient
3280 2518 3294 2543 ,
3345 2488 3401 2536 et
3433 2496 3555 2536 cum

1965 2568 2238 2608 consensu
2315 2559 2520 2627 proprii
2574 2563 2814 2632 episcopi
2877 2569 3285 2624 controversias
3366 2586 3553 2627 eorum

1965 2657 2297 2713 componant
2327 2647 2385 2710 ii,
2418 2649 2510 2716 qui
2573 2652 2640 2704 ab
2684 2652 2817 2720 ipsis
2852 2657 3106 2724 appellati
3159 2672 3308 2731 sunt,
3344 2665 3558 2731 episco-

1964 2736 2055 2806 pi;
2082 2738 2269 2792 dicunt
2297 2754 2417 2795 esse
2447 2742 2499 2793 itt
2534 2752 2804 2811 potestate
2830 2746 2950 2812 ejus
2970 2750 3061 2817 qui
3086 2730 3555 2823 printutnjutlica-

1967 2829 2045 2882 vit
2093 2830 2369 2898 episcopi,
2421 2839 2478 2885 ut
2530 2832 2886 2890 ﬁnitimorum
2932 2844 3308 2909 episcoporum
3347 2847 3554 2916 judicio

1965 2922 2200 2977 intersit.
2238 2921 2367 2977 Mihi
2410 2936 2594 2979 autem
2638 2943 2744 2982 non
2792 2930 3027 2986 videtur.
3051 2933 3152 3000 Qui
3185 2939 3331 2992 enim
3379 2945 3546 2997 semel

1967 3014 2293 3068 sententiam
2325 3016 2467 3079 tulit,
2497 3028 2678 3101 cessat
2707 3037 2831 3076 esse
2870 3023 3060 3092 jndex.
3093 3025 3257 3101 554
3292 3031 3420 3086 111ιι.1
3450 3049 3552 3089 nll-

1968 3113 2096 3171 tem,
2123 3120 2245 3160 cum
2285 3121 2582 3176 consensu,
2618 3112 2822 3169 dictum
2865 3125 2971 3184 est,
3003 3130 3062 3173 ut
3103 3137 3210 3177 non
3250 3140 3349 3192 per
3377 3126 3554 3195 impn-

1966 3197 2209 3252 dentiatn
2240 3208 2294 3253 et
2343 3201 2463 3255 sine
2495 3203 2724 3259 scientia
2758 3207 2996 3278 episcopi
3030 3213 3098 3265 ad
3131 3214 3549 3282 appellationem

1971 3304 2393 3360 prorumperent
2441 3295 2649 3364 clerici,
2697 3302 2793 3354 sed
2841 3301 2962 3370 ejus
3020 3305 3359 3363 deﬁnitione.
3412 3309 3551 3377 Quia

1964 3393 2150 3437 autent
2184 3397 2483 3453 praesentes
2518 3403 2756 3446 canones
2790 3392 3249 3468 Carthaginetseu
3288 3403 3341 3458 iu
3367 3407 3551 3461 Africa

1966 3475 2097 3529 editi
2124 3489 2269 3540 sunt,
2303 3481 2670 3534 transmarina
2718 3487 2944 3542 omnino
2969 3489 3171 3558 judicia
3196 3496 3552 3565 appellabun-

1976 3578 2065 3622 tur
2092 3568 2357 3624 Romana.
2393 3570 2457 3625 Et
2483 3582 2607 3628 nota
2648 3591 2716 3630 cx
2751 3593 2816 3632 eo
2857 3583 3001 3647 quod
3030 3583 3230 3641 frustra
3255 3601 3315 3643 se
3343 3590 3551 3659 lactant

1964 3660 2056 3728 qui
2080 3671 2206 3714 sunt
2231 3659 2490 3719 Romamn
2517 3666 2797 3735 Beclesim,
2829 3674 3074 3730 dicentes
3106 3693 3225 3733 eam
3256 3679 3454 3736 debere
3482 3683 3551 3738 de

1959 3752 2202 3806 omnium
2223 3751 2588 3811 Ecclesiarutn
2608 3763 2999 3827 quaestionibus
3020 3781 3118 3834 per
3134 3770 3548 3837 appellationem

1958 3841 2231 3897 decitlere.
2250 3843 2306 3897 Si
2328 3846 2470 3898 enim
2495 3846 2543 3900 ei
2561 3863 2665 3902 non
2682 3853 3014 3919 permittitur
3037 3860 3427 3928 appellationes
3454 3880 3548 3920 co-

1957 3950 2078 3989 rum
2144 3938 2234 4005 qui
2284 3949 2412 3992 sunt
2460 3942 2512 3992 in
2536 3940 2716 3998 Africa
2752 3947 3089 4013 examinare,
3141 3953 3314 4010 multo
3376 3961 3552 4030 magis

1958 4027 2059 4084 boc
2081 4027 2173 4099 jus
2206 4043 2310 4083 non
2339 4030 2559 4085 habebit
2590 4033 2643 4087 in
2672 4036 2808 4092 alias
2842 4042 3112 4111 regiones.

257 4109 383 4183 παρ’
429 4112 608 4182 αὐτῆς
639 4111 786 4166 κατὰ
817 4111 976 4181 λόγον
1020 4112 1309 4184 ἐκκλήτου.
1356 4116 1420 4170 Ei
1459 4116 1570 4189 γὰρ
1597 4118 1724 4183 τοὺς
1755 4119 2057 4192 ἐκκλήτους
2105 4120 2217 4176 τῶν
2271 4123 2330 4176 ἐν
2364 4122 2598 4197 Ἀφρικῇ
2646 4128 2706 4182 οὐ
2732 4109 3097 4204 συγχωρεῖται
3123 4140 3331 4213 τηρεῖν,
3368 4142 3548 4218 πολλῷ

256 4205 456 4275 μᾶλλον
482 4205 613 4258 καθ’
632 4205 841 4277 ἐτέρων
864 4207 1062 4278 χωρῶν
1079 4208 1176 4278 οὑχ
1205 4207 1316 4274 ἕξει
1337 4209 1399 4264 τὸ
1430 4210 1672 4266 τοιοῦτον
1696 4212 1925 4269 δίκαιον.

319 4297 578 4353 ΖΩΝΔΡ.
605 4298 749 4361 Τοὺς
776 4298 1077 4369 κληρικοὺς
1106 4302 1369 4357 ὑπόθεσιν
1418 4303 1643 4374 ἔχοντας
1673 4307 1723 4358 οί
1755 4324 1857 4361 κα-

252 4389 405 4454 νόνες
440 4390 602 4458 παρᾶ
636 4392 753 4452 τοῖς
800 4392 1127 4459 ἐπισκόποις
1153 4394 1333 4450 αὐτῶν
1365 4395 1690 4459 δικάζεσθαι
1723 4398 1855 4453 διω-

256 4481 502 4552 ρίσαντο.
529 4482 594 4535 El
620 4482 759 4549 γοῦν
790 4483 1049 4554 κληρικοὶ
1083 4486 1239 4558 παρὰ
1267 4486 1344 4557 τῷ
1387 4488 1576 4559 οἰκείῳ
1625 4491 1853 4544 ἐπισκό-

250 4573 337 4643 ﬁt?)
359 4573 733 4643 δικασάμενοι
758 4575 1044 4630 αἰτιῶνται
1073 4578 1173 4648 τὴν
1197 4578 1477 4648 ἀπόφασιν
1514 4580 1703 4647 αὑτοῦ,
1722 4583 1852 4647 τοὺς

248 4668 506 4735 γείτονας
538 4669 879 4731 ἐπισκόπους
908 4668 1017 4740 χρὴ
1063 4672 1481 4739 συγκαλεῖσθαι,
1516 4674 1612 4728 καὶ
1645 4676 1850 4746 ἀκροᾶ-

252 4759 375 4813 σθαι
415 4759 522 4829 τῆς
574 4759 894 4823 ὑποθέσεως
950 4761 1220 4828 ἐκείνους,
1278 4765 1420 4832 μετὰ
1480 4767 1849 4831 συναινέσεως

249 4854 343 4905 καὶ
382 4851 483 4906 τοῦ
510 4853 802 4923 κρίναντος
855 4855 1184 4910 ἐπισκόπου.
1244 4856 1306 4909 Et
1337 4856 1392 4910 δέ
1440 4858 1533 4910 καὶ
1566 4859 1711 4912 κατὰ
1751 4861 1852 4926 τῆς

2077 4308 2331 4365 ΖΟΝΑΒ.
2361 4310 2603 4367 Clericos
2627 4323 3018 4379 controversiae
3038 4325 3242 4396 aliquid
3280 4328 3550 4389 habentes

1958 4401 2031 4458 ab
2057 4406 2329 4475 episcopis
2352 4404 2466 4460 suis
2486 4405 2722 4471 jndieari
2750 4428 2990 4471 canones
3012 4419 3320 4478 voluerunt.
3352 4423 3544 4495 Igitur,

1956 4494 2002 4549 si
2060 4497 2152 4564 qui
2215 4498 2397 4557 clerici
2451 4506 2735 4559 sententiae
2770 4507 2837 4561 ab
2873 4509 3130 4580 episcopo
3177 4528 3275 4569 suo
3320 4494 3544 4583 prolata:

1955 4599 2063 4639 non
2082 4589 2454 4659 acquiescant,
2471 4596 2722 4651 advocari
2745 4598 2952 4652 vicinos
2970 4600 3277 4672 episcopos,
3296 4621 3360 4662 ac
3384 4609 3451 4662 ab
3474 4609 3542 4665 iis
3621 4673 3641 4683 _

1951 4690 2193 4748 causam,
2221 4697 2327 4737 non
2348 4684 2467 4740 sine
2485 4687 2629 4743 illius
2652 4689 3024 4759 quijudicavit
3048 4694 3290 4766 episcopi
3336 4713 3538 4769 appro-

1954 4768 2201 4837 batione,
2233 4776 2489 4845 cognosci
2529 4778 2720 4845 placet.
2774 4778 2930 4846 Quod
2976 4781 3021 4835 si
3055 4785 3122 4838 ab
3155 4768 3537 4856 episcoporum

1956 4876 2200 4933 quoque,
2229 4867 2320 4935 qni
2371 4867 2619 4926 advocati
2661 4882 2810 4937 sunt,
2854 4874 3060 4943 judicio
3092 4881 3533 4955 provocationem

246 4943 434 5013 ψήφου
457 4944 555 4996 τοῦ
586 4943 1013 5015 προκηλθέντων
1035 4946 1354 5001 ἐπισκόπων
1380 4947 1645 5019 ἔκκλητον
1667 4947 1850 5003 αἰτοῦ-

1964 4954 2056 5009 silii
2088 4955 2204 5010 dari
2244 4957 2555 5025 postulent,
2601 4963 2667 5015 ad
2698 4943 3173 5034 metropolitanum
3225 4946 3539 5040 provinciae,

250 5052 324 5101 σι,
350 5036 492 5106 πρὸς
522 5034 617 5090 τὸν
662 5036 1081 5108 μητροπολίτην
1106 5038 1204 5108 τῆς
1235 5039 1507 5111 ἐπαρχίας
1558 5040 1639 5094 δεῖ
1687 5041 1850 5094 ante.

248 5144 360 5194 ναι,
421 5127 564 5201 ὅπερ
617 5131 716 5184 καὶ
770 5127 880 5183 ’ἐπὶ
924 5130 1043 5183 τῶν
1078 5131 1399 5185 ἐπισκόπων
1427 5131 1664 5205 ὡρίσθη.
1695 5135 1760 5189 Εἰ
1787 5135 1847 5190 δέ

249 5219 431 5291 πέραν
454 5224 556 5292 τῆς
594 5222 899 5295 θαλάσσης,
934 5223 1055 5294 ἦτοι
1089 5226 1173 5288 είς
1203 5223 1374 5303 ἄλλας
1399 5228 1674 5299 ἐπαρχίας
1708 5230 1847 5302 πόρο

242 5315 331 5381 per
363 5315 628 5384 κειμένας
653 5316 873 5374 ἀπίοιεν
896 5318 947 5370 cl
982 5315 1278 5387 ζητοῦντες
1309 5320 1412 5390 τὴν
1441 5319 1732 5392 ἔκκλητον,
1758 5322 1848 5377 ίνα

250 5406 367 5459 ἐκεῖ
390 5406 596 5478 ταύτην
618 5409 1008 5479 τυμνάσωσιν,
1035 5410 1438 5483 ἀφωρισμένοι,
1458 5414 1646 5485 φησιν,
1678 5414 1848 5469 εστω-

254 5515 369 5567 σαν,
394 5501 458 5553 tv
485 5503 725 5576 ’Δφρικῇ
759 5504 903 5577 πρὸς
936 5504 1228 5568 κοινωνίας
1261 5505 1337 5577 μὴ
1382 5505 1685 5578 δεχόμενοι.
1730 5508 1845 5563 Ἔν-

249 5590 439 5645 τεῦθεν
470 5593 499 5645 ὁ
523 5594 694 5664 τῦφος
716 5595 824 5666 τῆς
878 5592 993 5673 τῷ
1040 5594 1326 5666 Ῥωμαίων
1376 5594 1707 5668 Ἐκκλησίας
1741 5616 1842 5655 κα-

252 5683 592 5754 ταϐαλλεται,
632 5686 963 5759 αὐχούντων
994 5686 1178 5751 αὐτοῖς
1224 5688 1475 5743 δεδόσθαι
1532 5693 1716 5756 πάσας
1745 5693 1843 5759 τὰς

257 5775 537 5848 ἐκκλήτους
588 5783 808 5855 τηρεῖν.
866 5780 932 5834 El
1000 5777 1110 5851 γὰρ
1144 5781 1237 5846 τὰς
1296 5783 1600 5855 ἐκκλήτους
1646 5784 1753 5842 τῶν
1785 5788 1843 5840 ἐν

1953 5048 2099 5118 quod
2133 5049 2202 5103 de
2224 5050 2498 5121 episcopis
2531 5067 2751 5125 quoque
2783 5056 3065 5114 delinitum
3097 5072 3213 5126 est.
3249 5065 3542 5120 convenire

1953 5139 2171 5194 debent.
2201 5138 2420 5197 Sirvero
2453 5143 2545 5212 qui
2567 5144 2670 5199 sibi
2707 5149 3157 5214 provocationem
3181 5154 3406 5210 concedi
3434 5170 3535 5222 po-

1956 5231 2186 5301 stula’nt,
2228 5237 2372 5289 ultra
2428 5250 2615 5301 mare,
2655 5239 2758 5294 boc
2786 5250 2905 5307 est,
2951 5242 3005 5296 in
3057 5243 3193 5301 alias
3230 5246 3543 5318 provincias

1954 5322 2114 5395 longe
2164 5327 2485 5396 disiunctas,
2523 5343 2584 5385 ιιι
2642 5331 2695 5387 in
2760 5333 2828 5388 iis
2875 5333 3144 5403 judicium
3202 5350 3540 5402 exerceant.

1955 5421 2383 5489 transmearint;
2420 5425 2712 5493 segregati,
2743 5426 2959 5496 inquit,
2988 5430 3118 5495 sint,
3156 5444 3256 5486 nec
3289 5431 3356 5483 ad
3387 5446 3538 5486 cont-

1955 5508 2269 5565 muniouem
2308 5513 2360 5566 in
2393 5512 2575 5569 Africa
2610 5517 2966 5586 recipiantur.
3006 5519 3107 5577 llic
3138 5531 3288 5578 certe
3316 5529 3536 5593 ventosa

1952 5600 2044 5656 illa
2096 5601 2467 5660 Romanorum
2523 5604 2779 5665 Ecclesiae
2841 5613 3129 5682 superbia,
3182 5625 3243 5670 ιιι
3290 5614 3361 5670 ab
3415 5598 3537 5697 aliis

1950 5696 2206 5752 omnibus
2247 5696 2509 5758 Ecclesiis
2552 5703 2619 5757 ad
2656 5703 2803 5760 illam
2854 5707 3050 5764 dentur
3099 5709 3538 5779 provocationes,

1951 5792 2057 5848 sibi
2105 5807 2425 5853 concessam
2459 5812 2580 5857 esse
2602 5799 2928 5872 iactantiam
2951 5842 2967 5872 ,
3009 5803 3257 5864 subsidat
3308 5821 3537 5865 necesse
