4034 6392
517 312 617 390 tia

1770 320 2049 385 THEUD.
2097 319 2500 386 BALSAMON

3676 315 3774 382 136

510 447 615 491 est.
650 435 706 491 Si
739 438 882 491 enim
916 435 984 491 ab
1016 433 1285 491 Africanis
1336 434 1579 497 ecclesiis
1607 448 1714 488 non
1769 438 1926 488 datur
1981 435 2086 500 (est

2213 434 2438 502 ’Λφρικῇ
2479 433 2542 486 οὐ
2600 429 3010 501 συγχωροῦνται
3074 428 3296 500 τηρεῖν’
3362 434 3457 485 καὶ
3509 434 3541 499 ἡ
3588 435 3772 506 Ῥώμη

513 529 729 597 quidem
783 535 937 583 certe
986 527 1155 581 Roma
1210 536 1360 581 trans
1396 541 1576 589 mare.
1626 527 1671 580 si
1727 528 1793 580 ad
1845 526 2084 577 Africam

511 619 905 690 comparetur),
938 618 1105 672 multo
1127 619 1299 673 minus
1323 619 1374 671 itt
1401 618 1532 671 alias
1561 616 1910 686 regionesjus
1939 617 2085 685 ejus-

510 712 653 766 modi
684 711 973 767 obtinebit.

509 799 739 853 ARIS'I‘.
792 821 811 851 ι
853 800 1045 855 Clerici
1077 800 1449 863 condemnati,
1478 799 1521 854 si
1551 798 1786 868 judicem
1807 805 2084 857 accusent,

588 910 605 941 ι
645 902 796 945 tratts
847 907 995 946 utare
1043 908 1151 946 nou
1192 893 1503 961 appellent;
1543 891 1637 944 sed
1685 890 1750 941 ad
1801 890 2089 958 episcopos

590 1005 607 1038 t
652 987 884 1051 vicinos,
933 994 990 1039 et
1026 987 1093 1039 ad
1128 986 1408 1055 proprium
1451 1002 1466 1038 :
1509 984 1748 1054 alioquin
1792 983 1846 1037 in
1902 982 2084 1036 Alt-ica

592 1096 609 1129 ι
650 1077 1205 1133 excommunicentur.
1233 1094 1257 1127 ι

585 1256 772 1311 Patres
808 1256 858 1308 in
892 1255 1142 1309 omnibus
1170 1253 1433 1309 decorum
1465 1253 1802 1315 observant;
1846 1250 2089 1316 adeoque

512 1347 857 1416 ulcpiscopi,
885 1345 961 1400 uti
1004 1345 1225 1411 accidit,
1270 1345 1517 1400 molestia
1565 1358 1670 1398 non
1723 1342 2087 1407 aﬂicercnlur,

510 1437 755 1492 decrevit
799 1438 913 1491 lucc
958 1437 1011 1490 in
1062 1436 1244 1492 Africa
1292 1436 1536 1507 synodus
1581 1435 1838 1499 clericos,
1889 1435 1979 1503 qui
2021 1433 2090 1488 ob

508 1528 700 1597 culpas
733 1527 944 1595 aliquas
979 1542 1007 1579 a
1054 1527 1289 1598 propriis
1329 1527 1601 1596 episcopis
1634 1527 2088 1589 condemnamur,

509 1633 677 1687 seque
708 1618 903 1687 injuria
935 1618 1157 1672 allectos
1189 1629 1399 1686 putant,
1435 1618 1576 1672 ultra
1610 1632 1760 1670 mare
1798 1618 1866 1670 ad
1903 1615 2087 1669 Romae

511 1711 696 1764 forsan
727 1709 1040 1780 episcopum
1085 1720 1178 1763 aut
1217 1710 1455 1778 reliquos
1488 1724 1595 1762 non
1624 1723 1945 1778 provocare,
1995 1708 2089 1762 sed

2187 524 2296 594 γὰρ
2329 524 2504 592 πέραν
2532 522 2809 589 θαλάσσης
2849 522 3122 575 διάκειται
3157 523 3290 593 πρὸς
3321 521 3419 594 τὴν
3469 525 3773 595 Ἀφρικὴν·

2187 616 2373 685 πολλῷ
2400 616 2604 685 μᾶλλον
2638 614 2761 669 καθ’
2789 615 2992 686 ἐτέρων
3017 614 3211 684 χωρῶν
3253 616 3351 684 οὐχ
3390 613 3571 680 ἕξουσι
3601 619 3783 671 τοιοῦ-

2188 726 2279 761 τον
2315 710 2524 762 δίκαιον
2558 708 2694 779 (23).

2190 800 2414 852 ΔΡΙΣΤ.
2455 817 2475 850 ι
2508 799 2789 869 Κληρικαὶ
2821 799 3338 867 καταγνωσθέντ·ς,
3382 802 3449 855 ἂν
3492 802 3779 856 αἰτιῶνται

2265 909 2285 941 ι
2314 891 2406 943 τὸν
2430 890 2742 957 διαγνόντα,
2784 887 2859 960 μὴ
2881 890 2979 941 καὶ
3000 890 3174 960 πέραν
3212 890 3488 961 Θαλάσσης
3516 892 3747 945 ὲκκαλεί

2267 998 2288 1032 ι
2320 983 2560 1044 σθωσαν,
2585 981 2719 1034 ἀλλὰ
2744 982 2878 1051 πρὸς
2895 983 3021 1045 τοὺς
3044 982 3293 1049 γείτονας
3319 984 3657 1046 ἐπισκόπους
3678 986 3780 1037 καὶ

2235 1083 2283 1123 ἰ
2317 1074 2407 1125 τὸν
2459 1074 2630 1126 ἰδιονο
2698 1075 2749 1126 εἰ
2793 1073 2851 1125 δὲ
2902 1073 2977 1144 μὴ
3036 1077 3094 1126 ἐν
3132 1074 3362 1147 Ἀιρρικῇ
3415 1074 3781 1147 ἀκοινώνητοι

2268 1186 2287 1217 ι
2328 1166 2565 1220 ἔσονται.
2595 1185 2613 1218 ι
3368 1152 3371 1157 ’

2212 1320 2215 1321 ν
2264 1258 2339 1312 Τὸ
2368 1258 2645 1327 εὐπρεπὲς
2673 1260 2731 1312 ὲν
2766 1260 2935 1312 πᾶσιν
2975 1260 3028 1311 ὀἰ
3071 1259 3312 1328 Πατέρες
3350 1259 3779 1329 συντηροῦντες,

2192 1349 2290 1403 καὶ
2315 1348 2374 1402 τὸ
2397 1348 2472 1420 μὴ
2503 1349 2829 1404 σκύλλεσθαι
2881 1351 3007 1413 τοὺς
3038 1349 3397 1418 ἐπισκόπους,
3447 1351 3524 1415 ὡς
3553 1353 3779 1425 ἔτυχεν,

2192 1441 2393 1513 ὥρισεν
2434 1443 2467 1512 ἡ
2501 1443 2557 1495 ἐν
2601 1442 2834 1512 Ἀφρικῇ
2867 1442 3004 1513 αὕτη
3042 1442 3283 1505 σύνοδος,
3338 1445 3466 1506 τοὺς
3510 1444 3604 1497 ἐπί
3628 1463 3780 1499 τισιν

2192 1534 2395 1596 αἰτίαις
2422 1534 2573 1603 παρὰ
2596 1535 2706 1588 τῶν
2745 1535 2893 1589 ἰδίων
2915 1536 3234 1588 ἐπισκόπων
3262 1537 3776 1600 καταδικασθέντας

2194 1622 2512 1693 κληρικοὺς,
2539 1623 2636 1677 καὶ
2675 1625 2960 1692 οἰομένους
2990 1625 3319 1689 ἀδικεῖσθαι,
3356 1626 3431 1696 μὴ
3479 1627 3653 1697 πέραν
3682 1627 3789 1680 θαι

2193 1714 2402 1787 λάσσης
2449 1715 2588 1785 πρὸς
2623 1717 2714 1770 τὸν
2754 1716 2975 1787 Ῥώμης
3019 1719 3183 1788 τυχὸν
3218 1718 3524 1773 ἐπίσκοπον
3572 1718 3606 1789 ἢ
3646 1721 3783 1783 τοὺς

511 1806 579 1858 ad
612 1803 818 1857 vicinos
859 1805 1163 1873 episcopos,
1211 1811 1414 1857 etcum
1452 1801 1653 1871 proprii
1695 1802 1933 1870 episcopi
1966 1815 2091 1855 sen-

2213 1781 2416 1871 tctrzob;
2453 1781 2828 1875 ἐκκαλεῖσθαι,
2866 1781 3008 1862 αλλὰ
3045 1781 3180 1880 πρὶς
3208 1812 3334 1872 τοὺς
3366 1781 3614 1877 γείτονας
3653 1781 3782 1864 tm;

511 1897 678 1949 tentia
708 1909 828 1963 qua:
866 1897 1008 1949 inter
1045 1910 1138 1949 eos
1182 1903 1311 1949 sunt
1340 1894 1639 1949 examinari
1682 1902 1736 1948 et
1781 1894 1909 1947 dilui
1946 1910 1959 1946 :
2006 1896 2090 1948 sin

513 1986 693 2039 minus
720 1986 772 2039 in
807 1995 912 2039 tota
944 1984 1124 2040 Africa
1162 1986 1227 2040 ad
1258 1984 1698 2040 communionem
1743 1999 1851 2039 non
1892 1985 2091 2039 admito

512 2078 703 2131 teudos
731 2091 872 2131 esse.

1055 2261 1286 2318 CANON
1322 2261 1539 2318 XXXII.

519 2375 538 2408 ι
577 2358 838 2414 Similiter
869 2360 1072 2428 piacuit
1100 2363 1366 2415 universae
1397 2359 1628 2430 synodo,
1662 2366 1721 2412 ut
1749 2358 1839 2429 qui
1875 2366 2094 2430 propter

595 2470 612 2501 ι
656 2467 806 2504 suam
840 2442 1555 2505 socordiamcommunione
1593 2459 1771 2505 motus
1819 2462 1922 2516 est,
1980 2452 2095 2507 sive

593 2564 611 2598 ι
655 2545 940 2616 episeopus
972 2545 1085 2600 sive
1118 2544 1346 2613 quilibet
1380 2544 1613 2599 clericus
1637 2584 1652 2609 ,
1690 2544 1733 2599 si
1767 2545 1816 2598 in
1855 2554 2095 2613 tempore

594 2654 615 2688 ι
660 2651 771 2691 sua:
795 2634 1390 2700 cxcommnnicationis,
1425 2645 1712 2702 antequam
1736 2636 1951 2690 auditus
1975 2634 2093 2688 lue-

589 2749 609 2783 ι
653 2731 743 2793 rit,
786 2730 851 2784 ad
884 2730 1319 2783 communionem
1354 2744 1412 2783 se
1443 2731 1685 2799 ingerere
1718 2744 1882 2783 ausus
1910 2727 2092 2792 fuerit,

592 2844 611 2877 ι
653 2826 763 2893 ipse
785 2824 1042 2877 adversus
1069 2838 1128 2876 se
1157 2820 1625 2876 condetnnatiouis
1656 2820 1977 2875 sententiam
2007 2829 2092 2875 ιιι-

593 2937 610 2967 ι
656 2917 783 2970 lisse
806 2915 1098 2982 judicctur.
1129 2932 1150 2964 ι

588 3008 787 3063 BALS.
841 3006 918 3081 Ex
969 3008 1176 3061 decimo
1215 3017 1408 3076 quarto
1453 3019 1657 3087 copone
1687 3004 1875 3074 synodi
1909 3003 2095 3058 Sardi-

2196 1902 2455 1967 σκόπους,
2489 1902 2584 1955 καὶ
2619 1903 2761 1972 μετὰ
2789 1902 3018 1972 γνώμης
3052 1903 3148 1956 τοῦ
3192 1903 3326 1956 ἰδίου
3358 1904 3663 1957 ἐπισκὸπου
3705 1907 3783 1959 τὰ

2198 1993 2406 2061 μεταξὺ
2439 1995 2621 2048 αὐτῶν
2652 1995 2943 2066 τηρεῖσθαι
2973 1996 3068 2049 καὶ
3114 1995 3432 2049 διαλύεσθαι
3457 2010 3472 2027 ⁵
3504 1998 3553 2050 εἰ
3578 1998 3635 2051 δὲ
3675 1999 3779 2067 μὴ.

2193 2085 2602 2154 ἀπροσδέκτους
2662 2084 2808 2140 εἶναι
2875 2088 2958 2151 εἰς
3025 2086 3320 2141 κοινωνίαν
3387 2087 3445 2139 ἐν
3503 2089 3654 2159 πάσῃ
3709 2088 3805 2162 τῇ

2205 2176 2466 2248 ’Λφρικῖμ

2777 2274 3020 2327 ΚΑΝΩΝ
3050 2274 3175 2329 AB’.

2199 2382 2217 2414 ι
2259 2364 2491 2435 Ὁμοίως
2524 2365 2691 2436 ἠρεσε
2730 2367 2995 2439 συμπάσῃ
3023 2371 3090 2437 τῇ
3125 2367 3349 2438 συνόδῳ,
3380 2369 3468 2422 ἵνα
3494 2369 3522 2422 ὁ
3563 2368 3651 2432 διὰ
3680 2371 3787 2440 ῥα-

2273 2473 2292 2506 ι
2331 2455 2534 2525 θυμίαν
2565 2455 2729 2510 αὐτοῦ
2757 2458 2860 2511 ὑπὸ
2890 2460 3173 2521 κοινωνίας
3202 2460 3490 2530 γενόμενος
3521 2461 3632 2514 εἴτε
3659 2463 3787 2514 ἐπί-

2270 2564 2289 2597 ι
2335 2565 2559 2614 σκοπος,
2605 2549 2715 2603 εἴτε
2772 2550 3095 2619 οἱοσδήποτε
3122 2552 3405 2621 κληρικδς,
3461 2552 3556 2605 ἐὰν
3590 2554 3650 2606 ἐν
3706 2552 3791 2623 τῷ

2266 2659 2285 2692 ι
2321 2640 2501 2711 καιρῷ
2524 2642 2624 2711 τῆς
2673 2641 3075 2712 ἀκοινωνησίας
3121 2644 3310 2709 αὑτοῦ,
3340 2645 3447 2716 πρὸ
3477 2642 3572 2697 τοῦ
3612 2645 3789 2698 ἀκου-

2270 2748 2289 2782 r
2327 2731 2541 2801 σθῆναι,
2583 2735 2663 2797 εἰς
2696 2735 2987 2786 κοινωνίαν
3015 2735 3299 2805 τολμήσοι,
3324 2736 3487 2799 αὐτὸς
3509 2737 3631 2790 καθ’
3656 2738 3792 2791 ἐαυ-

2270 2841 2288 2873 ι
2326 2822 2419 2876 τοῦ
2482 2823 2581 2887 τῆς
2643 2824 2945 2895 καταδίκης
3004 2825 3103 2896 τὴν
3160 2825 3344 2896 ψῆφον
3396 2828 3783 2899 ἐξενηνοχέναι

2274 2933 2292 2965 ι
2332 2915 2520 2986 κριθῇ.
2565 2935 2583 2969 ι

2268 3008 2466 3064 ΒΔΛΣ.
2507 3010 2643 3062 Ἀπδ
2666 3009 2760 3065 τοῦ
2793 3010 2859 3065 ιδ’
2895 3012 3120 3075 κανόνος
3143 3016 3240 3083 τῆς
3272 3014 3330 3067 ἐν
3358 3014 3594 3087 Σαρδικῇ
3630 3017 3796 3069 συνό-

516 3104 717 3163 r-eusis,
745 3110 797 3155 et
827 3116 890 3153 ex
924 3099 1179 3168 praesenti
1214 3112 1425 3150 canone
1450 3096 1639 3149 dicunt
1672 3095 1863 3163 aliqui,
1893 3095 2092 3148 debere

2213 3101 2314 3164 50o,
2345 3102 2442 3153 καὶ
2473 3100 2584 3155 ἀπὸ
2646 3103 2741 3155 τοῦ
2797 3105 3065 3173 παρόντος
3096 3104 3323 3167 κανόνος
3381 3104 3607 3174 λέγουσί
3636 3123 3791 3171 τινες

516 3208 730 3259 omnes,
756 3190 847 3259 qui
873 3190 1358 3259 quoutodoeuuque
1393 3188 1459 3240 ab
1490 3188 1780 3255 cpiscOpis,
1803 3202 2093 3256 segregan-

518 3298 627 3348 tur,
680 3284 1108 3353 segregationem
1158 3280 1477 3333 obedienter
1527 3280 1827 3347 suscipere,
1872 3289 1922 3333 et
1972 3293 2092 3332 eam

515 3389 738 3431 scrvare
787 3376 962 3428 donec
999 3374 1277 3427 decretum
1326 3370 1491 3425 fuerit
1545 3386 1611 3423 an
1653 3380 1802 3424 recte
1844 3386 1912 3424 an
1956 3371 2097 3425 male

517 3466 718 3521 inﬂicta
773 3466 866 3519 sit.
918 3464 1061 3519 Dicit
1119 3460 1405 3518 enim'hic
1429 3477 1624 3527 (anon,
1684 3461 1944 3516 clericum
2003 3463 2093 3531 qui

517 3568 740 3627 propter
788 3556 1096 3610 socordiam
1143 3569 1236 3608 seu
1279 3564 1498 3623 peccata
1532 3551 1809 3620 depositus
1848 3561 1948 3616 est,
1987 3569 2095 3607 non

518 3662 677 3717 p0>88
707 3645 809 3700 sibi
834 3645 923 3712 jus
958 3646 1167 3712 dicere,
1199 3655 1253 3698 ct
1288 3646 1714 3712 scgregalioncm
1746 3654 2098 3698 cuntenmere

521 3748 649 3793 ante
682 3739 1144 3793 exatninationem
1182 3754 1196 3803 ;
1257 3737 1302 3791 si
1356 3748 1537 3790 autem
1572 3738 1671 3791 ltoc
1705 3736 1914 3800 fecerit,
1951 3753 2098 3789 con-

520 3832 853 3886 dcmnationi
909 3828 1125 3900 subjici.
1158 3833 1236 3883 Ac
1281 3827 1430 3882 multi
1463 3828 1680 3898 quidem
1726 3829 1827 3881 hoc
1855 3842 2097 3882 canones

519 3924 600 3977 sic
652 3924 947 3992 accipiunt.
1000 3922 1106 3976 Alii
1145 3931 1324 3977 autem
1374 3921 1718 3975 undecimum
1761 3928 1925 3989 caput
1968 3919 2097 3974 noni

523 4013 662 4067 tituli
713 4013 997 4082 praesentis
1035 4015 1220 4082 operis
1263 4013 1619 4082 reperientes,
1671 4011 1815 4080 quod
1865 4026 1930 4064 ex
1974 4012 2099 4079 qui-

522 4108 752 4161 husnam
779 4108 963 4161 causis
991 4108 1282 4175 episcopus
1316 4105 1403 4159 vel
1437 4104 1670 4159 clericus
1699 4103 1778 4157 vel
1810 4102 1980 4156 laicus
2015 4117 2100 4158 se-

523 4209 803 4266 gregatur,
869 4197 1155 4265 exposuit;
1209 4206 1265 4251 et
1314 4196 1583 4250 decimum
1637 4196 1883 4264 quintum
1939 4205 2103 4266 caput

524 4289 771 4358 ejusdem
808 4290 944 4342 tituli
973 4327 988 4354 ,
1022 4287 1165 4358 quod
1196 4289 1325 4343 dicit
1351 4304 1416 4342 ex
1461 4288 1789 4357 quibusnam
1819 4292 1998 4344 causis
2031 4295 2104 4344 si-

526 4381 633 4434 tuttl
685 4383 976 4451 deponitur
1026 4393 1079 4434 et
1122 4391 1478 4451 segregatur;
1524 4389 1576 4434 et
1608 4396 1728 4450 cap.
1764 4383 1828 4435 16
1860 4383 2100 4453 ejusdem

2198 3192 2437 3262 ὀφείλειν
2470 3193 2684 3258 πάντας
2722 3195 2848 3256 τοὺς
2900 3196 3260 3265 ὁπωσδήποτε
3306 3198 3460 3268 παρὰ
3514 3199 3626 3252 τῶν
3658 3199 3792 3252 ἐπι-

2199 3286 2417 3340 σκόπων
2444 3286 2876 3356 ἀφοριζομένους
2931 3287 3185 3357 δέχεσθαι
3213 3288 3489 3353 εὐπειθῶς
3535 3290 3627 3344 τὸν
3650 3292 3794 3356 ἀφοο

2202 3378 2419 3449 ρισμὸν,
2451 3378 2545 3433 καὶ
2579 3379 2872 3447 φυλάττειν
2904 3379 3089 3446 αὑτὸν,
3132 3380 3328 3450 μέχρις
3373 3380 3439 3434 ἂν
3480 3381 3792 3454 διαγνωσθῇ

2199 3473 2248 3524 εἰ
2278 3471 2386 3541 ἄρα
2414 3471 2595 3535 καλῶς
2613 3472 2726 3524 εἴτε
2761 3470 2948 3534 κακῶς
2984 3472 3280 3544 ἐπηνέχθη.
3308 3474 3448 3544 Φησὶ
3486 3473 3596 3544 γὰρ
3625 3466 3794 3536 οὗτος

2198 3566 2226 3617 ὁ
2256 3566 2435 3617 κανὼν
2458 3564 2549 3617 τὸν
2574 3564 2943 3634 ἀφορισθέντα
2967 3564 3233 3635 κληρικδν
3252 3564 3338 3617 διὰ
3363 3564 3639 3636 ρᾳθυμίαν
3661 3564 3793 3635 ἦτοι

2201 3657 2508 3727 ἁμάρτημα
2545 3656 2621 3724 μὴ
2664 3656 3053 3726 αὖτεκδίκητον
3087 3655 3335 3723 γίνεσθαι
3376 3656 3473 3709 καὶ
3505 3672 3795 3727 καταφρο-

2200 3749 2313 3801 νεῖν
2328 3748 2420 3801 τοῧ
2446 3747 2758 3820 ἀφορισμοῢ
2790 3749 2896 3818 πρὸ
2927 3747 3230 3813 ἐξετάσεως
3248 3766 3263 3780 ο
3296 3751 3343 3802 εἰ
3367 3750 3425 3803 δὲ
3447 3746 3606 3802 τοῦτο
3632 3750 3800 3818 ποιήι

2202 3856 2324 3906 σει,
2377 3840 2648 3912 καταδίκῃ
2696 3840 3240 3895 καθυποόἁλλεσθαι.
3293 3843 3404 3896 Καὶ
3457 3842 3649 3894 πολλοὶ
3688 3841 3797 3912 μὲν

2201 3933 2347 3987 οὕτω
2375 3933 2598 3997 τούτους
2626 3934 2765 3994 τοὺς
2798 3933 3032 3996 κανόνας
3082 3933 3521 4002 ὲκλαμὸάνονται
3543 3948 3559 3966 ο
3594 3932 3786 4002 ἕτεροι

2202 4029 2258 4082 δὲ
2280 4028 2628 4099 εὑρίσκοντες
2658 4028 2719 4081 τὸ
2749 4032 2817 4079 ια’
2845 4026 3042 4096 κεφάλ.
3080 4026 3173 4078 τοῦ
3208 4023 3250 4079 θ’
3286 4027 3469 4079 τίτλου
3514 4023 3609 4078 τοῦ
3643 4042 3799 4094 παρ‹

2202 4120 2354 4183 όντος
2377 4121 2779 4188 συντάγματος,
2836 4118 2996 4186 λέγον
3027 4120 3089 4171 ὲκ
3121 4118 3291 4172 ποίων
3311 4117 3504 4171 αἰτιῶν
3530 4116 3803 4185 ἀφορίζε⁹

2204 4227 2294 4263 ται
2326 4212 2628 4272 ἐπίσκοπος
2661 4209 2693 4280 ἢ
2728 4209 3014 4279 κληρικδς,
3046 4207 3078 4277 ἢ
3113 4208 3337 4271 λαῖκόςο
3369 4207 3465 4260 καὶ
3506 4207 3570 4260 τὸ
3599 4202 3662 4259 ιε’
3700 4223 3801 4259 κε-

2207 4302 2432 4371 φάλαιον
2458 4300 2550 4354 τοῦ
2584 4300 2751 4355 αὐτοῦ
2784 4300 2986 4364 τίτλου,
3017 4300 3175 4367 λέγον
3200 4303 3264 4353 ἐκ
3291 4301 3460 4354 ποίων
3480 4312 3565 4361 τις
3596 4299 3799 4352 αἰτιῶν

2208 4395 2269 4446 ὲν
2311 4393 2391 4464 τῷ
2423 4392 2572 4463 αὐτῷ
2603 4391 2928 4462 ἀφορίζεται
2967 4394 3062 4446 καὶ
3090 4393 3470 4463 καθαιρεῖταιο
3506 4390 3601 4444 καὶ⁵
3628 4389 3690 4442 τὸ
3718 4396 3800 4455 ις’

527 4473 612 4525 tit.
658 4477 799 4541 quod
834 4475 963 4528 dicit
1003 4488 1065 4528 ex
1099 4475 1422 4543 quibusnam
1454 4474 1637 4528 causis
1683 4476 1912 4531 clericus
1943 4476 2097 4547 555

2213 4486 2508 4554 κεφάλαιον
2539 4486 2634 4539 τοῦ
2663 4484 2829 4539 αὑτοῦ
2871 4484 3053 4539 τίτλου
3102 4485 3262 4552 λέγον
3305 4487 3369 4538 ἐκ
3400 4484 3570 4537 ποίων
3601 4484 3801 4536 αἰτιῶν

528 4566 609 4619 vel
644 4566 814 4620 laicus
835 4566 1345 4631 auathematizatur,
1378 4566 1567 4619 dicunt
1590 4567 1753 4634 quod,
1778 4567 1820 4621 si
1839 4582 1903 4621 ex
1924 4572 2104 4624 causis

525 4659 742 4722 quidem
779 4658 833 4711 in
873 4659 1033 4712 dictis
1065 4658 1339 4726 capitibus
1368 4657 1657 4713 declaratis
1687 4669 2005 4729 segregatus
2034 4661 2106 4715 sit

528 4756 595 4807 ab
611 4755 859 4822 episcopo
878 4752 1107 4808 clericus
1122 4753 1206 4806 vel
1226 4753 1414 4818 laicus,
1434 4752 1592 4807 debet
1614 4768 1834 4809 servare
1850 4769 2106 4824 segrega-

530 4845 755 4907 tiouem,
792 4844 1277 4914 quomodocunque
1299 4844 1504 4911 prolata
1535 4843 1626 4907 sit,
1641 4851 1696 4897 et
1712 4858 1828 4897 eam
1855 4857 2106 4897 noncon-

530 4948 796 5003 temnere,
813 4938 982 4992 donec
998 4938 1116 5008 ejus
1135 4952 1292 4989 causa
1316 4936 1476 4989 fuerit
1493 4935 1823 4990 exantiuata.
1841 4934 1898 4990 Si
1921 4947 2103 4990 autem

526 5038 746 5097 prepter
761 5027 994 5095 aliquam
1016 5026 1175 5081 aliam
1193 5041 1412 5080 causam
1433 5026 1715 5094 episcopus
1736 5026 2107 5081 inconsidera-

528 5135 580 5177 tc
610 5123 804 5178 laicutn
831 5121 912 5176 vel
935 5121 1191 5176 clericum
1223 5122 1560 5191 segregavit,
1602 5120 1742 5174 forte
1757 5120 1899 5188 quod
1916 5119 2108 5175 seditia

525 5229 658 5269 oues
677 5230 782 5268 non
797 5215 998 5269 excitat
1014 5225 1201 5267 contra
1219 5213 1496 5283 pr0prium
1513 5221 1845 5279 exactorem,
1862 5212 2107 5283 vel‘quod

527 5323 634 5361 non
679 5307 877 5375 iniqua:
923 5319 978 5363 et
1021 5309 1319 5363 temeraria:
1358 5307 1475 5377 ejus
1504 5305 1763 5360 voluntati
1788 5308 2106 5372 assentitur,

2211 4578 2469 4649 κληρικδς
2497 4579 2529 4647 ἢ
2564 4579 2749 4641 λαῖκδς
2777 4576 3242 4647 ἀναθεματίξεται
3266 4576 3521 4645 λέγουσιν
3552 4576 3657 4640 ὅτι,
3690 4578 3798 4629 ἐὰν

2213 4670 2312 4740 μὲν
2340 4669 2400 4734 ἐξ
2431 4671 2626 4724 αἰτιῶν
2667 4670 3017 4739 δηλουμένων
3048 4672 3110 4722 ἐν
3167 4671 3278 4732 τοῖς
3327 4667 3669 4737 διαληφθείσι
3706 4685 3805 4721 κε-

2211 4761 2463 4829 φαλαίοις
2484 4760 2754 4831 ἀφορισοῇ
2784 4761 2936 4832 παρὰ
2967 4762 3275 4813 ἐπισκόπου
3301 4759 3564 4829 κληρικδς
3613 4758 3646 4826 ἢ
3674 4757 3803 4810 λαῖο

2214 4851 2328 4915 κὸς,
2360 4851 2566 4920 ὀφείλει
2615 4852 2910 4921 φυλάττειν
2959 4852 3051 4905 τὸν
3087 4831 3430 4922 ἁφορισμδν,
3481 4850 3587 4904 κᾶν
3636 4849 3803 4911 ὅπως

2213 4943 2279 4997 ἃν
2306 4944 2398 4997 καὶ
2430 4944 2734 5015 ἁπηνεχθῇ,
2770 4943 2866 4997 καὶ
2896 4942 2972 5013 μὴ
2999 4944 3367 5012 καταφρονεῖν
3389 4941 3557 4994 αὑτοῦ
3591 4942 3801 5011 μέχρις

2214 5034 2281 5088 ἂν
2303 5035 2610 5106 δοκιμασθῇ
2639 5037 2671 5104 ἡ
2701 5034 2889 5089 τούτου
2920 5034 3073 5087 αἰτία
3096 5051 3109 5066 ·
3137 5036 3187 5087 εἰ
3212 5034 3267 5087 δὲ
3298 5034 3388 5087 διά
3414 5051 3465 5087 τι
3493 5034 3681 5104 ἕτερον
3706 5037 3803 5086 αῖς-

2213 5144 2328 5181 τιον
2357 5125 2642 5197 ἁμετὸχως
2688 5125 2861 5190 οὕτως
2909 5126 3145 5198 ἀφορίσῃ
3200 5125 3503 5189 ἐπίσκοπος
3533 5125 3724 5179 λαῖκὸν
3763 5128 3797 5197 ἢ

2215 5218 2498 5288 κληρικδν,
2520 5218 2683 5289 τυχὸν
2727 5219 2810 5272 ὅτι
2847 5219 2909 5272 οὐ
2945 5220 3230 5283 στασιάζει
3279 5219 3423 5274 κατὰ
3465 5217 3557 5272 τοῦ
3584 5220 3795 5272 οἰκείου

2217 5311 2550 5381 πράκτορος,
2581 5312 2664 5364 ὅτι
2711 5311 2771 5364 οὐ
2802 5310 3017 5365 δίδωσιν
3044 5310 3194 5380 αὐτῷ
3230 5310 3462 5381 πρᾶγμά
3484 5328 3535 5363 τι
3567 5312 3797 5378 οἰκεῖον,

1749 5446 1948 5509 (ἶυὶιί.
1988 5448 2320 5529 Beveregii
2360 5456 2553 5511 notae.

603 5575 717 5646 (2'5)
755 5575 1032 5629 Τοιοῦτον
1085 5575 1339 5630 δίκαιον.
1384 5572 1516 5628 Post
1561 5571 1917 5646 hachttltima
1979 5572 2101 5646 Zo-

534 5642 760 5698 nartc’iu
795 5647 934 5699 hunc
959 5661 1224 5699 cauonem
1250 5646 1413 5700 verba
1446 5646 1498 5698 itt
1529 5661 1630 5699 tus.
1686 5642 1915 5710 Augusd
1971 5643 2101 5696 Gai-

533 5716 677 5767 lztndi
709 5716 757 5767 ιι.
790 5716 851 5769 C.
880 5717 1066 5771 codice
1100 5716 1342 5778 additur,
1380 5714 1726 5784 Σημει’-ιτέον
1767 5713 1844 5784 δέ⁸
1875 5714 1957 5765 ὅτι
2013 5713 2105 5766 καὶ

532 5784 759 5855 δευτέρα
793 5786 1055 5856 ἐκκλητος
1079 5789 1190 5852 τοίς
1220 5780 1505 5858 κληρικὸίς
1537 5784 1757 5851 δίδοται,
1793 5780 2104 5838 Notandum

2206 5583 2280 5628 est
2316 5573 2679 5638 autem,quod
2718 5574 2880 5625 etiam
2931 5573 3162 5643 secunja
3207 5576 3510 5643 provocatio
3582 5575 3796 5629 clericis

2210 5646 2536 5699 conceditur.
2568 5644 2672 5697 Sed
2715 5638 3165 5710 ltmcmarginalis
3196 5638 3408 5700 tantum
3459 5654 3587 5699 uota
3643 5648 3797 5698 vitle-

2214 5726 2315 5796 tun
2344 5728 2514 5795 aquae
2544 5713 2774 5782 proinde
2808 5714 2860 5767 in
2887 5714 3076 5769 codice
3109 5716 3545 5771 Atncrbacltiauo
3587 5718 3795 5770 rectius

2209 5795 2504 5841 omittitur.
