  <div class='ocr_page' id='page_1' title='image "/cluster/home/n/w/nwhite01/storage/ocr_20150623/138:no.2/coo.31924054870435/077.png"; bbox 0 0 4034 6402; ppageno 0'>
   <div class='ocr_carea' id='block_1_1' title="bbox 485 298 585 361">
    <p class='ocr_par' dir='ltr' id='par_1_1' title="bbox 485 298 585 361">
     <span class='ocr_line' id='line_1_1' title="bbox 485 298 585 361; baseline 0 0"><span class='ocrx_word' id='word_1_1' title='bbox 485 298 585 361; x_wconf 70' lang='lat'><strong>1&#39;39</strong></span> 
     </span>
    </p>
   </div>
   <div class='ocr_carea' id='block_1_2' title="bbox 1736 292 2469 359">
    <p class='ocr_par' dir='ltr' id='par_1_2' title="bbox 1736 292 2469 359">
     <span class='ocr_line' id='line_1_2' title="bbox 1736 292 2469 359; baseline 0.005 -4"><span class='ocrx_word' id='word_1_2' title='bbox 1736 292 2016 355; x_wconf 84' lang='lat' dir='ltr'><strong>THEOD.</strong></span> <span class='ocrx_word' id='word_1_3' title='bbox 2060 293 2469 359; x_wconf 72' lang='lat' dir='ltr'><strong>BAI-SAMON</strong></span> 
     </span>
    </p>
   </div>
   <div class='ocr_carea' id='block_1_3' title="bbox 3634 294 3733 365">
    <p class='ocr_par' dir='ltr' id='par_1_3' title="bbox 3634 294 3733 365">
     <span class='ocr_line' id='line_1_3' title="bbox 3634 294 3733 365; baseline -0.02 0"><span class='ocrx_word' id='word_1_4' title='bbox 3634 294 3733 365; x_wconf 70' lang='grc'><strong>140</strong></span> 
     </span>
    </p>
   </div>
   <div class='ocr_carea' id='block_1_4' title="bbox 477 411 2042 486">
    <p class='ocr_par' dir='ltr' id='par_1_4' title="bbox 477 411 2042 483">
     <span class='ocr_line' id='line_1_4' title="bbox 477 411 2042 483; baseline -0.003 -14"><span class='ocrx_word' id='word_1_5' title='bbox 477 415 619 469; x_wconf 84' lang='lat' dir='ltr'><strong>enim</strong></span> <span class='ocrx_word' id='word_1_6' title='bbox 647 412 830 483; x_wconf 84' lang='lat' dir='ltr'><strong>procul</strong></span> <span class='ocrx_word' id='word_1_7' title='bbox 861 411 997 468; x_wconf 89' lang='lat' dir='ltr'><strong>situs</strong></span> <span class='ocrx_word' id='word_1_8' title='bbox 1021 413 1111 477; x_wconf 87' lang='lat' dir='ltr'><strong>sit,</strong></span> <span class='ocrx_word' id='word_1_9' title='bbox 1134 428 1241 468; x_wconf 89' lang='lat' dir='ltr'><strong>non</strong></span> <span class='ocrx_word' id='word_1_10' title='bbox 1261 422 1479 482; x_wconf 79' lang='lat' dir='ltr'><strong>cogetur</strong></span> <span class='ocrx_word' id='word_1_11' title='bbox 1496 412 1662 478; x_wconf 73' lang='lat' dir='ltr'><strong>iudex</strong></span> <span class='ocrx_word' id='word_1_12' title='bbox 1684 423 1776 467; x_wconf 89' lang='lat' dir='ltr'><strong>aut</strong></span> <span class='ocrx_word' id='word_1_13' title='bbox 1804 417 2042 468; x_wconf 79' lang='lat' dir='ltr'><strong>adversa-</strong></span> 
     </span>
    </p>
   </div>
   <div class='ocr_carea' id='block_1_5' title="bbox 2145 411 3732 486">
    <p class='ocr_par' dir='ltr' id='par_1_5' title="bbox 2169 411 3732 486">
     <span class='ocr_line' id='line_1_5' title="bbox 2169 411 3732 486; baseline -0.001 -19"><span class='ocrx_word' id='word_1_14' title='bbox 2169 413 2399 482; x_wconf 74' lang='grc' dir='ltr'>ἔγγιστα</span> <span class='ocrx_word' id='word_1_15' title='bbox 2428 416 2772 486; x_wconf 79' lang='grc' dir='ltr'><strong>διακείμενον</strong></span> <span class='ocrx_word' id='word_1_16' title='bbox 2802 415 2987 480; x_wconf 73' lang='grc' dir='ltr'>τόπον,</span> <span class='ocrx_word' id='word_1_17' title='bbox 3025 413 3201 485; x_wconf 45' lang='grc' dir='ltr'>είλγὰρ</span> <span class='ocrx_word' id='word_1_18' title='bbox 3229 411 3420 485; x_wconf 71' lang='grc' dir='ltr'>πόρρω</span> <span class='ocrx_word' id='word_1_19' title='bbox 3445 413 3732 475; x_wconf 80' lang='grc' dir='ltr'>διάκειται,</span> 
     </span>
    </p>
   </div>
   <div class='ocr_carea' id='block_1_6' title="bbox 405 501 2057 575">
    <p class='ocr_par' dir='ltr' id='par_1_6' title="bbox 405 501 2057 575">
     <span class='ocr_line' id='line_1_6' title="bbox 405 501 2057 575; baseline -0.001 -16"><span class='ocrx_word' id='word_1_20' title='bbox 405 542 411 549; x_wconf 87' lang='grc'><strong>-</strong></span> <span class='ocrx_word' id='word_1_21' title='bbox 480 508 592 560; x_wconf 84' lang='lat' dir='ltr'><strong>rius</strong></span> <span class='ocrx_word' id='word_1_22' title='bbox 617 501 757 561; x_wconf 84' lang='lat' dir='ltr'><strong>b&#39;auc</strong></span> <span class='ocrx_word' id='word_1_23' title='bbox 786 504 1102 560; x_wconf 88' lang='lat' dir='ltr'><strong>electionem</strong></span> <span class='ocrx_word' id='word_1_24' title='bbox 1136 507 1307 575; x_wconf 83' lang='lat' dir='ltr'><strong>sequi.</strong></span> <span class='ocrx_word' id='word_1_25' title='bbox 1331 504 1591 560; x_wconf 78' lang='lat' dir='ltr'><strong>Existimo</strong></span> <span class='ocrx_word' id='word_1_26' title='bbox 1630 514 1807 559; x_wconf 88' lang='lat' dir='ltr'><strong>autem</strong></span> <span class='ocrx_word' id='word_1_27' title='bbox 1833 504 1944 559; x_wconf 73' lang='lat' dir='ltr'><strong>lucc</strong></span> <span class='ocrx_word' id='word_1_28' title='bbox 1978 505 2057 557; x_wconf 85' lang='lat' dir='ltr'><strong>lo-</strong></span> 
     </span>
    </p>
   </div>
   <div class='ocr_carea' id='block_1_7' title="bbox 475 595 2051 666">
    <p class='ocr_par' dir='ltr' id='par_1_7' title="bbox 475 595 2051 666">
     <span class='ocr_line' id='line_1_7' title="bbox 475 595 2051 666; baseline -0.002 -15"><span class='ocrx_word' id='word_1_29' title='bbox 475 612 599 651; x_wconf 84' lang='lat' dir='ltr'><strong>cum</strong></span> <span class='ocrx_word' id='word_1_30' title='bbox 624 611 733 649; x_wconf 86' lang='lat' dir='ltr'><strong>non</strong></span> <span class='ocrx_word' id='word_1_31' title='bbox 755 595 953 652; x_wconf 79' lang='lat' dir='ltr'><strong>habere</strong></span> <span class='ocrx_word' id='word_1_32' title='bbox 970 598 1022 650; x_wconf 90' lang='lat' dir='ltr'><strong>in</strong></span> <span class='ocrx_word' id='word_1_33' title='bbox 1044 595 1734 665; x_wconf 80' lang='lat' dir='ltr'><strong>patriarcbalibusjudiciis;</strong></span> <span class='ocrx_word' id='word_1_34' title='bbox 1752 595 2051 666; x_wconf 79' lang='lat' dir='ltr'><strong>556quia</strong></span> 
     </span>
    </p>
   </div>
   <div class='ocr_carea' id='block_1_8' title="bbox 478 686 2052 755">
    <p class='ocr_par' dir='ltr' id='par_1_8' title="bbox 478 686 2052 755">
     <span class='ocr_line' id='line_1_8' title="bbox 478 686 2052 755; baseline 0 -16"><span class='ocrx_word' id='word_1_35' title='bbox 478 700 637 741; x_wconf 87' lang='lat' dir='ltr'><strong>nemo</strong></span> <span class='ocrx_word' id='word_1_36' title='bbox 679 696 857 755; x_wconf 88' lang='lat' dir='ltr'><strong>potest</strong></span> <span class='ocrx_word' id='word_1_37' title='bbox 887 696 1086 740; x_wconf 87' lang='lat' dir='ltr'><strong>metum</strong></span> <span class='ocrx_word' id='word_1_38' title='bbox 1116 686 1369 755; x_wconf 87' lang='lat' dir='ltr'><strong>causari,</strong></span> <span class='ocrx_word' id='word_1_39' title='bbox 1397 688 1488 741; x_wconf 89' lang='lat' dir='ltr'><strong>ubi</strong></span> <span class='ocrx_word' id='word_1_40' title='bbox 1526 686 1903 755; x_wconf 81' lang='lat' dir='ltr'><strong>patriarcbalis</strong></span> <span class='ocrx_word' id='word_1_41' title='bbox 1931 703 2015 739; x_wconf 84' lang='lat' dir='ltr'><strong>ma</strong></span> <span class='ocrx_word' id='word_1_42' title='bbox 2042 717 2052 725; x_wconf 91' lang='lat'><strong>-</strong></span> 
     </span>
    </p>
   </div>
   <div class='ocr_carea' id='block_1_9' title="bbox 475 778 2047 847">
    <p class='ocr_par' dir='ltr' id='par_1_9' title="bbox 475 778 2047 847">
     <span class='ocr_line' id='line_1_9' title="bbox 475 778 2047 847; baseline 0.003 -19"><span class='ocrx_word' id='word_1_43' title='bbox 475 778 778 847; x_wconf 76' lang='lat' dir='ltr'><strong>gnitudinis</strong></span> <span class='ocrx_word' id='word_1_44' title='bbox 807 787 1046 844; x_wconf 85' lang='lat' dir='ltr'><strong>potestas</strong></span> <span class='ocrx_word' id='word_1_45' title='bbox 1089 793 1306 832; x_wconf 90' lang='lat' dir='ltr'><strong>omnem</strong></span> <span class='ocrx_word' id='word_1_46' title='bbox 1334 787 1554 846; x_wconf 88' lang='lat' dir='ltr'><strong>superat</strong></span> <span class='ocrx_word' id='word_1_47' title='bbox 1578 779 1871 846; x_wconf 81' lang='lat' dir='ltr'><strong>potentiam</strong></span> <span class='ocrx_word' id='word_1_48' title='bbox 1906 793 1919 829; x_wconf 93' lang='lat'>:</span> <span class='ocrx_word' id='word_1_49' title='bbox 1954 778 2047 832; x_wconf 89' lang='lat' dir='ltr'><strong>sed</strong></span> 
     </span>
    </p>
   </div>
   <div class='ocr_carea' id='block_1_10' title="bbox 479 868 2054 940">
    <p class='ocr_par' dir='ltr' id='par_1_10' title="bbox 479 868 2054 940">
     <span class='ocr_line' id='line_1_10' title="bbox 479 868 2054 940; baseline 0.002 -19"><span class='ocrx_word' id='word_1_50' title='bbox 479 872 546 922; x_wconf 88' lang='lat' dir='ltr'><strong>de</strong></span> <span class='ocrx_word' id='word_1_51' title='bbox 572 868 971 937; x_wconf 79' lang='lat' dir='ltr'><strong>episcopalibus</strong></span> <span class='ocrx_word' id='word_1_52' title='bbox 1005 868 1355 925; x_wconf 83' lang='lat' dir='ltr'><strong>inferioribus</strong></span> <span class='ocrx_word' id='word_1_53' title='bbox 1373 868 1596 940; x_wconf 88' lang='lat' dir='ltr'><strong>judiciis</strong></span> <span class='ocrx_word' id='word_1_54' title='bbox 1619 869 1733 925; x_wconf 66' lang='lat' dir='ltr'><strong>lucc</strong></span> <span class='ocrx_word' id='word_1_55' title='bbox 1756 877 1882 931; x_wconf 82' lang='lat' dir='ltr'><strong>sunt</strong></span> <span class='ocrx_word' id='word_1_56' title='bbox 1903 870 2054 926; x_wconf 85' lang='lat' dir='ltr'><strong>acci-</strong></span> 
     </span>
    </p>
   </div>
   <div class='ocr_carea' id='block_1_11' title="bbox 479 960 2046 1033">
    <p class='ocr_par' dir='ltr' id='par_1_11' title="bbox 479 960 2046 1033">
     <span class='ocr_line' id='line_1_11' title="bbox 479 960 2046 1033; baseline 0.003 -21"><span class='ocrx_word' id='word_1_57' title='bbox 479 962 700 1030; x_wconf 86' lang='lat' dir='ltr'><strong>pienda,</strong></span> <span class='ocrx_word' id='word_1_58' title='bbox 760 960 849 1015; x_wconf 93' lang='lat' dir='ltr'><strong>ubi</strong></span> <span class='ocrx_word' id='word_1_59' title='bbox 887 969 937 1017; x_wconf 89' lang='lat' dir='ltr'><strong>et</strong></span> <span class='ocrx_word' id='word_1_60' title='bbox 987 961 1188 1032; x_wconf 80' lang='lat' dir='ltr'><strong>judicis</strong></span> <span class='ocrx_word' id='word_1_61' title='bbox 1218 973 1272 1018; x_wconf 89' lang='lat' dir='ltr'><strong>et</strong></span> <span class='ocrx_word' id='word_1_62' title='bbox 1300 963 1630 1033; x_wconf 77' lang='lat' dir='ltr'><strong>litigatorum</strong></span> <span class='ocrx_word' id='word_1_63' title='bbox 1665 961 1845 1018; x_wconf 77' lang='lat' dir='ltr'><strong>facilis</strong></span> <span class='ocrx_word' id='word_1_64' title='bbox 1897 972 1979 1019; x_wconf 86' lang='lat' dir='ltr'><strong>est</strong></span> <span class='ocrx_word' id='word_1_65' title='bbox 2016 978 2046 1017; x_wconf 88' lang='lat' dir='ltr'><strong>a</strong></span> 
     </span>
    </p>
   </div>
   <div class='ocr_carea' id='block_1_12' title="bbox 490 1052 1234 1112">
    <p class='ocr_par' dir='ltr' id='par_1_12' title="bbox 490 1052 1234 1112">
     <span class='ocr_line' id='line_1_12' title="bbox 490 1052 1234 1112; baseline 0.009 -7"><span class='ocrx_word' id='word_1_66' title='bbox 490 1052 610 1109; x_wconf 88' lang='lat' dir='ltr'><strong>loco</strong></span> <span class='ocrx_word' id='word_1_67' title='bbox 645 1052 698 1109; x_wconf 90' lang='lat' dir='ltr'><strong>in</strong></span> <span class='ocrx_word' id='word_1_68' title='bbox 725 1054 902 1109; x_wconf 91' lang='lat' dir='ltr'><strong>locum</strong></span> <span class='ocrx_word' id='word_1_69' title='bbox 932 1055 1234 1112; x_wconf 81' lang='lat' dir='ltr'><strong>translatio.</strong></span> 
     </span>
    </p>
   </div>
   <div class='ocr_carea' id='block_1_13' title="bbox 546 1324 2052 1398">
    <p class='ocr_par' dir='ltr' id='par_1_13' title="bbox 546 1324 2052 1398">
     <span class='ocr_line' id='line_1_13' title="bbox 546 1324 2052 1398; baseline 0.003 -18"><span class='ocrx_word' id='word_1_70' title='bbox 546 1324 803 1382; x_wconf 81' lang='lat' dir='ltr'><strong>ZONAR.</strong></span> <span class='ocrx_word' id='word_1_71' title='bbox 834 1326 889 1382; x_wconf 90' lang='lat' dir='ltr'><strong>Si</strong></span> <span class='ocrx_word' id='word_1_72' title='bbox 921 1342 1064 1398; x_wconf 70' lang='lat' dir='ltr'><strong>quire,</strong></span> <span class='ocrx_word' id='word_1_73' title='bbox 1100 1328 1297 1398; x_wconf 79' lang='lat' dir='ltr'><strong>inquit,</strong></span> <span class='ocrx_word' id='word_1_74' title='bbox 1340 1331 1569 1385; x_wconf 76' lang='lat' dir='ltr'><strong>exsistat</strong></span> <span class='ocrx_word' id='word_1_75' title='bbox 1602 1329 1743 1384; x_wconf 82' lang='lat' dir='ltr'><strong>inter</strong></span> <span class='ocrx_word' id='word_1_76' title='bbox 1774 1329 1912 1385; x_wconf 88' lang='lat' dir='ltr'><strong>duos</strong></span> <span class='ocrx_word' id='word_1_77' title='bbox 1940 1329 2052 1386; x_wconf 87' lang='lat' dir='ltr'><strong>cle-‘</strong></span> 
     </span>
    </p>
   </div>
   <div class='ocr_carea' id='block_1_14' title="bbox 476 1414 2051 1490">
    <p class='ocr_par' dir='ltr' id='par_1_14' title="bbox 476 1414 2051 1490">
     <span class='ocr_line' id='line_1_14' title="bbox 476 1414 2051 1490; baseline 0.005 -23"><span class='ocrx_word' id='word_1_78' title='bbox 476 1414 618 1469; x_wconf 88' lang='lat' dir='ltr'><strong>ricos</strong></span> <span class='ocrx_word' id='word_1_79' title='bbox 672 1417 1066 1482; x_wconf 85' lang='lat' dir='ltr'><strong>controversia,</strong></span> <span class='ocrx_word' id='word_1_80' title='bbox 1113 1433 1415 1487; x_wconf 87' lang='lat' dir='ltr'><strong>eorumque</strong></span> <span class='ocrx_word' id='word_1_81' title='bbox 1465 1419 1622 1485; x_wconf 85' lang='lat' dir='ltr'><strong>alter,</strong></span> <span class='ocrx_word' id='word_1_82' title='bbox 1682 1434 1791 1490; x_wconf 91' lang='lat' dir='ltr'><strong>quo</strong></span> <span class='ocrx_word' id='word_1_83' title='bbox 1848 1421 1900 1473; x_wconf 89' lang='lat' dir='ltr'><strong>in</strong></span> <span class='ocrx_word' id='word_1_84' title='bbox 1932 1419 2051 1475; x_wconf 88' lang='lat' dir='ltr'><strong>loco</strong></span> 
     </span>
    </p>
   </div>
   <div class='ocr_carea' id='block_1_15' title="bbox 477 1507 2050 1582">
    <p class='ocr_par' dir='ltr' id='par_1_15' title="bbox 477 1507 2050 1582">
     <span class='ocr_line' id='line_1_15' title="bbox 477 1507 2050 1582; baseline 0.004 -22"><span class='ocrx_word' id='word_1_85' title='bbox 477 1507 718 1562; x_wconf 80' lang='lat' dir='ltr'><strong>tribunal</strong></span> <span class='ocrx_word' id='word_1_86' title='bbox 760 1507 1009 1577; x_wconf 82' lang='lat' dir='ltr'><strong>erigitur,</strong></span> <span class='ocrx_word' id='word_1_87' title='bbox 1051 1510 1156 1563; x_wconf 85' lang='lat' dir='ltr'><strong>vim</strong></span> <span class='ocrx_word' id='word_1_88' title='bbox 1219 1511 1594 1579; x_wconf 84' lang='lat' dir='ltr'><strong>pertimescat,</strong></span> <span class='ocrx_word' id='word_1_89' title='bbox 1630 1513 1788 1582; x_wconf 88' lang='lat' dir='ltr'><strong>quasi</strong></span> <span class='ocrx_word' id='word_1_90' title='bbox 1839 1512 2050 1569; x_wconf 77' lang='lat' dir='ltr'><strong>scilicet</strong></span> 
     </span>
    </p>
   </div>
   <div class='ocr_carea' id='block_1_16' title="bbox 474 1598 2051 1673">
    <p class='ocr_par' dir='ltr' id='par_1_16' title="bbox 474 1598 2051 1673">
     <span class='ocr_line' id='line_1_16' title="bbox 474 1598 2051 1673; baseline 0.003 -22"><span class='ocrx_word' id='word_1_91' title='bbox 474 1598 704 1667; x_wconf 87' lang='lat' dir='ltr'><strong>populus</strong></span> <span class='ocrx_word' id='word_1_92' title='bbox 732 1613 1003 1670; x_wconf 87' lang='lat' dir='ltr'><strong>propenso</strong></span> <span class='ocrx_word' id='word_1_93' title='bbox 1043 1601 1097 1653; x_wconf 89' lang='lat' dir='ltr'><strong>in</strong></span> <span class='ocrx_word' id='word_1_94' title='bbox 1148 1600 1520 1655; x_wconf 85' lang='lat' dir='ltr'><strong>adversarium</strong></span> <span class='ocrx_word' id='word_1_95' title='bbox 1568 1602 1686 1673; x_wconf 84' lang='lat' dir='ltr'><strong>ejus</strong></span> <span class='ocrx_word' id='word_1_96' title='bbox 1715 1602 1896 1659; x_wconf 87' lang='lat' dir='ltr'><strong>animo</strong></span> <span class='ocrx_word' id='word_1_97' title='bbox 1942 1602 2051 1656; x_wconf 76' lang='lat' dir='ltr'><strong>im-</strong></span> 
     </span>
    </p>
   </div>
   <div class='ocr_carea' id='block_1_17' title="bbox 475 1689 2050 1757">
    <p class='ocr_par' dir='ltr' id='par_1_17' title="bbox 475 1689 2050 1757">
     <span class='ocr_line' id='line_1_17' title="bbox 475 1689 2050 1757; baseline 0.004 -15"><span class='ocrx_word' id='word_1_98' title='bbox 475 1697 658 1757; x_wconf 85' lang='lat' dir='ltr'><strong>petum</strong></span> <span class='ocrx_word' id='word_1_99' title='bbox 696 1689 839 1744; x_wconf 91' lang='lat' dir='ltr'><strong>forte</strong></span> <span class='ocrx_word' id='word_1_100' title='bbox 887 1690 939 1745; x_wconf 91' lang='lat' dir='ltr'><strong>in</strong></span> <span class='ocrx_word' id='word_1_101' title='bbox 990 1690 1139 1745; x_wconf 90' lang='lat' dir='ltr'><strong>illum</strong></span> <span class='ocrx_word' id='word_1_102' title='bbox 1175 1689 1415 1746; x_wconf 89' lang='lat' dir='ltr'><strong>facturus</strong></span> <span class='ocrx_word' id='word_1_103' title='bbox 1469 1692 1561 1756; x_wconf 89' lang='lat' dir='ltr'><strong>sit,</strong></span> <span class='ocrx_word' id='word_1_104' title='bbox 1596 1693 1680 1749; x_wconf 87' lang='lat' dir='ltr'><strong>vel</strong></span> <span class='ocrx_word' id='word_1_105' title='bbox 1723 1694 1954 1749; x_wconf 76' lang='lat' dir='ltr'><strong>testibus</strong></span> <span class='ocrx_word' id='word_1_106' title='bbox 1981 1695 2050 1749; x_wconf 85' lang='lat' dir='ltr'><strong>ab</strong></span> 
     </span>
    </p>
   </div>
   <div class='ocr_carea' id='block_1_18' title="bbox 2162 505 3739 581">
    <p class='ocr_par' dir='ltr' id='par_1_18' title="bbox 2162 505 3739 581">
     <span class='ocr_line' id='line_1_18' title="bbox 2162 505 3739 581; baseline -0.003 -20"><span class='ocrx_word' id='word_1_107' title='bbox 2162 509 2263 563; x_wconf 75' lang='grc' dir='ltr'>οὐκ</span> <span class='ocrx_word' id='word_1_108' title='bbox 2301 510 2783 581; x_wconf 72' lang='grc' dir='ltr'><strong>ἀναγκασθήσεται</strong></span> <span class='ocrx_word' id='word_1_109' title='bbox 2819 513 2846 563; x_wconf 85' lang='lat'><strong>6</strong></span> <span class='ocrx_word' id='word_1_110' title='bbox 2879 509 3142 578; x_wconf 78' lang='grc' dir='ltr'>δικαστὴς</span> <span class='ocrx_word' id='word_1_111' title='bbox 3172 510 3205 577; x_wconf 82' lang='grc' dir='ltr'>ἢ</span> <span class='ocrx_word' id='word_1_112' title='bbox 3243 509 3270 560; x_wconf 93' lang='lat'><strong>6</strong></span> <span class='ocrx_word' id='word_1_113' title='bbox 3299 506 3575 568; x_wconf 79' lang='grc' dir='ltr'><strong>ἀντίδικος</strong></span> <span class='ocrx_word' id='word_1_114' title='bbox 3608 505 3739 565; x_wconf 71' lang='grc' dir='ltr'>ἀκοι</span> 
     </span>
    </p>
   </div>
   <div class='ocr_carea' id='block_1_19' title="bbox 2161 595 3739 673">
    <p class='ocr_par' dir='ltr' id='par_1_19' title="bbox 2161 595 3739 673">
     <span class='ocr_line' id='line_1_19' title="bbox 2161 595 3739 673; baseline -0.004 -21"><span class='ocrx_word' id='word_1_115' title='bbox 2161 600 2422 670; x_wconf 53' lang='grc' dir='ltr'>Μυθῆσαι</span> <span class='ocrx_word' id='word_1_116' title='bbox 2453 604 2518 673; x_wconf 78' lang='grc' dir='ltr'>τῇ</span> <span class='ocrx_word' id='word_1_117' title='bbox 2551 603 2776 672; x_wconf 78' lang='grc' dir='ltr'>ἐπιλογῇ</span> <span class='ocrx_word' id='word_1_118' title='bbox 2807 602 3000 671; x_wconf 80' lang='grc' dir='ltr'>ταύτῃ.</span> <span class='ocrx_word' id='word_1_119' title='bbox 3031 597 3201 671; x_wconf 78' lang='grc' dir='ltr'>Οἶμαι</span> <span class='ocrx_word' id='word_1_120' title='bbox 3235 599 3291 652; x_wconf 76' lang='grc' dir='ltr'>δὲ</span> <span class='ocrx_word' id='word_1_121' title='bbox 3322 599 3405 652; x_wconf 81' lang='grc' dir='ltr'>ὅτι</span> <span class='ocrx_word' id='word_1_122' title='bbox 3432 597 3606 651; x_wconf 71' lang='grc' dir='ltr'>ταῦτα</span> <span class='ocrx_word' id='word_1_123' title='bbox 3632 595 3739 665; x_wconf 66' lang='lat' dir='ltr'><strong>xiii--</strong></span> 
     </span>
    </p>
   </div>
   <div class='ocr_carea' id='block_1_20' title="bbox 2162 690 3738 762">
    <p class='ocr_par' dir='ltr' id='par_1_20' title="bbox 2162 690 3738 762">
     <span class='ocr_line' id='line_1_20' title="bbox 2162 690 3738 762; baseline -0.001 -19"><span class='ocrx_word' id='word_1_124' title='bbox 2162 703 2265 760; x_wconf 84' lang='grc' dir='ltr'><strong>ραν</strong></span> <span class='ocrx_word' id='word_1_125' title='bbox 2291 692 2393 745; x_wconf 77' lang='grc' dir='ltr'>οὐκ</span> <span class='ocrx_word' id='word_1_126' title='bbox 2424 692 2639 762; x_wconf 75' lang='grc' dir='ltr'>ἔχουσιν</span> <span class='ocrx_word' id='word_1_127' title='bbox 2668 696 2747 756; x_wconf 84' lang='grc' dir='ltr'><strong>εἰς</strong></span> <span class='ocrx_word' id='word_1_128' title='bbox 2772 695 2837 747; x_wconf 79' lang='grc' dir='ltr'>τὰ</span> <span class='ocrx_word' id='word_1_129' title='bbox 2863 692 3235 762; x_wconf 68' lang='grc' dir='ltr'>πατρεαρχιιὰ</span> <span class='ocrx_word' id='word_1_130' title='bbox 3256 691 3589 760; x_wconf 80' lang='grc' dir='ltr'>δικαστήρια</span> <span class='ocrx_word' id='word_1_131' title='bbox 3614 707 3628 720; x_wconf 93' lang='grc'><strong>·</strong></span> <span class='ocrx_word' id='word_1_132' title='bbox 3654 690 3738 743; x_wconf 80' lang='grc' dir='ltr'>ὃτι</span> 
     </span>
    </p>
   </div>
   <div class='ocr_carea' id='block_1_21' title="bbox 2154 781 3737 856">
    <p class='ocr_par' dir='ltr' id='par_1_21' title="bbox 2154 781 3737 856">
     <span class='ocr_line' id='line_1_21' title="bbox 2154 781 3737 856; baseline -0.001 -21"><span class='ocrx_word' id='word_1_133' title='bbox 2154 783 2329 847; x_wconf 71' lang='grc' dir='ltr'>οὐδεὶς</span> <span class='ocrx_word' id='word_1_134' title='bbox 2381 784 2608 839; x_wconf 79' lang='grc' dir='ltr'>δύναται</span> <span class='ocrx_word' id='word_1_135' title='bbox 2649 786 2812 855; x_wconf 72' lang='grc' dir='ltr'>φόϐον</span> <span class='ocrx_word' id='word_1_136' title='bbox 2839 784 3214 856; x_wconf 69' lang='grc' dir='ltr'>προϐαλέσθαι</span> <span class='ocrx_word' id='word_1_137' title='bbox 3251 783 3382 837; x_wconf 75' lang='grc' dir='ltr'>ἔνθα</span> <span class='ocrx_word' id='word_1_138' title='bbox 3430 785 3463 854; x_wconf 81' lang='grc' dir='ltr'>ὴ</span> <span class='ocrx_word' id='word_1_139' title='bbox 3514 781 3737 849; x_wconf 72' lang='grc' dir='ltr'>ἐξουσία</span> 
     </span>
    </p>
   </div>
   <div class='ocr_carea' id='block_1_22' title="bbox 2157 874 3734 949">
    <p class='ocr_par' dir='ltr' id='par_1_22' title="bbox 2157 874 3734 949">
     <span class='ocr_line' id='line_1_22' title="bbox 2157 874 3734 949; baseline 0 -22"><span class='ocrx_word' id='word_1_140' title='bbox 2157 874 2260 943; x_wconf 82' lang='grc' dir='ltr'>τῆς</span> <span class='ocrx_word' id='word_1_141' title='bbox 2287 878 2704 948; x_wconf 76' lang='grc' dir='ltr'>πατριειρχικῆς</span> <span class='ocrx_word' id='word_1_142' title='bbox 2739 878 3162 949; x_wconf 73' lang='grc' dir='ltr'><strong>μεγαλειότητος</strong></span> <span class='ocrx_word' id='word_1_143' title='bbox 3193 877 3520 947; x_wconf 73' lang='grc' dir='ltr'>ὑπερϐαίνει</span> <span class='ocrx_word' id='word_1_144' title='bbox 3547 876 3734 930; x_wconf 76' lang='grc' dir='ltr'>πᾶσαν</span> 
     </span>
    </p>
   </div>
   <div class='ocr_carea' id='block_1_23' title="bbox 2151 965 3736 1039">
    <p class='ocr_par' dir='ltr' id='par_1_23' title="bbox 2151 965 3736 1039">
     <span class='ocr_line' id='line_1_23' title="bbox 2151 965 3736 1039; baseline 0.003 -21"><span class='ocrx_word' id='word_1_145' title='bbox 2151 965 2471 1023; x_wconf 80' lang='grc' dir='ltr'><strong>δυναστείαν</strong></span> <span class='ocrx_word' id='word_1_146' title='bbox 2496 987 2511 1000; x_wconf 83' lang='grc'><em>’</em></span> <span class='ocrx_word' id='word_1_147' title='bbox 2541 970 2654 1024; x_wconf 82' lang='grc' dir='ltr'>ἀλλ’</span> <span class='ocrx_word' id='word_1_148' title='bbox 2689 973 2768 1037; x_wconf 83' lang='grc' dir='ltr'><strong>είς</strong></span> <span class='ocrx_word' id='word_1_149' title='bbox 2802 971 3136 1025; x_wconf 70' lang='grc' dir='ltr'>ἐπισκοπικὰ</span> <span class='ocrx_word' id='word_1_150' title='bbox 3166 970 3355 1039; x_wconf 70' lang='grc' dir='ltr'>εὐτελῆ</span> <span class='ocrx_word' id='word_1_151' title='bbox 3406 969 3736 1039; x_wconf 81' lang='grc' dir='ltr'>δικαστήρια</span> 
     </span>
    </p>
   </div>
   <div class='ocr_carea' id='block_1_24' title="bbox 2154 1058 3734 1135">
    <p class='ocr_par' dir='ltr' id='par_1_24' title="bbox 2154 1058 3734 1135">
     <span class='ocr_line' id='line_1_24' title="bbox 2154 1058 3734 1135; baseline 0.004 -25"><span class='ocrx_word' id='word_1_152' title='bbox 2154 1058 2224 1111; x_wconf 77' lang='grc' dir='ltr'><strong>τὰ</strong></span> <span class='ocrx_word' id='word_1_153' title='bbox 2257 1058 2352 1115; x_wconf 77' lang='grc' dir='ltr'>τοῦ</span> <span class='ocrx_word' id='word_1_154' title='bbox 2384 1062 2606 1128; x_wconf 86' lang='grc' dir='ltr'>κανόνος</span> <span class='ocrx_word' id='word_1_155' title='bbox 2649 1064 3071 1135; x_wconf 79' lang='grc' dir='ltr'>ὲκληφθήσεται,</span> <span class='ocrx_word' id='word_1_156' title='bbox 3103 1064 3237 1117; x_wconf 80' lang='grc' dir='ltr'>ὅπου</span> <span class='ocrx_word' id='word_1_157' title='bbox 3267 1065 3362 1119; x_wconf 75' lang='grc' dir='ltr'>καὶ</span> <span class='ocrx_word' id='word_1_158' title='bbox 3388 1066 3422 1135; x_wconf 76' lang='grc' dir='ltr'>ἡ</span> <span class='ocrx_word' id='word_1_159' title='bbox 3457 1062 3550 1117; x_wconf 84' lang='grc' dir='ltr'>τοῦ</span> <span class='ocrx_word' id='word_1_160' title='bbox 3573 1063 3734 1116; x_wconf 77' lang='grc' dir='ltr'>δικα·</span> 
     </span>
    </p>
   </div>
   <div class='ocr_carea' id='block_1_25' title="bbox 2159 1151 3739 1225">
    <p class='ocr_par' dir='ltr' id='par_1_25' title="bbox 2159 1151 3739 1225">
     <span class='ocr_line' id='line_1_25' title="bbox 2159 1151 3739 1225; baseline 0.003 -23"><span class='ocrx_word' id='word_1_161' title='bbox 2159 1151 2285 1204; x_wconf 76' lang='grc' dir='ltr'>στοῢ</span> <span class='ocrx_word' id='word_1_162' title='bbox 2313 1154 2409 1207; x_wconf 80' lang='grc' dir='ltr'>καὶ</span> <span class='ocrx_word' id='word_1_163' title='bbox 2432 1157 2465 1225; x_wconf 88' lang='grc' dir='ltr'>ὴ</span> <span class='ocrx_word' id='word_1_164' title='bbox 2493 1155 2602 1208; x_wconf 90' lang='grc' dir='ltr'><strong>τῶν</strong></span> <span class='ocrx_word' id='word_1_165' title='bbox 2630 1156 2916 1210; x_wconf 78' lang='grc' dir='ltr'>ἀντιδίκων</span> <span class='ocrx_word' id='word_1_166' title='bbox 2978 1158 3046 1211; x_wconf 74' lang='grc' dir='ltr'>ὲκ</span> <span class='ocrx_word' id='word_1_167' title='bbox 3070 1157 3237 1210; x_wconf 80' lang='grc' dir='ltr'>τόπου</span> <span class='ocrx_word' id='word_1_168' title='bbox 3297 1157 3376 1221; x_wconf 86' lang='grc' dir='ltr'><strong>είς</strong></span> <span class='ocrx_word' id='word_1_169' title='bbox 3433 1156 3596 1214; x_wconf 63' lang='grc' dir='ltr'>τύπον</span> <span class='ocrx_word' id='word_1_170' title='bbox 3637 1171 3739 1225; x_wconf 77' lang='grc' dir='ltr'>με·</span> 
     </span>
    </p>
   </div>
   <div class='ocr_carea' id='block_1_26' title="bbox 2156 1242 2887 1318">
    <p class='ocr_par' dir='ltr' id='par_1_26' title="bbox 2156 1242 2887 1318">
     <span class='ocr_line' id='line_1_26' title="bbox 2156 1242 2887 1318; baseline 0.012 -24"><span class='ocrx_word' id='word_1_171' title='bbox 2156 1242 2419 1308; x_wconf 78' lang='grc' dir='ltr'>τάστασίς</span> <span class='ocrx_word' id='word_1_172' title='bbox 2457 1246 2607 1301; x_wconf 77' lang='grc' dir='ltr'>ἐστιν</span> <span class='ocrx_word' id='word_1_173' title='bbox 2635 1248 2887 1318; x_wconf 80' lang='grc' dir='ltr'>εὐχερής.</span> 
     </span>
    </p>
   </div>
   <div class='ocr_carea' id='block_1_27' title="bbox 2224 1337 3737 1415">
    <p class='ocr_par' dir='ltr' id='par_1_27' title="bbox 2224 1337 3737 1415">
     <span class='ocr_line' id='line_1_27' title="bbox 2224 1337 3737 1415; baseline 0.005 -25"><span class='ocrx_word' id='word_1_174' title='bbox 2224 1337 2473 1406; x_wconf 69' lang='lat' dir='ltr'><strong>ZONAP.</strong></span> <span class='ocrx_word' id='word_1_175' title='bbox 2522 1339 2642 1396; x_wconf 75' lang='grc' dir='ltr'>Κᾶν</span> <span class='ocrx_word' id='word_1_176' title='bbox 2674 1342 2950 1415; x_wconf 78' lang='grc' dir='ltr'>κληρικοὶ,</span> <span class='ocrx_word' id='word_1_177' title='bbox 2992 1342 3149 1414; x_wconf 65' lang='grc' dir='ltr'>φησι,</span> <span class='ocrx_word' id='word_1_178' title='bbox 3178 1342 3273 1397; x_wconf 86' lang='grc' dir='ltr'><strong>δύο</strong></span> <span class='ocrx_word' id='word_1_179' title='bbox 3313 1343 3439 1399; x_wconf 80' lang='grc' dir='ltr'>κατ’</span> <span class='ocrx_word' id='word_1_180' title='bbox 3481 1344 3737 1415; x_wconf 78' lang='grc' dir='ltr'>ἀλλήλων</span> 
     </span>
    </p>
   </div>
   <div class='ocr_carea' id='block_1_28' title="bbox 2149 1427 3736 1510">
    <p class='ocr_par' dir='ltr' id='par_1_28' title="bbox 2149 1427 3736 1510">
     <span class='ocr_line' id='line_1_28' title="bbox 2149 1427 3736 1510; baseline 0.004 -28"><span class='ocrx_word' id='word_1_181' title='bbox 2149 1427 2342 1499; x_wconf 65' lang='grc' dir='ltr'>ἔχωσι,</span> <span class='ocrx_word' id='word_1_182' title='bbox 2379 1432 2475 1486; x_wconf 73' lang='grc' dir='ltr'>καὶ</span> <span class='ocrx_word' id='word_1_183' title='bbox 2509 1435 2537 1488; x_wconf 93' lang='lat'><strong>6</strong></span> <span class='ocrx_word' id='word_1_184' title='bbox 2569 1429 2651 1498; x_wconf 77' lang='grc' dir='ltr'>εἷς</span> <span class='ocrx_word' id='word_1_185' title='bbox 2699 1434 2933 1505; x_wconf 78' lang='grc' dir='ltr'>φοϐῆται</span> <span class='ocrx_word' id='word_1_186' title='bbox 2974 1435 3098 1507; x_wconf 86' lang='grc' dir='ltr'>βίαν</span> <span class='ocrx_word' id='word_1_187' title='bbox 3129 1437 3188 1490; x_wconf 80' lang='grc' dir='ltr'>ὲν</span> <span class='ocrx_word' id='word_1_188' title='bbox 3305 1437 3622 1490; x_wconf 82' lang='grc' dir='ltr'>συνίσταται</span> <span class='ocrx_word' id='word_1_189' title='bbox 3668 1438 3736 1489; x_wconf 80' lang='grc' dir='ltr'>τὸ</span> 
     </span>
    </p>
   </div>
   <div class='ocr_carea' id='block_1_29' title="bbox 2148 1523 3733 1600">
    <p class='ocr_par' dir='ltr' id='par_1_29' title="bbox 2148 1523 3733 1600">
     <span class='ocr_line' id='line_1_29' title="bbox 2148 1523 3733 1600; baseline 0.003 -24"><span class='ocrx_word' id='word_1_190' title='bbox 2148 1523 2528 1595; x_wconf 84' lang='grc' dir='ltr'>δικαστήριον,</span> <span class='ocrx_word' id='word_1_191' title='bbox 2571 1526 2646 1592; x_wconf 79' lang='grc' dir='ltr'>ὡς</span> <span class='ocrx_word' id='word_1_192' title='bbox 2693 1528 2824 1592; x_wconf 72' lang='grc' dir='ltr'>ἴσως</span> <span class='ocrx_word' id='word_1_193' title='bbox 2902 1528 3390 1600; x_wconf 77' lang='grc' dir='ltr'>παναστησομένου</span> <span class='ocrx_word' id='word_1_194' title='bbox 3442 1527 3591 1598; x_wconf 80' lang='grc' dir='ltr'>αύτῷ</span> <span class='ocrx_word' id='word_1_195' title='bbox 3635 1528 3733 1581; x_wconf 79' lang='grc' dir='ltr'><strong>τοῦ</strong></span> 
     </span>
    </p>
   </div>
   <div class='ocr_carea' id='block_1_30' title="bbox 2153 1615 3736 1692">
    <p class='ocr_par' dir='ltr' id='par_1_30' title="bbox 2153 1615 3736 1692">
     <span class='ocr_line' id='line_1_30' title="bbox 2153 1615 3736 1692; baseline 0.004 -24"><span class='ocrx_word' id='word_1_196' title='bbox 2153 1615 2286 1670; x_wconf 80' lang='grc' dir='ltr'>λαοῦ</span> <span class='ocrx_word' id='word_1_197' title='bbox 2320 1620 2722 1689; x_wconf 79' lang='grc' dir='ltr'><strong>προσκειμένου</strong></span> <span class='ocrx_word' id='word_1_198' title='bbox 2754 1617 2831 1690; x_wconf 82' lang='grc' dir='ltr'>τῷ</span> <span class='ocrx_word' id='word_1_199' title='bbox 2859 1621 3112 1692; x_wconf 74' lang='grc' dir='ltr'><strong>ἀντιδίκῳ</strong></span> <span class='ocrx_word' id='word_1_200' title='bbox 3140 1620 3327 1684; x_wconf 75' lang='grc' dir='ltr'>αὑτοῦ,</span> <span class='ocrx_word' id='word_1_201' title='bbox 3354 1620 3514 1692; x_wconf 79' lang='grc' dir='ltr'>ἢούκ</span> <span class='ocrx_word' id='word_1_202' title='bbox 3539 1622 3736 1676; x_wconf 65' lang='grc' dir='ltr'>ἰάσον-</span> 
     </span>
    </p>
   </div>
   <div class='ocr_carea' id='block_1_31' title="bbox 2154 1710 3735 1789">
    <p class='ocr_par' dir='ltr' id='par_1_31' title="bbox 2154 1710 3735 1789">
     <span class='ocr_line' id='line_1_31' title="bbox 2154 1710 3735 1789; baseline 0.001 -26"><span class='ocrx_word' id='word_1_203' title='bbox 2154 1726 2247 1773; x_wconf 71' lang='grc' dir='ltr'><strong>τος</strong></span> <span class='ocrx_word' id='word_1_204' title='bbox 2291 1710 2456 1765; x_wconf 69' lang='grc' dir='ltr'>αὐτὸν</span> <span class='ocrx_word' id='word_1_205' title='bbox 2508 1717 2856 1783; x_wconf 81' lang='grc' dir='ltr'>παραγαγεῖν</span> <span class='ocrx_word' id='word_1_206' title='bbox 2897 1716 3206 1789; x_wconf 85' lang='grc' dir='ltr'>μάρτυρας,</span> <span class='ocrx_word' id='word_1_207' title='bbox 3252 1713 3539 1769; x_wconf 80' lang='grc' dir='ltr'>ὲνδιδόσθω</span> <span class='ocrx_word' id='word_1_208' title='bbox 3577 1714 3735 1783; x_wconf 75' lang='grc' dir='ltr'>αὐτῷ</span> 
     </span>
    </p>
   </div>
   <div class='ocr_carea' id='block_1_32' title="bbox 477 1780 2042 1876">
    <p class='ocr_par' dir='ltr' id='par_1_32' title="bbox 477 1780 2042 1852">
     <span class='ocr_line' id='line_1_32' title="bbox 477 1780 2042 1852; baseline 0.004 -18"><span class='ocrx_word' id='word_1_209' title='bbox 477 1794 543 1835; x_wconf 90' lang='lat' dir='ltr'><strong>co</strong></span> <span class='ocrx_word' id='word_1_210' title='bbox 605 1780 971 1850; x_wconf 81' lang='lat' dir='ltr'><strong>prodttccndis</strong></span> <span class='ocrx_word' id='word_1_211' title='bbox 1028 1783 1411 1852; x_wconf 84' lang='lat' dir='ltr'><strong>impedimento</strong></span> <span class='ocrx_word' id='word_1_212' title='bbox 1460 1782 1709 1852; x_wconf 88' lang='lat' dir='ltr'><strong>futurus;</strong></span> <span class='ocrx_word' id='word_1_213' title='bbox 1761 1785 1834 1840; x_wconf 88' lang='lat' dir='ltr'><strong>illi</strong></span> <span class='ocrx_word' id='word_1_214' title='bbox 1880 1785 2042 1841; x_wconf 88' lang='lat' dir='ltr'><strong>alium</strong></span> 
     </span>
    </p>
   </div>
   <div class='ocr_carea' id='block_1_33' title="bbox 2145 1780 3734 1876">
    <p class='ocr_par' dir='ltr' id='par_1_33' title="bbox 2153 1780 3734 1876">
     <span class='ocr_line' id='line_1_33' title="bbox 2153 1780 3734 1876; baseline 0.003 -23"><span class='ocrx_word' id='word_1_215' title='bbox 2153 1800 2346 1870; x_wconf 67' lang='grc' dir='ltr'>ἕτερον</span> <span class='ocrx_word' id='word_1_216' title='bbox 2382 1780 2759 1867; x_wconf 65' lang='grc' dir='ltr'>ἐπιλέξασθαι</span> <span class='ocrx_word' id='word_1_217' title='bbox 2780 1780 3098 1873; x_wconf 38' lang='lat' dir='ltr'><strong>decemviris</strong></span> <span class='ocrx_word' id='word_1_218' title='bbox 3132 1806 3248 1859; x_wconf 76' lang='grc' dir='ltr'>ἐκεῖ</span> <span class='ocrx_word' id='word_1_219' title='bbox 3287 1806 3348 1859; x_wconf 84' lang='grc' dir='ltr'>τὸ</span> <span class='ocrx_word' id='word_1_220' title='bbox 3374 1780 3734 1876; x_wconf 71' lang='grc' dir='ltr'>δικαστήριον</span> 
     </span>
    </p>
   </div>
   <div class='ocr_carea' id='block_1_34' title="bbox 475 1869 2045 1943">
    <p class='ocr_par' dir='ltr' id='par_1_34' title="bbox 475 1869 2045 1943">
     <span class='ocr_line' id='line_1_34' title="bbox 475 1869 2045 1943; baseline 0.004 -19"><span class='ocrx_word' id='word_1_221' title='bbox 475 1871 841 1939; x_wconf 83' lang='lat' dir='ltr'><strong>persequendi</strong></span> <span class='ocrx_word' id='word_1_222' title='bbox 871 1869 1062 1940; x_wconf 74' lang='lat' dir='ltr'><strong>iudicii</strong></span> <span class='ocrx_word' id='word_1_223' title='bbox 1096 1871 1273 1928; x_wconf 80' lang='lat' dir='ltr'><strong>locum</strong></span> <span class='ocrx_word' id='word_1_224' title='bbox 1321 1872 1551 1943; x_wconf 78' lang='lat' dir='ltr'><strong>eligendi</strong></span> <span class='ocrx_word' id='word_1_225' title='bbox 1593 1872 1823 1930; x_wconf 82' lang='lat' dir='ltr'><strong>facultas</strong></span> <span class='ocrx_word' id='word_1_226' title='bbox 1874 1875 2045 1930; x_wconf 86' lang='lat' dir='ltr'><strong>libera</strong></span> 
     </span>
    </p>
   </div>
   <div class='ocr_carea' id='block_1_35' title="bbox 476 1961 2047 2033">
    <p class='ocr_par' dir='ltr' id='par_1_35' title="bbox 476 1961 2047 2033">
     <span class='ocr_line' id='line_1_35' title="bbox 476 1961 2047 2033; baseline 0.003 -17"><span class='ocrx_word' id='word_1_227' title='bbox 476 1961 849 2032; x_wconf 86' lang='lat' dir='ltr'><strong>relinquatur:</strong></span> <span class='ocrx_word' id='word_1_228' title='bbox 876 1962 1054 2017; x_wconf 85' lang='lat' dir='ltr'><strong>locum</strong></span> <span class='ocrx_word' id='word_1_229' title='bbox 1099 1978 1228 2019; x_wconf 88' lang='lat' dir='ltr'><strong>vero</strong></span> <span class='ocrx_word' id='word_1_230' title='bbox 1267 1965 1514 2033; x_wconf 79' lang='lat' dir='ltr'><strong>proxime</strong></span> <span class='ocrx_word' id='word_1_231' title='bbox 1556 1966 1743 2031; x_wconf 84' lang='lat' dir='ltr'><strong>situm,</strong></span> <span class='ocrx_word' id='word_1_232' title='bbox 1779 1981 1887 2022; x_wconf 90' lang='lat' dir='ltr'><strong>non</strong></span> <span class='ocrx_word' id='word_1_233' title='bbox 1928 1965 2047 2021; x_wconf 82' lang='lat' dir='ltr'><strong>lon-</strong></span> 
     </span>
    </p>
   </div>
   <div class='ocr_carea' id='block_1_36' title="bbox 472 2052 2044 2128">
    <p class='ocr_par' dir='ltr' id='par_1_36' title="bbox 472 2052 2044 2128">
     <span class='ocr_line' id='line_1_36' title="bbox 472 2052 2044 2128; baseline 0.002 -20"><span class='ocrx_word' id='word_1_234' title='bbox 472 2066 540 2124; x_wconf 76' lang='lat' dir='ltr'><strong>go</strong></span> <span class='ocrx_word' id='word_1_235' title='bbox 576 2052 860 2108; x_wconf 77' lang='lat' dir='ltr'><strong>intervallo</strong></span> <span class='ocrx_word' id='word_1_236' title='bbox 921 2052 1281 2123; x_wconf 74' lang='lat' dir='ltr'><strong>disiunctum,</strong></span> <span class='ocrx_word' id='word_1_237' title='bbox 1317 2070 1386 2110; x_wconf 88' lang='lat' dir='ltr'><strong>ne</strong></span> <span class='ocrx_word' id='word_1_238' title='bbox 1430 2056 1746 2112; x_wconf 80' lang='lat' dir='ltr'><strong>adversario</strong></span> <span class='ocrx_word' id='word_1_239' title='bbox 1772 2065 1826 2113; x_wconf 90' lang='lat' dir='ltr'><strong>et</strong></span> <span class='ocrx_word' id='word_1_240' title='bbox 1844 2057 2044 2128; x_wconf 82' lang='lat' dir='ltr'><strong>judici-</strong></span> 
     </span>
    </p>
   </div>
   <div class='ocr_carea' id='block_1_37' title="bbox 474 2144 2048 2218">
    <p class='ocr_par' dir='ltr' id='par_1_37' title="bbox 474 2144 2048 2218">
     <span class='ocr_line' id='line_1_37' title="bbox 474 2144 2048 2218; baseline 0.004 -19"><span class='ocrx_word' id='word_1_241' title='bbox 474 2144 576 2201; x_wconf 80' lang='lat' dir='ltr'><strong>bus</strong></span> <span class='ocrx_word' id='word_1_242' title='bbox 609 2144 739 2201; x_wconf 86' lang='lat' dir='ltr'><strong>illuc</strong></span> <span class='ocrx_word' id='word_1_243' title='bbox 787 2145 1080 2202; x_wconf 82' lang='lat' dir='ltr'><strong>convenire</strong></span> <span class='ocrx_word' id='word_1_244' title='bbox 1135 2146 1357 2202; x_wconf 85' lang='lat' dir='ltr'><strong>difficile</strong></span> <span class='ocrx_word' id='word_1_245' title='bbox 1404 2148 1498 2214; x_wconf 88' lang='lat' dir='ltr'><strong>sit,</strong></span> <span class='ocrx_word' id='word_1_246' title='bbox 1544 2157 1714 2218; x_wconf 86' lang='lat' dir='ltr'><strong>utque</strong></span> <span class='ocrx_word' id='word_1_247' title='bbox 1745 2149 1858 2205; x_wconf 89' lang='lat' dir='ltr'><strong>illic</strong></span> <span class='ocrx_word' id='word_1_248' title='bbox 1890 2148 2048 2205; x_wconf 77' lang='lat' dir='ltr'><strong>facile</strong></span> 
     </span>
    </p>
   </div>
   <div class='ocr_carea' id='block_1_38' title="bbox 472 2237 2045 2308">
    <p class='ocr_par' dir='ltr' id='par_1_38' title="bbox 472 2237 2045 2308">
     <span class='ocr_line' id='line_1_38' title="bbox 472 2237 2045 2308; baseline 0.001 -15"><span class='ocrx_word' id='word_1_249' title='bbox 472 2246 641 2294; x_wconf 86' lang='lat' dir='ltr'><strong>testes</strong></span> <span class='ocrx_word' id='word_1_250' title='bbox 678 2237 936 2294; x_wconf 82' lang='lat' dir='ltr'><strong>exhibere</strong></span> <span class='ocrx_word' id='word_1_251' title='bbox 970 2237 1511 2308; x_wconf 82' lang='lat' dir='ltr'><strong>controversiamque</strong></span> <span class='ocrx_word' id='word_1_252' title='bbox 1554 2239 1814 2295; x_wconf 74' lang='lat' dir='ltr'><strong>dirimere</strong></span> <span class='ocrx_word' id='word_1_253' title='bbox 1859 2238 2045 2295; x_wconf 84' lang='lat' dir='ltr'><strong>liceat.</strong></span> 
     </span>
    </p>
   </div>
   <div class='ocr_carea' id='block_1_39' title="bbox 470 2327 2044 2400">
    <p class='ocr_par' dir='ltr' id='par_1_39' title="bbox 470 2327 2044 2400">
     <span class='ocr_line' id='line_1_39' title="bbox 470 2327 2044 2400; baseline 0.002 -14"><span class='ocrx_word' id='word_1_254' title='bbox 470 2328 607 2386; x_wconf 75' lang='lat' dir='ltr'><strong>Nam</strong></span> <span class='ocrx_word' id='word_1_255' title='bbox 647 2330 692 2386; x_wconf 88' lang='lat' dir='ltr'><strong>si</strong></span> <span class='ocrx_word' id='word_1_256' title='bbox 729 2330 889 2400; x_wconf 79' lang='lat' dir='ltr'><strong>longe</strong></span> <span class='ocrx_word' id='word_1_257' title='bbox 922 2327 1112 2397; x_wconf 76' lang='lat' dir='ltr'><strong>iudicii</strong></span> <span class='ocrx_word' id='word_1_258' title='bbox 1148 2332 1438 2390; x_wconf 80' lang='lat' dir='ltr'><strong>exercendi</strong></span> <span class='ocrx_word' id='word_1_259' title='bbox 1490 2331 1648 2389; x_wconf 87' lang='lat' dir='ltr'><strong>sedes</strong></span> <span class='ocrx_word' id='word_1_260' title='bbox 1675 2332 1840 2397; x_wconf 84' lang='lat' dir='ltr'><strong>absit,</strong></span> <span class='ocrx_word' id='word_1_261' title='bbox 1877 2341 2044 2389; x_wconf 79' lang='lat' dir='ltr'><strong>testes</strong></span> 
     </span>
    </p>
   </div>
   <div class='ocr_carea' id='block_1_40' title="bbox 474 2423 2045 2494">
    <p class='ocr_par' dir='ltr' id='par_1_40' title="bbox 474 2423 2045 2494">
     <span class='ocr_line' id='line_1_40' title="bbox 474 2423 2045 2494; baseline 0.002 -17"><span class='ocrx_word' id='word_1_262' title='bbox 474 2437 693 2493; x_wconf 75' lang='lat' dir='ltr'><strong>quoque</strong></span> <span class='ocrx_word' id='word_1_263' title='bbox 736 2423 1043 2492; x_wconf 82' lang='lat' dir='ltr'><strong>producere</strong></span> <span class='ocrx_word' id='word_1_264' title='bbox 1072 2423 1289 2480; x_wconf 90' lang='lat' dir='ltr'><strong>difficile</strong></span> <span class='ocrx_word' id='word_1_265' title='bbox 1315 2424 1437 2480; x_wconf 90' lang='lat' dir='ltr'><strong>erit.</strong></span> <span class='ocrx_word' id='word_1_266' title='bbox 1465 2423 1649 2494; x_wconf 76' lang='lat' dir='ltr'><strong>Neque</strong></span> <span class='ocrx_word' id='word_1_267' title='bbox 1667 2423 1814 2479; x_wconf 88' lang='lat' dir='ltr'><strong>enim</strong></span> <span class='ocrx_word' id='word_1_268' title='bbox 1846 2435 1905 2479; x_wconf 93' lang='lat' dir='ltr'><strong>ut</strong></span> <span class='ocrx_word' id='word_1_269' title='bbox 1924 2425 2045 2480; x_wconf 88' lang='lat' dir='ltr'><strong>lon-</strong></span> 
     </span>
    </p>
   </div>
   <div class='ocr_carea' id='block_1_41' title="bbox 470 2514 2043 2586">
    <p class='ocr_par' dir='ltr' id='par_1_41' title="bbox 470 2514 2043 2586">
     <span class='ocr_line' id='line_1_41' title="bbox 470 2514 2043 2586; baseline 0.004 -20"><span class='ocrx_word' id='word_1_270' title='bbox 470 2517 588 2584; x_wconf 65' lang='lat' dir='ltr'><strong>gius</strong></span> <span class='ocrx_word' id='word_1_271' title='bbox 638 2517 1059 2586; x_wconf 76' lang='lat' dir='ltr'><strong>peregrinculur</strong></span> <span class='ocrx_word' id='word_1_272' title='bbox 1110 2524 1281 2572; x_wconf 90' lang='lat' dir='ltr'><strong>testes</strong></span> <span class='ocrx_word' id='word_1_273' title='bbox 1309 2516 1506 2571; x_wconf 80' lang='lat' dir='ltr'><strong>adduci</strong></span> <span class='ocrx_word' id='word_1_274' title='bbox 1566 2525 1846 2586; x_wconf 90' lang='lat' dir='ltr'><strong>poterunt.</strong></span> <span class='ocrx_word' id='word_1_275' title='bbox 1906 2514 2043 2574; x_wconf 83' lang='lat' dir='ltr'><strong>Nam</strong></span> 
     </span>
    </p>
   </div>
   <div class='ocr_carea' id='block_1_42' title="bbox 470 2606 2041 2677">
    <p class='ocr_par' dir='ltr' id='par_1_42' title="bbox 470 2606 2041 2677">
     <span class='ocr_line' id='line_1_42' title="bbox 470 2606 2041 2677; baseline 0.003 -17"><span class='ocrx_word' id='word_1_276' title='bbox 470 2607 746 2677; x_wconf 89' lang='lat' dir='ltr'><strong>proprium</strong></span> <span class='ocrx_word' id='word_1_277' title='bbox 777 2606 1016 2664; x_wconf 82' lang='lat' dir='ltr'><strong>officium</strong></span> <span class='ocrx_word' id='word_1_278' title='bbox 1046 2609 1245 2664; x_wconf 89' lang='lat' dir='ltr'><strong>nemini</strong></span> <span class='ocrx_word' id='word_1_279' title='bbox 1298 2607 1625 2664; x_wconf 89' lang='lat' dir='ltr'><strong>detrimento</strong></span> <span class='ocrx_word' id='word_1_280' title='bbox 1670 2623 1791 2664; x_wconf 88' lang='lat' dir='ltr'><strong>esse</strong></span> <span class='ocrx_word' id='word_1_281' title='bbox 1822 2609 2041 2677; x_wconf 82' lang='lat' dir='ltr'><strong>debere,</strong></span> 
     </span>
    </p>
   </div>
   <div class='ocr_carea' id='block_1_43' title="bbox 471 2698 2030 2773">
    <p class='ocr_par' dir='ltr' id='par_1_43' title="bbox 471 2698 2030 2773">
     <span class='ocr_line' id='line_1_43' title="bbox 471 2698 2030 2773; baseline 0.001 -18"><span class='ocrx_word' id='word_1_282' title='bbox 471 2704 589 2773; x_wconf 78' lang='lat' dir='ltr'><strong>lege</strong></span> <span class='ocrx_word' id='word_1_283' title='bbox 617 2699 950 2755; x_wconf 84' lang='lat' dir='ltr'><strong>decernitur.</strong></span> <span class='ocrx_word' id='word_1_284' title='bbox 978 2698 1227 2755; x_wconf 80' lang='lat' dir='ltr'><strong>Ofﬁcium</strong></span> <span class='ocrx_word' id='word_1_285' title='bbox 1249 2714 1377 2755; x_wconf 86' lang='lat' dir='ltr'><strong>vero</strong></span> <span class='ocrx_word' id='word_1_286' title='bbox 1397 2699 1646 2755; x_wconf 89' lang='lat' dir='ltr'><strong>Latinum</strong></span> <span class='ocrx_word' id='word_1_287' title='bbox 1670 2713 1753 2755; x_wconf 87' lang='lat' dir='ltr'><strong>est</strong></span> <span class='ocrx_word' id='word_1_288' title='bbox 1782 2702 2030 2769; x_wconf 80' lang='lat' dir='ltr'><strong>verbum,</strong></span> 
     </span>
    </p>
   </div>
   <div class='ocr_carea' id='block_1_44' title="bbox 469 2792 2046 2866">
    <p class='ocr_par' dir='ltr' id='par_1_44' title="bbox 469 2792 2046 2866">
     <span class='ocr_line' id='line_1_44' title="bbox 469 2792 2046 2866; baseline -0.001 -16"><span class='ocrx_word' id='word_1_289' title='bbox 469 2793 998 2850; x_wconf 63' lang='lat' dir='ltr'><strong>ulministrationem</strong></span> <span class='ocrx_word' id='word_1_290' title='bbox 1046 2792 1374 2863; x_wconf 72' lang='lat' dir='ltr'><strong>minimeque</strong></span> <span class='ocrx_word' id='word_1_291' title='bbox 1406 2795 1624 2851; x_wconf 83' lang='lat' dir='ltr'><strong>dubiam</strong></span> <span class='ocrx_word' id='word_1_292' title='bbox 1654 2795 1814 2850; x_wconf 86' lang='lat' dir='ltr'><strong>fidem</strong></span> <span class='ocrx_word' id='word_1_293' title='bbox 1840 2795 2046 2866; x_wconf 78' lang='lat' dir='ltr'><strong>signiﬁ-</strong></span> 
     </span>
    </p>
   </div>
   <div class='ocr_carea' id='block_1_45' title="bbox 469 2898 620 2937">
    <p class='ocr_par' dir='ltr' id='par_1_45' title="bbox 469 2898 620 2937">
     <span class='ocr_line' id='line_1_45' title="bbox 469 2898 620 2937; baseline 0 -2"><span class='ocrx_word' id='word_1_294' title='bbox 469 2898 620 2937; x_wconf 84' lang='lat' dir='ltr'><strong>caus.</strong></span> 
     </span>
    </p>
   </div>
   <div class='ocr_carea' id='block_1_46' title="bbox 468 2972 2042 3045">
    <p class='ocr_par' dir='ltr' id='par_1_46' title="bbox 468 2972 2042 3045">
     <span class='ocr_line' id='line_1_46' title="bbox 468 2972 2042 3045; baseline 0.004 -19"><span class='ocrx_word' id='word_1_295' title='bbox 468 2972 699 3029; x_wconf 73' lang='lat' dir='ltr'><strong>AfilST.</strong></span> <span class='ocrx_word' id='word_1_296' title='bbox 756 2993 773 3025; x_wconf 81' lang='grc' dir='ltr'><strong>ι</strong></span> <span class='ocrx_word' id='word_1_297' title='bbox 805 2974 904 3042; x_wconf 79' lang='lat' dir='ltr'><strong>Qui</strong></span> <span class='ocrx_word' id='word_1_298' title='bbox 966 2984 1206 3041; x_wconf 80' lang='lat' dir='ltr'><strong>accusat,</strong></span> <span class='ocrx_word' id='word_1_299' title='bbox 1258 2976 1339 3030; x_wconf 88' lang='lat' dir='ltr'><strong>vel</strong></span> <span class='ocrx_word' id='word_1_300' title='bbox 1393 2984 1697 3045; x_wconf 72' lang='lat' dir='ltr'><strong>accusatur,</strong></span> <span class='ocrx_word' id='word_1_301' title='bbox 1732 2976 2042 3033; x_wconf 76' lang='lat' dir='ltr'><strong>violentiam</strong></span> 
     </span>
    </p>
   </div>
   <div class='ocr_carea' id='block_1_47' title="bbox 542 3062 1647 3134">
    <p class='ocr_par' dir='ltr' id='par_1_47' title="bbox 542 3062 1647 3134">
     <span class='ocr_line' id='line_1_47' title="bbox 542 3062 1647 3134; baseline 0.006 -24"><span class='ocrx_word' id='word_1_302' title='bbox 542 3079 561 3110; x_wconf 77' lang='grc' dir='ltr'><strong>ι</strong></span> <span class='ocrx_word' id='word_1_303' title='bbox 608 3063 820 3127; x_wconf 86' lang='lat' dir='ltr'><strong>timens,</strong></span> <span class='ocrx_word' id='word_1_304' title='bbox 848 3062 1020 3116; x_wconf 86' lang='lat' dir='ltr'><strong>locum</strong></span> <span class='ocrx_word' id='word_1_305' title='bbox 1045 3062 1146 3117; x_wconf 91' lang='lat' dir='ltr'><strong>sibi</strong></span> <span class='ocrx_word' id='word_1_306' title='bbox 1172 3073 1348 3118; x_wconf 90' lang='lat' dir='ltr'><strong>tutum</strong></span> <span class='ocrx_word' id='word_1_307' title='bbox 1378 3064 1593 3134; x_wconf 77' lang='lat' dir='ltr'><strong>scligat.</strong></span> <span class='ocrx_word' id='word_1_308' title='bbox 1629 3084 1647 3117; x_wconf 75' lang='grc' dir='ltr'><strong>ι</strong></span> 
     </span>
    </p>
   </div>
   <div class='ocr_carea' id='block_1_48' title="bbox 548 3137 2110 3223">
    <p class='ocr_par' dir='ltr' id='par_1_48' title="bbox 548 3137 2110 3223">
     <span class='ocr_line' id='line_1_48' title="bbox 548 3137 2110 3223; baseline 0.006 -21"><span class='ocrx_word' id='word_1_309' title='bbox 548 3149 651 3216; x_wconf 83' lang='lat' dir='ltr'><strong>Qui</strong></span> <span class='ocrx_word' id='word_1_310' title='bbox 703 3150 937 3219; x_wconf 85' lang='lat' dir='ltr'><strong>aliquem</strong></span> <span class='ocrx_word' id='word_1_311' title='bbox 976 3161 1231 3219; x_wconf 82' lang='lat' dir='ltr'><strong>accusat,</strong></span> <span class='ocrx_word' id='word_1_312' title='bbox 1279 3161 1335 3208; x_wconf 90' lang='lat' dir='ltr'><strong>et</strong></span> <span class='ocrx_word' id='word_1_313' title='bbox 1387 3154 1691 3223; x_wconf 85' lang='lat' dir='ltr'><strong>suspicatur</strong></span> <span class='ocrx_word' id='word_1_314' title='bbox 1740 3168 1799 3209; x_wconf 89' lang='lat' dir='ltr'><strong>se</strong></span> <span class='ocrx_word' id='word_1_315' title='bbox 1831 3154 1939 3210; x_wconf 85' lang='lat' dir='ltr'><strong>vim</strong></span> <span class='ocrx_word' id='word_1_316' title='bbox 1971 3155 2040 3213; x_wconf 88' lang='lat' dir='ltr'><strong>ab</strong></span> <span class='ocrx_word' id='word_1_317' title='bbox 2066 3137 2110 3198; x_wconf 68' lang='grc' dir='ltr'><strong>(ἶ</strong></span> 
     </span>
    </p>
   </div>
   <div class='ocr_carea' id='block_1_49' title="bbox 469 3242 2042 3313">
    <p class='ocr_par' dir='ltr' id='par_1_49' title="bbox 469 3242 2042 3313">
     <span class='ocr_line' id='line_1_49' title="bbox 469 3242 2042 3313; baseline 0.006 -19"><span class='ocrx_word' id='word_1_318' title='bbox 469 3242 705 3297; x_wconf 84' lang='lat' dir='ltr'><strong>accusati</strong></span> <span class='ocrx_word' id='word_1_319' title='bbox 724 3249 876 3313; x_wconf 85' lang='lat' dir='ltr'><strong>parte</strong></span> <span class='ocrx_word' id='word_1_320' title='bbox 903 3257 1213 3313; x_wconf 87' lang='lat' dir='ltr'><strong>passurum,</strong></span> <span class='ocrx_word' id='word_1_321' title='bbox 1238 3246 1318 3300; x_wconf 88' lang='lat' dir='ltr'><strong>vel</strong></span> <span class='ocrx_word' id='word_1_322' title='bbox 1344 3246 1460 3301; x_wconf 84' lang='lat' dir='ltr'><strong>vice</strong></span> <span class='ocrx_word' id='word_1_323' title='bbox 1483 3260 1637 3301; x_wconf 83' lang='lat' dir='ltr'><strong>versa</strong></span> <span class='ocrx_word' id='word_1_324' title='bbox 1658 3258 1945 3303; x_wconf 85' lang='lat' dir='ltr'><strong>accusatus</strong></span> <span class='ocrx_word' id='word_1_325' title='bbox 1972 3248 2042 3303; x_wconf 86' lang='lat' dir='ltr'><strong>ab</strong></span> 
     </span>
    </p>
   </div>
   <div class='ocr_carea' id='block_1_50' title="bbox 475 3337 2044 3406">
    <p class='ocr_par' dir='ltr' id='par_1_50' title="bbox 475 3337 2044 3406">
     <span class='ocr_line' id='line_1_50' title="bbox 475 3337 2044 3406; baseline 0.006 -19"><span class='ocrx_word' id='word_1_326' title='bbox 475 3344 834 3401; x_wconf 86' lang='lat' dir='ltr'><strong>accusatore;</strong></span> <span class='ocrx_word' id='word_1_327' title='bbox 871 3349 1249 3406; x_wconf 82' lang='lat' dir='ltr'><strong>quemcunque</strong></span> <span class='ocrx_word' id='word_1_328' title='bbox 1289 3337 1472 3392; x_wconf 82' lang='lat' dir='ltr'><strong>volunt</strong></span> <span class='ocrx_word' id='word_1_329' title='bbox 1536 3339 1712 3393; x_wconf 89' lang='lat' dir='ltr'><strong>locum</strong></span> <span class='ocrx_word' id='word_1_330' title='bbox 1769 3341 1837 3395; x_wconf 89' lang='lat' dir='ltr'><strong>ad</strong></span> <span class='ocrx_word' id='word_1_331' title='bbox 1884 3354 2044 3396; x_wconf 85' lang='lat' dir='ltr'><strong>secu-</strong></span> 
     </span>
    </p>
   </div>
   <div class='ocr_carea' id='block_1_51' title="bbox 465 3429 2038 3501">
    <p class='ocr_par' dir='ltr' id='par_1_51' title="bbox 465 3429 2038 3501">
     <span class='ocr_line' id='line_1_51' title="bbox 465 3429 2038 3501; baseline 0.003 -17"><span class='ocrx_word' id='word_1_332' title='bbox 465 3430 683 3484; x_wconf 83' lang='lat' dir='ltr'><strong>ri:atem</strong></span> <span class='ocrx_word' id='word_1_333' title='bbox 733 3443 888 3482; x_wconf 87' lang='lat' dir='ltr'><strong>suam</strong></span> <span class='ocrx_word' id='word_1_334' title='bbox 946 3429 1165 3499; x_wconf 76' lang='lat' dir='ltr'><strong>eligant,</strong></span> <span class='ocrx_word' id='word_1_335' title='bbox 1221 3430 1310 3484; x_wconf 89' lang='lat' dir='ltr'><strong>ubi</strong></span> <span class='ocrx_word' id='word_1_336' title='bbox 1360 3430 1517 3486; x_wconf 83' lang='lat' dir='ltr'><strong>facile</strong></span> <span class='ocrx_word' id='word_1_337' title='bbox 1558 3431 1770 3501; x_wconf 85' lang='lat' dir='ltr'><strong>possint</strong></span> <span class='ocrx_word' id='word_1_338' title='bbox 1809 3441 1864 3488; x_wconf 90' lang='lat' dir='ltr'><strong>et</strong></span> <span class='ocrx_word' id='word_1_339' title='bbox 1915 3448 2038 3489; x_wconf 82' lang='lat' dir='ltr'><strong>cum</strong></span> 
     </span>
    </p>
   </div>
   <div class='ocr_carea' id='block_1_52' title="bbox 466 3523 2040 3599">
    <p class='ocr_par' dir='ltr' id='par_1_52' title="bbox 466 3523 2040 3599">
     <span class='ocr_line' id='line_1_52' title="bbox 466 3523 2040 3599; baseline 0.003 -23"><span class='ocrx_word' id='word_1_340' title='bbox 466 3524 621 3592; x_wconf 83' lang='lat' dir='ltr'><strong>ipsis,</strong></span> <span class='ocrx_word' id='word_1_341' title='bbox 670 3539 806 3594; x_wconf 87' lang='lat' dir='ltr'><strong>quos</strong></span> <span class='ocrx_word' id='word_1_342' title='bbox 837 3523 978 3579; x_wconf 91' lang='lat' dir='ltr'><strong>forte</strong></span> <span class='ocrx_word' id='word_1_343' title='bbox 1009 3525 1206 3580; x_wconf 86' lang='lat' dir='ltr'><strong>habent</strong></span> <span class='ocrx_word' id='word_1_344' title='bbox 1254 3525 1479 3579; x_wconf 86' lang='lat' dir='ltr'><strong>testibus</strong></span> <span class='ocrx_word' id='word_1_345' title='bbox 1505 3527 1836 3593; x_wconf 85' lang='lat' dir='ltr'><strong>conversari,</strong></span> <span class='ocrx_word' id='word_1_346' title='bbox 1864 3533 1920 3599; x_wconf 87' lang='lat' dir='ltr'><strong>et</strong></span> <span class='ocrx_word' id='word_1_347' title='bbox 1952 3526 2040 3598; x_wconf 82' lang='lat' dir='ltr'><strong>ju-</strong></span> 
     </span>
    </p>
   </div>
   <div class='ocr_carea' id='block_1_53' title="bbox 465 3617 2036 3688">
    <p class='ocr_par' dir='ltr' id='par_1_53' title="bbox 465 3617 2036 3688">
     <span class='ocr_line' id='line_1_53' title="bbox 465 3617 2036 3688; baseline 0.004 -18"><span class='ocrx_word' id='word_1_348' title='bbox 465 3618 610 3671; x_wconf 86' lang='lat' dir='ltr'><strong>dicio</strong></span> <span class='ocrx_word' id='word_1_349' title='bbox 659 3618 782 3672; x_wconf 86' lang='lat' dir='ltr'><strong>sine</strong></span> <span class='ocrx_word' id='word_1_350' title='bbox 825 3617 1065 3687; x_wconf 88' lang='lat' dir='ltr'><strong>periculo</strong></span> <span class='ocrx_word' id='word_1_351' title='bbox 1089 3621 1283 3672; x_wconf 85' lang='lat' dir='ltr'><strong>sistere</strong></span> <span class='ocrx_word' id='word_1_352' title='bbox 1315 3634 1329 3671; x_wconf 91' lang='lat'><strong>:</strong></span> <span class='ocrx_word' id='word_1_353' title='bbox 1364 3632 1429 3671; x_wconf 90' lang='lat' dir='ltr'><strong>ne</strong></span> <span class='ocrx_word' id='word_1_354' title='bbox 1470 3629 1686 3688; x_wconf 86' lang='lat' dir='ltr'><strong>propter</strong></span> <span class='ocrx_word' id='word_1_355' title='bbox 1716 3619 2036 3676; x_wconf 82' lang='lat' dir='ltr'><strong>istiusmodi</strong></span> 
     </span>
    </p>
   </div>
   <div class='ocr_carea' id='block_1_54' title="bbox 466 3709 2040 3775">
    <p class='ocr_par' dir='ltr' id='par_1_54' title="bbox 466 3709 2040 3775">
     <span class='ocr_line' id='line_1_54' title="bbox 466 3709 2040 3775; baseline 0.004 -16"><span class='ocrx_word' id='word_1_356' title='bbox 466 3709 716 3763; x_wconf 86' lang='lat' dir='ltr'><strong>timorem</strong></span> <span class='ocrx_word' id='word_1_357' title='bbox 755 3721 1045 3764; x_wconf 84' lang='lat' dir='ltr'><strong>accusator</strong></span> <span class='ocrx_word' id='word_1_358' title='bbox 1076 3710 1144 3764; x_wconf 87' lang='lat' dir='ltr'><strong>ab</strong></span> <span class='ocrx_word' id='word_1_359' title='bbox 1172 3711 1516 3766; x_wconf 75' lang='lat' dir='ltr'><strong>accusatione</strong></span> <span class='ocrx_word' id='word_1_360' title='bbox 1550 3712 1799 3775; x_wconf 83' lang='lat' dir='ltr'><strong>desistat,</strong></span> <span class='ocrx_word' id='word_1_361' title='bbox 1828 3712 1911 3767; x_wconf 85' lang='lat' dir='ltr'><strong>vel</strong></span> <span class='ocrx_word' id='word_1_362' title='bbox 1941 3726 2040 3765; x_wconf 83' lang='lat' dir='ltr'><strong>ac.-</strong></span> 
     </span>
    </p>
   </div>
   <div class='ocr_carea' id='block_1_55' title="bbox 463 3802 2035 3871">
    <p class='ocr_par' dir='ltr' id='par_1_55' title="bbox 463 3802 2035 3871">
     <span class='ocr_line' id='line_1_55' title="bbox 463 3802 2035 3871; baseline 0.004 -15"><span class='ocrx_word' id='word_1_363' title='bbox 463 3811 691 3858; x_wconf 85' lang='lat' dir='ltr'><strong>cusalus</strong></span> <span class='ocrx_word' id='word_1_364' title='bbox 745 3817 774 3855; x_wconf 91' lang='lat' dir='ltr'><strong>a</strong></span> <span class='ocrx_word' id='word_1_365' title='bbox 825 3802 1031 3871; x_wconf 87' lang='lat' dir='ltr'><strong>judicio</strong></span> <span class='ocrx_word' id='word_1_366' title='bbox 1093 3803 1400 3859; x_wconf 82' lang='lat' dir='ltr'><strong>clanculum</strong></span> <span class='ocrx_word' id='word_1_367' title='bbox 1451 3806 1689 3870; x_wconf 83' lang='lat' dir='ltr'><strong>recedat,</strong></span> <span class='ocrx_word' id='word_1_368' title='bbox 1745 3815 1798 3861; x_wconf 91' lang='lat' dir='ltr'><strong>et</strong></span> <span class='ocrx_word' id='word_1_369' title='bbox 1839 3806 2035 3862; x_wconf 88' lang='lat' dir='ltr'><strong>absens</strong></span> 
     </span>
    </p>
   </div>
   <div class='ocr_carea' id='block_1_56' title="bbox 465 3895 882 3951">
    <p class='ocr_par' dir='ltr' id='par_1_56' title="bbox 465 3895 882 3951">
     <span class='ocr_line' id='line_1_56' title="bbox 465 3895 882 3951; baseline 0.005 -2"><span class='ocrx_word' id='word_1_370' title='bbox 465 3895 882 3951; x_wconf 87' lang='lat' dir='ltr'><strong>condemnetur.</strong></span> 
     </span>
    </p>
   </div>
   <div class='ocr_carea' id='block_1_57' title="bbox 990 4071 1496 4129">
    <p class='ocr_par' dir='ltr' id='par_1_57' title="bbox 990 4071 1496 4129">
     <span class='ocr_line' id='line_1_57' title="bbox 990 4071 1496 4129; baseline 0.002 -1"><span class='ocrx_word' id='word_1_371' title='bbox 990 4072 1074 4128; x_wconf 80' lang='lat' dir='ltr'><strong>CA</strong></span> <span class='ocrx_word' id='word_1_372' title='bbox 1086 4071 1221 4129; x_wconf 75' lang='lat' dir='ltr'><strong>NON</strong></span> <span class='ocrx_word' id='word_1_373' title='bbox 1253 4072 1496 4129; x_wconf 79' lang='lat' dir='ltr'><strong>XXXIV.</strong></span> 
     </span>
    </p>
   </div>
   <div class='ocr_carea' id='block_1_58' title="bbox 469 4164 2034 4236">
    <p class='ocr_par' dir='ltr' id='par_1_58' title="bbox 469 4164 2034 4236">
     <span class='ocr_line' id='line_1_58' title="bbox 469 4164 2034 4236; baseline 0.003 -20"><span class='ocrx_word' id='word_1_374' title='bbox 469 4184 488 4216; x_wconf 79' lang='grc' dir='ltr'><strong>ι</strong></span> <span class='ocrx_word' id='word_1_375' title='bbox 537 4165 593 4219; x_wconf 84' lang='lat' dir='ltr'><strong>Si</strong></span> <span class='ocrx_word' id='word_1_376' title='bbox 629 4164 721 4235; x_wconf 89' lang='lat' dir='ltr'><strong>qui</strong></span> <span class='ocrx_word' id='word_1_377' title='bbox 774 4164 958 4219; x_wconf 90' lang='lat' dir='ltr'><strong>clerici</strong></span> <span class='ocrx_word' id='word_1_378' title='bbox 1010 4179 1041 4218; x_wconf 86' lang='lat' dir='ltr'><strong>a</strong></span> <span class='ocrx_word' id='word_1_379' title='bbox 1093 4166 1326 4233; x_wconf 83' lang='lat' dir='ltr'><strong>propriis</strong></span> <span class='ocrx_word' id='word_1_380' title='bbox 1361 4166 1631 4236; x_wconf 80' lang='lat' dir='ltr'><strong>episcOpis</strong></span> <span class='ocrx_word' id='word_1_381' title='bbox 1662 4176 1894 4236; x_wconf 80' lang='lat' dir='ltr'><strong>promoti</strong></span> <span class='ocrx_word' id='word_1_382' title='bbox 1940 4180 2034 4221; x_wconf 84' lang='lat' dir='ltr'><strong>eos</strong></span> 
     </span>
    </p>
   </div>
   <div class='ocr_carea' id='block_1_59' title="bbox 539 4255 2035 4326">
    <p class='ocr_par' dir='ltr' id='par_1_59' title="bbox 539 4255 2035 4326">
     <span class='ocr_line' id='line_1_59' title="bbox 539 4255 2035 4326; baseline 0.003 -17"><span class='ocrx_word' id='word_1_383' title='bbox 539 4277 558 4309; x_wconf 76' lang='grc' dir='ltr'><strong>ι</strong></span> <span class='ocrx_word' id='word_1_384' title='bbox 590 4266 965 4321; x_wconf 83' lang='lat' dir='ltr'><strong>contemnant,</strong></span> <span class='ocrx_word' id='word_1_385' title='bbox 1001 4271 1071 4311; x_wconf 88' lang='lat' dir='ltr'><strong>ne</strong></span> <span class='ocrx_word' id='word_1_386' title='bbox 1113 4255 1225 4311; x_wconf 89' lang='lat' dir='ltr'><strong>illic</strong></span> <span class='ocrx_word' id='word_1_387' title='bbox 1250 4258 1467 4326; x_wconf 89' lang='lat' dir='ltr'><strong>quidem</strong></span> <span class='ocrx_word' id='word_1_388' title='bbox 1503 4267 1757 4313; x_wconf 87' lang='lat' dir='ltr'><strong>maneant</strong></span> <span class='ocrx_word' id='word_1_389' title='bbox 1778 4259 1919 4313; x_wconf 88' lang='lat' dir='ltr'><strong>unde</strong></span> <span class='ocrx_word' id='word_1_390' title='bbox 1948 4274 2035 4313; x_wconf 88' lang='lat' dir='ltr'><strong>se-</strong></span> 
     </span>
    </p>
   </div>
   <div class='ocr_carea' id='block_1_60' title="bbox 548 4349 2033 4422">
    <p class='ocr_par' dir='ltr' id='par_1_60' title="bbox 548 4349 2033 4422">
     <span class='ocr_line' id='line_1_60' title="bbox 548 4349 2033 4422; baseline 0.005 -21"><span class='ocrx_word' id='word_1_391' title='bbox 548 4368 566 4401; x_wconf 73' lang='lat' dir='ltr'><strong><em>c</em></strong></span> <span class='ocrx_word' id='word_1_392' title='bbox 607 4352 803 4405; x_wconf 88' lang='lat' dir='ltr'><strong>cedere</strong></span> <span class='ocrx_word' id='word_1_393' title='bbox 852 4350 1162 4404; x_wconf 88' lang='lat' dir='ltr'><strong>noluerunt.</strong></span> <span class='ocrx_word' id='word_1_394' title='bbox 1199 4349 1463 4405; x_wconf 88' lang='lat' dir='ltr'><strong>Similiter</strong></span> <span class='ocrx_word' id='word_1_395' title='bbox 1497 4351 1730 4421; x_wconf 86' lang='lat' dir='ltr'><strong>placuit,</strong></span> <span class='ocrx_word' id='word_1_396' title='bbox 1763 4360 1820 4405; x_wconf 92' lang='lat' dir='ltr'><strong>ut</strong></span> <span class='ocrx_word' id='word_1_397' title='bbox 1849 4353 2033 4422; x_wconf 78' lang='lat' dir='ltr'><strong>citjus-</strong></span> 
     </span>
    </p>
   </div>
   <div class='ocr_carea' id='block_1_61' title="bbox 546 4437 2032 4509">
    <p class='ocr_par' dir='ltr' id='par_1_61' title="bbox 546 4437 2032 4509">
     <span class='ocr_line' id='line_1_61' title="bbox 546 4437 2032 4509; baseline -0.001 -17"><span class='ocrx_word' id='word_1_398' title='bbox 546 4460 565 4492; x_wconf 73' lang='grc' dir='ltr'><strong>ι</strong></span> <span class='ocrx_word' id='word_1_399' title='bbox 607 4438 970 4509; x_wconf 86' lang='lat' dir='ltr'><strong>modicunque</strong></span> <span class='ocrx_word' id='word_1_400' title='bbox 996 4437 1177 4493; x_wconf 67' lang='lat' dir='ltr'><strong>cleriti</strong></span> <span class='ocrx_word' id='word_1_401' title='bbox 1208 4446 1262 4492; x_wconf 88' lang='lat' dir='ltr'><strong>et</strong></span> <span class='ocrx_word' id='word_1_402' title='bbox 1286 4437 1520 4502; x_wconf 87' lang='lat' dir='ltr'><strong>diaconi,</strong></span> <span class='ocrx_word' id='word_1_403' title='bbox 1556 4437 1599 4493; x_wconf 87' lang='lat' dir='ltr'><strong>si</strong></span> <span class='ocrx_word' id='word_1_404' title='bbox 1624 4438 1738 4494; x_wconf 90' lang='lat' dir='ltr'><strong>suis</strong></span> <span class='ocrx_word' id='word_1_405' title='bbox 1766 4438 2032 4507; x_wconf 80' lang='lat' dir='ltr'><strong>episcopis</strong></span> 
     </span>
    </p>
   </div>
   <div class='ocr_carea' id='block_1_62' title="bbox 544 4530 2029 4602">
    <p class='ocr_par' dir='ltr' id='par_1_62' title="bbox 544 4530 2029 4602">
     <span class='ocr_line' id='line_1_62' title="bbox 544 4530 2029 4602; baseline -0.003 -15"><span class='ocrx_word' id='word_1_406' title='bbox 544 4552 563 4587; x_wconf 81' lang='grc' dir='ltr'><strong>ι</strong></span> <span class='ocrx_word' id='word_1_407' title='bbox 606 4543 830 4602; x_wconf 82' lang='lat' dir='ltr'><strong>prepter</strong></span> <span class='ocrx_word' id='word_1_408' title='bbox 880 4540 1136 4602; x_wconf 77' lang='lat' dir='ltr'><strong>urgentes</strong></span> <span class='ocrx_word' id='word_1_409' title='bbox 1170 4530 1379 4600; x_wconf 86' lang='lat' dir='ltr'><strong>aliquas</strong></span> <span class='ocrx_word' id='word_1_410' title='bbox 1414 4545 1635 4587; x_wconf 88' lang='lat' dir='ltr'><strong>suarum</strong></span> <span class='ocrx_word' id='word_1_411' title='bbox 1672 4531 2029 4587; x_wconf 85' lang='lat' dir='ltr'><strong>ecclesiarum</strong></span> 
     </span>
    </p>
   </div>
   <div class='ocr_carea' id='block_1_63' title="bbox 536 4623 2033 4693">
    <p class='ocr_par' dir='ltr' id='par_1_63' title="bbox 536 4623 2033 4693">
     <span class='ocr_line' id='line_1_63' title="bbox 536 4623 2033 4693; baseline 0.001 -16"><span class='ocrx_word' id='word_1_412' title='bbox 536 4645 554 4677; x_wconf 75' lang='grc' dir='ltr'><strong>ι</strong></span> <span class='ocrx_word' id='word_1_413' title='bbox 593 4640 787 4680; x_wconf 76' lang='lat' dir='ltr'><strong>causas</strong></span> <span class='ocrx_word' id='word_1_414' title='bbox 829 4639 924 4679; x_wconf 89' lang='lat' dir='ltr'><strong>cos</strong></span> <span class='ocrx_word' id='word_1_415' title='bbox 965 4623 1033 4679; x_wconf 85' lang='lat' dir='ltr'><strong>ad</strong></span> <span class='ocrx_word' id='word_1_416' title='bbox 1066 4623 1298 4693; x_wconf 82' lang='lat' dir='ltr'><strong>majores</strong></span> <span class='ocrx_word' id='word_1_417' title='bbox 1320 4624 1373 4678; x_wconf 90' lang='lat' dir='ltr'><strong>in</strong></span> <span class='ocrx_word' id='word_1_418' title='bbox 1397 4623 1628 4679; x_wconf 82' lang='lat' dir='ltr'><strong>ecclesia</strong></span> <span class='ocrx_word' id='word_1_419' title='bbox 1666 4638 1761 4679; x_wconf 84' lang='lat' dir='ltr'><strong>sua</strong></span> <span class='ocrx_word' id='word_1_420' title='bbox 1798 4625 2033 4679; x_wconf 83' lang='lat' dir='ltr'><strong>honores</strong></span> 
     </span>
    </p>
   </div>
   <div class='ocr_carea' id='block_1_64' title="bbox 534 4714 2030 4789">
    <p class='ocr_par' dir='ltr' id='par_1_64' title="bbox 534 4714 2030 4789">
     <span class='ocr_line' id='line_1_64' title="bbox 534 4714 2030 4789; baseline -0.001 -19"><span class='ocrx_word' id='word_1_421' title='bbox 534 4738 551 4770; x_wconf 91' lang='grc'><strong>‹</strong></span> <span class='ocrx_word' id='word_1_422' title='bbox 595 4718 896 4789; x_wconf 84' lang='lat' dir='ltr'><strong>provehere</strong></span> <span class='ocrx_word' id='word_1_423' title='bbox 944 4715 1290 4781; x_wconf 75' lang='grc' dir='ltr'>νυ1οηιὼιιε,</span> <span class='ocrx_word' id='word_1_424' title='bbox 1349 4731 1454 4770; x_wconf 90' lang='lat' dir='ltr'><strong>non</strong></span> <span class='ocrx_word' id='word_1_425' title='bbox 1513 4714 1825 4786; x_wconf 82' lang='lat' dir='ltr'><strong>paruerint,</strong></span> <span class='ocrx_word' id='word_1_426' title='bbox 1876 4730 1943 4768; x_wconf 93' lang='lat' dir='ltr'><strong>ne</strong></span> <span class='ocrx_word' id='word_1_427' title='bbox 1977 4714 2030 4769; x_wconf 90' lang='lat' dir='ltr'><strong>in</strong></span> 
     </span>
    </p>
   </div>
   <div class='ocr_carea' id='block_1_65' title="bbox 542 4807 2033 4881">
    <p class='ocr_par' dir='ltr' id='par_1_65' title="bbox 542 4807 2033 4881">
     <span class='ocr_line' id='line_1_65' title="bbox 542 4807 2033 4881; baseline -0.001 -16"><span class='ocrx_word' id='word_1_428' title='bbox 542 4832 564 4865; x_wconf 77' lang='grc' dir='ltr'><strong>ι</strong></span> <span class='ocrx_word' id='word_1_429' title='bbox 606 4812 694 4865; x_wconf 89' lang='lat' dir='ltr'><strong>illo</strong></span> <span class='ocrx_word' id='word_1_430' title='bbox 721 4812 939 4880; x_wconf 84' lang='lat' dir='ltr'><strong>quidem</strong></span> <span class='ocrx_word' id='word_1_431' title='bbox 974 4813 1140 4881; x_wconf 76' lang='lat' dir='ltr'><strong>gradu</strong></span> <span class='ocrx_word' id='word_1_432' title='bbox 1176 4810 1508 4877; x_wconf 80' lang='lat' dir='ltr'><strong>ministrent,</strong></span> <span class='ocrx_word' id='word_1_433' title='bbox 1538 4823 1606 4863; x_wconf 83' lang='lat' dir='ltr'><strong>ex</strong></span> <span class='ocrx_word' id='word_1_434' title='bbox 1641 4823 1751 4878; x_wconf 85' lang='lat' dir='ltr'><strong>quo</strong></span> <span class='ocrx_word' id='word_1_435' title='bbox 1775 4807 2033 4864; x_wconf 78' lang='lat' dir='ltr'><strong>recedere</strong></span> 
     </span>
    </p>
   </div>
   <div class='ocr_carea' id='block_1_66' title="bbox 535 4904 958 4959">
    <p class='ocr_par' dir='ltr' id='par_1_66' title="bbox 535 4904 958 4959">
     <span class='ocr_line' id='line_1_66' title="bbox 535 4904 958 4959; baseline -0.002 -4"><span class='ocrx_word' id='word_1_436' title='bbox 535 4924 550 4955; x_wconf 83' lang='grc' dir='ltr'><strong>ι</strong></span> <span class='ocrx_word' id='word_1_437' title='bbox 597 4904 904 4959; x_wconf 84' lang='lat' dir='ltr'><strong>noluerunt.</strong></span> <span class='ocrx_word' id='word_1_438' title='bbox 938 4922 958 4954; x_wconf 83' lang='grc'><strong>›</strong></span> 
     </span>
    </p>
   </div>
   <div class='ocr_carea' id='block_1_67' title="bbox 523 5015 2029 5083">
    <p class='ocr_par' dir='ltr' id='par_1_67' title="bbox 523 5015 2029 5083">
     <span class='ocr_line' id='line_1_67' title="bbox 523 5015 2029 5083; baseline 0.001 -13"><span class='ocrx_word' id='word_1_439' title='bbox 523 5016 719 5074; x_wconf 49' lang='grc' dir='ltr'>Βηιιὸ.</span> <span class='ocrx_word' id='word_1_440' title='bbox 756 5015 983 5083; x_wconf 84' lang='lat' dir='ltr'><strong>Quidam</strong></span> <span class='ocrx_word' id='word_1_441' title='bbox 1014 5016 1225 5083; x_wconf 78' lang='lat' dir='ltr'><strong>clerici,</strong></span> <span class='ocrx_word' id='word_1_442' title='bbox 1263 5026 1322 5071; x_wconf 90' lang='lat' dir='ltr'><strong>ut</strong></span> <span class='ocrx_word' id='word_1_443' title='bbox 1349 5025 1435 5072; x_wconf 85' lang='lat' dir='ltr'><strong>est</strong></span> <span class='ocrx_word' id='word_1_444' title='bbox 1481 5015 1799 5081; x_wconf 82' lang='lat' dir='ltr'><strong>verisimile,</strong></span> <span class='ocrx_word' id='word_1_445' title='bbox 1841 5030 1868 5069; x_wconf 72' lang='grc' dir='ltr'>ει</span> <span class='ocrx_word' id='word_1_446' title='bbox 1913 5015 2029 5071; x_wconf 89' lang='lat' dir='ltr'><strong>suis</strong></span> 
     </span>
    </p>
   </div>
   <div class='ocr_carea' id='block_1_68' title="bbox 453 5107 2030 5180">
    <p class='ocr_par' dir='ltr' id='par_1_68' title="bbox 453 5107 2030 5180">
     <span class='ocr_line' id='line_1_68' title="bbox 453 5107 2030 5180; baseline 0.001 -19"><span class='ocrx_word' id='word_1_447' title='bbox 453 5110 726 5178; x_wconf 71' lang='lat' dir='ltr'><strong>episcoliis</strong></span> <span class='ocrx_word' id='word_1_448' title='bbox 751 5110 819 5164; x_wconf 87' lang='lat' dir='ltr'><strong>ad</strong></span> <span class='ocrx_word' id='word_1_449' title='bbox 870 5109 1127 5180; x_wconf 80' lang='lat' dir='ltr'><strong>majores</strong></span> <span class='ocrx_word' id='word_1_450' title='bbox 1158 5110 1359 5177; x_wconf 85' lang='lat' dir='ltr'><strong>gradus</strong></span> <span class='ocrx_word' id='word_1_451' title='bbox 1403 5107 1636 5172; x_wconf 87' lang='lat' dir='ltr'><strong>evocati,</strong></span> <span class='ocrx_word' id='word_1_452' title='bbox 1693 5118 1916 5177; x_wconf 82' lang='lat' dir='ltr'><strong>propter</strong></span> <span class='ocrx_word' id='word_1_453' title='bbox 1940 5124 2030 5162; x_wconf 84' lang='lat' dir='ltr'><strong>cc-</strong></span> 
     </span>
    </p>
   </div>
   <div class='ocr_carea' id='block_1_69' title="bbox 450 5198 2029 5269">
    <p class='ocr_par' dir='ltr' id='par_1_69' title="bbox 450 5198 2029 5269">
     <span class='ocr_line' id='line_1_69' title="bbox 450 5198 2029 5269; baseline -0.001 -17"><span class='ocrx_word' id='word_1_454' title='bbox 450 5200 738 5255; x_wconf 73' lang='lat' dir='ltr'><strong>clesiarum</strong></span> <span class='ocrx_word' id='word_1_455' title='bbox 780 5201 1093 5263; x_wconf 88' lang='lat' dir='ltr'><strong>utilitatem,</strong></span> <span class='ocrx_word' id='word_1_456' title='bbox 1131 5215 1238 5254; x_wconf 91' lang='lat' dir='ltr'><strong>non</strong></span> <span class='ocrx_word' id='word_1_457' title='bbox 1293 5198 1759 5269; x_wconf 82' lang='lat' dir='ltr'><strong>persuadebantur</strong></span> <span class='ocrx_word' id='word_1_458' title='bbox 1803 5198 1907 5253; x_wconf 84' lang='lat' dir='ltr'><strong>hoc</strong></span> <span class='ocrx_word' id='word_1_459' title='bbox 1945 5198 2029 5252; x_wconf 85' lang='lat' dir='ltr'><strong>fa-</strong></span> 
     </span>
    </p>
   </div>
   <div class='ocr_carea' id='block_1_70' title="bbox 450 5289 2028 5360">
    <p class='ocr_par' dir='ltr' id='par_1_70' title="bbox 450 5289 2028 5360">
     <span class='ocr_line' id='line_1_70' title="bbox 450 5289 2028 5360; baseline 0 -18"><span class='ocrx_word' id='word_1_460' title='bbox 450 5301 597 5355; x_wconf 67' lang='lat' dir='ltr'><strong>cere,</strong></span> <span class='ocrx_word' id='word_1_461' title='bbox 630 5305 696 5343; x_wconf 91' lang='lat' dir='ltr'><strong>co</strong></span> <span class='ocrx_word' id='word_1_462' title='bbox 726 5291 870 5359; x_wconf 84' lang='lat' dir='ltr'><strong>quod</strong></span> <span class='ocrx_word' id='word_1_463' title='bbox 915 5290 1328 5359; x_wconf 71' lang='lat' dir='ltr'><strong>acquiescerent</strong></span> <span class='ocrx_word' id='word_1_464' title='bbox 1356 5289 1424 5342; x_wconf 91' lang='lat' dir='ltr'><strong>iis</strong></span> <span class='ocrx_word' id='word_1_465' title='bbox 1453 5304 1591 5358; x_wconf 89' lang='lat' dir='ltr'><strong>quos</strong></span> <span class='ocrx_word' id='word_1_466' title='bbox 1614 5290 1726 5360; x_wconf 86' lang='lat' dir='ltr'><strong>jam</strong></span> <span class='ocrx_word' id='word_1_467' title='bbox 1751 5290 2028 5343; x_wconf 85' lang='lat' dir='ltr'><strong>habebant</strong></span> 
     </span>
    </p>
   </div>
   <div class='ocr_carea' id='block_1_71' title="bbox 449 5380 2022 5451">
    <p class='ocr_par' dir='ltr' id='par_1_71' title="bbox 449 5380 2022 5451">
     <span class='ocr_line' id='line_1_71' title="bbox 449 5380 2022 5451; baseline 0.001 -17"><span class='ocrx_word' id='word_1_468' title='bbox 449 5380 731 5451; x_wconf 74' lang='lat' dir='ltr'><strong>gradibus,</strong></span> <span class='ocrx_word' id='word_1_469' title='bbox 753 5380 907 5437; x_wconf 88' lang='lat' dir='ltr'><strong>lucro</strong></span> <span class='ocrx_word' id='word_1_470' title='bbox 939 5381 1173 5436; x_wconf 85' lang='lat' dir='ltr'><strong>fortasse</strong></span> <span class='ocrx_word' id='word_1_471' title='bbox 1189 5381 1272 5436; x_wconf 84' lang='lat' dir='ltr'><strong>vel</strong></span> <span class='ocrx_word' id='word_1_472' title='bbox 1291 5383 1759 5451; x_wconf 82' lang='lat' dir='ltr'><strong>corporaliquiete</strong></span> <span class='ocrx_word' id='word_1_473' title='bbox 1783 5383 2022 5437; x_wconf 82' lang='lat' dir='ltr'><strong>adducti.</strong></span> 
     </span>
    </p>
   </div>
   <div class='ocr_carea' id='block_1_72' title="bbox 453 5471 2024 5544">
    <p class='ocr_par' dir='ltr' id='par_1_72' title="bbox 453 5471 2024 5544">
     <span class='ocr_line' id='line_1_72' title="bbox 453 5471 2024 5544; baseline 0.001 -18"><span class='ocrx_word' id='word_1_474' title='bbox 453 5472 772 5526; x_wconf 80' lang='lat' dir='ltr'><strong>Statuerunt</strong></span> <span class='ocrx_word' id='word_1_475' title='bbox 805 5486 933 5541; x_wconf 73' lang='lat' dir='ltr'><strong>ergo</strong></span> <span class='ocrx_word' id='word_1_476' title='bbox 965 5471 1181 5539; x_wconf 81' lang='lat' dir='ltr'><strong>Patres,</strong></span> <span class='ocrx_word' id='word_1_477' title='bbox 1211 5484 1270 5526; x_wconf 87' lang='grc' dir='ltr'><strong>ιιι</strong></span> <span class='ocrx_word' id='word_1_478' title='bbox 1298 5473 1343 5528; x_wconf 88' lang='lat' dir='ltr'><strong>si</strong></span> <span class='ocrx_word' id='word_1_479' title='bbox 1371 5474 1463 5543; x_wconf 85' lang='lat' dir='ltr'><strong>qui</strong></span> <span class='ocrx_word' id='word_1_480' title='bbox 1498 5474 1710 5536; x_wconf 80' lang='lat' dir='ltr'><strong>clerici,</strong></span> <span class='ocrx_word' id='word_1_481' title='bbox 1744 5474 2024 5544; x_wconf 72' lang='lat' dir='ltr'><strong>cuiusmo-</strong></span> 
     </span>
    </p>
   </div>
   <div class='ocr_carea' id='block_1_73' title="bbox 452 5561 2026 5639">
    <p class='ocr_par' dir='ltr' id='par_1_73' title="bbox 452 5561 2026 5639">
     <span class='ocr_line' id='line_1_73' title="bbox 452 5561 2026 5639; baseline 0.003 -22"><span class='ocrx_word' id='word_1_482' title='bbox 452 5561 727 5631; x_wconf 85' lang='lat' dir='ltr'><strong>dicunque</strong></span> <span class='ocrx_word' id='word_1_483' title='bbox 758 5565 1093 5621; x_wconf 84' lang='lat' dir='ltr'><strong>sacerdotale</strong></span> <span class='ocrx_word' id='word_1_484' title='bbox 1145 5566 1504 5621; x_wconf 86' lang='lat' dir='ltr'><strong>ministerium</strong></span> <span class='ocrx_word' id='word_1_485' title='bbox 1536 5578 1857 5623; x_wconf 80' lang='lat' dir='ltr'><strong>exercentes</strong></span> <span class='ocrx_word' id='word_1_486' title='bbox 1907 5571 2026 5639; x_wconf 90' lang='lat' dir='ltr'><strong>(ne-</strong></span> 
     </span>
    </p>
   </div>
   <div class='ocr_carea' id='block_1_74' title="bbox 451 5646 2035 5728">
    <p class='ocr_par' dir='ltr' id='par_1_74' title="bbox 451 5646 2035 5728">
     <span class='ocr_line' id='line_1_74' title="bbox 451 5646 2035 5728; baseline 0.006 -24"><span class='ocrx_word' id='word_1_487' title='bbox 451 5646 563 5720; x_wconf 76' lang='lat' dir='ltr'><strong>que</strong></span> <span class='ocrx_word' id='word_1_488' title='bbox 601 5655 744 5707; x_wconf 84' lang='lat' dir='ltr'><strong>enim</strong></span> <span class='ocrx_word' id='word_1_489' title='bbox 796 5656 881 5712; x_wconf 84' lang='lat' dir='ltr'><strong>hic</strong></span> <span class='ocrx_word' id='word_1_490' title='bbox 915 5657 1257 5726; x_wconf 86' lang='lat' dir='ltr'><strong>accipiuntur</strong></span> <span class='ocrx_word' id='word_1_491' title='bbox 1300 5657 1511 5712; x_wconf 80' lang='lat' dir='ltr'><strong>diaconi</strong></span> <span class='ocrx_word' id='word_1_492' title='bbox 1562 5673 1658 5727; x_wconf 87' lang='lat' dir='ltr'><strong>pro</strong></span> <span class='ocrx_word' id='word_1_493' title='bbox 1703 5659 1789 5724; x_wconf 77' lang='lat' dir='ltr'><strong>iis,</strong></span> <span class='ocrx_word' id='word_1_494' title='bbox 1841 5661 1937 5728; x_wconf 92' lang='lat' dir='ltr'><strong>qui</strong></span> <span class='ocrx_word' id='word_1_495' title='bbox 1971 5660 2035 5714; x_wconf 63' lang='lat' dir='ltr'><strong>inf</strong></span> 
     </span>
    </p>
   </div>
   <div class='ocr_carea' id='block_1_75' title="bbox 451 5746 2014 5823">
    <p class='ocr_par' dir='ltr' id='par_1_75' title="bbox 451 5746 2014 5823">
     <span class='ocr_line' id='line_1_75' title="bbox 451 5746 2014 5823; baseline 0.006 -24"><span class='ocrx_word' id='word_1_496' title='bbox 451 5754 640 5799; x_wconf 83' lang='lat' dir='ltr'><strong>sancto</strong></span> <span class='ocrx_word' id='word_1_497' title='bbox 668 5746 923 5804; x_wconf 83' lang='lat' dir='ltr'><strong>tribunali</strong></span> <span class='ocrx_word' id='word_1_498' title='bbox 952 5748 1294 5817; x_wconf 76' lang='lat' dir='ltr'><strong>ministrant;</strong></span> <span class='ocrx_word' id='word_1_499' title='bbox 1334 5750 1431 5806; x_wconf 85' lang='lat' dir='ltr'><strong>sed</strong></span> <span class='ocrx_word' id='word_1_500' title='bbox 1470 5764 1569 5821; x_wconf 91' lang='lat' dir='ltr'><strong>pro</strong></span> <span class='ocrx_word' id='word_1_501' title='bbox 1601 5750 1692 5818; x_wconf 89' lang='lat' dir='ltr'><strong>iis,</strong></span> <span class='ocrx_word' id='word_1_502' title='bbox 1717 5751 1808 5823; x_wconf 88' lang='lat' dir='ltr'><strong>qui</strong></span> <span class='ocrx_word' id='word_1_503' title='bbox 1839 5753 2014 5822; x_wconf 82' lang='lat' dir='ltr'><strong>quod-</strong></span> 
     </span>
    </p>
   </div>
   <div class='ocr_carea' id='block_1_76' title="bbox 2149 1892 3730 1969">
    <p class='ocr_par' dir='ltr' id='par_1_76' title="bbox 2149 1892 3730 1969">
     <span class='ocr_line' id='line_1_76' title="bbox 2149 1892 3730 1969; baseline 0.003 -24"><span class='ocrx_word' id='word_1_504' title='bbox 2149 1892 2420 1964; x_wconf 71' lang='grc' dir='ltr'>γένηται*</span> <span class='ocrx_word' id='word_1_505' title='bbox 2480 1892 2711 1964; x_wconf 68' lang='grc' dir='ltr'>ἔγγιστα</span> <span class='ocrx_word' id='word_1_506' title='bbox 2770 1895 2829 1950; x_wconf 81' lang='grc' dir='ltr'>δὲ</span> <span class='ocrx_word' id='word_1_507' title='bbox 2881 1897 3221 1968; x_wconf 75' lang='grc' dir='ltr'>διακείμενον</span> <span class='ocrx_word' id='word_1_508' title='bbox 3273 1896 3440 1951; x_wconf 80' lang='grc' dir='ltr'>τόπον</span> <span class='ocrx_word' id='word_1_509' title='bbox 3492 1898 3589 1951; x_wconf 76' lang='grc' dir='ltr'>καὶ</span> <span class='ocrx_word' id='word_1_510' title='bbox 3647 1898 3730 1969; x_wconf 77' lang='grc' dir='ltr'>μὴ</span> 
     </span>
    </p>
   </div>
   <div class='ocr_carea' id='block_1_77' title="bbox 2146 1985 3730 2061">
    <p class='ocr_par' dir='ltr' id='par_1_77' title="bbox 2146 1985 3730 2061">
     <span class='ocr_line' id='line_1_77' title="bbox 2146 1985 3730 2061; baseline 0.001 -22"><span class='ocrx_word' id='word_1_511' title='bbox 2146 1985 2291 2040; x_wconf 79' lang='grc' dir='ltr'>πάνυ</span> <span class='ocrx_word' id='word_1_512' title='bbox 2341 1986 2533 2059; x_wconf 73' lang='grc' dir='ltr'>πόρρω</span> <span class='ocrx_word' id='word_1_513' title='bbox 2581 1988 2944 2059; x_wconf 81' lang='grc' dir='ltr'>τυγχάνοντα,</span> <span class='ocrx_word' id='word_1_514' title='bbox 2982 1988 3124 2044; x_wconf 84' lang='grc' dir='ltr'>ὥστε</span> <span class='ocrx_word' id='word_1_515' title='bbox 3172 1991 3310 2061; x_wconf 77' lang='grc' dir='ltr'>μήτε</span> <span class='ocrx_word' id='word_1_516' title='bbox 3347 1989 3426 2060; x_wconf 82' lang='grc' dir='ltr'><strong>τῷ</strong></span> <span class='ocrx_word' id='word_1_517' title='bbox 3470 1989 3730 2061; x_wconf 77' lang='grc' dir='ltr'>ἀντιδίκῳ</span> 
     </span>
    </p>
   </div>
   <div class='ocr_carea' id='block_1_78' title="bbox 2145 2065 3818 2153">
    <p class='ocr_par' dir='ltr' id='par_1_78' title="bbox 2145 2065 3818 2153">
     <span class='ocr_line' id='line_1_78' title="bbox 2145 2065 3818 2153; baseline 0.003 -23"><span class='ocrx_word' id='word_1_518' title='bbox 2145 2075 2335 2143; x_wconf 73' lang='grc' dir='ltr'>αὑτοῦ,</span> <span class='ocrx_word' id='word_1_519' title='bbox 2390 2078 2527 2150; x_wconf 79' lang='grc' dir='ltr'>μήτε</span> <span class='ocrx_word' id='word_1_520' title='bbox 2558 2081 2671 2143; x_wconf 80' lang='grc' dir='ltr'>τοῖς</span> <span class='ocrx_word' id='word_1_521' title='bbox 2694 2065 3030 2146; x_wconf 67' lang='grc' dir='ltr'>δικάζουσιν</span> <span class='ocrx_word' id='word_1_522' title='bbox 3050 2077 3189 2135; x_wconf 75' lang='grc' dir='ltr'>εἶναι</span> <span class='ocrx_word' id='word_1_523' title='bbox 3223 2081 3462 2153; x_wconf 83' lang='grc' dir='ltr'>δυσχερῆ</span> <span class='ocrx_word' id='word_1_524' title='bbox 3495 2081 3596 2153; x_wconf 79' lang='grc' dir='ltr'>τὴν</span> <span class='ocrx_word' id='word_1_525' title='bbox 3635 2084 3723 2146; x_wconf 72' lang='grc' dir='ltr'><strong>εἰς</strong></span> <span class='ocrx_word' id='word_1_526' title='bbox 3814 2070 3818 2073; x_wconf 36' lang='grc'>⁷</span> 
     </span>
    </p>
   </div>
   <div class='ocr_carea' id='block_1_79' title="bbox 2148 2170 3727 2246">
    <p class='ocr_par' dir='ltr' id='par_1_79' title="bbox 2148 2170 3727 2246">
     <span class='ocr_line' id='line_1_79' title="bbox 2148 2170 3727 2246; baseline 0.003 -23"><span class='ocrx_word' id='word_1_527' title='bbox 2148 2171 2357 2225; x_wconf 76' lang='grc' dir='ltr'>ἐκεῖνον</span> <span class='ocrx_word' id='word_1_528' title='bbox 2396 2170 2488 2225; x_wconf 74' lang='grc' dir='ltr'>τὸν</span> <span class='ocrx_word' id='word_1_529' title='bbox 2521 2171 2689 2227; x_wconf 84' lang='grc' dir='ltr'>τόπον</span> <span class='ocrx_word' id='word_1_530' title='bbox 2720 2173 3037 2241; x_wconf 71' lang='grc' dir='ltr'>ἀπέλευσιν,</span> <span class='ocrx_word' id='word_1_531' title='bbox 3063 2174 3156 2239; x_wconf 82' lang='grc' dir='ltr'><strong>’ὥς</strong></span> <span class='ocrx_word' id='word_1_532' title='bbox 3199 2174 3268 2229; x_wconf 78' lang='grc' dir='ltr'>ἂν</span> <span class='ocrx_word' id='word_1_533' title='bbox 3318 2175 3560 2246; x_wconf 78' lang='grc' dir='ltr'>εὐχερῶς</span> <span class='ocrx_word' id='word_1_534' title='bbox 3600 2176 3727 2228; x_wconf 66' lang='lat' dir='ltr'><strong>tua!</strong></span> 
     </span>
    </p>
   </div>
   <div class='ocr_carea' id='block_1_80' title="bbox 2147 2259 3720 2337">
    <p class='ocr_par' dir='ltr' id='par_1_80' title="bbox 2147 2259 3720 2337">
     <span class='ocr_line' id='line_1_80' title="bbox 2147 2259 3720 2337; baseline 0.004 -23"><span class='ocrx_word' id='word_1_535' title='bbox 2147 2259 2426 2332; x_wconf 82' lang='grc' dir='ltr'>μάρτυρες</span> <span class='ocrx_word' id='word_1_536' title='bbox 2450 2261 2796 2332; x_wconf 82' lang='grc' dir='ltr'>παραστῶσι,</span> <span class='ocrx_word' id='word_1_537' title='bbox 2824 2263 2923 2317; x_wconf 77' lang='grc' dir='ltr'>καὶ</span> <span class='ocrx_word' id='word_1_538' title='bbox 2955 2265 2988 2335; x_wconf 75' lang='grc' dir='ltr'>ἡ</span> <span class='ocrx_word' id='word_1_539' title='bbox 3018 2264 3277 2331; x_wconf 81' lang='grc' dir='ltr'>ὑπόθεσις</span> <span class='ocrx_word' id='word_1_540' title='bbox 3302 2266 3622 2337; x_wconf 70' lang='grc' dir='ltr'>περατωθῇε</span> <span class='ocrx_word' id='word_1_541' title='bbox 3652 2266 3720 2320; x_wconf 68' lang='lat' dir='ltr'><strong>Et</strong></span> 
     </span>
    </p>
   </div>
   <div class='ocr_carea' id='block_1_81' title="bbox 2145 2350 3726 2429">
    <p class='ocr_par' dir='ltr' id='par_1_81' title="bbox 2145 2350 3726 2429">
     <span class='ocr_line' id='line_1_81' title="bbox 2145 2350 3726 2429; baseline 0.003 -24"><span class='ocrx_word' id='word_1_542' title='bbox 2145 2350 2255 2423; x_wconf 74' lang='grc' dir='ltr'><strong>γὰρ</strong></span> <span class='ocrx_word' id='word_1_543' title='bbox 2274 2352 2468 2423; x_wconf 74' lang='grc' dir='ltr'>πόρρω</span> <span class='ocrx_word' id='word_1_544' title='bbox 2492 2353 2765 2411; x_wconf 75' lang='grc' dir='ltr'>διάκειται</span> <span class='ocrx_word' id='word_1_545' title='bbox 2789 2355 2818 2407; x_wconf 98' lang='lat'><strong>6</strong></span> <span class='ocrx_word' id='word_1_546' title='bbox 2837 2355 3002 2419; x_wconf 88' lang='grc' dir='ltr'>τόπος</span> <span class='ocrx_word' id='word_1_547' title='bbox 3020 2356 3079 2410; x_wconf 85' lang='grc' dir='ltr'>ὲν</span> <span class='ocrx_word' id='word_1_548' title='bbox 3094 2352 3139 2426; x_wconf 84' lang='grc' dir='ltr'>ᾧ</span> <span class='ocrx_word' id='word_1_549' title='bbox 3163 2357 3344 2429; x_wconf 77' lang='grc' dir='ltr'>μέλλει</span> <span class='ocrx_word' id='word_1_550' title='bbox 3365 2357 3726 2412; x_wconf 80' lang='grc' dir='ltr'>συνίστασθαι</span> 
     </span>
    </p>
   </div>
   <div class='ocr_carea' id='block_1_82' title="bbox 2144 2436 3727 2520">
    <p class='ocr_par' dir='ltr' id='par_1_82' title="bbox 2144 2436 3727 2520">
     <span class='ocr_line' id='line_1_82' title="bbox 2144 2436 3727 2520; baseline 0.004 -27"><span class='ocrx_word' id='word_1_551' title='bbox 2144 2440 2205 2494; x_wconf 85' lang='grc' dir='ltr'>τὸ</span> <span class='ocrx_word' id='word_1_552' title='bbox 2255 2440 2635 2514; x_wconf 83' lang='grc' dir='ltr'>δικαστήριον,</span> <span class='ocrx_word' id='word_1_553' title='bbox 2681 2444 2779 2498; x_wconf 79' lang='grc' dir='ltr'>καὶ</span> <span class='ocrx_word' id='word_1_554' title='bbox 2825 2444 2859 2516; x_wconf 74' lang='grc' dir='ltr'>ἠ</span> <span class='ocrx_word' id='word_1_555' title='bbox 2909 2442 3018 2500; x_wconf 81' lang='grc' dir='ltr'><strong>τῶν</strong></span> <span class='ocrx_word' id='word_1_556' title='bbox 3064 2436 3359 2519; x_wconf 84' lang='grc' dir='ltr'>μαρτύρων</span> <span class='ocrx_word' id='word_1_557' title='bbox 3407 2446 3727 2520; x_wconf 72' lang='grc' dir='ltr'>παραγωγὴ</span> 
     </span>
    </p>
   </div>
   <div class='ocr_carea' id='block_1_83' title="bbox 2144 2530 3727 2612">
    <p class='ocr_par' dir='ltr' id='par_1_83' title="bbox 2144 2530 3727 2612">
     <span class='ocr_line' id='line_1_83' title="bbox 2144 2530 3727 2612; baseline 0.007 -28"><span class='ocrx_word' id='word_1_558' title='bbox 2144 2530 2416 2603; x_wconf 79' lang='grc' dir='ltr'>δυσχερὴς</span> <span class='ocrx_word' id='word_1_559' title='bbox 2444 2533 2619 2593; x_wconf 66' lang='lat' dir='ltr'><strong>Istat.</strong></span> <span class='ocrx_word' id='word_1_560' title='bbox 2650 2534 2730 2590; x_wconf 75' lang='grc' dir='ltr'><strong>Οὐ</strong></span> <span class='ocrx_word' id='word_1_561' title='bbox 2779 2537 2887 2607; x_wconf 72' lang='grc' dir='ltr'>γὰρ</span> <span class='ocrx_word' id='word_1_562' title='bbox 2926 2538 3314 2610; x_wconf 75' lang='grc' dir='ltr'>πεισθήσονται</span> <span class='ocrx_word' id='word_1_563' title='bbox 3348 2540 3398 2592; x_wconf 84' lang='lat' dir='ltr'><strong>oi</strong></span> <span class='ocrx_word' id='word_1_564' title='bbox 3442 2541 3727 2612; x_wconf 81' lang='grc' dir='ltr'>μάρτυρες</span> 
     </span>
    </p>
   </div>
   <div class='ocr_carea' id='block_1_84' title="bbox 2148 2623 3723 2702">
    <p class='ocr_par' dir='ltr' id='par_1_84' title="bbox 2148 2623 3723 2702">
     <span class='ocr_line' id='line_1_84' title="bbox 2148 2623 3723 2702; baseline 0.008 -26"><span class='ocrx_word' id='word_1_565' title='bbox 2148 2623 2451 2693; x_wconf 83' lang='grc' dir='ltr'>ὖπερορίως</span> <span class='ocrx_word' id='word_1_566' title='bbox 2481 2625 2859 2698; x_wconf 71' lang='grc' dir='ltr'>ἀποδημῆσαι.</span> <span class='ocrx_word' id='word_1_567' title='bbox 2895 2629 3087 2684; x_wconf 78' lang='grc' dir='ltr'>Ούδενὶ</span> <span class='ocrx_word' id='word_1_568' title='bbox 3119 2630 3230 2701; x_wconf 71' lang='grc' dir='ltr'>γὰρ</span> <span class='ocrx_word' id='word_1_569' title='bbox 3259 2631 3464 2702; x_wconf 80' lang='grc' dir='ltr'>ὀφείλει</span> <span class='ocrx_word' id='word_1_570' title='bbox 3491 2633 3554 2686; x_wconf 77' lang='grc' dir='ltr'>τὸ</span> <span class='ocrx_word' id='word_1_571' title='bbox 3584 2632 3723 2688; x_wconf 85' lang='grc' dir='ltr'>ἴδιον</span> 
     </span>
    </p>
   </div>
   <div class='ocr_carea' id='block_1_85' title="bbox 2143 2715 3722 2794">
    <p class='ocr_par' dir='ltr' id='par_1_85' title="bbox 2143 2715 3722 2794">
     <span class='ocr_line' id='line_1_85' title="bbox 2143 2715 3722 2794; baseline 0.006 -26"><span class='ocrx_word' id='word_1_572' title='bbox 2143 2715 2399 2784; x_wconf 75' lang='grc' dir='ltr'>όφφίκιον</span> <span class='ocrx_word' id='word_1_573' title='bbox 2445 2715 2740 2788; x_wconf 74' lang='grc' dir='ltr'>ἐπιζήμιον</span> <span class='ocrx_word' id='word_1_574' title='bbox 2789 2719 3060 2789; x_wconf 83' lang='grc' dir='ltr'>γίνεσθαι,</span> <span class='ocrx_word' id='word_1_575' title='bbox 3088 2723 3121 2776; x_wconf 88' lang='lat'><strong>6</strong></span> <span class='ocrx_word' id='word_1_576' title='bbox 3161 2722 3324 2792; x_wconf 87' lang='grc' dir='ltr'>νόμος</span> <span class='ocrx_word' id='word_1_577' title='bbox 3357 2722 3513 2794; x_wconf 78' lang='grc' dir='ltr'>φησί.</span> <span class='ocrx_word' id='word_1_578' title='bbox 3552 2725 3626 2778; x_wconf 83' lang='grc' dir='ltr'><strong>Τὸ</strong></span> <span class='ocrx_word' id='word_1_579' title='bbox 3662 2725 3722 2778; x_wconf 75' lang='grc' dir='ltr'>δὲ</span> 
     </span>
    </p>
   </div>
   <div class='ocr_carea' id='block_1_86' title="bbox 2116 2807 3721 2888">
    <p class='ocr_par' dir='ltr' id='par_1_86' title="bbox 2116 2807 3721 2888">
     <span class='ocr_line' id='line_1_86' title="bbox 2116 2807 3721 2888; baseline 0.006 -26"><span class='ocrx_word' id='word_1_580' title='bbox 2116 2807 2315 2878; x_wconf 81' lang='grc' dir='ltr'>-δνομα</span> <span class='ocrx_word' id='word_1_581' title='bbox 2341 2811 2434 2864; x_wconf 74' lang='grc' dir='ltr'><strong>τοῦ</strong></span> <span class='ocrx_word' id='word_1_582' title='bbox 2466 2810 2723 2878; x_wconf 78' lang='grc' dir='ltr'>ὀφφικίου</span> <span class='ocrx_word' id='word_1_583' title='bbox 2761 2812 3071 2885; x_wconf 80' lang='grc' dir='ltr'>Ῥωμαϊκόν</span> <span class='ocrx_word' id='word_1_584' title='bbox 3103 2817 3242 2882; x_wconf 76' lang='grc' dir='ltr'>ἐστι,</span> <span class='ocrx_word' id='word_1_585' title='bbox 3283 2818 3549 2888; x_wconf 79' lang='grc' dir='ltr'>σημαῖνον</span> <span class='ocrx_word' id='word_1_586' title='bbox 3583 2818 3721 2872; x_wconf 80' lang='grc' dir='ltr'>διοί-</span> 
     </span>
    </p>
   </div>
   <div class='ocr_carea' id='block_1_87' title="bbox 2143 2905 3145 2973">
    <p class='ocr_par' dir='ltr' id='par_1_87' title="bbox 2143 2905 3145 2973">
     <span class='ocr_line' id='line_1_87' title="bbox 2143 2905 3145 2973; baseline 0.008 -18"><span class='ocrx_word' id='word_1_587' title='bbox 2143 2919 2306 2973; x_wconf 81' lang='grc' dir='ltr'>κησιν</span> <span class='ocrx_word' id='word_1_588' title='bbox 2344 2905 2441 2958; x_wconf 76' lang='grc' dir='ltr'>καὶ</span> <span class='ocrx_word' id='word_1_589' title='bbox 2466 2905 2833 2971; x_wconf 82' lang='grc' dir='ltr'>ἀξιοπιστίαν.</span> <span class='ocrx_word' id='word_1_590' title='bbox 3142 2944 3145 2945; x_wconf 52' lang='grc' dir='ltr'><strong>ν</strong></span> 
     </span>
    </p>
   </div>
   <div class='ocr_carea' id='block_1_88' title="bbox 2140 2994 3720 3075">
    <p class='ocr_par' dir='ltr' id='par_1_88' title="bbox 2140 2994 3720 3075">
     <span class='ocr_line' id='line_1_88' title="bbox 2140 2994 3720 3075; baseline 0.006 -26"><span class='ocrx_word' id='word_1_591' title='bbox 2140 2994 2366 3052; x_wconf 74' lang='grc' dir='ltr'><strong>ΑΡΙΣΤ.</strong></span> <span class='ocrx_word' id='word_1_592' title='bbox 2407 3015 2427 3048; x_wconf 82' lang='grc' dir='ltr'><strong>ι</strong></span> <span class='ocrx_word' id='word_1_593' title='bbox 2462 2999 2823 3071; x_wconf 83' lang='grc' dir='ltr'>Κατηγορῶν,</span> <span class='ocrx_word' id='word_1_594' title='bbox 2861 2999 2894 3072; x_wconf 77' lang='grc' dir='ltr'>ἢ</span> <span class='ocrx_word' id='word_1_595' title='bbox 2924 3002 3425 3073; x_wconf 70' lang='grc' dir='ltr'>κατηγορούμενος,</span> <span class='ocrx_word' id='word_1_596' title='bbox 3471 3003 3593 3074; x_wconf 86' lang='grc' dir='ltr'>βίαν</span> <span class='ocrx_word' id='word_1_597' title='bbox 3621 3023 3720 3075; x_wconf 78' lang='grc' dir='ltr'>φο-</span> 
     </span>
    </p>
   </div>
   <div class='ocr_carea' id='block_1_89' title="bbox 2360 3088 3495 3161">
    <p class='ocr_par' dir='ltr' id='par_1_89' title="bbox 2360 3088 3495 3161">
     <span class='ocr_line' id='line_1_89' title="bbox 2360 3088 3495 3161; baseline 0.006 -21"><span class='ocrx_word' id='word_1_598' title='bbox 2360 3105 2384 3139; x_wconf 74' lang='grc'><strong>(</strong></span> <span class='ocrx_word' id='word_1_599' title='bbox 2414 3088 2510 3142; x_wconf 76' lang='grc' dir='ltr'>σού</span> <span class='ocrx_word' id='word_1_600' title='bbox 2520 3106 2702 3161; x_wconf 59' lang='grc' dir='ltr'>μενος,</span> <span class='ocrx_word' id='word_1_601' title='bbox 2726 3091 3032 3161; x_wconf 78' lang='grc' dir='ltr'>ὲπιλεγίτω</span> <span class='ocrx_word' id='word_1_602' title='bbox 3046 3093 3208 3148; x_wconf 80' lang='grc' dir='ltr'>τόπον</span> <span class='ocrx_word' id='word_1_603' title='bbox 3225 3093 3446 3150; x_wconf 78' lang='grc' dir='ltr'>ἄσυλον.</span> <span class='ocrx_word' id='word_1_604' title='bbox 3477 3115 3495 3147; x_wconf 72' lang='grc' dir='ltr'><strong>ι</strong></span> 
     </span>
    </p>
   </div>
   <div class='ocr_carea' id='block_1_90' title="bbox 2227 3180 3722 3260">
    <p class='ocr_par' dir='ltr' id='par_1_90' title="bbox 2227 3180 3722 3260">
     <span class='ocr_line' id='line_1_90' title="bbox 2227 3180 3722 3260; baseline 0.007 -27"><span class='ocrx_word' id='word_1_605' title='bbox 2227 3180 2287 3233; x_wconf 88' lang='grc'><strong>’0</strong></span> <span class='ocrx_word' id='word_1_606' title='bbox 2335 3182 2663 3254; x_wconf 81' lang='grc' dir='ltr'>κατηγορῶν</span> <span class='ocrx_word' id='word_1_607' title='bbox 2688 3200 2855 3251; x_wconf 89' lang='grc' dir='ltr'>τινος,</span> <span class='ocrx_word' id='word_1_608' title='bbox 2905 3184 2999 3240; x_wconf 70' lang='grc' dir='ltr'>ἐὰν</span> <span class='ocrx_word' id='word_1_609' title='bbox 3032 3185 3154 3255; x_wconf 84' lang='grc' dir='ltr'>βίαν</span> <span class='ocrx_word' id='word_1_610' title='bbox 3192 3186 3473 3260; x_wconf 73' lang='grc' dir='ltr'>ὑποπτεύῃ</span> <span class='ocrx_word' id='word_1_611' title='bbox 3522 3188 3722 3243; x_wconf 77' lang='grc' dir='ltr'>παθεῖν</span> 
     </span>
    </p>
   </div>
   <div class='ocr_carea' id='block_1_91' title="bbox 2141 3269 3723 3353">
    <p class='ocr_par' dir='ltr' id='par_1_91' title="bbox 2141 3269 3723 3353">
     <span class='ocr_line' id='line_1_91' title="bbox 2141 3269 3723 3353; baseline 0.008 -30"><span class='ocrx_word' id='word_1_612' title='bbox 2141 3269 2297 3342; x_wconf 76' lang='grc' dir='ltr'>παρὰ</span> <span class='ocrx_word' id='word_1_613' title='bbox 2323 3270 2419 3325; x_wconf 81' lang='grc' dir='ltr'>τοῦ</span> <span class='ocrx_word' id='word_1_614' title='bbox 2452 3273 2659 3345; x_wconf 78' lang='grc' dir='ltr'>μέρους</span> <span class='ocrx_word' id='word_1_615' title='bbox 2689 3273 2783 3329; x_wconf 81' lang='grc' dir='ltr'>τοῦ</span> <span class='ocrx_word' id='word_1_616' title='bbox 2819 3276 3382 3353; x_wconf 74' lang='grc' dir='ltr'>κατηγορουμένου,ῆ</span> <span class='ocrx_word' id='word_1_617' title='bbox 3414 3281 3476 3334; x_wconf 82' lang='grc' dir='ltr'><strong>τδ</strong></span> <span class='ocrx_word' id='word_1_618' title='bbox 3505 3282 3723 3336; x_wconf 75' lang='grc' dir='ltr'>ἀνάπα-</span> 
     </span>
    </p>
   </div>
   <div class='ocr_carea' id='block_1_92' title="bbox 2141 3359 3722 3446">
    <p class='ocr_par' dir='ltr' id='par_1_92' title="bbox 2141 3359 3722 3446">
     <span class='ocr_line' id='line_1_92' title="bbox 2141 3359 3722 3446; baseline 0.009 -32"><span class='ocrx_word' id='word_1_619' title='bbox 2141 3359 2226 3414; x_wconf 90' lang='grc' dir='ltr'><strong>λιν</strong></span> <span class='ocrx_word' id='word_1_620' title='bbox 2275 3364 2304 3417; x_wconf 93' lang='lat'><strong>6</strong></span> <span class='ocrx_word' id='word_1_621' title='bbox 2351 3367 2829 3437; x_wconf 82' lang='grc' dir='ltr'>κατηγορούμενος</span> <span class='ocrx_word' id='word_1_622' title='bbox 2878 3370 3032 3441; x_wconf 81' lang='grc' dir='ltr'>παρὰ</span> <span class='ocrx_word' id='word_1_623' title='bbox 3076 3369 3173 3423; x_wconf 79' lang='grc' dir='ltr'>τοῦ</span> <span class='ocrx_word' id='word_1_624' title='bbox 3214 3374 3558 3446; x_wconf 76' lang='grc' dir='ltr'>κατηγόρου·</span> <span class='ocrx_word' id='word_1_625' title='bbox 3604 3369 3722 3430; x_wconf 75' lang='grc' dir='ltr'>οἷον</span> 
     </span>
    </p>
   </div>
   <div class='ocr_carea' id='block_1_93' title="bbox 2140 3446 3717 3541">
    <p class='ocr_par' dir='ltr' id='par_1_93' title="bbox 2140 3446 3717 3541">
     <span class='ocr_line' id='line_1_93' title="bbox 2140 3446 3717 3541; baseline 0.01 -34"><span class='ocrx_word' id='word_1_626' title='bbox 2140 3453 2387 3510; x_wconf 76' lang='grc' dir='ltr'>ἐθέλουσι</span> <span class='ocrx_word' id='word_1_627' title='bbox 2412 3459 2577 3541; x_wconf 75' lang='grc' dir='ltr'>τόπον</span> <span class='ocrx_word' id='word_1_628' title='bbox 2606 3461 2688 3524; x_wconf 85' lang='grc' dir='ltr'>εἰς</span> <span class='ocrx_word' id='word_1_629' title='bbox 2716 3462 3023 3532; x_wconf 75' lang='grc' dir='ltr'>ἀσφάλειαν</span> <span class='ocrx_word' id='word_1_630' title='bbox 3044 3446 3228 3520; x_wconf 81' lang='grc' dir='ltr'>αὐτῶν</span> <span class='ocrx_word' id='word_1_631' title='bbox 3252 3466 3717 3536; x_wconf 75' lang='grc' dir='ltr'>ἐπιλεγέσθωςαν,</span> 
     </span>
    </p>
   </div>
   <div class='ocr_carea' id='block_1_94' title="bbox 2140 3544 3722 3628">
    <p class='ocr_par' dir='ltr' id='par_1_94' title="bbox 2140 3544 3722 3628">
     <span class='ocr_line' id='line_1_94' title="bbox 2140 3544 3722 3628; baseline 0.009 -28"><span class='ocrx_word' id='word_1_632' title='bbox 2140 3544 2283 3601; x_wconf 82' lang='grc' dir='ltr'>ὥστε</span> <span class='ocrx_word' id='word_1_633' title='bbox 2326 3549 2574 3622; x_wconf 83' lang='grc' dir='ltr'>εὐχερῶς</span> <span class='ocrx_word' id='word_1_634' title='bbox 2617 3550 2787 3622; x_wconf 77' lang='grc' dir='ltr'>ἔχειν,</span> <span class='ocrx_word' id='word_1_635' title='bbox 2820 3555 2911 3607; x_wconf 69' lang='grc' dir='ltr'>καὶ</span> <span class='ocrx_word' id='word_1_636' title='bbox 2951 3558 3066 3620; x_wconf 83' lang='grc' dir='ltr'>τοῖς</span> <span class='ocrx_word' id='word_1_637' title='bbox 3099 3556 3229 3620; x_wconf 76' lang='grc' dir='ltr'>ἴσως</span> <span class='ocrx_word' id='word_1_638' title='bbox 3267 3556 3497 3614; x_wconf 77' lang='grc' dir='ltr'>ὑποῦσιν</span> <span class='ocrx_word' id='word_1_639' title='bbox 3528 3561 3722 3628; x_wconf 80' lang='grc' dir='ltr'>αὐτοῖς</span> 
     </span>
    </p>
   </div>
   <div class='ocr_carea' id='block_1_95' title="bbox 2143 3640 3722 3721">
    <p class='ocr_par' dir='ltr' id='par_1_95' title="bbox 2143 3640 3722 3721">
     <span class='ocr_line' id='line_1_95' title="bbox 2143 3640 3722 3721; baseline 0.007 -25"><span class='ocrx_word' id='word_1_640' title='bbox 2143 3640 2412 3711; x_wconf 83' lang='grc' dir='ltr'>μάρτυσιν</span> <span class='ocrx_word' id='word_1_641' title='bbox 2450 3643 2661 3713; x_wconf 80' lang='grc' dir='ltr'>ὁμιλεῖν</span> <span class='ocrx_word' id='word_1_642' title='bbox 2689 3645 2787 3698; x_wconf 80' lang='grc' dir='ltr'>καὶ</span> <span class='ocrx_word' id='word_1_643' title='bbox 2815 3646 2896 3710; x_wconf 79' lang='grc' dir='ltr'><strong>εἰς</strong></span> <span class='ocrx_word' id='word_1_644' title='bbox 2923 3646 2986 3700; x_wconf 84' lang='grc' dir='ltr'>τὸ</span> <span class='ocrx_word' id='word_1_645' title='bbox 3029 3647 3380 3721; x_wconf 84' lang='grc' dir='ltr'>δικαστήριον</span> <span class='ocrx_word' id='word_1_646' title='bbox 3415 3651 3722 3716; x_wconf 82' lang='grc' dir='ltr'>ἀκινδύνως</span> 
     </span>
    </p>
   </div>
   <div class='ocr_carea' id='block_1_96' title="bbox 2140 3732 3721 3816">
    <p class='ocr_par' dir='ltr' id='par_1_96' title="bbox 2140 3732 3721 3816">
     <span class='ocr_line' id='line_1_96' title="bbox 2140 3732 3721 3816; baseline 0.01 -31"><span class='ocrx_word' id='word_1_647' title='bbox 2140 3732 2387 3809; x_wconf 79' lang='grc' dir='ltr'>ἁπαντᾷν</span> <span class='ocrx_word' id='word_1_648' title='bbox 2406 3751 2420 3766; x_wconf 68' lang='grc' dir='ltr'>υ</span> <span class='ocrx_word' id='word_1_649' title='bbox 2455 3734 2539 3788; x_wconf 75' lang='grc' dir='ltr'><strong>ἵνα</strong></span> <span class='ocrx_word' id='word_1_650' title='bbox 2570 3735 2645 3809; x_wconf 80' lang='grc' dir='ltr'>μὴ</span> <span class='ocrx_word' id='word_1_651' title='bbox 2670 3736 2756 3790; x_wconf 82' lang='grc' dir='ltr'>διὰ</span> <span class='ocrx_word' id='word_1_652' title='bbox 2781 3737 2873 3793; x_wconf 82' lang='grc' dir='ltr'>τὸν</span> <span class='ocrx_word' id='word_1_653' title='bbox 2891 3741 3134 3796; x_wconf 84' lang='grc' dir='ltr'>τοιοῦτον</span> <span class='ocrx_word' id='word_1_654' title='bbox 3168 3743 3333 3813; x_wconf 74' lang='grc' dir='ltr'>φόϐον</span> <span class='ocrx_word' id='word_1_655' title='bbox 3357 3744 3389 3816; x_wconf 85' lang='grc' dir='ltr'>ἦ</span> <span class='ocrx_word' id='word_1_656' title='bbox 3420 3746 3448 3799; x_wconf 93' lang='lat'><strong>6</strong></span> <span class='ocrx_word' id='word_1_657' title='bbox 3474 3746 3721 3816; x_wconf 80' lang='grc' dir='ltr'>κατήγο-</span> 
     </span>
    </p>
   </div>
   <div class='ocr_carea' id='block_1_97' title="bbox 2142 3827 3723 3907">
    <p class='ocr_par' dir='ltr' id='par_1_97' title="bbox 2142 3827 3723 3907">
     <span class='ocr_line' id='line_1_97' title="bbox 2142 3827 3723 3907; baseline 0.009 -28"><span class='ocrx_word' id='word_1_658' title='bbox 2142 3843 2233 3896; x_wconf 88' lang='grc' dir='ltr'><strong>ρος</strong></span> <span class='ocrx_word' id='word_1_659' title='bbox 2284 3827 2383 3897; x_wconf 80' lang='grc' dir='ltr'>τῆς</span> <span class='ocrx_word' id='word_1_660' title='bbox 2434 3830 2728 3894; x_wconf 74' lang='grc' dir='ltr'>αἱτιάσεως</span> <span class='ocrx_word' id='word_1_661' title='bbox 2781 3831 3012 3903; x_wconf 80' lang='grc' dir='ltr'>ἀποστῇ,</span> <span class='ocrx_word' id='word_1_662' title='bbox 3066 3834 3098 3902; x_wconf 81' lang='grc' dir='ltr'>ἢ</span> <span class='ocrx_word' id='word_1_663' title='bbox 3158 3835 3188 3887; x_wconf 91' lang='lat'><strong>6</strong></span> <span class='ocrx_word' id='word_1_664' title='bbox 3237 3838 3723 3907; x_wconf 67' lang='grc' dir='ltr'>κατηγορούμενος</span> 
     </span>
    </p>
   </div>
   <div class='ocr_carea' id='block_1_98' title="bbox 2137 3918 3720 4000">
    <p class='ocr_par' dir='ltr' id='par_1_98' title="bbox 2137 3918 3720 4000">
     <span class='ocr_line' id='line_1_98' title="bbox 2137 3918 3720 4000; baseline 0.01 -30"><span class='ocrx_word' id='word_1_665' title='bbox 2137 3918 2313 3989; x_wconf 84' lang='grc' dir='ltr'>λάθρα</span> <span class='ocrx_word' id='word_1_666' title='bbox 2367 3919 2464 3972; x_wconf 85' lang='grc' dir='ltr'>τοῦ</span> <span class='ocrx_word' id='word_1_667' title='bbox 2521 3920 2873 3995; x_wconf 85' lang='grc' dir='ltr'>δικαστηρίου</span> <span class='ocrx_word' id='word_1_668' title='bbox 2931 3925 3365 4000; x_wconf 75' lang='grc' dir='ltr'>ὑπαναχωρήσῃ,</span> <span class='ocrx_word' id='word_1_669' title='bbox 3412 3930 3507 3984; x_wconf 69' lang='grc' dir='ltr'>καὶ</span> <span class='ocrx_word' id='word_1_670' title='bbox 3555 3929 3720 3988; x_wconf 80' lang='grc' dir='ltr'>ἀπὼν</span> 
     </span>
    </p>
   </div>
   <div class='ocr_carea' id='block_1_99' title="bbox 2138 4008 2536 4081">
    <p class='ocr_par' dir='ltr' id='par_1_99' title="bbox 2138 4008 2536 4081">
     <span class='ocr_line' id='line_1_99' title="bbox 2138 4008 2536 4081; baseline 0.008 -21"><span class='ocrx_word' id='word_1_671' title='bbox 2138 4008 2536 4081; x_wconf 78' lang='grc' dir='ltr'>καταδικασθῇ.</span> 
     </span>
    </p>
   </div>
   <div class='ocr_carea' id='block_1_100' title="bbox 2728 4103 3126 4164">
    <p class='ocr_par' dir='ltr' id='par_1_100' title="bbox 2728 4103 3126 4164">
     <span class='ocr_line' id='line_1_100' title="bbox 2728 4103 3126 4164; baseline 0.02 -9"><span class='ocrx_word' id='word_1_672' title='bbox 2728 4103 2968 4159; x_wconf 77' lang='grc' dir='ltr'><strong>ΚΑΝΩΝ</strong></span> <span class='ocrx_word' id='word_1_673' title='bbox 3006 4107 3126 4164; x_wconf 83' lang='grc' dir='ltr'><strong>ΛΔ⁹.</strong></span> 
     </span>
    </p>
   </div>
   <div class='ocr_carea' id='block_1_101' title="bbox 2142 4192 3719 4276">
    <p class='ocr_par' dir='ltr' id='par_1_101' title="bbox 2142 4192 3719 4276">
     <span class='ocr_line' id='line_1_101' title="bbox 2142 4192 3719 4276; baseline 0.01 -32"><span class='ocrx_word' id='word_1_674' title='bbox 2142 4210 2162 4244; x_wconf 81' lang='grc' dir='ltr'><strong>ι</strong></span> <span class='ocrx_word' id='word_1_675' title='bbox 2214 4192 2341 4247; x_wconf 82' lang='grc' dir='ltr'>Ἐάν</span> <span class='ocrx_word' id='word_1_676' title='bbox 2374 4209 2520 4257; x_wconf 86' lang='grc' dir='ltr'>τινες</span> <span class='ocrx_word' id='word_1_677' title='bbox 2545 4194 2801 4264; x_wconf 69' lang='grc' dir='ltr'>κληρικοὶ</span> <span class='ocrx_word' id='word_1_678' title='bbox 2825 4197 2890 4250; x_wconf 77' lang='grc' dir='ltr'>ἐκ</span> <span class='ocrx_word' id='word_1_679' title='bbox 2915 4198 3194 4253; x_wconf 84' lang='grc' dir='ltr'>τῶνίδίων</span> <span class='ocrx_word' id='word_1_680' title='bbox 3227 4204 3542 4258; x_wconf 79' lang='grc' dir='ltr'>ἐπισκόπων</span> <span class='ocrx_word' id='word_1_681' title='bbox 3573 4219 3719 4276; x_wconf 83' lang='grc' dir='ltr'>προ-</span> 
     </span>
    </p>
   </div>
   <div class='ocr_carea' id='block_1_102' title="bbox 2214 4283 3714 4368">
    <p class='ocr_par' dir='ltr' id='par_1_102' title="bbox 2214 4283 3714 4368">
     <span class='ocr_line' id='line_1_102' title="bbox 2214 4283 3714 4368; baseline 0.011 -32"><span class='ocrx_word' id='word_1_682' title='bbox 2214 4303 2232 4336; x_wconf 82' lang='grc' dir='ltr'><strong>ι</strong></span> <span class='ocrx_word' id='word_1_683' title='bbox 2271 4283 2621 4355; x_wconf 75' lang='grc' dir='ltr'>6ι6αζόμενοι</span> <span class='ocrx_word' id='word_1_684' title='bbox 2649 4291 3083 4360; x_wconf 85' lang='grc' dir='ltr'>καταφρονῶσιν,</span> <span class='ocrx_word' id='word_1_685' title='bbox 3118 4294 3255 4364; x_wconf 84' lang='grc' dir='ltr'>μηδὲ</span> <span class='ocrx_word' id='word_1_686' title='bbox 3283 4297 3400 4349; x_wconf 74' lang='grc' dir='ltr'>ἐκεῖ</span> <span class='ocrx_word' id='word_1_687' title='bbox 3426 4296 3714 4368; x_wconf 82' lang='grc' dir='ltr'>μείνωσιν,</span> 
     </span>
    </p>
   </div>
   <div class='ocr_carea' id='block_1_103' title="bbox 2210 4374 3714 4459">
    <p class='ocr_par' dir='ltr' id='par_1_103' title="bbox 2210 4374 3714 4459">
     <span class='ocr_line' id='line_1_103' title="bbox 2210 4374 3714 4459; baseline 0.011 -33"><span class='ocrx_word' id='word_1_688' title='bbox 2210 4393 2228 4426; x_wconf 76' lang='grc' dir='ltr'><strong>ι</strong></span> <span class='ocrx_word' id='word_1_689' title='bbox 2266 4374 2388 4429; x_wconf 79' lang='grc' dir='ltr'>ὅθεν</span> <span class='ocrx_word' id='word_1_690' title='bbox 2410 4375 2764 4446; x_wconf 77' lang='grc' dir='ltr'>ἀναχωρῆσαι</span> <span class='ocrx_word' id='word_1_691' title='bbox 2784 4378 2886 4432; x_wconf 78' lang='grc' dir='ltr'>οὐκ</span> <span class='ocrx_word' id='word_1_692' title='bbox 2903 4381 3198 4452; x_wconf 78' lang='grc' dir='ltr'>ἠθέλησαν.</span> <span class='ocrx_word' id='word_1_693' title='bbox 3232 4377 3464 4455; x_wconf 80' lang='grc' dir='ltr'>Ὁμοίως</span> <span class='ocrx_word' id='word_1_694' title='bbox 3486 4388 3714 4459; x_wconf 77' lang='grc' dir='ltr'>ἤρεσεν,</span> 
     </span>
    </p>
   </div>
   <div class='ocr_carea' id='block_1_104' title="bbox 2212 4468 3713 4555">
    <p class='ocr_par' dir='ltr' id='par_1_104' title="bbox 2212 4468 3713 4555">
     <span class='ocr_line' id='line_1_104' title="bbox 2212 4468 3713 4555; baseline 0.011 -36"><span class='ocrx_word' id='word_1_695' title='bbox 2212 4485 2231 4519; x_wconf 76' lang='grc' dir='ltr'><strong>ι</strong></span> <span class='ocrx_word' id='word_1_696' title='bbox 2274 4468 2362 4521; x_wconf 74' lang='grc' dir='ltr'>ἵνα</span> <span class='ocrx_word' id='word_1_697' title='bbox 2403 4468 2708 4537; x_wconf 82' lang='grc' dir='ltr'>οἱοιδήποτε</span> <span class='ocrx_word' id='word_1_698' title='bbox 2749 4470 3001 4541; x_wconf 67' lang='grc' dir='ltr'>κληρικοὶ</span> <span class='ocrx_word' id='word_1_699' title='bbox 3036 4475 3129 4527; x_wconf 80' lang='grc' dir='ltr'>καὶ</span> <span class='ocrx_word' id='word_1_700' title='bbox 3169 4476 3429 4541; x_wconf 81' lang='grc' dir='ltr'>διάκονοι,</span> <span class='ocrx_word' id='word_1_701' title='bbox 3481 4481 3576 4534; x_wconf 75' lang='grc' dir='ltr'>ἐὰν</span> <span class='ocrx_word' id='word_1_702' title='bbox 3630 4483 3713 4555; x_wconf 76' lang='grc' dir='ltr'>μὴ</span> 
     </span>
    </p>
   </div>
   <div class='ocr_carea' id='block_1_105' title="bbox 2214 4556 3712 4641">
    <p class='ocr_par' dir='ltr' id='par_1_105' title="bbox 2214 4556 3712 4641">
     <span class='ocr_line' id='line_1_105' title="bbox 2214 4556 3712 4641; baseline 0.012 -31"><span class='ocrx_word' id='word_1_703' title='bbox 2214 4576 2232 4610; x_wconf 80' lang='grc' dir='ltr'><strong>ι</strong></span> <span class='ocrx_word' id='word_1_704' title='bbox 2273 4556 2613 4629; x_wconf 81' lang='grc' dir='ltr'>πειθαρχῶσι</span> <span class='ocrx_word' id='word_1_705' title='bbox 2644 4561 2755 4622; x_wconf 78' lang='grc' dir='ltr'>τοῖς</span> <span class='ocrx_word' id='word_1_706' title='bbox 2768 4564 3099 4630; x_wconf 56' lang='grc' dir='ltr'>,ἐπισκόποις</span> <span class='ocrx_word' id='word_1_707' title='bbox 3126 4568 3327 4632; x_wconf 82' lang='grc' dir='ltr'>αὐτῶν,</span> <span class='ocrx_word' id='word_1_708' title='bbox 3360 4569 3712 4641; x_wconf 74' lang='grc' dir='ltr'>βουλομένοις</span> 
     </span>
    </p>
   </div>
   <div class='ocr_carea' id='block_1_106' title="bbox 2211 4651 3712 4733">
    <p class='ocr_par' dir='ltr' id='par_1_106' title="bbox 2211 4651 3712 4733">
     <span class='ocr_line' id='line_1_106' title="bbox 2211 4651 3712 4733; baseline 0.011 -29"><span class='ocrx_word' id='word_1_709' title='bbox 2211 4670 2232 4704; x_wconf 76' lang='grc' dir='ltr'><strong>ι</strong></span> <span class='ocrx_word' id='word_1_710' title='bbox 2270 4651 2361 4706; x_wconf 76' lang='grc' dir='ltr'>διά</span> <span class='ocrx_word' id='word_1_711' title='bbox 2401 4671 2556 4718; x_wconf 83' lang='grc' dir='ltr'>τινας</span> <span class='ocrx_word' id='word_1_712' title='bbox 2589 4656 2998 4724; x_wconf 81' lang='grc' dir='ltr'>ἀναγκαστικὰς</span> <span class='ocrx_word' id='word_1_713' title='bbox 3043 4659 3221 4722; x_wconf 81' lang='grc' dir='ltr'>αἰτίας</span> <span class='ocrx_word' id='word_1_714' title='bbox 3262 4660 3372 4715; x_wconf 86' lang='grc' dir='ltr'><strong>τῶν</strong></span> <span class='ocrx_word' id='word_1_715' title='bbox 3399 4663 3712 4733; x_wconf 73' lang='grc' dir='ltr'>ἐκκλησιῶν</span> 
     </span>
    </p>
   </div>
   <div class='ocr_carea' id='block_1_107' title="bbox 2212 4743 3713 4822">
    <p class='ocr_par' dir='ltr' id='par_1_107' title="bbox 2212 4743 3713 4822">
     <span class='ocr_line' id='line_1_107' title="bbox 2212 4743 3713 4822; baseline 0.007 -26"><span class='ocrx_word' id='word_1_716' title='bbox 2212 4761 2231 4795; x_wconf 79' lang='grc' dir='ltr'><strong>ι</strong></span> <span class='ocrx_word' id='word_1_717' title='bbox 2268 4743 2448 4797; x_wconf 85' lang='grc' dir='ltr'>αὐτῶν</span> <span class='ocrx_word' id='word_1_718' title='bbox 2476 4743 2699 4809; x_wconf 85' lang='grc' dir='ltr'>τούτους</span> <span class='ocrx_word' id='word_1_719' title='bbox 2729 4746 2865 4816; x_wconf 79' lang='grc' dir='ltr'>πρὸς</span> <span class='ocrx_word' id='word_1_720' title='bbox 2887 4746 3139 4816; x_wconf 80' lang='grc' dir='ltr'>μείζονας</span> <span class='ocrx_word' id='word_1_721' title='bbox 3168 4747 3520 4815; x_wconf 69' lang='grc' dir='ltr'>ἀναϐιϐάζειν</span> <span class='ocrx_word' id='word_1_722' title='bbox 3539 4752 3713 4822; x_wconf 77' lang='grc' dir='ltr'>τιμὰς</span> 
     </span>
    </p>
   </div>
   <div class='ocr_carea' id='block_1_108' title="bbox 2210 4837 3714 4914">
    <p class='ocr_par' dir='ltr' id='par_1_108' title="bbox 2210 4837 3714 4914">
     <span class='ocr_line' id='line_1_108' title="bbox 2210 4837 3714 4914; baseline 0.006 -25"><span class='ocrx_word' id='word_1_723' title='bbox 2210 4855 2230 4889; x_wconf 74' lang='grc' dir='ltr'><strong>ι</strong></span> <span class='ocrx_word' id='word_1_724' title='bbox 2270 4838 2329 4891; x_wconf 75' lang='grc' dir='ltr'>ἐν</span> <span class='ocrx_word' id='word_1_725' title='bbox 2356 4838 2421 4907; x_wconf 72' lang='grc' dir='ltr'>τῇ</span> <span class='ocrx_word' id='word_1_726' title='bbox 2452 4837 2718 4908; x_wconf 75' lang='grc' dir='ltr'>ἐκκλησίᾳ</span> <span class='ocrx_word' id='word_1_727' title='bbox 2739 4838 2938 4902; x_wconf 85' lang='grc' dir='ltr'>αὐτῶν,</span> <span class='ocrx_word' id='word_1_728' title='bbox 2962 4838 3096 4910; x_wconf 79' lang='grc' dir='ltr'>μηδὲ</span> <span class='ocrx_word' id='word_1_729' title='bbox 3113 4840 3171 4893; x_wconf 84' lang='grc' dir='ltr'>ὲν</span> <span class='ocrx_word' id='word_1_730' title='bbox 3192 4840 3387 4912; x_wconf 71' lang='grc' dir='ltr'>ἐκείνῳ</span> <span class='ocrx_word' id='word_1_731' title='bbox 3409 4842 3486 4913; x_wconf 82' lang='grc' dir='ltr'>τῷ</span> <span class='ocrx_word' id='word_1_732' title='bbox 3511 4842 3714 4914; x_wconf 52' lang='lat' dir='ltr'><strong>saepe</strong></span> 
     </span>
    </p>
   </div>
   <div class='ocr_carea' id='block_1_109' title="bbox 2209 4924 3701 5004">
    <p class='ocr_par' dir='ltr' id='par_1_109' title="bbox 2209 4924 3701 5004">
     <span class='ocr_line' id='line_1_109' title="bbox 2209 4924 3701 5004; baseline 0.004 -23"><span class='ocrx_word' id='word_1_733' title='bbox 2209 4946 2226 4981; x_wconf 83' lang='grc' dir='ltr'><strong>ι</strong></span> <span class='ocrx_word' id='word_1_734' title='bbox 2268 4928 2684 4999; x_wconf 80' lang='grc' dir='ltr'>διακονήσωσιν,</span> <span class='ocrx_word' id='word_1_735' title='bbox 2704 4929 2763 4994; x_wconf 77' lang='grc' dir='ltr'><strong>ἐξ</strong></span> <span class='ocrx_word' id='word_1_736' title='bbox 2778 4924 2840 4984; x_wconf 84' lang='grc' dir='ltr'><strong>οὗ</strong></span> <span class='ocrx_word' id='word_1_737' title='bbox 2868 4930 3219 5001; x_wconf 76' lang='grc' dir='ltr'>ἀναχωρῆσαι</span> <span class='ocrx_word' id='word_1_738' title='bbox 3242 4933 3349 4987; x_wconf 84' lang='grc' dir='ltr'>οὐκ</span> <span class='ocrx_word' id='word_1_739' title='bbox 3371 4934 3701 5004; x_wconf 67' lang='grc' dir='ltr'>ἠθέλησαν.»</span> 
     </span>
    </p>
   </div>
   <div class='ocr_carea' id='block_1_110' title="bbox 2205 5017 3707 5093">
    <p class='ocr_par' dir='ltr' id='par_1_110' title="bbox 2205 5017 3707 5093">
     <span class='ocr_line' id='line_1_110' title="bbox 2205 5017 3707 5093; baseline 0.005 -21"><span class='ocrx_word' id='word_1_740' title='bbox 2205 5018 2404 5073; x_wconf 79' lang='grc' dir='ltr'><strong>ΒΛΔΣ.</strong></span> <span class='ocrx_word' id='word_1_741' title='bbox 2435 5017 2610 5081; x_wconf 82' lang='grc' dir='ltr'>Τινὲς,</span> <span class='ocrx_word' id='word_1_742' title='bbox 2644 5018 2719 5083; x_wconf 85' lang='grc' dir='ltr'>ὡς</span> <span class='ocrx_word' id='word_1_743' title='bbox 2751 5018 2919 5083; x_wconf 70' lang='grc' dir='ltr'>ἔοικε,</span> <span class='ocrx_word' id='word_1_744' title='bbox 2955 5020 3207 5093; x_wconf 78' lang='grc' dir='ltr'>κληρικοὶ</span> <span class='ocrx_word' id='word_1_745' title='bbox 3238 5024 3707 5093; x_wconf 79' lang='grc' dir='ltr'>μετακαλούμενοι</span> 
     </span>
    </p>
   </div>
   <div class='ocr_carea' id='block_1_111' title="bbox 2131 5110 3711 5186">
    <p class='ocr_par' dir='ltr' id='par_1_111' title="bbox 2131 5110 3711 5186">
     <span class='ocr_line' id='line_1_111' title="bbox 2131 5110 3711 5186; baseline 0.004 -22"><span class='ocrx_word' id='word_1_746' title='bbox 2131 5112 2286 5182; x_wconf 75' lang='grc' dir='ltr'>παρὰ</span> <span class='ocrx_word' id='word_1_747' title='bbox 2309 5110 2419 5163; x_wconf 81' lang='grc' dir='ltr'><strong>τῶν</strong></span> <span class='ocrx_word' id='word_1_748' title='bbox 2448 5110 2765 5164; x_wconf 73' lang='grc' dir='ltr'>ἐπισκόπων</span> <span class='ocrx_word' id='word_1_749' title='bbox 2796 5110 2977 5165; x_wconf 82' lang='grc' dir='ltr'>αὐτῶν</span> <span class='ocrx_word' id='word_1_750' title='bbox 3009 5113 3148 5184; x_wconf 65' lang='grc' dir='ltr'>πρὸς</span> <span class='ocrx_word' id='word_1_751' title='bbox 3180 5114 3434 5184; x_wconf 59' lang='grc' dir='ltr'>μείζονας</span> <span class='ocrx_word' id='word_1_752' title='bbox 3462 5115 3711 5186; x_wconf 61' lang='grc' dir='ltr'>βαθμοὺς</span> 
     </span>
    </p>
   </div>
   <div class='ocr_carea' id='block_1_112' title="bbox 2130 5201 3710 5275">
    <p class='ocr_par' dir='ltr' id='par_1_112' title="bbox 2130 5201 3710 5275">
     <span class='ocr_line' id='line_1_112' title="bbox 2130 5201 3710 5275; baseline 0.004 -20"><span class='ocrx_word' id='word_1_753' title='bbox 2130 5202 2220 5257; x_wconf 81' lang='grc' dir='ltr'>διὰ</span> <span class='ocrx_word' id='word_1_754' title='bbox 2235 5202 2618 5273; x_wconf 78' lang='grc' dir='ltr'>χρησιμότητα</span> <span class='ocrx_word' id='word_1_755' title='bbox 2641 5201 2749 5257; x_wconf 89' lang='grc' dir='ltr'><strong>τῶν</strong></span> <span class='ocrx_word' id='word_1_756' title='bbox 2774 5202 3106 5275; x_wconf 72' lang='grc' dir='ltr'>ἐκκλησιῶν,</span> <span class='ocrx_word' id='word_1_757' title='bbox 3124 5206 3227 5258; x_wconf 79' lang='grc' dir='ltr'>οὐκ</span> <span class='ocrx_word' id='word_1_758' title='bbox 3246 5205 3527 5261; x_wconf 76' lang='grc' dir='ltr'>ἐπείθοντο</span> <span class='ocrx_word' id='word_1_759' title='bbox 3548 5206 3710 5261; x_wconf 83' lang='grc' dir='ltr'>τοῦτο</span> 
     </span>
    </p>
   </div>
   <div class='ocr_carea' id='block_1_113' title="bbox 2129 5294 3712 5371">
    <p class='ocr_par' dir='ltr' id='par_1_113' title="bbox 2129 5294 3712 5371">
     <span class='ocr_line' id='line_1_113' title="bbox 2129 5294 3712 5371; baseline 0.004 -24"><span class='ocrx_word' id='word_1_760' title='bbox 2129 5296 2374 5364; x_wconf 85' lang='grc' dir='ltr'>ποιῆσαι,</span> <span class='ocrx_word' id='word_1_761' title='bbox 2404 5295 2491 5348; x_wconf 76' lang='grc' dir='ltr'>διὰ</span> <span class='ocrx_word' id='word_1_762' title='bbox 2538 5295 2599 5347; x_wconf 80' lang='grc' dir='ltr'>τὸ</span> <span class='ocrx_word' id='word_1_763' title='bbox 2627 5294 3005 5349; x_wconf 76' lang='grc' dir='ltr'>ἀναπαύεσθαι</span> <span class='ocrx_word' id='word_1_764' title='bbox 3037 5299 3128 5350; x_wconf 67' lang='grc' dir='ltr'><strong>ἰπὶ</strong></span> <span class='ocrx_word' id='word_1_765' title='bbox 3166 5300 3280 5363; x_wconf 79' lang='grc' dir='ltr'>τοῖς</span> <span class='ocrx_word' id='word_1_766' title='bbox 3317 5300 3712 5371; x_wconf 72' lang='grc' dir='ltr'>κατεχομένοις</span> 
     </span>
    </p>
   </div>
   <div class='ocr_carea' id='block_1_114' title="bbox 2130 5386 3713 5464">
    <p class='ocr_par' dir='ltr' id='par_1_114' title="bbox 2130 5386 3713 5464">
     <span class='ocr_line' id='line_1_114' title="bbox 2130 5386 3713 5464; baseline 0.006 -25"><span class='ocrx_word' id='word_1_767' title='bbox 2130 5389 2280 5457; x_wconf 73' lang='grc' dir='ltr'>παρὰ</span> <span class='ocrx_word' id='word_1_768' title='bbox 2312 5386 2517 5441; x_wconf 86' lang='grc' dir='ltr'>τούτων</span> <span class='ocrx_word' id='word_1_769' title='bbox 2552 5386 2804 5459; x_wconf 83' lang='grc' dir='ltr'>βαθμοῖς,</span> <span class='ocrx_word' id='word_1_770' title='bbox 2837 5388 2947 5442; x_wconf 76' lang='grc' dir='ltr'><strong>ἀπὸ</strong></span> <span class='ocrx_word' id='word_1_771' title='bbox 2978 5391 3206 5460; x_wconf 79' lang='grc' dir='ltr'>κέρδους</span> <span class='ocrx_word' id='word_1_772' title='bbox 3240 5392 3436 5464; x_wconf 74' lang='grc' dir='ltr'>ἴσωςῆ</span> <span class='ocrx_word' id='word_1_773' title='bbox 3473 5395 3569 5447; x_wconf 73' lang='grc' dir='ltr'>καὶ</span> <span class='ocrx_word' id='word_1_774' title='bbox 3600 5412 3713 5448; x_wconf 77' lang='grc' dir='ltr'>σω-</span> 
     </span>
    </p>
   </div>
   <div class='ocr_carea' id='block_1_115' title="bbox 2133 5479 3709 5557">
    <p class='ocr_par' dir='ltr' id='par_1_115' title="bbox 2133 5479 3709 5557">
     <span class='ocr_line' id='line_1_115' title="bbox 2133 5479 3709 5557; baseline 0.006 -25"><span class='ocrx_word' id='word_1_775' title='bbox 2133 5480 2365 5549; x_wconf 79' lang='grc' dir='ltr'>ματικῆς</span> <span class='ocrx_word' id='word_1_776' title='bbox 2396 5480 2777 5542; x_wconf 77' lang='grc' dir='ltr'>ἀναπαύσεως.</span> <span class='ocrx_word' id='word_1_777' title='bbox 2822 5480 3051 5551; x_wconf 83' lang='grc' dir='ltr'>Ὠρισαν</span> <span class='ocrx_word' id='word_1_778' title='bbox 3080 5479 3173 5538; x_wconf 76' lang='grc' dir='ltr'>οὖν</span> <span class='ocrx_word' id='word_1_779' title='bbox 3203 5486 3251 5538; x_wconf 84' lang='lat' dir='ltr'><strong>oi</strong></span> <span class='ocrx_word' id='word_1_780' title='bbox 3304 5486 3571 5557; x_wconf 72' lang='grc' dir='ltr'>Πατὲρες,</span> <span class='ocrx_word' id='word_1_781' title='bbox 3619 5487 3709 5542; x_wconf 83' lang='grc' dir='ltr'>ἵνα</span> 
     </span>
    </p>
   </div>
   <div class='ocr_carea' id='block_1_116' title="bbox 2130 5572 3707 5651">
    <p class='ocr_par' dir='ltr' id='par_1_116' title="bbox 2130 5572 3707 5651">
     <span class='ocr_line' id='line_1_116' title="bbox 2130 5572 3707 5651; baseline 0.005 -26"><span class='ocrx_word' id='word_1_782' title='bbox 2130 5572 2227 5625; x_wconf 73' lang='grc' dir='ltr'>ὲάν</span> <span class='ocrx_word' id='word_1_783' title='bbox 2272 5588 2413 5634; x_wconf 88' lang='grc' dir='ltr'>τινες</span> <span class='ocrx_word' id='word_1_784' title='bbox 2461 5573 2712 5643; x_wconf 80' lang='grc' dir='ltr'>κληρικοὶ</span> <span class='ocrx_word' id='word_1_785' title='bbox 2747 5574 3060 5645; x_wconf 78' lang='grc' dir='ltr'>οἱανδήτινα</span> <span class='ocrx_word' id='word_1_786' title='bbox 3097 5578 3373 5633; x_wconf 74' lang='grc' dir='ltr'>διακονίαν</span> <span class='ocrx_word' id='word_1_787' title='bbox 3422 5580 3707 5651; x_wconf 67' lang='grc' dir='ltr'>ἱερατικὴν</span> 
     </span>
    </p>
   </div>
   <div class='ocr_carea' id='block_1_117' title="bbox 2129 5663 3706 5739">
    <p class='ocr_par' dir='ltr' id='par_1_117' title="bbox 2129 5663 3706 5739">
     <span class='ocr_line' id='line_1_117' title="bbox 2129 5663 3706 5739; baseline 0.003 -21"><span class='ocrx_word' id='word_1_788' title='bbox 2129 5663 2483 5733; x_wconf 75' lang='grc' dir='ltr'>ἐνεργοῦντες</span> <span class='ocrx_word' id='word_1_789' title='bbox 2532 5666 2677 5735; x_wconf 74' lang='grc' dir='ltr'>(οὐδὲ</span> <span class='ocrx_word' id='word_1_790' title='bbox 2727 5667 2839 5737; x_wconf 76' lang='grc' dir='ltr'>γὰρ</span> <span class='ocrx_word' id='word_1_791' title='bbox 2884 5668 3327 5739; x_wconf 77' lang='grc' dir='ltr'>ἐκλαμϐάνονται</span> <span class='ocrx_word' id='word_1_792' title='bbox 3377 5671 3612 5729; x_wconf 82' lang='grc' dir='ltr'>ἐνταῦθα</span> <span class='ocrx_word' id='word_1_793' title='bbox 3655 5673 3706 5724; x_wconf 80' lang='lat' dir='ltr'><strong>oi</strong></span> 
     </span>
    </p>
   </div>
   <div class='ocr_carea' id='block_1_118' title="bbox 2128 5756 3703 5835">
    <p class='ocr_par' dir='ltr' id='par_1_118' title="bbox 2128 5756 3703 5835">
     <span class='ocr_line' id='line_1_118' title="bbox 2128 5756 3703 5835; baseline 0.004 -25"><span class='ocrx_word' id='word_1_794' title='bbox 2128 5756 2366 5819; x_wconf 84' lang='grc' dir='ltr'>διάκονοι</span> <span class='ocrx_word' id='word_1_795' title='bbox 2397 5758 2479 5821; x_wconf 76' lang='lat' dir='ltr'><strong>ei;</strong></span> <span class='ocrx_word' id='word_1_796' title='bbox 2510 5759 2634 5819; x_wconf 82' lang='grc' dir='ltr'>τοὺς</span> <span class='ocrx_word' id='word_1_797' title='bbox 2675 5762 2733 5814; x_wconf 78' lang='grc' dir='ltr'>ὲν</span> <span class='ocrx_word' id='word_1_798' title='bbox 2765 5760 2844 5833; x_wconf 80' lang='grc' dir='ltr'>τῷ</span> <span class='ocrx_word' id='word_1_799' title='bbox 2871 5760 3015 5831; x_wconf 81' lang='grc' dir='ltr'><strong>ἁγίῳ</strong></span> <span class='ocrx_word' id='word_1_800' title='bbox 3042 5760 3254 5835; x_wconf 79' lang='grc' dir='ltr'>βήματι</span> <span class='ocrx_word' id='word_1_801' title='bbox 3280 5763 3665 5827; x_wconf 70' lang='grc' dir='ltr'>διακονοῦντας</span> <span class='ocrx_word' id='word_1_802' title='bbox 3685 5802 3703 5830; x_wconf 88' lang='grc'><strong>,</strong></span> 
     </span>
    </p>
   </div>
  </div>
