3976 6390
289 367 387 438 ιη

288 478 493 534 λαλεῖν.

286 568 546 641 ἁγνεύειν
577 560 964 637 ὁμολογουσῶν
987 563 1017 614 ὁ
1042 560 1342 621 ἐπίσκοπος
1369 557 1540 619 αὐτὰς
1565 555 1870 625 ἀνεδέχετο.

290 667 454 731 Λέγει
485 654 587 715 οὖν
632 660 663 711 ὁ
706 652 891 709 κανὼν
923 653 1008 708 ὅτι
1041 650 1127 706 δεῖ
1165 651 1259 704 τὸν
1294 649 1597 703 ἐπίσκοπον
1624 650 1876 729 προνοεζν

285 752 492 816 αὐτῶν,
518 749 556 821 ἢ
596 749 690 804 ὅτε
736 748 961 809 ἄπεστι,
992 744 1123 806 τοὺς
1154 740 1587 813 πρεσϐυτέρους,
1621 739 1717 825 καὶ
1752 737 1869 791 ἐπεὶ

286 846 597 899 διίστανται
628 839 742 894 τῶν
767 839 1025 907 πατέρων
1054 834 1236 888 αὐτῶν
1269 832 1363 902 ὑφ’
1391 825 1467 887 ὧν
1487 830 1873 900 ἐφυλάττοντο,

287 930 692 1006 παραδίδοσθαι
721 930 894 992 αὐτὰς
927 928 1160 998 σεμναῖς
1180 924 1477 994 ⁵γυναιξὶν,
1508 922 1653 978 ὥστε
1695 938 1878 975 συνοι-

290 1030 398 1082 κεῖν
438 1026 666 1087 αὐταῖς,
698 1025 795 1077 καὶ
823 1016 1253 1088 καταρτίζεσθαι
1281 1018 1361 1079 είς
1382 1016 1603 1087 ἀρετὴν,
1636 1015 1670 1084 ἢ
1695 1014 1877 1076 πάσας

290 1121 381 1182 τὰς
412 1116 578 1188 ἱερὰς
606 1113 818 1174 ταύτας
843 1111 1151 1182 παρθένους
1169 1106 1307 1177 ὁμοῦ
1344 1109 1634 1171 συνοικεῖν,
1666 1106 1753 1158 ίνα
1778 1120 1877 1157 co-

295 1213 456 1278 ζῶσαι
488 1207 678 1279 ὁρῷεν
720 1205 979 1275 ἀλλήλας,
1002 1204 1099 1258 καὶ⁵
1125 1201 1472 1271 φυλάττοιεν,
1506 1199 1714 1270 acati.qu
1738 1199 1875 1253 πλαο

291 1302 540 1369 ζόμεναι,
568 1298 747 1368 ἤγουν
777 1296 910 1366 τῇδε
944 1295 1174 1348 κάκεῖσε
1220 1288 1578 1359 περιιοῦσαι,
1613 1291 1709 1345 καὶ
1742 1288 1880 1342 πλα-

287 1391 531 1467 νώιιεναι
570 1386 829 1459 βλάψωσι
885 1384 983 1457 τὴν
1040 1381 1313 1453 ὑπόληψιν
1371 1381 1473 1452 τῆς
1527 1379 1877 1450 Ἐκκλησίας,

286 1476 579 1539 τουτέστιν
608 1477 1031 1549 ὑπολαμϐάνειν
1053 1477 1158 1530 οὐκ
1185 1474 1398 1543 ἀγαθὰς
1432 1474 1741 1544 ὑπολήψεις
1768 1490 1876 1527 πα-

272 1580 275 1585 ’
292 1570 691 1646 ρασιιευάσωσί
717 1586 880 1634 τινας
910 1570 1041 1640 περὶ
1061 1565 1534 1639 τῆςἘκκλησίας.
1580 1564 1878 1636 Ἐκκλησία

284 1669 336 1722 δέ
363 1670 521 1721 ἐστιν
551 1666 585 1719 ὁ
626 1663 743 1719 τῶν
773 1661 989 1718 πιστῶν
1019 1659 1346 1731 ἀθροισμός.

285 1846 510 1902 ΔΡίΣτ.
551 1865 573 1900 ι
620 1845 691 1901 Ἦ
719 1845 811 1900 διὰ
842 1844 1142 1914 παρθενίαν
1169 1843 1266 1899 τοῦ
1297 1843 1508 1914 πατρὸς
1534 1841 1879 1914 ἀφισταμένη

322 1958 340 1989 ι
380 1940 510 2002 ταῖς
536 1936 918 2008 τιμιωτάταις
945 1936 1056 1990 τῶν
1080 1936 1366 2005 γυναικῶν
1393 1936 1785 2006 παρατίθεται.
1818 1956 1836 1990 ι

356 2123 447 2175 Δεῖ
477 2121 574 2174 τὸν
596 2120 907 2176 ἐπίσκοπον
934 2121 1047 2175 τῶν
1089 2121 1254 2193 ιερῶν
1288 2123 1581 2192 παρθένων
1627 2124 1878 2179 τίθεσθαι

298 2212 546 2283 πρόνοιαν
573 2227 590 2243 ·
626 2212 724 2265 καὶ
756 2212 807 2264 εί
838 2211 949 2266 τῶν
979 2212 1201 2266 οίκείων
1235 2214 1493 2285 πατέρων
1518 2206 1687 2269 αὗται
1714 2233 1880 2285 χωρι-

299 2300 483 2367 σθῶσι,
509 2302 649 2374 παρ’
678 2297 758 2356 ὧν
785 2301 1170 2371 ἐφυλάττοντο,
1219 2307 1344 2369 ταῖς
1376 2306 1745 2374 τιμιωτάταις
1773 2325 1876 2375 γυ-

292 2394 462 2461 ναιξὶν
492 2395 577 2458 εἰς
635 2395 978 2465 ἐπιτήρησιν
1007 2394 1521 2467 παραδεδόσθωσαν,
1579 2400 1721 2455 ὥστε
1756 2401 1875 2471 ἃμα

287 2486 522 2565 ἀλλήλας
550 2487 868 2544 κατοικεῖν.

871 2575 1111 2631 ΚΑΝΩΝ
1148 2579 1292 2633 MH'.

192 2660 237 2717 ,ί
283 2687 309 2719 ι
358 2665 499 2737 Περὶ⁵
523 2665 640 2719 τῶν
667 2666 1046 2722 ἀσθενούντων
1083 2668 1179 2722 καὶ
1217 2669 1359 2741 ύπέρ
1402 2670 1586 2726 αὐτῶν
1635 2674 1873 2744 ἀποκρί-

260 2792 265 2797 .
357 2772 379 2806 ι
414 2753 615 2807 νεσθαι
650 2753 729 2824 μὴ
768 2754 1104 2824 δυναμένων.
1133 2757 1297 2812 Ὥστε
1331 2761 1456 2824 τοὺς
1488 2761 1871 2829 ἀσθενοῦντας,

353 2866 374 2897 ι
409 2846 619 2909 οξτινες
652 2846 800 2915 ὑπὲρ
834 2847 1045 2901 ἐαυτῶν
1098 2850 1498 2922 ἀποκρίνεσθαι
1560 2855 1621 2907 οὐ
1682 2855 1875 2911 δύναν-

355 2957 375 2990 ι
413 2956 531 3003 ται,
600 2939 726 2992 τότε
761 2938 1141 3008 βαπτίζεσθαι,
1184 2943 1274 2996 ὅτε
1320 2947 1384 3013 τῇ
1442 2946 1624 3000 αὐτῶν
1679 2967 1872 3019 προαι-

356 3052 378 3084 σ
417 3033 575 3102 plac:
625 3030 732 3101 τὴν
762 3031 1104 3102 περὶαύτῶν
1138 3036 1449 3107 μαρτυρίαν
1480 3039 1713 3110 κινδύνῳ
1757 3040 1873 3112 ίδίιρ

356 3142 374 3174 ι
415 3124 675 3177 εἴπωσιν.
713 3140 734 3176 ι

353 3216 555 3270 ΒΑΛΣ.
576 3215 739 3279 Τινὲς
772 3215 1003 3287 ἐζήτουν
1026 3216 1293 3283 ἀπίστους
1323 3219 1475 3284 τινὰς
1497 3221 1868 3293 βαπτισθῆναι

286 3306 429 3360 κατά
458 3307 561 3369 τάς
589 3306 918 3371 τελευταίας
941 3309 1123 3362 αὐτῶν
1142 3310 1441 3372 ἀναπνοιὶς⁹
1470 3329 1503 3364 κ
1519 3313 1575 3365 αὶ
1599 3313 1699 3366 οὐκ
1721 3315 1873 3384 είση-

290 3396 537 3463 σιούοντο,
564 3397 655 3452 διά
695 3396 761 3450 τὸ
810 3397 941 3462 τοὺς
989 3398 1350 3465 ἀσθενοῦντας
1388 3407 1464 3473 μὴ
1512 3403 1774 3459 δύνασθαι
1802 3406 1869 3460 δι’

298 3485 509 3538 ἑαυτῶν
546 3485 840 3555 ὁμολογεῖν
873 3487 975 3551 τάς
1009 3488 1103 3542 τοῦ
1137 3489 1296 3557 ἁγίου
1330 3488 1710 3560 βαπτίσματος
1747 3510 1872 3547 συν⁸

291 3574 482 3641 θήκας.
509 3577 651 3630 (tacti.
664 3576 796 3646 γοῦν
828 3579 876 3632 oi
900 3580 1146 3651 Πατέρες
1181 3582 1283 3644 ὅτι,
1318 3580 1416 3636 ἐὰν
1436 3583 1484 3634 et
1517 3583 1870 3649 ἁσθενοῗντες
1920 3592 1925 3597 ‘

292 3663 501 3731 δείξωσι
526 3669 859 3740 προαίρεσιν
888 3671 1023 3740 περὶ
1052 3671 1148 3725 τοῦ
1178 3671 1386 3726 ἐθέλειν
1416 3674 1617 3737 αὐτοὺς
1669 3675 1865 3743 βαπτιο

299 3756 507 3828 σθῆναι,
546 3761 644 3813 καὶ
704 3761 905 3815 εἴπωσι
935 3763 1171 3836 κινδύνῳ
1213 3764 1330 3835 ίδίῳ
1367 3764 1552 3837 ζητεῖν
1579 3767 1639 3820 τὸ
1678 3768 1874 3838 βάπτι-

288 3856 430 3916 σμα,
478 3851 983 3923 ἀπαρεμποδίστως
1037 3855 1524 3927 βαπτισθήσονται,
1553 3859 1623 3913 δι’
1661 3861 1869 3932 ἑτέρων

300 3943 392 4006 τὶς
416 3943 716 4013 ὁμολογίας
750 3945 1091 4017 ποιούμενοι.
1123 3949 1236 4002 Καὶ
1257 3949 1415 4003 τοῦτο
1442 3951 1562 4019 μὲν,
1587 3951 1678 4005 ὅτε
1708 3952 1871 4022 τυχὸν

304 4033 363 4084 ἑν
390 4035 464 4105 τῷ
498 4035 807 4107 τελευτᾷνή
838 4038 1063 4111 τοιαύτη
1104 4040 1313 4095 τούτων
1348 4043 1671 4113 προαίρεσις
1702 4043 1874 4098 κατά-

302 4123 449 4193 δηλος
472 4128 722 4197 γένηται.
761 4130 825 4183 El
852 4130 909 4183 δέ
941 4132 1065 4185 τότε
1107 4133 1208 4202 μὲν
1238 4134 1394 4188 οὐδέν
1434 4151 1488 4187 τι
1517 4135 1761 4189 τοιούτον
1791 4137 1871 4189 εί·-

307 4217 421 4266 πείν
445 4216 724 4284 δύνανται,
756 4219 847 4272 διὰ
899 4219 1002 4287 τὴν
1026 4220 1277 4291 ἀνάγκην
1305 4223 1405 4291 τῆς
1444 4223 1624 4289 νόσου,
1663 4241 1874 4294 μαρτυ-

309 4308 470 4374 ρεῖται
507 4310 567 4361 δὲ
599 4309 756 4376 παρά
810 4326 977 4364 τινων
1006 4310 1082 4374 ὡς
1118 4313 1169 4364 οί
1210 4302 1447 4369 τοιοῦτοι
1492 4314 1589 4367 καὶ
1636 4314 1742 4386 πρὸ
1771 4315 1874 4384 τῆς

311 4400 496 4464 trav-Ia;
514 4398 743 4471 τυχδνῆ
780 4401 882 4472 τῆς
920 4401 1091 4472 ἄλλης
1139 4405 1504 4468 κτνδυνώδους
1535 4406 1697 4459 νόσου
1749 4407 1870 4461 ὀλο-

1324 350 1407 410 IN
1435 350 1602 412 CAN.
1640 349 1888 411 XLVIII
1926 350 2132 414 CONC.
2163 350 2542 416 CARTHAG.

579 469 1026 540 ’Δνατιθεμὲνων
1091 465 1185 519 οὖν
1259 465 1340 535 τῷ
1404 462 1525 533 Θεῷ
1587 462 1872 533 παρθένων

1982 464 2106 531 Quae
2136 480 2193 520 se
2220 480 2350 537 ergo
2389 465 2629 535 virgines
2665 464 2779 518 Deo
2810 463 3084 526 dicabant,
3126 462 3544 515 continentiam-

3448 351 3547 414 173

1975 571 2081 627 que
2107 557 2526 627 proﬁtebantur,
2556 570 2652 611 eas
2707 556 2998 624 episcopus
3053 553 3378 623 excipiebat.
3417 552 3540 621 Epi-

1976 649 2124 718 scopi
2152 648 2345 717 ~igitur
2390 646 2491 702 vel-
2519 647 2984 718 presbyterorum,
3020 647 3062 700 si
3108 646 3152 700 is
3207 647 3382 708 abest,
3413 661 3545 701 cura

1977 741 2425 810 providentiaque
2468 755 2564 795 eas
2598 739 2860 808 regendas
2910 753 3028 795 esse
3071 757 3085 793 :
3130 748 3187 792 et
3232 738 3486 804 quoniam
3518 754 3546 795 tt

1977 833 2297 900 parentibus
2383 833 2572 888 divisae
2650 842 2798 895 sunt,
2864 847 3094 900 quorum
3179 831 3350 884 oculis
3404 832 3545 887 domi

1976 925 2431 988 observabantur,
2487 923 2729 978 honestis
2780 924 3125 984 mulieribus,
3175 937 3298 976 curn
3351 922 3548 990 quibus

1979 1024 2087 1065 una
2127 1011 2382 1079 degentes
2435 1013 2501 1065 ad
2542 1012 2799 1066 virtutem
2846 1012 3354 1075 iufnrmeutur,.eas
3388 1026 3552 1064 com-

1979 1103 2220 1160 mendarl
2251 1120 2314 1158 ac
2333 1104 2494 1169 tradi,
2514 1119 2685 1157 canon
2714 1105 2901 1171 jubet;
2928 1105 3010 1157 vel
3038 1104 3090 1158 in
3121 1119 3228 1157 uno
3254 1103 3552 1170 eodemque

1979 1195 2335 1250 contubernio
2369 1197 2528 1249 simul
2563 1210 2754 1250 clunes
2785 1197 3049 1266 ejusmodi
3097 1212 3284 1251 sacras
3315 1197 3550 1258 virgines

1979 1284 2197 1352 degere,
2229 1294 2290 1339 ut
2319 1288 2506 1338 r’uuttto
2534 1301 2658 1339 sese
2691 1295 2914 1354 aspectu
2945 1286 3185 1340 vicissim
3217 1284 3549 1346 custodiant,

1981 1392 2157 1449 neque
2177 1393 2307 1432 vero
2338 1378 2446 1433 huc
2476 1379 2608 1433 illud
2630 1388 2879 1434 errantes
2905 1393 2969 1434 ac
3010 1393 3156 1445 vagae
3188 1378 3549 1447 existimatio-

1981 1486 2104 1525 nem
2133 1471 2389 1526 Ecclesiae
2448 1471 2679 1538 lmdant;
2729 1471 2836 1526 hoc
2884 1480 2988 1537 est,
3042 1469 3443 1538 suspicionibus
3487 1467 3555 1520 de

1982 1562 2225 1619 Ecclesia
2265 1579 2459 1634 parum
2501 1562 2813 1621 ‘commodis
2873 1562 3222 1618 occasionem
3280 1561 3554 1616 nonnullis

1982 1656 2281 1723 praebeant.
2332 1655 2429 1711 Est
2483 1670 2614 1712 vero
2672 1655 2916 1712 Ecclesia
2958 1655 3195 1721 ﬁdelium
3270 1653 3556 1709 multitudo

1979 1747 2097 1799 sive
2119 1755 2439 1802 conventus.

1910 1804 1952 1859 Β
1981 1837 2211 1894 ARIST.
2259 1856 2278 1891 ι
2325 1838 2459 1906 Quae
2497 1852 2527 1892 a
2558 1847 2714 1909 patre
2769 1839 3105 1911 virginitatis
3151 1839 3326 1908 gratia
3365 1851 3550 1892 seces-

2059 1948 2078 1982 ι
2112 1929 2278 1994 serit,
2346 1932 2835 1989 venerabilior-ibus
2932 1931 3150 1988 feminis
3213 1927 3558 1985 commende—

2057 2040 2077 2075 ι
2116 2032 2224 2078 tut'.
2259 2043 2277 2075 ι

2048 2112 2275 2183 Oportet
2326 2115 2640 2185 episcopum
2689 2131 2968 2173 sacrarum
3027 2114 3299 2186 virginum
3358 2128 3545 2168 curam

1980 2194 2203 2273 habere,
2224 2216 2285 2262 et
2315 2207 2359 2263 si
2391 2209 2496 2262 illae
2529 2224 2559 2263 ιι
2588 2207 2704 2262 suis
2728 2209 2997 2276 patribus,
3026 2198 3226 2277 quibus
3262 2207 3550 2263 custoditur:

1979 2297 2151 2363 fuere,
2208 2309 2557 2368 separentur,
2608 2299 3092 2354 venerabil'tssimis
3138 2298 3460 2352 mulieribus
3496 2297 3547 2348 iu

1977 2390 2413 2445 observationem
2454 2392 2761 2454 tradantur,
2800 2402 2857 2446 ut
2894 2406 3079 2447 secum
3114 2391 3349 2447 invisent
3379 2391 3550 2445 coha-

1978 2478 2178 2536 bitent.
3020 2518 3031 2527 -

2422 2573 2582 2645 571
2609 2573 2837 2631 CANON
2878 2573 3103 2635 xnvnt.

1980 2681 2000 2716 ι
2042 2663 2114 2718 De
2150 2664 2215 2719 iis
2241 2665 2329 2734 qui
2378 2679 2506 2720 sunt
2538 2666 2735 2720 iutirmi
2767 2675 2820 2721 et
2861 2681 2959 2737 pro
2998 2684 3059 2724 se
3088 2669 3415 2737 respondere
3452 2681 3550 2719 ne-

2056 2774 2074 2808 ι
2111 2767 2334 2824 queunt.
2365 2755 2451 2811 Ut.
2472 2758 2561 2828 qui
2590 2768 2718 2813 sunt
2748 2756 2972 2823 inﬁrmi,
3002 2758 3091 2828 qui
3120 2758 3337 2826 quidem
3362 2772 3460 2825 pro
3492 2772 3552 2810 se

2056 2864 2076 2897 ι
2114 2848 2442 2915 respondere
2497 2865 2603 2903 non
2670 2857 2934 2917 possunt,
3006 2858 3133 2903 tunc
3181 2847 3549 2913 baptizenlttr.

2053 2955 2074 2991 ι
2109 2942 2331 3005 quando
2353 2941 2629 2995 voluntate
2649 2957 2742 2995 sua
2767 2942 2833 2997 de
2852 2956 2912 2996 se
2938 2940 3305 3001 testimonium
3334 2938 3552 3010 proltrio

2050 3050 2071 3082 ι
2108 3032 2346 3100 periculo
2379 3034 2638 3090 dixerint.
2679 3051 2697 3086 ι

2044 3209 2240 3268 BALS.
2279 3209 2508 3278 Quidam
2541 3210 2814 3281 petebant,
2843 3220 2903 3268 ut
2935 3211 3182 3269 inﬁdeles
3208 3211 3450 3279 nonnulli
3484 3212 3549 3267 ad

1973 3309 2273 3358 extremum
2327 3303 2582 3371 spiritum
2649 3303 3066 3373 baptizarentur
3112 3320 3128 3360 :
3177 3319 3281 3360 uec
3330 3304 3552 3361 fuerunt

1972 3394 2233 3457 exauditi,
2270 3409 2338 3448 eo
2364 3394 2505 3460 quod
2543 3410 2652 3449 non
2687 3398 2894 3464 possint
2923 3395 3128 3450 infirmi
3159 3412 3256 3468 per
3284 3412 3344 3463 se
3372 3396 3549 3454 sancti

1970 3485 2315 3554 baptismatis
2344 3496 2497 3553 pacta
2525 3495 2581 3540 et
2603 3496 2869 3543 conventa
2906 3487 3167 3555 μεθίησι-ί.
3202 3487 3549 3557 Dicunt-ergo

1971 3576 2181 3640 Patres,
2222 3577 2363 3647 quod
2404 3577 2450 3633 si
2491 3578 2549 3642 ii,
2595 3580 2688 3649 qui
2739 3590 2867 3635 sunt
2904 3580 3128 3647 infirmi,
3179 3596 3238 3638 se
3280 3581 3548 3648 baptizari

1971 3668 2110 3723 velle
2137 3669 2495 3735 ostenderint,
2520 3685 2689 3739 seque
2709 3671 2926 3741 proprio
2951 3672 3189 3742 periculo
3216 3673 3543 3742 baptismum

1971 3774 2220 3827 quaerere
2244 3761 2513 3827 dixerint;
2545 3764 2663 3817 sine
2692 3764 3082 3831 impedimento
3104 3765 3545 3834 baptizabantur,

1972 3866 2070 3922 per
2098 3853 2234 3906 alios
2268 3860 2421 3919 pacta
2450 3853 2720 3921 promissa
2753 3852 3041 3917 facientes.
3077 3857 3258 3924 Atque
3295 3858 3397 3911 hoc
3427 3856 3548 3925 qui-

1971 3942 2092 4014 dem
2119 3944 2336 4015 quando
2362 3943 2507 4000 forte
2540 3945 2687 3999 inter
2709 3945 3048 4007 moriendum
3076 3947 3198 4002 talis
3229 3963 3416 4000 eorum
3449 3962 3548 3998 vo-

1973 4033 2155 4089 luntas
2199 4042 2383 4106 aperta
2425 4034 2608 4089 fuerit.
2655 4034 2711 4090 Si
2757 4045 2938 4091 autem
2972 4047 3101 4092 tunc
3131 4038 3357 4106 quidem
3408 4039 3543 4091 nihil

1974 4133 2201 4194 possunt
2237 4124 2506 4195 ejusmodi
2541 4127 2746 4192 dicere,
2781 4138 3003 4196 propter
3043 4129 3213 4183 morbi
3252 4129 3549 4182 necessitaa

1976 4224 2082 4271 tem
2107 4232 2124 4283 ;
2160 4217 2522 4272 testiﬁcantur
2549 4226 2729 4274 autem
2761 4218 2951 4288 aliqui,
2980 4219 3124 4288 quod
3152 4229 3278 4274 ante
3310 4217 3545 4271 furorem

1974 4309 2212 4363 fortasse
2257 4310 2345 4364 vel
2374 4308 2609 4376 aliquem
2640 4309 2806 4365 alium
2845 4310 3209 4380 periculosum
3238 4310 3482 4363 morbum
3514 4310 3547 4362 ii

1975 4414 2042 4455 ex
2075 4406 2186 4454 toto
2214 4399 2421 4455 vellent
2453 4415 2637 4459 animo
2672 4401 2962 4469 baptizari,
3001 4417 3153 4470 rogo,
3197 4402 3550 4468 liaptizabu...

304 4485 483 4558 ψύχεος
512 4488 860 4560 προῃροῦντο
895 4488 1285 4561 βαπτισθῆναι,
1318 4492 1531 4564 ἐρωτῶ,
1566 4492 1868 4562 βαπτισθή-

1982 4496 2069 4545 tur
2119 4492 2340 4546 annon?
2381 4491 2612 4550 Salutio.
2643 4493 2775 4549 Mihi
2808 4494 3039 4557 videtur,
3071 4494 3217 4561 quod
3247 4495 3362 4547 siue
3402 4496 3545 4561 pet-i-

304 4592 475 4633 σονται
503 4580 536 4650 ἦ
583 4579 680 4646 οὓς
728 4580 941 4647 Λύσις.
971 4590 980 4597 ’
1005 4581 1156 4649 Ἐμοὶ
1190 4585 1339 4636 δοκεῖ
1375 4583 1451 4646 ὡς
1486 4584 1869 4654 ἀπαρεμποδί-

306 4682 436 4734 στως
462 4671 937 4742 βαπτισθήσονται
963 4670 1057 4725 διὰ
1085 4672 1181 4742 τὴν
1212 4675 1271 4726 ἐν
1303 4674 1465 4746 ὑγεία
1496 4674 1711 4743 ἀγαθὴν
1739 4677 1872 4744 πρόο

302 4759 442 4814 θεσιν
475 4764 680 4817 αὐτῶν.
732 4763 957 4817 Τούτων
987 4765 1045 4819 δὲ
1085 4764 1263 4827 οὓτως
1294 4767 1554 4838 ἐχόντων,
1588 4769 1663 4839 μὴ
1708 4770 1870 4842 εῐπῃς

182 4894 191 4921 ,
298 4853 385 4916 ὡς,
425 4856 550 4910 ἐπεὶ
574 4857 604 4909 ὁ
625 4854 820 4927 παρὼν
855 4856 1042 4911 κανὼν
1069 4856 1371 4926 διορίζεται
1403 4858 1649 4924 ἐκείνους
1675 4860 1872 4930 βαπτί-

301 4944 477 5009 ζεσθαι
507 4949 638 5011 τοὺς
660 4949 1085 5018 ἐνδειξαμένους
1105 4951 1431 5022 προαίρεσιν
1483 4951 1700 5023 ἀγαθὴν
1764 4953 1869 5024 πρὸ

297 5038 391 5108 τῆς
416 5040 597 5104 νόσου,
651 5040 686 5112 ἥ
727 5040 852 5095 κατ’
907 5042 1082 5112 αὐτὴν
1134 5042 1238 5113 τὴν
1289 5043 1471 5109 νόσον,
1513 5044 1574 5109 ἐξ
1620 5047 1869 5118 ἀνάγκης

297 5129 489 5185 ἐκείνοι
514 5132 612 5185 καὶ
641 5132 1007 5203 ἀποκαρσεως
1037 5135 1462 5206 ἅξιωθήσονται,
1497 5137 1550 5189 οί
1605 5138 1751 5192 κατὰ
1774 5140 1870 5194 τὸν

298 5222 480 5291 καιρὸν
510 5224 776 5295 τελευτῆς
812 5224 922 5296 πρὸ
955 5225 1057 5296 τῆς
1090 5225 1409 5290 τελευταίας
1460 5229 1740 5299 ἀναπνοῆς
1778 5234 1868 5285 ἐν·

294 5313 595 5383 δειξάμενοι
652 5317 920 5387 πρόθεσιν
981 5319 1366 5388 ἀποκάρσεως.
1422 5313 1585 5374 Οὗτοι
1632 5323 1741 5394 γὰρ
1772 5322 1868 5377 τοῦ

296 5406 655 5462 ἐπιτελευτίου
679 5408 898 5477 ἑφοδίου
938 5409 1034 5463 τοῦ
1066 5410 1361 5479 ἀγγελικοῦ
1398 5414 1680 5482 σχήματος
1724 5414 1874 5467 ἀδια-

295 5496 519 5561 στίκτως
542 5498 967 5570 ἀξιωθήσονται,
1004 5501 1103 5554 ἐὰν
1131 5501 1272 5565 τέως
1298 5501 1560 5574 αἴσθησιν
1586 5502 1683 5556 τοῦ
1718 5520 1868 5571 γινο-

295 5590 449 5656 μένου
484 5590 672 5660 ἓχωσι.
696 5594 825 5656 Τοῖς
854 5592 955 5661 μὶν
976 5594 1087 5664 γὰρ
1119 5592 1448 5663 ὀρθοδόξοις,
1487 5593 1563 5657 ὡς
1590 5594 1870 5659 ἐλπίζουσι

290 5680 382 5749 τὴν
414 5681 722 5752 μέλλουσαν
750 5678 942 5748 κρίσιν
969 5683 1065 5736 τοῦ
1093 5683 1255 5749 Θεοῦ,
1278 5686 1311 5756 ή
1338 5685 1603 5756 μετάνοια
1620 5687 1869 5749 σύνοικός

296 5775 423 5838 ἔστι,
456 5778 557 5835 καὶ
608 5779 715 5843 πᾶς
764 5777 1104 5849 Χριστιανὸς
1163 5778 1309 5834 κατά
1361 5778 1633 5850 πρόληψιν
1683 5781 1870 5847 ἔφεσιν

1972 4578 2095 4636 cule
2110 4570 2546 4651 baptizabantur,
2571 4591 2792 4651 propter
2811 4582 3008 4637 bonam
3033 4596 3218 4637 eorum
3244 4583 3297 4637 in
3314 4574 3551 4638 sanitate

1973 4672 2356 4727 intentionem.
2396 4673 2533 4729 Cum
2583 4673 2697 4731 haec
2749 4682 2931 4728 autem
2979 4673 3049 4726 ita
3092 4688 3153 4727 se
3197 4674 3449 4732 habeant.
3481 4692 3550 4727 ne

1971 4764 2200 4829 dixeris,
2230 4762 2373 4832 quod
2403 4762 2663 4834 quoniam
2709 4779 2949 4833 praesens
2986 4779 3160 4819 canon
3204 4767 3393 4819 statuit
3425 4766 3546 4818 illus

1971 4853 2363 4924 baptizandus,
2416 4855 2510 4923 qui
2570 4855 2766 4911 bonam
2829 4854 3159 4919 voluntatem
3209 4856 3546 4915 ostenderint

1971 4957 2101 5001 ante
2136 4936 2408 5014 morbum,
2440 4945 2524 5003 vel
2560 4945 2619 5002 in
2651 4945 2773 5014 ipso
2808 4945 3037 5010 morbo;
3085 4945 3163 5000 illi
3191 4962 3406 5018 quoque
3452 4964 3547 5001 ue-

1970 5040 2215 5096 cessario
2260 5049 2544 5095 tonsuram
2587 5024 2990 5107 assequentur,.
3022 5039 3113 5108 qui
3167 5048 3295 5107 ante
3335 5052 3546 5107 tempus

1971 5133 2165 5189 mortis
2188 5138 2243 5186 et
2271 5131 2503 5187 extremi
2524 5130 2772 5201 spiritus,
2804 5139 2863 5187 ut
2892 5129 3265 5198 tenderentur,
3295 5133 3544 5188 volunta—

1972 5235 2078 5280 tem
2115 5224 2479 5281 ostenderint.
2520 5223 2587 5282 Hi
2613 5223 2760 5281 enim
2787 5231 3093 5279 extremum
3136 5226 3363 5295 angelici
3403 5227 3544 5281 ami-

1971 5326 2090 5371 ctus
2131 5315 2384 5370 viaticum
2414 5315 2727 5371 indistincte
2762 5326 3152 5385 assequentur,
3181 5318 3225 5374 si
3255 5315 3376 5388 ejus
3406 5317 3546 5386 quod

1974 5411 2032 5463 tit
2068 5423 2287 5464 sensum
2316 5408 2570 5465 habeant.
2603 5407 2937 5467 Orthodoxis
2968 5410 3142 5477 enim,
3172 5419 3231 5465 ut
3266 5411 3358 5480 qui
3396 5409 3546 5465 futuv

1974 5518 2091 5556 rum
2134 5501 2231 5556 Dei
2254 5500 2515 5570 judicium
2541 5512 2783 5572 sperent,
2815 5505 3136 5573 poenitentia
3163 5504 3462 5566 cohabitat,
3490 5513 3544 5555 et

1973 5594 2201 5664 quilibet
2256 5595 2540 5663 proposito
2591 5594 2936 5655 Christianus
2984 5596 3279 5657 desiderat,
3335 5602 3398 5647 ut
3454 5606 3550 5662 per
3664 5633 3669 5639 .

1974 5697 2252 5743 tonsuram
2293 5685 2341 5741 ei
2390 5701 2487 5742 sua
2536 5700 2761 5758 peccata
2814 5692 3179 5747 remittantur.
3232 5686 3547 5741 lntidelibus

1974 5771 2153 5836 autem
2186 5791 2294 5834 non
2338 5786 2419 5833 est
2456 5778 2770 5836 necessario
2805 5793 3147 5850 consequens
3178 5776 3430 5846 baptismi
3460 5778 3550 5831 de—
