3976 6434
410 1064 413 1065 ν
506 1005 653 1070 digni
689 1023 801 1060 nun
829 1007 1193 1060 habebuntur.

520 429 621 492 179
1584 483 1594 494 .
1777 433 2055 497 THEOB.
2098 435 2501 500 BALSAMON
3660 449 3754 513 ιδο

510 545 767 601 ιιίιιετίιιιιι
800 564 816 602 ι
856 546 1029 617 magis
1066 559 1195 616 ergo
1230 545 1461 602 dicimus
1485 560 1673 602 eorum
1708 562 1831 604 esse
1862 547 2056 602 institu

2192 549 2305 621 ἔχει
2364 552 2458 607 τοῦ
2500 554 2927 626 συγχωρηθῆναι
2960 557 3048 611 διά
3098 558 3199 627 τῆς
3258 558 3622 630 ἀπκάρσεως
3665 563 3757 625 τὰς

510 647 643 702 ιιιιη,
696 646 756 690 ut
788 652 910 691 cum
965 637 1182 706 propria
1226 637 1610 706 superstitione
1659 636 1982 698 moriantur,
2027 652 2055 691 ε

2185 644 2468 714 ἁμαρτίας
2501 645 2668 700 αὐτοῦ
2689 658 2727 679 ’⁸
2747 650 2861 712 τοῖς
2884 648 2941 701 δέ
2964 648 3217 715 ἀπίστοις
3243 651 3344 704 οὐκ
3407 650 3468 717 ἐξ
3515 652 3759 723 ἀνάγκης

509 741 763 785 sanctum
823 731 987 785 etiam
1024 729 1367 798 baptismum
1427 729 1712 784 irrideant.
1771 728 1888 783 Nisi
1947 744 2062 799 ονε(

2184 728 2429 807 ἕπομένη
2453 736 2603 792 ἐστὶν
2637 740 2671 807 ἡ
2704 738 2894 808 ἔφεσις
2924 740 3045 799 ,τοῦ
3104 732 3523 811 βαπτίσματοςο
3564 742 3758 812 μᾶλλον

511 826 836 878 ostendatur
860 839 954 878 eos
1000 825 1126 878 dum
1153 833 1338 879 essent
1368 822 1509 886 sani,
1537 822 1798 890 baptizari
1827 822 2060 876 voluisse

2192 828 2293 897 μὲν
2320 828 2414 882 οὖν
2441 831 2583 884 κατά
2618 831 2892 903 πρόληψιν
2915 833 3150 904 λέγομεν
3172 832 3316 905 ἔχειν
3346 834 3546 895 αὐτοὺς
3577 835 3760 902 ἔφεσιν

509 913 594 967 vel
621 915 812 969 saltem
837 915 966 969 dum
992 924 1275 980 aegretant,
1297 915 1438 968 inter
1458 914 1794 969 moriendum
1820 913 2062 985 baptisuu

2194 924 2338 990 μετά
2370 924 2469 993 τῆς
2502 925 2714 989 οἰκείας
2739 926 3041 997 θρησκείας
3067 929 3378 992 ἀποθανεῖν,
3409 927 3507 981 καὶ
3528 944 3762 994 καταγε-

2192 1011 2291 1083 λᾷν
2322 1013 2381 1066 δὲ
2411 1019 2506 1069 καὶ
2535 1017 2630 1071 τοῦ
2668 1019 2814 1073 θείου
2846 1018 3243 1089 βαπτίσματος.
3268 1021 3331 1073 El.
3363 1019 3497 1088 γοῦν
3529 1021 3592 1074 ού
3659 1020 3762 1073 δεί-

510 1114 704 1151 κνυται
739 1099 801 1152 τὸ
832 1099 1012 1152 θέλειν
1027 1100 1249 1162 τούτους
1267 1102 1325 1152 ἐν
1360 1099 1520 1171 ὑγεία
1541 1097 1701 1162 ὄντας
1723 1098 2107 1170 βαπτισθῆναι,
2149 1102 2183 1173 ἦ
2234 1106 2340 1161 κᾶν
2382 1111 2440 1163 ιν
2468 1110 2546 1180 τῷ
2587 1113 2992 1183 νοσηλεύεσθαι,
3050 1114 3151 1168 οὐκ
3200 1112 3602 1186 ἀξιωθήσοντα,
3668 1112 3758 1167 τοῦ

508 1190 889 1260 βαπτίσματος
927 1192 1017 1244 ὅτε
1046 1190 1390 1248 τελευτῶσιν.
2968 1254 2971 1257 λ
3202 1256 3203 1261 η

579 1281 833 1337 ΖΟΝΑῐὶ.
880 1282 979 1349 Qui
1028 1297 1094 1337 ex
1153 1283 1343 1370 morbo
1391 1284 1923 1341 alioreidiscrimine
1973 1295 2062 1342 tan

2233 1291 2512 1354 ,ZONAP,
2549 1292 2688 1357 Τοὺς
2728 1297 2794 1349 ἐκ
2844 1297 3016 1351 νόσων
3047 1267 3086 1368 ’ἦ
3118 1314 3281 1351 τινων
3329 1297 3759 1366 συμπτωμάτων

513 1377 651 1430 n-ale
675 1376 852 1431 allecti
883 1387 1027 1436 sunt,
1066 1388 1124 1429 ut
1158 1389 1339 1444 neque
1369 1393 1652 1433 sermones
1678 1381 1951 1441 conferre,
1983 1395 2062 1433 ne

2188 1384 2376 1446 κακῶς
2400 1385 2643 1455 ἔχοντας,
2668 1378 2810 1442 ὥστε
2837 1388 2911 1458 μὴ
2937 1389 3200 1443 δύνασθαι
3216 1389 3446 1459 ὁμιλεῖν,
3476 1390 3600 1459 μηδ’
3624 1391 3759 1443 ἀπο·

506 1483 649 1534 que,
707 1485 773 1521 an
825 1468 1092 1539 baptizari
1150 1471 1410 1539 cupi-ant,
1469 1472 1678 1540 roganti
1748 1474 2062 1540 responderi

2186 1476 2465 1545 κρίνεσθαι
2497 1480 2904 1549 ἐρωτωμένους,
2936 1484 2984 1534 εί
3029 1481 3305 1551 βούλοιντο
3367 1481 3757 1552 βαπτισθῆναι,

498 1572 721 1629 queant,
760 1563 842 1615 vel
871 1564 1034 1617 etiam
1075 1564 1150 1617 ita
1182 1564 1283 1617 sibi
1329 1565 1514 1617 animo
1554 1578 1661 1617 non
1706 1572 1977 1627 constent,
2019 1576 2062 1617 ut

2184 1568 2214 1637 ἢ
2249 1572 2344 1624 καὶ
2368 1573 2460 1624 τὸν
2486 1571 2611 1626 νοῦν
2649 1574 2781 1638 ἴσως
2831 1575 3265 1646 βεϐλαμμένους,
3315 1552 3392 1640 ὥς
3422 1573 3562 1646 μηδέ
3619 1576 3759 1630 νοεῖν

499 1668 568 1706 ne
612 1668 676 1709 ea
706 1653 947 1722 quidem,
980 1669 1102 1722 qua:
1137 1662 1418 1723 rogantur,
1457 1655 1796 1723 intelligant;
1834 1665 1945 1709 tum
1977 1654 2062 1710 de«

2184 1663 2216 1716 ἃ
2249 1664 2590 1733 ἐρωτῶνται,
2615 1668 2738 1721 τότε
2778 1669 2883 1739 χρὴ
2935 1669 3242 1738 βαπτίζειν,
3296 1669 3386 1722 ὅτε
3434 1664 3759 1735 προαίρεσιν

495 1760 644 1798 mum
682 1747 946 1815 baptizari
991 1756 1227 1815 oportet,
1275 1748 1319 1801 si
1371 1762 1430 1803 se
1476 1746 1738 1816 baptizari
1786 1747 1922 1801 velle
1965 1762 2062 1801 non

2184 1752 2451 1817 δείξουσιν
2505 1757 2555 1809 εί
2608 1756 2882 1826 βούλοιντο
2934 1758 3301 1827 βαπτισθῆναι
3329 1772 3344 1788 θ
3404 1756 3503 1810 καὶ
3557 1755 3761 1809 εἴπωσι

493 1837 742 1891 obscuris
785 1848 945 1893 antea
986 1839 1200 1893 iudiciis
1229 1839 1602 1906 probaverim,
1637 1853 1804 1906 seque
1850 1839 2062 1907 proprio

2184 1843 2407 1916 κινδύνῳ
2439 1846 2555 1917 ἰδίῳ
2582 1847 2766 1918 ζητεῖν
2815 1850 2878 1903 τὸ
2921 1849 3222 1920 βάπτισμα,
3256 1849 3418 1913 ὥστε,
3447 1848 3498 1901 εί
3532 1846 3607 1916 μὴ
3660 1844 3761 1915 τὴν

492 1930 734 1996 periculo
765 1930 1093 1999 baptismum
1121 1946 1363 1999 quaarere
1397 1932 1654 1994 dixerint,
1687 1932 1759 1984 ita
1791 1929 2062 1995 nimirum,

2184 1934 2356 1988 πίστιν
2406 1937 2753 2005 φυλάξουσιν,
2790 1941 2987 2005 αὐτοὺς
3038 1939 3392 1994 κινδυνεύειν.
3426 1938 3488 1994 El
3514 1938 3570 1991 δὲ
3606 1952 3760 2005 μαρ-

493 2024 554 2070 ιιι
588 2016 690 2070 nisi
738 2016 859 2072 lidei
895 2020 1196 2085 depositum
1228 2017 1647 2080 custodiverint,
1690 2018 1791 2086 ipsi
1836 2018 1887 2071 in
1919 2016 2062 2086 peri-

2184 2029 2421 2095 τυρεῖται
2450 2029 2533 2082 ὅτι
2582 2031 2677 2083 καὶ
2726 2032 2833 2100 πρὸ
2864 2031 2961 2101 τῆς
2985 2030 3272 2094 ἀσθενείας
3332 2031 3515 2099 ἐζήτει
3565 2026 3628 2079 τδ
3660 2026 3760 2095 βά-

492 2108 671 2163 ι·ιι1ιιιιι
697 2111 933 2164 veniant.
954 2110 1109 2177 Quod
1133 2111 1179 2164 si
1200 2108 1269 2163 ab
1297 2109 1500 2179 aliquo,
1534 2110 1848 2179 priusquam
1873 2112 2064 2165 morbo

491 2212 850 2269 premeretur,
890 2203 1216 2272 baptismum
1261 2201 1612 2267 postulatum,
1663 2201 1936 2270 aliquibus
1980 2210 2067 2255 ta-

2172 2132 2408 2188 πτισμα,
2471 2121 2828 2191 ὑπερετίθετο
2856 2122 2911 2176 δὲ
2941 2116 3013 2176 δι’
3042 2123 3226 2184 αίτίας
3276 2121 3452 2184 τινάς,
3483 2119 3578 2173 καὶ
3609 2122 3757 2181 τότε,

2175 2205 2284 2260 κᾶν
2323 2209 2398 2278 μὴ
2420 2208 2651 2282 δύνηται
2676 2212 3095 2283 ἀποκρίνεσθαι,
3128 2211 3584 2280 βαπτισθήσεται.

492 2310 615 2348 men
643 2309 710 2348 ex
746 2294 927 2349 causis
952 2294 1176 2348 dilatum
1233 2293 1422 2359 fuisse,
1485 2301 1739 2348 testatum
1779 2294 1885 2354 sit;
1932 2293 2231 2364 hominem,
2269 2302 2523 2369 quamvis
2592 2305 2924 2374 respondere
2957 2305 3167 2373 nequit,
3222 2301 3575 2359 nihilominus
3655 2298 3761 2354 ba-

491 2389 688 2457 ptizari
720 2389 916 2460 placet.

439 2511 454 2525 ρ
492 2483 721 2539 ARIST.
766 2503 786 2536 ι
842 2484 941 2551 Qui
990 2494 1221 2554 ~pr0pter
1275 2483 1644 2538 inﬁrmitatem
1706 2497 1803 2553 pro
1857 2499 1918 2540 se
1966 2500 2062 2537 non

2184 2486 2399 2541 ΑΡΙΣΤ.
2437 2505 2456 2538 ι
2512 2486 2573 2540 '0
2611 2487 2680 2542 δι’
2706 2488 2993 2542 ἀσθένειαν
3028 2485 3102 2557 μὴ
3130 2484 3567 2555 ἀποκρινόμενος
3606 2481 3760 2554 ὑπὲρ

571 2594 590 2626 ι
632 2578 945 2642 respondet,
988 2586 1116 2631 tunc
1162 2576 1466 2645 baptizetur
1493 2614 1511 2641 ,
1559 2590 1681 2629 cum
1733 2590 1828 2631 sua
1874 2589 2073 2646 sponte

567 2685 586 2717 ι
628 2667 994 2722 testimonium
1030 2669 1258 2723 dederit.
1300 2686 1319 2718 ι

563 2759 791 2826 Oportet
823 2775 945 2813 eum
992 2760 1083 2829 qui
1135 2760 1439 2828 baptizatur
1486 2760 1714 2829 gratiam
1760 2759 2067 2830 percipere,

484 2861 540 2903 ct
579 2850 806 2920 mystice
836 2850 1170 2920 interrogata
1204 2850 1526 2920 intelligere,
1556 2860 1611 2904 et
1641 2851 1708 2903 ad
1735 2865 1799 2903 ea
1833 2865 2058 2917 respon-

483 2944 636 2999 dere.
684 2943 744 2997 Si
780 2944 903 3011 quis
948 2951 1127 2996 autem
1159 2958 1304 3008 eum,
1340 2944 1431 3011 qui
1481 2942 1812 3012 respondere
1857 2940 2061 3010 nequit,

486 3047 673 3104 utpote
700 3034 997 3096 inﬁrmum,
1042 3034 1311 3103 baptizari
1360 3034 1533 3103 cupit,
1568 3045 1698 3087 tunc
1730 3032 2059 3102 baptizetur,

483 3127 705 3197 quando
751 3127 864 3191 ille,
902 3127 993 3194 qui
1021 3128 1123 3181 hoc
1176 3126 1346 3193 cupit,
1391 3141 1492 3181 suo
1543 3125 1782 3193 periculo
1826 3134 2060 3179 testatus

482 3215 668 3281 fuerit,
693 3231 753 3272 se
778 3229 969 3272 exacte
998 3216 1198 3272 inﬁrmi
1239 3218 1381 3271 scire
1414 3216 1766 3280 voluntatem,
1798 3215 1940 3285 quod
1968 3216 2066 3268 ba-

482 3310 743 3380 ptismum
779 3311 833 3365 in
864 3309 1148 3366 desideriis
1176 3308 1395 3373 habeat,
1431 3317 1487 3362 et
1529 3305 1703 3362 adhuc
1746 3306 2066 3361 desiderans

483 3411 722 3457 maneat.
955 3417 966 3428 ·
1122 3460 1127 3464 ,

910 3494 1075 3565 572
1108 3492 1339 3550 CANON
1384 3491 1571 3548 xux.

490 3606 511 3639 ι
551 3586 627 3642 De
665 3585 900 3642 scenicis
933 3587 1307 3656 paenitentiam
1353 3583 1639 3653 agentibus
1669 3592 1726 3638 et
1773 3582 1839 3637 ad
1882 3582 2066 3637 Domi-

559 3697 580 3730 ι
616 3694 743 3732 num
777 3678 1076 3747 conversis.
1115 3674 1186 3732 Ut
1209 3675 1445 3731 scenicis
1469 3686 1525 3729 et
1555 3674 1735 3729 mimis
1758 3682 1812 3728 et
1842 3672 2065 3742 reliquis

557 3790 575 3821 ι
610 3769 877 3838 ejusmodi
926 3768 1192 3837 personis,
1226 3767 1313 3821 vel
1364 3766 1648 3837 apostatis,
1682 3765 2061 3833 paenitentiam

557 3878 578 3911 ι
618 3857 919 3929 agentibus,
946 3865 1002 3912 et
1021 3871 1081 3911 se
1110 3856 1177 3911 ad
1204 3854 1373 3910 Deum
1398 3854 1864 3920 convertentibus,
1889 3852 2062 3923 gratia

560 3970 577 4009 ι
618 3950 700 4005 vel
733 3949 1104 4006 reconciliatio
1130 3963 1240 4003 non
1272 3956 1516 4005 necetur.
1559 3965 1580 3999 υ

559 4131 757 4187 BALS.
810 4130 1024 4186 Scenici
1052 4139 1108 4185 et
1140 4129 1288 4185 mimi
1315 4129 1465 4195 cuni,
1497 4143 1603 4183 non
1632 4128 1930 4200 thymelici,
1967 4128 2060 4199 qui

482 4236 677 4279 cantus
702 4223 1084 4293 epithalamios
1107 4237 1230 4277 cum
1250 4221 1470 4276 musicis
1493 4232 1700 4277 canunt
1732 4221 2066 4277 instrumen-

484 4319 577 4381 tis,
610 4316 647 4370 ii
677 4315 819 4368 eiiim
846 4314 1213 4384 suntintegraa
1241 4314 1694 4369 existimationis:
1719 4315 1815 4368 sed
1845 4314 2064 4368 histrio-

482 4425 580 4465 nes
609 4423 673 4463 ac
700 4408 964 4472 ludiones,
997 4406 1090 4476 qui
1124 4421 1313 4461 servos
1341 4418 1396 4460 et
1422 4408 1622 4475 milites
1647 4417 1704 4461 et
1729 4406 1984 4461 mulieres
2007 4415 2064 4460 et

2253 2598 2272 2632 ι
2312 2580 2508 2646 ἑαυτοῦ
2539 2581 2659 2633 τότε
2682 2578 3052 2649 βαπτιζεσθω,
3080 2578 3210 2631 ὅταν
3246 2580 3312 2648 τῇ
3343 2574 3508 2629 αὐτοῦ
3546 2592 3759 2647 προαι-

2255 2692 2275 2725 ι
2312 2674 2463 2741 ρὲσει
2494 2672 2569 2742 δῷ
2594 2674 2695 2743 τὴν
2722 2672 3056 2743 μαρτυρίαν.
3092 2689 3110 2722 ι

2247 2767 2340 2818 Δεῖ
2358 2767 2450 2818 τὸν
2476 2765 2879 2835 βαπτιζόμενον
2906 2766 3004 2833 τῆς
3029 2763 3253 2833 χάριτος
3291 2760 3760 2825 ἐπαισθάνεσθαι,

2175 2858 2274 2912 καὶ
2300 2858 2369 2911 τὰ
2405 2856 2691 2928 μυστικῶς
2732 2854 3069 2926 ἐρωτώμενα
3102 2853 3362 2911 συνιέναι,
3386 2853 3484 2905 καὶ
3513 2850 3763 2922 ἀποκρί-

2171 2948 2362 3003 νεσθαι
2402 2948 2542 3019 πρὸς
2587 2935 2755 3001 αὐτά.
2808 2945 2870 2998 El
2923 2946 2979 2997 δέ
3022 2961 3107 3007 τις
3154 2942 3247 2997 τὸν
3323 2943 3398 3013 μὴ
3451 2944 3760 3009 δυνάμενον

2176 3039 2572 3110 ἀποκριθῆναι,
2607 3039 2684 3101 ὡς
2727 3035 3082 3097 ἀσθενοῦντα,
3123 3036 3346 3088 ἀπαιτεῖ
3365 3034 3758 3104 βαπτισθῆναι,

2169 3134 2292 3187 τότε
2325 3131 2694 3201 βαπτιζέσθω,
2753 3132 2884 3184 ὅταν
2927 3128 3114 3190 αὐτὸς.
3164 3129 3191 3180 ό
3256 3126 3416 3180 τοῦτο
3473 3126 3757 3186 ἀπαιτῶν.

2172 3224 2405 3291 κινδύνῳ
2439 3223 2555 3291 ίδίῳ
2585 3220 3033 3291 διαμαρτύρηται
3070 3218 3173 3286 τὴν
3216 3216 3383 3269 αὐτοῦ
3413 3214 3648 3284 γνώμην
3673 3216 3759 3268 εί-

2168 3317 2318 3371 δέναι
2366 3314 2609 3386 ἀκριϐῶς
2672 3309 3197 3374 τοῦ.άσθενοῦντος,
3255 3307 3333 3370 ώς
3384 3305 3640 3376 ἐπζητεῖ
3695 3305 3761 3361 τὸ

2168 3406 2477 3476 βάπτισμα,
2518 3402 2615 3457 κοιλΙ
2635 3402 2883 3471 ἐπιμένει
2909 3399 3111 3452 ποθῶν.

2734 3491 2973 3547 ΚΑΝΩΝ
3002 3487 3136 3546 MU.

2177 3610 2196 3644 ι
2240 3592 2378 3659 Περὶ
2421 3585 2706 3658 σκηνικῶν
2767 3582 3178 3654 μετανοούντων
3234 3580 3332 3634 καὶ
3386 3577 3759 3648 ἐπιστρεφόν-

2242 3704 2263 3736 ι
2297 3699 2406 3735 των
2448 3680 2588 3752 πρὸς
2617 3680 2707 3731 τὸν
2763 3677 2991 3747 Κύριον.
3049 3675 3217 3728 Ὥστε
3281 3674 3395 3735 τοῖς
3462 3669 3754 3739 σκηνικοῖς

2245 3795 2264 3827 ι
2300 3777 2395 3829 καὶ
2448 3774 2634 3844 μίμοις
2696 3771 2793 3825 καὶ
2855 3770 2968 3831 τοῖς
3026 3767 3236 3828 λοιποῖς
3310 3762 3758 3831 τοιουτοτρόποις

2242 3864 2278 3916 ι’
2306 3861 2648 3936 προσώποις,
2678 3860 2709 3929 ἦ
2742 3858 3104 3921 ἀποστάταις,
3143 3854 3469 3925 μετανοοῦσι
3507 3854 3605 3905 καὶ
3626 3856 3759 3906 ἐπι-

2243 3974 2263 4009 ι
2302 3955 2599 4026 στρέφουσι
2621 3954 2762 4023 πρὸς
2791 3952 2881 4006 τδν
2911 3951 3067 4013 Θεὸν,
3128 3948 3289 4019 χάριν
3329 3947 3362 4017 ἢ
3395 3944 3757 4015 καταλλαγὴν

2243 4065 2262 4098 ι
2303 4050 2377 4117 μὴ
2406 4043 2718 4115 ἀρνεῖσθαι.
2761 4059 2778 4093 ι

2184 4178 2191 4181 -
2237 4138 2435 4191 ΒΑΛΣ.
2467 4135 2726 4203 Σκηνικοὶ
2745 4134 2840 4187 καὶ
2863 4132 3017 4203 μῖμοί
3042 4135 3186 4185 εἰσιν
3209 4131 3332 4200 οὐχὶ
3357 4132 3407 4183 οἱ
3430 4129 3759 4197 θυμελικοὶ,

2165 4232 2216 4284 οἱ
2245 4231 2346 4293 τὰς
2382 4228 2780 4296 ἐπιθαλαμίους
2805 4225 2947 4296 ᾡδάς
2987 4225 3125 4292 μετά
3177 4221 3456 4292 μουσικῶν
3488 4222 3758 4290 ὀργάνων

2167 4324 2409 4395 ᾄδοντες
2441 4314 2590 4375 οὗτοι
2623 4320 2734 4388 γὰρ
2768 4317 2978 4385 ἔντιμοί
3010 4319 3153 4368 εἰσιν
3177 4330 3193 4348 ⁸
3231 4315 3369 4367 ἀλλά
3389 4314 3438 4366 οἱ
3469 4315 3763 4381 παιγνιῶο

2164 4432 2276 4480 ται,
2312 4414 2361 4466 οἱ
2391 4411 2615 4474 δούλους
2655 4410 2750 4464 καὶ
2796 4407 3138 4477 στρατιώτας
3190 4407 3282 4459 καὶ
3323 4407 3594 4473 γυναῖκας
3650 4406 3762 4459 καὶ

482 4502 621 4555 alias
646 4501 916 4568 quasdam
950 4512 1215 4567 personas
1244 4498 1544 4563 imitantur,
1580 4507 1635 4552 et
1668 4497 1720 4551 in
1756 4496 1949 4552 faciem
1979 4496 2058 4551 fe-

2184 4508 2330 4577 Ξτερα
2401 4505 2674 4576 πρόσωπα
2743 4498 3093 4571 μιμούμενοι,
3173 4500 3270 4552 καὶ
3314 4498 3472 4552 -κατά
3533 4498 3760 4569 κόρῤης

482 4594 652 4649 riunt.
687 4590 843 4646 Sicut
878 4592 982 4647 hoc
1013 4605 1080 4644 ex
1118 4589 1294 4658 primo
1337 4598 1619 4659 et‘quarto
1652 4588 1853 4658 capite,
1902 4590 1984 4643 tit.
2022 4589 2058 4642 2

481 4683 577 4739 lib.
632 4697 724 4743 xxi
778 4680 1015 4757 Basilic.‘
1047 4678 1370 4736 ostenditur.
1427 4677 1625 4734 Dicunt
1674 4693 1805 4748 ergo
1845 4677 2058 4741 Patres,

479 4791 672 4832 onities
696 4776 786 4843 qui
819 4773 898 4830 sic
924 4782 1171 4842 peccant,
1206 4778 1262 4826 et
1296 4782 1500 4826 temere
1528 4785 1592 4824 ac
1625 4770 1761 4823 citra
1790 4769 2058 4825 delectum

481 4869 646 4939 vitam
698 4865 1028 4931 instituunt;
1066 4863 1197 4932 quin
1245 4873 1300 4917 et
1334 4869 1635 4932 apostatas,
1683 4861 1790 4939 boc
1830 4871 1932 4926 est,
1965 4876 2060 4916 eos

478 4936 572 5027 qui
593 4955 1069 5011 Christianismum
1094 4954 1524 5030 abnegaverunt,
1556 4951 1622 5007 ad
1658 4936 1822 5006 ﬁcum
1850 4966 1912 5006 se
1936 4967 2064 5007 cou-

480 5058 779 5111 vertentes,
808 5062 902 5101 seu
931 5045 1303 5116 paenitentiam
1328 5053 1573 5113 agentes,
1600 5058 1705 5097 non
1730 5058 1851 5098 esse
1871 5059 2063 5098 aman-

483 5142 711 5201 οίηιὶιιος,
746 5137 844 5192 sed
875 5138 958 5192 eis
989 5139 1223 5192 dandam
1256 5151 1379 5193 esse
1406 5136 1640 5206 gratiam
1675 5151 1770 5190 seu
1809 5147 2062 5205 peccato-

482 5247 601 5285 rum
629 5228 1022 5292 remissionem,
1042 5240 1097 5284 et
1114 5228 1616 5285 reconciliationem
1639 5227 1755 5284 sive
1778 5243 2058 5297 pmuarutn

481 5324 831 5387 solutionem.

552 5415 808 5472 'LONAR.
860 5415 1032 5471 Scena
1083 5416 1319 5471 imitatio
1365 5415 1583 5470 dicitur.
1628 5413 1730 5489 Qui
1760 5429 1889 5482 ergo
1922 5427 2063 5466 nunc

487 5514 674 5576 duces,
706 5524 849 5565 nuuc
894 5522 1104 5575 servos,
1146 5521 1293 5562 nunc
1339 5507 1441 5561 alia
1476 5521 1827 5576 personarum
1864 5518 2061 5574 genera

486 5603 793 5665 imitantur,
822 5598 1023 5654 scenici
1060 5599 1430 5653 nominantur.
1464 5596 1539 5651 Ex
1565 5596 1666 5649 hoc
1692 5610 1941 5657 nutriere,
1971 5596 2061 5662 qui

488 5706 672 5747 curam
702 5689 1122 5761 imperatoribus
1149 5697 1317 5744 artem
1346 5688 1679 5748 factitarent,
1706 5685 1852 5755 leges
1877 5685 2064 5739 civiles

490 5784 543 5836 in
577 5784 779 5835 honore
810 5781 1049 5837 habuere
1086 5798 1099 5835 :
1131 5781 1222 5851 qui
1258 5795 1388 5835 vero
1431 5779 1485 5832 in
1532 5777 1748 5846 publico
1779 5786 1920 5832 coetu
1955 5778 2063 5846 ple-

493 5871 804 5949 beculmquc
875 5875 1227 5935 cernentibus
1289 5871 1627 5930 histrioniam
1699 5879 2058 5934 exercerent,

2163 4596 2515 4667 τυπτόμενοι·
2547 4594 2734 4655 καθὼς
2761 4591 2924 4649 τοῦτο
2942 4591 3280 4660 παρίσταται
3311 4588 3420 4642 ἀπὸ
3446 4588 3540 4641 τοῦ
3574 4595 3627 4640 α’
3652 4589 3762 4642 καὶ

2120 4716 2125 4719 -
2163 4688 2206 4743 δ’
2241 4705 2368 4756 κεφ.
2395 4687 2492 4740 τοῦ
2524 4684 2571 4756 β’
2591 4684 2774 4738 τίτλου
2799 4682 2893 4736 τοῦ
2921 4680 3008 4735 κα⁶
3027 4681 3236 4752 βιϐλίου
3268 4681 3379 4733 τῶν
3402 4679 3760 4733 Βασιλικῶν.

2161 4780 2302 4833 Φασὶ
2326 4776 2460 4845 γοῦν
2490 4778 2540 4828 oi
2575 4774 2820 4845 Πατέρες
2841 4772 3052 4835 πάντας
3080 4772 3210 4835 τοὺς
3229 4768 3539 4823 τὰτοιαῦτα
3560 4771 3753 4840 ἀμαρ-

2162 4873 2452 4932 τάνοντας.
2480 4868 2579 4921 καὶ
2606 4866 2923 4934 ἀδιαφόρως
2960 4863 3195 4926 ζῶντας,
3226 4861 3364 4914 ἀλλά
3383 4862 3489 4931 μὴν
3502 4862 3595 4913 καὶ
3617 4863 3766 4925 τοὺς

2162 4965 2504 5025 ἀποστάτας,
2538 4957 2941 5019 τουτέστιτοὺς
2974 4954 3396 5026 ἀρνησαμένους
3443 4953 3536 5005 τὸν
3610 4954 3768 5023 Χρι-

2168 5054 2526 5123 στιανισμδν.
2568 5050 3002 5121 ἐπιστρέφοντας
3053 5046 3191 5115 πρὸς
3235 5045 3370 5098 Θεὸν
3401 5046 3524 5114 ἦτοι
3577 5061 3760 5112 μετα-

2166 5143 2446 5205 νοοῦντας,
2502 5142 2575 5210 μὴ
2617 5136 3075 5208 ἀποπέμπεσθαι,
3118 5135 3254 5189 ἀλ·λά
3306 5136 3506 5188 διδόναι
3559 5136 3767 5197 αὐτοῖς

2165 5236 2351 5306 χάριν,
2375 5234 2549 5302 ἤγουν
2569 5232 2765 5300 ἄφεσιν
2787 5226 2896 5280 τῶν
2921 5224 3230 5296 ἀμαρτίὦν,
3260 5225 3353 5277 καὶ
3373 5223 3765 5297 καταλλαγὴν,

2166 5325 2289 5394 ἦτοι
2321 5320 2477 5374 λύσιν
2501 5321 2612 5373 τῶν
2648 5319 2968 5387 ἐπιτιμίων.

2237 5411 2487 5467 ΖΩΝΑΡ.
2537 5412 2720 5480 Σκηνὴ
2777 5411 2999 5478 λέγεται
3049 5409 3432 5480 ήύπόκρισις.
3491 5409 3553 5460 Oi
3612 5408 3757 5474 705‘.

2168 5504 2596 5577 ὑποκρινόμενοι
2653 5502 2785 5555 ποτὲ
2845 5506 3215 5573 στρατηγοὺς,
3304 5500 3436 5554 ποτε
3496 5498 3768 5565 δούλους,

2170 5598 2302 5651 ποτε
2348 5597 2395 5649 δ’
2456 5595 2623 5667 ἕτερα,
2686 5594 2982 5664 πρόσωπα,
3048 5592 3409 5661 ὀνομάζονται
3470 5592 3771 5659 σκηνικοί.

2169 5689 2390 5742 Τούτων
2414 5686 2473 5740 δὲ
2498 5687 2626 5747 τοὺς
2662 5684 2762 5753 μὲν
2805 5681 3038 5737 ἐνώπιον
3076 5682 3349 5753 βασιλέων
3394 5680 3573 5733 ταῦτα
3608 5680 3799 5735 ὑπο-·

2170 5777 2531 5849 κρινομένους
2577 5774 2828 5846 ἐντίμους
2881 5774 3098 5846 ἔχουσιν
3133 5776 3183 5826 oi
3233 5772 3392 5842 νόμοι
3448 5771 3552 5840 τῆς
3590 5773 3772 5825 πολι-

2175 5871 2346 5934 τείας·
2380 5868 2505 5930 τους
2543 5868 2598 5923 δὲ
2650 5870 2705 5928 ἐν
2771 5865 3112 5936 πανηγζρεσι
3171 5867 3263 5917 καὶ
3315 5863 3501 5933 δήμων
3556 5860 3771 5929 ἄλλως
