3976 6390
279 399 370 465 181

1282 399 1365 462 ΙΝ
1400 401 1563 462 CAN.
1593 402 1660 470 L,
1699 399 1778 459 LI
1835 397 2043 462 CONC.
2085 399 2466 462 CARTHAG.

3419 389 3527 457 182

280 509 560 580 συνάξεσιν
581 501 1073 586 ἐπιδεικνυμένους
1097 514 1345 582 τοιαῦτα,
1376 517 1469 571 καὶ
1491 515 1706 585 γέλωτα
1731 514 1844 576 τοῖς

1989 513 2229 586 isnmque
2255 501 2546 574 astantium
2569 517 2778 574 imitata
2805 514 3176 577 simulatione,
3197 525 3260 568 ac
3281 511 3526 578 colaphis

274 607 440 677 ὁρῶσι
499 600 792 670 κινοῦντας
835 611 959 673 ταῖς
1007 608 1489 680 ὐποκρίσεσι,”καὶ
1539 612 1652 672 τοῖς
1712 603 1919 660 noted”

277 699 481 770 κόρῤης
513 701 964 772 ῥαπίσμασικαὶ
983 701 1330 772 ψοφήμασιν,
1369 701 1618 772 ἀτίμους,
1651 699 1851 768 ἡγοῦν-

274 806 385 844 ται.
435 789 495 845 Ὀ
525 792 583 846 δὲ
617 791 802 845 κανὼν
838 788 1005 854 οὗτος
1053 793 1424 856 ἀδιαστίκτως
1459 794 1671 853 πάντας
1724 793 1853 853 τοὺς

272 881 553 946 τοιούτους
590 883 884 952 μετανοίας
924 884 1134 937 δεῖσθαί
1179 901 1367 955 φησιν,
1401 885 1478 948 ὡς
1526 883 1725 946 αὐτούς
1788 899 1853 950 γε

274 974 596 1046 ἀδιαφόρως
626 975 859 1040 ζῶντας,
916 977 1014 1030 καὶ
1050 976 1237 1040 ἄλλοις
1287 977 1608 1045 γινομένους
1643 973 1854 1037 αἰτίους

274 1066 577 1136 ἀνειμένης
600 1069 698 1120 καὶ
728 1067 1133 1138 διακεχυμένης
1166 1067 1333 1134 ζωῆς.
1368 1066 1595 1131 Τούτοις
1615 1063 1711 1121 οὖν
1755 1065 1853 1119 καὶ

278 1161 383 1221 τοῖς
416 1160 642 1220 λοιποῖς
669 1161 780 1222 τοῖς
813 1159 1282 1228 τοιουτοτρόποις,
1320 1155 1437 1212 οἷον
1479 1163 1856 1228 τερατοποιοϊς

283 1252 372 1302 καὶ
435 1251 769 1321 ὀρχησταῖς,
818 1251 958 1305 ἀλλὰ
1022 1251 1130 1322 μὴν
1185 1253 1282 1306 καὶ
1331 1253 1444 1313 τοῖς
1494 1252 1852 1315 ἀποστάταις,

276 1342 529 1396 τουτέστι
587 1345 707 1405 τοῖς
762 1344 1169 1413 ἀρνησαμένοις
1238 1345 1331 1397 τὸν
1407 1340 1854 1415 Χριστιανισμδν,

280 1433 644 1504 μετανοοῦσιν
672 1434 734 1487 οὐ
771 1435 870 1497 δεῖ,
905 1435 1094 1505 φησιν,
1145 1435 1429 1504 ἀρνεῖσθαι
1477 1435 1637 1504 χάριν
1681 1435 1714 1505 ἢ
1761 1453 1858 1488 κα-

278 1525 584 1597 ταλλαγήν.
627 1525 808 1596 Χάριν
835 1527 934 1596 μὲν
967 1527 1118 1595 λέγει
1159 1521 1260 1596 τὴν
1305 1526 1502 1594 ἄφεσιν
1535 1526 1646 1579 τῶν
1690 1526 1858 1595 σφαλ-

283 1618 493 1683 μάτων,
517 1618 598 1679 ὡς
626 1618 814 1688 χάριτι
873 1618 1158 1688 διδομένην
1187 1620 1321 1688 ἡμῖν
1369 1619 1524 1688 παρὰ
1553 1618 1648 1672 τοῦ
1695 1618 1854 1684 Θεοῦ,

279 1707 467 1770 καθὼς
497 1708 600 1761 καὶ
642 1711 670 1762 ὁ
699 1709 972 1778 μακάριος
1016 1709 1228 1774 Παῦλος
1295 1709 1465 1778 λέγει,
1519 1713 1602 1764 ὅτι
1655 1709 1859 1779 Χάριτι

278 1801 418 1854 ἐστε
459 1799 872 1868 σεσωσμένοι·
933 1801 1288 1872 καταλλαγὴν
1327 1801 1385 1855 δὲ
1433 1802 1532 1871 τὴν
1565 1802 1719 1856 λύσιν
1747 1802 1856 1855 τῶν

283 1891 610 1961 ιπιτιμίων.
641 1891 843 1945 Λύεται
883 1893 992 1963 γὰρ
1024 1893 1120 1946 τοῦ
1149 1893 1354 1964 δεσμοῦ
1402 1897 1430 1949 ὀ
1486 1893 1856 1963 ἐπιτιμηθεὶς,

285 1986 366 2038 ιτε
396 1984 592 2054 συνίδῃ
640 1985 669 2034 ὁ
722 1983 1006 2054 δεσμήσας
1061 1985 1248 2049 αὐτον,
1307 1984 1382 2050 ὡς
1428 1984 1861 2054 καταλλαγέντος

290 2075 428 2145 αὐτῷ
461 2074 561 2128 τοῦ
588 2072 727 2126 Θεοῦ
762 2074 851 2127 διὰ
873 2074 983 2130 τῶν
1010 2074 1328 2147 ἐπιτιμίων.

304 2255 505 2313 ΔΡΙΣΤ.
535 2275 556 2308 ι
595 2255 711 2309 Καὶ
732 2255 993 2326 σκηνικὸς
1028 2257 1085 2311 δὲ
1131 2259 1482 2329 ἐπιστρέφων
1539 2258 1730 2323 δεκτὸς
1784 2261 1864 2324 είς

857 2367 879 2401 ι
920 2349 1235 2417 μετάνοιαν.
1272 2367 1294 2403 t

355 2438 471 2502 Πᾶς
505 2439 566 2494 δὲ
628 2441 988 2512 ἁμαρτάνων,
1041 2440 1137 2496 καὶ
1206 2443 1510 2510 μετανοῶν,
1561 2443 1746 2510 δεκτὸς
1785 2448 1866 2510 είς

295 2532 608 2596 μετάνοιαν,
666 2533 773 2586 κᾶν
827 2534 1093 2604 σκηνικός
1142 2534 1290 2595 ἐστι,
1333 2533 1438 2588 κᾶν
1511 2538 1703 2608 μῖμος,
1760 2537 1864 2592 κᾶν

287 2621 594 2693 οίονδήτινα
627 2623 819 2697 ἕτερον
855 2624 1263 2694 μετερχόμενος
1301 2624 1436 2696 βίον.

889 2800 1125 2854 ΚΑΝΩΝ
1155 2803 1237 2856 Ν.

290 2911 310 2942 ι
347 2892 490 2962 Περὶ
531 2893 644 2945 τῶν
693 2893 886 2947 παθῶν
935 2895 1044 2948 τῶν
1115 2895 1438 2966 μαρτύρων.
1502 2899 1739 2964 Ἑξέστω
1787 2885 1901 2955 ἔτ(

356 3005 374 3036 ι
419 2985 539 3055 μὴν
620 2987 1105 3060 ἀναγινώσκεσθαι
1152 2990 1220 3043 τὰ
1280 2991 1425 3059 πάθη
1477 2992 1589 3044 τῶν
1661 2993 1868 3064 μαρτύ-

357 3093 376 3126 ι
415 3094 556 3144 ρων,
617 3076 786 3146 ἡνίκα
818 3080 874 3131 αξ
922 3081 1140 3150 ἐτήσιαι
1196 3081 1380 3136 αὐτῶν
1422 3083 1632 3155 ἡμέραι
1681 3084 1867 3138 ἐπιτε-

348 3192 367 3222 ί
405 3189 657 3225 Λουνται.
702 3189 722 3223 ὓ

351 3264 560 3318 ΒΑΛΣ.
597 3265 661 3317 El
717 3265 811 3318 καὶ
861 3264 1071 3335 ὥρισαν
1121 3269 1173 3320 οἱ
1244 3269 1492 3340 Πατέρες
1551 3271 1611 3322 ἐν
1671 3271 1750 3342 τῷ
1789 3273 1866 3327 κδ’

265 3356 468 3438 κανόνι
492 3357 600 3424 τῆς
628 3357 919 3425 παρούσης
955 3359 1180 3413 συνόδου
1239 3359 1306 3412 τὰ
1340 3361 1636 3430 ὀφείλοντα
1676 3366 1870 3430 ἀναγι-

287 3446 604 3501 νώσκεσθαι
673 3448 878 3519 βιϐλία*
943 3450 1080 3504 ἀλλὰ
1128 3452 1224 3506 νῦν
1289 3455 1681 3522 προστιθέασιν
1738 3459 1873 3511 ἀνα-

285 3539 666 3602 γινώσκεσθαι
743 3541 841 3594 καὶ
915 3542 983 3595 τὰ
1055 3544 1433 3614 ὑπομνήματα
1494 3549 1606 3601 τῶν
1666 3567 1874 3619 μαρτυ-

286 3629 450 3696 ρικών
473 3631 832 3700 παθημάτων
869 3633 927 3684 ὲν
953 3635 1074 3698 ταῖς
1107 3635 1355 3704 ἐτησίαις
1385 3637 1633 3706 μνήμαις
1667 3642 1868 3697 αὐτῶν.

352 3723 612 3776 ΖΩΝᾹΡ.
659 3723 746 3776 Ἐν
776 3723 854 3778 κδ’
887 3727 1134 3796 κανόνιὴ
1171 3727 1389 3804 σύνοδος
1438 3729 1578 3798 αὕτη
1629 3731 1897 3800 ἀπηρίθο’

287 3831 424 3883 μησε
450 3815 589 3868 τίνα
615 3815 1201 3884 δείἀναγινὼσκεσθαι
1260 3819 1319 3872 ὲν
1367 3820 1638 3892 ἐκκλησίᾳ
1692 3822 1874 3890 βιδλία

285 3907 380 3972 τῆς
420 3906 684 3968 παλαιᾶς
716 3907 944 3978 Γραφῆς
983 3911 1078 3963 καὶ
1107 3909 1208 3980 τῆς
1230 3908 1380 3972 νέας,
1411 3910 1483 3963 τὰ
1514 3912 1560 3964 δ’
1592 3913 1874 3977 ἑκτὸςτῶν

287 3997 785 4068 ἁπηριθμημένων
834 3999 1122 4070 ,ἐκώλυσεν
1179 4002 1654 4069 ἀναγινώσκεσθαι
1688 4019 1704 4038 ο
1776 4003 1874 4059 νῦν

284 4085 341 4138 δὲ
392 4092 517 4152 τοῖς
578 4089 993 4156 ἀναγνωστὲοις
1045 4092 1378 4163 προστίθησι
1440 4094 1536 4148 καὶ
1604 4095 1675 4150 τὰ
1744 4096 1877 4150 ὑπο-

291 4181 565 4248 μνήματα
619 4179 732 4232 τῶν
797 4184 1158 4254 μαρτυρικῶν
1209 4185 1578 4256 παθημάτων,
1633 4186 1692 4240 ὲν
1756 4189 1877 4252 ταῖς

290 4274 548 4340 ἐτησίαις
615 4273 869 4345 μνήμαις
929 4275 1111 4331 αὐτῶν
1168 4277 1651 4348 ἀναγινώσκεσθαι
1726 4282 1878 4352 ὀφείο

291 4362 468 4422 λοντα.
1518 4378 1520 4380 ⁷

288 4455 512 4512 ΔΡΙΣΤ.
559 4474 578 4507 ι
625 4456 708 4510 Τὰ
737 4457 881 4527 πάθη
907 4458 1014 4511 τῶν
1049 4460 1344 4537 μαρτύρων
1392 4461 1451 4514 ὲν
1500 4466 1621 4526 ταῖς
1653 4465 1869 4537 μνείριις

533 4547 718 4602 αὐτῶν
737 4532 1319 4615 ἀναγινωσκέσθωσαν.
1347 4553 1575 4624 Σαφής.
1609 4576 1627 4608 ι
1655 4532 1665 4536 Ἰ
1765 4532 1797 4560 .

862 4671 867 4676 ~
893 4643 1130 4696 ΚΑΝΩΝ
1177 4645 1305 4698 NA'.

297 4751 316 4784 ι
358 4735 498 4803 Περὶ
544 4734 886 4788 Δονατιστῶν
907 4737 1005 4788 κοιλ⁸
1034 4738 1265 4790 παιδίων
1291 4739 1402 4791 τῶν
1437 4742 1590 4811 παρὰ
1639 4743 1750 4804 τοῖς
1783 4745 1881 4796 Δο-

369 4843 386 4870 ι
431 4825 725 4886 νατισταῖς
772 4823 1216 4894 βαπτιζομένων.
1271 4829 1508 4898 Ἦρεσεν
1553 4831 1638 4883 ἵνα
1671 4833 1878 4903 apud).

368 4932 385 4963 ι
433 4931 628 4985 σωμεν
702 4917 830 4972 τοὺς
907 4915 1171 4984 ἀδελφοὺς
1224 4921 1323 4972 καὶ
1379 4923 1654 4992 συνιερεῖς
1700 4922 1877 4992 ἡμῶν,

369 5024 387 5056 ι
436 5006 703 5076 Σηρίκιον
762 5007 859 5060 καὶ
913 5008 1329 5078 Σιμπλικιανὸν,
1376 5013 1505 5080 περὶ
1547 5015 1722 5082 μόνων
1772 5014 1882 5066 τῶν

370 5115 387 5145 ι
435 5098 655 5168 νηπίων
695 5097 803 5150 τῶν
831 5099 984 5167 παρὰ
1015 5103 1128 5162 τοῖς
1169 5102 1519 5161 Δονατ;σταῖς
1547 5102 1884 5173 βαπτιζομέο

369 5204 389 5234 ι
437 5205 574 5249 νων,
607 5189 807 5255 μήπως
829 5189 1006 5253 τοῦτο,
1043 5190 1180 5260 ὅπερ
1230 5192 1407 5264 οἰκείᾳ
1447 5193 1764 5264 προαιρέσει
1783 5194 1884 5246 οὐκ

372 5297 391 5325 ι
433 5279 727 5345 ἐποίησαν,
761 5279 929 5350 ἡτῶν
983 5284 1186 5349 γονέων
1233 5284 1412 5354 πλάνη
1478 5285 1748 5354 ὲμποδίσῃ
1783 5286 1883 5337 αὐο

376 5387 394 5418 ι
442 5370 580 5432 τοὺς
611 5372 749 5440 πρὸς
777 5375 836 5425 τὸ
872 5373 948 5443 μὴ
975 5377 1312 5443 προκόπτειν
1339 5379 1418 5438 εἰς
1447 5378 1758 5446 ὑπουργίαν
1789 5376 1884 5429 τοῦ

375 5475 397 5509 ε
445 5461 610 5528 ἁγίου
658 5464 1074 5534 θυσιαστηρίου,
1121 5466 1251 5519 ὅταν
1314 5467 1448 5537 πρλις
1471 5467 1574 5537 τὴν
1620 5467 1717 5521 τοῦ
1751 5467 1885 5520 Θεοῦ

378 5567 399 5601 ι
457 5550 796 5621 Ἐκκλησίαν
821 5552 1157 5624 σωτηριὼδει
1185 5557 1440 5626 προθέσει
1459 5558 1884 5629 ἐπιστρέψωσιν.

383 5658 401 5689 ι
451 5639 672 5693 Τούτων
703 5643 762 5696 δὲ
795 5645 1188 5714 ἐναρχοὲντων,
1241 5645 1546 5720 Ὀνιυρᾶτος
1602 5651 1697 5701 καὶ
1740 5647 1882 5718 Οὐρ-

414 5820 460 5851 “
497 5817 698 5885 Eplies.
731 5836 794 5886 ιι,
827 5839 882 5876 o.

1956 605 2060 660 sibi
2112 609 2354 662 vicissim
2385 609 2638 678 impactis
2686 607 3071 675 inconditaque
3117 603 3390 672 strependi
3438 617 3528 655 ra-

1959 702 2104 753 tione
2128 711 2427 769 captarent,
2453 701 2744 770 ignominia
2775 708 3051 754 notavere.
3080 694 3179 749 ilic
3195 709 3324 749 vero
3349 707 3523 747 canon

1957 793 2147 846 omnes
2180 792 2507 862 huiusmodi,
2544 794 2660 848 sine
2691 791 3008 847 discrimine
3036 785 3358 858 pmnitentia
3391 784 3528 838 indl-

1955 887 2082 951 gere
2116 883 2380 958 aliirmat,
2411 886 2606 953 quippe
2639 885 2731 955 qui
2765 894 2819 938 et
2853 882 2953 950 ipsi
2989 880 3329 950 negligenter
3355 875 3524 928 vitam

1955 983 2140 1040 agant,
2185 983 2240 1028 et
2269 975 2389 1029 aliis
2429 974 2693 1029 dissolute
2736 990 2802 1029 ac
2845 973 3016 1028 eii‘use
3049 969 3260 1024 vivendi
3307 980 3526 1021 causam
3586 981 3590 985 ’

1955 1065 2252 1135 praebeant.
2291 1066 2388 1122 His
2421 1067 2584 1136 igitur
2626 1083 2690 1122 ac
2727 1066 2952 1135 reliquis
2995 1062 3258 1134 ejusmodi
3293 1058 3531 1115 homini-

1955 1160 2079 1224 bus,
2124 1159 2314 1228 quales
2343 1169 2470 1214 sunt
2513 1160 2931 1229 przestigiatores
2961 1167 3014 1210 et
3059 1157 3368 1218 saltatores,
3397 1151 3527 1219 quin

1956 1259 2010 1306 et
2052 1253 2331 1320 apostatis,
2382 1252 2472 1320 qui
2518 1251 2769 1305 videlicet
2822 1266 2872 1318 ao
2905 1247 3213 1302 Christiana
3266 1242 3529 1312 religione

1957 1349 2293 1412 defecerunt,
2332 1348 2378 1402 si
2411 1346 2779 1414 pmnitentiam
2810 1352 2994 1413 agant,
3027 1341 3258 1410 gratiam
3293 1347 3350 1392 et
3390 1352 3529 1392 con-

1957 1439 2288 1493 ciliationem
2323 1439 2549 1492 minime
2599 1437 2971 1504 denegandam
3018 1447 3139 1488 esse
3189 1429 3526 1498 pronuntiat.

1958 1528 2196 1583 Gratiam
2243 1527 2461 1598 quidem
2516 1525 2773 1596 appellat,
2826 1540 2920 1593 per
2967 1537 3129 1591 quam
3184 1531 3530 1589 peccatorum

1958 1617 2170 1671 veniam
2205 1614 2610 1685 consequimur,
2638 1614 2781 1682 quod
2808 1627 2866 1666 ea
2903 1612 3058 1665 nobis
3081 1626 3109 1664 a
3145 1609 3255 1664 Deo
3278 1605 3378 1678 per
3409 1623 3530 1676 gra-

1962 1707 2090 1761 tiam
2121 1707 2388 1773 donetur;
2428 1705 2883 1774 quemadmodum
2918 1703 3110 1757 beatus
3143 1715 3358 1772 quoque
3392 1699 3533 1753 Pau-

1963 1797 2043 1852 lus
2087 1798 2205 1865 ait;
2249 1795 2438 1851 Gratia
2468 1796 2600 1850 ιαίυὶ
2639 1796 2774 1865 facti
2808 1796 2931 1850 estis
2960 1794 3008 1827 “
3039 1808 3058 1847 :
3087 1791 3531 1847 Conciliationem

1962 1906 2114 1953 vero,
2145 1888 2533 1944 absolutionem
2565 1903 2594 1944 a
2639 1888 2838 1958 poenis.
2879 1879 3032 1941 Tunc
3063 1885 3206 1940 enim
3235 1884 3326 1954 qui
3361 1897 3536 1952 preme

1963 1983 2234 2038 obnoxius
2264 1990 2347 2036 est
2369 1995 2400 2034 a
2426 1980 2644 2035 vinculo
2672 1979 2993 2039 absolvitur,
3017 1992 3139 2030 cum
3167 1975 3239 2030 illi
3271 1974 3434 2027 Deum
3464 1977 3535 2028 ob

1964 2085 2245 2143 susceptas
2288 2085 2477 2142 ptrnas
2510 2073 2778 2140 placatqu
2809 2079 2864 2124 et
2903 2067 3308 2137 quodammodo
3352 2064 3539 2119 conci-

1966 2166 2152 2218 liatum
2184 2178 2305 2218 esse
2341 2164 2521 2217 multae
2556 2171 2778 2216 exactor
2811 2159 3084 2229 intelligit.

1965 2255 2198 2312 ARIST.
2255 2274 2275 2309 t
2323 2255 2388 2310 Et
2443 2254 2692 2308 scenicus
2740 2268 2871 2308 vero
2924 2267 3042 2306 sese
3100 2258 3422 2305 convertens
3473 2247 3536 2300 ad

2251 2367 2270 2400 ι
2311 2347 2686 2418 paenitentiam
2723 2345 3068 2414 recipiendus
3094 2351 3197 2398 est.
3236 2363 3256 2396 ι

2039 2443 2230 2499 Omnis
2269 2451 2445 2495 autem
2486 2440 2578 2510 qui
2621 2447 2808 2509 peccat
2839 2446 2894 2493 et
2927 2436 3216 2507 resipiscit,
3260 2435 3325 2488 ad
3368 2433 3541 2504 pteni-

1970 2535 2196 2590 tentiam
2257 2530 2604 2602 reeipiend-us
2655 2539 2757 2596 est,
2805 2529 2933 2584 licet
2980 2529 3228 2584 scenicns
3276 2527 3368 2587 sit.
3419 2528 3544 2580 licet

1971 2625 2187 2689 mimus,
2235 2621 2363 2676 licet
2396 2621 2555 2674 aliam
2599 2633 2981 2689 quamcunque
3007 2618 3219 2671 vivendi
3274 2616 3536 2670 rationem

1969 2725 2310 2771 ςοιιεοςιοιιιε
2342 2726 2440 2770 est.

2585 2805 2815 2862 CANON
2856 2803 2916 2858 L.

1976 2921 1995 2955 ι
2038 2901 2114 2958 De
2147 2900 2483 2972 passionibns
2511 2911 2828 2970 martyrum.
2859 2897 3042 2952 Liceat
3073 2904 3336 2963 prasterea
3367 2893 3546 2962 legero

2047 3012 2066 3045 t
2108 2993 2388 3063 passiones
2408 3003 2724 3061 martyrum,
2749 2988 2961 3060 quando
2984 2985 3340 3040 anniversarii
3359 2999 3545 3038 eorum

2050 3104 2068 3136 ι
2109 3085 2224 3140 dies
2260 3083 2618 3140 celebrantur.
2659 3099 2679 3135 ι

2050 3265 2242 3321 BALS.
2295 3263 2515 3317 Etiamsi
2567 3263 2617 3317 in
2671 3276 2878 3316 canone
2915 3259 2984 3313 Ἡ
3032 3259 3310 3328 praesentis
3359 3256 3548 3327 synodi

1975 3358 2163 3413 Patres
2227 3355 2535 3412 deﬁnierint
2590 3354 2777 3418 libros,
2813 3353 2900 3420 qui
2953 3351 3052 3419 legi
3099 3350 3369 3414 debeant;
3407 3364 3552 3403 nunc

1974 3459 2155 3506 tamen
2201 3448 2466 3517 adjiciunt
2509 3444 2872 3514 esse'qnoqne
2921 3442 3176 3512 legendas
3217 3455 3550 3496 commemo-

1977 3541 2210 3597 rationes
2233 3539 2544 3609 passionum
2570 3547 2890 3608 martyrum,
2912 3533 2962 3589 in
2989 3533 3340 3588 aniverSari-is
3361 3544 3548 3584 eorum

1976 3633 2278 3690 memoriis.

2046 3723 2300 3782 ZONAR.
2361 3722 2634 3778 Vicesimo
2671 3730 2865 3789 quarto
2917 3733 3152 3781 canone.
3209 3716 3428 3786 quinam
3488 3732 3551 3768 ex

1977 3817 2157 3872 Veteri
2188 3815 2448 3885 Novoque
2471 3813 2824 3869 Testamento
2851 3811 2977 3866 libri
3007 3812 3060 3865 in
3089 3810 3318 3864 ecclesia
3346 3809 3554 3878 lugendi

1978 3909 2106 3973 sint,
2150 3909 2263 3962 haec
2297 3907 2533 3979 synodus
2582 3904 2878 3966 recensuit,
2915 3903 3144 3956 aliorum
3180 3901 3421 3954 enmiqu
3457 3914 3554 3953 usu

1979 3999 2195 4069 penitus
2241 3997 2532 4071 interdicto
2577 4011 2594 4050 :
2627 4011 2771 4050 nunc
2807 4010 2936 4066 vero
2967 4001 3227 4062 praeterea
3276 4006 3558 4045 commen-

1982 4092 2170 4156 tarios,
2197 4093 2248 4145 in
2275 4091 2470 4161 quibus
2499 4099 2799 4158 martyrum
2829 4086 3126 4140 certamina
3156 4083 3555 4142 describuntur,

1981 4186 2244 4254 adjungit,
2269 4185 2356 4250 qui
2389 4199 2487 4254 per
2515 4199 2608 4236 eos
2637 4180 2776 4245 dies,
2798 4179 2996 4248 quibus
3031 4179 3269 4247 ipsorum
3299 4176 3556 4229 memoria

1983 4294 2126 4334 anno
2153 4285 2398 4333 vertente
2427 4275 2753 4340 celebratur,
2791 4271 2991 4344 perlegi
3029 4269 3246 4326 debent.

1986 4457 2146 4532 573
2175 4476 2194 4510 ι
2223 4455 2451 4511 ARIST.
2479 4453 2768 4518 Passinncs
2783 4463 3078 4523 martyrum
3105 4452 3158 4505 in
3199 4464 3384 4502 eorum
3415 4463 3560 4498 emn-

2060 4572 2078 4604 ι
2120 4541 2596 4618 memorationibns
2627 4546 2894 4615 legantur.
2932 4542 3274 4610 Perspicuus.
3308 4563 3327 4594 ι

2587 4633 2818 4690 ΟΑἉΟΝ
2873 4633 2960 4688 LI.

1994 4754 2012 4786 ι
2038 4734 2111 4788 De
2124 4729 2416 4786 Donatistis
2433 4741 2488 4783 et
2502 4713 2812 4797 pueris,'qui
2835 4741 2863 4777 a
2886 4725 3176 4781 Donatistis
3200 4727 3561 4794 baptizautur.

2064 4846 2082 4878 ι
2113 4823 2320 4879 Placuit
2359 4829 2421 4875 ut
2466 4823 2861 4887 interrogemus
2911 4816 3128 4879 inaures,
3159 4826 3214 4870 et
3261 4832 3471 4871 nos'ros
3511 4821 3561 4869 in

2068 4937 2087 4969 t
2115 4914 2287 4970 sacris
2313 4911 2738 4971 comministros,
2768 4908 3019 4962 Sirieintn
3052 4919 3101 4960 et
3130 4907 3563 4978 Simpliciauum,

2069 5028 2088 5062 ι
2118 5008 2182 5062 de
2207 5004 2337 5060 solis
2368 5000 2661 5058 infantibus
2695 5001 2836 5068 quia
2865 4999 3161 5054 Donatistis
3191 4999 3559 5068 baptizantnr,

2074 5119 2092 5152 ι
2131 5098 2347 5158 neltoc,
2387 5091 2532 5162 quod
2566 5093 2780 5158 prepria
2835 5091 3112 5146 voluntate
3147 5108 3253 5146 non
3294 5091 3560 5159 fecerunt,

2067 5210 2086 5242 ι
2127 5196 2410 5262 parentum
2469 5198 2623 5236 error
2693 5183 2839 5250 ipsos
2886 5183 3164 5252 impediat,
3216 5200 3284 5239 ne
3345 5201 3564 5255 promo-

2068 5302 2086 5335 t
2129 5289 2351 5336 reantur
2381 5277 2444 5330 ad
2474 5273 2644 5329 sancti
2685 5273 2876 5329 altaris
2910 5275 3290 5340 ministerium,
3344 5279 3564 5342 quando

2070 5393 2087 5425 ι
2124 5375 2189 5427 ον]
2238 5371 2332 5424 Dei
2367 5367 2659 5422 ecclesiam
2700 5365 2925 5418 salutati
2981 5367 3261 5435 proposito
3313 5369 3562 5421 conversi

2067 5486 2083 5516 ι
2129 5460 2347 5517 fuerint.
2394 5457 2489 5512 llis
2532 5469 2712 5525 autem
2763 5455 3014 5526 inceptis,
3041 5456 3348 5513 Honoratus
3378 5470 3430 5512 et
3465 5457 3565 5510 llr-

2074 5576 2090 5607 ι
2128 5555 2302 5609 banus
2331 5548 2664 5604 Mauritanite
2692 5547 2969 5604 Sitifensis
3000 5549 3240 5619 episcopi
3267 5552 3517 5602 dixerunt
3543 5567 3555 5602 :

2075 5668 2091 5698 ι
2129 5642 2456 5700 iamdudum
2519 5639 2732 5713 quando
2800 5642 2866 5694 ad
2937 5649 3166 5693 restrain
3219 5641 3560 5694 δηιιριὶι-ιεενιιι
