3976 6428
473 333 571 406 191

1741 324 2005 385 ῘΠΕΟΙ).
2047 322 2447 386 BALSAMON

3623 328 3730 407 me

550 467 571 500 ι
606 441 972 502 ecclesiastico
1022 440 1331 494 admonitus
1367 452 1469 491 non
1521 444 1760 492 mutatus
1783 447 1886 503 est,
1939 451 2035 487 au-

2220 456 2241 491 ι
2288 438 2792 509 καταγγελλόμενος
2845 439 2907 493 οὗ
2968 438 3332 511 μεθίσταται,
3388 440 3729 513 ἀρχοντικῶς

549 555 568 588 ι
608 533 863 591 cloritate
906 530 1195 601 iudiciaria
1236 529 1611 598 prohibeatur.
1652 547 1671 579 ι

543 628 644 695 Qui
679 628 748 680 ab
780 623 1099 679 ortlzodoxis
1143 623 1467 691 baptizatur.
1499 620 1920 684 autordinatnr,
1961 634 2051 675 se-

472 721 708 774 cundum
750 718 1071 785 baptismum
1153 724 1245 767 aut
1301 714 1590 767 secundam
1641 713 2044 767 ordinationem

468 828 579 866 non
621 812 828 880 recipit.
860 810 963 864 Sed
990 820 1044 863 et
1076 809 1231 870 illud,
1258 809 1324 861 ab
1375 820 1477 859 una
1508 806 1730 861 civitate
1758 807 1824 860 ad
1857 806 2052 860 civita-

473 916 581 958 tem
616 904 772 956 aliam
790 902 1084 977 transferri
1117 904 1431 971 episcopum
1452 945 1465 969 ,
1499 913 1551 957 et
1581 915 1819 971 praesens
1844 914 2047 964 canon,

467 985 527 1047 et
552 992 640 1048 alii
673 1009 781 1047 non
808 994 963 1061 pauci
997 993 1333 1049 diversarum
1366 996 1697 1066 synodorum
1727 992 2040 1063 prohibent.

476 1084 578 1139 Hic
620 1086 802 1152 itaque
826 1084 1155 1138 Cresconius
1189 1085 1475 1155 cpiscopus
1501 1126 1515 1152 ,
1549 1101 1700 1140 suam
1735 1084 2049 1153 relinquens

473 1176 774 1231 Ecclesiam
807 1186 900 1230 aut
935 1177 1225 1243 paroeciam
1254 1218 1269 1241 ,
1310 1188 1362 1233 et
1409 1180 1499 1232 ad‘
1525 1180 1854 1232 Ceneensem
1904 1172 2052 1231 tran-

471 1266 659 1321 siliens
688 1267 989 1322 Ecclesiam
1017 1304 1033 1330 ,
1065 1277 1120 1321 et
1168 1269 1366 1337 saepius
1411 1270 1647 1324 fraterne
1680 1268 1987 1322 admunitus
2020 1282 2049 1321 a

470 1360 837 1415 confralribus
873 1369 928 1414 et
978 1361 1365 1417 comminiStris
1409 1363 1522 1417 suis
1567 1376 1686 1415 eam
1743 1361 2053 1430 relinquere

474 1451 792 1521 Ecclesiam,
825 1459 879 1505 et
911 1466 1013 1505 non
1049 1467 1364 1519 persuasus,
1397 1451 1576 1508 effecit
1606 1463 1664 1507 ut
1694 1462 1747 1507 et
1772 1453 1923 1525 inviti
1959 1468 2049 1506 re-

474 1541 649 1605 cipitis
694 1543 1068 1610 magistratum
1125 1544 1362 1612 adirent,
1408 1544 1476 1599 ab
1503 1559 1673 1614 eoque
1722 1544 2042 1601 auctoritate

471 1630 671 1699 judicia
681 1630 758 1684 ria
795 1631 1108 1700 pelleretur.

1047 1807 1283 1863 CANON
1344 1808 1476 1865 Llll.

482 1917 503 1948 ι
539 1898 682 1965 Quot
739 1900 976 1970 episcopi
1003 1902 1344 1970 Tcpiscopum
1381 1903 1636 1958 ordinare
1691 1902 1907 1957 tlcben'l.
1937 1903 2048 1968 Ho_

553 2008 573 2039 ‹
619 1998 841 2042 noratus
893 1999 948 2043 et
1000 1990 1253 2045 Urbanus
1296 1992 1535 2059 episcopi
1572 1993 1854 2059 dixerunt;
1912 1993 2051 2049 Illud

558 2098 578 2129 σ
611 2090 828 2148 quoque
873 2080 1033 2134 nobis
1082 2080 1396 2135 mandatum
1423 2089 1526 2134 est.
1569 2080 1705 2146 Quia
1746 2098 1809 2136 ex
1862 2082 2055 2138 vicinis

549 2186 571 2221 σ
613 2172 718 2226 duo
749 2170 949 2224 fratres
983 2171 1152 2224 nostri
1197 2169 1461 2225 Numidia:
1493 2173 1734 2242 episcopi
1787 2175 2048 2229 sacerdo-

556 2279 574 2311 ι
617 2272 724 2313 tem
757 2261 1012 2315 ordinare
1066 2261 1181 2313 ausi
1216 2270 1382 2321 sunt.
1426 2260 1639 2315 nonnisi
1694 2276 1723 2314 a
1759 2262 2042 2318 duodecim

550 2369 573 2401 ι
617 2350 730 2405 ﬂeri
781 2351 981 2406 debere
1024 2352 1424 2405 ordinationem
1458 2352 1747 2408 censeatis.
1800 2355 2055 2411 Aurelius

548 2461 574 2495 ι
613 2443 898 2513 episcOpns
935 2443 1101 2507 dixit;
1149 2443 1390 2511 Antiqua
1424 2443 1595 2497 forma
1621 2446 1949 2511 servabitur,
1996 2457 2055 2502 nt

554 2553 573 2583 c
612 2548 720 2587 non
755 2535 1036 2603 pauciores
1061 2550 1220 2601 quam
1268 2544 1376 2589 tres
1404 2537 1687 2590 constituti
1720 2540 1789 2592 ad
1820 2540 2051 2611 episcopi

551 2647 575 2681 ι
608 2629 1010 2684 ordinationem
1060 2628 1326 2684 snliiciant
1354 2647 1368 2694 ;
1405 2645 1470 2684 eo
1503 2631 1645 2699 quod
1680 2632 1880 2701 Tripoli
1914 2633 2055 2689 forte

562 2738 581 2770 ι
621 2729 679 2775 et
719 2722 911 2775 Amne
958 2720 1204 2774 barbarae
1260 2719 1467 2774 scilicet
1506 2732 1691 2791 gentes
1738 2739 1905 2794 pr0pe
1938 2725 2056 2781 sitae

556 2830 576 2862 ι
613 2821 760 2866 sunt.
792 2810 994 2880 Tripoli
1028 2820 1208 2866 autem
1239 2811 1500 2882 quinque,
1548 2814 1692 2883 iique
1723 2815 1826 2869 soli
1879 2826 2009 2870 sunt
2037 2859 2052 2884 ,

510 2906 517 2911 “
549 2922 572 2954 ι
611 2914 668 2956 ιιι
701 2902 876 2968 scitis,
920 2902 1163 2972 episcopi
1202 2919 1217 2954 :
1262 2913 1316 2955 et
1347 2902 1463 2955 fieri
1497 2912 1671 2971 potest
1714 2915 1770 2958 ut
1821 2921 1959 2973 saepe
1987 2923 2053 2963 ex

560 3011 580 3044 ο
614 3008 679 3048 eo
709 3008 937 3048 numero
976 2994 1083 3045 duo
1128 2993 1305 3061 aliqua
1342 2994 1661 3047 necessitate
1692 2996 2054 3053 detineantur.

561 3103 578 3135 ι
622 3084 715 3141 Est
756 3086 895 3139 enim
926 3082 1162 3146 difﬁcile,
1196 3095 1253 3138 ut
1282 3101 1348 3140 ex
1377 3086 1568 3156 quovis
1600 3100 1823 3140 numero
1855 3088 2056 3155 possint
2083 3089 2129 3153 C

557 3195 580 3228 ι
622 3193 810 3231 omnes
840 3177 1069 3237 adesse;
1111 3191 1166 3233 et
1210 3181 1311 3234 hoc
1346 3195 1448 3232 non
1484 3180 1644 3234 debet
1675 3179 2058 3247 impedimento

556 3291 577 3322 ι
615 3286 735 3326 esse
762 3272 982 3326 utilitati
1021 3272 1294 3326 Ecclesite.
1327 3270 1459 3323 Nam
1495 3280 1549 3325 et
1579 3273 1632 3325 in
1661 3271 1762 3325 hac
1789 3270 2054 3340 Ecclesia,

570 3382 586 3410 ι
628 3361 695 3417 ad
728 3378 889 3434 quam
943 3372 1123 3423 vestra
1186 3363 1450 3418 sanctitas
1501 3363 1790 3417 convenire
1841 3363 2056 3431 dignata

560 3471 584 3503 ι
627 3463 729 3516 est,
770 3452 1127 3522 frequentius,
1153 3461 1207 3507 et
1243 3452 1356 3507 fere
1390 3453 1478 3507 die
1511 3452 1805 3513 dominico.
1841 3453 1933 3520 qni
1967 3467 2059 3507 or-

562 3566 584 3596 ‹
630 3544 904 3608 dinantur,
958 3545 1246 3601 habemus.
1277 3543 1526 3612 Unaquid
1574 3559 1702 3614 ergo
1755 3543 2064 3614 frequenter

564 3656 585 3686 ι
631 3648 916 3704 possumus
951 3634 1235 3689 duodecim
1272 3634 1358 3688 vel
1393 3633 1605 3710 decem,
1635 3634 1718 3687 vel
1752 3649 1855 3688 non
1891 3634 2062 3688 multo

564 3747 585 3778 ο
623 3726 907 3793 pauciores
934 3740 1235 3805 convocare
1262 3725 1585 3795 episcopos?
1615 3725 1721 3780 Sed
1764 3726 1904 3781 duos
1940 3741 2064 3797 pro-

563 3839 582 3869 ι
624 3819 853 3887 pinquos
895 3816 1227 3888 conjungere
1273 3827 1354 3872 est
1387 3832 1522 3873 mete
1565 3814 2055 3897 parvitati'l‘acile.

566 3931 586 3965 ι
623 3912 979 3977 Quamobrem
1032 3921 1209 3971 vestra
1257 3927 1468 3969 mecum
1513 3912 1660 3968 videt
1694 3912 1928 3969 charitas
1962 3913 2064 3969 hoc

558 4024 582 4069 ιι
626 4020 733 4067 non
764 4021 929 4077 posse
948 4006 1173 4063 servari.
1204 4024 1224 4058 ι

555 4271 757 4328 BALS.
792 4270 907 4325 Duo
939 4270 1174 4340 episcopi
1220 4271 1273 4325 in
1305 4269 1564 4326 Numidia
1607 4271 1919 4341 episcopum
1969 4289 2063 4327 or-

2231 549 2251 581 ι
2304 530 2652 586 κεκωλύσθω.
2698 551 2716 585 ι

2233 622 2293 675 '0
2324 622 2476 691 παρὰ
2517 623 2818 695 όρθοδόξων
2866 624 3187 694 βαπτισθεὶς
3237 625 3270 697 ἢ
3330 628 3732 699 χειροτονηθεὶς

2149 710 2401 787 δεύτερον
2422 715 2705 783 βάπτισμα
2720 711 2757 786 ἢ
2780 710 3392 787 δευτέρανῖχειροτονίαν
3414 716 3474 771 οὐ
3497 719 3739 790 δέχεται.“

2163 803 2324 856 Ἀλλὰ
2351 804 2445 857 καὶ
2485 807 2547 857 τὸ
2575 804 2683 858 ἀπὸ
2713 805 2926 871 πόλεως
2948 808 3250 862 ἐπίσκοπον
3272 809 3352 873 είς
3398 810 3593 882 ἑτέραν
3634 811 3737 864 πό-

2150 894 2235 948 λιν
2259 896 2617 965 μεθίστασθαι
2642 899 2736 951 καὶ
2773 902 2802 952 ό
2828 899 3020 971 παρὼν
3056 900 3260 967 κανὼν,
3296 903 3392 955 καὶ
3422 901 3602 974 ἕτεροι
3632 905 3737 956 οὐκ

2149 986 2317 1053 ὀλίγοι
2343 987 2612 1057 διαφόρων
2636 990 2874 1044 συνόδων
2910 991 3233 1064 κωλύουσιν.
3279 993 3340 1045 ’0
3399 992 3529 1061 γοῦν
3588 996 3735 1064 Κρε-

2153 1077 2382 1143 σκώνιος
2461 1077 2617 1145 οὗτος
2673 1081 3004 1147 ἐπίσκοπος,
3050 1084 3152 1153 τὴν
3227 1083 3363 1136 ίδίαν
3412 1084 3738 1139 καταλιπὼν

2152 1169 2447 1240 ἐκκλησίαν
2496 1173 2530 1243 ἢ
2587 1173 2902 1245 παροικίαν,
2958 1175 3053 1247 καὶ
3112 1174 3212 1244 τῆς
3272 1175 3478 1230 Κενεοῦ
3530 1177 3737 1239 ἐπιϐὰς

2152 1261 2478 1332 ἐκκλησίας,
2536 1266 2632 1318 καὶ
2678 1266 2941 1330 πολλάκις
3000 1266 3305 1336 ἀδελφικῶς
3363 1268 3740 1343 ὑπομνησθεὶς

2153 1355 2302 1423 παρὰ
2329 1352 2437 1404 τῶν
2467 1353 2812 1424 συναδέλφων
2845 1355 2940 1407 καὶ
2973 1353 3405 1425 συλλειτουργῶν
3436 1353 3603 1407 αὑτοῦ
3635 1355 3738 1424 τὴν

2152 1443 2406 1498 τοιαύτην
2439 1443 2772 1499 καταλιπεῖν
2794 1446 3111 1515 ἐκκλησίαν,
3167 1447 3263 1500 καὶ
3327 1446 3400 1515 μὴ
3467 1447 3737 1517 πεισθεὶς,

2155 1533 2539 1600 παρεσκεύασε
2569 1535 2669 1587 καὶ
2720 1534 2954 1596 ἄκοντας
2985 1534 3184 1596 αὐτοὺς
3222 1535 3299 1605 τῷ
3345 1536 3489 1589 κατὰ
3550 1534 3740 1607 χώραν

2154 1624 2377 1695 ἄρχοντι
2412 1625 2752 1694 προσελθεῖν,
2779 1626 2873 1678 καὶ
2902 1626 2993 1680 ὑπ’
3045 1627 3253 1681 ἐκείνου
3306 1626 3740 1692 ἒξουσιαστικῶς

2159 1717 2494 1787 κωλυθῆναι.

2754 1808 2991 1863 ΚΑΝΩΝ
3035 1810 3160 1863 NI".

2161 1917 2181 1950 ‹
2228 1900 2391 1955 Πόσοι
2415 1901 2707 1954 ἐπίσκοποι
2730 1903 3028 1955 ἐπίσκοπον
3049 1906 3379 1973 χειροτονεῖν
3402 1904 3737 1977 ὀφείλουσιν,

2232 2012 2251 2045 ι
2307 1990 2613 2067 Ὀνωρᾶτος
2660 1993 2758 2048 καὶ
2817 1986 3116 2063 Ὀὐρϐανὸς
3177 1996 3468 2048 ἐπίσκοποι
3538 1986 3740 2048 εἷπον⁸

2231 2103 2248 2135 ι
2294 2085 2532 2138 Κάκεῖνο
2562 2087 2695 2156 ἡμῖν
2724 2085 2986 2155 ἐνετάλθη
3012 2098 3029 2119 δ
3053 2086 3241 2156 ἐπειδὴ
3279 2089 3343 2153 ἐκ
3371 2084 3464 2139 τοῦ
3508 2078 3743 2156 πλησίον

2232 2191 2251 2225 ι
2318 2174 2539 2243 ἀδελφοὶ
2603 2174 2762 2245 ήμῶν
2805 2174 2899 2228 δύο
2955 2174 3247 2228 ἐπίσκοποι
3294 2174 3393 2246 τῆς
3419 2174 3742 2247 Νουμηδίας

2232 2282 2252 2315 ι
2299 2266 2683 2335 χειροτονῆσαι
2741 2265 3049 2337 ἐτόλμησαν
3124 2265 3275 2334 ἱερέα
3302 2306 3316 2330 ,
3396 2264 3621 2333 κρίνατε
3665 2267 3744 2339 μὴ
3780 2298 3805 2315 ο

2230 2376 2250 2409 ι
2290 2358 2543 2426 γενέσθαι
2602 2359 2935 2430 χειροτονίας
2984 2361 3300 2414 ἐπισκόπων
3376 2361 3425 2411 εί
3483 2360 3558 2429 μὴ
3628 2358 3746 2425 ὑπὲρ

2232 2469 2252 2503 ι
2296 2450 2524 2506 δώδεκα.
2549 2452 2821 2522 Αὐρήλιος
2851 2451 3152 2514 ἐπίσκοπος
3184 2448 3338 2504 εἶπεν
3369 2469 3382 2483 ·
3415 2450 3476 2504 Ὅ
3513 2451 3747 2520 ἀρχαῖος

2232 2564 2251 2596 ι
2295 2546 2465 2607 τύπος
2491 2544 2921 2615 φυλαχθήσεται,
2963 2542 3050 2596 ίνα
3082 2542 3158 2613 μὴ
3181 2543 3401 2612 ἥττονες
3423 2543 3590 2612 τριῶν
3626 2543 3746 2596 τῶν

2232 2655 2251 2687 ι
2296 2636 2621 2705 όρισθέντων
2651 2638 2731 2698 είς
2754 2635 3088 2707 χειροτονίαν
3115 2635 3430 2687 ἐπισκόπων
3477 2634 3747 2703 ἀρκέσω-

2232 2746 2251 2779 ι
2299 2744 2420 2780 σιν*
2455 2726 2588 2779 διότι
2639 2726 2697 2779 ἐν
2746 2724 3004 2795 Τριπόλει
3053 2724 3213 2795 τυχὸν
3261 2722 3357 2777 καὶ
3402 2723 3461 2775 ἐν
3517 2722 3744 2794 Ἀρζοῖῃ

2234 2839 2252 2870 ι
2297 2819 2458 2887 δῆλον
2486 2816 2882 2887 παρέγκεινται
2916 2814 3165 2886 βάρϐαρα
3210 2814 3357 2884 ἔθνη.
3401 2813 3490 2867 Ἐν
3536 2814 3744 2883 Τριπός

2234 2928 2252 2959 ι
2298 2909 2379 2960 λει
2412 2908 2468 2961 δέ
2493 2908 2676 2975 πέντε,
2730 2906 2824 2959 καὶ
2864 2905 3015 2974 μόνοι
3062 2906 3217 2969 είσὶν,
3282 2904 3357 2965 ὡς
3414 2903 3739 2973 γινώσκετε,

2234 3018 2252 3050 ι
2300 3000 2627 3052 ἐπίσκοποι·
2663 3000 2758 3061 καὶ
2779 2997 3003 3053 δυνατὸν
3036 2997 3094 3062 ἐξ
3138 2997 3302 3050 αὑτοῦ
3335 2996 3595 3059 πολλάκις
3647 2994 3743 3049 τοῦ

2236 3106 2256 3139 ι
2300 3089 2534 3158 ἀριθμοῦ
2569 3090 2693 3152 τοὺς
2716 3088 2808 3140 δύο
2838 3086 3049 3158 ἀνάγκη
3081 3088 3184 3138 τινὶ
3216 3085 3572 3154 κατέχεσθαι,
3596 3088 3742 3137 Δύσ-

2235 3199 2255 3231 ι
2300 3182 2455 3250 χερές
2483 3180 2589 3250 γάρ
2623 3181 2769 3233 ἐστιν
2812 3180 2872 3246 ἐξ
2920 3177 3232 3247 οίουδήποτε
3264 3176 3499 3245 ἀριθμοῦ
3530 3175 3743 3239 πάντας

2234 3290 2254 3323 ι
2303 3272 2564 3325 δύνασοαι
2609 3272 2942 3341 ἀπαντῆσαι,
3006 3270 3101 3333 καὶ
3175 3270 3253 3339 μὴ
3312 3267 3514 3336 ὀφείλει
3580 3267 3744 3321 τοῦτο

2241 3380 2259 3413 ι
2307 3360 2438 3414 αὐτὸ
2460 3358 2832 3430 παρεμποδὼν
2864 3353 3003 3412 εἶναι
3029 3357 3105 3428 τῷ
3134 3357 3388 3429 χρησίμῳ
3410 3357 3510 3426 τῆς
3537 3358 3743 3426 ἐκκληο

2240 3469 2259 3503 ι
2307 3451 2446 3514 σίας.
2486 3452 2595 3504 Καὶ
2617 3452 2723 3521 γὰρ
2755 3453 2835 3516 είς
2878 3448 3085 3519 ταύτην
3141 3449 3239 3516 τὴν
3288 3446 3607 3519 ἐκκλησίαν,
3664 3450 3746 3513 είς

2239 3561 2259 3594 ι
2302 3544 2368 3613 ἣν
2392 3543 2728 3613 κατηξίωσεν
2759 3544 2792 3613 ἡ
2827 3539 3067 3611 ὑμετέρα
3117 3539 3392 3593 συνελθεῖν
3438 3540 3743 3609 ἁγιωσύνη,

2240 3650 2260 3683 ι
2308 3633 2520 3702 συχνῶς
2549 3632 2647 3685 καὶ·
2674 3633 2860 3702 σχεδὸν
2893 3631 3036 3684 κατὰ
3083 3630 3368 3701 Κυριακὴν
3405 3616 3746 3700 χειροτονουσ

2238 3741 2258 3775 ι
2308 3724 2502 3792 μένους
2532 3721 2747 3791 ἔχομεν.
2766 3722 2858 3791 Μὴ
2883 3720 2993 3791 ἄρα
3018 3720 3250 3786 δύναμαι
3276 3719 3513 3790 συνεχῶς
3533 3719 3745 3776 δώδεκα

2242 3831 2261 3865 ι
2305 3813 2337 3883 ἦ
2368 3812 2500 3866 δέκα
2524 3812 2555 3882 ἢ
2581 3813 2700 3882 οὐχὶ
2724 3802 3139 3873 πολὺέλάττους
3187 3811 3477 3879 συγκαλεῖν
3520 3812 3749 3864 ἐπισκόο

2240 3922 2260 3956 ι
2307 3922 2462 3967 πους.
2489 3905 2592 3958 Δύο
2616 3906 2673 3959 δὲ
2702 3900 2949 3973 γείτονας
2981 3902 3310 3975 προσξεῦξαι
3346 3903 3573 3977 εὐχερὲς
3624 3904 3745 3954 ἐστι

2240 4015 2260 4048 ι
2306 3998 2371 4065 τῇ
2405 3997 2510 4066 ἐιιῆ
2551 3995 2878 4067 βραχύτητι.
2908 3995 2998 4048 Διὸ
3027 3995 3128 4066 ὁρᾷ
3156 3996 3252 4048 σὺν
3281 3994 3404 4064 ἐμοὶ⁸
3430 3995 3463 4065 ὴ
3499 3993 3746 4063 ὑμετέρα

2243 4108 2262 4140 ι
2308 4089 2496 4159 ἀγάπη
2541 4088 2699 4142 τοῦτο
2762 4087 2896 4142 αὐτὸ
2959 4086 3036 4159 μὴ
3108 4085 3366 4142 δύνασθαι
3418 4085 3743 4156 παραφυλα-

2242 4199 2264 4233 ‹
2305 4181 2523 4250 χθῆναι.
2566 4199 2586 4233 ι

2240 4274 2436 4326 ΒΑΛΣ.
2464 4270 2567 4324 Δύο
2596 4268 2879 4324 ἐπίσκοποι
2923 4269 3336 4339 εχειροτόνησαν
3377 4268 3457 4329 είς
3514 4266 3748 4338 Νουμηο

484 4368 765 4425 dinarunt.
801 4362 1150 4425 Sacerdotem
1181 4363 1323 4417 enim
1378 4377 1472 4433 pro
1504 4363 1756 4432 episcopo
1787 4364 1873 4418 llic
1907 4365 2060 4419 debe-

2200 4368 2285 4422 ίαν
2314 4368 2610 4420 ἐπίσκοπον
2638 4377 2652 4391 ·
2681 4361 2771 4413 τὸν
2805 4362 2912 4431 γὰρ
2947 4363 3094 4433 ἱερέα
3123 4358 3356 4414 ἐνταῦθα
3398 4362 3477 4421 είς
3523 4358 3747 4411 ἐπίσκοη

489 4475 614 4514 mus
654 4457 972 4527 intelligere.
1002 4454 1267 4521 Quoniam
1302 4454 1556 4509 sacerdos
1579 4453 1659 4506 vel
1703 4456 1770 4507 ab
1802 4472 1907 4528 nuo
1948 4457 2060 4510 solo

2200 4474 2270 4510 τον
2309 4452 2668 4522 ὑποληπτέον.
2704 4425 2848 4502 Διότι
2879 4425 3058 4521 lapsi);
3082 4449 3177 4502 καὶ
3208 4446 3359 4518 παρά
3414 4446 3573 4516 μόνου
3626 4444 3752 4510 ἐνὸς

486 4552 747 4622 episcopo
780 4550 1096 4615 ordinatur;
1133 4557 1193 4602 ut
1220 4546 1333 4601 vult
1362 4531 1417 4599 ’2
1447 4561 1569 4599 can.
1602 4544 1659 4600 S.
1689 4546 1876 4611 Apost.
1910 4546 2057 4601 Peti-

491 4650 689 4697 tverunt
722 4656 850 4709 ergo
882 4639 1189 4694 llunoratus
1225 4646 1278 4692 et
1314 4636 1567 4692 Urbanus
1615 4636 1876 4705 episcopi,
1924 4638 2068 4692 sicut

490 4732 601 4789 illis
628 4730 940 4793 mandatum
990 4728 1190 4793 luerat,
1238 4737 1296 4781 ut
1346 4743 1453 4781 non
1494 4726 1726 4794 amplius
1774 4742 1805 4781 a
1855 4728 2068 4782 duobus

488 4823 765 4893 episcOpis
796 4821 1082 4877 ordinetur
1104 4819 1414 4889 episcopus,
1449 4819 1542 4873 sed
1574 4835 1603 4872 a
1647 4819 1930 4901 duodecim
1968 4833 1983 4873 :
2015 4828 2069 4873 et

492 4918 774 4988 respondit
816 4915 1094 4980 Aurelius,
1124 4913 1321 4967 debere
1355 4913 1560 4968 sertari
1596 4912 1756 4982 577
1789 4913 2066 4980 antiquam

497 5010 723 5062 fortnam
762 5008 876 5060 sive
917 5020 1201 5071 canonem,
1237 5014 1290 5059 et
1317 5003 1567 5059 sulliccre
1600 5006 1665 5055 ad
1704 5003 1945 5071 episcopi
1976 5018 2070 5056 or-

496 5098 826 5152 dinationem
855 5105 966 5151 tres
995 5098 1294 5166 episcopos,
1331 5095 1461 5163 quia
1508 5109 1647 5161 saepe
1697 5093 1899 5147 multos
1942 5109 2072 5147 con-

499 5190 683 5241 venire
712 5186 925 5241 ditiicile
954 5175 1257 5257 estact'ne
1287 5186 1391 5240 hoc
1418 5186 1488 5237 sit
1516 5183 1899 5251 impedimento
1922 5183 2073 5237 utili-

501 5278 596 5333 tati
625 5276 900 5345 Ecclesiae,
930 5279 1307 5348 episcoiiorum
1342 5274 1550 5329 scilicet
1575 5273 1929 5339 ordinationi,
1956 5274 2072 5342 epi-

502 5384 697 5436 sc0pns
728 5371 887 5425 debet
910 5370 996 5423 vel
1048 5384 1076 5421 a
1126 5368 1300 5423 tribus
1350 5350 1480 5421 solis
1514 5366 1754 5421 ordinari
1786 5366 2075 5435 episcopis,

502 5462 709 5518 scilicet
729 5478 757 5517 a
785 5461 1197 5530 metropolitano
1225 5467 1280 5513 et
1306 5460 1372 5511 ab
1400 5459 1518 5512 aliis
1552 5459 1785 5527 duobus.
1815 5457 1907 5511 Sic
1930 5457 2073 5510 enim

504 5555 610 5613 erit
663 5554 839 5610 facilis
878 5553 1254 5624 episcoporum
1303 5550 1591 5604 ordinatio.
1637 5548 1771 5603 Nota
1827 5563 1959 5616 ergo
2009 5562 2075 5601 ex

508 5646 756 5716 praesenti
807 5658 1052 5707 canone,
1114 5641 1259 5712 quod
1313 5658 1417 5696 non
1475 5641 1782 5697 necessario
1831 5654 1859 5692 a
1907 5638 2080 5692 tribus

512 5733 934 5807 provincialibus
964 5735 1230 5805 cpiscoliis
1265 5735 1547 5789 ordinatur
1576 5733 1882 5802 episcopus;
1921 5734 2013 5787 sed
2044 5749 2072 5786 a

2166 4548 2551 4619 χειροτονεῖται
2601 4541 2923 4604 ἐπισκόπου,
2988 4540 3129 4595 κατὰ
3173 4540 3264 4593 τὸν
3320 4538 3364 4605 β’
3407 4538 3605 4593 κανόνα
3626 4539 3753 4601 ξτῶν

2168 4640 2339 4706 ἁγίων
2396 4632 2731 4689 ἀποστόλων.
2792 4631 3092 4701 Ἐζήτησαν
3143 4626 3236 4682 οὖν
3285 4629 3589 4700 Ὀνωρᾶτος
3655 4631 3753 4683 καὶ

2171 4727 2445 4796 Οὐρϐανὸς
2474 4727 2522 4778 οἱ
2548 4724 2857 4784 ἐπίσκοποι,
2890 4717 3072 4782 καθὼς
3106 4716 3488 4787 ἐνετὰλθησαν,
3550 4719 3752 4787 μηκέτι

2169 4818 2275 4871 ὑπὸ
2301 4816 2390 4869 δύο
2420 4814 2731 4867 ἐπισκόπων
2756 4807 3177 4880 χειροτονεῖσθαι
3234 4806 3553 4869 ἐπίσκοπον,
3613 4806 3756 4859 ἀλλὰ

2172 4910 2279 4964 ὑπὸ
2312 4905 2521 4962 δώδεκα
2552 4920 2567 4936 ο
2600 4904 2692 4957 καὶ
2715 4901 3092 4969 ἀπελογήσατο
3140 4900 3168 4952 ὁ
3208 4897 3479 4969 Αὐρήλιος
3514 4897 3757 4966 ὀφείλειν

2173 4998 2539 5071 φυλάττεσθαι
2558 4995 2651 5048 τὸν
2677 4993 2903 5064 ἀρχαῖον
2937 4990 3105 5043 τύπον
3134 4988 3253 5059 ἦτοι
3282 4989 3375 5042 τὸν
3409 4989 3626 5053 κανόνα,
3659 4988 3757 5042 καὶ

2173 5094 2364 5163 ἀρκεῖν
2391 5093 2470 5152 εἰς
2500 5086 2802 5142 ἐπισκόπου
2827 5080 3158 5154 χειροτονίαν
3192 5082 3529 5143 ἐπισκόπους
3581 5082 3755 5151 τρεῖς,

2174 5185 2254 5237 ὅτι
2281 5180 2539 5241 πολλάκις
2564 5175 2823 5247 δυσχερές
2851 5175 2968 5226 ἐστι
3016 5172 3244 5235 πολλοὺς
3292 5170 3565 5227 συνελθεῖν
3598 5188 3612 5201 ’
3660 5169 3760 5222 καὶ

2177 5274 2265 5328 ίνα
2301 5271 2658 5343 μὴ-γένηται
2708 5265 2867 5319 τοῦτο
2929 5263 3179 5333 ἐμποδὼν
3220 5262 3299 5331 τῷ
3353 5262 3609 5332 χρησίμῳ
3656 5261 3759 5329 τῆς

2177 5360 2495 5432 ἐκκλησίας,
2551 5361 2718 5427 ἧγουν
2768 5357 2835 5425 τῇ
2899 5352 3203 5424 χειροτονίᾳ
3250 5352 3359 5405 τῶν
3420 5352 3758 5418 ἐπισκόπων,

2178 5455 2384 5523 ὀφείλει
2418 5451 2567 5521 παρὰ
2594 5451 2761 5520 τριῶν
2793 5448 2886 5499 καὶ
2916 5445 3094 5514 μόνων
3148 5444 3461 5496 ἐπισκόπων
3514 5459 3760 5513 χειροτο-

2180 5547 2383 5602 νεῖσθαι
2434 5543 2750 5602 ἐπίσκοπος,
2780 5539 2946 5610 ἦγουν
2993 5534 3145 5606 παρὰ
3207 5536 3605 5606 μητροπολίτου
3662 5536 3761 5589 καὶ

2182 5639 2334 5709 παρὰ
2409 5635 2610 5704 ἐτέρων
2664 5631 2776 5686 δύο.
2873 5627 3031 5683 Οὕτω
3079 5627 3190 5697 γὰρ
3244 5626 3467 5696 εὐχερὲς
3522 5627 3675 5680 ἔσται
3727 5630 3759 5696 ἡ

2185 5731 2291 5787 τῶν
2311 5728 2643 5783 ’ἐπισκόπων
2676 5721 2995 5794 χειροτονία.
3025 5718 3338 5789 Σημείιοσαι
3368 5718 3460 5771 οὖν
3504 5718 3611 5772 ἀπὸ
3663 5717 3761 5770 τοῦ
