3976 6436
444 355 547 413 Si?)

1703 349 1979 410 THEOD.
2023 351 2210 411 Βίης
2225 355 2251 408 Α
2263 355 2423 414 MO‘I

3578 367 3682 433 S36

458 497 480 529 ί
516 471 651 532 Ῥοει
699 468 1032 526 consulatum
1082 467 1248 522 Flavii
1293 465 1607 523 Stilichonis
1653 466 2021 531 illustrissimi,

2208 464 2343 518 liud
2396 467 2493 534 τὴν
2552 463 2819 516 ὑπατείαν
2890 461 3122 515 Φλαϐίου
3205 461 3531 532 Στελίχωνος
3593 464 3689 519 τοῦ

533 576 555 618 r‘
593 564 803 619 decium
845 570 996 615 sexto
1036 559 1284 613 calendas
1312 557 1481 613 Julias
1508 554 1906 625 Carlhaginein
1939 568 2024 606 se-

470 674 487 685 ι
534 673 551 706 ι
591 664 740 710 creto
771 651 1053 706 llestituta:
1075 649 1337 714 ecclesiae,
1371 648 1663 717 praesidens
1692 643 1852 700 simul
1902 659 2022 698 cum

533 764 552 798 ι
593 744 709 801 suis
728 743 1082 813 coepiscopis,
1115 725 1493 795 assistentibus
1544 736 1807 801 diacouis,
1856 737 2026 788 Aure-

535 858 553 891 ι
598 838 705 893 lius
734 838 1022 907 episcopus
1048 834 1182 888 dixit
1212 852 1223 887 :
1255 830 1623 886 Ecclesiarum
1670 827 1786 893 Dei,
1818 841 1938 895 qua:
1970 826 2025 879 in

535 947 555 980 ί
591 938 701 983 tota
723 926 977 982 Afrorqu
1006 923 1224 994 regione
1246 924 1360 977 sitae
1379 928 1525 984 sunt,
1546 918 1900 973 necessitates
1922 929 2026 967 una

534 1040 553 1071 ι
589 1034 796 1075 mecum
829 1016 1064 1088 perfecte
1096 1014 1197 1069 scit
1220 1023 1394 1069 vestra
1420 1010 1657 1075 dilectio,
1690 1005 2026 1064 sanctissimi

536 1131 554 1165 ι
592 1112 787 1167 fratres
815 1128 829 1164 :
861 1120 915 1165 et
937 1110 1060 1179 quia
1088 1107 1344 1161 Dominus
1367 1103 1633 1175 przestitit,
1657 1111 1714 1156 ut
1740 1102 1927 1157 saltem
1962 1114 2028 1152 ex

536 1219 555 1253 ι
598 1210 752 1271 parte
772 1207 1089 1269 congregata
1114 1197 1183 1251 sit
1208 1193 1492 1264 praesentia
1513 1192 1681 1248 sancti
1719 1190 1882 1245 vestri
1907 1202 2030 1242 con-

536 1309 554 1342 c
596 1300 810 1354 ventus,
831 1288 961 1342 mihi
979 1295 1338 1357 opportunum
1374 1283 1594 1338 videtur
1615 1280 1851 1342 easdem,
1876 1288 1934 1331 ut
1952 1276 2029 1330 di-

538 1402 553 1431 ι
591 1392 735 1436 ctum
764 1389 869 1444 est,
904 1379 1250 1433 necessitates
1280 1377 1335 1430 in
1382 1375 1615 1430 medium
1661 1371 1874 1436 afferre,
1898 1383 2031 1437 quas

533 1489 554 1524 ι
595 1469 1202 1543 propria'sollicitudine
1222 1467 1553 1535 investigare
1571 1463 1718 1533 potui
1737 1476 1899 1531 ;quas
1917 1460 2034 1529 qui-

533 1582 554 1616 r
600 1565 721 1619 dem
748 1562 966 1632 quando
1001 1569 1178 1616 vestra
1205 1558 1544 1614 confirmabit
1570 1555 1875 1618 sinceritas,
1902 1566 2031 1605 cou-
2056 1572 2059 1575 ·

532 1675 553 1707 ι
589 1669 820 1725 sequens
846 1653 972 1720 erit,
1016 1661 1078 1705 ut
1120 1666 1287 1705 unum
1334 1648 1675 1704 sacerdotum
1723 1660 1788 1711 ex
1845 1652 2033 1699 nostro

538 1769 554 1800 ι
596 1761 819 1802 numero
855 1745 1210 1809 declaremus,
1234 1742 1325 1813 qui
1362 1741 1456 1796 Dei
1488 1738 1688 1795 auxilio
1710 1737 1866 1792 debet
1909 1750 2035 1806 pro-

548 1859 565 1892 ι
604 1851 721 1909 pter
751 1845 960 1892 vestras
1000 1848 1187 1905 preces
1225 1832 1440 1888 easdem
1468 1829 1816 1885 necessitates
1863 1824 2035 1881 susci-

536 1950 555 1985 ‹
594 1946 743 2003 pere,
774 1940 829 1985 et
860 1928 1073 1984 fortiter
1100 1925 1405 1997 perageudo
1433 1922 1643 1978 deferre
1678 1921 1731 1974 in
1768 1930 2036 1974 transma-

538 2044 555 2077 (
603 2026 754 2080 rinas
801 2022 966 2078 Italiae
1008 2028 1227 2092 partes;
1269 2018 1358 2087 qui
1416 2016 1555 2070 hanc
1608 2013 2030 2075 necessitatem,

530 2138 557 2171 κ
592 2118 831 2175 laborem
853 2128 907 2171 et
935 2115 1169 2183 inopiam
1202 2111 1373 2183 possit
1397 2109 1759 2166 sanctissimis
1778 2119 1833 2164 et
1853 2122 2038 2165 sacro-

532 2230 554 2262 1
592 2225 709 2265 rum
746 2206 1137 2264 comministris
1166 2203 1427 2258 fratribus
1461 2204 1663 2257 nostris
1714 2200 2035 2263 ostendere;

534 2321 561 2355 ι
598 2301 795 2373 partim
846 2298 1064 2369 quidem
1106 2294 1415 2351 venerando
1473 2303 1664 2348 sancto
1730 2291 2039 2361 apostolicae

538 2411 563 2447 ι
608 2393 881 2448 cathedrae
904 2389 1157 2459 episcopo
1194 2386 1513 2451 Anastasio;
1548 2385 1744 2454 partim
1779 2392 1957 2437 autem
1982 2389 2039 2435 et

542 2506 564 2538 ς
613 2482 960 2540 sanctissimo
1012 2463 1167 2535 fratri
1200 2478 1426 2533 Venerio
1471 2476 1738 2532 sacerdoti
1796 2473 2040 2529 ecclesia:

540 2596 564 2630 ‹
600 2573 1037 2633 Mediolanensis.
1070 2572 1152 2627 Ab
1184 2572 1251 2626 iis
1273 2570 1418 2625 enim
1468 2567 1677 2623 thronis
1709 2565 2037 2636 prohibitum

540 2690 565 2723 1
613 2671 807 2734 fuerat,
871 2675 1015 2738 quod
1083 2661 1361 2719 communi
1428 2660 1668 2730 periculo
1713 2670 2041 2730 magnopere

550 2783 568 2814 ς
612 2760 1027 2830 providendum,
1050 2753 1173 2825 quia
1201 2760 1349 2807 tanta
1377 2757 1460 2818 est
1487 2749 1805 2804 clericorum
1836 2747 2039 2817 inopia,

548 2868 567 2901 ί
605 2858 660 2904 et
686 2848 867 2903 multa
895 2845 1135 2901 eccmsiaa
1169 2842 1302 2896 adeo
1340 2848 1465 2893 sunt
1492 2840 1743 2905 desertae,
1774 2845 1832 2891 ut
1865 2836 2043 2891 nullus

551 2964 567 2994 ι
601 2941 775 3013 possit
802 2942 1064 2995 diaconus
1088 2936 1170 2993 vel
1196 2937 1509 2991 illitteratus
1537 2931 1787 2989 inveniri.
1823 2930 1897 2984 De
1919 2930 2044 2984 reli-

561 3052 578 3083 ε
616 3032 738 3101 quis
769 3040 947 3086 autem
981 3028 1351 3099 superioribus
1388 3025 1671 3081 ordinibus
1700 3032 1754 3078 et
1784 3022 2045 3094 gradibus

550 3146 566 3177 ι
607 3124 890 3179 tacendum
941 3134 1060 3176 esse
1096 3120 1369 3174 existimo.
1411 3114 1548 3171 Nam
1592 3130 1739 3181 cum,
1797 3122 1856 3177 ut
1911 3114 2041 3180 dixi,
2072 3134 2115 3194 α

549 3235 567 3268 ι
609 3215 819 3271 diaconi
857 3212 1217 3269 ministerium
1261 3224 1365 3263 non
1412 3206 1570 3261 facile
1618 3205 1949 3272 inveniatur,
1978 3203 2049 3259 de

555 3329 583 3360 -ι
623 3305 993 3378 superioribus
1036 3302 1336 3359 honoribus
1370 3299 1540 3355 multo
1572 3308 1656 3353 est
1681 3298 1940 3368 apertius.
1985 3298 2051 3352 Et

566 3421 582 3451 ι
615 3400 958 3471 quotidianas
1020 3396 1355 3451 diversorum
1408 3401 1463 3446 et
1517 3390 1631 3446 fere
1673 3391 2048 3446 emorientium

576 3512 594 3542 ‹
632 3490 953 3563 populorum
987 3483 1400 3541 lamentationes
1434 3482 1683 3551 deinceps
1707 3498 1814 3537 non
1844 3481 2052 3537 sufferi-

552 3605 571 3634 ι
630 3594 752 3636 mus
804 3598 819 3633 :
880 3577 1077 3646 quibus
1138 3575 1241 3629 nisi
1294 3572 1554 3629 auxilium
1602 3574 1745 3629 ferre
1801 3573 2049 3640 velimus,

557 3695 574 3725 ι
612 3670 778 3744 594
803 3668 1181 3741 gravissimum
1209 3674 1265 3723 et
1286 3665 1651 3721 inexcusabile
1676 3676 1896 3737 propter
1926 3680 2051 3737 per-

554 3786 583 3818 -ι
622 3766 765 3820 ditas
784 3762 1002 3818 animas
1028 3758 1280 3818 delictum
1303 3773 1401 3815 nos
1428 3759 1566 3830 apud
1607 3757 1775 3815 Deum
1799 3758 2047 3828 excipit.»

545 4400 755 4458 BALS.
782 4398 1047 4455 Prmscnti
1091 4400 1293 4468 scripto
1329 4400 1441 4455 vult
1473 4398 1724 4454 Aurelius
1768 4398 2054 4454 certiorem

2061 1800 2109 1860 B

2202 576 2221 608 ι
2256 557 2751 627 λαμπροτάτου,τῇ
2782 556 2885 627 πρὸ
2918 556 3115 620 δεκαέξ
3147 556 3427 610 καλανδῶν
3462 556 3691 625 Ἰουλίων

2201 667 2219 699 ‹
2261 651 2319 702 ἐν
2349 649 2661 719 Καρχηδόνι
2680 650 2772 712 είς
2802 649 2860 701 τὸ
2883 650 3159 721 σήκρητον
3185 649 3285 718 τῆς
3319 648 3712 721 Ῥεστιτούτης·

2201 759 2218 792 ι
2259 741 2555 812 ἐκκλησίας
2583 742 2922 811 προκαθίσας
2966 742 3085 812 ἅμα
3116 743 3231 805 τοῖς
3267 741 3693 806 συνεπισκόποις

2206 853 2223 884 ί
2267 835 2455 899 αὑτοῦ,
2516 832 2885 906 παρεστώτων
2924 834 3032 886 τῶν
3086 834 3379 900 διακόνων,
3416 833 3694 904 Αὐρήλιος

2186 945 2221 987 ,ι
2261 926 2559 989 ἐπίσκοπος
2599 922 2781 979 εἶπεν·
2842 925 2964 978 Τῶν
3020 925 3330 996 ἐκκλησιῶν
3386 924 3483 978 τοῦ
3531 925 3693 991 Θεοῦ,

2204 1036 2222 1068 ι
2258 1017 2365 1070 τῶν
2387 1017 2494 1072 ἀνά
2524 1018 2705 1072 πᾶσαν
2730 1016 2827 1089 τὴν
2856 1017 2964 1071 τῶν
2986 1014 3210 1091 ’Ἄφρων
3241 1016 3424 1088 χώραν
3443 1017 3684 1088 καθιδρυ-

2204 1123 2224 1156 ι
2264 1106 2461 1174 μένων,
2492 1104 2590 1167 τὰς
2626 1106 2875 1172 ἀνάγκας
2907 1106 3150 1176 ἀκριϐῶς
3178 1107 3292 1175 ἅμα
3321 1107 3447 1177 ἐμοὶ
3476 1108 3701 1161 ἐπίσται-

2208 1213 2226 1247 ι
2263 1213 2350 1248 ται
2376 1198 2406 1266 ή
2437 1196 2681 1265 ὑμετέρα
2712 1197 2923 1268 ἀγάπη,
2951 1196 3246 1267 ἁγιώτατοι
3297 1198 3516 1267 ἀδελφοί
3553 1214 3567 1229 ·
3605 1200 3697 1252 καὶ

2216 1306 2233 1340 ι
2270 1288 2458 1358 ἐπειδὴ
2492 1288 2599 1341 ,τοῦ
2628 1291 2835 1359 Κυρίου
2889 1291 3221 1360 παρέχοντος
3272 1290 3387 1343 κᾶν.
3429 1291 3487 1342 ἐν
3543 1289 3699 1360 μέρει⁹

2210 1397 2229 1429 ι
2276 1378 2516 1450 συνήχθη
2553 1381 2585 1446 ἡ
2617 1380 2891 1451 παρουσία
2911 1381 3009 1451 τῆς
3045 1380 3199 1444 ὁσίας
3240 1380 3397 1451 ὑμῶν
3444 1380 3703 1434 συνελεύ-
3734 1379 3739 1383 ’

2213 1487 2232 1520 ε
2274 1487 2432 1535 σεως,
2464 1470 2613 1524 δοκεῖ
2642 1489 2731 1542 μοι
2759 1475 2839 1536 είς
2876 1473 3041 1543 μέσον
3074 1474 3458 1542 παρακομίσαι
3480 1471 3577 1535 τὰς
3609 1472 3706 1526 αὑ-

2214 1578 2231 1610 (
2270 1560 2389 1624 τὰς,
2420 1560 2495 1624 ὡς
2519 1561 2755 1631 εἴρηται,
2784 1564 3053 1631 ἀνάγκας,
3092 1563 3271 1635 ἇσπερ
3306 1563 3486 1634 οἰκείᾳ
3545 1579 3705 1633 φρον-

2213 1669 2231 1703 ι
2272 1652 2376 1704 τίδι
2414 1653 2678 1726 ἠδυνήθην
2705 1655 3042 1726 ἀνιχνεῦσαι·
3076 1657 3299 1719 ἅστινας
3328 1656 3491 1727 ήνίκα
3514 1658 3708 1709 ἐπικυ-

2214 1764 2233 1799 s
2274 1743 2486 1818 ρώσῃή
2522 1748 2767 1818 ὑμετέρα
2797 1748 3186 1819 είλικρινότης,
3222 1748 3514 1801 ἀκόλουθον
3550 1747 3712 1801 ἐσται

2212 1855 2229 1888 ι
2265 1837 2654 1902 ἀποδείξασθαι
2684 1839 2782 1893 ἕνα
2813 1840 2963 1911 ἱερέα
2996 1841 3060 1892 ἐκ
3077 1840 3168 1892 τοῦ
3218 1840 3489 1912 ἡμετέρου
3550 1840 3715 1911 ἀριθ-

2214 1946 2231 1979 ι
2272 1927 2398 1999 μοῦ,
2423 1930 2514 1981 τὸν
2547 1930 2831 1998 ὀφείλοντα
2865 1935 2933 2003 τῇ
2956 1931 3050 1985 τοῦ
3084 1933 3291 2001 Κυρίου
3355 1932 3580 2002 βοηθείᾳ
3607 1932 3703 1985 διά

2215 2038 2233 2071 ι
2269 2019 2377 2074 τῶν
2410 2019 2585 2091 εὐχῶν
2610 2021 2763 2091 ὑμῶν
2788 2021 2993 2086 ταύτας
3020 2024 3193 2086 αὑτὰς
3236 2023 3485 2091 ἀνάγκας
3515 2022 3715 2075 ἀναδέ-

2214 2129 2232 2163 ι
2280 2108 2496 2176 ξασθαι,
2534 2112 2629 2164 καλ⁵
2677 2112 2942 2182 ἀνδρείως
2992 2112 3324 2178 ἐξανυστέας
3373 2110 3717 2180 ἀποκομίσαι

2215 2220 2233 2253 ι
2270 2202 2409 2273 πρὸς
2444 2203 2513 2256 τά
2539 2204 2904 2274 πραγματικά
2933 2204 3031 2273 τῆς
3076 2203 3308 2267 Ἰταλίας
3361 2205 3503 2274 μέρη
3561 2203 3718 2264 ὅστις

2217 2313 2235 2345 ‹
2273 2295 2476 2366 δυνηθῇ
2507 2296 2682 2366 αὑτήν
2713 2314 2773 2350 τε
2810 2296 2907 2367 τὴν
2962 2296 3210 2366 ἀνάγκην
3252 2296 3348 2351 καλ⁵
3402 2296 3494 2350 τὸν
3546 2296 3719 2349 πόνον

2215 2405 2234 2438 ι
2272 2387 2368 2440 καὶ⁸
2394 2386 2491 2459 τὴν
2521 2387 2731 2441 ἔνδειαν
2763 2388 2920 2458 ὑμῶν
2949 2389 3299 2460 παραστῆσαι
3323 2390 3437 2451 τοῖς
3471 2387 3720 2456 ἁγιωτάο

2215 2495 2233 2529 ι
2271 2493 2384 2542 τοις
2416 2478 2664 2549 ἀδελφοῖς
2698 2483 2792 2533 κα)⁵
2849 2479 3291 2551 συλλειτουργοῖς
3316 2480 3473 2551 ήμῶν
3498 2495 3513 2509 ο
3555 2479 3721 2533 τοῦτο

2216 2587 2235 2621 ι
2272 2569 2374 2639 μὲν
2426 2569 2764 2641 ’Λναστασίῳ
2837 2570 2915 2642 τῷ
2968 2568 3335 2642 προσκυνητῷ
3404 2569 3549 2639 ἁγίῳ
3615 2570 3721 2639 τῆς

2220 2679 2237 2713 ι
2281 2662 2654 2732 ἀποστολικῆς
2700 2662 2973 2735 καθέδρας
3032 2664 3364 2733 ἐπισκόπῳο
3420 2662 3580 2715 τοῦτο
3654 2662 3723 2715 δέ

2219 2771 2237 2806 ι
2275 2752 2355 2806 ἔτι
2390 2754 2497 2823 μὴν
2530 2756 2625 2807 καὶ
2655 2754 2733 2824 τῷ
2778 2754 3070 2825 ἁγιωτάτῳ
3123 2754 3339 2826 ἀδελφῷ
3366 2752 3605 2823 Βενερίῳ
3633 2752 3721 2820 τῷ

2222 2863 2241 2897 ι
2283 2845 2421 2915 ίερεῑ
2444 2845 2541 2916 τῆς
2564 2845 2911 2900 Μεδιολάνων
2969 2846 3286 2916 ἐκκλησίας.
3359 2845 3455 2898 Ἐκ
3509 2844 3727 2898 τούτων

2221 2953 2240 2985 ι
2277 2936 2386 3005 γάρ
2414 2935 2523 2987 τῶν
2553 2936 2759 3006 θρόνων
2791 2936 3064 3006 ἐκωλύθη,
3118 2938 3255 3007 ὅπερ
3317 2937 3592 3005 ἐπιγνοίεν
3656 2937 3726 2988 ὲν

2222 3045 2241 3080 ι
2282 3026 2447 3098 κοινῷ
2486 3027 2716 3100 κινδύνῳ
2748 3030 3004 3098 μεγάλως
3032 3030 3272 3097 ὀφείλειν
3324 3028 3721 3100 προνοηθῆναι·

2228 3136 2246 3170 ι
2278 3118 2361 3171 ὅτι
2389 3117 2625 3188 τοσαύτη
2651 3120 2769 3173 ἐστὶ
2802 3120 3083 3191 κληρικῶν
3111 3120 3311 3185 ἔνδεια,
3370 3119 3465 3171 καὶ
3522 3117 3728 3172 πολλαὶ

2226 3225 2246 3261 ι
2279 3209 2567 3279 ἐκκλησίαι
2597 3208 2769 3275 οὕτως
2793 3210 3133 3282 ὑπάρχουσιν
3160 3209 3378 3282 ἔρημοι,
3413 3208 3488 3272 ὡς
3515 3208 3728 3279 μηδένα

2225 3319 2243 3351 ι
2281 3300 2529 3355 διάκονον
2568 3300 2673 3355 κᾶν
2724 3302 3091 3372 ἀγράμματον
3142 3302 3289 3372 ἔχειν
3338 3300 3726 3372 εὑρίσκεσθαι.

2228 3407 2246 3441 ι
2287 3391 2420 3461 Περὶ
2448 3390 2505 3443 δέ
2527 3390 2635 3443 τῶν
2656 3391 2858 3443 λοιπῶν
2883 3391 3169 3462 ἀνωτέρων
3203 3390 3430 3461 βαθμῶν
3476 3389 3571 3447 καὶ
3623 3389 3727 3443 τά·

2229 3498 2247 3531 ι
2284 3479 2421 3551 ξεων
2496 3480 2804 3549 σιωπητέον
2872 3481 3266 3551 ὑπολαμϐάνω.
3344 3478 3587 3548 Ἐπειδὴ,
3649 3478 3730 3539 ὡς

2228 3588 2245 3621 ι
2286 3565 2462 3633 εἷπον,
2494 3572 2589 3623 ἐὰν
2618 3572 2650 3641 ή
2679 3570 2774 3623 τοῦ
2806 3570 3055 3624 διακόνου
3112 3570 3388 3642 ὑπουργία
3434 3570 3535 3623 οὑκ
3564 3572 3729 3640 εὑχιο

2236 3681 2255 3713 ι
2296 3662 2403 3733 ρῶς
2435 3661 2785 3732 εὑρίσκηται,
2814 3660 2998 3733 πολλῷ
3030 3661 3192 3715 πλέον
3234 3661 3363 3732 περὶ
3414 3660 3524 3714 τῶν
3581 3662 3727 3713 ἀνω-

2231 3775 2249 3809 (
2285 3756 2465 3827 τέρων
2526 3754 2705 3825 τιμῶν
2761 3754 3065 3824 κατάδηλον
3128 3753 3385 3825 ὑπάρχει.
3443 3754 3554 3806 Καὶ
3598 3754 3729 3815 τοὺς

2233 3866 2251 3898 ι
2288 3846 2697 3916 νκαθημερινοὺς
2731 3846 2963 3917 θρήνους
2992 3846 3100 3899 τῶν
3153 3846 3426 3916 διαφόρων
3479 3846 3572 3898 καὶ
3604 3854 3730 3916 σχὲ-

2238 3956 2255 3989 ‹
2290 3938 2377 3989 δὸν
2410 3935 2869 4007 ἀποθνησκόντων
2900 3935 3046 3989 λαῶν
3088 3935 3181 3989 τοῦ
3232 3937 3421 3989 λοιποῦ
3461 3937 3561 4007 οὑχ
3594 3936 3730 3989 ὑπο-

2236 4048 2253 4080 ι
2296 4031 2540 4101 φέρομεν
2562 4044 2577 4058 ο
2609 4024 2692 4092 οἷς
2719 4031 2766 4081 εί
2795 4028 3065 4099 μηδέποτε
3098 4028 3414 4099 θελήσωμεν
3437 4027 3728 4100 βοηθῆσαι,

2235 4139 2251 4171 ι
2302 4119 2577 4191 βαρυτάτη
2617 4118 2712 4171 καὶ
2763 4120 3169 4189 ἀναπολόγητος
3218 4118 3367 4172 αίτία
3411 4118 3519 4172 τῶν
3560 4119 3733 4172 ἀπολο

2235 4231 2253 4263 ι
2294 4212 2546 4282 λυμένων
2609 4211 2796 4282 ψυχῶν
2875 4212 3155 4282 ἐκδέχεται
3220 4214 3369 4284 ἡμᾶς
3440 4212 3591 4284 παρά
3652 4212 3734 4283 τῷ

2234 4322 2252 4353 ι
2296 4302 2486 4373 Θεῷ.»

2231 4394 2424 4452 ΒΑΛΣ.
2458 4395 2556 4448 Διά
2585 4396 2687 4464 τῆς
2732 4395 3013 4467 παρούσης
3044 4398 3264 4468 γραφῆς
3322 4396 3465 4462 ἀξιοῖ
3493 4399 3521 4451 ὁ
3543 4397 3733 4468 Αὑρή.

486 4491 601 4548 fieri
623 4502 813 4564 papam
834 4497 887 4544 et
909 4464 1357 4545 Mediolanenscm
1382 4482 1716 4559 episc0pum,
1736 4492 1876 4559 quod
1896 4491 1971 4543 Af
1972 4506 2044 4545 ro-

2208 4501 2274 4550 ;oc
2301 4486 2519 4557 δοθῆναι
2544 4487 2750 4557 εἴδησιν
2782 4464 2860 4559 τῶ
2892 4464 3099 4560 πάππα
3119 4464 3322 4558 καὶγτῷ
3355 4464 3733 4554 Μεδιολάνων,

484 4600 604 4640 rum
653 4583 902 4653 regiones
943 4596 1069 4636 sum
1101 4581 1155 4634 in
1200 4594 1421 4650 magnas
1468 4581 1745 4649 angustias
1790 4583 2051 4650 adductae,

484 4691 595 4733 non
626 4678 798 4732 solum
840 4673 1185 4730 sacerdotum
1217 4684 1273 4729 et
1312 4674 1709 4743 episcoporum,
1753 4678 1847 4729 sed
1890 4678 2051 4730 etiam

483 4770 720 4838 ipsorum
762 4766 1151 4830 diaconurum;
1205 4770 1261 4818 et
1309 4774 1366 4817 ut
1412 4772 1603 4819 curent
1646 4766 1879 4835 aliquam
1938 4767 2056 4822 fieri

452 4850 938 4931 dispensationem
984 4872 1081 4911 seu
1126 4857 1487 4926 provisiouem
1543 4859 1595 4911 in
1629 4858 2053 4912 Christianorum

484 4949 769 5004 auxilium.

544 5038 804 5096 ZONAR.
833 5038 965 5105 Quae
1012 5038 1287 5107 superiore
1333 5037 1665 5093 oratiuncula
1711 5039 2057 5091 continentur

487 5131 603 5185 hac
636 5140 764 5184 sunt
792 5145 807 5183 :
840 5126 1045 5191 Nostis,
1070 5126 1284 5193 fratres,
1319 5124 1518 5199 [inquit
1557 5127 1835 5197 Aurelius]
1862 5130 2057 5194 quibus

487 5222 751 5277 malorum
807 5222 1191 5291 asperitatibus
1228 5236 1441 5276 'ouines
1492 5220 1757 5275 Africana:
1816 5222 2058 5275 ecclesia:

486 5312 880 5368 conflictentur.
914 5313 978 5364 Et
1013 5312 1267 5380 quoniam
1289 5313 1333 5367 si
1367 5314 1545 5367 :niuus
1578 5314 1838 5376 universi,
1877 5314 2058 5382 plures

487 5415 634 5458 certe
674 5404 741 5457 ad
783 5404 1047 5472 synodum
1088 5404 1476 5469 convenimus],
1514 5421 1647 5474 quas
1693 5422 1791 5475 ego
1842 5409 2055 5475 quidem

488 5495 825 5549 difﬁcultates
878 5495 1139 5551 sollicitus
1196 5496 1533 5565 investigavi,
1581 5498 1686 5551 hoc
1733 5506 1836 5561 est,
1894 5498 2058 5552 multa

488 5601 618 5640 cura
650 5601 712 5642 ac
740 5586 1019 5656 diligentia
1049 5587 1288 5640 adhibita
1317 5589 1643 5657 conquisivi,
1679 5604 1769 5644 eas
1803 5592 1901 5645 hoc
1927 5603 2060 5646 tern-

494 5691 622 5745 pure
654 5680 705 5730 in
740 5678 970 5732 medium
1007 5678 1250 5747 proferre
1292 5681 1575 5733 constitui.
1628 5680 1914 5750 Reliquum
1960 5684 2061 5736 erit

489 5768 706 5835 deinde,
758 5777 815 5823 ut
851 5768 1082 5845 aliquem
1118 5783 1182 5823 ex
1219 5777 1404 5824 nostro
1448 5786 1672 5827 numero
1702 5772 1981 5840 delegatTS,
2027 5791 2055 5829 a

2162 4581 2243 4634 ὅτι
2296 4583 2668 4651 στενοχωρίαν
2725 4580 2970 4652 μεγάλην
3027 4580 3244 4652 ἔχουσιν
3296 4584 3353 4635 αἱ
3409 4582 3586 4653 χῶραι
3625 4584 3737 4635 τῶν

2166 4675 2392 4744 Ἀφρων
2427 4673 2501 4743 μὴ
2549 4673 2708 4741 μόνον
2752 4673 2943 4743 ἱερέων
2972 4677 3067 4727 καὶ
3100 4676 3443 4737 ἐπισκόπων,
3479 4674 3617 4729 ἀλλά
3640 4677 3733 4728 καὶ

2163 4764 2344 4816 αὐτῶν
2371 4762 2479 4815 τῶν
2509 4762 2796 4829 διακόνων,
2827 4764 2921 4816 καὶ
2960 4766 3247 4834 φροντίσαι
3288 4767 3543 4835 γενέσθαι
3595 4770 3731 4822 οίκο-

2163 4856 2360 4925 νομίαν
2386 4857 2463 4917 είς
2494 4853 2753 4925 βοήθειαν
2797 4856 2905 4909 τῶν
2937 4857 3307 4928 Χριστιανῶν.

2235 5039 2480 5091 ΖΩΝΑΡ.
2515 5037 2684 5091 Τοῦτο
2712 5041 2743 5108 ή
2772 5042 3020 5110 παροῦσα
3045 5041 3189 5110 λέγει
3216 5045 3435 5115 γραφή·
3464 5046 3545 5098 ὅτι
3591 5046 3739 5098 Ἐπί-

2169 5131 2390 5190 στασθε,
2416 5129 2659 5198 ἀδελφοὶ,
2690 5132 2787 5192 τὰς
2818 5132 3086 5200 ἀνάγκας,
3119 5133 3185 5197 ἀς
3212 5134 3397 5205 έχουσι
3453 5137 3627 5191 πᾶσαι
3680 5141 3736 5190 αἱ

2166 5223 2309 5272 κατά
2342 5221 2437 5291 τὴν
2478 5222 2749 5295 Ἀφρικὴν
2776 5225 3085 5295 ἐκκλησίαι.
3117 5228 3224 5279 Καὶ
3250 5228 3373 5279 ἐπεὶ
3421 5231 3660 5299 συνήχθη
3690 5233 3739 5282 εί

2165 5317 2260 5369 καὶ
2291 5318 2364 5387 μὴ
2399 5319 2546 5371 πᾶσα
2594 5320 2627 5386 ἡ
2681 5320 2918 5387 σύνοδος,
2963 5321 3102 5375 ἀλλά
3154 5339 3217 5391 γε
3268 5323 3371 5376 κᾶν
3434 5326 3492 5376 ἐν
3556 5326 3739 5395 μέρει,

2166 5410 2312 5461 δοκεῖ
2339 5428 2428 5479 μοι
2459 5411 2737 5481 προθεῖναι
2760 5414 2839 5475 είς
2875 5414 3038 5482 μέσον
3064 5417 3159 5477 τὰς
3182 5418 3439 5480 τοιαύτας
3469 5419 3738 5485 ἀνάγκας,

2167 5501 2231 5565 ἃς
2280 5504 2574 5571 ἐφρόντισα
2604 5506 2697 5556 καὶ
2728 5506 3043 5575 ἀνίχνευσα,
3076 5510 3249 5579 ἤγουν
3289 5510 3565 5578 ἐπιμελῶς
3615 5511 3740 5576 ἐζη-

2168 5612 2327 5666 τησα.
2370 5597 2687 5649 ’Λκόλουθον
2743 5597 2801 5649 δὲ
2864 5598 3041 5665 ἔσται,
3107 5602 3465 5667 ἐπιλέξασθαι
3541 5603 3636 5655 ἕνα
3686 5601 3744 5665 ἐξ

2169 5689 2357 5759 ἡμῶν,
2405 5688 2555 5750 ὅστις
2608 5688 2811 5750 ταύτας
2861 5691 3194 5762 ἁποκομίσει
3252 5694 3389 5762 πρὸς
3447 5694 3516 5748 τά
3567 5695 3741 5763 πέραν

2176 5783 2317 5854 μέρη
2355 5785 2452 5852 τῆς
2507 5782 2758 5851 Ἰταλίας,
2798 5784 2965 5854 ἤγουν
2992 5788 3295 5855 ἀπαγγελεῖ
3318 5786 3394 5856 τῷ
3418 5788 3618 5859 πάππα
3651 5787 3741 5841 καὶ
