3976 6386
233 402 323 467 237
548 434 549 437 η
1267 401 1350 462 ΙΝ
1389 402 1553 463 CAN.
1600 401 1731 462 LXI
1773 402 1981 465 CONC.
2017 400 2392 465 CARTHAG.

3361 396 3467 462 238

229 517 296 586 τῷ
333 513 667 570 Μεδιολάνων
692 514 790 586 τὴν
812 514 1062 585 ἀνάγκην
1096 516 1191 570 καὶ
1220 516 1316 570 τδν
1354 517 1516 571 πόνον
1547 517 1644 570 καὶ
1673 516 1772 584 τὴν

1945 530 1985 569 :o
2025 519 2136 572 haec
2159 518 2209 571 in
2237 516 2449 571 italiam
2487 514 2821 580 deferantur,
2856 531 2948 572 seu
2995 530 3146 588 βψω
3172 524 3226 571 et
3252 511 3464 570 Medo-

227 608 410 661 ῐνδειαν
440 605 621 677 ήμῶν,
656 607 738 660 ὅτι
767 611 1013 678 τοσαύτη
1071 608 1191 661 ἐστὶ
1259 608 1545 679 κληρικῶν
1575 609 1774 670 ἔνδεια,

1881 605 2182 663 lanensium
2210 608 2464 679 episco;:o
2508 618 2707 664 nostra:
2749 606 3114 675 dilIicultates,
3160 607 3315 662 labor
3345 606 3466 661 ino-

228 698 347 753 ὥστε
424 699 617 751 πολλαὶ
693 698 985 770 ἐκκλησίαι
1037 698 1148 751 οὐδ’
1201 698 1299 751 ἕνα
1365 697 1633 764 διάκονον,
1670 696 1777 750 κᾶν

1945 713 2079 767 aque
2111 699 2507 771 signiﬁcentur.
2540 699 2744 771 Nempe
2776 709 2977 756 lautam
3025 701 3169 770 apud
3204 713 3302 777 nos
3346 713 3465 755 esse

225 791 580 861 ἀγράμματον,
609 791 847 861 ἔχουσιν.
902 791 1030 844 Ἐὰν
1064 791 1123 843 δὲ
1150 789 1415 855 διάκονοι,
1452 791 1641 862 φησιν,
1677 789 1776 841 οὐκ

1885 789 2205 845 clericorum
2260 792 2612 863 paucitatem,
2656 802 2716 846 ut
2750 793 2936 847 multa:
2971 790 3218 848 ecclesia:
3245 805 3312 845 ne
3349 792 3468 846 dia-

227 884 438 954 εὒχερῶς
478 882 867 953 εὐρίσκωνται,
935 881 1263 955 σκοπητέον,
1311 883 1361 935 εί
1406 882 1456 934 οἱ
1510 879 1776 948 ἀνώτεροι

1947 895 2080 936 num
2118 882 2357 952 quidem,
2410 886 2490 937 vel
2538 881 2900 949 illitteratum,
2951 882 3208 938 habeant.
3239 881 3391 949 Quod
3417 881 3462 936 si

225 967 419 1038 βαθμοὶ,
479 969 649 1039 ἦγουν
708 971 1075 1041 ⁴πρεσϐύτεροι
1137 970 1233 1023 καὶ
1306 969 1619 1033 ἐπίσκοποι,
1684 969 1774 1021 εὑ.

225 1058 557 1129 ρεθήσονται*
593 1061 677 1114 ὅτι
746 1064 873 1125 τοὺς
918 1062 1157 1134 θρήνους
1194 1062 1318 1126 τοὺς
1373 1061 1777 1131 καθημερινοὺς

218 1149 310 1202 τῶν
331 1148 491 1214 λαῶν,
526 1151 638 1204 τῶν
672 1152 858 1222 σχεδὸν
903 1154 968 1205 ὲκ
1016 1154 1116 1223 τῆς
1171 1153 1350 1221 λύπης
1398 1152 1770 1222 θνησκόντων,

217 1242 267 1294 οὐ
296 1242 548 1312 φέρομεν.
586 1242 654 1296 Ἦ
697 1245 753 1297 δὲ
788 1243 934 1315 λύπη
981 1244 1213 1307 ἐκείνοις
1265 1240 1335 1314 ἦν
1395 1242 1481 1296 ὅτι
1538 1241 1766 1295 ἐπισκό-

216 1351 334 1397 πους
361 1334 454 1388 καὶ
499 1336 912 1408 πρεσϐυτέρους
971 1336 1072 1389 οὐκ
1110 1332 1280 1406 εἶχον,
1341 1331 1445 1400 οἷς,
1494 1334 1683 1406 φησιν,
1730 1336 1778 1387 εξ

219 1428 283 1495 μὴ
315 1424 675 1497 βοηθήσομεν,
711 1427 995 1500 βαρυτάτη
1034 1427 1262 1492 κόλασις
1290 1427 1574 1499 διεδέχεται
1625 1428 1774 1499 ἡμᾶς

215 1517 347 1587 παρὰ
378 1517 452 1588 τῷ
475 1516 597 1588 Θεῷ
628 1520 769 1589 ὑπὲρ
789 1519 899 1573 τῶν
924 1520 1315 1592 ἀπολλυμένων
1340 1519 1528 1592 ψυχῶν

781 1788 1023 1842 ΚΑΝΩΝ

1088 1787 1210 1843 ΞΝ.

220 1898 235 1931 ι
271 1880 419 1933 Ὥστε
445 1881 579 1943 τοὺς
615 1882 845 1952 μικροὺς
903 1882 1058 1953 παρᾶ
1124 1885 1236 1948 τοῖς
1277 1888 1629 1949 Δονατισταῐς
1672 1886 1771 1957 βα-
1814 1863 1852 1917 Β

278 1988 293 2019 ι
331 1971 713 2038 πτιζομένους,
751 1973 810 2023 ὲν
836 1974 900 2042 τῇ
933 1972 1198 2045 καθολικῇ
1242 1974 1541 2048 Ἐκκλησία
1588 1976 1780 2048 κληριο

277 2080 295 2113 ι
329 2062 452 2125 κους
475 2064 940 2133 χειροτονεῖσθαι.
975 2064 1085 2131 Διὸ,
1133 2066 1321 2138 must;
1348 2067 1406 2121 ἐν
1434 2070 1501 2140 τῇ
1526 2069 1777 2141 ἀνωτέρα

276 2173 292 2205 ι
323 2156 521 2224 συνόδῳ
544 2155 609 2208 τδ
638 2155 854 2225 ὁρισθὲν
884 2157 1159 2229 μέμνηται
1187 2158 1304 2229 ἅμα
1324 2160 1447 2231 ἐμοὶ
1473 2162 1507 2229 ἡ
1535 2162 1779 2232 ὑμετέρα

273 2264 289 2296 ι
323 2245 615 2316 ὁμοψυχία,
672 2246 815 2300 ὥστε
881 2250 1008 2312 τοὺς
1068 2252 1219 2320 παρὰ
1272 2254 1385 2315 τοῖς
1443 2253 1779 2317 δονατισταῖς

274 2354 291 2387 ι
327 2341 557 2410 μικροὺς
626 2338 1064 2411 βαπτιζομένους
1147 2343 1375 2413 μηδέπω
1450 2344 1779 2416 δυναμένους

274 2446 290 2479 ι
326 2430 621 2498 γινώσκειν
649 2432 749 2501 τῆς
784 2432 999 2504 πλάνης
1027 2433 1207 2488 αὐτῶν
1235 2436 1329 2489 τὸν
1353 2436 1601 2509 ὄλεθρον,
1637 2441 1779 2508 μετὰ

274 2540 291 2572 ι
322 2525 377 2575 τὸ
430 2524 629 2593 κεῖραν
678 2522 947 2594 λογισμοῦ
1018 2525 1281 2597 δεκτικὴν
1347 2530 1777 2600 παραγενέσθαι,

276 2632 293 2664 ι
326 2604 762 2684 ἐπιγνωσθείσης
815 2616 914 2685 τῆς
967 2616 1263 2688 ἀληθείας,
1303 2620 1402 2690 τὴν
1462 2621 1777 2693 φαυλότητα

276 2708 557 2761 «ἐκείνων
608 2707 1066 2780 βδελυττομένους
1115 2714 1254 2782 πρὸς
1318 2714 1418 2782 τὴν
1481 2714 1776 2786 καθολικὴν

277 2816 295 2849 ι
326 2800 414 2853 τοῦ
444 2798 589 2854 Θεοῦ
606 2799 957 2871 Ἐκκλησίαν,
985 2805 1087 2873 τὴν
1119 2804 1223 2857 ἀνὰ
1261 2806 1438 2859 πάντα
1461 2808 1553 2859 τδν
1573 2807 1777 2876 κόσμον

283 2908 301 2941 ι
334 2892 769 2966 διακεχυμένην,
800 2892 951 2957 τάξει
981 2894 1186 2964 ἀρχαία
1237 2893 1324 2948 διὰ
1357 2895 1455 2965 τῆς
1479 2896 1777 2962 ἐπιθέσεως

278 3002 293 3032 ι
326 2983 431 3037 τῶν
461 2984 675 3054 χειρῶν
697 2984 1084 3055 ἀναδεχθῆναι,
1110 2986 1237 3049 τοὺς
1282 2987 1560 3051 τοιούτους
1588 2990 1653 3044 ὲκ
1678 2990 1774 3043 τοῦ

273 3092 289 3124 ι
325 3076 417 3146 τῆς
441 3077 660 3145 πλάνης
713 3076 979 3145 ὀνόματος
1005 3078 1079 3149 μὴ
1114 3078 1353 3147 ὀφείλειν
1384 3068 1775 3151 ἐμποδίζεσθαι

275 3184 291 3216 ι
325 3167 397 3229 είς
422 3167 585 3232 τάξιν
613 3167 969 3237 κληρώσεωςν
1006 3169 1209 3222 ὁπόταν
1236 3168 1330 3242 τὴν
1356 3170 1618 3244 ἀληθινὴν
1651 3167 1776 3226 Ἐκ⁶
1807 3210 1851 3268 (ζ

276 3276 294 3308 ι
331 3259 562 3330 κλησίαν
637 3260 776 3315 ἰδίαν
827 3260 1010 3314 αὐτῶν
1074 3261 1388 3330 ἑλογίσαντο
1458 3265 1525 3335 τῇ
1596 3265 1776 3318 πίστει
1808 3252 1851 3268 υ

275 3366 291 3399 ι
332 3351 792 3421 προσερχόμενοι,
824 3351 921 3403 καὶ
942 3353 1001 3404 ἐν
1027 3352 1163 3422 αὐτῇ
1193 3352 1283 3423 -τῷν
1306 3353 1528 3424 Χριστῷ
1557 3355 1778 3408 πιστεύ-

273 3460 288 3493 ι
328 3459 515 3507 σαντες
553 3444 655 3513 τῆς
694 3443 924 3515 Τριάδος
967 3445 1035 3497 τὰ
1074 3445 1396 3513 άγιάσματα
1424 3446 1773 3511 ὑπεδέξαντο.

271 3550 288 3584 ι
326 3534 520 3591 ’Δτινα
556 3536 742 3589 πάντα
788 3536 963 3605 ἀληθῆ
994 3535 1090 3589 καὶ
1127 3536 1262 3604 am
1319 3538 1415 3590 καὶ
1475 3539 1594 3592 θεῖα
1632 3536 1773 3593 εἶναι

274 3642 290 3676 ι
326 3626 484 3696 δῆλόν
515 3632 662 3691 ἐστι,
720 3630 816 3681 καὶ
841 3630 899 3681 ὲν
923 3626 1135 3691 τούτοις
1164 3630 1346 3683 πᾶσαν
1380 3632 1481 3701 τὴν
1523 3632 1624 3702 τῆς
1661 3632 1775 3704 ou-

274 3736 290 3767 ι
325 3718 425 3787 χῆς
454 3719 653 3773 ἐλπίδα
683 3718 976 3790 ὑπάρχειν.
1006 3722 1128 3774 Κᾶν
1155 3723 1204 3774 εί
1257 3720 1328 3774 τὰ
1387 3723 1624 3790 μάλιστα
1682 3721 1776 3779 οὖν

273 3811 415 3862 «καὶ
455 3813 489 3878 ἡ
528 3809 644 3863 τῶν
696 3811 993 3882 αίρετικῶν
1045 3810 1427 3881 προληφθεῖσα
1476 3814 1651 3886 τόλμα
1699 3816 1776 3886 τῷ

273 3919 289 3951 ι
322 3901 549 3971 ὀνόματι
598 3903 699 3973 τῆς
736 3903 995 3974 ἀληθείας
1026 3906 1417 3978 ἐναντιούμενα
1443 3923 1566 3961 τινα
1596 3924 1777 3980 παρα-

273 4010 290 4046 ι
328 3995 529 4049 διδόναι
567 3998 993 4068 προπετεύεται,
1012 3999 1187 4053 ταῦτα
1219 4000 1407 4071 ἐπειδὴ
1432 4000 1581 4053 ἁπλᾶ
1603 4003 1772 4061 ἐστιν,

274 4105 290 4137 ι
323 4089 395 4152 ὡς
406 4089 653 4143 διδάσκει
674 4091 703 4142 ὁ
721 4088 877 4157 ἅγιος
894 4090 1236 4157 Ἀπόστολος,
1256 4092 1451 4161 λέγων,
1479 4090 1604 4158 «Εἷς
1620 4092 1774 4157 Θεὸς,

274 4197 290 4230 ι
337 4181 434 4250 μία
464 4182 676 4245 πίστις,
738 4180 799 4234 ἓν
857 4182 1212 4255 βάπτισμα.»
1276 4186 1384 4237 Καὶ
1438 4184 1497 4238 τὸ
1558 4185 1823 4255 ὀφεῖλον·

274 4288 292 4320 ι
331 4273 629 4346 προσάπαξ
655 4273 916 4339 δίδοσθαι,
947 4275 1397 4345 ὲπαναληφθῆναι
1416 4276 1515 4330 οὐκ
1542 4276 1775 4341 ἔξεστιν,

274 4380 290 4413 ι
327 4363 880 4434 ἀναθεματιζομένου
941 4363 1034 4417 τοῦ
1089 4368 1189 4439 τῆς
1248 4366 1459 4438 πλάνης
1512 4367 1777 4436 ὀνόματος

271 4455 402 4508 «διὰ
463 4456 569 4524 τῆς
629 4456 931 4519 ἐπιθέσεως
984 4458 1093 4510 τῶν
1149 4459 1351 4530 χειρῶν
1406 4458 1777 4531 ἁναδεχθῶσιν

275 4564 291 4596 ι
325 4548 522 4618 sui:th
553 4548 684 4619 μίαν
733 4549 1085 4619 Ἐκκλησίαν,
1117 4551 1255 4622 τὴν,τ
1277 4551 1351 4614 ὡς
1382 4551 1622 4621 εἴρηται,
1675 4569 1775 4606 πε·
1811 4557 1854 4614 D

282 4658 291 4688 I
329 4643 591 4714 ριστερὰν
622 4644 718 4696 καὶ
749 4643 918 4712 μόνην
944 4645 1157 4713 μητέρα
1184 4644 1294 4697 τῶν
1322 4644 1693 4715 Χριστιανῶν,
1722 4647 1779 4698 ὲν

276 4751 290 4780 ι
390 4736 575 4788 πάντα
603 4736 670 4789 τὰ
702 4734 1024 4804 ἁγιάσματα
1079 4735 1439 4807 σωτηριωδῶς
1460 4736 1656 4791 αίώνια
1684 4739 1781 4793 καὶ

274 4840 290 4870 ι
330 4824 543 4884 (sum
575 4824 1120 4895 παραλαμϐάνονται,
1155 4828 1315 4880 ἅτινα
1345 4828 1458 4891 τοῖς
1492 4828 1783 4898 ἑπιμένουζ

274 4932 289 4965 ι
327 4933 409 4969 σιν
459 4918 520 4969 ὲν
552 4920 616 4988 τῇ
653 4916 865 4986 αἱρέσει
902 4918 1149 4987 μεγάλην
1201 4918 1299 4987 τῆς
1332 4919 1634 4991 καταδίκης
1687 4921 1784 4992 τὴν

274 5023 290 5055 ι
320 5009 599 5079 τιμωρίαν
634 5009 973 5080 πορίζουσιν,
996 5012 1082 5063 ἵνα
1109 5011 1250 5082 ὅπερ
1280 5008 1349 5082 ἦν
1396 5012 1584 5075 αὐτοῖς
1616 5014 1687 5066 ἂν·
1713 5016 1779 5084 τῇ

274 5115 290 5147 I
328 5101 563 5172 ἀληθεία
594 5102 731 5171 πρὸς
769 5102 872 5173 τὴν
916 5102 1136 5157 αἰώνιον
1181 5104 1328 5175 ζωὴν
1384 5106 1780 5178 ἀκολουθητέον

274 5206 289 5236 ι
328 5192 766 5264 φωτεινοτὲρως,
832 5192 997 5246 τοῦτο
1049 5194 1278 5264 γένηται
1341 5196 1537 5260 αὐταῖς
1588 5198 1648 5249 ὲν
1705 5200 1773 5269 τῇ

278 5300 294 5330 σ
334 5282 515 5355 πλάνῃ
554 5285 961 5357 σκοτεινότερον
1000 5288 1094 5340 καὶ
1121 5290 1283 5341 πλέον
1311 5289 1784 5362 καταδεδικασμέ-

276 5392 293 5424 ι
326 5392 438 5428 νον.
466 5377 653 5447 Ὅπερ
680 5377 826 5439 τινὲς
889 5377 1112 5448 ἔφυγον,
1164 5381 1261 5433 καλ⁵
1308 5380 1408 5451 τῆς
1452 5381 1778 5452 Ἔκκλησίας

278 5484 294 5514 ι
334 5468 432 5536 τῆς
450 5467 747 5540 καθολικῆς
772 5470 979 5542 μητρὸς
994 5472 1062 5525 τὰ
1087 5471 1356 5526 εύθύτατα
1375 5475 1778 5542 ἐπεγνωκότες.

277 5576 293 5609 ι
326 5564 506 5613 πάντα
537 5563 724 5615 ἐκεῖνα
757 5565 828 5615 τὰ
875 5562 1011 5631 em
1060 5564 1341 5634 μυστήρια
1410 5566 1620 5635 φίλτρῳ
1681 5566 1779 5638 τῆς

275 5648 592 5713 «directa;
645 5651 976 5707 δπίστευσαν
1054 5651 1153 5705 καὶ
1233 5652 1583 5719 ὑπεδέξαντο.
1653 5653 1781 5717 Τοῖς

310 5844 352 5873 ⁵³
383 5842 594 5913 Ephes.
630 5860 701 5900 tv.
738 5847 792 5902 5.

1886 969 2153 1037 diaconis,
2189 971 2388 1041 inquit,
2410 971 2751 1026 inveniendis
2793 985 2966 1041 usque
2999 971 3135 1025 adeo
3163 968 3465 1029 laboratur.

1891 1060 2020 1128 quid
2050 1060 2117 1114 de
2158 1061 2527 1129 superioribus
2555 1060 2860 1125 ordinibus,
2901 1060 3273 1115 sacerdotibus
3307 1060 3467 1112 nimi-

1881 1166 1999 1204 rum
2020 1158 2074 1205 et
2099 1152 2368 1221 episcopis
2388 1152 2625 1205 futurum
2650 1153 2741 1216 sit,
2766 1149 3111 1222 cogitandum
3134 1167 3149 1217 ;
3178 1164 3356 1220 neque
3376 1164 3471 1203 ve-

1881 1257 1944 1297 ro
1974 1243 2320 1311 quotidianas
2339 1243 2658 1314 p0pulorum
2685 1243 3077 1315 querimonias,
3103 1241 3289 1297 dolore
3328 1254 3469 1311 pene

1884 1336 2315 1401 tabescentium,
2376 1336 2517 1403 quod
2572 1336 2950 1403 episcoporum
3007 1341 3063 1388 et
3117 1334 3465 1389 sacerdotum

1882 1427 2200 1482 ministeriis
2241 1426 2484 1481 destituti
2526 1425 2657 1490 sint,
2717 1426 2919 1481 diutius
2968 1441 2997 1479 a
3051 1425 3205 1480 nobis
3234 1424 3465 1495 perferri

1882 1531 2061 1589 posse.
2088 1520 2234 1586 Quos
2265 1518 2507 1589 quidem,
2540 1519 2737 1589 inquit,
2774 1518 2878 1573 nisi
2915 1519 3175 1589 adjuvare
3206 1521 3465 1584 nitamur,

1883 1608 2238 1664 acerbissima
2302 1609 2590 1679 supplicia,
2639 1611 2707 1664 ob
2757 1610 3060 1664 animarum
3122 1610 3466 1681 pereuntium

1881 1700 2173 1770 iacturam,
2206 1714 2305 1756 nos
2336 1714 2365 1754 a
2402 1701 2510 1755 Deo
2551 1716 2773 1756 manere
2799 1700 3092 1777 putandum
3126 1709 3230 1757 est.

2472 1792 2702 1849 CANON
2738 1791 2870 1848 ωιι.
2960 1784 2963 1797 ᾖ

1891 1904 1907 1936 ι
1945 1879 2013 1940 Ut
2034 1885 2269 1953 parvuli,
2290 1885 2437 1955 quia
2476 1884 2774 1941 Donatistis
2796 1885 3167 1958 baptizantur,
3197 1888 3250 1942 in
3280 1887 3471 1943 catho-

1960 1996 1979 2028 ι
2013 1977 2116 2033 lica
2131 1976 2374 2033 Ecclesia
2388 1976 2571 2033 clerici
2591 1977 2933 2031 ordinentur.
2957 1977 3191 2033 Proinde
3209 1980 3471 2047 quoniam

1960 2087 1980 2120 ι
2017 2070 2070 2124 in
2096 2071 2379 2139 superiore
2410 2069 2616 2141 synodo
2652 2068 2928 2126 decretum
2959 2086 3080 2126 esse
3112 2085 3219 2125 una
3252 2085 3468 2126 mecum

1963 2181 1980 2213 ι
2011 2170 2191 2217 vestra
2221 2161 2469 2217 meminit
2495 2161 2808 2218 concordia.
2836 2171 2895 2217 ut
2923 2163 3155 2232 parvuli,
3184 2163 3274 2234 qui
3298 2178 3330 2218 a
3359 2162 3470 2218 Do-

1962 2273 1981 2304 ι
2025 2253 2237 2309 natistis
2265 2254 2629 2324 baptizantur.
2659 2254 2871 2308 erroris
2899 2257 2983 2310 sui
3030 2255 3329 2325 perniciem
3370 2270 3470 2312 co-

1961 2364 1979 2395 ‹
2021 2359 2284 2416 gnoscere
2336 2359 2445 2399 non
2491 2345 2755 2410 valentes.
2788 2355 3076 2416 postquam
3126 2347 3194 2402 ad
3244 2355 3466 2405 aetatem

1960 2454 1979 2488 ι
2020 2437 2250 2492 rationis
2290 2451 2545 2507 capacem
2587 2438 2955 2508 pervenerint,
3003 2438 3186 2509 agnita
3214 2440 3466 2506 veritate,

1970 2531 2232 2585 «illorum
2272 2528 2680 2601 improbitatem
2719 2529 3076 2586 abhorrentes
3104 2529 3157 2585 in
3191 2531 3472 2587 anniversa-

1960 2637 1977 2668 ι
2018 2619 2122 2673 lem
2161 2616 2257 2672 Dei
2301 2618 2620 2683 Ecclestam,
2664 2626 2784 2689 qua:
2810 2636 2907 2689 per
2946 2605 3262 2676 universum
3307 2620 3477 2677 mnu;

1960 2727 1978 2759 ι
2025 2708 2151 2761 dum
2188 2706 2388 2764 dill‘usa
2425 2719 2530 2776 est,
2564 2712 2789 2780 antiquo
2819 2709 3029 2774 ordine,
3069 2726 3167 2780 per
3210 2728 3468 2771 manuum

1957 2817 1976 2850 ‹
2007 2798 2409 2870 impositionem
2443 2801 2795 2869 recipiantur,
2821 2800 3110 2871 quominus
3153 2801 3469 2872 huiusmodi

1956 2910 1975 2942 ι
2023 2892 2077 2946 in
2100 2891 2395 2956 clericatus
2414 2891 2663 2946 ordinem
2715 2892 3086 2963 provehantur
3135 2891 3340 2948 erroris
3366 2907 3469 2946 no-

1959 3002 1978 3034 ι
2018 2984 2163 3038 mine
2188 2982 2440 3053 impediri
2469 2997 2577 3037 non
2611 2981 2855 3040 debent:
2888 2983 3108 3053 quando
3138 2998 3319 3039 veram
3363 2980 3467 3040 Ec-

1958 3096 1976 3131 ι
2011 3080 2233 3135 ριεεὶαιη
2280 3094 2436 3135 suam
2469 3079 2744 3150 propriam
2779 3078 3169 3135 existimarunt
3202 3079 3268 3134 ad
3306 3078 3468 3134 ﬁdem

1962 3189 1979 3221 ‹
2024 3171 2364 3235 accedentes,
2393 3180 2449 3226 et
2483 3171 2536 3225 in
2565 3170 2678 3241 ipsa
2710 3169 2935 3226 Christo
2968 3171 3259 3225 credentes
3284 3168 3471 3225 Trini-

1959 3282 1975 3313 ι
2004 3264 2138 3319 tatis
2167 3272 2508 3319 sacramenta
2554 3271 2932 3332 susceperunt.
2957 3261 3088 3329 Quae
3111 3261 3328 3334 quidem
3350 3277 3469 3317 om-

1966 3376 1984 3407 ‹
2025 3357 2113 3412 uia
2142 3371 2269 3412 vera
2299 3362 2354 3411 et
2387 3367 2581 3410 sancta
2608 3361 2662 3411 et
2688 3355 2868 3410 divina
2897 3368 3018 3412 esse
3048 3354 3254 3409 clarum
3280 3363 3386 3422 est,
3409 3366 3467 3410 et

1975 3467 1994 3499 ε
2041 3449 2094 3502 in
2145 3447 2213 3501 iis
2254 3461 2471 3502 onmem
2523 3462 2675 3517 spem
2715 3447 2911 3501 animae
2947 3461 3069 3502 esse
3115 3447 3300 3503 sitam.
3338 3446 3467 3503 Etsi

1959 3558 1977 3590 ι
2017 3541 2253 3596 maxime
2281 3555 2411 3613 ergo
2443 3541 2608 3596 etiam
2635 3540 3011 3596 hmreticorum
3035 3541 3349 3610 praecedens
3374 3556 3467 3594 au-

1960 3653 1977 3684 ‹
2016 3632 2168 3687 dacia
2202 3633 2268 3688 ad
2298 3634 2545 3703 quaedam
2577 3634 2855 3689 c0ntraria
2893 3635 2994 3689 sub
3023 3635 3245 3689 nomine
3270 3634 3472 3689 verita-

1958 3744 1975 3776 ‹
2020 3726 2089 3780 tis
2132 3723 2393 3779 tradenda
2442 3732 2693 3795 prompta
2745 3725 2854 3790 sit;
2914 3738 2979 3779 ea
3027 3725 3289 3793 quoniam
3342 3736 3471 3780 sunt

1959 3837 1977 3868 ι
2016 3816 2305 3886 simplicia,
2344 3824 2404 3870 ut
2442 3816 2606 3871 docet
2645 3827 2869 3872 sanctus
2913 3816 3206 3886 Apostolus
3235 3802 3469 3872 dicens:

1959 3928 1977 3961 ι
2016 3908 2171 3964 Unus
2207 3906 2369 3973 Deus,
2413 3922 2523 3962 una
2575 3906 2729 3972 lides,
2771 3920 2935 3961 unum
2975 3908 3245 3977 baptisma
3281 3925 3298 3974 ;
3354 3927 3374 3961 ι
3415 3920 3473 3964 et

1961 4020 1978 4051 ι
2013 4001 2156 4070 quod
2188 4000 2349 4055 debet
2375 3998 2542 4055 semel
2573 3998 2711 4065 dari,
2741 4014 2848 4072 non
2887 3998 3016 4055 licet
3052 4014 3242 4055 rursus
3265 4000 3467 4069 recipi;

1959 4111 1975 4142 ι
2020 4089 2479 4145 anathematizato
2517 4091 2722 4146 erroris
2754 4090 2995 4157 nomino,
3027 4103 3125 4160 per
3148 4106 3340 4147 manus
3366 4094 3472 4146 in.-

1963 4204 1980 4236 ι
2012 4182 2342 4256 positionem
2367 4185 2418 4240 in
2448 4198 2610 4239 unam
2643 4183 2787 4239 illam
2822 4182 3119 4240 Ecclesiam
3155 4183 3470 4254 suscipian-

1959 4296 1976 4330 ι
2012 4289 2118 4343 tur,
2138 4292 2279 4347 quae,
2326 4276 2609 4332 utdictum
2636 4285 2747 4341 est,
2775 4274 3027 4331 columba
3062 4284 3116 4331 et
3139 4276 3253 4331 sola
3299 4288 3472 4331 mater

1960 4390 1977 4422 ι
2019 4371 2476 4436 Christianorum,
2511 4372 2562 4425 in
2582 4385 2686 4439 qua
2729 4370 2911 4424 omnia
2956 4378 3301 4424 sacramenta
3326 4369 3473 4423 salu-

1963 4481 1980 4512 ι
2017 4463 2205 4517 tariter
2234 4471 2436 4516 aeterna
2459 4470 2515 4515 ct
2542 4460 2755 4515 vivilica
2786 4459 3165 4531 accipiuntur,
3206 4474 3325 4530 qua:
3349 4460 3472 4529 qui-

1960 4573 1979 4607 ‹
2023 4556 2144 4610 dem
2172 4538 2260 4618 iis,
2292 4553 2388 4624 qui
2430 4552 2726 4609 manentia
2774 4553 2993 4620 haeresi,
3021 4567 3270 4624 magnam
3320 4567 3472 4623 prae-

1961 4664 1978 4697 ›
2016 4647 2146 4701 heut
2218 4645 2689 4701 condemnationis
2740 4659 2996 4714 pmnam,
3051 4653 3110 4698 ut
3150 4643 3294 4714 quod
3350 4653 3469 4698 erat

1958 4757 1976 4791 ι
2017 4738 2152 4807 ipsis
2189 4737 2242 4791 in
2291 4738 2519 4791 veritate
2564 4736 2628 4791 ad
2656 4739 2819 4791 vitam
2857 4744 3116 4792 aeternam
3152 4734 3352 4790 clarius
3378 4748 3470 4789 se-

1958 4852 1973 4883 ‹
2018 4830 2316 4902 quendam,
2346 4829 2449 4885 hoc
2486 4830 2555 4883 sit
2577 4831 2657 4884 eis
2691 4830 2743 4883 iu
2776 4843 2965 4883 errore
2991 4827 3387 4895 tenebricosius
3416 4837 3472 4883 et

1961 4941 1977 4972 ι
2019 4921 2191 4991 magis
2225 4921 2667 4974 condemnatum.
2698 4918 2829 4983 Qute
2859 4918 3076 4987 quidem
3121 4916 3359 4971 nonnulli
3395 4918 3471 4970 vi-

1968 5034 1985 5067 ι
2033 5022 2238 5078 taruut,
2262 5023 2318 5068 et
2344 5012 2600 5068 Ecclesia:
2624 5010 2907 5065 catholica:
2935 5010 3125 5066 matris
3153 5010 3333 5079 agnita
3379 5025 3475 5065 ve-

1965 5127 1981 5158 ι
2023 5108 2203 5173 ritate,
2243 5106 2423 5161 omnia
2473 5104 2563 5158 illa
2609 5111 2794 5157 sancta
2853 5102 3112 5175 mysteria
3163 5117 3193 5155 a
3244 5101 3474 5169 veritate
3514 5158 3519 5171 ,

1964 5218 1982 5249 ο
2020 5199 2184 5254 illecti
2228 5198 2580 5254 crediderunt
2620 5206 2674 5250 et
2719 5205 3103 5265 susceperunt.
3154 5194 3227 5250 lis
3261 5198 3476 5267 quantln

1967 5310 1986 5342 ι
2039 5292 2194 5347 bonas
2240 5292 2365 5347 vitae
2402 5289 2650 5360 probatio
2698 5287 3015 5352 accesserit,
3059 5286 3166 5342 non
3213 5288 3376 5342 dubie
3406 5297 3475 5341 ἐι

1957 5404 1984 5436 ι(
2029 5385 2241 5456 integre
2283 5369 2840 5445 adsacrameutorum
2875 5380 3233 5435 ministerium
3286 5378 3479 5434 conﬁr-

1968 5497 1985 5528 ‹
2019 5483 2312 5531 ιιιευυιιιιη
2332 5493 2346 5531 ι
2370 5487 2423 5531 et
2454 5473 2763 5530 maximein
2792 5482 2939 5529 tanta
2963 5487 3144 5527 rerum
3178 5468 3477 5543 necessita-

1970 5588 1986 5621 ι
2038 5581 2087 5624 te
2114 5584 2272 5624 nemo
2295 5578 2376 5625 est
2405 5569 2495 5641 qui
2528 5569 2631 5623 hoc
2658 5584 2764 5622 non
2792 5564 3075 5621 concedat.
3109 5560 3272 5635 595
3298 5560 3353 5643 Si
3378 5563 3473 5629 qui
3500 5566 3505 5571 ’

1973 5681 1991 5713 ι
2034 5674 2209 5718 autem
2240 5662 2397 5732 lmjus
2442 5660 2709 5731 dogmatis
2741 5658 2922 5714 clerici
2961 5669 3084 5713 cum
3134 5651 3481 5742 multitudine
