3976 6396
483 253 593 318 243

478 622 494 631 .
549 561 761 619 Pietate
788 567 1131 635 praevalente,
1158 585 1187 625 e
1223 568 1588 625 fundamentis
1605 571 1716 627 suis
1734 572 2056 629 eradicanda

436 638 461 669 ¹’
480 659 606 706 sunt
639 652 907 710 idolorum
938 654 1085 723 fana,
1112 667 1165 712 et
1199 660 1358 714 nullae
1403 663 1625 715 omnino
1675 663 1876 718 erroris
1928 665 2060 721 isto-

481 758 603 797 rum
636 744 886 817 reliquiae
909 759 1323 807 conserventur.

1042 841 1273 896 CANON
1317 842 1475 901 LXII.

488 947 506 981 ι
549 927 616 984 Ut
641 931 825 987 clerici
852 948 949 1001 pro
978 934 1199 1004 proprio
1228 938 1467 1005 ipsorum
1496 935 1697 1005 judicio
1721 954 1829 993 nun
1858 954 2058 1010 cogan-

552 1040 570 1071 ι
609 1030 698 1075 tur
730 1022 940 1092 publice
979 1025 1348 1079 testimonium
1395 1027 1596 1082 dicere.
1647 1026 1913 1082 Praeterea
1962 1044 2059 1099 pe-

560 1129 578 1161 ι
620 1113 837 1167 tendum
874 1122 975 1177 est,
1013 1124 1071 1167 ut
1114 1125 1358 1170 statuere
1407 1116 1736 1185 dignentur,
1778 1128 1832 1171 ut
1881 1120 1925 1175 si
1965 1120 2057 1188 qui

558 1224 575 1254 ι
621 1204 671 1257 in
707 1203 947 1260 Ecclesia
980 1208 1227 1275 quamvis
1259 1223 1479 1263 causam
1505 1251 1519 1269 .
1553 1192 1687 1274 jure
1724 1211 2018 1279 apostolico
2041 1252 2055 1275 ,

564 1316 581 1346 ι
617 1297 759 1365 quod
792 1297 845 1350 in
878 1297 1124 1351 ecclesiis
1156 1298 1318 1352 situm
1359 1309 1463 1367 est,
1501 1301 1707 1371 agitare
1746 1300 2015 1353 vulnerint
2040 1337 2055 1362 ,

557 1406 573 1437 ι
607 1400 661 1441 et
689 1388 1007 1442 clericorum
1064 1389 1269 1445 decisio
1295 1391 1385 1443 uni
1412 1392 1550 1446 torte
1596 1394 1735 1461 parti
1768 1392 2059 1462 displicue-

552 1495 570 1529 ι
611 1478 702 1543 rit,
732 1494 836 1533 non
870 1478 1030 1534 licere
1060 1479 1113 1532 in
1136 1479 1399 1546 judicium
1456 1481 1523 1535 ad
1578 1482 1941 1537 testimonium
1972 1482 2056 1536 di-

554 1587 573 1620 ι
614 1568 842 1623 cendum
876 1584 1079 1623 vocare
1107 1570 1369 1624 clericum
1412 1570 1561 1625 illum
1588 1611 1602 1635 ,
1631 1571 1723 1639 qui
1757 1572 1904 1639 prius
1943 1588 2055 1627 rem

551 1678 571 1712 ι
611 1662 779 1729 ipsam
806 1661 1172 1725 examinavit,
1212 1661 1295 1716 vel
1324 1662 1706 1717 examinationi
1752 1662 2002 1718 interfuit
2038 1680 2052 1716 :

446 324 459 333 ί,
483 264 593 351 Σέξδ
1532 324 1537 327 _
1746 264 2024 325 THEOD.
2058 264 2462 329 BALSAMON

440 440 447 447 .
482 367 717 459 μηιετ.
754 385 773 423 ι
808 366 1079 425 ldolorum
1114 370 1353 443 reliquize
1401 370 1613 445 penitus
1660 376 1994 433 aboleantur.
2031 396 2044 431 ι

2164 380 2382 438 ΑΡΙΣΤ.
2442 400 2461 435 ‹
2496 382 2577 437 Τά
2619 386 3114 460 ἐγκαταλείμματα
3136 391 3247 448 τῶν
3274 392 3510 450 εἰδώλων
3540 396 3728 454 τέλεον

3628 281 3732 346 2H

2658 496 2678 530 ‹
2714 480 3186 548 ἀφανιζέσθωσαν.
3218 504 3238 538 ι

2244 565 2357 636 Τῆς
2389 567 2672 634 εὐσεϐείας
2701 571 3125 647 ἐπικρατούσης,
3157 578 3221 631 ἐκ
3262 578 3530 649 θεμελίων
3553 580 3728 634 αὐτῶν

2162 660 2488 729 ἐκριζωτέον
2527 664 2594 717 τα
2627 665 2734 717 τῶν
2772 667 3005 722 εἰδώλων
3030 669 3236 741 τεμένη
3265 686 3281 702 ⁶
3314 671 3408 726 καὶ
3465 674 3636 743 μηδέν
3679 692 3730 729 τι

2160 753 2259 821 τῆς
2284 751 2491 825 πλάνης
2518 755 2698 808 αὐτῶν
2724 758 3142 828 ἐγκατάλειμμα
3174 762 3590 830 περισωζέσθω.

2732 848 2971 902 ΚΑΝΩΝ
3013 847 3133 905 EB’.

2167 954 2183 985 ι
2227 934 2360 1006 Περὶ
2393 935 2488 989 τοῦ
2530 938 2660 1001 τοὺς
2713 938 3013 1011 κληρικοὺς
3037 943 3201 1013 χάριν
3238 943 3585 1009 διαγνώσεως
3634 949 3729 1019 τῆς

2239 1043 2256 1073 ι
2292 1027 2497 1090 οἰκείας
2527 1027 2707 1082 αὐτῶν
2739 1030 2975 1101 κρίσεως
3002 1030 3078 1102 μὴ
3129 1034 3538 1102 ἀναγκάζεσθαι
3567 1038 3729 1107 δημο-

2237 1135 2255 1168 ι
2298 1117 2427 1180 σίως
2470 1121 2794 1193 μαρτυρεῖν.
2827 1124 2921 1174 Δεῖ
2948 1124 3171 1195 αἰτῆσαι
3200 1125 3283 1180 ἔτι
3311 1127 3439 1197 μὴν,
3479 1128 3565 1181 ἵνα
3616 1131 3729 1199 ὁρί-

2238 1229 2254 1259 ι
2299 1227 2387 1262 σαι
2406 1212 2838 1278 καταξιώσωσιν,
2867 1214 3030 1281 ὥστε,
3059 1219 3154 1271 ἐάν
3181 1235 3324 1281 τινες
3354 1220 3412 1271 ὲν
3429 1219 3729 1293 Ἐκκλησία

2238 1318 2256 1350 ι
2294 1301 2618 1371 οἱανδήποτε
2649 1304 2825 1360 αἰτίαν
2859 1308 3203 1379 ἀποστολικῷ
3254 1312 3469 1381 δικαίῳ,
3502 1312 3581 1381 τῷ
3613 1316 3731 1376 ταῖς

2237 1412 2254 1442 ι
2296 1391 2616 1463 ἐκκλησίαις
2672 1396 3025 1469 ἐπικειμένῳ.
3094 1400 3374 1469 γυμνάσαι
3437 1401 3732 1471 θελήσωσι⁹

2238 1504 2253 1535 ι
2297 1485 2390 1538 καὶ
2433 1487 2562 1550 ἴσως
2592 1489 2790 1559 ή.τομὴ
2818 1490 2926 1543 τῶν
2965 1490 3243 1561 κληρικῶν
3302 1492 3382 1558 τῷ
3435 1492 3515 1545 ἐνὶ
3571 1496 3731 1564 μέρει

2238 1598 2255 1627 ι
2297 1579 2590 1648 ἀπαρὲσοι,
2652 1582 2726 1650 μὴ
2789 1580 2990 1646 ἐξεῖναι
3040 1581 3177 1652 πρὸς
3245 1584 3596 1655 δικαστήριον
3649 1588 3730 1650 εἰς

2239 1688 2257 1719 ι
2308 1672 2616 1739 μαρτυρίαν
2644 1673 3069 1743 προσκαλεῖσθαι
3098 1674 3191 1729 τὸν
3220 1675 3479 1747 κληρικὸν
3500 1678 3727 1743 ἐκεῖνον,

550 1769 569 1801 ι
613 1752 800 1819 utnec
824 1754 944 1819 quis
961 1750 1027 1805 ad
1055 1766 1336 1820 personam
1366 1752 1784 1807 ecclesiasticam
1814 1755 2044 1810 attinens

2228 1779 2245 1811 ι
2286 1760 2377 1813 τον
2410 1762 2672 1831 πρότερον
2699 1762 2759 1815 τὸ
2805 1762 2937 1817 αὐτὸ
2998 1765 3235 1835 πρᾶγμα
3287 1764 3638 1836 σκοπήσαντα
3698 1768 3729 1837 ἢ

551 1858 573 1894 ι
616 1836 669 1898 in
691 1838 781 1911 jus
817 1851 1054 1899 vocetur.
1093 1853 1149 1899 ut
1193 1842 1328 1898 [erat
1360 1844 1748 1901 testimonium.
1781 1866 1798 1899 ο

548 2110 745 2195 BALS,
773 2132 1002 2200 Quidam
1033 2133 1237 2199 clerici,
1287 2149 1406 2189 cum
1448 2149 1666 2190 causam
1715 2133 2043 2190 ecclesiasti-

476 2239 596 2279 cam
624 2225 747 2292 jure
773 2225 1070 2293 apostolico
1094 2227 1350 2295 egissent,
1384 2226 1485 2281 hoc
1512 2235 1613 2291 est,
1647 2224 1791 2279 dicto
1836 2234 2048 2293 aposto-

474 2316 580 2371 lico
612 2326 1028 2384 consequenter,
1061 2318 1203 2386 quod
1228 2318 1357 2372 dicit
1391 2337 1404 2373 :
1438 2318 1605 2371 Audet
1640 2318 1756 2387 quis
1798 2326 2045 2383 vestrum,

473 2407 670 2463 habens
732 2410 1017 2477 negotium,
1080 2410 1174 2463 sub
1223 2410 1418 2479 iniquis
1456 2411 1663 2481 judicio
1720 2411 2044 2477 contendere,

471 2508 524 2553 et
549 2517 651 2553 non
691 2502 784 2554 sub
810 2502 1007 2554 sanctis
1030 2502 1054 2554 ?
1075 2501 1152 2556 vel
1182 2488 1367 2567 etiam,
1394 2517 1514 2556 cum
1544 2502 1597 2555 in
1625 2501 2045 2557 ecclesiasticum

471 2590 738 2659 judicium
770 2590 1110 2655 incidissent,
1143 2606 1171 2643 a
1206 2599 1359 2660 parte
1388 2590 1472 2645 cui
1509 2590 1845 2660 displicebat,
1880 2606 1945 2665 ex
1977 2590 2045 2645 iis

470 2683 563 2751 qui
586 2683 981 2750 judicaverant,
1001 2684 1068 2737 ad
1093 2683 1330 2752 judicem
1357 2683 1730 2753 appellationis
1751 2683 2043 2739 testimonii

470 2771 678 2825 ferendi
703 2773 873 2840 gratia
896 2773 1270 2827 trahebantur.
1300 2769 1480 2827 Visum
1510 2784 1592 2828 est
1615 2788 1743 2843 ergo
1769 2772 2041 2838 Patribus,

471 2862 536 2914 ile
562 2861 627 2915 iis
660 2863 725 2916 ad
754 2863 1106 2931 imperatores
1145 2862 1388 2930 referre,
1438 2874 1495 2917 ut
1548 2864 1648 2934 ipsi
1705 2873 2041 2929 statuerent,

468 2953 604 3008 nihil
631 2968 749 3009 esse
770 2954 1037 3025 ejusmodi
1070 2958 1121 3009 in
1158 2965 1428 3023 posterum
1462 2955 1788 3021 faciendum,
1815 2957 1908 3011 sed
1944 2971 2043 3011 nec

468 3061 591 3099 eum
622 3086 637 3110 ,
670 3046 759 3114 qui
807 3061 1007 3115 genere
1035 3047 1118 3103 vel
1143 3047 1322 3117 aliquo
1373 3048 1477 3103 alio
1509 3049 1668 3103 modo
1693 3048 1759 3103 ad
1804 3048 2039 3115 aliquem

2230 1874 2247 1905 ι
2285 1854 2380 1907 καὶ
2408 1855 2771 1926 σκοπουμένῳ
2813 1857 3197 1926 παρατυχόντα
3218 1872 3233 1887 ο
3267 1857 3355 1910 ἵνα
3388 1857 3522 1927 μηδὲ
3560 1876 3732 1929 προσ.

2229 1967 2245 1998 ‹
2286 1946 2421 2017 ὠπῳ
2459 1964 2541 2010 τις
2568 1947 3012 2018 ἐκκλησιαστικῷ
3044 1949 3340 2018 προσήκων
3364 1948 3566 2021 ὲναχθῇ
3600 1951 3732 2021 περὶ

2226 2057 2243 2089 ι
2282 2039 2376 2091 τοῦ
2407 2038 2646 2106 ὀφείλειν
2671 2041 2992 2109 μαρτυρεῖν.
3025 2057 3045 2091 s

2217 2128 2417 2183 ΒΛΛΣ.
2448 2127 2604 2192 Τινὲς
2632 2128 2884 2198 κληρικοὶ
2905 2129 3224 2194 δικάσαντες
3254 2131 3732 2204 ὑπόθεσινὲκκλη-

2152 2218 2436 2290 σιαστικὴν
2474 2220 2819 2291 ἀποστολικῷ
2848 2220 3063 2291 δικαίῳ,
3114 2222 3393 2275 τουτέστιν
3441 2223 3730 2294 ἀκολούθῳ

2146 2313 2225 2384 τῷ
2259 2312 2600 2386 ἀποστολικῷ
2654 2313 2823 2385 ῥητῷ,
2894 2312 3324 2389 τῷςφάσκοντυ
3369 2316 3564 2386 Τολμᾷ
3631 2334 3730 2383 τις

2146 2405 2314 2474 ὑμῶν
2344 2403 2579 2474 πρᾶγμα
2607 2406 2763 2472 ἔχων
2803 2406 3109 2473 κρίνεσθαι
3163 2406 3261 2460 ἐπὶ
3308 2407 3427 2462 τῶν
3475 2408 3729 2473 ἀδίκων,

2147 2499 2244 2552 καὶ
2276 2498 2411 2566 οὐχὶ
2463 2497 2562 2550 ἐπὶ
2620 2496 2739 2551 τῶν
2806 2498 3032 2567 ἁγίων;
3084 2499 3118 2569 ἢ
3167 2494 3258 2553 καὶ
3316 2500 3732 2568 παρατυχόντες

2146 2588 2241 2642 ἐπὶ
2266 2588 2927 2660 κρίσειὲκκλησιαστικῇ,
2981 2588 3223 2643 εῖλκοντο
3266 2591 3417 2659 παρά
3459 2588 3551 2642 τοῦ
3611 2590 3731 2642 ἀπ·

2145 2680 2520 2751 αρεσκομένου
2552 2680 2749 2751 μέρους
2787 2682 2851 2733 ἐκ
2912 2679 3021 2734 τῶν
3067 2680 3446 2750 δικασαμένων
3496 2682 3577 2744 είς
3627 2680 3732 2734 τὸν

2144 2769 2506 2840 ὲκκλητάριον
2535 2770 2799 2844 δικαστὴν
2826 2772 2985 2841 χάριν
3018 2772 3346 2842 μαρτυρίας.
3379 2772 3596 2835 Ἔδοξεν
3625 2767 3731 2825 οὖν

2145 2862 2255 2922 τοῖς
2281 2862 2581 2933 Πατράσιν,
2612 2862 2698 2914 ἵνα
2730 2862 2800 2915 τὰ
2834 2862 2966 2934 περὶ
2995 2863 3188 2916 τούτου
3220 2863 3552 2928 ἀνενέγκωσι
3608 2865 3734 2926 τοῖς

2146 2951 2482 3021 βασιλεῦσιν,
2523 2951 2608 3023 ἐφ’
2634 2944 2679 3022 ᾧ
2704 2955 2885 3024 ὁρίσαι
2926 2954 3123 3016 αὐτοὺς
3151 2954 3319 3025 μηδέν
3374 2972 3426 3007 τι
3478 2952 3729 3007 τοιοῦτον

2146 3043 2401 3111 γενέσθαι
2425 3045 2557 3099 ποτέ
2584 3063 2599 3077 ·
2635 3045 2767 3100 ἀλλά
2803 3045 2938 3117 μηδέ
2991 3063 3115 3099 τινα
3177 3046 3529 3115 προσήκοντα
3577 3046 3726 3100 κατά

469 3134 899 3191 ecclesiasticum
934 3138 1153 3203 attinet,
1190 3139 1242 3192 in
1278 3140 1642 3196 testimonium
1675 3154 1795 3194 esse
1822 3140 2040 3194 trahen-

2164 3137 2299 3203 γένος
2341 3137 2374 3209 ἢ
2400 3138 2575 3202 ἄλλως
2601 3156 2715 3202 πως
2741 3138 3186 3209 ἐκκλησιαστικῴ
3219 3155 3326 3191 τινι
3352 3136 3607 3190 ἕλκεσθαι
3641 3139 3724 3199 είς

469 3228 619 3284 dum.
646 3228 723 3282 Ac
750 3227 803 3282 in
836 3229 919 3284 his
944 3230 1158 3300 quidem
1194 3231 1445 3287 consistit
1477 3246 1676 3287 canon.
1711 3231 1820 3287 Nos
1860 3240 2040 3287 autem

470 3317 636 3387 aliqui
671 3319 927 3390 scripturi
950 3316 1174 3376 'eramus
1203 3325 1268 3376 de
1302 3320 1367 3377 iis
1397 3323 1489 3392 qui
1519 3322 1797 3390 litigarunt
1827 3364 1842 3390 ,
1872 3333 1925 3378 et
1978 3324 2044 3379 de

461 3409 537 3464 iis
558 3409 646 3479 qui
665 3420 794 3464 sunt
822 3410 1034 3467 clericis
1062 3413 1461 3468 necessitudine
1492 3414 1795 3483 conjuncti,
1822 3416 2037 3485 quando

468 3501 614 3556 trahi
644 3501 861 3569 debent,
897 3512 951 3559 et
977 3506 1193 3572 quando
1222 3519 1348 3558 non.
1377 3506 1512 3572 Quia
1540 3517 1719 3560 autem
1753 3506 1837 3561 hic
1870 3522 2040 3561 canon

470 3608 581 3648 non
608 3604 687 3649 est
717 3595 989 3650 decretum
1019 3636 1034 3660 ,
1066 3596 1160 3651 sed
1204 3597 1487 3653 consilium
1523 3638 1538 3663 ,
1585 3609 1641 3653 ut
1688 3599 2041 3669 imperatores

468 3685 588 3753 ejus
622 3685 1039 3751 admoneamur,
1067 3704 1170 3742 non
1201 3698 1285 3743 est
1314 3700 1493 3746 autem
1521 3692 1725 3760 prolata
1780 3691 2038 3757 deﬁnitio,

469 3777 635 3831 multa
661 3779 1126 3846 praetermisimus.
1152 3780 1263 3836 lloc
1290 3790 1471 3837 autem
1500 3783 1668 3838 solum
1693 3798 1759 3838 ex
1788 3785 2039 3863 praesenti

466 3884 675 3925 canone
706 3870 1046 3949 notavimus;
1092 3874 1236 3943 quod
1277 3874 1564 3943 iudiciaria
1622 3875 1799 3930 ofﬁcia
1865 3876 2041 3931 eccle-

470 3962 814 4018 siasticarum
841 3965 1254 4034 magistratuum
1289 3983 1526 4036 praesens
1550 3983 1763 4037 quoque
1797 3968 2038 4040 synodus

468 4054 710 4124 agnovit,
746 4068 814 4111 eo
850 4056 993 4124 quod
1019 4055 1165 4111 dicat
1193 4057 1421 4113 clericos
1452 4058 1679 4127 alicujus
1710 4073 1831 4114 esse
1863 4072 2041 4114 causa

461 4144 695 4213 iudices.

540 4234 980 4307 597-ZONAR.
1012 4236 1277 4293 Prmterea
1313 4239 1379 4295 ad
1429 4240 1782 4310 imperatores
1838 4240 2043 4296 referre

467 4326 826 4391 constituunt,
848 4334 904 4381 ut
928 4328 971 4382 si
992 4329 1080 4398 qui
1109 4323 1162 4383 in
1200 4325 1461 4394 Ecclesia,
1485 4329 1587 4386 hoc
1612 4341 1716 4395 est,
1746 4331 1801 4386 in
1838 4332 2037 4388 clerum

467 4416 710 4487 ascripti,
738 4417 886 4473 litem
935 4421 1253 4489 quamlibet,
1292 4430 1387 4476 aut
1436 4423 1888 4488 controversiam,
1917 4424 2039 4495 jure

467 4510 761 4576 apostolico
811 4510 1065 4566 Ecclesils
1118 4514 1406 4576 imposito,
1453 4514 1557 4585 hoc
1619 4523 1744 4577 est,
1813 4515 2037 4571 deﬁnito

464 4608 629 4669 atque
661 4602 960 4672 descripto,
992 4603 1059 4657 de
1084 4602 1307 4674 jndiciis
1367 4604 1623 4660 nimirum
1679 4606 1819 4675 apud
1857 4604 2038 4660 Eccle-

466 4691 601 4746 sium
645 4692 984 4759 exercendis,
1025 4694 1279 4764 persequi
1307 4692 1493 4771 velint,
1548 4694 1785 4763 (divinus
1810 4709 2039 4763 namque

464 4782 963 4851 apostolusPaulus
1019 4790 1085 4837 ad
1136 4784 1454 4839 Corinthios
1491 4784 1775 4840 scribens:
1845 4786 2037 4851 Audet,

466 4873 659 4944 inquit,
690 4876 885 4942 aliquis
915 4886 1161 4938 vestrum,
1206 4878 1471 4947 negotium
1523 4878 1742 4941 habens,
1806 4879 1899 4931 sub
1956 4879 2040 4930 in-

459 4964 605 5035 juste
625 4966 836 5037 judicio
875 4968 1101 5034 experiri
1142 4977 1189 5020 et
1217 4985 1318 5022 non
1344 4968 1440 5023 sub
1466 4970 1662 5024 sanctis
1687 4968 1774 5022 ⁵⁵2
1812 4968 2040 5025 Proinde

468 5063 570 5115 hoc
599 5057 1045 5129 apostolicnjure
1076 5060 1321 5115 ecclesia:
1354 5061 1562 5127 deberi,
1619 5070 1871 5130 tanquam
1896 5061 2040 5130 Apoc

467 5146 836 5208 stolidecreto
870 5147 939 5200 ita
1003 5150 1356 5203 constitutum
1409 5150 1701 5216 asserunt).
1765 5148 1820 5203 Si
1873 5151 2040 5219 igitur

466 5237 674 5302 clerici,
728 5238 999 5305 inquium,
1052 5240 1190 5310 apud
1241 5243 1525 5296 ecclesiam
1588 5240 1914 5310 disceptent,
1974 5257 2037 5296 ac

467 5328 669 5383 decisin
692 5343 892 5392 cauam,
918 5330 1018 5385 hoc
1066 5342 1169 5397 est,
1210 5335 1502 5398 sententia,
1542 5351 1641 5404 per
1696 5349 1859 5402 quam
1915 5349 2039 5387 con-

468 5420 727 5475 troversia
753 5421 1038 5490 deciditur,
1075 5426 1167 5480 uni
1191 5443 1253 5479 ex
1293 5427 1535 5497 partibus
1568 5426 1786 5481 minime
1815 5426 2039 5494 probata

468 5508 648 5576 fuerit,
679 5524 947 5569 uelamen
974 5518 1129 5572 alteri
1165 5522 1300 5589 parti
1341 5522 1500 5575 liceat
1557 5536 1703 5586 cum,
1752 5534 1847 5590 per
1870 5533 2032 5590 quem

552 5712 559 5717 ί
622 5694 785 5745 iiut.
826 5700 949 5745 με

625 5737 699 5744 -νι
746 5734 785 5747 as
834 5734 979 5761 t.,j.

2149 3228 2479 3299 μαρτυρίαν.
2524 3229 2633 3282 Καὶ
2664 3230 2691 3282 ὁ
2718 3228 2815 3299 μὲν
2846 3229 3023 3281 κανὼν
3061 3229 3123 3282 ὲν
3175 3228 3407 3292 τούτοις.
3448 3227 3642 3298 Ἡμεῖς
3667 3229 3724 3282 δὲ

2146 3321 2443 3391 ἐμέλλομεν
2468 3321 2675 3391 γράψαι
2704 3321 2825 3374 τινὰ
2882 3323 3011 3392 περὶ
3061 3321 3172 3375 τῶν
3221 3322 3560 3375 δικασάντων
3625 3322 3725 3375 καὶ

2147 3414 2276 3482 περὶ
2335 3414 2442 3466 τῶν
2496 3413 2999 3483 προσῳκειωμένων
3053 3416 3163 3477 τοῖς
3222 3415 3528 3484 κληρικοῖς,
3588 3414 3723 3467 πότε

2144 3506 2454 3574 ὀφείλουσιν
2477 3505 2752 3569 ἕλκεσθαι,
2794 3505 2888 3559 καὶ
2921 3506 3048 3559 πότε
3089 3507 3185 3575 μή.
3229 3506 3351 3559 Ὀτι
3380 3506 3435 3560 δὲ
3479 3506 3578 3558 οὐκ
3600 3507 3722 3559 ἔστι

2143 3598 2423 3668 θέσπισμα
2456 3600 2483 3651 ὁ
2514 3597 2711 3664 κανὼν,
2740 3599 2876 3672 ἀλλά
2933 3599 3208 3669 συμϐουλὴ
3254 3599 3412 3669 χάριν
3459 3597 3553 3652 τοῦ
3587 3598 3724 3651 ὑπο-

2148 3690 2455 3760 μνησθῆναι
2488 3691 2617 3761 περὶ
2654 3692 2861 3745 τούτων
2888 3691 3016 3754 τοὺς
3070 3690 3330 3763 βασιλεῖς,
3379 3690 3606 3759 ὁρισμὸς
3665 3690 3723 3744 δὲ

2143 3783 2243 3835 οὐκ
2286 3780 2573 3853 ἐξηνέχθη,
2600 3783 2931 3853 παρήκαμεν
2957 3782 3026 3836 τά
3078 3781 3269 3836 πολλά.
3335 3780 3720 3851 Ἐσημειωσά-

2148 3873 2287 3944 μεθα
2315 3875 2370 3927 δὲ
2401 3872 2624 3929 ἀπὸτοῦ
2656 3875 2927 3945 παρόντος
2957 3873 3178 3936 κανόνος
3202 3871 3359 3926 τοῦτο
3406 3872 3585 3942 μόνον,
3635 3875 3723 3928 ὅτι

2142 3964 2209 4015 τὰ
2237 3964 2531 4017 δικαστικά
2560 3964 2790 4035 ὀφφίκια
2811 3965 2918 4039 τῶν
2938 3963 3412 4033 ὲκκλησιαστικῶν
3439 3964 3724 4033 ἀρχόντων

2145 4055 2242 4107 καὶ
2271 4057 2302 4124 ἡ
2339 4053 2593 4126 παροῦσα
2624 4043 2837 4133 σύνοδος
2872 4056 3236 4124 ὲπιγίνωσκεν
3281 4055 3388 4108 ἀπὸ
3413 4057 3506 4109 τοῦ
3536 4055 3726 4124 λέγειν

2146 4147 2443 4215 κληρικοὺς
2476 4148 2751 4219 διαιτῆσαι
2785 4148 3037 4202 ὑποθέσει
3068 4149 3195 4203 τινί.

2216 4238 2461 4293 ΖΩΝΑΡ.
2500 4240 2621 4293 Ἔτι
2652 4239 2933 4311 ἀναφορὰν
2975 4239 3721 4311 βουλεύονταιποιῆσαιπρὸς

2144 4330 2269 4392 τοὺς
2310 4328 2573 4398 βασιλεῖς,
2603 4330 2745 4384 ὥστε
2783 4331 2880 4384 ἐάν
2909 4348 3053 4395 τινες
3082 4333 3141 4385 ὲν
3173 4331 3488 4403 Ἐκκλησία,
3546 4332 3721 4401 ἤγουν

2146 4422 2203 4473 ἐν
2258 4421 2446 4491 κλήρῳ
2504 4422 2949 4491 ὲκκλησιαστικῷ
2991 4425 3341 4493 τεταγμένοι,
3391 4423 3722 4488 οἱανδήποτε

2143 4509 2347 4571 αἰτίαν,
2375 4509 2496 4579 ἦτοι
2521 4510 2703 4579 δίκην,
2730 4509 2990 4564 ὑπόθεσιν
3009 4514 3335 4585 γυμνάσωσι
3365 4513 3722 4582 ἀποστολικῷ

2139 4599 2331 4670 δικαίῳ
2365 4600 2443 4670 τῷ
2475 4604 2595 4665 ταῖς
2646 4600 2998 4671 Ἐκκλησίαις
3028 4603 3399 4674 ἐπικειμένῳ..
3436 4604 3552 4672 ἦτοι
3587 4602 3727 4675 dipt-

2142 4696 2349 4765 σμένίρ,
2379 4694 2813 4764 διατεταγμένῳ,
2850 4696 3095 4748 τουτέστι
3121 4697 3273 4767 παρά
3296 4699 3363 4766 τῇ
3418 4696 3723 4768 Ἐκκλησία

2140 4786 2495 4839 δικάσωνται.
2537 4786 2596 4836 '0
2638 4785 2747 4854 γὰρ
2808 4784 3097 4847 θεσπέσιος
3144 4784 3438 4847 ἀπόστολος
3478 4785 3718 4848 Παῦλος,

2144 4877 2452 4945 Κορινθίοις
2477 4877 2726 4945 γράφων,
2754 4876 2886 4946 φησί
2909 4891 2922 4905 ο
2962 4874 3155 4945 Τολμᾷ
3177 4894 3266 4942 τις
3288 4876 3453 4945 ὑμῶν
3476 4874 3721 4944 πρᾶγμα

2141 4968 2299 5038 ἔχων
2332 4969 2642 5037 κρίνεσθαι
2693 4967 2791 5020 ἐπὶ
2840 4970 2959 5021 τῶν
2989 4968 3235 5033 ἀδίκων,
3281 4969 3381 5022 καὶ
3437 4967 3572 5036 οὐχὶ
3615 4968 3721 5022 ἐπὶ

2142 5061 2257 5112 τῶν
2315 5061 2543 5128 ἁγίων·;
2580 5059 2753 5113 Τοῦτο
2804 5060 2895 5113 οὖν
2950 5060 3297 5129 ἀποστολικῷ
3340 5060 3536 5127 δικαίῳ
3581 5061 3722 5127 φησὶ

2144 5152 2440 5219 προσήκειν
2468 5153 2587 5212 ταῖς
2614 5151 2949 5217 ἐκκλησίαις,
2980 5151 3054 5212 ὡς
3069 5149 3163 5202 τοῦ
3199 5150 3521 5203 Ἀποστόλου
3547 5149 3711 5203 τοῦτο

2142 5242 2559 5311 διαταξαμένου.
2608 5243 2737 5294 Ἐάν
2767 5242 2859 5295 οὖν
2903 5242 3178 5313 κληρικοῖ,
3213 5242 3373 5312 φησὶ,
3412 5242 3720 5295 δικασθιῖισι

2143 5336 2296 5405 παρὰ
2343 5337 2408 5405 τῇ
2478 5332 2796 5403 Ἐκκλησία,
2830 5334 2924 5387 καὶ
2995 5333 3275 5403 Ἀπαρέσῃ
3323 5334 3403 5383 ἐνὶ
3453 5334 3630 5401 μέρει,
3680 5335 3717 5400 ἡ

2143 5426 2286 5497 τομὴ
2312 5427 2420 5480 τῶν
2462 5425 2856 5493 δικαζομένων,
2886 5426 3005 5494 ἦτοι
3042 5424 3380 5494 ἠτέμνουσα
3417 5424 3514 5491 τὴν
3556 5423 3718 5491 δίκην

2146 5520 2443 5588 ἀπόφασις,
2482 5516 2569 5570 ἵνα
2613 5516 2688 5588 μὴ
2717 5515 2809 5588 ἐξῇ
2862 5535 2969 5570 τινι
3007 5518 3114 5572 τῶν
3171 5516 3352 5589 μερῶν
3395 5516 3576 5571 ἕλκειν
3629 5517 3719 5582 είς
