3976 6386
255 321 345 389 ns
1241 322 1327 385 IN
1360 321 1527 386 CAN:
1586 321 1786 384 Lxm
1823 320 2033 384 CONC.
2073 288 2467 387 CARTHAG.‘

3365 316 3473 381 246

250 438 305 492 τὸ
351 434 443 506 τῆς
476 434 745 507 ἑκκλὴτου
779 436 1133 509 δικαστήριον
1166 438 1304 508 πρὸς
1338 440 1648 511 μαρτυρίαν
1707 440 1787 493 τδι

1906 454 2067 495 causa
2086 439 2236 509 prius
2264 438 2571 495 examinata
2599 443 2708 504 est,
2739 435 2827 493 vel
2870 436 2961 507 qui
3010 451 3067 492 re
3097 435 3339 505 iudicata
3373 436 3466 491 ad-

250 526 606 598 δοκιμάσαντα
634 529 899 599 πρότερον
933 530 1036 600 τὴν
1067 529 1345 598 ὑπόθεσιν,
1396 532 1429 602 ἢ
1463 533 1558 587 καὶ
1613 550 1797 603 κρινο-

253 618 401 690 μένης
428 621 837 690 παρατυχόντα,
864 622 958 675 καὶ⁵
1010 622 1098 676 ίνα
1154 623 1290 694 μηδέ
1341 640 1423 686 τις
1481 626 1793 693 προσήκων,

250 708 531 775 τουτέστιν,
567 711 916 783 ᾠκειωμένος
940 714 1008 767 ἐκ
1036 715 1363 783 συγγενείας
1413 715 1447 785 ἢ
1488 714 1665 778 ἄλλως
1702 715 1797 768 έκ-

252 799 607 870 κλησιαστικῷ
660 819 792 868 τινι,
844 803 1073 872 ἕλκηται
1108 806 1189 867 είς
1248 804 1581 875 μαρτυρίαν,
1638 806 1796 870 Τινὲς

250 889 343 962 γὰρ
414 891 838 963 ἀπηρίθμηνται
880 895 992 947 καὶ
1060 897 1177 957 τοῖς
1253 897 1550 959 πολιτικοῖς
1607 895 1796 966 νόμοις

248 980 739 1051 ἑξκουσσευόμενοι,
776 982 915 1038 ὥστε
969 988 1045 1055 μὴ
1097 989 1323 1051 ἄκοντες
1366 990 1683 1058 μαρτυρεῖν,
1718 987 1795 1052 ὡς

244 1072 295 1124 ὲν
326 1070 513 1143 βιϐλίῳ
560 1072 790 1145 εὓρηται
839 1083 946 1142 κα’,
980 1079 1087 1133 τίτ.
1143 1079 1213 1147 α’,
1246 1080 1566 1149 κεφαλαίοις
1607 1078 1795 1149 διαφό-

245 1182 366 1232 ροις.

243 1256 446 1310 ΔΡΙΣΤ.
506 1278 525 1310 ι
562 1259 860 1330 Κληρικδς,
912 1262 1147 1330 πρᾶγμα
1203 1261 1452 1327 δικάσας,
1484 1262 1531 1315 εί
1579 1262 1793 1333 ἀπαρε-

311 1366 329 1400 ι
366 1365 473 1414 σοι,
538 1351 615 1421 μὴ
672 1353 945 1406 καλείσθω
1000 1355 1129 1419 περὶ
1187 1352 1353 1407 αὑτοῦ
1407 1352 1546 1423 πρὸς
1586 1371 1791 1424 μαρτυ-

298 1459 314 1491 ι
350 1441 475 1511 ρίαν
519 1443 600 1505 είς
628 1444 1003 1514 δικαστήριον·
1029 1446 1126 1499 καλΙ
1173 1445 1312 1508 ὅλως
1334 1445 1792 1515 ἐκκλησιαστικὸν

305 1551 322 1582 ι
359 1532 655 1601 πρόσωπον
721 1536 796 1605 μὴ
861 1536 1141 1606 ὲναγέσθω
1201 1536 1327 1607 περὶ
1380 1534 1476 1590 τοῦ
1556 1535 1792 1605 ὀφείλειν

304 1640 320 1673 ι
355 1626 678 1693 μαρτυρεῖν.
714 1645 733 1678 ι

305 1713 424 1767 Ἐάν
470 1731 616 1781 τινες
642 1718 793 1789 παρά
836 1735 944 1773 τινι
994 1718 1101 1772 τῶν
1146 1719 1424 1788 κληρικῶν
1468 1720 1790 1791 δικασθῆναι
1835 1717 1843 1723 ’

1901 530 2025 595 fuit,
2049 530 2117 586 ad
2181 531 2583 601 provocationis
2648 530 2828 585 forum
2886 528 3179 584 testimonii
3252 527 3470 583 dicendi

1902 635 2063 677 causa
2088 604 2337 689 trahere;
2381 637 2555 691 neque
2604 629 2865 692 praeterea
2899 618 3189 690 quisquam
3244 635 3312 674 ex
3372 634 3468 674 co-

1901 713 2099 780 gnatis,
2133 711 2235 765 hoc
2262 721 2368 775 est,
2390 712 2762 767 ecclesiastico
2813 709 3023 766 homini
3059 708 3469 780 propinquitate

1899 813 1991 858 ant
2015 804 2120 859 alia
2142 804 2350 859 ratione
2375 804 2719 873 coniunctus,
2749 806 2814 857 ad
2836 803 3073 859 dandum
3095 802 3467 857 testimonium

1898 905 2142 967 cogatur.
2196 895 2331 952 Nam
2384 905 2439 952 et
2496 898 2668 968 legum
2710 896 2949 952 civilium
2990 897 3212 953 decreto
3251 893 3469 965 quidam

1897 998 2308 1055 enumerantur,
2337 1005 2473 1060 quos
2502 991 2698 1045 invitos
2726 990 2792 1045 ad
2845 988 3216 1045 testimonium
3273 987 3468 1040 dicen-

1897 1080 2025 1137 dum
2047 1082 2293 1152 compelli
2343 1097 2449 1136 non
2489 1082 2696 1148 sinunt,
2730 1091 2789 1136 ut
2846 1082 2899 1137 in
2959 1080 3055 1143 lib.
3120 1093 3237 1144 nt,
3294 1078 3380 1133 tit.
3414 1077 3466 1143 l,

1896 1173 2126 1229 diversis
2149 1174 2201 1227 in
2233 1174 2498 1241 capitibus
2534 1173 2861 1229 inveniatur.

1894 1263 2125 1319 ARIST.
2170 1283 2190 1317 ι
2222 1264 2485 1329 Clericus,
2508 1266 2598 1333 qui
2630 1280 2850 1320 causam
2878 1264 3160 1332 judicavit,
3196 1265 3240 1318 si
3274 1264 3459 1332 displi-

1972 1373 1990 1408 ι
2022 1365 2128 1421 cet,
2171 1357 2237 1410 ad
2270 1355 2502 1410 dandum
2535 1355 2601 1410 de
2629 1369 2694 1410 ea
2726 1354 3093 1410 testimonium
3131 1354 3197 1408 ad
3228 1353 3461 1407 tribunal

1971 1464 1990 1497 ι
2030 1460 2095 1499 ne
2127 1456 2381 1501 vocetur:
2418 1454 2474 1501 et
2530 1445 2898 1501 ecclesiastica
2952 1444 3174 1499 omnino
3232 1457 3463 1510 persona

1971 1554 1989 1589 ι
2023 1538 2088 1592 ad
2116 1537 2483 1593 testimonium
2534 1536 2867 1592 reddendum
2909 1552 2974 1591 ne
3032 1533 3454 1604 compellatur.»

1967 1730 2025 1787 Si
2057 1733 2149 1803 qui
2180 1732 2556 1788 aclericorum
2633 1732 2819 1803 aliquo
2872 1731 3103 1800 iudicari
3158 1729 3460 1799 elegerunt,

239 1796 569 1873 ᾑρετίσαντο,
602 1810 693 1863 καὶ
713 1810 783 1863 τὰ
806 1811 904 1879 τῆς
928 1811 1240 1876 ὑποθέσεως
1277 1813 1647 1883 ἀνεκάλυψαν,
1670 1810 1787 1867 εἶτα

1906 1834 1951 1880 et
1976 1796 2198 1879 causam
2234 1838 2393 1879 suam
2427 1796 2757 1887 indicarunt,
2795 1796 2977 1891 postea
3017 1822 3069 1876 in
3104 1796 3305 1892 judicio
3348 1819 3466 1887 ejus

237 1896 316 1948 ini
342 1900 403 1966 τῇ
438 1898 736 1967 διαγνώσει
763 1901 927 1955 αὐτοῦ
962 1902 1380 1975 ἀπηρέσθησαν,
1416 1905 1509 1958 καὶ
1549 1904 1790 1974 ἀπῆλθον

236 1988 306 2049 ιίς
328 1987 382 2040 τὸ
412 1989 736 2060 πρόσφορον
764 1994 948 2055 αὐτοῖς
974 1993 1348 2063 δικαστήριονο
1376 1995 1436 2047 οὐ
1469 1995 1791 2060 καλέσουσιν

234 2079 304 2140 είς
328 2082 640 2151 μαρτυρίαν
670 2082 763 2136 τὸν
794 2083 1095 2138 δικάσαντα
1138 2085 1422 2155 κληρικδν,
1480 2086 1538 2140 τὸ
1572 2086 1672 2156 μὲν
1715 2086 1787 2149 ὡς

235 2167 792 2242 ίξκουσσατευόμενον
830 2172 938 2229 ἀπὸ
977 2174 1073 2229 τοῦ
1114 2176 1305 2246 νόμου,
1355 2176 1450 2230 καὶ
1497 2175 1574 2247 μὴ
1620 2177 1792 2243 ἀναγ-

236 2259 527 2331 καζόμενον
572 2264 845 2331 ἀκουσίως
894 2271 1218 2338 μαρτυρεῖνο
1264 2270 1313 2321 οί
1361 2268 1469 2339 γὰρ
1517 2269 1594 2332 εἰς
1638 2267 1790 2338 ἱερὰν

232 2351 570 2425 λειτουργίαν
603 2357 1049 2429 ἀπησχολημένοι
1081 2361 1307 2422 ἄκοντες
1330 2360 1391 2414 οὐ
1427 2360 1787 2431 μαρτυροῦσι·

232 2443 283 2493 rb
316 2444 387 2511 δὲ,
423 2448 528 2499 καὶ
577 2446 653 2511 ὡς
682 2449 1045 2521 κωλυόμενον,
1099 2454 1156 2506 ὲν
1181 2445 1224 2519 ᾧ
1257 2450 1608 2522 προσελήφθη
1648 2454 1792 2522 πρά·

233 2548 380 2601 γματι
412 2538 573 2607 παρὰ
606 2540 713 2593 τῶν
744 2541 927 2610 μερῶν
958 2542 1238 2614 δικαστὴς,
1277 2544 1595 2616 μαρτυρεῖν.

816 2632 1056 2686 ΚΑΝΩΝ
1073 2633 1190 2688 ΞΡ.

237 2736 253 2769 ι
286 2720 409 2791 Περὶ
444 2721 552 2776 τοῦ
592 2723 894 2793 ἀφελέσθαι
926 2726 993 2779 τὰ
1025 2727 1133 2781 τῶν
1176 2728 1449 2799 Ἑλλήνων
1486 2732 1787 2802 συμπόσια.

296 2832 312 2862 ι
343 2814 586 2868 Κάκεῖνο
608 2815 687 2869 ἔτι
713 2819 820 2887 μὴν
851 2818 932 2870 δεῖ
957 2819 1178 2889 αἰτῆσαι
1203 2822 1353 2892 παρά
1383 2823 1490 2877 τῶν
1522 2826 1790 2890 Χριστια-

293 2924 310 2955 ι
348 2906 785 2978 νῶν-βασιλέωνο
812 2909 1001 2982 ἐπειδὴ
1030 2910 1183 2982 παρὰ
1221 2914 1290 2967 τὰ
1320 2913 1439 2968 θεία
1471 2916 1789 2984 παραγγέλ-

292 3015 310 3047 ι
347 3016 498 3068 ματα
556 3001 614 3054 ὲν
650 3001 866 3065 πολλοῖς
904 3003 1092 3067 τόποις
1134 3005 1414 3075 συμπόσια
1462 3006 1635 3070 οὓτως
1697 3011 1791 3063 ὲκ-

291 3109 309 3141 ι
342 3091 652 3157 τελοῦνται,
684 3096 751 3148 ἐκ
798 3096 895 3165 τῆς
947 3096 1171 3166 ὲθνικῆς
1213 3098 1423 3168 πλάνης
1488 3116 1788 3172 προσενεχ-

288 3200 307 3234 ι
342 3186 535 3249 θέντα,
563 3187 638 3250 ὼς
674 3188 768 3241 καὶ
810 3190 1175 3260 Χριστιανοὺς
1199 3193 1311 3254 τοῖς
1339 3191 1568 3259 Ἕλλησι
1608 3193 1786 3264 λάθρα

294 3294 311 3327 ι
351 3278 736 3348 προσάγεσθαι
767 3280 861 3334 ἐπὶ
891 3285 957 3351 τῇ
992 3281 1199 3335 τούτων
1232 3283 1422 3353 τελετῇ
1451 3299 1465 3313 ·
1502 3285 1587 3337 ἵνα
1606 3285 1790 3338 κελεύ-

290 3385 306 3417 ι
344 3384 477 3421 σωσι
497 3370 567 3422 τὰ
580 3387 806 3423 τοιαῦτα
827 3372 1135 3442 κωλυθῆναι
1150 3374 1321 3426 καλὲκ
1334 3374 1446 3428 τῶν
1463 3375 1674 3430 πόλεων
1694 3377 1788 3430 καὶ

288 3477 306 3509 ι
342 3460 409 3520 ἐκ
432 3461 551 3514 τῶν
574 3464 820 3528 κτήσεων
840 3479 854 3494 °
888 3463 1124 3534 μάλιστα
1151 3465 1233 3517 ὅτι
1264 3464 1355 3518 καὶ
1380 3466 1437 3520 ὲν
1464 3458 1648 3528 αὐτοῖς
1677 3470 1789 3530 τοῖς

290 3568 305 3600 ι
336 3549 607 3618 γενεσίοις
626 3553 734 3605 τῶν
765 3553 1051 3624 μακαρίων
1085 3555 1379 3625 μαρτύρων
1401 3556 1665 3619 ἀνάπτινας
1692 3557 1788 3610 πό-

285 3660 300 3689 ι
332 3643 443 3706 λεις
461 3643 563 3696 καὶ
581 3644 659 3701 εἰς
677 3644 873 3706 αὐτοὺς
886 3645 1013 3707 τοὺς
1039 3647 1216 3716 ἱεροὺς
1243 3646 1441 3705 τόπους
1461 3646 1527 3700 τὰ
1548 3647 1773 3701 τοιαῦτα

289 3750 305 3783 ι
339 3733 687 3803 πλημμελεῖν
759 3734 857 3805 οὐχ
888 3736 1237 3806 ὑφορῶνται·
1293 3739 1350 3791 ὲν
1383 3736 1471 3803 αἷς
1526 3738 1783 3810 ἡμέραις,

288 3845 304 3878 ι
338 3828 475 3898 ὅπερ
500 3827 598 3879 καὶ
624 3826 805 3895 λέγειν
819 3828 1048 3898 αίσχύνη
1083 3829 1514 3901 έστὶν,όρχήσεις
1539 3831 1787 3902 μυσαρὰς

292 3933 308 3966 ι
340 3918 419 3979 είς
444 3918 580 3979 τοὺς
603 3918 813 3989 ἀγροὺς
834 3920 927 3971 καὶ
945 3921 1023 3983 είς
1044 3920 1142 3992 τὰς
1167 3921 1426 3985 πλατείας
1455 3922 1783 3985 ἐκτελοῦσιν,

286 4026 303 4059 ι
339 4010 487 4063 ὥστε
538 4012 605 4081 τῇ
646 4011 756 4064 τῶν
799 4011 1222 4066 οίκοδεσποινῶν
1276 4017 1433 4083 τιμῇ,
1482 4017 1575 4067 καὶ
1608 4015 1783 4070 ἄλλων

290 4120 305 4151 ι
345 4101 747 4175 ἀναριθμήτων
796 4104 1074 4171 γυναικῶν
1140 4107 1206 4175 τῇ
1280 4105 1421 4159 αἰδοῖ
1472 4106 1582 4161 τῶν
1631 4109 1785 4161 εὐλα-

286 4211 301 4241 ι
340 4192 453 4247 ϐῶν
513 4197 597 4258 είς
653 4195 753 4264 τὴν
820 4194 981 4263 ἁγίαν
1026 4197 1240 4267 ἡμέραν
1298 4201 1782 4270 παραγενομένων,

288 4303 305 4333 ι
342 4284 581 4354 λάγναις
622 4285 849 4366 ὕϐρεσιν
883 4287 1132 4361 ἰφορμᾷν
1159 4306 1173 4321 ο
1232 4288 1310 4352 ὡς
1357 4291 1453 4344 καὶ
1486 4291 1654 4361 αὐτῆς
1685 4292 1783 4360 τῆς

282 4396 298 4427 ι
342 4377 511 4446 ἁγίας
581 4379 822 4444 πίστεως
870 4379 1055 4452 σχεδὸν
1127 4380 1424 4452 φεύγεσθαι
1481 4382 1577 4454 τὴν
1619 4400 1759 4453 προσ

280 4490 298 4520 ι
334 4473 576 4527 ἐλευσιν.
617 4492 638 4527 ι
885 4501 901 4520 .ε
1576 4480 1577 4483 “

278 4563 476 4622 ΒΑΛΣ.
525 4564 736 4637 Ὥσπερ
793 4566 1034 4636 σήμερον
1090 4569 1148 4620 ἐν
1209 4569 1450 4638 μνήμαις
1505 4570 1674 4635 ἁγίων
1721 4571 1784 4623 οὺ

218 4657 366 4721 μόνον
395 4657 543 4709 κατά
576 4658 673 4717 τὰς
705 4657 914 4721 πόλεις,
948 4658 1086 4712 ἀλλὰ
1118 4660 1181 4732 δὴ
1215 4662 1308 4713 καὶ
1350 4661 1491 4713 κατὰ
1522 4661 1621 4724 τὰς
1678 4661 1784 4727 ἔξω

211 4746 409 4816 χώρας,
444 4749 698 4816 γίνονται
728 4750 1070 4820 πανηγύρεις
1105 4752 1199 4803 καὶ
1254 4752 1626 4822 χοροστασίαι,
1688 4753 1784 4806 καὶ

211 4837 333 4890 ἄλλα
364 4842 491 4894 τινὰ
521 4841 772 4909 παίγνια,
807 4840 1004 4905 οὕτως,
1032 4842 1105 4905 ὡς
1138 4842 1339 4908 ἔοικεν,
1387 4842 1664 4895 ἐτελοῦντο
1692 4843 1785 4896 καὶ

213 4927 441 4983 ἔκπαλαι
473 4948 486 4961 ·
527 4932 667 5002 πλὴν
698 4934 883 4985 ἐκεῖνα
920 4933 1143 5003 μυσαρᾶ
1176 4929 1338 5004 ἦσαν.
1383 4935 1473 4987 Διό
1516 4952 1682 5003 φασιν
1732 4939 1781 4988 oi

215 5020 449 5090 Πατέρες
482 5021 582 5085 ὡς.
617 5023 741 5076 ἐπεὶ
779 5025 836 5077 ὲν
878 5025 1097 5089 πολλοῖς
1126 5026 1315 5088 τόποις
1341 5026 1618 5091 συμπόσια
1660 5028 1781 5078 ἐπι-

210 5110 514 5175 τελοῦνται,
545 5115 718 5186 ἀρχὴν
745 5117 1016 5187 ἐσχηκότα
1050 5119 1114 5169 ἐκ
1148 5117 1248 5186 τῆς
1285 5118 1611 5188 Ἑλληνικῆς
1642 5118 1780 5171 πλά-

212 5217 316 5267 νης,
349 5201 497 5256 ὥστε
534 5206 588 5257 ὲν
640 5206 824 5269 αὐτοῖς
870 5207 1201 5276 συνάγεσθαι
1256 5210 1348 5261 καὶ
1396 5203 1777 5279 Χρὶστιανοίς,

210 5293 294 5343 καὶ
323 5296 603 5349 συντελεῖν
634 5298 812 5351 ταῦτα
860 5302 973 5361 τοῖς
1010 5299 1265 5368 "Elimea,
1307 5302 1424 5352 δέον
1460 5302 1604 5353 ἐστὶν
1645 5302 1773 5353 ὑπο-

211 5384 513 5453 μνησθῆναι
554 5386 681 5450 τοὺς
728 5386 986 5465 βασιλεῖς,
1029 5388 1113 5441 ἵνα
1153 5388 1440 5441 κωλύσωσι
1486 5390 1656 5441 ταῦτα
1687 5390 1780 5442 καὶ

212 5473 404 5537 μᾶλλον
441 5474 529 5529 ὅτι
562 5478 1010 5549 πλημμελοῦνται
1053 5482 1147 5534 καὶ
1198 5482 1277 5544 εἰς
1328 5483 1509 5549 ἱεροὺς
1556 5481 1776 5544 τόπους.

209 5562 502 5632 Συμσαίνει
534 5568 642 5639 γὰρ
667 5569 790 5623 οὐδὲ
827 5571 907 5631 εἰς
944 5571 1246 5642 ἐκκλησίαν
1292 5571 1624 5639 συνάγεσθαι
1679 5573 1777 5635 τὰς

209 5653 604 5726 εὐλαϐεστέρας
657 5659 765 5712 τῶν
820 5662 1100 5729 γυναικῶν
1133 5661 1222 5714 διὰ
1274 5662 1343 5715 τὰ
1395 5663 1646 5725 ἀτάκτως
1683 5665 1777 5715 καὶ

212 5743 540 5815 ἀτκητνόνως
601 5750 903 5815 τηνικαῦτα
956 5752 1242 5819 γινόμενα.
1302 5752 1373 5813 ὡς
1446 5752 1552 5804 τῶν
1604 5751 1775 5805 ταῦτα

1812 4492 1859 4546 D

1896 1930 2000 1970 non
2022 1916 2396 1983 acquiescunt,
2430 1916 2527 1971 sed
2552 1914 2618 1969 ad
2662 1913 2898 1968 tribunal
2950 1913 3019 1967 iis
3064 1922 3249 1981 aptum
3300 1927 3460 1966 acce-

1895 2006 2065 2060 dunt:
2097 2020 2204 2059 non
2241 2005 2579 2059 vocabuntin
2611 2004 2974 2058 testimonium
3007 2002 3263 2057 clericum
3303 2003 3464 2056 istum

1894 2093 1988 2164 qui
2031 2092 2332 2160 judicavit,
2378 2101 2432 2147 et
2484 2101 2543 2147 ut
2601 2090 2921 2148 excusatum
2985 2107 3015 2147 ιι
3071 2092 3207 2161 lege,
3251 2098 3306 2146 et
3357 2107 3463 2145 non

1893 2193 2141 2239 coactum
2168 2184 2334 2240 invite
2359 2186 2727 2240 testimonium
2772 2185 2904 2238 dare
2963 2184 3077 2253 (qui
3109 2184 3252 2238 enim
3304 2198 3465 2237 sacro

1894 2281 2091 2327 vacant
2113 2273 2439 2338 ministerio,
2464 2272 2620 2327 inviti
2650 2286 2757 2327 non
2791 2270 3100 2342 testantur);
3143 2277 3198 2323 et
3253 2278 3312 2323 ut
3338 2282 3462 2337 pro-

1894 2366 2126 2422 hibitum
2154 2366 2206 2421 in
2241 2366 2476 2436 negotio,
2509 2366 2563 2418 in
2597 2380 2704 2435 quo
2731 2379 2761 2418 a
2790 2362 3034 2435 partibus
3059 2369 3315 2431 acceptus
3347 2368 3466 2415 erat

1886 2459 2074 2529 judex,
2116 2456 2719 2515 testimonium-dicere.

2439 2637 2671 2695 CANON
2730 2635 2911 2693 LXIII.

1899 2745 1918 2778 ι
1948 2724 2018 2781 Ut
2054 2725 2371 2782 auferantur
2403 2724 2712 2782 Graecorum
2743 2725 3014 2781 convivia.
3058 2723 3195 2789 illud
3241 2732 3461 2794 praetcr-

1981 2831 2091 2871 cea
2169 2831 2199 2871 a
2266 2816 2594 2873 Christianis
2663 2814 3081 2886 imperatoribus
3159 2811 3450 2883 petundum

1971 2927 1989 2959 ι
2032 2916 2150 2964 est:
2184 2910 2443 2980 qudnlam
2475 2917 2670 2979 praeter
2703 2909 2883 2963 divina
2914 2907 3166 2961 mandata
3195 2905 3246 2959 in
3273 2904 3461 2967 multis

1975 3021 1992 3053 ι
2030 3002 2163 3059 locis
2184 3002 2429 3058 convivia
2464 3002 2546 3056 sic
2578 3010 2933 3070 peraguntur,
2957 3015 3023 3055 ex
3051 2997 3235 3070 gentili
3271 3011 3463 3053 errore

1969 3112 1987 3146 ι
2031 3093 2271 3159 inducta,
2302 3095 2548 3148 utetiam
2582 3093 2881 3148 Christiani
2910 3093 2974 3147 ad
3022 3106 3259 3161 paganos
3310 3089 3464 3146 clan-

1979 3205 1997 3237 ι
2040 3184 2221 3239 culum
2270 3185 2325 3239 in
2380 3199 2569 3240 eorum
2618 3183 2989 3238 celebratione
3036 3182 3343 3237 accedant:
3408 3190 3466 3234 ut

1982 3295 1999 3327 ι
2031 3276 2145 3331 haec
2170 3275 2395 3345 jubeant
2422 3285 2477 3330 et
2505 3291 2572 3330 ex
2622 3275 2855 3330 urbibus
2908 3284 2963 3330 et
2998 3290 3063 3330 cx
3097 3273 3464 3343 possessioni.

1922 3388 1925 3391 ·
1968 3390 1985 3418 ‹
2020 3368 2122 3422 bus
2174 3367 2391 3433 arceri;
2445 3368 2704 3432 maxime,
2738 3367 2863 3436 quia
2906 3367 3051 3420 et.in
3104 3366 3234 3435 ipsis
3276 3366 3465 3420 beato-

1969 3479 1986 3509 ι
2017 3474 2133 3514 rum
2164 3467 2460 3530 martyrum
2489 3459 2784 3521 natalibus,
2808 3459 2861 3512 in
2888 3456 3210 3528 quibusdam
3240 3456 3463 3511 urbibus

1978 3570 1997 3600 ι
2029 3552 2191 3607 etiam
2219 3553 2277 3617 in.
2307 3551 2434 3621 ipsis
2494 3552 2667 3605 sacris
2722 3550 2879 3613 locis,
2931 3548 3197 3618 ejusmodi
3248 3557 3463 3616 peccata

1978 3661 1997 3691 ι
2036 3644 2379 3697 committere
2409 3658 2512 3698 non
2569 3642 2963 3706 reformidant;
3015 3642 3066 3695 in
3118 3640 3314 3710 quibus
3349 3640 3468 3691 die~

1965 3752 1983 3783 ι
2016 3733 2137 3796 bus,
2173 3734 2252 3785 vel
2277 3734 2450 3803 pudor
2476 3734 2795 3799 estdicere,
2840 3732 3205 3787 exsecrandas
3224 3730 3467 3785 saltatio-

1966 3846 1982 3877 ι
2017 3840 2113 3880 nes
2169 3828 2221 3879 in
2251 3827 2397 3894 agris
2433 3835 2484 3878 ct
2539 3826 2731 3894 plateis
2785 3833 3065 3893 peragunt,
3116 3834 3173 3877 ut
3229 3830 3462 3877 matrum

1972 3935 1988 3965 ι
2018 3915 2251 3969 familias
2286 3916 2569 3979 honorem,
2596 3928 2650 3970 et
2695 3916 2925 3968 aliarum
2983 3913 3462 3968 innumerabilium

1971 4026 1988 4057 ι
2023 4006 2231 4076 piarum
2255 4007 2564 4072 mulierum,
2584 4022 2707 4076 qua:
2729 4014 2920 4061 sancto
2947 4004 3035 4059 die
3058 4006 3275 4067 adsunt,
3306 4017 3461 4057 vere-

1968 4099 2272 4153 «cundiam
2331 4099 2548 4153 lascivis
2624 4097 2971 4153 contumeliis
3034 4096 3458 4164 aggrediantur:

1968 4209 1985 4241 ι
2027 4192 2163 4244 adeo
2192 4197 2251 4243 ut
2287 4190 2447 4243 etiam
2487 4189 2655 4258 ipsius
2683 4187 3034 4257 sanctazlidei
3056 4182 3448 4257 propemodum

1979 4299 1995 4331 ι
2031 4281 2309 4351 aufugiam
2342 4295 2644 4337 accessum.
2667 4299 2685 4333 ι
2720 4300 2727 4305 ·

1962 4562 2155 4617 BALS.
2195 4564 2348 4618 Sicut
2412 4566 2570 4620 hodie
2629 4565 2683 4620 in
2732 4576 3046 4622 sanctorum
3076 4566 3464 4622 anniversariis

1888 4656 2315 4721 celebritatibns,
2343 4672 2447 4709 non
2478 4657 2656 4711 solum
2684 4658 2739 4711 in
2771 4659 3018 4722 urbibus,
3087 4660 3178 4713 sed
3214 4657 3375 4710 etiam
3409 4658 3460 4709 in

1888 4748 2020 4801 vicis
2048 4758 2100 4800 et
2132 4746 2304 4816 pagis,
2337 4747 2466 4800 ﬁunt
2508 4748 2784 4801 hominum
2807 4759 3106 4801 conventus
3139 4749 3458 4808 cliorereuuc

1884 4840 2181 4903 ducuntur,
2210 4849 2265 4893 et
2295 4839 2399 4892 alia
2438 4840 2683 4908 quadam
2719 4841 2925 4893 ludicra
2955 4859 2967 4893 :
3004 4841 3105 4903 sic,
3133 4850 3189 4890 ut
3210 4848 3293 4890 est
3320 4840 3459 4891 veri—

1885 4920 2082 4997 simile,
2127 4931 2251 4984 olim
2281 4947 2498 5000 quoque
2547 4933 2985 5000 peragebantur;
3033 4931 3125 4985 sed
3183 4946 3244 4984 ea
3304 4941 3461 4983 crant

1883 5023 2236 5078 exsecranda.
2274 5023 2336 5077 Et
2364 5024 2484 5078 ideo
2508 5023 2692 5093 dicunt
2736 5022 2943 5089 Patres,
2993 5024 3133 5091 quod
3198 5025 3453 5093 quoniam

1887 5117 2070 5169 multis
2101 5117 2151 5169 in
2189 5116 2323 5169 locis
2360 5118 2608 5171 convivia
2647 5126 2999 5186 peraguntur,
3028 5132 3143 5184 qua:
3178 5134 3205 5169 ιι
3266 5116 3455 5170 Cranen

1884 5223 2070 5263 errore
2101 5209 2412 5262 habuerunt
2444 5209 2767 5277 principium
2793 5217 2850 5262 ut
2884 5208 2935 5260 in
2972 5207 3051 5261 cis
3114 5208 3274 5262 etiam
3333 5224 3457 5261 cou-

1884 5301 2132 5354 venirent
2161 5300 2475 5359 Christiani.
2513 5307 2565 5351 ct
2593 5299 2782 5352 eadem
2844 5316 2963 5354 cum
2998 5298 3200 5353 Cra-cis
3231 5314 3457 5369 perage-

1884 5398 2036 5443 rent:
2081 5388 2417 5442 admonendi
2477 5396 2604 5442 sunt
2657 5390 3012 5463 imperatores
3064 5398 3119 5442 ut
3166 5403 3227 5441 ea
3273 5387 3458 5457 prohi-

1881 5482 2081 5543 beant;
2108 5486 2161 5529 ct
2194 5494 2256 5529 co
2288 5478 2481 5547 magis.
2521 5478 2662 5545 quod
2696 5480 2856 5533 etiam
2895 5480 2945 5532 in
2973 5496 3126 5532 sacra
3183 5480 3294 5532 loca
3330 5493 3454 5545 pec-

1877 5580 2021 5624 cant.
2061 5568 2249 5622 Evenit
2279 5570 2443 5635 enim,
2482 5582 2655 5627 utnec
2687 5572 3054 5641 religiOsiorcs
3095 5570 3348 5623 mulieres
3400 5571 3453 5622 in

1877 5661 2163 5716 ecclesiam
2214 5663 2812 5733 conveniant,propter
2857 5679 2921 5719 ea
2943 5678 3064 5732 qtne
3122 5661 3349 5727 turpiter
3397 5670 3451 5715 et.

1878 5753 2132 5809 indecore
2165 5754 2333 5809 fiunt:
2361 5770 2556 5825 nempe
2584 5772 2705 5813 cum
2734 5758 2794 5825 ii,
2823 5757 2913 5827 qui
2946 5760 3059 5810 haec
3087 5752 3308 5817 audent,
3343 5750 3448 5806 int-
