3976 6390
220 421 304 484 251
1235 407 1315 468 ΙΝ
1344 406 1509 466 CAN.
1553 403 1708 464 LXX
1739 401 1947 461 CONC.
1983 398 2359 460 CARTIIAG.

3326 394 3435 456 262

283 528 456 582 ΒΔΔΣ.
500 525 673 579 Οὐδέν
737 541 789 577 τι
825 524 1012 593 ἕτερον
1058 527 1086 577 ὁ
1126 521 1322 591 παρὼν
1383 518 1566 573 κανὼν
1612 517 1759 582 λέγει

1942 508 2142 562 BALS.
2182 508 2432 561 Praesens
2484 521 2655 558 canon
2691 505 2825 558 nihil
2891 506 3036 559 aliud
3087 506 3237 572 dicit,
3271 519 3434 571 quam

223 620 322 676 ἀλλ’
366 619 395 689 ἢ
444 617 500 671 τὸ
547 617 728 686 ηπίως
785 617 880 668 καὶ
926 614 1220 685 εἰρηνικῶς
1275 610 1587 682 χρήσασθαι
1631 608 1758 666 τοὺς

227 710 444 778 Πατέρας
491 708 606 768 τοῖς
660 708 1031 768 Δονατισταῖς,
1064 704 1168 757 κᾶν
1195 703 1350 757 αὐτοὶ
1389 699 1760 768 ἀποσχίζωσιν

224 799 375 863 ἑκτῆς
403 794 492 848 τοῦ
528 794 810 864 Κυριακοῦ
851 794 1104 864 σώματος
1146 793 1415 856 ὲνὼσεως,
1472 786 1760 866 ᾕυριακὸν

222 889 270 942 δὲ
293 887 437 956 σῶμα
473 887 574 956 τὴν
615 886 941 957 Ἐκκλησίαν
975 886 1213 957 νοητέον,
1236 881 1304 956 ἧς
1326 882 1534 954 κεφαλὴ
1565 883 1593 935 ό
1622 881 1760 949 Χρι-

222 981 331 1043 στός
356 982 519 1033 ἐστιν·
564 979 598 1048 ἢ
632 979 704 1032 τὰ
745 981 864 1032 θεῖα
921 981 1216 1050 μυστήρια,
1258 977 1331 1039 ὼς
1394 978 1526 1045 περὶ
1585 973 1759 1025 ταῦτα

218 1073 411 1127 ἐκείνων
439 1071 856 1141 διαφερομένων
883 1073 999 1134 τοῖς
1045 1071 1282 1136 πιστοῖς,
1337 1067 1522 1130 καθὼς
1560 1063 1754 1135 προεί-

219 1183 377 1237 ρηται.

275 1259 508 1313 ΖΩΝΛΡ.
558 1258 650 1324 Ὠς
672 1260 931 1327 ἀνωτέρω
959 1258 1200 1328 εἴρηται,
1255 1253 1537 1326 ἀναφορὰν
1571 1254 1760 1322 ἐποιή-

216 1352 384 1419 σατοὴ
421 1349 641 1414 σύνοδος
671 1348 811 1420 αὕτη
847 1351 986 1420 πρὸς
1023 1349 1118 1402 τὸν
1170 1347 1392 1418 Ῥώμης
1425 1346 1754 1407 ἐπίσκοπον,

215 1442 295 1494 καὶ
329 1441 590 1513 δεξαμένη
630 1442 962 1518 γράμματα·
1007 1441 1220 1494 ἐκείνου
1279 1438 1537 1492 συνέθετο
1575 1437 1757 1505 ἠπίως

212 1534 291 1586 καὶ
323 1533 610 1602 εἰρηνικῶς
644 1533 956 1604 χρήσασθαι
993 1535 1108 1596 τοῖς
1149 1533 1519 1594 Δονατισταῖς,
1555 1529 1659 1583 κᾶν
1689 1530 1757 1581 τὰ

216 1625 424 1692 μάλιστα
457 1625 826 1694 ἀποσχίζωσι,
868 1626 1055 1694 φασιν,
1092 1625 1157 1677 ἐκ
1191 1624 1290 1692 τῆς
1339 1620 1434 1675 τοῦ
1478 1621 1756 1691 Κυριακοῦ

213 1716 436 1784 σώματος
458 1715 728 1779 ένὼσεως.
762 1716 1041 1786 Κυριακὸν
1061 1715 1119 1767 δὲ
1142 1714 1320 1784 σῶμα,
1343 1716 1377 1786 ἢ
1394 1715 1492 1784 τὴν
1524 1713 1758 1783 Ἐκκλη-

216 1805 318 1859 σίαν
341 1807 587 1876 νοητέον,
617 1808 738 1876 ἢτοι
775 1806 837 1859 τὸ
861 1807 970 1859 τῶν
1025 1805 1322 1876 όρθοδόξων
1354 1805 1653 1873 ἄθροισμα,
1693 1797 1755 1856 οὗ

212 1899 393 1969 κεφαλὴ
450 1900 722 1971 ἥγηταιρ
748 1900 1010 1970 Χριστὸς,
1059 1899 1093 1968 ἢ
1137 1899 1416 1967 Κυριακὺν
1475 1897 1635 1963 σῶμα
1689 1897 1758 1950 τὰ

213 1992 309 2046 θεῖα
353 1995 657 2064 μυστήρια,
698 1994 828 2062 περὶ
865 1992 1040 2047 ταῦτα
1075 1992 1303 2046 ἐκείνων
1347 1992 1755 2063 διαφερομένων

213 2088 308 2148 τοῖς
343 2090 580 2150 πιστοῖς,
626 2088 722 2139 καὶ
761 2087 834 2156 μὴ
885 2085 1030 2140 οὕτω
1064 2088 1406 2155 μετεχόντων
1434 2085 1635 2150 αὐτῶν,
1683 2086 1758 2148 ὡς

212 2177 240 2244 ή
265 2177 570 2246 Ἐκκλησία,
595 2179 711 2230 ἀλλ’
732 2178 920 2250 ἕτερόν
945 2196 1066 2232 τινα
1092 2179 1314 2248 τρόπον,
1347 2178 1423 2241 ὡς
1447 2180 1548 2249 ἤδη
1572 2178 1759 2249 προεί-

213 2283 350 2337 ρηται
375 2285 388 2299 ο
429 2270 520 2322 ἵνα
571 2270 698 2323 ὅσον
719 2270 782 2322 τὸ
810 2271 868 2322 ἐν
902 2272 1058 2341 ἡμῖν,
1116 2271 1239 2325 ἀντὶ
1274 2271 1396 2334 τοῦ,
1451 2273 1576 2324 ὅσον
1622 2274 1758 2339 πρὸς

209 2357 415 2429 δύναμιν
461 2361 751 2434 ἡμετέραν
800 2362 940 2427 ἐστὶ,
993 2361 1151 2432 δῆλον
1187 2357 1430 2432 ’γένηται
1479 2363 1613 2416 πᾶσι
1645 2365 1759 2427 τοῖς

213 2450 650 2517 συναιρεσιὼταις
681 2450 932 2516 ἐκείνων,
959 2451 1078 2514 πῶς
1121 2452 1336 2521 ἐλεεινῇ
1387 2452 1565 2523 πλάνῃ
1619 2471 1757 2506 κατ-

216 2539 596 2614 ιδεσμήθησαν,
625 2547 720 2596 καὶ
747 2545 964 2610 γνόντες
993 2545 1092 2615 τὴν
1145 2546 1403 2617 ἀλήθειαν
1457 2546 1588 2608 ἴσως
1636 2548 1760 2600 ἐπι-

216 2635 484 2703 πρέφωσι.
517 2635 838 2704 Κέχρηνται
886 2635 943 2688 δὲ
987 2637 1082 2689 καὶ
1111 2638 1482 2702 ἐπιστολικαῖς
1526 2639 1757 2702 ἐννοίαις

213 2728 290 2778 καὶ
310 2731 529 2798 ρήμασιὲ

210 2818 402 2876 ΑΡΙΣΤ.
421 2839 440 2871 α
459 2821 686 2885 Ἔδοξεν
706 2823 885 2893 ἠπίως
909 2823 1001 2876 καὶ
1017 2824 1309 2894 εἰρηνικῶς
1335 2823 1761 2894 προσενεχθῆναι

273 2926 288 2960 t
316 2913 423 2974 τοῖς
444 2913 828 2975 Δονατισταῖς,
865 2911 1071 2982 καίπερ
1100 2913 1497 2984 ἀποσχίζουσιν
1529 2915 1758 2975 ἑαυτοὺς

274 3015 292 3047 ι
321 2999 414 3070 τῆς
459 3000 798 3071 Ἐκκλησίας
827 3017 844 3033 ο
877 3002 930 3053 εί
958 3019 1097 3066 πως,
1144 3002 1490 3066 αἰδεσθέντες
1515 3002 1613 3074 τὴν
1633 3003 1762 3055 πσλ-

271 3109 288 3140 ι
321 3091 410 3162 λην
433 3092 597 3163 ἡμῶν
618 3091 960 3164 ἡμερότητα,
985 3094 1083 3164 τῆς
1107 3094 1486 3166 αἰχμαλωσίας
1513 3096 1760 3166 ἀνασφή-

270 3201 287 3234 ι
322 3184 465 3241 λωσι.
499 3205 521 3238 ι
820 3217 824 3220 -

268 3277 350 3330 Δεῖ
373 3281 494 3341 τοὺς
525 3277 628 3331 τοῦ
661 3277 836 3348 πράου
867 3279 961 3332 καὶ
998 3278 1275 3350 εἰρηνικοῦ
1298 3278 1536 3350 Χριστοῦ
1578 3280 1755 3349 μαθη-

212 3367 292 3432 τὰς
315 3369 398 3422 διὰ
426 3369 716 3441 φροντίδος
743 3370 987 3425 τίθεσθαι
1014 3373 1144 3434 τοὺς
1170 3371 1577 3440 ἀποσχίζοντας
1609 3368 1758 3424 ’ἑαυ-

210 3460 316 3522 τοὺς
342 3462 436 3530 τῆς
471 3461 779 3530 καθολικῆς
819 3461 1148 3531 Ἐκκλησῖας
1202 3461 1476 3526 παντοίως
1503 3463 1756 3516 σπεύδειν

210 3547 534 3617 ἑπισυνάγειν
567 3551 707 3619 μετὰ
732 3551 1040 3619 πραότητός
1069 3567 1127 3602 τε
1156 3553 1252 3604 καὶ
1283 3553 1645 3624 ἡμερότητος,
1663 3555 1758 3607 καὶ

211 3641 478 3705 προσενοῦν
504 3642 714 3703 αὐτοὺς
760 3641 918 3704 αὖθις
942 3645 1007 3712 τῇ
1069 3643 1368 3712 Ἐκκλησία
1389 3659 1402 3675 ο
1436 3645 1511 3714 μὴ
1572 3646 1758 3713 μέντοι

211 3745 262 3794 γε
284 3730 522 3802 δὲμόνοι.
561 3733 623 3786 τὸ
657 3735 860 3786 οἰκεῖον
914 3734 1218 3802 ἐπιζητεῖν,
1263 3735 1482 3803 καὶτῆς
1514 3735 1623 3788 τῶν
1670 3735 1763 3788 ἆλ-

208 3816 298 3870 λων
330 3825 609 3894 σωτηρίας
639 3827 1023 3893 καταφρονεῖν.
1052 3825 1152 3877 Διὰ
1177 3824 1336 3878 τοῦτο
1367 3825 1499 3894 γοῦν
1520 3827 1762 3892 καὶτοὺς

208 3912 512 3976 Δονατιστὰς
559 3915 658 3967 τοῦ
717 3915 997 3984 κυριακοῦ
1053 3915 1307 3985 σώματος
1357 3919 1761 3988 ἀποσχίσαντας

207 4001 430 4069 ἑαυτοὺς,
457 4005 557 4058 καὶ
578 4007 650 4075 τῇ
683 4005 864 4075 πλάνῃ
918 4006 1355 4070 καταδεθέντας,
1397 4009 1524 4078 μήδ’
1555 4011 1762 4079 ἡμερό-

205 4109 345 4160 τητος
376 4099 408 4166 ἠ
435 4097 666 4159 σύνοδος
705 4095 874 4166 ὥρισε
906 4098 1225 4168 προσελθεῖν
1265 4100 1474 4164 αὐτοῖς,
1515 4103 1610 4156 καὶ
1662 4121 1757 4155 πα-

208 4187 485 4252 ρακαλέσαι
515 4189 843 4243 καταλιπεῖν
862 4188 959 4260 τὴν
977 4189 1213 4260 πλάνην,
1247 4191 1342 4244 καὶ
1370 4191 1468 4262 τὴν
1501 4193 1761 4262 ἀλήθειαν

1863 602 2052 655 Patres
2117 600 2314 654 leniter
2372 610 2426 652 et
2489 598 2698 667 placide
2759 597 2961 652 debere
3016 597 3070 650 in
3123 592 3485 651 Donatistas‘

1861 707 2042 759 agere,
2071 692 2288 745 etiamsi
2331 691 2364 742 ii
2400 706 2429 744 a
2494 689 2759 744 Duminici
2820 689 3062 756 corporis
3125 688 3326 744 unione
3376 703 3437 742 se

1867 782 2210 836 abscindant.
2240 780 2448 842 Domini
2483 791 2660 834 autem
2694 795 2891 850 corpus
2907 781 2990 835 vel
3019 779 3317 834 Ecclesiam
3353 778 3436 831 in-

1873 875 2114 943 telligere
2141 884 2374 943 oportet,
2409 871 2562 940 cujus
2590 871 2751 942 603
2785 881 2948 940 caput
3013 881 3094 924 est
3137 869 3428 923 Christus:

1860 965 1943 1017 vel
1971 964 2146 1018 divina
2200 963 2475 1033 mysteria,
2525 973 2713 1030 utpote
2754 961 2862 1015 illis
2909 976 2939 1013 a
2990 959 3237 1014 ﬁdelibus
3275 958 3328 1011 in
3365 955 3434 1010 iis

1861 1055 2331 1121 dissentientibus,
2369 1065 2422 1108 ιιι
2451 1065 2610 1108 antea
2642 1053 2841 1108 dictum
2883 1065 2967 1107 est

1929 1211 2180 1284 ZUNAR.
2206 1229 2663 1295 Quemadmodum
2693 1244 2854 1297 supra
2903 1228 3163 1295 diximus,
3183 1229 3430 1299 qutedam

1859 1323 1924 1376 ab
1968 1322 2068 1376 hac
2093 1321 2299 1393 synodo
2327 1322 2391 1374 ad
2415 1321 2721 1375 Romanum
2754 1321 3066 1391 episcopum
3101 1322 3268 1375 relata
3289 1331 3438 1384 sunt,

1859 1427 2022 1482 aquo
2066 1425 2252 1482 postea
2304 1412 2498 1467 litteris
2557 1411 2822 1481 acceptis,
2870 1413 3166 1466 clementer
3222 1422 3279 1465 et
3338 1413 3436 1466 hu-

1859 1514 2014 1553 mane
2047 1499 2498 1557 canonatistis
2531 1500 2798 1569 agendum
2823 1515 2942 1555 esse
2958 1501 3186 1566 statuit;
3228 1516 3428 1570 quam-

1858 1592 1940 1644 vis
1977 1605 2037 1645 se
2065 1590 2324 1656 maxime,
2363 1591 2639 1660 inquiunt,
2672 1591 2706 1644 a'
2742 1590 3004 1656 Dominici
3034 1593 3279 1661 corporis
3314 1592 3436 1645 uni-

1861 1687 1968 1734 tate
1994 1681 2305 1750 scjungant.
2337 1681 2692 1737 Dominicutn,
2734 1698 2863 1737 vero
2918 1698 3136 1751 corpus,
3197 1694 3288 1738 aut
3340 1683 3442 1738 Ec-

1862 1769 2082 1824 clesiam
2144 1770 2379 1835 intellige
2436 1786 2528 1826 seu
2593 1772 3025 1828 orthodoxorum
3072 1781 3436 1837 conventum,

1794 1850 1834 1903 Β
1863 1860 2016 1929 cujus
2048 1871 2211 1930 caput
2239 1861 2486 1916 Christus
2535 1878 2656 1940 esse
2702 1872 2975 1925 censetur.
3027 1872 3118 1916 aut
3173 1864 3436 1918 Doniiuici

1865 1953 2110 2019 corporis
2144 1961 2359 2007 sacrata
2406 1956 2688 2022 mysteria,
2751 1955 2892 2023 quod
2957 1956 3010 2008 in
3069 1955 3136 2010 iis
3191 1956 3440 2010 videlicet

1863 2041 2098 2098 maxime
2128 2043 2201 2096 illi
2241 2058 2268 2096 a
2313 2042 2562 2098 ﬁdelibus
2625 2045 2998 2108 dissentirent.
3053 2061 3114 2099 ac
3154 2047 3234 2100 eis
3280 2046 3435 2116 longe

1861 2131 2077 2188 diversa
2110 2135 2319 2189 ratione
2343 2137 2496 2203 abkea
2528 2149 2688 2205 quam
2722 2135 2962 2191 Ecclesia
3019 2137 3349 2205 praescribit,
3380 2148 3437 2191 ut

1855 2223 1969 2292 jam
2000 2237 2156 2278 antea
2184 2225 2446 2290 diximus,
2492 2228 2981 2282 communicarent.
3021 2225 3110 2290 Ut,
3171 2238 3434 2296 quantum

1863 2315 1916 2368 in
1951 2316 2106 2370 nobis
2129 2324 2241 2380 est,
2269 2317 2540 2379 omnibus,
2573 2318 2660 2386 qui
2688 2317 2775 2371 illa
2803 2319 2992 2371 haeresi
3013 2308 3305 2385 tenentur,
3362 2320 3435 2372 sit

1862 2414 2071 2471 notum,
2127 2405 2285 2475 quam
2325 2407 2617 2462 miserabili
2648 2418 2936 2464 versentur
2966 2411 3018 2463 in
3047 2426 3254 2474 errore,
3303 2427 3430 2481 per-

1809 2507 1813 2514 ‘
1861 2508 2154 2568 spectaque
2179 2498 2676 2554 veritate'fortasse
2709 2501 2776 2554 ad
2838 2502 3128 2556 sanitatem
3191 2503 3434 2558 redeant.

1861 2587 2036 2656 Atque
2071 2590 2184 2644 hac
2213 2590 2428 2660 quidem
2464 2591 2778 2660 apostolicis
2823 2601 2876 2645 et
2899 2593 3186 2649 sententiis
3211 2602 3267 2649 et
3309 2609 3427 2664 rer-

1862 2679 1948 2733 bis
1985 2680 2351 2749 explicavcre.

1860 2852 2085 2908 ARIST.
2133 2876 2151 2908 ι
2179 2854 2366 2912 Visum
2401 2857 2604 2923 estfut
2636 2861 2903 2915 [eniteret
2929 2861 3154 2929 paciﬁce
3176 2877 3298 2917 cum
3329 2861 3430 2917 Do.

1935 2965 1953 2998 ι
1989 2949 2201 3004 natistis
2234 2959 2447 3017 agatur,
2474 2951 2686 3005 etiamsi
2714 2965 2774 3006 se
2804 2952 2871 3005 ab
2911 2951 3151 3007 Ecclesia
3210 2968 3432 3023 separa-

1942 3057 1960 3090 ι
1997 3050 2162 3094 runt:
2199 3043 2242 3096 si
2275 3039 2418 3096 forte
2440 3043 2694 3096 eximiam
2729 3052 2966 3098 nostram
2997 3055 3306 3100 reverentes
3364 3046 3442 3098 le-

1942 3147 1961 3181 ι
1998 3131 2219 3187 nitatem
2244 3147 2274 3186 a
2308 3133 2626 3201 captivitate
2660 3134 3050 3206 liberentur.)

1930 3303 2156 3370 Oportet
2189 3308 2340 3362 mitis
2373 3318 2426 3362 et
2452 3309 2661 3378 paciﬁci
2707 3309 2909 3365 Christi
2935 3310 3228 3378 discipulos
3258 3327 3441 3366 curam

1861 3397 2059 3450 habere
2092 3414 2278 3452 eorum
2317 3401 2405 3467 qui
2451 3417 2508 3454 se
2548 3403 2614 3454 ab
2642 3399 2885 3456 Ecclesia
2918 3403 3180 3457 catholica
3213 3418 3432 3472 separa-

1860 3496 2004 3551 ruut,
2039 3499 2093 3544 et
2120 3491 2340 3543 omnino
2363 3493 2587 3545 studere
2623 3507 2744 3546 cum
2795 3493 3024 3547 lenitate
3073 3502 3128 3547 et
3179 3509 3440 3550 mansne.

1861 3579 2044 3633 tudine
2067 3581 2346 3644 reducere,
2378 3595 2577 3650 eosque
2603 3581 2853 3636 Ecclesia:
2881 3583 3074 3636 iterum
3103 3584 3260 3639 unire
3285 3603 3300 3638 :
3336 3603 3441 3640 non
3468 3629 3473 3633 .

1861 3671 2073 3737 quidem
2109 3687 2266 3724 suum
2308 3681 2516 3726 tantum
2556 3689 2820 3742 quaerere,
2856 3685 2916 3741 et
2950 3675 3180 3731 aliorum
3213 3679 3440 3732 salutem

1863 3759 2132 3828 neglectui
2162 3762 2380 3816 habere.
2443 3765 2624 3820 dcirco
2683 3766 2865 3833 itaque
2910 3764 3236 3832 Douatistas,
3289 3768 3439 3834 quia

1867 3849 2142 3905 Dominico
2174 3866 2404 3919 corpore
2441 3866 2500 3904 se
2539 3853 2906 3918 absciderunt,
2939 3866 2991 3908 et
3016 3869 3199 3908 errore
3239 3856 3440 3910 detenti

1865 3938 2100 4002 fuerunt,
2131 3943 2365 4009 synodus
2393 3941 2631 3997 decrevit
2665 3956 2784 3996 cum
2813 3945 3232 4000 mansuetudine
3257 3947 3431 4006 adire.

1864 4038 1919 4084 et
1958 4029 2236 4084 adhortari
2270 4044 2515 4086 errorem
2553 4032 2830 4095 deserere,
2860 4043 2916 4086 et
2954 4049 3253 4104 agnoscere
3293 4035 3436 4089 veri-

1867 4130 2032 4175 tatem
2060 4135 2075 4188 ;
2107 4132 2165 4176 ιιι
2199 4123 2603 4177 adhortantium
2637 4123 2961 4178 charitatem
3015 4136 3068 4180 et
3124 4135 3440 4180 mansuetu-

1871 4214 2049 4268 dinem
2088 4214 2229 4271 l'orte
2255 4223 2587 4280 reverentes,
2625 4231 2653 4270 a
2682 4217 2997 4284 captivitate
3030 4219 3354 4272 liberentur.

206 4277 504 4376 ίίτνίνιῖἰναξ⁸
543 4280 917 4351 ἵν’τσωςντὴν
963 4281 1186 4350 ἀγάπην
1225 4281 1334 4334 τῶν
1397 4285 1864 4354 παρακαλούντων
1910 4303 2004 4356 καὶ
2067 4303 2164 4372 τὴν
2225 4304 2509 4374 πραότητα
2571 4305 2929 4372 αἰδεσθέντες,
2979 4303 3440 4376 ἀνασφήλωσιτῆς

205 4368 592 4441 αἰχμαλωσίας.-

793 4462 1031 4517 manu
1094 4464 1206 4534 0.;

211 4571 226 4603 ι
259 4556 381 4629 Περὶ
417 4556 769 4630 γραμμάτων
795 4557 1120 4626 ὀφειλόντων
1139 4559 1252 4622 τοῖς
1277 4559 1541 4631 ἄρχουσιν
1575 4563 1761 4634 Ἀφρι-

268 4665 286 4696 ι
319 4652 430 4713 κοῖς
461 4649 867 4720 ἀποσταλῆναι,
895 4649 1040 4704 ὥστε
1070 4651 1354 4721 κατάδηλα
1402 4655 1662 4721 γενέσθαι
1694 4659 1761 4710 τὰ

267 4757 285 4787 ι
316 4735 520 4811 μεταξῦ
587 4743 701 4796 τῶν
762 4743 1108 4798 Δονατιστῶν
1161 4745 1256 4798 καὶ
1311 4744 1762 4816 Μαξιμιανιστῶν

269 4836 661 4904 «πραχθέντα.
728 4836 964 4904 Ἤρεσεν
1015 4835 1195 4888 τοίνυν
1251 4835 1339 4888 ἵνα
1374 4837 1436 4889 ἐκ
1472 4838 1568 4908 τῆς
1623 4840 1763 4908 ἡμε-

271 4940 288 4972 ι
329 4925 494 4996 τέρας
519 4928 744 4980 συνόδου
773 4926 1238 4996 γράμματαπρδς
1265 4927 1391 4990 τοὺς
1429 4928 1526 4998 τῆς
1573 4931 1762 4998 ’Λφρι-

272 5033 288 5064 ι
323 5017 426 5087 κῆς
457 5018 736 5088 ἄρχοντας
781 5017 1035 5082 ίοθῶσιν,
1073 5016 1166 5085 ἀφ’
1203 5011 1280 5071 ὧν
1336 5018 1556 5088 αἰτῆσαι
1588 5019 1761 5089 ἁρμό-

272 5123 288 5157 ι
322 5105 429 5162 διον
456 5109 642 5172 ἔδοξεν
677 5109 926 5179 περὶτοῦ
963 5108 1234 5179 βοηθῆσαι
1268 5111 1333 5180 τῇ
1393 5113 1550 5180 κοινῇ
1594 5112 1762 5181 μητρὶ

273 5217 288 5247 ι
320 5203 384 5269 τῇ
403 5200 673 5271 καθολικῇ
708 5199 1026 5270 Ἐκκλησία,
1051 5202 1108 5253 ὲν
1129 5195 1213 5262 οἷς
1255 5202 1288 5270 ἡ
1313 5201 1420 5252 τῶν
1447 5202 1763 5265 ἐπισκόπων

271 5307 288 5339 ι
315 5291 578 5346 αὑθεντία
612 5294 672 5344 ἐν
700 5294 822 5351 ταῖς
888 5292 1079 5345 πόλεσι
1119 5295 1544 5360 καταφρονεῖται
1570 5308 1585 5323 ο
1615 5292 1762 5344 τοῦτ’

270 5400 287 5431 ι
317 5382 463 5436 ἐστιν
492 5384 584 5436 ἵνα
610 5385 907 5454 ἀρχοντικῇ
970 5384 1262 5454 δυναστείᾳ
1309 5385 1405 5436 καὶ
1471 5384 1764 5456 ἐπιμελείᾳ

265 5489 282 5522 ι
321 5474 413 5527 καὶ
435 5474 804 5544 Χριστιανικῇ
837 5475 1019 5527 πίστει
1075 5475 1464 5545 ἀναζητήσωσι
1492 5478 1560 5529 τὰ
1599 5479 1766 5545 γενό-

270 5581 285 5612 t
321 5583 458 5634 μενα
491 5567 554 5619 ἐν
580 5567 719 5629 ὅλοις
766 5569 879 5628 τοῖς
914 5567 1118 5631 τόποις,
1148 5569 1207 5620 ὲν
1235 5561 1315 5629 οἷς
1359 5568 1410 5619 οἱ
1432 5567 1766 5636 Μαξιμιανι·

267 5671 283 5704 ι
323 5655 444 5710 erat
478 5657 772 5728 ἐκκλησίας
832 5657 1096 5728 κατέσχον
1119 5673 1137 5690 ο
1175 5658 1257 5710 ἔτι
1281 5658 1336 5711 δὲ
1367 5659 1459 5711 καὶ
1491 5663 1614 5722 τοὺς
1668 5659 1763 5712 ἀπ’

267 5765 285 5798 ι
319 5748 501 5802 αὐτῶν
532 5751 964 5821 ἀποσχίσαντας,
998 5753 1090 5804 καὶ
1114 5751 1398 5820 δημοσίοις
1426 5753 1752 5820 πεπραγμέ-

272 5856 422 5903 ινοι;
480 5841 583 5911 τὴν
633 5844 762 5914 περὶ
804 5843 1012 5895 τούτων
1067 5845 1267 5909 γνῶσιν
1316 5844 1540 5913 βεϐαίαν
1596 5846 1760 5899 πᾶσιν

270 5948 292 5984 ι
322 5932 633 6005 ἀναγκαίως
662 5937 965 6006 ποιήσωσιν
997 5934 1297 6007 ἐντεθῆναι.
1337 5953 1356 5986 ι

1791 4484 1842 4544 D

2435 4485 2665 4542 CANON
2711 4485 2871 4540 LXX.

1871 4594 1888 4626 ι
1925 4576 1998 4630 De
2023 4575 2217 4631 litteris
2239 4591 2358 4646 qua:
2400 4577 2538 4631 mitti
2585 4578 2779 4631 debent
2811 4574 3441 4645 magistratibusAﬁ‘ica‘,

1957 4683 1975 4716 ι
2007 4675 2064 4720 ιιι
2089 4666 2233 4719 clara
2267 4668 2376 4721 sint
2425 4683 2543 4737 qua:
2603 4668 2748 4722 inter
2799 4666 3107 4720 Donatistas
3168 4676 3218 4718 et
3269 4666 3436 4720 Maxi-

1939 4775 1957 4807 ι
1996 4758 2280 4813 mianistas
2314 4766 2430 4813 acta
2460 4767 2604 4812 sunt.
2636 4756 2848 4812 Placuit
2898 4773 3026 4825 ergo
3057 4768 3112 4812 ιιι
3151 4773 3213 4810 ex
3249 4768 3432 4814 nostra

1953 4867 1971 4899 ι
2003 4851 2208 4918 synodo
2237 4848 2431 4902 litterte
2456 4850 2520 4902 ad
2547 4847 2742 4902 Africae
2782 4849 3128 4916 magistratus
3155 4851 3374 4912 dentur,
3401 4866 3430 4902 a

1945 4958 1960 4989 ι
1999 4941 2193 5008 quibus
2221 4949 2400 5009 petcrc
2423 4949 2851 4995 consentaneum
2879 4941 3062 4996 visum
3083 4951 3184 5004 est,
3211 4952 3265 4994 ut
3289 4958 3407 4996 com
3426 4972 3438 4982 -

1952 5050 1969 5081 ι
2006 5032 2151 5085 ιιιιιιιί
2187 5033 2357 5103 matri,
2398 5033 2685 5090 catholicae
2717 5032 2974 5088 Ecclesia:
3027 5048 3187 5102 cpem
3243 5033 3440 5097 ferant,

1963 5137 2058 5188 reo
2087 5111 2640 5194 quod‘episcoporum
2666 5124 2964 5178 auctoritas
3015 5126 3068 5178 in
3116 5125 3433 5179 civitatibus

1951 5232 1968 5265 ι
2008 5215 2409 5282 contemnitur;
2448 5218 2500 5270 id
2531 5226 2635 5282 est,
2679 5225 2736 5268 nt
2780 5233 2875 5269 sua
2935 5227 3200 5286 potestate
3236 5227 3291 5272 et
3341 5234 3439 5271 an-

1956 5307 2248 5358 ccto‘ritate
2285 5309 2570 5375 studioque
2628 5315 2682 5360 et
2721 5307 2822 5361 title
2886 5308 3194 5363 Christiana
3256 5310 3438 5376 inqui-

1964 5415 1981 5448 ι
2016 5406 2135 5450 rant
2164 5412 2284 5463 qua:
2336 5399 2673 5452 inmunibus
2739 5399 2874 5454 lucis
2929 5402 3084 5464 ﬁunt,
3137 5401 3191 5454 in
3247 5401 3442 5468 quibus

1948 5507 1965 5537 ι
2001 5488 2412 5543 Maximianistae
2463 5491 2727 5545 ecclesias
2766 5493 3110 5546 detinuerunt
3135 5508 3148 5544 :
3175 5501 3436 5559 prmlerea

1950 5601 1968 5631 4
2003 5593 2205 5646 autem,
2243 5593 2302 5635 ut
2335 5584 2425 5651 qui
2469 5583 2538 5636 ab
2568 5586 2697 5650 ipsis
2726 5585 2952 5639 abscissi
2999 5591 3143 5648 sunt,
3190 5584 3442 5637 omnibus

1961 5688 1978 5720 ι
2020 5669 2230 5722 firmant
2263 5686 2326 5722 ac
2355 5669 2603 5724 stabilem
2632 5673 2696 5724 de
2718 5673 2782 5725 iis
2805 5673 3163 5740 cegnitionetn
3191 5683 3440 5724 necessa-

1951 5779 1968 5811 ι
2017 5761 2093 5815 tio
2129 5763 2263 5815 aclis
2300 5761 2528 5831 publicis
2565 5762 2725 5818 inseri
2770 5762 2988 5816 faciunt.
3031 5781 3048 5813 ι
