3976 6390
479 394 587 458 263

1737 388 2014 450 THEOD.
2066 390 2302 454 BALSA
2312 395 2474 455 MON

3605 393 3720 464 261

546 502 742 558 BALS.
769 501 868 556 Hic
905 501 1183 564 statuitur,
1217 500 1426 553 litteras
1469 495 1758 567 synodales
1786 498 1852 550 ad
1878 498 2041 566 magi-

2222 504 2418 558 ΒΑΛΣ.
2453 503 2778 559 Τετύπωται
2819 505 3068 560 ἐνταυθοῖ
3120 505 3429 577 γράμματα
3471 509 3721 577 γενέσθαι

482 606 690 650 stratus
712 595 803 664 qui
831 601 959 648 sunt
982 595 1034 647 in
1064 593 1245 647 Africa
1271 591 1410 652 dari,
1466 598 1524 642 ut
1576 588 1836 643 Ecclesiae
1885 602 2045 657 opem

389 729 412 750 ,
475 686 775 751 ferant,ubi
828 687 1208 755 episcoporum
1281 683 1590 736 auctoritas
1637 680 2046 746 contemnitur;

475 791 531 835 et
559 795 657 850 per
693 793 878 833 eorum
908 786 1228 844 pntcstatem
1278 774 1630 841 corrigantur
1671 771 1900 825 audacia
1936 771 2039 824 lm-

475 871 768 926 reticorum
797 868 1034 934 incepta,
1067 865 1151 918 vel
1189 880 1284 933 per
1317 872 1437 918 acta
1473 863 1688 932 publice
1715 861 1936 929 scripta,
1968 860 2052 916 vel

474 978 570 1031 per
605 958 950 1014 manifestam
984 956 1344 1026 punitionem.

543 1157 798 1212 ZONAR.
835 1154 1028 1209 Munus
1075 1153 1451 1222 episcoporum
1489 1151 1588 1205 fuit
1625 1149 1892 1220 populum
1925 1167 2052 1204 eru-

472 1250 608 1304 dire.
645 1249 796 1314 Quod
827 1247 871 1300 si
925 1256 1106 1298 essent
1159 1244 1399 1299 seditiosi
1455 1260 1518 1298 ac
1573 1245 1891 1312 importuni,
1958 1245 2046 1312 qui

471 1336 733 1390 tumultus
766 1349 829 1387 ac
881 1333 1315 1403 perturbationes
1381 1334 1433 1387 in
1505 1332 1746 1387 Ecclesia
1806 1333 2046 1386 concita—

470 1435 610 1488 rent,
649 1427 714 1478 ad
741 1439 834 1478 eos
860 1424 1200 1478 coercendos
1251 1423 1517 1476 auxilium
1553 1438 1580 1475 a
1640 1422 2050 1491 magistratibus

468 1515 844 1585 implorabant.
884 1515 1029 1568 Idem
1083 1514 1248 1583 igitur
1286 1515 1386 1566 hoc
1449 1513 1570 1566 loco
1629 1511 1912 1575 statuitur,
1970 1513 2038 1566 ad

466 1620 667 1674 eosque
732 1605 1107 1673 magistratus,
1160 1614 1218 1658 ut
1252 1603 1502 1657 Ecclesiae
1556 1603 1837 1658 catholica:
1890 1620 2041 1658 cont-

468 1699 650 1752 munis
715 1695 958 1749 omnium
1018 1694 1261 1762 parentis
1315 1693 1676 1761 patrocinium
1725 1694 2044 1762 suscipiant,

470 1792 670 1846 littera:
695 1793 1089 1846 decernuntur.
1123 1789 1328 1844 Parens
1358 1805 1488 1844 vero
1529 1790 1763 1844 ﬁdelium
1799 1805 2041 1844 commu-

2157 591 2414 647 συνιδικὰ
2467 595 2604 663 πρὸς
2654 595 2780 657 τοὺς
2841 596 2898 647 ὲν
2939 596 3172 665 Ἀφρικῇ
3209 596 3496 666 ἄρχοντας,
3531 599 3607 662 ὼς
3659 601 3728 654 ἂν

2159 685 2473 756 βοηθήσωσι
2509 691 2574 757 τῇ
2621 687 2944 758 Ἐκκλησία,
2975 690 3032 739 ὲν
3065 682 3148 751 οἷς
3197 691 3230 757 ἡ
3266 691 3376 742 τῶν
3407 691 3730 743 ἐπισκόπων.

2154 778 2415 830 αὐθεντία
2448 783 2874 849 καταφρονεῖται
2893 794 2908 808 ·
2935 782 3033 836 κα)⁸
3071 780 3159 834 διὰ
3185 782 3283 850 τῆς
3309 779 3518 835 τούτων
3562 779 3722 834 δυνά-

2158 886 2301 938 μεως
2319 871 2653 941 διορθωθῶσι
2667 873 2736 924 τὰ
2759 873 2911 944 παρὰ
2933 874 3042 926 τῶν
3059 874 3354 944 αἱρετιηκῶν
3371 873 3720 942 τολμώμενα,

2153 963 2185 1032 ἢ
2214 962 2301 1015 διὰ
2329 964 2745 1034 ὑπομνημάτων
2771 966 3010 1038 δημοσίᾳ
3026 966 3389 1038 γραφομένων
3423 967 3456 1038 ἢ
3481 965 3572 1020 διὰ
3621 983 3722 1034 φα-

2153 1057 2318 1122 νερᾶς
2352 1056 2709 1125 ἐκδικήσεως.

2216 1147 2474 1198 ’ΖΩΝΑΡ.
2513 1149 2574 1199 Ui
2603 1148 2894 1201 ἐπίσκοποι
2943 1149 3224 1203 ἐδίδασκον
3252 1148 3378 1213 τοὺς
3416 1149 3598 1212 λαούς.
3658 1149 3719 1203 Ei

2157 1237 2214 1290 δέ
2249 1255 2396 1299 τινες
2425 1232 2563 1307 ἦσαν
2592 1239 2818 1300 ἄτακτοι
2850 1241 2944 1294 καὶ
2987 1243 3327 1305 στασιώδεις,
3363 1240 3724 1308 θορυϐοῦντες

2152 1329 2249 1382 καὶ
2275 1330 2645 1399 ταράσσοντες
2682 1331 2782 1400 τὴν
2815 1332 3164 1402 Ἐκκλησίαν,
3203 1334 3346 1386 κατὰ
3384 1333 3498 1385 τῶν
3540 1329 3723 1385 τοιού-

2151 1438 2260 1472 των
2291 1421 2620 1492 ἁρχοντικὴν
2647 1423 2894 1487 ἐξουσίαν
2919 1424 3314 1480 ἀττεκαλοῦντο.
3345 1423 3516 1476 Τοῦτο
3537 1422 3724 1474 τοίνυν

2151 1514 2432 1569 κάνταῦθα
2483 1515 2709 1584 ποιῆσαι
2769 1517 3133 1581 συντίθενται,
3338 1515 3550 1585 γράψαι
3605 1516 3722 1576 τοῖς

2150 1605 2380 1674 ἄρχουσι
2449 1605 2712 1676 βοηθῆσαι
2761 1610 2830 1678 τῇ
2891 1610 3049 1678 κοινῇ
3113 1607 3282 1678 μητρὶ
3337 1609 3402 1676 τῇ
3454 1604 3718 1674 καθολικῇ

2163 1699 2485 1769 Ἐκκλησία.
2535 1701 2736 1770 Μήτηρ
2770 1701 2826 1754 δὲ
2859 1701 2966 1753 τῶν
2999 1702 3216 1754 πιστῶν.
3239 1700 3462 1768 λέγεται
3490 1701 3524 1769 ή
3590 1692 3718 1754 Ἑκ-

2152 1788 2374 1856 κλτ,σία,
2405 1789 2478 1854 ὼς
2511 1791 2570 1843 ἐν
2625 1793 2763 1861 αὐτῇ
2805 1793 3269 1863 ἀναγεννωμένων
3301 1793 3458 1862 ἡμῶν
3485 1792 3578 1846 διὰ
3621 1790 3719 1844 τοῦ

467 1885 550 1938 nis
571 1883 810 1938 Ecclesia
840 1882 1056 1942 dicitur,
1093 1883 1235 1949 quod
1265 1883 1316 1934 in
1351 1897 1413 1935 ea
1468 1882 1652 1936 divino
1686 1882 2034 1951 baptismatis

2172 1879 2307 1947 ιγίου
2368 1857 2762 1950 βαπτίσματος-
2812 1857 3221 1952 γέννησινντὴν,
3275 1857 3546 1953 ἡμερινὴν
3621 1884 3722 1938 καὶ

467 1991 689 2028 munere
721 1974 928 2028 initium
983 1976 1102 2028 vitae
1151 1974 1490 2037 duxerimus,
1524 1989 1587 2028 ac
1634 1973 1753 2042 ejus
1825 1976 2042 2042 quidem

467 2067 626 2129 vitae,
663 2082 823 2135 quant
861 2067 911 2118 itt
949 2066 1130 2119 divina
1169 2065 1286 2119 luce
1327 2081 1390 2120 ac
1441 2066 1696 2119 libertate
1753 2065 2042 2135 perturba-

465 2158 672 2212 tionum
703 2157 936 2212 vinculis
968 2157 1132 2211 soluti
1167 2158 1433 2226 (tegimus,
1466 2157 1727 2226 cujusque
1781 2157 2045 2212 beneficio

466 2249 534 2301 ad
566 2248 805 2302 caelestis
825 2251 945 2302 Vitae
970 2247 1280 2302 felicitatem
1308 2254 1673 2316 pervenimus.
1702 2246 2042 2302 Patrocinari

465 2339 917 2410 veroGOﬁillos
955 2341 1011 2393 in
1068 2341 1134 2394 iis
1185 2339 1350 2394 rebus
1408 2341 1649 2394 maxime
1704 2340 1918 2403 volunt,
1984 2341 2036 2394 in

464 2431 660 2497 quibus
682 2427 978 2483 auctoritas
1009 2429 1388 2498 episcoporum
1409 2428 1810 2483 contemnitur:
1843 2437 1902 2482 ut
1927 2445 2041 2481 ma-

465 2521 787 2590 gistratuum
836 2521 1027 2589 opibus
1063 2520 1231 2588 adjuti
1263 2519 1314 2573 in
1343 2535 1430 2583 ea,
1485 2534 1604 2588 qute
1659 2535 1688 2572 a
1748 2519 2036 2572 Maximiao

467 2613 624 2665 uistis
677 2619 982 2680 patrantur,
1033 2612 1337 2682 inquirant.
1402 2610 1823 2664 Maximianista:
1873 2624 2039 2678 porro

467 2703 683 2771 quidam
717 2692 958 2756 erantex
989 2703 1182 2757 hteresi
1220 2703 1654 2766 Donatistarum,
1696 2702 1787 2772 qui
1836 2717 1863 2753 a
1914 2715 2038 2770 gre-

463 2793 678 2862 galibus
709 2794 822 2847 suis
856 2793 1128 2846 haereticis
1153 2792 1466 2847 secessione
1505 2792 1648 2846 faeta
1707 2792 2040 2847 orthodoxo-

466 2902 582 2937 nim
615 2885 889 2939 Ecclesias
921 2892 1343 2953 occupaverant.
1397 2887 1472 2939 De
1541 2886 1628 2938 bis
1683 2889 1810 2960 ergo
1853 2885 2040 2954 synodi

462 2975 673 3042 Patres,
699 2987 756 3030 ut
799 2976 1105 3046 inquiratur
1134 2991 1161 3028 a
1207 2976 1627 3045 magistratibus,
1658 2985 1869 3045 rogant,
1898 2990 1960 3028 ac
1989 2973 2040 3027 in

461 3067 692 3133 publicis
719 3069 880 3134 actis,
935 3067 1052 3121 sive
1086 3068 1495 3121 commentariis
1535 3067 1748 3136 publice
1797 3066 2038 3133 scriptis,

2144 1970 2444 2043 ἐλευθέραν
2479 1971 2576 2025 καὶ
2603 1972 2830 2043 λυτικὴν
2891 1973 3104 2038 παθῶν,
3139 1975 3234 2027 καὶ
3290 1975 3426 2044 πρὸς
3473 1975 3574 2044 τὴν
3605 1973 3723 2027 ἄνω
3816 2014 3826 2027 .

2144 2061 2287 2132 ζωὴν
2338 2063 2740 2130 ἐπανάγουσαν.
2803 2064 3076 2133 Βοηθῆσαι
3127 2064 3184 2116 δὲ
3244 2064 3487 2118 αἰτοῦσιν
3545 2068 3601 2119 ὲν
3634 2060 3722 2128 οἷς

2144 2150 2402 2204 αὑθεντία
2433 2151 2540 2206 τῶν
2570 2153 2885 2206 ἐπισκόπων
2913 2154 3358 2223 καταφρονεῖται,
3395 2152 3480 2206 ἵνα
3510 2152 3600 2206 διὰ
3621 2153 3726 2220 τῆς

2143 2243 2385 2314 ἀρχικῆς
2443 2243 2725 2313 δυνάμεως
2783 2243 3080 2308 resumat
3136 2243 3208 2300 τὰ
3249 2244 3514 2314 γενόμενα
3567 2246 3722 2313 παρὰ

2148 2335 2257 2385 τῶν
2285 2334 2756 2400 Μαξιμιανιστῶνζ
2795 2336 3328 2405 ΟιΜαξιμιανισταὶ
3369 2335 3424 2388 δὲ
3462 2336 3565 2406 τῆς
3608 2334 3722 2388 τῶν

2151 2428 2492 2479 Δονατιστῶν
2530 2421 2676 2496 ἦσαν,
2703 2427 2992 2496 αἱρέσεως,
3045 2427 3119 2492 οἶ,
3177 2429 3576 2497 ἁποσχίσαντες
3618 2428 3724 2497 τῆς

2152 2515 2264 2567 τῶν
2295 2516 2637 2585 αἱρεσιωτῶν
2674 2517 2852 2570 αὐτῶν
2879 2524 3096 2588 μοίρας,
3130 2519 3394 2587 κατέσχον
3421 2518 3724 2588 ὀρθοδόξων

2159 2605 2508 2676 Ἐκκλησίας.
2550 2608 2683 2677 Περὶ
2703 2608 2906 2662 τούτων
2931 2605 3023 2662 οὖν
3045 2609 3275 2680 ζητῆσαι
3299 2610 3423 2672 τοὺς
3445 2611 3720 2680 ἄρχοντας

2147 2698 2393 2764 ἀξιοῦσιν
2414 2701 2462 2752 οι
2507 2699 2605 2769 τῆς
2635 2702 2874 2766 συνόδου,
2913 2706 3004 2754 καὶ
3042 2705 3099 2754 ὲν
3135 2703 3368 2772 πράξεσι
3402 2705 3722 2773 δημοσίαις,

2145 2793 2316 2862 ἤγουν
2341 2792 2397 2844 ὲν
2428 2792 2795 2864 ὑπομνήμασι
2819 2793 3060 2864 δημοσέᾳ
3088 2795 3476 2875 γραφομένοις,
3496 2795 3723 2865 ἐντεθῆ-

2145 2899 2233 2936 ναι
2265 2883 2362 2935 καὶ
2388 2885 2738 2955 ἐγγραφῆναι
2770 2886 2868 2956 τὴν
2903 2888 3032 2955 περὶ
3065 2887 3272 2940 τούτων
3295 2889 3519 2954 γνῶσιν,
3547 2887 3724 2954 ἀναγ-

2150 2975 2310 3028 καίαν
2342 2978 2529 3041 πᾶσιν,
2565 2979 2685 3036 ἀντί
2725 2979 2820 3032 τοῦ
2851 2978 3125 3051 λυσιτελῆ,
3165 2980 3242 3042 ὡς
3274 2980 3538 3048 ὠφέλειαν
3560 2979 3725 3031 δυνα-

2148 3067 2316 3138 μένην
2341 3069 2695 3138 προξενῆσαι.

465 3162 656 3212 horum
677 3159 1038 3228 cognitionem
1092 3159 1343 3214 oumibus
1400 3159 1788 3222 necessariam,
1824 3158 1875 3212 id
1914 3165 1996 3212 est
2057 3158 2261 3225 utilem,
2310 3176 2376 3215 ex
2407 3177 2509 3231 qua
2545 3164 2794 3219 videlicet
2856 3165 2923 3220 ad
2974 3180 3159 3220 omnes
3229 3165 3432 3221 utilitas
3477 3166 3725 3235 1pcrven-

463 3264 580 3306 tura
617 3251 707 3317 sit,
735 3253 957 3309 inscribi
994 3253 1351 3322 atqueinseri
1380 3253 1674 3323 postulant.

461 3348 690 3404 ARlST.
727 3370 744 3399 ι
785 3349 1006 3404 Litteris
1039 3350 1314 3420 synodicis
1360 3351 1662 3419 rogandum
1724 3359 1806 3404 est
1871 3350 2041 3416 magi-

2172 3345 2367 3402 tPlET.
2407 3364 2426 3397 ι
2469 3347 2767 3417 Γράμμασι
2805 3349 3104 3412 συνοδικοίς
3167 3348 3426 3412 ἀξιωτέον
3463 3350 3586 3412 τοὺς
3619 3349 3730 3421 ἆρ-

543 3459 563 3494 ‹
593 3451 821 3500 stratus,
859 3451 918 3494 ut
950 3441 1224 3494 communi
1253 3441 1414 3493 tnatri
1460 3438 1716 3495 Ecclesiae
1751 3441 2034 3494 catholicae

548 3553 565 3582 ι
596 3549 751 3602 opem
779 3533 980 3598 ferant,
1008 3532 1150 3587 inter
1172 3548 1266 3586 eos
1299 3532 1500 3601 quibus
1529 3533 1903 3600 episcoporum
1939 3518 2037 3586 au-

543 3642 561 3674 ι
597 3623 822 3676 ctoritas
852 3623 1128 3692 despectui
1164 3623 1418 3676 habetur.
1448 3640 1465 3672 ι

535 3710 637 3774 Qui
663 3711 871 3762 ratione
927 3721 982 3764 et
1038 3701 1321 3763 canonicis
1386 3709 1868 3764 constitutionibus
1920 3722 2026 3761 non

464 3803 924 3868 persuadeantur,
953 3801 1304 3870 magistratus
1331 3801 1396 3854 iis
1430 3815 1594 3854 manu
1620 3801 1687 3853 ad
1741 3800 2036 3855 correctio-

460 3910 585 3948 nem
627 3910 760 3962 opus
803 3900 904 3946 est.
985 3893 1170 3947 dcirco
1195 3893 1378 3962 itaque
1408 3901 1462 3948 et
1508 3894 1624 3947 haec
1672 3893 1910 3962 synodus
1967 3893 2034 3945 ad

460 3985 656 4057 Africae
681 3985 1030 4053 magistratus
1061 3983 1303 4038 scribere
1337 3999 1641 4054 congruum
1681 3985 2021 4052 judicabant,
2077 4040 2084 4046 ,

461 4090 661 4144 eosque
693 4076 968 4144 postulare
998 4077 1265 4129 communi
1301 4075 1734 4143 matriEcclesire
1757 4075 2036 4134 catholica

470 4176 625 4234 apem
680 4164 821 4219 ferre
851 4166 902 4218 in
935 4166 1132 4233 quibus
1167 4166 1403 4236 episcopi
1425 4173 1690 4234 potestate
1714 4163 2034 4217 sacerdotali

461 4259 540 4311 uti
566 4274 668 4311 non
721 4268 943 4328 possunt
969 4274 984 4322 ;
1011 4259 1290 4327 despectui
1321 4258 1551 4311 forsitan
1611 4256 1776 4308 habiti
1832 4255 1898 4309 ab
1927 4255 2035 4309 hac-

461 4349 669 4414 rcticis,
703 4349 782 4402 vel
807 4349 970 4402 etiam
1008 4364 1036 4401 a
1073 4349 1318 4402 fidelibus
1353 4347 1734 4415 itnmorigeris.

990 4524 1223 4612 CANON
1306 4523 1496 4580 LXXI.

465 4639 483 4672 ι
529 4620 595 4675 Ut
666 4621 851 4676 clerici
914 4619 1320 4674 Donatistarum
1355 4619 1407 4671 in
1467 4616 1743 4672 catholica:
1775 4617 2032 4674 Ecclesiae

542 4731 559 4763 ι
589 4713 794 4767 clerum
823 4711 1174 4779 recipiantur.
1209 4707 1403 4763 Postea
1437 4708 1658 4777 placuit,
1691 4720 1751 4764 ut
1803 4711 2024 4763 tnittuu-
2051 4724 2102 4783 υ

531 4821 550 4851 ι
580 4814 665 4855 tttt'
691 4804 889 4856 litterae
919 4799 988 4853 ad
1016 4801 1212 4853 fratres
1240 4807 1294 4854 et
1319 4798 1679 4868 coepiscopos
1703 4810 1941 4866 nostros,
1973 4814 2026 4856 et

543 4914 560 4944 ι
603 4895 834 4947 maxime
878 4893 944 4944 ad
980 4892 1162 4944 sedem
1219 4891 1611 4959 apostolicam,
1649 4892 1733 4944 cui
1778 4893 2030 4959 prmsidet

545 5004 564 5034 ι
605 4971 932 5038 memoratus
995 4983 1342 5036 venerandus
1374 4979 1546 5035 frater
1578 4991 1631 5034 et
1677 4985 2027 5054 coepiscopus

553 5087 790 5130 DliOSlCl‘
833 5074 1187 5139 Anastasius;
1266 5077 1523 5144 quoniam
1611 5076 1715 5136 scit
1790 5075 2028 5130 Africam

539 5185 557 5216 ι
596 5181 845 5234 magnam
879 5164 1076 5219 habere
1108 5167 1513 5232 necessitatem,
1552 5179 1610 5221 ut
1659 5179 1880 5238 propter
1931 5170 2031 5222 Ec-

539 5277 556 5308 ‹
595 5258 772 5310 clesize
815 5271 1001 5325 pacem
1030 5270 1083 5310 ct
1119 5258 1423 5325 utilitatem,
1461 5261 1775 5327 etipsorum
1813 5277 2030 5331 quoque

548 5365 566 5398 ι
607 5347 1027 5413 Donatistarum,
1055 5349 1143 5417 qui
1173 5349 1388 5417 quidem
1416 5350 1624 5415 clerici,
1661 5363 1869 5406 mutato
1895 5368 2027 5406 enn-

541 5459 559 5490 ‹
593 5439 734 5506 silio,
779 5442 843 5493 ad
885 5441 1205 5497 catholicam
1269 5444 1521 5497 unionem
1568 5448 1805 5500 transire
1838 5447 2023 5499 volue-

545 5551 564 5582 ι
607 5533 734 5596 rit‘.t,
793 5533 1091 5587 secundum
1153 5535 1582 5605 uniuscujusque
1611 5537 1861 5590 catholici
1919 5539 2031 5606 epi-

540 5644 557 5675 ι
591 5624 737 5693 SCOpi
771 5625 1101 5679 voluntatem
1125 5637 1177 5680 et
1204 5629 1517 5692 consilium,
1551 5629 1720 5698 quiin
1757 5629 1873 5698 ipso
1910 5630 2028 5682 loco

548 5733 567 5765 ι
599 5715 900 5769 Ecclesiam
948 5716 1256 5784 gubernat;
1317 5719 1359 5771 si
1427 5718 1528 5773 boc
1591 5719 2025 5774 Christianorum

544 5824 564 5858 ι
604 5807 720 5876 paci
765 5805 1009 5864 conferre
1070 5814 1240 5865 visum
1294 5812 1479 5873 frerit,
1537 5813 1639 5881 ipsi
1690 5815 1755 5885 ‘iu
1796 5814 2030 5883 propriis

2212 3456 2232 3490 ο
2269 3455 2465 3506 χοντας
2495 3439 2765 3508 βοηθῆσαι
2799 3442 2864 3508 τῇ
2925 3443 3077 3509 κοινῇ
3114 3440 3284 3509 μητρὶ
3333 3443 3408 3508 τῇ
3448 3440 3720 3512 καθολικῇ

2216 3549 2234 3582 t
2289 3529 2610 3600 Ἐκκλησία,
2635 3532 2692 3583 ἐν
2714 3526 2795 3593 οἷς
2818 3532 2850 3600 ἡ
2871 3531 2976 3583 τῶν
3000 3531 3316 3584 ἐπισκόπων
3337 3531 3590 3583 αὐθεντία
3612 3548 3724 3585 κι-

2215 3639 2234 3672 t
2278 3625 2656 3691 ταφρονεῐται.
2693 3641 2712 3674 ι

2209 3713 2271 3765 Οἱ
2310 3714 2385 3784 μὴ
2419 3713 2732 3774 πειθόμενοι
2772 3713 2916 3782 λόγῳ
2954 3711 3049 3766 καὶ
3080 3713 3194 3775 τοῖς
3227 3714 3533 3774 κανονικοῖς
3590 3715 3719 3766 ἐπι-

2139 3803 2415 3873 τάγμασιν
2443 3803 2774 3874 ἀρχοντικῆς
2803 3804 2985 3874 χειρὸς
3015 3805 3227 3858 δέονται
3251 3807 3384 3874 πρὸς
3403 3804 3718 3875 διόρθωσιν.

2125 3897 2240 3950 Διὰ
2270 3895 2431 3950 τοῦτο
2459 3895 2596 3963 γοῦν
2617 3896 2714 3948 καὶ
2752 3897 2785 3965 ἡ
2825 3894 3044 3957 σύνοδος
3074 3893 3215 3964 αὕτη
3268 3894 3405 3965 πρὸς
3437 3894 3562 3956 τοὺς
3615 3895 3720 3965 τῆς

2151 3985 2424 4054 Ἀφρικῆς
2464 3986 2734 4054 ἄρχοντας
2788 3985 3046 4056 ἁρμόδιον
3097 3986 3280 4056 ἔκρινε
3333 3988 3564 4056 γράψαι,
3620 3988 3722 4040 καὶ

2139 4075 2368 4138 ἀξιῶσαι
2431 4075 2631 4138 αὐτοὺς
2664 4075 2932 4146 βοηθῆσαι
2968 4079 3034 4147 τῇ
3080 4079 3234 4147 κοινῇ
3269 4079 3440 4147 μητρὶ
3483 4080 3548 4148 τῇ
3576 4078 3722 4132 καθ-

2137 4163 2295 4236 ολικῇ
2343 4165 2660 4236 Ἐκκλησίᾳ,
2713 4170 2772 4224 ὲν
2814 4164 2896 4230 οἷς
2941 4171 2991 4221 οἱ
3043 4171 3333 4222 ἐπίσκοποι
3360 4173 3425 4239 τῇ
3463 4171 3718 4240 ίερατικῇ

2139 4253 2359 4325 ἐξουσίᾳ
2435 4257 2496 4309 οὐ
2553 4258 2812 4311 δύνανται
2875 4261 3204 4332 χρήσασθαι,
3263 4262 3721 4332 καταφρονούμε-

2145 4363 2227 4402 νοι
2288 4347 2415 4411 ῐσως
2481 4350 2632 4420 παρᾶ
2659 4353 2975 4418 αἱρετικών,
3029 4353 3059 4424 ἢ
3117 4356 3212 4406 καὶ
3257 4356 3466 4408 πιστῶν
3507 4357 3720 4410 ἀνυπο-

2139 4438 2372 4493 τάκτων.

2744 4534 2975 4591 ΚΑΝΩΝ
3010 4537 3134 4590 OA’.

2147 4646 2164 4676 ι
2203 4627 2339 4696 Περὶ
2375 4624 2470 4679 τοῦ
2499 4627 2626 4688 τοὺς
2675 4626 2978 4697 κληρικοὺς
3007 4627 3116 4680 τῶν
3168 4628 3509 4681 Δονατιστῶν
3535 4629 3594 4681 ἐν
3633 4647 3719 4700 τῳ

2214 4735 2232 4768 ι
2267 4719 2453 4789 κλήρῳ
2483 4718 2584 4786 τῆς
2610 4719 2906 4787 καθολικῇς
2959 4719 3290 4788 Ἐκκλησίας
3322 4721 3690 4790 ἀναδέχεσθαι
3781 4761 3784 4764 .

2210 4829 2228 4860 ι
2276 4809 2370 4871 Εἰς
2397 4808 2624 4878 ὕστερον
2651 4811 2874 4879 ἠρεσεν,
2907 4810 2996 4864 ἵνα
3042 4813 3354 4882 γράμματα
3409 4814 3706 4884 πεμφθὼο.
3767 4793 3786 4856 ξ

2214 4921 2233 4953 ε
2275 4905 2413 4973 πρὸς
2435 4906 2564 4966 τοὺς
2594 4904 2861 4971 ἀδελφοὺς
2885 4905 2980 4957 καὶ
3030 4907 3472 4970 συνεπισκόπους
3524 4909 3711 4976 ἡμῶν,

2211 5013 2227 5044 ι
2269 4996 2362 5046 καὶ
2387 4994 2624 5062 μάλιστα
2666 4996 2803 5065 πρὸς
2837 4996 2936 5066 τὴν
2989 4998 3361 5069 ἀποστολικὴν
3413 4998 3714 5069 καθέδραν,

2208 5105 2223 5133 ι
2265 5081 2384 5159 ἐνῇ
2422 5088 2768 5157 προκάθηται
2817 5089 2844 5141 ὁ
2903 5090 3298 5159 μνημονευθεὶς
3335 5095 3715 5160 προοκυνητδς

2217 5196 2233 5226 ι
2269 5178 2496 5245 ἁδελφὸς
2523 5182 2617 5232 καὶ
2649 5181 3066 5249 συλλοιτουργὸς
3113 5184 3276 5251 ἡμῶν
3316 5184 3666 5245 Ἀναστάσιος
3695 5202 3712 5216 ·

2219 5285 2248 5316 ι.
2278 5267 2469 5336 ἐπειδὴ
2520 5269 2779 5336 γινώσκει
2808 5270 2906 5340 τὴν
2958 5273 3225 5340 ’Δφρικὴν
3263 5271 3512 5340 μεγάλην
3561 5273 3718 5343 ἔχειν

2220 5373 2236 5403 ι
2273 5356 2543 5424 ἀνάγκην,
2583 5356 2724 5412 ὥστε
2747 5359 2833 5412 διὰ
2866 5362 2962 5428 τῆς
3003 5360 3328 5430 Ἐκκλησίας
3357 5365 3582 5433 εἰρήνην
3612 5367 3718 5418 καὶ

2217 5466 2232 5496 ι
2271 5450 2674 5520 χρησιμότητα,
2711 5453 2804 5505 καὶ
2823 5453 3149 5516 αὐτῶνιφῶν
3177 5456 3537 5520 Δονατιστῶν,
3567 5456 3716 5509 οἵτι-

2219 5561 2237 5591 ι
2285 5558 2376 5604 νες
2415 5543 2614 5610 δήποτε
2677 5543 2946 5615 κληρικοὶ,
2991 5547 3384 5616 διορθουμένης
3433 5547 3535 5618 τῆς
3581 5548 3721 5618 βου..

2224 5651 2241 5683 ι
2278 5633 2400 5702 λῆς,
2446 5635 2582 5705 πρὸς
2641 5637 2740 5706 τὴν
2793 5638 3086 5709 καθολικὴν
3134 5641 3366 5710 ἑνότητα
3429 5641 3721 5710 μετελθεῖν

2219 5743 2234 5774 ι
2277 5723 2578 5794 θελήσοιεν,
2612 5728 2754 5782 κατὰ
2808 5730 2900 5800 τὴν
2943 5731 3060 5793 ἑνὸς
3123 5732 3357 5785 ἑκάστου
3419 5731 3720 5785 καθολικοῦ

2220 5833 2245 5866 ι
2278 5818 2576 5871 ἐπισκόπου
2613 5837 2933 5892 προαιρεσιν
2972 5824 3068 5876 καὶ
3104 5824 3326 5897 βουλὴν,
3373 5825 3467 5879 τοῦ
3531 5827 3588 5878 ὲν
3627 5823 3720 5893 τῷ
