3976 6390
233 339 323 403 2ΰὸ
1232 338 1312 397 ΙΝ
1352 335 1514 397 CAN.
1555 331 1743 395 LXXI
1823 331 2032 397 CONC.
2075 333 2448 397 CARTHAG.

287 477 305 510 1
340 454 480 525 αὐτῷ
511 455 663 521 τόπῳ
707 452 1080 525 κυϐερνῶντος
1137 452 1235 523 τὴν
1286 451 1635 521 Ἐκκλησίαν,
1691 450 1786 505 ἐὰν

1967 470 1982 500 ι
2015 450 2314 508 honoribus
2401 453 2804 522 suScipiantur:

289 566 309 600 1
341 547 490 600 τοῦτο
520 543 930 614 συμϐάλλεσθαι
971 544 1037 612 τῇ
1067 543 1181 595 τῶν
1208 539 1558 611 Χριστιανῶν
1587 537 1787 608 εἰρήνῃ

288 659 310 696 1
343 640 563 710 φανείη,
597 641 656 692 ὲν
701 639 822 699 ταῖς
870 636 1036 698 ἰδίαις
1103 636 1296 705 τιμαῖς
1343 633 1550 696 αὐτοὺς
1601 631 1794 686 ἀναδε-

296 754 313 786 1
349 732 545 804 χθῆναι
565 749 580 764 ο
609 729 792 792 καθὼς
820 728 926 780 καὶ
971 730 1029 780 ὲν
1060 731 1171 787 τοῖς
1207 723 1545 798 προλαϐοῦσι
1573 724 1790 793 χρόνοις

295 844 312 877 ι
351 825 479 893 περί
518 825 618 892 τῆς
661 820 834 890 αὑτῆς
862 819 1209 880 διαστάσεως
1259 815 1518 884 γενέσθαι
1560 812 1793 882 φανερόν

294 939 311 972 ι
347 920 494 971 ἐστιν
525 933 539 949 ο
584 917 723 984 ὅπερ
767 913 983 967 πολλῶν
1039 911 1137 965 καὶ
1182 909 1370 980 σχεδὸν
1432 907 1628 962 πασῶν
1676 906 1790 959 τῶν

296 1031 313 1063 ι
353 1013 410 1064 ἐν
433 1013 502 1080 τῇ
540 1009 780 1078 Ἀφρικῇ
831 1007 1166 1074 ἐκκλησιῶν,
1218 1005 1276 1055 ὲν
1336 997 1422 1064 αἷς
1474 1002 1507 1072 ἡ
1562 998 1790 1066 τοιαύτη

296 1121 314 1154 1
350 1099 527 1170 πλάνη
560 1099 797 1167 ἀνεφύη,
830 1098 900 1150 τὰ
923 1094 1356 1167 παραδείγματα
1395 1090 1787 1162 μαρτύρονται·

294 1212 311 1244 1
347 1192 444 1262 οὐχ
470 1192 558 1244 ἵνα
600 1192 634 1261 ἡ
669 1189 889 1251 σύνοδος
921 1191 954 1258 ἡ
989 1189 1044 1241 ὲν
1075 1188 1186 1250 τοῖς
1230 1183 1642 1256 περαματικοῖς
1698 1172 1795 1248 μέ-

300 1307 316 1338 1
353 1303 473 1356 ρεσι
539 1284 671 1355 περὶ
722 1281 914 1335 τούτου
972 1279 1065 1334 τοῦ
1143 1266 1470 1350 πράγματος
1524 1272 1796 1342 γενομένη

293 1397 308 1428 1
343 1374 596 1445 διαλυθῇ,
641 1372 757 1427 ἀλλ’
790 1372 879 1426 ἵνα
910 1371 1088 1424 ἐκεῖνο
1124 1367 1284 1438 μείνῃ
1316 1365 1445 1437 περὶ
1474 1365 1601 1426 τοὺς
1621 1361 1794 1423 οὕτως

294 1488 311 1519 1
347 1467 632 1538 μετελθεῖν
662 1464 800 1534 πρὸς
839 1463 938 1534 τὴν
972 1461 1269 1527 καθολικὴν
1308 1455 1636 1526 Ἐκκλησίαν
1670 1455 1795 1522 βου·

290 1579 306 1612 ι
340 1554 625 1629 λομένους,
657 1556 799 1609 ὥστε
848 1554 1122 1626 μηδεμίαν
1147 1552 1239 1605 ἐπὶ
1269 1551 1474 1604 τούτων
1526 1547 1626 1617 τῆς
1685 1545 1799 1598 ἐνό-

295 1672 312 1704 ι
347 1663 516 1720 τυητος
546 1647 839 1718 συντομίαν
872 1641 1354 1716 περιεργάζεσθαι.
1373 1640 1450 1692 Δι’
1468 1631 1542 1693 ὧν
1563 1639 1619 1690 δὲ
1636 1633 1798 1691 παντὶ

293 1763 310 1798 ι
341 1743 533 1815 τρόπῳ
568 1739 956 1810 ἐκτελεσθῆναι
990 1739 1084 1799 καὶ
1135 1733 1547 1806 προσδοηθῆναι
1603 1730 1636 1798 ἡ
1665 1726 1800 1782 καθ-

291 1857 308 1889 1
340 1813 512 1905 0).:th
557 1833 742 1901 ἑνότης
808 1828 1027 1900 φανερῷ
1096 1826 1278 1898 κέρδει
1331 1825 1441 1877 τῶν
1492 1819 1797 1889 ἀδελφικῶν
1831 1813 1872 1869 Β

287 1947 305 1982 1
335 1927 528 1998 ψυχῶν
558 1925 756 1995 φανείη
781 1923 838 1976 ὲν
868 1922 983 1984 τοῖς
1010 1918 1217 1984 τόποις,
1249 1910 1331 1980 οἷς
1382 1913 1684 1982 διάγουσιν,
1721 1909 1796 1980 μὴ

287 2039 304 2071 ι
342 2017 621 2090 ἐμποδίσῃ
639 2014 865 2074 τούτους
896 2012 958 2066 τὸ
1002 2010 1223 2083 ὁρισθὲν
1271 2008 1416 2063 κατὰ
1447 2006 1556 2061 τῶν
1614 2001 1796 2072 τιμῶν

287 2127 304 2160 1
343 2106 532 2163 αὐτῶν
593 2107 652 2158 έν
685 2106 751 2175 τῇ
808 2101 1162 2173 περαματικῇ
1213 2097 1436 2167 συνόδῳ,
1486 2095 1690 2148 ὁπόταν
1735 2091 1798 2145 τὸ

291 2217 309 2249 1
346 2195 598 2266 σωθῆναι
653 2193 836 2247 οὐδενὶ
866 2188 1150 2261 προσώπῳ
1182 2180 1797 2248 ἀποκέκλεισται,τοῦτ’

288 2307 306 2340 1
344 2287 504 2341 ἐστιν
535 2287 622 2340 ἵνα
655 2286 706 2338 οἰ
733 2281 1208 2356 χειροτονηθέντες
1255 2280 1313 2333 ὲν
1343 2277 1422 2348 τῷ
1455 2277 1567 2331 τῶν
1625 2277 1798 2330 Δονα-

289 2401 306 2433 ι
346 2378 554 2433 τιστῶν
574 2377 760 2453 μέρει,
798 2375 894 2429 ἐὰν
921 2374 1062 2445 πρὸς
1116 2373 1215 2443 τὴν
1259 2367 1562 2440 καθολικὴν
1613 2366 1798 2420 πίστιν

292 2493 307 2524 1
344 2470 740 2544 διορθωθέντες
780 2466 1063 2540 μετελθεῖν
1091 2465 1391 2535 θελήσοιεν,
1426 2461 1502 2532 μὴ
1531 2460 1674 2514 κατὰ
1701 2458 1799 2530 τὴν

294 2583 311 2616 1
347 2559 750 2632 περαματικὴν
818 2557 1040 2613 σύνοδον
1107 2555 1184 2627 μὴ
1239 2553 1503 2626 δεχθῶσιν
1556 2555 1614 2606 ἐν
1678 2551 1799 2611 ταῖς

295 2675 312 2706 1
344 2655 584 2715 οἰκείαις
634 2651 857 2721 τιμαῖς*
913 2647 1050 2703 ἀλλὰ
1083 2646 1282 2718 μᾶλλον
1337 2636 1488 2698 οὗτοι
1535 2640 1801 2712 προσδεχ-

296 2769 312 2800 ι
346 2747 516 2813 θῶσι,
546 2743 617 2800 δι’
649 2738 726 2800 ὧν
756 2745 822 2814 τῇ
855 2741 1115 2813 καθολικῇ
1144 2740 1357 2809 ἑνότητι
1389 2734 1635 2806 γίνεσθαι
1665 2731 1798 2802 πρό-

296 2860 313 2893 ι
346 2857 494 2895 νοια.
557 2856 576 2891 ι

291 2955 489 3009 ΒΑΛΣ.
528 2953 640 3008 Καὶ
669 2947 831 3015 οὗτος
866 2923 1122 3005 δ”κανὼν
1183 2947 1348 3010 ἰδικός
1391 2946 1558 2998 ἐστιν.
1596 2942 1803 3012 Ἤρεσε

229 3046 327 3118 γὰρ
347 3050 464 3111 τοῖς
501 3045 759 3115 Πατράσι
805 3043 1057 3116 δέχεσθαι
1095 3041 1222 3105 τοὺς
1253 3037 1360 3093 ἀπὸ
1416 3036 1528 3090 τῶν
1580 3037 1802 3088 Δονατι-

3365 338 3470 402 266

2884 460 3334 528 quemadmodum
3415 466 3468 517 in

1968 560 1985 589 1
2023 543 2296 612 prioribus
2361 547 2692 616 temporibus
2749 551 2814 625 d_e
2870 553 3060 606 eadem
3120 554 3465 610 dissensione

1970 652 1987 683 1
2026 633 2226 689 factum
2295 649 2418 692 esse
2479 640 2819 694 manifestum
2879 652 2992 706 est;
3056 645 3201 714 quod
3253 646 3470 715 quidem

1969 745 1985 775 1
2028 727 2318 782 multarum
2369 740 2532 800 atque
2556 732 2690 786 adeo
2715 731 2827 786 fere
2885 737 3127 788 omnium
3177 736 3231 790 in
3290 737 3470 792 Africa

1969 832 1986 864 1
2021 816 2396 886 ecclesiarum,
2475 820 2752 888 inquibus
2794 821 2881 877 hic
2917 838 3072 878 error
3112 834 3335 881 exortus
3366 838 3470 892 est,

1984 902 2000 958 1
2036 909 2281 979 exempla
2314 919 2602 966 testantur.
2628 910 2743 969 Non
2772 924 2829 967 ut
2863 917 3124 985 synodus,
3165 933 3284 986 quae
3325 919 3389 973 de
3411 933 3472 973 ea

1981 1021 1998 1054 1
2030 1016 2089 1056 re
2122 995 2284 1058 facta
2313 1013 2397 1058 est
2424 1004 2480 1058 in
2525 1008 2908 1064 transmarinis
2961 1011 3227 1076 partibus,
3284 1011 3471 1068 dissol-

1972 1115 1990 1146 1
2024 1107 2216 1160 vatur;
2248 1095 2340 1149 sed
2398 1106 2456 1150 ut
2509 1096 2638 1151 illud
2671 1110 2889 1153 maneat
2922 1101 3064 1170 apud
3107 1117 3225 1166 eos,
3258 1104 3348 1172 qui
3396 1106 3473 1158 sic

1974 1203 1992 1236 1
2028 1185 2214 1240 volunt
2256 1186 2321 1240 ad
2366 1187 2688 1242 calhnlicam
2737 1189 3038 1246 Ecclesium
3109 1195 3366 1260 transire,
3417 1207 3476 1251 ιιι

1983 1294 2001 1327 1
2039 1275 2239 1330 nullam
2273 1277 2416 1331 ineo
2455 1277 2670 1334 unionis
2703 1281 3073 1336 concisionem
3125 1283 3341 1340 elﬁciat.
3375 1285 3478 1341 Pcr

1975 1381 2159 1436 1quos
2183 1377 2362 1421 autem
2420 1370 2671 1424 omnibus
2709 1373 2883 1426 modis
2938 1371 3074 1428 cllici
3125 1385 3179 1430 et
3232 1378 3477 1446 adjuvari

1977 1477 1996 1511 1
2029 1460 2354 1516 catholicam
2391 1463 2669 1528 unionem,
2715 1466 3007 1521 manifesto
3034 1467 3187 1524 lucro
3207 1469 3479 1527 fraterna-

1980 1569 1998 1602 1
2035 1565 2152 1604 rum
2187 1553 2920 1623 animarum,apparueritin
2945 1556 3008 1610 iis
3034 1555 3166 1612 locis
3198 1558 3253 1613 in
3282 1562 3476 1630 quibus

1979 1660 1997 1692 1
2029 1641 2251 1711 degunt,
2281 1659 2350 1699 ne
2387 1657 2481 1699 eos
2505 1645 2765 1716 impediat
2793 1650 2938 1717 quod
2978 1650 3240 1707 adrorsus
3290 1667 3478 1707 eorum

1982 1753 2000 1786 1
2036 1735 2272 1791 honores
2293 1736 2348 1790 in
2375 1740 2740 1794 transmarina
2770 1743 2979 1811 synodo
2996 1745 3350 1800 constitutum
3376 1755 3480 1800 est:

1977 1845 1999 1880 1
2031 1827 2466 1898 quandoquidem
2510 1831 2657 1886 salus
2689 1832 2816 1886 nulli
2858 1849 3104 1902 personae
3133 1836 3352 1892 exclusa
3371 1846 3482 1894 est.

1980 1938 1998 1971 1
2032 1919 2142 1976 Hoc
2182 1929 2285 1986 εει,
2327 1931 2386 1975 ιιι
2419 1923 2510 1990 qui
2577 1923 2666 1992 qui
2704 1923 2924 1980 fuerunt
2972 1927 3207 1983 ordinati
3241 1945 3270 1983 a
3325 1941 3480 2000 parte

1980 2031 1998 2063 1
2046 2011 2468 2079 Donatistarum,
2509 2015 2555 2069 si
2640 2016 2708 2070 ad
2754 2017 3082 2073 catholicam
3144 2021 3300 2076 ﬁdem
3352 2038 3479 2079 cor-

1983 2122 2000 2154 1
2039 2104 2170 2159 recti
2200 2105 2435 2160 transire
2451 2106 2741 2174 voluerint,
2761 2123 2866 2164 non
2901 2109 3194 2165 secundum
3212 2121 3484 2169 transma-

1982 2214 2000 2246 1
2031 2196 2204 2250 rinam
2233 2196 2498 2266 synodum
2550 2213 2656 2252 non
2706 2181 3082 2270 suscipiantur
3141 2201 3196 2257 in
3250 2206 3481 2275 propriis

1982 2305 2000 2337 1
2033 2287 2370 2343 honoribus:
2417 2290 2511 2344 sed
2563 2289 2599 2344 ii
2652 2291 2822 2359 magis
2877 2292 3288 2362 suscipiuntur,
3377 2311 3474 2366 per

1985 2396 2001 2427 1
2033 2393 2168 2447 quos
2202 2377 2488 2434 catholica:
2518 2380 2714 2436 unitati
2754 2381 3093 2450 providetur.

1980 2953 2176 3008 BALS.
2211 2953 2310 3010 Hic
2335 2969 2548 3026 quoque
2575 2972 2748 3012 canon
2803 2960 2886 3013 est
2942 2961 3229 3028 specnalts.
3281 2959 3492 3017 Placuit

1910 3045 2053 3099 enim
2098 3045 2373 3111 Patribns,
2413 3056 2472 3100 ut
2506 3048 2598 3117 qui
2631 3063 2695 3102 cx
2740 3049 3033 3106 Donatistis
3068 3052 3132 3112 ad
3181 3052 3340 3107 tidem
3401 3067 3491 3108 or-

232 3131 362 3193 στῶν
399 3138 886 3212 προσερχομένους
925 3139 992 3207 τῇ
1073 3130 1341 3205 όρθοδόξῳ
1401 3130 1603 3193 πίστει,
1660 3125 1802 3180 ὥστε

1951 3136 2509 3200 todoxamaccedunt,
2561 3139 2636 3192 ita
2687 3141 3075 3210 suscipiantur,
3118 3152 3176 3196 ut
3228 3157 3355 3198 suos
3399 3158 3492 3199 sa-

230 3233 362 3302 ἔχειν
388 3233 598 3295 αὐτοὺς
631 3232 760 3293 τοὺς
797 3230 1034 3291 οἰκείους
1060 3224 1370 3296 ἱερατικοὺς
1406 3221 1672 3293 βαθμοὺς,
1699 3218 1804 3272 κᾶν

1951 3241 2039 3282 ros
2089 3227 2294 3296 gradus
2329 3227 2644 3282 obtineant:
2679 3229 2891 3284 etiamsi
2925 3229 3084 3285 aliter
3113 3232 3179 3287 de
3213 3245 3277 3287 eo
3303 3231 3481 3288 visum

231 3323 391 3388 Exim;
416 3320 575 3386 ἔδοξε
595 3318 666 3372 τὰ
695 3320 825 3389 περὶ
845 3317 1036 3371 τούτου
1090 3317 1146 3368 ἐν
1171 3317 1235 3386 τῇ
1292 3311 1644 3384 περαματικῇ
1681 3324 1806 3362 συν-

232 3413 346 3486 όδῳ,
374 3414 556 3487 ἡγουν
587 3413 655 3483 τῇ
698 3413 755 3464 ὲν
795 3408 1018 3481 Ἰταλίας

296 3527 546 3584 ΖΩΝΑΡ.
580 3526 720 3598 Περὶ
747 3524 1090 3579 Δονατιστῶν
1120 3521 1220 3595 καὶ
1247 3512 1403 3585 οὗτος
1425 3521 1452 3574 ό
1487 3518 1668 3575 κανὼν
1694 3517 1811 3571 δια-

235 3621 513 3688 τάττεται,
545 3619 722 3675 πολλὰ
751 3619 853 3690 μέν
883 3615 1096 3682 διεξιὼν
1118 3615 1215 3670 καὶ
1236 3613 1680 3686 ἀπολογούμενος
1727 3610 1809 3664 ὃτι

231 3714 570 3768 ἐναντιοῦται
588 3714 656 3783 τῇ
690 3712 748 3765 ὲν
767 3712 883 3773 τοῖς
922 3710 1115 3780 μέρεσι
1139 3706 1240 3776 τῆς
1278 3705 1512 3768 Ἰταλίας
1540 3701 1833 3776 γενομένῃ·

233 3806 447 3877 συνόδῳ,
475 3805 579 3860 καί
617 3804 857 3875 όρισάσῃ
881 3801 956 3872 μὴ
971 3799 1238 3872 ,δέχεσθαι
1259 3799 1388 3861 τοὺς
1417 3799 1481 3851 ὲκ
1521 3798 1621 3866 τῆς
1652 3794 1807 3862 αἰρέν

234 3915 360 3962 σεως
381 3899 496 3952 τῶν
529 3894 876 3949 Δονατιστῶν
917 3890 1397 3963 προσερχομένους
1445 3891 1514 3960 τῇ
1545 3886 1811 3959 ὀρθοδόξῳ

232 3995 430 4060 πίστει,
456 3991 607 4047 ὥστε
636 3991 784 4062 ἔχειν
820 3987 976 4051 αὖθις
1013 3987 1212 4048 αὐτοὺς
1242 3984 1368 4046 τοὺς
1394 3981 1630 4044 οἰκείους
1659 3982 1812 4050 ἱερα-

230 4087 404 4147 τικοὺς
439 4080 722 4155 βαθμούς.
785 4077 986 4130 Τυπῶν
1020 4076 1079 4129 δὲ
1108 4075 1203 4128 καὶ
1227 4071 1652 4142 διαταττόμενος
1682 4069 1812 4131 τοὺς

231 4171 723 4248 χειροτονηθέντας
774 4170 880 4222 ὑπὸ
935 4167 1273 4222 Δονατιστῶν
1337 4165 1657 4236 κληρικοὺς,
1716 4163 1814 4216 ἐὰν

233 4268 578 4338 προσέλθωσι
614 4269 682 4338 τῇ
741 4263 1006 4334 καθολικῇ
1051 4257 1376 4331 Ἐκκλησία,
1432 4256 1686 4327 δέχεσθαι
1755 4257 1813 4308 ἐν

232 4363 341 4424 ταῖς
373 4361 615 4422 οἰκείαις
653 4358 871 4428 τιμαῖς,
912 4354 1054 4408 ὥστε
1109 4352 1313 4423 δηλαδὴ
1367 4350 1514 4422 ἔχειν
1567 4348 1813 4410 ἐκείνους

234 4453 349 4515 τοὺς
381 4452 629 4514 οἰκείους
677 4449 949 4520 βαθμοὺς,
974 4446 1070 4500 καὶ
1099 4444 1221 4499 κατ’
1249 4443 1497 4505 ἐκείνους
1520 4438 1812 4510 τιμᾶσθαι,

1911 3319 1982 3374 sit
2014 3319 2067 3373 in
2098 3321 2460 3376 transmarina
2485 3323 2715 3392 synodo,
2756 3338 2850 3378 seu
2915 3322 2968 3378 in
3006 3322 3181 3378 Italia.

1985 3518 2238 3574 ZONAR.
2304 3517 2378 3575 Dc
2412 3519 2710 3576 Donatistis
2743 3521 2833 3578 hic
2864 3536 3082 3592 quoque
3144 3538 3316 3577 canon
3377 3533 3491 3578 sta-

1915 3613 2036 3668 tuit.
2076 3611 2141 3667 Et
2159 3612 2401 3682 quidem,
2427 3613 2784 3683 quamobrem
2853 3615 2908 3668 in
2939 3614 3094 3668 Italia
3146 3615 3346 3670 habita:
3401 3631 3493 3687 sy-

1914 3702 2057 3759 nodo
2090 3703 2434 3768 adversetur,
2471 3719 2577 3773 qua
2615 3703 2952 3770 Donatistas,
2987 3704 3030 3759 si
3068 3705 3134 3759 ad
3193 3705 3354 3761 [idem
3397 3721 3493 3761 or-

1917 3794 2212 3849 thodoxam
2244 3805 2672 3860 reverterentur,
2711 3796 2874 3867 605
2928 3798 2979 3849 in
3015 3812 3295 3852 sacrorum
3342 3800 3496 3853 ordi-

1914 3901 2043 3941 num
2103 3886 2362 3956 gradibus
2414 3901 2740 3955 permanere
2781 3890 3005 3942 vctitum
3063 3879 3258 3953 fuerat,
3309 3891 3495 3945 multis

1917 3981 2148 4052 exponit
2173 3992 2228 4036 et
2285 3980 2697 4036 excusationem
2750 3983 3021 4038 contexit.
3081 3980 3218 4036 Tum
3249 3999 3379 4038 vero
3438 3995 3497 4038 ut

1914 4073 2124 4138 clerici,
2158 4073 2302 4144 quia
2336 4073 2642 4144 Donatistis
2698 4074 2919 4129 ordines
2965 4089 3279 4143 suscepere,
3333 4077 3377 4130 si
3425 4076 3495 4129 ad

1915 4165 2218 4220 Ecclesiam
2263 4164 2591 4220 catholicam
2628 4177 2687 4218 se
2716 4162 3028 4229 conferant,
3059 4165 3112 4218 in
3167 4166 3284 4222 suis
3347 4165 3497 4220 ordi-

1915 4257 2077 4313 nibus
2113 4265 2390 4321 maneant,
2419 4269 2724 4325 eorumque
2773 4257 3177 4326 pmrogativis,
3242 4271 3340 4325 pro
3393 4273 3492 4311 cu-

1912 4351 2108 4421 jusque
2139 4349 2620 4414 ordinis-ratione,
2670 4333 2956 4416 fruantur;
3016 4343 3191 4418 neque
3251 4363 3378 4404 vero
3434 4351 3500 4406 iis

1917 4443 2241 4522 spolientur,
2278 4440 2734 4511 quemadmodum
2768 4444 2821 4496 in
2870 4445 3233 4496 transmarina
3291 4444 3498 4514 synodo

237 4508 346 4595 καὶ-
363 4541 442 4613 μὴ
471 4508 626 4595 κατα
641 4508 744 4611 την
769 4508 1160 4609 περαῗματικὴν
1183 4534 1428 4596 σύνοδον,
1459 4531 1534 4604 μὴ
1557 4508 1806 4603 δέχεσθαι

1951 4508 2270 4589 οηειίιιιιυιιι
2290 4532 2490 4600 fuerat,
2513 4533 2839 4589 decernunt.
2874 4530 3322 4588 Transmarinam
3367 4550 3499 4589 vero

236 4636 352 4698 τοὺς
369 4634 658 4693 τοιούτους
692 4633 752 4684 ὲν
781 4633 901 4694 ταῖς
945 4632 1130 4700 τιμαῖς
1184 4628 1384 4681 αὐτῶν.
1425 4623 1814 4697 Περαματικὴν

237 4725 288 4778 δὲ
311 4726 533 4780 σύνοδον
562 4725 711 4793 λέγει
737 4722 833 4794 τὴν
861 4725 918 4776 ὲν
971 4720 1173 4791 Ἰταλίᾳ
1193 4718 1520 4789 γενομένην,
1553 4717 1628 4778 ὡς
1660 4715 1815 4787 εἴρη-

238 4834 341 4872 ται.
377 4817 709 4888 Δεχομένων
735 4815 867 4886 γὰρ,
890 4817 1046 4883 φησι,
1091 4811 1199 4866 τῶν
1227 4808 1574 4864 Δονατιστῶν
1613 4810 1673 4862 ὲν
1702 4809 1816 4870 τοῖς

240 4911 455 4973 οἰκείοις
483 4909 745 4979 βαθμοῖς,
772 4908 1008 4976 πρόνοια
1057 4905 1270 4974 γίνεται
1317 4907 1384 4974 τῇ
1408 4901 1672 4970 καθολικῇ
1699 4899 1818 4952 ἑνό-

240 5020 358 5074 τητι
379 5020 393 5034 ’
433 5003 709 5056 πλειόνων
738 4999 985 5071 δηλονότι
1019 4997 1167 5050 οὓτω
1193 4996 1500 5067 μελλόντων
1527 4993 1818 5065 προσιέναι

241 5098 302 5163 τῇ
334 5093 610 5166 ὀρθοδόξῳ
656 5092 867 5157 πίστει,
925 5091 1021 5144 καὶ
1062 5091 1314 5160 ένότητος
1366 5087 1668 5157 γενομένης
1706 5083 1818 5137 τῶν

243 5187 628 5241 πιστευόντων.
695 5249 697 5252 γ

245 5300 456 5358 ΑΡΙΣΤ.
509 5319 530 5352 1
568 5302 631 5353 Οἱ
659 5301 766 5353 ὑπὸ
791 5298 899 5352 τῶν
929 5296 1261 5353 Δονατιστῶν
1293 5294 1817 5367 κεχειροτονημένοι,

313 5411 330 5440 1
374 5394 423 5444 εἰ
459 5391 558 5443 καὶ
579 5393 645 5461 τῇ
689 5388 929 5459 πέραθεν
959 5389 1160 5454 συνόδῳ
1213 5387 1642 5457 μεταμελόμενοι
1679 5389 1824 5440 ἁπο-

312 5505 331 5539 1
376 5486 710 5552 κέκλεινται,
756 5482 871 5536 ἀλλ’
897 5483 1020 5536 ἐπεὶ
1047 5484 1107 5535 τὸ
1134 5482 1368 5550 σωθῆναι
1399 5482 1604 5544 πάντας
1636 5480 1820 5547 καλὸν,

311 5601 329 5633 1
374 5579 757 5652 διορθούμενοι
787 5577 1293 5650 προσδεχέσθωσαν.
1335 5595 1354 5628 ι

308 5691 469 5748 Οὗτοι
504 5695 558 5746 οἰ
590 5691 905 5748 Δονατισταὶ
937 5691 1389 5761 μεταμελόμενοι,
1428 5689 1525 5742 καὶ
1558 5687 1656 5757 τὴν
1685 5686 1823 5740 ἰδίαν

245 5786 728 5859 ἁναθεματίζοντες
761 5785 990 5856 αἵρεσιν,
1012 5785 1104 5837 ὲπὶ
1141 5784 1239 5848 τῆς
1274 5781 1410 5845 ἰδίας
1439 5785 1600 5853 τιμῆς
1639 5780 1823 5851 μένειν

573 5882 839 5945 Parum.
881 5880 996 5943 Gn.
1036 5877 1421 5944 CXXXVIII.

1916 4630 2206 4699 synodum,
2237 4643 2356 4683 eam
2382 4642 2502 4698 quae
2547 4628 2601 4682 in
2643 4627 2820 4694 Italia,
2891 4635 2950 4681 ut
2996 4627 3254 4692 diximus,
3310 4637 3496 4683 coacta

1917 4733 2021 4789 est,
2049 4724 2318 4777 nominat.
2355 4721 2488 4776 Cum
2514 4721 2656 4774 enim
2693 4719 3025 4785 Donatistas,
3059 4716 3258 4786 inquit,
3313 4716 3367 4769 in
3399 4731 3499 4772 suo

1919 4828 2190 4884 quemque
2220 4812 2413 4867 ordine
2448 4811 2778 4879 suscipimus
2815 4809 3103 4864 catholicae
3153 4806 3315 4863 simul
3376 4807 3499 4860 uni-

1921 4906 2017 4959 tati
2050 4902 2438 4975 prospicimus.
2469 4903 2546 4956 Ex
2574 4902 2678 4955 hoc
2736 4913 2972 4968 namque
3027 4898 3144 4962 ﬁet,
3203 4887 3499 4966 ut*pl1ires

1921 4998 2274 5051 orthodoxam
2297 4995 2457 5050 [idem
2491 4991 2914 5061 amplectantur,
2947 5001 3036 5043 ac'
3053 4980 3285 5068 proindc’
3301 5001 3303 5003 ‘
3324 4987 3499 5057 magis
3541 5031 3544 5034 .

1921 5104 1986 5143 ac
2012 5088 2182 5158 magis
2210 5087 2264 5141 in
2310 5087 2425 5142 dies
2457 5084 2796 5140 credentium
2837 5067 3331 5138 unitas‘c'oalcscat.
3358 5089 3377 5100 “
3404 5097 3418 5112 “
3488 5089 3504 5097 '

1927 5291 2151 5348 ARIST.
2191 5310 2209 5343 1
2244 5291 2346 5358 Qui
2394 5305 2433 5344 a.
2493 5285 2788 5344 Donatistis
2830 5265 3149 5352 ordinantur
3173 5327 3188 5352 ,
3218 5269 3430 5340 etiamsi
3469 5288 3514 5338 a'

2001 5406 2018 5440 1
2059 5387 2266 5459 synodo
2299 5385 2664 5441 transmarina
2701 5384 3082 5453 resipiscentcs
3116 5379 3318 5434 exclusi
3350 5387 3497 5443 sunt,

2002 5500 2019 5532 1
2069 5472 2190 5534 cum
2219 5494 2350 5534 vero
2381 5479 2586 5533 bonum
2621 5477 2694 5532 sit
2736 5486 3013 5540 utomnes
3043 5471 3340 5534 salventur,
3368 5468 3411 5522 si
3445 5483 3502 5522 se

2002 5591 2020 5624 1
2062 5571 2357 5640 corrigam,
2397 5570 2746 5639 recipiantur.
2789 5589 2806 5620 ι
3410 5569 3412 5572 ’

1998 5689 2060 5743 Ι.ἰί
2107 5686 2396 5742 Donatistae
2429 5684 2747 5754 pmnitcntia
2782 5686 2909 5746 acti,
2947 5694 2993 5737 et
3045 5680 3316 5751 pmprium
3365 5690 3500 5730 ana-

1931 5780 2350 5839 thematizantcs
2378 5777 2652 5843 haeresim,
2685 5775 2739 5830 in
2793 5774 3010 5849 proprio
3044 5773 3251 5828 honore
3285 5779 3506 5824 manere

3103 5864 3136 5927 9
