3976 6394
470 306 573 369 261

1738 300 2019 366 THEOD.
2061 301 2466 367 BALSAMON

3631 313 3727 377 268

480 416 891 488 permittuntur,
925 427 978 475 et
1014 419 1069 475 in
1102 420 1387 477 catholicae
1414 416 1676 475 Ecclesiae
1708 415 1856 472 clero
1887 415 2050 470 collo-

2200 421 2648 493 υνεχωρήθησαν,
2679 423 2773 480 καὶ
2809 425 2888 499 τῷ
2921 424 3109 497 κλήρῳ
3137 423 3237 494 τῆς
3271 424 3558 496 καθολικῆς
3620 430 3731 482 Ἑκ-

466 510 588 566 rari
608 554 624 569 .
649 512 771 583 quia
804 512 987 568 Africa
1015 513 1183 568 multa
1207 514 1424 570 laborat
1451 511 1772 570 clericorum
1796 514 2054 573 egestate.

926 722 929 725 -
1007 691 1236 749 CANUN
1308 690 1524 747 LXXII.

478 804 499 836 ς
543 784 613 841 Ut
643 785 840 856 legatio
869 786 1115 841 mittatur
1149 787 1215 839 ad
1251 784 1561 840 Donatistas
1589 783 1656 840 de
1678 795 2054 855 componenoa

548 896 569 932 ι
609 893 760 947 pace.
795 878 987 934 Postea
1030 879 1277 948 placuit,‘
1319 887 1377 931 ut
1430 876 1515 933 his
1563 877 1703 932 actis
1751 890 1819 930 ex
1869 884 2059 931 nostro

546 986 567 1019 ι
608 984 837 1023 numero
869 970 1152 1024 mittantur
1200 969 1360 1039 legati
1415 984 1513 1037 pro
1546 966 1888 1037 praedicanda
1926 980 2060 1036 pace

548 1077 565 1112 ι
598 1070 652 1115 et
704 1061 929 1125 unione.
961 1062 1079 1116 sine
1124 1076 1232 1131 qua
1282 1060 1721 1115 Christianorum
1756 1045 1905 1113 salus
1954 1072 2060 1112 non

549 1170 567 1202 ι
606 1161 785 1222 potest
839 1153 1166 1216 consistere,
1211 1153 1279 1205 ad
1332 1151 1575 1220 ipsorum
1613 1149 2016 1205 Donatistarum
2043 1186 2058 1213 ,

549 1259 567 1293 ι
604 1243 717 1296 sive
762 1258 901 1310 quos
945 1242 1146 1298 habent
1193 1243 1501 1312 episcopos,
1560 1240 1676 1296 sive
1720 1238 1912 1307 laicos;
1967 1252 2062 1308 per

550 1349 568 1382 ι
608 1346 746 1401 quos
797 1333 1002 1402 legatos
1061 1334 1701 1398 omnibusinuotescat,
1734 1331 1879 1400 quod
1928 1329 2062 1385 nihil

543 1440 559 1471 ι
602 1422 801 1478 habent
825 1423 1030 1491 justum
1084 1423 1354 1478 rationive
1402 1432 1831 1478 consentaneum
1859 1458 1875 1482 ,
1914 1420 2060 1491 quod

546 1533 563 1565 ι
603 1515 785 1571 dicant
814 1517 1071 1571 adversus
1098 1516 1420 1572 catholicam
1445 1514 1747 1571 Ecclesiam
1780 1531 1795 1568 :
1827 1514 2061 1568 maxime

544 1623 563 1657 ι
607 1616 664 1659 ut
696 1606 1049 1663 manifestum
1088 1608 1161 1663 sit
1187 1608 1439 1662 omnibus
1467 1621 1563 1677 per
1592 1616 1713 1661 acta
1745 1605 2056 1675 municipa-

548 1715 566 1748 ι
609 1697 677 1753 lia
701 1737 720 1766 ,
753 1700 817 1752 ad
846 1699 1004 1754 [idem
1029 1698 1476 1754 demonstrationi
1504 1697 1880 1755 astruendam.
1911 1698 2058 1754 sicut

548 1809 565 1840 ι
608 1790 642 1844 ii
680 1791 746 1846 de
778 1790 1190 1847 Maximianistis
1222 1791 1456 1860 propriis
1487 1790 1856 1847 scbismaticis
1904 1788 2055 1845 fece-
2089 1763 2134 1822 Β

550 1900 568 1933 ι
610 1892 755 1948 runt;
777 1883 863 1937 ubi
903 1883 1035 1951 ipsis
1064 1884 1320 1938 divinitus
1347 1882 1686 1947 ostenditur,
1718 1883 1763 1937 si
1800 1883 2055 1940 conside-

540 1993 561 2028 ι
606 1989 729 2029 rare
759 1975 1048 2044 voluerint,
1088 1992 1183 2031 eos
1235 1986 1342 2030 tam
1380 1974 1583 2046 injuste
1612 1984 1739 2030 tunc
1770 1976 1840 2031 ab
1869 1976 2055 2032 eccle-

544 2084 564 2119 ι
604 2067 825 2122 siastica
862 2069 1063 2123 unione
1111 2068 1387 2123 abscissos
1412 2108 1428 2134 ,
1477 2082 1640 2138 quam
1685 2066 1785 2136 ipsi
1821 2067 2057 2122 clamant

546 2159 806 2233 «injuste
871 2158 1299 2214 Maximianistas
1351 2173 1381 2212 a
1433 2172 1494 2215 se
1523 2172 1646 2214 esse
1678 2157 1938 2214 divulsos.
1978 2158 2056 2212 Ex

539 2270 556 2303 ι
598 2266 782 2306 eorum
815 2260 994 2307 autem
1022 2264 1280 2319 numero,
1310 2264 1448 2319 quos
1474 2258 1662 2321 aperta
1689 2250 1891 2319 proprii
1924 2264 2055 2305 con-

545 2362 564 2395 ι
603 2342 709 2397 silii
772 2345 1101 2398 auctoritate
1150 2344 1696 2407 condemnaverunt,
1754 2349 1943 2410 postea
1997 2339 2051 2393 in

496 2434 500 2438 ’
541 2453 561 2486 ι
599 2435 833 2505 propriis
863 2431 1161 2490 honoribus
1189 2440 1588 2501 susceperunt:
1615 2440 1671 2487 et
1699 2432 2051 2500 baptismum,

543 2545 562 2578 ι
603 2540 766 2595 quem
802 2524 1001 2580 dedere
1028 2525 1090 2590 ii,
1122 2525 1219 2595 qui
1253 2526 1394 2595 apud
1427 2523 1574 2593 ipsos
1623 2521 1968 2578 condemnati
2000 2532 2055 2577 et

462 2640 465 2643 ·
542 2639 563 2674 ι
600 2621 759 2691 ejecti
787 2629 936 2685 sunt,
966 2619 1323 2683 admiserunt,
1347 2626 1407 2672 ut
1432 2617 1751 2673 ostendatur
1779 2615 2052 2686 quomodo

539 2730 558 2765 ι
599 2711 767 2767 stulto
797 2711 961 2766 corde
992 2710 1111 2779 paci
1144 2708 1402 2764 Ecclesiae
1439 2708 1817 2773 adversantur,
1848 2721 1967 2775 quae
1992 2709 2046 2760 in

552 2824 570 2856 ι
615 2805 869 2860 universo
919 2804 1051 2857 orbe
1097 2800 1293 2858 diﬂ‘nsa
1344 2809 1446 2856 est.
1497 2797 1624 2854 Haec
1676 2810 1903 2870 agentes
1954 2813 2050 2868 pro

538 2916 556 2949 ι
602 2906 756 2967 parte
791 2896 1003 2957 Donati,
1050 2902 1106 2950 et
1150 2894 1392 2950 dicentes
1447 2892 1656 2963 seipsos
1711 2907 1821 2947 non
1881 2890 2050 2963 pollui

540 3011 558 3042 ι
600 2989 983 3046 communione
1008 3002 1221 3053 eorum,
1269 2986 1362 3056 qui
1411 2999 1442 3039 a
1498 3000 1558 3041 se
1618 2994 1840 3055 propter
1894 2982 2049 3053 pacis

534 3102 556 3135 ε
594 3083 974 3136 necessitatem
1026 3079 1266 3149 suscepti
1315 3087 1487 3134 sunt:
1526 3077 1813 3132 nobiscum
1865 3084 2044 3131 autem
2074 3104 2119 3167 α

538 3191 557 3226 ι
599 3173 1017 3236 contendentes,
1048 3171 1151 3226 hoc
1176 3180 1279 3237 est,
1317 3185 1444 3225 cum
1474 3168 1742 3224 catholica
1768 3167 2036 3233 Ecclesia,

535 3282 555 3315 ι
598 3280 720 3334 quae
754 3262 839 3317 vel
880 3262 933 3316 in
983 3261 1246 3317 extremis
1293 3261 1543 3331 partibus
1574 3261 1722 3316 orbis
1754 3259 2042 3323 consistit,

536 3374 557 3408 ε
606 3370 702 3426 per
729 3354 985 3425 pollutam
1013 3368 1200 3409 eorum
1227 3352 1690 3416 communionem,
1721 3368 1860 3423 quos
1892 3355 2044 3424 prius

530 3465 555 3500 ι
595 3461 786 3502 omnes
822 3446 1174 3512 accusabant,
1210 3445 1356 3516 ipsos
1381 3459 1676 3519 coarguere
1715 3461 1820 3501 non
1850 3456 2044 3517 potue-

526 3553 557 3589 4
604 3540 749 3591 runt.
796 3552 818 3588 ι

528 4018 724 4077 ΒΑ[.8.
766 4017 865 4076 llic
894 4034 1113 4091 quoque
1159 4035 1401 4091 praesens
1426 4033 1602 4079 canon
1636 4023 1702 4078 de
1740 4021 2043 4082 Donatistis

460 4116 726 4183 loquitur.
762 4113 946 4168 Visum
974 4123 1054 4168 est
1087 4114 1230 4168 enim
1261 4125 1321 4167 ut
1343 4115 1509 4184 aliqui
1535 4105 1608 4170 ad
1633 4130 1729 4171 eos
1763 4118 2046 4172 mitteren-

456 4220 545 4261 tur
574 4207 734 4275 legati
764 4221 860 4273 pro
901 4222 1032 4276 pace
1058 4215 1111 4260 et
1140 4206 1362 4269 unione,
1397 4219 1452 4260 et
1497 4208 1561 4260 ad
1594 4209 1991 4263 ostendendum
2022 4250 2039 4278 ,

454 4296 597 4366 quod
628 4295 663 4349 ii
703 4310 807 4348 non
842 4305 991 4349 recte
1035 4297 1397 4351 adversantur
1424 4291 1707 4371 catholicae
1742 4298 2038 4366 Ecclesiae;

455 4398 510 4442 ct
542 4389 683 4457 quod
715 4387 881 4457 aliqui
927 4387 1090 4442 etiam
1115 4403 1209 4443 eos
1258 4403 1324 4442 ex
1372 4386 1810 4454 Maximiauistis,
1844 4390 1935 4460 qui
1969 4390 2037 4447 ab

455 4480 536 4535 eis
566 4479 788 4550 injuste,
814 4488 873 4533 ut
905 4479 1004 4550 ipsi
1040 4480 1248 4545 dicunt,
1282 4473 1682 4559 desciverunt,
1710 4482 2033 4552 suscipiunt,

454 4583 507 4627 et
556 4587 677 4626 cum
726 4573 833 4628 illis
885 4574 1327 4640 communicant;
1369 4581 1423 4628 et
1473 4586 1610 4644 quos
1666 4588 1765 4629 suo
1816 4559 2039 4646 proprio

452 4665 686 4721 consilio
709 4665 1161 4728 condemnarunt,
1188 4653 1374 4735 postea
1407 4667 1460 4719 in
1488 4668 1719 4737 propriis
1741 4667 2039 4726 honoribus

454 4765 843 4826 susceperunt;
875 4764 929 4810 et
960 4756 1105 4825 quod
1140 4770 1255 4819 eos,
1292 4772 1434 4831 quos
1465 4758 1555 4826 qui
1602 4759 1672 4813 ab
1727 4759 1860 4827 ipsis
1906 4768 2037 4815 sunt

451 4848 820 4914 condemnati,
839 4857 895 4902 et
923 4847 991 4900 ab
1016 4861 1080 4901 eo
1100 4847 1243 4916 quod
1270 4846 1373 4901 illis
1396 4861 1480 4902 est
1510 4851 1816 4904 sacerdotio
1846 4849 2033 4918 ejecti,

453 4938 886 5010 baptizaverunt,
922 4954 1234 5010 suscepere;
1265 4950 1319 4996 et
1353 4941 1496 5013 quod
1523 4946 1639 4999 haec
1674 4955 1898 5017 agentes
1928 4960 2036 5001 non

453 5044 513 5084 se
541 5030 706 5099 pollui
739 5029 948 5084 dicunt.

522 5206 689 5278 eos
710 5205 962 5262 ZONAB.
1002 5207 1125 5265 Haec
1151 5224 1367 5283 quoque
1392 5211 1460 5266 de
1483 5212 1798 5270 Donatistis.
1829 5216 1907 5270 Ad
1937 5231 2035 5272 eos

452 5314 689 5369 namque
718 5300 855 5354 mitti
901 5315 930 5353 e
958 5303 1199 5372 synodali
1252 5316 1525 5373 conventu
1557 5306 1762 5375 legatos
1810 5307 2033 5378 placuit,

453 5393 547 5462 qui
585 5393 729 5461 ipsos
760 5393 827 5447 ad
860 5409 1070 5463 pacem,
1104 5398 1478 5467 unitatemque
1509 5414 1636 5452 cum
1682 5398 1901 5455 Eccesia
1942 5417 2035 5456 ca-

468 5484 663 5537 tholica
692 5484 1011 5539 ﬁrmandam
1039 5488 1408 5543 hortarentur.
1434 5488 1671 5545 Doceant
1699 5506 1792 5547 eos
1810 5503 2036 5564 praeter-

455 5590 541 5644 ea,
585 5577 812 5632 minimc
846 5586 991 5632 recte
1023 5576 1226 5644 facere,
1273 5581 1413 5650 quod
1447 5582 1833 5640 ecclesiastica:
1864 5580 2036 5655 quieti

458 5668 865 5724 constitutionis
891 5670 1280 5737 adversentur;
1320 5687 1493 5743 neque
1517 5673 1643 5742 jure
1678 5685 1903 5746 propter
1935 5678 2036 5733 di-

461 5761 633 5815 visam
664 5763 905 5833 ipsorum
932 5767 1365 5825 communionem
1397 5782 1520 5825 cum
1567 5769 1811 5829 Ecclesia
1835 5774 2029 5830 catho-

2163 510 2392 577 κλησίας
2424 516 2837 584 συντάττεσθαι,
2867 519 2957 574 διὰ
3006 520 3068 573 τὸ
3108 515 3209 589 τὴν
3246 516 3505 591 ’Δφρικήν
3544 518 3727 592 πολλὴν

2161 602 2368 662 ἔνδειαν
2398 607 2677 680 κληρικῶν
2704 608 2871 680 ἔχειν.

2750 702 2992 757 KANON
3032 700 3156 759 OB'.

2168 806 2187 841 ‹
2235 790 2371 862 Περὶ
2397 792 2493 847 τοῦ
2517 793 2817 865 πρεσϐείαν
2847 796 2983 866 πρὸς
3013 796 3139 860 τοὺς
3163 793 3486 860 Δονανιστὰς
3510 796 3733 852 ἀποστα-

2238 903 2256 936 ι
2304 884 2463 954 λῆναι
2519 887 2683 959 χάριν
2735 884 2829 943 τοῦ
2890 889 2972 952 εἰς
3034 888 3135 959 τήν
3178 889 3405 959 εἰρήνην
3457 888 3732 944 συνθεῖναι.

2239 994 2259 1028 ι
2308 979 2542 1048 Ἥρεσεν
2571 979 2783 1047 ἔπειτα,
2831 979 2976 1035 ὥστε
3029 980 3239 1034 τούτων
3268 979 3617 1051 πραχθέντων
3656 995 3737 1034 το-

2237 1084 2256 1117 (
2301 1068 2614 1138 ποτηρητὰς
2648 1073 2778 1140 περί
2826 1071 2922 1126 τοῦ
2958 1071 3190 1143 κηρῦξαι
3229 1073 3456 1143 εἰρήνην
3504 1073 3595 1126 καὶ
3633 1074 3739 1126 ἐνδυ

2238 1177 2257 1210 α
2305 1177 2463 1229 τητα,
2510 1158 2727 1233 ἧστινος
2768 1165 2940 1235 χωρὶς
2967 1167 3001 1235 ή
3030 1164 3144 1219 τῶν
3188 1166 3527 1235 Χριστιανῶν
3574 1177 3737 1235 σωτη-

2238 1266 2256 1299 ι
2304 1249 2397 1320 ρία
2420 1250 2783 1305 καθίστασθαι
2811 1255 2873 1305 ού
2912 1253 3159 1320 δύναται,
3193 1253 3514 1322 πεμφθῆναι
3564 1255 3625 1307 ἐκ
3652 1255 3737 1306 τοῦ

2239 1358 2259 1392 ι
2305 1342 2577 1413 ἡμετέρου
2607 1344 2846 1416 ἀριθμοῦ
2887 1346 3027 1417 πρὸς
3064 1347 3192 1411 τοὺς
3223 1347 3336 1400 τῶν
3366 1345 3547 1400 αὐτῶν
3592 1348 3741 1399 Δονα-

2241 1454 2259 1487 ι
2299 1438 2521 1505 τιστῶν,
2587 1441 2697 1494 εἴτε
2753 1441 2907 1505 τινὰς
2961 1442 3178 1513 ἔχουσιν
3240 1443 3593 1506 ἐπισκόπους,
3639 1443 3738 1495 εἴτε

2243 1546 2262 1579 r
2310 1529 2532 1595 λαίκούς
2553 1548 2568 1564 ·
2597 1532 2666 1587 δι’
2704 1526 2780 1587 ὧν
2807 1534 3204 1604 τοποτηρητῶν
3228 1536 3398 1588 πᾶσιν
3457 1536 3514 1587 ἐν
3553 1534 3740 1601 γνώσει

2238 1641 2257 1674 ι
2304 1623 2552 1693 γένηται,
2582 1623 2656 1688 ώς
2699 1625 2854 1679 οὐδὲν
2899 1625 3115 1695 ἔχουσιν
3178 1624 3407 1695 ὠλογον
3470 1625 3608 1678 κατὰ
3649 1625 3739 1691 τῆς

2238 1733 2256 1766 ι
2303 1713 2600 1784 καθολικῆς
2658 1717 3021 1786 Ἐκκλησίας·
3087 1717 3328 1788 μάλιστα
3383 1716 3472 1770 ἵνα
3522 1712 3741 1784 φανερὴν

2237 1826 2257 1860 ι
2304 1809 2438 1861 πᾶσι
2501 1808 2731 1879 γένηται
2770 1809 2858 1863 διὰ
2886 1808 2995 1862 τῶν
3046 1808 3484 1879 πολιχνιωτικῶν
3543 1821 3744 1875 πεπρα-

2228 1919 2255 1952 οι
2297 1900 2519 1969 γμένων
2551 1902 2687 1972 πρὸς
2719 1900 2988 1955 πίστωσιν
3015 1902 3115 1971 τῆς
3157 1900 3521 1967 ἀποδείξεως,
3563 1898 3743 1966 ὥσπερ

2235 2006 2254 2041 α
2301 1991 2455 2043 αὐτοὶ
2478 1991 2610 2061 περὶ
2653 1991 2764 2045 τῶν
2795 1989 3248 2062 Μαξιμιανιστῶν
3296 1991 3410 2044 τῶν
3438 1992 3583 2053 ἰδίων
3636 2007 3744 2059 σχι-

2233 2100 2252 2133 ι
2301 2083 2584 2152 σματικῶν
2616 2083 2882 2155 ἔπραξαν,
2914 2084 3044 2139 ἔνθα
3089 2086 3272 2148 αὐτοῖς
3311 2085 3504 2139 θεόθεν
3546 2083 3749 2138 ἀποδεί-

2232 2192 2251 2225 ‹
2298 2192 2543 2243 κνυνται,
2576 2175 2672 2229 ἐὰν
2698 2171 3006 2250 ἐπισκῆψαι
3028 2176 3332 2250 θελήσοιεν,
3361 2177 3534 2242 οὕτως
3559 2180 3746 2241 ἀδίκως

2232 2285 2251 2319 ε
2298 2268 2419 2321 τότε
2441 2270 2639 2332 αὐτοὺς
2665 2270 2776 2324 ἀπὸ
2823 2271 2922 2341 τῆς
2974 2272 3448 2343 ἐκκλησιαστικῆς
3510 2271 3746 2336 ἐνώσεως

2233 2375 2251 2409 ι
2298 2358 2727 2429 ἀποσχίσαντας,
2795 2359 2988 2432 ὥσπερ
3051 2363 3360 2433 κράξουσιν
3408 2363 3610 2426 ἀδίκως
3659 2351 3746 2416 ἀπ’

2231 2466 2250 2500 t
2296 2451 2479 2504 αὐτῶν
2507 2452 2635 2516 τοὺς
2658 2452 3103 2524 Μαξιμιανιστὰς
3140 2454 3238 2507 νῦν
3283 2455 3614 2525 ἀποσχίσαι.
3655 2452 3750 2506 Ἐκ

2229 2563 2247 2595 ι
2294 2542 2351 2596 δὲ
2381 2543 2477 2597 τοῦ
2510 2544 2745 2615 ἀριθμοῦ
2777 2546 3007 2613 τούτων,
3028 2544 3278 2609 οὕστινας
3307 2547 3532 2618 φανερᾷ
3550 2546 3644 2616 τῆς
3679 2546 3750 2597 οἰ-

2232 2653 2250 2687 ι
2295 2634 2450 2700 κείας
2483 2636 2679 2706 βουλῆς
2703 2635 2961 2710 αὐθεντίᾳ
2994 2637 3394 2705 κατεδίκασαν,
3419 2638 3559 2709 μετὰ
3585 2637 3748 2691 ταῦτα

2232 2745 2251 2779 t
2296 2728 2354 2781 ἐν
2384 2730 2505 2792 ταῖς
2538 2728 2697 2793 ἰδίαις
2724 2732 2914 2799 τιμαῖς
2938 2730 3263 2797 ἀνεδέξαντο
3294 2746 3308 2761 ·
3349 2732 3450 2786 καὶ
3479 2732 3542 2786 τδ
3568 2731 3751 2801 βάπτι-

2230 2837 2248 2870 t
2298 2836 2434 2890 σμα,
2466 2819 2496 2872 δ
2527 2822 2581 2873 οἱ
2614 2822 2747 2890 παρ’
2768 2822 2953 2884 αὐτοῖς
2985 2822 3518 2893 καταδεδικασμένοι
3551 2823 3642 2877 καὶ
3661 2823 3745 2875 ὲκι

2230 2930 2249 2963 ‹
2297 2911 2627 2985 ϐεϐλημένοι
2667 2912 2959 2981 δεδώκασι,
3006 2914 3429 2986 προσεδέξαντο,
3499 2918 3633 2988 πρὸς
3691 2915 3746 2969 τὸ

2226 3023 2244 3056 ι
2290 3003 2589 3074 δειχθῆναι,
2625 3005 2741 3067 πῶς
2772 3006 2934 3077 μωρᾷ
2965 2991 3163 3077 καρδία
3219 3006 3639 3061 ἅντε-τάσσονται
3681 3008 3745 3077 τῇ

2229 3116 2247 3148 ι
2294 3096 2489 3168 εἰρήνῃ
2516 3098 2612 3167 τῆς
2642 3097 2995 3169 Ἐκκλησίας.
3026 3098 3126 3167 τῆς
3153 3099 3211 3151 ἐν
3253 3101 3426 3154 παντί
3460 3100 3540 3169 τῷ
3563 3098 3745 3168 κόσμῳ

2228 3205 2246 3238 ί
2290 3182 2710 3258 διακεχυμένης.
2737 3188 2923 3242 Ταῦτα
2985 3187 3267 3252 ποιοῦντες
3323 3191 3467 3261 ὑπὲρ
3511 3189 3606 3242 τοῦ
3655 3188 3746 3260 μὲ-

2144 3344 2147 3345 ν
2229 3301 2247 3331 ε
2295 3296 2423 3350 ρους
2462 3280 2556 3332 τοῦ
2612 3280 2870 3348 Δονάτου,
2916 3280 3011 3333 καὶ⁵
3078 3281 3155 3352 μὴ
3202 3281 3467 3351 λέγοντες
3528 3282 3748 3342 ἐαυτοὺς

2225 3391 2243 3424 ι
2298 3372 2625 3441 μολύνεσθαι
2655 3375 2719 3441 τῇ
2754 3375 3013 3444 κοινωνίᾳ
3038 3376 3147 3426 τῶν
3200 3374 3338 3444 παρ’
3366 3376 3555 3438 αὐτοῖς
3580 3363 3744 3426 ὀὕτω

2226 3484 2243 3516 σ
2290 3465 2379 3518 διὰ
2429 3466 2489 3519 τὸ
2540 3465 2799 3520 ἀκούσιον
2868 3467 2968 3535 τῆς
3025 3467 3250 3536 εἰρήνης
3301 3465 3746 3537 ἀναδεχθέντων·

2224 3577 2242 3610 ι
2292 3560 2424 3628 ἡμῖν
2450 3559 2507 3611 δὲ
2528 3549 3000 3633 φιλονεικοῦντες,
3034 3558 3180 3611 τοῦτ’
3208 3559 3333 3635 ἐστι
3382 3562 3450 3629 τῇ
3487 3556 3744 3626 καθολικῇ

2225 3668 2244 3701 ι
2291 3649 2613 3721 Ἐκκλησίᾳ,
2636 3649 2716 3703 ἔτι
2750 3650 2859 3721 μὴν
2888 3650 2984 3702 καὶ
3012 3652 3077 3720 τῇ
3106 3638 3164 3703 ἐν
3205 3651 3326 3713 τοῖς
3363 3650 3623 3719 ἐσχάτοις
3654 3646 3750 3717 μέ-

2226 3761 2244 3794 t
2295 3759 2411 3815 ρεσι
2448 3743 2547 3813 τῆς
2572 3744 2674 3813 γῆς
2709 3743 3055 3813 καθεστώσῃ,
3091 3741 3306 3811 διὰ⁶τῆς
3339 3742 3749 3814 ’μεμιασμένης

2225 3857 2242 3890 ι
2289 3838 2494 3891 τούτων
2515 3837 2824 3903 κοινωνίας,
2851 3832 3091 3890 ὧντινων
3111 3836 3385 3906 πρότερον
3413 3835 3752 3911 κατῃτιῶντο

2224 3949 2242 3982 ι
2289 3934 2511 3995 πάντες,
2534 3928 2751 3997 ἐλέγξαι
2774 3927 2970 3991 αὐτοὺς
3002 3929 3104 3981 οὐκ
3133 3927 3509 3999 ἠδυνήθησαν.
3552 3947 3572 3981 ι

2218 4022 2416 4078 ΒΑΛΣ.
2441 4022 2549 4085 καὶ
2569 4018 2724 4084 οὗτος
2755 4022 2781 4073 δ
2805 4018 2993 4091 παρὼν
3024 4021 3207 4074 κανὼν
3235 4025 3374 4089 περὶ
3426 4021 3540 4077 τῶν
3584 4023 3749 4100 ᾼονα-

2145 4114 2341 4169 τιστῶν
2375 4130 2560 4183 φησιν.
2596 4113 2785 4177 Ἔδοξε
2817 4114 2924 4183 γάρ
2951 4112 3208 4182 σταλῆναξ
3256 4130 3423 4176 τινας
3476 4114 3617 4183 πρὸς
3657 4113 3753 4165 αὐ·-

2144 4209 2271 4269 τοὺς
2299 4207 2676 4276 τοποτηρητὰς
2703 4207 2866 4275 χάριν
2895 4205 3121 4274 εἰρήνης
3168 4203 3265 4257 καὶ
3311 4207 3595 4274 ἐνὼσεως,
3659 4205 3752 4259 καὶ

2147 4298 2305 4368 χάριν
2340 4295 2431 4349 τοῦ
2457 4295 2741 4360 ἀποδεῖξαι
2769 4295 2851 4346 ὃτι
2880 4294 2941 4345 ού
3004 4293 3185 4355 καλῶς
3218 4296 3651 4348 ἀντιτάσσονται
3682 4296 3747 4364 τῇ

2148 4389 2405 4459 καθολικῇ
2440 4386 2760 4457 Ἐκκλησία,
2791 4387 2885 4437 καὶ
2912 4386 2993 4439 ὅτι
3020 4386 3277 4446 καίτινες
3314 4385 3430 4438 τῶν
3469 4384 3753 4455 Μαξιμια-

2141 4484 2336 4539 νιστῶν
2363 4482 2470 4534 τῶν
2496 4480 2913 4550 ἀποσχισάντων
2972 4475 3067 4529 ἀπ’
3126 4475 3310 4529 αὐτῶν
3377 4477 3618 4541 ἁδικῶς,
3676 4475 3752 4537 ὡς

2141 4574 2294 4628 αὐτοὶ
2321 4572 2561 4641 λέγουσι,
2597 4570 2843 4640 δέχονται
2874 4569 2968 4620 καὶ
2998 4567 3475 4635 συγκοινωνοῦσιν
3518 4569 3709 4629 αὐτοῖς
3734 4583 3749 4597 ο

2141 4668 2232 4721 καὶ
2252 4664 2346 4729 οὓς
2377 4664 2532 4717 αὐτοὶ
2555 4661 2615 4727 ἐξ
2648 4660 2849 4722 οἰκείας
2903 4658 3099 4730 βουλῆς
3147 4657 3549 4720 κατεδίκασαν,
3613 4655 3752 4727 μετὰ

2138 4757 2314 4811 ταῦτα
2347 4758 2403 4809 ἐν
2432 4757 2552 4818 ταῖς
2571 4756 2804 4815 οἰκείαις
2828 4753 3015 4821 τιμαῖς
3040 4750 3291 4816 ἐδέξαντο
3323 4764 3340 4779 ⁸
3372 4753 3475 4803 καὶ
3509 4752 3597 4805 δτι
3658 4747 3752 4812 οὓς

2140 4848 2317 4914 αὐτοὶ,
2342 4850 2391 4900 οἱ
2422 4848 2551 4916 παρ’
2592 4845 2773 4899 αὐτῶν
2805 4841 3322 4913 καταδεδικασμένοι
3348 4844 3451 4897 καὶ
3482 4843 3753 4911 ἐκϐεὸληο

2144 4940 2298 5012 μένοι
2332 4940 2431 5010 τῆς
2460 4937 2589 5008 παρ’
2619 4937 2802 4999 αὐτοῖς
2829 4935 3150 5008 ἱερωσύνης,
3208 4933 3556 5003 ἐδάπτισαν,
3609 4949 3751 5004 παρα

2139 5034 2419 5101 εδέξαντοσ
2474 5030 2567 5083 καὶ
2624 5030 2709 5083 ὅτι
2751 5027 2872 5080 ούδέ
2916 5027 3136 5095 λέγουσι
3187 5022 3533 5096 μολύνεσθαι
3575 5024 3751 5078 ταῦτα

2141 5123 2442 5186 ποιοῦντες.
2478 5107 2489 5117 ’

2212 5216 2457 5271 ΖΩΝΑΡ.
2497 5215 2607 5269 Καὶ
2623 5212 2797 5268 ταῦτα
2813 5228 2880 5291 πε
2890 5212 2942 5283 pl.
2957 5210 3318 5265 Δονατιστῶν⁸
3341 5210 3751 5282 τοποττιρητὰς

2138 5309 2245 5380 γάρ
2262 5308 2404 5374 ἔδοξε
2421 5309 2677 5379 σταλῆναι
2696 5306 2830 5375 πρὸς
2843 5304 3039 5366 αὐτοὺς
3055 5305 3119 5357 ἐκ
3133 5305 3229 5373 τῆς
3249 5302 3486 5356 συνόδου
3506 5318 3755 5375 προσκαι

2138 5401 2434 5471 λουμένους
2449 5399 2738 5463 αὐτοὺςείς
2777 5397 2839 5450 τὸ
2868 5395 3186 5466 εἰρηνεῦσαι
3225 5394 3322 5447 καὶ
3345 5395 3638 5466 ἐνωθῆναι
3677 5397 3748 5465 τῇ

2140 5497 2404 5567 καθολικῇ
2444 5493 2764 5565 Ἐκκλησία,
2793 5493 2889 5544 καὶ
2920 5488 3301 5553 ἀποδείξαντας
3327 5488 3528 5554 αὐτοῖς
3576 5490 3666 5543 ὅτι
3690 5488 3757 5541 ού

2141 5589 2321 5653 καλῶς
2352 5587 2765 5643 ἁντιτάσσονται
2786 5587 2852 5656 τῇ
2890 5584 3085 5657 εἰρήνῃ
3122 5585 3221 5653 τῆς
3253 5581 3751 5651 ἐκκλησιαπικῆς

2142 5680 2551 5746 καταστάσεως,
2586 5678 2705 5733 οὐδὲ
2751 5676 2980 5740 δικαίως
3007 5670 3381 5746 φιλονεικοῦσι
3418 5678 3491 5747 τῇ
3525 5673 3754 5730 καθολι·

2142 5774 2211 5842 κῇ
2244 5770 2545 5839 Ἐκκλησία
2574 5767 2664 5823 διὰ
2719 5766 2820 5841 τῆς
2858 5764 3273 5840 μεμερισμένης
3297 5764 3502 5822 αὐτῶν
3549 5781 3753 5822 κοινω-
