3976 6390
266 345 360 409 269

1197 344 1279 405 ΙΝ
1329 343 1498 405 CAN.
1537 342 1791 404 LXXIII
1828 341 2040 404 CONC.
2077 342 2459 408 CARTHAG.

3380 342 3491 405 270

267 457 390 516 νίας.
418 451 730 523 Ἐλέγχουσι
761 451 816 505 δὲ
845 451 1044 515 αὐτοὺς
1072 451 1148 523 μὴ
1174 451 1352 514 καλῶς
1378 450 1691 513 ποιοῦντας,
1722 448 1819 501 καὶ

1949 450 2029 503 ica
2055 452 2453 506 contentionem
2489 448 2712 505 habere.
2748 449 2902 517 Quod
2932 464 3058 506 vero
3088 452 3249 507 etiam
3301 467 3367 509 ex
3400 453 3506 508 Ma-

266 547 335 599 ὖτι
364 544 619 606 καίτινας
648 543 757 596 τῶν
810 540 1285 611 Μάξιμιανιστῶν,
1331 540 1439 594 τῶν
1489 540 1819 608 άποσχισάν-

266 653 359 689 τιυν
386 635 471 688 ἀπ’
498 634 681 688 αὐτῶν
709 633 934 697 ἀδίκως,
969 633 1044 699 ῶς
1076 632 1233 687 αὐτοὶ
1278 632 1523 700 λέγουσι,
1578 631 1821 700 δέχονται

266 729 345 781 καὶ
366 726 812 795 σνδγκοινωνοῦσιν
844 727 1057 791 αὐτοῖς,
1086 728 1177 779 καὶ
1209 725 1305 789 οὒς
1335 725 1491 778 αὐτοὶ
1522 724 1580 791 ἐξ
1612 724 1821 788 οἰκείας

265 820 435 890 βουλῆς
473 819 855 885 κατεδίκασαν,
884 820 1022 889 μετὰ
1046 817 1220 873 ταῦτα
1244 821 1300 870 ὲν
1326 819 1448 881 ταῖς
1474 816 1707 880 οίκείαις
1737 832 1820 869 τι-

265 913 376 981 μαῖς
401 910 683 976 ἐδέξαντο·
750 914 847 965 καὶ
889 910 972 964 ὅτι
1010 908 1106 973 οὓς
1156 909 1335 972 αὐτοὶ,
1361 909 1411 962 οί
1474 910 1604 980 παρ’
1644 907 1823 962 αὐτῶν

262 1003 765 1072 καταδεδικασμένοι
793 1001 890 1055 καὶ
918 1001 1310 1070 ἐκϐεϐλημένοι
1344 1000 1447 1069 τῆς
1479 1000 1609 1071 παρ’
1640 1002 1825 1064 αὐτοῖς

263 1092 570 1164 ἱερωσύνης,
647 1094 950 1148 ἐϐάπτισαν
999 1091 1385 1163 παρεδέξαντο,
1427 1094 1522 1147 καὶ
1555 1093 1640 1146 ὅτι
1699 1091 1824 1146 ουδὲ

259 1184 456 1250 λέγουσι
490 1180 817 1251 μολύνεσθαι
846 1181 1019 1235 ταῦτα
1044 1181 1347 1247 ποιοῦντες.

256 1382 457 1436 ΑΡΙΣΤ.
497 1400 516 1434 ι
566 1383 771 1453 Ἥρεσε
806 1382 1067 1454 πρέσϐεις
1114 1384 1506 1472 ἀποσταλῆναι,
1560 1384 1827 1457 κηρύξον-

323 1494 341 1527 ι
380 1491 475 1536 τας
499 1476 614 1537 τοῖς
636 1476 986 1537 Δονατισταϊς
1012 1476 1240 1546 είρήνην
1262 1478 1355 1531 καὶ
1383 1478 1632 1549 ἑνότητα,
1661 1494 1828 1548 μετα-

322 1584 340 1616 ι
376 1564 681 1636 τιθεμένοις
709 1566 846 1636 πρὸς
876 1565 940 1619 τὸ
965 1566 1267 1639 όρθόδοξον.
1306 1586 1326 1620 ι

317 1680 385 1733 Οὐ
411 1681 577 1750 μόνον
610 1680 1091 1752 προσερχομένους
1123 1685 1191 1755 τῇ
1214 1683 1477 1756 καθολικῇ
1521 1683 1826 1757 Ἐκκλησία

1927 539 2256 595 ximianistis
2306 540 2568 610 quosdam
2601 540 2922 611 suscipiunt,
2948 542 3039 612 qui
3087 543 3154 598 ab
3181 545 3269 611 iis,
3302 552 3362 599 ut
3396 546 3499 615 ipsi

1926 645 2199 698 asserunt,
2229 631 2503 687 immerito
2533 631 2802 698 defecere,
2829 641 2883 687 et
2915 649 3036 689 cum
3078 635 3145 690 iis
3186 636 3498 691 communi-

1925 731 2071 789 cant,
2102 738 2348 794 quosque
2375 733 2533 778 antea
2560 737 2655 777 sua
2681 724 2949 779 sententia
2976 715 3323 791 damnarunt,
3354 736 3503 796 post—

1930 812 2147 865 modum
2181 812 2475 868 honoribus
2507 827 2690 867 eorum
2742 813 3079 868 conservatis
3123 814 3501 883 admiserunt;

1925 901 2069 969 quod
2100 903 2266 957 etiam
2319 902 2454 959 alios
2503 904 2571 959 ab
2616 902 2684 959 iis
2734 905 3058 974 baptizatos,
3103 920 3239 975 quos
3287 906 3503 976 ipsimet

1927 995 2378 1061 condemnarunt,
2406 1010 2468 1050 ac
2499 1011 2586 1064 eo,
2623 997 2712 1066 qui
2739 998 2881 1067 apud
2912 997 3058 1067 ipsos
3092 1009 3195 1061 est,
3223 1013 3378 1055 sacro
3402 1014 3497 1055 or-

1928 1082 2054 1137 dine
2089 1092 2395 1150 moverunt,
2427 1100 2536 1139 non
2573 1086 2878 1155 repudiant,
2906 1101 3003 1141 nec
3028 1086 3194 1141 ullam
3222 1101 3280 1143 se
3305 1104 3371 1143 ex
3398 1089 3501 1145 hoc

1927 1173 2103 1229 labem
2136 1176 2459 1232 contrahere
2493 1178 2861 1240 arbitrantur;
2898 1177 2951 1233 in
2984 1178 3067 1234 his
3101 1193 3318 1249 quoque
3353 1180 3499 1250 ipsos

1928 1280 2035 1321 non
2068 1268 2414 1325 mediocriter
2444 1283 2667 1339 peccare
2697 1271 3096 1327 demonstrent.

1926 1378 2155 1437 ARIST.
2192 1401 2212 1434 ι
2245 1382 2473 1447 Placuit,
2505 1393 2564 1439 ut
2614 1384 2777 1455 legati
2804 1386 3093 1441 mittantur
3124 1385 3190 1441 ad
3218 1402 3409 1458 pacem
3443 1399 3500 1444 et

2003 1489 2022 1524 ι
2061 1473 2312 1528 unionem
2348 1471 2644 1532 Donatistis
2681 1479 2749 1531 ad
2786 1477 2945 1532 fidem
2968 1476 3332 1533 orthodoxam
3368 1494 3502 1535 con-

2005 1582 2025 1616 ι
2066 1567 2239 1623 versis
2278 1568 2702 1635 praedicandam.
2748 1588 2768 1623 ι

2001 1678 2195 1737 Patres
2239 1681 2293 1735 hi
2340 1698 2450 1738 nou
2486 1692 2693 1739 tantum
2740 1683 3058 1753 iudicarunt
3090 1686 3398 1743 Donatistas
3435 1687 3502 1742 ad

255 1771 367 1834 τοὺς
418 1775 751 1840 Δονατιστὰς
801 1778 922 1832 δέον
991 1778 1216 1845 ἔκριναν
1270 1780 1321 1831 οί
1384 1779 1630 1850 Πατέρες
1675 1779 1824 1845 οὗτοι

1949 1769 2225 1825 Ecclesiam
2255 1771 2577 1829 catholicam
2614 1776 2938 1832 accedentes
2970 1777 3330 1832 admittendos
3357 1791 3500 1841 esse,

259 1863 675 1935 παραδέχεσθαι,
706 1867 845 1923 ἀλλὰ
869 1870 963 1923 καὶ¹
1001 1869 1266 1939 πρέσϐεις
1301 1870 1437 1943 πρὸς
1492 1872 1690 1935 αὐτοὺς
1738 1873 1823 1925 εί-

1949 1863 2020 1916 ed
2047 1872 2101 1917 et
2126 1864 2332 1935 legatos
2363 1867 2429 1920 ad
2458 1881 2554 1922 eos
2586 1868 2881 1924 mittendos
2915 1869 2983 1924 ad
3012 1884 3198 1938 pacem
3229 1868 3504 1924 Ecclesia-

261 1954 416 2024 ρήνην
446 1956 560 2008 τῶν
608 1958 917 2030 ἐκκλησιῶν
936 1960 1032 2015 καὶ
1066 1961 1313 2032 ἑνότητα,
1378 1960 1427 2013 εί
1483 1960 1822 2031 μετατεθῶσι

259 2044 382 2114 πρὸς
406 2047 466 2099 τὸ
491 2048 800 2118 ὀίιθόδοξον.

839 2187 1082 2243 ΚΛΝΩΝ
1109 2190 1228 2245 υΓ’.

262 2337 278 2370 t
318 2320 445 2393 Περὶ
477 2320 578 2375 τοῦ
605 2322 748 2376 ποῖοι
789 2324 1064 2392 ὀφείλουσι
1095 2325 1206 2379 τῶν
1247 2314 1525 2396 κληρικῶν
1571 2324 1829 2396 γαμετῶν

322 2425 339 2459 ι
382 2409 711 2483 ἀπέχεσθαι.
744 2413 885 2482 Πρὸς
914 2415 1006 2467 ἐπὶ
1041 2414 1252 2480 τούτοις
1309 2416 1368 2468 ἐν
1425 2414 1504 2485 τῷ
1556 2416 1685 2487 περὶ
1737 2418 1829 2485 ἐγ-

322 2517 338 2548 σ
383 2500 649 2570 κρατείας
679 2500 780 2572 τῆς
829 2504 957 2574 περὶ
989 2504 1092 2567 τὰς
1120 2504 1329 2572 οἰκείας
1360 2504 1607 2575 γαμετάς
1665 2523 1830 2561 τινων

323 2609 338 2641 ι
380 2585 826 2662 μνημονεύεσθαι
896 2595 1199 2668 κληρικῶν,
1241 2597 1459 2671 ἤρεσεν,
1520 2596 1661 2651 ὥστε
1705 2598 1830 2662 τοὺς

320 2704 336 2735 ι
382 2686 721 2752 ἐπισκόπους
780 2689 876 2742 καὶ
927 2689 1335 2762 πρεσϐυτέρους
1395 2691 1492 2744 καὶ⁸
1545 2689 1830 2753 διακόνους

323 2796 338 2827 ι
384 2780 526 2831 κατὰ
562 2774 689 2843 τοὺς
727 2779 884 2845 ἰδίους
902 2780 1060 2851 ὅρους
1084 2782 1175 2835 καὶ
1203 2781 1267 2834 ὲκ
1289 2780 1395 2834 τῶν
1426 2782 1570 2834 ἰδίων
1597 2778 1678 2832 ἔτι
1721 2780 1831 2851 μὴν

318 2886 336 2920 ι
381 2869 694 2941 ἀπέχεσθαι
718 2871 1034 2941 γυναικῶν·
1071 2875 1210 2945 ὅπερ
1267 2875 1315 2926 εί
1381 2872 1456 2945 μὴ
1523 2873 1831 2942 ποιήσαιεν,

320 2978 337 3009 t
384 2963 491 3015 άπὸ
523 2961 632 3031 τῆς
662 2963 1129 3034 ἱκκλησιαστικῆς
1161 2962 1536 3044 ἀυποκινηθῶσι
1580 2962 1785 3029 τάξεως
1815 2978 1828 2991 °

319 3072 336 3103 ι
380 3057 508 3118 τοὺς
540 3054 603 3108 δὲ
628 3055 852 3119 λοιποὺς
899 3054 1197 3126 κληρικοὺς
1228 3055 1364 3125 πρὸς
1410 3053 1569 3109 τοῦτο
1626 3056 1701 3125 μὴ
1741 3054 1835 3108 ὰνο

325 3165 341 3195 t
387 3146 759 3215 αγκάζεσθαι,
822 3145 940 3201 ἀλλ’
991 3147 1228 3214 ὀφείλειν
1273 3144 1414 3200 κατὰ
1440 3145 1537 3217 τὴν
1592 3146 1897 3225 exinqu

319 3258 340 3293 ι
382 3240 688 3311 ὲκκλησίας
722 3236 1015 3310 συνήθειαν
1047 3235 1587 3308 παραφυλάττεσθαι.
1635 3256 1655 3289 ι

316 3378 510 3432 ΒΑΔΣ.
571 3374 697 3437 Πῶς
745 3372 1053 3442 ὀφείλουσιν
1101 3373 1533 3441 ἑγκρατεύεσθαι
1573 3372 1681 3426 ἀπὸ
1724 3372 1835 3427 τῶν

252 3466 389 3520 ἰδίων
432 3464 700 3537 γαμετῶν
720 3464 771 3516 οἱ
802 3462 1114 3531 ἐπίσκοποι,
1160 3464 1209 3515 οί
1235 3462 1598 3534 πρεσϐύτεροι
1653 3463 1747 3515 καὶ
1784 3462 1836 3514 οι

250 3558 496 3623 διάκονοι,
527 3557 676 3611 κατὰ
710 3554 802 3608 τὸν
867 3554 1060 3626 καιρὸν
1110 3556 1210 3625 τῆς
1260 3554 1569 3626 ὶφημερίας
1630 3554 1831 3622 αὐτῶν,

250 3650 454 3719 εἴρηται
502 3651 566 3702 ὲν
599 3646 679 3716 τῷ
711 3644 778 3715 ιγ’
810 3646 997 3700 κανόνι
1034 3646 1134 3717 τῆς
1197 3647 1256 3698 ὲν
1300 3645 1379 3716 τῷ
1421 3645 1676 3717 Τρούλλῳ
1708 3662 1835 3698 συν-

248 3741 380 3797 όδου.
401 3743 514 3798 Καὶ
552 3743 584 3795 ό
607 3739 800 3810 παρὼν
826 3739 883 3792 δὲ
915 3737 1095 3792 κανών
1129 3754 1263 3808 φησι
1302 3738 1684 3808 καθαιρεῖσθαι
1707 3737 1835 3791 τού·

248 3849 364 3896 τους
393 3834 443 3887 εί
478 3832 559 3905 μὴ
595 3831 901 3901 τηνικαῦτα
931 3830 1403 3902 ὲγκρατεύωνται.
1475 3830 1614 3893 Τοὺς
1652 3829 1711 3883 δέ
1770 3845 1834 3897 γε

247 3922 459 3989 λοιποὺς
512 3924 819 3993 κληρικοὺς
868 3922 1043 3976 ταῦτα
1088 3922 1190 3975 οὐκ
1243 3921 1587 3987 ἀπαιτοῦσιν,
1635 3920 1709 3984 ὡς
1757 3922 1832 3993 μὴ

245 4014 622 4087 ψιλαφῶντας
678 4017 748 4069 τὰ
780 4014 935 4083 ἅγια,
991 4014 1129 4067 ἀλλὰ
1183 4014 1608 4084 παρεγγυῶνται
1648 3998 1832 4075 αὐτοῖς

248 4107 539 4176 φυλάττειν
602 4106 744 4160 κατὰ
794 4106 859 4159 τὸ
915 4106 1017 4175 τῆς
1079 4106 1321 4175 ἑκάστης
1361 4103 1548 4175 χώρας
1617 4102 1830 4173 ἔθιμον.

245 4203 548 4271 ’Δνάγνωοι
596 4203 691 4254 καὶ
745 4203 837 4254 τὸν
898 4198 947 4268 γ’
998 4199 1202 4254 κανόνα
1253 4199 1348 4252 τοῦ
1397 4197 1832 4269 ἁρχιεπισκόπου

246 4293 661 4364 Ἀλεξανδρείας
688 4292 992 4346 Διονυσίου.
1026 4290 1342 4362 Σημείωσαι
1396 4287 1490 4342 οὖν
1543 4291 1627 4343 ὅτι
1692 4289 1833 4343 κατὰ

244 4386 328 4437 τὸν
359 4388 562 4456 καιρδν
595 4385 693 4453 τῆς
726 4382 1009 4453 παρούσης
1072 4382 1292 4435 συνόδου
1343 4376 1491 4452 εῐχον
1521 4385 1833 4453 ἀποκριμα-

1926 1965 2047 2003 rum
2077 1962 2128 2006 et
2165 1952 2427 2008 unitatem
2459 1948 2854 2024 praedicandam
2881 2000 2897 2026 ,
2931 1958 2974 2014 si
3025 1960 3092 2015 ad
3141 1959 3501 2014 orthodoxam

1926 2041 2086 2098 ﬁdem
2110 2054 2519 2102 convertantur.

2446 2206 2676 2264 CANON
2731 2207 2969 2263 LXXIII.

1932 2359 1954 2393 ι
1992 2340 2224 2410 Quinam
2247 2357 2314 2398 ex
2334 2342 2545 2398 clericis
2570 2344 2805 2399 debeant
2833 2343 2900 2398 ab
2929 2344 3190 2401 uxoribus
3209 2345 3499 2402 abstinere.

2004 2454 2022 2487 ι
2060 2436 2139 2490 Ad
2176 2436 2291 2491 haec
2322 2444 2502 2491 autem
2527 2438 2652 2491 dum
2681 2438 2745 2490 de
2769 2436 3070 2507 aliquorum
3098 2437 3419 2492 clericorum
3448 2437 3501 2490 in

2009 2544 2028 2577 ι
2070 2541 2197 2582 suas
2227 2542 2429 2583 uxores
2454 2529 2785 2583 continentia
2819 2530 3026 2585 mentio
3057 2527 3211 2584 ﬂeret
3231 2566 3247 2593 ,
3278 2526 3501 2597 placuit,

2013 2637 2031 2669 ‹
2071 2628 2128 2672 ut
2153 2619 2480 2690 presbyteri,
2511 2618 2748 2689 episcopi
2778 2628 2832 2674 et
2857 2619 3069 2674 diaconi
3111 2618 3348 2689 propriis
3383 2627 3498 2673 ter-

2011 2729 2030 2761 ι
2072 2709 2234 2765 minis
2267 2710 2433 2766 etiam
2461 2725 2489 2763 a
2525 2710 2641 2765 suis
2668 2710 2975 2766 abstineant
3006 2710 3306 2775 uxoribus;
3357 2711 3505 2780 quod

2011 2820 2029 2852 ο
2071 2801 2171 2856 nisi
2205 2800 2452 2867 fecerint,
2487 2800 2857 2857 ecclesiastico
2886 2802 3078 2856 ordine
3127 2811 3447 2857 moveantur
3486 2818 3502 2854 :

2007 2911 2024 2944 ι
2071 2893 2259 2963 reliqui
2291 2891 2470 2948 au'tem
2511 2894 2694 2949 clerici
2720 2894 2787 2950 ad
2818 2894 2919 2948 hoc
2951 2908 3054 2949 non
3091 2900 3379 2963 cogantur,
3409 2896 3506 2949 sed

2004 3003 2022 3036 ι
2056 2985 2262 3041 ,ἀουεηι
2291 2985 2715 3055 uniuscujusque
2772 2983 3020 3042 ecclesia:
3052 2984 3504 3051 consuetudinem

2020 3095 2038 3128 ι
2079 3090 2316 3132 servare.
2358 3095 2379 3129 ι
2922 3086 2927 3092 “

2010 3390 2207 3447 BALS.
2241 3390 2526 3460 Quomodo
2558 3391 2756 3447 debent
2789 3406 2845 3446 se
2873 3406 2901 3445 a
2938 3390 3052 3445 suis
3080 3389 3339 3446 uxoribus
3378 3405 3509 3447 con-

1934 3484 2109 3539 tinere
2132 3484 2368 3554 episcopi
2390 3490 2444 3539 et
2469 3482 2766 3554 presbyteri
2796 3491 2850 3538 et
2874 3482 3082 3538 diaconi
3110 3493 3351 3553 tempore
3375 3484 3510 3539 vicis

1934 3591 2085 3639 sum,
2119 3576 2170 3629 in
2226 3581 2429 3629 canone
2481 3574 2548 3629 15
2593 3573 2783 3646 synodi
2820 3574 2873 3628 iu
2908 3572 3091 3629 Trullo
3142 3572 3345 3629 dictum
3404 3584 3508 3629 est.

1936 3664 2181 3741 Praesens
2211 3677 2423 3733 qucque
2453 3677 2625 3718 canon
2670 3662 2798 3717 dicit
2838 3675 2932 3717 eos
2985 3660 3353 3731 deponendos,
3408 3660 3512 3716 nisi

1937 3763 2065 3811 tunc
2098 3771 2158 3811 se
2191 3758 2576 3810 cootinuerint.
2611 3756 2739 3809 Haec
2771 3761 2949 3808 autem
2974 3769 3003 3807 a
3052 3752 3272 3821 reliquis
3302 3752 3514 3809 clericis

1936 3863 2041 3902 non
2070 3847 2312 3917 exigunt,
2351 3855 2407 3900 ut
2451 3846 2543 3914 qui
2574 3853 2911 3899 sacramenta
2958 3859 3064 3898 non
3116 3851 3463 3898 contractent
3494 3883 3510 3908 ,

1937 3941 2029 3995 sed
2084 3954 2178 3994 eos
2223 3938 2679 4007 jubentqservare
2743 3935 2993 3990 ecclesiae
3042 3936 3508 3989 consuetudinem.

1935 4026 2077 4097 Lege
2103 4034 2155 4081 et
2198 4039 2458 4079 canonem
2494 4024 2528 4079 5
2562 4023 2951 4094 archiepiscopi
3002 4023 3343 4078 Alexandria:
3388 4024 3514 4079 Dio-

1938 4119 2097 4189 nysii.
2133 4116 2268 4172 Nota
2312 4131 2463 4187 ergo,
2512 4116 2652 4185 quod
2691 4124 2934 4184 tempore
2980 4114 3265 4185 praesentis
3320 4116 3511 4185 synodi

1939 4210 2205 4265 habebant
2233 4210 2468 4278 episcopi
2501 4224 2626 4265 suas
2673 4223 2871 4264 uxores
2905 4210 3023 4264 sine
3054 4204 3391 4279 praeiudicio.
3421 4209 3514 4266 Sic

1938 4303 2120 4371 itaque
2153 4302 2269 4375 haec
2298 4316 2506 4356 canone
2554 4298 2763 4355 saucita
2816 4308 2964 4355 sunt.
3001 4300 3282 4367 Quomodo
3325 4312 3508 4360 autem

1936 4393 2290 4462 deponentur,
2315 4392 2405 4463 qui
2435 4390 2660 4447 forsitan
2691 4407 2796 4446 non
2823 4391 3117 4454 abstinent,
3145 4407 3265 4447 cum
3297 4409 3385 4449 res
3407 4411 3512 4450 non

244 4478 439 4539 τίστως
466 4477 570 4539 τὰς
600 4475 809 4538 οἰκείας
836 4477 1084 4544 γαμετὰς
1110 4475 1160 4527 οἱ
1179 4474 1490 4528 ἐπίσκοποι.
1528 4473 1686 4527 υῦτω
1734 4474 1830 4544 μὲν

1949 4484 2009 4538 sit
2042 4484 2348 4539 manifesta.
2389 4483 2519 4551 Quis
2549 4484 2693 4539 enim
2731 4492 2921 4539 contra
2972 4498 3091 4539 sese
3120 4484 3515 4540 conﬁtebitur?

243 4565 332 4624 οὖν
355 4570 752 4641 κεκανόνισται
782 4569 956 4621 ταῦτα
993 4583 1008 4599 ⁸
1046 4566 1165 4629 πῶς
1213 4566 1270 4620 δὲ
1333 4566 1831 4636 καθαιρεθήσονται

244 4664 289 4714 ot
322 4666 453 4727 ἴσως
484 4665 568 4734 μὴ
601 4661 1060 4732 έγκρατευόμενοι
1086 4659 1285 4728 ἀδήλου
1354 4656 1447 4710 τοῦ
1509 4656 1835 4726 πράγματος

244 4750 393 4817 ὄντος
428 4770 443 4783 ο
470 4753 560 4817 τίς
592 4753 699 4823 γάρ
723 4750 1047 4821 ὁμολογήσει
1074 4749 1199 4802 καθ’
1230 4747 1427 4801 ἑαυτοῦ
1456 4763 1473 4815 ;
1529 4748 1561 4817 ἢ
1589 4748 1669 4811 τίς
1700 4747 1837 4816 πρὸς

244 4845 330 4896 τὶν
364 4845 571 4898 τούτου
595 4843 817 4914 ἔλεγχον
842 4841 1204 4905 ἅποδύσεται;
1238 4840 1330 4892 Διὸ
1358 4840 1582 4908 γνώμην
1639 4838 1835 4907 δίδωμι

247 4939 318 5008 μὴ
369 4937 442 4991 δι’
487 4937 618 4991 ὅλου
672 4936 978 5005 ἱερουργεῖν
1028 4935 1155 4997 τοὺς
1200 4935 1555 5005 ίερωμένους.
1586 4929 1686 4982 Διὰ
1724 4931 1833 4998 γὰρ

244 5030 400 5084 τοῦτο
426 5034 531 5084 καὶ
562 5031 620 5082 ὲν
648 5027 727 5098 τῷ
755 5034 786 5082 ι’
809 5028 993 5091 κανόνι
1012 5028 1112 5096 τῆς
1141 5026 1200 5079 ὲν
1227 5026 1307 5094 τῷ
1334 5023 1588 5095 Τρυύλλῳ
1613 5022 1832 5075 συνόδου

246 5123 560 5193 ἐφημερίας
590 5120 938 5194 ὲμνήσθησαν
984 5121 1033 5172 oi.
1061 5104 1323 5187 Πατέρες.
1351 5118 1440 5169 Διὸ
1467 5118 1561 5169 καὶ
1604 5117 1663 5168 ἐν
1711 5117 1835 5179 ταῖς

251 5218 519 5285 μεγάλαις
584 5217 678 5269 καὶ
729 5213 1039 5276 καθολικαῐς
1089 5212 1409 5280 ἐκκλησίαις
1465 5208 1749 5280 διῄρηνται
1777 5206 1837 5260 αί

246 5309 348 5363 τῶν
371 5309 699 5382 ἱερωμένων
724 5307 981 5363 δουλεῖαι.
1009 5307 1075 5359 0i.
1132 5304 1241 5374 γὰρ
1274 5302 1395 5356 καθ’
1433 5302 1674 5370 ἑκάστην
1721 5298 1836 5353 λει-

245 5405 613 5474 τουργοῦντες
637 5403 814 5472 ἔνοχοι
839 5402 1075 5468 γίνονται
1110 5397 1189 5468 τῷ
1243 5396 1429 5450 κανόνι
1454 5396 1562 5447 ἀπὸ
1629 5393 1839 5463 προλήο

244 5497 411 5566 ψεως,
443 5496 542 5551 διὰ
577 5495 635 5549 τὸ
675 5497 946 5548 συνοικεῖν
981 5492 1250 5561 γαμεταῖς
1283 5504 1297 5519 '
1327 5489 1503 5541 διόλου
1527 5486 1623 5540 καὶ
1664 5501 1834 5538 σκαν-

245 5590 523 5653 δαλίζουσι
547 5587 673 5649 τοὺς
708 5586 872 5650 λαούς
904 5602 920 5619 ο
943 5580 1096 5655 οἶμαι
1122 5584 1230 5653 γὰρ
1251 5582 1337 5634 ὅτι
1360 5581 1456 5634 καὶ
1491 5580 1551 5632 τὸ
1585 5577 1659 5649 μὴ
1705 5579 1838 5647 κλη-

250 5679 473 5735 οοῦσθαι
505 5679 606 5733 τὸν
632 5678 799 5732 αὐτὸν
822 5678 901 5740 εἰς
930 5676 1133 5737 πολλὰς
1190 5671 1491 5741 ἐκκλησίας
1552 5669 1642 5722 διὰ
1672 5667 1833 5721 τοῦτο

246 5776 497 5847 ἐκωλύθη
527 5790 544 5803 ’
578 5772 659 5829 ἔτι
691 5792 749 5829 τε
775 5773 871 5828 κα)⁸
928 5772 988 5827 τὸ
1039 5770 1285 5841 γίνεσθαι
1339 5768 1678 5839 λειτουργίαν
1743 5767 1835 5822 καὶ

1940 4577 2021 4635 vel
2055 4579 2175 4648 quis
2205 4593 2328 4634 eum
2375 4577 2698 4632 convincere
2742 4577 3132 4647 aggretlietnr?
3163 4578 3510 4648 Quapropter

1940 4684 2058 4724 mea
2090 4678 2172 4725 est
2204 4670 2469 4725 sententia
2495 4707 2511 4735 ,
2547 4678 2606 4723 ut
2653 4669 2825 4724 sacris
2860 4669 3056 4723 initiati
3096 4684 3202 4723 non
3256 4680 3514 4740 perpetuo

1939 4776 2092 4816 sacra
2124 4759 2413 4815 celebrent.
2458 4757 2751 4830 PrOpterea
2797 4759 2940 4814 enim
2991 4769 3045 4813 et
3094 4759 3145 4812 in
3181 4760 3391 4816 decimo
3427 4776 3551 4831 sy—.

1939 4854 2062 4908 nodi
2113 4854 2165 4908 in
2211 4851 2395 4906 Troilo
2424 4866 2629 4906 canone
2672 4850 2861 4905 Patres
2892 4851 2957 4905 de
3000 4850 3210 4908 vicibus
3245 4854 3511 4908 memine-

1940 4953 2083 4999 runt.
2144 4941 2209 4997 Et
2253 4942 2457 4997 idcirco
2502 4944 2554 4996 in
2605 4942 2814 5011 magnis
2842 4950 2896 4996 et
2929 4942 3211 4997 catholicis
3262 4943 3513 4999 ccclesiis

1939 5045 2275 5089 sacratorum
2313 5034 2610 5089 ministeria
2645 5033 2813 5089 divisa
2848 5042 2994 5090 sunt.
3024 5032 3125 5100 Qui
3154 5037 3295 5090 cnim
3327 5038 3513 5107 quoti-

1938 5127 2026 5182 die
2052 5140 2202 5181 sacra
2227 5126 2499 5181 celebrant
2530 5125 2722 5181 canoni
2758 5137 2883 5183 sunt
2910 5131 3128 5186 obnoxii
3157 5144 3220 5185 ex
3248 5144 3514 5198 praesum-

1940 5219 2157 5289 ptione,‘
2180 5218 2320 5287 quod
2357 5232 2476 5272 cmn
2522 5218 2780 5275 uxoribus
2821 5221 3165 5280 cohabitant:
3217 5230 3272 5277 et
3325 5232 3511 5293 aperte

1940 5310 2164 5381 populus
2195 5308 2491 5365 oﬂenduut.
2530 5308 2751 5380 Propter
2802 5313 2906 5367 hoc
2944 5315 3112 5380 enim,
3146 5325 3205 5369 ut
3251 5316 3382 5371 mihi
3429 5316 3511 5369 vi-

1940 5404 2128 5468 detur;
2166 5414 2233 5455 ne
2263 5402 2384 5472 quis
2419 5402 2471 5456 iu
2506 5401 2688 5459 multis
2713 5405 2958 5461 ecclesiis
2992 5407 3083 5461 ﬁat
3111 5408 3343 5462 clericus
3383 5422 3511 5478 pro-

1943 5495 2166 5549 hibitum
2192 5501 2294 5557 est,
2325 5502 2380 5548 et
2405 5495 2566 5548 etiam
2600 5510 2666 5550 ne
2688 5511 2964 5553 sacrorum
2998 5499 3294 5554 celebratio
3327 5508 3379 5552 et
3419 5497 3512 5552 ba-

1941 5587 2192 5654 ptismata
2244 5586 2295 5638 in
2342 5587 2600 5639 oratoriis
2635 5586 2783 5654 fiant,
2820 5602 2939 5657 qua:
2975 5597 3100 5642 sunt
3146 5587 3199 5640 in
3233 5586 3509 5641 doinibus.

1943 5675 2008 5728 Et
2032 5678 2131 5730 hoc
2156 5672 2389 5727 exolevit
2433 5685 2651 5743 propter
2682 5676 2842 5729 aliain
2891 5676 3155 5729 rationem
3190 5690 3253 5729 ex
3294 5673 3512 5731 Novella

1942 5767 2148 5823 domini
2197 5764 2396 5822 Leonis
2430 5766 2744 5839 PbiIOSOpbi
2767 5808 2780 5832 ,
2809 5783 2968 5837 quam
2997 5766 3157 5823 etiam
3196 5769 3248 5824 in
3275 5768 3514 5826 diverso-
