3976 6418
390 337 491 402 2ῗί

1677 319 1956 381 THEOD.
1999 318 2091 377 BA
2102 313 2403 376 LSAMON

3547 300 3652 371 ειη

396 465 516 506 rum
548 459 818 504 canonum
850 435 1388 512 interpretationibus
1437 433 1595 489 sitam
1649 430 1796 501 legas
1851 429 1968 482 vcl-

2112 428 2428 498 απτίσματα
2457 428 2536 491 εἰς
2569 428 2636 482 τὰ
2665 427 2786 481 κατ’
2807 423 2955 480 οἷκον
2985 423 3270 494 εὐκτήρια.
3334 418 3448 474 Καὶ
3495 417 3653 471 τοῦτο

395 543 518 596 lem.

463 800 717 858 ZONAB.
753 798 852 854 llic
879 798 1040 853 etiam
1072 797 1137 853 de
1170 792 1499 850 continentia
1519 805 1736 856 eorum,
1763 787 1854 858 qui
1880 801 1974 842 sa-

406 897 514 952 cris
561 893 753 948 initiati
810 899 961 958 sunt,
1006 889 1074 944 ab
1119 903 1348 942 uxorum
1385 900 1607 941 suorum
1641 883 1975 939 commercio

396 989 586 1042 Patres
641 987 960 1040 decernunt.
1019 979 1298 1050 Episcopis
1341 993 1490 1045 ergo,
1547 975 1878 1045 presbyteris
1914 981 1972 1028 et

389 1079 642 1134 diaconis
696 1078 762 1131 ab
789 1076 868 1130 eis
895 1073 1274 1129 abstinendum
1302 1084 1422 1125 esse
1451 1067 1800 1137 praecipiunt;
1833 1081 1895 1120 ae
1925 1064 1970 1120 si

396 1171 488 1236 qui
525 1177 710 1224 contra
731 1166 894 1238 607
924 1163 1150 1219 fecerint
1174 1161 1519 1232 depositione.
1535 1159 1860 1229 puniendos.
1890 1157 1972 1211 Ab

397 1263 517 1317 aliis
547 1275 676 1316 vero
710 1257 924 1312 clericis
954 1268 1292 1324 nequaquam
1339 1252 1391 1307 id
1443 1251 1705 1316 exigunt;
1749 1249 1845 1304 sed
1907 1248 1974 1304 ab

397 1363 720 1420 unoquoque
768 1345 1013 1402 ecclesia:
1064 1359 1175 1399 sua:
1223 1343 1673 1398 consuetudinem
1712 1341 1765 1395 in
1800 1355 1866 1396 ea
1919 1353 1976 1394 re

404 1445 609 1501 servari
653 1443 861 1511 iubent.
904 1439 1082 1510 Atque
1132 1438 1220 1492 hic
1267 1449 1486 1506 quoque
1530 1433 1975 1491 consuetudinem

397 1543 506 1592 vim
548 1534 682 1606 legis
715 1533 962 1588 obtinere
1010 1529 1464 1584 animadvertere.
1517 1525 1594 1582 De
1637 1524 1974 1581 continentia

395 1643 560 1699 porro
589 1643 618 1680 a
651 1623 893 1695 propriis
922 1621 1183 1676 uxoribus
1209 1618 1496 1681 servanda,
1534 1631 1602 1671 ne
1629 1629 1750 1670 cum
1788 1615 1854 1670 iis
1880 1628 1979 1684 per

400 1733 613 1790 tempus
639 1715 857 1787 aliquod
891 1711 1222 1769 conveniens
1252 1709 1364 1784 rem
1397 1708 1667 1776 habeant,
1693 1708 1784 1778 qui
1818 1721 1975 1763 sacra

404 1785 658 1875 tractant,
683 1785 878 1861 tertius
904 1803 1145 1858 decimus
1179 1809 1348 1856 sextae
1379 1797 1598 1868 synodi,
1624 1797 1754 1867 quin
1783 1805 1837 1852 et
1871 1807 1978 1852 ter-
2008 1785 2052 1843 Β

405 1898 782 1975 tiusDionysii
812 1891 1171 1951 Alexandrini
1199 1890 1596 1961 archiepisc0pi
1628 1901 1823 1957 canon,
1847 1888 1982 1944 ube-

403 1997 517 2051 rius
544 1993 838 2048 disserunt.

404 2254 631 2310 ARIST.
674 2273 694 2307 ι
740 2250 1027 2324 Episcopi,
1067 2247 1406 2321 presbyteri,
1456 2256 1511 2304 et
1542 2245 1757 2302 diaconi
1791 2262 1820 2302 a
1862 2259 1986 2316 pro-

486 2367 504 2399 ι
545 2345 678 2416 priis
711 2343 974 2399 uxoribus
1008 2341 1333 2406 abstineant,
1360 2338 1442 2393 vel
1483 2338 1672 2397 ordine
1723 2337 1989 2391 ecclesia-

483 2458 502 2491 ι
541 2438 678 2495 stieo
709 2438 1106 2491 dimoveantur.
1130 2431 1343 2501 Reliqui
1373 2445 1504 2487 vero
1529 2429 1712 2485 clerici
1749 2429 1816 2482 ad
1846 2429 1986 2482 idem

472 2549 505 2584 τι
544 2544 612 2586 ne
629 2528 1035 2600 compellantur
1066 2543 1083 2582 :
1117 2527 1210 2582 sed
1241 2524 1576 2581 consuetudo
1603 2522 1977 2578 observetur.»

476 2713 581 2770 llic
626 2728 802 2770 canon
835 2712 902 2767 de
931 2711 1184 2766 omnibus
1215 2710 1332 2765 sine
1361 2707 1708 2764 distinct-ioue
1757 2705 1944 2760 statuit
1971 2743 1988 2770 ,

408 2808 703 2879 episc0pis,
741 2806 1095 2876 presbyteris,
1134 2812 1188 2859 et
1229 2803 1474 2859 diaconis
1532 2800 1830 2858 secundum
1856 2814 1988 2870 pro-

409 2903 522 2971 pria
561 2909 806 2970 tempora
850 2912 879 2952 a
908 2896 1021 2952 suis
1049 2895 1324 2952 abstinere
1354 2895 1630 2949 uxoribus.
1663 2896 1733 2946 At
1778 2891 1988 2946 duode-

407 2996 584 3050 cimus
617 3001 790 3048 sexta:
816 2991 866 3043 in
897 2987 1086 3042 Trullo
1131 2988 1322 3058 synodi
1365 3001 1537 3041 canon
1567 2984 1837 3054 episcopis
1881 2996 1989 3037 non

409 3083 696 3156 permittit,
728 3087 1021 3152 postquam
1060 3080 1126 3134 ad
1171 3079 1542 3149 episcopatum
1593 3076 1829 3130 ordinati
1866 3073 1987 3128 fue-

408 3185 557 3242 runt,
609 3189 730 3228 cum
783 3173 896 3227 suis
927 3172 1194 3226 uxoribus
1239 3171 1554 3224 cohabitare
1590 3206 1606 3232 ,
1639 3181 1706 3222 ne
1731 3165 1988 3221 olfensio-

410 3284 534 3323 nem
565 3276 620 3322 et
665 3263 977 3320 scandalum
1007 3261 1206 3316 exinde
1234 3259 1445 3331 populis
1474 3259 1688 3312 darent.
1737 3257 1810 3312 At
1848 3258 1997 3323 ejus-

412 3360 535 3414 dem
566 3357 756 3429 synodi
793 3371 968 3410 canon
1007 3353 1074 3407 15
1114 3353 1335 3407 mandat
1367 3351 1698 3421 presbyteris
1733 3359 1789 3404 et
1815 3350 1999 3404 diaco-

416 3448 528 3514 nis,
564 3463 684 3501 cum
711 3444 1052 3501 ordinatione
1086 3444 1387 3499 habeantur
1417 3441 1586 3510 digni,
1633 3455 1664 3495 a
1716 3440 1828 3496 suis
1866 3453 1998 3494 uxo-

413 3542 565 3597 ribus
618 3540 874 3595 secedere
935 3552 1046 3591 non
1096 3536 1374 3606 proﬁteri;
1430 3535 1889 3606 quemadmodum
1941 3534 1996 3589 in

414 3634 782 3689 Romanorum
831 3631 1070 3687 Ecclesia
1105 3631 1330 3686 canonis
1360 3631 1427 3685 ad
1472 3631 1647 3685 instar
1680 3631 1807 3684 illud
1855 3628 2000 3684 obti-

418 3736 608 3782 uuerat
639 3725 770 3781 :sed
803 3739 922 3779 cum
955 3724 1021 3778 iis
1054 3724 1326 3792 habitare,
1352 3734 1408 3778 et
1441 3735 1620 3778 mutua
1647 3722 1996 3779 convenienti

419 3831 664 3886 tempore
690 3817 1105 3872 conversatione
1138 3832 1244 3871 non
1281 3816 1504 3886 privari.
1553 3813 1856 3869 Praevalent
1899 3813 2003 3868 ita-

415 3927 520 3980 que
560 3911 648 3965 isti
693 3925 953 3979 canones,
984 3921 1036 3966 et
1070 3911 1363 3965 secundum
1411 3924 1507 3965 eos
1551 3909 1792 3965 Ecclesia
1841 3906 2003 3962 hodie

417 4001 774 4073 gubernatur.

945 4257 1173 4314 CANON
1210 4258 1448 4313 LXXIV.

403 4354 558 4408 (De
593 4352 680 4418 iis,
713 4352 802 4420 qui
840 4351 1087 4420 proprios
1131 4349 1358 4420 populos
1401 4347 1736 4418 relinquunt.
1792 4348 2007 4406 Rursus

498 4464 515 4496 ι
561 4444 780 4514 placuit,
811 4453 869 4496 ut
895 4441 1032 4496 nulli
1055 4441 1217 4496 liceat
1236 4441 1517 4510 episcopo,
1544 4441 1726 4494 relicta
1750 4456 1848 4496 sua
1877 4443 2005 4496 sede

469 4557 515 4590 -ι
556 4536 862 4607 principali,
919 4536 986 4590 ad
1041 4535 1278 4602 aliquam
1326 4533 1616 4588 ecclesiam
1674 4535 1730 4588 in
1784 4535 2004 4601 dioecesi

469 4647 514 4683 ἰ
553 4629 902 4684 constitutam
937 4629 1174 4698 seipsum
1202 4626 1477 4694 conferre;
1508 4626 1589 4681 vel
1611 4627 1676 4681 de
1707 4642 1763 4682 re
1787 4629 2005 4698 propria

501 4743 518 4775 ι
559 4725 839 4794 plusquam
867 4703 1080 4794 oportet
1100 4722 1356 4788 sollicito,
1383 4721 1614 4793 propriae
1643 4723 1789 4778 sedis
1819 4737 2005 4777 curam

477 4836 516 4869 -ι
553 4825 608 4872 et
642 4816 1058 4873 sollicitudinem
1089 4813 1384 4884 negligere.
1418 4831 1438 4865 ι

495 5101 691 5159 BALS.
724 5105 950 5172 Quidam
972 5103 1210 5174 episc0pi
1242 5119 1367 5160 suas
1391 5103 1695 5174 primitivas
1716 5107 2006 5164 cathedras

429 5196 814 5264 relinquentes,
856 5195 910 5249 in
938 5196 1146 5265 aliquas
1179 5196 1313 5251 alias
1343 5197 1604 5254 ecclesias
1644 5198 2008 5267 parteciarum

425 5289 491 5342 ad
517 5302 576 5342 se
606 5288 1014 5356 pertinentium,
1045 5303 1163 5357 quae
1184 5298 1339 5342 erant.
1362 5288 1501 5344 forte
1543 5291 1713 5362 magis
1736 5292 2012 5361 populosae

427 5391 520 5434 aut
555 5380 776 5452 majoris
811 5379 1079 5444 redditus,
1111 5394 1170 5434 se
1221 5380 1601 5446 conferebant,
1626 5392 1679 5438 et
1711 5383 1822 5438 illic
1855 5385 2013 5438 sede-

425 5475 576 5528 bant.
611 5472 938 5532 Statuerunt
958 5487 1088 5541 ergo
1135 5471 1342 5538 Patres,
1384 5474 1516 5530 nulli
1569 5475 1734 5531 licere
1768 5477 1871 5532 hoc
1920 5476 2007 5530 fa-

431 5582 559 5622 cere
597 5581 609 5618 :
639 5566 733 5621 sed
770 5581 944 5635 neque
977 5567 1179 5636 proprii
1209 5569 1408 5638 negotii
1435 5569 1610 5639 gratia
1641 5568 1919 5623 discedere
1944 5569 2014 5623 ab

430 5673 514 5723 ea,
551 5673 670 5725 qius:
701 5657 848 5710 illum
880 5657 967 5710 diu
999 5657 1192 5711 sortita
1232 5669 1335 5725 est,
1376 5666 1430 5711 et
1454 5658 1534 5712 sic
1568 5657 1834 5727 populum
1869 5657 2014 5712 assi-

433 5751 536 5803 due
568 5751 789 5806 docendi
837 5765 1023 5807 curam
1075 5767 1180 5807 non
1225 5766 1434 5825 serere.
1472 5740 1538 5824 Et
1577 5751 1634 5807 in
1665 5751 1750 5808 his
1779 5752 2006 5823 quidem

2016 3133 2063 3196 ϐ

2076 519 2400 589 ἡπράκτησε
2431 519 2499 572 δι’
2530 519 2718 590 ἕτερον
2763 518 2919 586 λόγον
2953 516 3061 570 ἀπὺ
3091 514 3310 584 Νεαρᾶς
3354 511 3449 565 τοῦ
3508 510 3658 580 φιλοο

2079 611 2244 680 σόφου
2272 610 2439 682 κυροῦ
2461 608 2710 676 Λέοντος,
2748 610 2816 680 ἢν
2866 611 2960 662 καὶ
3002 607 3278 676 ἀνάγνωθι
3338 620 3656 673 καταστρω-

2077 700 2264 754 θεῖσαν
2292 702 2350 754 ἐν
2390 699 2709 770 ἑρμηνείαις
2736 698 3009 767 διαφόρων
3039 697 3304 751 κανόνων.

2146 793 2399 848 ΖΩΝΔΡ.
2437 790 2732 844 Κάνταῦθα
2761 793 2808 843 οί
2850 789 3090 858 Πατέρες
3117 782 3265 841 οὗτοι
3291 786 3422 857 περί
3453 787 3652 856 ἐγκρα-

2079 883 2229 946 τείας
2271 883 2371 952 τῆς
2427 881 2564 952 πρὸς
2606 882 2704 944 τὰς
2739 879 2950 934 ἑαυτῶν
2997 879 3245 949 γαμετὰς
3280 877 3658 930 διατάττονται

2077 975 2188 1036 τοῖς
2219 974 2563 1045 ίερωμένοις,
2589 971 2682 1026 καί
2727 989 2860 1040 φασι
2892 972 3000 1025 δεῖν
3027 973 3155 1035 τοὺς
3201 970 3534 1033 ἐπισκόπους
3566 968 3662 1023 καὶ

2079 1066 2486 1138 πρεσϐυτέρους
2513 1067 2608 1119 καὶ
2637 1065 2924 1128 διακόνους
2949 1064 3254 1135 ἀπέχεσθαι
3287 1063 3381 1117 καὶ
3431 1065 3498 1116 ἐκ
3552 1061 3662 1115 τῶν

2080 1159 2226 1213 ἰδίων
2255 1160 2508 1228 γαμετῶν
2535 1155 2828 1220 κατὰτοὺς
2871 1157 3038 1219 ἰδίους
3082 1158 3262 1227 ὅρους,
3313 1157 3480 1226 ἤγουν
3523 1154 3662 1207 κατά

2076 1253 2176 1315 τὰς
2200 1251 2512 1322 ὡρισμένας
2540 1250 2756 1322 ἡμέρας
2779 1250 2876 1319 τῆς
2897 1248 3128 1304 ἑκάστου
3169 1247 3496 1319 ἐφημερίας,
3537 1245 3662 1305 τοὺς

2077 1344 2134 1399 δὲ
2195 1344 2270 1414 μὴ
2321 1343 2478 1397 τοῦτο
2520 1342 2808 1406 ποιοῦντας
2863 1341 3266 1412 καθαιρεῖσθαι.
3330 1341 3511 1412 Ὅπερ
3539 1340 3663 1404 τοὺς

2078 1435 2299 1499 λοιποὺς
2343 1435 2639 1506 κληρικοὺς
2689 1435 3135 1506 παραφυλάττειν
3179 1433 3278 1487 ούκ
3349 1431 3662 1497 ἀπαιτοῦσι,

2080 1529 2256 1583 ποιεῖν
2315 1526 2359 1581 δ’
2397 1528 2638 1591 ἐκείνους
2663 1527 2902 1599 ὁρίζουσι
2945 1528 3087 1581 κατά
3110 1527 3207 1596 τὴν
3245 1525 3344 1595 τῆς
3371 1525 3666 1595 ἐκκλησίας

2080 1621 2138 1674 ἐν
2246 1621 2475 1685 ἕκαστος
2511 1619 2915 1692 ἐχειροτονήθη,
2951 1620 3262 1691 συνήθειαν.
3297 1619 3442 1688 Ὅρα
3488 1619 3667 1672 τοίνυν

2081 1713 2361 1768 κάνταῦθα
2388 1714 2448 1767 τὸ
2483 1711 2603 1778 ἐθος
2648 1713 2723 1777 ὡς
2753 1713 2913 1783 νόμον
2949 1713 3204 1783 κρατοῦν.
3255 1713 3369 1766 Καὶ
3417 1713 3445 1765 ὁ
3500 1718 3568 1781 ιγ’
3611 1712 3668 1765 δέ

2081 1806 2261 1861 κανὼν
2287 1806 2388 1873 τῆς
2415 1805 2580 1875 ἕκτης
2629 1803 2849 1858 συνόδου
2894 1803 3227 1874 πλατύτερον
3267 1802 3489 1870 διέξεισι
3540 1791 3670 1874 περὶ

2081 1897 2180 1968 τῆς
2218 1896 2544 1968 ἐγκρατείας
2593 1895 2701 1948 τῶν
2750 1895 2898 1949 ἰδίων
2959 1894 3236 1965 γαμετῶν,
3299 1893 3441 1947 ὥστε
3492 1895 3670 1948 αὐτῶν

2081 1989 2382 2061 ἀπέχεσθαι
2429 1990 2572 2043 κατά
2631 1986 2724 2041 τὸν
2753 1986 2944 2058 καιρὸν
2989 1986 3080 2040 τὸν
3151 1986 3501 2055 προσήκοντα
3543 1987 3672 2048 τοὺς

2081 2083 2448 2154 ψηλαφῶντας
2477 2082 2544 2135 τὰ
2574 2080 2727 2150 ἅγια,
2761 2079 2902 2133 ἀλλά
2928 2079 3023 2132 καὶ
3053 2078 3080 2130 ό
3123 2075 3172 2146 γ’
3218 2077 3402 2132 κανὼν
3440 2063 3541 2132 τοῦ
3574 2078 3675 2150 ἀρε

2083 2172 2438 2243 χιεπισκόπου
2475 2170 2878 2242 Ἀλεξανδρείας
2915 2169 3243 2224 Διονουσίου.

2086 2263 2312 2317 ΑΡΙΣΤ.
2355 2283 2373 2315 ι
2412 2263 2754 2327 Ἐπίσκοποι,
2787 2261 3156 2333 πρεσϐύτεροι
3179 2261 3274 2315 καὶ
3301 2261 3540 2327 διάκονοι
3565 2262 3675 2316 τῶν

2165 2372 2184 2406 ι
2234 2355 2380 2407 ἰδίων
2411 2355 2668 2423 γαμετῶν
2704 2352 3124 2422 ἀπεχέσθωσαν,
3154 2353 3187 2422 ἢ
3226 2352 3330 2416 si";
3371 2353 3674 2423 ἐκκλησια-

2165 2463 2184 2498 ι
2233 2445 2426 2513 στικῆς
2477 2445 2947 2499 ἀποκινείσθωσαν
2990 2444 3220 2510 τάξεως.
3276 2447 3362 2507 Oi.
3391 2447 3572 2501 λοιποὶ
3618 2445 3676 2498 δὲ

2164 2555 2182 2590 ι
2233 2537 2487 2609 κληρικοὶ
2509 2537 2646 2607 πρὸς
2672 2537 2832 2590 τοῦτο
2865 2537 2941 2608 μὴ
2973 2537 3477 2608 ἀναγκαζέσθωσαν
3500 2553 3515 2569 ο
3553 2536 3676 2592 ἀλλ’

2167 2643 2187 2678 ι
2231 2626 2264 2696 ὴ
2301 2627 2556 2696 συνήθεια
2589 2625 2966 2695 φυλαττέσθω.
3005 2645 3024 2680 ι

2160 2710 2331 2780 Οὗτος
2356 2717 2384 2770 ό
2411 2714 2593 2769 κανὼν
2623 2718 2753 2788 περί
2786 2717 3007 2770 πάντων
3039 2717 3408 2780 ἀδιαστίκτως
3454 2719 3681 2772 διατάτ-

2092 2825 2265 2873 τεται,
2299 2808 2634 2876 ἐπισκόπων,
2674 2809 3064 2880 πρεσὸυτέρων
3091 2812 3186 2865 καὶ
3221 2813 3507 2878 διακόνων,
3535 2812 3680 2866 κατὰ

2095 2899 2222 2964 τοὺς
2253 2899 2416 2964 ἰδίους
2439 2901 2622 2970 ὅρους,
2665 2900 2771 2954 τῶν
2808 2901 2955 2954 ἰδίων
2981 2901 3287 2972 ἀπέχεσθαι
3317 2904 3576 2972 γαμετῶν
3595 2922 3610 2937 ’
3649 2905 3678 2958 ό

2092 2989 2149 3043 δὲ
2173 2989 2474 3052 δωδέκατος
2511 2987 2695 3044 κανὼν
2723 2991 2822 3062 τῆς
2869 2992 2928 3044 ἐν
2969 2992 3044 3062 τῷ
3074 2992 3330 3065 Τρούλλῳ
3364 2994 3527 3066 ἕκτης
3555 3013 3684 3049 συν-

2093 3082 2213 3136 όδου
2244 3083 2303 3134 ού
2339 3084 2616 3153 συγχωρεῖ
2643 3084 2753 3144 τοῖς
2788 3084 3108 3148 ἐπισκόποις
3138 3088 3278 3155 μετά
3341 3087 3441 3159 τὴν
3476 3088 3680 3158 προελ-

2099 3171 2300 3225 θοῦσαν
2347 3170 2434 3222 ἐπ’
2469 3171 2654 3234 αὐτοῖς
2700 3174 2800 3243 τῆς
2833 3173 3143 3242 ἐπισκοπῆς
3181 3176 3523 3245 χειροτονίαν
3558 3180 3683 3242 ταῖς

2103 3263 2265 3325 ἰδίαις
2307 3265 2576 3317 συνοικεῖν
2612 3264 2919 3334 γαμεταῖς·
2960 3264 3048 3318 ἵνα
3092 3265 3167 3336 μὴ
3201 3267 3542 3340 πρόσκομμα
3567 3272 3682 3330 τοῖς

2096 3355 2248 3418 λαοῖς
2293 3354 2545 3408 ἐντεῦθεν
2588 3351 2691 3409 ὦσι
2733 3357 2977 3420 τιθέντες
3026 3359 3122 3412 καὶ
3167 3361 3491 3416 σκάνδαλον.
3532 3363 3592 3415 '0
3625 3364 3683 3416 δὲ

2097 3446 2551 3522 τρισκαιδέκατος
2581 3447 2682 3514 τῆς
2710 3449 2883 3518 αὐτῆς
2915 3449 3136 3502 συνόδου
3183 3449 3366 3505 κανὼν
3397 3453 3680 3524 προστάτ-

2097 3557 2180 3594 τει
2225 3542 2351 3604 τοὺς
2395 3540 2808 3612 πρεσϐυτέρους
2857 3542 2952 3596 καὶ
2982 3543 3268 3608 διακόνους
3317 3544 3393 3616 μὴ
3437 3545 3683 3616 καθομοο

2099 3629 2304 3698 λογείν,
2331 3632 2390 3686 ἐν
2411 3631 2490 3700 τῷ
2523 3630 2809 3697 ἀξιοῦσθαι
2839 3631 2941 3700 τῆς
2983 3635 3345 3703 χειροτονίας,
3379 3636 3488 3688 τῶν
3533 3636 3680 3689 ίδίων

2101 3722 2440 3792 ἀφίστασθαι
2489 3723 2772 3795 γαμετῶν,
2799 3722 2982 3788 καθὼς
3020 3726 3078 3778 ἐν
3113 3728 3179 3798 τῇ
3226 3727 3521 3798 Ῥωμαίων
3555 3725 3683 3783 Ἐκο

2103 3811 2304 3884 κλησίᾳ
2334 3815 2392 3866 ἐν
2420 3812 2571 3877 τάξει
2613 3815 2839 3878 κανόνος
2867 3815 3028 3869 τοῦτο
3057 3816 3350 3888 ἐκράτησε⁸
3381 3817 3520 3872 ἀλλά
3549 3835 3682 3874 συν-

2103 3907 2276 3964 οικεῖν
2332 3907 2550 3968 αὑταῖς,
2611 3905 2704 3959 καὶ
2773 3906 2850 3976 μὴ
2895 3906 3320 3977 ἀποστερεῖσθαι
3385 3912 3486 3980 τῆς
3545 3911 3686 3982 πρὸς

2104 3998 2370 4068 ἀλλήλους
2422 3999 2567 4052 κατά
2619 3999 2813 4072 καιρὸν
2875 3999 2969 4054 τὸν
3026 4002 3374 4072 προσήκοντα
3440 4003 3681 4072 ὁμιλίας.

2105 4089 2418 4159 Κρατοῦσιν
2444 4090 2536 4144 οὖν
2566 4092 2617 4144 οἰ
2653 4094 2887 4158 κανόνες
2925 4093 3150 4158 ἐκεῖνοι,
3187 4093 3284 4148 καὶ
3325 4095 3448 4148 κατ’
3483 4095 3684 4160 αὐτοὺς

2107 4180 2402 4254 σήμερονή
2449 4177 2745 4254 Ἐκκλησία
2775 4184 3147 4240 πολιτεύεται.

2709 4277 2944 4335 KANON
2982 4276 3100 4336 OA'.

2115 4381 2134 4415 ι
2169 4363 2307 4435 Περί
2346 4365 2456 4419 τῶν
2496 4367 2621 4430 τοὺς
2665 4366 2829 4431 ἰδίους
2857 4369 3024 4432 λαοὺς
3060 4371 3687 4443 ἐγκαταλιμπανόντων.

2187 4474 2205 4508 ι
2251 4456 2419 4509 Πάλιν
2459 4457 2854 4529 ἤρεσεννῶστε
2909 4463 3103 4533 μηδενὶ
3131 4465 3338 4529 ἐξεῖναι
3374 4465 3686 4538 ἐπισκόπῳ,

2185 4567 2204 4600 ι
2247 4549 2709 4623 καταλειφθείσης
2769 4553 2867 4624 τῆς
2954 4557 3278 4630 αὐθεντικῆς
3331 4561 3498 4614 αὐτοῦ
3551 4561 3690 4619 καθ-

2186 4658 2204 4692 ι
2251 4641 2431 4711 έδρας,
2467 4644 2604 4714 πρός
2640 4662 2760 4700 τινα
2807 4647 3105 4718 ἐκκλησίαν
3167 4653 3225 4707 ἐν
3249 4653 3523 4726 διοικήσει
3550 4652 3690 4710 καθα

2185 4751 2203 4784 ι
2248 4733 2496 4788 εστῶσαν
2584 4735 2779 4790 ἑαυτὸν
2855 4741 3153 4813 ἀποφέρειν
3198 4758 3214 4775 ο
3269 4745 3303 4816 ἢ
3371 4750 3430 4800 ἐν
3497 4750 3686 4820 οἰκείῳ

2179 4844 2205 4877 τι
2251 4826 2562 4895 πράγματι,
2591 4827 2732 4899 ὑπὲρ
2755 4829 2782 4881 ὃ
2810 4829 3185 4900 χρὴ,έπιπολὺ
3213 4835 3688 4910 άπασχολουμένῳ

2185 4936 2208 4971 c
2250 4919 2474 4991 ἀμελεῖν
2522 4919 2623 4990 τῆς
2675 4921 2958 4991 φροντίδος
3001 4925 3096 4978 καὶ
3134 4925 3237 4990 τῆς
3283 4929 3564 4998 συνεχείας
3592 4930 3690 4987 τοῦ

2186 5029 2210 5062 rc
2262 5011 2394 5064 ἰδίου
2423 5011 2638 5081 θρόνου.
2683 5031 2704 5064 ι

2175 5102 2382 5156 ΒΑΛΣ.
2439 5103 2596 5167 Τινὲς
2648 5103 2966 5172 ἐπίσκοποι,
3021 5110 3533 5184 καταλιμπάνοντες
3591 5119 3692 5183 τὰς

2113 5193 2504 5266 πρωτοτύπους
2525 5195 2792 5267 καθέδρας
2821 5199 3021 5266 αὐτῶν,
3045 5194 3366 5274 ἀπήρχοντο
3393 5211 3485 5261 καὶ
3508 5226 3689 5284 προσ-

2114 5287 2386 5358 εκάθηντο
2451 5288 2532 5351 εἰς
2582 5307 2736 5353 τινας
2783 5293 2982 5362 ⁴ἐτέρας
3033 5295 3336 5365 ἐκκλησίας
3388 5303 3699 5372 παροικιῶν

2114 5382 2434 5450 ἀνηκουσῶν
2484 5384 2708 5448 αὐτοῖς,
2739 5386 3305 5460 πολυανθρωποτέρας
3355 5393 3488 5456 ῐσως
3529 5395 3700 5462 οὔσας

2115 5475 2149 5544 ἢ
2199 5481 2298 5532 καὶ
2351 5477 2892 5550 πολυεισοδωτέρας·
2945 5479 3156 5552 ὥρισαν
3212 5479 3306 5537 οὖν
3357 5486 3409 5538 οί
3455 5488 3702 5560 Πατέρες

2121 5571 2312 5641 μηδενὶ
2347 5573 2634 5644 ἐπισκόπῳ
2683 5573 2885 5638 ἐξεῖναι
2942 5577 3103 5630 τοῦτο
3160 5561 3366 5644 ποιεῖν,
3389 5580 3529 5634 ἀλλὰ
3562 5585 3700 5649 μηόε

2115 5665 2277 5735 χάριν
2322 5665 2636 5731 ὑποθέσεως
2689 5669 2899 5732 οἰκείας
2952 5671 3436 5740 ἀπολιμπάνεσθαι
3493 5676 3558 5727 ἐκ
3601 5674 3704 5744 τῆς

2117 5757 2392 5830 λαχούσης
2449 5760 2611 5814 αὑτὸν
2645 5761 2734 5814 ἐπὶ
2765 5762 2929 5828 πολὺ,
2969 5767 3066 5818 καὶ
3123 5764 3299 5832 οὕτως
3350 5767 3573 5840 ἀμελεῖν
3600 5767 3706 5822 τοῦ
