3976 6386
280 375 376 437 2ῖ3

1291 379 1373 441 ΙΝ
1411 377 1578 441 CAN.
1619 377 1852 439 LXXXV
1893 375 2098 440 CONC.
2135 379 2510 441 CARTIIAG.

3421 378 3528 442 274

279 489 510 557 συνεχῶς
531 489 801 544 διδάσκειν
831 489 921 544 τὸν
950 489 1147 545 οἰκεῖον
1173 490 1448 546 λαόν.1(αὶ
1474 492 1501 544 ό
1532 491 1630 560 μὲν
1659 489 1838 544 κανὼν

1959 501 2197 546 versatur
2227 507 2424 546 canon.
2462 492 2888 562 lnterrogaverit
2912 497 3090 548 autem
3121 490 3415 560 quispiam,
3453 508 3520 545 an

277 587 332 637 ἐν
362 583 592 645 τούτοις.
616 583 919 652 Ἑρωτήσει
978 583 1038 637 δέ
1069 651 1072 654 ,
1101 602 1206 647 τις,
1233 586 1280 636 εξ
1334 584 1403 636 τά
1461 582 1557 635 τοῦ
1617 582 1845 644 κανόνος

277 678 451 752 έχουσι
481 675 669 745 χώραν
701 675 796 730 καὶ
852 677 934 738 είς
984 676 1114 739 τοὺς
1153 675 1536 738 ἀπολέσαντας
1571 674 1848 744 ἀρχιερεῖς

275 770 368 828 τάς
419 767 817 837 πρωτοτύπους
876 765 1148 838 καθέδρας
1203 767 1515 829 αὖτῶν,ὼς
1574 782 1849 834 κατασχε-

276 861 454 923 θείσας
483 861 588 914 ὑπὸ
617 860 818 914 ἐθνῶν·
863 859 958 913 καὶ
995 859 1252 913 δύνανται
1281 851 1427 913 οὗτοι
1471 857 1848 928 ἀποκριματίο

277 967 409 1013 στως
445 951 808 1020 μεταπίπτειν
837 951 916 1013 είς
949 949 1248 1018 ἐκκλησίας
1289 949 1591 1020 παροικιῶν
1632 948 1842 1013 αὑτῶν;

274 1043 480 1106 Λύσις.
506 1041 662 1103 Τινὲς
686 1035 843 1095 είπον
882 1040 1145 1094 δύνασθαι
1187 1040 1347 1094 τοῦτο
1391 1042 1565 1094 ποιεῖν
1598 1040 1688 1094 τὸν
1726 1039 1850 1093 ἐπί-

275 1148 473 1184 σκοπον
498 1131 824 1194 αὐτοθελῶς.
857 1133 1078 1201 Ἕτεροι
1109 1129 1264 1186 εἷπον
1287 1129 1504 1185 δέεσθαι
1536 1131 1846 1185 τοῦτονκαὶ

275 1223 556 1290 συνοδικῆς
579 1222 948 1289 διαγνώσεως.
994 1222 1180 1276 ’Δλλοι
1221 1223 1316 1276 καὶ
1361 1223 1448 1276 διά
1491 1222 1847 1293 προστάξεως

271 1313 563 1383 βασιλικῆς
589 1313 748 1368 τοῦτο
787 1314 1034 1383 γίνεσθαι
1072 1310 1250 1369 εἶπον.
1284 1315 1438 1384 Ἐμοὶ
1471 1315 1528 1368 δὲ
1575 1315 1722 1368 δοκεῖ
1747 1314 1846 1378 ὼς,

269 1406 316 1457 εί
344 1404 447 1474 μὲν
476 1407 504 1456 ό
529 1404 773 1468 τοιοῦτος
798 1406 1206 1476 μητροπολίτης
1239 1406 1488 1475 βούλεται
1515 1410 1856 1477 μεταπεσεῖν,

269 1497 349 1559 είς
397 1495 587 1566 θρόνον
621 1498 932 1565 ἐπισκοπῆς
975 1497 1162 1563 αὐτοῦ,
1188 1500 1282 1553 διὰ
1323 1499 1384 1552 τὸ
1435 1500 1846 1570 κατασχεθῆναι

269 1587 426 1657 παρά
475 1587 650 1640 ἐθνῶν
725 1587 824 1660 τὴν
881 1591 1241 1660 πρωτότυπον
1281 1591 1578 1663 ἐκκλησίαν
1633 1592 1846 1658 τούτου,

267 1680 475 1746 ὀφείλει
502 1674 640 1750 μετά
675 1679 966 1751 βασιλικῆς
1010 1682 1360 1752 προστάξεως
1418 1684 1511 1738 καὶ
1563 1684 1850 1756 συνοδικῆς

265 1769 617 1838 διαγνώσεως
672 1772 731 1824 ἐν
773 1773 948 1844 ταύτῃ
991 1773 1502 1827 ἀποκαθίστασθαι·
1532 1773 1722 1845 ὥσπερ
1753 1775 1850 1844 γέ-

267 1879 397 1930 γονε
453 1862 614 1916 τοῦτο
669 1865 750 1928 είς
794 1864 888 1918 τδν
932 1866 1340 1936 μητροπολίτην
1387 1867 1848 1938 Νεοκαισαρείας.

266 1956 398 2008 ἀντὶ
438 1955 782 2025 καθίσματος
827 1956 1022 2028 ἔχοντα
1067 1958 1166 2029 τὴν
1210 1958 1418 2011 οἰκείαν
1449 1959 1760 2029 ἐπισκοπὴν
1786 1961 1848 2014 τὸ

266 2048 514 2100 Οἴναιονο
535 2049 614 2112 εἰς
644 2047 736 2102 τὸν
768 2049 1174 2120 μητροπολίτην
1211 2051 1482 2117 Πισιδίας,
1506 2051 1848 2122 Ἀντιοχείας

263 2139 368 2211 τὴν
417 2140 734 2204 Σωζόπολιν
771 2141 1011 2196 λαϐόντα
1052 2145 1132 2207 είς
1175 2137 1420 2214 κάθισμα
1443 2183 1461 2210 ,
1494 2145 1590 2198 καὶ
1626 2145 1852 2215 ἐτέρους

271 2230 530 2294 πολλούς.
568 2230 629 2285 El
656 2232 713 2286 δέ
747 2233 779 2302 ἠ
811 2233 1078 2303 παροικία
1119 2235 1178 2288 οὐ
1230 2235 1518 2306 τετίμηται
1550 2237 1637 2290 διὰ
1660 2235 1851 2308 θρόνου

265 2324 641 2378 ἐπισκοπικοῦ
689 2324 779 2379 διὰ
821 2326 993 2398 μόνης
1045 2327 1336 2398 συνοδικῆς
1369 2327 1733 2397 διαγνώσεως,
1766 2329 1855 2384 ἵνα

268 2419 591 2488 ἐγκαταστῇ
626 2419 708 2482 είς
745 2407 936 2489 αὐτὴν,
973 2422 1068 2474 καὶ
1093 2421 1194 2474 οὐκ
1232 2420 1564 2486 αὑτοθελῶς,
1592 2421 1668 2485 ῶς
1702 2438 1852 2487 τινες

269 2510 530 2578 λέγουσιν
551 2527 566 2540 ·
603 2510 692 2564 ῑνα
726 2511 800 2582 μὴ
831 2512 1136 2583 ἐναντιωθῇ
1165 2512 1242 2584 τῷ
1272 2513 1614 2584 ἀποστολικῷ
1643 2513 1852 2580 κανόνι,

269 2605 363 2658 καὶ
403 2606 521 2667 τοῖς
546 2604 779 2670 λοιποῖς,
810 2607 922 2669 τοῖς
951 2605 1346 2676 διοριζομένοις
1379 2608 1550 2678 μηδέν
1583 2625 1633 2661 τι
1665 2625 1854 2661 καινο·

269 2697 442 2765 φανὲς
501 2699 681 2751 ποιεῖν
735 2698 825 2751 τὸν
871 2697 1172 2752 ἐπίσκοπον
1242 2701 1395 2769 παρὰ
1447 2698 1670 2769 γνώμην
1730 2716 1857 2752 συν-

266 2789 482 2860 οδικήν.
523 2789 646 2843 Ἔτι
678 2791 944 2860 ἐρωτήσει
991 2807 1100 2854 τις,
1142 2791 1212 2856 εί,
1268 2792 1362 2845 τοῦ
1407 2792 1634 2855 κανόνος
1683 2791 1857 2845 ταῦτα

266 2882 658 2954 διορισαμένου
717 2881 940 2937 δύναται
1025 2881 1364 2947 ἐπίσκοπος,
1422 2883 1512 2937 διὰ
1573 2881 1858 2953 βασιλικῆς

267 2973 626 3044 προστάξεως
657 2973 750 3026 καὶ
778 2973 1061 3044 συνοδικῆς
1092 2972 1462 3042 διαγνώσεως,
1485 2975 1854 3045 μεταπίπτειν

267 3067 378 3120 ἀπὺ
441 3065 542 3134 τῆς
598 3066 961 3134 πρωτοτύπου
1034 3065 1308 3136 καθέδρας
1361 3066 1571 3131 αὐτοῦ,
1630 3070 1724 3121 καὶ
1780 3069 1854 3139 μὴ

1948 597 2066 650 quae
2097 583 2201 636 hoc
2229 597 2436 638 canone
2464 581 2715 638 dicuntur
2760 580 2933 636 locum
2989 582 3220 636 habeant
3266 581 3424 635 etiam
3471 582 3523 634 in

1946 673 2300 738 antistitibus,
2334 675 2422 743 qui
2477 690 2603 730 suas
2639 673 2941 744 primitivas
2974 673 3233 729 ecclesias
3268 674 3518 743 perdideo

1949 775 2093 831 runt,
2143 775 2203 819 ut
2252 783 2371 836 quae
2425 782 2452 820 a
2511 767 2756 837 gentibus
2795 775 3072 833 occupatae
3104 765 3307 820 fuerint
3341 783 3353 818 :
3385 780 3450 817 an
3489 763 3521 817 ii

1949 857 2156 925 possint
2182 857 2317 912 citra
2348 858 2719 928 praeiudicium
2752 858 2985 927 migrare
3013 858 3065 911 in
3105 857 3369 911 ecclesias
3399 871 3528 908 sua-

1949 965 2066 1004 rum
2093 951 2494 1017 parmciarum?
2518 951 2751 1005 Salutio.
2780 949 3006 1016 Quidam
3035 949 3291 1003 dixerunt
3317 948 3530 1016 episco-

1947 1053 2073 1106 pum
2107 1053 2172 1092 ex
2223 1040 2443 1108 propria
2491 1039 2765 1094 Voluntate
2819 1038 2921 1093 hoc
2967 1037 3150 1092 facere
3187 1051 3366 1107 posse.
3421 1035 3528 1090 Alii

1949 1130 2198 1185 dicebant
2229 1145 2351 1185 eum
2399 1130 2565 1186 etiam
2620 1130 2867 1201 synodali
2915 1129 3225 1200 cognitione
3251 1142 3388 1196 opus
3429 1127 3530 1180 ha-

1947 1227 2096 1282 bere.
2127 1227 2229 1281 Alii
2262 1227 2425 1280 etiam
2456 1241 2550 1295 per
2578 1226 2889 1280 mandatum
2940 1223 3222 1293 imperiale
3276 1224 3379 1278 hoc
3412 1222 3530 1276 ﬁeri

1948 1319 2222 1375 dicebant.
2263 1318 2389 1373 Mihi
2426 1327 2608 1372 autem
2661 1318 2876 1371 videtur
2922 1314 3064 1384 quod
3119 1316 3165 1371 si
3218 1315 3262 1368 is
3307 1298 3525 1382 quidem

1949 1409 2402 1481 metropolitanus
2428 1409 2539 1464 vult
2573 1411 2624 1463 in
2656 1410 2739 1464 sui
2791 1411 3139 1479 epise0patus
3192 1409 3372 1462 sedem
3427 1407 3524 1458 mi-

1951 1518 2127 1573 grare,
2161 1519 2225 1559 eo
2258 1503 2412 1572 quod
2455 1518 2483 1555 a
2521 1503 2771 1571 gentibus
2819 1503 2890 1556 sit
2943 1510 3206 1571 occupata
3252 1500 3527 1570 primitiva
3597 1522 3599 1528 ·

1951 1608 2135 1650 eorum
2175 1595 2430 1656 ecclesia,
2478 1576 2634 1648 debet
2686 1608 2810 1648 cum
2874 1593 3128 1647 mandato
3173 1591 3438 1660 imperiali
3477 1604 3531 1644 et

1950 1685 2192 1756 synodali
2229 1683 2538 1753 cognitione
2570 1684 2622 1738 in
2652 1697 2713 1737 ea
2743 1683 3002 1737 constitui
3027 1701 3042 1737 :
3068 1681 3527 1751 quemadmodum

1952 1780 2007 1834 in
2035 1777 2400 1834 Neocaesarca:
2450 1775 2865 1846 metropolitano
2896 1775 3098 1831 factum
3135 1784 3241 1840 est,
3286 1775 3375 1844 qui
3429 1792 3526 1844 pro

1953 1875 2080 1929 sede
2119 1872 2330 1942 accepit
2376 1871 2648 1940 proprium
2694 1869 3064 1940 episcopatum
3126 1867 3412 1933 (Ehenm;
3476 1869 3532 1920 in

1953 1965 2365 2034 metropolitano
2394 1963 2608 2019 Pisidiae
2632 1962 2957 2025 Antiochiae,
2991 1960 3080 2029 qui
3112 1960 3396 2028 Suzopolin
3429 1975 3528 2027 prn

1953 2056 2080 2112 sede
2110 2055 2355 2124 accepit;
2403 2054 2547 2110 etin
2600 2051 2784 2108 multis
2827 2050 2972 2106 aliis.
3021 2051 3117 2106 Sin
3171 2059 3348 2104 autent
3404 2050 3540 2104 sede

1953 2152 2242 2224 episcopali
2297 2167 2404 2208 non
2453 2151 2552 2206 fuit
2602 2151 2867 2205 honorata
2906 2148 3160 2217 ’parmcia
3212 2161 3308 2215 per
3355 2145 3535 2204 solam

1954 2245 2265 2317 synodalem
2294 2245 2676 2312 cognitionem,
2713 2252 2770 2296 ut
2801 2243 2856 2296 in
2889 2257 2950 2295 ea
2979 2240 3341 2294 constituatur
3378 2254 3390 2289 :
3431 2229 3532 2310 m-r‘:

1953 2349 2019 2390 ex
2051 2333 2266 2404 propria
2289 2331 2587 2396 voluntate,
2605 2328 3057 2400 quemadmodum
3080 2325 3297 2396 quidam
3322 2324 3530 2385 dicunt;

1956 2441 2025 2482 ne
2059 2424 2259 2480 canoni
2309 2423 2607 2492 apostolico
2650 2423 2988 2485 adversetur,
3039 2426 3094 2472 et
3147 2416 3393 2486 reliquis,
3439 2415 3531 2483 qui

1954 2525 2201 2575 statuunt
2222 2515 2535 2586 episcopum
2564 2513 2695 2569 nihil
2743 2527 2901 2581 posse
2933 2512 3191 2565 innovare
3221 2515 3416 2578 praeter
3444 2521 3536 2575 sy-

1955 2610 2204 2666 nodalem
2244 2607 2591 2666 sententiam.
2617 2605 2885 2660 Praeterea
2931 2597 3355 2669 interrogaverit
3379 2597 3535 2666 quis-

1956 2704 2122 2772 piam,
2151 2702 2192 2758 si
2224 2717 2348 2755 cum
2376 2714 2551 2754 canon
2588 2698 2702 2751 haec
2734 2695 3015 2759 decernat,
3042 2700 3220 2760 potest
3246 2688 3535 2758 episcopus

1954 2795 2122 2866 608
2159 2807 2251 2864 per
2280 2791 2586 2846 mandatum
2622 2785 2903 2857 imperiale
2923 2793 2978 2839 et
3001 2783 3314 2856 synodalem
3337 2779 3534 2849 cogni-

1960 2890 2156 2944 tionem
2206 2901 2233 2939 a
2266 2899 2362 2941 sua
2395 2881 2665 2953 primitiva
2697 2877 2824 2934 sede
2857 2876 3114 2946 migrare,
3161 2873 3292 2927 licet
3337 2886 3445 2925 non
3501 2885 3530 2923 a

1958 2979 2207 3053 gentibus
2252 2982 2538 3042 occupata,
2570 2971 2624 3027 in
2654 2969 2966 3026 cathedram
3023 2966 3104 3020 sui
3161 2969 3532 3033 episcopatus,

1959 3074 2041 3127 vel
2071 3071 2122 3126 in
2159 3067 2440 3124 ecclesiam
2467 3079 2577 3119 suae
2609 3059 2898 3132 parmciae?
2921 3057 3151 3114 Salutio.
3181 3054 3315 3108 Cum
3364 3053 3539 3120 impe-

267 3150 711 3223 κατασχεθείσης
736 3152 841 3206 ὑπὸ
879 3153 1071 3221 ἐθνῶν,
1097 3154 1181 3218 είς
1227 3155 1498 3226 καθέδραν
1545 3155 1854 3227 ἐπισκοπῆς

1959 3166 2156 3221 ratoris
2203 3161 2454 3216 mandato
2490 3166 2546 3212 et
2595 3153 2839 3226 synodali
2891 3150 3198 3220 cognitiOue
3247 3155 3537 3213 utrumque

268 3243 464 3309 αὑτοῦ,
501 3245 536 3316 ἢ
584 3246 665 3308 είς
712 3244 1011 3316 ἐκκλησίαν
1054 3248 1350 3318 παροικίας
1386 3248 1600 3303 τούτου.
1639 3251 1854 3315 Λύσις.

271 3337 430 3392 Μετὰ
459 3335 750 3408 βασιλικῆς
784 3338 1136 3408 προστάξεως
1165 3341 1262 3394 καὶ
1305 3342 1590 3412 συνοδικῆς
1617 3343 1857 3412 διαγνώ-

274 3448 412 3495 σεως
446 3431 542 3485 καὶ
577 3429 866 3502 ἀμφότερα
907 3431 987 3503 τῷ
1020 3431 1308 3506 ἐπισκόπῳ
1361 3435 1855 3506 ἐγχωρηθήσεταιο

269 3527 454 3588 ἄλλως
487 3525 546 3580 δέ
576 3544 692 3589 πως
716 3525 975 3596 οὐδαμοῦ.
1007 3527 1105 3580 Διὰ
1134 3526 1294 3580 τοῦτο
1339 3527 1449 3596 γὰρ
1485 3528 1576 3581 καὶ
1608 3529 1635 3580 ό
1665 3530 1857 3598 ἀρχιε-

271 3622 546 3680 πίσκοπος
583 3617 789 3683 Δέρκου
819 3615 1060 3688 ζητήσας
1093 3617 1355 3682 πολλάκις
1384 3622 1714 3688 μεταπεσεῖν
1739 3620 1846 3673 ἀπὸ

269 3713 485 3783 Δέρκου
521 3711 600 3773 εἰς
653 3709 714 3764 τὸ
744 3709 1016 3781 ἐμπόριον
1055 3709 1146 3763 τὸν
1177 3709 1356 3773 Φίλον,
1403 3709 1493 3761 διὰ
1533 3709 1592 3762 τὸ
1625 3709 1858 3762 πολυάνι

270 3802 499 3873 θρωπον
521 3796 664 3852 εἶναι
696 3798 880 3870 τοῦτο,
912 3799 1014 3852 οὐκ
1066 3799 1420 3870 είσηκούσθη.
1452 3803 1560 3855 Καὶ
1613 3803 1763 3858 ἄλλοι
1798 3803 1856 3857 δὲ

269 3894 558 3964 ἀρχιερεῖς
587 3891 840 3961 διάφοροι
870 3891 1091 3962 πτωχάς
1129 3891 1228 3961 μὲν
1275 3892 1576 3962 ἐκκλησίας
1617 3894 1856 3965 ἔχοντες,

271 3987 640 4053 πλουτοῦντες
683 3985 980 4059 παροικίας
1024 3984 1488 4056 πολυανθρώπους
1537 3989 1634 4042 καὶ
1692 3989 1859 4042 πλου-

272 4087 418 4151 σίας,
479 4083 575 4137 καὶ
626 4082 963 4152 ζητήσαντες
1017 4079 1217 4144 τοῦτο,
1271 4079 1372 4133 οὐκ
1421 4079 1859 4150 είσηκούσθησαν

270 4180 357 4232 διά
383 4177 486 4232 τὸν
520 4173 768 4244 παρόντα
795 4173 1017 4226 κανόνα.
1043 4172 1362 4242 Σημείωησαι
1408 4172 1607 4238 ταῦτα,
1637 4175 1731 4227 καὶ
1766 4173 1858 4244 ἔχε

271 4274 363 4324 ἐπὶ
421 4270 651 4340 μνήμης
681 4267 769 4321 διὰ
819 4267 918 4330 τάς
969 4267 1308 4337 ζητουμένας
1382 4268 1704 4338 μεταθέσεις
1765 4270 1862 4322 καὶ

271 4362 583 4432 γενομένας
606 4361 698 4414 ἐπὶ
727 4357 1049 4430 ἀρχιερεῦσι
1079 4375 1214 4414 τισι.
1261 4361 1423 4429 Ζὴτει
1467 4360 1563 4430 τῆς
1607 4361 1665 4414 ἐν
1714 4360 1865 4414 Χαλ-

273 4455 471 4526 κηδόνι
507 4452 732 4507 συνόδου
758 4451 989 4514 κανόνας
1019 4449 1083 4522 ιβ’
1107 4452 1203 4504 καὶ
1232 4449 1320 4517 ιζ’,
1340 4451 1600 4518 λέγοντας
1623 4451 1861 4522 ὀφείλειν

274 4553 399 4616 τοὺς
425 4547 875 4618 τῆςἜκκλησίας
903 4545 1132 4599 ἕπεσθαι
1150 4546 1686 4617 τοϊς-διοριζομένοις
1709 4547 1862 4616 παρά

274 4647 373 4714 τῆς
437 4640 729 4712 βασιλικῆς
780 4637 1046 4702 ἐξουσίας.
1085 4637 1240 4690 Ἐπεὶ
1270 4638 1328 4692 δέ
1373 4639 1400 4692 ό
1443 4638 1634 4708 παρὼν
1681 4638 1863 4692 κανὼν

274 4734 577 4804 διορίζεται
606 4731 680 4801 μὴ
707 4728 1012 4800 ἀποδημεῖν
1041 4729 1133 4783 τὸν
1156 4729 1480 4793 ἐπίσκοπον,
1513 4733 1645 4796 παρ’
1669 4730 1697 4783 ὃ
1730 4729 1862 4802 χρὴ,

275 4825 384 4878 ἀπὺ
438 4822 542 4892 τῆς
598 4819 872 4892 λαχούσης
905 4817 1248 4887 αὐτὸν(ἔστι
1306 4820 1363 4873 δέ
1414 4820 1573 4874 τοῦτο
1617 4821 1860 4894 ἄδηλον),

275 4916 559 4985 ἀνάγνωθι
589 4915 680 4968 τὸν
707 4920 783 4978 ις’
813 4914 1016 4967 κανόνα
1045 4911 1144 4982 τῆς
1178 4915 1236 4966 ἐν
1269 4913 1348 4983 τῷ
1377 4912 1492 4984 ναῷ
1519 4913 1627 4967 τῶν
1657 4914 1857 4984 Ἀγίων

1960 3259 2214 3327 episcopo
2246 3252 2571 3308 concedetur
2636 3264 2649 3299 :
2706 3245 2841 3298 alias
2898 3251 3100 3305 autem,
3153 3236 3298 3291 nullo
3353 3235 3534 3288 modo.

1961 3351 2249 3418 Propterea
2285 3343 2427 3400 enim
2463 3351 2516 3396 ct
2549 3337 2988 3406 archiepiscopus
3024 3329 3199 3395 Derci,
3235 3343 3358 3380 cum
3395 3337 3538 3393 saepe

1959 3441 2236 3515 petivisset
2269 3446 2326 3492 ut
2363 3453 2390 3490 a
2417 3435 2587 3489 Derco
2617 3431 2848 3501 migrare
2894 3427 3103 3490 liceret,
3137 3427 3191 3475 in
3230 3419 3536 3489 emporium

1959 3514 2102 3607 quod
2140 3534 2337 3588 dicitur
2371 3529 2609 3592 Phileas,
2639 3540 2705 3580 eo
2736 3521 2878 3592 quod
2915 3521 2965 3574 id
3013 3527 3157 3574 esset
3198 3514 3535 3585 populosius,

1960 3606 2065 3684 non
2097 3637 2179 3682 est
2210 3622 2514 3680 exauditus.
2543 3617 2711 3672 Porro
2747 3627 2800 3671 et
2844 3613 2932 3667 alii
2990 3610 3188 3666 diversi
3241 3606 3535 3665 antistites.

1960 3724 2150 3792 inopes
2191 3717 2409 3786 quidem
2457 3709 2721 3766 ecclesias
2767 3707 3050 3768 habentes,
3101 3699 3300 3756 divites
3355 3705 3538 3750 autem

1961 3815 2226 3883 parmcias
2253 3816 2308 3862 et
2332 3803 2644 3875 populosas,
2695 3814 2815 3853 cum
2871 3797 2971 3850 hoc
3025 3792 3378 3862 petivissent,
3433 3801 3538 3840 non

1961 3877 2179 3960 iueruut
2208 3897 2442 3956 exauditi
2480 3903 2698 3964 propter
2731 3895 3052 3956 praesentem
3087 3895 3378 3938 canonem.
3404 3877 3539 3931 Nota

1963 3994 2076 4046 haec
2103 3997 2158 4043 et
2187 3984 2445 4041 memoria
2476 3990 2598 4036 tene
2626 3987 2846 4049 propter
2882 3971 3264 4028 translationes
3291 3983 3411 4037 qua}
3443 3981 3539 4034 pe-

1964 4091 2151 4138 tuntur
2183 4080 2249 4134 ab
2281 4073 2639 4137 antistitibus,
2667 4079 2720 4125 et
2759 4069 2891 4123 [lunt
2936 4066 2989 4120 in
3020 4061 3310 4132 aliquibus.
3347 4058 3543 4125 Qumrc

1962 4174 2217 4232 Chalced'.
2257 4187 2380 4242 syn.
2425 4180 2660 4223 canones
2700 4163 2763 4216 12
2791 4169 2844 4215 et
2879 4160 2945 4213 Π
2976 4157 3068 4228 qui
3117 4158 3303 4210 dicunt
3340 4151 3538 4207 debere

1961 4264 2360 4324 ecclesiasticos
2389 4258 2540 4329 sequi
2566 4271 2650 4322 ea,
2676 4269 2796 4324 qua:
2819 4252 3186 4307 decernuntur
3214 4262 3242 4300 a
3271 4252 3540 4316 potestate

1963 4358 2254 4428 imperiali.
2286 4353 2423 4422 Quia
2463 4359 2639 4407 autem
2676 4361 2912 4418 praesens
2943 4358 3115 4399 canon
3166 4339 3394 4400 statuit,
3430 4353 3540 4391 non

1966 4452 2161 4514 debere
2185 4448 2498 4518 episcopum
2525 4439 2855 4512 peregrinari
2889 4437 3176 4506 plusquam
3207 4437 3441 4500 oportet,
3471 4430 3541 4483 ab

1965 4559 2027 4599 ea
2056 4558 2175 4614 qum
2205 4541 2354 4596 illum
2391 4537 2618 4612 sortitus
2653 4544 2735 4588 est
2767 4533 2870 4602 (est
2903 4537 3079 4583 autem
3122 4527 3223 4580 hoc
3248 4521 3541 4593 incertum)

1966 4637 2086 4705 lege
2114 4633 2384 4690 decimum
2418 4637 2631 4683 sextum
2661 4637 2923 4678 canonem
2965 4618 3152 4690 synodi
3198 4631 3319 4686 quae
3352 4614 3542 4668 habita

1965 4743 2046 4786 est
2078 4730 2127 4784 in
2159 4725 2270 4782 aede
2294 4722 2622 4777 Sanctorum
2649 4715 3066 4784 Apostolorum,
3100 4722 3153 4762 et
3189 4711 3548 4776 interpretare

1965 4826 2283 4892 praesentem
2321 4825 2586 4868 canonem
2615 4806 2908 4862 secundum
2956 4803 3102 4872 leges
3147 4814 3268 4868 quae
3316 4801 3369 4852 in
3425 4798 3543 4868 ipso

1965 4922 2092 4969 sunt
2134 4910 2340 4980 posita.

288 5013 642 5069 ’Δποστόλων
673 5010 953 5083 συστάσης
995 4991 1239 5080 συνόδου,
1268 5012 1364 5065 καὶ
1392 5012 1733 5083 ὲρμήνευσον
1759 5012 1850 5066 τὸν
1883 5011 2132 5083 παρόντα
2163 5005 2363 5062 κανόνα
2409 5000 2551 5056 κατά
2579 4998 2646 5053 ea
2700 4993 3161 5066 καταστρωθέντα
3214 4992 3425 5062 νόμιμα
3486 4992 3544 5044 ἐν

278 5127 457 5178 αυτῳ.

350 5204 605 5259 ΖΩΝΑΡ.
637 5203 777 5266 Τοὺς
811 5201 1166 5264 ἐπισκόπους,
1209 5200 1305 5254 καὶ
1336 5199 1398 5253 τὸ
1439 5199 1650 5254 δίκατον
1704 5198 1860 5261 αὐτὸ,

281 5297 378 5348 καὶ
432 5297 466 5366 ἡ
517 5293 630 5349 τῶν
682 5293 843 5347 θείων
913 5291 1153 5346 κανόνων
1231 5290 1518 5359 ἀκρίϐεια,
1573 5290 1865 5342 ἀπαιτοῦσι

281 5387 623 5458 προσμένειν
674 5389 796 5449 ταῖς
848 5383 1003 5446 ἰδίαις
1051 5384 1400 5446 ἐπισκοπαῖς,
1455 5383 1548 5435 καὶ
1589 5381 1863 5436 διδάσκειν

280 5482 413 5542 τοὺς
455 5478 642 5542 λαοὺς,
671 5478 766 5530 καὶ
811 5475 1165 5544 καταρτίζειν
1209 5474 1426 5540 αὐτοὺς,
1475 5473 1612 5527 ἀλλά
1656 5471 1732 5544 μὴ
1762 5491 1862 5526 κα-

282 5572 649 5642 ταλιμπάνειν
676 5570 774 5634 τάς
810 5567 1136 5631 αὑθεντικὲις
1165 5566 1344 5619 αὐτῶν
1372 5564 1660 5636 καθέδρας,
1693 5565 1863 5636 ἤγουν

285 5667 417 5728 τοὺς
461 5662 853 5738 πρωτοτύπους
901 5660 1124 5730 θρόνους
1151 5659 1375 5724 αὐτῶν,
1403 5659 1497 5712 καὶ
1537 5657 1671 5728 πρὸς
1701 5656 1867 5724 ἄλλην

287 5758 586 5830 ἐκκλησίαν
633 5753 1004 5827 ἀπέρχεσθαι.
1041 5753 1233 5806 Πολλοὶ
1261 5752 1372 5818 γὰρ
1401 5753 1510 5806 τῶν
1540 5750 1861 5804 ἐπισκόπων

289 5855 501 5921 ἑκοῦσιν
546 5849 851 5919 ἐκκλησίας
884 5848 940 5900 ἐν
971 5846 1150 5910 ἄλλοις
1184 5845 1368 5910 τόποις
1414 5845 1521 5899 τῶν
1564 5843 1654 5897 ὑπ’
1685 5843 1863 5898 αὐτῶν

2041 5189 2292 5250 ZONAR.
2335 5186 2416 5243 Ab
2447 5180 2716 5253 episcopis
2741 5192 2864 5234 cum
2899 5177 3018 5246 ipsa
3057 5175 3132 5232 rei
3179 5185 3397 5242 natura,
3433 5183 3545 5231 tum

1969 5290 2189 5345 decreta
2223 5293 2489 5337 canonum
2515 5290 2578 5331 ea
2605 5274 2674 5328 de
2699 5287 2760 5328 re
2789 5271 2984 5341 saepius
3017 5271 3161 5326 edita
3186 5311 3201 5337 ,
3229 5270 3542 5340 postulant,

1969 5392 2030 5438 ut
2061 5382 2111 5436 in
2144 5394 2240 5433 sua
2270 5368 2558 5444 episcopali
2591 5366 2824 5422 statione
2855 5374 3112 5434 perpetuo
3146 5364 3363 5433 degant,
3397 5378 3463 5419 ac
3495 5364 3549 5417 in

1978 5472 2191 5545 populis
2221 5465 2557 5526 erudiendis,
2590 5472 2754 5531 atque
2781 5459 2846 5514 ad
2880 5467 3088 5513 rectam
3132 5456 3350 5511 virtutis
3376 5455 3543 5510 semi-

1975 5573 2082 5620 tam
2113 5559 2433 5630 dirigendis,
2472 5555 2751 5619 laborent;
2786 5565 2891 5606 non
2927 5561 3110 5605 autem
3150 5548 3413 5617 primaria
3449 5562 3545 5601 sua

1973 5657 2098 5712 sede
2128 5651 2338 5716 relicta,
2364 5649 2417 5703 in
2451 5645 2609 5700 aliam
2634 5642 2924 5699 ecclesiam
2952 5657 3012 5695 se
3036 5640 3345 5694 conferant.
3387 5637 3538 5692 Multi

1975 5757 2210 5812 namque
2238 5737 2478 5810 episcopi
2512 5737 2564 5790 in
2587 5735 2708 5791 aliis
2732 5747 2842 5790 sure
2867 5732 3117 5787 dioecesis
3139 5729 3269 5785 locis
3288 5730 3552 5785 ecclesias

1979 5840 2194 5905 habent,
2247 5851 2365 5907 qua:
2415 5831 2742 5900 etparceciac
2810 5841 2840 5879 a
2895 5823 3188 5879 canonibus
3235 5834 3548 5880 vocantur:
