3976 6390
433 306 541 368 275

1710 316 1997 380 THEOD.
2040 317 2453 381 BALSAMON

3598 321 3700 386 ‘276

431 426 630 499 quibus
663 425 795 483 nulli
824 425 1131 498 peculiares
1157 430 1407 505 episcopi
1426 410 1630 502 prfefi’ci
1654 442 2009 487 Consuevere.

2144 436 2463 505 ῖιοικήσεων,
2500 434 2567 498 ἃς
2596 435 2692 490 καὶ
2730 435 3031 507 παροικίας
3057 435 3110 493 οἱ
3143 438 3370 503 κανόνες
3414 440 3693 500 καλοῦσιν.

429 520 600 588 Igitur
641 520 728 575 hic
774 535 950 575 canon
1011 520 1064 576 in
1120 523 1357 593 aliquam
1413 525 1679 595 ejusmodi
1728 524 2015 580 ecclesiam

428 611 741 679 episcopum
784 612 1079 681 proﬁcisci,
1115 629 1180 668 ac
1219 616 1272 669 in
1316 631 1376 670 ea
1417 617 1594 686 populi
1631 618 1714 672 sui
1757 631 1884 671 cura
1918 630 2015 671 ne-

430 704 606 773 glecta
634 706 837 760 diutius
870 706 1093 771 morari,
1126 715 1309 775 vetat;
1340 712 1432 763 sed
1464 710 1546 763 vel
1581 709 1633 763 in
1661 724 1724 765 ea
1765 708 2018 779 chorepi-

428 812 653 867 scopum
710 800 1066 864 constituere,
1089 801 1172 854 vel
1210 804 1525 872 presbytero
1568 802 2014 871 procurationem

430 888 550 956 ejus
588 889 691 944 loci
739 906 920 945 rerum
952 893 1229 956 mandare,
1258 893 1407 962 iubet
1436 911 1449 947 :
1481 896 1764 964 episcopos
1793 908 1924 949 vero
1960 893 2014 946 in

434 998 530 1037 sua
568 998 840 1054 quemque
867 984 1096 1040 ecclesia
1128 986 1467 1041 continenter
1508 988 1816 1054 obdurare,
1848 1002 1911 1042 ac
1951 1000 2017 1042 ne

429 1075 635 1145 proprii
667 1075 883 1148 quidem
907 1079 1105 1146 negotii
1137 1079 1402 1133 tractandi
1425 1072 1589 1134 causa
1613 1079 1834 1143 diutius,
1856 1093 2016 1148 quam

433 1184 528 1237 par
562 1177 644 1224 est
671 1171 884 1235 abesse,
921 1184 1180 1225 curamve
1209 1171 1441 1226 sollicite
1474 1172 1526 1226 in
1564 1171 1862 1241 episcopali
1910 1179 2021 1225 sta-

429 1261 578 1316 tione
622 1263 1015 1332 permanendi,
1073 1265 1441 1335 populumque
1484 1265 1714 1320 salutari
1769 1264 2016 1318 doctrina

426 1356 763 1410 informandi
789 1400 804 1424 ,
839 1356 1117 1413 deserere.
1154 1358 1331 1429 Atque
1363 1358 1493 1413 illud
1525 1359 1748 1430 quidem
1783 1355 2017 1429 [diutius

427 1464 587 1517 quam
627 1448 866 1525 parest]
905 1450 1007 1505 hoc
1033 1450 1154 1506 loco
1203 1452 1344 1505 nulla
1373 1451 1881 1519 circumscriptione
1924 1448 2020 1504 de—

430 1539 615 1595 finitur
642 1559 655 1595 :
686 1542 900 1597 decimo
927 1551 1081 1598 sexto
1114 1552 1289 1597 autem
1319 1557 1532 1598 canone
1563 1543 1614 1597 in
1649 1543 1847 1612 templo
1881 1541 2019 1596 San-

425 1642 637 1689 ctorum
671 1634 1056 1703 Apostolorum
1103 1635 1301 1691 habitae
1332 1637 1546 1707 synodi,
1582 1651 1702 1706 qua:
1734 1635 1905 1705 prima
1953 1642 2008 1689 et

423 1729 660 1782 secunda
701 1729 1039 1796 nominatur,
1073 1745 1144 1783 ne
1172 1728 1311 1782 ultra
1344 1738 1608 1784 semestre
1646 1738 1857 1796 tempus
1886 1727 2006 1795 epi-

2123 526 2180 578 ἑν
2217 520 2307 589 αἷς
2347 526 2449 580 οὐκ
2481 525 2739 584 εἰώθασιν
2784 530 3074 586 ἐπίσκοποι
3101 532 3574 604 προχειρίζεσθαι.
3610 532 3701 603 Μὴ

2118 614 2212 673 οὖν
2243 620 2299 673 ἑν
2329 622 2557 699 τοιαύτῃ
2586 624 2854 695 ὲκκλησίᾳ
2889 625 3129 687 ἀπιέναι,
3162 625 3258 681 καὶ
3288 625 3579 697 χρονίζειν,
3610 626 3700 679 τὸν

2118 710 2420 777 ἐπίσκοπον
2464 716 2493 768 ό
2540 714 2723 770 κανὼν
2769 715 3142 778 διατάττεται,
3186 718 3283 770 καὶ
3335 716 3562 788 ἀμελεῖν
3610 717 3704 772 τοῦ

2117 805 2321 859 οἰκείου
2364 806 2531 861 λαοῦ·
2564 807 2682 863 ἀλλ’
2718 811 2835 863 ἐκεῖ
2887 811 2987 880 μὲν
3020 811 3051 880 ἢ
3090 810 3509 882 χωρεπίσκοπον
3565 810 3704 864 καθ-

2121 899 2363 969 ιστᾷν,ἦ
2408 898 2498 953 διὰ
2548 900 2925 972 πρεσϐυτέρου
2963 902 3236 957 ποιεῖσθαι
3286 902 3388 974 τὴν
3435 902 3708 972 διοίκησιν

2118 987 2224 1041 τῶν
2269 990 2422 1043 ἐκεῖ·
2467 992 2595 1054 τοὺς
2641 991 2688 1044 δ’
2716 992 3058 1055 ἐπισκόπους
3092 994 3216 1056 ταῖς
3251 991 3485 1054 οἰκείαις
3522 1009 3701 1061 προσ-

2120 1083 2406 1151 καρτερεῖν
2430 1082 2770 1152 ἐκκλησίαις.
2803 1085 2899 1138 καὶ
2934 1083 3073 1156 μηδὲ
3111 1084 3182 1139 δι’
3220 1085 3423 1138 οἰκεῖον
3465 1084 3705 1153 πρᾶγμα

2119 1172 2472 1242 ἀσχολεῖσθαι
2533 1176 2677 1247 ὑπὲρ
2732 1176 2760 1229 ὃ
2814 1176 2942 1249 χρὴ,
2977 1178 3072 1232 καὶ
3123 1176 3431 1247 ἀποδημεῖν
3465 1177 3565 1243 τῆς
3610 1175 3710 1229 τοῦ

2124 1263 2258 1318 ίδίου
2307 1266 2501 1336 χρόνου
2553 1269 2863 1339 συνεχείας,
2913 1270 3033 1341 ἦτοι
3081 1270 3177 1324 τοῦ
3230 1270 3372 1323 κατὰ
3421 1269 3709 1340 συνέχειαν

2120 1355 2216 1407 καὶ
2274 1354 2590 1421 άδιακόπως
2626 1359 2972 1429 παραμένειν
3019 1361 3086 1430 τῇ
3145 1359 3251 1431 ἰδίᾳ
3281 1363 3583 1432 ἐπισκοπῇ.
3614 1363 3714 1415 καὶ

2119 1445 2397 1501 διδάσκειν
2448 1447 2540 1503 τὸν
2597 1448 2745 1505 λαόν.
2787 1450 2861 1505 Τὸ
2910 1451 2989 1515 δὲ,
3024 1452 3167 1522 ὑπὲρ
3223 1452 3253 1505 ὃ
3304 1455 3433 1523 χρὴ,
3466 1452 3711 1507 ἐνταῦθα

2124 1538 2223 1609 μὲν
2254 1540 2525 1610 ἀορίστως
2572 1546 2751 1596 κεῖται
2774 1558 2788 1572 ·
2824 1543 2882 1597 ὲν
2906 1544 2964 1597 δὲ
2995 1545 3073 1613 τῷ
3106 1546 3488 1616 ἑκκαιδεκάτῳ
3519 1546 3712 1599 κανόνι

2119 1631 2221 1702 τῆς
2252 1632 2311 1685 ἐν
2357 1634 2435 1703 τῷ
2469 1633 2583 1705 ναῷ
2608 1636 2717 1689 τῶν
2781 1636 2983 1705 Ἀγίων
3027 1637 3379 1691 Ἀποστόλων
3432 1637 3712 1707 συστάσης

2123 1723 2364 1789 συνόδου,
2398 1724 2496 1794 τῆς
2533 1726 2859 1796 λεγομένης,
2890 1726 3121 1796 πρώτης
3150 1726 3246 1780 καὶ
3295 1726 3582 1796 δευτέρας,
3636 1724 3715 1795 μὴ

426 1839 595 1894 scopo
623 1839 653 1879 a
721 1818 816 1878 sua
847 1824 974 1879 sede
1004 1825 1196 1879 abesse
1222 1825 1403 1889 liceat,
1432 1822 1597 1878 divini
1622 1820 1831 1898 Patres,
1854 1834 2011 1889 praua

2144 1817 2281 1871 πλέον
2350 1819 2543 1888 μηνῶν
2605 1818 2665 1885 ἓξ
2719 1820 3024 1890 ἀποδημεῖν
3075 1820 3170 1873 τὸν
3241 1819 3546 1873 ἐπίσκοπον
3612 1822 3715 1888 τῆς

426 1915 787 1986 depositionis
845 1917 1145 1987 proposita,
1197 1917 1625 1980 constituerunt.
1674 1913 2011 1980 Undecimus

428 2026 557 2065 vero
587 2011 801 2067 Sardic.
830 2011 1023 2083 synodi
1062 2026 1260 2076 canon,
1292 2011 1514 2067 brevius
1555 2010 1734 2065 adhuc
1770 2009 2010 2079 spatium

425 2103 669 2174 episcopi
695 2104 982 2173 absentiae,
1026 2103 1128 2159 nisi
1177 2103 1484 2159 necessaria
1520 2116 1683 2157 causa
1719 2100 1899 2170 aliqua
1934 2100 2014 2153 itt-

428 2196 690 2261 tercedat,
722 2205 780 2249 ut
806 2208 872 2252 ex
906 2211 970 2252 eo
1008 2198 1151 2267 quod
1200 2197 1273 2252 ibi
1325 2195 1552 2251 affertur
1580 2193 1831 2263 exemplo
1864 2189 2014 2248 colli-

425 2301 556 2356 gere
581 2298 687 2351 est,
716 2287 929 2344 videtur
958 2289 1280 2358 praebuisse.
1345 2287 1415 2343 De
1443 2288 1681 2342 discessu
1718 2286 2008 2353 episcopo-

425 2394 547 2434 rnm
575 2396 604 2433 a
631 2379 745 2435 suis
771 2380 1017 2436 ecclesiis
1040 2390 1286 2437 statuunt
1308 2381 1471 2436 etiam
1497 2380 1722 2446 diversae
1752 2377 2011 2442 Novellae,

424 2488 546 2542 quae
574 2472 627 2528 in
664 2476 825 2531 tertio
855 2474 1073 2529 Basilio.
1108 2474 1269 2539 libro,
1299 2473 1457 2529 titulo
1488 2473 1539 2538 l,
1577 2471 1807 2528 diversis
1836 2471 1888 2524 in
1924 2483 2016 2525 ca-

427 2566 633 2636 pitibus
661 2568 1032 2638 reperiuntur.

425 2829 650 2888 ARIST.
686 2850 702 2883 ι
742 2830 933 2888 Visum
962 2840 1066 2897 est,
1105 2842 1161 2887 ut
1191 2832 1371 2892 nullus
1404 2832 1694 2902 episcopus
1724 2828 2012 2899 principali

504 2944 521 2975 ι
556 2940 655 2985 sua
693 2924 881 2979 relicta
923 2926 1073 2989 sede,
1105 2925 1158 2979 in
1189 2925 1351 2978 aliam
1389 2940 1449 2981 se
1492 2923 1775 2986 Conferat,
1817 2922 1900 2977 vel
1950 2922 2017 2975 de

505 3037 521 3069 ι
566 3030 625 3073 re
663 3017 883 3088 propria
921 3017 1210 3084 sollicitus,
1242 3010 1502 3072 thronum
1534 3030 1691 3071 suum
1719 3013 2009 3087 negligat.)

496 3204 614 3261 Non
649 3213 857 3262 tantum
887 3207 1013 3274 hoc,
1041 3221 1070 3260 a
1098 3205 1320 3260 civitate
1349 3205 1414 3259 ad
1445 3205 1719 3260 civitatem
1771 3205 2012 3274 migrare

422 3299 759 3369 episcopum,
800 3299 1034 3355 diversis
1063 3299 1369 3355 canonibus
1407 3299 1728 3370 prohibetur
1767 3314 1780 3351 :
1826 3296 1920 3354 sed
1959 3305 2015 3369 et

425 3391 576 3457 illud,
615 3405 755 3457 eam,
791 3407 913 3462 qua:
958 3392 1177 3461 proprie
1212 3402 1331 3447 erat
1382 3408 1410 3445 a
1459 3390 1729 3461 principio
1759 3430 1773 3454 ,
1825 3392 2019 3445 catlte-

426 3485 578 3538 tlram
631 3484 878 3540 ecclesia:
922 3484 1093 3554 ipsius
1129 3485 1460 3553 relinquere,
1510 3495 1563 3539 et
1609 3483 1675 3538 ad
1719 3483 1878 3539 aliam
1924 3499 2015 3539 ec--

427 3576 647 3631 clesiam
681 3576 736 3631 itt
789 3577 977 3632 eadem
1036 3578 1274 3648 ραι·ωείδ
1338 3578 1633 3643 transilire,
1670 3586 1724 3631 et
1779 3578 1831 3630 in
1890 3593 2011 3631 eam

429 3666 728 3723 transferre
768 3667 1058 3733 honorem,
1100 3668 1186 3723 ltic
1229 3684 1405 3724 canon
1439 3684 1541 3749 no_n
1575 3670 1861 3739 permittit.
1909 3666 2015 3723 Sed

428 3771 529 3812 nec
552 3756 604 3814 iu
640 3772 697 3813 re
724 3758 948 3828 propria
976 3758 1022 3813 ei
1054 3758 1173 3829 plus
1191 3776 1352 3829 quam
1375 3768 1591 3829 oportet
1612 3760 1843 3816 sollicito
1867 3773 2011 3826 esse,

425 3858 483 3904 et
514 3865 701 3905 curam
734 3861 788 3908 et
822 3850 1238 3909 instructionem
1276 3853 1457 3909 oonnli
1487 3852 1762 3928 negligere
1796 3854 1944 3909 licet.

871 4035 1040 4108 609
1065 4035 1300 4093 CANON
1341 4036 1554 4093 LXXV.

434 4147 459 4180 ι
496 4127 573 4185 De
598 4128 899 4186 infantibus
929 4129 1023 4199 qui
1057 4129 1256 4185 debent
1284 4129 1573 4196 baptizari,
1609 4129 1826 4197 quoties
1862 4130 1927 4183 de
1955 4128 2018 4185 iis

502 4239 520 4271 ι
565 4221 842 4277 dubitatur
892 4236 961 4274 an
995 4220 1249 4286 baptizati
1282 4220 1503 4275 fuerint.
1535 4220 1799 4275 Similiter
1818 4220 2018 4290 placuit

507 4333 525 4367 ι
575 4313 644 4369 de
691 4311 1014 4381 infantibus,
1048 4314 1265 4383 qumies
1313 4329 1420 4368 non
1474 4313 1822 4369 inveniuntur
1874 4314 2016 4368 firmi

505 4431 521 4461 ι
568 4420 735 4467 testes
784 4411 876 4481 qui
899 4424 993 4465 eos
1020 4409 1141 4465 sine
1163 4408 1538 4464 controversia
1566 4406 1871 4477 baptizatos
1897 4424 2016 4464 esse

2116 1909 2326 1973 οἰκείας
2359 1912 2669 1981 ἐπισκοπῆς
2694 1914 2743 1965 οἱ
2776 1914 2833 1965 ὲν
2890 1911 3075 1984 ἐκείνῃ
3111 1912 3247 1965 θεῖοι
3295 1910 3543 1980 Πατέρες
3572 1910 3709 1980 ὡρί-

2119 2021 2301 2067 σαντο,
2330 2005 2391 2057 τὸ
2418 2004 2462 2057 δ’
2493 2005 2771 2075 ἐπιτίμιον
2824 2002 2918 2058 τοῦ
2958 2002 3033 2073 μὴ
3065 2003 3158 2057 τὸν
3186 2002 3390 2057 κανόνα
3420 2001 3718 2071 φυλάττον-

2114 2113 2206 2157 τος
2236 2095 2558 2167 καθαίρεσίς
2590 2097 2756 2150 ἑστιν.
2799 2097 2859 2149 'O
2888 2102 2956 2149 ια’
2987 2094 3045 2149 δὲ
3097 2093 3277 2148 κανὼν
3310 2093 3411 2164 τῆς
3467 2095 3526 2146 ἑν
3570 2093 3714 2165 Σαρ-

2114 2188 2240 2261 δικῇ
2278 2189 2524 2255 συνόδου,
2559 2189 2622 2242 ἐκ
2646 2187 2740 2242 τοῦ
2772 2186 3219 2259 παραδείγματος
3273 2180 3336 2240 οὗ
3377 2186 3602 2254 ἐπάγει,
3631 2186 3713 2248 είς

2117 2282 2377 2338 ἐλάττονα
2402 2282 2596 2353 καιρὸν
2620 2281 2767 2337 ἔοικε
2797 2279 3112 2334 συστέλλειν
3136 2279 3236 2351 τὴν
3268 2277 3363 2331 τοῦ
3394 2277 3703 2331 ἐπισκόπου

2115 2371 2446 2441 ἀποδημίαν,
2480 2372 2529 2426 εί
2566 2374 2640 2442 μή
2689 2389 2774 2437 τις
2809 2370 2956 2440 αὐτῴ
2993 2369 3208 2438 ἀνάγκη
3243 2369 3542 2423 ἐπίκειται.
3579 2369 3715 2437 Περὶ

2122 2462 2435 2532 ἀποδημίας
2467 2462 2787 2517 ἐπισκόπων
2850 2464 2914 2514 ἑκ
2968 2460 3079 2513 τῶν
3128 2459 3350 2514 οἰκείων
3400 2460 3713 2530 ἐκκλησιῶν

2116 2552 2492 2609 διατάττονται
2560 2556 2659 2611 καὶ
2727 2555 2974 2625 διάφοροι
3023 2551 3253 2623 Νεαραὶ,
3326 2552 3577 2623 κείμεναι
3633 2553 3713 2615 εἰς

2119 2644 2325 2716 βιϐλίον
2372 2646 2484 2701 τῶν
2515 2645 2822 2702 Βασιλικῶν
2863 2645 3071 2717 τρίτον,
3107 2645 3215 2699 τίτ.
3248 2642 3323 2712 u',
3348 2645 3405 2698 ἑν
3435 2645 3715 2716 διαφόροις

2117 2738 2453 2806 κεφαλαίοις.

2132 2833 2354 2888 ΑΡΙΣΤ.
2393 2853 2412 2886 ι
2468 2834 2653 2900 Ἔδοξε
2707 2835 2912 2906 μηδένα
2954 2834 3278 2898 ἐπίσκοπον,
3337 2831 3716 2886 καταλιπόντα

2198 2944 2217 2978 ‹
2260 2926 2360 2999 τὴν
2395 2927 2727 3000 αύθεντικὴν
2761 2928 3072 2997 καθέδραν,
3109 2927 3243 2997 πρὸς
3287 2926 3482 2996 ἑτέραν
3537 2942 3710 2997 μετα-

2196 3038 2215 3072 ι
2258 3023 2530 3094 χωρεῖν,ἢ
2560 3024 2618 3077 ἑν
2644 3008 2832 3090 οἰκείῳ
2859 3023 3146 3095 πράγματι
3171 3019 3596 3091 ἀσχολούμενον,
3617 3018 3718 3073 τοῦ

2207 3138 2227 3171 ι
2275 3117 2405 3171 ἰδίου
2443 3116 2635 3187 θρόνου
2660 3116 2905 3184 ἀμελεῖν.
2950 3134 2968 3167 ι

2196 3216 2272 3269 Οὐ
2323 3213 2482 3285 μόνον
2524 3210 2587 3265 τὸ
2644 3210 2753 3265 ἀπὸ
2807 3210 3016 3274 πόλεως
3067 3208 3148 3274 εἰς
3201 3208 3359 3262 πόλιν
3413 3208 3721 3262 ἐπίσκοπον

2125 3307 2475 3380 μεταϐαίνειν
2504 3344 2520 3367 ,
2578 3306 2644 3356 ἑκ
2706 3303 2981 3373 διαφόρων
3040 3303 3285 3355 κανόνων
3361 3300 3674 3356 κεκώλυται
3702 3316 3719 3330 ⁸

2120 3400 2256 3455 ἀλλά
2283 3401 2378 3453 καὶ
2409 3398 2470 3451 τὸ
2492 3396 2591 3467 τὴν
2614 3397 2819 3467 κυρίως
2849 3390 3017 3448 οὖσαν
3047 3393 3290 3465 ἀρχῆθεν
3315 3393 3588 3463 καθέδραν
3611 3392 3720 3461 τῆς

2121 3489 2419 3561 ἐκκλησίας
2484 3488 2650 3541 αὑτοῦ
2734 3487 3083 3549 καταλιπεῖν,
3141 3488 3239 3541 καὶ
3314 3487 3455 3557 πρὸς
3516 3487 3722 3557 ἑτέραν

2120 3580 2421 3649 ἐκκλησίαν
2453 3579 2512 3631 έν
2553 3581 2620 3648 τῇ
2671 3578 2810 3648 αὐτῇ
2846 3578 3113 3649 παροικίᾳ.
3150 3574 3319 3631 οὖσαν
3357 3580 3716 3647 μεταπεσεῖν,

2118 3673 2215 3729 καὶ
2266 3672 2365 3743 τὴν
2415 3670 2584 3742 τιμὴν
2620 3672 2679 3723 ὲν
2712 3671 2852 3741 αὐτῇ
2892 3671 3212 3738 μεταθεῖναι
3251 3670 3280 3724 ὁ
3330 3668 3512 3724 κανὼν
3557 3667 3717 3732 οὗτος

2118 3766 2180 3818 ού
2211 3766 2490 3834 συγχωρεῖ
2515 3780 2531 3795 ο
2570 3762 2684 3817 ἀλλ’
2718 3761 2837 3814 οὐδὲ
2888 3764 2945 3814 ὲν
2992 3762 3181 3831 οἰκείῳ
3226 3762 3517 3832 πράγματι
3544 3763 3717 3833 ἀσχοο

2118 3855 2330 3908 λεῖσθαι
2375 3855 2542 3909 αὐτὸν
2594 3853 2737 3923 ὑπὲρ
2766 3853 2795 3908 ὃ
2821 3853 2927 3924 χρὴ
2958 3854 3236 3924 ἀνέχεται,
3265 3856 3366 3907 καὶ
3408 3854 3508 3923 τῆς
3549 3870 3718 3924 φρον-

2118 3948 2261 4012 τίδος
2295 3948 2389 4001 καὶ
2427 3948 2527 4018 τῆς
2561 3946 2910 4011 διδασκαλίας
2946 3947 3171 4015 ἀμελεῖν
3195 3945 3292 4000 τοῦ
3326 3946 3479 4002 λαοῦ.

2706 4038 2948 4095 ΚᾹΝΩΝ
2990 4040 3112 4095 OE’.

2124 4151 2144 4187 ι
2210 4132 2350 4205 Περί⁹
2399 4132 2615 4204 νηπίων
2697 4130 3027 4201 ὀφειλόντων
3086 4128 3455 4201 βαπτίζεσθαι
3514 4130 3716 4196 ὁσάκις

2195 4242 2215 4278 ‹
2260 4222 2666 4294 ἀμφιϐάλλεται
2716 4221 2847 4293 ’περί⁴
2921 4222 3102 4276 αὐτῶν
3133 4224 3182 4275 εί
3216 4223 3325 4294 ἀρα
3368 4221 3712 4292 ἐϐαπτίσθη-

2199 4336 2217 4369 ι
2263 4334 2383 4371 σαν.
2427 4315 2661 4387 Ὁμοίως
2711 4316 2909 4387 ἤρεσεν
2941 4315 3209 4387 περὶτῶν
3249 4316 3481 4386 νηπίων,
3517 4314 3715 4379 ὁσάκις

2200 4430 2218 4462 ι
2267 4410 2342 4482 μὴ
2405 4408 2753 4480 εὑρίσκονται
2807 4406 3016 4477 βέϐαιοι
3084 4406 3367 4478 μάρτυρες
3423 4406 3473 4459 οἱ
3531 4405 3715 4459 ταῦτα

505 4522 521 4554 ι
565 4504 784 4568 dicant;
818 4511 873 4559 et
921 4517 1023 4558 nec
1064 4502 1163 4571 ipsi
1201 4515 1424 4571 propter
1460 4509 1674 4556 aetatem
1710 4500 1778 4556 de
1816 4491 2012 4557 tradito

2200 4522 2218 4555 ι
2267 4502 2657 4575 ἀναμφιϐόλως
2693 4499 3066 4577 βαῖπτισθέντα
3114 4496 3257 4554 εἶναι
3299 4499 3548 4568 λέγοντες
3573 4514 3587 4529 ·
3615 4500 3715 4552 καὶ

505 4615 521 4644 ι
564 4595 644 4651 eis
682 4594 943 4668 mysterio
969 4605 1094 4665 apte
1124 4602 1348 4660 lossunt
1379 4594 1730 4662 respondere;
1762 4594 1879 4648 sine
1903 4592 2009 4647 ttlla

506 4710 523 4740 ‹
564 4688 866 4745 οίῐοηείυιιο
920 4703 1077 4759 posse
1123 4702 1220 4743 eos
1265 4686 1553 4755 baptizari.
1609 4685 1722 4741 Nec
1773 4701 2012 4756 unquam

499 4804 514 4833 ι
559 4785 673 4840 haec
716 4781 984 4838 dubitatio
1027 4795 1123 4833 eos
1168 4779 1262 4834 tali
1303 4780 1757 4837 sanetilicationis
1805 4781 2007 4837 lustra-

506 4900 520 4929 ι
566 4878 711 4931 tione
760 4860 1012 4945 privabit.
1050 4873 1162 4926 Hoc
1217 4874 1361 4927 enim
1430 4873 1738 4928 Maurorum
1803 4872 2012 4943 legati,

505 4991 520 5017 ι
570 4968 766 5022 fratres
794 4964 988 5027 nostri,
1030 4963 1155 5019 ideo
1182 4963 1592 5029 consuluerunt,
1624 4964 1768 5033 quod
1819 4963 2016 5019 multos

507 5080 523 5111 ι
567 5059 832 5113 eiusmodi
858 5074 888 5112 a
919 5056 1174 5112 Barbaris
1199 5064 1403 5111 emant.
1441 5074 1462 5109 ι

501 5439 696 5497 BALS.
747 5439 886 5510 Lege
934 5436 1129 5503 synodi
1185 5435 1238 5490 in
1272 5435 1458 5491 Trutlo
1514 5448 1780 5491 canonem
1834 5443 1889 5489 et
1942 5434 2015 5490 ibi

432 5533 714 5603 praesentis
743 5529 968 5585 canonis
992 5526 1501 5598 interpretationem
1533 5524 1651 5578 sine
1683 5523 1791 5579 ulla
1825 5524 2017 5581 immu-

434 5633 656 5697 talione,
697 5625 1155 5699 quemadmodum
1190 5633 1244 5676 et
1283 5621 1450 5678 verba
1488 5619 1755 5675 invenies.

501 5808 758 5867 ‘LONAR.
825 5807 978 5863 llunc
1034 5818 1322 5873 canunem,
1390 5801 1637 5874 pauculis
1692 5802 2012 5873 quibusdam

2201 4614 2221 4648 ς
2268 4594 2387 4649 οὐδὲ
2411 4594 2552 4649 αὐτὰ
2576 4595 2663 4649 διὰ
2688 4594 2787 4666 τὴν
2814 4594 3003 4663 κεῖραν
3027 4592 3160 4659 περὶ
3182 4590 3283 4661 τῆς
3305 4589 3713 4661 παραδοθείσης

2201 4707 2219 4739 ι
2267 4686 2453 4750 αὐτοῖς
2495 4685 2889 4757 μυσταγωγίας
2923 4684 3337 4753 ,ἀποκρίνεσθαι
3386 4682 3713 4753 ἐπιτηδείως

2201 4799 2217 4830 ι
2265 4779 2475 4850 ἔχουσι,
2540 4780 2710 4850 χωρίς
2769 4795 2917 4839 τινος
2975 4776 3412 4846 προσκόμματος
3469 4773 3712 4840 ὀφείλειν

2198 4890 2217 4923 ι
2263 4871 2435 4926 ταῦτα
2470 4871 2833 4943 βαπτίζεσθαι
2859 4885 2872 4899 ·
2905 4870 3119 4942 μήποτε
3152 4870 3180 4923 ό
3220 4867 3463 4930 τοιοῦτος
3515 4867 3706 4919 διστα-

2194 4985 2216 5020 ε
2265 4966 2405 5037 γμὸς
2465 4966 2822 5038 ἀποστερήσῃ
2897 4962 3042 5018 αύτά
3114 4964 3216 5032 τῆς
3288 4960 3547 5030 τοιαύτης
3605 4958 3703 5014 τοῦ

2198 5080 2216 5112 ι
2260 5057 2534 5129 ἀγιασμοῦ
2582 5058 2928 5129 καθάρσεως.
2963 5055 3060 5107 Ἐκ
3091 5056 3283 5107 τούτου
3316 5055 3424 5126 γὰρ
3453 5055 3502 5108 οἱ
3541 5069 3709 5106 τοποο

2197 5174 2214 5206 t
2262 5153 2502 5224 τηρηταὶ
2540 5150 2650 5205 τῶν
2700 5150 2966 5222 Μαύρων,
3020 5148 3243 5218 ἀδελφοὶ
3291 5145 3475 5218 ἡμῶν,
3542 5143 3708 5213 τοῦτο

2197 5265 2217 5299 ι
2264 5245 2679 5312 ἐϐουλεύσαντο,
2711 5244 2793 5297 ὅτι
2842 5244 3073 5306 πολλοὺς
3125 5240 3405 5304 τοιούτους
3453 5239 3564 5293 ἀπὸ
3597 5238 3708 5291 τῶν

2201 5356 2220 5390 ι
2267 5336 2575 5409 Βαρϐάρων
2610 5335 3062 5409 ὲξαγοράζονται.
3104 5353 3124 5386 ι

2192 5430 2398 5486 ΒΑΛΣ.
2443 5429 2744 5499 Ἀνάγνωθι
2789 5429 2892 5501 τῆς
2941 5430 3001 5482 ὲν
3046 5427 3123 5500 τῷ
3174 5425 3430 5499 Τρούλλῳ
3483 5425 3708 5479 συνόδου

2121 5520 2349 5585 κανόνα,
2381 5522 2479 5576 καὶ
2533 5523 2791 5595 εὑρήσεις
2848 5523 2948 5594 τὴν
3005 5521 3100 5575 τοῦ
3159 5521 3436 5592 παρόντος
3479 5521 3706 5581 κανόνος

2121 5613 2420 5685 ἑρμηνείαν
2466 5615 2913 5686 ἀπαραλλάκτως
2954 5616 3094 5678 ἐκεῖ,
3133 5608 3317 5678 καθὼς
3355 5613 3448 5667 καὶ
3498 5612 3567 5665 τά
3616 5612 3712 5683 ῥή-

2128 5726 2273 5779 ματα
2298 5708 2393 5761 τοῦ
2423 5708 2667 5771 κανόνος.

2195 5803 2440 5858 ΖΩΝΛΡ.
2478 5801 2682 5856 Τοῦτον
2728 5802 2818 5858 τὸν
2863 5802 3066 5858 κανόνα
3116 5800 3246 5856 ἀνευ
3296 5798 3493 5874 ὀλίγων
3538 5796 3702 5852 τινῶν
