3976 6398
262 351 347 414 (277

1256 347 1341 409 1N
1370 348 1535 411 CAN.
1572 348 1807 411 LXXVI
1835 316 2456 410 consummas.

3384 333 3487 397 Ξῖὸ

266 460 496 530 ῥημάτων
520 458 620 513 καὶ
638 458 673 530 ἡ
707 455 769 513 ὲν
794 457 873 527 τῷ
913 457 1174 530 Τρούλλῳ
1230 456 1434 525 ύνοδος,
1464 459 1496 529 ἡ
1528 458 1801 529 λεγομένη

1943 458 2146 528 xceptis
2178 456 2357 512 verbis
2386 453 2638 511 eumdem
2673 464 2899 520 prorsus
2934 447 3077 518 apud
3124 446 3388 518 synodum
3426 442 3481 497 in

264 552 398 621 Ξιιτη,
426 548 534 621 ἔχει
567 550 1029 622 ἀπαραλλάκτως,
1055 550 1151 605 καὶ
1186 550 1432 623 ὲξηγὴθη
1468 542 1605 606 ἐκεῖ.

264 734 460 788 ΔΡΙΣΤ.
540 752 560 786 ι
616 734 760 797 Τοὺς
806 733 1338 805 άμφιγνοουμένους,
1378 735 1441 787 εί’
1480 733 1813 804 ἐϐαπτίσθη-

324 846 345 879 ι
387 826 566 897 σαν,ἢ
623 826 911 898 μὴ,ἧρεσε
970 826 1371 898 βαπτίζεσθαισ
1424 827 1496 899 μή
1549 843 1681 880 ποτε
1732 827 1812 898 τῷ

324 937 341 968 ι
382 917 661 988 δισταγμῷ
697 918 1004 989 στερηθῶσι
1053 919 1154 989 τῆς
1193 917 1347 982 θείας
1404 918 1744 982 καθάρσεως.
1785 934 1804 967 ι

319 1096 385 1149 To
415 1094 512 1166 μὲν
560 1095 816 1163 δεύτερόν
848 1111 973 1148 τινα
1025 1094 1420 1164 βαπτισθῆναι,
1457 1097 1507 1148 εί
1555 1096 1628 1167 μὴ
1660 1096 1814 1168 παρὰ

257 1187 447 1241 ἀσεϐῶν
464 1187 1063 1257 ἐϐαπτίσθη,διάφοροι
1091 1188 1316 1249 κανόνες
1343 1189 1807 1258 ἀπαγορεύουσιν.

260 1281 309 1333 Et
357 1281 410 1334 δέ
440 1297 528 1341 τις
579 1279 988 1348 ἀμφιϐάλλεται
1044 1281 1094 1333 εί
1153 1278 1484 1349 ἐϐαπτίσθη,
1538 1280 1614 1341 ὡς
1668 1281 1809 1353 μήτε

255 1370 401 1424 αὑτοῦ
443 1370 605 1425 τοῦτο
661 1371 866 1434 εἰδότος
924 1369 1013 1424 διὰ
1065 1370 1166 1441 τὴν
1220 1370 1490 1440 βρεφικὴν
1544 1373 1765 1441 ἡλικίαν
1794 1414 1809 1439 ,

259 1466 380 1535 μήτε
434 1464 639 1535 ἑτέρων
688 1463 1185 1533 διαϐεϐαιουμένων
1238 1463 1332 1518 καὶ
1388 1464 1816 1535 μαρτυρούντων

253 1556 622 1626 ἀναμφιϐόλως
705 1556 873 1609 αὑτὸν
958 1555 1358 1625 βαπτισθῆναι,
1430 1557 1599 1627 χωρίς
1665 1572 1816 1622 τινος

256 1648 569 1716 ἀμφιϐολίας
628 1648 990 1717 βαπτισθῆναι
1037 1648 1286 1716 όφείλει’
1342 1648 1434 1703 ἵνα
1489 1647 1565 1718 μὴ
1613 1647 1704 1702 διὰ
1748 1649 1811 1703 τδ

252 1738 553 1814 ἀμφίϐολον
584 1741 821 1810 στερηθῇ
850 1741 948 1808 τῆς
991 1738 1143 1813 θείας
1187 1738 1530 1811 καθάρσεως.

817 1832 1057 1886 ΚΑΝΩΝ
1090 1828 1226 1898 eq".

257 1947 273 1978 ι
308 1928 431 1997 Περὶ
473 1927 575 1981 τοῦ
609 1926 953 1996 ἡνὴμὲραν
1001 1924 1097 1978 τοῦ
1153 1925 1345 1996 Πάσχα
1404 1927 1461 1979 ὲν
1511 1928 1578 1996 τῇ
1631 1927 1816 1998 ἡμέρᾳ

316 2040 333 2070 ι
378 2021 600 2074 συνόδου
654 2017 1040 2087 άγγέλλεσθαι.
1097 2017 1336 2085 Ὁμοίως
1390 2018 1612 2086 ἤρεσεν,
1674 2018 1816 2073 ὥστε

315 2134 333 2159 ε
376 2113 471 2179 τὴν
514 2109 735 2197 ἡμέραν
782 2108 878 2162 τοῦ
939 2109 1320 2179 προσκυνητοῦ
1356 2109 1550 2181 Πάσχα
1598 2108 1687 2163 διὰ
1716 2110 1816 2179 τῆς
1868 2114 1871 2115 ⁷

319 2221 337 2252 ‹
378 2202 483 2255 τῶν
515 2201 918 2270 τετυπωμένων
949 2200 1278 2269 ὑπογραφῆς
1319 2201 1487 2254 πᾶσιν
1519 2199 1821 2270 ὲμςοανίζεέ

321 2314 338 2345 ι
382 2293 505 2347 σθαι
532 2309 551 2324 ⁸
581 2295 614 2364 ἡ
646 2293 702 2347 δὲ
735 2293 835 2361 τῆς
873 2293 1062 2346 συόδου
1087 2291 1270 2359 ἡμέρα
1297 2293 1331 2361 ἡ
1358 2291 1495 2362 αὐτὴ
1538 2290 1811 2361 φυλαχθῇ,

325 2406 347 2439 ι
379 2387 502 2457 ἣτις
557 2384 769 2456 ὡρίσθη
818 2386 876 2439 ἐν
924 2386 990 2454 τῇ
1044 2384 1103 2437 ἐν
1148 2383 1375 2437 Ἰππῶνι
1412 2384 1640 2453 συνόδῳ,
1670 2382 1818 2437 τοῦτ’

322 2500 341 2533 ι
381 2483 529 2535 ἔστιν
593 2482 627 2550 ἡ
693 2479 798 2548 πρὸ
849 2476 984 2531 δέκα
1058 2476 1340 2531 καλανδῶν
1398 2477 1816 2549 Σεπτεμϐρίων.

322 2590 340 2622 ι
381 2571 629 2640 Ὀφείλει
682 2569 792 2640 γὰρ
825 2571 920 2623 καὶ
978 2570 1262 2639 γραφῆναι
1321 2570 1456 2637 πρὸς
1489 2572 1619 2634 τοὺς
1668 2587 1821 2641 πρω-

322 2683 338 2714 ι
365 2664 654 2725 ’τεύοντας
702 2661 893 2714 πασῶν
922 2660 1031 2714 τῶν
1073 2660 1375 2733 ἐπαρχιῶν,
1410 2662 1516 2726 ἵνα,
1545 2662 1632 2716 ὅτε
1687 2660 1821 2731 παρ’

323 2754 605 2815 «ἑαυτοῖς
659 2750 880 2805 σύνοδον
924 2750 1401 2820 προσκαλοῦνται,
1464 2742 1822 2823 ταύτην-’τὴν

323 2864 340 2897 ι
383 2846 606 2914 ἡμέραν
639 2842 1001 2909 φυλάττωσιν.
1053 2863 1075 2895 ι

316 2939 504 3000 ΒᾹΛΣ.
543 2937 657 2992 Καὶ
693 2936 842 2991 ἄλλοι
872 2936 1121 3006 διάφοροι
1148 2936 1373 3000 κανόνες
1416 2937 1646 3010 ὥρισαν,
1690 2943 1822 2991 πότε

257 3031 447 3099 ὀφείλει
498 3031 756 3099 γίνεσθαι
816 3029 1036 3083 σύνοδον
1094 3032 1243 3100 παρὰ
1295 3031 1404 3084 τῶν
1460 3031 1822 3103 ἐπαρχιωτῶν

1911 551 2116 615 Trullo,
2159 565 2281 621 quae
2309 557 2458 603 sexta
2492 544 2690 602 dicitur
2711 583 2728 610 ,
2759 539 2826 600 ac
2857 542 3056 599 ibidem
3109 539 3438 611 explicatum
3464 576 3479 600 ,

1911 645 2168 710 reperias.

1910 733 2134 789 ARIST.
2175 755 2194 787 ι
2231 733 2312 789 Illi
2347 733 2412 789 de
2439 731 2636 801 quibus
2658 727 2973 796 ambigitur,
3004 733 3189 781 utrum
3221 722 3480 793 baptizati

1990 835 2170 882 «sunt
2204 839 2396 889 necne,
2428 821 2665 893 placuit,
2696 831 2755 875 ut
2790 818 3128 889 baptizentnr
3162 835 3176 873 :
3228 831 3296 871 ne
3347 829 3481 883 pro-

1991 940 2008 975 ι
2046 931 2164 993 pter
2188 918 2591 989 ambiguitatem
2627 899 2805 970 divina
2834 912 3150 968 lustratione
3185 908 3488 966 destituan-

1895 1029 1899 1032 '
1984 1031 2005 1064 ι
2044 1021 2150 1067 tur.
2191 1030 2210 1064 ι

1987 1102 2237 1159 Secundo
2285 1102 2497 1171 quidem
2553 1097 2819 1170 baptizari
2870 1096 3216 1167 quempiam,
3268 1094 3369 1149 nisi
3421 1092 3488 1148 ab

1912 1196 2092 1263 impiis
2121 1193 2421 1263 baptizatus
2452 1191 2616 1247 fuerit
2669 1190 2871 1245 diversi
2904 1204 3142 1244 canones
3177 1186 3488 1257 prohibent.

1914 1286 2121 1356 Si-qnis
2160 1296 2340 1340 autem
2377 1286 2623 1356 ambigit,
2658 1299 2724 1338 an
2753 1284 3056 1352 baptizatus
3090 1280 3274 1344 fuerit,
3307 1286 3495 1347 utpote

1914 1395 2014 1437 nec
2067 1379 2183 1446 ipso
2227 1380 2298 1433 ob
2342 1377 2643 1433 infantilem
2700 1386 2916 1431 aetatem
2950 1374 3079 1428 illud
3128 1373 3358 1435 sciente,
3392 1385 3493 1425 nec

1915 1473 2038 1529 aliis
2072 1471 2472 1527 aliirmantibns
2504 1480 2559 1526 et
2604 1470 2932 1526 testantibus
2985 1485 3107 1525 enni
3156 1468 3298 1522 baud
3334 1464 3496 1519 dubie

1915 1565 2249 1635 baptizatum
2290 1564 2500 1629 fuisse;
2536 1564 2655 1618 sine
2704 1556 2810 1617 ulla
2846 1562 3182 1616 dubitatione
3226 1558 3499 1628 baptizari

1916 1659 2114 1714 debet:
2145 1670 2216 1711 ne
2256 1664 2478 1726 propter
2520 1654 2907 1711 dubitationem
2949 1653 3127 1709 divina
3163 1652 3495 1723 purgatione

1917 1749 2184 1822 privetur.

2416 1836 2673 1894 'CANON
2731 1834 2967 1890 LXXVI.

1926 1946 1944 1981 ι
1985 1926 2055 1984 Ut
2086 1929 2203 1984 dies
2232 1928 2454 1985 Pascha;
2485 1930 2536 1983 in
2590 1929 2676 1983 die
2725 1927 2914 1997 synodi
2965 1925 3341 1981 annuntictur.
3381 1922 3497 1976 Hoc

1998 2039 2017 2073 ι
2057 2035 2271 2092 quoque
2300 2021 2549 2099 similiter
2576 2019 2800 2088 pla‘cuit,
2832 2027 2888 2070 nt
2925 2017 3044 2073 dies
3078 2016 3365 2071 venerandi
3397 2014 3495 2069 Pa-

1994 2131 2014 2166 ι
2057 2116 2200 2169 schte
2243 2130 2338 2183 per
2374 2113 2729 2168 iormatarum
2762 2110 3216 2179 subscriptionem
3246 2107 3503 2162 omnibus

1994 2223 2013 2257 ι
2048 2206 2386 2270 ostendatur,
2420 2205 2536 2261 dies
2567 2212 2744 2260 autem
2795 2200 2985 2273 synodi
3031 2200 3170 2254 idem
3226 2207 3504 2262 servetur,

1998 2317 2017 2349 ι
2057 2300 2147 2367 qui
2180 2297 2231 2352 in
2266 2294 2595 2366 Hipponensi
2646 2293 2854 2366 synodo
2903 2289 3006 2346 fuit
3058 2290 3407 2352 constitutus,
3442 2288 3495 2340 id

1995 2410 2012 2443 ι
2048 2401 2153 2455 est,
2190 2400 2316 2445 ante
2343 2389 2609 2445 decimum
2635 2386 2905 2440 Kalendas
2939 2382 3293 2453 Septembris.
3324 2381 3496 2435 Debet

2003 2503 2023 2537 ι
2059 2485 2202 2539 enim
2231 2483 2392 2537 etiam
2443 2480 2606 2537 scribi
2658 2480 2726 2534 ad
2788 2478 3052 2547 primates
3083 2470 3325 2530 omnium
3372 2488 3502 2543 pro-

2003 2595 2021 2628 ι
2065 2575 2393 2639 vinciarum,
2431 2581 2488 2628 ut
2519 2569 2734 2642 quando
2769 2571 2909 2639 apud
2949 2582 3008 2624 se
3043 2566 3332 2624 concilium
3364 2579 3511 2620 con-

1999 2689 2018 2722 ι
2059 2670 2305 2738 greganl,
2335 2667 2402 2722 ab
2432 2680 2498 2721 eo
2529 2664 2616 2721 die
2650 2663 2977 2719 abstineant.
3015 2678 3035 2711 ι
3222 2648 3229 2655 ”

2001 2934 2196 2991 BALS.
2254 2934 2354 2988 Alii
2406 2946 2620 3002 quoque
2674 2928 2870 2984 diversi
2905 2939 3143 2982 canones
3175 2932 3514 2990 statuerunt,

1928 3029 2145 3099 quando
2177 3026 2370 3079 debeat
2421 3023 2534 3078 ﬁeri
2586 3022 2828 3093 synodus
2882 3034 2910 3072 a
2965 3017 3408 3088 provincialibus,
3450 3025 3509 3069 ut

256 3125 397 3193 γάριν
444 3124 543 3178 τοῦ
602 3122 833 3177 λύεσθαι
890 3124 959 3177 τὰ
1011 3123 1447 3192 ὲκκλησιαστικά
1503 3123 1818 3194 ζητήματα.

1943 3118 2209 3174 solvantur
2267 3114 2649 3171 ecclesiasticae
2707 3109 3062 3182 quaestiones.
3125 3107 3263 3162 Dicit
3324 3116 3505 3161 autem

254 3215 377 3283 Φησὶ.
417 3215 474 3270 δὲ
526 3214 680 3269 καὶὸ
713 3213 906 3286 παρὼν
937 3214 1120 3269 κανὼν
1171 3216 1316 3269 κατὰ
1364 3217 1456 3268 τόν
1500 3216 1690 3284 καιρὸν
1721 3216 1825 3285 τῆς

258 3307 456 3359 συνόδου
482 3306 631 3376 (ἔστι
658 3305 716 3360 δὲ
746 3300 900 3370 οὗτος
932 3308 960 3361 ό
984 3307 1088 3377 πρὸ
1110 3307 1243 3362 δέκα
1266 3307 1549 3361 καλανδῶν
1576 3309 1825 3374 Σεπτεμ-

258 3398 430 3467 ὁρίων,
459 3402 640 3472 ἡγουν
694 3406 779 3453 κα¹
821 3399 918 3454 τοῦ
969 3400 1284 3469 Αὐγούστου
1319 3401 1486 3470 μηνός
1515 3417 1529 3433 ο
1562 3399 1824 3454 καλάνδαι

255 3490 352 3561 γάρ
401 3493 456 3546 αί
514 3491 739 3562 πρῶται
759 3491 851 3546 τοῦ
909 3494 1079 3562 μηνδς
1130 3492 1404 3560 λέγονται)
1451 3492 1552 3564 τὴν
1580 3493 1822 3562 ἡμέραν,

256 3585 339 3639 τοῦ
367 3588 560 3659 Πάσχα
591 3586 908 3658 δηλοῦσθαι,
938 3588 1080 3642 ὥστε
1119 3588 1494 3652 γινώσκεσθαι
1543 3588 1681 3641 πᾶσι
1712 3587 1827 3650 τοῖς

256 3681 307 3730 ὲν
327 3683 389 3751 τῇ
419 3683 686 3752 Ἀφρικῇ.
728 3682 839 3735 Καὶ
882 3683 912 3734 ό
968 3681 1065 3748 μὲν
1106 3681 1287 3734 κανὼν
1321 3681 1379 3733 ὲν
1413 3679 1660 3742 τούτοιςο
1706 3678 1829 3733 ἐπεὶ

256 3770 306 3823 δὲ
331 3771 452 3827 οὔτε
480 3773 600 3828 ἀπὸ
628 3771 724 3826 τοῦ
764 3773 1037 3843 παρόντος
1087 3771 1312 3834 κανόνος
1360 3771 1486 3825 οὗτε
1514 3770 1608 3840 ἀφ’
1637 3770 1826 3840 ἐτέρου

255 3863 575 3927 γινώσκεται
633 3866 667 3935 ἡ
723 3865 1017 3919 ἐπιστασία
1070 3867 1174 3934 τῆς
1222 3865 1439 3935 ἡμέρας
1489 3864 1582 3917 τοῦ
1630 3863 1827 3933 Πάσχα

257 3952 362 4015 (καὶ
407 3957 437 4008 ό
484 3957 531 4021 ζ’
587 3956 699 4027 γὰρ
752 3956 936 4011 κανὼν
982 3956 1093 4010 τῶν
1129 3956 1303 4025 ἁγίων
1333 3955 1645 4009 ἀποστόλων
1687 3955 1827 4025 μετά

254 4045 344 4115 τὴν
377 4048 608 4120 ἐαρινὴν
640 4049 934 4118 ίσημερίαν
973 4048 1271 4116 διορίζεται
1296 4048 1358 4101 τὸ
1383 4048 1579 4118 Πάσχα
1625 4048 1827 4117 ἑορτά⁴

256 4132 360 4197 ζειν
386 4138 541 4207 ἡμᾶς
574 4138 669 4190 καὶ
699 4137 865 4191 πλέον
894 4137 1070 4207 οὐδέν)
1095 4153 1109 4169 ·
1157 4137 1277 4191 δέον
1303 4133 1447 4191 εἶναι
1489 4137 1830 4208 κατενοήσα-

258 4243 349 4293 μεν
380 4228 702 4295 ἀναδιδάξαι
729 4230 857 4292 τοὺς
895 4228 1157 4291 θέλοντας
1187 4227 1275 4282 διὰ
1302 4227 1401 4297 τῆς
1435 4225 1829 4298 τοῦοπαρόντος

255 4320 471 4384 κανόνος
527 4321 870 4392 ἑρμηνείας,
921 4320 1040 4383 πῶς
1101 4320 1424 4390 εὑρίσκεται
1480 4319 1670 4389 ἡμέρα
1731 4316 1827 4371 τοῦ

255 4414 469 4467 νοτικοῦ
532 4415 656 4486 ήτοι
734 4412 1030 4466 Ἰουδαϊκοῦ
1108 4412 1202 4465 καὶ
1275 4411 1371 4464 τοῦ
1432 4407 1826 4480 Χριστιανικοῦ

1928 3212 2087 3266 etiam
2126 3223 2365 3278 prtescns
2392 3222 2583 3270 canon,
2618 3216 2677 3260 ut
2724 3212 2968 3270 tempore
3018 3201 3210 3272 synodi
3258 3198 3331 3272 (id
3384 3207 3518 3263 est,

1929 3310 2050 3355 ante
2074 3298 2142 3352 ll)
2172 3295 2400 3352 Kalend.
2438 3295 2794 3365 Septembris,
2825 3292 2890 3347 21
2927 3290 3135 3347 scilicet
3164 3289 3368 3343 mensis
3391 3290 3511 3341 Au-

1929 3392 2104 3461 gusti;
2132 3389 2388 3444 Kalendae
2425 3388 2569 3443 enim
2595 3396 2721 3441 sunt
2750 3374 2956 3455 primus
2982 3383 3096 3437 dies
3131 3380 3356 3449 mensis)
3393 3381 3515 3433 dies

1928 3458 2153 3536 Pascha
2192 3476 2520 3542 declaretur,
2559 3487 2617 3533 ut
2653 3487 3013 3547 cognoscatur
3041 3475 3110 3529 ab
3141 3458 3393 3527 ornnibns
3416 3473 3510 3541 qui

1930 3583 2055 3627 sunt
2095 3575 2145 3629 in
2178 3572 2381 3628 Africa.
2431 3571 2511 3627 Ac
2540 3571 2593 3625 in
2627 3572 2711 3626 bis
2745 3570 2961 3638 quidem
3008 3567 3259 3624 consistit
3292 3581 3491 3620 canon.

1928 3668 2062 3734 Quia
2094 3662 2294 3737 autem,
2329 3681 2429 3720 nec
2471 3679 2500 3718 a
2559 3662 2810 3731 praesenti
2846 3674 3074 3724 canone,
3138 3673 3236 3714 nec
3283 3660 3367 3711 ab"
3397 3658 3503 3711 alio

1928 3757 2274 3827 cognoscitur
2328 3754 2433 3811 diei
2472 3753 2694 3808 Pascbae
2744 3752 3012 3807 institutio
3062 3752 3211 3820 (nam
3262 3763 3435 3802 canon
3480 3756 3498 3799 ι

1930 3858 2240 3905 sanctorum
2273 3847 2638 3919 apostolorum
2671 3846 2888 3906 statuit,
2917 3854 2976 3899 ut
3003 3859 3104 3898 nos
3130 3851 3249 3912 post
3284 3856 3506 3896 vernum

1929 3941 2315 4011 aequinoctium
2367 3937 2573 3994 Pascha
2620 3938 2976 3997 celebremus.
3021 3945 3075 3990 et
3132 3935 3265 3989 nihil
3318 3932 3510 4003 aliud),

1929 4032 2358 4088 existimavimus
2390 4040 2640 4098 oportere
2686 4044 2785 4084 nos
2830 4028 2927 4096 per
2966 4028 3248 4096 praesentis
3283 4023 3512 4079 canonis

1932 4121 2444 4192 interpretationem
2495 4120 2693 4173 docere
2722 4132 2836 4183 eos,
2874 4115 2966 4186 qui
3015 4114 3202 4178 velint,
3240 4111 3512 4182 quomodo

1930 4214 2240 4270 inveniatur
2273 4213 2390 4267 dies
2425 4210 2615 4281 legalis
2650 4223 2744 4265 seu
2768 4207 2978 4262 Judaici
3007 4214 3060 4261 et
3083 4204 3380 4259 Christiani
3412 4201 3509 4257 Pa-

1931 4305 2097 4375 schze,
2131 4305 2261 4375 quin
2292 4314 2347 4358 et
2374 4302 2828 4372 Carnisprivium.
2872 4298 3014 4354 Fieri
3040 4300 3182 4352 enim
3223 4305 3421 4365 potest,
3455 4307 3515 4351 nt

1931 4398 2266 4456 orlbodoxus
2297 4397 2566 4468 quispiam
2600 4396 2653 4449 in
2683 4395 2820 4459 loca,
2850 4392 2940 4446 ubi
2969 4393 3084 4447 haec
3113 4407 3217 4445 non
3251 4399 3517 4446 curantur

256 4504 438 4577 Πάσχα
465 4523 481 4538 ’
512 4484 652 4561 ἀλλὰ
682 4505 789 4576 μὴν
822 4507 917 4559 καὶ
967 4507 1001 4576 ἡ
1058 4504 1328 4575 ἀποκρέα.
1380 4503 1544 4567 Εἰκὸς
1570 4501 1680 4572 γάρ
1710 4503 1825 4554 ἐστι

1943 4505 2037 4545 nec
2070 4496 2492 4560 cognoscuntur,
2521 4486 2725 4541 incidat
2752 4527 2767 4551 ,
2795 4492 2849 4538 et
2881 4500 2979 4554 per
3007 4484 3365 4554 ignorantiam
3401 4495 3506 4535 non

256 4600 587 4669 παρατυχεῖν
650 4597 933 4669 ὀρθόδοξόν
1005 4613 1130 4649 τινα
1201 4596 1281 4657 είς
1305 4594 1528 4659 τόπους,
1584 4592 1714 4647 ἔνθα
1763 4593 1832 4648 τά

256 4688 474 4741 τοιαῦτα
517 4689 583 4742 οὐ
632 4688 1217 4758 πολυπραγμονοῦνται
1263 4686 1386 4739 οὐδὲ
1442 4684 1830 4752 γινώσκονται,

256 4779 342 4829 καὶ
383 4779 444 4843 ἐξ
499 4779 727 4847 ἀγνοίας
758 4779 1112 4849 άποκρεῶσαι
1153 4777 1185 4848 ἢ
1235 4776 1520 4846 πασχάσαι
1556 4774 1710 4845 παρὰ
1740 4775 1831 4828 τὸν

257 4872 600 4940 ¹προσήκοντα
616 4871 829 4939 καιρὸν,
848 4872 986 4940 ὅπερ
1010 4871 1158 4923 ἐστὶν
1187 4869 1603 4936 ἀσύγγνωστον.
1634 4866 1833 4920 ’ἰστέον

253 4955 341 5012 οὖν
369 4962 477 5027 πρὸ
508 4963 733 5017 πάντων
762 4964 867 5029 ὅτι,
899 4964 947 5015 εί
987 4963 1063 5033 μὴ
1105 4959 1365 5029 γινώσκει
1410 4976 1495 5022 τις
1551 4957 1644 5012 τοῦ
1676 4975 1833 5029 νομι-

256 5051 345 5102 κοῦ
401 5054 606 5125 Πάσχα
652 5052 751 5124 τὴν
814 5054 1054 5124 ἡμέραν,
1082 5052 1142 5105 ού
1183 5051 1405 5105 δύναται
1457 5052 1637 5125 εἰπεῖν
1700 5051 1833 5103 πότε

254 5138 457 5209 ὀφείλει
515 5123 782 5213 γενέσθαι
838 5123 915 5198 τὸ
971 5142 1365 5215 Χριστιανικὸν
1436 5123 1650 5212 Πάσχα.
1711 5141 1834 5193 Ἔτι

259 5233 425 5289 ἰστέον
459 5239 549 5291 ὃτι
577 5237 639 5291 τὺ
679 5237 781 5308 μὲν
828 5237 1055 5307 νομικδν
1089 5236 1280 5306 Πάσχα
1322 5236 1533 5304 γίνεται
1579 5234 1688 5289 ἀπὸ
1746 5240 1832 5288 καθ

254 5322 342 5376 τοῦ
366 5325 618 5398 Μαρτίου
654 5328 822 5399 μηνὸς
853 5329 1017 5398 μέχρι
1065 5327 1163 5380 καὶ
1205 5328 1306 5397 τῆς
1357 5325 1834 5393 όκτωκαιδεκάτης

254 5415 342 5469 τοῦ
386 5418 711 5489 Ἀπριλλίου
740 5420 909 5490 μηνός
932 5436 949 5456 ο
981 5419 1043 5472 τὸ
1070 5419 1128 5472 δὲ
1153 5418 1546 5489 Χριστιανικδν
1580 5418 1687 5471 ἀπὸ
1733 5418 1833 5489 τῆς

257 5514 339 5576 κγ’
356 5510 449 5564 τοῦ
476 5512 730 5583 Μαρτίου
762 5513 933 5584 μηνὸς
962 5513 1121 5584 μέχρι
1148 5513 1246 5583 τῆς
1269 5517 1347 5564 κε’
1378 5511 1474 5565 τοῦ
1508 5511 1828 5578 ’Δπριλλίου

262 5602 449 5670 μηνός.
477 5602 702 5657 Τούτων
731 5605 789 5660 δὲ
834 5604 976 5658 οὕτω
1004 5602 1526 5676 προθεωρηθέντων,
1576 5604 1623 5655 εί
1656 5601 1834 5667 Θέλεις

259 5691 740 5762 ὲξακριόώσασθαι
771 5696 872 5766 τὴν
898 5696 1115 5768 ἡμέραν
1153 5694 1250 5748 τοῦ
1290 5693 1584 5747 Ἰουδαϊκοῦ
1638 5693 1835 5764 Πάσχα

259 5784 347 5838 καὶ
371 5784 468 5840 τοῦ
504 5784 923 5856 Χριστιανικοῦ,
957 5787 1193 5858 ζήτησον
1222 5783 1438 5856 πρῶτον
1470 5784 1564 5838 καὶ
1592 5784 1718 5854 εὑρὲ
1741 5783 1833 5837 τὸν

1936 4585 2279 4642 convenienti
2319 4594 2561 4653 tempore
2606 4581 2688 4637 vel
2740 4597 2770 4634 a
2806 4574 3082 4635 carnibus
3126 4578 3398 4633 abstineat
3434 4575 3517 4629 vel

1936 4678 2142 4733 Pascba
2172 4677 2452 4745 celebret;
2487 4674 2628 4744 quod
2660 4689 2763 4728 non
2797 4682 2880 4727 est
2911 4669 3347 4725 condonattdum.
3379 4672 3517 4720 Ante

1934 4771 2116 4824 omnia
2143 4783 2276 4838 ergo
2305 4768 2586 4822 sciendum
2640 4773 2743 4830 est,
2792 4762 2935 4833 quod
2992 4762 3094 4816 nisi
3151 4760 3272 4828 quis
3333 4758 3517 4827 legalis

1936 4861 2158 4916 Paschaa
2189 4857 2328 4913 diem
2352 4858 2520 4929 διο
2546 4857 2773 4920 noverit,
2806 4870 2911 4908 non
2938 4862 3112 4923 potest
3140 4851 3279 4904 scire
3300 4850 3518 4919 quando

1935 4951 2307 5009 Christianum
2358 4949 2568 5005 Pascha
2608 4947 2722 5002 lieri
2760 4946 2975 5000 debeat.
3017 4943 3284 4997 Prwterea
3338 4941 3519 4995 scien-

1936 5047 2062 5100 dum
2094 5051 2198 5105 est,
2228 5044 2372 5115 quod
2410 5042 2579 5113 legale
2626 5039 2836 5094 Pascha
2882 5038 2942 5092 tit
2972 5053 3000 5090 a
3046 5036 3309 5090 vicesimo
3341 5034 3517 5101 primo

1940 5136 2145 5192 mensis
2173 5135 2355 5191 Martii
2392 5149 2567 5205 usque
2603 5132 2669 5188 ad
2704 5132 2968 5187 decimum
3001 5138 3250 5183 octavum
3288 5124 3515 5194 Aprilis:

1936 5231 2307 5285 Christianum
2345 5238 2523 5282 autem
2555 5242 2584 5281 a
2621 5225 2880 5281 vicesimo
2915 5223 3076 5278 tertio
3127 5219 3306 5274 Martii
3345 5233 3517 5287 usque

1939 5321 2006 5375 ad
2032 5320 2351 5375 vicesimum
2403 5317 2652 5386 quintum
2705 5315 2909 5371 mensis
2944 5313 3165 5382 Aprilis.
3196 5311 3294 5368 His
3334 5321 3515 5365 autem

1937 5413 2018 5467 sic
2069 5411 2302 5482 primum
2352 5408 2733 5471 consideratis,
2773 5408 2815 5463 si
2851 5407 2988 5462 velis
3027 5404 3242 5463 Iudaici
3296 5403 3518 5457 Pascbm

1939 5504 2082 5560 diem
2114 5512 2305 5558 exacte
2335 5504 2497 5566 scire,
2523 5509 2580 5555 et
2608 5500 2791 5556 itidem
2822 5497 3117 5556 Christiani
3147 5537 3160 5561 ,
3191 5509 3371 5564 quaere
3405 5491 3518 5560 pri-

1940 5612 2086 5651 mum
2117 5605 2172 5651 et
2202 5595 2381 5651 inveni
2405 5592 2611 5664 cyclum
2649 5592 2808 5657 lunae,
2837 5592 2924 5661 qui
2955 5590 3035 5645 sic
3067 5588 3335 5642 invenitur
3362 5602 3374 5637 :
3409 5580 3518 5636 Nn-

1941 5704 2087 5745 mera
2117 5702 2288 5742 annos
2322 5702 2351 5740 a
2381 5686 2660 5741 creatione
2689 5685 2865 5739 mundi
2889 5723 2905 5748 ,
2932 5691 2987 5736 et.
3015 5696 3110 5750 per
3146 5676 3517 5733 novemdecitn

1942 5798 2036 5839 eos
2070 5780 2268 5846 divide,
2296 5785 2350 5836 et
2379 5777 2471 5850 qui
2502 5777 2887 5841 remanserint,
2922 5774 3130 5843 cyclum
3163 5771 3305 5826 luna:
3338 5768 3519 5824 decla-
