3976 6416
435 311 542 373 ‘270

1655 309 1935 372 THEOD.
1963 309 2368 372 BALSAMON

3573 310 3676 375 280

439 423 651 476 rabuut.
690 419 890 474 Deinde
915 419 1074 473 etiam
1099 419 1305 491 cyclum
1329 419 1456 476 solis
1481 420 1661 476 invehi
1687 422 1790 477 hoc
1818 421 1998 477 modo:

2123 419 2305 475 ιύκλον
2359 420 2461 491 τῆς
2505 420 2758 492 σελήνης,
2794 419 2873 484 ’ὃς
2919 419 3012 475 καὶ
3072 421 3386 492 εὑρίσκεται
3433 422 3627 478 οὑτωσί
3653 443 3670 461 ο

436 514 668 567 Numera
702 527 872 566 annos
901 527 930 566 a
963 513 1239 569 creatione
1274 513 1481 580 mundi,
1505 523 1556 568 et
1588 529 1682 569 eos
1704 513 1879 569 divide
1908 528 2005 584 per

435 603 623 672 viginti
665 612 809 669 octo,
846 615 899 659 et
929 604 1018 673 qui
1057 614 1261 660 restant
1292 605 1378 660 dic
1404 620 1496 660 eos
1527 605 1740 676 cyclum
1770 604 2002 660 solarem

434 698 730 754 declarare.
759 699 902 771 Cycli
935 701 1150 769 quidem
1175 700 1333 769 lunae,
1347 701 1437 772 qui
1465 710 1593 758 sunt
1613 702 2003 766 novemdecim,

440 793 706 861 incipiunt
737 808 766 846 a
801 807 986 849 mense
1020 791 1317 848 Januario:
1358 792 1493 864 cycli
1524 801 1702 848 autem
1735 792 1888 856 solis,
1912 789 2004 860 qui

439 893 564 938 sunt
598 883 785 952 viginti
816 893 940 940 octo
971 881 1220 946 numero.
1255 883 1523 953 incipiunt
1573 899 1601 935 a
1632 897 1818 937 mense
1843 881 2006 936 Octo-

439 977 542 1029 hri.
575 974 711 1029 Cum
743 990 871 1045 ergo
894 974 1028 1046 cycli
1059 975 1200 1028 lunae
1229 983 1284 1030 et
1329 974 1456 1030 solis
1499 973 1961 1030 sicinveniantur
1985 1013 2001 1039 ,

441 1065 737 1135 multiplica
780 1066 1034 1122 undecies
1069 1075 1194 1120 tunc
1224 1075 1530 1121 currentem
1576 1065 1716 1121 luna:
1751 1064 1999 1137 cyclum;

441 1157 649 1212 demde-
679 1157 817 1213 adde
851 1173 1019 1228 usque
1069 1160 1134 1212 ad
1168 1158 1435 1213 decimum
1489 1167 1703 1212 sextum
1754 1156 2006 1228 cyclum‘,

442 1265 542 1319 pro
573 1251 782 1304 saeculis
810 1250 1029 1320 elapsis,
1063 1265 1157 1305 sex
1185 1249 1324 1314 dies,
1357 1249 1446 1318 qui
1471 1257 1673 1319 epactze
1709 1248 1963 1302 dicuntur
1989 1263 2006 1314 ;

437 1349 558 1409 post
594 1339 862 1395 decimum
905 1352 1117 1396 sextum
1158 1341 1367 1412 cyclum
1398 1355 1566 1410 usque
1622 1341 1688 1394 ad
1738 1338 2005 1393 decimum

440 1446 661 1494 nonum,
680 1431 816 1487 adde
845 1431 1095 1487 similiter
1118 1441 1322 1502 septem
1350 1424 1490 1493 dies;
1523 1438 1575 1485 et
1601 1438 1884 1500 postquam
1911 1429 2009 1484 hos

437 1537 626 1576 omnes
656 1523 770 1576 dies
800 1523 851 1576 in
887 1538 1053 1577 unam
1080 1538 1345 1577 summam
1374 1522 1676 1592 collegeris,
1702 1521 1884 1577 divide
1916 1536 2010 1577 eos

440 1627 537 1680 per
575 1613 788 1682 triginta
817 1655 832 1680 ,
867 1622 920 1668 et
957 1630 1078 1669 cum
1118 1613 1332 1669 veneris
1361 1613 1426 1668 ad
1470 1629 1754 1668 numerum
1793 1613 2011 1684 triginta

439 1704 633 1771 diebus
668 1706 934 1759 minorem
964 1748 979 1773 ,
1010 1720 1132 1760 eum
1166 1720 1338 1767 sume,
1383 1716 1438 1761 et
1471 1714 1548 1760 tot
1576 1705 1690 1760 dies
1725 1721 1791 1762 ex
1823 1718 2012 1761 mense

443 1793 632 1848 Martio
669 1794 747 1850 vel
780 1797 940 1851 etiam
978 1797 1145 1865 Aprili
1179 1797 1251 1852 illi
1279 1799 1435 1862 adde,
1471 1807 1602 1868 quot
1632 1797 1922 1865 sufﬁciant,
1953 1809 2010 1854 ιιι
2042 1783 2082 1840 Β

441 1888 532 1940 liat
563 1902 822 1941 numerus
857 1890 1352 1960 quinquagesimus,
1392 1899 1446 1946 et
1471 1892 1556 1946 dic
1590 1892 1777 1947 statim
1812 1891 1864 1946 in
1904 1891 2010 1947 ﬁne

438 1979 884 2050 quinquagenarii
915 1980 1110 2037 debere
1131 1997 1250 2037 esse
1278 1981 1482 2037 Pascha
1519 1982 1707 2051 legale.
1736 1981 1803 2039 Ut
1830 1992 2008 2038 autem

440 2071 582 2137 quod
616 2070 816 2125 dictum
849 2081 953 2134 est,
989 2087 1086 2140 per
1115 2072 1418 2142 exemplum
1465 2073 1557 2127 ﬁat
1613 2072 1955 2128 manifestius
1985 2116 2000 2140 ,

441 2161 670 2216 labentis
701 2164 825 2217 anni
863 2164 1038 2219 sexies
1069 2164 1339 2219 millesimi
1370 2165 1749 2220 sexcentesimi
1795 2174 2012 2229 octoge-

438 2253 560 2307 simi
597 2255 734 2308 sexti
772 2253 1064 2310 Paschales
1094 2255 1206 2310 dies
1240 2269 1443 2323 quaere,
1471 2264 1525 2310 et
1558 2255 1643 2310 dic
1674 2256 1786 2321 ita;
1818 2254 2012 2325 Cyclus

441 2344 584 2398 lunae
614 2354 790 2399 esteo
841 2359 981 2400 anno
1011 2345 1400 2414 septemdecim
1465 2345 1555 2414 qui
1613 2359 1707 2413 per
1761 2345 2011 2407 undecim

445 2437 835 2506 multiplicatus
868 2434 1032 2492 eﬂicit
1084 2436 1196 2491 dics
1231 2444 1444 2491 centum
1485 2438 1752 2506 octoginta
1786 2446 2012 2506 septem.

447 2528 710 2585 Undecies
737 2529 881 2582 enim
911 2527 1292 2597 septemdecim
1328 2538 1453 2583 sunt
1484 2539 1702 2584 centum
1740 2529 2013 2597 octoginta

444 2629 671 2691 septem.
704 2618 798 2674 llis
827 2634 923 2690 pro
951 2620 1183 2688 saeculis,
1219 2629 1275 2676 ut
1296 2621 1498 2676 dictum
1525 2631 1628 2684 est,
1655 2619 1844 2676 diebus
1881 2635 2016 2690 quo-

445 2728 551 2783 que
612 2722 821 2783 septem
874 2711 1106 2768 addictis
1138 2754 1154 2779 ,
1208 2712 1435 2768 eﬂicltur
1497 2728 1753 2769 numerus
1809 2713 2016 2768 dierum

447 2816 666 2858 centum
738 2805 1031 2877 nonaginta
1091 2817 1344 2874 quatuor.
1381 2807 1500 2873 Quo
1539 2807 1753 2877 quidem
1789 2821 2016 2862 numero

444 2910 540 2965 per
575 2894 798 2964 triginta
824 2895 1018 2962 diviso,
1043 2896 1418 2967 relinquuntur
1440 2897 1557 2952 dies
1584 2897 2014 2967 quatuordecim:

447 2982 792 3040 sexies'enim
825 2987 1042 3056 triginta
1065 2995 1194 3042 sunt
1225 2997 1443 3041 centum
1473 2987 1765 3056 octoginta.
1791 2986 1864 3042 Ut
1887 2999 2018 3056 ergo

449 3075 543 3130 ﬁat
579 3089 835 3131 numerus
862 3077 1072 3131 dierum
1121 3078 1544 3148 quinquaginta,
1576 3093 1682 3147 quo
1714 3078 2018 3133 inveniatur

449 3169 567 3223 dies
601 3168 823 3224 Pascha:
851 3169 1059 3239 legalis,
1094 3169 1232 3225 adde
1274 3171 1433 3226 dictis
1461 3171 1868 3240 qualuordecim
1903 3170 2018 3226 die—

450 3262 551 3315 bus
577 3277 744 3316 unum
773 3269 828 3317 et
850 3263 1067 3334 triginta
1091 3263 1207 3317 dies
1229 3262 1404 3317 Martii
1427 3273 1480 3319 et
1504 3261 1704 3333 Aprilis
1731 3263 1844 3319 dies
1870 3264 2023 3334 quin-

454 3369 594 3424 que;
631 3364 684 3410 et
736 3357 816 3410 sic
862 3370 982 3410 cum
1039 3356 1429 3429 quinquaginta
1473 3357 1682 3411 dierum
1737 3370 2020 3410 numerum

455 3448 724 3515 olfeceris,
757 3449 844 3502 dic
875 3449 1071 3504 debere
1101 3448 1219 3502 ﬁeri
1265 3448 1474 3504 Pascha
1508 3449 1677 3518 legale
1715 3447 1907 3518 quinto
1937 3448 2023 3502 die

459 3538 662 3592 mensis
690 3539 911 3607 Aprilis.
942 3537 1079 3605 Quia
1107 3547 1286 3593 autem
1318 3541 1520 3594 mensis
1559 3539 1773 3608 quidem
1797 3537 1912 3593 dies
1945 3537 2025 3592 sic

455 3631 967 3700 comprehenditur;
1027 3631 1343 3701 septimana:
1391 3643 1572 3687 autem
1621 3632 1734 3686 dies
1783 3631 2024 3686 incertus

455 3735 585 3780 est:
630 3741 766 3794 opus
795 3735 876 3781 est
904 3732 958 3781 te
1004 3741 1215 3796 quoque
1272 3741 1389 3780 eam
1436 3726 1637 3782 doceri.
1670 3725 1734 3780 Et
1771 3725 2024 3795 quoniam

459 3816 560 3872 hoc
591 3832 732 3871 anno
764 3817 944 3886 cyclus
977 3818 1106 3873 solis
1137 3825 1219 3872 est
1261 3819 1552 3883 vicesimus
1601 3818 1891 3882 secundus,
1928 3831 2026 3886 cy-

456 3909 650 3963 clicum
687 3907 829 3964 hunc
878 3925 1160 3965 numerum
1219 3924 1392 3975 sume,
1444 3920 1497 3965 et
1542 3926 1643 3980 pro
1697 3922 2026 3979 unoquoque

452 4000 791 4070 quadrienno
839 4012 1059 4069 propter
1085 4003 1383 4057 bissextum
1415 4004 1557 4056 diem
1591 4017 1753 4056 unum
1787 4001 1835 4056 ei
1867 4001 2024 4063 adde,

453 4093 658 4148 scilicet
688 4107 785 4159 pro
813 4093 998 4164 viginti
1032 4096 1242 4149 duobus
1268 4094 1434 4162 cyclis
1479 4095 1592 4147 dies
1635 4093 1895 4162 quinque,
1930 4093 2022 4160 qui

453 4188 618 4240 ctiam
648 4197 850 4256 epactac
889 4187 1164 4241 dicuntur.
1222 4187 1300 4240 Ita
1341 4187 1425 4256 his
1455 4186 1613 4251 adde,
1643 4187 1686 4240 si
1723 4186 1942 4255 quidem
1972 4186 2026 4239 in

458 4293 643 4332 mense
681 4276 874 4330 Martio
907 4277 1075 4346 legale
1101 4276 1306 4332 Pascha
1335 4277 1628 4342 invenitur,
1654 4277 2028 4346 rationc‘prte-

456 4368 737 4422 teritorum
763 4369 1049 4434 mensium,
1079 4369 1172 4438 qui
1209 4377 1563 4424 numerantur
1592 4383 1621 4421 a
1657 4383 1842 4423 mense
1861 4366 2028 4424 Octo-

2118 512 2448 583 ’Δρίθμησον
2476 511 2544 564 τὰ
2591 511 2698 565 άπὸ
2729 511 2963 575 κτίσεως
2991 512 3199 582 κόσμου
3228 513 3344 583 ἐτη,
3377 514 3472 567 καὶ
3501 514 3664 583 ὕφελε

2105 604 2244 658 αὐτὰ
2281 604 2373 656 ἐπὶ
2406 604 2516 656 τῶν
2549 600 2635 668 ιϐ’,
2665 604 2760 656 καὶ¹
2784 604 2852 658 τὰ
2879 604 3318 674 ἑναπομείναντά
3349 606 3456 659 είσι
3502 608 3676 678 δηλω-

2104 695 2234 749 τικὰ
2282 693 2382 750 ,τοῦ
2439 694 2645 749 κύκλου
2675 695 2778 765 τῆς
2828 696 3081 766 σελήνης.
3111 692 3247 750 Εῐτα
3279 697 3406 768 εύρὲ
3449 699 3546 752 καὶ
3585 702 3678 754 τὸν

2107 787 2305 843 κύκλον
2353 786 2448 842 τοῦ
2498 787 2651 859 ήλίου
2687 785 2863 852 οὕτως
2907 804 2924 820 ο
2971 789 3280 860 άριθμησον
3310 790 3380 844 τὰ
3413 793 3523 846 άπδ
3562 795 3679 846 κτί-

2107 901 2246 947 σεως
2281 885 2489 954 κόσμου
2541 883 2661 955 έτη,
2697 885 2792 939 καὶ
2831 883 2996 954 ὖφελε
3045 885 3185 940 αὐτὰ
3213 886 3306 939 ἐπὶ
3339 886 3451 940 τῶν
3503 890 3679 943 εἴκοσι

2106 975 2201 1028 καὶ
2228 972 2393 1038 ὀκτὼ,
2433 972 2530 1026 καὶ
2574 973 2645 1027 τὰ
2680 974 3202 1045 περιλιμπανόμενα
3239 975 3361 1029 είπὲ
3401 976 3679 1045 δηλωτικὰ

2106 1061 2249 1119 εἶναι
2304 1063 2399 1118 τοῦ
2438 1063 2639 1118 κύκλου
2665 1063 2773 1118 “τοῦ
2806 1064 2978 1135 ήλίου.
3013 1065 3075 1118 Οί
3115 1065 3297 1133 μέντοι
3342 1066 3538 1120 κύκλοι
3584 1069 3682 1136 τῆς

2109 1157 2364 1229 σελήνης,
2400 1155 2694 1211 δεκαεννέα
2742 1157 2916 1222 ὅντες,
2944 1156 3213 1226 ἄρχονται
3265 1157 3375 1210 άπὸ
3411 1157 3507 1210 τοῦ
3548 1159 3684 1212 Ἰαν-

2107 1247 2362 1317 νουαρίου
2397 1246 2602 1317 μηνός’
2637 1248 2688 1300 οί
2727 1246 2785 1301 δὲ
2815 1245 3006 1300 κύκλοι
3029 1245 3125 1302 τοῦ
3159 1247 3334 1318 ἡλίου,
3372 1247 3548 1302 εἴκοσι
3590 1249 3686 1303 καὶ

2107 1336 2251 1391 ὀκτὼ
2276 1337 2432 1401 ὄντες
2463 1337 2556 1392 τὸν
2597 1337 2855 1410 άριθμδν,
2899 1337 3160 1410 ἄρχονται
3202 1339 3312 1392 ἀπὸ
3357 1339 3453 1392 τοῦ
3485 1340 3688 1393 Ὀκτω-

2110 1427 2264 1498 ϐρίου
2323 1429 2510 1499 μηνός.
2546 1428 2668 1482 Τῶν
2721 1429 2853 1496 γοῦν
2894 1427 3114 1483 κύκλων
3171 1429 3272 1499 τῆς
3324 1431 3558 1501 σελήνης
3589 1432 3688 1486 καὶ

2107 1521 2204 1577 τοῦ
2253 1520 2407 1593 ήλίου
2472 1522 2645 1585 οὕτως
2689 1522 3138 1592 εὑρισκομένων,
3187 1521 3690 1578 ἑνδεκαπλασίασον

2109 1615 2202 1669 τὸν
2232 1614 2496 1685 τρέχοντα
2515 1612 2817 1684 τηνικαῦτα
2857 1612 3059 1666 κύκλον
3107 1613 3204 1682 τῆς
3253 1612 3484 1683 σελήνης
3508 1628 3524 1646 ο
3561 1609 3686 1666 εἶτα

2116 1706 2552 1778 πρόσθεςῖμέχρι
2585 1707 2682 1777 μὲν
2732 1704 2826 1759 τοῦ
2863 1711 2918 1770 ς’
2953 1705 3158 1758 κύκλου
3211 1705 3372 1774 χάριν
3409 1704 3520 1758 τῶν
3550 1721 3693 1774 παρ-

2111 1802 2375 1856 ελθόντων
2431 1799 2644 1854 αἰώνων
2706 1797 2922 1869 ἡμέρας
2975 1796 3034 1861 ἑξ
3081 1798 3182 1860 τὰς
3243 1795 3543 1865 λεγομένας
3589 1795 3694 1848 ἑπ-

2112 1891 2304 1956 ακτάς.
2337 1890 2490 1945 Μετὰ
2519 1890 2578 1943 δὲ
2601 1890 2692 1943 τὸν
2714 1888 2792 1953 ις’
2821 1888 3020 1942 κύκλον
3047 1887 3209 1958 μέχρι
3237 1887 3424 1956 τοῦειθ⁹
3453 1886 3697 1956 πρόσθες

2113 1987 2252 2055 ὑπὲρ
2281 1985 2470 2056 ὁμοίου
2500 1985 2720 2056 ἡμέρας
2743 1984 2885 2037 ἑπτά
2907 1998 2922 2015 ⁸
2951 1983 3047 2036 καὶ
3074 1982 3214 2052 μετὰ
3244 1981 3306 2035 τὸ
3329 1980 3558 2050 ποιῆσαι
3591 1981 3697 2049 τὴν

2111 2081 2221 2134 τῶν
2248 2081 2512 2135 τοιούτων
2568 2079 2706 2133 ὅλων
2767 2077 2993 2148 ήμερῶν
3045 2076 3259 2142 ἕνωσιν,
3302 2073 3467 2143 ὖφελε
3516 2073 3697 2136 αὐτὰς

2113 2174 2204 2227 ἐπὶ
2249 2172 2359 2227 τῶν
2413 2171 2477 2238 λ’,
2534 2171 2631 2224 καὶ
2688 2171 2816 2224 ὅταν
2876 2169 3225 2239 καταντήσῃς
3282 2169 3360 2230 είς
3414 2165 3698 2232 ποσότητα

2114 2267 2316 2336 ἥττονα
2343 2264 2452 2316 τῶν
2478 2263 2521 2316 λ’
2549 2261 2796 2333 ἡμερῶν,
2831 2262 2924 2314 καὶ
2955 2261 3228 2330 κράτησον
3254 2259 3336 2321 είς
3365 2259 3461 2320 τὰς
3489 2257 3686 2326 χεῖράς

2118 2377 2211 2412 σου
2237 2356 2441 2427 ταύτην
2491 2357 2582 2410 καὶ
2611 2356 2811 2408 ἑνωσον
2861 2354 2947 2406 ἐπ’
2973 2354 3112 2423 αὐτῇ
3160 2353 3268 2406 άπδ
3306 2352 3398 2403 τοῦ
3427 2350 3688 2416 Μαρτίου

2120 2451 2282 2520 μηνὸς
2317 2448 2350 2518 ἢ
2391 2449 2486 2502 καὶ
2512 2431 2611 2500 ’τοῦ
2654 2446 2966 2516 Ἀπριλλίου
3016 2443 3230 2514 ἡμέρας
3261 2444 3383 2496 ὅσαι
3425 2441 3701 2510 ἑξαρκοῦο

2119 2557 2204 2594 σιν
2253 2543 2331 2604 είς
2362 2540 2424 2592 τὸ
2471 2537 2904 2609 συμποσωοῆναι
2957 2549 3318 2608 πεντήκοντα.
3345 2532 3454 2586 Καὶ
3491 2533 3699 2585 αὐτίκα

2117 2636 2239 2688 εἰπὲ
2281 2633 2424 2688 κατὰ
2463 2632 2524 2686 τὸ
2549 2631 2700 2695 τέλος
2745 2630 2843 2699 τῆς
2871 2626 3307 2696 πεντηκοντάδος
3338 2623 3575 2692 ὀφείλειν
3605 2624 3702 2692 γί-

2119 2725 2308 2780 νεσθαι
2362 2725 2424 2778 τὸ
2479 2723 2702 2794 νομικὸν
2759 2721 2973 2791 Πάσχα.
3007 2720 3129 2774 Ἵνα
3165 2719 3348 2773 δὲκαὶ
3391 2719 3480 2772 διὰ
3524 2733 3710 2786 παρα-

2117 2818 2412 2888 δείγματος
2443 2815 2780 2885 σαφέστερον
2813 2813 3042 2882 γένηται
3080 2811 3141 2865 τὸ
3170 2811 3489 2881 λεγόμενον,
3523 2809 3702 2879 ζήτη-

2121 2927 2214 2966 σον
2265 2910 2364 2974 τὰς
2428 2909 2523 2963 τοῦ
2581 2908 2864 2979 τρέχοντος
2919 2905 3099 2976 ςχπς¹
3155 2904 3310 2969 ἑτους
3385 2900 3706 2973 Πασχαλίου

2119 3002 2358 3074 ἡμέρας,
2393 3002 2486 3055 καὶ
2532 3000 2653 3054 είπὲ
2697 2998 2873 3061 οὕτως
2897 3015 2912 3032 ο
2979 2995 3042 3051 '0
3073 2996 3273 3060 κύκλος
3327 2995 3431 3066 τῆς
3465 2994 3706 3064 σελήνης

2045 3115 2088 3174 c
2121 3094 2262 3147 κατὰ
2292 3092 2353 3145 τὸ
2378 3091 2620 3145 τοιοῦτον
2664 3089 2784 3155 ἑτος
2829 3088 2981 3144 ἑστιν
3025 3086 3517 3151 ἑπτακαιδέκατος,
3546 3088 3706 3148 ὅστις

2129 3183 2761 3253 ἑνδεκαπλασιαζόμενος
2812 3185 3072 3238 ἀποτελεῖ
3125 3185 3342 3254 ἡμέρας
3388 3180 3536 3251 ρπξν.
3581 3180 3708 3233 Ἐν-

2126 3278 2348 3342 δεκάκις
2399 3277 2509 3348 γὰρ
2561 3276 2834 3330 δεκαεπτὰ
2891 3276 3035 3346 ρπζκ
3091 3274 3547 3346 Προστίθεμένων
3607 3273 3705 3327 οὖν

2125 3371 2336 3431 τούτοις
2367 3369 2527 3440 χάριν
2561 3367 2672 3422 τῶν
2707 3367 2943 3432 αἰώνων,
2973 3367 3051 3431 ὡς
3083 3368 3323 3436 εἴρηται,
3346 3365 3441 3419 καὶ
3469 3367 3704 3436 ήμερῶν

2127 3460 2299 3525 ἑπτά,
2346 3458 2692 3513 ἀποτελεῖται
2732 3457 2969 3528 ποσότης
3005 3455 3234 3526 ἡμερῶν
3289 3451 3427 3525 ρὶπδπ
3473 3447 3584 3514 Ἧς
3645 3451 3708 3522 δὴ

2128 3554 2428 3623 ποσότητος
2459 3549 2803 3621 ὑφελομένης
2829 3551 2925 3602 ἐπὶ
2952 3548 3061 3601 τῶν
3095 3546 3162 3612 λ’,
3198 3547 3705 3616 περιλιμπάνονται

2129 3644 2334 3717 ἡμέραι
2370 3642 2451 3698 ιδ’.
2520 3641 2738 3707 Ἐξάκις
2768 3641 2875 3711 γὰρ
2909 3640 3203 3710 τριάκοντα
3244 3644 3351 3706 ρπ’.
3374 3637 3494 3690 Ἵνα
3524 3636 3710 3689 τοίνυν

2129 3729 2418 3784 ποσωθῶσι
2455 3730 2798 3798 πεντήκοντα
2829 3728 3056 3798 ἡμέραι,
3087 3729 3248 3798 χάριν
3275 3726 3368 3781 τοῦ
3407 3725 3710 3796 εὑρεθῆναι

2129 3822 2226 3891 τὴν
2269 3820 2489 3893 ήμέραν
2521 3819 2618 3875 τοῦ
2655 3819 2889 3892 νομικοῦ
2949 3821 3163 3891 Πάσχα,
3193 3820 3397 3874 ἓνωσον
3438 3820 3558 3882 ταῖς
3610 3820 3711 3890 ρη-

2131 3914 2340 3977 θείσαις
2369 3912 2505 3967 δέκα
2575 3913 2714 3984 πρὸς
2768 3916 2892 3977 ταῖς
2947 3913 3241 3984 τέσσαρσιν
3312 3912 3550 3982 ἡμέραις
3605 3911 3710 3974 τὰς

2128 4005 2423 4076 τριάκοντα
2453 4005 2590 4075 πρὸς
2621 4009 2688 4077 τῇ
2723 4008 2824 4078 μιᾷ
2869 4007 3084 4078 ἡμέρας
3117 4006 3211 4059 τοῦ
3246 4003 3495 4074 Μαρτίου
3537 4004 3712 4073 μηνὸς

2131 4098 2225 4152 καὶ
2259 4098 2368 4151 ἀπὸ
2411 4095 2507 4150 τοῦ
2553 4096 2868 4166 Ἀπριλλίου
2921 4098 3138 4169 ἡμέρας
3167 4096 3364 4150 πέντε·
3415 4097 3512 4149 καὶ
3559 4095 3712 4148 οὕτω

2134 4191 2501 4263 ωμποσὼσας
2535 4192 2750 4264 ἡμέρας
2790 4189 2834 4247 ν’
2874 4191 2999 4260 λέγε
3055 4191 3293 4261 ὀφείλειν
3334 4189 3590 4259 γενέσθαι
3650 4189 3713 4242 τὸ

2133 4284 2354 4353 νομικὸν
2401 4283 2595 4354 Πάσχα
2646 4285 2788 4338 κατὰ
2810 4283 2913 4356 τὴν
2950 4284 3210 4354 πέμπτην
3253 4282 3348 4335 τοῦ
3389 4281 3711 4352 Ἀπριλλίου

2138 4375 2326 4446 μηνός.
2364 4376 2486 4429 Ὅτι
2516 4375 2572 4428 δὲ
2599 4375 2632 4446 ἡ
2669 4375 2768 4444 μὲν
2795 4375 2886 4429 τοῦ
2922 4375 3092 4444 μηνὸς
3125 4375 3312 4446 ἡμέρα
3341 4373 3484 4427 οὕτω
3528 4390 3712 4426 καταο

459 4461 538 4513 bri
572 4500 586 4524 ,
624 4460 742 4513 dies
776 4460 1061 4524 undecim;
1107 4461 1314 4517 scilicet
1359 4477 1456 4529 pro
1483 4459 1706 4516 Octobri
1747 4461 1862 4517 dies
1897 4471 2019 4527 tres,

2134 4468 2492 4539 λαμϐάνεται,
2515 4470 2548 4538 ή
2578 4467 2636 4521 δὲ
2671 4470 2770 4538 τῆς
2801 4467 3094 4538 ἑϐδομάδος
3124 4467 3307 4539 ήμέρα
3335 4466 3530 4538 ἄδηλός
3561 4466 3710 4531 ἐστι,

457 4569 521 4607 eo
549 4553 692 4621 quod
731 4553 923 4609 habeat
957 4554 1044 4609 hic
1091 4554 1290 4608 mensis
1336 4555 1451 4608 dies
1498 4554 1714 4631 triginta
1742 4564 1801 4611 et
1831 4571 2026 4622 unum;

459 4663 554 4715 pro
586 4645 915 4711 Novembri,
957 4647 1090 4702 duos
1131 4647 1267 4710 dies,
1298 4645 1436 4714 quod
1469 4646 1514 4700 is
1548 4647 1741 4700 habeat
1772 4647 1889 4703 dies
1916 4648 2030 4716 utri-

459 4742 627 4811 ginta,
653 4752 708 4798 et
731 4757 830 4811 pro
868 4741 1148 4796 Decembri
1185 4750 1240 4795 et
1276 4739 1539 4795 Januario
1573 4742 1688 4797 dies
1721 4757 1812 4798 sex
1839 4781 1854 4808 ,
1887 4743 2029 4811 quod

465 4836 835 4905 unusquisque
869 4849 1055 4887 eorum
1111 4833 1303 4888 habeat
1331 4834 1445 4888 dies
1479 4834 1693 4904 triginta
1738 4844 1794 4890 et
1843 4851 2028 4893 unum.

465 4928 569 4983 l‘ro
595 4943 777 4982 mense
815 4936 992 4980 autem
1066 4926 1324 4980 ebruario
1373 4927 1504 4980 nihil
1554 4929 1742 4993 addes,
1779 4923 1845 4984 eo
1890 4931 2031 4999 quod

464 5021 509 5074 ei
543 5019 682 5073 desit
719 5033 730 5067 :
767 5019 809 5071 si
842 5027 1018 5072 autem
1061 5017 1332 5072 invenitur
1367 5017 1576 5073 Pascha
1624 5016 1791 5087 legale
1851 5036 2035 5077 mense

465 5109 653 5178 Aprili,
696 5117 752 5169 ut
786 5109 842 5161 lit
873 5110 923 5160 in
951 5109 1197 5177 prmsenti
1233 5117 1472 5178 tempore
1501 5127 1517 5162 :
1548 5110 1684 5164 adde
1713 5111 1876 5165 etiam
1915 5121 2025 5167 tres

465 5205 601 5257 alios
636 5205 749 5258 dies
781 5217 877 5270 pro
909 5216 1091 5258 mense
1121 5202 1334 5269 Martio,
1365 5211 1422 5257 ut
1468 5203 1578 5259 sint
1615 5219 1713 5272 pro
1760 5205 2033 5260 mensibus

465 5296 582 5351 dies
612 5295 1038 5364 quatuordecim.
1083 5294 1348 5364 Legitimo
1391 5309 1520 5365 ergo
1553 5294 1773 5350 Paschae
1807 5298 1893 5352 die
1947 5298 2032 5352 in-

468 5395 649 5449 vento,
685 5395 742 5440 ut
773 5386 1033 5451 diximus,
1063 5387 1252 5457 quinto
1284 5387 1484 5441 mensis
1510 5387 1669 5458 611
1699 5389 1919 5458 Aprilis,
1953 5389 2038 5443 his

469 5479 604 5533 adde
638 5479 709 5533 22
737 5479 850 5533 dies
875 5477 1069 5534 solaris
1104 5479 1261 5549 cycli,
1305 5489 1359 5534 et
1399 5495 1462 5533 ex
1507 5481 1744 5535 bissexto
1777 5483 2038 5552 quinque,

467 5571 555 5635 qui
586 5569 747 5622 etiam
778 5578 983 5636 epacta:
1027 5568 1302 5635 dicuntur,
1331 5578 1384 5623 et
1414 5569 1480 5623 14
1512 5570 1774 5624 mensium
1801 5587 1816 5637 ;
1846 5580 1900 5626 et
1946 5586 2039 5627 eos

470 5677 656 5716 omnes
683 5663 744 5716 41
780 5661 984 5715 dierum
1019 5675 1284 5715 summam
1313 5660 1505 5730 collige
1536 5676 1600 5716 ac
1628 5677 1819 5718 rursus
1847 5663 1901 5717 in
1944 5679 2036 5718 sex

472 5752 799 5820 septimanas
846 5751 1088 5820 resolve,
1138 5753 1214 5807 sic
1266 5752 1492 5808 dicendo
1521 5795 1534 5820 ,
1584 5754 1784 5809 scxtics
1833 5763 2037 5823 septem

2137 4562 2314 4631 χρεών
2363 4561 2478 4613 ἑστι
2550 4560 2648 4613 καὶ
2703 4560 2908 4630 ταύτην
2973 4559 3399 4630 ἀναδιδαχθῆναι
3453 4575 3537 4612 σι.
3597 4558 3716 4610 Καὶ

2135 4652 2260 4705 ἑπεί
2317 4653 2436 4704 ἑστι
2491 4649 2632 4704 κατά
2685 4650 2746 4704 τὸ
2793 4651 3039 4705 τοιοῦτον
3101 4649 3220 4714 ἔτος
3268 4652 3296 4704 ὁ
3349 4648 3546 4711 κύκλος
3614 4646 3714 4699 τοῦ

2135 4742 2287 4811 ήλίου
2338 4738 2442 4810 κβ’,
2474 4739 2748 4810 κράτησον
2779 4740 2858 4803 είς
2891 4739 2991 4802 τὰς
3022 4739 3212 4810 χεῖράς
3259 4756 3354 4791 σου
3393 4736 3496 4810 τὴν,
3523 4734 3716 4787 τοιαύ-

2134 4851 2237 4905 την
2288 4833 2555 4902 κυκλικὴν
2609 4831 2907 4900 ποσότητα,
2952 4830 3049 4884 καὶ
3104 4831 3308 4883 ἓνωσον
3353 4829 3531 4900 ταύτῃ
3572 4827 3716 4895 ὑπὲρ

2138 4927 2372 4996 ἑκάστης
2422 4925 2742 4996 τετραετίας
2788 4924 2951 4994 χάριν
2999 4923 3093 4976 τοῦ
3150 4921 3433 4992 βισέξστου
3490 4918 3716 4990 ἡμέραν

2141 5019 2291 5088 μίαν,
2322 5017 2489 5087 ήγουν
2518 5015 2658 5086 ὑπὲρ
2688 5015 2796 5070 τῶν
2830 5013 2912 5085 κβ⁹
2944 5012 3161 5068 κύκλων
3193 5011 3408 5082 ἡμέρας
3436 5018 3499 5074 ε’,
3535 5009 3590 5064 αἳ
3619 5010 3716 5063 καὶ

2137 5109 2373 5161 ὲπακταὶ
2396 5107 2666 5175 λέγονται.
2701 5105 2982 5168 Ὡσαύτως
3015 5105 3219 5158 ἑνωσον
3249 5105 3497 5168 ταύταις,
3525 5103 3575 5154 εἰ
3615 5099 3717 5169 μὲν

2137 5201 2200 5254 τὸ
2229 5199 2449 5269 νομικὸν
2508 5197 2698 5266 Πάσχα
2729 5197 3050 5267 εὑρίσκεται
3113 5195 3193 5258 είς
3241 5196 3489 5264 Μάρτιον
3543 5191 3716 5262 μῆνα,

2139 5293 2284 5361 λόγῳ
2315 5292 2423 5344 τῶν
2449 5289 2947 5360 προπαρελκόντων
2977 5288 3162 5358 μηνῶν
3186 5286 3296 5340 τῶν
3321 5283 3718 5354 ψηφιζομένων

2139 5383 2248 5436 ἀπὸ
2281 5382 2371 5434 τοῦ
2407 5381 2742 5452 Ὀκτωϐρίου
2778 5380 2969 5451 μηνὸς,
3003 5379 3218 5449 ἡμέρας
3255 5384 3350 5437 ια’,
3375 5376 3544 5445 ’ήγουν
3572 5372 3717 5442 ὑπὲρ

2139 5475 2234 5528 τοῦ
2270 5475 2605 5544 Ὀκτωϐρίου
2650 5473 2866 5545 ἡμέρας
2896 5471 2966 5540 γ’,
2993 5472 3085 5525 διὰ
3131 5475 3194 5524 τὸ
3223 5471 3369 5540 ἔχειν
3415 5470 3506 5522 τὸν
3554 5465 3718 5520 αὑτὸν

2145 5566 2289 5635 μῆνα
2314 5564 2358 5617 λ’
2388 5567 2526 5636 πρὸς
2553 5568 2621 5636 τῇ
2677 5566 2778 5636 μιᾷ
2798 5581 2812 5596 ο
2843 5564 2986 5635 ὑπὲρ
3028 5565 3124 5618 τοῦ
3175 5563 3484 5634 Νοεμϐρίου
3545 5561 3722 5632 μηνὸς

2142 5657 2355 5726 ἡμέρας
2381 5657 2448 5727 β’,
2482 5659 2571 5711 διὰ
2597 5658 2658 5710 τὸ
2682 5658 2830 5727 ἔχειν
2888 5641 3084 5711 τοῦτον
3131 5658 3347 5729 ἡμέρας
3396 5655 3713 5727 τριάκοντα·

2147 5751 2240 5802 καὶ
2292 5749 2434 5820 ὑπὲρ
2483 5752 2577 5804 τοῦ
2633 5750 2974 5824 Δεκεμϐρίου
3030 5750 3125 5805 καὶ
3185 5748 3278 5802 τοῦ
3351 5745 3715 5813 Ἰαννουαρίου
