3976 6384
281 306 376 372 231

1242 302 1326 372 ΙΝ
1365 308 1530 372 CAN.
1569 308 1850 371 LXXVII
1897 308 2106 372 CONC.
2150 309 2528 371 CABTHAG.

3440 298 3547 363 23?.

281 424 488 494 ἡμέρας
535 420 620 488 ἓξ,
665 420 757 475 διὰ
806 420 869 476 τὸ
927 421 1077 493 ἔχειν
1131 420 1355 486 τούτους
1407 421 1513 475 ἀνὰ
1565 419 1862 491 τριάκοντα

2004 420 2321 492 uadraginta
2348 422 2472 484 duo,
2510 419 2748 474 invenies
2778 419 3014 488 reliquos
3047 418 3162 473 dies
3207 417 3238 470 4
3278 416 3390 471 fleri
3423 416 3536 470 sci-

280 516 413 584 πρὸς
436 517 502 586 τῇ
536 515 637 585 μιᾷ
665 531 679 546 ’
712 516 852 584 ὑπὲρ
877 514 934 569 δὲ
979 514 1075 569 τοῦ
1121 514 1490 586 Φεϐρουαρίου
1530 511 1699 584 μηνὸς
1747 527 1855 580 μηο

277 608 366 661 δὲν
405 607 760 677 προσθήσεις,
792 607 882 660 διὰ
932 607 994 660 τὸ
1043 606 1243 677 ἐλλιπῆ
1293 607 1485 660 τοῦτον
1513 604 1678 658 εἶναι.
1707 605 1771 658 El
1799 603 1856 656 δὲ

277 699 339 754 τὸ
367 697 591 766 νομικὸν
621 699 814 768 Πάσχα
861 698 1180 768 εὑρίσκεται
1230 699 1372 752 κατὰ
1417 697 1508 750 τον
1542 695 1858 767 Ἀπρίλλιον

279 791 445 863 μῆνα,
475 790 666 861 ὥσπερ
715 791 928 860 γίνεται
984 792 1126 844 κατὰ
1179 791 1280 861 τὴν
1336 790 1625 860 παροῦσαν
1662 789 1859 859 ἐγχρο-

275 878 412 942 νίαν,
448 877 691 948 πρόσθες
729 878 823 931 καὶ
876 879 1070 948 ἑτέρας
1117 878 1334 950 ἡμέρας
1379 881 1533 946 τρεῖς
1565 879 1726 948 χάριν
1755 875 1854 931 τοῦ

274 969 528 1039 Μαρτίου
584 969 791 1042 μηνός·
843 972 920 1035 ὡς
972 963 1136 1024 εἶναι’
1171 971 1270 1034 τὰς
1304 971 1445 1040 ὑπὲρ
1496 969 1607 1024 τῶν
1664 969 1854 1039 μηνῶν

271 1062 487 1132 ἡμέρας
520 1061 654 1116 δέκα
687 1063 823 1131 πρὸς
853 1064 974 1125 ταῖς
995 1063 1286 1132 τέσσαρσι.
1313 1062 1422 1116 Τοῦ
1455 1060 1589 1131 γοῦν
1622 1058 1852 1132 νομικοῦ

274 1152 494 1219 Πάσχα,
529 1151 606 1214 ὡς
640 1151 890 1222 εἴπομεν,
943 1150 1342 1221 εὑρισκομένου
1393 1151 1474 1214 είς
1521 1150 1622 1214 τὰς
1674 1156 1713 1202 ε’
1763 1147 1860 1204 τοῦ

282 1240 603 1311 ⁹Απριλλίου
653 1243 844 1313 μηνὸς,
877 1242 1087 1296 ἓνωσον
1120 1241 1350 1305 ταύταις
1379 1242 1480 1305 τὰς
1530 1241 1614 1313 κβ⁹
1644 1242 1860 1313 ἡμέρας

270 1332 364 1386 τοῦ
397 1333 633 1404 ἡλιακοῦ
670 1334 901 1400 κύκλον,
925 1335 1024 1399 τὰς
1056 1335 1166 1388 άπὸ
1209 1334 1303 1388 τοῦ
1353 1334 1642 1404 βισέξστου
1673 1337 1858 1401 πέντε,

269 1423 369 1486 τὰς
401 1423 501 1479 καὶ
534 1425 783 1490 ὲπακτάς
807 1426 1134 1497 λεγομένας,
1155 1428 1250 1481 καὶ
1279 1427 1378 1491 τὰς
1409 1425 1468 1480 ιδ’
1498 1427 1608 1481 τῶν
1645 1427 1863 1499 μηνῶν,

270 1518 364 1572 καὶ
420 1515 797 1587 συμποσώσας
861 1519 990 1582 ὅλας
1045 1520 1124 1583 είς
1171 1521 1388 1590 ἡμέρας
1425 1519 1545 1590 μς·’,
1574 1520 1670 1573 καὶ
1707 1516 1864 1582 αὖθις

269 1607 555 1670 ἀναλύσας
613 1610 786 1672 αὐτὰς
839 1612 920 1674 είς
973 1611 1279 1682 ἑϐδομάδας
1305 1611 1386 1679 ἓξ,
1416 1613 1503 1667 διὰ
1557 1612 1652 1667 τοῦ
1685 1614 1863 1667 εἰπεῖν

1961 512 2083 567 licet
2121 510 2326 566 Pascha
2357 511 2527 578 legale
2571 511 2764 582 quinto
2813 511 2899 564 die
2943 511 3145 565 mensis
3191 509 3414 577 Aprilis,
3446 509 3538 577 qui

1958 609 2046 659 est
2067 611 2295 672 quartus
2342 603 2457 656 dies
2492 602 2831 670 septimanzc.
2871 599 3005 666 Quia
3035 614 3164 669 ergo
3199 599 3420 652 traditio
3462 609 3548 653 est

1959 694 2360 757 ecclesiastica,
2393 703 2514 763 post
2557 693 2766 746 Pascha
2801 691 2970 761 legale
3004 691 3117 744 lieri
3166 689 3542 744 Christianum

1959 788 2015 842 in
2045 803 2148 842 una
2177 797 2230 842 et
2256 789 2450 841 eadem
2482 786 2791 856 septimana
2823 786 2875 838 in
2903 785 3076 854 primo
3104 782 3212 846 die;
3233 783 3319 836 dic
3355 782 3548 835 debere

1962 882 2267 936 necessario
2300 881 2412 935 ﬁeri
2440 879 2643 934 Pascha
2668 875 3235 944 Christiantthnouo
3259 874 3349 927 die
3373 872 3545 939 April.

1961 971 2058 1028 His
2087 987 2216 1042 ergo
2247 973 2322 1027 ita
2358 987 2416 1026 se
2449 972 2793 1032 habentibus.
2820 970 2864 1024 si
2899 985 2926 1022 a
2952 970 3038 1024 die
3067 967 3316 1022 Paschali
3346 967 3459 1018 dies
3481 963 3550 1018 56

1961 1064 2308 1128 subduxeris,
2348 1063 2592 1118 invenies
2621 1061 3077 1131 Carnisprivium.
3107 1059 3162 1114 Si
3193 1068 3373 1113 autem
3411 1057 3551 1111 nolis

1963 1171 2292 1226 cognoscere
2323 1156 2754 1226 Carnisprivium
2787 1154 3148 1211 subductione
3198 1151 3268 1207 56
3305 1151 3543 1214 dierum,

1962 1249 2054 1303 sed
2083 1263 2205 1303 cum
2231 1247 2424 1317 majori
2460 1247 2742 1310 facilitate.
2777 1251 2902 1318 quia
2944 1260 3085 1301 nunc
3122 1253 3207 1299 est
3245 1244 3546 1307 bissextus,

1963 1339 2101 1394 adde
2129 1339 2242 1394 dies
2265 1340 2324 1404 4,
2355 1348 2410 1394 et
2435 1341 2544 1406 dic,
2575 1340 2608 1395 9
2633 1349 2685 1395 et
2710 1341 2744 1394 4
2808 1339 3068 1395 tredecim
3101 1357 3114 1394 :
3140 1347 3198 1392 ut
3229 1335 3300 1393 sit
3331 1336 3554 1391 Carnis-

1963 1432 2198 1504 privium
2238 1433 2522 1488 Februarii
2563 1434 2652 1489 15.
2713 1433 2826 1489 iloc
2859 1443 3037 1488 autem
3076 1432 3136 1486 tit
3183 1440 3402 1499 propter
3444 1429 3560 1483 bis-

1972 1535 2210 1580 sextum.
2243 1524 2301 1580 Si
2334 1525 2478 1579 enim
2515 1541 2624 1580 non
2655 1534 2738 1580 est
2766 1525 3065 1588 bissextus,
3094 1540 3200 1579 non
3231 1521 3558 1588 adjiciuntur

1967 1615 2084 1670 dies
2129 1624 2365 1684 quatuor
2397 1616 2491 1670 sed
2528 1625 2662 1670 tres.
2697 1614 2834 1682 Quia
2864 1623 3046 1670 autem
3081 1615 3135 1668 in
3161 1613 3390 1668 diversis
3425 1609 3557 1664 locis

267 1699 483 1766 οὕτως,
545 1703 736 1768 ἑξάκις
791 1705 930 1758 ἑπτά
983 1706 1396 1775 τεσσαράκοντα
1445 1707 1563 1771 δύο,
1605 1707 1863 1777 εὑρήσεις

1998 1707 2190 1762 issexti
2219 1707 2591 1774 meminimus,
2621 1708 2786 1764 debes
2814 1710 2976 1771 scire,
3003 1713 3146 1776 qnou
3180 1704 3557 1773 unusquisque

267 1795 829 1865 περιλιμπανομένας
868 1796 1084 1867 ἡμέρας
1117 1797 1414 1870 τέσσαρας,
1449 1798 1569 1871 ἦτοι
1605 1798 1860 1865 γίνεσθαι

1998 1813 2151 1852 mnus
2199 1799 2363 1853 habet
2407 1798 2515 1853 565
2553 1799 2668 1854 dies
2698 1799 2862 1854 horas
2896 1799 2950 1854 6.
2998 1797 3104 1865 Qui
3139 1813 3268 1867 ergo
3301 1808 3476 1848 annos
3506 1801 3561 1846 et

266 1887 326 1940 τὸ
353 1886 589 1957 νομικὸν
625 1888 816 1958 Πάσχα
846 1890 988 1942 κατὰ
1014 1889 1114 1958 τὴν
1135 1888 1176 1942 ε’
1207 1889 1302 1943 τοῦ
1352 1889 1666 1962 Ἀπριλλίου
1697 1891 1868 1960 μηνὸς

267 1979 365 2051 τὴν
396 1979 566 2032 οὖσαν
591 1978 806 2048 ἡμέραν
829 1979 870 2032 δ’
891 1979 992 2049 τῆς
1015 1979 1327 2050 ἑϐδομάδος.
1363 1981 1488 2034 Ὀτι
1509 1979 1602 2034 οὖν
1628 1982 1874 2050 Παράδο-

268 2070 348 2132 σίς
416 2071 566 2124 ἐστιν
619 2070 1049 2142 ἐκκλησιαστικὴ
1107 2073 1246 2134 μετὰ
1298 2070 1360 2124 τὺ
1409 2071 1634 2140 νομικὸν
1683 2071 1871 2140 Πάσχα

266 2163 522 2232 γίνεσθαι
558 2165 619 2217 τὸ
655 2166 1042 2234 Χριστιανικὸν
1095 2166 1238 2219 κατὰ
1272 2166 1401 2236 μίαν
1431 2167 1526 2220 καὶ
1578 2167 1676 2234 τὴν
1705 2167 1876 2236 αὐτὴν

269 2247 552 2325 ἑϐδομάδα
576 2258 656 2320 είς
686 2256 908 2327 πρώτην
929 2259 1165 2328 ἡμέραν,
1196 2257 1316 2310 εἰπὲ
1349 2258 1586 2326 ὀφείλειν
1613 2259 1864 2328 γίνεσθαι

1981 1901 2198 1942 menses
2246 1889 2299 1941 in
2349 1889 2712 1958 quantitatem
2745 1891 3093 1959 redegerunt,
3138 1895 3449 1944 statuerunt
3499 1892 3561 1938 ut

1981 1980 2152 2034 mensi
2206 1977 2511 2037 Februario
2574 1981 2899 2048 adjiciantur
2957 1980 2990 2036 6
3050 1977 3558 2047 superabundantcs

1981 2073 2130 2128 horae
2168 2073 2306 2128 ultra
2347 2073 2473 2129 565.
2510 2074 2574 2128 Et
2619 2075 2740 2129 ideo
2777 2073 2974 2128 habeat
3002 2072 3204 2128 mensis
3228 2069 3564 2126 Februarius

1981 2176 2100 2234 post
2147 2167 2569 2236 unumquodque
2609 2167 3028 2235 quadriennium
3059 2204 3075 2230 ,
3132 2172 3473 2219 numeratum
3534 2176 3564 2214 a

1981 2258 2154 2326 primo
2198 2258 2351 2327 cyclo
2383 2258 2570 2321 solari,
2607 2259 2722 2314 dies
2760 2259 2851 2314 29.

269 2347 325 2414 ἐξ
366 2349 626 2420 ἀνάγκης
671 2351 733 2404 τὸ
783 2351 1175 2421 Χριστιανικδν
1228 2353 1424 2422 Πάσχα
1458 2352 1602 2407 κατὰ
1632 2353 1732 2422 τὴν
1762 2351 1804 2404 θ’
1863 2349 1956 2403 τοῦ
2007 2350 2316 2421 Ἀπριλλίου
2367 2353 2556 2422 μηνός.
2586 2353 2806 2408 Τούτων
2859 2353 2914 2407 δὲ
2957 2353 3130 2415 οὕτως
3162 2351 3420 2422 ἐχόντων,
3464 2349 3566 2404 ἐὰν

269 2442 482 2518 ὑφέλῃς
529 2443 639 2497 ἀπὸ
692 2443 794 2511 τῆς
852 2444 1170 2515 Πασχαλίσς
1218 2447 1435 2516 ἡμέρας
1479 2451 1592 2510 νς¹,
1629 2445 1887 2516 εὑρήσεις
1921 2444 2020 2514 τὴν
2054 2445 2362 2515 ἁποκρέαν.
2421 2447 2483 2498 El
2529 2446 2584 2498 δὲ
2637 2445 2712 2516 μὴ
2792 2445 2950 2498 τοῦτο
2997 2444 3194 2508 θέλεις,
3243 2445 3412 2515 ἤγουν
3491 2444 3557 2497 τὸ

268 2539 480 2606 γνῶναι
509 2540 610 2610 τὴν
632 2541 914 2612 άποκρέαν
954 2541 1096 2611 μετὰ
1127 2541 1374 2611 ύφελμοῦ
1425 2544 1767 2612 πεντήκοντα
1843 2541 1901 2608 ἒξ
1941 2543 2188 2612 ἡμερῶν,
2228 2542 2362 2596 ἀλλὰ
2398 2543 2538 2611 μετὰ
2564 2541 2810 2605 πλείονος
2836 2541 3109 2606 εὐκολίας,
3180 2543 3304 2595 ἐπεὶ
3349 2541 3554 2612 ἀρτίως

269 2635 386 2688 ἐστὶ
429 2634 735 2704 βίσεξστον,
765 2636 1002 2704 πρόσθες
1044 2637 1260 2708 ἡμέρας
1305 2638 1369 2706 δ’,
1398 2641 1490 2692 καὶ
1540 2639 1687 2704 είπὲ,
1721 2639 1766 2691 θ’
1797 2638 1893 2691 καὶ
1929 2635 1990 2702 δ’,
2039 2635 2144 2705 ιγ’·
2177 2638 2320 2692 ὥστε
2355 2632 2499 2692 εἶναι
2539 2641 2640 2708 τὴν
2676 2637 2961 2708 ἀποκρέαν
3040 2637 3416 2708 Φεϐρουαρίου
3459 2643 3552 2702 ιγ’.

271 2727 451 2780 Τοῦτο
481 2728 540 2780 δὲ
567 2729 778 2796 γίνεται
809 2728 898 2782 διὰ
921 2729 980 2782 τὸ
1022 2727 1328 2798 βίσεξστον.
1373 2729 1436 2782 El
1470 2730 1580 2800 γὰρ
1607 2731 1706 2782 οὐκ
1740 2729 1859 2782 ἐστι
1899 2728 2200 2800 βίσεξστον,
2240 2730 2301 2783 ού
2363 2730 2754 2800 προστίθενται
2784 2731 2995 2800 ἡμέραι
3038 2728 3106 2793 δ’,
3173 2728 3312 2784 ἀλλὰ
3378 2731 3553 2798 τρεῖς.

281 2822 449 2877 Ἐπεὶ
498 2823 558 2878 δὲ
644 2823 1004 2894 ἐμνήσθημεν
1096 2822 1378 2894 βισέξστου
1431 2824 1488 2876 ἐν
1558 2822 1839 2892 διαφόρος
1910 2822 2129 2888 τόποις,
2178 2823 2416 2892 ὀφείλεις
2469 2822 2666 2876 εἰδέναι
2733 2823 2813 2876 ὅτι
2874 2822 3108 2886 ἕκαστος
3178 2825 3368 2893 χρόνος
3429 2824 3545 2893 ἔχει

267 2919 496 2991 ἡμέρας
549 2918 657 2984 τξε’
693 2919 844 2989 ὥρας
891 2917 968 2983 ς’.
1028 2920 1093 2972 Οἱ
1141 2920 1273 2988 γοῦν
1315 2919 1386 2972 τὰ
1427 2919 1539 2972 τῶν
1594 2918 1864 2972 ἐνιαυτῶν
1901 2919 2140 2974 καὶτῶν
2195 2920 2385 2990 μηνῶν
2410 2917 2882 2989 συμποσὼσαντες
2969 2917 3182 2990 ὥρισαν
3260 2919 3556 2990 προστίθε-

270 3017 394 3071 σθαι
431 3013 513 3084 τῷ
539 3013 894 3084 Φεϐρουαρίῳ
961 3014 1097 3084 μηνὶ
1142 3014 1239 3077 τὰς
1271 3011 1703 3084 περιττευούσας
1778 3013 2038 3067 ἐπέκεινα
2091 3013 2203 3067 τῶν
2272 3015 2605 3084 τριακοσίων
2651 3013 2918 3080 ἐξήκοντα
2961 3014 3126 3066 πέντε
3208 3014 3428 3083 ἡμερῶν
3503 3012 3566 3079 ἓξ

269 3109 445 3181 ὧρας.
476 3109 570 3162 Διὸ
603 3109 698 3160 καὶ
727 3106 842 3178 ἔχει
862 3111 890 3162 ό
911 3107 1286 3180 Φεϐρουάριος
1315 3108 1423 3179 μὴν
1447 3108 1586 3178 μετὰ
1616 3107 1856 3178 ἑκάστην
1890 3109 2214 3178 τετραετίαν
2246 3106 2629 3179 ψηφιζομένην
2676 3107 2781 3160 ὑπὸ
2814 3106 2907 3160 τοῦ
2934 3112 2981 3159 α’
3045 3105 3275 3178 ἡλιακοῦ
3343 3106 3549 3161 κύκλου

269 3202 488 3274 ἡμϊρας
533 3201 640 3255 κθ’.

334 3297 593 3353 ΖΩΝΑΡ.
634 3295 744 3366 Τὴν
773 3295 983 3366 ἡμέραν
1009 3295 1104 3350 τοῦ
1152 3281 1348 3368 Πάσχα
1393 3296 1698 3368 ’δηλοῦσθαι
1745 3297 1869 3358 ταῖς

2051 3293 2307 3351 ZONAB.
2347 3295 2569 3351 Pascha:
2595 3296 2761 3362 diem,
2792 3311 2889 3366 per
2915 3311 3032 3349 eam
3063 3311 3183 3366 quae
3214 3295 3443 3363 singulis
3467 3313 3572 3350 an-

271 3391 326 3444 ὲν
354 3389 604 3458 ’Δφρικῇ
634 3385 846 3458 χώραις·
863 3386 1075 3457 ὡρίσθη
1105 3386 1194 3439 διὰ
1225 3386 1324 3456 τῆς
1373 3385 1676 3457 μελλούσης
1733 3385 1884 3451 γίνε-

274 3483 394 3538 σθαι
427 3479 656 3551 ἐτησίας
687 3481 905 3535 συνόδου
950 3496 965 3513 ·
1011 3480 1112 3550 τὴν
1152 3480 1210 3535 δὲ
1265 3482 1480 3552 ἡμέραν
1519 3481 1618 3551 τῆς
1661 3481 1880 3533 συνόδου

272 3575 486 3648 ὥρισαν
521 3571 661 3628 εἶναι
697 3573 796 3644 τὴν
830 3574 936 3645 πρὸ
964 3573 1099 3628 δέκα
1131 3573 1414 3628 καλανδῶν
1470 3573 1882 3644 Σεπτεμϐρίων,

270 3669 344 3732 ὡς
404 3663 555 3722 εἶναι
604 3666 777 3737 αὐτὴν
819 3665 918 3737 τὴν
956 3664 1043 3720 κα’
1089 3665 1186 3720 τοῦ
1232 3666 1573 3734 Αὐγούστου.
1605 3666 1882 3720 Καλάνδαι

269 3763 396 3834 γὰρ,
432 3761 511 3825 ὡς
547 3759 660 3814 άνω
689 3778 793 3814 που
846 3759 1083 3831 εἴρηται,
1117 3759 1370 3827 λέγονται
1426 3762 1482 3814 αἱ
1521 3760 1736 3830 πρῶται
1789 3757 1882 3812 τοῦ

274 3852 447 3922 μηνὸς
471 3850 705 3922 ἡμέραι.
739 3850 802 3903 El
830 3849 961 3918 γοῦν
983 3849 1081 3912 τὰς
1105 3851 1210 3920 πρὸ
1242 3849 1447 3902 τούτων
1497 3849 1631 3903 δέκα
1655 3848 1882 3928 ἀφέλῃς⁹

271 3942 775 4014 περιλιμπάνονται
828 3944 908 4005 εἰς
945 3942 1036 3995 τὸν
1072 3940 1404 4011 Αὔγουστον,
1448 3940 1642 4012 ἔχοντα
1700 3941 1742 3994 λ’
1788 3942 1883 3994 καὶ

278 4039 408 4104 μίαν
439 4038 678 4107 ἡμέραν,
711 4036 885 4089 εἴκοσι
909 4035 1005 4089 καὶ
1037 4035 1161 4106 μία.

272 4215 499 4270 ΑΡΙΣΤ.
541 4232 562 4266 ι
612 4214 816 4286 Ἦρεσε
846 4216 912 4286 τῇ
975 4213 1157 4286 ἡμέρᾳ
1195 4214 1296 4284 τῆς
1354 4213 1576 4278 ὲτησίου
1632 4214 1879 4279 συνόδου,

350 4325 370 4358 ι
419 4307 691 4378 ἤγουν-τῇ
743 4308 850 4375 πρὸ
879 4307 1009 4360 δέκα
1041 4307 1320 4360 καλανδῶν
1352 4307 1755 4378 Σεπτεμϐρίου,
1783 4307 1880 4377 τὴν

349 4416 369 4449 ι
418 4398 642 4468 ἡμέραν
666 4397 760 4450 τού
789 4399 946 4465 ἁγίου
983 4400 1173 4468 Πάσχα
1212 4398 1602 4469 κηρύττεσθαι.
1637 4418 1656 4450 ι

349 4486 644 4557 Διαφόρως
695 4488 791 4540 καὶ
847 4489 1004 4542 τοῦτο
1056 4490 1088 4560 ἡ
1159 4489 1376 4553 σύνοδος
1427 4489 1620 4561 ὥρισε,
1679 4491 1738 4545 τὸ
1781 4493 1880 4564 τὴν

275 4578 496 4648 ἡμέραν
548 4577 642 4630 τοῦ
707 4578 898 4649 Πάσχα
957 4581 1323 4652 γνωρίζεσθαι
1377 4583 1436 4635 ὲν
1509 4585 1575 4655 τῇ
1612 4586 1733 4637 κατ’
1766 4584 1882 4650 ἔτος

276 4669 542 4741 γινομένῃ
572 4670 780 4742 συνόδῳ
803 4673 861 4723 ὲν
883 4671 1142 4743 Ἀφρικῇ.
1771 4679 1776 4683 ’

887 4768 1129 4821 ΚΑΝΩΝ
1168 4767 1286 4824 OZ'.

285 4875 304 4908 ι
348 4858 493 4929 Περὶ
540 4857 636 4912 τοῦ
702 4859 778 4929 μὴ
835 4859 1070 4926 ὀψείλειν
1119 4861 1418 4914 ἐπίσκοπον
1467 4861 1884 4934 ἐπιξενούμενον

355 4967 374 4999 ι
419 4949 752 5014 καθέζεσθαι
783 4952 839 5004 ὲν
935 4951 1176 5023 καθέδρᾳ
1213 4952 1576 5017 ἐπιξενοῦται.
1649 4955 1886 5023 Ὁμοίως

355 5059 375 5092 ι
423 5041 658 5112 ὡρίσθη,
689 5042 830 5096 ὥστε
861 5045 1048 5114 μηδενὶ
1075 5043 1277 5107 ἐξεῖναι
1330 5045 1528 5117 μεσίτῃ
1591 5046 1691 5116 τὴν
1749 5049 1882 5100 καθ-

353 5153 372 5185 ι
420 5134 586 5204 έδραν
611 5136 889 5208 κατέχειν,
917 5132 1060 5211 ᾗτινι
1093 5138 1320 5210 μεσίτης
1355 5141 1584 5205 δέδοται,
1623 5142 1710 5195 διὰ
1736 5144 1886 5196 οἱασ-

351 5244 369 5276 ι
419 5227 622 5296 δήποτε
688 5229 794 5281 τῶν
868 5229 1012 5282 λαῶν
1075 5231 1312 5301 σπουδῆς
1373 5233 1404 5304 ἢ
1485 5233 1830 5304 διχοστασίας
1861 5250 1875 5264 ⁸

357 5335 375 5366 ι
424 5316 562 5371 ἀλλὰ
646 5319 972 5384 σπουδάζειν
1021 5323 1172 5386 ἐντὸς
1225 5323 1472 5378 ἐνιαυτοῦ
1527 5328 1641 5388 τοῖς
1695 5327 1882 5391 αὐτοῖς

354 5427 372 5458 ι
423 5410 778 5478 προνοεῖσθαι
811 5413 1128 5470 ἐπίσκοπον.
1155 5415 1216 5468 Εἰ
1249 5415 1306 5468 δὲ
1338 5416 1468 5488 περὶ
1485 5417 1643 5470 τοῦτο
1673 5419 1880 5490 ἀμελή-

355 5517 374 5550 ι
424 5517 528 5568 σοι,
564 5505 704 5572 μετὰ
750 5505 849 5576 τὴν
884 5508 1188 5578 περαίωσιν
1240 5508 1334 5562 τοῦ
1386 5511 1634 5564 ἐνιαυτοῦ
1691 5513 1882 5586 ἕτερος

357 5607 377 5641 σ
425 5591 672 5666 ψηφισθῇ
710 5595 958 5668 μεσίτης.
1000 5617 1018 5650 ι

352 5682 548 5739 ΒΔΛΣ.
578 5687 653 5740 Τὸ
679 5689 934 5756 παλαιὸν,
963 5691 1663 5763 χηρευσάσηςέπισκοπῆς,
1691 5693 1879 5748 ἐστέλ-

279 5773 404 5828 λετό
441 5795 520 5844 τις
548 5781 818 5851 χάριντοῦ
856 5784 1158 5853 εἰρηνεύειν
1191 5787 1278 5841 τὸν
1323 5787 1470 5857 λαὸν,
1513 5790 1569 5842 ὃν
1623 5789 1713 5842 καὶ
1743 5787 1881 5842 ὠνό-

1989 3389 2072 3444 nis
2104 3390 2282 3443 futura
2320 3399 2404 3445 est
2438 3390 2735 3461 synodum,
2777 3389 2978 3444 Africa:
3031 3389 3344 3459 regionibus
3389 3390 3570 3443 decla-

1989 3483 2099 3537 rari
2138 3491 2397 3537 statutum
2427 3495 2508 3538 est
2551 3494 2566 3540 :
2641 3492 2851 3552 tempus
2881 3491 3059 3536 autem
3089 3481 3276 3548 synodi
3314 3481 3576 3535 habendae

1991 3584 2118 3630 ante
2147 3575 2420 3631 decimum
2460 3575 2601 3630 diem
2637 3574 2759 3632 Kal.
2790 3574 3102 3644 Septembr.
3129 3574 3447 3637 delinivcre,
3481 3574 3572 3642 qui

1987 3677 2069 3722 est
2097 3669 2318 3737 Augusti
2359 3669 2558 3723 mensis
2591 3669 2802 3738 primus
2855 3675 2906 3721 et
2957 3667 3266 3721 vicesimus.
3310 3665 3573 3720 Kaleudte

1986 3761 2152 3827 enim,
2192 3771 2249 3813 ut
2291 3772 2449 3814 antea
2494 3760 2697 3814 dictum
2730 3771 2833 3825 est,
2873 3760 3030 3826 primi
3067 3757 3330 3828 cujusque
3371 3757 3574 3811 mensis

1987 3853 2103 3907 dies
2129 3851 2487 3921 appellantur.
2523 3851 2577 3906 Si
2615 3866 2744 3916 ergo
2774 3851 2960 3903 decent
2998 3849 3113 3902 dies
3144 3858 3270 3901 ante
3309 3846 3577 3901 Kalendas

1994 3941 2329 4010 Septembris
2362 3940 2673 4003 abstuleris,
2704 3942 2948 4008 Augusto
2982 3939 3186 4001 mensi,
3224 3940 3316 4007 qui
3366 3954 3472 3990 uno
3523 3945 3578 3992 et

1991 4033 2211 4102 triginta
2253 4033 2442 4087 diebus
2479 4032 2800 4097 absolvitur,
2831 4047 2970 4086 unus
3001 4042 3053 4085 et
3089 4030 3276 4101 viginti
3318 4030 3575 4084 nimirum

1987 4127 2178 4194 reliqui
2213 4127 2364 4182 ﬁent.

1984 4217 2213 4274 ARIST.
2253 4237 2270 4270 ι
2323 4218 2504 4272 Visum
2546 4229 2650 4284 est,
2708 4229 2764 4274 ut
2810 4220 3002 4292 synodi
3049 4219 3436 4274 anniversaria:
3468 4217 3575 4283 die,

2077 4330 2094 4362 ι
2138 4311 2253 4366 sive
2303 4311 2514 4367 decimo
2561 4312 2682 4366 Kal.
2721 4312 3148 4383 Septembrium,
3201 4312 3317 4368 dies
3376 4319 3579 4366 sanctae

2065 4421 2083 4455 ι
2127 4403 2350 4458 Paschae
2386 4403 2732 4469 praedicetur.
2773 4423 2790 4456 ι

2059 4497 2126 4551 Et
2162 4498 2288 4550 illud
2321 4499 2560 4568 synodus
2595 4499 2744 4552 varie
2799 4499 3062 4562 decrevit,
3104 4509 3158 4552 tll
3197 4495 3418 4550 Pascha:
3463 4496 3579 4551 dies

1992 4590 2045 4644 in
2086 4589 2293 4647 svuodo
2317 4590 2614 4646 uuotannis
2650 4591 2832 4644 habita
2868 4593 2920 4646 in
2949 4592 3126 4645 Africa
3156 4594 3575 4664 significaretur.

2516 4768 2747 4823 CANON
2784 4767 3042 4822 LXXVII.

2001 4886 2019 4919 ι
2058 4865 2175 4920 Νοη
2207 4864 2404 4920 debere
2450 4863 2765 4931 episcopum
2820 4863 3246 4915 interventorem
3283 4859 3471 4913 sedere
3523 4859 3574 4912 in

2074 4981 2093 5014 ι
2134 4958 2415 5026 cathedra,
2452 4959 2536 5013 cui
2593 4957 2932 5010 interventor
2962 4955 3120 5008 datus
3168 4964 3269 5009 est.
3312 4952 3577 5006 Similiter

2069 5073 2086 5106 ι
2127 5053 2350 5122 placuit,
2385 5049 2617 5104 ttl'nulli
2653 5050 2811 5104 liceat
2846 5047 3191 5102 intercessori
3257 5055 3444 5100 tenere
3479 5060 3576 5098 ca-

2071 5166 2089 5199 ι
2135 5145 2421 5210 thedram,
2473 5143 2558 5197 cui
2612 5143 2945 5197 intercessor
2997 5141 3154 5194 datus
3206 5149 3311 5206 est,
3361 5150 3580 5208 propter

2069 5256 2088 5288 ι
2129 5236 2489 5304 quodcunque
2525 5231 2842 5302 populorum
2874 5230 3116 5284 studium
3159 5231 3240 5284 vel
3276 5230 3576 5285 dissensio-

2066 5345 2085 5378 ι
2126 5341 2250 5382 nem
2281 5343 2295 5381 :
2331 5328 2424 5380 sed
2463 5323 2682 5379 studere
2716 5324 2798 5378 eis
2831 5325 2969 5378 intra
3010 5339 3208 5376 annum
3257 5324 3574 5394 episcopum

2067 5437 2084 5471 ι
2122 5419 2424 5488 providere.
2465 5417 2520 5472 Si
2553 5425 2733 5472 autem
2789 5426 2988 5486 praeter
3025 5417 3139 5469 haec
3192 5415 3380 5469 fecerit
3407 5455 3421 5481 ,
3457 5421 3578 5483 post

2075 5531 2094 5565 ι
2133 5512 2258 5566 anni
2293 5512 2454 5566 linem
2487 5510 2624 5564 alius
2663 5509 2988 5564 intercessor
3017 5507 3264 5577 eligatur.
3308 5525 3326 5557 ι

2065 5693 2263 5750 BALS.
2303 5693 2439 5751 Cum
2489 5695 2614 5751 olim
2665 5705 2918 5751 vacasset
2949 5693 3318 5762 episcopatus,
3353 5707 3448 5759 pro
3478 5707 3575 5760 pa-

1997 5789 2260 5846 cilicando
2309 5787 2502 5860 pOpttlo
2551 5787 2866 5844 mittebatur
2926 5784 3141 5851 aliquis,
3196 5800 3354 5856 quem
3411 5784 3575 5840 ctiam
