3976 6410
417 340 526 401 257

419 543 657 600 ecclesia
717 542 1108 613 perturbetur;
1184 541 1285 595 hoc
1332 550 1438 605 est,
1480 538 1550 593 ob
1608 550 1871 607 pauperes
1933 534 1999 587 ad

422 638 595 704 ipsam
624 635 1032 705 confugientes,
1064 644 1230 704 atque
1278 632 1351 688 ab
1383 647 1445 684 ea
1480 630 1585 685 sibi
1619 645 1776 699 opem
1808 628 2002 698 implo-

420 737 635 788 rantes,
666 726 908 782 assiduis
944 722 1456 795 perturbationibus
1486 719 1825 789 implicetur.

418 818 648 876 ARIST.
687 838 706 873 t
762 819 831 875 Ut
887 820 1176 888 episcopus
1231 815 1481 872 molestia
1546 827 1656 867 non
1709 810 1998 874 aﬂiciatur,

758 930 780 965 ι
819 913 1137 968 defensores
1172 909 1599 964 constituantur.
1636 924 1655 957 ι
1908 920 1911 925 ·

492 1004 836 1072 Pauperibus
865 1020 892 1057 a
931 1002 1337 1074 potentioribus
1365 999 1660 1054 vexatione
1686 996 1917 1063 aﬂectis,
1945 1006 2002 1051 et

416 1097 692 1166 episcopis
716 1095 784 1150 ab
810 1097 876 1149 iis
912 1104 1140 1164 propter
1169 1106 1263 1147 eas
1286 1090 1609 1147 vexationes
1638 1087 1998 1159 perturbatis,

418 1191 592 1243 visum
627 1200 710 1245 est
759 1190 963 1261 synodo
998 1190 1068 1242 ab
1126 1188 1472 1258 imperatore
1524 1193 1735 1255 petere,
1768 1191 1830 1237 ut
1874 1197 1997 1237 cum

415 1282 798 1350 episcoporum
863 1281 1206 1349 providentia
1252 1279 1529 1351 eligantur
1568 1277 1909 1343 defensores,
1941 1284 2000 1330 ut

415 1371 644 1426 divitum
676 1372 954 1442 tyrannidi
1002 1373 1285 1435 resistant,
1322 1382 1379 1425 et
1437 1370 1702 1441 episcOpi,
1730 1378 1996 1436 quantum

414 1466 482 1517 ad
522 1479 640 1529 eos,
674 1465 792 1521 sine
816 1465 1064 1522 molestia
1097 1475 1481 1536 permaneant.

943 1644 1175 1705 CANON
1220 1644 1459 1701 LXXIX.

415 1749 439 1780 ι
481 1732 553 1788 De
571 1733 859 1801 episcopis,
894 1736 1065 1806 qui’in
1094 1738 1397 1806 synodisse
1425 1754 1530 1792 non
1562 1739 1784 1795 sistunt.
1822 1739 1988 1795 Simi-

485 1843 505 1876 ι
549 1824 674 1880 liter
705 1827 930 1893 placuit,
987 1839 1044 1881 ut
1080 1830 1514 1901 quotiescunque
1541 1832 1810 1902 synodum
1854 1846 1987 1887 cou-

494 1936 513 1968 ι
552 1919 741 1973 venire
787 1919 1117 1987 oportuerit,
1152 1923 1418 1992 episcopi,
1444 1923 1534 1991 qui
1569 1939 1668 1978 nec
1708 1934 1994 1981 senectute

489 2027 507 2058 ι
547 2024 649 2065 nec
678 2010 1050 2066 imbecillitate
1073 2028 1172 2067 nec
1194 2013 1298 2067 ulla
1323 2015 1644 2084 gravissima
1673 2017 1996 2071 necessitate

488 2122 507 2153 ι
545 2102 939 2173 impediuntur,
983 2115 1042 2160 ut
1102 2121 1204 2179 par;
1231 2118 1342 2167 est,
1395 2122 1456 2162 se
1506 2108 1742 2175 sistant;
1777 2119 1832 2163 et
1882 2123 1996 2164 sua:

481 2211 501 2244 ι
541 2192 808 2264 cujusque
854 2196 1149 2264 provincia:
1223 2199 1549 2264 primatibus
1617 2203 1683 2255 de
1741 2201 1994 2255 omnibus

484 2304 502 2336 ι
542 2286 814 2358 episcopis
842 2288 1211 2359 signiﬁcetur,
1249 2291 1366 2345 sive
1394 2290 1514 2345 duae
1571 2291 1688 2347 sive
1717 2301 1829 2348 tres
1860 2292 1995 2347 [iant

482 2396 501 2430 ι
540 2381 995 2452 congregationes
1025 2399 1039 2436 :
1071 2392 1127 2437 et
1155 2399 1219 2437 ex
1270 2399 1597 2453 unoquoque
1642 2401 1868 2442 numero
1911 2386 1994 2442 vi.

483 2490 502 2524 ι
535 2472 745 2538 cissim,
799 2474 1117 2545 quicunque
1149 2475 1309 2530 electi
1344 2475 1573 2542 fuerint,
1626 2478 1693 2532 ad
1726 2478 1870 2534 diem
1904 2494 1995 2550 sy.

475 2582 493 2613 ι
536 2565 659 2619 nodi
713 2565 1116 2623 instantissime
1174 2583 1234 2623 se
1295 2570 1512 2625 sistant.
1566 2569 1660 2625 Sin
1719 2584 1901 2629 autem
1934 2589 1993 2632 se

482 2676 502 2709 ι
540 2656 733 2714 sistere
764 2675 869 2714 non
901 2661 1133 2731 possint,
1169 2677 1291 2717 cum
1323 2664 1506 2718 multae
1542 2665 1704 2719 simul
1753 2666 1835 2736 (ut
1866 2683 1993 2722 cre-

483 2769 503 2804 ι
542 2751 705 2807 dibile
752 2752 858 2822 est)
908 2753 1233 2810 exoriantur
1305 2759 1711 2814 necessitates:
1766 2759 1871 2814 nisi
1907 2760 1989 2815 sui

484 2866 503 2899 ι
541 2848 913 2919 impedimenti
944 2849 1208 2904 rationem
1255 2866 1354 2905 suo
1394 2852 1606 2919 primati
1632 2852 1989 2919 reddiderint,

482 2957 501 2989 ι
546 2941 773 2993 debeant
802 2938 837 2993 ii
874 2955 984 3003 suae
1007 2951 1130 2995 eSse
1181 2941 1425 2996 ecclesiae
1453 2942 1835 2999 communione
1862 2959 1994 2999 con-

485 3051 502 3085 ι
541 3033 693 3088 lenti.
736 3053 755 3085 ι

1685 329 1961 392 TIJEOD.
2002 323 2409 389 BALSAMON

418 451 680 521 gravibus
735 449 969 520 injuriis.
1002 462 1124 518 quae
1175 447 1308 518 ipsis
1378 446 1718 506 inferuntur,
1783 439 2083 499 assidueA
2113 435 2374 504 ἀδικίαις,

3579 320 3691 388 288
3750 314 3755 317 ’

2472 435 2739 508 διηνεκῶς
2815 436 3221 508 παρενοχλῆται
3289 436 3325 508 ἡ
3398 436 3683 508 ἐκκλησία,

2107 530 2276 598 ἤγουν
2307 531 2559 602 ὀχλήσεις
2594 529 2692 601 ἐχῃ
2747 528 2857 583 τῶν
2916 527 3292 601 ἀδικουμένων
3354 530 3696 600 προσιόντων

2109 623 2205 676 καὶ
2245 623 2556 693 ζητούντων
2581 622 2943 680 ἐκδικεῖσθαι.
3156 615 3166 624 ’

2104 804 2327 858 ΑΡΙΣΤ,
2399 823 2417 857 ι
2462 806 2581 860 Ἵνα
2638 803 2714 878 μὴ
2781 807 2819 859 6'
2866 805 3167 869 ἐπίσκοπος
3245 805 3644 878 παρεωχλῆται
3671 847 3701 872 ,.

2593 917 2613 951 ι
2659 899 2907 955 ἐστωσαν
2934 898 3158 954 ἔκδικοι.
3186 918 3206 951 ι

2176 989 2299 1043 Τῶν
2337 992 2587 1061 πενήνων
2612 990 2769 1062 παρά
2835 990 2947 1045 τῶν
2978 991 3371 1061 δυνατωτέρων
3411 990 3690 1056 κακώσεις

2104 1081 2518 1152 ὑφισταμένων,
2568 1086 2661 1136 καὶ
2690 1085 2785 1138 ὑπ’
2816 1084 2997 1140 αὐτῶν
3028 1083 3114 1138 διὰ
3130 1085 3336 1150 ταύτας
3392 1085 3504 1139 τῶν
3569 1087 3695 1140 ἐπι-

2104 1175 2329 1228 σκόπων
2358 1175 2791 1247 ἐνοχλουμένων,
2846 1174 2992 1241 εδοξε
3033 1179 3101 1248 τῇ
3147 1177 3354 1248 συνόδῳ
3399 1180 3464 1233 ἐκ
3526 1179 3692 1249 βασι-

2102 1267 2239 1329 λέως
2269 1268 2492 1339 αἰτῆσαι
2513 1270 2656 1340 μετά
2710 1270 2811 1340 τῆς
2868 1270 2981 1322 τῶν
3031 1272 3360 1325 ἐπισκόπων
3428 1272 3690 1343 προνοίας

2104 1361 2428 1433 ἐπιλεγῆναι
2459 1363 2729 1428 ἐκδίκους,
2768 1365 3039 1419 ἵνακατὰ
3089 1364 3193 1434 τῆς
3244 1364 3356 1420 τῶν
3412 1366 3697 1421 πλουσίων

2103 1455 2428 1521 τυραννίδος
2458 1455 2843 1520 ἀνθιστῶνται,
2886 1461 2981 1511 καὶ
3026 1461 3073 1511 οἱ
3120 1450 3412 1512 ἐπίσκοποὶ
3438 1460 3562 1513 ὅσον
3595 1461 3693 1513 ἐπὶ

2099 1543 2314 1609 τούτοις
2345 1545 2695 1618 ἀνενύχλητοι
2727 1549 2985 1616 μένωσιν.

2647 1637 2889 1690 ΚΑΝΩΝ
2922 1636 3047 1693 ΟΘ’.

2106 1744 2126 1779 ι
2150 1727 2288 1798 Περὶ
2327 1727 2461 1782 τῶν.
2485 1729 2559 1800 μὴ
2603 1728 2970 1784 ἀπαντώντων
2992 1731 3050 1784 ἐν
3074 1733 3193 1796 ταῖς
3212 1734 3447 1796 συνόδοις
3464 1735 3691 1788 ἐπισκό-

2177 1839 2196 1873 ι
2236 1839 2376 1876 πων.
2414 1822 2649 1892 Ὁμοίως
2678 1824 2898 1894 ἤρεσεν,
2930 1824 3017 1878 Eva
3042 1825 3305 1897 όσακισδή
3317 1843 3441 1879 ποτε
3468 1826 3686 1881 σύνοδον

2190 1932 2209 1964 ι
2248 1913 2330 1967 δεῖ
2355 1913 2712 1984 συναχθῆναι,
2740 1917 2790 1970 οἱ
2810 1916 3125 1986 ἐπίσκοποι,
3153 1918 3351 1981 οἵτινες
3370 1917 3495 1973 οὔτε
3524 1920 3689 1992 κείρα

2173 2023 2193 2057 ι
2225 2005 2350 2059 οὔτε
2376 2008 2632 2081 ἀσθενείᾳ
2663 2008 2788 2064 οὔτε
2826 2012 2936 2066 τινὶ
2965 2011 3244 2085 βαρυτέρᾳ
3276 2013 3494 2085 ἀνάγκῃ
3516 2014 3693 2083 ἐμπο-

2176 2119 2196 2153 ι
2233 2101 2470 2166 δίςονται
2494 2103 2769 2174 ἁρμοδίως
2788 2105 3123 2171 ἀπαντῶσιν,
3143 2107 3237 2159 καὶ
3254 2108 3364 2169 τοῖς
3378 2106 3694 2178 πρωτεύου-

2173 2214 2193 2250 ι
2232 2213 2317 2249 σιν
2341 2198 2580 2267 ἑκάστης
2612 2197 2750 2262 ιδίας
2784 2198 2964 2253 αὐτῶν
3006 2199 3281 2269 ἐπαρχίας
3319 2200 3687 2273 ἐμφανισθείη

2172 2307 2192 2342 ι
2239 2293 2366 2360 περὶ
2394 2291 2612 2344 πάντων
2630 2290 2737 2345 τῶν
2767 2290 3112 2357 ἐπισκόπων,
3141 2292 3251 2346 εἴτε
3276 2291 3370 2346 δύο
3398 2293 3509 2347 εἴτε
3536 2295 3697 2364 τρεῖς

2173 2399 2193 2432 ι
2234 2382 2616 2451 συναθροίσεις
2683 2382 2952 2453 γένωνται
2999 2400 3015 2417 ο
3066 2383 3164 2437 καὶ
3212 2384 3324 2451 ,ἀπὸ
3368 2385 3601 2441 ἑκάστου
3629 2386 3699 2441 δὲ

2171 2488 2191 2523 ι
2235 2471 2471 2542 ἀριθμοῦ
2502 2474 2578 2537 εἰς
2599 2471 2835 2542 ἀμοιϐὴν
2864 2472 3187 2544 ὁσοιδήποτε
3215 2475 3515 2543 ἐπιλεγῶσι
3546 2477 3695 2547 πρὸς

2180 2582 2199 2615 ι
2232 2564 2331 2630 τὴν
2346 2568 2416 2638 ήμ
2430 2568 2561 2636 ἐραν
2576 2565 2670 2635 τῆς
2694 2564 2912 2618 συνόδου
2929 2565 3260 2630 ἐνστατικῶς
3275 2568 3487 2639 ἀπαντή
3496 2586 3697 2631 σωσιν.

2172 2682 2191 2717 ι
2241 2663 2367 2716 Ἐὰν
2390 2662 2445 2714 δὲ
2473 2662 2549 2732 μὴ
2578 2661 2883 2732 δυνηθῶσιν
2923 2660 3487 2732 ἀπαντῆσαι,ἀθρόων
3507 2663 3682 2718 τινῶν

2173 2775 2190 2808 ι
2229 2755 2509 2824 ἀναγκῶν,
2532 2754 2607 2818 ὡς
2625 2755 3231 2826 είκὲς,ἀναφυομὲνων,
3251 2757 3393 2826 εἰμὴ
3416 2756 3699 2829 τδνιλόγον

2169 2873 2189 2906 ι
2222 2852 2319 2907 τοῦ
2356 2853 2561 2907 οίκείου
2611 2850 2958 2923 ἐμποδισμοῦ
2990 2852 3144 2925 παρά
3174 2852 3252 2924 τῷ
3294 2852 3484 2923 οἰκείῳ
3531 2870 3698 2926 πρω-

2171 2964 2190 2998 ι
2231 2945 2444 3000 τεύοντι
2465 2945 2848 3010 ἀποδώσωσιν,
2871 2943 3109 3013 ὀφείλειν
3134 2945 3261 3009 τοὺς
3308 2945 3583 3020 τοιούτους
3615 2950 3699 3018 τῇ

2175 3060 2195 3092 ι
2251 3040 2518 3111 κοινωνίᾳ
2543 3039 2644 3110 τῆς
2668 3039 2804 3101 ίδίας
2845 3038 3028 3092 αὐτῶν
3053 3039 3342 3109 ἀρκεῖσθαι
3366 3040 3699 3108 ἐκκλησίας.

475 3120 675 3179 ιιιιε.
710 3122 1158 3195 Uniuscujnsque
1207 3126 1504 3194 provinciae
1543 3126 1853 3197 episcopos,
1886 3130 1974 3200 qui

2167 3133 2368 3188 ΒΑΛΣ.
2449 3130 2591 3196 Τοὺς
2675 3130 3013 3192 ἐπισκόπους
3099 3128 3340 3199 ἐκάστης
3412 3128 3697 3199 ἐπαρχίας

405 3235 513 3275 non
541 3228 764 3287 pr0pter
788 3226 1003 3273 aetatem
1035 3233 1130 3273 seu
1160 3230 1476 3289 provectam
1522 3230 1863 3277 senectutem
1903 3226 1986 3280 vel

407 3311 783 3365 valetudinem
820 3311 902 3365 vel
953 3311 1117 3365 aliam
1174 3312 1558 3368 necessitatem
1588 3313 1987 3381 impediuntur.

405 3404 473 3461 ad
509 3405 747 3460 indictas
804 3396 1063 3475 synodos
1096 3406 1395 3459 convenire
1442 3406 1533 3460 hic
1580 3420 1753 3461 canon
1784 3408 1937 3478 jubet
1970 3427 1985 3465 :

405 3508 460 3554 et
498 3513 623 3553 cum
659 3497 972 3568 congregati
1031 3496 1253 3563 fuerint,
1309 3499 1728 3570 metropolitano
1761 3502 1988 3571 provin-

405 3592 523 3657 ciae,
584 3592 635 3644 in
692 3606 798 3661 qua
849 3601 934 3647 est
992 3591 1368 3660 unusqoisque
1419 3592 1753 3664 signiﬁcare,
1805 3605 1859 3651 et
1921 3613 1987 3653 ex

406 3700 737 3755 unoquoque
790 3678 1199 3749 numero,‘sive
1247 3687 1366 3740 dua:
1414 3685 1529 3741 sive
1559 3695 1670 3742 tres
1699 3687 1829 3742 ﬁant
1860 3704 1989 3745 cou-

404 3779 772 3851 gregationes.
802 3778 993 3849 (Forte
1020 3778 1189 3842 enim,
1225 3791 1293 3832 ne
1324 3777 1410 3831 vel
1443 3778 1510 3833 de
1555 3778 1988 3839 habitationibus

402 3867 487 3924 vel
519 3869 585 3923 de
623 3871 781 3922 rebus
805 3867 1130 3923 necessariis
1154 3867 1204 3921 in
1247 3869 1533 3937 angustias
1558 3871 1985 3938 adducerentur,

403 3977 509 4015 non
571 3977 760 4018 omnes
789 3963 842 4018 in
875 3978 1037 4017 unam
1090 3960 1281 4015 urbem
1337 3976 1747 4034 convenerunt,
1786 3969 1880 4021 sed
1932 3967 1985 4021 in

400 4056 537 4112 duas
568 4057 653 4111 vel
695 4066 809 4113 tres
839 4064 1129 4133 metropoli
1163 4065 1545 4136 propinquas).
1581 4061 1986 4127 lnstantissi.me

403 4159 585 4204 autem
620 4165 678 4205 se
702 4152 923 4218 sistere,
957 4154 1060 4211 hoc
1093 4167 1197 4222 est,
1228 4160 1348 4213 sine
1380 4158 1487 4213 ulla
1523 4157 1788 4211 dilatione
1815 4155 2013 4208 vicis-.

403 4242 531 4307 sint,
562 4244 615 4298 id
650 4254 753 4309 est,
788 4262 885 4316 per
918 4248 1085 4303 vices.
1129 4250 1316 4320 Neque
1338 4253 1485 4306 enim
1537 4250 1590 4302 in
1622 4263 1731 4321 uno
1760 4247 1850 4301 die
1877 4246 1988 4301 sol-

405 4343 608 4389 vuntur
661 4338 890 4406 synodi;
943 4337 1131 4395 sed'iu
1187 4343 1457 4411 pluribus.
1491 4340 1549 4394 Si
1599 4350 1781 4393 autem
1818 4353 1877 4392 se
1908 4336 1986 4392 si-

403 4435 551 4480 stere
606 4440 713 4482 non
770 4430 1003 4498 possint,
1050 4434 1197 4500 quod
1252 4446 1281 4485 a
1321 4431 1603 4498 repentina
1658 4428 1986 4483 necessitate

403 4518 804 4587 impediantur,
833 4524 1050 4590 primati
1084 4524 1350 4577 rationem
1396 4521 1769 4590 impedimenti
1810 4535 1980 4590 expo-
2011 4501 2063 4562 D

403 4623 532 4667 nant
565 4627 580 4667 :
619 4613 703 4679 sin
761 4616 863 4671 hoc
927 4632 1034 4671 non
1095 4605 1352 4681 feéeriut,
1402 4615 1515 4670 sola
1582 4629 1694 4669 suae
1737 4615 1984 4671 ecclesia:

404 4711 789 4765 communione
815 4710 1059 4765 cantenti
1094 4711 1238 4776 sint;
1269 4708 1392 4763 aliis
1424 4723 1528 4763 una
1553 4723 1675 4764 cum
1702 4707 1835 4778 ipsis
1871 4722 1984 4763 non

397 4801 945 4858 communicantibus.
990 4804 1056 4858 Et
1091 4803 1146 4857 in
1187 4804 1270 4857 bis
1320 4801 1538 4875 quidem
1590 4801 1841 4858 consistit
1892 4815 1985 4856 ca-

402 4909 528 4950 non.
553 4893 633 4949 Tu
660 4906 840 4952 autem
870 4896 999 4952 hinc
1023 4906 1147 4953 nota
1173 4911 1368 4950 novum
1394 4894 1983 4951 excommunicationis

399 5001 592 5057 genus.
618 4987 725 5042 Alii
760 4991 903 5043 enim
949 5003 1187 5042 canones
1218 4987 1492 5056 accipiunt
1537 4986 1986 5042 excommunica-

400 5080 642 5146 tionem;
674 5080 818 5149 quod
850 5080 1071 5150 quidem
1115 5081 1309 5135 attinet
1349 5081 1416 5135 ad
1447 5080 1770 5151 episcopos;
1805 5089 1863 5134 ttt
1899 5081 1985 5135 ni-

400 5170 475 5222 lril
527 5170 867 5228 sacerdotale
916 5170 1116 5225 obeant
1146 5189 1159 5226 :
1198 5187 1439 5242 praesens
1469 5182 1647 5227 autem
1684 5188 1857 5229 canon
1888 5189 1985 5228 eos

400 5278 429 5316 a
484 5277 643 5316 sacro
704 5263 1011 5319 ministerio
1070 5280 1177 5319 non
1245 5267 1507 5335 impedit,
1566 5267 1662 5324 sed
1699 5276 1981 5336 separata

402 5354 739 5425 reliquorum
767 5357 992 5411 fratrum
1027 5359 1434 5415 communione.

457 5537 626 5611 614
641 5538 1343 5614 ZONAR.Uniuscujusque
1360 5543 1654 5613 provincia:
1670 5545 1982 5616 episcOpos,

399 5630 833 5700 quotiescunque
866 5632 1107 5704 synodus
1142 5634 1386 5689 habenda
1420 5635 1512 5701 sit,
1548 5634 1648 5691 nisi
1680 5644 1844 5691 aetate
1869 5651 1981 5702 1am

399 5724 593 5779 affecta
630 5723 897 5798 ell‘etaque
937 5737 1218 5783 senectute
1255 5729 1340 5784 vel
1378 5728 1692 5784 inﬁrmitate
1737 5744 1983 5799 COI'DOI'IS

403 5816 787 5887 impediantur,
835 5822 917 5878 vel
950 5820 1096 5891 gravi
1131 5820 1231 5877 alia
1274 5822 1339 5878 de
1387 5837 1551 5878 causa
1610 5822 1973 5889 detineantur,

2094 3229 2322 3283 ἀπαιτεῖ
2351 3230 2379 3281 6
2406 3224 2590 3281 κανὼν
2633 3225 3000 3296 συνέρχεσθαι
3042 3224 3125 3287 είς
3180 3225 3282 3287 τάς
3337 3223 3695 3293 τυπουμένας

2095 3312 2373 3382 συνόδους,
2400 3319 2530 3383 τοὺς
2550 3317 2626 3390 μὴ
2689 3317 2778 3371 διὰ
2838 3317 3056 3388 κείραν,
3113 3317 3283 3387 ἤγουν
3338 3315 3557 3386 ἡλικίαν
3593 3316 3695 3367 καὶ

2092 3419 2272 3489 γῆρας
2300 3416 2459 3489 βαθὺ,
2487 3415 2520 3487 ἢ
2551 3414 2841 3469 ἀσθένειαν
2868 3413 2898 3481 ἢ
2929 3413 3096 3483 ἀλλην
3152 3412 3404 3480 ἀνάγκην
3457 3408 3694 3481 ἐμποδι-

2094 3509 2401 3579 ζομένουςο
2465 3506 2565 3560 καὶ
2636 3504 3030 3575 συναχθέντας,
3082 3503 3296 3567 εἴδησιν
3352 3502 3555 3556 διδόναι
3605 3500 3692 3571 τῷ

2095 3601 2470 3674 μητροπολίτῃ
2500 3600 2602 3669 τῆς
2624 3599 2897 3669 ἐπαρχίας
2946 3598 3042 3666 ἀφ’
3082 3594 3152 3669 ἧς
3204 3596 3357 3649 ἐστιν
3420 3595 3688 3660 ἕκαστος,

2094 3696 2191 3748 καὶ
2220 3694 2315 3762 ἀφ’
2347 3692 2585 3747 ἑκάστου
2660 3690 2922 3761 ἀριθμοῦ,
3000 3687 3116 3741 εἴτε
3157 3686 3251 3741 δύο
3349 3688 3459 3740 εἴτε
3534 3687 3694 3757 τρεῖς

2095 3784 2474 3856 συναθροίσεις
2495 3784 2790 3851 γένωνται.
2839 3782 3029 3853 (Ἴσως
3058 3781 3189 3849 γὰρ,
3232 3779 3323 3832 ἵνα
3367 3779 3505 3849 μήτε
3552 3777 3691 3847 περὶ

2091 3878 2192 3942 τὰς
2222 3877 2560 3946 καταγωγὰς
2603 3874 3053 3946 στενοχωρῶνται
3102 3874 3241 3944 μήτε
3285 3870 3393 3942 μὴν
3439 3872 3567 3942 περὶ
3614 3870 3690 3922 τὰ

2092 3971 2352 4043 χρειώδη,
2396 3971 2496 4023 οὐκ
2526 3971 2607 4032 είς
2655 3967 2786 4039 μίαν
2845 3968 3052 4029 πάντες
3113 3964 3449 4035 συνήρχοντο
3500 3962 3687 4027 πόλιν,
3788 3970 3795 3976 ’

2092 4064 2214 4117 ἀλλ’
2249 4063 2331 4126 εἰς
2362 4061 2459 4116 δύο
2487 4061 2519 4130 ἢ
2556 4063 2710 4130 τρεῖς
2748 4057 3158 4131 πλησιαζούσας
3188 4059 3254 4127 τῇ
3296 4055 3686 4135 μητροπόλει.)

2106 4154 2480 4213 Ἐνστατικῶς
2510 4153 2568 4206 δὲ
2601 4155 2874 4223 ἀπαντᾷν,
2929 4152 3099 4222 ἤγουν
3155 4148 3564 4220 ἁνυπερθέτως.
3600 4149 3690 4212 είς

2091 4246 2355 4317 ἀμοιϐὴν,
2389 4246 2672 4298 τουτέστιν
2703 4242 3018 4315 ἀμοιϐαδόν.
3042 4244 3132 4297 .οὐ
3149 4242 3257 4312 γὰρ
3287 4242 3345 4294 ἐν
3369 4241 3467 4311 μιᾷ
3492 4239 3683 4311 ἡμέρᾳ

2091 4342 2145 4393 αἱ
2178 4338 2391 4393 σύνοδοι
2418 4337 2665 4401 ἐλύοντο,
2727 4335 2928 4389 ἀλλ’ὲν
2973 4335 3237 4388 πλείοσιν.
3296 4332 3421 4385 Ἐὰν
3481 4332 3538 4385 δέ
3606 4332 3687 4403 μὴ

2089 4430 2393 4500 δυνηθῶσιν
2422 4431 2737 4498 ἀπαντῆσαι
2773 4429 2860 4482 διὰ
2884 4431 2944 4481 τὸ
3002 4426 3401 4496 ἐμποδισθῆναι
3454 4424 3559 4501 ύπδ
3591 4426 3685 4477 αἰ-

2091 4524 2298 4594 φνιδίου
2328 4524 2595 4592 ἀνάγκης,
2630 4522 2832 4575 διδόναι
2893 4520 3087 4586 λόγους
3166 4515 3262 4571 τοῦ
3325 4515 3682 4586 ἐμποδισμοῦ

2090 4618 2247 4687 παρὰ
2272 4616 2350 4683 τῷ
2378 4614 2759 4686 πρωτεύοντι’
2800 4614 2848 4666 εἰ
2894 4611 2950 4665 δὲ
2983 4612 3059 4682 μὴ
3130 4609 3292 4664 τοῦτο
3364 4608 3683 4678 ποιήσουσι,

2090 4710 2229 4781 μόνῃ
2250 4711 2316 4781 τῇ
2348 4708 2609 4778 κοινωνίᾳ
2651 4705 2751 4775 τῆς
2814 4703 3114 4775 ἐκκλησίας
3157 4701 3297 4765 ἰδίας
3365 4699 3681 4771 ἀρκεῖσθαι.

2089 4804 2293 4871 ἐτέρων
2315 4801 2504 4863 αὐτοῖς
2527 4798 2600 4872 μὴ
2629 4796 3160 4867 συγκοινωνούντων.
3190 4795 3300 4848 Καὶ
3328 4795 3356 4846 6
3377 4793 3476 4863 μέν
3494 4790 3676 4845 κανὼν

2089 4897 2147 4947 ἐν
2173 4894 2407 4958 τούτοις.
2436 4893 2510 4946 Σὺ
2550 4892 2604 4944 δὲ
2636 4891 2943 4960 σημείωσαι
2985 4888 3303 4957 καινότερον
3368 4884 3681 4954 ἀφορισμὸν

2090 4989 2154 5040 ἐκ
2174 4986 2389 5039 τούτου.
2430 4983 2614 5038 Ἄλλοι
2668 4982 2765 5051 μὲν
2795 4980 2905 5051 γὰρ
2946 4979 3171 5041 κανόνες
3208 4976 3302 5030 τὸν
3366 4975 3678 5045 ἀφορισμὸν

2091 5077 2548 5147 ἐκλαμϐάνονται,
2568 5075 2694 5127 ὅσον
2730 5072 2870 5136 τέως
2899 5063 2978 5134 είς
3002 5071 3130 5132 τοὺς
3194 5066 3561 5129 ἐπισκόπους,
3595 5067 3678 5127 είς

2089 5172 2147 5224 τὸ
2182 5170 2315 5241 μηδὲ
2346 5168 2481 5231 ὅλως
2542 5165 2821 5235 ἱερατικὸν
2870 5183 2924 5218 τι
2978 5163 3225 5233 ἐνεργεῖν
3251 5177 3266 5193 ο
3303 5163 3332 5216 6
3381 5159 3440 5213 δέ
3482 5157 3677 5228 παρὼν

2088 5264 2269 5317 κανὼν
2297 5266 2398 5315 οὐκ
2436 5259 2720 5330 ἐμποδίζει
2754 5257 2980 5320 τούτους
3015 5257 3083 5309 ἐκ
3111 5254 3211 5324 τῆς
3248 5251 3669 5325 ἱεροτελεστίας,

2086 5356 2295 5409 ἀλλ’ἐκ
2346 5354 2448 5424 τῆς
2489 5353 2776 5415 κοινωνίας
2850 5349 3078 5421 χωρίζει
3139 5347 3240 5417 τῆς
3301 5345 3410 5398 τῶν
3471 5343 3676 5397 λοιπῶν

2090 5444 2363 5511 ἀδελφῶν.

2158 5540 2408 5594 ΖΩΝΑΡ.
2453 5537 2881 5607 Ἀπαραιτήτως
2918 5534 3147 5589 ἀπαιτεῖ
3195 5531 3224 5584 6
3276 5528 3460 5596 κανὼν
3510 5529 3674 5604 συ,νά-

2085 5631 2286 5702 γεσθαι
2321 5631 2449 5694 τοὺς
2470 5628 2807 5692 ἐπισκόπους
2847 5627 3089 5695 ἑκάστης
3141 5625 3436 5694 ἐπαρχίας,
3481 5622 3673 5685 ὁσάκις

2087 5729 2249 5799 χρεία
2288 5726 2694 5795 ἐπιγενέσθαι
2762 5723 3003 5790 σύνοδον,
3070 5722 3120 5775 εἰ
3177 5720 3253 5791 μὴ
3307 5719 3395 5773 διὰ
3454 5720 3668 5789 κείρειν.

2090 5822 2260 5893 ῆγουν
2295 5820 2513 5891 ἡλικίαν
2574 5817 2927 5889 προήκουσαν
2999 5814 3107 5899 καλ..
3155 5814 3332 5883 γῆρας
3413 5811 3574 5893 βαθὺ,
3636 5809 3666 5879 ἦ
