3976 6390
252 330 351 398 ειν

1273 331 1355 394 IN
1399 329 1559 393 CAN.
1587 329 1799 391 LXXX
1837 329 2047 392 COVC.
2091 328 2471 392 CARTHAG.

3406 328 3512 394 290

251 457 530 512 ἀσθένειαν
559 453 957 525 ὲμποδίζοιντο,
1000 454 1031 524 ἦ
1070 468 1173 505 τινι
1227 452 1363 523 άλλη
1435 452 1826 521 βαρείᾳᾟτερι-

1950 451 2226 505 :onvenire
2256 450 2480 505 omnino
2505 449 2592 504 hic
2615 463 2787 505 canon
2839 447 3033 520 jubet;-
3074 456 3128 504 et
3162 448 3251 502 ubi
3278 448 3512 518 primum

254 550 437 603 στάσει
466 549 800 616 συνέχοιντο,
828 547 926 599 καὶ
956 544 1324 613 συναχθέντας
1369 546 1578 614 εἴδησιν
1625 544 1826 597 διδόναι

249 642 322 711 τῷ
353 640 730 711 μητροπολίτῃ
756 640 851 709 τῆς
878 637 1170 707 ἐπαρχίας,
1200 632 1376 708 ἀφ’ἦς
1411 637 1560 689 ἐστιν
1576 636 1829 700 ἕκαστος,

252 737 344 788 καὶ
375 737 466 803 ἀφ’
505 734 743 787 ἑκάστου
795 732 1124 803 ἀθροισμοῦ,
1220 732 1329 783 εἴτε
1364 729 1471 782 δύο
1524 731 1635 783 εἴτε
1679 732 1830 799 τρεῖς

254 827 631 897 συναθροίσεις
663 828 931 894 γένωνται
963 823 1117 891 (iam;
1141 824 1273 891 γὰρ,
1335 822 1425 875 ἵνα
1496 824 1634 892 μήτε
1701 822 1830 892 περὶ

248 922 343 982 τὰς
366 919 701 985 καταγωγὰς
733 915 1201 985 στενοχωρῶνται,
1235 916 1373 985 μήτε
1403 915 1511 985 μὴν
1579 915 1708 985 περὶ
1759 913 1827 966 τά

249 1010 509 1081 χρειώδη,
542 1010 643 1063 οὐκ
675 1010 756 1072 είς
830 1009 961 1080 μίαν
998 1012 1202 1071 πάντες
1258 1008 1591 1077 συνήρχοντο
1649 1007 1826 1071 πόλιν,

248 1101 461 1165 άλλέίς
484 1102 580 1154 δύο
615 1102 824 1172 ἢτρεῖς
885 1099 1299 1170 πλησιαζούσας
1346 1102 1413 1169 τῇ
1470 1098 1829 1169 μητροπόλει)

246 1191 581 1253 ἐνπατικῶς
625 1191 899 1260 ἀπαντᾷν,
930 1190 1047 1242 ἀντὶ
1087 1188 1182 1241 τοῦ
1229 1187 1635 1259 ἁνυπερθέτως,
1659 1189 1832 1259 ἀπροο

246 1285 530 1351 φασίστως
569 1282 704 1351 πρὸς
732 1282 831 1354 τὴν
863 1281 1080 1352 ἡμέραν
1115 1281 1215 1349 τῆς
1264 1280 1512 1345 συνόδου,
1551 1283 1631 1343 εἰς
1665 1282 1830 1350 άμοιο

253 1376 374 1445 δὴν,
400 1374 682 1427 τουτέστιν
712 1373 1029 1442 ἀμοιϐαδόν.
1073 1374 1149 1426 Οὐ
1174 1373 1283 1442 γὰρ
1312 1373 1371 1424 ὲν
1416 1372 1515 1442 μιᾷ
1554 1372 1740 1443 ἡμέρᾳ
1776 1372 1835 1425 αί

248 1467 459 1521 σύνοδοι
492 1467 791 1531 διελύοντο,
832 1466 950 1519 ἀλλ’
972 1468 1031 1519 ὲν
1064 1465 1299 1531 πλείοσι,
1346 1466 1442 1518 καὶ
1477 1464 1637 1517 τοῦτο
1663 1463 1827 1533 δῆλον

243 1562 306 1612 ἐκ
339 1560 551 1628 ταύτης
583 1559 680 1626 τῆς
723 1560 945 1612 συνόδου
982 1559 1121 1614 ἔστί.
1187 1558 1491 1628 Διαφόρους
1544 1558 1653 1628 γάρ
1692 1557 1834 1625 πρά-

246 1654 357 1717 ξεις
380 1653 534 1723 δηλοῖ
551 1651 805 1717 γενέσθαι
838 1653 896 1704 ἐν
921 1650 1112 1714 ἄλλαις
1162 1651 1258 1703 καὶ
1311 1649 1503 1713 ἄλλαις
1561 1650 1827 1719 ἡμέραις.

255 1746 308 1796 ’Δ
322 1744 581 1815 μοιδαδόν
605 1744 682 1809 δὲ,
720 1744 891 1815 ήγουν
915 1742 1108 1797 ἄλλοτε
1164 1741 1359 1804 ἄλλους
1413 1743 1681 1812 ἀπαντᾷν,
1715 1743 1832 1795 ὅσοι

1936 543 2258 597 adrenerint
2283 583 2297 606 ,
2356 543 2776 611 metropolitano
2808 543 3068 612 singulos,
3094 558 3157 596 ex
3195 556 3299 611 qua
3326 557 3385 597 se
3426 540 3512 597 fe-

1936 647 2082 698 rant,
2118 637 2407 702 provincia:
2462 635 2809 703 significare;
2845 646 2956 686 tum
3001 649 3128 688 vero
3167 649 3232 689 ex
3284 634 3515 703 singulis

1938 727 2204 781 classibus
2235 728 2349 782 sive
2395 727 2514 781 dua;
2564 727 2679 781 sive
2733 736 2842 782 tres
2887 727 3147 781 institutae
3182 726 3381 781 fuerint
3414 727 3518 796 (et-

1947 819 2112 883 enim,
2150 834 2216 872 ne
2251 819 2335 874 vel
2362 819 2541 889 inopia
2579 820 2705 873 tecti
2738 830 3137 891 premerentur,
3174 820 3255 873 vel
3286 824 3352 873 ad
3387 835 3517 873 usus

1939 910 2063 964 vitae
2100 912 2409 966 necessaria
2438 913 2761 978 deﬁcerent,
2795 929 2902 967 non
2941 913 2994 967 in
3027 928 3129 966 una
3158 912 3300 967 forte
3328 928 3516 967 omnes
3590 902 3603 912 ’

1940 1002 2075 1057 urbe
2128 1004 2504 1069 considebant,
2544 1005 2636 1060 sed
2676 1006 2729 1058 in
2779 1006 2989 1061 duabus
3036 1004 3284 1059 ll‘ibllSVe
3316 1013 3515 1057 metro--

1940 1099 2047 1166 poli
2076 1097 2360 1167 proximis)
2388 1100 2454 1151 ad
2479 1098 2619 1153 diem
2647 1098 2853 1167 synodo
2882 1095 3200 1165 praefinitam
3229 1095 3514 1155 instanter,

1937 1193 2041 1246 ltoc
2072 1198 2176 1253 est,
2213 1190 2335 1245 sine
2372 1190 2481 1244 ulla
2513 1189 2964 1258 tergiversatione
3000 1194 3090 1241 aut
3125 1201 3273 1241 mora
3312 1200 3520 1255 prope-

1938 1278 2126 1338 ranter
2152 1285 2412 1357 accedere
2443 1283 2712 1347 vicissim,
2752 1284 2851 1337 boc
2881 1289 2986 1346 est,
3021 1295 3116 1349 per
3142 1279 3308 1333 vices.
3334 1276 3520 1345 Neque

1938 1377 2083 1429 enim
2134 1389 2244 1430 uno
2278 1375 2384 1439 die,
2413 1376 2505 1430 sed
2543 1374 2790 1444 pluribus
2828 1374 3017 1442 synodi
3053 1371 3471 1426 absolvebantur
3502 1387 3515 1422 :

1939 1468 2084 1539 quod
2113 1483 2176 1521 ex
2215 1467 2318 1521 hac
2351 1481 2567 1537 quoque
2615 1467 2873 1531 colligere
2920 1464 3079 1517 facile
3125 1472 3229 1527 est,
3265 1477 3329 1515 ex
3366 1458 3520 1526 cujus

1939 1561 2214 1615 actionum
2246 1560 2671 1629 multiplicitate,
2706 1557 2950 1627 pluribus
3005 1571 3122 1611 eam
3154 1554 3348 1609 diebus
3376 1552 3521 1606 cele-

1936 1655 2151 1709 bratam
2209 1651 2375 1707 fuisse
2408 1660 2653 1721 apparet.
2692 1648 2796 1704 Per
2859 1649 3009 1702 vices
3039 1655 3244 1713 autem,
3282 1645 3384 1700 hoc
3412 1655 3521 1707 est,

1939 1760 2000 1805 ut
2032 1748 2190 1803 medo
2225 1748 2332 1811 hic,
2387 1746 2546 1800 modo
2577 1745 2692 1810 alii,
2723 1744 3035 1814 quicunque
3096 1741 3319 1795 demum
3359 1738 3515 1794 electi

242 1837 595 1904 ἐπιλεγῶσιν.
644 1838 770 1890 Ἐὰν
795 1837 852 1889 δὲ
874 1837 949 1906 μὴ
977 1836 1248 1905 δυνηθῶσι
1270 1837 1603 1906 ἀπαντῆσαι,
1634 1834 1830 1905 ἀθρόον

1950 1843 2172 1904 fuerint,
2236 1854 2293 1893 se
2332 1838 2383 1892 in
2420 1837 2628 1909 synodo
2680 1837 2901 1890 sistant.
2940 1832 2997 1887 Si
3054 1846 3183 1887 vero
3240 1830 3293 1885 id
3340 1830 3522 1884 minus

246 1931 676 1999 ἀναφυομένων,
708 1931 974 1999 αἰφνίδιον
1003 1929 1255 1999 δηλονότι
1323 1929 1420 1982 καὶ
1463 1927 1828 1992 ἀνελπίστως,

240 2023 439 2076 αἰτιῶν
462 2023 809 2091 ἀναγκαίων,
848 2024 1077 2077 ἀπαιτεί
1106 2021 1234 2085 τοὺς
1286 2020 1362 2091 μὴ
1410 2022 1830 2092 ἀπαντήσοντας

241 2116 398 2185 λόγον
426 2116 745 2170 ἀποδιδόναι
782 2115 936 2185 παρά
959 2114 1036 2185 τῷ
1064 2113 1442 2187 μητροπολίτῃ
1490 2113 1656 2167 αὑτοῦ
1694 2112 1831 2168 ἕκα-

243 2222 388 2272 στον,
417 2206 451 2276 ἢ
487 2206 564 2276 μὴ
582 2205 934 2269 ἀποδιδόντα,
961 2205 1101 2277 μόνῃ
1134 2206 1203 2277 τῇ
1229 2204 1494 2276 κοινωνίᾳ
1546 2204 1647 2273 τῆς
1693 2204 1831 2268 ίδίας

243 2297 542 2368 ἐκκλησίας
584 2286 897 2367 ἀρκεῖσθαι,
956 2297 1159 2369 ἑτέρων
1199 2297 1352 2369 αὐτῷ
1402 2298 1478 2368 μὴ
1535 2313 1832 2367 συγκοινω-

243 2390 498 2445 νούντων.

242 2482 464 2538 ΑΡΙΣΤ.
525 2500 545 2536 ι
582 2485 645 2537 Ol
699 2483 775 2555 μὴ
812 2482 1161 2547 ἀπαντῶντες
1186 2483 1244 2537 ὲν
1296 2485 1362 2554 τῇ
1412 2482 1534 2537 κατ’
1582 2483 1833 2537 ἐνιαυτὸν

316 2596 335 2629 ι
369 2576 605 2647 συνόδῳ,
656 2576 709 2630 εἰ
765 2577 842 2648 μὴ
875 2576 1188 2647 ἀϐουλήτως
1240 2576 1536 2630 κωλύοιντο
1564 2617 1579 2642 ,
1628 2577 1696 2646 τῇ
1733 2573 1833 2644 τῆς

318 2686 335 2719 ι
388 2668 532 2731 ιδίας
571 2669 869 2739 ἐκκλησίας
897 2669 1279 2737 ἀρκείσθωσαν
1309 2667 1586 2737 κοινωνίᾳ.
1621 2686 1639 2718 ι

308 2760 470 2815 Ὅσοι
500 2760 613 2814 τῶν
636 2761 951 2815 ἐπισκόπων
983 2763 1042 2814 ὲν
1069 2764 1136 2833 τῇ
1154 2761 1359 2831 συνόδῳ
1390 2761 1631 2830 ἑκάστης
1651 2758 1832 2813 αὐτῶν

247 2853 522 2924 ἱππαρχίας
546 2852 649 2906 οὐκ
705 2854 1110 2926 ἀπαντήσουσι,
1171 2854 1309 2925 μήτε
1382 2851 1486 2905 ὑπὸ
1538 2853 1764 2923 γήρους,
1797 2851 1831 2921 ἢ

242 2948 553 3012 ἀσθενείας,
581 2946 693 3000 εἴτε
716 2947 866 3010 τινὸς
899 2946 1220 3017 βαρυτάτης
1251 2945 1499 3014 ἀνάγκης
1531 2941 1830 3013 ἐμποδιζό-

248 3058 420 3109 μενοι,
462 3038 579 3093 ἀλλ’
611 3040 678 3092 ὲκ
740 3037 1018 3111 ῥᾳθυμίας
1082 3038 1115 3110 ἢ
1208 3038 1306 3091 καὶ
1365 3036 1831 3107 καταφρονήσεως

242 3132 399 3186 τοῦτο
430 3131 742 3196 ποιοῦντες,
771 3131 1083 3201 ἀδελφικῶς
1116 3131 1438 3201 ὡρίσοησαν
1497 3131 1832 3201 ἐπιπλήττε-

244 3225 387 3279 σθαι.
430 3225 491 3278 ὐ
526 3226 583 3279 δὲ
603 3226 797 3297 παρὼν
816 3223 999 3280 κανὼν
1037 3226 1130 3280 καὶ
1166 3225 1227 3278 τὸ
1269 3220 1411 3285 εἶδος
1440 3228 1541 3296 τῆς
1595 3226 1830 3298 ἐπιπλή-

244 3315 605 3387 ξεωςτίθησι,
642 3319 1007 3389 προστάττων
1062 3318 1191 3381 τοὺς
1248 3320 1687 3384 συνεπισκόπους
1732 3321 1830 3373 καὶ

249 3409 616 3479 συναδελφοὺς
689 3409 870 3463 αὐτῶν
944 3410 1019 3481 μὴ
1064 3413 1451 3480 συγκοινωνεῖν
1506 3412 1691 3474 αὐτοῖς
1735 3411 1830 3463 καὶ

246 3502 689 3572 συλλειτουργεῖν
725 3517 739 3532 ο
768 3500 867 3555 ἀλλ
917 3503 977 3554 ὲν
1012 3504 1205 3572 μόναις
1249 3504 1371 3566 ταῖς
1431 3503 1589 3567 ίδίαις
1648 3504 1830 3557 αὐτῶν

243 3592 560 3665 ἐκκλησίαις
582 3592 895 3663 ἀρκεῖσθαι,
920 3594 1015 3645 καὶ
1049 3577 1389 3663 λειτουργεῖν
1414 3595 1472 3647 ἐν
1500 3595 1717 3658 αὑταῖς.

830 3685 1071 3738 ΚΑΝΩΝ
1118 3682 1197 3739 11'.

249 3794 267 3826 ι
299 3775 435 3846 Περὶ
474 3773 851 3844 Κρεσκωνίου.
886 3775 1022 3846 Περὶ
1056 3774 1409 3845 Κρεσκωνίου
1456 3776 1550 3829 τοῦ
1589 3777 1832 3848 Βηλαρε-

322 3884 339 3917 ι
374 3865 589 3919 κεντίου
622 3866 782 3919 τοίτο
800 3860 964 3920 πᾶσιν
998 3865 1201 3933 ἔδοξεν,
1244 3867 1328 3920 ἵνα
1350 3867 1599 3923 ἐντεῦθεν
1631 3869 1831 3938 ὁμοίως

317 3979 339 4010 ς
368 3960 643 4030 ὲμφανέίη
661 3958 739 4028 τῷ
756 3957 1096 4029 πρωτεύοντι
1127 3958 1225 4029 τῆς
1251 3960 1577 4031 Νουμιδίας,
1609 3961 1744 4032 πρὸς
1770 3964 1831 4016 τὸ

318 4070 336 4101 ι
372 4050 572 4105 εἰδέναι
616 4050 802 4116 αὐτὸν,
829 4050 1067 4119 ὀφείλειν
1107 4052 1430 4122 γράμμασιν
1447 4055 1670 4119 οἰκείοις
1693 4057 1830 4122 πρδς

318 4165 340 4204 ι
379 4146 694 4202 συνέλευσιν
711 4147 1120 4220 προτρέψασθαι
1134 4150 1227 4203 τὸν
1242 4152 1684 4221 μνημονευθέντα
1700 4157 1737 4205 Κ
1751 4171 1833 4224 ρε-

317 4259 337 4293 ι
377 4239 611 4294 σκώνιον
653 4253 667 4270 ⁸
712 4239 851 4291 ὥστε
903 4240 977 4311 μὴ
1013 4240 1348 4310 ὑπερθέσθαι
1383 4243 1483 4312 τὴν
1524 4248 1832 4314 παρουσίαν

316 4350 337 4385 ι
371 4333 540 4387 αὖτοῦ
556 4335 621 4403 τῇ
649 4330 1023 4405 πλησιαζούσῃ
1050 4330 1315 4406 συμπάσῃ
1376 4334 1676 4409 Ἀφρικάνῃ
1708 4356 1833 4391 συν-

324 4448 341 4479 ι
379 4426 804 4495 όδῳπαρασλείν
828 4440 840 4453 ·
876 4425 971 4478 ἐὰν
997 4425 1053 4478 δὲ
1076 4424 1170 4477 τοῦ
1204 4426 1383 4479 ἐλθεῖν
1408 4433 1825 4502 καταφρονήσῃ,

315 4538 339 4573 ι
376 4520 521 4573 ἔστω
538 4516 694 4579 εἰδὼς
716 4516 839 4570 κατ’
860 4516 1025 4570 αὑτοῦ
1041 4517 1222 4588 ψῆφον
1244 4521 1773 4593 νομοθετησομένην.
1802 4542 1821 4576 ι
1860 4513 1904 4568 υ

312 4613 509 4666 ΒΑΛΣ.
542 4611 639 4665 Διά
667 4608 766 4664 τοῦ
785 4611 1139 4679 Κρεσκωνίου
1175 4612 1493 4683 ἐπιτίθησιν
1549 4618 1578 4668 ὁ
1640 4616 1826 4670 κανὼν

242 4705 490 4775 ανάγκην
529 4705 644 4767 τοῖς
678 4702 1012 4766 ἐπισκόποις
1041 4704 1101 4756 ὲν
1124 4706 1245 4767 ταῖς
1280 4706 1528 4770 συνόδοις
1582 4710 1827 4780 ἀπαραι-

238 4802 419 4869 τήτως
450 4796 835 4868 συνέρχεσθαι·
862 4798 955 4850 καὶ
979 4800 1090 4861 τοῖς
1118 4799 1523 4869 καταφρονοῦσι
1552 4802 1651 4872 τῆς
1675 4820 1833 4857 συνε-

239 4893 478 4953 λεύσεως
517 4891 737 4947 ἀπειλεῖ
764 4891 1120 4962 κατάκρισιν.
1166 4893 1239 4945 Τὸ
1291 4896 1348 4948 δὲ
1420 4889 1561 4960 εἶδος
1624 4897 1830 4971 ταύτης

240 4989 299 5037 οὐ
335 4985 511 5050 λέγει.
552 4983 611 5035 '0
644 4982 833 5051 μέντοι
860 4982 913 5045 ς’
956 4984 1140 5037 κανὼν
1181 4986 1281 5054 τῆς
1339 4987 1580 5059 ἑϐδόμης
1608 4993 1829 5047 συνόδου

238 5079 366 5139 τοὺς
392 5078 490 5147 μὲν
520 5075 832 5138 κωλύοντας
862 5076 1132 5146 ἄρχοντας
1160 5076 1413 5146 γίνεσθαι
1454 5082 1550 5145 τὰς
1579 5084 1833 5155 ἐτησίους

244 5171 504 5231 συνόδους
544 5168 913 5240 ἀφορίζεσθαι
974 5169 1301 5242 διορίζεται,
1360 5174 1488 5238 τοὺς
1536 5174 1592 5227 δὲ
1661 5176 1833 5246 χωρὶς

239 5262 470 5329 εὐλόγου
507 5262 844 5332 προφάσεως
879 5261 1223 5330 ἀμελοῦντας
1275 5264 1485 5318 τούτων
1521 5284 1833 5338 ,μητροπο-

239 5354 397 5418 λίτας
433 5358 551 5416 τοῖς
602 5356 917 5416 κανονικοίς
972 5355 1413 5421 καθουποϐάλλειν
1505 5360 1829 5430 ἐπιτιμίοις,

240 5447 375 5499 Ποῖα
405 5446 464 5498 δὲ
518 5447 615 5498 καὶ
655 5445 779 5498 τίνα
808 5446 915 5498 eici.
942 5446 1012 5498 τὰ
1048 5451 1312 5516 ἐπιτίμια
1342 5448 1521 5519 ῥητῶς
1549 5452 1608 5503 ού
1635 5454 1838 5523 γέγρα-

240 5557 395 5592 πται.
440 5538 530 5601 Ὠς
569 5537 749 5591 ἔοικεν
790 5532 904 5602 οὖν,
966 5539 1035 5590 τά
1066 5541 1124 5590 ἐν
1178 5539 1257 5608 τῷ
1328 5539 1589 5609 ἀνωτέρω
1645 5543 1832 5596 κανόνι

240 5632 627 5702 περιεχόμενά
662 5632 828 5684 εἰσιν.
871 5630 1174 5699 Ἀνάγνωθι
1206 5632 1302 5685 καὶ
1356 5632 1448 5686 τὸν
1506 5634 1742 5704 ρηθέντα
1775 5634 1831 5700 ς’

239 5727 440 5777 κανόνα
495 5724 596 5792 τῆς
640 5718 685 5785 ς’
712 5720 953 5786 συνόδου,
992 5726 1085 5776 καὶ
1152 5724 1242 5778 τὸν
1267 5724 1427 5779 ἕκτον
1469 5726 1568 5797 τῆς
1623 5729 1681 5781 ὲν
1746 5728 1824 5798 τῷ

240 5820 515 5890 ’[ρούλ).ιρ,
548 5818 645 5871 καὶ
679 5816 748 5869 τὰ
781 5817 839 5869 ἐν
904 5818 1111 5884 αὐτοῖς.

1935 1936 2169 2007 possint,
2204 1932 2536 1989 necessariis
2588 1928 2998 2000 impedimentis
3026 1941 3092 1982 cx
3141 1922 3438 1994 improviso
3468 1930 3522 1977 et

1946 2033 2326 2100 inexspectato
2385 2023 2669 2082 confertim
2700 2022 2951 2087 obortis;
2988 2028 3044 2072 ut
3077 2018 3385 2089 quicunque
3412 2030 3520 2069 non

1936 2122 2231 2183 adfuerint.
2295 2119 2721 2188 metropolitano
2786 2128 2886 2169 suo
2964 2109 3191 2181 singuli,
3252 2109 3519 2161 rationem

1938 2211 2191 2275 reddant,
2247 2210 2413 2281 exigit
2447 2225 2464 2264 :
2498 2208 2591 2279 qui
2642 2220 2773 2260 vero
2803 2203 2858 2258 id
2906 2199 3271 2272 neglexerint,
3309 2196 3520 2251 exclusi

1933 2302 2003 2356 ab
2038 2303 2266 2356 aliorum
2328 2298 2629 2364 consortio,
2670 2295 2918 2351 ecclesia:
2974 2304 3087 2348 suae
3133 2287 3522 2347 communione

1933 2395 2177 2451 contenti
2207 2394 2339 2451 sint.

1934 2486 2165 2544 ARIST.
2205 2507 2223 2541 ι
2258 2487 2361 2556 Qui
2396 2487 2447 2542 in
2478 2485 2687 2559 synodo
2721 2483 3016 2554 quotannis
3046 2482 3228 2538 habita
3256 2496 3361 2537 non
3388 2495 3525 2537 con-

2011 2603 2031 2636 ι
2071 2585 2314 2649 veniunt,
2364 2581 2467 2635 nisi
2501 2590 2689 2635 contra
2744 2579 3077 2633 voluntatem
3126 2577 3521 2647 impediantur,

2013 2697 2033 2731 ι
2067 2693 2181 2731 suae
2207 2677 2319 2731 sint
2352 2675 2599 2731 ecclesia:
2637 2674 3024 2728 communione
3049 2671 3309 2726 contenti.
3352 2689 3372 2723 ι

2008 2771 2330 2838 Quicunque
2359 2782 2427 2822 ex
2455 2766 2730 2835 episc0pis
2773 2766 2836 2819 ad
2870 2762 3138 2836 synodum
3174 2764 3231 2818 in
3264 2778 3518 2832 unaqua-

1932 2879 2039 2934 que
2065 2861 2308 2931 ipsorum
2346 2858 2627 2928 provincia
2655 2856 2895 2911 habitam
2931 2871 2989 2910 se
3051 2870 3157 2909 non
3194 2853 3518 2919 'conferant,

1932 2971 2034 3012 nec
2078 2970 2109 3009 a
2159 2961 2460 3017 senectute,
2492 2965 2594 3006 nec
2628 2952 2695 3004 ab
2745 2948 3089 3012 infirmitate,
3126 2964 3228 3002 nec
3258 2947 3363 3001 alia
3396 2963 3521 3017 gra-

1931 3049 2155 3105 vissima
2212 3046 2538 3101 necessitate
2594 3043 2881 3113 impediti;
2932 3044 3028 3098 sed
3081 3056 3111 3096 e
3166 3041 3371 3097 desidia
3432 3042 3519 3097 vel

1855 3168 1900 3231 C
1934 3145 2100 3199 etiam
2155 3147 2470 3209 contemptu
2526 3137 2658 3191 illud
2717 3136 3020 3200 facientes;
3083 3134 3418 3201 decernitur,
3463 3143 3523 3188 ut

1933 3233 2194 3290 fraternis
2250 3232 2434 3287 verbis
2471 3231 2829 3301 castigentur.
2866 3228 2936 3283 At
2973 3242 3212 3298 praesens
3260 3226 3435 3281 canon
3467 3236 3523 3281 et

1934 3326 2173 3397 speciem
2230 3322 2679 3393 reprehensionis
2714 3319 2887 3384 addit,
2946 3318 3213 3372 mandans
3242 3319 3522 3387 coepisco-

1935 3432 2031 3485 pos
2066 3425 2120 3470 et
2145 3413 2455 3469 confratres
2488 3426 2676 3465 eorum
2703 3423 2830 3463 cttm
2858 3407 2924 3462 iis
2951 3421 3058 3460 non
3084 3405 3518 3467 communicare,

1934 3517 2029 3562 aut
2062 3520 2220 3560 sacra
2259 3504 2557 3558 celebrare
2594 3518 2609 3556 :
2664 3502 2757 3554 sed
2822 3500 2876 3553 in
2939 3499 3075 3553 solis
3138 3497 3374 3568 propriis
3406 3497 3522 3552 suis

1932 3598 2177 3655 ecclesiis
2213 3593 2581 3666 acquiescere,
2613 3601 2668 3647 et
2702 3593 2753 3646 in
2786 3592 2853 3645 iis
2894 3605 3089 3644 munus
3124 3590 3295 3645 obire.

2480 3682 2714 3738 CANON
2751 3681 2967 3737 LXXX.

1939 3800 1957 3833 ι
1995 3779 2069 3833 De
2116 3776 2435 3833 Cresconio.
2492 3774 2567 3830 De
2612 3776 2912 3831 Cresconio
2972 3773 3355 3829 Balareceusio
3410 3773 3516 3827 hoc

2007 3892 2026 3925 ι
2063 3871 2316 3928 omnibus
2362 3871 2539 3924 visum
2596 3877 2699 3935 est,
2733 3878 2790 3922 ut
2828 3869 2956 3922 hinc
2984 3882 3201 3937 quoque
3256 3866 3519 3920 Numidia:

2013 3981 2031 4015 ι
2069 3962 2288 4032 primati
2345 3960 2705 4030 significetur,
2731 3976 2840 4029 quo
2889 3961 3004 4027 ipse
3032 3958 3171 4013 sciat
3224 3973 3283 4013 se
3314 3958 3515 4012 debere

2011 4077 2029 4109 ι
2069 4065 2431 4113 memoratum
2486 4055 2841 4112 Cresconium
2877 4054 2990 4109 suis
3025 4052 3228 4108 litteris
3263 4052 3328 4106 ad
3380 4065 3512 4104 con-

2012 4168 2030 4201 ι
2076 4151 2407 4205 veniendum
2473 4148 2801 4213 adhortari;
2837 4156 2897 4201 ut
2952 4161 3057 4201 non
3093 4144 3311 4200 differat
3361 4159 3515 4199 suam

2014 4262 2032 4295 ι
2071 4243 2328 4298 exhibere
2353 4242 2697 4312 praesentiam
2729 4241 2989 4312 proxima:
3014 4239 3280 4294 universae
3310 4240 3519 4306 synodo

2012 4352 2030 4386 ι
2077 4334 2350 4388 Africana:
2387 4352 2399 4387 :
2433 4333 2515 4386 sin
2573 4341 2754 4386 autem
2790 4332 2980 4385 venire
3015 4329 3343 4397 neglexerit,
3378 4330 3519 4384 sciat

2024 4447 2043 4481 ι
2079 4443 2201 4485 esse
2231 4427 2498 4482 adversus
2523 4440 2583 4480 se
2610 4423 2885 4478 ferendam
2909 4422 3266 4478 sententiain.
3309 4440 3329 4474 ι

2010 4630 2208 4686 BALS.
2254 4629 2355 4685 Per
2402 4628 2752 4683 Cresconium
2789 4627 3016 4697 imponit
3066 4642 3240 4681 canon
3274 4631 3517 4683 necessi-

1936 4732 2101 4778 tatem
2134 4720 2429 4790 episcopis,
2462 4727 2519 4771 ut
2560 4718 2612 4772 in
2650 4716 2873 4787 synodis
2901 4717 3351 4771 inexcusabiliter
3382 4733 3517 4772 con-

1936 4817 2209 4872 veniant:
2262 4827 2316 4871 et
2348 4816 2438 4881 iis,
2496 4815 2586 4884 qui
2629 4817 2921 4869 convenire
2970 4815 3269 4886 negligunt,
3318 4819 3520 4870 conde-

1939 4911 2271 4965 mnationem
2308 4910 2694 4963 comminatur.
2728 4905 2857 4975 Ejus
2909 4920 3089 4963 autent
3146 4909 3377 4963 formam
3408 4925 3515 4964 non

1935 5002 2215 5073 exprimit.
2269 5000 2373 5055 Sed
2432 5016 2602 5054 canon
2632 4999 2880 5070 (isyuodi
2926 5000 2955 5052 7
3014 5002 3365 5071 magistratus
3399 5004 3518 5070 qui-

1937 5097 2088 5159 dem,
2116 5095 2206 5163 qui
2246 5093 2555 5164 impediunt
2585 5092 2879 5162 quominus
2910 5093 3049 5147 ﬁant
3077 5109 3272 5150 annuae
3302 5098 3514 5165 synodi,

1938 5187 2304 5256 segregandos
2366 5186 2610 5239 decernit
2646 5204 2659 5239 ε
2694 5187 3146 5255 metropolitanos
3180 5198 3386 5251 autem,
3425 5192 3515 5258 qui

1936 5278 2062 5333 sine
2094 5279 2241 5347 justa
2293 5292 2457 5331 causa
2510 5276 2625 5330 haec
2676 5276 2980 5345 negligunt,
3025 5281 3307 5335 canonicis
3337 5284 3516 5351 pteris

1934 5369 2315 5437 subjiciendos.
2378 5369 2577 5433 Quales
2633 5380 2813 5423 autem
2870 5381 2925 5425 et
2979 5388 3229 5441 QULDIIHID
3263 5376 3371 5427 sint
3424 5390 3501 5427 ete

1935 5478 2133 5533 paenae,
2193 5476 2452 5531 expresse
2509 5461 2769 5530 scriptum
2832 5480 2936 5516 non
2985 5475 3087 5518 est.
3150 5463 3219 5519 Ut
3276 5476 3358 5519 est
3384 5482 3515 5534 ergo

1936 5554 2259 5616 verisimile,
2292 5569 2370 5607 ea:
2430 5562 2555 5607 sunt
2585 5569 2704 5623 qua:
2742 5555 2793 5607 in
2830 5557 3115 5623 SuperiOre
3141 5571 3349 5610 canone
3378 5571 3513 5611 con-

1937 5648 2200 5702 tinentur.
2228 5644 2369 5715 Lege
2397 5657 2450 5699 et
2476 5646 2680 5700 dictum
2700 5662 2963 5701 canonetn
2994 5648 3027 5700 6
3049 5649 3237 5717 synodi
3272 5652 3512 5715 septima)

1936 5743 1990 5789 et
2019 5751 2285 5791 canonetn
2314 5736 2348 5792 6
2380 5740 2569 5808 synodi
2607 5742 2658 5795 itt
2689 5738 2899 5809 Trullo,
2935 5751 2988 5796 et
3020 5755 3135 5809 qua:
3180 5740 3234 5796 in
3263 5741 3348 5797 Itis
3369 5744 3504 5798 scri-

1940 5838 2027 5898 pta
2060 5838 2205 5884 sunt.
