3976 6394
465 320 571 386 291

1722 310 2011 379 'THEOD.
2041 313 2443 375 BALSAMON

3614 324 3718 395 292

536 426 792 484 ZONAR.
860 425 959 483 llic
1004 440 1223 498 quoque
1265 440 1463 488 canon,
1525 425 1777 494 quamvis
1824 424 1893 478 de
1930 438 2038 477 uno

2205 424 2454 479 ΣΩΝΑΡ.
2489 427 2598 480 Καὶ
2621 423 2781 492 οὗτος
2807 430 2834 482 ὀ
2867 429 3053 485 κανὼν
3103 428 3195 486 διὰ
3229 427 3329 485 τοῦ
3371 433 3492 499 ἑνὸς
3529 441 3719 496 τούτου

464 524 727 591 episcopo
780 523 985 588 editus,
1017 520 1141 574 aliis
1190 517 1445 573 omnibus
1496 518 1563 570 ad
1596 517 1859 586 synodum
1926 517 2045 573 sine

468 612 576 664 ulla
615 626 841 677 prorsus
879 610 1326 678 tergiversatione
1368 606 1723 662 conveniendi
1749 607 2047 661 necessita-

467 716 571 757 tem
607 704 858 771 imponit,
889 717 953 757 ac
977 703 1043 756 iis
1073 701 1166 771 qui
1235 699 1423 756 venire
1464 698 1838 767 neglexerint,
1891 712 2043 752 com-

469 798 731 850 minatur.

372 888 381 893 ’
467 887 633 957 615
691 885 918 940 ARIS'I‘.
970 906 988 936 ί
1051 885 1381 941 Cresconius
1417 882 1617 938 litteris
1649 881 1717 936 ad
1775 881 2044 953 synodum

557 999 575 1029 I
616 990 864 1039 vocatus,
904 977 1004 1030 nisi
1034 991 1093 1032 se
1130 978 1349 1039 stiterit,
1382 976 1522 1029 sciat
1563 976 1890 1028 sententiam
1915 988 2046 1029 con-

549 1089 567 1122 t
605 1084 683 1123 tra
721 1086 779 1123 se
814 1068 1076 1123 edendam
1116 1068 1252 1121 fore.
1296 1085 1314 1117 ι
1353 1065 1692 1134 Perspicuae.

1006 1159 1092 1214 CA
1105 1158 1234 1212 NON
1268 1156 1506 1212 LXXXI.

480 1276 497 1305 ι
540 1255 614 1308 Ue
676 1254 1020 1309 curatoribus
1075 1252 1336 1313 Ecclesiae
1398 1248 1777 1316 Hipponensis.
1835 1248 2049 1300 Rursus

557 1367 573 1397 ι
612 1347 833 1416 placuit,
864 1345 1122 1415 quoniam
1183 1342 1439 1398 Ecclesia:
1499 1339 1861 1407 Hipponensis
1889 1354 2051 1391 cura-

550 1460 567 1491 t
612 1451 786 1493 torum
817 1437 1101 1492 destitutio
1135 1451 1240 1490 non
1266 1445 1352 1489 est
1378 1433 1582 1487 diutius
1609 1430 1961 1499 negligenda;
1996 1437 2052 1482 et

548 1546 566 1577 ι
608 1527 733 1595 quia
767 1526 1035 1589 ecclesiae,
1058 1540 1177 1592 qua:
1216 1523 1326 1576 illic
1354 1531 1501 1586 sunt,
1533 1520 1851 1573 detinentur
1881 1518 1951 1572 ab
1985 1518 2050 1571 iis

553 1637 571 1668 ι
613 1619 703 1684 qui
760 1617 1128 1686 prodigiosant
1166 1614 1370 1684 [Ecytii
1420 1613 1859 1668 communionem
1893 1626 2051 1665 recu-

554 1727 570 1756 ι
617 1717 808 1760 sarunt
846 1726 859 1760 :
898 1707 1080 1760 missis
1112 1721 1176 1759 ex
1215 1704 1464 1773 p'rmsenti
1523 1703 1730 1773 synodo
1756 1702 2046 1771 episcopis,

545 1818 562 1847 ι
600 1799 864 1866 ltltegino,
897 1797 1115 1866 Alypio,
1152 1794 1477 1864 Augustino,
1503 1790 1769 1855 Materno,
1792 1790 2048 1860 Tlteasio,

551 1913 567 1941 ι
616 1892 838 1955 Evodio,
894 1886 1465 1958 Pittcian0,.Ut'batto,
1520 1885 1755 1950 Valerio,
1783 1884 2043 1950 Antaebio,

541 2003 558 2033 ι
601 1981 921 2044 Fortunato,
979 1981 1379 2047 Quodvultdeo,
1416 1979 1713 2042 llonorato,
1765 1974 2048 2042 Januario,

547 2091 567 2122 ι
603 2076 764 2142 Apto,
817 2074 1120 2137 Honorato,
1170 2069 1437 2140 Ampelio,
1505 2065 1843 2134 Victoriano,
1876 2066 2054 2121 Evan-

552 2184 572 2214 ι
611 2166 732 2233 gelo
760 2175 815 2219 et
847 2164 1190 2231 Rogatiano;
1224 2170 1278 2217 ct
1306 2161 1648 2232 congregatis
1688 2176 1753 2214 ac
1786 2163 2052 2216 correctis

554 2258 708 2323 coiis,
741 2255 833 2324 qui
894 2255 1239 2323 vitttperaliili
1275 2254 1572 2323 pertinacia
1606 2252 1847 2320 ejusdem
1880 2251 2050 2322 IEcy-

554 2365 572 2396 ι
615 2347 671 2399 tii
705 2346 887 2414 fugam
925 2347 1346 2416 exspectandam
1393 2359 1537 2399 esse
1562 2345 2050 2408 existimaverunt,

555 2456 574 2486 ι
617 2452 738 2491 cum
792 2437 1036 2490 omnium
1091 2437 1233 2489 votis
1260 2437 1327 2490 iis
1374 2436 1661 2505 cpiscopus
1702 2436 1955 2503 eligatur.
1996 2436 2055 2491 Si

553 2548 572 2580 ι
606 2538 784 2583 autem
827 2530 998 2582 nolint
1025 2528 1099 2581 illi
1132 2528 1198 2582 de
1246 2543 1378 2597 pace
1409 2528 1644 2595 cogitare
1676 2567 1691 2593 ,
1714 2543 1780 2582 ne
1808 2529 2057 2589 praesulis

556 2638 573 2672 ι
612 2620 861 2675 electioni
918 2619 1358 2690 impedimentum
1436 2617 1705 2684 afferant,
1765 2620 2056 2688 quominus

557 2734 575 2767 ι
612 2714 892 2769 ordinetur
935 2714 1003 2768 ad
1058 2714 1342 2768 utilitatem
1407 2712 1649 2769 ecclesiae
1695 2728 1813 2782 qtne
1867 2713 2051 2767 tandiu

555 2827 573 2860 ι
618 2808 875 2864 destituta
900 2820 1002 2863 eat.
1033 2825 1051 2859 ι

552 3070 749 3155 BALS.
784 3071 911 3126 Duae
942 3079 1068 3127 sunt
1100 3071 1264 3127 urbes
1299 3072 1351 3126 in
1398 3070 1603 3136 Africa,
1632 3084 1753 3139 quae
1779 3026 2055 3138 llippoues
2084 3109 2129 3170 ϐ

482 3148 769 3221 Vocantur.
814 3165 872 3220 Itt
903 3182 1229 3224 unaearurn
1292 3175 1411 3220 erat
1466 3164 1714 3233 Equitius
1742 3164 2050 3234 epist-Opus.

481 3259 548 3315 Et
576 3263 702 3329 quia
743 3258 985 3313 nonnulli
1042 3261 1307 3314 adversus
1359 3273 1481 3313 cum
1522 3258 1965 3321 insurrexerunt,
2001 3266 2060 3310 et

481 3372 604 3410 cum
638 3371 704 3411 eo
735 3355 1175 3411 communionem
1210 3363 1551 3418 recusarunt,
1580 3348 1701 3422 qua:
1727 3352 1932 3406 incerta
1964 3368 2055 3406 seu

484 3447 756 3514 informis,
815 3457 977 3518 atque
1035 3449 1171 3501 adeo
1238 3446 1700 3516 injustadicitur;
1756 3445 1931 3498 visunt
1974 3452 2060 3500 est

483 3538 633 3604 ipsos
685 3553 779 3605 per
818 3538 1081 3606 quosdam
1115 3537 1387 3591 antistites
1412 3530 1670 3589 refrenari
1703 3552 1715 3589 :
1760 3537 1841 3589 sin
1876 3543 2057 3589 autem

480 3643 669 3699 pacem
698 3630 890 3695 nolint,
921 3628 1086 3683 alium
1115 3628 1239 3697 eligi
1278 3629 1618 3698 epiScOpum.

557 3721 813 3776 ZONAR.
861 3722 1073 3792 llippon
1105 3720 1372 3777 Numidiae
1408 3722 1601 3778 cit-itas
1652 3732 1734 3778 est
1764 3740 1777 3777 :
1813 3720 2060 3776 Numidia

481 3830 614 3867 vero
668 3814 938 3867 Africana:
988 3814 1160 3881 regio.
1217 3811 1353 3867 Cu‘tn
1416 3823 1597 3868 autem
1637 3813 1758 3867 dua:
1789 3821 1973 3866 essent
2007 3810 2060 3865 in

480 3906 669 3959 Al'rit-a
699 3908 883 3971 urbes,
916 3905 1176 3974 llipponis
1237 3905 1490 3973 nomine;
1538 3905 1591 3975 in
1650 3908 1840 3960 barum
1888 3907 2061 3960 altera

485 3998 737 4068 I‘thtitius
770 4001 1143 4067 episcopalth
1181 4002 1420 4067 gerebat.
1480 3998 1611 4052 Eum
1646 3997 1917 4063 nonnulli,
1952 4011 2053 4066 po-

487 4092 767 4161 pularibus
816 4106 1033 4160 quoque
1065 4091 1259 4145 studiis
1312 4092 1552 4157 subnixi,
1600 4092 2065 4146 veltetttenterin-

484 4181 859 4246 sectabantur,
906 4181 1158 4250 illiusque
1187 4181 1624 4235 commuttionem
1655 4220 1669 4244 ,
1697 4195 1854 4248 quam
1892 4177 2065 4231 infor-

491 4286 656 4335 mem,
685 4280 970 4340 propterea
1002 4270 1147 4340 quod
1179 4286 1209 4324 a
1234 4269 1442 4340 synodo
1478 4268 1697 4322 minime
1721 4269 1936 4322 decreta
1974 4274 2067 4321 aut

489 4360 691 4414 indicta
753 4368 921 4427 esset,
971 4361 1211 4432 synodus
1247 4358 1555 4429 appellat-it,
1610 4355 1948 4426 rejiciebant.
1984 4356 2065 4410 Ad

2147 517 2456 572 ἐπισκόπου
2485 521 2732 592 ἀνάγκην
2771 524 3053 593 ἐπιτίθησι
3092 528 3202 589 τοῖς
3276 530 3611 595 επισκόποις
3646 535 3706 588 ἐν

2149 610 2272 671 ταῖς
2300 610 2549 674 συνόδοις
2586 613 2987 686 ἀπαραιτήτως
3038 622 3423 694 συνέρχεσθαι,
3461 626 3564 681 καὶ
3610 630 3722 692 τοῖς

2149 701 2556 769 καταφρονοῦσι
2587 704 2686 773 τῆς
2713 706 3082 773 συνελεύσεως
3111 713 3347 770 ἀπειλεῖ.

2150 867 2375 923 ΑΡΙΣΤ.
2414 887 2433 919 ‹
2489 870 2792 942 Γράμμασι
2826 850 3051 945 κληθεὶς
3082 879 3161 940 είς
3192 879 3295 947 τὴν
3331 878 3551 936 σύνοδον
3583 882 3725 952 Κρε-

2227 978 2245 1010 t
2301 959 2554 1026 σκὼνιος,
2590 966 2641 1018 ει
2670 968 2746 1037 μὴ
2772 970 3186 1041 παραγένηται,
3225 971 3361 1027 ῐστω
3388 972 3569 1043 ψῆφον
3600 975 3724 1030 κατ’

2230 1069 2247 1101 t
2291 1052 2459 1105 αὑτοῦ
2489 1057 3045 1132 ἐκφωνηθησομένην.
3085 1084 3102 1114 ι
3134 1066 3364 1134 Σαφῆς.

2735 1156 2974 1210 ΚΔΝΩΝ
3010 1159 3138 1211 ﬂA'.

2157 1261 2172 1292 t
2222 1240 2358 1313 Περὶ
2390 1243 2501 1296 τῶν
2538 1245 2595 1297 ἐν
2640 1243 2862 1300 Ἰππῶνι
2897 1246 3237 1317 φροντιστῶν
3271 1247 3371 1315 τῆς
3406 1248 3729 1319 ἐκκλησίας.

2229 1352 2246 1385 ι
2295 1335 2464 1390 Πάλιν
2504 1338 2721 1407 ῆρεσεν,
2763 1336 2872 1402 ἵνα,
2914 1339 3104 1408 ἐπειδὴ
3145 1339 3245 1408 τῆς
3285 1338 3585 1409 ἐκκλησίας
3621 1342 3735 1394 τῶν

2229 1444 2248 1477 ι
2297 1427 2355 1480 ἐν
2426 1427 2651 1489 Ἰππῶνι
2705 1429 3043 1499 φροντιστῶν
3090 1432 3125 1501 ἡ
3187 1431 3573 1498 ἐγκατάλειψις
3635 1434 3737 1486 οὐκ

2230 1537 2246 1568 t
2296 1519 2500 1587 ὀφείλει
2534 1519 2765 1571 ἐπιπολὺ
2792 1521 3154 1591 ἀμεληθῆναι,
3187 1526 3279 1574 καὶ
3312 1522 3506 1594 ἐπειδὴ
3532 1524 3589 1577 at
3616 1525 3741 1578 ἐκεῖ

2232 1638 2247 1663 ι
2296 1611 2581 1681 ἐκκλησίαι
2611 1612 2934 1683 κατέχονται
2960 1614 3111 1684 παρὰ
3145 1616 3243 1684 τὴν
3270 1616 3471 1669 ἄτοπον
3506 1616 3601 1670 τοῦ
3635 1618 3737 1670 Aio

2231 1723 2248 1754 ι
2295 1704 2480 1757 κυτίου
2503 1706 2787 1758 κοινωνίαν
2809 1708 3313 1777 παραιτησαμένων
3330 1724 3346 1740 ⁶
3375 1691 3742 1777 πεμφθέντων

2238 1816 2254 1847 ι
2301 1798 2363 1849 ἐκ
2392 1797 2488 1864 τῆς
2521 1798 2801 1868 παρούσης
2827 1799 3045 1852 συνόδου
3074 1800 3413 1865 ἐπισκόπων,
3454 1799 3739 1870 Ῥηγίνου,

2236 1908 2256 1942 ι
2301 1889 2579 1956 Ἀλυπίου,
2596 1891 2985 1959 Αύγουστίνου,
3004 1892 3312 1962 Ματὲρνου,
3335 1890 3585 1947 Θεασίου.
3608 1891 3745 1944 Εὐο-

2237 2001 2253 2033 t
2304 1982 2442 2046 δίου,
2461 1981 2796 2046 Πλακιανοῦ,
2814 1983 2887 2035 Οὐ
2897 1981 3121 2051 ρϐανοῦ,
3137 1982 3414 2052 Βαλερίου,
3435 1983 3742 2053 Ἀρριϐίου,

2234 2089 2252 2121 ι
2295 2070 2715 2139 Φουρτουνάτου,
2749 2070 3224 2136 Κουοδϐουλτδέου,
3269 2073 3595 2140 Ὀνωράτου,
3630 2071 3745 2126 Ἰαο

2240 2180 2258 2211 ι
2306 2162 2583 2232 νουαρίου,
2616 2162 3190 2233 ’Δπτου,⁹ονωράτου,
3209 2163 3523 2233 Ἀμπελίου,
3548 2166 3746 2219 Βικτοο

2240 2269 2258 2303 ι
2308 2251 2516 2323 ριανοῦ,
2547 2252 2891 2321 Εὐαγγέλλου
2933 2253 3026 2307 καὶ
3066 2253 3415 2322 Ῥογατιανοῦ
3438 2271 3453 2287 ο
3488 2258 3583 2308 καὶ
3613 2273 3746 2311 ow-

2238 2364 2255 2395 ι
2295 2344 2571 2414 αχθέντων
2594 2343 2689 2397 καὶ
2715 2343 3109 2414 δορθωθέντων
3129 2347 3239 2399 τῶν
3255 2346 3389 2416 ἐπιψ
3404 2348 3500 2417 Ξγῳ
3521 2363 3748 2417 μονοτο-

2240 2454 2257 2485 t
2306 2434 2394 2504 νίᾳ
2420 2433 2518 2502 τὴν
2544 2432 2720 2502 φυγὴν
2748 2432 2841 2485 τοῦ
2860 2431 3025 2485 αὐτοῦ
3052 2434 3309 2487 Αίκυτίου
3337 2433 3746 2504 προσδοκητέαν

2246 2546 2263 2577 ι
2315 2523 2711 2593 λογισαμένων,
2737 2524 2876 2593 μετὰ
2896 2526 2995 2594 τῆς
3016 2525 3235 2577 πάντων
3252 2524 3419 2596 εὐχῆς
3443 2524 3747 2586 ἐπίσκοπος

2243 2636 2261 2667 ι
2306 2616 2519 2679 τούτοις
2573 2616 2944 2687 χειροτονηθῇ.
3014 2616 3140 2669 Ἐὰν
3196 2616 3255 2669 δὲ
3314 2616 3390 2687 μὴ
3442 2616 3745 2685 θελήσωσιν

2244 2730 2261 2761 ι
2312 2711 2509 2764 ἐκεῖνοι
2532 2710 2630 2780 τὴν
2653 2709 2875 2780 εἰρήνην
2898 2708 3254 2776 κατανοῆσαι,
3312 2710 3387 2779 μὴ
3408 2710 3431 2760 ἐ
3440 2708 3744 2777 μποδίσωσι

2243 2822 2261 2854 t
2308 2805 2373 2874 τῇ
2408 2803 2636 2873 ἐπιλογῇ
2666 2801 2760 2854 τοῦ
2792 2800 3078 2871 προέδρου,
3107 2801 3243 2874 πρὸς
3273 2800 3331 2852 τὸ
3360 2801 3739 2871 χειροτονηθῆ-

2243 2915 2259 2946 t
2307 2870 2399 2948 ναι
2443 2894 2522 2957 είς
2566 2870 3085 2964 χρησιμότηταίτῆς
3124 2870 3219 2945 ἐπί
3254 2891 3507 2946 τοσοῦτον
3553 2870 3752 2964 χρόνον

2242 3007 2262 3041 ι
2306 2986 2829 3057 ἐγκαταλειφθείσης
2858 2984 3175 3057 ἐκκλησίας.

2235 3082 2427 3134 ΒΑΛΣ.
2454 3079 2557 3132 Δύο
2582 3078 2765 3141 πόλεις
2790 3078 2926 3131 εἰσὶν
2946 3078 3024 3139 είς
3062 3076 3326 3148 Ἀφρικὴν
3359 3075 3624 3140 Ἰππῶνες
3646 3093 3754 3133 κα-

2162 3173 2440 3242 λούμεναι.
2470 3170 2685 3224 Τούτων
2709 3171 2765 3223 ἐν
2796 3170 2893 3240 μιᾷ
2918 3167 3173 3232 Αίκύτιος
3195 3169 3492 3234 ἐπίσκοπος
3516 3163 3605 3242 ῆν.
3633 3171 3752 3224 Καὶ

2159 3265 2281 3317 ἐπεί
2319 3282 2459 3328 τινες
2493 3265 2874 3332 ἐπανέστησαν
2906 3262 3001 3315 καὶ
3041 3265 3434 3333 παρῃτήσαντο
3472 3262 3570 3334 τὴν
3602 3263 3753 3332 μετὰ

2159 3356 2350 3410 τούτου
2396 3355 2703 3416 κοινωνίαν,
2756 3356 2856 3425 τὴν
2899 3355 2994 3408 καὶ
3021 3353 3227 3409 ἄτυλςν
3270 3354 3580 3424 κληθεῖσαν,
3623 3355 3753 3423 ἦτοι

2161 3450 2444 3504 ἀτύπωτον
2486 3449 2579 3500 καὶ
2636 3446 2701 3502 ειδ
2726 3464 2844 3510 κον,
2890 3445 3037 3511 εδοξε
3098 3445 3185 3499 διά
3229 3463 3390 3500 τινων
3442 3446 3755 3517 ἀρχιερέων

2162 3540 2533 3609 ἀνασταλῆναι
2581 3538 2816 3601 αύτούς·
2870 3538 3003 3591 εἰδὲ
3039 3537 3137 3608 τὴν
3187 3538 3414 3609 εἰρήνην
3456 3539 3533 3609 μὴ
3582 3537 3753 3610 θελή-

2164 3646 2337 3693 σουσι,
2372 3628 2746 3698 χειροτονῆσαι
2781 3628 3075 3681 ἐπίσκοπον
3107 3626 3317 3698 ἓτερον.

2236 3722 2481 3791 ΖΙΩΝΑΡ.
2554 3718 2757 3772 Ἰππὼν
2817 3720 2913 3787 τῆς
2972 3720 3287 3791 Νουμηδίας
3341 3719 3495 3782 πόλις
3552 3720 3751 3775 ἐστίν’

2166 3815 2199 3884 ή
2228 3814 2286 3867 δὲ
2324 3811 2609 3889 Νουμηδία
2652 3813 2815 3882 μοῖρα
2843 3810 2942 3881 τῆς
2988 3810 3279 3883 Ἀφρικῆς.
3310 3811 3415 3864 Δύο
3446 3811 3498 3864 δὲ
3522 3801 3664 3882 ἦσαν
3692 3815 3755 3866 ὲν

2166 3911 2301 3981 αὐτῇ
2351 3910 2533 3971 πόλεις
2572 3908 2839 3973 Ἰππῶνες
2882 3906 3235 3978 καλούμεναι,
3284 3906 3491 3961 τούτων
3539 3907 3599 3959 ἐν
3642 3908 3755 3977 μιᾷ

2170 4000 2419 4061 Αίκύτιος
2449 4000 2747 4061 ἐπίσκοπος
2773 3994 2861 4069 ἦν,
2888 3991 2932 4067 ᾧ
2955 3999 3335 4069 ἐπανέστησάν
3355 4016 3520 4062 τινες,
3547 3994 3627 4061 οἷς
3649 3999 3757 4052 καὶ

2171 4091 2358 4143 πολλοὶ
2389 4089 2484 4143 τοῦ
2506 4089 2637 4142 λαοῦ
2668 4088 3116 4160 συνυπήχθησαν,
3144 4089 3620 4158 παραιτησάμενοι
3646 4089 3757 4159 τὴν

2167 4180 2332 4234 αὑτοῦ
2364 4180 2667 4245 κοινωνίαν,
2699 4180 2766 4251 ῆν
2796 4180 3001 4234 ἆτυπον
3097 4182 3310 4243 σύνοδος
3335 4180 3643 4250 ὠνόμασεν.
3672 4181 3756 4245 ὡς

2172 4278 2247 4343 μη
2295 4272 2604 4342 ὁρισθεῖσαν
2638 4272 2732 4323 καὶ
2780 4271 3123 4326 τυπωθεῖσαν
3168 4274 3323 4342 παρὰ
3360 4273 3599 4326 συνόδου.
3651 4274 3759 4327 Διὰ

2170 4365 2300 4434 γοίν
2336 4365 2431 4436 τὴν
2460 4362 2715 4435 τοιαύτην
2746 4366 2937 4420 στάσιν
2972 4364 3116 4431 ἔδοξε
3153 4363 3414 4434 σταλῆναι
3443 4381 3596 4426 τινας
3632 4365 3760 4418 ἐκει

487 4463 609 4504 eant
660 4464 788 4521 ergo
841 4451 1167 4505 seditionem
1215 4448 1623 4518 opprimendam
1657 4446 1918 4516 quosdam
1951 4447 2057 4516 cpi-

2202 4459 2274 4511 ῶν
2305 4458 2638 4524 ἐπισκόπων,
2672 4452 2763 4511 ἶνα
2788 4499 2802 4521 ,
2835 4459 2885 4510 εί
2916 4458 3185 4521 δυναίντο,
3218 4454 3621 4527 διορθώσωνται
3646 4457 3758 4528 τὴν

477 4556 683 4611 «scopas
718 4556 783 4597 ex
825 4542 929 4597 boc
959 4542 1080 4596 loco
1106 4541 1400 4595 mittendos
1430 4555 1550 4594 esse
1581 4554 1933 4604 censuerunt,
1981 4551 2061 4605 ιιι,

479 4635 531 4688 si
574 4634 689 4688 fieri
742 4635 933 4703 possit,
965 4632 1198 4687 tumultu
1239 4631 1464 4697 sedato,
1499 4630 1822 4687 dissidentes
1876 4634 2065 4688 conci-

487 4728 658 4794 lient;
722 4726 806 4782 vel
862 4726 906 4782 si
964 4727 1015 4781 id
1063 4725 1242 4779 minus
1308 4724 1630 4791 obtineant,
1680 4725 2040 4795 Hipponensis

2169 4553 2394 4616 στάσιν,
2436 4551 2529 4604 καὶ
2566 4548 2942 4616 καταλλάξωσι
2973 4550 3099 4610 τοὺς
3141 4547 3576 4609 στασιάσαντας*
3611 4548 3662 4600 εί
3695 4547 3758 4600 δὲ

2170 4644 2243 4715 μὴ
2280 4645 2455 4709 τοῦτο,
2490 4645 2913 4715 χειροτονήσωσι
2937 4642 3074 4705 τέως
3100 4641 3401 4694 ἐπίσκοπον
3439 4639 3518 4703 είς
3550 4655 3759 4710 χρησι-

2169 4736 2376 4804 μότητα
2405 4736 2504 4805 τῆς
2532 4736 2590 4788 ἐν
2641 4731 2866 4787 Ἱππῶνι
2899 4732 3224 4804 ἐκκλησίας,
3278 4733 3446 4803 ἤγουν
3483 4732 3561 4792 εις
3591 4728 3759 4796 ὠφέ-

482 4822 747 4876 licclesia:
782 4819 1006 4874 utilitati
1038 4819 1405 4883 conSulentes,
1439 4834 1556 4885 quae
1582 4820 1785 4886 jamdiu
1822 4818 2057 4884 deserta,

2202 4845 2314 4880 ειαν
2361 4828 2457 4897 τῆς
2499 4827 2595 4881 ἐπὶ
2638 4828 2803 4880 πολὺν
2851 4825 3040 4897 χρόνον
3091 4823 3568 4895 καταλειφθείσης,
3622 4822 3756 4892 ῆτοι

486 4911 594 4964 hoc
640 4920 745 4977 est,
794 4925 822 4962 a
856 4922 955 4963 suo
991 4907 1244 4961 antistite
1273 4908 1528 4961 destituta
1571 4917 1679 4973 est,
1714 4908 1950 4979 aliquem
1985 4908 2066 4962 itt-

486 5003 648 5053 terim
684 5003 737 5053 in
778 5014 843 5054 ea
872 5001 1190 5069 episcopum
1223 5000 1582 5054 constituant.

487 5092 716 5148 AlliST.
759 5110 778 5143 ι
815 5091 1003 5146 Visum
1036 5102 1139 5156 est,
1185 5103 1241 5146 ut
1274 5105 1395 5163 post
1427 5093 1625 5164 eqtitii
1658 5096 2063 5153 condemnatio-

567 5204 585 5235 ι
624 5199 745 5237 netn
776 5186 1018 5238 omnium
1045 5185 1185 5238 votis
1216 5187 1501 5256 episcopus
1536 5188 1763 5259 llipponi
1802 5191 2066 5258 praeficia-

566 5295 585 5327 ι
624 5287 741 5331 tur:
767 5287 819 5332 et
849 5277 936 5331 isti
970 5293 1304 5345 nequaquam
1329 5280 1625 5351 impediant
1646 5282 1775 5350 quin
1807 5282 1858 5334 in
1879 5279 2066 5337 Eccle-

566 5389 584 5419 ι
635 5370 713 5423 sia
749 5369 945 5439 praesul
973 5372 1272 5426 ordinetur.
1307 5390 1326 5423 ι

557 5548 821 5605 Omnibus
878 5549 1097 5619 placuit.
1131 5560 1190 5606 ut
1230 5552 1283 5606 in
1316 5551 1579 5623 llipponis
1636 5555 1930 5610 Ecclesium
1965 5572 2054 5611 or-

500 5642 782 5695 dinaretur
833 5643 1123 5713 episcopus
1156 5647 1413 5716 episcopo
1450 5648 1595 5702 illius
1634 5647 1851 5716 Equitio
1892 5650 2062 5719 depu-

493 5733 623 5798 s'tto,
652 5743 708 5789 et
740 5734 919 5791 nullos
958 5752 1143 5794 eorum
1179 5742 1270 5810 qui
1308 5741 1358 5796 ei
1395 5743 1827 5797 adversabantur
1890 5744 2063 5811 impc-

2163 4920 2334 4992 χωρὶς
2369 4920 2670 4973 ἐπισκόπου
2706 4918 2891 4989 οὔσης.

2161 5099 2385 5153 ΔΡΙΣΤ.
2456 5118 2476 5152 ι
2529 5098 2715 5165 Ἔδοξε
2753 5100 2891 5170 μετὰ
2938 5099 3037 5170 τὴν
3075 5097 3336 5151 Αἱκυτίου
3376 5095 3754 5164 κατάκρισιν,

2241 5208 2259 5240 ι
2310 5191 2446 5259 μετὰ
2485 5191 2586 5261 τῆς
2617 5193 2835 5246 πάντων
2876 5191 3042 5261 εὐχῆς
3067 5190 3368 5243 ἐπίσκοπον
3395 5187 3492 5256 τῆς
3519 5188 3578 5238 ἐν
3626 5184 3759 5238 Ἱπ-

2241 5299 2260 5331 ι
2309 5283 2451 5335 πῶνι
2487 5283 2958 5355 προχειρισθῆναι,
2998 5281 3091 5336 καὶ
3122 5281 3389 5352 μηδαμῶς
3416 5278 3613 5339 αὐτοὺς
3637 5277 3760 5345 ἐμ.-

2241 5394 2259 5426 ι
2308 5373 2525 5427 ποδίσαι
2583 5378 2663 5439 εἰς
2727 5374 2786 5428 τὸ
2845 5371 3292 5444 χειροτονηθῆναι
3356 5368 3617 5441 πρόεδρον
3680 5369 3761 5439 τῇ

2241 5488 2259 5521 ι
2308 5468 2590 5539 ἐκκλησῖα.
2653 5487 2671 5519 ι

2240 5563 2445 5631 ’Ἡρεσε
2481 5563 2644 5613 πᾶσιν
2674 5563 2753 5621 εἰς
2783 5559 2879 5629 τὴν
2916 5560 2971 5612 ἐν
3019 5558 3249 5612 Ίππῶνι
3279 5554 3579 5625 ἐκκλησίαν
3608 5570 3764 5624 προ-

2166 5654 2504 5725 χειρισθήναι
2558 5653 2858 5704 ἐπίσκοπον
2910 5651 3001 5704 τοῦ
3049 5650 3351 5705 ἐπισκόπου
3395 5647 3594 5717 ταύτης
3647 5647 3766 5701 τοῦ

2168 5744 2424 5797 Αξκυτίου
2479 5743 2916 5811 καθαιρεθέντος,
2964 5744 3054 5795 καὶ
3104 5745 3178 5814 μή
3231 5758 3387 5804 τινας
3438 5742 3546 5794 τῶν
3590 5738 3764 5791 ἀντι-
