3976 6390
265 335 367 398 993

1249 339 1332 400 IN
1368 341 1534 403 CAN.
1587 340 1892 401 LXXXIII
1929 339 2139 403 CONC.
2172 340 2548 402 CAR’I‘IIAG.

3434 343 3540 406 294

262 447 604 520 ποιουμένων
632 446 844 502 ἐκείνου
872 448 1171 517 ,ἐμποδίσαι
1197 453 1275 512 εἰς
1302 451 1363 504 τὸ
1394 454 1844 521 χειροτονηθῆναι

1988 452 2105 516 ire,
2161 452 2457 522 quominus
2522 451 2588 505 ad
2673 451 2950 520 Ecclesiae,
3012 455 3197 511 tandiu
3281 457 3538 528 episcopo

263 541 566 595 ἐπίσκοπον
597 542 677 602 είς
707 539 976 608 ὠφέλειαν
1005 542 1105 609 τῆς
1138 542 1454 614 ἐκκλησίας,
1486 543 1587 610 τῆς
1627 543 1726 596 επὶ
1763 560 1853 595 το-

270 634 461 688 σοῦτον
489 617 892 704 χρόνονάωρὶς
927 635 1232 698 ἐπισκόπου
1265 635 1744 707 καταλειφθείσης.

873 726 1114 779 ΚΑΝΩΝ
1147 724 1270 780 ΠΒ¹.

268 837 286 868 ι
338 819 476 888 Περὶ
503 819 614 870 τῶν
648 819 722 887 μη
753 818 1154 886 φροντιζόντων
1185 819 1468 889 κληρικῶν
1495 820 1645 883 ἐντὸς
1671 822 1854 872 ἐνιαυ-

343 931 359 962 ι
408 909 503 962 τοῦ
527 910 734 981 πρᾶξαι
759 911 820 962 τὸ
842 911 977 964 ἴδιον
1002 914 1252 980 πρᾶγμα.
1286 913 1454 966 Πάλιν
1484 913 1717 983 ὡρίσθη,
1747 911 1854 978 ἵνα,

347 1021 365 1054 ι
411 1004 599 1065 ὁσάκις
629 1002 910 1073 κληρικῶν
935 1003 1321 1074 ἐλεγχθέντων,
1346 1008 1440 1059 καὶ
1465 1007 1856 1076 καταθεμένων

340 1113 356 1144 ι
403 1095 526 1146 τινὰ
553 1095 874 1165 ἐγκλήματα
895 1095 1006 1148 εἴτε
1037 1097 1127 1150 διὰ
1155 1096 1215 1149 τὸ
1247 1098 1346 1167 τῆς
1379 1098 1675 1168 ἐκκλησίας
1711 1099 1856 1150 ovat.

342 1208 358 1238 ι
407 1187 495 1250 δος
522 1187 632 1239 εἴτε
661 1186 749 1240 διὰ
770 1189 868 1257 τὴν
901 1189 1310 1259 αἱδεσιμότητα,
1339 1184 1434 1260 (ὧν
1459 1192 1620 1261 χάριν
1644 1193 1854 1252 τούτοις

340 1295 358 1326 ι
405 1277 620 1344 γίνεται
647 1278 860 1346 φειδὼ),
892 1278 1004 1332 εἴτε
1025 1279 1114 1332 διὰ
1139 1280 1238 1349 τὴν
1255 1281 1488 1344 ἀλαζόνα
1517 1283 1625 1335 τῶν
1653 1282 1856 1354 αἱρετι-

339 1393 358 1424 ι
408 1373 522 1426 κῶν
568 1373 663 1426 καὶ
694 1375 922 1426 ἐθνικῶν
964 1376 1377 1446 ὲπιγαυρίασιν,
1415 1377 1532 1441 ἐὰν,
1575 1377 1649 1440 ὼς
1685 1379 1853 1443 είκδς,

341 1483 358 1514 ι
404 1464 852 1532 ἑπαγωνίσασθαι
882 1465 959 1534 τῷ
992 1466 1108 1536 ἰδίῳ
1136 1468 1447 1538 πράγματι,
1476 1470 1566 1522 καὶ
1593 1469 1688 1539 τῆς
1723 1469 1857 1531 ίδίας

343 1576 360 1608 ι
409 1557 703 1619 ἀϐλαϐείας
731 1558 1017 1624 φροντίσαι
1042 1559 1360 1630 θελήσωσιν,
1389 1561 1536 1622 ἐντὸς
1559 1563 1860 1631 ἀκοινωνη-

338 1669 358 1702 ι
409 1652 530 1713 σίας
575 1647 823 1702 ἐνιαυτοῦ
875 1649 1032 1702 τοῦτο
1080 1651 1414 1720 ποιήσωσινο
1467 1653 1564 1706 ἐὰν
1611 1653 1665 1705 δὲ
1706 1651 1858 1714 ἐντὸς

339 1763 357 1793 ι
405 1741 654 1794 ἐνιαυτοῦ
679 1746 740 1792 τὸ
775 1743 1006 1811 πρᾶγμα
1037 1741 1222 1795 αὐτῶν
1251 1743 1489 1812 καθᾶραι
1513 1743 1862 1813 καταφρονή-

339 1852 357 1884 ι
410 1849 547 1886 σωσι
580 1831 819 1901 μηδεμία
837 1832 1044 1885 τούτων
1073 1833 1164 1886 τοῦ
1186 1834 1372 1887 λοιποῦ
1405 1836 1555 1907 φωνὴ
1577 1836 1856 1898 παντελῶς
1890 1817 1932 1874 Β

340 1947 358 1979 ι
409 1925 792 1996 προσδεχθείη.

333 2018 535 2073 ΒΑΛΣ.
573 2017 631 2071 Ὀ
654 2016 843 2088 παρὼν
865 2015 1048 2070 κανὼν
1071 2017 1363 2089 διορίζεται
1384 2020 1512 2084 τοὺς
1535 2021 1850 2092 κληρικοὺς,

263 2113 391 2174 τοὺς
436 2109 529 2164 διά
561 2125 686 2163 τινα
731 2109 1052 2178 ἐγκλήματα
1085 2110 1445 2180 ἐλεγχθέντας
1469 2151 1484 2175 ,
1519 2112 1640 2182 ἦτοι
1680 2131 1855 2168 καταο

268 2203 725 2275 μαρτυρηθέντας
758 2201 865 2253 ἀπὸ
897 2201 1245 2272 προλήψεως,
1281 2204 1598 2272 φροντίζειν
1629 2205 1724 2258 τοῦ
1756 2223 1854 2258 πε-

271 2296 585 2365 ρατωθῆναι
607 2293 704 2356 τὰς
729 2294 850 2348 κατ’
872 2294 1051 2347 αὐτῶν
1080 2295 1367 2358 ὑποθέσεις
1392 2297 1542 2360 ἐντὸς
1566 2297 1812 2350 ἐνιαυτοῦ
1838 2314 1852 2328 ο

267 2389 316 2441 εί
343 2387 402 2440 δὲ
437 2385 537 2456 μὴ.
573 2384 986 2440 ἀποκλείεσθαι.
1017 2386 1204 2440 Ταῦτα
1228 2386 1284 2438 δὲ
1319 2389 1419 2439 οὑκ
1447 2387 1734 2456 ἐνεργοῦσι
1764 2389 1858 2459 σή-

270 2497 456 2550 μερον,
493 2478 582 2532 διὰ
626 2477 688 2530 τὸ
722 2479 828 2529 ἀπὸ
862 2476 1137 2550 διαφόρων
1170 2479 1400 2548 Νεαρῶν
1431 2482 1610 2533 πᾶσαν
1660 2480 1856 2551 ἐγκλη-

270 2571 514 2642 ματικὴν
581 2569 840 2624 ὑπόθεσιν
912 2571 990 2632 είς
1052 2570 1275 2641 διηνεκῆ
1345 2573 1538 2643 χρόνον
1607 2573 1856 2626 ὲπεκτείυ

272 2662 485 2716 νεσθαι.

336 2753 586 2806 ΖΩΝΔΡ.
633 2753 759 2805 Ἐὰν
792 2753 1046 2823 κληρικοὶ
1083 2754 1505 2824 κατηγορῶνται
1532 2754 1621 2806 ἐπ’
1655 2755 1856 2818 αἰτίαις

269 2847 669 2917 ἐκϐαλλούεαις
703 2847 899 2910 αὐτοὺς
927 2848 1022 2900 τοῦ
1065 2847 1296 2917 κλήρου,
1329 2848 1394 2901 δι’
1420 2848 1486 2911 ἃς
1525 2849 1617 2902 καῖ⁸
1651 2847 1853 2912 ὄνειδος

266 2941 363 3010 τῆς
402 2940 732 3008 Ἐκκλησίας
770 2943 929 3001 εἰσιν,
967 2942 1040 3003 ὼς
1072 2941 1356 3011 μὴκαλῶς
1397 2941 1658 3012 βιοῦντες,
1689 2943 1857 2996 ἁπαι-

264 3037 348 3086 τεῐ
399 3035 602 3096 αὐτοὺς
644 3035 672 3086 ὁ
719 3033 900 3087 κανὼν
931 3035 1082 3095 ἐντὸς
1113 3035 1364 3086 ἐνιαυτοῦ
1403 3033 1856 3101 ὲπαγωνίσασθαι

1957 545 2254 612 destitutas,
2285 547 2569 602 utilitatem
2600 549 2885 618 episcopus
2920 550 3220 606 ordinetur.

2487 729 2718 784 CANON
2761 729 3024 787 LXXXII.

1965 838 1982 868 ι
2024 818 2097 872 De
2151 821 2388 885 clericis,
2415 823 2504 889 qui
2563 839 2669 876 non
2703 835 2894 878 curant
2928 840 3082 878 suam
3145 824 3284 878 intra
3339 841 3534 880 annum

2037 929 2055 962 ι
2093 926 2310 982 causam
2338 929 2520 982 agere.
2553 913 2789 968 Rursum
2817 918 3102 970 decretum
3151 927 3254 984 est,
3297 928 3354 971 ut
3389 933 3533 985 quo-

2036 1022 2054 1053 ι
2090 1005 2213 1070 ties,
2240 1004 2456 1058 clericis
2487 1005 2776 1069 accusatis,
2814 1016 2871 1061 et
2906 1007 3217 1076 aliquorum
3244 1007 3535 1062 criminum

2034 1116 2052 1147 ι
2094 1097 2142 1148 in
2169 1112 2262 1151 eos
2297 1098 2441 1150 dicto
2482 1099 2818 1163 testimonio,
2872 1100 2988 1154 sive
3025 1109 3244 1169 propter
3281 1103 3538 1169 probrum

2033 1207 2051 1239 ι
2091 1188 2362 1254 Ecclesiae,
2381 1189 2730 1257 sive'propter
2753 1193 3112 1244 reverentiam
3138 1191 3355 1260 (quibus
3371 1190 3546 1244 nomi-

2040 1299 2058 1332 ι
2093 1281 2248 1336 nibus
2267 1284 2342 1336 eis
2357 1284 2613 1350 parcitur)
2631 1283 2741 1335 sive
2759 1293 2976 1351 propter
2994 1284 3313 1337 insolentem
3333 1268 3539 1337 ltmrctio

2033 1392 2053 1425 ι
2091 1389 2280 1428 eorum
2310 1384 2361 1426 et
2388 1373 2663 1441 gentilium
2685 1375 3119 1438 exsultationem,
3141 1375 3208 1441 si,
3233 1385 3289 1428 ut
3317 1391 3410 1444 par
3436 1383 3540 1439 est,

2038 1483 2056 1516 ι
2093 1479 2312 1519 causam
2343 1480 2496 1518 suam
2522 1463 2830 1527 defendere,
2860 1473 2911 1519 et
2934 1481 3044 1519 suae
3065 1467 3354 1534 probanda:
3382 1468 3541 1520 inno-

2035 1577 2055 1610 ι
2092 1559 2284 1613 centia:
2309 1573 2494 1612 curam
2520 1572 2712 1627 gerere
2746 1557 3035 1621 voluerint,
3057 1560 3156 1611 hoc
3182 1560 3322 1612 intra
3339 1575 3538 1614 annum

2034 1666 2054 1700 ι
2086 1647 2669 1702 excommunicationis
2725 1646 2972 1700 faciant:
3028 1649 3110 1700 sin
3165 1657 3346 1701 autem
3399 1650 3540 1701 intra

2037 1761 2055 1793 ι
2099 1755 2300 1794 annum
2372 1756 2591 1794 causam
2663 1755 2817 1794 suam
2872 1755 3106 1809 purgare
3165 1740 3537 1809 neglexerint,

2037 1854 2056 1886 ι
2103 1835 2247 1888 nulla
2301 1849 2488 1888 eorum
2534 1833 2802 1903 deinceps
2839 1849 2941 1887 vox
3003 1835 3226 1889 omnino
3287 1835 3543 1890 admitta-

2036 1945 2053 1978 ι
2098 1939 2205 1980 lttr.
2240 1945 2256 1976 ι

2032 2018 2228 2072 BALS.
2289 2018 2533 2072 Praesens
2596 2032 2772 2072 canon
2837 2019 3042 2081 statuit,
3098 2025 3154 2070 ut
3205 2018 3410 2086 clerici,
3444 2018 3536 2087 qui

1959 2122 2181 2182 propter
2212 2113 2442 2168 crimina
2474 2121 2603 2165 sunt
2658 2110 2922 2174 accusati,
2956 2112 3071 2165 sive
3103 2113 3372 2167 adversus
3399 2127 3537 2181 quos

1954 2205 2328 2260 testimonium
2359 2203 2527 2274 616
2583 2204 2784 2258 dictum
2837 2213 2920 2256 est
2965 2218 3028 2257 ex
3080 2205 3536 2272 praesumptione,

1958 2307 2151 2352 curent
2202 2307 2258 2351 ut
2309 2312 2486 2352 eausa:
2538 2296 2800 2351 adversus
2828 2311 2938 2367 {eos
2992 2297 3132 2350 intra
3175 2312 3373 2350 annttm
3412 2311 3536 2366 per-

1956 2402 2186 2460 agantur
2213 2409 2228 2445 :
2264 2391 2347 2443 sin
2403 2390 2581 2442 minus
2611 2387 2988 2443 excludantur.
3018 2387 3142 2442 llaec
3169 2395 3348 2441 autem
3381 2388 3539 2442 hodie

1958 2499 2064 2541 non
2130 2491 2258 2536 sunt
2298 2481 2348 2533 in
2383 2496 2484 2534 usu
2543 2498 2557 2533 :
2599 2495 2665 2533 eo
2713 2479 2857 2549 quod
2909 2495 2992 2534 ex°
3035 2479 3265 2534 diversis
3300 2477 3538 2533 Novellis

1957 2572 2139 2626 omnis
2193 2571 2500 2628 criminalis
2531 2585 2697 2625 causa
2740 2570 2792 2624 in
2827 2580 3149 2639 perpetuum
3191 2578 3405 2638 tempus
3437 2585 3536 2624 ex-

1959 2664 2234 2716 tendatur.

2030 2751 2285 2806 ZONAR.
2341 2751 2397 2806 Si
2455 2753 2639 2808 clerici
2700 2752 2772 2807 ob
2819 2752 3074 2817 crimina,
3132 2764 3356 2822 propter
3419 2767 3539 2823 quae

1957 2842 2105 2896 clero
2142 2844 2386 2897 movendi
2413 2843 2542 2911 sint,
2573 2854 2926 2907 accusentur,
2959 2858 3024 2898 ex
3051 2844 3251 2914 quibus
3280 2844 3538 2900 Ecclesia:

1957 2950 2196 3004 quoque,
2229 2935 2382 3003 quasi
2430 2934 2704 3004 ﬂagitiosa
2741 2936 2810 2990 sit
2847 2938 3171 2990 clericorum
3206 2938 3339 3000 vita,
3376 2937 3532 3005 iguoo

1959 3028 2142 3080 miuia:
2167 3026 2344 3095 aliqua
2378 3028 2526 3082 labes
2563 3037 2924 3097 aspergatur;
2957 3028 3124 3097 exigit
3147 3027 3213 3082 ab
3243 3028 3309 3082 iis
3337 3043 3535 3092 cauo",

268 3127 509 3195 καθᾶραι
541 3126 768 3188 ἑαυτοὺς
800 3127 897 3192 τῆς
930 3125 1294 3195 κατηγορίας,
1327 3125 1437 3177 εἴτε
1467 3124 1556 3178 διὰ
1580 3126 1679 3195 τὴν
1715 3125 1855 3179 αἰδε-

1986 3130 2021 3173 ιι
2063 3122 2222 3175 unius
2254 3121 2382 3174 anni
2420 3121 2597 3188 spatio
2649 3135 2710 3175 se
2758 3123 2825 3175 ab
2855 3135 2940 3185 ea,
2990 3137 3110 3190 qua;
3147 3122 3198 3176 in
3232 3122 3381 3191 ipsos
3407 3138 3538 3175 con-

269 3219 558 3289 σιμότητα,
596 3218 763 3288 ’ήγουν
792 3218 851 3269 τὸ
883 3217 1101 3286 ἔντιμον
1125 3217 1234 3269 τῶν
1259 3215 1486 3291 βαθμῶν
1505 3215 1598 3269 τοῦ
1622 3217 1850 3287 κλήρου,

267 3311 331 3364 δι’
361 3311 390 3363 ὃ
422 3310 517 3364 καὶ
552 3310 852 3378 φείδονται,
884 3294 971 3362 ἵνα
1015 3308 1090 3378 μὴ
1121 3308 1461 3379 ἁτιμάζηται
1497 3310 1528 3377 ἡ
1563 3309 1853 3379 ἱερωσύνη,

273 3404 409 3472 ῆδιιὰ
437 3403 500 3456 τὸ
535 3401 611 3472 μὴ
653 3403 1086 3470 κατεπαίρεσθαι
1119 3402 1244 3464 τοὺς
1283 3403 1594 3471 αίρετικοὺς
1623 3402 1682 3466 ἐξ
1721 3402 1856 3454 ἀλα-

269 3492 505 3557 ζονείνας,
560 3494 657 3543 καὶ
699 3492 1065 3559 καταφρονεῖν
1109 3492 1208 3557 τῆς
1253 3489 1578 3560 ἱερωσύνης,
1627 3489 1748 3543 καθ’
1797 3491 1857 3544 ὃν

269 3582 517 3636 ἐνιαυτὸν
548 3583 644 3634 καὶ
674 3581 1033 3650 ἀκοινώνητοί
1065 3582 1193 3636 είσι.
1225 3581 1324 3634 Διὰ
1349 3583 1506 3634 τοῦτο
1541 3583 1645 3652 γὰρ
1674 3581 1734 3646 ἐξ
1757 3583 1856 3650 ἁρ-

271 3673 367 3743 χῆς
401 3675 430 3724 ὁ
465 3670 650 3725 κανὼν
684 3669 1042 3740 ἐλεγχθέντας
1079 3670 1277 3733 αὐτοὺς
1309 3670 1614 3740 ὠνόμασεν,
1653 3673 1751 3742 οὐχ
1782 3672 1856 3734 ὼς

267 3765 486 3827 τελείως
527 3763 1000 3832 ἀποδεδειγμένων
1037 3763 1144 3814 τῶν
1173 3762 1294 3814 κατ’
1342 3763 1525 3816 αὐτῶν
1573 3763 1857 3833 εἰσαχθέν-

268 3873 403 3912 τωνο
452 3858 485 3928 ἦ
524 3859 634 3927 γὰρ
680 3857 748 3910 ἂν
793 3854 1326 3925 καὶκαθηρέθησαν,
1375 3855 1426 3906 εί
1471 3855 1852 3926 ἠλέγχθησαν·

273 3951 378 4004 ἀλλ’
410 3950 486 4011 ὡς
522 3949 852 4020 προλήψεων
884 3947 981 4001 καὶ
1015 3949 1137 4001 κατ’
1174 3948 1356 4000 αὐτῶν
1382 3947 1663 4008 δοθεισῶν,
1692 3946 1759 3998 δι’
1791 3946 1858 4010 ἃς

272 4043 364 4096 καὶ
396 4042 774 4109 ἁκοινωνησίᾳ
806 4042 1242 4109 ὲπετιμήθησαν.
1287 4039 1350 4093 Εί
1385 4039 1483 4108 μὲν
1517 4037 1610 4092 οῦν
1641 4039 1728 4092 διὰ
1760 4039 1856 4092 τοῦ

271 4132 517 4187 ἐνιαυτοῦ
541 4132 902 4185 σπουδάσουσι
923 4130 1194 4201 καθαροὺς
1215 4132 1440 4195 ἑαυτοὺς
1464 4131 1739 4196 ἀποδεῖξαι
1751 4133 1858 4186 τῶν

271 4225 638 4295 ἐγκλημάτων
661 4265 677 4288 ,
715 4223 810 4276 καὶ
856 4221 950 4275 τοῦ
987 4223 1265 4290 ἐπιτιμίου
1309 4223 1723 4293 κωλυθήσονται
1753 4239 1766 4252 ’
1808 4225 1856 4277 εξ

271 4318 323 4370 δὲ
363 4319 441 4386 μὴ
482 4316 848 4388 ἁπρόσδεκτοι
900 4315 1112 4367 ἔσονται
1152 4314 1292 4384 μετὰ
1354 4315 1523 4368 ταῦτα
1557 4315 1713 4384 λόγον
1744 4320 1856 4369 είσ-

273 4419 516 4471 αγοντες.

275 4673 496 4728 ΑΡΙΣΤ.
541 4689 562 4724 ι
619 4672 1009 4742 Ἐλεγχόμενος
1051 4670 1308 4739 κληρικὸς
1349 4671 1438 4722 ἐπ’
1500 4671 1852 4741 ἐγκλήματι,

349 4787 366 4818 ι
412 4768 510 4821 ἐὰν
558 4762 1004 4832 ὲπαγωνίσασθαι
1066 4763 1234 4832 λέγῃ,
1278 4763 1425 4825 ἐντὸς
1467 4763 1713 4816 ἐνιαυτοῦ
1755 4765 1855 4815 ὲπο

347 4879 365 4909 ι
413 4857 792 4926 αγωνιζέσθω·
820 4857 958 4924 μετὰ
983 4855 1039 4906 δὲ
1062 4853 1219 4908 τοῦτο
1242 4855 1383 4908 ἔστω
1416 4856 1798 4926 ἀπρόσδεκτος.
1832 4876 1849 4908 ι

356 4949 745 5020 Ἐλεγχόμενος
777 4946 863 5000 ἐπ’
899 4945 1212 5016 ἐγκλήμασι
1241 4949 1336 5000 καὶ
1362 4947 1460 5017 ήδη
1501 4947 1858 5010 καταδικαζό-

276 5059 432 5112 μενος
475 5040 771 5109 κληρικὸς,
807 5039 903 5092 ἐὰν
935 5039 1017 5091 ἔτι
1054 5037 1187 5111 λέγῃ
1223 5038 1486 5092 δύνασθαι
1518 5040 1858 5111 δικαιολογή-

275 5134 472 5188 σασθαι
520 5135 618 5188 καὶ
673 5132 870 5186 ἑαυτδν
923 5132 1216 5185 ἀνεύθυνον
1271 5133 1651 5203 παραστῆσαι,
1704 5135 1856 5197 ἐντὸς

275 5227 524 5282 ἐνιαυτοῦ
547 5226 753 5297 ὀφείλει
779 5224 1242 5294 ὲπαγωνίσασθαι·
1271 5226 1409 5296 μετὰ
1428 5226 1486 5278 δὲ
1505 5227 1597 5281 τὸν
1617 5228 1858 5283 ἐνιαυτὸν

275 5303 494 5392 οὐδεμία
511 5319 678 5373 αὐτοῦ
696 5318 1028 5387 δικαιολογία
1055 5336 1130 5372 πα
1138 5319 1529 5390 ραδεχθήσεται
1547 5338 1570 5373 ε
1581 5321 1626 5385 ξς
1639 5321 1698 5374 τὸ
1713 5323 1860 5375 δικα-

274 5414 495 5484 στήριον
527 5416 652 5466 ὅσον
692 5412 847 5477 αὐτὸ,
880 5412 1016 5466 ἀλλὰ
1069 5413 1606 5483 καταδεδικασμένος
1658 5416 1854 5468 ἔσται’

271 5507 363 5556 καὶ
424 5506 473 5556 εἰ
503 5503 757 5574 βούλεται
785 5502 974 5556 ἔκτοτε
1005 5504 1378 5571 ἐκκαλεῖσθαι,
1416 5507 1639 5562 ποιείτω
1678 5504 1856 5560 τοῦτο.

869 5597 1103 5649 ΚΑΝΩΝ
1134 5597 1257 5651 III".

354 5693 442 5755 Ὠς
470 5693 598 5755 τοὺς
621 5690 728 5745 ἀπὸ
744 5689 1027 5761 ἀλλοτρίου
1049 5692 1413 5763 μοναστηρίου
1441 5693 1857 5762 ὑποδεχοὲντας,

341 5804 360 5838 ς
410 5785 550 5856 μηδὲ
587 5785 925 5855 ἡγουμένους
964 5783 1058 5838 τοῦ
1101 5788 1502 5856 μοναστηρίου,
1544 5787 1678 5858 μηδὲ
1730 5789 1859 5859 κλη.

1963 3213 2158 3276 fertur,
2215 3211 2369 3280 culpa
2423 3211 2656 3266 liberare
2707 3217 3069 3280 contendant;
3134 3213 3298 3284 idque
3333 3215 3412 3269 vel
3465 3216 3538 3270 ob

1959 3304 2322 3358 reverentiam
2382 3318 2474 3357 seu
2529 3305 2672 3358 sacri
2727 3306 2936 3359 ordinis
2969 3306 3282 3372 dignitatem
3317 3322 3540 3362 conser-

1961 3396 2218 3457 vandam,
2256 3409 2364 3462 quo
2390 3395 2609 3448 nomine
2652 3396 2732 3450 eis
2761 3396 2966 3450 interea
3019 3397 3282 3466 parcitur,
3337 3415 3403 3452 ne
3431 3416 3535 3467 qua

1960 3501 2113 3539 sacro
2161 3487 2337 3540 ordini
2388 3485 2622 3542 infantia:
2659 3499 2783 3542 uota
2817 3491 3040 3553 haereat,
3074 3491 3153 3545 vel
3184 3506 3252 3545 ne
3299 3491 3535 3546 haeretici

1960 3577 2216 3632 insolenti
2281 3579 2526 3634 vanitate
2574 3582 2897 3646 efferantur,
2927 3597 2990 3636 ex
3039 3598 3214 3651 coque
3249 3585 3568 3642 sacerdotii.

1963 3667 2348 3721 contemnendi
2408 3683 2598 3722 ansam
2658 3673 2926 3740 accipiant
2989 3690 3003 3726 :
3062 3687 3238 3742 eoque
3299 3689 3442 3728 anno
3503 3691 3530 3727 a

1958 3761 2350 3814 communione
2403 3776 2625 3830 qttoque
2683 3764 2960 3818 abstinere
2985 3765 3156 3834 jubet.
3195 3765 3322 3818 Nam
3355 3775 3410 3820 et
3440 3781 3534 3821 eos

1959 3861 2253 3919 propterea
2319 3867 2497 3906 canon
2566 3854 2722 3908 initio
2776 3857 3054 3910 convictos
3083 3859 3396 3927 appellavit,
3429 3875 3534 3912 non

1959 3944 2085 4012 quia
2145 3944 2436 3999 manifesto
2501 3946 2727 4000 obnoxii
2779 3948 3102 4008 crintinibus
3179 3961 3532 4015 tenerentur;

1960 4037 2240 4092 convictos
2292 4036 2436 4091 enim
2468 4053 2624 4106 paena
2658 4040 3012 4108 depositionis
3043 4041 3185 4095 illico
3231 4051 3415 4097 secuta
3445 4058 3541 4097 es-

1959 4139 2043 4183 set
2078 4145 2093 4181 :
2135 4129 2231 4183 sed
2264 4130 2404 4198 quod
2439 4140 2725 4185 exstarent
2758 4131 2958 4185 indicia
2996 4133 3282 4198 facinoris,
3314 4149 3377 4187 ex
3419 4137 3537 4202 qui~

1960 4219 2060 4273 bus
2099 4221 2725 4278 meritocommunionis
2758 4225 3064 4292 privatione
3122 4225 3333 4279 multati
3387 4236 3538 4281 sinit.

1960 4311 2104 4379 Ergo
2138 4314 2182 4366 si
2219 4315 2379 4369 unius
2419 4315 2545 4369 anni
2569 4316 2863 4370 intervallo
2895 4318 3022 4371 nulli
3049 4310 3115 4372 se
3149 4319 3316 4387 culpa:
3351 4319 3545 4374 aﬂim-s

1961 4421 2083 4460 esse
2116 4409 2482 4476 ostenderint,
2505 4425 2536 4464 ιι
2564 4410 2729 4464 multa
2754 4427 2969 4481 quoque
3005 4413 3384 4468 liberabuntur
3411 4432 3426 4469 :
3455 4415 3538 4468 sin

1885 4507 1928 4560 1)
1961 4500 2144 4552 minus
2163 4515 2226 4553 eo
2248 4500 2454 4569 elapso,
2475 4502 2539 4554 ad
2562 4517 2784 4555 causam
2815 4503 3100 4571 agendam,
3129 4504 3212 4559 vel
3235 4505 3282 4559 si
3305 4505 3546 4560 maxime

1966 4590 2153 4654 velint,
2187 4605 2295 4643 non
2330 4592 2709 4647 admittentur.

1961 4682 2190 4736 AltlST.
2229 4702 2248 4734 ι
2282 4683 2526 4739 Clericus
2543 4687 2774 4740 crimine
2805 4689 3116 4750 convictus,
3148 4704 3193 4743 ει
3227 4704 3287 4743 se
3319 4704 3543 4744 causam

2041 4795 2060 4825 ι
2099 4790 2252 4830 suam
2281 4775 2631 4831 defensurum
2657 4779 2819 4843 dicat,
2855 4781 2992 4833 intra
3021 4796 3220 4832 annum
3249 4780 3540 4836 defendat:

2043 4884 2060 4915 ι
2091 4877 2278 4935 postea
2311 4881 2441 4921 vero
2470 4884 2576 4922 non
2609 4870 2952 4924 admittatur.
2986 4890 3006 4922 ι

2036 4957 2369 5012 Criminibus
2397 4972 2686 5014 aCCIISHIUS
2720 4970 2772 5014 ct
2795 4963 2906 5032 jam
2947 4963 3342 5018 condemnatus
3383 4967 3546 5020 cleri-

1965 5064 2086 5111 cus,
2141 5050 2187 5103 si
2235 5051 2416 5104 adhuc
2467 5051 2611 5105 dicat
2644 5068 2704 5107 se
2749 5053 2873 5122 jura
2930 5071 3025 5109 sua
3059 5056 3304 5124 proferre
3358 5073 3546 5126 posse,

1963 5148 2019 5193 et
2051 5141 2287 5207 seipsum
2346 5143 2692 5196 innocentem
2720 5145 2972 5212 probare,
3003 5146 3144 5200 intra
3196 5163 3395 5203 annum
3438 5149 3546 5204 liti-

1965 5249 2093 5302 gare
2128 5233 2286 5288 debet
2323 5253 2336 5289 :
2371 5247 2492 5304 post
2541 5252 2739 5288 annum
2773 5247 2952 5291 autem
3016 5241 3160 5295 nulla
3222 5258 3403 5298 causa:
3433 5260 3549 5299 suae

1966 5329 2210 5383 defensio
2263 5329 2601 5392 admittetur,
2638 5331 2731 5384 sed
2773 5343 3038 5400 quantum
3073 5336 3138 5389 ad
3186 5337 3360 5404 ipsum
3393 5337 3546 5402 judi-

1967 5419 2115 5474 cium
2150 5419 2544 5474 condemnatus
2599 5423 2725 5475 ιιι-ιι.
2758 5423 2822 5476 Et
2849 5424 2896 5478 si
2929 5425 3094 5480 vellet
3142 5437 3327 5495 postea
3358 5430 3547 5497 appel-

1965 5510 2104 5576 lare,
2135 5510 2265 5564 illud
2297 5510 2480 5565 faciat.

2460 5609 2695 5665 CANON
2753 5611 3042 5667 LXXXIII.

1974 5717 1991 5750 ι
2046 5699 2112 5755 Ut
2145 5716 2259 5766 eos,
2289 5702 2380 5770 qui
2429 5718 2493 5754 ex
2525 5703 2705 5756 alieno
2741 5706 3076 5760 monasterio
3114 5704 3347 5770 suscepti
3395 5715 3548 5769 sunt,

2047 5814 2064 5845 ι
2098 5810 2195 5849 nec
2247 5796 2592 5850 monasteriis
2650 5795 2954 5866 praefccms,
2993 5815 3092 5854 nec
3137 5798 3364 5854 clericos
3390 5801 3546 5854 ordi-
