3976 6386
439 321 552 382 2.Ῑὸ

1720 315 1998 380 THEOD.
2043 318 2447 398 BALSAMON

3608 318 3713 383 29ft

524 462 540 491 ι
580 453 712 494 nare
750 436 931 490 liccat.
991 434 1258 490 Similiter
1319 432 1541 503 piat-uit,
1599 442 1656 487 ut
1718 433 1762 486 si
1813 433 1934 502 quis
1962 447 2026 486 ex

2209 454 2226 485 ι
2279 435 2463 504 ρικοὺς
2489 432 2688 500 ἐξεῖναι
2713 435 3056 504 χειροτονεῖν.
3097 433 3331 504 Ὁμοίως
3351 437 3570 506 ἤρεσεν,
3604 437 3705 493 ἵνα.

525 554 542 584 ι
581 532 760 586 alieno
826 528 1160 582 monasterio
1219 527 1455 596 aliquem
1495 525 1819 593 susceperit,
1852 533 1904 578 et
1938 523 2020 576 vel

529 647 546 679 ι
591 627 652 680 ad
680 623 992 681 clericatum
1019 625 1306 686 adducere,
1333 622 1416 674 vel
1441 619 1753 673 monasterii
1776 619 1858 672 sui
1886 633 2024 688 prae.

523 741 540 770 ι
587 719 789 772 fectum
872 713 1212 769 constituere
1273 711 1526 774 voluerit,
1593 709 2023 779 episcopus,qui

524 831 540 860 ι
581 811 682 863 hoc
719 807 869 868 facit,
904 820 932 858 a
976 805 1314 873 reliquorum
1373 802 1759 856 communione
1796 816 2023 868 separa-

524 922 540 952 ‹
586 913 690 964 tus,
721 900 925 956 sitsola
955 897 1038 951 sui
1063 896 1241 964 populi
1274 894 1659 948 communione
1683 903 1972 948 contentus
2005 911 2018 947 :

524 1014 540 1042 ι
578 993 665 1046 ille
700 1002 880 1045 autem
929 1003 1030 1043 nec
1059 987 1293 1042 clericus
1352 1001 1453 1040 nec
1488 984 1774 1054 praefectus
1807 1000 2025 1056 perma-

521 1102 539 1134 ι
583 1092 726 1137 neat.
760 1100 779 1132 ι

770 1173 1020 1228 Ρηοεθιιε
1095 1186 1268 1226 canon
1333 1170 1488 1240 punit
1539 1170 1876 1240 episcopum,
1931 1131 2037 1238 qui.

451 1266 778 1318 monachum
846 1280 910 1317 ex
962 1263 1140 1317 alieno
1179 1262 1514 1317 monasterio
1545 1261 1794 1331 suscipit,
1823 1269 2022 1315 etcum

448 1355 501 1410 in
546 1356 729 1411 clerici
779 1355 1008 1425 gradum
1050 1353 1322 1423 provehit,
1350 1352 1436 1407 vel
1492 1352 1545 1406 in
1581 1351 1661 1407 sui
1708 1352 2025 1407 monasterii

449 1445 833 1514 praefecturam
875 1462 889 1499 :
919 1455 974 1499 et
1009 1444 1276 1515 ejusmodi
1311 1443 1666 1508 monachum,
1702 1443 1792 1512 qui
1825 1444 1878 1496 in
1917 1442 2028 1497 cle-

448 1541 621 1595 ricum
685 1539 982 1603 admissus,
1014 1536 1097 1590 vel
1135 1535 1302 1589 etiam
1369 1534 1688 1590 monasterii
1739 1533 2027 1604 praefectus

445 1643 662 1689 creatus
721 1640 826 1698 est,
861 1631 1007 1686 clero
1038 1637 1092 1683 et
1143 1627 1470 1700 prmfectura
1519 1626 1762 1697 expellit.
1814 1623 1893 1679 Ne
1931 1625 2025 1679 tibi

2200 547 2216 576 ε
2267 526 2363 581 ἐάν
2413 543 2496 589 τις
2523 527 2632 580 ἀπὸ
2664 527 2946 596 ἀλλοτρίου
2976 528 3344 598 μοναστηρίου
3386 527 3712 599 ὑποδέξηταί

2205 638 2220 668 ι
2266 637 2388 672 τινα
2415 621 2512 673 καὶ
2537 620 2672 690 πρὸς
2699 620 2976 691 κλήρωσιν
3001 621 3374 690 προσαγαγεῖν
3401 620 3656 693 ἐθελήσῃ,
3678 623 3710 693 ἢ

2204 729 2220 760 ε
2270 708 2363 761 τοῦ
2394 707 2524 762 ἰδίου
2551 709 2916 779 μοναστηρίου
2957 709 3262 778 ἡγούμενον
3296 711 3654 776 καταστήσοι,
3685 710 3714 760 6

2203 820 2220 852 ι
2263 800 2421 854 τοῦτο
2465 801 2634 854 ποιῶν
2685 802 3007 864 ἐπίσκοπος,
3055 800 3160 852 ἀπὸ
3207 799 3305 866 τῆς
3346 799 3457 852 τῶν
3510 798 3714 851 λοιπῶν

2203 911 2220 943 ι
2270 893 2552 954 κοινωνίας
2573 894 2962 962 χωριζόμενος,
2989 895 3054 962 τῇ
3088 889 3182 943 τοῦ
3209 890 3342 942 ίόἱου
3366 890 3497 945 λαοῦ
3525 907 3714 942 κοινω-

2201 1006 2218 1036 ι
2271 987 2357 1057 νίᾳ
2389 988 2629 1058 ἀρκεσθῇ
2653 988 2789 1062 μόνῃ
2812 1005 2825 1020 ⁸
2848 989 3056 1050 ἐκεῖνος
3073 989 3127 1041 δὲ
3149 989 3282 1060 μηδὲ
3301 987 3560 1058 κληρικὸς
3579 986 3716 1059 μηδὲ

2203 1097 2221 1128 ι
2270 1078 2568 1149 ἡγούμενος
2599 1081 2874 1150 ἐπιμείνῃ.
2911 1099 2928 1131 ι

2200 1171 2398 1224 ΒΑΛΣ.
2458 1171 2517 1226 Ὀ
2562 1171 2758 1243 παρὼν
2797 1172 2979 1226 κανὼν
3020 1171 3238 1233 κολάζει
3282 1173 3375 1228 τὸν
3415 1172 3717 1227 ἐπίσκοπον

2128 1262 2523 1333 ὑποδεχόμενον
2559 1264 2669 1318 ἀπὸ
2711 1264 2996 1336 ἀλλοτρίου
3035 1267 3402 1336 μοναστηρίου
3446 1265 3713 1336 μοναχὸν,

2127 1356 2222 1409 καὶ
2267 1355 2575 1426 προάγοντα
2612 1355 2798 1410 τοῦτον
2832 1351 2918 1420 ἐίς
2964 1356 3168 1426 βαθμὸν
3205 1352 3501 1426 ’κ’διηρικοῦ,
3554 1358 3586 1426 ἢ
3635 1358 3719 1419 εἰς

2127 1449 2487 1518 ήγουμενείαν
2516 1448 2648 1502 ίδίου
2679 1447 3040 1521 μοναστηρίου
3062 1465 3076 1481 ⁸
3112 1450 3206 1504 καὶ
3235 1449 3324 1504 τὸν
3365 1450 3721 1519 κληρωθέντα

2126 1536 2183 1590 δέ
2207 1537 2449 1591 τοιοῦτον
2489 1537 2742 1608 μοναχὸν,
2768 1538 2800 1608 ἢ
2838 1543 2930 1592 καὶ
2962 1540 3224 1608 γεγονότα
3252 1541 3556 1611 ἡγούμενον
3587 1540 3724 1608 ἐξω-

2129 1626 2214 1680 θεῖ
2244 1627 2340 1680 τοῦ
2376 1627 2580 1698 κλήρου
2619 1629 2716 1684 καὶ
2746 1629 2854 1684 ἀπὸ
2885 1629 2985 1698 τῆς
3024 1632 3406 1700 ήγουμενείας.
3441 1632 3534 1703 Μὴ
3564 1633 3723 1686 ἐναν-

445 1732 628 1778 autem
659 1723 746 1777 his
796 1722 1106 1776 contrarius
1134 1735 1256 1775 esse
1288 1719 1539 1773 videatur
1569 1727 1798 1787 quartus
1849 1731 2024 1771 canon

2147 1719 2296 1790 nu)ij
2329 1719 2384 1773 δέ
2421 1737 2503 1774 σοι
2541 1721 2678 1790 πρὸς
2708 1721 2883 1783 ταῦτα
2919 1724 2948 1775 6
2981 1721 3023 1774 δ’
3056 1722 3234 1776 κανὼν
3273 1723 3374 1791 τῆς
3403 1724 3461 1776 ἐν
3491 1723 3570 1794 τῷ
3604 1726 3722 1795 ναῷ

447 1815 641 1888 synodi
695 1829 816 1885 quae
866 1816 919 1867 in
951 1813 1274 1868 Sanctorum
1311 1810 1700 1880 Apostolorum
1749 1810 1864 1865 atde
1891 1825 2024 1864 con-

448 1908 638 1962 stituta
663 1915 765 1970 est,
798 1915 1046 1960 statuens
1093 1918 1216 1958 esse
1247 1902 1299 1956 in
1331 1901 1708 1970 episcoporum
1738 1909 2025 1971 potestate,

445 2014 558 2056 non
601 1999 776 2054 solum
822 1997 1117 2051 monachos
1146 2009 1214 2050 ex
1265 1994 1369 2048 hoc
1407 1992 1738 2048 monasterio
1766 1991 1821 2047 in
1881 1991 2026 2045 aliud

444 2091 780 2157 transferre;
817 2091 910 2146 sed
944 2089 1107 2144 etiam
1138 2102 1234 2143 eos
1279 2085 1632 2142 samularibus
1660 2085 1866 2140 aedibus
1886 2097 2028 2153 pra:-

445 2189 630 2243 ficere.
677 2187 783 2243 Sed
816 2187 922 2248 dic,
974 2184 1117 2255 quod
1168 2183 1258 2238 hic
1306 2182 1520 2252 quidem
1573 2179 1902 2250 prohibitum
1946 2185 2029 2233 cst

447 2281 728 2350 episc0po,
751 2295 816 2334 ex
847 2278 1024 2333 aliena
1054 2277 1276 2347 regione
1319 2273 1644 2328 monachum
1670 2272 1936 2342 recipere,
1973 2277 2027 2324 ct

448 2388 572 2426 eum
599 2373 765 2427 etiam
827 2370 1144 2441 praefectum
1192 2368 1278 2425 vel
1337 2369 1598 2424 clericum
1651 2366 2024 2422 constituere:

455 2466 568 2520 illic
600 2474 780 2519 autem
853 2463 1108 2532 episcopo
1141 2460 1464 2530 permissum
1514 2465 1601 2513 est
1634 2472 1663 2512 e
1698 2458 1912 2528 propria
1944 2472 2030 2511 re-

451 2559 612 2627 gione
660 2555 975 2618 monachos,
1036 2561 1093 2608 et
1139 2552 1209 2607 ab
1245 2552 1351 2606 hoc
1384 2549 1720 2606 monasterio
1773 2549 1827 2602 in
1883 2547 2029 2602 aliud

450 2647 777 2713 transferre,
814 2657 868 2702 et
925 2648 980 2701 in
1037 2645 1283 2700 saeculari
1349 2643 1513 2698 etiam
1547 2641 2026 2697 administratione

446 2741 821 2805 constituere;
883 2736 1026 2807 quod
1093 2743 1291 2805 praeter
1363 2741 1601 2787 mentem
1680 2731 2026 2801 propriorum

449 2834 831 2903 episcoporum
897 2828 1014 2883 fieri
1069 2825 1275 2896 nequit.
1326 2824 1576 2880 Praesens
1625 2833 1805 2876 autem
1849 2836 2030 2878 canon

2128 1811 2238 1864 τῶν
2287 1811 2488 1880 Ἀγῐων
2537 1812 2875 1866 Ἀποστόλων
2909 1814 3184 1885 συστάσης
3218 1815 3457 1880 συνόδου,
3489 1815 3725 1884 διοριζό-

2132 1918 2290 1972 μενος
2316 1901 2458 1973 ἔχειν
2478 1903 2563 1955 ἐπ’
2591 1903 2775 1968 ἀδείας
2795 1903 2922 1968 τοὺς
2942 1906 3296 1970 ἐπισκόπους,
3327 1906 3401 1976 μὴ
3430 1907 3589 1976 μόνον
3610 1909 3726 1964 ἀπὸ

2128 1995 2289 2064 τῆσδε
2310 1995 2408 2066 τῆς
2438 1997 2602 2066 μονῆς
2631 1997 2891 2066 μετάγειν
2907 1999 2986 2062 είς
3010 1998 3204 2070 ἑτέραν
3239 1999 3404 2071 μονὴν
3427 2004 3723 2072 μοναχοὺς,

2128 2085 2266 2139 ἀλλά
2307 2087 2402 2140 καὶ
2453 2090 2534 2151 είς
2577 2089 2861 2158 κοσμικῶν
2902 2091 3088 2144 οἰκιῶν
3137 2093 3476 2162 προστασίαν
3519 2095 3727 2158 αὐτοὺς

2129 2178 2416 2248 καθιστᾷν.
2463 2177 2604 2232 ’Δλλ⁹
2640 2181 2763 2234 είπέ
2794 2181 2876 2236 ὅτι
2917 2183 3151 2236 ἐνταῦθα
3183 2184 3282 2252 μὲν
3320 2184 3630 2241 κεκώλυται
3658 2190 3726 2242 τὸ

2128 2269 2238 2323 ἀπὸ
2277 2269 2564 2340 ἀλλοτρίας
2601 2271 2818 2340 ἐνορίας
2849 2273 3329 2345 ἀναλαμὸἀνεσθαι
3359 2276 3452 2332 τὸν
3479 2279 3728 2334 ἐπίσκο-

2132 2379 2236 2415 πον
2277 2363 2534 2434 μοναχὸν,
2575 2365 2670 2417 καὶ
2703 2365 2969 2437 καθιστᾷν
2995 2366 3185 2421 τοῦτον
3215 2369 3516 2438 ἡγούμενον
3553 2371 3586 2443 ἢ
3624 2375 3728 2428 καὶ⁸

2132 2451 2394 2524 κληρικὸν
2418 2495 2433 2520 ,
2474 2455 2652 2508 ἐκεῖσε
2683 2456 2739 2509 δὲ
2764 2457 3077 2531 ἐξεχωρήθη
3108 2460 3186 2530 τῷ
3213 2463 3492 2535 ἐπισκόπῳ
3521 2465 3580 2518 τὸ
3610 2465 3730 2520 ἀπδ

2129 2544 2230 2613 τῆς
2258 2547 2467 2610 οἰκείας
2495 2547 2711 2618 ἐνορίας
2744 2553 3012 2622 μοναχοὺς
3046 2555 3392 2620 μετατιθέναι
3423 2557 3530 2611 ἀπὸ
3556 2559 3727 2626 τῆσδε

2130 2639 2228 2709 τῆς
2265 2640 2430 2710 μονῆς
2465 2641 2545 2703 είς
2580 2641 2798 2712 ἑτέραν,
2831 2645 2923 2697 καὶ
2961 2645 3040 2707 είς
3069 2647 3346 2719 κοσμικὴν
3381 2651 3728 2721 προστασίαν

2133 2729 2432 2802 καθιστᾷν·
2472 2732 2611 2803 ὅπερ
2644 2735 2798 2803 παρά
2829 2734 3056 2805 γνώμην
3089 2737 3198 2791 τῶν
3237 2738 3522 2811 ἐγχωρίων
3595 2743 3726 2797 ἐπι-

2133 2822 2230 2876 σκό
2241 2840 2348 2876 πων
2373 2824 2702 2892 γενέσθαιοὺ
2725 2825 2968 2882 δύναται.
2994 2828 3126 2882 Τότε
3149 2830 3206 2883 δὲ
3233 2831 3302 2884 τὰ
3329 2833 3422 2896 τοῦ
3452 2834 3728 2905 παρόντος

449 2934 578 2979 tunc
637 2923 815 2976 locum
874 2919 1116 2984 habebit,
1187 2916 1410 2988 quando
1459 2930 1525 2970 cx
1583 2913 1760 2968 aliena
1809 2912 2029 2978 regione

2147 2915 2356 2978 κανόνος
2390 2915 2574 2982 ἕξουσι
2607 2922 2813 2989 χώραν,
2842 2919 2970 2973 ὅταν
3001 2921 3029 2973 6
3060 2921 3168 2973 ἀπὸ
3190 2923 3478 2994 ἀλλοτρίας
3503 2927 3726 2999 ἐνορίας

453 3014 760 3069 monachus
826 3011 1169 3066 dimissorias
1221 3010 1433 3063 litteras
1484 3005 1724 3075 episcOpi
1771 3003 1888 3074 ejus
1922 3017 2028 3058 non

2147 3008 2373 3079 μοναχὸς
2424 3010 2525 3064 οὑκ
2572 3011 2901 3082 ἐπιφέρηται
2958 3013 3293 3086 ἀπολυτικὴν
3346 3018 3567 3088 γραφὴν
3625 3021 3726 3074 τοῦ

449 3108 628 3162 affert.
656 3107 809 3161 Tunc
839 3106 983 3161 enim
1007 3100 1620 3174 citrajmpedimeutum
1652 3096 1742 3150 lict
1774 3096 1824 3150 in
1854 3095 2028 3150 aliena

2147 3101 2438 3155 ἐπισκόπου
2455 3101 2644 3157 αὑτοῦ.
2668 3102 2982 3174 Τηνικαῢτα
3005 3107 3114 3176 γὰρ
3132 3107 3622 3179 ἀπαρεμποδίστως
3643 3114 3730 3177 είς

451 3201 676 3270 regione
732 3196 1052 3254 monasterii
1113 3193 1404 3265 praefectus
1455 3199 1510 3246 et
1597 3188 1848 3242 clericus.
1878 3185 2031 3253 Quod

453 3305 634 3348 autem
677 3292 917 3348 fithodie
942 3306 970 3344 a
1020 3287 1467 3343 monasteriorum
1537 3281 1833 3353 praefectis,
1875 3280 1966 3350 qui
2000 3296 2030 3334 a

450 3399 511 3438 se
545 3383 806 3438 detonsos
844 3395 968 3436 cum
1025 3378 1223 3434 litteris
1282 3376 1578 3438 dimittant,
1631 3382 1689 3428 ut
1746 3373 1801 3426 in
1856 3372 2032 3427 alieno

454 3475 789 3530 monasterio
822 3470 1076 3527 monachi
1124 3482 1246 3524 esse
1277 3467 1504 3538 possint,
1539 3481 1648 3519 non
1680 3472 1781 3531 est,
1807 3472 1864 3516 ut
1899 3462 2031 3517 mihi

453 3568 693 3633 videtur,
764 3565 980 3620 firmum
1041 3573 1096 3618 et
1155 3569 1497 3617 aecuratum.
1550 3557 1714 3629 617
1778 3553 2030 3626 Episcopi

453 3659 599 3712 enim
662 3656 1004 3712 demissoriis
1053 3653 1227 3724 magis
1263 3667 1400 3721 opus
1451 3660 1534 3706 est
1565 3652 1638 3716 ei,
1675 3649 1764 3719 qui
1795 3649 2032 3717 migrare

455 3747 722 3814 voluerit;
775 3762 880 3800 non
935 3755 1114 3803 autem
1169 3741 1483 3799 monasterii
1536 3739 1827 3811 praafccti:
1886 3736 2031 3808 quod

453 3840 730 3910 episcopis
763 3838 935 3908 magis
968 3836 1196 3906 subjecti
1250 3844 1379 3890 sunt
1407 3833 1682 3896 monachi,
1716 3846 1876 3899 quam
1908 3845 2032 3885 mo-

453 3932 818 3986 nasteriorum
845 3929 1145 4001 praefectis.
1175 3927 1299 3981 llzrc
1328 3935 1510 3981 autem
1539 3925 1718 3979 locum
1752 3921 2032 3976 habebunt

455 4025 509 4078 in
567 4025 781 4078 caeteris
831 4020 1144 4091 episcopis:
1193 4034 1302 4073 non
1355 4025 1537 4073 autem
1597 4015 1649 4068 in
1718 4013 2031 4081 patriarcha

453 4112 1088 4180 Constantinopolitano.
1151 4108 1212 4163 Ei
1269 4108 1437 4175 enim,
1495 4115 1556 4160 ut
1611 4119 1754 4174 saepe
1802 4103 2030 4169 dictum,

458 4202 782 4269 permissum
834 4212 917 4256 est
950 4200 1249 4256 monachos
1283 4209 1336 4253 et
1366 4196 1602 4252 clericos
1628 4208 1693 4247 ex
1721 4191 2032 4261 regionibus

452 4292 673 4356 alienis,
731 4307 831 4347 nec
857 4293 972 4358 ejus
1001 4291 1116 4346 sedi
1169 4288 1392 4344 omnino
1444 4284 1728 4355 subjectis,
1757 4283 2030 4352 accipere.

454 4385 562 4439 Sed
598 4399 702 4438 non
732 4385 916 4440 itidem
953 4383 1300 4438 Antiocheno
1329 4379 1548 4442 throno,
1587 4375 1672 4430 vel
1720 4374 2031 4445 Hierosoly-

456 4479 681 4545 mitano,
723 4480 798 4535 vel
833 4479 944 4533 alii.

527 4571 781 4629 ZONAR.
829 4571 1174 4636 Monachum,
1207 4569 1298 4640 qui
1341 4583 1370 4622 a
1421 4567 1755 4623 monasterio
1788 4579 1888 4621 suo
1917 4564 2032 4620 dis-

456 4665 702 4730 cesserit,
768 4663 836 4718 ab
883 4663 989 4716 alio
1045 4661 1236 4730 quatis
1287 4659 1453 4728 recipi
1514 4661 1738 4714 vetitum
1796 4665 1904 4713 cst.
1973 4655 2032 4710 Si

459 4755 618 4825 iglllll‘
668 4756 976 4825 episcopus,
1015 4752 1215 4821 inquit,
1250 4749 1514 4818 ejusmodi
1565 4747 1893 4808 monachum
1947 4761 2034 4800 rc-

459 4850 645 4917 cipiat,
667 4864 898 4918 cumque
921 4846 1001 4902 vel
1027 4844 1348 4899 monasterii
1375 4843 1685 4913 praefectum
1711 4842 2031 4909 constituat;

461 4942 750 5008 episc0pus
780 4938 994 5007 qridem
1045 4935 1273 4990 aliormn
1311 4933 1586 4990 consortio
1613 4934 1890 4996 exclusus,
1922 4934 2034 4988 sola

462 5033 644 5102 populi
678 5031 759 5086 sui
793 5031 1182 5086 communione
1229 5038 1517 5085 contentus
1549 5028 1654 5082 erit
1685 5044 1699 5081 :
1734 5028 2034 5083 monachus

463 5137 592 5177 vero
614 5131 668 5176 et
698 5137 727 5175 e
755 5122 903 5176 clero
933 5110 1184 5191 ejicietur
1230 5130 1284 5176 et
1313 5118 1653 5190 praefectura:
1687 5121 1856 5188 gradu
1884 5121 2032 5175 exci-

465 5216 576 5267 (let.

463 5305 697 5362 ARIST.
745 5326 764 5359 ι
827 5309 926 5375 Qui
985 5310 1291 5380 quempiam
1342 5328 1408 5366 ex
1466 5311 1644 5366 alieno
1706 5305 2037 5361 monasterio

542 5417 560 5448 ‹
604 5400 852 5468 suscipit,
880 5400 924 5454 si
957 5416 1078 5454 eum
1115 5403 1183 5456 ad
1228 5403 1543 5457 clericatum
1580 5407 1922 5471 promoveat,
1947 5405 2040 5451 aut

541 5511 558 5542 ι
592 5508 690 5545 suo
714 5491 971 5561 praeﬁciat
1019 5495 1370 5560 monasterio,
1403 5494 1628 5550 aliorum
1656 5493 2040 5548 communione

542 5603 560 5634 ι
602 5584 859 5652 privetur.
903 5602 922 5636 ι

551 5675 804 5730 Monachi
846 5678 1082 5747 regionis
1130 5679 1383 5748 episcopo
1413 5678 1608 5748 subjici
1644 5676 1862 5738 debent,
1892 5685 1943 5730 et
1975 5675 2032 5728 in

470 5770 840 5839 monasteriis,
877 5776 929 5827 in
960 5773 1156 5843 quibus
1193 5772 1438 5828 eoltocati
1473 5780 1623 5837 sunt,
1662 5784 2036 5842 perseverare,

2136 3191 2425 3264 ἀλλοτρίαν
2449 3194 2665 3266 ἐνορίαν
2691 3195 2822 3265 ήγού
2832 3213 2989 3265 μενος
3009 3198 3301 3270 γενήσεται
3325 3203 3416 3256 καὶ
3439 3203 3724 3275 κληρικός.

2134 3285 2208 3337 Τὸ
2233 3285 2417 3354 μέντοι
2442 3287 2681 3356 σήμερον
2717 3291 3000 3358 γινόμενον
3029 3293 3180 3362 παρὰ
3199 3294 3308 3349 τῶν
3333 3296 3731 3366 ήγουμενευόν-

2133 3395 2263 3441 των,
2290 3379 2382 3430 καὶ
2401 3378 2745 3433 ἀπολυόντων
2761 3383 2897 3449 μετὰ
2915 3386 3132 3455 γραφῆς
3147 3384 3271 3448 τοὺς
3289 3385 3378 3438 ὑπ’
3395 3387 3574 3440 αὐτῶν
3590 3389 3732 3443 ἀπο⁴

2133 3468 2427 3537 καρέντας,
2451 3469 2593 3522 ὥστε
2629 3471 2859 3540 μονάσαι
2889 3475 2968 3537 είς
2995 3475 3190 3545 ἑτέραν
3216 3476 3520 3548 μονὴν,οὑκ
3556 3478 3730 3545 ἐστιν,

2134 3558 2211 3622 ὡς
2265 3561 2392 3630 ἐμοὶ
2425 3560 2606 3626 δοκεῖ,
2637 3553 2884 3633 ἀκριϐές.
2937 3565 3335 3636 Ἐπισκοπικῆς
3372 3571 3481 3640 γὰρ
3528 3571 3732 3640 μᾶλλον

2136 3650 2486 3721 ἀπολυτικῆς
2512 3652 2733 3723 γραφῆς
2756 3653 2912 3723 χρεία
2935 3655 3011 3726 τῷ
3036 3660 3362 3726 μεταπεσεῖν
3388 3659 3729 3732 βουλομένῳ,

2134 3743 2257 3815 οὐχὶ
2283 3745 2380 3816 τῆς
2402 3745 2496 3798 τοῦ
2522 3746 2982 3817 ήγουμενεύοντος
3001 3764 3014 3779 ο
3040 3748 3122 3800 ὅτι
3146 3749 3238 3800 καὶ
3265 3751 3375 3812 τοῖς
3404 3752 3733 3818 ἐπισκόποις

2139 3835 2338 3906 μᾶλλον
2388 3837 2703 3906 ὑπόκεινται
2753 3838 2806 3892 οἱ
2854 3839 3082 3909 μοναχοὶ
3121 3839 3178 3911 ἢ⁴
3207 3842 3320 3904 τοῖς
3377 3843 3730 3912 ἡγουμένοις.

2134 3928 2320 3984 Ταῦτα
2357 3929 2414 3984 δὲ
2449 3932 2819 4000 κρατήσουσιν
2853 3933 2932 3994 είς
2971 3932 3100 3991 τοὺς
3131 3931 3328 3995 ἄλλους
3357 3935 3730 3998 ἐπισκόπους·

2133 4021 2195 4073 οὑ
2227 4020 2332 4092 μὴν
2361 4021 2456 4074 καὶ
2481 4025 2562 4085 εἰς
2589 4020 2679 4075 τὸν
2701 4022 3054 4094 πατριάρχην
3076 4024 3732 4091 Κωνσταντινουπόλεως.

2134 4111 2295 4181 Αὑτῷ
2323 4112 2434 4183 γὰρ
2454 4149 2470 4176 ,
2500 4113 2575 4176 ὡς
2598 4112 2861 4176 πολλάκις
2893 4113 3112 4185 εἴρηται
3131 4154 3145 4178 ,
3184 4115 3399 4186 ἐνεδόθη
3435 4117 3542 4170 ἀπὸ
3573 4119 3735 4172 ἀλλο-

2133 4201 2302 4273 τρίων
2325 4203 2550 4274 ἐνοριῶν
2579 4204 3074 4275 ἀπαρεμποδίστως
3097 4204 3350 4276 δέχεσθαι
3375 4208 3645 4277 μοναχούς
3668 4226 3731 4263 τε

2135 4295 2230 4348 καὶ
2271 4294 2569 4365 κληρικοὺς
2593 4336 2608 4361 ,
2638 4297 2736 4366 οὑχ
2777 4296 3169 4366 ὑποκειμένους
3197 4299 3417 4364 πάντως
3441 4299 3520 4370 τῷ
3550 4300 3734 4372 θρόνῳ

2135 4382 2322 4438 αὑτοῦ.
2353 4387 2428 4438 Οὑ
2467 4385 2574 4456 μὴν
2608 4389 2702 4441 καὶ
2734 4388 2812 4456 τῷ
2843 4387 3018 4459 θρόνῳ
3056 4389 3151 4443 τοῦ
3195 4391 3606 4463 Ἀντιοχείας,ἢ
3633 4394 3731 4447 τοῦ

2064 4467 2108 4524 Ι)
2147 4473 2558 4547 Ἱεροσολύμων,
2589 4479 2621 4549 ἦ
2653 4478 2837 4534 ἄλλου.

2205 4565 2452 4622 ΖΩΝΑΡ.
2505 4568 2638 4620 Ἀπὸ
2679 4571 3045 4642 μοναστηρίου
3080 4573 3513 4645 ὑποχωρήσαντα
3560 4592 3732 4645 μονα-

2135 4657 2228 4728 χὸν
2280 4656 2530 4727 δέχεσθαι
2583 4662 2713 4738 παρ’
2754 4661 2946 4732 ἐτέρου
3000 4664 3402 4736 ἀπηγόρευται.
3462 4666 3592 4719 Ἐὰν
3635 4668 3733 4721 οὖν

2135 4747 2469 4813 ἐπίσκοπος,
2495 4752 2678 4821 -φησὶ,
2717 4753 2960 4806 τοιοῦτον
2997 4753 3218 4826 δέξηται
3253 4757 3524 4827 μοναχὸν,
3562 4760 3655 4812 καὶ
3695 4759 3729 4830 ἢ

2135 4839 2398 4909 κληρικὸν
2432 4842 2591 4896 αὑτὸν
2623 4846 2977 4918 χειροτονήσῃ
2997 4886 3012 4910 ,
3044 4847 3076 4918 ἦ
3119 4849 3421 4919 ἡγούμενον
3457 4868 3738 4923 μοναστηο

2139 4935 2256 5004 ρίου
2286 4935 2510 5007 ποιήσῃ,
2540 4938 2567 4988 6
2597 4937 2694 5006 μὲν
2723 4939 3021 5002 ἐπίσκοπος
3047 4938 3200 4994 ἔσται
3222 4943 3287 5012 τῇ
3317 4941 3410 4994 τοῦ
3439 4943 3568 4995 ἰδίου
3597 4943 3731 4995 λαοῦ

2141 5028 2300 5098 μόνου
2329 5030 2586 5101 κο.νωνίᾳ
2609 5031 2971 5100 ἀρκούμενος,
2996 5032 3200 5102 ἐτέρων
3224 5034 3375 5104 αὐτῷ
3404 5037 3476 5105 μὴ
3508 5053 3732 5104 συγκοι-

2137 5119 2451 5173 νωνοὺντων
2478 5137 2492 5151 ·
2537 5123 2564 5173 6
2593 5121 2648 5173 δὲ
2683 5123 2916 5194 μοναχὸς
2963 5126 3054 5177 καὶ
3105 5124 3198 5178 τοῦ
3241 5126 3444 5198 κλήρου
3490 5128 3587 5182 καὶ
3630 5129 3731 5197 τῆς

2140 5213 2500 5282 ἡγουμενείας
2533 5215 2867 5270 ἐκπεσεῖται.

2139 5305 2361 5358 ΑΡΙΣΤ.
2409 5324 2426 5356 ι
2487 5304 2547 5360 Ὀ
2605 5307 2664 5373 ἐξ
2700 5306 2988 5379 ἀλλοτρίας
3036 5309 3158 5361 τινὰ
3200 5309 3368 5379 μονῆς
3407 5309 3730 5380 δεχόμενος,

2220 5417 2240 5450 ι
2287 5399 2382 5452 ἐὰν
2409 5397 2534 5466 ἄγοι
2565 5400 2754 5453 τοῦτον
2779 5401 2858 5462 είς
2886 5402 3182 5472 κλήρωσιν,
3213 5401 3244 5472 ἦ
3273 5403 3375 5470 τῆς
3402 5401 3606 5472 οίκείας
3633 5418 3734 5471 μο-

2220 5509 2238 5542 ι
2283 5493 2379 5560 νῆς
2411 5492 2736 5562 ἡγούμενον,
2770 5493 2882 5560 ἐξει
2919 5493 2981 5546 τὸ
3014 5492 3404 5564 ἀκοινώνητον.

2215 5674 2279 5727 ΟΞ
2323 5673 2545 5745 μοναχοὶ
2585 5673 2663 5744 τῷ
2698 5675 2840 5728 κατὰ
2875 5675 3058 5746 χώραν
3097 5677 3384 5745 ἐπισκόπῳ
3419 5675 3733 5744 ὀφείλουσιν

2147 5770 2574 5836 ὑποτάσσεσθαι,
2619 5773 2712 5825 καὶ
2751 5775 3187 5845 προσκαρτερεῖν
3218 5775 3275 5827 ἐν
3307 5775 3418 5835 τοῖς
3456 5784 3736 5840 μοναστη-
