3976 6386
291 377 397 441 301

1297 377 1374 437 IN
1422 378 1590 440 CAN.
1632 377 1921 438 LXXXVI
1954 376 2164 440 CONC.
2208 380 2586 442 CARTHAG.

3447 379 3552 442 302

294 494 466 547 πολλὰ
520 492 789 566 προνόμια
828 492 1041 562 ἔχουσιν
1091 491 1140 544 οἱ
1196 491 1345 560 παρὰ
1402 490 1495 543 τοῦ
1548 491 1750 561 μέρους
1781 490 1869 557 τῆς

2001 505 2049 545 rx
2090 504 2242 562 parte
2277 494 2532 551 Ecclesia:
2579 495 2904 552 manumissi
2941 503 3070 550 sunt
3103 496 3269 551 servi.
3326 494 3470 565 Lege
3499 503 3554 550 et

296 585 625 656 Ἐκκλησίας
671 584 1114 654 ὲλευθερούμενοι
1158 582 1359 638 δοῦλοι.
1432 583 1736 651 ’Λνάγνωθι
1783 583 1879 635 καὶ

291 674 495 742 τὸνκς¹
527 676 630 729 τίτ.
662 674 762 730 τοῦ
816 683 904 745 μη⁹
960 674 1168 744 βιόλίου
1222 673 1353 745 περὶ
1407 673 1878 744 ἐλευθερουμένων

291 766 637 833 διδάσκοντα,
667 765 762 819 καὶ
792 767 892 829 τὴν
918 766 1118 837 νεαρὰν
1147 764 1242 817 τοῦ
1301 764 1550 833 ἀοιδίμου
1613 760 1880 832 βασιλέως

292 858 467 927 κυροῦ
510 858 748 923 Ἀλεξίου
781 858 875 910 τοῦ
913 856 1221 926 Κομνηνοῦ,
1251 855 1350 924 τὴν
1375 854 1765 925 διοριζομένην
1802 854 1877 923 μὴ

289 950 439 1019 ἔχειν
492 948 679 1020 χώραν
733 950 859 1011 τοὺς
913 949 1039 1017 περὶ
1095 949 1204 1000 τῶν
1252 945 1718 1015 ἀντιπαραγαγῶν
1768 945 1878 997 τῶν

295 1038 593 1111 μαρτύρων
630 1040 847 1110 νόμους,
878 1040 1007 1093 ὅταν
1041 1040 1169 1110 περὶ
1210 1036 1525 1106 ἐλευθερίας
1584 1036 1876 1105 δικάζηταί

290 1149 379 1193 τις
410 1130 589 1184 ’ἀλλά
646 1130 816 1201 μόνην
868 1130 1116 1198 γίνεσθαι
1179 1127 1522 1198 παραγωγὴν
1581 1127 1877 1195 μαρτύρων

289 1221 449 1290 παρὰ
484 1221 578 1275 τοῦ
609 1222 1119 1292 δουλαγωγουμένου
1153 1220 1304 1292 ἢτοῦ
1364 1217 1872 1288 ἐλευθεροϐοῶντος.

356 1314 602 1367 ΖΩΝΑΡ.
643 1314 831 1366 Δοῦλοι
861 1315 948 1368 διὰ
971 1330 1127 1376 τινας
1186 1313 1371 1374 αἰτίας
1421 1311 1874 1379 προσφεύγοντες

286 1408 421 1466 ταῖς
453 1405 773 1474 ἐκκλησίαις
792 1405 1208 1474 ἠλευθεροῦντο,
1229 1403 1388 1456 τοῦτο
1421 1402 1527 1454 τῶν
1554 1402 1868 1456 ἐπισκόπων

282 1494 510 1547 δίκαιον
557 1490 699 1547 εἶναι
728 1495 1132 1563 δοκιμαζόντων
1166 1509 1181 1523 ’
1205 1492 1299 1557 οὓς
1343 1493 1398 1545 οἱ
1433 1492 1688 1544 δεσπόται
1728 1494 1869 1546 ἐπει·

296 1586 482 1653 ρῶντο
520 1584 678 1650 αὖθις
705 1588 788 1650 είς
815 1585 1064 1639 δουλείαν
1088 1584 1294 1639 ἕλκειν.
1351 1584 1489 1652 Περὶ
1539 1582 1747 1637 τούτων
1779 1580 1873 1638 οὖν

288 1674 481 1741 ἔδοξεν
510 1676 927 1746 ὑπομνησθῆναι
967 1677 1064 1731 τὸν
1096 1675 1352 1746 βασιλέα.

360 1769 590 1822 ΑΡΙΣΤ.
626 1769 792 1840 (Περὶ
823 1768 934 1821 τῶν
956 1770 1014 1821 ὲν
1039 1769 1361 1841 ἐκκλησίαις
1389 1772 1698 1844 γενομένων
1725 1773 1873 1827 ἐλευ-

293 1878 317 1912 4
360 1859 564 1930 θεριῶν
594 1861 657 1912 ὲκ
700 1859 966 1929 βασιλέως
988 1860 1204 1930 αἴτησις
1243 1864 1499 1931 γινέσθω.
1530 1883 1551 1917 ›

366 1950 453 2002 Τὰ
490 1949 632 2003 αὐτὰ
658 1951 736 2020 τῷ
763 1951 1045 2024 ἑξηκοστῷ
1078 1954 1325 2024 τετάρτῳ
1350 1955 1534 2009 κανόνι
1572 1955 1875 2027 διαλαμϐά-

287 2056 412 2094 νει·
460 2042 556 2096 καὶ
589 2043 908 2114 ἦρμηνεύθη
937 2045 1139 2100 ἐκεῖσε.

849 2136 1092 2190 ΚΑΝΩΝ
1127 2139 1274 2203 11G".
1320 2185 1325 2192 .

390 2246 410 2278 ι
458 2228 599 2296 Περὶ
633 2227 743 2281 τῶν
808 2227 1066 2282 πλαστῶν
1101 2230 1382 2299 μνημείων
1408 2232 1517 2283 τῶν
1554 2233 1870 2303 μαρτύρων.

286 2341 310 2372 4
368 2321 606 2391 Ὁμοίως
644 2321 864 2390 ἤρεσεν,
896 2321 983 2373 ἵνα
1006 2321 1283 2392 πανταχοῦ
1337 2324 1440 2377 ἀνὰ
1493 2326 1619 2388 τοὺς
1666 2327 1874 2394 ἀγροὺς

292 2431 312 2462 4
358 2414 458 2466 καὶ
518 2413 642 2474 τοὺς
720 2411 1057 2482 ἀμπελῶνας
1113 2411 1500 2486 θυσιαστήρια,
1554 2417 1756 2471 ὡσανεὶ
1796 2421 1876 2482 εἱς

285 2526 310 2557 4
356 2505 581 2576 μνήμην
606 2504 903 2574 μαρτύρων
934 2503 1334 2574 καθιστάμενα,
1391 2509 1448 2558 ἐν
1498 2502 1580 2571 οἷς
1648 2510 1767 2563 οὐδὲ
1815 2510 1874 2564 ἓν

294 2618 311 2647 4
361 2596 527 2667 σῶμα
578 2596 612 2666 ἢ
666 2595 921 2663 λείψανον
976 2594 1273 2666 μαρτύρων
1355 2599 1718 2670 ἀποκείμενον
1764 2602 1876 2653 δεί-

289 2709 312 2739 4
357 2705 613 2754 κνυνται,
648 2688 757 2741 ἀπὸ
781 2687 891 2740 τῶν
931 2687 1196 2742 ἐντοπίων
1273 2691 1614 2757 ἐπισκόπων,
1662 2692 1710 2744 εί
1757 2692 1873 2745 ἔστι

284 2799 312 2830 4
359 2780 611 2846 δυνατὸν,
650 2781 1163 2851 καταστρέφωνται.
1192 2781 1253 2833 Et
1301 2781 1357 2834 δὲ
1412 2782 1573 2835 τοῦτο
1625 2784 1874 2855 θορύϐοις

290 2893 312 2924 4
355 2872 678 2942 δημοτικοῖς
711 2872 772 2926 ού
801 2874 1190 2943 συγχωρεῖται,
1226 2873 1376 2941 ὅμως
1409 2874 1476 2927 τὰ
1528 2874 1706 2945 πλήθη
1747 2893 1874 2932 νου-

286 2984 311 3014 4
361 2963 634 3034 θετηθῶσι
663 2963 739 3034 μὴ
755 2963 1093 3034 ὀχλαγωγεῖν
1109 2964 1234 3028 τοὺς
1253 2965 1454 3027 τόπους
1474 2968 1714 3029 ἐκείνους
1734 2985 1748 2998 ·
1778 2967 1874 3022 καὶ

283 3075 312 3107 4
346 3058 440 3110 ἴνα
469 3057 517 3109 oi
548 3054 615 3108 τὰ
646 3054 787 3123 ὀρθὰ
816 3054 1141 3124 φρονοῦντες
1198 3057 1438 3128 μηδεμιᾷ
1478 3057 1871 3131 δεισιδαιμονίᾳ

288 3168 311 3196 4
356 3145 745 3200 τῶντοιούτων
770 3143 951 3197 τόπων
974 3145 1449 3221 καταδεσμῶνται,
1484 3149 1578 3199 καὶ
1598 3148 1867 3219 μηδαμῶς
1891 3158 1937 3220 C

286 3258 310 3288 4
350 3239 487 3306 μηδὲ
532 3239 725 3306 μνήμη
765 3234 1426 3307 μαρτύρωνὲπιτελεσθῇ,
1462 3238 1511 3289 εί
1560 3236 1634 3307 μή
1694 3253 1798 3290 που
1833 3237 1865 3307 ἢ

287 3347 312 3379 4
353 3329 514 3399 σῶμα
551 3328 585 3400 ﬁ
617 3345 739 3382 τινα
758 3327 986 3397 λείψανα
1046 3322 1179 3380 ὦσιν
1233 3327 1264 3398 ἢ
1327 3328 1679 3397 ἀρχαιογονία
1725 3328 1868 3391 τινὸς

294 3440 310 3468 4
348 3421 626 3490 οἰκήσεως
692 3418 727 3488 ἦ
779 3421 1027 3489 κτήσεως
1075 3421 1107 3488 ἢ
1158 3418 1365 3481 πάθους
1419 3420 1585 3488 πιστῇ
1647 3419 1870 3489 ἁρχαιό-
1961 3491 1965 3494 ν

287 3529 309 3560 4
347 3527 471 3580 τητι
511 3510 940 3582 παραδιδῶνται.
975 3511 1118 3563 Ὅσα
1148 3509 1254 3578 γὰρ
1315 3510 1384 3562 δι’
1448 3509 1720 3563 ἐνυπνίων
1776 3510 1868 3562 καὶ

284 3625 309 3655 4
349 3605 600 3675 ματαίων
631 3601 1033 3672 ἀποκαλύψεων
1064 3603 1369 3671 ἀνθρώπων
1410 3600 1575 3654 τινῶν
1632 3601 1869 3670 ὁπουδή-

284 3720 310 3749 τ4
361 3713 492 3751 ποτε
545 3695 906 3750 καθίστανται
953 3693 1334 3763 θυσιαστήρια,
1371 3694 1536 3747 παντὶ
1577 3694 1766 3764 τρόπῳ
1799 3692 1868 3746 τὰ

286 3811 308 3843 4
344 3790 578 3844 τοιαῦτα
603 3786 1146 3859 ἀποδοκιμασθῶσιν.
1181 3805 1201 3836 ι

354 3882 558 3936 ΒΑΛΣ.
594 3879 994 3933 Κεκανόνισται
1028 3877 1103 3948 μὴ
1127 3877 1303 3939 ἄλλως
1361 3877 1652 3948 εὖκτήριον
1719 3874 1866 3930 οἷκον

274 3970 664 4044 »ἀνεγείρεσθαι
702 3968 1063 4040 ὁπουδήποτε,
1132 3971 1179 4021 εί
1250 3971 1325 4039 μὴ
1380 3969 1501 4021 κατ’
1559 3970 1864 4040 ἐπιτροπὴν

276 4065 651 4134 ,ἐπισκοπικὴν
723 4063 756 4134 ἢ
811 4063 907 4117 καὶ
948 4063 1254 4132 παρουσίαν
1294 4058 1426 4130 εὐχὴ
1485 4059 1738 4130 θεμελίου
1782 4078 1866 4112 τε-

278 4160 450 4229 λετθῇ
480 4158 626 4211 κατὰ
652 4156 843 4221 τόπον,
871 4156 964 4208 καὶ
1017 4152 1426 4224 σταυροπήγιον
1477 4152 1689 4222 ἐντεθῇ,
1769 4154 1862 4204 καὶ

274 4253 366 4305 διὰ
393 4249 745 4310 καταθέσεως
772 4244 945 4310 ἁγίων
968 4244 1237 4314 λειψάνων
1283 4242 1638 4313 μαρτυρικῶν
1677 4242 1864 4295 καθιε-

283 4341 431 4411 ρωθῇ
451 4342 478 4391 ὁ
507 4338 657 4401 ναός.
706 4336 861 4389 Ἐπεὶ
888 4333 944 4387 δέ
967 4349 1132 4397 τινες,
1174 4331 1248 4396 ὡς
1278 4332 1476 4398 ἔοικεν,
1508 4332 1619 4386 ἀπὸ
1648 4331 1863 4402 ὀνειράο

280 4450 386 4485 των
416 4432 451 4500 ἢ
479 4432 575 4483 καὶ
604 4430 918 4482 πεπλαστευ
927 4428 1105 4497 μένων
1134 4422 1537 4492 ἀποκαλύψεων
1567 4424 1861 4494 ἁνήγειρον

1984 584 2301 639 vicesimum
2358 597 2569 642 sextum
2601 588 2686 643 tit.
2718 587 3124 659 quadragesimi
3178 587 3356 641 octavi
3404 587 3553 652 libri,

1982 678 2073 744 qui
2110 678 2267 732 docet
2318 679 2384 734 de
2428 680 2602 735 servis
2637 680 2729 750 qui
2762 680 3224 735 manumittuntur
3259 695 3274 733 :
3303 679 3469 750 619
3496 689 3554 735 et

1983 770 2252 823 novellam
2283 772 2414 826 clari
2453 772 2798 841 imperatoris
2823 772 3028 826 domini
3059 770 3237 825 Alexii
3263 771 3552 835 Comneni,

1981 876 2100 929 qua:
2145 865 2336 918 statuit
2389 880 2500 919 non
2532 866 2732 920 habere
2772 864 2948 920 locum
2977 864 3122 935 leges
3156 864 3223 918 de
3281 863 3553 920 contraria

1981 954 2203 1008 testium
2269 957 2650 1025 productione,
2673 959 2891 1025 quando
2924 955 3052 1024 quis
3089 956 3373 1009 contendit
3398 956 3464 1008 de
3484 954 3558 1007 li-

1980 1044 2187 1100 bertate
2217 1065 2232 1101 :
2287 1049 2382 1101 sed
2428 1048 2595 1101 solam
2632 1047 2746 1100 ﬁeri
2779 1046 2996 1101 testium
3042 1045 3454 1108 productionem
3488 1042 3556 1096 ab

1978 1150 2067 1199 eo,
2098 1138 2188 1205 qui
2218 1138 2272 1192 in
2305 1140 2622 1195 servitutem
2653 1137 2889 1201 ducitur,
2915 1136 2999 1190 vel
3028 1136 3081 1189 in
3104 1135 3403 1189 libertatem
3427 1147 3556 1203 pro-

1976 1228 2199 1280 clamat.

2050 1316 2304 1374 ZONAR.
2356 1320 2533 1385 Servi,
2591 1321 2760 1378 certis
2794 1319 3118 1391 quibusdam
3169 1319 3237 1373 de
3269 1316 3454 1372 causis
3487 1317 3556 1370 ad

1976 1411 2266 1466 ecclesiam
2316 1414 2719 1483 confugientes,
2765 1414 2810 1468 si
2877 1413 2930 1467 id
2983 1411 3276 1479 episcopus
3333 1422 3553 1476 aequum

1977 1503 2286 1560 statuisset.
2324 1504 2882 1568 manumittebantur;
2914 1518 3052 1572 quos
3091 1500 3298 1555 domini
3326 1513 3551 1553 rursum

1975 1593 2044 1646 ad
2090 1596 2410 1650 servitutem
2469 1596 2689 1650 trahere
2714 1596 3049 1649 niterentur.
3083 1592 3155 1646 Ea
3184 1592 3251 1646 de
3299 1604 3357 1644 re
3387 1589 3552 1658 igitur

1978 1683 2366 1751 imperatorem
2405 1699 2531 1740 esse
2563 1685 2895 1740 monendum
2923 1685 3101 1738 visum
3131 1688 3241 1736 est.

1984 1774 2213 1831 ARIST.
2252 1795 2272 1828 4
2343 1777 2418 1833 De
2464 1777 3000 1834 manumissionibus
3041 1789 3164 1842 quae.
3194 1772 3251 1827 in
3301 1770 3556 1828 ecclesiis

2162 1886 2180 1918 4
2222 1868 2377 1932 ﬁunt,
2411 1869 2722 1939 imperatori
2752 1869 2944 1938 petitio
2971 1865 3315 1922 exbibeatur.
3354 1882 3375 1915 ι

2050 1958 2151 2016 Hic
2183 1976 2363 2016 canon
2399 1963 2591 2015 eadem
2651 1976 2714 2015 ac
2768 1958 3144 2030 sexagesimus
3192 1963 3422 2026 quartus
3443 1961 3559 2011 sta-

1976 2052 2118 2118 tuit;
2152 2062 2205 2106 et
2238 2052 2311 2106 ibi
2338 2054 2750 2119 interpretatur.

2486 2139 2716 2196 cauom
2753 2121 3043 2194 LXXXVI.

1983 2252 2001 2284 4
2044 2235 2118 2289 De
2152 2234 2292 2289 lictis
2352 2242 2656 2305 martyrum
2707 2233 3099 2286 monumentis.
3156 2230 3426 2287 Similiter
3452 2232 3558 2301 pla-

2063 2343 2080 2372 ι
2123 2326 2277 2390 cuit,
2330 2334 2391 2379 ut
2439 2324 2619 2379 omnia
2669 2338 2765 2394 per
2816 2338 2977 2394 agros
3005 2330 3060 2375 et
3111 2323 3294 2377 vineta
3338 2322 3554 2390 altaria,

2052 2434 2071 2466 4
2114 2414 2285 2469 veluti
2319 2415 2371 2469 in
2406 2415 2729 2468 memoriam
2779 2419 3086 2482 martyrum
3140 2412 3464 2476 constituta,
3498 2412 3556 2468 in

2050 2524 2067 2556 4
2107 2507 2308 2575 quibus
2374 2505 2583 2561 nullum
2616 2519 2819 2574 corpus
2857 2515 2952 2557 aut
2984 2503 3228 2573 reliquiae
3254 2516 3553 2575 martyrum

2048 2618 2066 2649 4
2107 2598 2340 2653 condita:
2364 2599 2759 2662 ostenduntur,
2784 2611 2815 2650 a
2858 2597 2963 2652 loci
2997 2596 3295 2666 episcopis,
3340 2598 3390 2651 si
3425 2612 3557 2665 pos-

2055 2707 2072 2737 σ
2113 2690 2187 2745 sit
2219 2690 2357 2755 ﬁeri,
2394 2691 2810 2744 subvertantur.
2869 2688 2967 2743 Sin
3000 2699 3180 2742 autem
3201 2697 3427 2758 propter
3457 2704 3556 2758 po-

2055 2799 2074 2831 4
2106 2781 2323 2849 pulares
2372 2781 2636 2835 tumultus
2668 2782 2771 2834 hoc
2815 2794 2930 2833 non
2983 2780 3359 2851 permittitur;
3402 2779 3558 2847 plebs

2057 2891 2074 2924 4
2118 2884 2298 2928 tamen
2336 2874 2722 2939 admoneatur,
2756 2888 2828 2927 ne
2866 2873 2933 2927 iis
2969 2872 3020 2926 in
3076 2871 3212 2927 locis
3255 2883 3557 2927 com-emus

2055 2984 2075 3016 4
2119 2974 2281 3035 agat;
2322 2974 2377 3018 et
2434 2975 2495 3019 ut
2528 2965 2621 3034 qui
2688 2974 2836 3019 recte
2868 2963 3113 3020 sentiunt
3162 2962 3311 3017 nulla
3361 2977 3554 3019 eorum

2046 3075 2064 3108 4
2105 3044 2354 3113 locorum
2396 3059 2787 3126 superstitione
2839 3057 3171 3125 alligentur;
3220 3065 3277 3110 et
3329 3056 3554 3108 omnino

2060 3169 2077 3201 4
2117 3166 2215 3206 nec
2246 3160 2551 3222 martyrum
2600 3149 2865 3204 memoria
2890 3158 3200 3219 peragatur,
3233 3146 3340 3202 nisi
3368 3146 3557 3216 utique

2045 3262 2064 3295 4
2111 3244 2194 3297 vel
2224 3258 2422 3308 corpus
2461 3243 2546 3297 vel
2578 3243 2775 3311 aliquae
2802 3243 2912 3298 sint
2974 3241 3238 3311 reliquiae,
3267 3240 3354 3296 vel
3384 3239 3558 3294 alicu-

2044 3355 2062 3387 4
2098 3337 2192 3405 jus
2232 3334 2609 3398 habitationis,
2642 3344 2735 3388 aut
2779 3332 3166 3403 possessionis,
3203 3341 3300 3386 aut
3343 3331 3558 3401 passio—

2056 3439 2075 3470 ι
2119 3421 2202 3475 nis
2243 3422 2397 3491 origo
2431 3420 2574 3475 ﬁdeli
2637 3420 2951 3490 antiquitati
3011 3419 3208 3475 tradita
3261 3432 3366 3474 est.
3395 3419 3556 3484 Quae-

2040 3530 2061 3562 4
2096 3526 2311 3580 cunque
2333 3514 2478 3567 enim
2511 3527 2615 3581 per
2642 3513 2857 3565 somnia
2885 3519 2940 3564 et
2974 3526 3244 3564 vanorum
3266 3511 3550 3564 hominum

2049 3618 2068 3652 4
2106 3602 2477 3656 revelationes
2510 3602 2738 3655 ubilibet
2772 3601 3190 3655 constituuntur
3223 3600 3443 3664 altaria,
3485 3615 3548 3654 ea

2041 3713 2059 3745 4
2094 3695 2245 3749 omni
2277 3695 2445 3749 modo
2465 3693 2843 3763 reprobentur.
2876 3712 2898 3744 ι
3020 3684 3025 3689 ’

2042 3874 2244 3931 BALS.
2295 3876 2522 3932 Canone
2571 3886 2793 3931 cautum
2842 3885 2951 3942 est,
3005 3889 3075 3930 ne
3120 3874 3280 3929 aliter
3319 3888 3549 3942 usquam

1974 3968 2289 4022 oratorium
2323 3969 2614 4033 excitetur,
2660 3967 2767 4022 nisi
2822 3966 3118 4038 episcopali
3165 3966 3546 4036 permissione.

1975 4059 2061 4111 vel
2093 4058 2257 4112 etiam
2296 4057 2609 4128 praesentia,
2654 4074 2719 4113 eo
2754 4058 2810 4111 in
2841 4058 2966 4113 loco
2998 4055 3342 4111 fundamenti
3369 4054 3549 4110 oratio

1969 4159 2188 4218 peracta
2219 4158 2275 4204 et
2294 4148 2473 4204 crucis
2502 4148 2628 4202 ﬂxio
2657 4148 2838 4218 posita
2884 4148 2980 4213 sit,
3006 4157 3061 4202 et
3104 4162 3200 4217 per
3229 4156 3544 4202 sanctorum

1972 4249 2275 4309 martyrum
2341 4240 2699 4308 reliquiarum
2733 4240 3131 4309 depositionem
3186 4239 3444 4306 templum
3473 4239 3547 4293 sit

1972 4343 2378 4387 consecratum.
2414 4331 2549 4398 Quia
2603 4341 2785 4387 autem
2842 4333 3115 4395 nonnulli,
3149 4342 3210 4386 ut
3242 4341 3327 4387 est
3354 4330 3548 4384 verisi-

1974 4423 2131 4485 mile,
2164 4437 2263 4491 per
2304 4424 2514 4477 somnia
2546 4430 2600 4476 et
2636 4423 2791 4477 [ictas
2830 4424 3191 4478 revelationes
3220 4422 3274 4475 in
3305 4422 3453 4492 agris
3489 4430 3545 4475 et

283 4526 362 4587 εἰς
388 4523 596 4593 ἀγροὺς
630 4520 725 4573 κάι
746 4517 1078 4589 ἀμπελῶνας
1104 4516 1261 4585 παρὰ
1285 4517 1513 4583 γνώμην
1574 4513 1684 4569 τῶν
1737 4516 1861 4567 ἑπι-

2001 4514 2173 4569 ‘inctis
2220 4525 2417 4582 praeter
2446 4515 2833 4584 episc0porum
2861 4517 3188 4570 sententiam
3227 4513 3419 4567 altaria
3448 4527 3544 4567 ex-

277 4616 505 4669 σκὸπων
533 4612 928 4683 θυσιαστήρια,
973 4609 1069 4665 καὶ
1135 4608 1226 4660 διὰ
1276 4605 1713 4678 παρασυνάξεων
1763 4606 1860 4659 καὶ

276 4707 492 4778 ψευδῶν
542 4705 816 4759 ἐνυπνίων
858 4704 984 4767 τοὺς
1038 4700 1447 4768 ἁπλουστέρους
1519 4699 1856 4762 πλανῶντες,

276 4801 376 4871 τὴν
405 4798 712 4870 ὀρθοδόξων
735 4796 918 4849 πίστιν
941 4794 1283 4865 διέστρεφον,
1311 4792 1479 4860 ἤρεσε
1530 4790 1599 4843 τὰ
1630 4790 1856 4843 τοιαῦτα

278 4893 673 4962 θυσιαστήρια,
697 4889 766 4942 τὰ
789 4890 867 4950 είς
893 4888 1117 4958 μνήμην
1168 4885 1313 4953 τάχα
1356 4881 1656 4953 μαρτύρων
1692 4880 1856 4935 καθι-

278 4987 554 5056 στάμενα,
578 4981 680 5036 καὶ
707 4980 783 5052 μὴ
808 4980 1004 5051 ἔχοντα
1032 4976 1263 5047 σώματα
1297 4975 1334 5043 ἢ
1363 4973 1592 5043 λείψανα
1646 4972 1858 5043 μαρτύ-

278 5094 411 5148 ρων,
459 5075 600 5146 μηδὲ
628 5073 867 5145 ἀρχῆθεν
900 5068 1278 5141 ἀνεργεθέντα
1307 5066 1397 5119 διὰ
1440 5066 1507 5118 τὸ
1543 5064 1766 5135 οἰκῆσαι
1797 5066 1857 5118 ὲν

276 5170 467 5231 αὐτοῖς
494 5167 681 5229 ὁσίους
719 5166 752 5235 ἢ
787 5165 1097 5234 μάρτυρος,
1120 5161 1155 5230 ἢ
1188 5158 1468 5228 κτησείδια
1531 5152 1672 5211 εῖναι
1730 5157 1858 5210 τού-

272 5278 404 5324 των,
429 5260 466 5331 ἢ
497 5260 560 5314 ὲν
589 5260 776 5321 αὐτοῖς
804 5255 954 5325 πάθη
1018 5251 1324 5323 μαρτυρίου
1372 5250 1696 5319 ὑποστῆναι,
1736 5250 1855 5314 καὶ,

272 5355 349 5417 ὡς
382 5352 627 5423 εἴρηται,
659 5350 734 5421 μὴ
761 5346 1173 5416 καθιερωθέντα
1203 5343 1355 5414 παρὰ
1414 5342 1523 5395 τῶν
1573 5342 1867 5413 ἐγχωρίων

273 5443 621 5504 ἐπισκόπων,
675 5435 1179 5508 καταστρέφεσθαι.
1213 5433 1351 5487 Είδὲ
1378 5433 1429 5485 oi
1459 5431 1643 5502 δῆμοι,
1667 5432 1856 5501 φασὶν,

269 5537 629 5590 ἀνθίστανται
652 5531 1037 5605 θορυϐοῦντες,
1071 5527 1451 5582 νουθετεῖσθαι
1500 5526 1598 5579 καὶ
1630 5526 1859 5589 τούτους

272 5630 349 5701 μὴ
367 5628 715 5699 ὀχλαγωγεῖν
743 5626 872 5686 τοὺς
929 5622 1130 5686 τόπους
1154 5622 1417 5684 ἐκείνους,
1470 5618 1719 5672 τουτέστι
1781 5619 1857 5689 μὴ

272 5723 470 5789 συνὰγε
478 5719 541 5772 σθ
552 5737 603 5772 ιι
623 5717 749 5779 τοὺς
765 5715 957 5785 δχλους
988 5716 1122 5780 ἐκεῖ,
1149 5712 1284 5783 μηδὲ
1301 5713 1426 5772 τοὺς
1440 5710 1751 5783 ὀρθοδόξους
1762 5728 1865 5765 κα..

271 5812 666 5882 ταδεσμεῖσθαι
704 5811 772 5879 τῇ
800 5807 1010 5862 τούτων
1038 5806 1455 5876 δεισιδαιμονίᾳ,
1482 5806 1610 5877 μηδὲ
1639 5805 1857 5876 μνήμας

1967 4610 2232 4671 citabaut,
2266 4618 2322 4662 et
2365 4623 2461 4677 per
2489 4609 2771 4678 improbos
2797 4610 3077 4662 borninum
3104 4619 3301 4670 catus,
3334 4618 3388 4662 et
3410 4607 3547 4662 Salsa

1966 4700 2206 4765 somnia,
2264 4700 2626 4769 simpliciores
2656 4701 3014 4769 decipientes,
3053 4700 3217 4753 ﬁdem
3274 4699 3544 4753 orthodo—

1973 4806 2101 4845 xam
2156 4788 2541 4845 subvertebant
2581 4809 2593 4843 :
2629 4791 2853 4860 placuit,
2891 4801 2951 4844 ut
3001 4791 3269 4859 ejusmodi
3321 4791 3540 4852 altaria,

1964 4884 2019 4938 in
2053 4882 2370 4937 memoriam
2422 4880 2561 4937 forte
2605 4890 2905 4951 martyrum
2950 4883 3275 4944 constituta,
3331 4891 3387 4934 et
3410 4896 3541 4936 cor-

1964 4988 2097 5044 pora
2131 4973 2215 5027 vel
2246 4973 2508 5041 reliquias
2566 4981 2864 5043 martyrum
2927 4988 3032 5027 non
3077 4974 3386 5029 habentia:
3440 4990 3540 5029 ne-

1965 5081 2071 5135 que
2098 5081 2128 5118 a
2159 5065 2425 5135 principio
2456 5065 2716 5128 excitata,
2753 5065 2896 5134 quod
2925 5066 3100 5120 sancti
3133 5066 3185 5119 iu
3214 5068 3294 5121 eis
3322 5067 3540 5125 habita-

1964 5159 2076 5213 rint
2110 5166 2205 5213 aut
2262 5142 2556 5226 maityres,
2612 5156 2695 5212 vel
2741 5158 2891 5227 quod
2918 5161 3031 5213 sint
3085 5160 3168 5214 eis
3194 5164 3540 5229 possessiun-

1967 5252 2128 5317 culae,
2161 5251 2246 5306 vel
2277 5258 2418 5321 quiod
2480 5251 2745 5320 rnartyrio
2772 5251 2847 5305 ibi
2875 5252 3123 5306 coronati
3180 5256 3323 5320 sint;
3359 5271 3463 5311 nec
3508 5272 3540 5310 ι

1968 5344 2210 5413 regionis
2256 5343 2550 5412 episcopis,
2621 5352 2678 5395 ut
2731 5341 2938 5397 dictum
3011 5352 3115 5411 est,
3173 5357 3536 5412 consecrata,

1966 5434 2379 5488 subvertantur.
2433 5432 2490 5486 Si
2542 5442 2724 5487 autem
2782 5433 2991 5503 populi,
3033 5435 3303 5504 inquiunt,
3336 5440 3541 5492 tumul-

1973 5535 2191 5581 tuentes
2257 5525 2540 5590 resistant,
2573 5526 2991 5591 admoneamur,
3042 5543 3109 5581 ne
3141 5529 3195 5581 in
3244 5528 3381 5582 locis
3407 5543 3540 5584 con-

1971 5627 2165 5672 ventus
2184 5626 2375 5687 agant,
2409 5619 2510 5672 hoc
2544 5631 2650 5682 est,
2698 5634 2767 5674 ne
2800 5619 2908 5672 illic
2951 5621 3135 5674 turbas
3162 5629 3492 5688 congregem
3523 5635 3540 5684 ;

1971 5725 2072 5765 nec
2147 5708 2438 5765 orthodoxi
2501 5724 2691 5761 eorum
2749 5710 3141 5778 superstitione
3233 5709 3541 5778 alligentur,

1981 5819 2154 5873 neque
2185 5804 2238 5855 in
2271 5803 2353 5856 eis
2383 5809 2685 5870 martyrum
2718 5800 3039 5855 memoriam
3079 5800 3378 5857 celebrent.
3405 5802 3544 5859 Nota
