3976 6436
442 371 544 434 303
1677 361 1956 426 T111301).
1993 365 2078 423 BA
2089 362 2393 426 LSAMON

3573 369 3679 432 334

440 488 762 553 praiscntcm
788 493 1082 542 canonem,
1122 477 1210 547 qui
1246 484 1328 532 cst
1379 476 1533 531 valde
1567 475 1720 531 utilis
1748 475 1815 531 ad
1844 473 1993 529 rusti-

2120 476 2414 545 μαρτύρων
2448 476 2530 527 ’ἐν
2605 475 2787 539 αὐτοῖς
2861 476 3151 532 ἐπιτελεῖν.
3226 478 3542 549 Σημείωσαι
3602 486 3694 533 τὴν

432 589 598 629 canas
629 571 912 626 ecclesias.
954 569 1118 624 Multa
1144 570 1290 625 enim
1323 569 1592 638 ejusmodi
1614 567 1750 624 ﬁunt
1778 581 1809 622 a
1841 566 1996 622 vica-

430 664 520 718 nis
550 661 926 724 heinunculis,
967 661 1225 716 mulieres
1276 660 1545 716 diabolico
1572 659 1845 715 instructu
1871 658 2005 714 bac-

432 757 661 809 chantes
707 764 760 808 et
825 754 1003 807 futura
1065 753 1205 808 forte
1240 753 1564 815 divinantes,
1623 752 2002 821 hominesque,

432 851 525 919 qui
562 864 622 903 se
657 846 991 902 daemoniaco
1019 845 1215 916 spiritu
1252 845 1458 901 amatos
1489 845 1770 910 simulant,
1798 851 1853 898 et
1885 858 2006 910 Qua)

430 959 503 997 ne
562 943 746 996 dicere
803 940 1022 1007 quidem
1073 939 1252 1005 decet,
1320 939 1374 993 in
1434 936 1697 1009 ejusmodi
1757 936 2005 991 ecclesiis

430 1037 639 1092 faciunt
663 1032 1086 1089 assumentibus.

498 1217 752 1274 ZONAR.
787 1214 1066 1278 Nonnulli,
1105 1228 1164 1269 se
1200 1213 1251 1268 id
1280 1213 1364 1282 pie
1396 1211 1578 1267 facere
1600 1210 2001 1268 existimantes.

432 1313 488 1365 in
528 1312 672 1378 agris
704 1319 761 1363 et
811 1308 1008 1362 vinetis
1053 1313 1357 1376 martyrum
1410 1304 1690 1366 tediculas,
1719 1303 1874 1371 quasi
1909 1315 2003 1371 per

429 1402 640 1456 somnia
695 1399 922 1468 visaque
969 1397 1260 1461 admoniti,
1315 1396 1649 1451 excitabant.
1678 1393 1782 1448 Eas
1817 1392 2001 1462 igitur,

427 1495 472 1547 si
505 1508 608 1549 nec
660 1501 960 1560 martyrum
995 1504 1223 1558 corpora
1261 1488 1332 1542 ibi
1366 1488 1627 1556 reposita,
1681 1498 1782 1539 nec
1809 1483 2002 1552 aliqua:

428 1586 649 1639 illorum
683 1583 952 1651 reliquiae,
984 1590 1365 1644 asserventur,
1397 1580 1802 1649 episcoporum,
1838 1575 2003 1646 620

433 1677 529 1746 qui
566 1677 630 1729 iis
688 1675 822 1729 locis
862 1683 1128 1742 praesunt,
1158 1671 1483 1725 auctoritate
1512 1672 1681 1723 everti
1730 1668 1880 1739 jubet
1908 1682 2002 1719 ca-

433 1780 562 1821 non.
594 1764 749 1831 Quod
780 1762 825 1818 si
850 1762 1160 1824 multitudo,
1197 1762 1398 1830 inquit,
1423 1759 1683 1814 seditiose
1717 1767 1995 1826 repugnet,

2117 566 2360 635 παρόντα
2433 564 2658 630 κανόνα,
2738 567 2911 622 πολλά
2978 568 3386 640 χρησιμεύοντα
3440 574 3522 635 εἰς
3592 578 3692 636 τας

2113 656 2441 726 ἀγροικικὰς
2467 658 2785 729 ἐκκλησίας.
2825 660 3076 715 Γίνονται
3102 663 3211 731 γὰρ
3250 663 3421 717 πολλὰ
3464 664 3693 719 τοιαῦτα

2114 746 2266 817 παρά
2373 749 2686 820 χωριτικῶν
2785 751 3092 823 ἀνδραρίων
3159 754 3692 826 προσλαμὸανόντων

2112 843 2381 906 γυναῖκας
2423 840 2801 907 ὲνθουσιώσας
2823 846 2918 897 καὶ
2987 845 3133 899 κατὰ.
3186 848 3511 918 δαιμονικὴν
3550 850 3693 919 ἐπήο

2112 946 2266 998 ρειαν
2298 932 2770 999 προφοιόαζούσας
2787 936 2929 1004 τάχα
2950 936 3019 988 τά
3043 936 3333 1006 μέλλοντα,
3365 940 3461 991 καὶ
3488 937 3691 1008 ἄνδρας

2112 1023 2615 1092 προσποιουμένους
2646 1024 2932 1096 δαιμονᾷν,
2964 1028 3060 1081 καὶ
3087 1028 3373 1092 ποιοῦντάς
3403 1045 3527 1083 τινα
3555 1030 3691 1101 μηδὲ

2113 1112 2375 1180 λέγεσθαι
2402 1115 2530 1179 ἀξια
2554 1118 2647 1180 κείς
2681 1120 2780 1181 τὰς
2809 1118 3070 1185 τοιαύτας
3095 1122 3412 1191 ἐκκλησίας.

2183 1203 2432 1258 ΖΩΝΑΡ.
2498 1204 2678 1271 Τινὲς,
2729 1208 2980 1261 εὐσεϐεῖν
3037 1208 3348 1275 δοκοῦντες,
3402 1212 3459 1264 ἐν
3495 1209 3689 1284 ἀγροῖς

2110 1293 2203 1345 καὶ
2236 1295 2295 1347 ὲν
2334 1294 2657 1362 ἀμπελῶσιν
2687 1296 2999 1367 ᾠκοδόμουν
3025 1300 3290 1369 εὐκτήρια
3346 1303 3440 1356 ἐπὶ
3473 1302 3686 1373 μαρτύ-

2112 1402 2222 1453 ρων
2254 1386 2542 1456 ὀνόμασιν,
2576 1388 2652 1453 ὠς
2707 1389 2777 1443 δι’
2812 1390 3083 1445 ἐνυπνίων
3123 1394 3297 1446 ταῦτα
3344 1396 3438 1448 καὶ
3467 1399 3685 1450 ἀποκα-

2108 1476 2324 1545 λύψεων
2355 1480 2757 1549 άνεγείροντες.
2788 1483 3135 1552 Προστάσσει
3171 1486 3376 1549 ,τοίνυν
3417 1489 3446 1539 ό
3502 1487 3688 1541 κανὼν

2107 1573 2175 1625 τὰ
2202 1573 2448 1637 τοιαῦτα,
2482 1576 2531 1628 εί
2563 1577 2701 1647 μήτε
2734 1577 2965 1647 σώματα
2990 1581 3287 1651 μαρτύρων
3303 1580 3478 1652 ἔχοιεν
3497 1583 3687 1645 αὐτοῖς

2108 1666 2529 1736 ὲναποκείμενα,
2566 1668 2701 1737 μήτε
2730 1669 2850 1722 τινὰ
2873 1669 3105 1739 λείψανα
3159 1672 3475 1744 μαρτύρων,
3526 1673 3684 1743 παρὰ.

2107 1754 2218 1807 τῶν
2248 1757 2393 1811 κατὰ
2430 1758 2629 1820 τόπους
2645 1762 2961 1815 ἐπισκόπων
2992 1764 3493 1835 καταστρέφεσθαι.
3529 1764 3590 1816 El
3621 1763 3682 1816 δὲ

432 1872 608 1928 neque
638 1857 759 1911 illas
814 1854 957 1908 dirui
982 1855 1216 1924 patiatur
1246 1874 1261 1909 :
1294 1854 1512 1909 saltem.
1545 1866 1613 1906 ue
1672 1850 1740 1905 iis
1769 1850 1822 1904 in
1868 1848 1993 1903 locis

2108 1847 2152 1898 οἱ
2184 1845 2372 1915 δῆμοι,
2409 1849 2595 1919 φησὶν,
2638 1850 2987 1905 ἀνθίστανται
3023 1853 3405 1923 θορυϐοῦντες,
3457 1856 3551 1908 καὶ
3578 1854 3685 1908 οὐκ

434 1951 614 2018 populi
656 1958 953 2004 conventus
1015 1954 1201 2016 agant,
1229 1946 1335 2001 hoc
1364 1957 1470 2011 est,
1521 1960 1588 2001 ne
1642 1943 1753 1997 illic
1815 1938 2003 1995 turbas

434 2049 784 2111 congregem,
818 2053 917 2094 nec
954 2038 1134 2107 aliqua
1160 2052 1349 2091 eorum
1395 2034 1784 2106 superstitione
1811 2033 2002 2087 ortho-

432 2130 558 2185 doxi
619 2129 929 2199 alligentur,
984 2142 1084 2183 nec
1115 2129 1168 2182 in
1224 2128 1289 2183 iis
1340 2136 1644 2197 martyrum
1679 2122 2001 2178 memoriam

431 2221 744 2289 celebrent;
778 2219 822 2273 si
853 2219 1071 2287 quidem
1102 2234 1201 2275 nec
1226 2218 1482 2288 martyris
1507 2231 1712 2286 corpus
1743 2230 1843 2270 nec
1874 2213 2002 2267 reli-

434 2310 574 2377 quia:
635 2308 711 2362 ibi
739 2307 1014 2361 recondita
1065 2306 1196 2371 sint,
1244 2316 1423 2375 neque
1471 2305 1583 2375 jam
1641 2304 1711 2358 ab
1764 2301 2002 2365 antiquis

430 2399 770 2469 temporibus
820 2397 991 2451 altare
1023 2397 1154 2453 illud
1194 2399 1266 2453 sit
1322 2396 1754 2461 exaediﬁcatum;
1787 2394 2002 2464 publice

427 2493 682 2563 populum
736 2491 1138 2548 admonendum
1198 2505 1319 2546 esse
1350 2490 1617 2546 decernit.
1652 2487 2002 2556 Quzecunqne

427 2586 601 2650 enim,
637 2585 792 2654 quasi
828 2601 922 2654 per
955 2584 1188 2648 somnia,
1218 2591 1273 2638 et
1317 2581 1678 2638 revelationes
1706 2594 1736 2632 a
1765 2578 2000 2633 nonnul-

426 2679 492 2732 lis
515 2686 851 2739 constructa,
904 2687 1127 2742 repente
1191 2675 1473 2738 exstitere,
1533 2674 1740 2738 omnia,
1798 2670 1997 2741 inquit,

425 2771 641 2837 penitus
670 2767 971 2837 improbata
999 2767 1356 2821 damnentur.

424 2858 711 2915 ARIST.‘¢
742 2859 929 2913 Altare
960 2859 1012 2912 in
1043 2859 1190 2929 agris
1217 2867 1310 2912 aut
1356 2856 1579 2922 vinetis,
1616 2856 1817 2927 quibus
1842 2854 2000 2909 nullae

505 2974 523 3004 ι
562 2964 689 3007 sunt
731 2952 972 3021 reliquiae
1021 2953 1279 3022 martyris
1309 2950 1555 3020 repositae
1580 2990 1595 3016 ,
1629 2957 1990 3009 exstructum,

510 3067 529 3098 ι
574 3046 678 3101 nisi
728 3045 975 3115 publicus
1025 3045 1294 3099 excitetur
1332 3045 1614 3109 tumultus,
1669 3030 1996 3099 evertatur:

499 3160 516 3190 ι
554 3149 608 3193 et
635 3152 971 3207 quaecunque
1026 3152 1122 3208 per
1155 3137 1423 3192 insomnia
1482 3151 1760 3206 vanasque
1787 3136 1996 3193 revela-

504 3251 523 3281 ι
558 3233 735 3287 tiones
765 3229 954 3284 altaria
988 3231 1296 3300 eriguntur.
1334 3248 1354 3282 ι

496 3324 844 3392 Quaecunque
873 3322 1016 3377 aedes
1047 3324 1297 3378 oratoriae
1326 3336 1425 3392 per
1450 3321 1829 3393 episcoporum
1858 3339 1990 3394 pre-

422 3431 518 3470 ces
555 3429 666 3468 non
699 3415 1131 3478 constituuntur,
1168 3428 1269 3469 nec
1318 3425 1628 3485 martyrum
1661 3415 1905 3485 reliquiae
1941 3416 1992 3471 in

424 3507 493 3559 iis
526 3516 886 3573 reponuntur,
916 3504 1159 3573 profanae
1179 3513 1325 3560 sunt.
1384 3504 1689 3577 Eapropter
1728 3508 1913 3577 itaque
1940 3519 1995 3563 et

425 3597 642 3661 altaria,
666 3602 793 3665 quae“
821 3597 872 3649 in
902 3596 1049 3665 agris
1079 3607 1174 3650 aut
1213 3597 1412 3653 vinetis
1447 3599 1583 3653 liuet
1605 3600 1725 3654 sine
1752 3601 1991 3669 episcopi

426 3688 702 3757 precibus,
734 3698 789 3743 et
818 3687 1167 3757 reliquiarum
1224 3699 1525 3762 martyrum
1556 3691 1916 3761 depositione,
1946 3694 1990 3746 si

426 3783 543 3836 ﬁeri
598 3790 797 3850 potest,
860 3781 1253 3837 subvertantur
1309 3801 1324 3839 :
1372 3785 1454 3838 sin
1506 3793 1685 3840 autem
1715 3786 1992 3856 p0pularis

420 3872 685 3928 tumultus
719 3874 820 3929 hoc
857 3872 972 3928 ﬁeri
1012 3875 1288 3943 prohibet,
1326 3875 1516 3929 saltem
1568 3876 1989 3941 admoneantur,

416 3965 695 4035 popularis
744 3964 921 4019 turbae
970 3964 1364 4021 concitationes
1419 3966 1471 4018 in
1522 3965 1592 4020 iis
1645 3980 1752 4021 non
1784 3964 1985 4021 facere.

419 4058 820 4112 Subvertantur
887 4067 1065 4110 autem
1113 4064 1169 4110 et
1234 4057 1424 4111 altaria
1488 4071 1585 4124 per
1640 4057 1906 4111 insomnia
1936 4069 1992 4112 et

417 4163 588 4201 vanas
622 4147 986 4201 revelationes
1042 4158 1249 4201 erecta.
1296 4147 1432 4201 Cum
1466 4146 1716 4203 diabolus
1745 4147 1889 4202 enim
1919 4148 1993 4200 sit

416 4239 670 4303 tenebrae,
708 4239 892 4292 lumen
920 4236 1144 4293 simulat
1174 4254 1188 4290 :
1222 4249 1278 4292 et
1302 4239 1523 4307 pietatis
1560 4240 1814 4293 nimirum
1847 4254 1989 4309 prae-

414 4340 561 4385 textu
590 4331 870 4385 hominum
896 4329 1112 4385 animas
1140 4330 1368 4386 inescat.

906 4510 1132 4566 CANON
1176 4510 1487 4567 LXXXVII.

420 4621 439 4653 ι
474 4603 544 4655 De
572 4600 817 4671 reliquiis
856 4601 1124 4657 idolorum
1173 4603 1434 4658 radicitus
1461 4602 1847 4673 exstirpandis.
1883 4604 1985 4658 Si-

494 4712 512 4744 ι
550 4692 751 4747 militer
774 4692 977 4761 placuit
998 4692 1106 4761 peti
1139 4707 1169 4746 a
1193 4692 1515 4748 clarissimis
1541 4693 1985 4763 imperatoribus,

486 4801 505 4834 ι
548 4793 604 4836 ut
635 4784 876 4851 reliquiae
903 4782 1238 4846 idololatriae,
1271 4797 1374 4836 non
1421 4783 1594 4837 solum
1628 4799 1748 4853 quae
1775 4794 1901 4839 sunt
1933 4787 1983 4839 in

486 4893 504 4925 ι
542 4874 870 4937 simulacris,
901 4872 994 4927 sed
1017 4873 1069 4925 in
1105 4873 1384 4941 quibusvis
1408 4873 1562 4940 locis,
1594 4880 1676 4929 vel
1703 4876 1861 4942 lucis,
1900 4877 1983 4931 vel

477 4984 495 5016 ι
539 4965 844 5032 arboribus,
876 4963 1190 5020 omnimodo
1221 4965 1529 5021 deleantur.
1570 4986 1589 5019 ι

480 5146 672 5201 BALS.
706 5146 898 5222 Patres
931 5146 1291 5216 imperatores
1322 5158 1533 5218 rogant,
1571 5161 1627 5204 ut
1656 5167 1774 5220 quae
1806 5154 1982 5209 adlmc

414 5239 622 5293 relicta:
667 5239 777 5292 sint
838 5238 1103 5294 idolorum
1154 5242 1437 5312 imagines,
1470 5251 1525 5297 et
1564 5243 1872 5314 ubicunque
1904 5261 1982 5300 ea:

407 5340 538 5393 sint,
563 5330 908 5386 adoleantur.

481 5423 734 5479 ZONAR.
771 5424 1028 5490 Quamvis
1058 5425 1350 5499 Evangelia
1406 5428 1563 5498 longe
1604 5430 1821 5500 lateque
1855 5446 1980 5499 pro-

372 5509 376 5513 ’
403 5487 613 5588 Legato.
635 5518 809 5572 adhuc
839 5529 1014 5571 tamen
1045 5520 1286 5586 quadam
1318 5535 1384 5574 ex
1414 5521 1714 5579 idololatria
1738 5523 1980 5591 reliquiae

399 5612 779 5681 superfuerant
800 5652 814 5677 ,
841 5622 894 5667 et
947 5614 1121 5669 adhuc
1151 5615 1438 5670 simulacra
1480 5629 1643 5687 atque
1670 5633 1779 5673 arae
1808 5621 1978 5689 pluri-

401 5706 501 5757 bus
531 5704 582 5754 in
609 5703 740 5757 locis
772 5720 836 5757 ac
874 5706 1192 5762 nemoribus
1226 5711 1615 5766 servabantur.
1657 5712 1731 5767 De
1762 5713 1829 5766 iis
1871 5715 1975 5779 igi-

403 5803 489 5846 tur
515 5790 762 5849 funditus
821 5795 1124 5865 abolendis,
1160 5800 1231 5854 ita
1265 5810 1323 5856 ut
1355 5803 1490 5857 nihil
1539 5804 1772 5874 amplius
1805 5820 1870 5860 ex
1905 5806 1974 5861 iis

2017 4505 2065 4562 Β

2103 1935 2234 1990 ὲῶσι
2271 1937 2687 2009 καθαιρεῖσθαι,
2721 1942 2883 2007 αὐτὰ,
2945 1945 3316 2000 νουθετεῖσθαι
3371 1946 3440 2000 τὰ
3499 1945 3686 2018 πλήθη

2103 2027 2316 2082 κελεύει
2352 2030 2427 2101 μὴ
2453 2030 2792 2101 ὀχλαγωγεῖν
2825 2035 2952 2098 τοὺς
2993 2036 3192 2099 τόπους
3235 2037 3498 2103 ἐκείνους,
3521 2053 3685 2091 τουτ-

2105 2119 2221 2172 έστι
2252 2121 2327 2190 μὴ
2362 2122 2697 2190 συνάγεσθαι
2743 2127 2870 2189 τοὺς
2920 2126 3113 2196 ὗχλους
3166 2130 3304 2197 ἐκεῖ,
3372 2130 3509 2200 μηδὲ
3552 2130 3683 2192 τοὺς

2101 2210 2415 2282 ὀρθοδόξους
2468 2202 2935 2287 καταδέσμείσθαι
2971 2222 3040 2292 τῇ
3077 2220 3285 2276 τούτων
3342 2221 3682 2290 δεισιδαιμοο

2100 2304 2210 2375 νίᾳ,
2243 2308 2382 2375 μηδὲ
2417 2309 2641 2379 μνήμας
2672 2311 2972 2385 μαρτύρων
3003 2314 3064 2368 ὲν
3098 2315 3282 2379 αὐτοῖς
3314 2313 3607 2377 ἐπιτελεῖν,
3629 2314 3682 2368 εἰ

2103 2399 2177 2467 μὴ
2213 2398 2372 2466 σῶμα
2419 2400 2696 2470 μάρτυρος
2727 2403 3130 2474 μηδὲ,λείψανα
3149 2408 3268 2460 ἐκεῖ
3284 2409 3515 2471 κεῖνται,
3545 2405 3578 2476 ἤ
3618 2404 3681 2470 ἐξ

2101 2486 2351 2555 ἀρχαίων
2388 2488 2600 2556 χρόνων
2624 2486 2690 2557 ἦν
2725 2490 3151 2564 ᾠκοδομημένον
3196 2496 3259 2549 τὸ
3286 2497 3680 2567 θυσιαστήριον

2101 2577 2295 2632 ἐκεῖνο.
2333 2582 2396 2632 "A
2424 2581 2553 2650 γὰρ,
2582 2585 2739 2653 φησὶ,
2768 2587 3133 2657 συνέστησαν,
3164 2590 3242 2652 ὡς
3296 2590 3359 2657 ἐξ
3409 2576 3679 2645 ἐνυπνίων

2101 2672 2197 2725 καὶ
2271 2672 2670 2744 ἀποκαλύψεων
2715 2679 3193 2751 οίκοδομησάντων
3271 2682 3417 2737 αὑτά
3485 2700 3709 2750 τινων,.

2112 2761 2295 2815 πάντα
2333 2764 2942 2835 ἀποδοκιμαζέσθωσαν.

2170 2854 2397 2908 ΑΡΙΣΤ.
2448 2873 2466 2906 ι
2510 2857 2910 2929 Θυσιαστήριον
2944 2862 3002 2915 ἐν
3061 2862 3253 2934 ἀγροῖς
3304 2864 3337 2934 ἦ
3386 2864 3682 2935 ἀμπελῶσι

2104 2961 2123 2994 ι
2165 2944 2473 3015 γινόμενον,
2516 2949 2574 3002 ὲν
2619 2943 2701 3013 οἷς
2736 2951 2798 3003 ού
2840 2951 3091 3022 λείψανον
3133 2955 3423 3009 ἀπόκειται
3464 2956 3683 3027 μάρτυ-

2106 3054 2124 3086 ι
2173 3052 2289 3106 ρος,
2324 3038 2374 3090 εί
2409 3038 2484 3109 μὴ
2503 3040 2764 3111 δημόσιος
2792 3043 3007 3110 γίνεται
3069 3047 3323 3118 θόρυϐος,
3366 3067 3682 3122 καταστρω-

2108 3147 2126 3179 ι
2166 3130 2351 3198 φέσθω
2377 3147 2391 3162 ·
2414 3133 2509 3185 καὶ
2535 3134 2632 3187 ὃσα
2649 3135 2714 3188 δι’
2738 3138 3006 3191 ἐνυπνίων
3034 3142 3130 3194 καὶ
3147 3142 3544 3215 ἀποκαλύψεων
3572 3164 3683 3215 μα-

2107 3237 2125 3270 ι
2157 3220 2326 3273 ταίων
2348 3222 2663 3277 συνίσταται
2696 3224 3079 3299 θυσιαστήρια.
3122 3248 3141 3282 ›

2173 3312 2328 3366 Ὅσοι
2351 3315 2460 3367 τῶν
2501 3317 2811 3387 εὐκτηρίων
2840 3319 3007 3373 οἴκων
3046 3323 3108 3374 ού
3156 3323 3222 3376 δι’
3251 3318 3419 3395 εὐχῆς
3446 3326 3683 3380 ἐπισκό-

2100 3421 2217 3458 πων
2240 3408 2603 3476 συνέστησαν,
2646 3409 2740 3462 καὶ
2790 3409 3025 3480 λείψανα
3099 3416 3399 3485 μαρτύρων
3459 3419 3681 3486 τούτοις

2096 3498 2526 3567 ὲναπετέθησαν,
2562 3500 2770 3569 ἀνίεροί
2802 3504 2931 3557 είσι.
2963 3505 3064 3558 Διὰ
3114 3508 3273 3563 τοῦτο
3300 3510 3430 3578 γοῦν
3480 3513 3579 3568 καὶ
3603 3519 3680 3570 τὰ.

2095 3592 2154 3644 ἐν
2202 3593 2400 3662 ἀγροῖς
2430 3593 2462 3662 ἢ
2506 3593 2793 3663 ἀμπελῶσι
2815 3596 3079 3666 γινόμενα
3113 3599 3477 3675 θυσιαστήρια
3500 3611 3678 3678 χωρὶς

2095 3685 2261 3754 εὐχῆς
2294 3684 2598 3737 ἐπισκόπου
2631 3686 2729 3739 καὶ
2768 3686 2886 3742 τοῦ.
2917 3690 3315 3762 ὲναποτεθῆναι
3375 3699 3679 3772 μαρτύρων

2093 3777 2346 3846 λείψανα,
2413 3778 2461 3830 εἰ
2521 3777 2769 3846 δυνατὸν,
2818 3785 3389 3854 καταστρεφέσθωσαν
3426 3806 3440 3821 ·
3501 3792 3551 3845 εί
3613 3792 3679 3847 δὲ

2093 3868 2385 3937 δημοτικὸς
2418 3867 2646 3937 θόρυϐος
2675 3868 2833 3922 τοῦτο
2858 3871 3060 3927 κωλύει
3090 3878 3370 3943 γενέσθαι,
3412 3881 3516 3935 κᾶν
3544 3899 3676 3937 νου-

2094 3960 2282 4014 θεσίαν
2307 3959 2656 4029 δεχέσθωσαν
2688 3961 2764 4031 μὴ
2815 3967 2994 4018 ποιεῖν
3023 3966 3082 4020 ὲν
3111 3968 3297 4033 αὐτοῖς
3328 3971 3672 4043 ὀχλαγώγια.

2104 4049 2691 4122 Καταστρεφέσθωσαν
2744 4052 2800 4109 δὲ
2862 4054 3059 4110 καὶτὰ
3111 4058 3178 4110 δι’
3244 4064 3512 4118 ἐνυπνίων
3574 4072 3676 4121 καὶ

2092 4140 2486 4209 ἀποκαλύψεων
2564 4143 2811 4212 ματαίων
2908 4149 3275 4218 συνιστάμενα
3366 4154 3676 4230 θυσιαστήι

2095 4250 2203 4300 ρια.
2232 4233 2432 4296 Σκότος
2470 4237 2581 4305 γὰρ
2609 4235 2685 4288 ὢν
2720 4236 3038 4305 ὁδιάϐολος,
3097 4241 3215 4310 φῶς
3264 4244 3617 4316 ὑποκρίνεται
3653 4265 3671 4282 '

2093 4324 2189 4377 καὶ
2211 4326 2482 4394 προφάσει
2503 4325 2666 4398 δῆθεν
2689 4329 2977 4395 εὐλαϐείας
3001 4332 3099 4396 τὰς
3118 4335 3226 4386 τῶν
3243 4336 3550 4408 ἀνθρώπων
3577 4343 3673 4396 δε-

2094 4417 2277 4482 λεάζει
2304 4417 2504 4491 ψυχάς.
3106 4433 3119 4446 ’

2659 4517 2900 4574 ΚΑΝΩΝ
2934 4520 3058 4575 ΠΖ’.

2168 4626 2187 4659 ι
2232 4610 2370 4681 Περὶ
2393 4610 2489 4664 τοῦ
2506 4611 2575 4664 τά
2596 4611 2830 4683 λείψανα
2881 4615 2993 4670 τῶν
3018 4616 3252 4671 εἰδώλων
3272 4617 3671 4689 ἑκριζωθῆναι.

2094 4719 2113 4751 ι
2163 4701 2398 4771 Ὁμοίως
2424 4704 2623 4775 ἦρεσεν
2673 4706 2968 4777 αίτηθῆναι
2994 4709 3104 4762 ἀπὸ
3147 4710 3257 4762 τῶν
3303 4710 3673 4777 ἐνδοξοτάτων

2095 4811 2114 4846 ι
2157 4793 2447 4865 βασιλέων,
2478 4797 2566 4850 ἵνα
2601 4796 2670 4851 τὰ
2704 4798 2935 4868 λείψανα
2959 4801 3057 4868 τῆς
3118 4801 3567 4873 εἰδωλολατρείας
3589 4808 3671 4875 μὴ

2093 4907 2113 4938 ι
2158 4888 2320 4958 μόνον
2342 4890 2412 4943 τὰ
2430 4892 2490 4944 ὲν
2536 4891 2770 4957 ξοάνοις,
2805 4893 2942 4947 ἀλλὰ
2974 4894 3069 4947 καὶ
3113 4896 3173 4948 ὲν
3209 4896 3546 4968 οίοισδήποτε
3573 4899 3670 4951 τό·

2093 4998 2111 5032 ι
2150 4997 2274 5044 ποις
2304 4981 2335 5052 ἢ
2363 4984 2588 5038 ἄλσεσιν
2642 4985 2674 5055 ἢ
2716 4985 2959 5056 δένδροις
2992 4988 3157 5041 παντὶ
3198 4990 3385 5060 τρόπῳ
3447 4989 3669 5056 ἐξαλει-

2091 5092 2110 5124 ι
2160 5074 2388 5143 φθῶσιν.
2426 5096 2444 5127 ι

2155 5166 2349 5222 ΒΑΛΣ.
2377 5169 2794 5239 Παρακαλοῦσιν
2812 5172 2860 5224 οἱ
2890 5172 3136 5242 Πατέρες
3159 5172 3285 5238 τοὺς
3306 5173 3566 5242 βασιλεῖς,
3596 5176 3670 5227 τὰ

2083 5258 2165 5308 ἔτι
2197 5259 2615 5328 περιλειφθέντα
2647 5261 2942 5331 ἀγάλματα
2958 5262 3067 5315 τῶν
3097 5262 3351 5328 εἰδώλων,
3377 5265 3470 5317 καὶ
3498 5264 3672 5316 ὁπου-

2082 5350 2282 5420 δήποτε
2305 5351 2431 5404 ὖντα
2449 5349 2848 5423 ἐξαλειφθῆναι.

2156 5444 2405 5500 ΖΩΝΑΡ.
2433 5446 2543 5498 Καὶ
2572 5444 2666 5498 τοῦ
2698 5447 3070 5517 εὐαγγελικοῦ
3124 5449 3481 5521 κηρύγματος
3519 5452 3666 5502 πλα-

2081 5536 2503 5602 τυνθέντος,ἕτι
2564 5538 2794 5609 λείψανα
2849 5540 2949 5610 τῆς
3007 5541 3461 5612 είδω).ολατρείας
3509 5543 3661 5602 τινὰ,

2082 5629 2254 5696 ἤγουν
2282 5628 3318 5702 ἐγκαταλείμματα,περιελιμπάνοντο
3339 5649 3352 5663 ·
3392 5630 3667 5695 ἐσώζοντο

2082 5721 2175 5771 καὶ
2219 5719 2513 5788 ἀγάλματα
2536 5723 2631 5772 καὶ
2664 5721 2839 5791 βωμοὶ
2871 5725 2928 5776 ὲν
2978 5723 3259 5794 διαφόροις
3320 5726 3506 5786 τόποις
3560 5723 3666 5785 καὶ

2093 5814 2133 5827 ι..

2085 5814 2293 5865 ἄλσεσι.
2341 5813 2475 5895 Περὶ
2506 5812 2699 5869 τούτου
2728 5815 2871 5880 ἔδοξε
2898 5818 3014 5881 τοῖς
3074 5817 3357 5887 Πατράσιν
3403 5818 3661 5886 ὑπομνη-
