3976 6432
332 438 431 501 305

1266 435 1347 496 ΙΝ
1383 437 1555 499 CAN"
1590 439 1951 501 LXXXVIII
1987 440 2193 503 CONC.
2238 441 2617 500 CARTHAG.

3471 442 3572 501 30.6

329 552 518 616 σθῆναι
549 546 678 610 τοὺς
710 546 976 617 βασιλεῖς,
1003 546 1092 600 ἵνα
1123 547 1538 618 ἐξαλειφθῶσιν,
1564 550 1705 606 ὥστε
1743 555 1817 623 μή
1842 569 1892 605 τι

2048 552 2264 620 ειὶηιιυη]
2323 552 2433 616 ﬁat,
2491 551 2675 607 Patres
2710 552 3064 622 imperatores
3094 557 3396 610 monendos
3442 572 3564 609 esse

327 660 390 695 πε
401 640 743 711 ριλειφθῆναι
766 640 967 693 αὐτῶν.

2009 661 2362 704 censuerunt.

393 728 620 784 ΑΡΙΣΤ.
651 750 673 782 σ
715 729 797 784 Τὰ
827 731 938 783 εἴτε
970 730 1028 784 ἐν
1083 730 1313 796 ξοάνοις,
1371 733 1403 804 ἢ
1459 735 1648 798 τόποις
1704 735 1898 807 τισὶνῆ

2053 736 2234 793 RIST.
2269 757 2289 790 ι
2319 740 2638 795 ldololatria:
2687 740 2947 810 reliquiae,
2979 740 3160 796 sivein
3193 741 3405 807 statuis,
3462 746 3578 798 sive

329 844 351 872 ο
383 820 687 891 ἄλσεσιν,ἢ
730 820 970 891 δένδροις
1009 821 1239 892 λείψανα
1285 824 1388 895 τῆς
1455 825 1901 900 είδωλολατρείας

327 912 731 980 ἐξαλειφέσθω.
762 930 783 964 ι

391 1007 469 1060 Οὐ
501 1006 664 1076 μόνον
686 1005 757 1060 τὰ
781 1006 892 1059 τῶν
927 1007 1170 1061 εἰδώλων
1201 1008 1364 1074 ξόανα
1399 1011 1485 1065 δεῖ
1514 1012 1902 1083 συντρίϐεσθαί

318 1113 378 1149 τε
407 1095 505 1150 καὶ
530 1095 944 1166 ἐξαλείφεσθαι,
978 1101 1073 1154 καὶ
1104 1102 1230 1163 τοὺς
1258 1101 1478 1172 βωμοὺς
1512 1105 1692 1157 αὐτῶν
1727 1122 1900 1159 καταο

322 1188 688 1258 στρέφεσθαι,
726 1190 865 1244 ἀλλὰ
904 1192 1001 1245 καὶ
1037 1191 1091 1244 εἴ
1117 1211 1170 1247 τι
1200 1193 1455 1263 λείψανον
1476 1197 1576 1266 τῆς
1615 1197 1903 1251 εἰδωλολα-

315 1281 512 1349 τρείας
538 1281 843 1354 ὑπελείφθη
870 1284 903 1356 ἢ
929 1285 989 1337 ἐν
1021 1285 1231 1350 τόποις,
1267 1287 1300 1357 ἢ
1325 1287 1569 1352 ἄλσεσιν,
1596 1289 1627 1355 ἦ
1660 1288 1903 1358 δένδροις

313 1372 552 1442 (τίγὰρ,
620 1374 703 1427 ὅτι
750 1375 873 1428 τινὰ
902 1375 1110 1430 τούτων
1200 1378 1409 1445 ἐτίμων
1452 1381 1504 1433 oi
1539 1381 1821 1450 Ἕλληνες,
1869 1380 1901 1449 ἢ

311 1466 690 1530 ἐμαντεύοντο
723 1466 784 1517 ἐν
820 1466 1028 1530 αὐτοῖς,
1072 1470 1297 1535 καὶτῆς
1354 1470 1565 1542 πλάνης
1616 1471 1907 1526 άπελαθεί-

316 1570 451 1618 σης.
493 1553 525 1623 ἢ
575 1555 603 1605 ὁ
662 1554 914 1623 τρίπους,
965 1554 998 1623 ἢ
1049 1554 1108 1608 τὸ
1130 1552 1407 1625 τμαντεῖον
1491 1555 1903 1627 ἐναπέμεινεν),

311 1644 674 1711 ἁφανιζέσθω
733 1646 826 1698 καὶ
883 1643 1066 1711 τοῦτο,
1127 1646 1206 1711 ὡς
1268 1648 1405 1719 μηδὲ
1477 1650 1701 1720 μνήμην
1753 1648 1906 1719 αὐτῷ

312 1736 348 1788 ὗ
362 1737 570 1790 πεῖναι.

909 1826 1152 1881 ΚΑΝΩΝ
1180 1825 1311 1880 UH"
1927 1818 1969 1872 Β

2067 846 2088 882 ι
2127 831 2262 886 locis
2296 833 2646 901 quibuslibet,
2681 833 2764 887 vel
2814 832 2952 887 lucis
2986 833 3063 887 vel
3104 833 3407 901 arboribus,
3435 835 3580 888 dele-

2080 938 2099 971 ι
2138 929 2318 976 antur.
2353 940 2371 973 ι
3384 910 3387 911 ν

2079 1008 2193 1064 Non
2235 1021 2438 1066 tantum
2474 1013 2741 1069 idolorum
2797 1012 3085 1069 simulacra
3121 1014 3326 1069 conteri
3366 1024 3581 1083 oportet

2006 1109 2061 1153 ct
2092 1101 2280 1168 deleri,
2309 1114 2362 1157 et
2395 1119 2519 1160 aras
2563 1121 2750 1161 eorum
2784 1108 2953 1161 everti
2987 1125 2999 1160 :
3030 1109 3123 1161 sed
3159 1108 3203 1161 si
3240 1123 3360 1176 quae
3406 1108 3580 1161 idolu-

2008 1192 2185 1247 latriaa
2230 1195 2472 1265 reliquis:
2517 1206 2742 1263 restent,
2776 1197 2857 1252 vel
2890 1200 2941 1252 in
2974 1199 3134 1265 locis,
3166 1199 3247 1253 vel
3291 1199 3451 1264 lucis,
3487 1208 3580 1263 aut

2007 1283 2295 1340 arboribus
2328 1285 2478 1354 (quid
2519 1289 2662 1341 enim
2695 1287 2836 1357 quod
2869 1290 3123 1343 nonnulla
3157 1305 3344 1344 eorum
3376 1290 3580 1343 honore

2009 1375 2284 1441 prosecuti
2323 1388 2450 1431 sunt
2480 1376 2653 1432 Graeci
2679 1388 2733 1433 et
2769 1380 2821 1433 in
2856 1380 2936 1435 eis
2974 1381 3278 1445 vaticinati,
3313 1389 3367 1434 et
3395 1394 3582 1435 errore

2006 1465 2253 1532 expulso,
2286 1469 2368 1521 vel
2423 1469 2591 1538 tripos
2627 1470 2706 1526 vel
2761 1481 3029 1526 manteum
3072 1472 3398 1543 permanet,)
3451 1473 3580 1526 abo-

2008 1555 2222 1610 leantur
2253 1567 2305 1612 et
2331 1558 2436 1613 illa:
2462 1569 2519 1614 ut
2557 1576 2655 1616 nec
2682 1564 2939 1619 memoria
2970 1565 3033 1618 iis
3068 1567 3327 1635 supersit.

2382 1828 2539 1900 621
2572 1786 2802 1886 canos
2866 1830 3196 1888 LXXXVIII.

318 1938 338 1969 ι
387 1916 555 1971 Ὥστε
582 1917 893 1987 γράφεσθαι
931 1920 1026 1972 καὶ
1055 1919 1498 1990 ὑπογράφεσθαι,
1556 1921 1753 1984 ὁσάκις
1808 1883 1902 1988 γέ·

2067 1913 2143 1973 Ut
2171 1918 2484 1994 scribantur
2511 1930 2565 1977 et
2591 1923 3022 1987 subscribautur,
3055 1925 3268 1993 quoties
3295 1938 3431 1993 opus
3464 1922 3583 1977 l‘ue-

399 2027 419 2061 r
452 2026 609 2079 νηται
644 2009 825 2078 χρεία,
856 2011 919 2063 ἐκ
955 2010 1049 2063 τοῦ
1113 2013 1170 2064 ἐν
1231 2014 1544 2084 Καρχηδόνι
1595 2015 1901 2066 ἐπισκόπου

401 2120 419 2150 ι
459 2102 548 2153 ἐπ’
574 2100 801 2169 ὀνόματι
845 2102 1066 2155 πάντων
1095 2105 1206 2157 τῶν
1241 2106 1559 2160 ἐπισκόπων
1589 2107 1900 2169 ἐπιστολάς.

405 2212 422 2241 ι
470 2191 605 2245 Ἀπὸ
635 2193 969 2262 συμπάντων
998 2194 1109 2247 τῶν
1154 2196 1468 2250 ἐπισκόπων
1524 2197 1742 2269 ἐλέχθη,
1790 2198 1901 2263 ἵνα,

400 2305 419 2335 ο
460 2284 557 2337 ἐὰν
585 2285 760 2358 ἀρέσῃ
793 2286 917 2339 τινὰ
939 2287 1247 2359 γράμματα
1299 2290 1542 2359 ὀφείλειν
1593 2291 1906 2360 ὑπαγορευ-

401 2393 419 2423 ι
463 2373 628 2443 θῆναι
667 2376 727 2427 ἐν
774 2376 841 2445 τῇ
883 2375 1106 2446 συνόδῳ,
1142 2380 1169 2430 ό
1198 2380 1573 2450 προσκυνητὸς
1603 2380 1903 2442 ἐπίσκοπος

399 2484 419 2514 ι
461 2466 491 2518 ὀ
525 2465 585 2518 ἐν
638 2465 716 2534 τῷ
757 2466 931 2538 θρόνῳ
964 2467 1139 2537 τούτῳ
1196 2472 1611 2541 προκαθήμενος
1663 2470 1910 2537 καταξιοῖ

404 2575 421 2605 ι
470 2556 560 2609 ἐπ’
593 2555 821 2627 ὀνόματι
852 2558 1070 2612 πάντων
1100 2561 1467 2632 ὑπαγορεύειν
1525 2564 1620 2616 καὶ
1667 2563 1906 2634 ὑπογρά-

398 2669 418 2699 c
462 2666 586 2718 φειν
611 2651 669 2703 ἐν
706 2644 787 2712 οἷς
828 2652 1024 2722 ἤρεσεν
1048 2667 1062 2681 ο
1114 2652 1196 2705 ἐτι
1227 2655 1334 2725 μὴν
1368 2658 1480 2717 τοῖς
1506 2656 1908 2726 τοποτηρηταῖς

410 2760 426 2788 ι
468 2742 815 2819 ἐπισκόποις,
844 2746 959 2806 τοῖς
984 2745 1290 2812 όφείὶουσιν
1312 2747 1687 2816 ἀποσταλῆναι
1712 2748 1792 2809 είς
1809 2747 1908 2809 τὰς

404 2854 422 2885 ι
464 2834 564 2904 τῆς
602 2835 871 2905 Ἀφρικῆς
898 2837 1168 2907 ἐπαρχίας
1196 2837 1382 2891 ἕνεκεν
1421 2840 1529 2890 τῶν
1570 2837 1908 2892 Δονατιστῶν

415 2925 792 2997 «ι’-γράμματα
823 2928 1064 2998 δοθῆναι,
1116 2930 1345 2998 δύναμιν
1386 2929 1664 2982 ἐντολικοῦ
1724 2929 1912 2997 περιέ-

410 3037 429 3066 ι
469 3035 632 3090 κοντα
682 3019 751 3089 ἢν
826 3019 1057 3090 δύναμιν
1099 3020 1173 3090 μὴ
1229 3020 1604 3092 παρεξέλθωσι
1649 3022 1742 3074 καὶ
1777 3020 1911 3073 ὑπέ⁸

401 3132 422 3161 ε
462 3110 705 3181 γραψαν.
733 3111 1002 3182 Αὐρήλιος
1039 3112 1341 3176 ἐπίσκοπος
1374 3114 1473 3184 τῆς
1520 3113 1909 3183 Καρχηδονίων

404 3224 425 3253 ι
463 3204 765 3273 ἐκκλησίας
792 3205 868 3273 τῷ
897 3204 1127 3273 παρόντι
1173 3205 1484 3276 ψηφίσματι
1505 3205 1783 3277 ’σνῄνεσα,
1813 3206 1909 3258 καὶ

405 3317 426 3347 ι
464 3296 870 3362 ἀναγνωσθέντι
899 3295 1207 3367 ὑπέγραψα.
1257 3296 1488 3369 Ὁμοίως
1515 3299 1608 3352 καὶ
1650 3298 1700 3351 οξ
1732 3297 1915 3351 λοιποὶ

402 3407 423 3439 ι
467 3387 762 3441 ἐπίσκοποι
789 3387 1136 3458 ὑπέγραψαν.
1183 3407 1203 3441 ›

407 3476 665 3530 ΖΩΝᾹΡ.
702 3478 907 3544 Ἥρεσε
952 3474 1087 3530 πᾶσι
1116 3478 1228 3541 τοῖς
1276 3479 1336 3531 ἐν
1358 3479 1423 3550 τῇ
1451 3479 1676 3550 συνόδῳ,
1713 3481 1823 3544 ἵνα,
1863 3480 1913 3535 εί

360 3572 492 3639 ρεία
533 3573 763 3641 γένηται
809 3572 1102 3634 ἐπιστολάς
1134 3571 1415 3643 γραφῆναι
1466 3573 1600 3642 πρός
1642 3591 1797 3638 τινας
1847 3577 1912 3628 ὲκ

317 3668 429 3736 τῆς
443 3664 702 3731 -συνόδου,
732 3666 760 3716 ό
783 3664 1201 3734 προκαθήμενος
1235 3665 1292 3716 ἐν
1318 3663 1396 3734 τῷ
1421 3664 1597 3735 θρόνῳ
1625 3665 1726 3733 τῆς
1757 3668 1911 3734 Καρ.

320 3755 595 3829 χηδονίων
634 3755 956 3825 ἐκκληιήας,
987 3754 1048 3807 ὃν
1081 3754 1175 3807 καὶ
1208 3754 1439 3806 πάππαν
1495 3755 1551 3808 ἐν
1609 3755 1752 3825 ἀρχῇ
1811 3756 1915 3821 τῆς

323 3850 560 3905 συνόδου
607 3849 922 3916 ὠνόμασαν,
976 3846 1179 3911 ταρτας
1243 3846 1469 3916 ὀνόματι
1531 3849 1749 3901 πάντων
1805 3848 1913 3902 τῶν

321 3941 652 4000 ἐπισκόπων
686 3939 1026 4013 ὑπαγορεύῃ.
1065 3941 1267 4011 Ἤρεσε
1297 3938 1351 3992 δὲ
1376 3940 1474 3995 καὶ
1494 3939 1715 4009 δοθῆναι
1737 3939 1915 4011 γράμο

325 4052 507 4105 ματα,
534 4032 759 4098 ἐντολῆς
811 4032 1042 4100 δύναμιν
1095 4031 1311 4102 ἔχοντα,
1362 4032 1456 4085 καὶ
1524 4031 1801 4085 τυποῦντα
1864 4032 1916 4085 τι

322 4128 562 4196 ποιῆσαι
588 4124 893 4194 ὀφείλουσι,
935 4126 1046 4189 τοῖς
1096 4124 1385 4193 μέλλουσιν
1425 4123 1681 4177 ἀπελθεῖν
1712 4124 1792 4186 εις
1818 4125 1915 4195 τὴν

320 4222 430 4290 τῆς
475 4217 745 4288 Ἀφρικῆς
770 4219 1043 4287 ἐπαρχίαν
1068 4217 1256 4268 ἕνεκεν
1290 4217 1399 4269 τῶν
1442 4216 1799 4285 Δονατιστῶν,
1830 4216 1919 4270 ἵνα

328 4310 412 4381 μὴ
445 4308 829 4379 παρεξέλθωσι
867 4308 935 4360 τὰ
968 4306 1301 4361 ἐνταλθέντα
1331 4306 1537 4370 αὐτοῖς.

324 4403 561 4457 ΑΡΙΣΤ.
636 4420 656 4452 ι
694 4400 882 4465 Ἔδοξε
927 4400 995 4452 τὰ
1050 4399 1335 4468 ὀφείλοντα
1391 4399 1541 4468 παρὰ
1591 4402 1657 4470 τῇ
1713 4400 1917 4471 συνόδῳ

2084 2028 2104 2061 ι
2142 2012 2232 2070 rit,
2257 2012 2322 2064 ab
2348 2009 2602 2081 episcopo
2619 2012 3060 2082 Carthaginrnsi,
3086 2013 3304 2066 nomine
3336 2013 3578 2065 omnium

2083 2119 2111 2152 r
2134 2103 2533 2171 episcoporum,
2566 2104 2827 2172 epistolae.
2879 2104 2961 2157 Ah
3006 2103 3258 2157 omnibus
3315 2103 3585 2171 episeopis

2089 2194 2338 2248 «dictum
2401 2204 2504 2260 est,
2562 2205 2643 2264 ut,
2700 2197 2742 2250 si
2779 2195 3060 2265 placuerit,
3119 2194 3318 2249 debere
3379 2193 3585 2264 synodo

2081 2303 2100 2336 ι
2133 2284 2326 2340 dictari
2353 2287 2632 2356 epistolas,
2664 2288 3008 2342 venerandus
3042 2286 3329 2357 episcopus
3378 2285 3431 2339 in
3480 2286 3584 2339 hoc

2084 2393 2102 2426 ι
2139 2378 2334 2430 throno
2359 2378 2654 2445 praesidens
2676 2378 2944 2447 dignetur
2968 2378 3068 2431 sub
3093 2378 3315 2430 nomine
3341 2375 3584 2430 omnium

2090 2487 2108 2518 ι
2143 2468 2351 2523 dictare
2380 2478 2435 2523 et
2462 2469 2807 2524 subscribere
2837 2483 2956 2538 qua:
3005 2466 3344 2537 placuerint:
3390 2475 3588 2536 praete-

2092 2578 2111 2611 ι
2152 2574 2238 2613 rea
2273 2558 2548 2628 epismpis
2579 2558 2790 2628 legatis,
2830 2558 2921 2626 qui
2958 2557 3095 2610 mitti
3130 2557 3326 2611 debent
3361 2557 3412 2609 in
3464 2570 3584 2624 pro-

2084 2668 2102 2701 ι
2134 2648 2339 2704 vincias
2372 2647 2591 2712 Africae,
2624 2659 2843 2718 propter
2892 2646 3225 2713 Donatistas,
3278 2646 3395 2699 dari
3447 2645 3591 2699 litte-

2087 2758 2113 2790 ς-
2141 2754 2246 2811 ras,
2280 2754 2398 2808 quas
2428 2737 2737 2793 mandatum
2762 2738 3107 2797 contineant;
3157 2752 3319 2805 quam
3356 2745 3592 2805 potesta-

2082 2849 2101 2881 ο
2131 2840 2241 2885 tem
2260 2844 2326 2884 ne
2345 2829 2838 2897 transgrediantur,
2872 2836 2925 2883 et
2955 2827 3394 2895 subscripserunt
3423 2846 3435 2880 :
3476 2826 3587 2879 Au-

2079 2940 2096 2974 ι
2129 2923 2294 2977 relius
2376 2922 2662 2991 episcopus
2739 2919 3246 2990 Carthagineusium
3311 2919 3589 2981 Ecclesiae,

2087 3034 2106 3067 ι
2143 3014 2399 3083 praesenti
2433 3015 2655 3069 decreto
2684 3012 2961 3074 consensi.
2998 3018 3054 3066 et
3088 3012 3230 3066 lecto
3265 3009 3587 3079 subscripsi.

2089 3124 2107 3158 ι
2147 3105 2409 3162 Similiter
2435 3115 2491 3161 et
2519 3104 2709 3175 reliqui
2740 3102 2978 3174 episc0pi
3013 3103 3471 3173 subscripserunt.
3507 3119 3529 3152 ι

2084 3466 2336 3540 ΖΟΝΑΗ.
2395 3480 2658 3537 Omnibus
2690 3480 2781 3551 qui
2810 3479 2861 3534 in
2897 3478 3104 3550 synodo
3127 3479 3349 3533 aderant
3370 3477 3590 3548 placuit,

2013 3590 2071 3633 ut
2100 3579 2144 3634 si
2180 3592 2312 3646 quas
2341 3591 2368 3628 a
2399 3573 2605 3645 synodo
2640 3572 2897 3640 epistolas
2948 3572 3217 3627 conscribi
3253 3587 3384 3640 Opus
3409 3570 3590 3637 fuerit,

2012 3670 2104 3740 qui
2168 3669 2220 3721 in
2279 3666 2476 3720 throno
2534 3663 2978 3735 Carthaginensis
3026 3661 3284 3718 Ecclesia:
3319 3662 3590 3733 praesidet,

2013 3778 2174 3832 quem
2223 3772 2277 3817 et
2315 3775 2507 3831 papam
2572 3761 2729 3815 initio
2793 3758 2985 3829 synodi
3052 3772 3336 3821 vocavere,
3376 3756 3594 3811 nomine

2015 3857 2394 3926 episcoporum
2424 3851 2663 3907 omnium
2697 3866 2789 3906 eas
2809 3850 2992 3906 dictet.
3027 3851 3156 3905 [llud
3178 3853 3337 3906 etiam
3368 3851 3605 3918 placuit,

2015 3957 2073 4000 ut
2091 3945 2278 4000 littera:
2304 3943 2537 3997 mandati
2555 3943 2659 3996 vim
2695 3941 3049 4007 habentes,et
3069 3940 3196 4008 quid
3216 3940 3593 4008 [ierioporteat

2018 4036 2456 4105 praeseribentes,
2490 4032 2544 4086 in
2574 4032 2891 4087 Africanam
2923 4030 3253 4101 provinciam
3287 4032 3595 4086 Donatista-

2019 4145 2136 4182 rum
2168 4142 2327 4181 causa
2375 4124 2699 4196 proiecturis
2730 4124 3011 4189 darentur,
3049 4139 3148 4179 nec
3182 4124 3248 4179 iis
3277 4124 3603 4193 quidquam,

2020 4219 2121 4275 nisi
2151 4233 2215 4274 ex
2247 4218 2459 4272 illarum
2491 4215 2827 4286 praescripto,
2868 4214 3171 4285 transigere
3205 4215 3412 4281 liceret.

2019 4394 2248 4454 ARIST.
2292 4415 2313 4450 ι
2362 4395 2548 4453 Visum
2584 4402 2689 4463 est,
2726 4406 2785 4452 ut
2837 4412 2956 4466 quae
2983 4411 3009 4449 a
3051 4394 3259 4467 synodo
3314 4392 3589 4448 mittenda)

405 4514 427 4544 ι
473 4491 724 4561 γίνεσθαι
773 4492 1076 4563 γράμματα
1124 4490 1274 4562 παρὰ
1334 4489 1427 4543 τοῦ
1489 4492 1548 4542 ἐν
1607 4492 1911 4561 Καρχηδόνι

2099 4510 2119 4542 ι
2149 4499 2274 4546 sunt
2328 4489 2541 4555 litterae,
2593 4490 2661 4544 ab
2702 4479 2964 4556 epigropo
3022 4487 3441 4556 Carthaginensi
3491 4486 3592 4540 sub

410 4604 432 4637 ι
475 4585 777 4639 ἐπισκόπου
810 4582 898 4637 ἐπ’
927 4582 1156 4652 ὀνόματι
1197 4583 1412 4635 πάντων
1462 4582 1773 4651 γράφεσθαι
1820 4585 1915 4639 καὶ

411 4697 433 4731 ι
470 4675 912 4746 ὐπογράφεσθαι.
944 4693 966 4728 ι

420 4768 516 4831 Ὧς
542 4768 652 4839 γὰρ
682 4766 983 4836 πρωτεύων
1006 4767 1115 4819 τῶν
1146 4769 1205 4821 ἐν
1254 4768 1488 4839 Ἀφρικῇ
1544 4769 1764 4823 πάντων
1808 4769 1918 4823 τῶν

330 4860 678 4925 ἐπισκόπων,
710 4859 778 4913 τὰ
813 4858 965 4928 παρὰ
1002 4860 1102 4928 τῆς
1170 4859 1390 4912 συνόδου
1458 4860 1741 4928 ὀφείλοντα
1791 4878 1920 4915 στα-

331 4954 499 5022 λῆναι
530 4954 836 5021 γράμματα
871 4951 1009 5020 πρὸς
1042 4952 1169 5012 τοὺς
1193 4950 1295 5021 τῆς
1350 4952 1616 5022 Ἀφρικῆς
1651 4952 1920 5022 ἄρχοντας

330 5047 506 5099 ἓνεκα
539 5043 650 5097 τῶν
686 5042 1049 5106 Δονατιστῶν,
1080 5043 1112 5112 ἢ
1143 5043 1282 5113 πρὸς
1327 5044 1569 5115 ἐτέρους,
1603 5044 1803 5114 γράψει
1824 5045 1919 5097 καὶ

332 5134 673 5206 ὑπογράψει.
723 5134 1062 5206 ’ῼκονομήθη
1088 5134 1144 5186 δὲ
1179 5134 1358 5198 τοῦτο,
1399 5134 1487 5187 διὰ
1540 5136 1601 5188 τὸ
1656 5135 1918 5205 δυσχερὲς

334 5222 504 5289 εἶναι,
540 5226 636 5279 καὶ
667 5226 867 5295 φόρτον
903 5225 1219 5297 ὀλόκληρον,
1254 5225 1462 5289 πάντας
1493 5228 1619 5289 τοὺς
1648 5230 1745 5291 τ“ς
1795 5245 1920 5279 συν-

333 5318 464 5371 όδου
494 5318 607 5380 τοῖς
639 5315 1020 5386 στελλομένοις
1056 5317 1188 5387 παρ’
1239 5316 1422 5370 αὐτῶν
1481 5318 1615 5387 πρὸς
1679 5318 1918 5387 βασιλεῖς

334 5410 374 5482 ἣ
415 5408 554 5480 πρὸς
580 5408 853 5481 ἄρχοντας
883 5407 1210 5477 γράμμασιν
1235 5407 1601 5478 ὑπογράφειν.
1620 5476 1644 5489 ⁸

876 5500 1082 5569 Πρᾶξις
1124 5499 1371 5571 πέμπτη.

345 5615 366 5649 ι
422 5595 514 5650 Ἐν
539 5592 716 5666 ταύτῃ
744 5593 811 5663 τῇ
847 5590 1051 5659 συνόδῳ
1080 5588 1149 5642 τά
1197 5588 1542 5659 προλαϐόντα
1591 5587 1922 5658 ψηφ⁷σματα

424 5704 444 5736 ι
480 5683 781 5754 κυροῦνται
814 5680 907 5735 ἐπὶ
954 5680 1063 5733 τῶν
1096 5679 1459 5745 ἐνδοξοτάτων
1489 5678 1755 5749 βασιλέων
1800 5679 1922 5747 Ἀρ-

427 5796 446 5829 ι
477 5774 667 5830 καδίου
699 5775 795 5828 καὶ
827 5771 1086 5841 Ὃνωρίου
1111 5770 1219 5825 τῶν
1240 5770 1566 5840 Αὐγούστων
1587 5770 1808 5824 ὑπάτων
1852 5772 1920 5840 τῇ

430 5888 450 5922 ι
486 5869 592 5937 πρὸ
632 5866 695 5933 ἓξ
721 5859 1016 5922 καλανδῶν
1043 5865 1434 5935 Σεπτεμϐρίων
1484 5865 1540 5918 ἐν
1575 5864 1945 5933 Μιὶτεϐετανῇ,

2096 4601 2115 4636 ι
2147 4582 2388 4637 omnium
2421 4583 2639 4637 nomine
2668 4580 2985 4636 scribantur
3016 4588 3076 4634 et
3100 4578 3525 4634 subscribantur.
3566 4594 3589 4629 ιη

2092 4767 2160 4822 Ut
2184 4767 2388 4838 primas
2423 4764 2566 4821 enim
2599 4763 2838 4819 omnium
2872 4763 2925 4815 in
2976 4761 3159 4816 Africa
3188 4760 3588 4829 episcoporum,

2021 4858 2248 4919 litteras,
2294 4869 2413 4924 quae
2444 4869 2472 4905 a
2504 4853 2711 4923 synodo
2750 4852 2887 4905 mitti
2923 4849 3118 4904 debent
3144 4848 3210 4901 ad
3247 4848 3440 4902 Africae
3475 4864 3594 4899 ma-

2020 4952 2276 5017 gistratus
2302 4947 2703 5002 Douatistarum
2756 4943 2929 5011 gratia
2963 4941 3043 4996 vel
3091 4941 3256 4995 etiam
3315 4938 3381 4994 ad
3434 4939 3590 4999 alios,

2021 5041 2215 5097 scribet
2248 5048 2303 5093 et
2337 5036 2659 5111 subscribet.
2696 5032 2827 5087 Illud
2864 5042 3045 5085 autem
3081 5030 3436 5086 constitutum
3466 5027 3588 5088 fuit.

2021 5132 2143 5201 quia
2176 5127 2386 5182 ditlicile
2435 5133 2537 5186 est,
2585 5131 2641 5177 et
2669 5135 2807 5176 onus
2839 5118 3112 5190 generale.
3154 5127 3212 5171 ut
3262 5129 3451 5170 omnes
3501 5113 3593 5183 qui

2021 5232 2147 5277 sunt
2179 5222 2231 5273 in
2260 5218 2467 5288 synodo
2502 5213 2701 5269 litteris
2731 5227 2759 5266 a
2792 5226 2852 5266 se
2897 5212 2964 5266 ad
3023 5212 3377 5281 imperatores
3404 5215 3458 5262 et
3484 5221 3603 5259 ma-

2021 5319 2281 5386 gistratus
2313 5309 2492 5366 missis
2520 5306 2943 5365 subscriberent.

2603 5488 2749 5542 Actio
2805 5488 3009 5557 quinta.

2101 5604 2118 5635 ι
2149 5584 2202 5637 lu
2245 5581 2345 5636 bac
2373 5580 2586 5651 synodo
2611 5579 2968 5648 prmcedentia
3017 5580 3235 5635 decreta
3260 5580 3593 5635 conﬁrman-

2028 5696 2046 5730 ι
2085 5687 2169 5729 tur
2202 5680 2300 5730 sub
2350 5672 2756 5743 gloriosissimis
2809 5672 3227 5740 imperatoribus
3260 5672 3490 5726 Arcadio
3541 5684 3595 5728 et

2030 5790 2049 5823 ι
2083 5768 2319 5824 Honorio
2349 5765 2605 5834 Augustis
2659 5762 2991 5825 consulibus.
3026 5763 3089 5817 A.
3125 5762 3187 5815 D.
3216 5773 3369 5819 sexto
3394 5762 3596 5821 Kalen-

2037 5883 2053 5917 ι
2089 5868 2183 5920 das
2219 5859 2573 5931 Septembris;
2605 5858 2658 5913 in
2685 5857 2906 5913 civitate
2936 5855 3270 5925 Milevitana,
3303 5857 3356 5913 ιιι
3383 5866 3599 5911 secreto
