3976 6390
763 326 813 361 ‘x

275 400 386 463 θαι)

1278 405 1360 465 ΙΝ
1400 408 1567 468 CAN.
1600 408 1899 471 LXXXIX
1940 410 2151 473 CONC.
2196 412 2580 474 CARTHAG.

3439 417 3547 482 310

361 538 378 567 ι
418 515 697 584 νεστέρως
754 508 1245 584 χειροτονηθέντας
1274 518 1358 586 μὴ
1396 517 1602 588 τολμᾷν
1632 519 1863 585 ἑαυτοὺς

2046 536 2064 572 ι
2099 529 2225 575 sunt
2255 523 2529 589 prioribus
2562 535 2620 575 se
2674 535 2781 576 non
2815 523 3052 578 audeant
3079 536 3411 596 praeponere.
3441 526 3555 582 Va-

358 629 378 662 ι
417 609 703 679 προτιμᾷν
737 608 848 663 τῶν
870 607 1177 677 προτέρων.
1215 609 1535 673 Βαλεντῖνος
1565 610 1866 676 ἐπίσκοπος

356 719 374 750 ι
417 693 610 753 εἴπεν·
649 697 724 752 Τὸ
771 697 983 766 ἀγαθὸν
1024 699 1125 767 τῆς
1162 698 1439 770 ὑμετέρας
1489 699 1864 765 ἀνεξικακίας,

363 808 385 841 σ
419 788 518 844 ἐὰν
551 788 852 859 ἐπιτρέπῃ,
885 787 1197 851 ἀκολούθως
1220 789 1561 859 ἐξηγήσομαι
1590 791 1655 843 τά
1698 793 1756 843 ὲν
1788 789 1865 859 τῷ

359 902 377 932 ι
416 881 752 949 προλαόόντι
784 879 964 951 χρόνῳ
1005 880 1088 943 είς
1121 880 1220 949 τὴν
1258 881 1651 951 Καρχηδονίων
1671 882 1868 952 ἐκκλη-

357 993 378 1024 ‹
418 973 543 1027 σίαν
596 972 936 1044 πραχθέντα,
980 973 1078 1026 καὶ
1117 973 1240 1036 ταῖς
1288 971 1399 1027 τῶν
1438 973 1687 1043 ἀδελφῶν
1732 976 1869 1028 ὕπο-

360 1084 379 1117 ι
418 1068 663 1136 γραφαῖς
719 1065 972 1136 φανερῶς
1033 1064 1378 1136 πυρωθέντα,
1440 1066 1535 1119 καὶ
1585 1068 1733 1137 ἡμᾶς
1787 1067 1869 1120 ἔτι

354 1175 378 1208 ι
414 1158 513 1211 νῦν
568 1156 908 1226 φυλάξοντας
990 1157 1336 1228 ὁμολογήσω.
1408 1158 1622 1212 Ἐκεῖνο
1680 1159 1868 1213 τοίνυν

350 1267 376 1298 ‹
409 1247 757 1317 ἐπιστάμεθα
786 1247 1052 1319 ἀμίαντον
1091 1247 1182 1301 ἀεὶ
1233 1248 1333 1317 τὴν
1391 1249 1865 1318 ὲκκλησιαστικὴν

339 1359 365 1392 ε
403 1339 773 1409 φυλάττεσθαι
811 1339 1147 1392 κατάστασιν
1178 1338 1376 1403 οὕτως,
1418 1339 1493 1402 ὡς
1530 1340 1737 1411 μηδένα
1757 1341 1868 1394 τῶν

352 1452 374 1482 σ
412 1431 665 1499 ἀδελφῶν
691 1432 896 1503 τολμᾷν
923 1432 1118 1486 ἑαυτὸν
1162 1416 1438 1501 προτιμᾷν
1464 1448 1594 1484 ποτε
1623 1431 1733 1485 τῶν
1761 1433 1868 1503 πρὸ

356 1544 377 1574 ι
420 1522 589 1575 αὑτοῦ
610 1540 623 1553 ι
656 1522 792 1575 ἀλλὰ
824 1523 917 1576 καὶ
945 1521 982 1576 ἃ
1017 1524 1135 1585 ταῖς
1200 1522 1301 1590 τῆς
1358 1519 1580 1589 ἀγάπης
1648 1521 1868 1588 τάξεσιν

361 1635 380 1665 ι
422 1615 513 1668 ἀεὶ
542 1613 862 1684 παρεσχέθη
895 1615 1009 1677 τοῖς
1060 1612 1375 1682 προτέροις·
1406 1610 1551 1681 ἅπερ
1584 1612 1635 1664 οἱ
1670 1611 1868 1664 ἐπακο-

348 1726 375 1758 c
415 1706 737 1766 λουθοῦντες
756 1705 1061 1775 χαριέντως
1101 1701 1481 1767 κατεδέξαντο.
1526 1704 1746 1773 Ταύτην
1775 1699 1867 1756 οὖν

350 1815 377 1844 τ
411 1796 571 1861 τάξιν
609 1796 858 1851 κελεύσει
884 1797 918 1866 ἡ
954 1795 1195 1866 ὑμετέρα
1218 1794 1497 1866 άγιωσόνη
1539 1798 1867 1865 κρειττόνως

349 1910 367 1938 ι
413 1891 536 1950 ταῖς
561 1888 867 1959 ἡμετέραις
902 1887 1212 1951 διαλαλιαῖς
1239 1887 1564 1958 βεϐαιῶσαι.
1598 1887 1865 1958 Αὐρήλιος

352 1999 374 2030 s
415 1980 719 2042 ἐπίσκοπος
759 1975 913 2032 εἶπεν
936 1995 951 2010 ·
1020 1980 1133 2033 Οὐκ
1166 1978 1339 2049 ἐχρῆν
1371 1981 1469 2049 μὲν
1499 1980 1673 2033 ταῦτα
1714 1981 1864 2050 ἡμᾶς

360 2093 381 2124 s
417 2070 926 2141 ἐπαναλαμϐάνειν,
958 2069 1106 2141 εἰμὴ
1136 2071 1297 2141 τυχὸν
1343 2072 1709 2141 άκατανόητοι
1746 2071 1868 2124 διά-

412 2163 557 2216 νοιαί
610 2179 773 2216 τινων
818 2162 1160 2233 άνεφύησαν,
1210 2163 1266 2217 αί
1330 2163 1470 2234 πρὸς
1525 2164 1652 2227 τοὺς
1706 2165 1866 2236 ὅρους

366 2275 387 2306 σ
428 2255 660 2317 τούτους
709 2253 811 2318 τὰς
866 2254 1142 2325 ἡμετέρας
1218 2255 1503 2328 αἰσθήσεις
1553 2256 1865 2323 ὀξύνουσαι.

353 2370 374 2402 ι
428 2348 571 2403 Ἀλλ’
608 2346 797 2417 ἐπειδὴ
828 2346 970 2419 αὕτη
1024 2348 1178 2419 κοινή
1213 2350 1367 2402 ἐστιν
1428 2349 1605 2418 αίτία,
1647 2350 1718 2422 ἢν
1770 2349 1867 2404 νῦν

348 2462 371 2494 ι
414 2441 737 2508 ἐνεφάνισεν
766 2441 796 2494 ό
828 2438 1062 2510 ἀδελφὸς
1091 2441 1188 2495 καὶ
1223 2441 1640 2514 συλλειτουργδς
1673 2446 1862 2515 ἡμῶν,

365 2552 384 2584 ι
422 2532 567 2586 ὥστε
600 2532 830 2586 ἕκαστον
857 2532 1015 2603 ἡμῶν
1043 2532 1436 2601 επιγινὼσκειν
1459 2535 1559 2606 τὴν
1588 2537 1742 2606 παρὰ
1769 2536 1866 2592 τοῦ

354 2640 376 2671 σ
417 2619 558 2674 Θεοῦ
593 2619 962 2690 ψηφισθείσαν
988 2620 1138 2692 αὐτῷ
1166 2621 1348 2688 τάξιν,
1404 2623 1499 2677 καὶ
1542 2625 1629 2679 ἵνα
1661 2626 1712 2679 οἱ
1768 2644 1867 2698 με-

357 2735 377 2767 ι
420 2713 808 2785 ταγενέστεροι
855 2708 969 2778 τοῖς
1021 2714 1310 2787 προτέροις
1355 2716 1727 2787 άναφέρωσιν,
1774 2720 1869 2773 καὶ

360 2824 385 2858 4
430 2804 511 2875 μὴ
551 2803 900 2875 τολμήσωσιν
927 2806 1079 2876 παρὰ
1101 2806 1329 2877 γνώμην
1381 2808 1588 2862 τούτων
1636 2809 1690 2863 τί
1736 2826 1868 2864 ποτε

360 2917 378 2948 ι
420 2896 717 2965 πράττειν·
750 2897 840 2950 διὰ
879 2896 1040 2951 τοῦτο
1059 2897 1224 2965 λέγω,
1251 2898 1430 2962 καθὼς
1457 2898 1549 2952 τὸν
1570 2899 1703 2969 εμδν
1738 2901 1875 2955 ὑπο-

360 3011 381 3041 ι
419 2991 611 3060 τρέχει
663 2990 951 3059 λογισμὸν,
1015 2990 1142 3052 τοὺς
1206 2991 1692 3063 καταφρονοῦντας
1753 2993 1869 3046 τῶν

366 3103 386 3137 ι
429 3085 541 3154 πρὸ
565 3084 771 3149 αὐτῶν,
800 3084 895 3138 καί
930 3102 1050 3139 τινα
1080 3084 1532 3155 άποτολμῶντας,
1557 3086 1867 3153 κωλυτέους

364 3197 384 3229 ι
424 3176 703 3247 ἁρμοδίως
732 3172 876 3229 εἶναι
925 3176 1036 3229 ἀπὸ
1086 3175 1273 3246 πάσης
1308 3178 1409 3248 τῆς
1449 3178 1691 3232 συνόδου.
1734 3175 1877 3233 Ξάν·
1903 3191 1948 3249 ο

368 3289 387 3321 ι
427 3267 637 3331 θιππος
695 3266 998 3331 ἐπίσκοπος
1046 3267 1146 3337 τῆς
1186 3267 1415 3339 πρώτης
1471 3269 1743 3342 καθέδρας
1775 3271 1879 3343 τῆς

365 3381 383 3415 ι
428 3362 756 3434 Νουμηδίας
812 3358 967 3415 εἶπεν
995 3377 1011 3393 ο
1065 3361 1344 3437 Ἤκουσεν
1391 3365 1428 3436 ἡ
1491 3364 1716 3419 πάντων
1766 3365 1876 3420 τῶν

367 3476 386 3507 ι
426 3456 676 3526 ἀδελφῶν
703 3456 986 3528 παρουσία
1002 3456 1103 3530 τὴν
1133 3455 1564 3528 ὲξακολοόθητιν
1598 3458 1693 3512 τοῦ
1724 3459 1879 3513 άδελ-

366 3569 385 3600 ι
428 3547 531 3616 φοῦ
572 3549 668 3602 καὶ
694 3549 1057 3620 συνιερεσέως
1114 3549 1274 3619 ἡμῶν
1307 3548 1614 3619 Αὑρηλίου,
1650 3552 1703 3604 τί
1735 3551 1877 3622 πρὸς

370 3659 388 3690 ι
424 3639 602 3694 ταῦτα
623 3640 1023 3711 άποκρίνεται;
1059 3640 1333 3709 Διοτίμιος
1369 3642 1671 3705 ἐπίσκοπος
1698 3638 1876 3697 εἶπενο

370 3751 388 3780 ι
427 3730 511 3785 Τά
535 3729 687 3801 παρὰ
715 3735 814 3802 τῆς
846 3730 1028 3802 ψήφου
1051 3747 1082 3785 τ
1108 3736 1160 3785 ’ν
1204 3732 1450 3804 ἀρχαίων
1480 3734 1769 3805 ὁρισθέντα
1799 3739 1869 3808 τῇ

373 3841 392 3872 ι
429 3822 677 3895 ὑμετέρα
710 3821 1019 3878 συναινέσει
1073 3822 1433 3894 ἑκδοθήσεται
1460 3839 1477 3856 ο
1530 3826 1620 3879 ἵνα
1668 3825 1738 3880 τὰ
1785 3844 1887 3880 πε-

375 3934 394 3965 ι
433 3913 735 3985 ριεχόμενα
787 3916 902 3979 τοῖς
957 3916 1382 3986 πεπραγμένοις
1438 3916 1550 3969 τῶν
1598 3919 1884 3990 προτέρων

371 4027 389 4058 ι
432 4007 673 4062 συνόδων
703 4009 761 4061 ἐν
781 4010 850 4077 τῇ
873 4010 931 4061 ὲν
962 4008 1276 4080 Καρχηδόνι
1305 4008 1578 4080 ἐκκλησίᾳ
1611 4008 1756 4083 κατὰ
1779 4012 1882 4083 τὴν

375 4119 394 4149 ι
435 4098 714 4169 ᾖμετέραν
776 4099 1089 4153 συναίνεσιν
1157 4100 1621 4171 πεπληρωμένως
1685 4103 1880 4173 βέϐαια

377 4211 397 4241 σ
440 4191 591 4262 παρὰ
620 4192 756 4243 πᾶσι
813 4190 1188 4260 φυλαχθῶσιν.
1225 4190 1550 4262 Σύμπαντες
1579 4195 1628 4246 oi
1660 4195 1886 4250 inicito-

371 4303 389 4334 ι
437 4301 533 4337 ποι
567 4279 758 4338 εἵπον⁶
801 4282 865 4337 Ἦ
907 4283 1061 4348 τάξις
1125 4284 1266 4355 αὕτη
1308 4286 1417 4338 άπὸ
1453 4285 1560 4340 τῶν
1617 4288 1880 4361 Πατέρων

374 4395 393 4427 ι
432 4376 526 4428 καὶ
562 4375 673 4429 ἀπὸ
696 4374 806 4429 τῶν
835 4375 1078 4447 ἀρχαίων
1120 4373 1429 4445 ἐφυλάχθη,
1472 4377 1567 4430 καὶ
1597 4378 1692 4447 ἀφ’
1723 4379 1881 4449 ἡμῶν

375 4489 392 4519 ι
435 4468 578 4522 κατὰ
602 4467 958 4538 συγχώρησιν
988 4464 1127 4519 Θεοῦ
1178 4466 1591 4535 φυλαχθήσεται
1642 4470 1882 4537 σωζομέ-

2055 631 2074 663 ι
2106 611 2348 665 lentinus
2378 611 2669 680 episcopus
2698 610 2837 666 dixit
2868 627 2922 664 :.
2942 611 3000 665 Si
3033 622 3228 668 vestrae
3275 615 3554 684 patientiae

2048 721 2069 755 ι
2106 707 2307 758 bonum
2339 701 2639 773 permittat,
2692 703 2883 757 ordine
2936 704 3171 758 narrabo
3218 714 3337 773 qua:
3383 705 3552 775 priori

2043 812 2061 846 ι
2096 804 2338 864 tempore
2376 795 2428 849 in
2476 790 2990 863 Carthaginiensium
3023 792 3263 847 Ecclesia
3302 794 3466 865 facta,
3499 806 3554 850 et

2048 888 2264 944 «etiam
2325 889 2451 941 dum
2511 885 2740 940 fratrum
2796 885 3288 955 subscriptionibus
3365 897 3553 958 aperto

2048 1000 2066 1034 ι
2100 983 2417 1037 conﬁrmata
2455 991 2601 1047 sunt,
2637 990 2691 1037 et
2735 995 2833 1036 nos
2864 992 3179 1037 servaturos
3232 982 3548 1051 proﬁtebor,

2049 1090 2067 1124 ι
2102 1075 2234 1129 Illud
2271 1075 2454 1145 itaque
2501 1075 2701 1129 scimus
2752 1060 3067 1128 inviolatam
3114 1074 3547 1129 ecclesiasticam

2024 1184 2069 1217 ηι
2102 1175 2319 1235 semper
2348 1166 2555 1221 serva-ri
2605 1165 2969 1235 disciplinam,
3030 1167 3105 1221 ita
3160 1176 3218 1221 ut
3262 1169 3443 1224 nullus
3477 1184 3546 1225 ex

2039 1268 2061 1310 ι’
2092 1257 2352 1313 fratribus
2398 1258 2591 1312 audeat
2623 1268 2860 1326 unquam
2892 1270 2951 1313 se
2983 1256 3051 1312 iis
3084 1270 3423 1328 praeponere,
3458 1261 3550 1331 qui

2058 1370 2075 1401 ι
2104 1356 2228 1403 ante
2257 1350 2433 1420 ipsum
2467 1348 2724 1404 l‘nerum:
2778 1348 2870 1403 scd
2905 1358 2960 1403 e't
2991 1363 3108 1416 qua:
3139 1350 3429 1407 charilatis
3458 1369 3552 1406 or-

2048 1459 2066 1493 ι
2098 1441 2313 1496 dinibus
2342 1454 2560 1508 semper
2588 1439 2861 1510 prioribus
2898 1441 3120 1509 prmbita
3147 1449 3295 1507 sunt,
3323 1456 3386 1498 ea
3418 1456 3552 1498 con-

2060 1553 2079 1585 ‹
2125 1542 2417 1602 sequentes
2443 1531 2678 1586 libenter
2710 1541 3090 1599 susceperunt.
3122 1530 3278 1588 Hunc
3302 1548 3431 1605 ergo
3466 1549 3557 1587 ora

2037 1645 2054 1677 ι
2086 1625 2265 1679 dinem
2314 1624 2523 1691 iubebit
2560 1633 2741 1677 vestra
2794 1623 3055 1678 sanctitas
3122 1624 3314 1678 melius
3350 1627 3553 1679 nostris

2047 1736 2064 1768 ι
2101 1716 2611 1771 interlocutionibus
2664 1714 2932 1768 roborari.
2964 1715 3217 1771 Aurelius
3264 1716 3556 1786 episcopus

2047 1827 2066 1860 ι
2099 1808 2235 1864 dixit
2262 1823 2276 1860 :
2311 1805 2432 1860 Non
2461 1805 2744 1873 oportebat
2770 1819 2868 1858 nos
2902 1806 3017 1858 haec
3039 1806 3253 1873 quidem
3286 1816 3553 1874 repetere,

2056 1919 2071 1952 l
2105 1898 2206 1954 nisi
2243 1897 2384 1953 forte
2413 1898 2590 1951 minus
2615 1895 2981 1964 intelligi'biies
3014 1895 3372 1965 quorumdam
3411 1897 3561 1965 cogi-

2054 2011 2074 2043 ι
2105 1992 2339 2047 lationes
2387 1994 2591 2046 exorta
2633 1994 2832 2055 essent,
2867 2003 2985 2058 qum
3021 1996 3238 2043 nostros
3270 2002 3464 2043 sensus
3492 1988 3560 2041 ad

2054 2104 2072 2136 ι
2107 2086 2222 2140 ιιωο
2252 2083 2469 2139 decreta
2502 2081 2826 2135 excitarent.
2863 2066 2971 2134 Sed
3000 2078 3125 2148 quia
3158 2078 3278 2134 hac
3311 2070 3560 2134 commuc

2059 2195 2078 2229 ι
2114 2178 2199 2233 nis
2252 2190 2422 2231 causa
2476 2182 2579 2240 est,
2635 2188 2798 2243 quam
2847 2186 2991 2227 nunc
3024 2171 3265 2227 ostendit
3310 2169 3482 2225 frater
3506 2181 3563 2224 et

2055 2289 2073 2321 ι
2107 2268 2389 2336 coadjutor
2419 2275 2624 2331 noster,
2657 2265 3031 2335 unusquisque
3080 2268 3327 2319 nostrum
3359 2277 3564 2332 cogno.

2056 2382 2076 2416 ι
2110 2373 2225 2417 seat
2252 2361 2498 2417 ordinem
2531 2360 2635 2416 sibi
2663 2374 2691 2414 a
2725 2358 2835 2414 Deo
2865 2358 3170 2424 decretum,
3200 2366 3257 2413 et
3288 2366 3348 2412 ut
3375 2363 3559 2426 poste-

2056 2472 2075 2505 ι
2102 2453 2273 2507 riores
2306 2451 2580 2522 prioribus
2627 2449 2898 2514 deferant,
2931 2456 2986 2503 et
3020 2462 3127 2502 non
3161 2449 3396 2503 audeant
3422 2460 3564 2518 pra:-

2058 2564 2075 2596 ι
2110 2554 2191 2598 ter
2220 2557 2407 2597 eorum
2462 2541 2786 2595 sententiam
2837 2538 3046 2609 aliquid
3094 2553 3328 2607 unquam
3378 2552 3566 2608 agere,

2059 2653 2080 2686 ι
2118 2641 2399 2704 propterea
2434 2630 2577 2695 dico,
2626 2628 3076 2700 quemadmodum
3126 2628 3258 2681 mihi
3311 2628 3458 2681 venit
3507 2627 3562 2681 in

2058 2745 2075 2779 ι
2109 2733 2370 2791 mentem,
2395 2723 2488 2793 qui
2510 2728 2873 2777 contemnunt
2901 2719 3028 2775 illos
3054 2719 3144 2790 qui
3175 2725 3301 2774 ante
3331 2733 3388 2773 se
3409 2727 3564 2780 sunt,

2055 2837 2074 2870 ι
2107 2826 2161 2873 et
2195 2817 2377 2885 aliqua
2440 2824 2643 2870 temere
2676 2815 2898 2878 audent,
2937 2826 3033 2867 eos
3068 2810 3460 2867 convenienter
3493 2810 3565 2865 ab

2056 2930 2073 2962 ι
2111 2910 2259 2966 οηιηί
2309 2908 2514 2979 synodo
2547 2905 2884 2961 coercendos
2917 2919 3060 2959 esse.
3113 2901 3424 2972 Xantippus
3450 2903 3567 2970 epi-

2057 3014 2077 3055 ι
2106 3014 2303 3072 scopus
2334 3000 2520 3069 primm
2547 2995 2817 3051 cathedra:
2849 2993 3114 3049 Numidiae
3142 2994 3311 3050 dixit:
3343 2993 3568 3048 Audivit

2068 3116 2084 3147 ι
2115 3092 2360 3147 omnium
2388 3091 2621 3145 fratrum
2653 3087 2944 3158 praesentia
2980 3086 3419 3157 prosecutionem
3457 3085 3569 3139 ira-

2062 3207 2079 3239 ι
2113 3185 2213 3239 tris
2248 3192 2302 3238 et
2353 3179 2757 3235 consacerdotis
2807 3178 2980 3233 nostri
3015 3176 3262 3231 Aurelii:
3317 3176 3446 3247 quid
3500 3177 3571 3230 ad

2064 3297 2084 3330 ι
2117 3280 2232 3331 trace
2286 3271 2683 3344 respondetur?
2736 3270 3025 3326 Dialimius
3056 3270 3342 3340 episcOpus
3389 3269 3561 3325 dixit:

2060 3390 2078 3423 ι
2110 3370 2240 3436 Quae
2270 3367 2342 3422 ab
2375 3365 2723 3435 antiquorum
2778 3361 3038 3432 sulfragio
3069 3361 3290 3417 deﬁnita
3325 3371 3474 3426 sunt,
3501 3377 3572 3415 ea

2062 3481 2081 3513 ι
2112 3470 2294 3516 vestro
2325 3456 2620 3515 consensui
2658 3455 2944 3510 tradentur
2972 3470 2986 3508 :
3024 3461 3082 3507 ut
3128 3466 3246 3520 qua:
3278 3453 3565 3508 continen-

2057 3572 2075 3605 ι
2110 3561 2201 3607 tur
2255 3553 2307 3605 in
2339 3552 2476 3604 actis
2510 3548 2750 3618 priorum
2782 3545 3117 3618 synodornm
3170 3544 3225 3599 in
3275 3544 3569 3616 Carthagi-

2059 3665 2078 3698 ι
2110 3644 2263 3700 nensi
2294 3641 2558 3706 Ecclesia,
2610 3647 2792 3694 vestro
2841 3650 3108 3692 consensu
3146 3636 3303 3704 plene
3337 3636 3555 3689 ﬁrmata

2061 3756 2084 3789 ι
2107 3735 2251 3804 apud
2280 3742 2473 3788 omnes
2519 3736 2830 3786 serventur.
2876 3725 3080 3783 Omnes
3126 3724 3372 3795 episcopi
3405 3723 3565 3779 dixe-

2066 3846 2084 3878 ι
2118 3834 2246 3881 runt
2274 3843 2287 3878 :
2317 3823 2437 3891 lpSe
2464 3819 2601 3875 ordo
2629 3832 2660 3873 a
2695 3816 2950 3873 Patribus
2983 3825 3037 3871 et
3071 3815 3141 3869 ab
3171 3814 3409 3883 antiquis
3444 3830 3562 3868 ser-

2064 3937 2083 3970 ι
2113 3927 2270 3971 vatus
2284 3922 2390 3975 est,
2419 3921 2473 3967 et
2497 3926 2529 3966 α
2556 3909 2714 3964 nobis
2733 3907 2825 3963 Dei
2850 3907 3209 3977 permissione
3232 3907 3565 3969 servabitur,

2066 4026 2085 4059 r
2116 4014 2335 4060 servato
2362 4001 2546 4071 utique
2572 3999 3007 4070 iure'primatum
3035 3997 3298 4052 Numidiae
3327 4009 3383 4051 et
3414 3997 3563 4051 Μειιι-

2064 4118 2081 4151 ι
2118 4097 2328 4152 ritania:
2357 4108 2421 4148 ex
2447 4093 2623 4148 indice
2647 4101 2701 4147 et
2730 4089 3012 4146 matricula
3042 4087 3327 4145 Numidiae.
3364 4087 3569 4147 Deinde

2063 4211 2081 4244 ι
2115 4188 2324 4260 placuit
2370 4184 2624 4241 omnibus
2664 4183 2958 4254 episcopis,
3015 4183 3106 4253 qui
3135 4182 3189 4235 in
3222 4181 3325 4236 hac
3358 4182 3570 4252 synodo

2064 4302 2083 4334 ι
2114 4278 2570 4346 subscripserunt,
2637 4283 2695 4328 ut
2758 4272 3043 4328 matricula
3102 4280 3159 4327 et
3213 4270 3568 4341 archetypum

2066 4396 2084 4427 ι
2114 4371 2390 4447 Numidia:
2442 4368 2514 4424 sit
2571 4369 2733 4422 etiam
2792 4367 2846 4420 in
2903 4366 3077 4438 prima
3107 4364 3399 4431 cathedra,
3426 4371 3482 4418 et
3514 4363 3577 4417 in.

2065 4486 2084 4518 ι
2118 4462 2401 4533 metropoli
2431 4460 2816 4517 Constantina.
2853 4478 2872 4510 ι

378 4579 395 4609 ι
434 4576 529 4613 νου
597 4560 679 4613 ἔτι
758 4558 867 4629 μὴν
912 4556 1009 4610 τοῦ
1049 4558 1258 4610 δικαίου
1291 4556 1401 4609 τῶν
1444 4560 1842 4626 πρωτευόντων
1911 4561 2010 4630 τῆς
2078 4552 2397 4625 Νουμηδίας
2443 4552 2539 4605 καὶ
2588 4548 2997 4620 Μαυριτανίας,
3045 4549 3109 4603 ἐκ
3143 4547 3238 4602 τοῦ
3318 4545 3572 4617 χαρτοθε-

378 4673 396 4705 ι
440 4652 558 4706 σίου
594 4651 693 4705 καὶ
748 4649 1041 4721 ματρικίου
1093 4650 1196 4720 τῆς
1284 4648 1632 4719 Νουμηδίας.
1705 4653 1940 4705 Ἔπειτα
2015 4651 2185 4719 ἤρεσε
2230 4646 2365 4699 πᾶσι
2395 4644 2507 4705 τοῖς
2582 4640 2904 4701 ἐπισκόποις
2959 4641 3071 4701 τοῖς

3137 4641 3197 4691 ὲν
3266 4638 3438 4708 ταότη
3502 4637 3570 4703 τῇ

378 4765 396 4795 ι
438 4743 643 4812 συνόδῳ
702 4741 1111 4812 ὑπογράψασιν,
1173 4740 1260 4793 ἵνα
1307 4740 1371 4794 τὸ
1441 4741 1735 4813 ματρίκιον
1790 4745 1884 4797 καὶ
1950 4742 2261 4814 ἀρχέτυπον
2331 4735 2434 4806 τῆς
2501 4732 2818 4805 Νουμηδίας
2871 4730 2969 4785 καὶ
3028 4732 3109 4794 είς
3173 4730 3274 4802 τὴν
3341 4732 3575 4801 πρώτην.

383 4855 403 4887 ι
439 4834 715 4906 καθέδραν
740 4828 799 4904 ᾖ,
825 4833 921 4886 καὶ
951 4835 1031 4896 εἰς
1062 4832 1163 4903 τὴν
1196 4832 1537 4904 μητρόπολιν
1588 4835 2029 4890 Κωνσταντίναν.
2065 4851 2084 4885 ι

376 4928 576 4982 ΒΑΔΣ.
621 4928 710 4992 Ὦς
739 4927 937 4993 ἔοικεν,
966 4927 1067 4979 οὐκ
1091 4926 1404 4998 ἐτάχθησαν
1437 4925 1544 4990 ἐτι,
1575 4928 1699 4982 οὐδὲ
1737 4927 1874 4997 ὡρί-

2062 4922 2255 4979 BALS.
2292 4921 2360 4978 Ut
2385 4919 2622 4983 videtur,
2670 4920 2913 4974 nondum
2966 4923 3127 4974 erant
3176 4915 3440 4981 ordinati,
3469 4933 3569 4974 nec

307 5021 523 5093 σθησαν
545 5020 691 5074 κατὰ
721 5020 814 5072 τὸν
836 5019 961 5071 τότε
1001 5018 1194 5089 καιρὸν
1219 5018 1267 5072 oi
1324 5017 1508 5090 θρόνοι
1549 5018 1659 5073 τῶν
1689 5019 1887 5090 ἐκκλη-

306 5112 441 5166 σιῶν
470 5129 484 5143 ·
513 5110 716 5166 καὶδιὰ
745 5109 905 5164 τοῦτο
930 5109 1139 5180 ὥρισαν
1164 5112 1213 5164 οἱ
1242 5110 1486 5182 Πατὲρες
1502 5112 1888 5181 προτιμᾶσθαι

1995 5027 2125 5071 tunc
2155 5010 2419 5083 temporis
2474 5007 2758 5064 constituti
2817 5008 2996 5063 throni
3063 5006 3463 5062 ecclesiarum:
3517 5017 3572 5063 et

1996 5117 2283 5179 propterea
2317 5110 2629 5159 statuerunt
2656 5099 2850 5157 Patres
2879 5114 2977 5159 eos
2998 5099 3263 5173 praeponi.
3289 5100 3381 5171 qui
3417 5099 3571 5172 prius

1524 5224 1724 5286 Guill.
1762 5222 2092 5303 Beveregii
2139 5226 2330 5284 notua.

301 5333 636 5404 indulgentia
678 5332 966 5404 vindicare.
1030 5328 1262 5385 Caeteros
1318 5344 1436 5404 vero
1488 5330 1768 5404 episcopos
1803 5346 1877 5384 se-

301 5400 532 5463 cundum
566 5402 926 5458 ordinationis
962 5416 1073 5454 suae
1107 5410 1326 5467 tempus.
1362 5400 1468 5453 sive
1501 5401 1567 5452 ad
1584 5400 1876 5453 considen-

302 5482 429 5531 dum
458 5476 513 5527 in
543 5476 792 5535 concilio.
828 5472 934 5525 sive
965 5470 1032 5523 ad
1071 5469 1526 5530 subscribendum.
1562 5472 1638 5523 vel
1662 5471 1717 5523 in
1748 5487 1874 5538 qua-

306 5549 429 5602 libet
474 5544 589 5599 alia
630 5562 726 5610 re,
787 5558 885 5596 sua
936 5541 1204 5595 attendere
1262 5539 1379 5592 ioca
1436 5540 1785 5610 decernimus.
1830 5550 1881 5594 et

305 5626 528 5672 suorum
558 5616 663 5671 sibi
687 5614 1097 5684 pmrogativum
1120 5610 1365 5684 ordinum
1391 5609 1679 5664 vindicare.
1712 5609 1876 5684 βιός.

306 5690 347 5743 l.
372 5703 476 5750 vn,
508 5679 1037 5755 epistfiI-ba—Hinc,
1069 5681 1158 5755 Διιξ
1212 5679 1395 5746 fallor,
1452 5695 1664 5734 canone
1705 5680 1882 5755 hujus

305 5750 657 5821 Concilii'92,
685 5753 1049 5810 constitutum
1069 5751 1357 5811 habemus,
1378 5757 1451 5821 ‘ut
1477 5764 1602 5821 cum
1632 5750 1877 5820 episcopi

309 5818 663 5895 ordinantur,
711 5825 779 5882 ab
833 5821 1246 5882 ordinatoribus
1307 5818 1425 5878 suis
1481 5818 1692 5879 litteras
1736 5821 1879 5879 acci-

1986 5328 2165 5397 piant,
2198 5324 2485 5397 consnlem
2535 5322 2651 5377 sive
2683 5330 2887 5397 annum
2937 5326 2992 5375 et
3026 5319 3170 5375 diem
3230 5319 3562 5397 indicantes,

1987 5390 2097 5462 quo
2130 5390 2368 5450 Ordinati
2402 5401 2530 5448 sunt
2563 5409 2576 5445 :
2610 5392 2704 5460 qui
2736 5390 2976 5462 quidem
3024 5405 3201 5446 canon
3245 5392 3297 5462 in
3330 5390 3567 5462 concilio

1992 5460 2300 5520 Milevitano
2358 5471 2684 5533 prasentem
2758 5460 3076 5533 immediate
3140 5460 3418 5533 sequitur,
3480 5461 3566 5533 his

1989 5537 2192 5595 verbis,
2252 5530 2449 5588 Deinde
2500 5531 2722 5596 placuit,
2763 5534 2819 5585 ut
2855 5531 3148 5599 quicunque
3201 5530 3442 5599 deinceps
3498 5531 3563 5583 ab

1987 5604 2246 5676 episcopis
2282 5605 2621 5667 ordinantur,
2654 5603 2719 5655 ab
2773 5601 3350 5676 _ordinatoribus_suis,
3398 5615 3566 5676 manu

1987 5668 2175 5732 eorum
2240 5676 2592 5742 subscriptus,
2642 5674 2993 5742 continentes_
3022 5670 3290 5742 consulem
3320 5668 3567 5742 etqdicm,

1991 5757 2048 5802 ut
2076 5745 2227 5801 nulla
2258 5738 2538 5799 altercatio
2593 5743 2659 5796 de
2688 5738 3070 5811 posterioribus
3114 5738 3190 5795 vel
3213 5739 3573 5794 antcriuribus

1988 5820 2213 5875 oriatur.
2246 5814 2458 5874 Coucil.
2490 5812 2667 5870 Milev.
2695 5828 2743 5868 c.
2782 5813 2866 5870 14.
