3976 6402
430 398 529 461 3H

1658 395 1758 453 ΤΗ
1771 393 1939 453 EOD.
1973 393 2061 450 BA
2074 391 2375 452 LSAMON

3584 388 3687 453 312

432 506 665 559 ordinati
726 505 959 559 fuerant.
1013 505 1175 576 623
1232 503 1346 559 Hoc
1374 512 1551 558 autem
1604 503 1767 557 hodie
1824 502 2001 556 locum

2142 503 2235 565 οὺς
2263 503 2712 574 προγενεστέρως
2751 499 3259 572 χειροτονηθέντας.
3320 500 3572 570 Σήμερον
3626 501 3683 554 δὲ

432 616 538 652 non
574 599 779 653 habet:
836 601 932 653 sed
964 600 1265 652 secundum
1322 596 1745 653 declarationem
1807 593 2004 648 factam

432 696 502 742 ah
530 690 859 757 imperatore
887 690 1107 742 dotnino
1137 688 1315 743 Leone
1346 691 1612 756 sapiente,
1648 704 1767 757 quae
1798 687 1851 742 iu
1883 702 2008 741 san-

432 783 693 835 ctissima:
723 781 929 849 Mignae
953 781 1046 836 Dei
1078 780 1336 835 Ecclesia:
1365 780 1813 850 chartophylaeio
1846 794 2006 849 repo-

432 870 535 921 sita
572 881 676 937 est,
739 870 1093 923 ecclesiarum
1132 870 1312 924 throni
1364 870 1723 925 honorantur.
1776 870 1878 926 Jus
1910 886 2009 923 au-

438 970 546 1012 tem
580 962 900 1028 prioritatis.
938 963 991 1014 in
1028 965 1281 1031 prmsenti
1315 979 1523 1019 canone
1556 964 1918 1027 declaratum,
1950 962 2006 1017 in

434 1050 765 1122 clericorum
789 1053 1071 1106 ordinibus
1095 1055 1276 1108 locum
1306 1056 1483 1111 habet.
1521 1055 1840 1110 Honoratur
1861 1055 2006 1110 enim

434 1143 834 1211 tumsqoisque,
871 1154 1029 1214 prout
1058 1146 1331 1201 ordinatio
1368 1149 1538 1216 ipsius
1570 1157 1654 1201 est
1690 1148 1839 1217 prior
1874 1158 2011 1201 tem-

433 1245 585 1298 pore.
646 1231 703 1285 In
744 1234 914 1298 gradu
969 1243 1152 1288 autem
1209 1237 1448 1289 omnium
1501 1236 2005 1291 ecclesiasticarum

430 1317 731 1374 oliiciorum
770 1323 1042 1390 quomodo
1076 1324 1178 1378 hoc
1210 1339 1314 1378 neu
1343 1335 1594 1380 servatur
1628 1345 1641 1379 :
1695 1327 1789 1381 sed
1819 1342 1885 1380 ex
1918 1342 2011 1381 vo—

431 1410 639 1466 luntate
680 1413 1013 1478 antistitum,
1052 1416 1144 1484 qui
1176 1430 1271 1470 eos
1299 1416 1577 1482 ordinant,
1613 1426 1788 1470 status
1818 1433 2005 1471 eorum

433 1507 754 1575 honoratur,
803 1518 856 1564 et
893 1510 1169 1580 posterior
1198 1510 1522 1581 praferatur
1550 1512 1873 1581 antiquiori,
1906 1514 2008 1566 mi-

432 1614 545 1654 I‘Ol’.

499 1775 755 1833 ZONAR.
792 1777 1041 1835 Nondum
1089 1783 1349 1838 omnibus
1401 1781 1649 1838 ecclesiis
1700 1792 1826 1837 tunc
1878 1791 2014 1835 tem-

431 1870 579 1936 poris
608 1871 890 1939 dignitatis
943 1874 1095 1930 locus
1125 1883 1181 1929 et
1227 1876 1362 1928 ordo
1394 1874 1691 1944 prmlinitus
1742 1884 1880 1939 erat,
1913 1874 2009 1929 sed
2043 1843 2084 1897 Β

431 1965 720 2032 przccipuis
782 1967 948 2032 solis;
1011 1976 1068 2021 ut
1096 1984 1163 2022 ex
1219 1967 1330 2043 fine
1360 1966 1519 2037 hujus
1579 1968 1805 2021 canonis
1854 1965 2011 2021 facile

429 2072 646 2124 apparet
674 2061 775 2134 τοίη
808 2060 1038 2113 aliarum
1069 2076 1198 2113 vero
1237 2060 1594 2115 ecclesiarum
1624 2059 1920 2129 episcopis,
1952 2066 2011 2111 ut

432 2151 668 2219 quisque
700 2153 850 2220 prius
885 2152 949 2204 ad
983 2154 1334 2222 episcopatus
1361 2153 1626 2207 honorent
1655 2154 1863 2208 electus
1896 2151 2013 2206 {ue-

432 2254 537 2310 rat,
574 2246 643 2296 ita
669 2245 934 2316 dignitate
963 2248 1176 2300 caeteris
1206 2247 1664 2316 antepourbatur.
1696 2246 1841 2301 Idem
1877 2261 2011 2318 ergo

430 2338 621 2406 synodi
659 2336 851 2392 Patres
882 2338 1091 2392 servari
1142 2337 1356 2406 jubent,
1392 2349 1450 2393 ut
1487 2340 1831 2408 antiquiores
1865 2340 2013 2396 scili-

431 2436 513 2481 ret
546 2430 786 2499 episcopi
825 2431 1043 2484 honore.
1067 2431 1157 2497 iis,
1190 2431 1283 2502 qui
1317 2440 1441 2500 post
1472 2435 1643 2486 creati
1700 2442 1847 2494 sunt,
1876 2448 2013 2500 prae-

430 2518 675 2574 ferantur
704 2538 717 2575 :
779 2521 1037 2575 ECcIesiis
1063 2537 1191 2576 vero
1218 2523 1541 2588 primatibus
1570 2524 1838 2579 Numidia:
1861 2524 2013 2579 Mau-

430 2611 747 2679 ritaniaeque
784 2628 880 2668 sua
908 2613 1036 2683 jura
1074 2613 1125 2667 iu
1164 2614 1345 2668 indice
1392 2626 1448 2670 et
1498 2616 1784 2671 matricula
1824 2616 2015 2671 Numi-

429 2704 532 2759 disc
565 2704 829 2773 descripta
875 2707 1085 2760 servari
1134 2707 1345 2761 volunt.
1396 2707 1698 2763 Exstabant
1747 2711 1925 2776 enim,
1956 2720 2014 2765 ut

428 2805 513 2852 est
548 2796 861 2861 verisimile,
900 2797 950 2851 in
1001 2796 1249 2852 Numidia
1282 2803 1667 2854 connuentarii
1706 2803 1820 2869 (eos
1866 2804 2012 2857 enim

430 2888 730 2943 matricida:
762 2890 981 2944 nomine
1038 2890 1423 2960 intelligimus)
1476 2893 1676 2962 quibus
1721 2893 1899 2962 aliqua
1948 2895 2016 2948 de

429 2982 620 3036 ordine
648 2982 789 3036 inter
821 2996 915 3036 eas
956 2982 1228 3037 Ecclesias
1267 2986 1551 3041 retinendo
1572 2985 2013 3041 continebantur.

432 3074 651 3129 Servari
685 3091 846 3145 porro
878 3078 1179 3131 matriculze
1210 3078 1565 3149 archetypum
1621 3081 1674 3132 in
1715 3079 1888 3147 prima
1925 3094 2017 3133 ca-

432 3170 648 3234 thedra,
681 3179 735 3224 et
765 3171 815 3223 in
848 3171 1185 3226 Constantini
1219 3172 1502 3239 metropoli
1523 3173 1905 3227 decreverunt.

434 3262 662 3317 ARIST.
703 3281 722 3315 ι
750 3263 1005 3333 Teipsttm
1056 3268 1126 3330 ei,
1158 3265 1248 3334 qui
1283 3276 1334 3318 te
1381 3265 1679 3332 praecessit,
1724 3281 1828 3320 non
1864 3276 2016 3321 antc-

510 3376 528 3407 ι
558 3371 726 3424 pones
761 3372 773 3409 :
809 3356 904 3409 sed
933 3358 1196 3426 sequeris.
1248 3355 1352 3421 Qui
1407 3369 1588 3410 autem
1640 3358 1851 3427 priores
1884 3374 2017 3415 con-

511 3467 531 3498 c
561 3449 768 3514 temnit,
802 3447 919 3519 ipse
953 3450 1126 3514 magis
1163 3458 1246 3504 est
1279 3449 1731 3504 contemnendus.

508 3540 564 3596 In
594 3543 777 3596 Africa
836 3553 965 3597 tunc
1016 3542 1310 3611 temporis,
1356 3554 1460 3595 nec
1503 3541 1655 3606 alibi,
1708 3542 2018 3600 habuerunt

433 3635 780 3704 episcopatus
821 3635 984 3688 ullam
1038 3634 1091 3686 in
1128 3634 1306 3687 throni
1364 3634 1573 3689 honore
1630 3634 2015 3703 tiiﬂ‘ercntiam,

438 3731 533 3785 sed
564 3744 754 3784 omnes
789 3727 1014 3797 :equalis
1063 3738 1222 3781 erant
1255 3727 1505 3782 honoris.
1534 3728 1636 3795 Qui
1687 3740 1866 3784 autem
1904 3732 2019 3801 pri-

437 3836 559 3875 mus
588 3820 874 3875 ordinatus
902 3818 1005 3872 fuit
1057 3818 1370 3889 episcopus,
1420 3819 1468 3874 ei
1516 3821 1609 3891 qui
1665 3830 1789 3892 post
1838 3822 2015 3891 ipsum

435 3914 723 3967 ordinatus
747 3923 854 3976 est,
893 3918 948 3966 et
985 3911 1037 3964 in
1068 3912 1328 3967 cathedra
1359 3923 1413 3968 et
1458 3913 1512 3966 in
1549 3914 1673 3968 aliis
1704 3916 2021 3984 qttmstioui-

437 4009 542 4061 bus
574 4007 857 4061 canonicis
885 4006 1144 4074 prmlatus
1174 4006 1316 4063 fuit:
1349 4016 1404 4061 et
1435 4008 1514 4063 sic
1548 4009 2019 4077 reliquideinceps

433 4101 587 4168 juxta
622 4098 1030 4152 ordinationum
1068 4112 1289 4152 suarum
1325 4110 1575 4168 tempora
1605 4100 1795 4153 ordine
1823 4114 2022 4167 seque-

438 4203 657 4247 .iautur.
692 4189 1022 4256 Episcopum
1056 4187 1254 4255 itaque,
1307 4191 1397 4258 qui
1444 4207 1549 4243 non
1603 4189 1793 4244 fecerit
1826 4205 2021 4243 secun-

438 4292 565 4340 dum
597 4285 740 4338 hanc
764 4281 995 4335 fortnam
1044 4282 1097 4334 in
1131 4283 1382 4336 Afrorum
1435 4285 1678 4353 regione,
1726 4285 1819 4337 sed
1866 4298 2018 4337 arto-

440 4387 629 4446 ganter
661 4390 720 4432 se
749 4373 1005 4444 gesserit,
1055 4384 1108 4429 et
1161 4375 1281 4433 illos
1312 4376 1401 4444 qui
1438 4386 1565 4431 ante
1617 4391 1676 4430 se
1725 4385 1849 4431 sunt
1888 4394 2018 4433 con—

438 4471 665 4541 temptui
705 4468 977 4533 habuerit,
1012 4468 1257 4525 decrevit
1289 4471 1531 4539 synodus
1564 4470 1615 4524 in
1651 4470 1844 4540 primis
1877 4488 2014 4528 con-

444 4565 671 4634 temptui
701 4575 823 4617 esse
854 4561 1022 4616 etiam
1054 4560 1151 4615 ιοιί
1192 4563 1433 4631 εῑιιοιίο.

674 4650 677 4651 ⁷
1025 4651 1254 4708 CANON
1312 4651 1427 4707 XC.

446 4771 464 4803 ι
510 4752 580 4806 De
609 4749 1048 4816 Quod-vult-dco
1076 4746 1418 4813 Centuriam,
1464 4748 1739 4816 quoniam,
1778 4764 1898 4803 cum
1928 4751 2023 4803 ad-

511 4862 529 4893 ι
561 4844 838 4896 versarius
867 4839 985 4906 ejus
1017 4839 1318 4908 petivisset.
1354 4850 1412 4893 ut
1446 4840 1511 4893 ad
1562 4850 1806 4895 nostram
1853 4855 2020 4911 syno-

514 4955 531 4984 ι
566 4936 694 4989 dum
741 4933 1197 4998 introduceretur,
1237 4931 1605 5001 interrogatus
1633 4947 1699 4985 an
1732 4932 1861 4985 velit
1896 4948 2018 4986 cum

520 5046 537 5075 ι
569 5027 686 5093 ipso
713 5024 853 5091 apud
884 5024 1169 5094 episcopos
1216 5025 1474 5093 experiri,
1534 5025 1765 5094 primum
1802 5026 2021 5095 quidem

516 5141 532 5169 ο
567 5129 642 5175 est
673 5118 981 5189 pollicitus;
1015 5119 1121 5172 alio
1148 5128 1324 5174 autem
1354 5118 1442 5173 die
1470 5119 1572 5173 hoc
1594 5120 1642 5173 ei
1674 5134 1778 5172 non
1809 5121 2023 5189 placere

525 5232 542 5261 «
578 5211 879 5281 respondit,
909 5220 967 5266 et
998 5212 1259 5272 recessit:
1293 5214 1495 5282 placuit
1526 5212 1779 5266 omnibus
1810 5214 2022 5282 episco-

517 5321 533 5352 ι
569 5303 672 5370 pis,
704 5312 761 5371 ut
813 5319 973 5358 nemo
1006 5305 1103 5373 ipsi
1164 5305 1593 5372 Quod-vult-dco
1639 5307 2023 5373 communicet,

527 5414 542 5443 ι
573 5394 748 5448 donec
779 5395 896 5460 ejus
946 5395 1215 5464 negotium
1250 5396 1408 5449 ﬁnem
1459 5396 1751 5464 acceperit.
1790 5395 1847 5450 Ei
1880 5399 2023 5450 enim

525 5506 541 5534 ι
576 5483 780 5538 auferri
811 5486 1207 5553 episcopatum,
1265 5499 1390 5541 ante
1421 5488 1502 5542 sui
1538 5488 1736 5558 negotii
1795 5489 2023 5553 exitum,

523 5598 539 5629 ι
574 5578 702 5632 nulli
739 5588 916 5648 potest
946 5579 1256 5635 Christiano
1285 5580 1409 5650 jure
1441 5581 1636 5636 rideri.
1671 5600 1689 5633 ι

529 5844 720 5900 liALS.
759 5856 811 5903 ct
846 5848 1097 5905 ZONAR.
1171 5848 1460 5905 Accusavit
1508 5845 1778 5918 quiSpiant
1827 5849 2025 5906 dictum

2108 596 2269 671 τοῦτο
2279 597 2382 650 οὐκ
2402 598 2631 666 ἐνεργεῖ·
2648 595 2783 650 ἀλλὰ
2801 594 3057 665 κατὲτὴν
3078 594 3380 663 γενομένην
3393 593 3685 646 ὑποτύπω-

2110 705 2199 742 σιν
2230 688 2383 758 παρᾶ
2412 689 2505 740 τοῦ
2532 687 2795 758 βασιλέως
2823 686 2991 756 κυροῦ
3016 686 3243 747 Λέοντος
3263 683 3551 751 τοῦΣοτροῦ
3584 684 3689 753 τὴν

2113 780 2207 834 καὶ
2227 781 2284 833 ἐν
2314 779 2392 848 τῷ
2429 776 2855 848 χαρτοφυλακίῳ
2884 779 2983 847 τῆς
3037 774 3353 843 ἁγιωτάτης
3409 773 3505 826 τοῦ
3548 773 3685 826 Θεοῦ

2110 872 2372 943 Μεγάλης
2407 871 2743 941 Ἐκκλησίας
2795 868 3195 937 ἀποκειμένην,
3261 867 3310 917 οἰ
3375 864 3560 936 θρόνοι
3610 881 3692 915 τι-

2113 968 2459 1039 μῶνταιτῶν
2513 965 2843 1036 ἐκκλησιῶν.
2900 966 2975 1017 To
3027 964 3083 1017 δὲ
3128 963 3237 1016 ἀπὸ
3286 960 3378 1015 τοῦ
3421 959 3691 1030 παρόντος

2114 1062 2341 1123 κανόνος
2403 1060 2839 1128 ἀναφαινόμενον
2910 1056 3121 1110 δίκαιον
3168 1055 3270 1123 τῆς
3321 1051 3694 1123 προγενεσὶας

2111 1157 2326 1225 ἐνεργεῖ
2349 1156 2427 1217 εἰς
2454 1155 2524 1207 τὰ
2554 1154 2663 1206 τῶν
2702 1151 2985 1223 κληρικῶν
3011 1150 3286 1220 τάγματα.
3318 1148 3561 1215 Τιμᾶται
3581 1142 3701 1215 γὰρ

2110 1248 2345 1309 ἕκαστος
2410 1245 2556 1299 κατὰ
2606 1245 2707 1314 τὴν
2761 1242 3126 1310 προγενεσίαν
3187 1240 3282 1294 τοῦ
3342 1239 3538 1312 χρόνου
3591 1240 3696 1304 τῆς

2115 1342 2324 1404 οἰκείας
2353 1339 2711 1412 χειροτονίας.
2757 1337 2885 1391 Ἐπὶ
2910 1336 2967 1391 δὲ
2989 1336 3068 1405 τῷ
3117 1334 3314 1406 βαθμῷ
3354 1334 3463 1387 τῶν
3491 1330 3702 1398 ἔκκλη-

2119 1433 2416 1487 σιαστικῶν
2446 1430 2810 1501 ἀρχοντικίων
2839 1428 2955 1492 πῶς
3003 1427 3165 1481 τοῦτο
3220 1428 3279 1481 οὐ
3333 1424 3697 1493 φυλάττεται,

2111 1525 2251 1580 ἀλλὰ
2276 1527 2422 1579 κατὰ
2455 1525 2556 1594 τὴν
2601 1522 2928 1594 προαῖρεσιν
2969 1520 3081 1573 τῶν
3147 1518 3563 1590 σφραγιζκέντων
3596 1518 3705 1587 ἀρ-

2112 1616 2347 1689 χιερέων
2370 1618 2403 1687 η
2427 1618 2622 1679 στάσις
2644 1615 3038 1684 φιλοτιμεῖται,
3079 1611 3175 1665 καὶ
3227 1614 3255 1665 ό
3299 1609 3704 1680 μεταγενέστε-

2117 1726 2209 1778 ρος
2240 1710 2578 1778 προτιμᾶται
2604 1708 2697 1761 τοῦ
2739 1706 3197 1778 προγενεστέρου,
3223 1704 3542 1779 θαυμάζωξρ

2179 1805 2421 1858 ΖΩΝΑΡ.
2473 1801 2638 1855 οὔπω
2668 1803 2790 1854 τότε
2837 1801 3040 1863 πάσαις
3078 1801 3197 1862 ταῖς
3237 1798 3561 1867 ἐκκλησίαις
3607 1798 3709 1869 βα-

2114 1897 2248 1965 θμδς
2281 1896 2377 1948 καὶ
2416 1893 2569 1961 τάξις
2602 1895 2881 1955 ἐτέτακτο,
2927 1890 3114 1960 μόναις
3159 1889 3216 1943 δὲ
3242 1890 3363 1951 ταῖς
3398 1889 3709 1959 ὑπερεχού-

2114 2006 2255 2053 σαις,
2295 1989 2370 2049 ὡς
2395 1988 2539 2041 ἐστιν
2592 1987 2771 2056 εὑρεῖν
2802 1987 2866 2039 ἐκ
2898 1981 2992 2037 τοῦ
3032 1981 3219 2046 τέλους
3272 1980 3369 2034 τοῦ
3422 1981 3705 2051 παρόντος

2112 2081 2336 2140 κανόνος
2364 2096 2379 2112 ·
2423 2081 2473 2133 οἰ
2520 2080 2576 2132 δὲ
2617 2080 2727 2133 τῶν
2788 2077 2967 2131 ἄλλων
3026 2074 3341 2145 ἐκκλησιῶν
3398 2073 3707 2127 ἐπίσκοποι

2114 2178 2249 2245 πρὸς
2283 2175 2408 2235 τοὺς
2438 2174 2667 2243 χρόνους
2714 2171 2827 2224 τῶν
2864 2166 3213 2241 χειροτονιῶν
3263 2166 3443 2221 αὐτῶν
3476 2182 3710 2236 προετι-

2118 2262 2319 2332 μῶντο.
2347 2261 2518 2314 Τοῦτο
2556 2256 2650 2316 οὖν
2701 2263 2748 2314 οἰ
2779 2261 2880 2330 τῆς
2915 2257 3133 2312 συνόδου
3184 2257 3555 2328 φυλάττεσθαι
3587 2257 3716 2310 δια.-

2112 2357 2425 2419 τάττονται,
2461 2355 2604 2408 ὥστε
2653 2355 2781 2418 τοὺς
2839 2352 3433 2424 προχειροτονηθέντας
3478 2349 3718 2404 ἐπισκό-

2116 2466 2250 2510 πους
2288 2448 2397 2500 τῶν
2422 2449 2899 2517 μεταγενεστέρων
2940 2445 3379 2516 προτετιμῆσθαι
3403 2459 3420 2475 ⁸
3469 2446 3591 2504 ταῖς
3642 2443 3715 2497 δὲ

2115 2542 2524 2610 πρωτευούσαις
2580 2539 2902 2608 έκκλησὲαις
2930 2538 3029 2608 τῆς
3072 2535 3389 2610 Νουμηδὶας
3417 2535 3513 2587 καὶ
3543 2534 3716 2587 Μαυ-

2118 2632 2362 2703 ριτανίας
2388 2632 2726 2701 φυλαχθῆναι
2771 2630 2832 2683 τὸ
2863 2629 3075 2682 δίκαιον
3115 2629 3180 2681 ἐκ
3224 2625 3317 2679 τοῦ
3350 2624 3718 2697 χαρτοθεσίου

2116 2726 2210 2780 κτιί
2233 2723 2324 2776 τοῦ
2360 2723 2651 2792 ματρικίου
2683 2723 2782 2790 τῆς
2831 2720 3167 2791 Νουμηδίας.
3200 2713 3308 2772 Ἦν
3341 2719 3472 2786 γὰρ,
3497 2715 3575 2778 ὡς
3601 2716 3722 2769 ἔοι·-

2117 2834 2231 2879 κεν,
2270 2817 2326 2868 ἐν
2347 2818 2409 2886 τῇ
2435 2814 2725 2885 Νουμηδία
2759 2815 3055 2883 ἀπογραφή
3102 2829 3189 2875 τις
3226 2810 3388 2881 (αὕτη
3423 2808 3532 2880 γάρ
3586 2809 3715 2861 ἐστι

2117 2911 2175 2963 τὶ)
2229 2909 2559 2978 ματρῖκιον),
2620 2909 2956 2979 περιέχουσά
3003 2925 3126 2961 τινα
3182 2907 3313 2974 περὶ
3347 2902 3556 2968 τάξεως
3614 2904 3722 2957 καὶ

2122 3002 2331 3072 βαθμοῦ
2387 3002 2496 3055 τῶν
2525 3002 2836 3072 εἰρημένων
2877 3000 3206 3069 ἐκκλησιῶν.
3255 2995 3613 3053 Ἀποκεῖσθαι
3655 2995 3717 3048 δὲ

2121 3095 2268 3158 ἔδοξε
2300 3094 2358 3146 τὸ
2410 3092 2696 3163 ματρέκιον
2726 3092 2810 3144 ’τὸ
2840 3091 3209 3161 ἀρχαιότυπον
3242 3089 3321 3153 εἰς
3351 3088 3448 3157 τὴν
3480 3084 3715 3156 πρώτην

2040 3189 2084 3252 C
2119 3188 2413 3254 καθέδραν,
2460 3185 2555 3238 καί
2613 3187 2693 3249 εἰς
2745 3181 3080 3253 μητρόπολιν
3114 3178 3560 3234 Κωνσταντίναν.

2122 3280 2348 3335 ΑΡΙΣΤ.
2427 3297 2444 3329 ι
2482 3278 2557 3329 Οὐ
2607 3271 3124 3347 προτιμήσειςλτοῦ
3172 3272 3280 3343 πρό
3314 3288 3405 3324 σου
3452 3269 3717 3331 σεαυτὸν,

2200 3391 2218 3423 ι
2257 3370 2373 3426 ἀλλ’
2429 3367 2909 3437 ὲπακολουθήσεις.
3002 3365 3063 3418 '0
3112 3364 3168 3418 δὲ
3213 3359 3560 3433 περιφρονῶν
3584 3360 3720 3423 τοὺς

2203 3485 2221 3517 ι
2261 3464 2560 3535 προτέρους
2589 3460 3089 3531 εὐκαταφρόνητος.
3130 3477 3149 3510 ι

2210 3557 2297 3609 Ἑν
2325 3559 2390 3625 τῇ
2436 3555 2671 3623 ’Λιρρικῇ
2694 3552 2768 3620 τῷ
2792 3552 2939 3615 τότε,
2986 3550 3110 3604 οὐδὲ
3166 3547 3425 3619 ἀλλαχοῦ,
3474 3542 3623 3618 εἶχον
3657 3546 3717 3600 αἰ

2126 3648 2418 3703 ὲπισκοπαί
2446 3645 2709 3714 διαφοράν
2734 3661 2851 3696 τινα
2893 3645 2976 3706 εἰς
3023 3642 3123 3714 τὴν
3152 3641 3247 3696 τοῦ
3284 3641 3478 3712 θρόνου
3519 3640 3718 3708 τιμὴν,

2126 3742 2262 3797 ἀλλὰ
2296 3740 2466 3792 πᾶσαι
2499 3732 2641 3809 ἦσαν
2690 3720 2945 3804 ἰσότιμοι.
2989 3733 3048 3788 Ὀ
3096 3734 3151 3787 δὲ
3188 3733 3408 3804 πρῶτος
3457 3747 3715 3802 χειροτο-

2124 3832 2309 3901 νηθεὶς
2340 3829 2660 3891 ἐπίσκοπος,
2715 3825 2807 3878 τοῦ
2848 3825 2966 3895 μετ’
3021 3824 3185 3877 αὐτὸν
3213 3818 3720 3892 χειροτονηθέντος,

2125 3924 2182 3976 ἐν
2208 3941 2267 3976 τε
2297 3923 2364 3992 τῇ
2402 3917 2641 3988 καθέδρᾳ
2667 3919 2762 3970 καὶ
2786 3917 2843 3968 ὲν
2887 3917 3009 3977 ταῖς
3056 3913 3271 3974 λοιπαῖς
3295 3911 3561 3982 ζητήσεσι
3588 3911 3717 3969 ταῖς

2125 4012 2438 4074 κανονικαῖς
2483 4011 2819 4080 προετιμᾶτο
2847 4023 2859 4037 '
2894 4008 2986 4062 καὶ
3009 4003 3186 4067 οὕτως
3233 4004 3282 4056 οἰ
3320 4001 3520 4069 ἐφεξῆς
3570 3999 3721 4052 κατὰ

2124 4106 2250 4168 τοὺς
2281 4104 2508 4173 χρόνους
2541 4102 2651 4154 τῶν
2677 4097 3023 4171 χειροτονιῶν
3054 4095 3236 4148 αὐτῶν
3282 4089 3716 4162 ἐπηκολούθουν.

2126 4198 2231 4249 Τὸν
2265 4195 2397 4264 γοῦν
2434 4196 2505 4263 μὴ
2557 4193 2699 4246 κατᾶ
2745 4193 2837 4245 τὸν
2863 4191 3034 4246 τύπον
3067 4187 3258 4242 τοῦτον
3286 4183 3548 4239 ποιοῦντα
3589 4182 3719 4234 ὲπῖο

2127 4305 2330 4342 σκοπον
2365 4288 2420 4340 ὲν
2451 4291 2518 4359 τῇ
2544 4288 2653 4340 τῶν
2681 4287 2875 4356 ἄφρων
2903 4282 3080 4355 χώρᾳ,
3129 4281 3246 4336 ἀλλ’
3275 4277 3719 4341 ἁπαυθαδειαζό-

2129 4399 2311 4453 μενον,
2365 4382 2459 4436 καί
2492 4381 2616 4445 τοὺς
2644 4380 2948 4451 προτέρους
3004 4375 3462 4447 περιφρονοῦντα,
3512 4371 3718 4441 ὥρισεν

2127 4476 2160 4543 ἡ
2218 4462 2451 4537 σύνοδος
2492 4472 2972 4544 εὐκαταφρόνητον
3033 4465 3177 4523 εἶναι
3232 4468 3327 4522 καί
3378 4465 3485 4519 ἀπὸ
3525 4462 3716 4533 πάσης

2048 4555 2100 4614 1)
2129 4562 2370 4614 συνόδου.

2733 4654 2826 4707 ΚΛ
2836 4652 2978 4705 ΝΩΝ
3037 4650 3108 4717 ιζ.

2132 4768 2149 4801 ι
2188 4749 2322 4817 Περί
2356 4746 2841 4800 Κουοδεουλτδαίου
2872 4746 2951 4799 ἔτι
3007 4746 3112 4815 μὴν
3149 4742 3245 4797 τοῦ
3295 4741 3665 4813 Κεντυριάτου
3697 4784 3713 4806 ,

2203 4860 2220 4886 α
2264 4840 2450 4908 ἐπειδὴ
2481 4839 2573 4892 τοῦ
2611 4838 2858 4892 ἐναντίου
2889 4836 3053 4890 αὑτοῦ
3099 4836 3428 4906 αἰτήσαντος
3462 4837 3613 4903 παρὰ
3641 4837 3710 4906 τῇ

2201 4930 2508 5001 «ἡμετέρᾳ
2563 4929 2942 4999 εἰσενεχθῆναι
3016 4926 3260 4994 συνόδῳ,
3320 4924 3621 4996 ἐρωτηθεὶς
3663 4926 3713 4977 εἰ

2202 5040 2220 5069 ι
2267 5021 2374 5089 ἄρα.
2403 5020 2651 5089 βούλεται
2690 5019 2809 5090 μετ’
2852 5018 3017 5072 αὐτοῦ
3057 5018 3210 5087 παρὰ
3236 5018 3351 5078 τοῖς
3383 5014 3711 5076 ἐπισκόποις

2205 5132 2221 5162 ι
2259 5113 2725 5182 ἀποπειραθῆναι,
2778 5112 2996 5181 πρῶτον
3054 5109 3153 5177 μὲν
3210 5107 3502 5176 ὑπέσχετο,
3553 5107 3621 5176 τῇ
3652 5105 3710 5158 δὲ

2204 5225 2220 5253 ι
2258 5203 2392 5274 ἄλλῃ
2441 5205 2626 5275 ἡμέρᾳ
2663 5204 2826 5257 τοῦτο
2862 5203 2935 5272 μὴ
2978 5202 3236 5270 ἀρέσκειν
3274 5198 3426 5268 αὐτῷ
3478 5197 3714 5268 ἀπεκρί-

2204 5319 2218 5348 ι
2259 5314 2405 5359 varo,
2463 5301 2557 5349 καὶ
2598 5294 2948 5365 ἀνεχώρησεν
2973 5310 2986 5323 ·
3019 5293 3219 5363 ἤρεσεν
3251 5292 3385 5343 πᾶσι
3432 5290 3545 5351 τοῖς
3588 5289 3715 5340 ὲπι-

2200 5406 2217 5435 ι
2259 5386 2481 5448 σκόποις
2511 5426 2525 5447 ,
2569 5385 2658 5438 ἵνα
2712 5385 2901 5454 μηδεὶς
2935 5382 3013 5452 τῷ
3075 5380 3224 5450 αὐτῷ
3258 5378 3712 5445 Κουοδὸουλτδέῳ

2207 5498 2221 5528 ι
2259 5478 2584 5547 κοινωνήσῃ,
2624 5477 2729 5539 ἕως
2775 5471 2837 5531 οἶ)
2864 5476 2922 5526 τὸ
2957 5474 3077 5528 κατ’
3111 5474 3274 5527 αὑτὸν
3324 5473 3561 5542 πρᾶγμα
3612 5486 3712 5523 πει

2208 5591 2226 5622 ι
2267 5572 2505 5641 ρατωθῇ.
2561 5570 2672 5639 Τὴν
2697 5570 2803 5640 γὰρ
2855 5568 3163 5637 ἐπισκοπὴν
3220 5568 3317 5621 ἀπ’
3349 5564 3515 5619 αὑτοῦ
3548 5564 3708 5631 ἀφαι-

2209 5684 2225 5714 ι
2269 5663 2489 5736 ρεθῆναι
2518 5663 2625 5732 πρὸ
2655 5663 2754 5731 τῆς
2785 5662 3066 5722 ἐκϐάσεως
3098 5660 3193 5713 τοῦ
3227 5660 3348 5713 κατ’
3376 5658 3540 5713 αὐτὸν
3568 5654 3709 5729 πρά-

2210 5775 2228 5801 σ
2276 5773 2485 5824 γματος
2512 5756 2692 5808 οὐδενὶ
2725 5756 2767 5808 Χ
2779 5754 3036 5825 ριστιανῷ
3063 5754 3283 5807 δύναται
3309 5753 3507 5806 δοκεῖν.
3539 5770 3560 5804 ι

2197 5851 2393 5907 ΒΛΛΣ.
2424 5850 2516 5906 καί
2560 5850 2711 5905 ΖΩΝ.
2765 5846 3129 5919 Κατηγόρησέ
3170 5862 3255 5912 τις
3307 5845 3404 5900 τοῦ
3454 5845 3710 5920 ῥηθέντος
