3976 6390
263 372 359 438 διδ

269 488 585 553 ἐπισκόπου,
609 488 708 543 καὶ⁸
733 487 994 561 ἠρωτήθη
1029 489 1057 542 6
1092 488 1547 557 κατηγρορηθεὶς,
1583 488 1632 539 εἰ
1662 486 1844 556 βούλε-
1876 490 1916 544 Δ

269 601 354 637 ται
381 582 534 649 παρὰ
547 586 617 654 τῇ
649 583 852 653 συνόδῳ
873 582 1010 652 μετὰ
1030 582 1120 635 τοῦ
1149 583 1456 653 κατηγόρου
1482 582 1836 636 δικάσασθαι.

274 679 333 727 ‘0
386 675 465 739 δὲ,
499 674 889 741 ὑποσχόμενος,
927 672 1063 739 μετὰ
1107 671 1304 740 μικρὸν
1338 672 1712 742 παρῃτήσατο,
1745 667 1840 720 καὶ

271 764 613 835 ἀνεχώρησε·
644 765 739 817 καὶ
772 766 804 834 ἠ
838 763 1053 825 σύνοδος
1105 763 1410 832 ἐψηφίσατο
1445 761 1646 830 μηδένα
1692 756 1841 828 αὐτῷ

269 857 620 924 κοινωνῆσαι,
652 857 756 919 ἕως
793 848 854 907 οὗ
884 854 1115 925 δικασθῇ
1142 871 1157 886 ·
1190 853 1288 924 τὴν
1314 853 1371 906 δὲ
1404 850 1709 915 ἐπισκοπὴν
1735 849 1842 901 ἀπὸ

269 949 361 1002 τοῦ
398 948 865 1018 κατηγορηθέντος
919 947 994 1015 μὴ
1032 944 1418 1016 ἀφαιρεθῆναι.
1442 938 1844 1014 Δείκνυταιοῦν

271 1044 379 1096 κάκ
408 1041 598 1095 τούτου
624 1041 729 1105 ὅτι,
763 1038 865 1092 κᾶν
891 1039 998 1092 ὑπὸ
1044 1037 1380 1106 κατηγορίαν
1413 1032 1637 1102 γένηταί
1687 1049 1773 1093 τις
1809 1030 1843 1100 ἥ

271 1135 365 1188 καὶ
394 1133 499 1185 ὑπὸ
529 1131 856 1202 ἀφορισμδν,
877 1131 981 1192 ἕως
1010 1124 1071 1185 οὗ
1097 1129 1230 1199 λυθῇ
1266 1128 1327 1181 τὸ
1355 1126 1477 1180 κατ’
1501 1123 1667 1178 αὑτοῦ
1696 1125 1851 1177 δικα-

271 1225 516 1295 στήριον,
548 1223 843 1286 ἑπιίσκοπός
866 1225 1004 1287 ἐστι,
1031 1222 1128 1277 καὶ
1150 1220 1572 1292 τῆςζὲπ.σκοπῆς
1595 1218 1695 1270 οὐκ
1717 1215 1849 1281 ἐξω-

271 1319 467 1372 θεῖται.

268 1411 498 1466 ΔΡΙΣΤ.
554 1428 575 1461 ιι
623 1408 842 1478 Ἐπειδὴ
891 1408 1403 1470 Κουοδσουλτδαϊος,
1453 1405 1548 1459 τοῦ
1593 1401 1848 1456 ἀναντίου

345 1520 365 1551 ‹
398 1500 548 1570 αὑτῷ
581 1501 904 1569 αἰτήσαντος
958 1502 1109 1571 παρὰ
1141 1503 1205 1570 τῇ
1257 1499 1501 1569 ἡμετέρᾳ
1540 1494 1745 1562 συνόδῳ
1776 1494 1854 1545 εξ·-

351 1612 370 1643 ι
409 1592 768 1662 σενεχθῆναι,
827 1593 1024 1662 πρῶτα
1082 1592 1183 1661 μὲν
1240 1591 1504 1645 εἰσελθεῖν
1566 1587 1850 1651 κατέθετο,

357 1703 374 1728 ι
412 1681 639 1752 ὕστερον
674 1682 731 1737 δὲ
762 1684 1171 1753 ἀπαρέσκεσθαι
1206 1683 1412 1746 εἰπὼν,
1453 1681 1810 1751 ὑπεχώρησεν
1834 1689 1851 1706 ⁶

355 1794 375 1824 ι
409 1773 553 1825 ἔστω
609 1772 991 1838 ἀκοινώνητος,
1025 1772 1130 1835 ἕως
1185 1771 1245 1824 τὸ
1273 1772 1507 1841 πρᾶγμα
1536 1763 1850 1837 ιιιερατωθῆ⁹

358 1887 379 1919 ι
410 1865 805 1937 καθαιρεθῆναι
836 1865 944 1935 γὰρ
970 1865 1076 1935 πρὸ
1099 1864 1254 1934 δίκης
1274 1864 1334 1917 ού
1366 1863 1591 1917 δίκαιον.
1619 1878 1640 1911 ι

354 2046 470 2100 Ούκ
502 2045 739 2106 εὐκόλως
776 2045 860 2099 δεῖ
908 2046 1038 2108 τοὺς
1098 2044 1409 2115 ἱερατικοὺς
1449 2040 1859 2111 καθαιρεῖσθαι,

280 2138 395 2194 οὑδ’
426 2138 536 2192 ἀπὸ
565 2137 833 2205 τυχούσης
891 2137 1244 2206 νιτρσρᾰισεως⁸
1284 2136 1389 2188 κᾶν
1437 2134 1546 2202 γὰρ
1575 2134 1602 2185 6
1660 2131 1863 2187 K0065-

283 2231 601 2292 6ουλτδαῖος
622 2224 779 2291 οὗτος
811 2228 1108 2297 ἐπίσκοπος
1136 2228 1288 2299 παρὰ
1332 2231 1398 2300 τῇ
1449 2227 1651 2296 συνόδῳ
1691 2225 1863 2295 ταύτῃ

283 2324 547 2396 κριθῆναι
591 2321 874 2386 κατέθετο,
903 2318 999 2373 τοῦ
1030 2319 1303 2374 ἀντιδίκου
1340 2319 1493 2388 αὐτῷ
1520 2318 1677 2372 τοῦτο
1710 2317 1867 2386 αἰτή-

285 2433 506 2478 σαντος,
534 2411 651 2468 εἶτα
682 2412 1062 2482 ὑπεχώρησεν,
1102 2412 1175 2475 ὡς
1211 2411 1542 2482 ἀπαρεσθε“ι-ς
1572 2410 1702 2478 παρ’
1726 2410 1866 2479 αὑτῇ

284 2514 354 2579 τῇ
393 2509 599 2576 συνόδῳ
624 2507 901 2577 κριθῆναι.
950 2504 1313 2574 ἀκοινώνητος
1347 2504 1448 2573 μὲν
1475 2503 1648 2565 ἔσται,
1673 2502 1778 2564 ἕως
1803 2502 1868 2555 ἂν

286 2601 485 2672 κριθῇ,
513 2600 608 2654 καὶ
624 2601 692 2652 τὰ
725 2598 844 2652 κατ’
872 2597 1034 2650 αὑτὸν
1060 2597 1233 2665 πέρας
1268 2595 1510 2665 δέξηται,
1546 2594 1645 2664 τὴν
1671 2594 1727 2646 δὲ
1751 2595 1873 2646 ἐπι-

291 2693 506 2761 σκοπὴν
528 2688 695 2743 αὐτοῦ
717 2690 816 2742 οὐκ
840 2690 1300 2758 ἀφαιρεθήσεται,
1327 2686 1463 2740 ἀλλὰ
1500 2686 1718 2751 καθέξει
1744 2684 1875 2737 ταύ-

287 2799 417 2854 την,
457 2785 543 2838 ὅτι
572 2780 709 2853 μηδὲ
745 2781 959 2836 δίκαιον
986 2782 1092 2851 πρὸ
1139 2779 1437 2848 καταδίκης
1473 2776 1868 2848 καθαιρεθῆναι

290 2894 443 2933 τινα.

881 2967 1125 3023 ΚΑΝΩΝ
1170 2965 1289 3032 ἱπᾹἏ

296 3064 437 3137 Περὶ
490 3059 838 3131 Μαξιμιανού
888 3060 943 3112 δὲ
974 3059 1070 3112 τοῦ
1099 3055 1393 3138 Βαγενσίου
1431 3055 1631 3127 ἤρεσεν
1680 3053 1744 3104 ἐκ
1780 3050 1878 3119 τῆς

374 3179 394 3209 ι
432 3156 656 3210 συνόδου
689 3152 998 3224 γράμματα
1034 3149 1255 3217 δοθῆναι
1300 3149 1397 3201 καὶ
1426 3147 1561 3215 πρὸς
1593 3145 1758 3198 αὑτὸν
1788 3143 1883 3195 καὶ
1912 3148 1954 3206 C

372 3269 390 3301 ι
431 3248 571 3319 πρὸς
596 3247 685 3301 τὸν
713 3245 862 3306 λαὸν,
904 3244 993 3298 ἵνα
1041 3244 1294 3302 κάκεῖνος
1348 3242 1410 3311 ἐκ
1435 3240 1534 3308 τῆς
1573 3236 1881 3305 ἐπισκοπῆς

376 3363 396 3394 ι
439 3338 798 3411 ἀναχωρήσῃ,
825 3337 1065 3390 κάκεῖνοι
1097 3334 1314 3394 ἑαυτοῖς
1345 3331 1504 3386 ἄλλον
1538 3328 1883 3399 ὲπιζητήσω-

380 3458 398 3488 ι
438 3452 548 3490 σιν.
590 3454 612 3486 1

376 3530 576 3584 ΒΑΛΣ.
604 3523 772 3588 Οὗτος
793 3525 821 3578 6
845 3521 1026 3577 κανὼν
1049 3518 1400 3591 προσωπικός
1431 3520 1568 3583 ἐστι,
1603 3516 1698 3569 καὶ
1718 3515 1894 3585 ἑρμη-

310 3642 365 3679 νε
373 3624 456 3685 ia;
494 3622 555 3675 ού
590 3620 781 3673 δεῖται.

286 3754 293 3757 -
385 3713 635 3769 ΖΩΝΑΡ.
669 3705 839 3773 Οὗτος
865 3713 894 3765 6
926 3710 1110 3764 κανὼν
1145 3705 1496 3779 προσωπικός
1520 3705 1688 3756 ἐστιν.

312 3806 533 3862 ΑΡΙΣΤ.
603 3823 622 3857 ι
657 3800 1002 3871 Μαξιμιανδς
1056 3804 1085 3855 6
1136 3792 1433 3867 Βαγὲνσιος
1496 3792 1752 3861 causam
1798 3789 1898 3857 τῆς

357 3917 377 3951 ι
407 3894 733 3965 ἐκκλησίας,
765 3893 859 3946 καὶ
885 3892 1042 3954 ἀλλος
1077 3888 1548 3958 ἁντικαταστήτω.
1592 3903 1611 3936 ι
1670 3880 1897 3950 Σαφής.

913 3981 1147 4038 ιιΑΝοΝ
1179 3983 1304 4049 una

320 4082 486 4136 Ὥστε
518 4079 648 4141 τοὺς
701 4075 1217 4148 χειροτονουμένους
1270 4071 1603 4133 ἐπισκόπους
1636 4066 1743 4120 ἀπὸ
1790 4064 1901 4118 τῶν

395 4193 414 4225 ι
450 4170 905 4245 χειροτονούντων
939 4168 1134 4229 αὐτοὺς
1176 4164 1465 4227 ἐπιστολὰς
1491 4162 1811 4232 λαμϐάνειν,
1843 4159 1900 4210 ὲν

400 4287 419 4319 ι
456 4263 547 4330 αἷς
566 4267 603 4337 ἦ
622 4281 682 4319 τε
698 4262 879 4334 ἡμέρα
894 4262 987 4316 καὶ
1015 4263 1043 4314 6
1071 4260 1275 4321 ὕπατος
1321 4256 1672 4327 προφέρεται.
1716 4251 1908 4304 Ἐπει-

399 4379 420 4409 σ
453 4376 521 4411 τα
547 4359 769 4428 ἦρεσεν,
803 4355 890 4407 ἵνα
913 4353 1111 4413 οῗτινες
1137 4351 1337 4418 δήποτε
1373 4348 1507 4417 μετὰ
1536 4344 1707 4398 ταῦτα
1727 4356 1908 4412 χειρο-

405 4471 424 4502 ι
461 4447 723 4502 τονῶνται
754 4443 857 4498 ἀνὰ
882 4443 981 4506 τὰς
1008 4442 1110 4510 τῆς
1125 4438 1393 4509 Ἀφρικῆς
1417 4435 1705 4507 ἐπαρχίας,
1725 4432 1910 4503 γράμ-

410 4560 432 4593 ι
467 4537 826 4610 ματαλάεωσι
868 4535 1020 4605 παρὰ
1051 4533 1165 4586 τῶν
1205 4528 1657 4601 χειροτονούντων
1687 4524 1907 4587 αὐτοὺς,

413 4652 432 4680 ι
465 4635 537 4703 τῇ
559 4630 706 4702 χειρὶ
735 4627 917 4683 αὑτῶν
942 4622 1437 4696 ὑπογεγραμμένα,
1473 4618 1796 4689 περιέχοντα
1819 4614 1910 4668 τδν

406 4747 426 4779 ι
459 4726 670 4780 ὕπατον
698 4723 795 4777 καὶ
842 4719 942 4791 τὴν
978 4718 1198 4788 ἡμέραν
1219 4731 1233 4746 '
1266 4714 1405 4767 ὥστε
1434 4709 1706 4781 μηδεμίαν
1739 4709 1915 4778 ἀμφι-

414 4841 434 4871 ι
472 4816 736 4888 σδήτησιν
755 4811 1136 4882 περὶύστέρων
1163 4807 1195 4877 ἢ
1227 4805 1509 4876 προτέρων
1531 4801 1856 4869 ἀναφυῆναι.
1894 4818 1911 4850 ι

409 4909 606 4964 ΒΑΛΣ.
643 4907 751 4961 Καὶ
784 4899 937 4965 οὗτος
965 4903 992 4956 6
1026 4898 1208 4955 κανὼν
1230 4896 1554 4964 ἀλυσιτελής
1583 4896 1717 4955 ἐστι,
1751 4891 1838 4946 διὰ
1860 4891 1920 4944 τὸ

338 5006 438 5073 τὴν
462 4998 822 5073 προγενεσίαν
862 4996 939 5065 μὴ
969 4992 1199 5063 ὠφελεῖν
1239 4994 1368 5053 τοὺς
1414 4988 1746 5047 ἐπισκόπους
1773 4999 1786 5016 ο
1842 4984 1922 5046 εἰς

337 5096 397 5149 δὲ
412 5093 540 5155 τοὺς
562 5092 754 5153 ἄλλους
784 5084 1275 5158 ἐκκλησιαστικοὺς
1297 5080 1540 5151 βαθμοὺς
1571 5075 1921 5148 χρησιμεύει.

340 5185 589 5239 Γίνονται
626 5181 734 5252 γὰρ
775 5178 925 5234 ’κατὰ
962 5178 1064 5240 τὴν
1101 5174 1293 5229 τούτου
1330 5171 1625 5240 περίληψιν
1658 5171 1770 5227 τοῖς
1811 5183 1922 5236 χει-

347 5275 749 5348 ροτονουμένοις
777 5270 1038 5325 πιττάκια
1075 5266 1212 5338 μετὰ
1248 5264 1695 5336 μηνολογὴματος
1716 5260 1796 5322 εἰς
1832 5258 1926 5327 δηο

343 5369 509 5423 λωσιν
538 5366 638 5434 τῆς
669 5360 1055 5433 προγενεσίας.

417 5456 666 5513 ΖΩΝΑΡ.
718 5451 890 5508 Εἶπεν
944 5450 1203 5519 ἀνωτέρω
1252 5448 1380 5511 τοὺς
1430 5446 1762 5504 ἐπισκοπους
1783 5440 1928 5493 κατᾶ

346 5550 476 5614 τοὺς
518 5548 769 5620 χρόνους,
804 5544 929 5600 καθ’
960 5543 1056 5608 οὒς
1091 5539 1600 5613 ἐχειροτονήθησαν,
1643 5533 1928 5603 τετάχθαι,

347 5643 471 5712 ἦτοι
511 5635 950 5709 προτετιμῆσθαι
985 5635 1110 5696 τοὺς
1162 5628 1657 5702 προγενεστέρους.
1693 5625 1812 5678 Ἵνα
1836 5623 1932 5677 οὖν

353 5734 430 5804 μή
458 5748 603 5795 τινες
634 5728 960 5798 ἀμφιϐολίαι
1009 5725 1251 5795 φύωνται
1302 5722 1434 5793 περὶ
1476 5718 1571 5774 τοῦ
1605 5716 1802 5789 καιροῦ
1834 5716 1934 5785 τῆς

352 5826 585 5882 ἑκάστου
619 5820 972 5892 χειροτονίας,
1002 5818 1256 5889 ὦρισενή
1311 5814 1525 5879 σύνοδος
1555 5813 1786 5867 ἕκαστον
1821 5809 1930 5863 τῶν

1357 374 1435 435 ΙΝ
1476 373 1637 434 CAN.
1677 370 1839 431 XCII
1880 370 2086 435 CONC.
2123 374 2503 455 CARTHAG.

3356 390 3359 395 '
3414 376 3519 439 3H

1947 489 2281 557 episcopum,
2337 501 2390 546 et
2424 499 2712 546 accusatus
2748 491 3112 560 interrogatus
3144 498 3254 554 est,
3286 502 3353 543 an
3391 489 3522 542 velit

1942 596 2062 636 οιιιιι
2095 582 2406 637 adversario
2440 581 2578 651 apud
2631 581 2897 653 synodum
2949 582 3180 648 litigare.
3237 581 3284 643 ls
3334 590 3517 633 alitem

1945 673 2232 741 pollicitus,
2262 674 2419 742 paulo
2455 684 2573 741 post
2623 674 2916 736 recusavit,
2947 682 3001 725 et
3032 671 3255 725 recessit
3285 689 3298 725 :
3350 681 3404 725 ct
3433 684 3523 739 sy-

1942 768 2117 820 nodus
2151 767 2387 821 decrevit
2441 766 2714 821 neminem
2767 768 2813 819 ei
2862 766 3284 828 communicare,
3341 762 3518 816 donec

1948 857 2104 911 fuerit
2134 858 2436 927 judicatus;
2457 860 2822 927 episcopatum
2854 867 3031 912 autem
3059 858 3106 911 ei
3132 864 3386 909 accnsato
3413 869 3518 906 no.1

1946 948 2171 1004 auferri.
2202 950 2340 1004 Hinc
2369 952 2548 1019 itaque
2579 959 2815 1010 constat,
2868 948 3009 1017 quod
3058 956 3111 1000 et
3163 948 3206 1001 si
3236 945 3361 1015 quis
3420 945 3520 997 sub

1947 1041 2295 1096 accusatione
2329 1040 2420 1106 sit,
2452 1041 2530 1093 vel
2563 1042 2723 1094 etiam
2773 1040 2872 1093 sub
2901 1037 3296 1108 segregatione,
3352 1037 3524 1086 donec

1946 1134 2112 1190 fuerit
2144 1134 2381 1188 solutum
2419 1135 2680 1186 adversus
2724 1146 2844 1186 eum
2895 1130 3180 1199 judicium,
3235 1128 3525 1197 episcopus

1948 1237 2050 1291 est,
2088 1243 2185 1283 nec
2212 1242 2276 1282 ex
2308 1227 2617 1296 episcopatu
2655 1225 2980 1278 detruditur.

1949 1409 2114 1482 624
2164 1408 2387 1463 ARIST.
2459 1404 2952 1474 «Quandoquidem
3023 1398 3528 1469 Quod-vult-deus,

2029 1521 2048 1553 ι
2083 1517 2205 1559 cum
2236 1500 2575 1555 adversarius
2609 1499 2748 1566 ejus,
2780 1503 2840 1550 ut
2885 1498 2949 1548 ad
2980 1501 3216 1548 nostram
3267 1489 3529 1561 synodum

2025 1614 2053 1641 ιι
2083 1594 2535 1653 introduceretur,
2576 1587 2844 1657 petiisset,
2898 1585 3077 1655 primo
3098 1582 3316 1653 quidem
3346 1579 3532 1631 venire

2033 1704 2051 1738 ι
2083 1687 2356 1755 pollicitus
2390 1692 2494 1747 est,
2526 1691 2711 1750 postea
2763 1694 2892 1734 vero
2925 1675 3057 1731 illud
3094 1675 3196 1751 sibi
3246 1671 3534 1739 displicere

2033 1796 2051 1829 ι
2087 1778 2295 1840 dicens,
2346 1775 2597 1835 recessit,
2651 1750 3380 1833 excommunicetur,usque
3407 1762 3533 1813 dum

2040 1887 2057 1918 ι
2093 1884 2254 1923 causa
2285 1866 2698 1920 determinetur.
2752 1861 2821 1917 Ut
2856 1861 2997 1914 enim
3034 1866 3159 1912 ante
3210 1851 3534 1910 sententiam

2039 1978 2058 2011 ι
2093 1960 2252 2012 latam
2287 1961 2603 2023 deponatur,
2635 1967 2740 2006 non
2770 1959 2853 2005 est
2882 1950 3110 2018 justum.

2031 2053 2150 2108 Non
2182 2058 2395 2120 oportet
2427 2054 2674 2100 sacratos
2707 2042 2865 2097 facile
2900 2037 3096 2107 deponi
3129 2045 3183 2090 et
3209 2035 3277 2087 ob
3309 2029 3542 2101 quamli—

1967 2147 2054 2198 bet
2082 2157 2322 2198 causam.
2353 2140 2501 2192 Licet
2532 2137 2674 2191 enim
2724 2131 3190 2200 Quod-vult—deus
3224 2126 3312 2180 hic
3340 2124 3547 2192 episeo-

1968 2252 2090 2304 pus,
2124 2251 2151 2287 a
2210 2231 2416 2303 synodo
2477 2229 2564 2282 illa
2624 2225 2857 2291 iudicari
2912 2219 3180 2290 promisit,
3228 2214 3545 2272 adversario

1969 2329 2086 2397 ejus
2116 2325 2244 2381 illud
2279 2323 2607 2391 postulante,
2639 2319 2834 2374 deinde
2886 2313 3136 2377 recessit,
3169 2317 3353 2377 utpote
3397 2305 3484 2362 cui
3517 2320 3546 2358 a

1972 2422 2180 2491 synodo
2212 2434 2272 2472 ea
2303 2416 2530 2484 indicari
2566 2411 2871 2483 displicuit;
2905 2403 3404 2462 excommunicatns
3431 2398 3554 2467 qui-

1972 2515 2093 2569 dem
2130 2513 2253 2578 erit,
2291 2510 2592 2577 usquedum
2619 2505 2914 2574 judicetur,
2950 2509 3001 2553 et
3047 2496 3257 2565 negotia
3293 2492 3411 2556 ejus
3441 2501 3551 2543 ter-

1976 2607 2293 2660 minentur:
2355 2599 2703 2667 episcopatus
2761 2604 2937 2647 tamen
2993 2590 3041 2643 ei
3093 2602 3200 2641 non
3234 2582 3545 2641 auferetur;

1976 2697 2068 2751 sed
2096 2709 2214 2750 eam
2243 2690 2579 2762 possidebit;
2613 2687 2736 2756 quia
2768 2699 2872 2738 non
2912 2691 2995 2736 est
3021 2679 3264 2747 justum.
3325 2688 3383 2729 ut
3427 2683 3555 2727 ante

1978 2783 2482 2842 condemnationem
2515 2777 2786 2847 quispiam
2817 2774 3196 2842 deponeretur.

2547 2951 2782 3013 CANON
2852 2950 2987 3005 XCl.

1989 3077 2009 3112 ι
2044 3059 2117 3112 De
2148 3052 2473 3110 Maximiano
2502 3059 2682 3105 autem
2731 3046 2985 3116 episcopo
3019 3036 3323 3108 Bagensio,‘
3347 3030 3550 3102 placuit

2066 3172 2085 3204 ι
2121 3151 2331 3203 litteras
2365 3145 2477 3200 dari
2505 3158 2568 3197 ex
2606 3140 2835 3212 synodo,
2864 3145 2911 3189 et
2943 3134 3009 3188 ad
3043 3133 3242 3201 ipsum,
3278 3138 3332 3182 et
3365 3126 3430 3179 ad
3461 3138 3556 3191 po-

2066 3264 2085 3296 ι
2119 3242 2319 3311 pulum,
2355 3248 2412 3291 ut
2441 3246 2493 3290 et
2526 3237 2614 3289 ille
2645 3234 2801 3288 cedat
2833 3230 3170 3299 episcopatu,
3205 3232 3260 3276 et
3289 3219 3365 3274 illi
3395 3217 3561 3272 alium

2069 3357 2088 3390 ι
2120 3337 2219 3391 sibi
2252 3339 2516 3404 quaerant.
2548 3349 2567 3382 ι

2068 3512 2262 3567 BALS.
2296 3508 2390 3562 llic
2423 3519 2593 3560 canon
2630 3509 2713 3557 est
2738 3495 3059 3569 personalis,
3088 3501 3139 3546 et
3165 3482 3570 3554 interpretatio-

1997 3625 2064 3664 ne
2093 3623 2197 3660 non
2231 3613 2373 3670 eget.

2070 3695 2322 3752 ZONAR.
2363 3692 2459 3746 llic
2487 3703 2661 3744 canon
2696 3694 2780 3740 est
2804 3681 3130 3753 personalis.

1999 3787 2222 3845 ARIST.
2261 3806 2279 3837 ι
2319 3783 2680 3837 Maximianus
2715 3774 3016 3843 Bagcnsius
3063 3766 3306 3823 ECt’lt‘Siﬂ
3339 3761 3578 3829 expella-

2006 3901 2024 3934 ι
2058 3891 2167 3945 tur,
2195 3886 2249 3932 et
2280 3875 2416 3929 alius
2447 3873 2593 3927 illius
2626 3871 2742 3924 loco
2774 3864 3160 3920 substituatur.
3198 3858 3567 3924 Perspictum.»

2568 3962 2651 4017 CA
2664 3957 2798 4016 NON
2847 3954 3010 4012 XCII.

2011 4089 2029 4120 ι
2063 4068 2131 4124 Ut
2160 4061 2394 4133 episcopi
2426 4058 2514 4126 qui
2545 4055 2891 4117 ordinantur,
2942 4049 3008 4103 ab
3040 4047 3107 4101 iis
3137 4046 3225 4114 qui
3261 4044 3404 4111 ipsus
3435 4037 3580 4093 ordi-

2082 4179 2103 4209 ιι
2134 4165 2287 4218 nant,
2317 4148 2574 4220 epistolas
2602 4146 2892 4213 accipiant,
2918 4142 2969 4195 in
3003 4138 3200 4208 quibus
3228 4135 3342 4189 dies
3373 4141 3425 4185 et
3447 4145 3580 4185 con—

2082 4270 2099 4302 ι
2136 4248 2215 4304 sul
2245 4245 2570 4316 proferatur.
2608 4237 2808 4291 Deinde
2840 4232 3069 4305 placuit,
3107 4241 3166 4283 ut
3225 4227 3313 4297 qni
3354 4222 3584 4295 posthac

2089 4363 2105 4395 ι
2137 4314 2454 4396 ordinantur
2502 4350 2600 4404 per
2650 4329 2847 4385 Africa:
2898 4323 3243 4395 provincias,
3301 4320 3369 4374 ab
3401 4319 3466 4371 iis
3490 4314 3583 4385 qui

2087 4458 2104 4488 ε
2145 4436 2264 4490 illos
2294 4430 2543 4487 ordinant
2575 4426 2782 4480 litteras
2811 4421 3098 4489 accipiant,
3137 4419 3380 4486 ipsorum
3422 4424 3584 4464 manu

2094 4551 2109 4580 ι
2146 4527 2506 4594 subscriptas,
2537 4518 2811 4575 consulem
2846 4524 2895 4569 et
2934 4514 3074 4567 diem
3111 4509 3491 4565 continentes:
3533 4510 3591 4553 nt

2095 4643 2112 4671 ι
2145 4620 2287 4676 nulla
2322 4618 2387 4672 de
2422 4612 2811 4682 posterioribus
2866 4608 2948 4662 vel
2982 4604 3256 4675 prioribus
3282 4608 3593 4654 controver-
3684 4610 3693 4621 ·

2096 4733 2114 4765 ι
2149 4712 2224 4765 sia
2251 4709 2554 4763 exoriatur.

2102 4887 2296 4944 BALS.
2357 4898 2454 4939 me
2487 4896 2703 4953 quoque
2753 4892 2926 4933 canon
2954 4883 3036 4929 est
3062 4871 3288 4935 inutilis,
3337 4883 3406 4924 eo
3453 4866 3595 4936 quod

2022 4984 2175 5054 prior
2202 4979 2402 5036 creatio
2436 4991 2538 5030 non
2568 4974 2787 5043 adjuvet
2815 4969 3096 5037 episcopos
3128 4982 3142 5019 :
3177 4964 3230 5017 in
3275 4961 3394 5015 aliis
3421 4971 3597 5014 autem

2027 5075 2281 5145 gradibus
2311 5066 2700 5127 ecclesiasticis
2722 5073 2801 5117 est
2833 5061 2998 5114 utilis.
3030 5057 3191 5113 Fiunt
3222 5055 3390 5119 enim,
3425 5064 3482 5105 ut
3503 5056 3602 5105 hoc

2028 5180 2238 5222 canone
2269 5157 2767 5229 comprehenditur,
2827 5155 2893 5207 iis
2927 5153 3017 5221 qui
3061 5148 3407 5210 ordinantur,
3441 5146 3604 5214 pitta-

2029 5253 2109 5308 cia
2139 5266 2262 5305 cum
2284 5247 2558 5302 mensium
2592 5259 2656 5299 ac
2690 5242 2899 5297 dierum
2944 5238 3327 5309 supputatione
3358 5236 3422 5290 ad
3459 5236 3606 5303 prio-

2030 5345 2107 5401 ris
2131 5340 2425 5398 creationis
2449 5336 2894 5393 declarationem.

2109 5430 2364 5489 ZONAR.
2428 5430 2498 5485 Ut
2523 5428 2795 5497 episc0pis
2829 5441 2926 5496 pro
2963 5424 3224 5493 temporis
3259 5423 3469 5476 ratione
3505 5433 3613 5484 quo

2035 5527 2202 5582 creati
2230 5532 2375 5590 sunt,
2407 5538 2538 5578 suus
2568 5522 2764 5591 cuique
2811 5522 2963 5574 locus
2996 5519 3325 5587 assignetur,
3360 5518 3460 5569 hoc
3506 5523 3611 5578 est,

2037 5629 2096 5675 ιιι
2119 5616 2452 5687 antiquiores
2483 5615 2748 5685 dignitate
2798 5613 3011 5667 CiPlefiS
3042 5610 3424 5680 prmferantur,
3456 5605 3615 5674 paulo

2037 5720 2163 5767 ante
2194 5709 2548 5764 constitutum
2581 5713 2688 5762 est.
2739 5705 2949 5773 Ergone
2972 5717 3076 5771 qua
3126 5698 3497 5754 controversia
3550 5696 3619 5749 de

2043 5815 2308 5876 tempore,
2364 5816 2469 5873 quo
2503 5800 2734 5871 quisque
2774 5795 3118 5854 renuntiatus
3158 5791 3278 5852 fuit.
3307 5789 3616 5847 exsisteret.
