3976 6460
348 386 476 449 '315

1635 395 1735 453 ΤΗ
1745 394 1839 455 ΕΟ
1850 396 1911 455 D.
1953 395 2354 457 BALSAMON

3529 397 3630 466 315

364 500 573 573 synodo
600 498 817 567 placuit,
855 511 911 555 ut
949 501 1190 570 episcopi
1236 503 1431 575 singuli
1468 504 1537 557 ab
1566 505 1657 570 iis,
1690 520 1717 560 a
1746 505 1944 575 quibus

2090 506 2541 575 ειροτονουμένων
2593 506 2744 579 παρὰ
2803 506 2913 562 τῶν
2952 506 3409 578 χειροτονούντων
3447 509 3634 579 γράμ-

363 592 533 647 creati
566 602 709 656 sunt,
761 593 1037 662 episc0pis
1090 594 1301 649 litteras
1348 595 1691 666 subsignatas
1726 597 1942 665 accipe-

366 692 513 746 rent,
551 682 749 751 quibus
783 691 837 737 et
869 684 1108 739 consulis
1152 700 1345 739 nomen
1382 695 1436 740 et
1469 687 1586 742 dies
1640 687 1945 742 ascribere-

366 783 477 828 tur.
514 772 727 843 Quippe
757 789 821 829 ex
875 775 1192 831 consulibus
1249 785 1489 844 tempora
1541 776 1943 846 indicabantur,

366 880 490 919 cum
521 864 753 935 publicis
784 870 1154 924 monumentis
1198 871 1521 937 consignata
1557 880 1723 939 atque
1751 880 1946 925 testata

369 958 709 1024 singulorum
746 959 1029 1014 consulum
1064 962 1283 1014 nomina
1321 970 1622 1016 exstarent.

370 1050 599 1105 ARIST.
638 1071 655 1102 ι
694 1046 795 1117 Qui
832 1052 883 1105 in
932 1049 1115 1105 Africa
1159 1054 1464 1119 ordinatur,
1499 1053 1647 1109 illius
1692 1056 1783 1125 qui
1830 1070 1949 1109 ma-

449 1162 467 1195 ι
501 1159 629 1197 num
664 1144 916 1211 imposuit
963 1143 1172 1199 litteras
1217 1146 1437 1215 propria
1498 1162 1662 1200 manu
1693 1150 1948 1215 scriptas,

446 1253 465 1286 ι
503 1236 642 1289 diem
680 1235 1070 1305 consulemque
1094 1237 1456 1299 continentes,
1492 1236 1756 1305 proferat.
1787 1256 1806 1289 ι

446 1413 516 1468 Ut
545 1412 691 1468 nulla
724 1414 936 1468 oriatur
963 1415 1338 1470 controversia
1379 1416 1448 1471 de
1483 1416 1756 1485 episcOpis
1803 1419 1954 1486 prius

373 1519 465 1562 aut
494 1508 764 1577 posterius
797 1507 1064 1563 ordinatis
1100 1508 1151 1561 in
1186 1508 1392 1572 Africa,
1424 1524 1540 1571 eos,
1573 1508 1664 1577 qui
1693 1509 1956 1565 ordinant

374 1601 519 1665 illos,
554 1600 764 1654 litteras
794 1600 1012 1669 propria
1046 1615 1206 1652 manu
1237 1600 1479 1669 scriptas
1511 1600 1677 1666 diem,
1716 1618 1826 1672 quo
1861 1618 1953 1657 or-

380 1691 549 1745 dinati
584 1690 824 1755 fuerunt,
860 1700 913 1746 et
945 1691 1347 1762 magistratum,
1385 1693 1475 1762 qui
1517 1694 1587 1749 ibi
1642 1703 1770 1750 tunc
1815 1711 1958 1765 pra:-

382 1782 507 1848 l‘uit,
551 1783 875 1851 iudicantes,
911 1784 1041 1838 dare
1068 1783 1177 1837 illis
1205 1792 1449 1854 oportet.

835 1964 999 2035 625
1032 1964 1269 2022 CANON
1299 1963 1486 2020 XCIII.

386 2074 405 2107 ι
436 2053 506 2111 Ut
533 2056 624 2126 qui
660 2055 743 2111 vel
777 2057 940 2112 semel
973 2058 1023 2110 iu
1059 2059 1288 2113 ecclesia
1318 2058 1583 2128 legerunt,
1618 2071 1721 2112 non
1749 2057 1960 2127 possint

456 2171 473 2203 ι
506 2151 573 2206 ab
608 2150 730 2206 aliis
764 2152 1099 2221 promoveri.
1152 2151 1419 2208 Similiter
1453 2150 1677 2221 placuit,
1734 2160 1792 2204 ut
1837 2150 1963 2221 qui-

449 2264 466 2294 a
509 2258 724 2314 cunque
753 2244 804 2297 in
859 2243 1090 2298 ecclesia
1118 2245 1198 2298 vel
1245 2243 1410 2298 semel
1457 2242 1668 2313 legerit,
1733 2243 1800 2297 ab
1858 2243 1961 2298 alia

452 2357 473 2389 ί
508 2337 739 2392 ecclesia
772 2337 837 2390 ad
865 2336 1181 2391 clericatum
1232 2351 1338 2390 non
1382 2336 1710 2391 detineatur.
1746 2335 1811 2391 Et
1831 2338 1962 2390 sub-

456 2449 475 2477 4
509 2427 867 2498 scripserunt,
910 2427 1160 2481 Aurelius
1184 2428 1469 2496 episcopus
1520 2426 1776 2482 Ecclesiae
1824 2425 1962 2481 Car-

462 2542 478 2573 |
516 2520 855 2591 thagiuensis
890 2521 1139 2589 praesenti
1175 2522 1396 2574 decreto
1423 2520 1696 2582 consensi,
1727 2529 1782 2574 et
1825 2520 1965 2575 lecto

460 2637 474 2663 ι
508 2614 824 2682 subscripsi.
892 2610 1154 2668 Similiter
1180 2623 1233 2669 et
1261 2614 1455 2684 reliqui
1518 2613 1762 2684 episcopi
1832 2612 1964 2667 sub-

460 2722 478 2755 t
510 2706 859 2775 scripserunt.
901 2722 932 2758 ν

454 2881 652 2937 BALS.
689 2881 938 2935 Nonnulli
971 2883 1155 2936 dicunt
1189 2882 1256 2937 de
1287 2882 1387 2936 hoc
1417 2896 1644 2946 canone,
1682 2882 1825 2950 quod
1857 2881 1971 2936 vult

381 2974 671 3038 clericum,
720 2975 813 3044 qui
867 2977 919 3029 in
971 2975 1203 3056 ecclesia
1256 2975 1437 3043 aliqua
1483 2976 1814 3030 constitutus
1862 2985 1967 3039 est,

381 3083 499 3124 non
527 3068 742 3123 admitti
772 3084 871 3124 nec
903 3069 1148 3125 ordinari
1195 3069 1264 3124 ab
1299 3068 1407 3123 alio
1451 3068 1730 3139 episcopo,
1787 3068 1832 3124 si
1887 3069 1970 3123 vel

383 3159 558 3215 semel
599 3169 808 3215 tantum
854 3160 908 3215 in
943 3159 1193 3225 ecclesia,
1251 3160 1305 3214 in
1342 3176 1445 3231 qua
1494 3161 1828 3215 constitutus
1860 3170 1964 3225 est,

382 3250 604 3321 legerit.
636 3251 717 3305 Ad
747 3267 901 3306 suam
938 3252 1082 3321 enim
1119 3266 1339 3307 causam
1391 3251 1785 3307 delendendam
1837 3251 1968 3306 alle-

390 3341 614 3410 gabaut,
649 3341 794 3414 quod
829 3358 935 3398 non
987 3343 1394 3398 existimaretur
1443 3341 1673 3398 clericus
1700 3342 1966 3408 ecclesiae,

384 3434 484 3502 qui
518 3434 570 3487 in
602 3450 662 3489 ea
709 3435 874 3490 semel
904 3434 1057 3506 legit.
1090 3434 1195 3488 Alii
1231 3443 1412 3489 autem
1448 3435 1658 3498 dicunt,
1691 3435 1834 3489 hanc
1865 3449 1969 3489 non

386 3537 519 3578 esse
546 3524 680 3579 satis
708 3524 920 3579 ﬁrmam
969 3526 1261 3582 rationem.
1291 3523 1370 3580 Ex
1407 3538 1472 3579 eo
1508 3526 1652 3579 enim
1687 3524 1831 3594 quod
1882 3539 1973 3580 or-

398 3618 619 3671 dinatus
648 3615 815 3671 fuerit
860 3627 914 3672 et
947 3618 1321 3672 characterem
1369 3617 1694 3687 susceperit,
1734 3615 1793 3670 ﬁt
1823 3616 1975 3685 quis-

392 3710 541 3777 piam
575 3708 828 3774 clericus,
861 3708 1074 3764 etiamsi
1108 3708 1161 3763 in
1211 3707 1448 3763 ecclesia
1489 3724 1596 3763 non
1650 3708 1861 3779 legerit.
1910 3708 1976 3764 Et

394 3802 828 3872 interpretantur
854 3815 1118 3857 canonem
1150 3801 1219 3855 de
1249 3801 1332 3866 iis,
1368 3801 1458 3871 qui
1487 3800 1655 3855 solam
1695 3809 1972 3855 tonsuram

392 3895 466 3948 ab
496 3895 740 3951 antisute
793 3904 1143 3965 acceperunt,
1197 3903 1254 3950 et
1284 3911 1349 3950 ex
1386 3894 1802 3957 consuetudine,
1855 3904 1975 3948 tan-

393 4002 558 4058 quam
614 4001 712 4056 pro
769 3985 943 4041 forma
988 3986 1260 4054 lectionis,
1317 3988 1577 4040 dixerunt
1621 3986 1974 4055 apostolicam

392 4081 464 4134 ad
493 4077 836 4135 Timotheum
873 4077 1197 4149 Epistolam,
1241 4094 1359 4144 seu,
1400 4077 1509 4133 Fili
1557 4077 1846 4145 Timothee,
1902 4080 1974 4133 sia

391 4171 603 4226 sobrius
624 4172 679 4226 in
703 4173 940 4228 omnibus
958 4172 1039 4229 “z
1070 4180 1126 4228 et
1149 4172 1359 4237 dicunt,
1380 4187 1447 4226 ex-
1483 4171 1734 4239 praasenti
1766 4186 1979 4226 canone

394 4279 505 4321 non
554 4278 717 4333 posse
741 4279 917 4332 eos,a
968 4280 1132 4320 manu
1182 4263 1299 4334 ejus
1350 4263 1439 4332 qui
1488 4263 1635 4331 ipsos
1684 4262 1977 4327 ordinavit,

398 4365 625 4427 pr0pter
660 4357 830 4412 solam
864 4357 1103 4428 episcopi
1140 4366 1445 4421 tonsuram,
1489 4355 1607 4409 sine
1640 4355 1759 4423 ejus
1790 4352 1981 4407 volun-

399 4457 510 4503 tate
537 4447 793 4515 transire,
826 4456 882 4502 et
909 4448 974 4502 ad
1012 4447 1170 4502 aliam
1204 4444 1493 4501 ecclesiam
1532 4442 1829 4497 transilire.
1864 4442 1979 4497 Etsi

2048 608 2196 665 ματα
2249 598 2550 669 λαμϐάνειν
2604 600 3117 671 ὑπογεγραμμένα,
3177 600 3505 670 περιέχοντα
3541 598 3634 654 τὸν

2048 684 2255 740 ὕπατον
2289 688 2384 742 καὶ
2417 690 2519 759 τὴν
2551 690 2789 761 ἡμέραν.
2850 692 2964 745 Καὶ
2994 692 3061 743 ἐκ
3101 686 3200 742 τοῦ
3230 689 3438 742 ὑπάτου
3469 688 3579 758 γὰρ
3608 692 3637 743 δ

2047 778 2238 847 καιρὸς
2264 780 2566 847 ἐδείκνυτο,
2599 782 2658 835 ἐν
2690 782 2982 853 δημοσίαις
3013 782 3367 851 ἀπογραφαῖς
3400 781 3636 834 ἑκάστου

2048 867 2157 923 τῶν
2185 870 2407 926 ὑπάτων
2433 872 2773 944 δηλουμένόυ
2811 876 2943 928 πότι
2971 875 3301 926 ὑπάτευσεν.

2049 1045 2274 1099 ΑΡΙΣΤ.
2348 1066 2367 1099 ι
2408 1048 2468 1101 '0
2526 1065 2607 1111 εις
2644 1049 2747 1119 τὴν
2808 1048 3076 1119 Ἀφρικὴν
3124 1046 3644 1119 κεχειροτονημένος

2127 1155 2146 1187 ι
2184 1138 2538 1210 ἐπιφερέσθω
2600 1140 2697 1192 τοῦ
2758 1140 3166 1203 ἐπιτεθεικότος
3202 1143 3362 1211 χεῖρα
3412 1138 3638 1209 γραφὴν

2125 1246 2143 1280 r
2183 1229 2495 1301 ἰδιόχειρον,
2525 1231 2624 1302 τὴν
2677 1234 2894 1304 ἡμέραν
2934 1232 3168 1304 ἔχουσαν
3204 1235 3299 1286 καὶ
3353 1232 3449 1285 τὸν
3497 1230 3641 1284 ὕπα-

2129 1339 2147 1371 ι
2188 1338 2299 1374 τον.
2341 1342 2359 1373 1

2126 1415 2225 1467 Διὰ
2246 1415 2307 1468 τὸ
2334 1416 2406 1485 μή
2430 1433 2555 1470 τινα
2588 1416 2807 1469 ὑπεῖναι
2834 1415 3169 1486 ἀμφιὸολίαν
3192 1417 3329 1485 περὶ
3352 1408 3464 1469 τῶν
3493 1410 3651 1487 πρῶ-

2053 1506 2199 1577 τονῆ
2232 1506 2460 1579 ὕστερον
2494 1508 2985 1579 χειροτονηθέντων
3019 1509 3342 1562 ementdi
3370 1510 3427 1561 ἐν
3453 1511 3649 1580 ’Δφρι-

2056 1601 2150 1668 κῇ,
2178 1600 2260 1651 δεῖ
2282 1600 2410 1662 τοὺς
2439 1599 2889 1671 χειροτονοῦντας
2938 1601 3137 1664 αὐτοὺς
3169 1600 3477 1669 γράμματα
3506 1599 3653 1653 διδό-

2054 1708 2145 1745 ναι
2168 1692 2355 1755 αὐτοῖς
2405 1694 2768 1763 οἱκειόχειρα,
2799 1694 3070 1763 δηλοῦντα
3118 1695 3221 1761 τὴν
3269 1691 3491 1762 ἡμέραν
3517 1691 3647 1745 καθ’

2058 1783 2127 1854 ἢν
2173 1784 2684 1857 ἐχειροτονήθησαν,
2751 1787 2847 1839 καὶ
2895 1787 2988 1840 τὸν
3044 1786 3227 1838 ἐκεῖσε
3275 1785 3357 1855 τῷ
3393 1783 3515 1836 τότε
3549 1782 3655 1853 ἄρ-

2065 1893 2250 1945 χοντα.

2658 1970 2900 2023 ΚᾹΝΩΝ
2940 1969 3054 2037 AI".

2066 2061 2202 2129 Περὶ
2242 2059 2336 2113 τοῦ
2370 2061 2500 2125 τοὺς
2540 2061 2643 2114 κᾶν
2689 2061 2837 2124 ἅπαξ
2874 2060 2932 2113 ἐν
2981 2063 3047 2131 τῇ
3086 2056 3353 2132 ἐκκλησίᾳ
3383 2060 3657 2126 ἀναγνόν-

2144 2170 2162 2202 t
2198 2160 2298 2214 τας
2332 2136 2426 2221 ’μὴ
2458 2150 2715 2204 δᾶνασθαι
2777 2148 2882 2202 ὑπὸ
2939 2149 3115 2202 ἄλλων
3174 2147 3652 2220 προχειρίζεσθαι.

2140 2262 2160 2295 ι
2199 2243 2436 2312 Ὁμοίως
2482 2245 2698 2314 ἤρεσεν,
2740 2242 2828 2296 ἶνα
2860 2243 3011 2306 ὅστις
3039 2241 3239 2313 δήποτε
3273 2244 3332 2296 ἐν
3354 2241 3657 2312 ἐκκλησίᾳ,

2144 2346 2162 2388 t
2199 2336 2299 2389 κᾶν
2333 2335 2480 2402 ἅπαξ
2531 2335 2773 2406 ἀναγνῷ,
2819 2335 2915 2389 ἀπ’
2958 2334 3128 2403 ἄλλης
3162 2333 3465 2404 ἐκκλησίας
3510 2335 3661 2407 πρδς

2140 2448 2158 2480 ι
2193 2428 2470 2499 κλήρωσιν
2496 2427 2572 2498 μὴ
2599 2427 3047 2497 κατέχηται.Καὶ
3071 2425 3401 2496 ὑπέγραψαν
3418 2439 3434 2455 ·
3473 2424 3664 2494 Αὐρή-

2137 2540 2156 2572 ι
2192 2521 2306 2583 λιος
2344 2519 2646 2598 irrigatum;
2672 2519 2771 2589 τῆς
2801 2519 2858 2572 ἐν
2899 2517 3212 2589 Καρχηδόνι
3243 2517 3545 2589 ἐκκλησίας
3572 2518 3659 2588 τῷ

2137 2624 2157 2664 ι’
2198 2614 2427 2683 παρόντι
2457 2611 2774 2681 ψηφίσματι
2802 2609 3095 2681 συνῄνεσα,
3127 2609 3222 2664 καὶ
3247 2604 3661 2678 ἀναγνωσθέντι

2138 2724 2156 2750 ι
2192 2702 2508 2772 ὑπέγραψα.
2550 2698 2789 2771 Ὁμοίως
2819 2702 2914 2754 καὶ
2938 2701 2990 2753 οἱ
3023 2699 3202 2754 λοιποὶ
3230 2698 3529 2753 ἐπίσκοποι
3550 2699 3658 2753 ὐπ-

2150 2810 2168 2843 ι
2208 2791 2477 2861 ἐγραψαν.
2524 2809 2542 2841 ι

2144 2885 2342 2939 ΒΑΛΣ.
2376 2883 2534 2945 Τινὲς
2572 2883 2670 2953 μὲν
2716 2882 2938 2951 λέγουσι
2971 2881 3103 2954 περὶ
3145 2880 3241 2935 τοῦ
3276 2881 3501 2946 κανόνος
3530 2883 3659 2937 τοῦς

2071 2994 2165 3029 του
2189 2976 2272 3030 ὃτι
2304 2974 2557 3045 βούλεται
2579 2974 2671 3028 τδν
2699 2973 3085 3041 καταταγέντα
3141 2971 3410 3044 κληρικδν
3437 2973 3516 3037 εἰς
3558 2974 3657 3026 ἐκ·

2075 3068 2306 3137 κλησίαν
2366 3068 2441 3138 μὴ
2497 3066 2751 3151 δέχεσδαι
2827 3066 2962 3137 μηδὲ
3037 3063 3467 3136 χειροτονεῖσθαι
3525 3063 3661 3136 παρ’

1995 3194 2038 3251 c
2075 3161 2264 3231 ἐτέρου
2293 3160 2618 3219 ἐπισκόπου.
2664 3160 2773 3213 κᾶν
2802 3159 2947 3225 ams
2972 3158 3184 3227 ἀνέγνω
3213 3160 3294 3222 εἰς
3326 3155 3396 3229 ἣν
3420 3158 3660 3212 κατετά-

2071 3266 2142 3322 γη
2174 3253 2489 3324 ἐκκλησίαν.
2546 3251 2918 3323 Προεδάλοντο
2970 3250 3080 3321 γάρ
3125 3254 3296 3315 τινες,
3342 3250 3422 3313 ὡς
3451 3249 3663 3303 δικαιοο

2074 3346 2311 3416 λόγημα,
2360 3345 2422 3399 τὸ
2457 3344 2534 3416 μὴ
2581 3344 2897 3413 λογίζεσθαι
2927 3343 3191 3413 κληρικδν
3222 3342 3524 3413 ἐκκλησίας
3566 3343 3665 3398 τὸν

2075 3438 2223 3503 ἅπαξ
2257 3440 2315 3492 ἐν
2347 3437 2483 3508 αὐτῇ
2515 3437 2842 3506 ἀναγνόντα.
2868 3436 3087 3506 Ἕτερος.
3112 3436 3169 3489 δέ
3198 3435 3454 3504 λέγωσιν
3485 3435 3570 3489 δτι
3597 3437 3662 3490 τὸ

2072 3531 2314 3585 τοιοῦτον
2335 3530 2732 3601 δικαιολόγημα
2763 3528 2961 3598 σαθρόν
2986 3529 3156 3583 ἐστιν.
3180 3528 3322 3582 Ἀπὸ
3353 3528 3519 3599 μόνου
3544 3528 3658 3601 γὰρ

2074 3623 2169 3676 τοῦ
2221 3623 2597 3692 καταταγῆναι
2663 3622 2758 3675 καὶ
2819 3603 3245 3692 ’σφραγισθῆναι
3278 3620 3548 3692 κληρικύς
3573 3638 3663 3687 τις

2076 3714 2304 3782 γίνεται,
2335 3713 2437 3767 κᾶν
2457 3712 2545 3766 ἐπ’
2571 3711 2871 3782 ἐκκλησίας
2917 3711 3018 3765 οὐκ
3046 3709 3287 3781 ἀναγνῷ.
3332 3711 3444 3765 Καὶ
3475 3711 3660 3781 ἑρμη-

2076 3806 2294 3861 νεύουσι
2330 3805 2423 3859 τὸν
2456 3804 2658 3859 κανόνα
2705 3805 2786 3867 εἰς
2825 3801 2953 3864 τοὺς
2976 3800 3307 3871 δεξαμένους
3340 3802 3512 3872 μόνην
3542 3803 3673 3855 ἐπε-

2077 3898 2302 3969 κουρίδα
2341 3899 2497 3967 παρὰ
2554 3897 2878 3968 ἀρχιερέως,
2912 3895 3008 3949 καὶ
3061 3893 3206 3948 κατὰ
3236 3894 3337 3965 τὴν
3367 3894 3665 3963 συνήθειαν

2078 3993 2354 4054 εἰπόντας,
2382 3988 2456 4053 ὡς
2493 3989 2553 4041 ἐν
2582 3987 2713 4041 εῖδει
2734 3986 3180 4055 ἀναγνὼσματος,
3204 3985 3303 4055 τὴν
3332 3983 3468 4055 πρὸς
3499 3984 3697 4054 Τιμό-’

2079 4078 2201 4133 θεον
2253 4076 2621 4148 ἀποστολικὴν
2666 4075 2981 4147 ἐπιστολὴν,
3027 4076 3200 4145 ἤγουν
3246 4074 3311 4127 τὸ
3338 4114 3353 4139 ,
3410 4073 3667 4140 Τέκνον,

2086 4169 2343 4239 Τιμόθεε,
2373 4169 2531 4238 νῆφε
2560 4170 2629 4223 ἐν
2674 4168 2827 4225 πᾶσι
2853 4182 2869 4200 ⁸
2897 4170 2988 4222 καὶ
3015 4168 3230 4236 λέγουσι
3263 4166 3403 4238 μηδέ
3432 4166 3662 4229 τούτους

2079 4262 2338 4316 δύνασθαι
2383 4262 2492 4317 ἀπὸ
2523 4261 2623 4316 τοῦ
2678 4262 2946 4333 παρόντος
2975 4262 3198 4324 κανόνος
3239 4262 3309 4314 ἐκ
3351 4260 3449 4330 τῆς
3482 4259 3671 4330 χειρὸς

2081 4353 2181 4407 τοῦ
2231 4356 2632 4424 σφραγίσαντος
2698 4353 2895 4417 αὐτοὺς
2939 4354 3030 4407 διὰ
3090 4353 3258 4424 μόνης
3315 4353 3671 4424 ἐτῖικουρίδος

2083 4447 2387 4500 ἐπισκόπου
2427 4445 2797 4515 μεταπίπτειν
2823 4446 2994 4517 χωρὶς
3021 4445 3249 4516 γνώμης
3298 4444 3541 4507 ἐκείνου.
3570 4447 3671 4500 καὶ

393 4544 544 4600 enim
578 4559 683 4598 non
714 4551 842 4621 sunt
874 4541 927 4597 in
960 4540 1170 4598 elerum
1199 4537 1462 4603 ordinati,
1514 4537 1609 4591 sed
1644 4545 1825 4590 tamen
1863 4536 1968 4606 epi-

2090 4540 2161 4603 είς
2208 4539 2405 4610 ἑτέραν
2459 4536 2760 4607 ἐκκλησίαν
2807 4536 3181 4607 μεταδαξνειν.
3243 4535 3364 4589 Κᾶν
3408 4536 3517 4606 γὰρ
3565 4535 3673 4589 οὐκ

396 4636 673 4707 scopalem
712 4645 992 4690 tonsuram
1051 4638 1440 4701 susceperunt,
1492 4638 1548 4683 et
1601 4629 1981 4684 existimantur

401 4745 523 4784 esse
555 4745 682 4799 pars
708 4727 955 4783 ecclesia:
985 4724 1131 4795 ejus,
1166 4724 1257 4793 qui
1298 4723 1406 4777 illis
1440 4737 1634 4776 manus
1688 4721 1973 4792 imposuit.

402 4820 469 4877 Et
500 4821 534 4875 ii
566 4821 821 4875 videntur
871 4818 1003 4873 mihi
1055 4828 1320 4873 canonum
1375 4815 1683 4870 accuratius
1717 4814 1984 4884 interpre-

400 4915 523 4971 lari,

473 5093 729 5149 ZONAB.
776 5094 1208 5149 Innumerabiles
1235 5098 1453 5145 exstant
1502 5103 1738 5146 canones
1790 5090 1988 5159 quibus

404 5188 592 5242 clerici
644 5203 777 5243 suas
824 5186 1088 5243 ecclesias
1135 5188 1463 5254 relinquere,
1516 5195 1572 5240 et
1625 5186 1691 5240 ad
1740 5185 1877 5241 alias
1926 5198 1986 5240 se

405 5280 660 5335 conferre
689 5280 1066 5350 prohibentur.
1098 5279 1245 5336 Idem
1305 5281 1391 5335 hic
1421 5292 1638 5348 quoque
1669 5292 1841 5331 canon
1875 5292 1985 5332 non

408 5370 527 5424 sine
574 5370 756 5441 aliquo
805 5371 969 5427 etiam
1015 5372 1284 5436 auetario.
1340 5372 1606 5427 decernit.
1663 5371 1985 5426 Auctarium

409 5474 542 5515 vero
569 5460 698 5517 illud
727 5471 832 5525 est,
866 5470 926 5517 ut
954 5462 1000 5519 si
1058 5463 1142 5518 vel
1185 5462 1353 5519 semel
1409 5470 1619 5517 tantum
1658 5462 1710 5515 in
1757 5461 1986 5517 ecclesia

411 5553 596 5622 aliqua
633 5553 928 5624 quispiam,
961 5556 1113 5625 quasi
1145 5556 1261 5627 ejus
1288 5555 1435 5611 clero
1483 5554 1778 5623 ascriptus,
1840 5555 1989 5625 lege-

2081 4630 2325 4701 ἔφθασαν
2370 4627 2751 4699 καταταγῆναι
2781 4629 2862 4692 είς
2889 4627 3118 4699 κλῆρον,
3168 4627 3284 4681 ἀλλ’
3308 4628 3457 4697 ὅμως
3490 4643 3674 4697 σφρα-

2082 4727 2206 4795 γῖδα
2240 4723 2608 4795 ἐπισκοπικὴν
2669 4722 2945 4787 ἐδέξαντο,
2991 4723 3087 4776 καὶ
3137 4720 3452 4789 λογίζονται
3515 4719 3663 4791 μέρη

2085 4821 2185 4888 τῆς
2208 4816 2507 4884 ἐκκλησίας
2532 4816 2625 4868 τοῦ
2649 4815 2934 4885 χειροθετή
2945 4819 3139 4876 σαντος
3188 4811 3406 4876 αὐτούς.
3438 4811 3549 4865 Καὶ
3574 4811 3669 4863 δοσ-

2088 4902 2247 4957 κοῦσί
2274 4919 2365 4971 μοι
2395 4900 2598 4972 μᾶλλον
2620 4896 2766 4956 οὗτοι
2808 4901 3204 4973 ἀκριϐέστερον
3223 4900 3316 4953 τὸν
3346 4898 3547 4953 κανόνα
3578 4898 3674 4969 ἐρ-

2091 4993 2349 5066 μηνεύειν

2163 5087 2408 5142 ΖΩΝΛΡ.
2437 5087 2641 5158 Μυρίοι
2672 5086 2893 5149 κανόνες
2924 5083 3086 5150 εἰσιν,
3119 5085 3168 5137 ol
3218 5082 3523 5147 κωλύοντες
3543 5081 3675 5148 τοὺς

2090 5182 2390 5254 κληρικοὺς
2451 5180 2527 5252 μὴ
2575 5178 3017 5249 καταλιμπάνειν
3072 5176 3171 5240 τὰς
3225 5176 3434 5241 οίκείας
3467 5174 3674 5245 ἐκκλη-

2091 5275 2235 5337 σίας,
2268 5272 2363 5326 καὶ
2419 5270 2824 5342 προσέρχεσθαι
2884 5267 3093 5332 ἄλλαις.
3149 5266 3326 5321 Τοῦτο
3374 5265 3468 5321 οὖν
3512 5267 3607 5320 καὶ
3645 5267 3676 5320 δ

2092 5364 2283 5436 παρὼν
2341 5363 2522 5417 κανὼν
2554 5363 2694 5431 μετὰ
2731 5360 3055 5433 προσθήκης
3096 5360 3297 5432 δρίξει.·
3334 5358 3401 5413 Ἦ
3424 5359 3483 5413 δὲ
3507 5374 3679 5429 προσ-

2096 5459 2240 5528 θήκη
2278 5456 2396 5510 ἐστὶ
2439 5458 2523 5523 ab,
2564 5453 2669 5509 κᾶν
2718 5452 2873 5518 ἅπαξ
2908 5451 3124 5522 ἀνέγνω
3174 5454 3234 5506 ἐν
3266 5450 3556 5523 ἐκκλησίᾳ,
3597 5449 3675 5515 ὡς

2098 5553 2275 5605 ἐκεῖσε
2304 5549 2637 5616 καταταγεὶς
2658 5587 2673 5609 ,
2731 5545 2808 5618 μὴ
2864 5543 3272 5616 παραδέχεσθαι
3301 5542 3435 5615 παρ’
3478 5542 3677 5612 ἐτέρας

415 5646 511 5713 rit,
539 5646 595 5701 in
624 5647 728 5701 alia
755 5661 825 5703 ne
856 5647 1199 5703 admittatur.
1254 5647 1521 5705 Videntur
1549 5646 1694 5706 enim
1748 5646 1968 5704 nonnull

2099 5640 2421 5715 ἐκκλησίας.
2457 5640 2640 5696 Ἔοικε
2662 5638 2770 5711 γὰρ
2798 5638 2883 5693 ὅτι
2912 5635 3312 5708 προεϐάλλοντο
3338 5633 3502 5691 τοῦτό
3527 5650 3676 5700 τινες

525 5824 571 5859 ⁸⁸
604 5823 648 5879 ll
669 5824 811 5881 Tim.
838 5842 916 5895 Ix,
943 5825 1021 5897 5..
