3976 6418
475 349 582 414 3i9
1736 365 2012 429 THEOD.
2045 367 2448 432 BALSAMON

3624 418 3633 431 '
3658 420 3691 435 ﬁ

481 483 499 515 ι
533 470 749 523 t-‘entur.
796 466 873 523 De
902 467 1167 526 Numidiae
1222 472 1494 542 episcopis
1539 476 1747 544 Alipius
1783 477 2047 537 Nizmidiae

2228 502 2245 533 ι
2285 484 2523 550 γένοντο,
2563 485 2822 555 ἢδηλαδὴ
2864 485 2964 555 τῆς
3017 484 3418 555 Τριπολιτανῆς
3456 486 3660 556 χώρας,
3698 490 3736 558 ἦ

484 577 497 603 ι
533 558 784 617 Ecclesiae
830 564 1118 635 episcopus
1173 567 1304 623 dixit
1334 587 1347 622 :
1384 568 1493 623 Nos
1522 570 1735 637 quidem
1762 587 1827 626 ex
1865 571 2055 626 Nuntio

481 668 498 697 ι
533 653 616 704 dia
652 655 917 721 venimus,
949 674 1049 729 ego
1075 668 1129 713 et
1153 661 1444 715 santissimi
1479 663 1695 728 fratres,
1720 667 2052 733 Augusﬁnus

481 751 587 797 ret
612 743 893 802 Posidius:
929 752 1023 803 sed
1053 762 1106 805 et
1126 751 1282 822 legati
1314 770 1344 807 e
1373 751 1619 808 Numidia
1651 756 1786 809 mitti
1819 771 1921 810 non
1955 772 2053 826 po-

482 853 501 885 ι
534 843 702 901 tuere,
739 841 880 906 quod
912 844 1175 898 matimos
1206 854 1453 914 tyronum
1503 849 1761 901 tumultus
1788 849 2049 919 episcopi,

485 946 502 977 ι
540 932 769 995 propriis
818 936 1235 991 necessitatibus
1287 940 1338 991 in
1373 939 1486 993 suis
1530 940 1844 996 civitatibus
1892 942 2055 1009 impe-

482 1039 501 1071 r
532 1022 650 1088 diti,
680 1038 943 1093 occupare
975 1030 1374 1095 praestolmuur.
1420 1031 1554 1087 Nam
1601 1043 1652 1086 et
1682 1044 1875 1089 vestrae
1921 1050 2051 1090 san-

481 1131 499 1162 a
529 1116 687 1168 ctatis
733 1119 1039 1187 synodalem
1073 1122 1419 1177 sanctissimo
1450 1126 1564 1178 seni
1600 1126 1870 1196 Xantippo
1899 1138 2051 1196 post-

480 1223 498 1253 ε
532 1221 691 1274 quam
725 1209 915 1274 detuli,
947 1214 1135 1267 statuit
1178 1230 1276 1282 pro
1310 1218 1560 1281 pra'seuti
1595 1221 1893 1285 quaestione
1920 1238 2050 1292 syn-

482 1316 500 1349 ι
532 1300 693 1353 odum
751 1300 1015 1367 indicere,
1050 1314 1105 1359 tit
1160 1309 1315 1372 plena
1379 1308 1575 1377 legatio
1636 1311 1943 1364 mitteretur
1979 1314 2049 1365 ad

480 1407 498 1438 ο
532 1389 668 1443 banc
697 1393 994 1461 synodum:
1025 1397 1118 1449 srd
1150 1412 1270 1450 cum
1298 1414 1395 1466 ego
1424 1399 1566 1452 binis
1592 1401 1639 1453 ei
1674 1401 1870 1455 litteris
1904 1403 1955 1455 id
1994 1405 2046 1456 in

479 1502 493 1528 ι
526 1485 842 1537 memoriam
897 1501 1262 1551 revocassem,
1334 1494 1610 1559 respondit
1659 1510 1755 1563 per
1804 1497 2049 1565 proprias

479 1572 736 1630 «litteras
785 1576 852 1631 de
900 1578 1282 1648 impedimento
1336 1581 1633 1665 Tyronum,
1666 1598 1720 1639 ut
1756 1588 1887 1642 dixi.
1939 1588 2049 1643 Au-

479 1683 496 1715 ‹
531 1667 695 1722 relius
734 1670 1022 1739 episcopos
1068 1673 1244 1729 dixit:
1312 1675 1427 1731 Non
1479 1687 1562 1733 est
1618 1680 1862 1747 dubium,
1916 1684 2045 1751 quin

479 1774 497 1805 ‹
530 1758 765 1823 prmdicti
799 1758 997 1818 fratres
1027 1771 1083 1818 et
1133 1766 1438 1835 coepiscopi
1485 1769 1651 1823 nostri
1682 1786 1749 1824 ex
1799 1769 2047 1827 Numidia

479 1866 495 1896 ι
533 1851 750 1916 quando
798 1852 986 1922 synodi
1045 1864 1165 1911 acta
1220 1861 1554 1927 acceperint,
1611 1863 1798 1915 statim
1833 1879 2049 1933 quoque

477 1959 495 1991 ι
528 1944 779 2011 proprios
810 1960 1108 2003 consensus
1141 1948 1481 2017 praebebunt,
1518 1960 1573 2006 et
1604 1955 1669 2008 ad
1701 1954 1858 2009 linem
1889 1958 2050 2011 redu-

476 2048 493 2078 ι
527 2045 652 2086 cere
692 2034 1006 2102 studebant,
1060 2052 1396 2108 qiitecunque
1439 2041 1761 2110 placuerint.
1816 2043 2051 2099 Necesse

475 2144 490 2173 ι
525 2134 604 2179 est
637 2140 768 2194 ergo
829 2128 986 2197 bujus
1032 2131 1177 2185 sedis
1230 2131 1592 2189 sollicitudine
1639 2136 1933 2204 provideri,
1993 2147 2051 2191 ut

473 2231 492 2261 ι
528 2213 629 2268 boc
660 2217 934 2284 praedictis
986 2219 1081 2273 ﬁat
1110 2222 1480 2278 manifestum.
1538 2225 1615 2279 De
1661 2225 1921 2280 fratribus
1953 2243 2048 2282 no-

474 2325 490 2356 ι
528 2307 658 2361 stris
683 2322 747 2362 ex
780 2307 983 2378 Tripoli
1016 2326 1348 2381 cognoscere
1376 2318 1549 2383 potui.
1584 2319 1724 2386 quod
1754 2318 2044 2375 Dulcitium

475 2416 491 2446 ι
531 2397 752 2453 fratrem
784 2410 1030 2456 nostrum
1065 2405 1332 2460 miserunt
1366 2407 1624 2475 legatum.
1677 2410 1781 2464 Sed
1832 2414 1954 2480 quia
1993 2429 2051 2468 se

477 2510 494 2540 σ
524 2492 723 2549 sistere
775 2511 880 2551 non
933 2484 1125 2566 potuit,
1162 2499 1380 2568 quidam
1439 2517 1504 2556 ex
1552 2503 1752 2558 nostris
1801 2504 1921 2560 ﬁliis
1950 2507 2051 2561 boc

477 2582 877 2653 eamrmarunt,
932 2590 1022 2657 qui
1080 2606 1147 2645 ex
1193 2591 1447 2660 prmdicta
1496 2594 1715 2664 regione
1766 2606 2048 2661 venerant,

477 2694 493 2725 ι
521 2677 662 2745 quod
694 2681 984 2750 praedictus
1018 2681 1283 2740 Dulcitius
1312 2701 1504 2741 navem
1538 2687 1814 2757 ingressus
1848 2700 1966 2753 est;
1996 2700 2052 2745 et

475 2788 493 2820 ι
529 2771 854 2829 credendum
885 2783 973 2831 est
1004 2776 1237 2847 aliquam
1287 2779 1336 2833 ei
1371 2795 1577 2834 moram
1614 2796 1680 2836 ex
1730 2790 2051 2851 tempestate

475 2882 492 2912 ι
523 2864 793 2931 evenisse,
825 2883 946 2936 quae
980 2871 1125 2937 cogit
1152 2886 1276 2925 eum
1329 2871 1540 2927 tardius
1591 2874 1818 2928 venire:
1870 2882 2047 2928 tamen

474 2973 493 3006 ι
527 2956 591 3012 de
623 2973 689 3013 eo
714 2974 953 3029 quoque,
978 2963 1022 3016 si
1055 2973 1247 3017 vestrae
1275 2964 1556 3021 dilectioni
1590 2965 1824 3035 placeat,
1858 2965 2046 3021 eadem

479 3066 498 3096 ι
536 3046 708 3103 forma
737 3061 1007 3117 servetur,
1041 3062 1099 3108 ut
1129 3070 1251 3124 quae
1303 3057 1509 3125 synodo
1559 3058 1672 3112 visa
1729 3058 1931 3112 fuerint
1978 3055 2045 3111 ad

476 3160 494 3187 σ
530 3156 626 3196 eos
661 3142 968 3200 mittantur.
1003 3146 1083 3199 Ab
1113 3150 1365 3201 omnibus
1397 3149 1668 3217 episcopis
1698 3150 1897 3203 dictum
1928 3160 2043 3205 est:
2074 3151 2118 3208 C

477 3250 494 3283 ι
532 3231 663 3299 Quae
688 3249 716 3289 a
750 3243 838 3290 tua
871 3239 1159 3292 sanctitate
1207 3239 1430 3294 deﬁnita
1480 3249 1606 3295 sunt
1658 3242 1907 3298 omnibus
1938 3240 2053 3310 pla-

474 3343 492 3371 α
530 3335 671 3379 cent.
707 3344 725 3379 ι

473 3434 494 3465 ι
535 3417 629 3472 καὶ
706 3421 787 3483 είς
857 3421 1028 3491 πέρας
1105 3422 1336 3493 ἀγαγεῖν
1408 3423 1822 3492 σπουδάσουσιν,
1885 3423 2185 3491 δσαδήποτε
2256 3422 2565 3492 ἁρέσουσιν.

2232 594 2250 625 ε
2289 578 2384 644 τῆς
2437 578 2813 648 Καισαριανῆς
2864 578 3264 648 Μαυριτανίας.
3314 580 3450 650 Περὶ
3490 579 3600 633 τῶν
3630 583 3741 647 τῆς

2233 687 2249 717 ι
2288 669 2663 738 Μαυριτανίας
2697 672 3018 739 Σιτιφὲνσης
3062 670 3381 725 ἐπισκόπων
3434 673 3741 735 Λουκιανὸς

2233 780 2249 806 ι
2294 758 2385 809 καὶ
2477 758 2737 822 mem;
2811 759 3099 814 ἐπίσκοποι
3192 762 3567 832 τοποτηρηταὶ
3631 765 3737 832 τῆς,

2232 869 2248 900 ι
2283 852 2656 920 Μαυριτανίας
2688 852 3007 923 Σιτιφὲνσης
3038 851 3222 923 χώρας
3250 849 3406 907 εἷπον
3435 872 3446 883 ·
3485 854 3741 924 Βραδέως
3770 914 3779 917 _

2226 962 2244 991 ι
2285 945 2418 1011 πρδς
2469 944 2593 1007 τοὺς
2620 944 2720 1013 τῆς
2767 947 3146 1015 Καισαριανῆς
3177 945 3438 1014 ἀδελφοὺς
3492 946 3649 1015 ήμῶν
3701 947 3740 1017 ὴ

2232 1055 2248 1086 ι
2288 1037 2532 1105 συνοδικὴ
2558 1032 2717 1108 ἦλθεν
2739 1053 2756 1071 ο
2781 1037 2902 1090 ἐπεὶ
2925 1038 3161 1092 κάκεῖνοι
3195 1036 3384 1091 λοιπδν
3416 1034 3558 1109 εἶχον
3590 1038 3742 1106 φθά-

2231 1147 2247 1176 ‹
2294 1144 2404 1187 σαι,
2437 1130 2588 1194 ὅμως
2624 1130 2839 1192 πάντως
2895 1128 3246 1183 ἐλεύσονται·
3282 1128 3378 1183 καὶ
3420 1128 3745 1199 θαρῥοῦμεν

2230 1239 2247 1268 ι
2286 1222 2413 1290 περὶ
2443 1221 2550 1273 τῶν
2578 1220 2764 1291 ψυχῶν
2793 1220 2993 1285 αὐτῶν,
3018 1221 3118 1287 ὅτι,
3142 1220 3197 1273 εἴ
3219 1237 3270 1273 τι
3292 1220 3492 1290 δήποτε
3518 1223 3573 1275 ἐν
3607 1221 3747 1273 ταύ-

2228 1334 2244 1364 ι
2282 1330 2349 1385 τῃ
2379 1317 2444 1386 τῇ
2482 1315 2685 1382 συνόδῳ
2710 1313 3110 1384 πραχθήσεται,
3168 1315 3264 1366 καὶ
3306 1312 3461 1367 αὐτοὶ
3490 1313 3744 1382 ἀναμφι-

2228 1426 2246 1459 r
2285 1408 2453 1461 δόλως
2480 1408 2582 1470 τὰς
2616 1407 2748 1468 ίδῖας
2777 1406 3108 1469 συναινέσεις
3140 1405 3449 1475 παρέξοιεν.
3472 1407 3603 1474 Περὶ
3626 1406 3745 1458 τῶν

2225 1515 2242 1546 ι
2274 1497 2372 1563 τῆς
2396 1497 2707 1565 Νουμηδίας
2764 1494 3081 1549 ἐπισκόπων
3123 1495 3377 1559 ’Λλύπιος
3434 1497 3744 1559 ἐπίσκοπος

2227 1607 2246 1638 ι
2280 1588 2379 1657 τῆς
2440 1588 2735 1657 ἐκκλησίας
2777 1588 3092 1658 Νουμηδίας
3138 1582 3333 1641 εἶπεν
3384 1588 3576 1657 Ἡμεῖς
3636 1589 3755 1657 μὲν

2228 1699 2245 1730 ι
2280 1680 2387 1733 ἀπὸ
2409 1680 2508 1748 τῆς
2535 1681 2847 1750 Νουμηδίας
2878 1679 3133 1750 ἤλθομεν,
3160 1679 3270 1747 ἐγώ
3296 1696 3355 1733 τε
3377 1680 3470 1733 καὶ
3488 1681 3537 1732 οί
3560 1681 3745 1748 ἀγεώ-

2228 1789 2246 1823 ι
2283 1789 2431 1825 τατοι
2456 1772 2675 1839 ἀδελφοὶ
2709 1772 3071 1838 Αὑγουστῖνος
3090 1771 3185 1824 καὶ
3208 1770 3481 1835 Ποσείδιος
3499 1787 3514 1803 ο
3545 1772 3664 1824 ἀλλ’
3689 1773 3744 1825 οἱ

2227 1882 2245 1914 ι
2275 1863 2383 1917 ἀπὸ
2408 1864 2505 1931 τῆς
2536 1864 2705 1931 αὐτῆς
2729 1863 3049 1933 Νουμηδίας
3084 1864 3452 1931 τοποτηρηταὶ
3472 1862 3745 1932 πεμφθῆ-

2229 1974 2248 2005 ι
2286 1973 2371 2008 ναι
2403 1955 2504 2008 οὐκ
2550 1956 2833 2025 ἠδύναντο,
2862 1956 2944 2009 ὅτι
2982 1956 3167 2025 ἀκμὴν
3198 1954 3309 2017 τῷν
3335 1954 3613 2025 θορούϐων
3632 1957 3744 2011 τοῦ

2227 2066 2245 2096 r
2282 2047 2607 2114 Τυρωνάτου
2638 2050 2685 2099 οἱ
2714 2046 3002 2101 ἐπίσκοποι
3038 2047 3198 2111 ἰδίαις
3229 2046 3501 2114 ἀνάγκαις
3528 2049 3588 2099 ἐν
3612 2050 3749 2113 ταῖς

2226 2157 2245 2181 ι
2287 2139 2504 2191 πόλεσιν
2560 2137 2740 2191 αὐτῶν
2790 2137 3230 2204 ἀπασχολοῢνται
3270 2135 3742 2206 ἐμποδιζόμενοιζο

2230 2250 2247 2280 ι
2282 2232 2406 2283 ἐπεὶ
2458 2232 2550 2283 καὶ
2584 2231 2685 2298 τήν
2733 2228 3014 2298 συνοδικὴν
3060 2229 3160 2296 τῆς
3188 2226 3461 2296 ὑμετέρας
3488 2227 3747 2294 ἁγιωσύ·

2223 2341 2241 2373 ι
2278 2339 2376 2392 νης
2428 2320 2505 2393 τῷ
2544 2320 2831 2390 ἁγιωτάτῳ
2877 2320 3093 2393 γέροντι
3133 2318 3430 2388 Ξανθίππῳ
3479 2318 3554 2381 ὡς
3605 2319 3748 2389 ἁνή-

2220 2433 2238 2465 ι
2283 2429 2492 2481 γαγον,
2546 2412 2750 2465 συνεῖδε
2790 2411 2919 2482 περὶ
2972 2413 3071 2481 τῆς
3119 2408 3399 2481 παρούσης
3450 2409 3748 2479 ζητήσεως

2222 2523 2241 2555 ι
2278 2504 2493 2557 σύνοδον
2523 2500 3001 2572 καταμηνυθῆναι,
3036 2501 3185 2564 ὅπως
3209 2501 3616 2571 καταρτηθεῖσα
3647 2519 3759 2554 τοι

2229 2615 2249 2648 ι
2294 2596 2601 2665 ποτηρησία
2646 2593 2782 2665 πρὸς
2810 2592 3017 2662 ταύτην
3043 2592 3321 2663 ἀποστολῇ
3358 2593 3454 2661 τὴν
3478 2592 3707 2645 σύνοδον
3727 2610 3742 2624 ·

2231 2705 2251 2737 ι
2293 2685 2427 2739 ἀλλὰ
2446 2684 2719 2757 δευτέροις
2746 2683 3070 2754 γράμμασιν
3115 2683 3251 2756 ἐμοῦ
3285 2683 3377 2736 τὸν
3408 2683 3570 2737 αὐτὸν
3604 2684 3755 2738 dva-

2229 2797 2247 2828 ι
2289 2778 2596 2847 μνήσαντος
2652 2776 3037 2857 ἀπελογήσατο
3082 2774 3151 2828 δι’
3184 2775 3401 2828 οἰκείων
3464 2777 3745 2844 γραμμά-

2231 2888 2249 2920 ι
2284 2887 2391 2924 των
2415 2884 2430 2898 ’
2487 2870 2615 2936 περ)⁸
2668 2866 2762 2922 τοῦ
2804 2866 2913 2920 ἀπὸ
2937 2865 3034 2920 τοῦ
3062 2864 3335 2935 Τυρώνων
3361 2866 3742 2935 ἐμποδισμοῦ,

2228 2978 2244 3010 ι
2282 2960 2355 3021 ὡς
2385 2958 2644 3030 ἀνωτέρω
2673 2952 2845 3011 εἶπον.
2878 2956 3148 3025 Αὐρήλιος
3178 2953 3477 3016 ἐπίσκοπος
3532 2949 3696 3006 εἷπεν
3722 2970 3743 2985 ’

2224 3071 2245 3104 ι
2284 3053 2397 3106 Οὐκ
2425 3052 2572 3106 ἔστιν
2605 3050 2907 3120 ἀμφίϐολον
2935 3050 3016 3102 ὅτι
3060 3049 3108 3101 ol
3136 3045 3527 3118 προλεχθέντες
3581 3046 3746 3100 ἀδελ-

2229 3166 2246 3196 (
2286 3146 2375 3213 φοὶ
2411 3144 2506 3197 καὶ
2555 3142 2945 3196 συνεπίσκοποι
2973 3140 3151 3212 ήμῶν,
3181 3140 3230 3193 οἱ
3284 3140 3348 3192 ἐκ
3375 3138 3474 3207 τῆς
3506 3139 3743 3210 Νουμηο

2235 3257 2252 3290 ι
2289 3239 2426 3303 δίας,
2458 3239 2547 3291 ὅτε
2573 3236 2640 3290 τὰ
2675 3235 3039 3305 πεπραγμένα
3072 3234 3171 3301 τῆς
3224 3232 3441 3287 συνόδου
3472 3230 3742 3296 λάϐωσιν,

2234 3350 2252 3383 r
2288 3330 2489 3392 εὐθέως
2540 3329 2637 3382 καὶ
2683 3328 2777 3389 τὰς
2813 3326 2948 3389 ἰδίας
2984 3326 3310 3396 παρέξουσιν
3364 3322 3737 3389 συναινέσεις,

2650 3418 2884 3487 Ἀνάγκη
2964 3416 3144 3470 τοίνυν
3217 3417 3333 3470 ἐστὶ
3396 3418 3462 3485 τῇ
3566 3430 3745 3483 φρονο

477 3529 495 3560 ι
531 3510 638 3565 τιδι
703 3513 805 3581 τῆς
892 3514 1162 3585 καθέδρας
1226 3518 1429 3587 ταύτης
1511 3518 1873 3588 προνοηθῆναι
1925 3518 2083 3571 τοῦτο
2149 3515 2281 3569 αὐτὸ
2373 3516 2483 3577 τοῖς
2579 3512 2956 3582 προλεχθεῖσιν
3041 3510 3283 3583 ἐμφανὲς
3369 3510 3741 3578 καταστῆναιν

474 3622 495 3654 ε
536 3603 660 3673 περί
684 3606 792 3658 τῶν
838 3606 944 3659 ἀπὸ
1015 3609 1331 3677 Τριπὸλεως
1381 3610 1629 3679 ἀδελφῶν
1693 3611 1851 3681 ἡμῶν
1897 3609 2055 3663 τοῦτο
2107 3607 2380 3679 ἠδυνήθην
2438 3605 2663 3674 γνῶναι,
2726 3605 2808 3657 ὅτι
2897 3602 3207 3656 Δουλκίτιον
3258 3601 3484 3669 ἀδελφὺν

1377 3704 1520 3756 ’Δλλ’
1588 3705 1777 3775 ἐπειδὴ
1842 3704 2158 3774 ἀπαντῆσαι
2213 3703 2314 3757 οὐκ
2379 3700 2643 3771 ἠδυνήθη,
2705 3697 2862 3752 τοῦτό
2930 3715 3078 3761 τινες
3132 3696 3243 3752 τῶν
3297 3697 3503 3751 τέκνων
3577 3698 3741 3767 ήμῶν

471 3717 494 3750 ε
533 3698 861 3752 ἀπέστειλαν
892 3705 1295 3772 τοποτηρητήν.

3567 3602 3733 3668 ἡμῶν

362 5076 367 5081 ’
470 5080 663 5150 synoJi
697 5080 914 5136 decreta
946 5080 1127 5136 omnia
1156 5080 1255 5148 ipsi
1287 5096 1501 5151 quoque
1530 5083 1900 5138 admitterent.

472 3814 495 3847 ο
530 3795 986 3851 διεδεδαιώσαντο
1057 3800 1301 3864 ἐλθόντες
1347 3804 1412 3855 ἐκ
1453 3803 1553 3872 τῆς
1612 3802 2002 3873 προλεχθείσης
2071 3800 2276 3871 χώρας,
2351 3800 2434 3852 δτι
2497 3798 2527 3850 ὁ
2586 3795 2983 3865 μνημονευθεὶς
3034 3794 3343 3883 Δουλκέτιρς
3402 3795 3482 3858 είς
3549 3795 3741 3849 πλοῖον

471 3905 493 3938 ι
530 3883 942 3957 εἰσῆλθεν·’καὶ
989 3890 1072 3944 δεῖ
1125 3893 1414 3947 πιστεῦσαί
1447 3911 1567 3948 τινα
1599 3895 1876 3966 παρολκήν
1946 3896 2009 3947 ἐκ
2069 3891 2164 3946 τοῦ
2230 3891 2500 3963 χειμῶνος
2554 3887 2704 3958 αὐτῷ
2764 3889 3063 3960 συμϐῆναι,
3127 3886 3226 3956 τὴν
3277 3889 3439 3941 αὐτὸν
3505 3888 3742 3957 ἀναγκάο

471 3995 490 4027 ι
532 3994 703 4033 σασαν
738 3980 1209 4054 βραδύναισὸμως
1277 3987 1371 4040 καὶ
1432 3988 1559 4055 περὶ
1620 3986 1834 4051 τούτου,
1903 3985 1997 4038 ἐὰν
2066 3983 2283 4055 ἀρέσκῃ
2354 3985 2420 4051 τῇ
2485 3978 2964 4049 ὑμετέρᾳὰγάπῃ,
3032 3980 3061 4032 ό
3108 3977 3271 4042 αὐτὸς
3336 3977 3507 4043 τύπος
3557 3980 3735 4048 φυλα-

471 4083 490 4116 t
521 4068 701 4140 χθείη,
737 4072 823 4125 ἵνα
865 4072 934 4126 τὰ
963 4074 1239 4143 ἀρέσαντα
1304 4078 1370 4147 τῇ
1444 4076 1645 4145 συνόδῳ
1712 4077 1848 4147 πρὸς
1912 4074 2110 4138 αὐτοὺς
2164 4071 2566 4127 ἀποσταλῶσιν.
2612 4071 2748 4124 Ἀπὸ
2775 4071 2990 4125 πάντων
3054 4068 3165 4124 τῶν
3229 4069 3544 4124 ἐπισκόπων
3615 4071 3740 4126 ἐλέ-

468 4174 490 4206 ι
529 4158 666 4226 χθη’
701 4160 783 4213 Τὰ
802 4163 1085 4231 ὁρισθέντα
1118 4165 1223 4217 ὑπὸ
1249 4167 1350 4235 τῆς
1383 4166 1481 4236 σῆς
1510 4166 1821 4232 ἁγιωσύνης
1866 4166 2034 4217 πᾶσιν
2065 4164 2310 4235 ἀρέσκει.
2348 4181 2367 4213 ι

542 4252 738 4310 BALS.
797 4254 956 4309 Multa
1007 4259 1220 4326 quidem
1254 4259 1368 4313 haec
1401 4261 1664 4328 scriptura
1702 4257 2046 4327 persequitur

2224 4256 2419 4309 ΒΑΛΣ.
2447 4255 2621 4310 Πολλά
2653 4255 2752 4325 μὲν
2781 4256 2812 4325 ἠ
2842 4253 3025 4325 γραφή
3053 4254 3191 4324 αὓτη
3223 4255 3443 4319 διέξεισι
3467 4259 3597 4327 περὶ
3622 4258 3743 4312 τῶν

465 4346 535 4399 de
567 4345 654 4411 iis,
688 4348 779 4415 qui
814 4346 1017 4418 legatos
1050 4351 1115 4404 ad
1148 4351 1411 4421 synodum
1446 4365 1552 4405 non
1591 4351 1872 4403 miserunt.
1907 4349 2042 4403 Cum

2224 4376 2226 4414 ι
2284 4347 2609 4401 στειλάντων
2639 4348 2719 4411 εἰς
2750 4347 2850 4416 τὴν
2874 4346 3092 4401 σύνοδον
3139 4349 3536 4419 τοποτηρητάς.
3570 4348 3738 4405 Ἀποο

468 4443 649 4489 autem
680 4436 842 4508 aliqui
874 4455 971 4509 pro
1024 4441 1104 4497 eis
1148 4441 1575 4510 respondissent,
1636 4443 1809 4495 visum
1852 4453 1935 4497 est
1965 4443 2046 4497 eis

2224 4438 2521 4507 γισαμένων
2563 4439 2619 4493 δέ
2649 4438 2789 4508 ὑπὲρ
2824 4440 3052 4492 ἐκείνοιν
3080 4438 3266 4504 τινῶν,
3304 4438 3450 4503 ἔδοξε
3479 4457 3733 4509 συγγνωο

468 4528 682 4582 veniam
716 4544 838 4586 esse
889 4530 1142 4598 dandam,
1177 4532 1225 4587 si
1266 4532 1341 4587 illi
1363 4547 1579 4602 quoque
1602 4549 1661 4587 ea
1686 4534 2044 4604 susceperint,

2224 4531 2449 4602 νηθῆναι
2484 4530 2701 4593 αὐτοὺς,
2732 4532 2780 4583 εί
2808 4531 3052 4584 κάκεῖνοι
3082 4531 3344 4598 δέξωνται
3366 4533 3466 4585 ὅσα
3501 4536 3567 4603 τῇ
3601 4551 3735 4587 συν-

468 4634 586 4685 quze
606 4618 819 4687 placent
844 4623 1073 4692 synodo.

2225 4640 2253 4691 ρ
2288 4622 2532 4690 ἀρέσκει.

460 4748 465 4753 .
536 4708 701 4779 627
756 4707 1007 4765 ZONAR.
1067 4710 1228 4765 Multa
1282 4711 1499 4783 quidem
1532 4714 1811 4783 superiore
1840 4717 2045 4785 scripto

2224 4714 2468 4766 ΖΩΝΛΡ.
2503 4713 2679 4766 Πολλά
2707 4712 2804 4781 μὲν
2833 4713 2865 4781 ἡ
2897 4710 3084 4782 γραφὴ
3133 4710 3276 4781 αὕτη
3328 4711 3554 4776 διέξεισι
3601 4714 3734 4783 περὶ

464 4802 536 4855 de
570 4803 660 4861 iis.
683 4804 772 4871 qui
808 4803 1016 4873 legatos
1048 4804 1115 4859 ad
1148 4803 1288 4858 hanc
1319 4807 1582 4876 synodum
1626 4822 1729 4860 non
1765 4808 2047 4872 miserant,

2224 4823 2261 4856 ιν
2291 4806 2366 4874 μή
2398 4804 2728 4858 στειλάντων
2761 4806 2843 4866 είς
2872 4803 2973 4875 τὴν
3005 4803 3223 4857 σύνοδον
3250 4804 3456 4873 ταύτην
3495 4821 3735 4875 τοποτη-

470 4897 584 4949 d'ss
620 4907 832 4948 runtur.
884 4896 990 4951 Sed
1039 4910 1161 4950 cum
1193 4896 1406 4950 illorum
1439 4898 1798 4966 patrocinium
1825 4899 2046 4967 quidam

2227 4897 2347 4958 τάς.
2391 4895 2920 4966 Ἀπολογησαμένων
2948 4894 3003 4948 δὲ
3037 4893 3265 4963 ὕστερον
3303 4893 3446 4962 ὑπὲρ
3501 4894 3730 4947 ἐκείνων

470 4986 863 5055 suscepissent,
904 4987 954 5041 id
993 4988 1066 5042 ita
1097 4987 1178 5042 eis
1209 4988 1504 5043 condonari
1542 4990 1778 5058 placuit;
1815 4992 1858 5045 si
1890 4991 2047 5045 modo

2224 4987 2333 5045 νῶν.
2373 4985 2517 5050 ἔδοξε
2544 4984 3066 5055 συγγνωμονηθῆναι
3134 4985 3357 5049 αὐτοὺς,
3385 4987 3435 5038 εί
3484 4987 3733 5038 κάκεῖνοι

2151 5080 2390 5145 δέξονται
2416 5080 2516 5132 ὅσα
2545 5082 2612 5151 τῇ
2647 5080 2850 5147 συνόδῳ
2887 5078 3074 5148 ἀρέσει
3107 5079 3201 5131 καὶ
3227 5077 3726 5148 ψηφισθήσεταιρ-

2078 4666 2120 4721 D

2750 5168 2990 5221 KANeN
3022 5163 3133 5233 ι,Δ’.

2160 5278 2179 5312 ι
2221 5260 2357 5330 Περὶ
2387 5258 2483 5313 τοῦ
2513 5261 2626 5322 τοῖς
2674 5259 3031 5321 Δονατισταῖς
3094 5259 3396 5315 συνελθεῖν.
3451 5260 3725 5332 Αὐρήλιος

2231 5375 2247 5406 ι
2288 5355 2588 5419 ἐπίσκοπος
2621 5351 2775 5409 εἶπεν
2798 5372 2811 5386 ·
2856 5356 2930 5409 Τὸ
2953 5357 3034 5416 εἰς
3063 5352 3385 5425 ψηλάφησιν
3417 5352 3573 5407 ἐλθὸν
3626 5353 3727 5422 τῆς

2230 5467 2248 5500 ‹
2282 5448 2561 5518 ὑμετέρας
2596 5447 2820 5516 ἀγάπης
2867 5444 3156 5515 λογίζομαι
3191 5444 3429 5513 ὀφείλειν
3461 5448 3574 5508 τοῖς
3632 5444 3725 5496 ἐκ·

2228 5559 2244 5590 ι
2286 5540 2692 5609 κλησιαστικοῖς
2759 5538 3175 5607 πεπραγμένοις
3227 5534 3616 5608 βεϐαιωθῆναι.
3660 5532 3723 5586 Ἠ

2226 5649 2245 5683 ι
2284 5632 2393 5701 γὰρ
2415 5631 2708 5700 ὑπόσχεσις
2739 5630 2955 5684 πάντων
2995 5630 3150 5697 ὑμῶν
3180 5628 3342 5681 τοῦτο
3368 5626 3720 5698 προεϐάλετο,

2231 5741 2248 5773 ι
2284 5721 2521 5791 ὀφείλειν
2544 5720 2641 5774 ἕνα
2674 5720 2907 5773 ’ἑκαστον
2938 5719 3097 5789 ἡμῶν
3128 5720 3269 5789 ἐντῇ
3299 5716 3404 5787 ἰδίᾳ
3427 5715 3578 5770 πόλει
3600 5710 3723 5765 καθ’

2227 5835 2245 5867 ι
2284 5814 2476 5869 ἑαυτὸν
2512 5815 2785 5868 συνελθεῖν
2808 5815 2916 5878 τοῖς
2955 5813 3222 5884 ἀρχηγοῖς
3246 5812 3354 5868 τῶν
3382 5803 3721 5865 Δονατιστῶν

1007 5172 1237 5230 CANON
1322 5173 1507 5229 XCIV.

473 5285 494 5317 ε
536 5267 609 5322 De
659 5268 1043 5325 conveniendis
1098 5267 1418 5325 Donatistis.
1470 5268 1717 5323 Aurelius
1762 5268 2047 5338 episconus

550 5378 567 5408 ε
598 5359 772 5413 dixit:
823 5359 976 5425 Quod
1004 5360 1151 5415 venit
1180 5360 1246 5414 ad
1296 5369 1487 5415 vestra:
1515 5360 1822 5414 dilectionis
1850 5368 2048 5414 tracta—

551 5470 568 5502 I
600 5450 796 5506 tionem
825 5452 1077 5508 existimo
1096 5452 1295 5507 debere
1341 5452 1727 5507 ecclesiasticis
1756 5452 1893 5506 actis
1919 5467 2051 5507 con-

541 5562 559 5594 ι
598 5543 821 5597 lirmari.
855 5543 1107 5599 Vestrum
1138 5546 1282 5599 enim
1337 5544 1579 5598 omnium
1628 5544 1919 5615 promissio
1950 5546 2050 5599 hoc

542 5656 559 5687 ι
591 5636 895 5706 proposuit,
949 5638 1144 5694 debere
1204 5651 1642 5707 unumquemque
1699 5645 1949 5691 nostrum
1991 5636 2047 5690 in

545 5742 561 5773 ι
604 5722 817 5792 propria
844 5725 1063 5780 civitate
1093 5739 1189 5793 per
1217 5738 1277 5779 se
1308 5740 1429 5780 cum
1460 5724 1858 5781 Danatistarum
1894 5724 2047 5792 prin-

547 5833 567 5867 ι
598 5815 807 5884 cipibus
842 5817 1119 5887 congredi,
1179 5818 1262 5874 vel
1318 5818 1418 5874 sibi
1475 5819 1639 5873 alium
1678 5817 1913 5873 vicinum
1945 5816 2043 5870 ad-
