3976 6420
250 350 360 417 3‘21

326 573 347 606 ι
390 557 511 619 τοῖς
540 556 807 618 τοιούτοις
827 556 884 608 ἐν
911 554 1118 624 ἑκάστῃ
1138 553 1289 606 πόλει
1318 555 1414 607 καὶ
1447 553 1597 623 τόπῳ
1615 553 1704 606 διὰ
1732 551 1840 605 τῶν

329 662 352 695 ι
391 643 677 712 ἀρχόντων
705 645 736 713 ἢ
768 644 880 697 τῶν
910 641 1105 713 πρῶτα
1132 643 1408 712 φερόντων
1439 642 1499 693 ἐν
1520 643 1631 703 τοῖς
1654 640 1840 700 αὐτοῖς

332 754 353 787 ι
390 741 579 798 τόποις
614 736 968 789 συνέλθωσιν.
1001 734 1198 797 Τοῦτο,
1263 733 1358 786 ἐὰν
1418 733 1627 802 ἀρέσκῃ
1680 732 1838 795 πᾶσι,

333 845 355 876 ι
395 826 832 897 παραγγελθείη.
901 826 1035 879 ’Δπὸ
1115 825 1336 880 πάντων
1393 822 1502 875 τῶν
1530 820 1843 873 ἐπισκόπων

333 937 353 966 σ
398 918 628 989 ἐλέχθη·
677 919 847 971 Πᾶσιν
877 916 1147 985 ἁρέσκει’
1184 914 1281 967 καὶ
1322 911 1526 972 πάντες
1577 909 1739 963 τοῦτο
1772 911 1841 979 τῇ

338 1028 359 1061 ι
399 1011 646 1079 ἡμετέρᾳ
674 1011 970 1080 ὑπογραφῇ
999 1005 1384 1077 ὲκυρώσαμεν.
1456 1004 1729 1072 Αἱτοῦμεν
1760 1002 1842 1053 ἔτι

332 1117 351 1149 ι
399 1101 532 1169 μὴν,
566 1100 654 1152 ἵνα
685 1103 809 1163 ταῖς
845 1098 1182 1162 ἐπιστολαῖς,
1233 1100 1354 1160 ταῖς
1400 1094 1742 1163 ὁφειλούσαις
1777 1093 1842 1145 ὲκ

339 1212 359 1242 ι
403 1196 506 1263 τῆς
547 1194 768 1246 συνόδου
801 1193 939 1264 πρὸς
962 1193 1086 1254 τοὺς
1123 1190 1389 1261 ἄρχοντας
1411 1186 1842 1256 ἀποπεμφθῆναι

330 1305 352 1336 ι
396 1287 540 1357 ὑπὲρ
562 1287 783 1340 πάντων
798 1286 831 1356 ἡ
846 1286 914 1356 σὴ
938 1283 1232 1354 ὑπογράφῃ
1254 1280 1553 1349 ἁγιωσύνη.
1572 1278 1844 1347 Αὐρήλιος

328 1395 357 1427 ι
394 1377 699 1438 ἐπίσκοπος
720 1373 874 1430 εἶπεν
892 1392 907 1407 ο
953 1376 1081 1429 Ἐὰν
1103 1375 1234 1444 δοκῇ
1265 1375 1331 1442 τῇ
1360 1372 1602 1442 ὑμετέρᾳ
1625 1370 1841 1442 ἀγάπῃ,

337 1486 359 1519 ι
402 1469 431 1520 ὁ
447 1467 621 1528 τύπος
645 1468 745 1538 τῆς
767 1468 907 1538 πρὸς
936 1468 1179 1527 ἐκείνους
1201 1464 1566 1526 συνελεύσεως
1594 1465 1842 1530 ἀναγνω-

333 1576 357 1609 ι
401 1558 581 1629 σθείη,
611 1560 759 1622 ὅπως
789 1558 980 1612 τοῦτον
1009 1559 1103 1611 τὸν
1149 1557 1304 1611 τόνον
1335 1555 1438 1625 τῆς
1464 1553 1842 1624 ἐπακολουθή-

332 1666 356 1698 ί
406 1665 548 1713 σεως
576 1650 797 1714 πάντες,
833 1651 926 1703 ἐὰν
965 1650 1199 1720 ἀρέσκῃ,
1250 1649 1641 1718 κρατήσωμεν.
1709 1645 1845 1699 Ἀπὸ

333 1758 358 1790 ‹
397 1740 624 1794 πάντων
659 1741 767 1794 τῶν
790 1740 1107 1795 ἐπισκόπων
1133 1739 1331 1811 ἐλέχθη
1351 1757 1365 1772 ·
1413 1737 1838 1808 ’Δναγνωσθείη.

336 1851 355 1883 ι
399 1832 601 1893 Δαῖτος
624 1834 872 1901 νοτάριος
895 1832 1128 1899 ἀνέγνω.
1161 1850 1182 1884 ι

329 1923 538 1976 ΒΑΛΣ.
577 1924 636 1976 '0
676 1923 848 1986 τύπος
874 1926 974 1992 τῆς
1006 1924 1151 1993 πρὸς
1172 1923 1303 1987 τοὺς
1347 1923 1680 1988 Δονατιστὰς
1717 1942 1846 1979 συν-

256 2014 531 2077 ελεύσεως
551 2014 648 2066 καὶ
669 2014 737 2066 τὰ
757 2031 816 2068 εν
846 2016 907 2085 τῇ
927 2014 1178 2087 παρούσῃ
1202 2015 1510 2069 συνελεύσει
1524 2015 1844 2086 λαληθέντα,

260 2104 416 2160 ίδικά
465 2105 573 2157 είσι
614 2108 742 2175 περὶ
772 2106 880 2158 τῶν
927 2107 1285 2162 Δονατιστῷν.

335 2197 588 2251 ΖΩΝΑΡ.
620 2198 807 2262 Ἔδοξε
857 2201 921 2269 τῇ
950 2199 1155 2269 συνόδῳ
1181 2199 1411 2252 ἕκαστον
1456 2200 1567 2253 τῶν
1621 2200 1847 2253 ἐπισκό-

263 2304 388 2339 πων
425 2288 485 2338 ἐν
509 2290 574 2357 τῇ
601 2287 710 2359 ἰδία
742 2288 895 2340 πόλει
921 2290 1034 2351 τοῖς
1056 2287 1352 2359 προέχουσι
1380 2288 1487 2342 τῶν
1509 2288 1848 2343 Δονατιστῶν

260 2378 408 2449 ὁμοῦ
446 2378 733 2447 γενέσθαι,
761 2381 795 2452 ἢ
825 2380 915 2434 καὶ
947 2381 1137 2449 ἕτερον
1165 2381 1465 2434 ἐπίσκοπον
1509 2382 1848 2452 προσλαϐέσ-

262 2469 379 2533 θαι,
426 2472 527 2523 καὶ
565 2470 827 2540 ὁμιλῆσαι
870 2470 1056 2533 αὐτοῖς
1096 2472 1192 2525 καὶ
1247 2471 1617 2541 διαλεχθῆναι,
1668 2473 1701 2544 ἢ
1760 2475 1848 2527 διὰ

262 2558 376 2610 τῶν
402 2561 685 2630 ἀρχόντων
709 2565 802 2614 καὶ
830 2562 939 2614 τῶν
974 2561 1369 2630 πρωτευόντων
1400 2565 1455 2614 ἐν
1490 2566 1612 2626 ταῖς
1638 2566 1847 2634 χώραις

264 2650 713 2721 προσκαλεῖσθαι
778 2652 1009 2716 αὐτούς’
1067 2653 1346 2706 τουτέστιν
1370 2656 1421 2706 εἰ
1492 2655 1568 2724 μὴ
1627 2656 1849 2719 ἑκόντες

268 2743 646 2813 συνέρχοιντο.
1180 2810 1186 2815 Ι

261 2836 498 2890 ΑΡΙΣΤ.
576 2854 595 2887 ι
635 2836 908 2899 Ἕκαστος
950 2836 1060 2889 τῶν
1125 2836 1443 2889 ἐπισκόπων
1500 2841 1557 2892 ἔν
1610 2841 1677 2909 τῇ
1739 2839 1845 2910 ίὸἰᾳ

345 2939 366 2972 ι
407 2923 567 2976 πόλει
589 2926 704 2988 τοῖς
732 2926 999 2994 ἀρχηγοίς
1026 2925 1135 2978 τῶν
1162 2927 1502 2979 Δονατιστῶν
1524 2929 1848 2997 συνελθέτω,

335 3034 355 3069 ι
395 3017 431 3085 ἢ
469 3016 869 3085 προσλαϐέσθω
900 3020 993 3072 καὶ
1020 3021 1111 3070 τὸν
1145 3018 1386 3085 γείτονα,
1420 3018 1507 3071 ἵνα
1529 3021 1644 3083 τοῖς
1669 3021 1850 3087 αὐτοῖς

345 3129 364 3161 ι
402 3110 763 3165 συνέλθωσιν.
795 3129 816 3164 ι

339 3201 679 3266 Σπεύᾶοντες
708 3204 757 3257 οἱ
803 3205 936 3257 θεῖοι
988 3203 1231 3275 Πατέρες
1274 3206 1625 3274 προσενῶσαι
1654 3210 1717 3279 τῇ
1747 3225 1847 3261 κα·-
1875 3189 1918 3249 c

266 3294 464 3365 θτλικῇ
507 3293 809 3366 Ἐκκλῃσίᾳ
837 3296 965 3358 τοὺς
985 3295 1336 3361 Δονατιστὰς,
1366 3298 1563 3358 οἵτινες
1593 3299 1653 3362 ἐξ
1680 3299 1849 3371 αὐτῆς

264 3387 461 3449 κακῶς
498 3387 733 3449 ἑαυτοὺς
765 3390 1091 3458 ἀπέσχισαν,
1140 3388 1201 3441 οὐ
1259 3387 1528 3443 διέλειπον
1596 3408 1853 3462 παρακαο

266 3478 493 3541 λοῦντες
524 3478 725 3541 αὐτοὺς
756 3479 1062 3547 ἀποστῆναι
1088 3478 1187 3547 τῆς
1224 3480 1461 3542 παλαιᾶς
1496 3480 1728 3551 πλάνης,
1759 3483 1853 3534 καὶ

265 3569 370 3639 τὴν
398 3569 665 3637 ἀλήθειαν
708 3568 1138 3638 παραεέξασθαι.
1200 3570 1300 3624 Διὰ
1325 3570 1483 3623 τοῦτο
1513 3574 1641 3637 γοῦν
1675 3572 1852 3637 ἔδοξεν

268 3658 582 3720 αὐτοῖςκαὶ
610 3657 692 3710 ἔτι
725 3658 845 3711 δέον
885 3652 1027 3711 εἶναι
1089 3657 1323 3711 ἕκαστον
1371 3657 1478 3709 τῶν
1534 3656 1852 3709 ἐπισκόπων

267 3750 379 3802 τῶν
412 3751 473 3803 ἐν
502 3752 570 3820 τῇ
610 3750 718 3821 ἰδίᾳ
742 3750 894 3802 πόλει
920 3748 1044 3802 καθ’
1071 3750 1265 3802 ἑαυτὸν
1316 3751 1429 3812 τοῖς
1457 3749 1566 3801 τῶν
1600 3753 1855 3800 Δονατισ-

266 3839 687 3916 τῶν’ἁρχηγοίς
720 3842 1064 3913 προσελθεῖν,
1106 3843 1138 3913 ἢ
1202 3843 1295 3918 καὶ
1328 3842 1521 3912 ἕτερον
1555 3840 1855 3911 προσλαϐέ-

270 3939 401 3991 σθαι
428 3938 673 4006 γείτονα,
693 3937 790 3989 καὶ
819 3936 936 4007 μετ’
959 3934 1127 3989 αὐτοῦ
1180 3933 1458 3988 συνελθεῖν
1513 3934 1716 4000 αὐτοῖς,
1760 3936 1856 3987 καὶ

272 4028 413 4097 πρὸς
450 4026 655 4089 αὐτοὺς
691 4027 874 4079 εἰπεῖν
905 4024 973 4078 τὰ
1003 4026 1061 4078 ἐν
1089 4023 1168 4095 τῷ
1223 4021 1424 4093 ἐφεξῆς
1458 4026 1643 4076 κανόνι
1675 4023 1854 4093 ῥητῶς

271 4120 683 4190 γεγραμμέναο
713 4118 811 4171 καὶ
838 4119 885 4171 εί
926 4117 1002 4188 μὴ
1035 4116 1340 4171 πεισθῶσιν
1404 4113 1549 4167 οὕτω
1599 4130 1858 4185 παρακα-

272 4215 556 4283 λούμενοι,
590 4212 682 4265 διὰ
711 4211 815 4281 τῆς
867 4210 1156 4280 βασιλικῆς
1208 4208 1466 4277 ἐξουσίας
1514 4207 1856 4279 ἀπελαθῆναι

277 4336 290 4353 ς
308 4309 385 4361 ὦν
408 4306 742 4378 ἐκκλησιῶν,
767 4301 843 4359 ὧν
873 4304 1175 4373 ἐπέϐησαν.

885 4397 1123 4451 ΚΛΝΩΝ
1151 4397 1267 4463 te"

282 4517 296 4547 ι
343 4490 613 4561 Αὐρήλιος
651 4488 950 4550 ὲπίσκοτος
1004 4481 1164 4539 εἶπε·
1197 4485 1273 4537 Τὸ
1317 4484 1470 4555 παρὰ
1515 4484 1615 4553 τῆς
1666 4482 1859 4536 αὐθεν-

353 4605 372 4635 ι
416 4586 542 4647 τίας
573 4583 797 4653 ἐκείνης
831 4581 931 4650 τῆς
975 4581 1243 4651 μεγίστης
1279 4578 1548 4648 καθέδρας
1580 4580 1715 4647 ἡμῖν
1739 4579 1861 4630 ἑπι-

354 4696 373 4728 ι
416 4676 626 4745 τραπὲν
643 4674 904 4742 αἰτοῦμεν
938 4672 1035 4742 τὴν
1054 4671 1326 4741 ὑμετέραν
1354 4669 1699 4740 ὲντιμιότητα
1728 4670 1861 4722 ἀνα-

354 4792 373 4821 ι
416 4768 753 4838 γνωσθῆναι,
798 4766 894 4817 καὶ
939 4765 1018 4827 εἰς
1064 4762 1238 4833 πέρας
1292 4762 1523 4833 ἀχθῆναι
1574 4761 1853 4817 κελεῦσαι.

356 4880 375 4910 ι
434 4855 909 4925 ’Δναγνωσθείσης
971 4855 1029 4908 δὲ
1086 4854 1185 4923 τῆς
1233 4852 1534 4915 κελεύσεως
1602 4854 1697 4905 καὶ
1745 4855 1857 4911 τοῖς

359 4969 377 5000 ι
417 4950 833 5018 πεπραγμένοις
890 4943 1354 5014 συντεθειμένης,
1412 4941 1712 5002 ἐπίσκοπος
1760 4940 1857 5008 τῆς

358 5060 376 5091 ι
418 5039 716 5107 καθολικῆς
760 5037 1093 5106 Ἐκκλησίας
1119 5030 1272 5088 εἶπεν
1297 5051 1311 5063 ο
1354 5033 1427 5086 Τὸ
1461 5032 1551 5086 διὰ
1593 5035 1692 5101 τῆς
1721 5033 1856 5097 ὑμε-

359 5153 377 5184 t
423 5133 588 5201 τέρας
617 5132 933 5198 τιμιότητος
969 5129 1104 5197 πρὸς
1133 5128 1260 5188 τοὺς
1286 5125 1612 5186 Δονατιστὰς
1639 5123 1850 5191 ὀφεῖλον

357 5241 376 5273 ι
414 5220 785 5289 ἀπενεχθῆναι
813 5218 1086 5272 ἐντολικὸν
1107 5217 1362 5277 ἀκοῦσαι,
1393 5217 1486 5269 καὶ
1507 5219 1615 5279 τοῖς
1635 5232 1853 5283 πεπρα-

360 5336 377 5367 ι
423 5318 648 5383 γμὲνοις
681 5312 965 5382 ἐμϐαλεῖν,
1003 5311 1098 5364 καὶ
1129 5311 1265 5379 πρὸς
1296 5310 1495 5371 αὖτοὺς
1524 5307 1860 5377 ἀποκομίσαι

362 5428 380 5460 ι
422 5406 827 5471 καταξιώσατε,
855 5405 949 5459 καὶ
980 5404 1077 5474 τὴν
1123 5404 1329 5456 τούτων
1368 5403 1661 5472 ἀπόκρισιν
1696 5399 1858 5453 πάλιν

360 5518 379 5550 ι
420 5499 509 5550 διὰ
536 5498 646 5550 τῶν
688 5496 972 5566 ὑμετέρων
1035 5495 1442 5563 πεπραγμένων
1493 5494 1624 5563 ⁴ἡμῖν
1678 5495 1858 5561 ἐμφα-

357 5614 376 5647 ι
417 5593 586 5647 visat.
624 5589 1010 5659 Συνερχόμεθα
1050 5589 1179 5658 ὑμῖν
1210 5588 1554 5648 αὑθεντικώς
1618 5588 1861 5638 ἀποστα-

358 5706 377 5737 ι
422 5684 607 5746 λέντες
635 5684 700 5734 ὲκ
749 5685 844 5751 τῆς
900 5683 1174 5751 ἡμετέρας
1220 5681 1552 5747 ,αὑθεντικὴς
1618 5679 1859 5739 συνόδου,

357 5794 377 5828 ι
420 5774 824 5846 ἐπιθυμοῦντες
866 5774 1102 5844 χαρῆναι
1139 5775 1262 5845 περὶ
1294 5775 1389 5843 τῆς
1421 5773 1685 5843 ὑμετέρα,
1717 5771 1743 5823 δ
1769 5789 1860 5841 ορ-

1396 345 1480 407 ΙΝ
1510 346 1678 410 CAN.
1715 350 1857 410 XCV
1888 346 2099 409 CONC.
2137 348 2512 412 CARTHAG.

329 483 352 516 ι
390 465 422 536 ἢ
459 463 798 536 προσζεῦξαι
831 463 1013 534 ἑαυτῷ
1049 461 1270 531 γείτονα
1298 461 1506 533 ἕτερον,
1536 461 1627 514 ἴνα
1642 460 1843 525 ὁμοίως
1874 470 1916 524 Λ

3415 349 3523 410 392

2030 480 2049 514 ι
2077 462 2324 532 jungcre,
2363 474 2420 518 ut
2473 465 2678 533 pariter
2706 478 2802 520 eos
2833 464 2889 520 in
2942 478 3263 535 unaquaque
3306 464 3525 518 civitate

2020 573 2037 606 ι
2074 566 2127 608 et
2157 555 2277 610 loco
2311 570 2409 624 per
2458 557 2832 624 magistratus,
2888 557 2977 611 vel
3026 572 3124 612 eos
3173 556 3265 627 qni
3319 557 3524 626 primas

2022 661 2039 693 ι
2076 653 2255 709 partes
2285 643 2484 706 ferunt,
2516 644 2567 698 in
2597 644 2788 699 iisdem
2841 643 2975 701 locis
3006 647 3347 700 conveniant.
3386 644 3519 709 Hoc,

2015 752 2032 786 ι
2068 735 2111 788 si
2145 718 2391 790 omnibus
2443 736 2640 805 placet,
2696 737 2961 790 editatur.
3026 738 3109 792 Ab
3133 738 3384 793 omnibus
3410 738 3522 808 epi-

2018 844 2039 877 ι
2071 829 2251 896 scapis
2281 826 2485 881 dictum
2525 838 2608 882 cst
2633 827 2934 894 :[Omnilms
2961 827 3168 895 placet:
3201 827 3381 883 ethoc
3407 844 3524 882 om-

2021 937 2040 969 ι
2078 933 2173 972 nes
2210 928 2393 971 nostra
2444 918 2843 984 subscriptione
2877 919 3346 972 conﬁrmavimus.
3379 919 3524 973 Peti-

2024 1028 2040 1060 ι
2074 1024 2194 1063 mos
2227 1020 2509 1077 praeterea,
2546 1023 2601 1063 ut
2659 1010 2924 1079 epistolis,
2963 1026 3085 1079 quae
3134 1010 3330 1063 debent
3359 1024 3387 1061 a
3436 1025 3523 1080 sy-

2019 1118 2039 1149 ε
2070 1100 2210 1155 nodo
2258 1102 2399 1154 mitti
2448 1103 2512 1155 ad
2566 1103 2933 1171 magistratus,
2989 1112 3078 1157 tua
3133 1118 3230 1172 pro
3273 1105 3525 1159 omnibus

2027 1209 2045 1240 ι
2081 1195 2340 1248 sanctitas
2372 1195 2699 1249 subscribat.
2739 1195 2990 1248 Aurelius
3017 1195 3304 1265 episcopus
3334 1197 3510 1252 dixit:

2019 1301 2038 1335 ι
2070 1284 2126 1337 Si
2165 1286 2412 1339 videatur
2440 1297 2635 1339 vestrae
2692 1286 2988 1349 dilectioni,
3045 1285 3219 1341 forma
3266 1300 3525 1356 congres-

2023 1393 2044 1427 ι
2073 1377 2241 1430 sionis
2269 1392 2391 1430 cum
2423 1377 2535 1430 illis
2561 1378 2790 1447 legatur,
2823 1388 2880 1430 ut
2931 1378 3073 1431 hunc
3123 1378 3520 1445 prosecutionis

2014 1484 2037 1521 ι
2072 1478 2311 1522 tenorem
2343 1484 2553 1535 omnes,
2583 1471 2627 1523 si
2660 1469 2854 1537 placet,
2885 1478 3186 1526 teneamus.
3217 1470 3298 1525 Ab
3331 1469 3514 1524 omni-

2020 1577 2038 1611 ι
2072 1563 2168 1614 bus
2196 1562 2464 1630 episcopis
2518 1562 2721 1617 dictant
2751 1570 2834 1618 est
2863 1559 3162 1632 :tLegatur.
3213 1559 3392 1617 Laetus
3423 1575 3523 1615 no-

2023 1669 2041 1701 ι
2078 1652 2248 1705 larius
2266 1651 2413 1722 legit.
2449 1670 2468 1702 ι
3198 1648 3203 1651 ’

2020 1912 2220 1970 BALS.
2266 1912 2459 1967 Forma
2490 1915 2892 1984 congressionis
2941 1930 3063 1984 cum
3113 1914 3437 1978 Donatistis,
3468 1926 3528 1970 et

1949 2019 2069 2075 quze
2098 2005 2152 2059 in
2186 2005 2437 2074 prmsenti
2494 2007 2700 2077 synodo
2731 2006 2873 2061 dicta
2907 2015 3054 2071 sunt,
3089 2007 3380 2062 Donatistis
3407 2022 3530 2076 spe-

1949 2098 2160 2151 cialiter
2194 2097 2540 2151 conveniunt.

2024 2185 2275 2241 ZUNAR.
2316 2189 2536 2258 Synodo
2567 2188 2691 2242 item
2726 2189 2946 2256 placuit,
2981 2197 3039 2242 ut
3070 2187 3310 2255 episcrtpi
3341 2203 3532 2243 omnes

1951 2278 2002 2331 in
2033 2295 2133 2333 sua
2167 2278 2580 2347 quisqneurbe,
2619 2280 2862 2333 adhibito
2895 2283 3055 2332 etiam
3087 2279 3276 2343 altero,
3306 2280 3353 2334 si
3384 2279 3531 2333 vide-

1953 2380 2126 2435 retur,
2159 2373 2436 2440 rpiscopo,
2469 2384 2563 2426 eos
2609 2371 2700 2438 qui
2755 2384 2815 2424 se
2867 2370 3270 2425 Donatistarum
3326 2370 3529 2439 ptiutos

1952 2459 2201 2516 ferebant
2253 2461 2648 2523 convenirent;
2698 2460 2788 2513 vel
2845 2460 3258 2526 magistratuum
3294 2467 3390 2513 aut
3436 2475 3531 2514 co-

1953 2569 2096 2619 rttm,
2161 2555 2253 2623 qui
2294 2553 2347 2607 in
2404 2554 2717 2623 regionibus
2767 2550 3158 2619 pra‘sidcbant,
3207 2554 3535 2608 auctoritate

1952 2648 2291 2702 advocandos
2322 2654 2597 2709 curarent,
2636 2646 2736 2698 hoc
2768 2656 2876 2710 est,
2921 2645 3024 2699 nisi
3082 2644 3186 2714 ipsi
3209 2654 3401 2714 sponte
3427 2658 3526 2700 sua

1953 2739 2298 2792 conveniant.

1951 2826 2182 2884 ABIST.
2225 2847 2242 2880 ι
2279 2827 2660 2896 Unusquisque
2691 2827 3068 2895 episcoporum
3105 2828 3156 2880 in
3184 2842 3281 2881 sua
3311 2827 3532 2881 civitate

2027 2939 2045 2973 ι
2078 2920 2481 2975 Donatistarum
2509 2922 2761 2974 ductores
2796 2920 3120 2973 conveniat:
3177 2918 3257 2973 vel
3288 2930 3530 2974 aSsumat

2020 3030 2040 3064 ι
2075 3012 2236 3066 etiam
2263 3012 2521 3077 vicinum,
2552 3019 2612 3065 ut
2641 3024 2733 3064 eos
2762 3012 3108 3065 conveniant.
3145 3029 3164 3062 ι

2021 3194 2247 3249 Omnem
2283 3204 2542 3247 nat-antes
2571 3207 2792 3262 operam
2820 3193 2982 3247 divini
3015 3193 3201 3249 Patres
3234 3195 3533 3249 Jonatistas

1954 3287 2212 3341 Ecclesia:
2241 3285 2520 3340 catholicae
2554 3288 2817 3348 adunarc,
2849 3285 2942 3354 qui
2991 3300 3053 3340 se
3098 3285 3164 3339 ab
3197 3302 3258 3340 ea
3295 3286 3533 3355 pessime

1954 3380 2323 3444 absciderunt,
2383 3393 2486 3430 non
2542 3377 2830 3431 cessabant
2884 3393 2977 3431 eos
3031 3378 3309 3433 adhortari
3353 3388 3410 3431 ut
3464 3380 3535 3433 ab

1954 3473 2176 3542 antiquo
2205 3486 2389 3526 errors
2413 3471 2755 3535 desinerent,
2805 3481 2858 3523 et
2915 3471 3197 3526 veritatem
3236 3470 3533 3539 amplecte-

1957 3577 2162 3621 rentur.
2196 3564 2405 3619 Idcirco
2439 3565 2610 3617 visum
2644 3572 2727 3617 est
2771 3562 2839 3617 iis
2871 3574 2924 3617 et
2953 3563 3128 3617 adhuc
3159 3567 3526 3618 necessarium

1956 3672 2100 3721 esse,
2134 3667 2189 3710 ut
2224 3656 2451 3726 quisque
2479 3654 2853 3724 episcoporum
2902 3669 2998 3722 per
3051 3653 3290 3723 seipsum
3324 3656 3377 3708 in
3409 3669 3533 3724 pro.

1957 3749 2072 3819 pria
2121 3749 2341 3803 civitate
2413 3746 2820 3801 Donatistarum
2895 3748 3149 3802 ductores
3202 3745 3396 3812 adiret,
3446 3748 3532 3802 vel

1957 3840 2123 3896 etiam
2159 3839 2321 3893 alium
2376 3837 2694 3907 adjungeret
2724 3836 2982 3901 vicinum,
3034 3845 3092 3891 et
3132 3852 3255 3890 cum
3297 3851 3363 3892 eo
3397 3838 3536 3893 istos

1957 3932 2288 3993 conveniret,
2321 3927 2498 3997 iisque
2552 3927 2816 3980 indicaret
2846 3942 2963 3994 quae
3021 3927 3074 3981 in
3125 3939 3387 3995 sequente
3436 3943 3533 3983 ca-

1957 4036 2099 4076 none
2132 4020 2333 4075 diserte
2364 4019 2725 4073 scribuntur:
2777 4028 2830 4071 et
2880 4016 2925 4071 si
2983 4017 3061 4071 sic
3110 4017 3372 4073 admoniti
3424 4035 3531 4075 non

1956 4112 2402 4183 persuadeantur,
2436 4125 2532 4177 per
2564 4111 2763 4180 regiam
2813 4115 3137 4177 potestatem
3190 4109 3260 4165 ab
3288 4110 3535 4167 ecclesiis

1959 4204 2087 4270 illis,
2122 4219 2255 4273 quas
2280 4202 2603 4258 invaserunt
2622 4201 2934 4273 abigantnr.

3216 4254 3246 4276 Ο

2516 4400 2744 4458 ΕΑἉΟΝ
2768 4458 2773 4461 ,
2821 4401 2982 4458 XCV.

1969 4511 1987 4546 ι
2019 4492 2270 4549 Aurelius
2319 4493 2608 4564 episcopus
2672 4494 2849 4550 dixit:
2905 4495 3060 4562 Quod
3104 4498 3174 4551 ab
3220 4501 3540 4555 auctoritate

2041 4584 2438 4652 «amplissime
2487 4586 2632 4640 illius
2681 4587 2828 4641 sedis
2876 4588 3032 4642 nobis
3086 4590 3409 4655 permissum
3445 4592 3537 4657 sit,

2040 4694 2057 4727 ι
2090 4674 2321 4744 petimus
2345 4690 2377 4728 ιι
2416 4685 2592 4735 vestra
2631 4678 2979 4732 veneratiOne
3009 4689 3066 4732 ut
3108 4681 3337 4747 legatur,
3370 4698 3541 4751 eaque

2043 4784 2060 4816 ι
2092 4768 2142 4818 id
2173 4766 2239 4819 ad
2267 4765 2518 4821 eifectum
2551 4767 2743 4822 deduci
2769 4769 2979 4838 jubeat.
3016 4768 3179 4825 Lecta
3223 4782 3403 4827 autem
3432 4775 3544 4843 jnso

2038 4875 2055 4906 ι
2094 4857 2266 4919 sione,
2298 4867 2353 4910 et
2379 4860 2514 4912 actis
2548 4850 2862 4928 conjuncta,
2914 4860 3050 4913 dixit
3102 4861 3386 4930 episcopus
3419 4867 3543 4918 uni-

2042 4962 2060 4994 ι
2092 4945 2316 5000 versalis
2340 4944 2637 5002 Ecclesiae:
2687 4947 2839 5013 Quod
2893 4964 2989 5017 per
3037 4959 3269 5005 vestram
3320 4968 3546 5009 venera-

2045 5056 2062 5087 ι
2098 5037 2295 5091 tionem
2331 5037 2488 5092 debet
2514 5038 2579 5093 ad
2613 5038 3150 5096 Donatistas‘deferri
3206 5047 3543 5111 mandatum,

2048 5147 2065 5179 ι
2101 5130 2288 5183 audire
2322 5140 2376 5182 et
2401 5131 2537 5185 actis
2582 5130 2824 5185 inserere
2851 5141 2907 5185 et
2956 5134 3022 5187 ad
3074 5134 3219 5202 ipsos
3269 5137 3543 5207 deportari

2041 5238 2059 5269 ι
2091 5233 2282 5274 curare
2331 5221 2508 5276 velitis
2550 5230 2607 5276 et
2658 5237 2845 5276 eorum
2895 5239 3084 5279 rursus
3137 5230 3542 5295 responsionem

2046 5328 2063 5360 ι
2102 5326 2194 5379 per
2230 5324 2408 5366 vestra
2459 5321 2579 5367 acta
2626 5315 2783 5369 nobis
2828 5316 3134 5373 ostendere.
3180 5318 3549 5378 Convenimus

2045 5425 2064 5455 ι
2097 5421 2189 5459 eos
2247 5407 2577 5473 authentico,
2636 5410 2784 5464 missi
2833 5427 2861 5464 a
2896 5425 3082 5467 nostra
3115 5416 3424 5470 autiteutica
3460 5432 3549 5487 sy-

2053 5516 2071 5546 ι
2103 5498 2262 5559 nodo,
2295 5500 2571 5566 cupientes
2615 5501 2681 5554 de
2737 5515 2913 5557 vestra
2964 5508 3304 5560 correctione
3346 5508 3546 5563 tartari.

2047 5609 2065 5641 ι
2099 5588 2311 5643 Scimus
2337 5593 2480 5645 ettitn
2532 5591 2873 5648 dilectionem
2930 5595 3165 5661 Domini,
3222 5597 3311 5664 qni
3363 5598 3548 5654 dixit:

2043 5698 2060 5728 ι
2101 5679 2243 5733 licati
2274 5682 2505 5750 pacilici,
2543 5685 2796 5751 quoniam
2824 5684 2993 5754 628
3023 5686 3120 5753 ipsi
3180 5675 3281 5736 lilii.
3326 5683 3417 5737 Dei
3455 5699 3549 5737 vo-

2046 5790 2062 5820 ι
2096 5773 2382 5827 cabantur.
2423 5792 2441 5824 ›
2490 5771 2598 5829 N05
2633 5792 2847 5847 quoque
2882 5792 2977 5845 per
3005 5776 3324 5841 proplte'atn
3362 5778 3557 5833 ntimo.
