3976 6414
386 314 496 376 327
1116 382 1119 387 _
1657 316 1940 377 THEOD.
1982 315 2388 379 BALSAMON
3552 311 3652 376 323

461 447 481 479 ε
519 428 704 491 clesia,
741 443 862 497 quae
891 442 987 484 eos
1021 432 1111 499 pio
1140 431 1192 485 in
1223 432 1443 486 Christo
1491 441 1646 486 utcro
1679 433 1884 501 genuit,
1913 439 1968 484 et
1995 431 2031 491 Α

2150 450 2169 480 σ
2218 430 2949 504 σιωπήσωμεν,ὲπιόουλαῖς
2997 430 3239 500 συσχεῖν,
3293 427 3389 482 καί
3444 445 3555 481 τισι
3608 427 3658 481 δὲ

459 540 478 571 ι
518 521 625 575 [ide
650 522 1070 580 conﬁrmatione
1105 525 1258 591 aluit,
1298 538 1485 579 eorum
1531 539 1745 593 quoque
1774 523 1957 593 provis

2157 540 2175 573 ι
2222 522 2302 574 ἔτι
2335 523 2440 593 μὴν
2462 523 2785 593 ἐκκλησίαις
2820 521 3125 593 ἐπέϐησαν,
3154 522 3249 574 καὶ
3282 519 3471 584 ἄλλαις
3505 519 3662 573 ἐπελ-

464 629 483 661 ι
523 610 705 665 dentia
735 612 1043 677 muniatur;
1086 627 1150 666 ne
1176 613 1315 668 forte
1344 615 1574 667 audaces
1603 621 1657 668 et
1687 613 1957 667 temerarii

2156 633 2175 666 ι
2224 614 2339 667 θεῖν
2361 617 2561 685 ὁμοίως
2594 616 2992 687 ὲπειράϐησαν,
3018 616 3118 684 τῆς
3142 613 3323 668 αὐτῶν
3357 611 3660 682 φιλανθρωο

462 721 480 753 ι
527 701 796 766 hemines,
825 705 880 755 in
930 704 1193 773 religiosis
1218 721 1405 760 eorum
1450 706 1806 774 temporibus,
1845 716 1958 760 ter-

2152 725 2183 757 r
2221 707 2351 771 πίας
2375 707 2560 763 λοιπόν
2594 711 2709 763 ἐστι
2731 711 3149 777 προνοῇσαοθαι,
3181 707 3267 760 ἵνα
3309 708 3339 775 ἠ
3399 704 3660 776 καθολικὴ

462 812 481 843 ι
534 808 657 846 rore
681 793 867 862 aliquo
898 798 950 847 in
983 795 1151 849 bonos
1182 797 1410 865 populos
1442 797 1776 850 dominatum
1808 796 1956 851 obti-

2155 818 2172 849 ι
2222 799 2544 867 Ἐκκλησία,
2576 803 2609 871 ὴ
2647 802 2843 864 αὐτοὺς
2881 800 3255 869 θρησκευτικῇ
3280 796 3504 869 Χριστῷ
3537 813 3659 865 γεν-

459 904 478 935 ‹
524 896 719 950 neant;
763 885 1019 954 quoniam
1052 902 1149 941 eos
1188 888 1575 955 persnadentes
1607 902 1959 958 corrumpere

2154 908 2173 941 ι
2218 892 2430 957 νήσοισι
2457 894 2677 963 γαστρὶ,
2708 893 2799 944 καὶ
2830 894 2895 962 τῇ
2923 890 3212 961 βεϐα.ώσει
3270 889 3370 958 τῆς
3424 890 3660 949 πίστεως

461 995 479 1025 ι
520 991 628 1033 non
682 988 926 1046 possunt.
976 977 1263 1047 Cognitum
1309 981 1451 1034 enim
1485 989 1589 1047 est,
1636 991 1691 1035 et
1751 982 1960 1050 legibus

2156 999 2176 1030 ι
2216 981 2551 1050 ἐκθρέψασα,
2579 985 2644 1052 τῇ
2670 980 2850 1034 αὐτῶν
2871 982 2951 1033 ἔτι
2984 980 3090 1050 μὴν
3116 982 3341 1049 προνοίᾳ
3366 976 3616 1048 ὀχυρωθῇ
3642 992 3657 1007 ·

456 1088 473 1120 ι
519 1084 658 1139 saepe
691 1071 1087 1139 proclamatur,
1131 1089 1374 1140 quzenam
1417 1088 1631 1136 eorum,
1668 1075 1758 1142 qui
1801 1089 1960 1144 sepa-

2155 1091 2172 1123 ι
2224 1074 2432 1141 μήποτε
2469 1076 2763 1142 προπετεῖς
2809 1071 3081 1141 ἅνθρωποι
3132 1070 3364 1123 ἐπὶτῶν
3415 1067 3659 1123 εὐσεϐῶν

458 1176 479 1210 ‹
523 1172 695 1213 ratam
744 1160 945 1214 habent
982 1163 1481 1232 congregationem,
1513 1166 1851 1217 exsecranda
1883 1161 1963 1215 fa-

2152 1182 2172 1215 ι
2220 1165 2400 1218 αὐτῶν
2437 1166 2644 1236 χρόνων
2675 1164 2823 1234 φόϐῳ
2844 1165 2951 1217 τινὶ
2979 1164 3090 1216 τῶν
3117 1162 3360 1215 ἀσθενῶν
3384 1160 3528 1213 λαῶν
3561 1176 3667 1212 κα-

458 1269 478 1302 ‹
518 1253 626 1306 ciat
674 1253 989 1319 multitudo,
1030 1269 1150 1323 quae
1179 1256 1340 1307 etiam
1398 1271 1540 1323 sarpe
1581 1256 1958 1322 praedictorum

2152 1273 2170 1304 ι
2216 1254 2738 1309 ταδυναστεύσωσιν.
2785 1256 3000 1322 Ἐπειδὴ
3018 1254 3402 1313 ὐποπείθοντες
3416 1249 3660 1313 τούτους,

459 1359 479 1392 ι
519 1343 1052 1411 religiosissimornm
1109 1347 1493 1416 imperatorum
1536 1347 1773 1401 decretis
1829 1362 1961 1401 cnn-

2151 1363 2171 1396 ι
2212 1347 2656 1414 ἀποφαυ).ίσαιού
2670 1347 2944 1401 δύνανται.
2974 1345 3407 1414 Ἕγνωσταιγάρ
3428 1343 3663 1396 καὶπολ-

458 1455 477 1486 ‹
524 1436 776 1490 demnata
806 1447 952 1492 sunt.
988 1438 1263 1493 Adversus
1307 1455 1437 1507 ergo
1468 1440 1685 1493 illormn
1719 1441 1961 1495 insanias

2154 1457 2171 1488 ι
2219 1438 2377 1500 λάκις
2400 1441 2512 1501 τοῖς
2542 1440 2729 1509 νόμοις
2771 1438 3033 1492 ὲκϐοάται
3084 1437 3190 1490 τῶν
3236 1432 3663 1506 παρασυναγόν-

456 1546 474 1575 ‹
520 1541 808 1595 possumus
831 1529 1014 1582 divina
1039 1530 1238 1583 auxilia
1268 1531 1552 1598 consequi,
1588 1546 1690 1584 non
1728 1534 1958 1599 insueta,

2156 1547 2173 1579 ι
2223 1533 2401 1600 τωνὴ
2457 1531 2719 1600 βδελυκτὴ
2780 1532 3011 1599 πληθὺς,
3059 1532 3190 1583 ποῖα
3243 1526 3659 1598 διαπράττεται,

460 1637 477 1668 ι
519 1635 616 1673 nec
652 1620 825 1674 aliena
854 1662 868 1686 ,
903 1622 995 1674 sed
1046 1637 1075 1675 a
1106 1623 1310 1675 sanctis
1353 1622 1650 1691 Scripturis
1683 1641 1696 1677 :
1744 1626 1958 1690 quando

2152 1639 2170 1670 ι
2220 1620 2379 1674 ἅτινα
2401 1623 2494 1674 καὶ
2528 1623 2785 1685 πολλάκις
2816 1625 2927 1684 τοῖς
2951 1620 3316 1684 θεσπίσμασιν
3341 1616 3522 1672 αὐτῶν
3547 1615 3662 1669 τῶν

457 1729 477 1761 ‹
515 1709 717 1766 Paulus
747 1713 1052 1780 apostolus,
1087 1724 1146 1767 ut
1170 1714 1312 1767 veris
1337 1716 1708 1783 aposmlorum
1735 1715 1959 1769 Actibus
1997 1772 2027 1784 _

2152 1732 2169 1765 ι
2221 1713 2623 1784 προλεχθέντων
2655 1713 3059 1766 εὐσεϐεστάτων
3090 1710 3505 1781 αὐτοκρατόρων
3559 1723 3666 1762 κα-

464 1822 479 1853 ι
521 1804 857 1858 declaratum
885 1815 987 1869 est,
1016 1806 1365 1860 insolentium
1399 1817 1449 1858 et
1481 1806 1829 1860 factiosorum
1862 1807 1963 1858 ho-
1997 1772 2034 1827 Β

2148 1825 2165 1855 ι
2215 1772 2634 1874 τέδικάσθησαν.
2671 1806 2828 1859 Κατά
2878 1801 2971 1858 οὖν
3025 1805 3124 1872 τῆς
3167 1802 3390 1855 ἐκείνων
3458 1799 3662 1868 μανίας

457 1914 477 1945 ι
519 1897 721 1948 ιιιὶιιιιιιι
770 1898 1231 1967 conspirationem
1281 1899 1499 1951 militari
1546 1898 1750 1951 auxilio
1795 1900 1962 1966 depu-

2145 1916 2163 1946 ι
2210 1896 2490 1964 δυνάμεθα
2517 1896 2835 1965 συμμαχίας
2875 1895 3025 1959 θείας
3051 1896 3257 1963 τυχεῖν,
3287 1893 3387 1945 οὐκ
3447 1889 3657 1960 ἀήθους

455 2008 474 2037 ι
521 1989 600 2041 lit.
676 1986 786 2043 Nos
830 2005 960 2059 ergo
1004 1993 1106 2045 hoc
1144 1991 1405 2060 petimus,
1458 2002 1519 2045 ut
1560 1992 1962 2047 universalibus

2144 2012 2162 2042 ι
2207 1989 2284 2052 δὲ,
2346 1989 2468 2041 οὐδὲ
2514 1988 2824 2057 ἀλλοτρίας,
2880 1986 2994 2040 ἀλλ’
3024 1988 3132 2041 ἀπὸ
3160 1987 3267 2041 τῶν
3299 1984 3470 2055 ἁγίων
3500 1983 3655 2053 Γρα-

455 2100 472 2127 ‹
520 2078 883 2135 Ecclesiarum
931 2083 1236 2147 ordinibus,
1271 2082 1324 2135 in
1371 2098 1695 2151 unaquaque
1739 2084 1962 2136 civitate

2142 2100 2159 2132 ‹
2205 2081 2320 2150 φῶν
2353 2094 2367 2110 ⁸
2392 2082 2594 2134 ὁπόταν
2622 2080 2834 2142 Παῦλος
2860 2081 2887 2131 ό
2911 2077 3230 2141 ἀπόστολος.
3258 2078 3335 2138 ὡς
3367 2077 3487 2138 ταῖς
3518 2074 3661 2142 ἀλη-

452 2189 473 2221 ‹
515 2181 568 2225 et
596 2174 647 2224 in
670 2172 902 2227 diversis
944 2173 1101 2235 locis,
1126 2173 1428 2226 vicinarum
1455 2188 1792 2243 quarmnqne
1835 2188 1959 2242 pos-

2141 2192 2159 2223 ι
2210 2172 2384 2234 θιναῖς
2416 2171 2658 2240 Πράξεσι
2686 2170 2794 2223 τῶν
2826 2169 3141 2223 ἀποστόλων
3182 2167 3502 2235 δεδήλωται,
3556 2163 3665 2233 τὴν

459 2279 479 2312 ι
522 2263 856 2329 sessionum,
904 2262 1024 2317 sine
1066 2278 1218 2317 mora
1270 2266 1519 2317 custodia
1552 2274 1607 2318 et
1651 2265 1958 2332 praesidium

2147 2283 2165 2314 ι
2211 2264 2516 2332 σύμπνοιαν
2573 2262 2682 2315 τῶν
2720 2262 2973 2316 ἀτάκτων
3019 2260 3350 2328 ἀπεκίνησεν
3409 2256 3660 2327 βοηθείᾳ.

455 2367 475 2400 ι
523 2353 850 2420 prmbeatur.
899 2352 1072 2405 Simul
1125 2353 1230 2407 hoc
1275 2369 1489 2423 quoque
1515 2355 1802 2422 petendum
1835 2364 1917 2408 est
1945 2394 1958 2417 ,

2143 2374 2159 2405 ι
2218 2356 2411 2423 ἸΙμεῖς
2448 2357 2629 2408 τοίνυν
2654 2353 2813 2406 τοῦτο
2844 2351 3126 2421 αἰτοῦμεν,
3158 2352 3245 2403 ἵνα
3288 2354 3407 2411 ταῖς
3433 2346 3662 2401 καθολι-

451 2462 472 2494 ι
514 2453 573 2496 ιιι
614 2444 782 2512 legem
822 2443 984 2497 latam
1028 2460 1058 2497 a
1101 2445 1202 2514 piae
1245 2447 1521 2499 memoriae
1558 2459 1746 2500 eorum
1798 2444 1962 2500 Patre

2141 2465 2158 2496 ι
2207 2448 2327 2509 καῖς
2349 2446 2535 2512 τάξεσι
2564 2447 2674 2498 τῶν
2706 2444 3013 2515 ἐκκλησιῶν
3073 2444 3176 2497 ἀνά
3216 2443 3453 2510 ἑκάστην
3500 2440 3660 2493 πόλιν

460 2553 477 2585 ι
522 2533 854 2599 Theodosio,
880 2534 948 2589 tle
980 2537 1167 2590 decem
1216 2522 1369 2591 libris
1399 2537 1514 2590 auri
1548 2537 1815 2591 adversus
1844 2539 1958 2589 hae-

2137 2558 2153 2587 c
2201 2538 2304 2591 ἀνά
2358 2537 2648 2608 διαφόρους
2702 2538 2899 2597 τόπους
2947 2535 3056 2589 τῶν
3113 2534 3471 2602 γειτονουσῶν
3520 2534 3656 2586 ixi-

454 2645 470 2676 ι
513 2627 713 2681 retices
757 2627 847 2695 qui
891 2627 1146 2681 ordinant
1204 2639 1260 2682 et
1328 2629 1652 2682 ordinantur
1701 2639 1956 2692 servent;

2141 2648 2158 2680 ι
2204 2647 2344 2682 στων
2373 2632 2642 2697 κτήσεων,
2671 2628 3057 2699 ἀνυπερθέτως
3077 2625 3447 2694 παραφυλακὴ
3472 2641 3655 2694 παρα-

452 2738 471 2770 ι
517 2727 781 2787 pra-terea
825 2731 1007 2775 autem
1043 2732 1098 2775 et
1123 2722 1383 2776 adversus
1414 2737 1779 2791 possessores,
1815 2724 1952 2791 apud

2142 2740 2159 2768 ι
2206 2722 2394 2791 axx-20f}.
2427 2724 2577 2791 Ἅμα
2605 2722 2700 2774 καὶ
2729 2720 2888 2774 τοῦτο
2918 2720 3029 2772 δεῖν
3065 2718 3310 2820 αἰτῆσαι,
3369 2718 3512 2771 ὥστε
3559 2717 3652 2768 τὸν

448 2830 467 2864 ι
516 2828 653 2882 quos
721 2813 939 2867 illorum
1010 2814 1228 2867 inventa
1312 2811 1479 2868 fuerit
1559 2816 1950 2883 congregatio:

2141 2832 2158 2862 ι
2200 2813 2363 2883 νόμον
2413 2815 2504 2866 τὸν
2571 2813 2859 2867 ἐκτεθέντα
2920 2810 3070 2881 παρὰ
3119 2806 3213 2864 τοῦ
3262 2811 3360 2880 τῆς
3393 2806 3653 2870 εὐσεῆοῦς

447 2920 466 2953 ι
515 2902 712 2958 deinde
756 2904 836 2959 sic
865 2918 986 2957 eam
1025 2904 1195 2974 legem
1253 2906 1569 2960 conlirmari
1594 2908 1848 2975 jubeant,
1898 2916 1957 2959 ut

2139 2923 2155 2954 ι
2209 2906 2433 2975 μνήμης
2466 2906 2705 2976 Πατέρος
2734 2904 2914 2959 αὐτῶν
2936 2902 3239 2966 Θεοδοσίου,
3269 2905 3359 2955 τὸν
3387 2902 3515 2971 περὶ
3541 2902 3648 2954 τῶν

414 3013 466 3046 -ι
511 2996 776 3051 adversus
815 3011 910 3050 eos
952 3000 1166 3061 valeat,
1212 3008 1431 3067 propter
1461 3013 1691 3066 quorum
1727 2997 1956 3051 insidias

2140 3018 2157 3048 (
2205 2999 2336 3051 δέκα
2369 2998 2460 3050 τοῦ
2490 2996 2719 3070 χρυσίου
2740 2997 2962 3068 λιτρῶν,
2991 2997 3082 3050 τὸν
3110 2995 3253 3049 κατά
3276 2995 3385 3049 τῶν
3406 3010 3654 3064 χειροτο-

446 3104 468 3140 ι
510 3088 571 3153 ii,
618 3090 709 3158 qui
738 3090 1019 3143 catholicae
1048 3090 1306 3143 Ecclesia:
1326 3105 1511 3143 curam
1531 3092 1813 3158 gerebant,
1862 3106 1956 3158 per
1983 3117 2016 3172 ς

2137 3107 2155 3137 ι
2201 3088 2437 3142 νούντων
2464 3092 2559 3142 καὶ
2586 3088 3088 3159 χειροτονουμένων
3130 3087 3423 3158 αίρετικῶν
3479 3086 3657 3154 φυλά-

445 3198 464 3229 ι
506 3180 879 3235 testimonium
916 3181 1144 3249 depositi
1192 3192 1359 3246 sunt;
1404 3193 1464 3235 ut
1490 3181 1593 3235 hoc.
1616 3182 1807 3236 saltem
1841 3192 1952 3236 ter-

2135 3200 2152 3231 ι
2201 3180 2384 3245 ξωσιν,
2418 3181 2498 3233 ἔτι
2538 3181 2644 3251 μὴν
2670 3180 2767 3234 καὶ
2815 3181 2963 3233 κατὰ
3018 3179 3126 3233 τῶν
3187 3179 3467 3249 κτητόρων
3514 3175 3655 3248 παρ’

445 3288 464 3320 ι
508 3285 636 3326 rore
672 3287 701 3324 a
738 3270 1007 3327 faciendis
1035 3273 1447 3339 schismatibus,
1491 3284 1545 3327 et
1576 3273 1645 3327 ab
1678 3274 1953 3328 haeretico-

2137 3292 2155 3325 ι
2201 3268 2343 3344 οἷςὴ
2378 3274 2603 3327 ἐκείνων
2659 3273 2856 3343 εὑρεθῇ
2921 3270 3259 3340 συναγωγή·
3312 3265 3413 3321 εἷθ’
3472 3266 3652 3333 οὕτως

447 3383 463 3414 ι
504 3380 620 3418 rum
660 3364 1008 3434 improbitate
1047 3377 1289 3430 cessent,
1340 3368 1431 3435 qui
1478 3368 1669 3422 aeterni
1703 3368 1948 3437 supplicii

2136 3385 2153 3414 ι
2203 3366 2567 3436 βεϐαιωθῆναι
2597 3366 2687 3419 τὸν
2719 3363 2981 3428 τοιοῦτον,
3015 3355 3089 3415 ὧν
3131 3362 3219 3415 διὰ
3264 3361 3365 3422 τὰς
3422 3359 3651 3433 ἐπιϐου-

448 3475 466 3506 ‹
511 3457 972 3525 contemplatione
1000 3459 1243 3529 purgari,
1266 3472 1321 3514 et
1344 3460 1543 3531 corrigi
1573 3459 1852 3515 diﬂ‘ernnt.
1889 3461 1953 3513 ll-

2136 3475 2155 3511 ι
2208 3458 2303 3520 λάς
2339 3459 2387 3510 oi
2418 3462 2517 3526 τῆς
2547 3458 2840 3527 καθολικῆς
2880 3455 3286 3527 προ-τραπέντες
3314 3454 3404 3506 διὰ
3433 3470 3652 3523 μαρτυ-
3686 3480 3690 3487 ε

449 3568 469 3600 ι
511 3550 601 3603 lud
656 3560 916 3619 prasterea
960 3555 1251 3619 petendum
1305 3561 1390 3607 est
1438 3563 1494 3606 ut
1526 3568 1714 3608 eorum
1751 3555 1952 3622 pietate

2138 3570 2157 3602 ι
2203 3552 2328 3622 ρίαν
2361 3552 2627 3605 ἀπέθεντο
2663 3568 2678 3584 ο
2712 3553 2800 3605 ἶνα
2832 3550 2934 3604 κάν
2965 3550 3141 3619 τούτῳ
3172 3550 3246 3618 τῷ
3278 3548 3427 3617 φόϐῳ
3457 3548 3523 3601 ὲκ
3551 3547 3648 3599 τοῦ

460 3661 478 3694 ι
521 3644 607 3697 lex
641 3656 762 3711 quae
818 3643 983 3697 etiam
1028 3643 1307 3712 hucusque
1345 3646 1580 3710 duravit,
1640 3659 1948 3708 renovetur,

2143 3664 2162 3695 ι
2211 3646 2384 3698 ποιεῖν
2440 3643 2712 3714 σχίσματα
2768 3643 2865 3696 καὶ
2916 3641 3022 3697 ἀπὸ
3071 3642 3170 3711 τῆς
3214 3640 3323 3693 τῶν
3350 3639 3650 3709 αίρετικῶν

448 3756 466 3789 ι
509 3752 740 3806 quaeque
785 3738 901 3791 sive
957 3753 1022 3792 ex
1069 3740 1478 3805 donationibus,
1520 3742 1637 3796 sive
1667 3756 1733 3795 ex
1785 3750 1952 3795 testa-

2132 3756 2149 3786 ι
2198 3735 2533 3806 φαυλότητος
2571 3737 2893 3789 παύσωνται
2942 3734 2991 3787 oi
3044 3736 3109 3804 τῇ
3167 3733 3491 3798 κατανοήσει
3542 3731 3651 3799 τῆς

446 3845 463 3878 ι
508 3830 706 3883 mentis
744 3830 1036 3900 quidquam
1069 3832 1316 3900 capiendi
1347 3833 1426 3887 vel
1475 3833 1835 3903 relinquendi,
1870 3844 1948 3898 et,

2131 3847 2148 3878 ι
2197 3825 2422 3889 αίωνίας
2462 3825 2739 3890 κολάσεως
2784 3824 3128 3894 καθαρθῆναι
3160 3824 3253 3876 καὶ
3285 3822 3649 3889 διορθωθῆναι

445 3940 463 3971 ι
505 3934 559 3975 ιιι
584 3922 755 3976 semel
778 3922 981 3989 dicam,
1024 3924 1245 3991 propria
1280 3924 1364 3978 vel
1399 3924 1712 3994 relinquere
1748 3926 1829 3978 vel
1859 3940 1951 3979 ca-

2132 3934 2149 3966 ι
2198 3915 2639 3986 ὑπερτιθέμενοι.
2685 3917 2919 3968 Κάκεῖνο
2957 3914 3037 3967 ἔτι
3098 3912 3204 3983 μὴν
3267 3914 3488 3983 αἰτῆσαι
3542 3913 3648 3975 δεῖ,

443 4029 460 4059 ι
506 4025 633 4077 pere
658 4010 793 4064 tollit
825 4022 1147 4078 potestatem
1193 4010 1496 4077 llmreticis,
1519 4014 1611 4082 qui
1641 4014 1691 4065 in
1718 4014 1952 4081 propria:

2142 4026 2159 4057 ι
2207 4007 2298 4061 ἵνα
2324 4009 2391 4077 τῇ
2422 4006 2603 4061 αὐτῶν
2628 4006 2885 4078 εὐσεϐείᾳ
2907 4008 2935 4060 ό
2963 4007 3058 4059 καὶ
3097 4005 3258 4076 μέχρι
3290 4004 3385 4057 τοῦ
3442 4004 3653 4073 παρόν-

436 4113 454 4145 ι
499 4093 665 4165 630
695 4096 1065 4163 persuasionis
1092 4098 1299 4151 insania
1325 4098 1583 4152 excaecati
1616 4108 1764 4160 sunt,
1798 4107 1853 4151 et
1897 4097 1949 4150 in

2131 4117 2149 4149 ι
2191 4116 2282 4161 τος
2321 4100 2484 4169 νόμος
2505 4099 2940 4168 ὲπαναληφθείη,
2985 4100 3012 4150 ό
3041 4097 3140 4167 τὴν
3197 4098 3480 4166 εὐχέρειαν
3532 4095 3649 4153 τῶν

446 4208 462 4237 ι
510 4188 914 4242 Donatistarum
941 4204 1132 4247 errore
1154 4191 1342 4243 volunt
1365 4204 1708 4259 permanere.
1740 4190 1829 4242 Eis
1856 4205 1953 4242 au-

2134 4209 2152 4240 ι
2200 4190 2490 4261 αἱρετικῶν
2515 4190 3049 4261 ἀφαιρούμενος,τοῦ
3079 4189 3189 4242 εἴτε
3223 4188 3333 4243 ἀπὸ
3361 4186 3643 4256 διαθηκῶν

454 4299 471 4330 ι
525 4289 658 4344 tem,
684 4280 776 4348 qui
807 4281 1024 4335 unionis
1079 4292 1138 4337 et
1177 4282 1328 4350 pacis
1368 4280 1830 4349 contemplatione
1867 4295 1949 4334 se-

2134 4302 2152 4333 ‹
2200 4284 2426 4347 τούτους
2464 4283 2727 4336 δύνασθαι
2752 4283 3053 4352 λαμϐάνειν
3088 4282 3140 4335 τί
3188 4299 3340 4345 ποτε,
3388 4280 3422 4350 ἢ
3466 4297 3646 4334 κατα-

446 4388 462 4419 ι
505 4368 653 4438 ipsos
698 4371 884 4425 volunt
912 4372 1209 4442 corrigere,
1231 4387 1392 4440 supra
1414 4370 1598 4439 posita:
1627 4370 1760 4440 legis
1793 4386 1950 4440 aper-

2134 4394 2153 4428 ι
2199 4376 2515 4446 λιμπάνειν,
2545 4374 2639 4428 καὶ
2673 4374 2858 4437 ἅπλῶς
2882 4375 3083 4438 εἰπεῖν,
3113 4371 3207 4427 τοῦ
3233 4375 3342 4426 εἴτε
3367 4373 3643 4442 καταλιμ-

449 4478 470 4512 ι
518 4469 605 4515 tus
633 4461 705 4514 sit
733 4477 952 4527 sensus,
990 4473 1048 4516 ut
1091 4460 1364 4530 accipiant
1410 4459 1827 4538 haereditatem;
1900 4461 1943 4515 si
1976 4461 2019 4522 D

2130 4486 2149 4520 ι
2197 4468 2387 4521 πάνειν
2414 4484 2486 4533 τι,
2521 4468 2631 4520 είτε
2656 4466 2956 4536 λαμϐάνειν
2982 4467 3050 4519 τὰ
3070 4466 3184 4521 ῑδια
3213 4466 3505 4536 ἀφέληται.
3527 4465 3646 4518 τῶν

449 4566 469 4600 ι
516 4549 580 4603 iis
605 4549 784 4604 adhuc
812 4551 944 4619 ipsis
967 4552 1019 4603 in
1049 4551 1426 4604 hatreticorum
1461 4564 1650 4604 errore
1672 4551 1946 4604 constitu-

2129 4578 2147 4610 ι
2194 4561 2259 4630 τῇ
2291 4559 2461 4630 μανίᾳ
2493 4558 2589 4611 τοῦ
2659 4559 2800 4611 ἰδίου
2861 4560 3166 4627 πείσματος
3231 4556 3644 4626 τυφλωθέντων,

448 4658 467 4690 ι
508 4641 576 4694 tis
609 4641 811 4709 aliquid
835 4656 902 4695 ex
928 4644 1220 4696 donatione
1244 4640 1327 4694 vel
1353 4640 1666 4694 haereditate
1683 4641 1941 4695 obvenit:

2126 4668 2144 4700 ι
2189 4650 2283 4702 καὶ
2348 4652 2405 4703 ἐν
2458 4652 2525 4719 τῇ
2563 4649 2674 4702 τῶν
2726 4650 3065 4702 Δονατιστῶν
3128 4648 3303 4719 πλάνη
3356 4646 3642 4716 ἐπιμένειν

446 4752 464 4784 ι
508 4737 755 4804 exceptis
786 4735 993 4790 scilicet
1021 4735 1149 4799 illis,
1179 4735 1271 4803 qui
1300 4744 1587 4803 postquam
1637 4733 1690 4786 in
1730 4733 1818 4802 jus
1851 4749 1945 4788 vo-

2133 4760 2152 4791 ι
2201 4740 2566 4810 βουλομένων.
2596 4739 2719 4803 Τοῖς
2754 4741 2810 4793 δὲ
2843 4742 2908 4810 τῇ
2934 4741 3262 4810 κατανοήσει
3302 4738 3400 4807 τῆς
3451 4738 3641 4806 ἑνότη-

449 4841 465 4873 ι
513 4824 619 4878 cati
657 4824 881 4890 fuerint,
928 4824 1315 4878 existimarunt
1344 4837 1404 4876 se
1440 4820 1637 4876 dc;.ere
1658 4825 1724 4876 ad
1755 4824 1946 4876 catho-

2127 4852 2144 4882 ι
2192 4849 2284 4895 τος
2317 4833 2413 4885 καὶ
2444 4832 2667 4901 εἰρήνης
2721 4832 2951 4895 ἑαυτοὺς
3002 4829 3400 4897 διορθώσασθαι
3452 4827 3641 4898 βουλος

440 4935 456 4963 ι
503 4916 663 4970 licam
722 4917 1021 4972 Ecclesiam
1048 4916 1308 4983 transire.
1344 4914 1417 4969 De
1447 4915 1510 4969 iis
1542 4916 1683 4968 enim
1714 4916 1942 4969 creden~

2127 4944 2145 4974 ι
2198 4924 2381 4993 μένοις
2412 4924 2812 4994 ὑπερκειμένου
2841 4921 2935 4974 τοῦ
2975 4920 3219 4975 τοιούτου
3264 4921 3431 4989 νόμου
3493 4922 3643 4972 ἀνοι·

440 5025 458 5057 ε
509 5009 633 5062 dum
680 5017 784 5076 est,
822 5023 918 5063 eos
956 5024 1062 5061 non
1099 5020 1245 5061 metu
1297 5008 1538 5063 (celestis
1568 5008 1761 5079 judicii
1790 5047 1804 5070 ,
1851 5009 1944 5062 sed

2125 5035 2142 5064 ι
2191 5013 2347 5083 χθείη
2375 5017 2408 5081 ἡ
2442 5014 2705 5083 ἀκρόασις
2747 5012 2842 5065 τοῦ
2874 5011 3171 5082 λαμϐάνειν
3223 5011 3590 5082 κληρονομίαν
3620 5029 3635 5043 ·

434 5123 449 5153 ι
501 5115 734 5158 terrena:
768 5099 1145 5169 amplitudinis
1169 5099 1467 5154 insatiabili
1493 5097 1818 5167 cupiditate,
1849 5114 1943 5151 ca-

2122 5125 2139 5157 ι
2186 5108 2233 5159 εί
2264 5106 2356 5158 καὶ
2385 5105 2465 5157 ἔτι
2489 5105 2700 5168 τούτοις
2732 5107 2914 5168 αὐτοῖς
2966 5107 3025 5157 έν
3067 5108 3132 5175 τῇ
3180 5102 3288 5157 τῶν
3343 5104 3637 5174 αἱρετικῶν

442 5216 461 5245 ι
508 5193 761 5248 tholicam
790 5192 1044 5245 unionem
1077 5192 1436 5246 desiderasse.
1485 5191 1565 5245 Ad
1612 5192 1725 5245 haec
1762 5201 1941 5243 autem

2125 5216 2142 5247 ι
2202 5196 2382 5269 πλάνῃ
2413 5197 2717 5251 καθεστῶσι
2744 5195 3122 5267 προσαρμόζει
3160 5196 3213 5247 τί
3238 5212 3370 5249 ποτε
3399 5197 3506 5249 ἀπο
3532 5197 3639 5248 δω-

436 5308 454 5337 ι
495 5286 701 5351 οιιιιιὶιι,
738 5284 942 5339 auxilio
973 5299 1108 5352 opus
1137 5296 1221 5338 est
1248 5284 1639 5354 dynastiarinm
1686 5284 1943 5337 uniuscu-

2126 5307 2143 5337 ι
2194 5289 2384 5359 ρεᾶςῆ
2422 5288 2809 5358 κληρονομίας,
2844 5272 3198 5357 ἐξῃρημένων
3250 5288 3476 5341 ἐκείνων
3541 5288 3637 5358 δη-

439 5399 456 5430 ι
495 5379 696 5446 jusqne
728 5376 1038 5445 provinciae
1083 5376 1252 5430 Porro
1277 5387 1334 5430 et
1367 5376 1409 5429 si
1437 5374 1567 5443 quid
1588 5373 1730 5427 aliud
1767 5373 1943 5426 anim-

2124 5397 2141 5429 ι
2186 5378 2319 5448 λαδὴ
2350 5379 2544 5441 οἵτινες
2582 5379 2723 5446 μετὰ
2747 5380 2806 5431 τὸ
2830 5382 2912 5442 εἰς
2937 5379 3095 5448 δίκην
3121 5378 3415 5449 ὲναχθῆναι
3450 5379 3632 5448 ἐλογί-

440 5489 457 5521 ι
502 5470 835 5522 adverterint
927 5469 1317 5523 ecclesiasticae
1398 5466 1620 5519 utilitati
1670 5465 1942 5529 conferre,

2125 5490 2142 5521 ι
2194 5488 2355 5523 σαντο
2384 5470 2641 5539 ὀφείλειν,
2672 5470 2809 5539 πρὸς
2848 5472 2946 5540 τὴν
2974 5471 3272 5541 καθολικὴν
3327 5470 3632 5539 μετελθεῖν.

442 5579 460 5608 ι
507 5562 605 5614 hoc
638 5560 928 5629 peragendi
976 5569 1031 5613 et
1081 5559 1397 5629 perﬁciendi
1430 5558 1653 5612 liberam
1704 5558 1947 5611 tlt’t'el‘lll-

2124 5582 2141 5613 ι
2190 5564 2324 5633 Περὶ
2346 5562 2453 5630 γὰρ
2483 5561 2590 5614 τῶν
2619 5563 2877 5615 τοιούτων
2909 5552 3220 5615 πιστευτέον
3256 5560 3404 5613 ἐστὶν
3458 5562 3533 5630 μὴ
3560 5560 3634 5628 τῷ

443 5670 462 5703 ι
507 5668 630 5706 ntus
658 5654 1002 5722 legatiOnem.
1048 5654 1180 5708 lilud
1215 5667 1432 5720 quoque
1480 5650 1666 5704 adluec
1718 5651 1939 5718 pimuit,

2123 5675 2139 5705 ι
2190 5655 2339 5725 φόϐῳ
2372 5654 2470 5723 τῆς
2489 5655 2742 5721 οὐρανίου
2773 5654 3027 5725 κρίσεως,
3059 5653 3194 5705 ἀλλά
3238 5655 3304 5723 τῇ
3361 5652 3636 5721 ἀπληστὶᾳ

441 5761 462 5797 ι
503 5757 559 5801 ιιι
609 5746 802 5803 littera:
832 5763 897 5802 ex
928 5758 1116 5804 uestro
1167 5755 1434 5803 conventu
1489 5748 1555 5799 ad
1607 5744 1941 5799 clarissimos

2108 5764 2144 5797 Δι
2196 5744 2293 5816 τῆς
2329 5746 2524 5815 γηῖνης
2546 5744 2929 5809 λυισιτελείας,
2966 5745 3063 5816 τὴν
3094 5743 3390 5813 καθολικὴν
3406 5741 3633 5811 ἑνότητα
