3976 6396
258 297 359 366 329

1281 300 1364 360 IN
1406 299 1570 362 CAN.
1611 297 1790 361 XCVI
1825 296 2033 361 CONC.
2076 297 2452 361 CARTHAG.

3377 299 3484 366 330

328 439 346 472 ι
391 414 737 486 ἐπιποθῆσαι.
776 413 918 487 Πρὸς
944 413 1151 480 τούτοις
1187 414 1244 469 δέ
1276 416 1409 469 πᾶσι
1437 416 1536 484 τῆς
1570 413 1819 485 βοηθείας

1995 431 2012 463 ι
2054 413 2406 482 imperatores
2446 416 2503 465 et
2528 407 2991 479 superemineutes
3040 415 3340 480 potestates
3367 413 3489 465 ιιιὶις

327 529 346 564 ι
393 508 552 582 χρεία
581 508 696 562 ἐστὶ
743 508 852 561 τῶν
895 505 1220 562 δυναστειῶν
1268 507 1504 577 ἑκάστης
1551 504 1820 575 ἐπαρχίας

327 620 346 658 t
398 601 558 665 ιδίας.
595 601 706 656 Καὶ
732 599 856 654 ἄλλο
884 600 964 665 δέ,
989 601 1042 655 εί
1083 617 1137 653 τι
1191 599 1388 671 δήποτε
1426 598 1820 667 κατανοήσουσι

324 711 345 744 ι
389 696 456 763 τῇ
483 692 910 762 ἐκκλησιαστικῇ
935 690 1301 763 χρησιμότητι
1331 688 1665 752 λυσιτελοῦν,
1690 687 1817 742 τοῦ-

324 802 341 835 (
389 799 448 835 το
473 779 896 852 διαπράττεσθαι
923 781 1016 833 καὶ
1066 779 1310 844 ἐξανύειν
1339 778 1682 844 αὐτεξούσιον
1711 777 1819 848 ψη-

322 894 340 925 ι
390 872 664 942 φιζόαεθα
693 871 1117 943 τοποτηρησίαν.
1160 871 1395 928 Κάκεῖνο
1419 869 1474 922 δὲ
1525 869 1660 939 πρὸς
1697 866 1822 920 τού-

321 967 493 1026 ‹’τοις
542 964 761 1035 ἤρεσεν,
809 962 896 1018 ἴνα
945 962 1245 1035 γράμματα
1286 964 1350 1015 ἐκ
1405 960 1506 1030 τῆς
1549 960 1822 1030 ἡμετέρας

319 1077 339 1109 ι
390 1056 752 1118 συνελεύσεως
783 1054 920 1126 πρὸς
968 1057 1092 1118 τοὺς
1153 1054 1524 1120 ἐνδοξοτάτους
1569 1053 1823 1123 βασιλέας

324 1168 343 1201 ι
388 1150 485 1201 καὶ
512 1149 611 1210 τὰς
633 1147 1007 1219 ὑπερεχούσας
1052 1146 1300 1211 ἐξουσίας
1344 1146 1711 1209 ἀποσταλῶσι,
1753 1147 1821 1200 δι’

320 1261 337 1292 ι
381 1235 458 1294 ὧν
487 1239 984 1310 πληροφοροῦνται,
1015 1237 1090 1302 ὡς
1117 1240 1186 1308 τῇ
1229 1240 1544 1291 ’συναινέσει
1604 1239 1821 1292 πάντων

320 1351 338 1384 ι
390 1331 548 1401 ἡμῶν
581 1332 674 1383 ἐπὶ
692 1331 752 1382 τὸ
787 1330 1178 1400 εὐτυχέστατον
1203 1331 1497 1400 κομιτᾶτυν
1546 1330 1672 1393 τούς
1728 1346 1822 1382 το·

318 1438 336 1468 ι
391 1417 706 1487 ποτηρητὰς
769 1417 898 1486 παρ’
965 1418 1124 1488 ἡμῶν
1199 1413 1342 1472 εἶναι
1396 1417 1820 1480 ἀποσταλέντας.

320 1529 337 1559 ι
398 1510 536 1562 Ἀλλ’
597 1509 784 1579 ἐπειδὴ
847 1512 961 1571 τοῖς
1021 1510 1202 1572 αὐτοῖς
1260 1510 1552 1580 γράμμασι
1614 1510 1823 1573 πάντας

320 1622 338 1652 r
388 1603 537 1670 ἡμᾶς
577 1599 892 1670 ὑπογράψαι
925 1599 1252 1671 βραδύτατόν
1280 1603 1419 1664 ἐστι,
1449 1602 1540 1656 ἵνα
1575 1601 1649 1670 μὴ
1699 1602 1822 1664 ταῖς

322 1711 342 1741 (
389 1691 620 1743 ἑκάστου
659 1689 819 1759 ἡμῶν
851 1691 1199 1760 ὐπογραφαῖς
1223 1688 1292 1741 τὰ
1330 1689 1468 1742 αὐτὰ
1521 1689 1823 1759 γράμματα

311 1805 330 1835 ι
381 1782 760 1853 φορτωθῶσιν,
814 1781 1097 1850 αἰτοῦμεν,
1148 1781 1347 1848 ἀδελφέ
1397 1781 1668 1853 Αὐρήλιε,
1734 1781 1823 1834 ἵνα

310 1897 328 1927 ι
379 1877 439 1929 ἐν
468 1874 678 1936 τούτοις
711 1875 745 1943 ἡ
773 1873 838 1944 σὴ
870 1874 1058 1942 ἀγάπη
1103 1873 1418 1944 ὑπογράψαι
1450 1874 1538 1926 ἐπ’
1587 1872 1814 1943 ὀνόματι

314 1987 334 2017 ο
381 1967 600 2020 πάντων
661 1964 816 2034 ἡμῶν
871 1963 1206 2035 καταξιώσῃ.
1273 1965 1386 2018 Καὶ
1447 1962 1772 2034 ὑπέγραψαν
1799 1977 1814 1994 ·

307 2078 327 2108 ι
380 2059 648 2127 Αὐρήλιος
687 2057 983 2120 ἐπίσκοπος
1013 2060 1111 2127 τῆς
1148 2059 1206 2110 ἐν
1257 2057 1568 2128 Καρχηδόνι
1612 2057 1812 2126 ἐκκλη-

314 2171 334 2202 ι
385 2150 508 2212 σίας
542 2149 616 2218 τῷ
646 2149 869 2220 παρόντι
914 2149 1224 2220 ψηφίσματι
1256 2149 1543 2221 συνῄνεσα,
1581 2149 1673 2204 καὶ
1711 2167 1820 2202 πα-

309 2263 328 2292 ι
378 2240 816 2312 ραναγνωσθέντι
848 2239 1161 2310 ὑπέγραψα,
1190 2240 1392 2312 ὁμοίως
1421 2241 1518 2294 κιιι)⁸
1549 2242 1596 2294 οἱ
1633 2239 1812 2294 λοιποὶ

311 2354 332 2386 ‹
378 2331 729 2402 ὑπέγραψαν.
761 2331 1071 2401 Γράμματα
1101 2330 1182 2384 ἐτι
1221 2331 1329 2401 μὴν
1373 2332 1513 2399 πρὸς
1551 2332 1680 2393 τοὺς
1720 2333 1822 2403 ἆρ-

306 2446 324 2477 σ
378 2441 575 2495 χοντας
623 2422 836 2493 πέμψαι
883 2422 982 2485 δεῖ,
1043 2423 1129 2476 ἵνα
1181 2423 1286 2486 ἕως
1345 2417 1408 2476 οὐ
1462 2423 1663 2495 Κύριος
1695 2425 1822 2486 τοὺς

309 2539 328 2570 ι
379 2517 759 2587 τοποτηρητάς
821 2512 1159 2585 ὑποστρέψαι
1208 2514 1344 2585 πρὸς
1395 2515 1554 2585 ἡμᾶς»
1587 2514 1817 2588 ἀξιώσῃ,

310 2628 327 2659 ι
375 2607 533 2676 παρὰ
564 2605 809 2675 φυλακὴν
835 2606 936 2657 ἀνα
974 2605 1074 2667 τὰς
1100 2604 1208 2658 τῶν
1239 2603 1450 2659 πόλεων
1491 2603 1676 2669 τάξεις
1718 2605 1817 2658 καὶ

300 2717 324 2750 ς
379 2701 656 2767 κτήτορας
681 2696 790 2748 τῶν
829 2694 1049 2764 χωρίων
1075 2694 1176 2765 τῆς
1226 2693 1524 2767 καθολικῆς
1588 2693 1822 2763 Ἐκκλη-

307 2810 326 2840 ‹
378 2789 502 2852 σίας
566 2785 980 2856 ἐπιμερίσωσιν.
1025 2787 1144 2841 Ἔτι
1208 2785 1315 2856 μὴν
1350 2786 1433 2840 δεῖ
1493 2785 1822 2857 προσζεῦξαι
1870 2786 1963 2838 καὶ

2001 521 2020 556 ι
2061 513 2264 568 tantur,
2293 501 2492 572 quibus
2521 499 2784 554 certiores
2812 499 2944 556 ﬁant
2968 502 3210 557 omnium
3242 511 3488 558 nostrum

1999 618 2017 652 ι
2056 613 2322 656 consensu
2365 599 2430 653 ad
2483 597 2858 654 beatissimum
2905 600 3218 654 comitatum
3292 601 3490 656 missos

2001 711 2018 745 ι
2060 706 2179 748 esse
2211 705 2241 745 a
2271 690 2423 746 nobis
2449 689 2673 759 legatos.
2701 689 2807 744 Sed
2830 689 2952 760 quia
2986 690 3173 745 iisdem
3201 691 3396 746 litteris
3420 693 3488 746 ab

2001 808 2021 839 σ
2057 789 2308 841 omnibus
2338 786 2604 841 subscribi
2653 794 2736 842 est
2791 785 3181 852 tardissimum,
3232 788 3488 842 uniuscu-

2001 899 2018 929 ι
2051 878 2250 947 jusque
2269 888 2509 933 nostrum
2536 878 3024 947 subscriptiouibus
3053 877 3260 934 eadem
3293 879 3308 932 I
3339 887 3489 934 trerat

2003 990 2020 1022 ι
2059 977 2377 1036 onerantur,
2420 970 2674 1040 petimus,
2724 969 2892 1024 frater
2916 969 3126 1033 Aureli,
3159 981 3218 1023 ut
3275 970 3358 1024 his
3403 979 3490 1024 tua

2045 1062 2273 1128 _dilectio
2318 1062 2536 1116 nomine
2561 1062 2800 1116 omnium
2831 1061 3178 1117 subscribere
3217 1061 3490 1132 dignetur.

2006 1171 2024 1205 ι
2062 1153 2124 1208 Ει
2156 1152 2642 1222 subscripserunt;
2694 1153 2949 1208 Aurelius
2995 1153 3279 1226 episcopus
3307 1153 3492 1208 Eccle-

2007 1263 2025 1295 ι
2066 1245 2158 1298 sise
2183 1242 2638 1314 Carthaginiensis
2682 1245 2942 1315 praedicto
2967 1246 3185 1302 decreto
3215 1246 3489 1311 consensi,

2002 1353 2021 1387 ι
2062 1345 2117 1390 et
2144 1334 2283 1390 lecto
2327 1334 2653 1404 subscripsi.
2714 1334 2976 1390 Similiter
3017 1343 3074 1391 et
3120 1337 3311 1406 reliqui
3355 1337 3494 1391 sub-

2007 1444 2028 1479 ι
2066 1427 2425 1495 scripserunt.
2477 1425 2695 1480 Littera:
2724 1435 2982 1496 praetcrea
3031 1427 3097 1482 ad
3142 1428 3494 1496 magistratus

2005 1533 2022 1566 ι
2067 1513 2344 1569 mittendae
2370 1522 2512 1580 sunt,
2554 1525 2635 1580 ut,
2669 1514 2838 1571 donec
2881 1516 3137 1572 Dominus
3160 1517 3388 1572 voluerit
3417 1517 3496 1572 le-

2007 1627 2026 1659 ‹
2064 1617 2217 1677 gatos
2245 1609 2310 1662 ad
2335 1625 2436 1664 nos
2468 1609 2669 1672 redire,
2697 1609 3007 1678 praesidium
3029 1624 3128 1679 per
3156 1610 3376 1665 ordines
3407 1609 3492 1664 ci-

2003 1719 2022 1751 ι
2064 1700 2286 1755 vitatum
2323 1710 2378 1755 et
2414 1714 2754 1769 possessores
2787 1700 3113 1768 praediorum
3165 1701 3497 1757 universalis

2001 1809 2018 1840 ι
2059 1787 2312 1844 Ecclesiae
2353 1788 2701 1845 distribuant.
2731 1789 2997 1844 Praeterea
3042 1788 3334 1860 adiungere
3357 1805 3496 1859 quo-

2003 1899 2020 1932 ι
2059 1894 2165 1948 que
2207 1889 2423 1948 oportet
2448 1879 2516 1935 de
2549 1880 2766 1948 Equitio
2810 1890 2867 1935 ut
2909 1884 3028 1952 ejus
3067 1882 3398 1950 impudentia
3444 1891 3500 1936 et

2009 1968 2394 2040 «improbitas
2452 1983 2481 2021 a
2566 1969 2894 2024 dimcesibus
2956 1973 3298 2037 cxtrudatur,
3362 1986 3499 2041 quas

2005 2078 2022 2111 ι
2064 2074 2094 2113 a
2126 2060 2471 2117 curatoribus
2502 2058 2862 2130 Hipponensis
2890 2060 3147 2117 Ecclesia:
3173 2063 3498 2118 sacerdotali

2004 2169 2022 2202 ι
2061 2151 2182 2219 jure
2227 2150 2328 2205 sibi
2357 2150 2616 2206 vindicat.
2652 2150 2817 2207 Porro
2839 2151 3033 2208 littera:
3054 2167 3272 2223 quoque
3297 2157 3363 2209 ad
3386 2153 3502 2225 cpio

2008 2260 2026 2292 ι
2069 2255 2290 2309 scopum
2325 2241 2582 2296 Romanae
2629 2241 2886 2298 Ecclesia:
2925 2245 3394 2300 commendatione
3428 2247 3503 2297 Ιρ-

2013 2351 2031 2382 ι
2080 2342 2327 2402 gatorum
2379 2332 2656 2387 mittendae
2701 2340 2849 2394 sunt.
2900 2341 2955 2388 et
2984 2335 3049 2390 ad
3087 2334 3224 2391 alios
3274 2337 3364 2391 ubi
3417 2347 3502 2391 est

1993 2441 2013 2472 ε
2054 2423 2367 2490 imperator.
2410 2421 2476 2475 Et
2518 2422 2769 2477 similiter
2792 2423 3266 2494 subscripserunt.
3315 2425 3490 2480 Aure-

2006 2533 2024 2566 ι
2063 2514 2168 2570 lius
2214 2514 2500 2584 episcOpus
2540 2513 2985 2585 Carthaginensis
3051 2515 3304 2573 Ecclesia:
3363 2532 3505 2587 prae-

2007 2625 2026 2660 ι
2067 2606 2206 2660 senti
2257 2608 2475 2660 decreto
2515 2607 2793 2671 consensi,
2845 2618 2901 2662 et
2966 2607 3110 2663 lecto
3153 2609 3449 2682 subscripsi
3487 2628 3501 2665 :

2007 2713 2024 2747 ι
2067 2693 2318 2747 similiter
2344 2702 2398 2749 et
2423 2693 2619 2763 reliqui
2648 2695 3107 2766 subscripserunt.
3140 2717 3158 2754 ι

2039 2787 2167 2857 περὶ
2234 2785 2326 2839 τοῦ
2359 2785 2636 2853 Λίκυτίου,
2668 2787 2754 2842 ἵνα
2785 2791 2818 2860 ἡ
2865 2789 3108 2844 ἀναίδεια
3167 2790 3332 2845 αὐτοῦ
3365 2792 3502 2856 ἐξω·

308 2906 325 2938 ι
380 2882 521 2953 θηοῇ
594 2879 701 2932 ἀπὸ
760 2878 868 2930 τῶν
936 2878 1274 2946 διοικήσεων,
1349 2875 1418 2938 ἃς
1472 2876 1537 2928 ἐκ
1585 2875 1694 2930 τῶν
1751 2873 2086 2944 φροντιστῶν
2148 2873 2250 2942 τῆς
2324 2875 2383 2928 ἐν
2419 2875 2644 2928 Ἱππῶνι
2711 2877 3008 2946 ἐκκλησίας
3080 2879 3367 2951 ίερατικῶν
3429 2883 3506 2936 δι·-

302 2994 323 3027 ‹
376 2973 552 3027 καίων
635 2969 770 3038 πρὸς
851 2968 1043 3021 ἐαυτὸν
1122 2964 1404 3020 διεκδικεῖ.

1491 2964 1604 3019 Καὶ
1653 2965 1956 3036 γράμματα
2028 2964 2088 3018 δέ
2153 2964 2290 3034 πρὸς
2353 2964 2446 3018 τὸν
2501 2966 2798 3028 ἐπίσκοπον
2853 2969 2951 3036 τῆς
3003 2970 3319 3042 Ῥωμαῖκῆς
3380 2975 3507 3028 Ἐκ.

303 3090 322 3126 ς
370 3067 602 3139 πλησίας
633 3061 880 3134 περὶτοῦ
912 3058 1250 3128 παραθέσθαι
1281 3059 1408 3122 τοὺς
1428 3059 1807 3130 τοποτηρητέις
1881 3057 2204 3128 πεμφθῆναι
2275 3057 2570 3127 ὀφείλουσι,
2639 3062 2734 3112 καὶ
2793 3062 2928 3130 πρδς
2985 3062 3110 3124 τοὺς
3167 3063 3358 3129 ἄλλους
3423 3067 3502 3130 δὲ,

299 3179 318 3210 ε
369 3158 510 3211 ὅπου
539 3155 733 3207 ἐστὶ·ιὸ
773 3149 1044 3222 βασιλεύς.
1081 3147 1190 3207 Καὶ
1268 3146 1593 3218 ὑπέγραψαν
1651 3147 1874 3219 ὁμοίως.
1945 3148 2210 3219 Αὐρήλιος
2286 3147 2585 3213 ἐπίσκοπος
2647 3154 2745 3223 τῆς
2809 3154 2865 3204 ἐν
2923 3153 3230 3223 Καρχηδόνι
3305 3157 3506 3228 ἐκκλη-

300 3274 321 3303 ι
376 3247 601 3319 σίαςτῷ
627 3247 852 3318 παρόντι
912 3244 1224 3317 ψηφίσματι
1291 3242 1578 3314 συνῄνεσα,
1654 3245 1747 3301 καὶ
1811 3243 2324 3320 παραναγνωσθέντι
2393 3246 2722 3318 ὑπέγραψαο
2783 3250 2984 3321 ὁμοῗως
3039 3253 3132 3306 καὶ
3198 3254 3245 3306 oi
3329 3254 3518 3309 Romo:

305 3366 324 3398 ι
374 3341 730 3412 ὑπέγραψαν.
765 3358 784 3391 ι

301 3439 506 3494 ΒΑᾹΣ.
539 3438 649 3493 Καὶ
681 3436 750 3489 τὰ
779 3437 836 3489 ἐν
856 3439 922 3506 τῇ
950 3435 1204 3511 παρούσῃ
1232 3437 1478 3508 διαλαλιᾷ
1507 3437 1825 3492 τυπωθέντα

2012 3433 2204 3490 BALS.
2256 3432 2312 3486 In
2345 3431 2593 3502 praesenti
2628 3446 2843 3502 quoque
2889 3445 3158 3499 sermone,
3184 3448 3304 3504 qum
3341 3451 3371 3490 a
3400 3437 3507 3491 Pa-

229 3533 392 3603 παρὰ
412 3530 522 3582 τῶν
554 3527 816 3596 Πατέρων
849 3525 937 3580 διὰ
964 3527 1087 3590 τοὺς
1122 3528 1448 3590 Δονατιστὰς
1507 3527 1649 3580 ίδικόι
1695 3530 1826 3592 alat,

228 3627 329 3681 καὶ
385 3620 462 3694 μὴ
495 3618 865 3686 ὲξακουόμενα
891 3619 970 3681 είς
1011 3618 1110 3688 τὴν
1162 3617 1270 3670 τῶν
1307 3619 1612 3688 ἐκκλησιῶν
1655 3618 1824 3671 κατά-

230 3736 450 3770 στασιν.
487 3714 600 3768 Καὶ
625 3712 712 3766 διὰ
741 3711 1039 3766 τοῦτοούδέ
1091 3713 1384 3782 ἑρμηνεία,
1427 3711 1642 3782 ἐδέησεν
1689 3712 1824 3780 ἡμῖν

228 3809 398 3877 χάριν
427 3801 680 3870 τούτων.⁵

310 3894 560 3950 ΖΩΝΔΡ.
592 3891 715 3944 Τῶν
740 3894 1074 3946 Δονατιστων
1107 3889 1182 3960 μὴ
1212 3889 1519 3959 δεξαμένων
1559 3889 1656 3959 τὴν
1689 3890 1826 3960 πρὸς

229 3990 435 4052 αὐτοὺς
466 3986 568 4053 τῆς
599 3984 820 4036 συνόδου
869 3981 1186 4053 πρεσϐείαν,
1239 3982 1287 4032 oi
1346 3979 1587 4050 Πατέρες
1644 3980 1828 4048 ἀθροι-

234 4080 462 4140 σθέντες
495 4075 661 4130 πάλιν
695 4073 992 4144 πρεσϐείαν
1021 4071 1227 4125 στεῖλαι
1277 4071 1397 4134 κατ’
1452 4071 1631 4125 αὐτῶν
1690 4071 1826 4142 πρὸς

229 4172 329 4224 τξν
360 4167 587 4239 βασιλέα
615 4167 878 4237 Ὀνώριον
911 4165 1316 4219 ἐδουλεύσαντο.
1359 4159 1536 4234 Ἦρχε
1569 4163 1676 4234 γὰρ
1704 4164 1825 4217 τότε

230 4261 336 4328 τῆς
376 4257 600 4327 Ῥώμης
661 4255 892 4309 καὶτῶν
932 4256 1204 4327 ἐσπερίων
1247 4253 1540 4326 Ὀνώριος·
1592 4254 1684 4317 καὶ
1713 4257 1828 4318 τοῖς

235 4351 622 4418 στελλομένοις
663 4347 940 4416 ἔγγραφον
989 4345 1336 4415 ἐνταλτήριον
1395 4345 1688 4409 δεδώκασιν
1750 4347 1828 4407 είς

235 4445 558 4512 ὑπόμνησιν
585 4433 661 4494 ὧν
687 4439 914 4506 ἔμελλον
949 4438 1086 4508 πρὸς
1147 4437 1238 4490 τὸν
1292 4436 1514 4506 βασιλέα
1569 4437 1744 4489 εἰπεῖν
1802 4436 1830 4490 ὅ

237 4530 662 4601 κομμονιτόριον
701 4527 1017 4595 ὠνόμασαν.
1042 4524 1223 4580 ’Ἦσαν
1257 4526 1313 4583 δὲ
1364 4527 1428 4579 τὰ
1462 4525 1825 4594 ἐντεταλμένα

236 4624 495 4687 τοιαῦτα,
533 4622 615 4674 ὅτι
634 4620 789 4673 Μετὰ
813 4619 1127 4688 παρρησίας
1153 4616 1311 4690 ἡμῶν
1371 4616 1831 4688 προσκαλεσαμέ-

238 4734 352 4768 νων
377 4717 508 4776 τοὺς
552 4710 938 4787 πρωτεύοντας
991 4709 1099 4762 τῶν
1165 4708 1503 4762 Δονατιστῶν
1537 4707 1831 4774 συνελθεῖν,

1939 3527 2111 3580 tribus
2148 3525 2407 3578 adversus
2441 3521 2750 3577 Donatistas
2773 3530 2973 3577 statuta
3007 3536 3153 3587 sunt,
3201 3534 3326 3578 sunt
3382 3539 3507 3596 spc-

1935 3616 2115 3680 cialia,
2148 3623 2202 3669 et
2225 3614 2291 3668 ad
2313 3611 2666 3668 ecclesiarum
2709 3611 3149 3680 constitutionem
3180 3630 3286 3677 non
3321 3601 3510 3678 exten-

1937 3708 2160 3760 duntur.
2217 3705 2282 3759 Et
2333 3703 2454 3758 ideo
2488 3716 2587 3757 nec
2621 3703 3065 3772 interpretatione
3098 3707 3314 3774 quidem
3364 3709 3510 3764 indi-

1936 3807 2085 3868 gent.
3031 3853 3037 3858 ,ι

2008 3886 2260 3951 ZONAR.
2333 3885 2465 3947 Cum
2519 3887 3167 3960 Duuatistmlegationcm
3226 3893 3293 3947 ad
3363 3893 3510 3962 ipsos

1933 3995 1962 4034 a
1993 3980 2199 4050 synodo
2233 3978 2454 4032 missam
2489 3978 2824 4046 reiecissent,
2858 3991 3125 4036 conventu
3157 3982 3302 4037 inter
3323 3996 3382 4039 se
3409 3984 3507 4039 ha-

1935 4072 2047 4127 bito
2076 4070 2264 4124 Patres
2286 4068 2514 4123 alteram
2543 4069 2867 4141 legationem
2896 4081 3082 4127 contra
3111 4073 3257 4150 ipsos
3292 4073 3360 4128 a‘d
3401 4075 3505 4130 im-

1937 4172 2237 4232 peratorem
2284 4159 2584 4214 Honorium
2637 4161 2953 4226 mittendam
3003 4178 3126 4222 esse
3177 4175 3508 4221 censuerunt

1941 4251 2264 4322 (imperabat
2293 4251 2436 4304 enim
2491 4265 2556 4306 eo
2605 4259 2847 4321 tempore
2888 4255 3071 4318 Romae
3117 4267 3168 4310 et
3219 4255 3504 4312 Occidenti

1941 4343 2234 4414 Honorius)
2259 4361 2273 4411 ;
2301 4353 2465 4416 atque
2486 4355 2543 4408 ut
2575 4360 2761 4402 eorum
2791 4363 2911 4417 quae
2953 4351 3094 4418 apud
3126 4349 3507 4419 imperatorem

1939 4435 2146 4506 agenda
2173 4434 2349 4490 forent
2382 4435 2599 4492 facilius
2629 4439 3033 4507 meminissent,
3073 4443 3253 4506 omnia
3291 4443 3510 4511 scriptis

1941 4525 2258 4594 consignata
2299 4525 2490 4596 legatis
2523 4526 2816 4592 tradidere,
2843 4539 3005 4596 atque
3042 4531 3090 4582 id
3127 4531 3312 4598 scripti
3340 4547 3510 4601 genus

1940 4612 2409 4669 commonitorium
2452 4615 2810 4684 appellavere.
2850 4617 3017 4671 Erant
3046 4630 3226 4681 autem
3261 4619 3508 4672 mandatu

1945 4702 2212 4772 ejusmodi
2247 4718 2263 4760 :
2298 4704 2339 4755 A
2373 4703 2549 4770 nobis,
2579 4704 2848 4774 inquiunt,
2885 4722 3074 4778 magna
3119 4708 3284 4762 animi
3318 4711 3508 4764 ﬁducia

239 4810 360 4875 καὶ,
389 4806 441 4860 εί
469 4783 790 4876 Θαῤῥοῦσιν,
826 4799 1210 4861 ἀντιλαϐέσθαι
1243 4798 1338 4852 τοῦ
1377 4799 1581 4853 οἰκείου
1632 4799 1825 4872 δόγμα-

1963 4796 2004 4847 id
2029 4809 2380 4865 congressum
2415 4793 2820 4851 Donatistarum
2845 4798 3103 4868 primates
3129 4801 3325 4868 vocati,
3347 4811 3510 4871 atque

237 4915 358 4964 τος,
411 4899 564 4958 ὅπως
621 4894 713 4948 καὶ
758 4892 855 4948 νῦν
913 4889 1264 4962 ἐγνωρίξετο,
1320 4891 1444 4950 ἀντὶ
1496 4890 1591 4944 τοῦ
1617 4893 1710 4944 καὶ
1741 4890 1836 4944 νῦν

239 4987 605 5059 ἐφανεροῦτο,
638 4984 729 5039 διὰ
759 4984 859 5051 τῆς
907 4983 1164 5053 ἀπειρία,
1188 4983 1282 5036 καὶ
1320 4983 1648 5062 μονοτονίας,
1671 4982 1838 5060 ἤγουν

236 5083 344 5152 τῆς
371 5078 646 5150 ἀμαθείας
677 5077 774 5130 καὶ
820 5073 1172 5143 αὑτογνώμου
1194 5074 1495 5138 ἐνστάσεως
1549 5075 1657 5128 τῶν
1685 5077 1836 5129 ἀντι-

238 5171 543 5238 λεγόντων,
596 5170 630 5237 ἡ
685 5163 952 5234 καθολικὴ
993 5163 1380 5236 είλικρινότης,
1432 5165 1465 5233 ὴ
1519 5163 1833 5235 καθαρότης

239 5259 446 5332 δηλαδὴ
500 5259 609 5312 τῶν
660 5259 757 5334 τῆς
803 5254 1100 5325 καθολικῆς
1144 5243 1476 5324 Ἑκκλησίας
1523 5255 1835 5322 δογμάτων.

240 5355 306 5405 EI
357 5353 466 5422 γὰρ
520 5347 801 5417 συνῆλθον,
859 5348 1045 5417 φησὶν,
1098 5343 1456 5416 ἐγνώσθησαν
1511 5346 1714 5422 aven
1775 5346 1837 5410 ἐξ

239 5442 515 5512 ἁμαθείας
571 5439 666 5492 καὶ
716 5437 951 5507 ματαίας
1010 5436 1311 5498 ἐνστάσεως
1347 5436 1657 5489 ἐνίστανται
1705 5437 1838 5507 περὶ

241 5528 317 5586 ὧν
383 5531 734 5595 δοξάζουσιν·
823 5526 940 5578 ἀλλ’
999 5525 1079 5576 ὅτι
1149 5526 1252 5577 οὐκ
1321 5526 1619 5596 ἐθάρρουν,
1685 5527 1837 5579 οὐδὲν

243 5622 436 5691 σχεδὸν
494 5619 897 5690 ἀπεκρίθησαν.
964 5615 1120 5669 Ἐπεὶ
1169 5612 1292 5679 οὖν,
1346 5617 1448 5668 ὅσα
1522 5615 1630 5669 ἔδει
1689 5618 1837 5687 ἡμᾶς

243 5713 320 5776 ὡς
375 5710 721 5771 ἐπισκόπους
770 5707 1032 5774 ποιῆσαι,
1092 5706 1388 5774 εἰρηνικῶς
1453 5708 1833 5779 ἐποιήσαμενο

505 5802 784 5868 Ριτιιυι..
823 5799 941 5858 Gtt.
1001 5797 1374 5873 CXXXVIII,

1941 4886 2008 4942 ad
2036 4886 2121 4941 sui
2155 4885 2442 4956 dogmatis,
2474 4886 2521 4942 si
2556 4895 2762 4947 tantum
2793 4899 3097 4964 sperarent,
3127 4898 3511 4963 propugnatio-

1943 4992 2066 5032 nem
2117 4977 2329 5033 invitati
2363 4977 2512 5032 I‘uere
2540 4994 2556 5045 ;
2588 4987 2646 5032 ut
2672 4979 2772 5034 hoc
2807 4995 3024 5050 quoque
3057 4991 3299 5052 tempore
3322 4985 3511 5040 catho-

1940 5067 2056 5122 licae
2099 5067 2340 5123 veritatis
2389 5067 2747 5138 liquidissima
2811 5072 3019 5140 puritas
3074 5073 3508 5130 adversariorum

1944 5169 2056 5214 tum
2083 5159 2352 5229 imperitia
2379 5169 2499 5226 tum,
2529 5161 2818 5228 pertinacia
2847 5163 3020 5234 magis
3045 5165 3324 5236 magisque
3349 5168 3513 5220 innu-

1939 5260 2172 5306 tesceret
2195 5265 2256 5304 ac
2283 5251 2668 5306 illustraretur.
2698 5251 2833 5307 Nam
2860 5269 2983 5309 eum
3009 5271 3366 5329 congressum
3401 5261 3506 5314 nisi

1944 5351 2309 5405 recusassent,
2357 5343 2474 5398 illos
2528 5357 2592 5396 ex
2635 5345 2748 5406 sola
2785 5345 2894 5400 veri
2943 5346 3280 5418 ignoratione
3323 5353 3515 5405 stuPta-

1943 5450 2046 5506 que
2075 5433 2443 5489 obstinatione
2481 5435 2826 5504 opinionibus
2863 5439 2980 5494 suis
3029 5441 3387 5510 pertinaciter
3435 5445 3518 5496 in-

1947 5527 2141 5582 sistere
2173 5522 2336 5580 iacile
2367 5538 2711 5597 perspectum
2750 5528 2942 5586 fuisset
2982 5548 2994 5582 :
3033 5546 3217 5587 verum
3249 5535 3372 5602 quia
3407 5550 3517 5587 sua:

1945 5630 2122 5672 causae
2156 5613 2296 5669 haud
2327 5615 2463 5668 satis
2497 5616 2744 5686 ﬁderent,
2793 5635 3113 5689 responsum
3155 5621 3272 5676 fere
3308 5622 3513 5682 n'ullum

1946 5709 2162 5772 dedere.
2214 5705 2482 5785 Quoniam
2537 5707 2702 5776 igitur
2748 5725 2937 5768 omnes
2991 5711 3312 5782 episcopalis
3356 5711 3512 5780 cilicii

3126 5806 3187 5880 ll
