3976 6386
490 354 589 417 331

1745 336 2022 399 ΤΗΕΟΙ).
2048 335 2451 397 BALSAMON

3630 322 3733 388 332

499 475 677 533 partes
713 460 904 517 sedato
956 458 1138 515 animo
1171 464 1330 527 atque
1371 452 1547 509 amico
1581 465 1709 522 erga
1738 464 1834 506 eos
1867 448 2095 520 imple-.

2199 452 2358 503 κεῖνοι
2422 448 2477 503 δὲ
2520 449 2600 512 είς
2656 447 2885 511 ἀτόπους
2949 446 3069 518 βίας
3132 439 3585 514 μετεστράφησαν
3645 449 3735 488 και

503 559 701 619 vimus,
753 554 826 608 illi
879 566 1007 606 vero
1052 550 1118 603 ad
1149 549 1256 603 vim
1285 557 1446 616 atque
1493 543 1720 599 insidias
1760 543 2068 612 importune

505 647 754 702 conversi
801 656 966 700 sunt:
1010 639 1354 713 imperatoris
1390 635 1744 707 benignitatis
1769 648 1886 689 esse
1916 635 2062 686 arbi-

2167 540 2488 605 ἐπιϐουλὰς,
2516 544 2613 611 τῆς
2658 541 2942 612 βασιλικῆς
2965 538 3375 608 φιλανθρωπίας
3409 531 3575 601 φασὶν
3601 526 3737 582 εἶναι

2170 633 2477 703 φροντίσαι,
2524 634 2610 688 ἴνα
2672 635 2705 702 η
2762 631 3023 702 καθολικὴ
3070 626 3370 697 Ἐκκλησία
3402 622 3673 695 ὀχυρωθῇ.
3703 622 3740 689 ἡ

504 753 710 796 tramnr
736 752 948 800 curare,
981 744 1035 789 ut
1068 712 1336 788 Catholica
1383 729 1645 792 Ecclesia,
1678 742 1798 798 qua:
1840 727 1988 795 ipsos
2014 726 2068 779 in

2202 722 2388 785 ούτους
2460 723 2769 793 γεννήσασα
2842 716 3163 791 δρθοδοξία,
3245 716 3341 772 καὶ
3429 712 3743 785 ἑκθρέψασα

504 833 820 889 orthodoxae
848 827 1095 883 veritatis
1333 822 1538 893 gremio
1580 820 1786 891 genuit,
1824 832 1986 887 atque
2016 817 2069 870 in

511 925 617 977 title
672 922 809 976 bene
863 919 1105 971 ﬁrmatos
1166 913 1438 977 educavit,
1478 926 1506 964 a
1548 925 1656 980 qna
1697 909 1774 963 illi
1818 908 2075 962 videlicet

510 1017 660 1068 liruta
702 1027 765 1067 ac
814 1008 989 1065 stabili
1037 1008 1139 1062 lide
1171 1005 1359 1059 imbuti
1384 1014 1545 1067 sunt,
1577 1002 1671 1072 per
1699 1002 1916 1056 eosdem
1953 1017 2073 1054 tnu-

507 1107 618 1161 nita
674 1104 746 1160 sit
782 1113 945 1171 atque
973 1098 1227 1163 defensa;
1255 1110 1322 1149 ne
1367 1093 1504 1148 forte
1555 1090 1747 1147 nefarii
1797 1091 2073 1154 homines,

507 1212 644 1266 quos
669 1196 940 1248 rationum
968 1188 1258 1245 momentis
1292 1187 1357 1241 ad
1382 1200 1547 1258 pravo
1583 1182 2075 1253 plenaqueimpro-

508 1288 692 1344 bitatis
738 1286 978 1355 ipsorum
1012 1280 1258 1335 instituta
1307 1276 1587 1333 suadendo
1632 1276 1918 1328 traducere
1966 1287 2073 1326 non

508 1386 821 1451 potuerunt,
869 1389 963 1429 eos
1014 1383 1222 1427 terrore
1272 1385 1336 1424 ac
1390 1366 1619 1436 periculi
1666 1363 2080 1420 denuntiatione

512 1472 849 1544 opprimant.
885 1466 1018 1533 Quae
1052 1465 1198 1521 enim
1243 1462 1487 1518 facinora
1534 1459 1626 1513 isti
1678 1455 2082 1512 conventiculo-

511 1577 632 1616 rum
660 1568 941 1616 coactores
963 1556 1148 1619 edant,
1176 1567 1244 1607 ne
1270 1552 1403 1621 ipsa:
1430 1550 1647 1620 quidem
1694 1547 2081 1617 Iegesignora-

511 1668 658 1707 vere.
696 1648 913 1704 Auxilio
952 1645 1144 1717 igitur,
1182 1654 1360 1711 neque
1387 1638 1623 1703 insueto,
1669 1651 1844 1705 neque
1874 1635 1942 1690 ab
1991 1635 2082 1700 iis,

512 1757 741 1814 quorum
783 1753 952 1795 sacrae
978 1735 1194 1789 Litterae
1230 1730 1547 1792 meminere,
1595 1727 1772 1782 alieno
1804 1725 1981 1795 iuvari
2024 1742 2086 1782 se

514 1834 829 1907 postulant;
860 1829 1165 1895 librumque
1203 1824 1461 1877 Actorum
1500 1819 1918 1890 apostolicorum
1956 1833 2080 1888 pro-

513 1929 743 1989 ducunt,
796 1923 849 1976 in
897 1933 1004 1989 quo
1056 1932 1117 1972 se
1191 1913 1560 1983 improborum
1619 1910 2079 1980 conspirationem

512 2016 768 2090 ιπωείᾱίο
800 2013 1032 2068 militum
1082 2010 1239 2065 divus
1271 2004 1469 2061 Paulus
1507 2002 1785 2074 depulisse
1826 2011 2079 2058 testatur.

510 2106 985 2179 ConSpirationcm
1011 2116 1140 2156 vero
1170 2098 1565 2169 improborum,
1605 2104 1701 2149 aut
1725 2107 1844 2148 eam
1879 2093 2083 2149 intelli-

513 2213 667 2277 gunt,
699 2212 821 2255 cum
853 2196 901 2250 ei
934 2194 989 2248 in
1017 2190 1243 2262 templo,
1290 2187 1434 2258 quod
1484 2189 1733 2259 expiatus
1762 2189 2081 2253 intraverat,

513 2293 700 2353 Asiani
747 2288 921 2346 διιόωὶ
962 2297 1159 2340 manus
1202 2282 1528 2352 iniecerunt,
1569 2280 2086 2350 multitudinemque

516 2388 572 2443 in
603 2399 724 2439 eum
768 2378 1213 2439 concitaverunt;
1252 2386 1363 2441 quo
1395 2372 1615 2441 quidem
1670 2380 1914 2441 tempore
1962 2386 2082 2425 cum

519 2474 783 2530 militibus
821 2467 1123 2523 decurrens
1178 2462 1451 2528 tribunus,
1511 2460 1664 2515 illttm
1718 2460 1786 2516 de
1834 2461 2087 2516 manibus

520 2577 732 2625 eorum,
765 2558 855 2629 qui
890 2569 1075 2610 necem
1101 2551 1296 2607 afferre
1328 2550 1685 2617 conabantur,
1718 2550 1954 2621 eripuit:
1996 2561 2091 2605 aut

522 2656 671 2710 illam
710 2647 1068 2721 quadraginta
1110 2643 1419 2701 Iudaeorum
1453 2641 1849 2710 collectionem,
1901 2644 1996 2713 qui
2028 2656 2088 2698 se

526 2745 661 2800 diris
692 2741 943 2797 omnibus
984 2737 1272 2800 devovere,
1318 2732 1362 2789 si
1415 2732 1566 2803 prius
1609 2734 1716 2790 cibi
1748 2734 1953 2803 aliquid
1999 2742 2092 2788 aut

524 2838 760 2910 potionis
794 2833 1201 2902 deguStassent,
1243 2841 1403 2897 quam
1434 2825 1660 2881 Paulum
1696 2840 1727 2881 e
1764 2826 1944 2881 medio
1970 2838 2092 2881 sus-

526 2932 822 2993 tulissent;
866 2938 990 2979 nam
1042 2935 1104 2975 ea
1140 2935 1201 2975 re
1242 2918 1455 2990 cognita
1489 2917 1754 2984 tribunus,
1783 2927 1911 2973 tunc
1956 2932 2095 2988 quo-

526 3038 631 3093 que
658 3020 888 3074 militum
916 3012 1170 3085 praesidio
1203 3020 1441 3079 septum,
1480 3006 1782 3063 Cmsareaut
1831 3008 1897 3063 ad
1955 3006 2093 3062 Feli-

2169 819 2228 870 ὲν
2259 819 2324 886 τῇ
2357 814 2647 884 βεϐαιώσει
2671 817 2768 885 τῆς
2793 815 3049 876 πίστεως,
3084 813 3252 883 ἤγουν
3283 808 3509 879 βεϐαίαν
3556 805 3743 866 αὐτοῖς

2169 908 2266 979 τὴν
2309 908 2489 961 πίστιν
2514 906 2857 974 παραδοῦσα,
2902 907 3115 975 μήποτε
3170 902 3410 960 ἀναιδεῖς
3467 897 3745 968 ἄνθρωποι

2172 999 2723 1055 καταδυναστεύσωσι
2754 999 2860 1052 τῶν
2918 996 3084 1061 λαῶν,
3138 995 3302 1065 φοϐον
3353 992 3537 1051 αὐτοῖς
3603 987 3745 1041 ἑπά-

2172 1110 2385 1161 γοντες.
2412 1091 2605 1144 Πειθοῖ
2639 1091 2749 1160 γὰρ
2773 1088 2996 1150 τούτους
3040 1089 3101 1141 οὐ
3142 1086 3405 1140 δύνανται
3439 1078 3749 1148 ἀποφαυλί-

2177 1201 2288 1247 σαι,
2320 1184 2441 1236 ἀντὶ
2478 1181 2595 1247 τοῦ,
2629 1184 2710 1246 εἰς
2741 1182 2809 1234 τά
2839 1180 3019 1249 φαῦλα
3052 1179 3146 1230 καὶ
3173 1179 3252 1239 είς
3275 1176 3373 1243 τὴν
3399 1170 3609 1226 ἑαυτῶν
3641 1185 3750 1221 κα-

2180 1276 2303 1328 κίαν
2332 1275 2582 1327 ἑλκύσαι.
2618 1268 2720 1326 Οἷα
2752 1274 2858 1344 γὰρ
2897 1275 2945 1324 οί
2979 1268 3463 1342 παρασυνάγοντες
3482 1260 3752 1331 διαπράτ-

2185 1382 2393 1430 τονται,
2431 1364 2703 1433 ἔγνωσται
2743 1365 2854 1425 τοῖς
2889 1362 3099 1430 νόμοις.
3161 1355 3413 1412 Δίτοῦσιν
3443 1348 3536 1405 οὖν
3569 1349 3753 1419 τυχεῖν

2180 1458 2521 1528 συμμαχίας,
2581 1456 2683 1509 οὐκ
2725 1454 3052 1523 ἀσυνήθους,
3098 1450 3222 1503 οὐδὲ
3285 1443 3575 1514 ἀλλοτρίας
3643 1438 3755 1492 τῶν

2180 1550 2438 1622 Γραφῶν,
2462 1549 2577 1604 ἀλλ’
2616 1550 2737 1612 οἵας
2762 1547 2862 1600 καὶ
2896 1548 2930 1617 ἠ
2962 1545 3081 1598 θεία
3113 1539 3305 1612 Γραφὴ
3325 1539 3624 1606 μέμνηται,
3662 1528 3760 1583 καὶ

2182 1642 2279 1713 τὴν
2313 1642 2423 1697 τῶν
2454 1640 2715 1714 Πράξεων
2739 1639 2922 1710 βίϐλον
2943 1637 3255 1707 παράγουσι
3300 1629 3431 1699 περὶ
3468 1623 3561 1680 τοῦ
3596 1622 3758 1714 ἀγίου

2185 1711 2403 1789 Παύλου
2443 1711 2716 1802 λέγοντος,
2748 1733 2830 1785 ὅτι
2859 1731 3109 1790 κάκεῖνος
3131 1725 3230 1796 τὴν
3279 1724 3586 1790 σύμπνοιαν
3645 1711 3762 1765 τῶν

2190 1824 2443 1878 ἀτάκτων
2475 1823 2845 1893 στρατιωτικῇ
2900 1818 3127 1891 βοηθείᾳ¹
3173 1813 3557 1884 διεκρούσατο.
3610 1802 3765 1872 Σύμ-

2190 1931 2385 1970 πνοιαν
2412 1913 2467 1969 δὲ
2490 1914 2601 1967 τῶν
2622 1913 2895 1977 ἀτάκτων,
2928 1910 2961 1980 ἢ
3010 1909 3119 1962 τῶν
3176 1909 3234 1960 ἐν
3262 1904 3338 1971 τῷ
3372 1900 3504 1972 ἱερῷ
3538 1894 3768 1963 συσχόν-

2189 2024 2301 2060 των
2341 2005 2474 2060 αὐτὸ
2501 2005 2777 2074 λέγουσιν,
2810 2004 2900 2058 ὅτε
2930 2001 3187 2072 ἡγνίσθη,
3230 1997 3323 2050 καὶ
3375 1995 3424 2046 οἱ
3470 1990 3531 2055 ἐξ
3572 1987 3769 2047 Ἀσίας

2204 2100 2453 2154 Ἰουδαῖοι
2474 2098 2735 2170 ἠρέθισαν
2765 2095 2886 2152 κατ’
2910 2092 3119 2150 ἐκείνου
3150 2091 3240 2144 τὸν
3295 2086 3443 2150 λαὸν,
3484 2086 3574 2138 ὅτε
3622 2079 3770 2151 μετά

2195 2193 2550 2266 στρατιωτῶν
2586 2190 2834 2253 καταϐὰς
2861 2191 2889 2243 ό
2916 2188 3196 2259 χιλίαρχος
3233 2183 3544 2252 ἐξήρπασεν
3594 2172 3769 2228 αὐτὶν

2192 2285 2302 2339 τῶν
2343 2282 2656 2355 ζητούντων
2687 2281 2849 2335 αὐτον
2878 2280 3220 2337 ἀποκτεῖναι,
3258 2273 3291 2343 ἦ
3321 2274 3421 2341 τὴν
3453 2265 3770 2337 συστροφὴν

2193 2380 2306 2435 τῶν
2333 2377 2747 2448 τεσσαράκοντα
2791 2370 3082 2433 Ἰουδαίων,
3110 2367 3161 2420 οἳ
3201 2362 3605 2433 ἀνεθεμάτισαν
3638 2358 3773 2410 Edu-

2193 2474 2322 2534 τοὺς
2379 2472 2517 2541 μήτε
2548 2469 2765 2537 φαγεῖν,
2799 2465 2936 2536 μήτε
2963 2464 3127 2527 πιεῖν,
3163 2458 3271 2521 ἕως
3296 2457 3362 2511 ἂν
3396 2450 3772 2509 ἀποκτείνωσι

2195 2567 2287 2620 τὸν
2328 2562 2542 2618 Παῦλον
2572 2575 2584 2588 ”
2622 2560 2716 2614 καὶ
2731 2558 2853 2611 τότε
2883 2554 3037 2624 γάρὸ
3071 2550 3353 2623 χιλίαρχος
3387 2544 3575 2615 μαθὼν
3606 2541 3774 2595 τοῦτο

2195 2660 2282 2713 διὰ
2315 2653 2663 2725 στρατιωτῶν
2693 2650 2855 2705 αὑτὸν
2890 2649 3229 2716 Καισάρειαν
3269 2640 3476 2696 ἔστειλε
3507 2636 3644 2707 πρὸς
3683 2636 3775 2689 τὸν

2197 2748 2439 2819 ἡγεμόνα
2464 2745 2696 2813 Φήλικα,
2748 2741 2781 2811 ἢ
2813 2741 2910 2794 καί⁵
2965 2737 3135 2806 ἄμφω
3165 2733 3343 2789 ταῦτα
3388 2732 3628 2798 λέγουσι.
3668 2730 3779 2796 Ζηιι

2196 2838 2383 2914 τοῦσιν
2432 2830 2524 2888 οὖν
2550 2834 2749 2903 ὁμοίως
2790 2830 2886 2884 καὶ
2914 2827 3060 2881 οὗτοι
3116 2827 3235 2888 ταῖς
3289 2827 3346 2877 ἐν
3377 2825 3497 2884 ταῖς
3553 2818 3776 2871 πόλεσιν

2199 2928 2539 3000 ἀκκ).ηοίαις,
2575 2925 2671 2979 καὶ
2704 2924 2824 2986 ταῖς
2860 2922 2917 2974 ὲν
2934 2916 3215 2988 διαφόροις
3248 2915 3456 2977 τόποις,
3483 2927 3773 2981 παρασχε-

2201 3020 2362 3091 θῆναι
2394 3017 2644 3088 φυλακήν
2666 3031 2679 3045 ·
2713 3010 3083 3084 φυλάττεσθαι
3117 3006 3177 3060 δὲ
3202 3006 3314 3075 καὶ,
3338 3004 3428 3057 τὸν
3453 3002 3645 3071 νόμον,
3685 3002 3775 3053 τὸν

528 3092 644 3167 cem
682 3105 1000 3178 praelectum
1031 3100 1215 3155 misit:
1258 3110 1349 3154 aut
1376 3108 1664 3168 utramque
1686 3097 1846 3153 simul
1879 3099 2094 3169 signiti-

2203 3112 2353 3184 παρὰ
2400 3109 2493 3165 τοῦ
2525 3106 2763 3180 μεγάλου
2812 3100 3100 3157 Θεοδοσίου
3152 3097 3402 3161 τεθέντα,
3446 3092 3586 3147 ὥστε
3644 3092 3777 3145 δέκα

529 3218 655 3260 care
690 3201 1001 3255 voluerunt.
1033 3192 1234 3248 Eadem
1267 3191 1432 3260 igitur
1460 3190 1669 3244 ratione
1692 3192 1881 3262 synodi
1908 3191 2101 3247 Patres

528 3293 807 3356 ecclesias,
837 3289 892 3343 in
940 3286 1169 3342 urbibus
1206 3283 1435 3353 aliisque
1468 3281 1713 3352 pluribus
1737 3283 1869 3340 locis
1893 3286 2102 3340 censti-

534 3397 698 3449 tntas,
733 3379 985 3452 praasidio
1031 3376 1266 3431 militum
1316 3373 1579 3429 custodiri
1635 3375 1871 3430 volunt:
1925 3376 2100 3446 legent

534 3484 792 3544 praeterea
830 3484 859 3523 a
893 3482 1087 3537 magno
1114 3478 1327 3534 quoque
1353 3462 1658 3517 Theodosio
1695 3469 1971 3520 conditam
1996 3506 2011 3532 ,
2047 3475 2105 3520 ut

533 3563 623 3631 qui
663 3558 934 3613 ha-reticis
963 3555 1183 3609 ordines
1208 3551 1559 3616 contulerint,
1599 3551 1801 3622 quique
1834 3568 1929 3609 eos
1978 3569 2106 3609 sus.

533 3650 814 3719 ceperint,
866 3657 922 3702 et
974 3644 1063 3714 qui
1102 3644 1222 3699 illos
1252 3643 1569 3711 exceperint
1608 3643 1869 3713 hospitio,
1917 3647 2103 3700 decem

538 3744 655 3795 auri
701 3740 855 3794 libris
888 3741 1204 3801 multentur,
1233 3738 1436 3790 servari
1483 3744 1540 3790 et.
1571 3745 1758 3791 contra
1794 3735 2105 3793 Donatistas

532 3837 694 3887 etiam
749 3830 928 3885 valere
982 3830 1293 3899 postulant;
1358 3836 1418 3881 ut
1470 3826 1555 3882 vel
1618 3829 1722 3883 hoc
1752 3843 1927 3900 partae
1958 3840 2106 3884 metu

538 3924 777 3981 haeretici
829 3936 858 3976 a
905 3921 1197 3977 schismate
1245 3918 1498 3974 faciendo
1554 3917 1961 3987 deterreantur,
2014 3920 2107 3991 qui

532 4018 717 4074 tctcrtti
747 4014 999 4085 supplicii
1035 4024 1250 4068 terrore
1280 4012 1508 4067 minime
1531 4020 1875 4067 coercentur.
1909 4012 2107 4080 Legem

535 4122 754 4178 quoque
785 4108 1054 4167 renovari,
1104 4117 1211 4173 qua
1268 4116 1368 4157 nec
1426 4102 1799 4158 haereditatem
1839 4118 2104 4167 cernere,

542 4213 641 4252 nec
673 4196 1015 4251 donationem
1056 4194 1245 4257 adire,
1286 4190 1523 4245 haeretici
1560 4189 1986 4261 permittuntur;
2020 4201 2108 4245 ut-

542 4303 648 4357 que
693 4296 885 4340 contra
933 4282 1242 4337 Donatistas
1282 4294 1499 4349 quoque
1553 4293 1708 4333 suout
1757 4280 1921 4333 robur
1965 4279 2108 4335 obti-

543 4388 687 4440 neat,
721 4383 930 4442 petunt.
969 4372 1025 4427 Si
1053 4373 1145 4441 qui
1176 4380 1353 4423 tamen
1396 4384 1463 4423 ex
1517 4368 1584 4424 iis
1618 4367 1964 4439 resipiscam,
1992 4370 2109 4438 ejus

2203 3182 2430 3277 χρυσίου
2498 3200 2686 3270 λίτρας
2755 3192 3089 3266 ζημιοῦσθαι
3154 3191 3280 3252 τοὺς
3333 3182 3776 3257 χειροτονοῦντας

2202 3275 2540 3368 αίρετικοῦς,
2595 3290 2694 3343 καὶ
2728 3289 2857 3351 τοὺς
2922 3280 3453 3355 χειροτονουμένους,
3517 3275 3779 3337 καὶτοὺς

2203 3386 2635 3455 ὑποδεχομένους
2670 3379 2867 3441 αὐτοὺς
2886 3378 2942 3430 ὲν
2966 3374 3228 3445 κτήσεσιν
3257 3371 3511 3433 οίκείαις,
3548 3369 3779 3437 κρατεῖν

2201 3477 2261 3532 δὲ
2305 3477 2468 3530 αὑτὸν
2492 3473 2586 3527 καὶ
2616 3473 2755 3526 κατὰ
2779 3471 2890 3522 τῶν
2920 3465 3281 3528 Δονατιστῶν,
3315 3463 3402 3516 ἶνα
3435 3460 3541 3516 κᾶν
3566 3462 3661 3513 διά
3691 3462 3779 3513 τὸν

2206 3568 2370 3639 φόϐον
2394 3566 2581 3620 τοῦτον
2599 3565 2697 3634 τῆς
2724 3562 2931 3634 ζημίας
2963 3558 3278 3613 παύσωνται
3297 3556 3470 3608 ποιεῖν
3496 3552 3782 3623 σχίσματα

2205 3663 2254 3714 οί
2293 3659 2584 3730 οίρετικοὶ,
2613 3656 2810 3716 οἵτινες
2835 3652 2912 3722 τῷ
2933 3649 3084 3719 φόϐῳ
3106 3650 3205 3719 τῆς
3240 3646 3463 3700 αἰωνίου
3494 3644 3782 3706 κολάσεως

2207 3748 2269 3802 ού
2302 3745 2672 3817 διορθοῦνται,
2706 3740 2929 3797 Δίτοῦσι
2957 3740 3015 3792 δὲ
3038 3737 3412 3807 ἀνανεωθῆναι
3438 3735 3533 3789 καὶ
3565 3734 3663 3786 τὸν
3696 3734 3785 3787 νό-

2213 3852 2334 3908 μον,
2359 3837 2451 3888 τὸν
2491 3833 2822 3897 θεσπίζοντα
2869 3830 3001 3892 τοὺς
3037 3826 3352 3899 αἱρετικοὺς
3388 3826 3525 3895 μήτε
3583 3824 3786 3894 κληρο·

2210 3927 2404 3996 νομίαν
2436 3921 2758 3993 λαμϐάνειν,
2802 3921 2939 3992 μήτε
2979 3918 3215 3990 δωρεὰν,
3265 3918 3360 3970 καὶ
3410 3917 3640 3985 κρατεῖν
3686 3915 3783 3968 αύρ

2208 4015 2299 4068 τὸν
2331 4015 2426 4069 καὶ
2458 4014 2601 4067 κατά
2634 4011 2743 4065 τῶν
2776 4010 3137 4065 Δονατιστῶν.
3173 4009 3236 4061 Εἰ
3268 4007 3325 4062 δέ
3345 4023 3491 4069 τινες
3523 4006 3584 4071 ἐξ
3600 4006 3784 4063 αὐτῶν

2210 4106 2620 4179 διορθώσονται,
2683 4107 2827 4158 κατά
2879 4103 3085 4157 τούτων
3113 4102 3205 4155 τὸν
3251 4101 3415 4170 νόμον
3471 4098 3659 4171 χώραν
3714 4099 3788 4170 μὴ

2211 4199 2378 4269 ἔχειν.
2415 4200 2477 4250 Εἰ
2505 4197 2562 4250 δὲ
2581 4198 2709 4267 περὶ
2734 4194 3104 4266 κληρονομίας
3129 4193 3276 4255 τινὲς
3308 4193 3416 4245 τῶν
3443 4192 3787 4246 Δονατιστῶν

2211 4290 2290 4352 εἰς
2322 4287 2666 4358 δικαστήριον
2705 4287 2804 4357 ἤδη
2839 4284 3236 4355 είλκύσθησαν,
3299 4282 3684 4353 ὲκνικωμένης
3730 4284 3787 4349 ἐξ

2213 4378 2393 4433 αὐτῶν
2429 4377 2506 4441 ὼς
2565 4377 2860 4447 αίρετικῶν
2909 4368 3296 4446 κληρονομίας,
3355 4374 3389 4444 ἢ
3442 4374 3712 4441 ληγάτου,
3754 4372 3788 4443 ἦ

544 4467 674 4534 legis
707 4465 883 4533 poenis
906 4462 1126 4517 minime
1149 4462 1255 4516 sint
1276 4459 1515 4515 obnoxii.
1551 4459 1676 4515 Atsi
1703 4459 2095 4516 Donatistarum

2215 4486 2359 4532 τινος
2419 4469 2643 4540 κέρδους
2679 4466 3057 4538 περιελθόντος
3118 4467 3323 4528 αὐτοῖς.
3387 4463 3481 4517 καὶ
3533 4467 3676 4534 μετά
3729 4465 3791 4515 τὸ

546 4558 710 4627 aliqui
742 4559 808 4610 de
832 4555 1151 4611 hatreditate
1177 4553 1231 4605 in
1259 4551 1529 4623 judicium
1559 4553 1761 4619 vocati,
1786 4568 1845 4607 ea
1882 4554 2111 4608 Incredi-

544 4662 653 4705 late
694 4658 788 4701 aut
824 4647 1003 4716 legato
1036 4654 1128 4698 aut
1157 4643 1263 4698 alio
1308 4644 1372 4698 ad
1405 4644 1872 4714 ipsos-spectante
1911 4646 2114 4699 emolu-

543 4751 723 4794 mento
768 4739 1037 4791 haereseos
1073 4735 1289 4789 nomine
1330 4734 1521 4804 privati
1556 4733 1780 4800 fuerint,
1824 4746 1933 4788 tum
1985 4752 2112 4792 vero

545 4838 820 4882 transacta
849 4841 906 4880 re
938 4839 997 4879 se
1027 4823 1284 4876 Ecclesiae
1314 4822 1601 4878 catholica:
1640 4839 1827 4879 rursus
1852 4826 2113 4894 adjuuxc-

546 4923 656 4975 rint
686 4937 700 4987 ;
755 4920 812 4984 ii,
849 4916 1121 4986 inquiunt,
1157 4930 1263 4968 non
1295 4914 1566 4971 haereseos
1616 4918 1765 4978 odio.
1816 4919 1911 4972 sed
1946 4918 2100 4973 detri-

547 5013 710 5066 menti
754 5009 957 5063 vitandi
1003 5022 1167 5062 causa
1225 5009 1466 5072 addutti,
1510 5009 1563 5062 id
1625 5010 1845 5063 consilii
1904 5012 2113 5080 cepisse

545 5103 1025 5165 existimabantur;
1050 5112 1150 5152 nec
1175 5097 1398 5166 proinde
1424 5096 1724 5167 quidquam
1758 5100 2000 5153 accessio
2025 5100 2112 5153 illa

549 5195 796 5248 homines
819 5191 1117 5260 adjuvabtt.
1145 5188 1225 5243 Ad
1255 5189 1368 5242 haec
1397 5189 1449 5241 in
1482 5205 1806 5260 unaquaque
1832 5191 2114 5259 provincia

547 5284 749 5339 auxilio
800 5283 1153 5351 magistratus
1204 5280 1280 5350 (hi
1342 5295 1573 5349 namque
1641 5291 1767 5335 sunt
1826 5283 2117 5350 provincia:

547 5380 807 5451 dynastte)
866 5378 1116 5432 ecclesiis
1157 5391 1293 5447 epns
1337 5390 1459 5430 esse
1506 5377 1846 5430 denuntiant.
1898 5371 2116 5445 Legatis

550 5487 736 5541 porro,
767 5471 1037 5538 inquiunt,
1069 5471 1113 5525 si
1146 5470 1277 5538 quid
1309 5467 1454 5521 aliud
1473 5468 1857 5523 ecclesiastica:
1896 5471 2114 5524 utilitati

548 5575 907 5631 opportunum
945 5562 1064 5616 fore
1100 5560 1489 5625 intellexerint,
1533 5561 1840 5628 postulandi
1889 5561 2113 5615 liberam

549 5655 856 5708 lm-ultatcm
892 5654 1105 5707 damus.
1145 5650 1355 5705 Placuit
1382 5664 1641 5721 praetcrea
1667 5656 1873 5721 synodo
1908 5654 2119 5708 litteras

550 5748 612 5799 u-l
648 5747 1023 5813 imperatorem
1054 5760 1114 5799 ac
1147 5746 1291 5811 regni
1324 5759 1579 5813 proceres
1607 5745 1890 5811 conscribi,
1922 5746 2116 5814 quibus

2214 4562 2510 4630 ὲναχθῆναι
2542 4558 2889 4641 προσέλθωσι
2918 4561 2983 4628 τῇ
3036 4559 3301 4627 καθολικῇ
3348 4546 3671 4627 Ἐκκλησία,
3699 4552 3790 4610 οὗ·

2213 4667 2320 4718 τοι,
2384 4650 2568 4720 φασὶν,
2600 4651 2660 4702 οὐ
2708 4647 3083 4710 πιστεύονται,
3138 4650 3220 4700 ότι
3280 4649 3649 4714 καταγνόντες
3692 4650 3790 4716 τῆς

2215 4744 2481 4813 αίρέοεως
2522 4743 2705 4795 αὐτῶν
2738 4743 3155 4812 προσέρχονται,
3192 4740 3329 4792 ἀλλὰ
3358 4740 3445 4792 δια
3484 4739 3546 4793 es
3578 4740 3658 4810 μὴ
3694 4740 3794 4807 ζη·

2220 4834 2488 4903 μιωθῆναι
2518 4835 2586 4885 τά
2609 4834 2869 4904 χρήματα
2889 4849 2903 4863 ⁸
2942 4834 3096 4885 οὐδὲν
3139 4829 3233 4885 οὖν
3262 4834 3327 4882 ἐκ
3355 4829 3450 4885 τοῦ
3501 4832 3793 4901 προσιέναι

2218 4926 2564 4998 κερδήσουσι.
2601 4924 2776 4994 Χρεία
2801 4924 2881 4990 δὲ,
2923 4926 3081 4992 φασὶ,
3121 4924 3377 4992 βοηθείας
3415 4922 3510 4977 καὶ
3554 4922 3618 4973 ὲκ
3678 4920 3793 4972 τῶν

2218 5019 2548 5074 δυναστειῶν
2604 5019 2839 5086 ἑκάστης
2890 5016 3178 5088 ἐπαρχίας,
3231 5015 3397 5089 ἤγουν
3434 5011 3526 5065 τοῦ
3571 5011 3797 5081 βοηθεῖν

2217 5114 2339 5175 ταῖς
2370 5110 2692 5177 ἐκκλησίαις
2718 5111 2844 5173 τοὺς
2880 5107 3120 5181 ἑκάστης
3173 5109 3446 5179 ἐπαρχίας
3498 5108 3793 5179 ἄρχοντας.

2218 5198 2513 5273 Οὖτοιγάρ
2546 5203 2686 5257 είσιν
2736 5206 2786 5256 οί
2830 5202 3089 5258 δυνάσται
3135 5202 3244 5255 τῶν
3288 5184 3611 5273 ἐπαρχιῶν.
3672 5199 3803 5251 Ἑκ-

2218 5292 2504 5365 χωρυῦμεν
2531 5294 2608 5358 δὲ,
2645 5294 2801 5364 φασὶ,
2860 5295 2976 5356 τοῖς
3017 5295 3394 5363 στελλομένοις
3429 5295 3798 5359 ωἰτεξουσίαν

2219 5386 2653 5456 τοποτηρησίαν,
2689 5370 2833 5439 ὥστε
2862 5386 2959 5439 καὶ
2993 5385 3120 5441 ἀλλο
3144 5387 3272 5440 είτι
3303 5388 3588 5458 νοήσουσιν
3614 5388 3796 5456 ἀναγ-

2218 5479 2373 5529 καῖον
2425 5481 2544 5541 ταῖς
2598 5479 2941 5550 ἐκκλησίαις,
2990 5480 3152 5532 τοῦτο
3183 5481 3375 5534 αίτεῖν.
3404 5480 3588 5548 Ἔδοξε
3620 5481 3682 5533 δὲ
3728 5484 3797 5550 τῇ

2230 5567 2434 5635 συνόδῳ
2458 5568 2766 5640 γράμματα
2797 5571 3056 5639 γενέσθαι
3107 5575 3243 5642 πρὸς
3287 5574 3376 5626 τὸν
3407 5572 3655 5643 βασιλέα,
3701 5576 3802 5625 καὶ

2223 5660 2357 5727 πρὸς
2385 5662 2513 5723 τοῦς
2538 5662 2828 5731 ἄρχοντας,
2862 5662 3004 5715 ὥστε
3037 5664 3243 5731 γνῶναι
3274 5667 3496 5729 αὐτοὺς,
3554 5664 3634 5717 ὅτι
3668 5681 3803 5718 συν-

2221 5738 2427 5803 αινέσεί
2481 5752 2591 5805 τῶν
2637 5754 2733 5823 τῆς
2793 5756 3014 5808 συνόδου
3071 5758 3332 5827 Πατέρων
3394 5757 3696 5824 ἐστάλησαν
3750 5757 3803 5810 οἱ
