3976 6390
323 354 433 417 333

1400 365 1478 424 1N
1513 367 1678 426 CAN.
1714 365 1919 425 XCV“
1950 366 2159 429 CONC.
2200 372 2575 438 CARTHAG.

3475 398 3577 466 334

322 465 705 534 τοποτηρηταὶ
736 467 820 529 είς
859 466 919 521 τὸ
976 472 1296 540 κομιτᾶτον,
1323 474 1495 543 ἤγουν
1526 475 1605 535 είς
1636 474 1698 527 τὺ
1729 473 1873 527 παλά

945 560 957 576 .
1128 563 1376 576 ...η
1483 568 1732 576 .--η

2008 487 2276 534 consensu
2321 481 2543 549 Patrum
2580 486 2785 558 legatos
2831 494 2897 547 ad
2945 497 3286 568 comitatum,
3324 505 3427 560 hoc
3471 520 3575 576 est,

319 574 456 612 τιον.
494 558 1094 629 Θρησκευτικωτάτους
1123 563 1180 615 δὲ
1198 564 1324 628 τοὺς
1351 565 1593 634 βασιλεῖς
1614 569 1895 633 ἐκάλεσεν,

323 649 447 718 ἦτοι
494 649 858 714 πιστοτάτους
905 653 1000 705 καὶ
1037 654 1635 725 Χριστιανικωτάτους,
1686 659 1762 722 ὡς
1797 661 1898 727 τῆς

322 739 626 810 θρησκείας
678 742 789 796 τῶν
845 744 1190 817 Χριστιανῶν
1243 749 1746 821 ἀντιποιουμένους.
1802 755 1897 817 Εἰς

319 832 608 902 ἀνακοπὴν
634 833 735 901 τῆς
793 833 914 904 βίας
963 839 1060 891 καὶ
1112 839 1343 906 ἀταξίας
1385 842 1498 895 τῶν
1555 843 1897 897 Δονατιστῶν

318 924 532 994 γράψαι
587 925 707 978 δέον
748 929 860 990 τοῖς
910 928 1141 999 ἄρχουσι
1207 932 1316 986 τῶν
1388 935 1586 1004 χωρῶν
1668 936 1896 990 ἐκείνων

315 1016 566 1086 ἔκριναν,
593 1017 682 1071 ἵνα
712 1019 845 1086 παρ’
866 1020 1046 1074 αὐτῶν
1063 1021 1447 1090 φυλάσσωνται
1484 1029 1539 1080 αἱ
1580 1027 1894 1097 ἐκκλησίαι,

319 1110 416 1163 καὶ
452 1112 501 1162 ot
526 1110 747 1180 ἔχοντες
775 1113 844 1166 τά
874 1114 1075 1183 χωρία,
1107 1114 1274 1186 ῆγουν
1302 1117 1417 1171 ὅσοι
1472 1119 1572 1185 τῆς
1591 1118 1894 1190 καθολικῆς

328 1195 666 1261 Ἐκκλησίας
717 1201 856 1251 είσί·
895 1202 989 1253 καὶ
1023 1203 1154 1272 περὶ
1198 1203 1293 1256 τοῦ
1345 1207 1630 1272 Αίκυτῐου,
1680 1207 1771 1260 ἵνα
1802 1209 1895 1261 ἐκ-

311 1286 546 1357 διωχθῇ,
583 1290 677 1342 καὶ
736 1292 812 1361 μή
849 1309 901 1344 τι
959 1292 1037 1355 ὠς
1092 1294 1272 1364 ἱερεὺς
1329 1295 1542 1368 ἐκδικῇ.
1596 1299 1708 1352 Καὶ
1755 1299 1893 1369 πρὸς

311 1379 407 1431 τὸν
479 1378 705 1450 Ῥώμης
750 1381 960 1452 γράψαι
1012 1382 1328 1440 τετύπωται
1376 1390 1507 1461 περὶ
1561 1388 1654 1442 τοῦ
1711 1408 1891 1462 παρα-

312 1471 509 1524 θέσθαι
566 1471 695 1532 τοὺς
747 1478 1174 1546 τοποτηρητὰς,
1254 1480 1423 1551 ῆγουν
1473 1484 1738 1553 συστῆσαι
1786 1484 1886 1537 καὶ

310 1562 582 1632 γνωρίσαι
637 1563 718 1629 τῷ
766 1565 1000 1635 βασιλεῖ,
1053 1571 1148 1622 καὶ
1199 1573 1339 1641 πρὸς
1378 1574 1503 1638 τοὺς
1544 1575 1735 1639 ἄλλους
1767 1578 1887 1630 ἐπι-

312 1657 558 1719 σκόπους
587 1655 695 1709 τῶν
726 1658 944 1729 χωρῶν,
978 1661 1036 1712 ἐν
1089 1658 1178 1725 αἷς
1213 1665 1467 1735 ἐνεδήμει
1508 1669 1631 1720 τότε
1671 1669 1699 1721 ὁ
1730 1667 1891 1735 βασι-

303 1761 457 1808 Λευς,

300 2005 535 2059 ΔΡΙΣΤ.
582 2024 602 2057 ι
647 2008 707 2060 Οἱ
737 2010 1088 2081 γεννηθέντες
1113 2015 1386 2088 εὐσεϐείᾳ,
1418 2023 1513 2074 καὶ
1538 2022 1720 2077 πίστει
1746 2042 1880 2095 τραο

380 2113 398 2145 ι
438 2096 629 2162 φέντες
650 2095 914 2167 βασιλεῖς,
946 2104 1105 2174 χεῖρα
1132 2106 1396 2179 παρέχειν
1425 2113 1543 2175 ταῖς
1562 2113 1882 2185 ἐκκλησίαις

387 2206 406 2238 ι
448 2187 778 2257 ὀφείλουσιν,
805 2192 927 2246 ἐπεὶ
961 2197 1055 2250 καὶ
1071 2198 1287 2252 Παύλου
1319 2201 1575 2273 δεομένου
1609 2222 1879 2274 στρατιω-

382 2296 401 2329 ι
444 2277 603 2346 τικῆς
636 2280 841 2353 χειρὸς,
879 2282 978 2355 τὴν
1018 2287 1126 2343 τῶν
1177 2289 1427 2348 ἀτάκτων
1463 2292 1674 2350 διέλυσε
1741 2296 1880 2370 σύμ-

381 2386 401 2419 (
440 2385 655 2423 πνοιαν.
691 2390 713 2424 ι

371 2462 493 2530 Τῆς
517 2462 626 2515 τῶν
648 2465 892 2521 εὐσεϐῶν
927 2468 1196 2540 βασιλέων
1235 2479 1559 2550 συμμαχίας
1600 2481 1698 2535 καὶ
1750 2483 1879 2555 βοη-

300 2550 461 2614 θείας
487 2554 543 2605 αί
580 2554 870 2627 ἐκκλησίαι
914 2559 1003 2613 ἀεὶ
1041 2565 1394 2633 προσδέονται
1419 2586 1434 2600 °
1487 2575 1580 2628 καὶ
1605 2550 1877 2644 ὀφείλουσι

297 2641 518 2712 ταύτην
546 2645 818 2717 παρέχειν
844 2649 1043 2709 αὐταῖς
1068 2653 1144 2717 ὡς
1169 2657 1269 2727 τῆς
1294 2659 1530 2726 πίστεω;
1564 2641 1718 2730 ὄντες
1742 2668 1878 2739 πρό-

300 2749 510 2804 μαχοιυ
556 2736 644 2790 ἵνα
688 2739 765 2810 μὴ
803 2741 952 2810 παρὰ
994 2743 1105 2798 τῶν
1151 2747 1449 2818 αἰρετικῶν
1498 2753 1532 2825 ἢ
1571 2755 1681 2808 τῶν
1738 2736 1877 2811 ἀτά-

291 2839 451 2877 κτων
494 2830 970 2898 καταφρονῶνται.
1009 2834 1122 2892 Καὶ
1168 2838 1278 2908 γὰρ
1332 2842 1425 2895 καὶ
1452 2843 1481 2895 δ
1533 2844 1748 2925 Παυλος
1777 2847 1876 2919 τὴν

288 2915 409 2970 τῶν
440 2918 699 2976 ἀτάκτων
743 2922 1051 2992 σύμπνοιαν
1100 2935 1463 3007 στρατιωτικῇ
1506 2920 1731 3011 βοηθείᾳ
1767 2915 1876 2994 διέ-

285 3003 352 3057 λυ
362 3022 446 3062 σε.

872 3111 1119 3180 Πρᾶξις.
1136 3115 1305 3186 ἕκτη.

372 3213 394 3246 ι
447 3196 538 3249 Ἐν
563 3197 737 3271 ταύτῃ
767 3204 834 3273 τῇ
865 3206 1066 3275 συνόδῳ
1109 3208 1178 3260 τά
1228 3211 1516 3282 ὁρισθέντα
1564 3218 1596 3287 ἡ
1638 3217 1868 3290 βραχεῖα
1893 3189 1939 3250 c

293 3300 312 3333 ι
359 3284 652 3354 σαορηνίζει
687 3290 1003 3360 πρόσθεσις.
1061 3296 1184 3351 Ἐπὶ
1219 3301 1548 3372 Στελίχωνος
1585 3284 1871 3364 -πάλιντκαὶ

290 3396 312 3429 ι
359 3374 674 3445 Ἀνθεμίου,
705 3381 814 3435 τῶν
861 3383 1263 3456 λαμπροτάτων
1325 3392 1567 3462 ὑπάτων,
1620 3400 1686 3469 τῇ
1707 3398 1872 3455 δεκά-

297 3485 317 3515 ι
356 3484 428 3539 τῃ
456 3469 565 3539 πρὸ
610 3471 887 3526 καλανδῶν
921 3475 1310 3550 Σεπεμὸρίων
1361 3485 1419 3538 ἐν
1446 3486 1752 3573 Καρχηδόνι
1785 3494 1866 3554 είς

296 3575 315 3607 ι
350 3559 454 3626 τὴν
485 3559 791 3629 ἐκκλησίαν
841 3564 936 3616 τοῦ
999 3567 1252 3640 δευτέρου
1307 3570 1596 3642 κλίματος.
1646 3568 1727 3631 Τά
1771 3596 1869 3633 πε-

293 3666 314 3698 ι
354 3651 656 3719 πραγμένα
680 3653 779 3723 τῆς
814 3656 1099 3729 παρούσης
1146 3663 1363 3717 συνόδου
1413 3666 1501 3718 διὰ
1529 3667 1688 3723 τοῦτο
1747 3672 1867 3738 ἐξο-

291 3759 313 3791 :
344 3741 624 3813 λοκλήρου
666 3746 767 3799 οὐκ
794 3749 1141 3820 ἐγράφησαν,
1171 3753 1363 3826 ἐπειδὴ
1395 3757 1595 3826 μᾶλλον
1615 3762 1685 3814 τὰ
1723 3765 1867 3819 κατὰ

295 3849 315 3880 ι
351 3831 445 3883 τὸν
477 3834 668 3902 καιρὸν
702 3837 974 3905 ἀναγκαῖα
998 3839 1142 3911 ἢπερ
1169 3843 1290 3896 τινὰ
1311 3846 1502 3912 γενικὰ
1527 3847 1862 3921 ὡρίσθησαν,

294 3940 314 3972 ι
355 3922 426 3976 δι’
457 3918 536 3978 ὧν
586 3924 813 3996 βραχεῖα
854 3929 1102 3994 σύνθεσις
1133 3933 1239 3986 τῶν
1276 3918 1733 4009 σπουδασμάτωνν
1764 3943 1865 4013 τῆς

289 4032 312 4063 ε
345 4014 525 4085 αὐτῆς
559 4017 781 4071 συνόδου
803 4019 1131 4094 διετυπώθη.
1172 4044 1191 4076 ο

888 4105 1129 4169 ΚΑΝΩΝ
1145 4115 1256 4184 t,z’.

294 4218 313 4250 ι
348 4200 422 4253 Τὸ
476 4200 699 4271 βρέϐιον
728 4203 837 4257 τῶν
873 4207 1208 4274 κεφαλαίων.
1237 4212 1357 4268 Ἵνα
1408 4217 1667 4292 ἐλευθέρα
1696 4241 1852 4287 τοπο-

361 4314 377 4342 ι
418 4295 662 4363 τηρησία
705 4296 771 4347 ἐκ
797 4297 987 4352 πασῶν
1033 4303 1142 4353 τῶν
1176 4304 1455 4377 ἐπαρχιῶν
1488 4314 1567 4376 εἰς
1599 4317 1700 4388 τὴν
1733 4320 1859 4374 σύν-

359 4398 378 4428 ι
414 4378 538 4431 οδον
568 4382 849 4454 ἁποσταλῇ
875 4387 1014 4456 πρὸς
1039 4388 1317 4453 Μιζόνιον.
1353 4378 1741 4475 Τοποτηρηταὶ
1763 4410 1855 4465 καὶ

357 4491 374 4519 ε
410 4470 725 4543 γράμματα
749 4474 1128 4548 ἀποσταλῆναι
1156 4470 1644 4563 παρηγγέλθησανξ
1672 4498 1760 4552 διὰ
1793 4502 1854 4554 τὸ
1886 4521 1935 4581 D

360 4580 377 4610 ι
420 4562 662 4629 ὀφείλειν
700 4564 998 4638 ἐλευθέραν
1049 4572 1332 4645 ἐκπέμψαι
1390 4588 1800 4657 τοποτηρησίαν
1837 4608 1851 4621 ·

356 4674 372 4702 ι
414 4654 526 4718 ἵνα,
563 4655 753 4726 ἐπειδὴ
783 4659 840 4710 ἐν
870 4659 1175 4732 Καρχηδόνι
1194 4667 1356 4736 μόνον
1390 4654 1852 4747 ἕνωσιςῃέγένετο,

356 4763 375 4794 ι
412 4743 708 4819 πεμφθῶσι
737 4749 1046 4820 γράμματα
1077 4756 1213 4827 πρὸς
1240 4761 1366 4823 τοὺς
1390 4743 1684 4835 ἄρχοντας,
1704 4743 1853 4840 ὅπως

355 4854 374 4884 ι
409 4835 506 4887 καὶ
542 4837 601 4888 ἐν
630 4840 753 4901 ταῖς
809 4840 999 4907 ἄλλαις
1040 4846 1333 4923 ἐπαρχίαις
1380 4856 1477 4907 καὶ
1531 4859 1749 4915 πόλεσιν
1800 4835 1851 4920 oi

355 4944 374 4976 ι
408 4928 568 4982 αὐτοὶ
596 4930 864 4999 ἄρχοντες
893 4936 1131 5008 σπουδὴν
1162 4941 1638 5018 ἐπιχορηγηθῆναι
1666 4955 1852 5009 κελεύ-

351 5038 368 5069 ι
406 5036 548 5073 σωσι
591 5025 660 5093 τῇ
697 5024 933 5093 ἐνότητι,
976 5028 1064 5081 ἵνα
1088 5031 1432 5104 εὐχαριστίαι
1485 5042 1594 5096 ἀπὸ
1640 5046 1739 5114 τῆς
1788 5049 1849 5103 ἐν

351 5134 369 5166 ι
409 5118 720 5195 Καρχηδόνι
756 5119 1086 5192 Ἐκκλησίας
1107 5127 1249 5198 ὑπὲρ
1269 5131 1449 5205 πάσης
1469 5137 1567 5206 τῆς
1585 5139 1849 5211 Ἀφρικῆς

347 5227 367 5260 ι
415 5191 545 5280 περῖ
593 5210 688 5265 τοῦ
722 5215 1065 5288 ἀπελαθῆναι
1122 5191 1250 5288 τοὺς
1311 5191 1848 5303 Δονατιστὰςημετιὰ

348 5319 365 5350 ι
399 5304 767 5370 γραμμάτων
801 5306 912 5364 τῶν
964 5310 1283 5391 ἐπισκόπων
1311 5317 1404 5370 ἐπὶ
1455 5320 1517 5373 τὺ
1550 5328 1844 5393 κομιτᾶτον

342 5409 362 5441 ι
412 5395 765 5462 πεμφθῶσιν.
822 5398 1137 5472 Γράμματα
1197 5407 1621 5484 ἀνεγνώσθησαν
1685 5418 1844 5474 Ἵννο-

342 5501 362 5534 ι
398 5484 614 5537 κεντίου
646 5489 741 5541 τοῦ
792 5490 1020 5559 πάππα,
1058 5494 1147 5549 ἵνα
1174 5500 1222 5551 οἱ
1259 5501 1553 5558 ἐπίσκοποι
1585 5508 1661 5571 ὡς
1682 5509 1839 5584 ἔτυχε

346 5593 365 5625 ι
406 5574 549 5645 πρὸς
605 5578 675 5630 τά
720 5587 1078 5652 περαματικά
1144 5589 1363 5645 ἀπιέναι
1408 5595 1482 5666 μὴ
1529 5574 1836 5657 δύνανταί·

339 5684 359 5718 ι
392 5666 536 5736 ὅπερ
571 5668 731 5724 τοῦτο
758 5674 892 5726 αὐτὸ
914 5678 1034 5741 ταῖς
1073 5679 1322 5751 γνώμαις
1371 5686 1480 5738 τῶν
1514 5690 1837 5749 ἐπισκόπων

2010 562 2077 616 ad
2113 566 2376 634 palatium
2408 574 2610 632 missos
2655 592 2778 636 esse
2819 582 3168 645 ducerentur.
3208 591 3577 666 Religiosissi.

2006 669 2122 711 nios
2148 670 2331 716 autem
2366 663 2745 740 imperatores,
2784 674 2887 732 hoc
2925 689 3045 747 est,
3096 683 3421 744 Christianae
3452 690 3576 747 ﬁdei

2005 751 2321 822 nominique
2349 760 2591 827 apprime
2620 764 2887 837 addictos,
2916 785 2981 827 ac
3011 775 3284 846 religionis
3306 778 3577 838 Christia—

2001 854 2086 893 nae
2112 841 2197 895 vel
2223 846 2459 902 maxime
2485 853 2785 912 retinentes
2839 861 3198 929 appellavere.
3256 868 3337 925 Ad
3359 884 3575 941 compe.

1999 932 2228 986 scendos
2257 932 2657 1003 Donatistarum
2686 945 2901 1006 furores
2920 960 2975 1008 et
3002 954 3239 1015 insanias
3264 1001 3279 1027 ,
3304 965 3575 1031 prad'ectis

2001 1033 2185 1076 earum
2216 1028 2616 1094 provinciarum
2660 1039 2955 1099 mittendas
2998 1060 3119 1103 esse
3146 1050 3357 1110 litteras
3384 1057 3574 1115 decre-

1998 1126 2217 1183 verunt,
2244 1128 2301 1174 ut
2322 1124 2605 1194 ecclesias,
2631 1144 2837 1201 eosque
2862 1137 2952 1205 qui
2977 1144 3175 1209 praedia
3198 1148 3570 1217 possidebant,

1997 1205 2045 1259 si
2087 1205 2165 1263 illi
2204 1211 2462 1271 nimirum
2498 1218 2644 1276 inter
2688 1222 3003 1287 Catholicos
3036 1249 3410 1310 censerentur,
3467 1245 3568 1315 ipsi

1998 1296 2350 1360 defenderent
2378 1309 2485 1363 :de
2514 1310 2730 1383 Equitio
2766 1332 2984 1390 quoque
3012 1334 3070 1380 ut
3099 1296 3440 1402 extrudatur,
3472 1296 3572 1393 nec

2000 1388 2165 1445 ullam
2219 1399 2575 1456 sacerdotalis
2616 1409 2857 1463 muneris
2894 1388 3103 1478 partem
3152 1421 3377 1491 omnino
3408 1429 3572 1480 attin-

1996 1485 2107 1545 gat.
2138 1476 2428 1541 Mittendas
2449 1489 2636 1556 {etiam
2667 1476 2975 1554 litteras—ad
3011 1500 3316 1564 Romanum
3352 1488 3572 1584 episco-

1993 1583 2148 1639 pum,
2181 1583 2239 1627 nt
2270 1575 2475 1647 legatos
2505 1583 2698 1654 imper.
2730 1590 2914 1659 sistat,
2950 1595 3052 1653 hoc
3077 1608 3178 1665 est,
3223 1609 3568 1663 commendet

1993 1669 2158 1730 atque
2186 1668 2477 1738 conciliet;
2509 1688 2574 1728 ac
2602 1675 2658 1730 in
2691 1682 2940 1741 eamdem
2986 1693 3313 1750 sententiam
3348 1698 3417 1753 ad
3469 1715 3564 1754 ea-

1995 1767 2114 1807 rum
2154 1758 2441 1839 regionum
2474 1766 2778 1839 episcopos,
2817 1774 2868 1829 in
2900 1780 3096 1847 quibus
3131 1792 3259 1840 tunc
3304 1793 3565 1859 temporis

2508 1831 2519 1833 -
2659 1831 2673 1839 _
2763 1831 2775 1838 ,
2915 1831 2933 1847 ,
2979 1831 3093 1838 κη--
3133 1831 3259 1840 --.η
3305 1831 3558 1859 ......,.......

1915 1831 1965 1893 Β
1994 1843 2295 1917 imperator
2337 1834 2735 1928 .diversaretur,
2795 1867 3140 1928 scribendum
3194 1891 3318 1935 esse
3366 1893 3558 1940 statue-

1942 1961 1955 1965 ‘
1984 1948 2136 1992 ΙἪΠΙ.
2966 1978 2982 1989 ’

1980 2027 2208 2086 ARIST.
2271 2053 2290 2086 ι
2326 2035 2427 2102 Qui
2483 2040 2535 2093 in
2581 2057 2705 2109 vera
2746 2048 3006 2119 religione
3056 2057 3190 2122 nati,
3244 2071 3298 2115 et
3350 2064 3402 2118 in
3456 2066 3561 2122 {ide

2060 2140 2079 2173 ι
2121 2125 2334 2183 educati
2389 2130 2606 2188 fuerunt
2637 2136 3012 2211 imperatores,
3058 2162 3278 2207 manum
3321 2158 3561 2213 auxilia-

2059 2231 2079 2265 ι
2116 2217 2302 2273 tricem
2377 2224 2626 2283 ecclesiis
2679 2231 2939 2291 exhibere
2993 2241 3191 2296 debent
3245 2263 3260 2300 :
3305 2251 3556 2316 quoniam

2058 2325 2078 2358 ι
2122 2318 2176 2362 et
2213 2309 2378 2368 Paulo
2418 2316 2667 2375 militaris
2712 2338 2907 2382 manus
2939 2329 3233 2403 indigente,
3266 2336 3379 2396 haec
3412 2340 3559 2401 inso-

2056 2414 2075 2447 ι
2110 2396 2332 2455 lentium
2354 2406 2808 2475 conspirationem
2835 2396 3130 2478 dissolvit.»

2052 2485 2269 2543 Piorum
2315 2492 2705 2576 imperatorum
2752 2505 2957 2563 auxilio
2992 2519 3045 2565 et
3072 2514 3388 2585 adjumento
3413 2538 3558 2581 sem-

1980 2589 2078 2646 per
2109 2578 2349 2651 indigent
2374 2585 2614 2645 ecelesia:
2656 2610 2671 2647 :
2698 2602 2756 2648 et
2799 2596 2997 2653 debent
3029 2578 3162 2659 illud
3196 2607 3262 2664 iis
3289 2578 3553 2682 praebere,

1979 2674 2165 2735 utpote
2207 2673 2299 2740 qui
2328 2673 2449 2730 [ldei
2497 2690 2626 2735 sunt
2662 2698 3128 2760 propugnatores;
3159 2713 3227 2753 ne
3284 2673 3351 2756 ab
3376 2673 3552 2762 hare;

1980 2758 2100 2814 ticis
2153 2763 2316 2835 632
2365 2778 2457 2822 aut
2510 2770 2872 2847 immorigeris
2899 2758 3175 2853 despectui
3226 2791 3549 2855 habeantur.

1976 2846 2190 2908 Etenim
2225 2857 2339 2922 ipse
2391 2877 2605 2932 quoque
2634 2865 2833 2925 Paulus
2888 2873 3237 2936 insolentium
3270 2885 3550 2946 hominum

1977 2946 2431 3015 conspirationem
2465 2955 2689 3016 militari
2730 2964 2938 3020 auxilio
2965 2968 3241 3039 discussit.

2584 3139 2739 3198 Actio
2776 3158 2948 3202 sexta.

2049 3236 2069 3269 ι
2111 3219 2239 3288 Quae
2277 3223 2329 3279 in
2378 3227 2478 3282 hac
2519 3236 2725 3302 synodo
2770 3240 2988 3296 deﬁnita
3020 3255 3144 3300 sunt
3175 3249 3353 3308 brevis
3395 3255 3544 3326 adje-

1980 3329 1999 3363 ι
2034 3313 2143 3368 ctio
2188 3316 2448 3374 declarat.
2493 3324 2605 3379 Sub
2635 3327 2907 3388 Stelicone
2935 3351 3122 3394 rursus
3151 3354 3205 3396 et
3233 3346 3542 3417 Anthemio,

1977 3421 1997 3453 ι
2031 3404 2350 3466 clarissimis
2375 3415 2713 3486 consulibus,
2740 3423 2807 3477 ad
2834 3425 3099 3484 decimum
3127 3433 3230 3489 cal.
3260 3436 3540 3508 Septemb.

1978 3511 1998 3544 ι
2039 3495 2386 3570 Carthagine,
2442 3506 2493 3560 in
2548 3512 2775 3568 ecclesia
2832 3521 3055 3575 secundi
3105 3526 3361 3585 climatis.
3408 3534 3544 3590 Acta

1975 3602 1995 3636 ι
2047 3593 2331 3655 praesentis
2375 3600 2566 3667 synodi
2620 3614 2903 3674 propterea
2958 3611 3166 3684 integre
3208 3620 3407 3689 scripta
3437 3641 3542 3680 non

1974 3691 1994 3726 ι
2040 3690 2189 3748 sunt,
2236 3689 2488 3752 quoniam
2547 3696 2718 3765 magis
2770 3713 2890 3768 quae
2937 3716 3094 3762 erant
3150 3725 3248 3778 pro
3302 3722 3543 3783 tempore

1977 3786 1996 3819 ι
2033 3777 2365 3843 necessaria,
2393 3792 2554 3848 quam
2586 3786 2696 3841 ulla
2729 3793 3025 3862 generalia,
3061 3804 3350 3860 constituta
3385 3820 3539 3877 sunt;

1973 3875 1993 3908 ι
2049 3873 2271 3931 propter
2317 3880 2437 3934 quae
2483 3870 2662 3942 brevis
2709 3883 3030 3949 compositio
3073 3904 3283 3959 eorum,
3316 3910 3440 3965 qure
3489 3900 3538 3953 in
3582 3950 3585 3951 ν

1972 3969 1992 4002 ι
2034 3952 2134 4016 bac
2165 3959 2371 4026 synodo
2404 3962 2645 4021 studiose
2679 3978 2801 4023 acta
2827 3983 2976 4042 sunt,
3009 3991 3264 4049 expressa
3295 3952 3399 4047 est.
3442 4008 3464 4044 ι

2512 4143 2743 4204 CANON
2767 4149 2979 4210 XCVII.

2018 4226 2358 4286 Breviculum
2384 4238 2642 4306 capitum.
2670 4240 2739 4296 Ut
2763 4245 2933 4302 libera
2969 4250 3168 4323 legatio
3194 4270 3257 4312 ex
3286 4265 3538 4323 omnibus

2037 4337 2055 4369 ι
2094 4323 2386 4390 provinciis
2419 4328 2486 4380 ad
2527 4332 2789 4399 synodum
2840 4338 3086 4394 mittatur
3116 4344 3168 4398 in
3204 4345 3527 4409 Mizonium.

2038 4430 2057 4462 ι
2093 4413 2278 4482 Legati
2310 4432 2523 4488 quoque
2549 4422 2758 4481 litteras
2788 4429 3003 4487 :uittnre
3030 4433 3172 4502 jussi
3202 4452 3350 4507 sunt,
3392 4453 3533 4515 qutod

2038 4523 2056 4555 ι
2109 4505 2342 4562 debeant
2373 4513 2622 4570 emittere
2656 4517 2878 4574 liberam
2901 4523 3222 4594 legationem
3257 4552 3269 4587 :
3302 4546 3380 4605 ut,
3410 4542 3534 4609 quia

2040 4613 2058 4646 ι
2102 4598 2431 4672 Carthagine
2474 4605 2644 4661 solum
2691 4612 2820 4667 nnio
2852 4614 2992 4669 facta
3039 4632 3143 4687 est,
3189 4620 3382 4684 litterae
3412 4636 3537 4685 init-

2040 4701 2058 4734 ι
2101 4694 2286 4740 tantur
2314 4691 2380 4742 ad
2413 4694 2784 4763 magistratus,
2820 4712 2876 4756 ut
2906 4705 2963 4759 in
3009 4709 3132 4767 aliis
3162 4730 3377 4786 quoque
3405 4737 3531 4788 pro—

2038 4792 2055 4823 ι
2095 4775 2289 4832 vinciis
2328 4789 2383 4834 et
2431 4783 2743 4843 civitatibus
2791 4791 2892 4858 ipsi
2937 4775 3532 4876 magistratus-jubeant

2036 4883 2053 4915 ι
2088 4867 2327 4923 studium
2353 4871 2599 4930 adhiberi
2628 4878 2811 4934 unioni
2836 4897 2854 4948 ;
2885 4894 2940 4936 ut
2964 4889 3258 4955 gratiarum
3287 4898 3530 4956 actiones

2035 4973 2056 5007 ι
2088 4957 2156 5012 ab
2182 4957 2424 5022 Ecclesia
2483 4963 2892 5040 Carthaginensi
2937 4992 3037 5045 pro
3089 4990 3199 5035 tota
3248 4985 3428 5055 Africa
3462 4991 3531 5045 de

2033 5065 2051 5098 ι
2106 5051 2294 5119 ejectis
2328 5055 2620 5114 Donatistis
2671 5078 2793 5117 cum
2838 5065 3028 5129 litteris
3062 5051 3441 5147 episcoporum
3472 5083 3526 5136 in

2033 5158 2052 5191 ι
2110 5144 2422 5200 comitatum
2479 5151 2785 5211 mittantur.
2845 5156 3103 5217 Recitata:
3157 5181 3281 5223 sunt
3332 5172 3526 5230 litterae

2033 5252 2052 5285 ι
2105 5234 2404 5294 Innocentii
2447 5256 2613 5312 papae,
2667 5255 2724 5300 ut
2770 5249 3004 5322 episcopi
3046 5257 3112 5309 ad
3161 5266 3521 5321 transmarina

2021 5346 2040 5378 ι
2078 5344 2301 5400 pergere
2343 5332 2504 5390 facile
2549 5353 2655 5393 non
2690 5342 2957 5400 debeant'
3001 5355 3142 5420 quod
3182 5357 3357 5425 ipsum
3407 5362 3525 5431 cpi-

2027 5438 2046 5472 σ
2102 5435 2388 5491 scoporum
2438 5431 2724 5489 sententiis
2772 5439 3128 5498 conﬁrmatur
3159 5464 3173 5500 :
3204 5460 3257 5502 ut
3304 5463 3523 5520 propter

2022 5528 2042 5562 ι
2106 5515 2405 5583 gratiarttm
2463 5522 2731 5580 actionem
2787 5530 2855 5583 ob
2902 5535 3150 5591 exclusos
3206 5538 3517 5598 Donatistas

2024 5624 2043 5657 ι
2081 5607 2189 5662 duo
2221 5609 2404 5664 clerici
2432 5613 2690 5672 Ecclesiae
2731 5620 3172 5696 Carthaginiensis
3197 5631 3262 5684 ad
3293 5636 3522 5690 comita-

2025 5708 2168 5751 «tum
2199 5701 2502 5758 mittantur.
2531 5723 2548 5757 ι

342 5776 361 5810 ι
401 5759 875 5828 βεϐαιοῦταιοῖνα
945 5769 1032 5823 διά
1084 5774 1185 5843 τὴν
1254 5778 1609 5850 εὐχαριστίαν
1677 5789 1805 5857 περὶ
1874 5791 2000 5855 τοῦ,
2035 5791 2325 5865 διωχθῆναι
2375 5797 2501 5860 τοὺς
2553 5801 2881 5870 Δονατιστάς
2956 5809 3048 5863 δύο
3116 5812 3369 5884 κληρικοὶ
3413 5817 3517 5897 τῆς

350 5876 367 5897 ι
408 5859 465 5897 ἓν
495 5859 804 5897 “nn-inﬁxus
852 5859 1176 5897 ἠυρλ-..-μη
1199 5872 1293 5897 .1_‘.
1333 5876 1385 5897 ..Α
1428 5894 1526 5897 με..
1600 5881 1626 5895 -ο
1913 5888 1978 5897 --
2155 5880 2169 5892 -

350 5876 367 5908 t
407 5859 465 5913 ἐν
495 5859 807 5923 Καογηδὸνι
852 5859 1176 5928 Ἐκκλησίας
1199 5872 1299 5926 ’ἐπὶ
1333 5876 1391 5928 τὸ
1426 5881 1721 5934 κοιλιτᾶτον
1753 5888 2094 5947 πειιφθῶσιν.
2130 5880 2169 5949 θ’
