3976 6384
390 364 494 437 339

1645 369 1744 427 ΤΠ
1756 370 1849 427 ΕΟ
1859 370 1922 427 D.
1962 368 2361 432 BALSAMON

3527 371 3631 433 340

386 489 603 557 quidem
653 486 887 552 videtur,
918 485 1280 541 servabuntur
1310 485 1364 538 in
1407 482 1588 537 causis
1629 480 1943 537 ecclesiasti-

2066 490 2153 542 τοῦ
2186 490 2452 560 παρόντος
2477 491 2718 552 κανόνος.
2748 488 2959 557 εταῦτα
2989 488 3047 543 δὲ
3101 490 3279 561 κρατή
3294 509 3496 556 τουσιν,
3552 494 3631 555 ὡς

384 577 483 641 eis,
519 584 574 629 ut
602 575 715 631 vult
741 576 827 631 bic
860 588 1058 630 canon.
1090 572 1199 628 Lex
1227 575 1371 628 enim
1398 572 1573 628 civilis
1597 570 1859 641 permittit.
1883 569 1955 636 ei,

382 668 474 732 qui
496 667 730 736 judicem
761 667 1038 734 petiverit,
1072 665 1156 720 vel
1182 665 1365 735 aliquo
1388 664 1491 717 alio
1523 663 1679 718 modo
1710 662 1955 731 elegerit,

384 761 673 815 babentem
699 760 1147 827 iurisdietionem,
1174 772 1202 812 a
1227 756 1495 815 sententia
1520 756 1639 826 ejus
1664 754 1952 824 appellare.

458 1031 708 1087 ZONAR.
746 1035 829 1089 Ab
860 1034 1083 1088 arbitris
1119 1032 1357 1085 civilium
1392 1046 1605 1100 quoque
1651 1031 1824 1096 legum
1857 1030 1953 1083 de-

382 1103 533 1180 creto
566 1127 705 1178 nulla
739 1128 893 1180 datur
924 1127 1254 1193 provocatio.
1289 1122 1430 1176 ldem
1462 1139 1590 1194 ergo
1621 1121 1706 1177 bie
1740 1137 1954 1193 quoque

381 1234 553 1270 cannu
602 1219 807 1270 statuit.
861 1215 995 1269 Nam
1032 1217 1076 1269 si
1109 1216 1249 1284 quis,
1284 1214 1477 1285 inquit.
1520 1216 1586 1268 ab
1623 1230 1729 1268 uno
1774 1214 1954 1282 judice

383 1308 669 1361 damnatus
717 1306 783 1358 ad
826 1307 1055 1358 alterum
1109 1305 1504 1371 provocaverit,
1552 1303 1954 1373 eumqnejudi-

381 1412 522 1459 cem,
568 1398 658 1452 illo
705 1408 892 1452 contra
939 1411 1097 1463 quem
1145 1398 1479 1464 provocavit,
1528 1396 1836 1451 adversario
1866 1394 1952 1448 ni-

382 1491 579 1543 mirt‘m
628 1505 746 1550 suo,
780 1489 1173 1549 consentiente,
1201 1486 1465 1558 eli-gerit;
1513 1489 1686 1541 neutri
1723 1486 1955 1555 amplius

377 1585 448 1638 ab
481 1585 596 1651 ejus
627 1583 917 1644 sententia,
956 1598 1116 1651 quem
1155 1592 1382 1649 uterque
1408 1582 1641 1649 judicent
1672 1578 1949 1647 delegerit.

380 1674 560 1727 licebit
614 1688 929 1741 provocare.
966 1673 1022 1727 In
1074 1673 1225 1736 illud,
1257 1672 1324 1727 de
1366 1673 1698 1726 diversarum
1728 1671 1951 1739 provin-

379 1765 587 1818 ciarum
649 1764 860 1830 legatis.
914 1767 1164 1835 Legatos,
1216 1780 1354 1833 quos
1406 1764 1611 1834 synodo
1667 1762 1948 1817 adfuturos

379 1864 755 1920 speraverant,
784 1855 896 1924 jam
929 1871 1120 1911 omnes
1161 1856 1322 1909 simul
1354 1856 1725 1919 advenientes,
1755 1868 1945 1924 magna

382 1947 578 2001 laetitiae
612 1948 1008 2017 significatione
1058 1948 1247 2016 synodi
1303 1946 1488 2002 Patres
1536 1962 1815 2015 excepere.
1863 1945 1945 2019 [In

373 2040 526 2105 illud,
573 2040 640 2095 de
670 2041 1013 2096 exactoribus
1065 2040 1365 2113 Ecclesim.]
1415 2039 1568 2114 [llaec
1615 2055 1832 2110 quoque
1881 2040 1946 2095 ad

374 2148 713 2193 communem
748 2134 1039 2188 utilitatem
1075 2135 1295 2189 mitnine
1330 2133 1649 2205 pertinent.]

378 2224 610 2280 ARIST.
674 2243 692 2276 ι
732 2224 852 2282 Uno
915 2224 1245 2296 litigantium
1307 2226 1632 2294 appellante,
1685 2227 1728 2279 si
1785 2241 1946 2280 amoo

447 2337 466 2369 ι
526 2317 820 2372 electitium
863 2316 1097 2385 judicem
1145 2317 1428 2389 elegerint,
1475 2331 1541 2372 ne
1577 2316 1805 2387 amplius
1848 2332 1945 2386 ap-

444 2426 464 2460 ι
505 2408 724 2477 pellent.
740 2426 759 2459 ι

444 2499 556 2554 Lex
603 2499 818 2570 quidem
860 2499 1036 2555 civilis
1061 2499 1139 2554 sic
1163 2499 1329 2554 sentit
1373 2501 1439 2554 de
1460 2497 1733 2568 iudicibus
1758 2499 1943 2555 electi-

370 2592 486 2658 tiis,
526 2598 586 2645 ut
624 2606 730 2647 non
755 2591 915 2647 aliter
944 2589 1239 2645 electitium
1269 2592 1635 2647 constituatur
1653 2591 1942 2659 judicium,

372 2685 474 2741 nisi
521 2685 673 2755 prius
708 2684 938 2755 quisque
968 2682 1294 2753 litigantium
1336 2699 1510 2752 pennae
1537 2684 1941 2755 stipulationem

370 2784 655 2846 proponat,
700 2777 841 2847 quod
887 2777 1202 2847 quicunque
1242 2790 1309 2830 ex
1350 2777 1416 2832 iis
1447 2778 1714 2832 sententia
1748 2777 1944 2848 judicis

368 2872 437 2925 ab
471 2870 601 2941 ipsis
630 2870 785 2925 electi
836 2885 941 2925 non
972 2870 1287 2941 acquiescit,
1337 2886 1551 2939 poenam
1596 2870 1742 2926 illam
1789 2871 1942 2926 alteri

375 2963 666 3027 persolvat,
712 2962 804 3032 qui
827 2962 1091 3032 judicium
1139 2961 1400 3018 admittit.
1426 2962 1543 3017 Non
1571 2962 1713 3017 enim
1743 2976 1945 3030 cogun-

372 3056 462 3108 tur
502 3055 825 3109 sententiam
869 3053 1013 3109 illius
1060 3053 1334 3124 recipere;
1384 3054 1478 3109 sed
1523 3052 1650 3109 illud
1677 3053 1817 3123 apud
1849 3068 1943 3109 eos

2060 581 2189 651 ἐμοὶ
2235 580 2403 646 δοκεῖ,
2444 583 2537 634 καὶ
2574 582 2656 645 εἱς
2687 581 2785 644 τὰς
2816 579 3284 645 ἐκκλησιαστικάς
3318 583 3629 645 ὑποθέσεις,

2059 673 2201 728 κατά
2232 673 2323 727 τὸν
2363 673 2610 740 παρόντα
2652 672 2873 727 κανόνα.
2906 673 2965 728 '0
3013 670 3120 742 γὰρ
3157 671 3433 735 πολιτικὸς
3466 673 3629 742 νόμως

2058 765 2297 835 ἐκχωρεῖ
2323 763 2402 834 τῷ
2435 764 2734 832 ζητήσαντι
2770 762 3056 828 δικαστὴν,
3094 764 3128 833 ἢ
3172 764 3266 817 καὶ
3303 764 3482 823 ἄλλως
3513 782 3626 828 πως

2057 852 2457 925 ἐπιλεξαμένῳ,
2474 855 2617 926 πλὴν
2648 857 2840 925 ἔχοντα
2859 855 3247 921 δικαιοδοσίαν,
3276 854 3628 916 ἐκκαλεῖσθαι

2057 950 2203 1004 κατά
2234 950 2335 1017 τῆς
2365 949 2552 1019 ψήφου
2585 946 2777 1002 αὐτοῦ.

2130 1036 2374 1091 ΖΩΝΑΡ.
2406 1036 2565 1090 Κατά
2617 1036 2851 1107 αἱρετῶν
2885 1037 3158 1091 δικαστῶν
3191 1037 3287 1091 καὶ
3329 1040 3442 1098 τοῖς
3473 1038 3627 1090 πολι-

2056 1132 2232 1193 τικοῖς
2260 1129 2447 1197 νόμοις
2478 1128 2540 1182 οὗ
2570 1128 2770 1183 δίδοται
2798 1128 3087 1200 ἐκκλητος.
3121 1128 3292 1181 Τοῦτο
3332 1126 3427 1182 οὖν
3451 1129 3546 1182 καὶ
3594 1127 3624 1181 ό

2057 1219 2239 1273 κανὼν
2287 1217 2446 1283 οὗτος
2482 1220 2651 1287 λέγει.
2698 1219 2826 1273 Ἐἀν
2865 1218 2976 1291 γάρ
3009 1219 3173 1292 κριθῇ
3206 1237 3311 1285 τις⁹
3349 1223 3504 1290 φησι,
3532 1220 3626 1274 καὶ

2055 1310 2500 1381 ἐκκαλεσάμενος
2566 1310 2760 1380 ἐληται
2828 1311 3181 1382 δικαστήριον
3237 1311 3627 1380 ἐκκλητάριον,

2055 1402 2150 1454 καὶ
2180 1402 2301 1471 μετ’
2330 1402 2498 1456 αὐτοῦ
2522 1402 2777 1462 κάκεῖνος
2801 1401 2997 1473 ἕληται
3030 1401 3246 1465 τοῦτον,
3276 1403 3403 1457 καθ’
3420 1397 3481 1456 οὗ
3508 1403 3622 1470 ἐξε-

2054 1496 2347 1562 καλέσατο,
2387 1496 2559 1566 ἤγουν
2585 1494 2613 1549 ό
2651 1495 2924 1560 ἀντίδικος
2954 1492 3146 1558 αὐτοῦ,
3200 1494 3377 1549 οὐδενὶ
3414 1495 3623 1550 τούτων

2053 1588 2149 1643 τοῦ
2201 1586 2395 1641 λοιποῦ
2433 1587 2655 1653 ἐξέσται
2711 1586 3064 1643 ἐκκαλεῖσθαι
3108 1587 3248 1641 κατά
3289 1586 3389 1657 τῆς
3436 1588 3620 1655 ψήφου

2053 1681 2149 1735 τοῦ
2203 1682 2483 1744 δικαστοῦ,
2524 1682 2585 1735 δν
2640 1682 2811 1752 ἄμφω
2856 1682 2905 1736 οἱ
2960 1681 3224 1736 ἀντίδικοι
3271 1680 3620 1752 ᾑρετίσαντο.

2053 1768 2162 1833 Οὓς
2217 1771 2448 1843 ἤλπιζον
2488 1772 2666 1825 ἐλθεῖν
2701 1774 2779 1834 εἱς
2808 1771 2906 1842 τὴν
2947 1770 3163 1825 σύνοδον
3218 1768 3622 1840 τοποτηρητάς,

2054 1864 2146 1933 ὑφ’
2179 1863 2259 1927 ἓν,
2289 1864 2459 1933 ἤγουν
2495 1862 2657 1930 ὁμοῦ.
2691 1862 2947 1925 ἐλθόντας
2979 1861 3123 1931 μετά
3154 1862 3330 1932 χαρᾶς
3359 1861 3623 1931 προσεδέα

2056 1954 2219 2020 ξαντο
2242 1955 2293 2006 οἱ
2329 1955 2428 2022 τῆς
2458 1953 2705 2008 συνόδου.
2741 1952 2853 2008 Kal.
2884 1953 3055 2007 ταῦτα
3081 1954 3179 2007 οὐκ
3204 1953 3285 2015 εἱς
3320 1951 3512 2023 κοινὴν
3539 1954 3621 2005 ol-

2053 2046 2311 2116 κονομίαν
2335 2047 2557 2118 ὁρῶσιν.

2047 2228 2271 2283 ΑΡΙΣΤ.
2312 2248 2330 2280 ι
2382 2230 2536 2293 Ἐνδς
2576 2230 2682 2284 τῶν
2739 2232 3209 2301 ἀντικρινομένων
3242 2229 3624 2301 ἐκκαλεσαμὲ⁴

2125 2341 2145 2373 ι
2184 2339 2299 2383 νου,
2336 2323 2403 2375 ἂν
2444 2321 2610 2388 ἄμφω
2661 2322 2879 2393 αἱρετὸν
2932 2322 3288 2390 ἐπιλέξωνται
3331 2324 3620 2396 δικαστὴν,

2123 2431 2143 2464 ι
2189 2412 2390 2483 μηκέτι
2426 2413 2893 2470 ἐκκαλεὶσθωσαν.
2935 2433 2955 2467 ι

2129 2502 2188 2556 Ὀ
2224 2500 2321 2572 μὲν
2371 2500 2649 2563 πολιτικὸς
2676 2505 2840 2571 νόμος
2897 2502 3042 2556 οὕτω
3087 2505 3278 2574 φρονεὶ
3327 2504 3461 2576 περὶ
3507 2506 3626 2559 τῶν

2047 2592 2284 2663 αἱρετῶν
2340 2591 2635 2661 δικαστῶν,
2673 2591 2815 2645 ὥστε
2863 2593 2938 2662 μὴ
2992 2593 3168 2659 ἄλλως
3213 2595 3431 2667 αἱρετὸν
3466 2595 3622 2651 συνι-

2046 2682 2275 2737 στασθαι
2305 2681 2689 2754 δικαστήριον,
2724 2684 2775 2737 εἱ
2811 2683 2887 2755 μὴ
2914 2684 3183 2756 πρότερον
3213 2684 3450 2751 ἕκαστος
3502 2689 3616 2742 τῶν

2049 2772 2394 2845 κρινομένων
2429 2776 2733 2847 πρόστιμον
2789 2773 3136 2848 ἐπερωτηθῇ,
3173 2774 3272 2843 ὡς,
3314 2773 3427 2842 οἷος
3459 2779 3527 2834 ἂν
3559 2780 3618 2846 ἐξ

2047 2867 2234 2921 αὐτῶν
2265 2869 2365 2921 οὐκ
2415 2867 2655 2940 ἐμμεὶνῃ
2699 2871 2765 2941 τῇ
2798 2870 3073 2938 ἀποφάσει
3119 2872 3214 2924 τοῦ
3268 2871 3621 2940 ἐπιλεγόντος

2048 2961 2181 3033 παρ’
2225 2961 2407 3015 αὐτῶν
2434 2960 2715 3025 δικαστοῦ,
2746 2961 3140 3017 καταϐαλεῖται
3169 2961 3330 3017 τοῦτο
3359 2963 3420 3016 τὸ
3440 2963 3615 3034 πρόσ-

2044 3066 2204 3122 τιμον
2246 3051 2385 3123 πρὸς
2417 3050 2509 3104 τόν
2552 3051 2744 3121 ἓτερον
2786 3051 2881 3105 τὸν
2925 3051 3220 3122 δεχόμενον
3251 3053 3352 3121 τὴν
3383 3052 3620 3121 διάγνω-

373 3146 611 3215 ponitur.
651 3141 942 3214 Propterea
977 3159 1074 3199 nee
1102 3144 1389 3215 appellatio
1437 3153 1623 3199 contra
1671 3146 1788 3213 ejus
1814 3160 1941 3200 sen-

2066 3161 2157 3197 ιιν.
2216 3142 2291 3196 Οὐ
2340 3136 2450 3213 γάρ
2503 3142 2911 3209 ἀναγκάσονται
2971 3143 3222 3214 δέχεσθαι
3271 3143 3370 3215 τὴν
3429 3144 3614 3213 ψῆφον

368 3239 596 3294 tentiam
618 3239 793 3293 locum
812 3237 991 3303 habet,
1009 3238 1134 3310 quia
1153 3240 1335 3296 etsine
1356 3234 1712 3308 appellatione
1730 3238 1839 3303 ille.
1858 3242 1942 3294 cui

369 3331 636 3401 displicet,
663 3345 875 3400 poenam
906 3339 1115 3385 tantum
1144 3322 1459 3399 persolvens
1482 3331 1549 3385 ab
1574 3344 1635 3383 ea
1659 3338 1835 3398 potest
1860 3346 1945 3385 re-

369 3422 583 3477 cedere.
609 3420 717 3476 Lex
750 3432 929 3475 autem
952 3430 1007 3477 et
1040 3420 1166 3475 illud
1195 3421 1348 3485 dicit,
1379 3422 1520 3491 quod
1548 3421 1737 3491 judex,
1762 3422 1852 3490 qui
1887 3423 1938 3477 in

374 3521 555 3579 partes
596 3512 1031 3580 iurisdictionem
1078 3511 1262 3577 habet,
1307 3522 1363 3565 et
1406 3528 1503 3579 per
1529 3513 1799 3582 prOpriam
1844 3528 1942 3567 au-

371 3603 678 3659 ctoritatem
707 3618 803 3658 eos
838 3602 1081 3669 judicare
1107 3612 1305 3671 potest,
1334 3603 1496 3672 jndex
1530 3604 1799 3657 electitius
1836 3619 1939 3657 non

372 3697 485 3750 list.
529 3695 781 3751 Canones
828 3704 1005 3750 autem
1042 3709 1146 3748 non
1186 3696 1256 3747 ita
1324 3696 1390 3748 de
1433 3694 1710 3764 iudicibus
1755 3696 1940 3752 electi-

372 3791 461 3843 tiis
505 3797 783 3852 statuunt;
832 3787 925 3843 sed
958 3789 1234 3853 mandant,
1271 3786 1414 3855 quod
1444 3787 1488 3841 si
1523 3788 1796 3857 litigantes
1827 3790 1940 3857 epi-

368 3881 515 3948 scopi
544 3879 626 3935 vel
654 3878 836 3935 clerici
867 3878 1075 3948 aliquos
1103 3879 1478 3948 episcoporum
1505 3880 1763 3950 elegerint
1784 3880 1933 3949 judi-

366 3986 461 4031 ees
478 3970 759 4037 eleetitios,
781 3978 833 4025 et
855 3970 925 4025 ab
949 3970 1028 4026 eis
1046 3969 1276 4039 iudicari
1304 3970 1595 4035 voluerint,
1617 3972 1941 4025 condemna-

370 4075 458 4119 tus
490 4079 593 4119 non
624 4064 852 4133 amplius
881 4063 1195 4117 admittetur
1216 4074 1401 4116 contra
1430 4075 1619 4117 eorum
1646 4077 1940 4130 provocare

366 4156 689 4213 sententiam
709 4195 726 4221 ,
757 4155 849 4209 sed
886 4155 935 4209 ei
969 4154 1131 4207 etiam
1162 4152 1364 4207 invitus
1395 4153 1731 4223 aequiescqt.
1762 4154 1937 4207 Causa

367 4258 572 4311 autem,
603 4256 660 4301 ttt
683 4244 840 4300 nobis
865 4244 1082 4313 quidem
1111 4243 1343 4308 videtur,
1370 4249 1590 4313 propter
1615 4258 1773 4312 quam
1803 4257 1937 4297 con-

365 4351 445 4393 tra
490 4337 753 4406 judicium
789 4350 976 4390 eorum
1025 4334 1300 4405 appellare
1343 4348 1447 4387 non
1492 4335 1847 4404 permittitur,
1885 4336 1937 4389 in

365 4430 578 4484 decimo
624 4427 817 4497 quinto
868 4426 1057 4496 synodi
1108 4426 1389 4495 praesentis
1438 4441 1646 4482 canone
1698 4442 1726 4480 a
1780 4429 1935 4482 nobis

367 4520 588 4574 scribito
600 4535 645 4576 r.

2047 3234 2212 3289 αὐτοῦ
2239 3247 2256 3265 ’
2292 3234 2429 3289 ἀλλὰ
2462 3234 2598 3304 παρ’
2622 3234 2809 3297 αὐτοτς
2858 3234 3021 3288 τοῦτο
3066 3237 3267 3289 κεῖται.
3321 3234 3421 3289 Διά
3456 3235 3620 3290 τοῦτο

2055 3328 2180 3381 οὐδὲ
2213 3326 2476 3394 ἐκκλητος
2508 3326 2653 3379 κατά
2679 3328 2779 3398 τῆς
2812 3326 3144 3396 ἀποφάσεως
3206 3326 3373 3380 αὐτοῦ
3431 3327 3619 3398 χώραν

2043 3420 2181 3489 ἔχει,
2216 3420 2305 3472 διά
2327 3419 2387 3472 τὸ
2413 3420 2508 3472 καὶ
2534 3418 2703 3489 χωρὶς
2749 3418 3020 3490 ἐκκλήτου
3045 3418 3305 3473 δύνασθαι
3350 3420 3443 3473 τὸν
3476 3421 3620 3473 ἀπα-

2050 3513 2392 3581 ρεσκόμενον
2429 3510 2592 3579 μόνον
2616 3509 2676 3563 τὸ
2700 3509 3005 3580 πρόστιμον
3031 3511 3413 3565 καταλαϐόντα
3471 3512 3620 3564 ὐπα-

2044 3608 2312 3675 ναχωρεὶν
2355 3600 2543 3658 αὐτοῦ.
2580 3605 2748 3670 Λέγει
2803 3602 2859 3655 δὲ
2907 3602 3003 3656 κα)⁸
3046 3602 3203 3656 τοῦτο
3235 3603 3264 3656 ό
3310 3604 3497 3673 νόμος,
3542 3603 3620 3668 ὡς

2043 3704 2072 3755 ό
2113 3698 2425 3770 πρόσφορος
2460 3696 2536 3749 ὢν
2567 3698 2679 3758 τοῖς
2717 3694 2913 3765 μέρεσι
2945 3692 3225 3763 δικαστὴς.
3259 3693 3355 3746 καὶ⁵
3392 3692 3619 3763 δυνάμε-

2042 3807 2132 3853 νος
2181 3788 2428 3851 δικάζειν
2490 3786 2674 3847 αὐτοῖς
2737 3784 2844 3837 ἀπὸ
2904 3783 3153 3847 ἐξουσίας
3202 3783 3340 3851 ιδίας
3398 3784 3617 3855 αἱρετὸς

2039 3882 2301 3951 δικαστὴς
2333 3881 2396 3934 οὐ
2490 3880 2725 3946 γίνεται.
2781 3878 2843 3931 Οἱ
2872 3876 2929 3930 δὲ
2958 3879 3180 3939 κανόνες
3210 3878 3309 3947 οὐχ
3327 3876 3472 3929 οὕτω
3493 3879 3618 3947 περὶ

2038 3975 2150 4026 τῶν
2173 3973 2405 4042 αἱρετῶν
2435 3968 2710 4024 δικαστῶν
2730 3968 3135 4022 διατάττονταιο
3170 3968 3311 4021 ἀλλά
3347 3972 3618 4038 προστάτε

2039 4082 2225 4120 τουσιν
2258 4063 2354 4128 ὡς.
2383 4063 2480 4117 ἐὰν
2512 4062 2562 4115 οἱ
2619 4062 3060 4131 ἀντικρινόμενοι
3097 4062 3386 4114 ἐπίσκοποι
3424 4062 3457 4131 ἢ
3489 4063 3617 4132 κλη-

2043 4157 2189 4228 ρικοὶ
2247 4154 2610 4219 ἐπιλέξωνταὶ
2652 4171 2806 4218 τινας
2845 4152 2955 4206 τῶν
2990 4153 3308 4207 ἐπισκόπων
3360 4154 3617 4222 αἱρετοὺς

2037 4246 2322 4311 δικαστὰς,
2354 4248 2450 4300 καὶ
2482 4244 2610 4316 παρ’
2647 4245 2833 4306 αὐτοῖς
2878 4244 3133 4315 κριθῆναι
3161 4243 3459 4314 θελήσωσιν
3482 4242 3615 4298 οὐκ·

2039 4344 2119 4398 ἐτι
2177 4344 2205 4394 ὁ
2277 4342 2703 4402 καταδικασθεὶς
2753 4339 3256 4409 παραδεχθήσεται,
3309 4339 3453 4391 κατά
3512 4340 3614 4408 τῆς

2038 4433 2377 4501 ἀποφάσεως
2449 4430 2633 4484 αὐτῶν
2697 4429 3141 4497 ἐκκαλούμενος
3195 4429 3333 4501 ἀλλὰ
3396 4428 3615 4498 στέρξει

1972 4511 2020 4569 1)
2047 4525 2253 4590 ταύτην
2281 4523 2378 4575 καὶ
2403 4521 2573 4573 ἄκων.
2619 4520 2682 4573 Ἦ
2708 4520 2764 4573 δὲ
2791 4521 2963 4581 αἰτία,
2986 4520 3129 4572 κατά
3152 4520 3211 4572 το
3236 4522 3366 4589 ἡμῖν
3391 4520 3612 4583 δοκοῦν,

366 4615 435 4668 δι’
466 4614 534 4685 ἢν
562 4614 622 4667 οὐ
667 4604 1034 4683 συγχωρεῖται
1061 4611 1203 4664 κατά
1242 4610 1337 4678 τῆς
1366 4608 1714 4677 διαγνώσεως
1745 4611 1926 4665 αὐτῶν
1966 4614 2339 4679 ἐκκαλεῖσθαι,
2393 4615 2608 4684 ἐγράφη
2643 4616 2776 4682 παρ’
2808 4613 2967 4683 ἡμῶν
2995 4614 3053 4666 ἐν
3118 4614 3198 4684 τῷ
3268 4614 3617 4666 πεντεκαιδε-

365 4711 517 4779 κάτῳ
543 4708 726 4761 κανόνι
754 4708 852 4777 τῆς
884 4705 1165 4776 παρούσης
1195 4703 1437 4758 συνόδου.

986 4796 1214 4852 CANON
1256 4798 1311 4852 C.

368 4914 389 4947 ι
426 4895 494 4952 Ut
539 4894 606 4949 ab
642 4888 1066 4962 imperatoribus
1095 4900 1307 4959 petatur
1332 4899 1677 4959 patronorum
1721 4907 1932 4946 assum-

445 5004 464 5036 ι
517 4978 627 5053 ptio
655 4996 751 5051 pro
770 4980 1038 5050 capitibus
1057 4974 1330 5034 Ecclesiaa.
1351 4979 1553 5035 Placuit
1567 4993 1846 5049 praeterea,
1871 4991 1931 5037 ut

433 5100 449 5125 ι
484 5074 699 5130 nomine
725 5073 965 5128 omnium
995 5071 1397 5141 provinciarum
1428 5071 1721 5141 profecturi
1750 5074 1931 5143 legati,

439 5184 457 5215 ‹
501 5164 815 5220 Vincentius
858 5172 913 5218 et
955 5163 1391 5227 Fortunatiauus,
1429 5172 1612 5230 petant
1660 5179 1688 5217 a
1733 5163 1933 5231 glorio-

442 5277 458 5306 ι
498 5255 730 5311 sissimis
771 5254 1217 5325 imperatoribus,
1253 5264 1309 5308 ttt
1338 5253 1494 5308 detur
1531 5254 1767 5310 facuftas
1814 5272 1938 5310 cou-

446 5366 463 5392 ι
521 5345 777 5399 stituendi
825 5343 1139 5399 defensores
1184 5342 1562 5405 scholasticos,
1608 5343 1804 5410 quibus
1836 5344 1935 5397 huc

446 5461 459 5489 ι
502 5456 552 5507 ιμ
586 5453 673 5490 ιιιιι
706 5453 898 5491 tnunns
939 5438 1275 5507 negotiorum
1308 5436 1762 5491 defeudcndmum
1796 5452 1936 5491 curae

440 5554 454 5577 τ
494 5531 563 5584 sit
590 5547 605 5584 :
638 5540 692 5584 et
721 5537 777 5583 ut
802 5538 1055 5596 tanquam
1092 5528 1380 5599 provincia:
1408 5528 1717 5583 sacerdotes
1746 5528 1928 5591 iidem,

445 5642 459 5668 ι
493 5621 847 5676 ecclesiarum
895 5619 1207 5676 defensione
1235 5628 1503 5689 suscepta,
1541 5619 1694 5674 facile
1727 5620 1934 5688 p08:th

444 5726 459 5761 ι
518 5728 613 5781 pro
656 5715 880 5785 negotiis
931 5712 1203 5778 Ecclesiae,
1231 5715 1442 5784 quoties
1487 5713 1783 5767 necessitas
1808 5727 1935 5767 exe-

441 5818 461 5860 t
492 5810 647 5875 “erit,
677 5811 739 5861 ad
773 5811 1129 5866 resistendum
1160 5810 1223 5864 iis
1263 5826 1379 5879 qua:
1413 5818 1625 5877 ιιΐίςυιιῑ,
1664 5818 1711 5861 t‘l
1751 5823 1933 5863 "PCCS'

2622 4796 2858 4850 ΚΑΝΩΝ
2894 4793 2973 4850 P'.

2046 4910 2066 4944 t
2102 4890 2213 4945 Ἴνσ
2246 4891 2355 4945 ἀπὸ
2390 4889 2502 4943 τῶν
2526 4890 2794 4958 βασιλέων
2813 4892 3010 4961 αἱτηθῇ
3042 4895 3363 4964 συνηγόρων
3401 4895 3617 4964 ἀντὶλη.

2120 5003 2140 5036 ι
2171 4983 2264 5053 ψις
2291 4982 2436 5052 ὑπὲρ
2458 4983 2569 5035 τῶν
2587 4984 2906 5052 κεφαλαὲων
2935 4987 3034 5053 τῆς
3069 4986 3424 5058 Ἐκκλησέας.
3449 4989 3614 5060 ἠρε-

2120 5095 2139 5127 ι
2183 5092 2274 5127 σεν
2316 5074 2396 5127 ἔτι
2424 5075 2552 5146 μὴν,
2577 5075 2663 5128 ἵνα
2697 5076 2757 5140 ἐξ
2787 5076 3051 5146 ὀνόματος
3075 5079 3277 5157 πασῶν.
3314 5080 3425 5134 τῶν
3442 5082 3616 5155 serap-

2122 5183 2141 5215 ι
2176 5165 2313 5236 χιῶν
2354 5167 2404 5218 οἱ
2439 5167 2906 5237 πορευθησόμενοι
2939 5168 3303 5238 πρεσϐευταὶ,
3337 5171 3615 5236 Βικέντιος

2119 5269 2138 5303 ι
2176 5253 2270 5305 καὶ
2293 5253 2795 5323 Φουρτυνατιανδς,
2823 5257 3129 5329 αἱτὴσωσιν
3165 5259 3275 5311 ἀπὸ
3306 5258 3417 5312 τῶν
3461 5261 3612 5314 ἐνδο·

2120 5371 2138 5402 ι
2180 5350 2421 5417 ξοτάτων
2470 5351 2757 5421 βασιλέων,
2815 5352 2957 5406 ὥστε
3013 5353 3236 5425 δοθῆναι
3286 5354 3472 5408 ἄδειαν
3518 5356 3611 5407 τοῦ

2120 5463 2136 5494 ι
2178 5447 2525 5513 καταστῆσαι
2550 5446 2794 5508 ἐνδίκους
2820 5446 3235 5514 σχολαστικοὺς,
3254 5446 3450 5510 οἵτινες
3477 5447 3614 5500 αὐτὸ

2119 5551 2137 5583 ι
2179 5532 2337 5585 τοῦτο
2359 5532 2417 5585 τὸ
2444 5533 2821 5605 λειτούργημα
2846 5534 2941 5588 τοῦ
2971 5536 3205 5591 ἐκδικεῖν
3224 5539 3290 5590 τὰ
3308 5538 3616 5608 πράγματα

2120 5643 2135 5673 ι
2181 5625 2523 5695 ἐπιτήδευμα
2569 5624 2793 5697 ἔχουσι·
2826 5626 2921 5681 καὶ
2952 5627 3039 5681 ἵνα
3069 5627 3143 5691 ὡς
3171 5628 3339 5698 ἱερεῖς
3369 5630 3485 5692 τοῖς
3515 5629 3614 5696 τῆς

2122 5736 2138 5765 ι
2187 5716 2457 5786 ἐπαρχίας
2509 5718 2556 5770 οἱ
2623 5718 2804 5780 αὐτοὶ,
2886 5720 2932 5772 οἱ
2987 5719 3086 5789 τὴν
3164 5720 3446 5788 ἐκδίκησιν
3504 5719 3613 5772 τῶν

2118 5828 2134 5857 ι
2177 5808 2479 5877 Ξκγλησιῶν
2550 5809 2956 5879 ἁναὸεξάμεηοι,
3013 5811 3256 5880 sti/‘29:;
3307 5810 3609 5881 δυνηθῶσιν
