3976 6386
340 533 359 565 ι
397 511 539 584 ὺπέρ
572 510 683 565 τῶν
713 510 813 580 τῆς
851 507 1183 579 Ἐκκλησίας
1213 496 1587 578 πραγμάτων,
1637 506 1829 564 ὁσάκις
1862 502 1914 561 Α

343 628 362 662 ι
409 606 629 676 ἀνάγκη
683 605 1007 674 ἀπαιτήσει,
1063 602 1202 671 πρὸς
1252 602 1313 654 τὸ
1353 598 1673 668 ἀντιστῆναι
1722 599 1835 657 τοῖς

347 720 365 755 ι
406 697 806 761 ἀνακύπτουσι,
839 696 935 751 καὶ
975 693 1272 764 ἀναφέρειν
1312 691 1382 747 τά
1410 690 1708 758 ἀναγκαῖα,
1749 689 1844 740 καὶ

349 812 370 846 ι
403 794 483 857 είς
509 791 579 844 τά
602 790 857 860 σήκρητα
880 785 989 841 τῶν
1011 782 1391 854 δικαστηρίων
1417 781 1675 835 εἰσιέναι.
1714 797 1732 830 ι

345 883 592 939 ΖΩΝΔΡ.
644 882 871 952 Αίτῆσαι
919 879 1034 941 τοῖς
1091 874 1460 947 πρεσϐευταῖς
1510 869 1849 924 ἐντέλλονται

1403 395 1487 458 ΙΝ
1525 394 1690 457 CAN.
1733 393 1807 453 Cl
1838 390 2049 454 CONC.
2107 393 2482 453 CARTHAG.

3411 385 3520 449 342

2009 521 2029 554 ι
2114 507 2253 558 Suria
2320 502 2685 575 exponenda,
2749 509 2960 558 secreta
3035 499 3362 569 iudiciorum
3438 502 3513 554 ln—

2019 613 2039 647 ι
2085 598 2257 666 gredi.
2306 616 2324 649 ι
2876 590 2883 595 ’

2020 872 2183 945 635
2212 868 2465 927 ZONAR.
2499 869 2712 940 Legatis
2750 868 3032 931 mandant,
3079 830 3155 920 uti
3185 865 3254 919 ab
3290 864 3527 930 impera.

279 976 385 1030 ἀπὸ
406 975 516 1029 τῶν
542 972 888 1044 κρατούντων
939 969 1123 1025 ἄδειαν
1164 965 1260 1020 τοῦ
1308 962 1649 1032 καταστῆναι
1708 957 1851 1011 ἐκδί-

2043 966 2162 1021 ibus
2210 963 2519 1044 facultatem
2576 961 2890 1018 defensores
2917 958 3276 1015 scholasticos
3318 953 3527 1010 con-4i-

283 1084 409 1129 κους
441 1038 852 1136 σχολαστικοὺς,
902 1060 1148 1116 τουτέστι
1212 1054 1497 1127 σχολάζειν
1542 1050 1854 1121 ὀφείλοντας

2041 1059 2141 1113 :ndi
2169 1038 2376 1127 petant,
2401 1056 2492 1127 qui
2529 1055 2589 1111 in
2626 1069 2693 1111 eo
2713 1051 2968 1109 videlicet
2994 1048 3244 1120 occupati
3271 1061 3393 1101 esse
3435 1045 3531 1097 de—

281 1161 377 1213 καὶ
406 1156 749 1224 ἐπιτήδευμα
773 1154 940 1224 ἔχειν,
970 1151 1138 1223 ἤγουν
1173 1147 1356 1217 ἔργον,
1387 1144 1483 1199 καὶ
1540 1140 1858 1212 λειτούργη-

2041 1160 2146 1213 ant,
2177 1162 2410 1217 quorum
2471 1146 2608 1202 illud
2651 1146 2723 1202 sit
2760 1145 2997 1201 studium
3022 1182 3036 1205 ,
3063 1156 3222 1210 opus,
3278 1137 3527 1191 ministe-

286 1266 384 1319 μα,
428 1248 549 1317 ἦτοι
591 1243 861 1307 δουλείαν,
916 1240 978 1293 τὸ
1031 1236 1363 1293 ἐκδικεῖντά
1389 1233 1706 1304 πράγματα.
1752 1230 1860 1284 Καὶ

2041 1255 2126 1304 um,
2158 1238 2467 1306 servitium,
2500 1246 2560 1294 ut
2581 1235 2795 1306 negotia
2820 1233 3129 1290 defendant.
3166 1229 3234 1284 Et
3263 1242 3383 1298 quae
3410 1226 3532 1295 qni-

284 1339 385 1391 ὃσα
430 1336 529 1410 μὲν
593 1331 844 1386 δύνανται
888 1329 1043 1384 αὐτοὶ
1098 1326 1428 1389 ἐκδικοῦσιν,
1479 1322 1862 1392 ἀνθιστάμενοι

2041 1347 2085 1385 ιιι
2131 1331 2231 1400 ipsi
2264 1337 2542 1401 poterunt,
2588 1325 2928 1398 emergentia
2982 1320 3322 1379 incommoda
3360 1318 3542 1387 repel-

282 1428 399 1489 τοῖς
418 1421 792 1508 ἀνακάπτουσι
819 1436 833 1452 ’
861 1423 933 1473 τά
956 1418 1015 1472 δὲ
1041 1418 1206 1472 λοιπὰ
1230 1415 1526 1485 ἀναφέρειν
1559 1413 1679 1485 ἦτοι
1734 1411 1868 1464 ὑπο-

2041 1434 2163 1491 nes,
2201 1423 2496 1479 tuebuntur
2543 1439 2558 1476 :
2606 1420 2818 1491 reliqua
2851 1419 2919 1473 ad
2950 1424 3159 1472 secreta
3205 1413 3539 1483 iudiciorum

292 1502 625 1589 μιμνήσκειν
654 1516 732 1580 είς
769 1513 839 1567 τὰ
878 1513 1132 1583 σήκρητα
1170 1509 1282 1564 τῶν
1325 1505 1713 1577 δικαστηρίων.
1764 1504 1860 1574 Σή-

2041 1514 2230 1576 ierant,
2256 1515 2443 1594 ibique
2468 1520 2767 1584 exponant.
2790 1510 2889 1567 Est
2920 1517 3103 1563 autem
3128 1511 3400 1568 secretum
3433 1501 3543 1556 La—

290 1625 474 1680 κρητα
520 1607 579 1662 δὲ
644 1606 715 1660 τά
778 1606 1039 1674 κριτήρια
1091 1602 1201 1665 τοῖς
1250 1598 1500 1662 Λατίνοις
1530 1595 1867 1666 ὠνόμασται.

2041 1607 2103 1661 nis
2131 1605 2421 1661 exercendi
2459 1603 2650 1674 iudicii
2690 1602 2867 1658 locus.
2911 1598 3047 1655 Nam
3085 1610 3372 1654 secernere
3403 1595 3569 1663 apud.

292 1700 547 1770 Σεκέρνω
567 1697 675 1767 γὰρ
700 1699 832 1768 παρ’
863 1696 1094 1758 ἐκείνοις
1139 1693 1201 1746 τὸ
1236 1691 1523 1763 διακρίνω.

2041 1709 2097 1748 os
2125 1693 2427 1763 diiudicare
2452 1691 2745 1758 signiﬁcat.

292 1790 517 1848 ΑΡΙΣΤ.
549 1808 571 1843 ι
627 1790 723 1842 Ἐκ
747 1787 1012 1858 βασιλέως
1043 1784 1333 1855 αίτηθήτω-
1374 1778 1693 1852 συνηγόρων
1732 1778 1878 1831 ἀντί-
1909 1851 1917 1858 ι

2041 1784 2206 1839 RIST.
2245 1801 2264 1836 ι
2307 1783 2391 1840 Ab
2440 1783 2772 1852 imperatore
2803 1788 3017 1850 petatur
3058 1787 3411 1848 patronorum
3459 1790 3548 1829 as-

373 1900 394 1934 ι
440 1880 607 1951 ληψις
634 1851 776 1950 ὑπὲρ
826 1876 936 1930 τῶν
994 1851 1470 1945 ἐκκλησιαστικῶν
1498 1851 1833 1939 κεφαλαίων
1859 1883 1872 1897 ·
1909 1851 1917 1908 Ῑ

2059 1892 2077 1924 ι
2118 1872 2356 1943 sumptio
2400 1851 2807 1940 proiEcclesiaa
2843 1867 3145 1938 capitibus;
3195 1865 3285 1934 qui
3330 1862 3547 1933 quidem

372 1992 394 2025 ι
436 1973 638 2035 οἵτινες
683 1968 1024 2038 ἐπιτήδευμα
1083 1965 1267 2032 ἕξουσι
1307 1963 1596 2018 διεκδικεῖν
1647 1959 1715 2012 τὰ
1752 1959 1882 2029 πρά·

2060 1982 2077 2015 ι
2121 1961 2333 2033 negotia
2368 1961 2671 2017 defendere
2711 1958 2953 2013 studium
2988 1954 3360 2018 adhibebunt,
3407 1960 3461 2007 et
3494 1960 3554 2004 ιιι

366 2085 385 2118 ι
432 2081 642 2135 γματα,
672 2064 764 2116 καὶ
807 2060 883 2123 ὡς
916 2060 1081 2131 ίερεῖς
1114 2057 1244 2127 περὶ
1286 2055 1396 2110 τῶν
1464 2052 1883 2108 ἀνακυπτόντων

2062 2076 2080 2108 ‹
2121 2053 2432 2110 sacerdotes
2489 2066 2553 2106 ea
2615 2065 2735 2120 qua:
2783 2059 3067 2119 emergunt
3129 2049 3332 2102 referre
3401 2054 3553 2115 pote-

381 2174 403 2208 ι
449 2154 693 2226 εὐχερῶς
725 2152 1022 2222 ἀναφέρειν
1045 2150 1384 2219 δυνήσονται.
1426 2165 1446 2198 ι
2062 2167 2080 2199 ι
2119 2154 2268 2202 runt.
2301 2165 2319 2198 ι

2048 2241 2117 2296 Ει
2164 2241 2360 2297 iterum
2401 2240 2608 2312 synodo
2646 2241 2820 2295 visum
2867 2246 2986 2305 est,
3041 2246 3099 2293 ιιι
3135 2244 3190 2291 et
3234 2236 3287 2289 in
3343 2240 3561 2301 septua-

1990 2335 2196 2407 gesimo
2222 2336 2413 2404 quinto
2443 2349 2655 2390 canone
2684 2331 2907 2401 placuit,
2940 2332 3010 2389 ab
3051 2330 3381 2398 imperatore
3414 2316 3560 2394 petri-

1993 2442 2074 2491 re,
2134 2434 2194 2482 ut
2234 2427 2426 2482 liceret
2473 2427 2785 2482 defensores
2821 2425 2876 2480 in
2918 2421 3157 2477 Ecclesia
3209 2418 3560 2475 constituere,

1995 2519 2136 2573 idem
2179 2518 2314 2575 illud
2356 2517 2717 2573 ministerium
2754 2514 3100 2582 studiumque
3129 2511 3415 2567 habentes.
3465 2506 3565 2560 Ec-

1995 2609 2214 2667 clesiam
2252 2608 2543 2665 defendere
2581 2625 2597 2663 :
2634 2615 2691 2663 et
2720 2615 2780 2664 ut
2818 2606 3131 2662 sacerdotes
3167 2600 3568 2672 emergentibns

1996 2706 2367 2765 occurrerent,
2395 2698 2825 2768 quotiescunque
2864 2692 3162 2750 necessitas
3189 2691 3377 2759 exigit,
3411 2697 3467 2744 et
3490 2688 3570 2741 fa-

368 2248 480 2302 Καὶ
509 2243 666 2308 αὖθις
695 2242 843 2308 ἔδοξε
873 2244 942 2315 τῇ
975 2240 1202 2311 συνόδῳ,
1238 2238 1314 2304 ὡς
1347 2238 1441 2293 καὶ
1494 2239 1552 2290 ἐν
1596 2235 1676 2307 τῷ
1728 2235 1886 2290 ἐδδο-

310 2337 574 2412 μηκοστῷ
613 2338 852 2407 πέμπτῳ
872 2333 1061 2388 κανόνι
1103 2332 1328 2404 ἤρεσεν,
1380 2332 1444 2384 ἐκ
1487 2329 1754 2401 βασιλέως
1801 2329 1889 2383 αἱ-

302 2429 600 2500 τήσασθαι,
644 2427 785 2482 ὥστε
817 2424 1037 2495 δοθῆναι
1054 2423 1238 2480 ἀδειαν
1269 2421 1610 2491 καταστῆσαι
1644 2420 1892 2482 ἐκδίκους

304 2522 374 2591 τῇ
401 2517 722 2589 Ἐκκλησία,
750 2516 909 2570 τοῦτο
971 2513 1104 2568 αὐτὸ
1144 2511 1519 2583 λειτούργημα
1557 2509 1653 2564 καὶ
1702 2509 1895 2580 ἐπιτή-

306 2614 488 2682 δευμα
525 2612 775 2682 ἔχοντας,
802 2608 866 2663 τὸ
912 2606 1013 2679 τὴν
1035 2604 1365 2677 Ἐκκλησίαν
1399 2603 1654 2667 ἐκδικεῖν,
1694 2600 1792 2656 καὶ
1820 2601 1896 2666 ὡς

309 2706 479 2777 ἱερεῖς
522 2701 882 2758 ἀνθίστασθαι
908 2700 1045 2773 πρὸς
1071 2698 1142 2753 τὰ
1182 2695 1585 2760 ἀνακύπτοντα,
1612 2693 1801 2756 ὁσάκις
1830 2691 1898 2746 ἀν

311 2798 531 2866 ἀνάγκη
569 2795 874 2866 ἀπαιτήσῃ,
902 2791 999 2846 καὶ
1029 2789 1270 2862 εὐχερῶς
1294 2786 1557 2844 δύνασθαι
1580 2783 1659 2857 τῷ
1690 2782 1901 2855 βασιλεῖ

313 2891 448 2958 περὶ
471 2889 656 2943 αὐτῶν
686 2886 1002 2956 ἀναφέρειν,
1031 2885 1131 2939 καὶ
1156 2880 1368 2963 ἐκεῖθεν
1398 2881 1496 2952 τὴν
1539 2876 1900 2933 ἐπισύστασιν

311 2985 591 3058 δέχεσθαι.

2001 2793 2103 2848 cile
2131 2792 2450 2863 imperatori
2481 2806 2544 2848 ea
2576 2790 2782 2849 referre
2796 2796 3041 2861 possent,
3070 2796 3125 2844 et
3150 2785 3301 2848 illinc
3323 2782 3571 2853 accipere

2000 2883 2482 2956 conspirationem.

916 3071 1156 3128 KANON
1189 3066 1313 3126 PA'.

2565 3023 2574 3032 ’
2605 3061 2833 3124 ssnon
2881 3062 2968 3120 cr.

325 3188 343 3222 ι
390 3169 529 3240 Περὶ
578 3165 675 3223 τοῦ
739 3165 879 3221 εἶναι
935 3161 1228 3234 ἐλευθέραν
1294 3159 1397 3231 τὴν
1472 3157 1899 3229 τοποτηρησίαν.

2065 3164 2136 3224 Ut
2164 3166 2238 3223 sit
2264 3164 2428 3220 libera
2472 3162 2692 3234 legatio.
2730 3158 2960 3225 Placuit,
2992 3166 3051 3213 ut
3094 3155 3329 3213 liberam
3358 3151 3578 3220 legatio-

394 3278 414 3311 ι
463 3258 726 3329 Ἥρεσεν,
771 3255 913 3311 ὥστε
952 3251 1298 3317 αὐτεξούσιον
1345 3248 1444 3319 τὴν
1499 3246 1906 3318 τοποτηρησίαν

398 3370 419 3404 Ι
465 3351 614 3420 ἔχειν
641 3349 768 3412 τοὺς
812 3347 906 3401 ἐπὶ
932 3346 994 3400 τὸ
1051 3342 1347 3413 κομιτᾶτον
1390 3338 1739 3410 πεμφθέντας
1791 3340 1911 3391 ἐπι-

398 3465 417 3498 σ
465 3445 692 3507 λέκτους
720 3438 1121 3510 τοποτηρητάς.
1159 3455 1179 3489 ι
1455 3445 1467 3453 ’

398 3537 645 3594 ZQNAP.
679 3536 755 3591 Τὸ
783 3535 926 3606 ἔχειν
948 3532 1073 3597 τοὺς
1107 3528 1483 3601 τοποτηρητάς
1537 3526 1599 3581 τὸ
1658 3524 1917 3590 αὐτεξού-

334 3649 466 3694 σιον,
494 3627 770 3691 τουτέστι,
819 3625 882 3680 τὸ
917 3625 993 3696 μὴ
1051 3622 1211 3694 μόνον
1257 3620 1294 3675 ἃ
1333 3617 1696 3690 ἐνετάλθησαν
1738 3617 1918 3680 λέγειν

333 3723 427 3777 καὶ
455 3723 654 3787 ποιεῖν,
673 3718 810 3775 ἀλλὰ
835 3719 931 3773 καὶ
981 3718 1084 3772 ὅσα
1121 3713 1407 3769 συνίδωσιν
1459 3712 1624 3783 ἔτερα
1682 3714 1747 3780 τῇ
1793 3711 1917 3763 Ἐκ-

339 3816 535 3887 κλησίᾳ
566 3810 933 3884 συμφέροντα.

415 4010 436 4044 ι
476 3987 878 4061 Προμαρτυρία
904 3984 1013 4040 τῶν
1038 3981 1400 4055 Μαυριτανῶν
1425 3979 1613 4050 ίερέων
1642 3974 1771 4047 περὶ
1788 3976 1923 4044 Πρι-

351 4104 370 4136 ι
411 4083 603 4154 μόσου.
636 4080 784 4152 Πρὸς
811 4077 1022 4142 τούτοις
1052 4075 1210 4147 δῆλόν
1233 4075 1349 4128 ἐστι
1371 4067 1926 4144 προμαρτυρομένους

352 4196 370 4228 ι
413 4172 552 4229 εἶναι
581 4171 907 4244 γράμμασιν
931 4168 1083 4232 ἰδίοις
1099 4167 1225 4229 τοὺς
1245 4162 1648 4234 Μαυριτανοὺς,
1667 4162 1762 4213 καὶ
1790 4158 1927 4210 Και-

355 4287 374 4320 ι
423 4265 734 4337 σαριανοὺς,
769 4262 1043 4334 Πρίμοσον
1064 4258 1152 4312 διὰ
1175 4256 1283 4310 τῶν
1309 4254 1608 4323 ἐξεχόντων
1633 4251 1729 4322 τῆς
1746 4250 1926 4318 ,Θιγα-

355 4379 374 4409 ι
418 4359 638 4422 δενσίας
668 4357 876 4414 πόλεως
911 4354 1038 4420 περὶ
1061 4350 1155 4404 τοῦ
1187 4347 1482 4409 συνελθεῖν,
1518 4345 1606 4398 ἵνα
1637 4343 1779 4397 κατά
1831 4342 1931 4402 τὰς

362 4471 379 4500 ι
424 4448 705 4520 βασιλικὰς
726 4443 1086 4507 διατυπώσεις
1126 4437 1361 4502 ἐντελῶς
1390 4437 1647 4507 παρασχῇ
1676 4434 1775 4503 τὴν
1802 4434 1930 4486 ἐαυ-

2085 3274 2104 3308 ‹
2148 3272 2269 3311 nem
2328 3254 2585 3317 habeant,
2634 3250 2726 3322 qui
2759 3249 2829 3306 ad
2874 3249 3193 3305 comitatum
3248 3242 3400 3298 missi
3454 3251 3583 3293 sunt

2085 3366 2104 3399 ι
2147 3346 2340 3403 delecti
2371 3344 2551 3415 legati.
2596 3341 2632 3397 ι’
2829 3333 2845 3350 ⁹

2085 3520 2337 3577 ΖοΝΑιι.
2394 3521 2457 3576 Ut
2491 3521 2647 3591 legati
2690 3521 2913 3575 liberam
2961 3516 3269 3572 facultatem
3318 3514 3581 3576 habeant,

2018 3613 2092 3665 ita
2135 3622 2219 3666 est
2253 3610 2691 3678 intelligendum,
2727 3609 2984 3662 nimirum
3018 3616 3075 3659 ut
3109 3620 3214 3672 non
3265 3619 3327 3658 ea
3374 3603 3547 3657 solum
3575 3643 3588 3663 ,

2017 3718 2138 3771 quae
2181 3704 2233 3755 in
2270 3701 2541 3755 mandatis
2583 3699 2821 3762 habent,
2869 3696 2964 3752 sed
3010 3706 3065 3751 et
3104 3710 3440 3763 quaecunque
3486 3695 3590 3746 alia
3702 3744 3715 3751 κ

2023 3792 2282 3848 Ecclesia:
2319 3792 2574 3859 prodesse
2608 3805 2770 3858 posse
2814 3787 3189 3857 cognoverint,
3238 3795 3293 3839 et
3333 3785 3509 3839 verbis
3542 3795 3597 3836 rt

2026 3885 2202 3954 reipsa
2235 3883 2462 3952 exsequi
2497 3882 2678 3936 liceat.

2065 3975 2526 4029 «Mauritanorum
2545 3972 2884 4027 sacerdotum
2899 3971 2964 4027 de
2986 3969 3234 4025 Primoso
3253 3968 3596 4037 protestatio.

2033 4087 2053 4121 ι
2093 4069 2172 4122 Ad
2192 4069 2307 4122 haec
2329 4065 2671 4120 manifestum
2694 4074 2798 4126 est,
2822 4064 3155 4119 lllauritanos
3183 4072 3236 4118 et
3257 4060 3601 4118 Caesarianos

2035 4180 2055 4213 ε
2097 4175 2219 4216 esse
2249 4159 2449 4214 litteris
2472 4166 2724 4222 testatos,
2760 4155 3066 4211 Primosum
3118 4170 3215 4222 per
3245 4153 3603 4224 Thigavcnsis

2039 4271 2057 4304 ι
2093 4253 2331 4308 civitatis
2373 4249 2705 4320 principales
2750 4263 2872 4303 esse
2913 4256 3263 4311 conventum,
3320 4254 3380 4299 ιιι
3407 4260 3603 4298 secun-

2040 4362 2058 4395 ι
2097 4344 2239 4399 όιιιιι
2277 4342 2588 4412 imperiales
2645 4339 3067 4395 constitutiones
3119 4338 3203 4393 sui
3260 4335 3605 4404 praesentiam

2043 4456 2060 4490 ι
2099 4436 2421 4495 exhiberet:
2464 4442 2540 4499 et,
2570 4434 2908 4504 utoportuit,
2947 4429 3206 4499 quaesitus
3250 4429 3368 4500 ipse
3404 4429 3611 4483 Primo-

362 4561 379 4592 ι
422 4513 513 4594 τοῦ
532 4513 853 4607 παρουσίαν
875 4549 890 4565 ο
926 4533 1041 4598 καὶ,
1067 4531 1143 4594 ὡς
1177 4529 1365 4599 ἐχρῆν,
1386 4522 1744 4593 ἀναξητηθεὶς
1770 4524 1797 4575 ὁ
1833 4520 1917 4574 αὐ-

2043 4547 2060 4580 ι
2098 4543 2192 4584 sus
2241 4543 2346 4582 non
2382 4513 2642 4581 inventus
2687 4533 2807 4590 est,
2860 4532 2918 4578 ut
2955 4522 3165 4578 diaconi
3209 4521 3609 4576 renuntiarunt.

364 4650 383 4683 ι
422 4631 515 4695 τὸς
551 4626 831 4700 Πρίμοσος
857 4624 957 4694 οὐχ
988 4621 1210 4692 εὑρέθη,
1267 4619 1342 4681 ὠς
1399 4617 1448 4670 oi
1485 4616 1721 4669 διάκονοι
1767 4612 1935 4679 ἀνήγ-

367 4738 385 4770 ‹
430 4719 637 4788 γειλαν.
676 4713 818 4770 Ἀλλ’
851 4711 1041 4783 ἐπειδὴ
1066 4709 1276 4781 ᾔτησαν
1326 4708 1376 4760 οἱ
1422 4706 1576 4760 αὐτοὶ
1624 4702 1841 4775 Μαῦροι
1874 4705 1939 4755 ὲκ

370 4833 386 4864 ι
431 4812 611 4882 πάσης
634 4809 733 4880 τῆς
778 4806 994 4862 συνόδου
1039 4803 1276 4873 ὀφείλειν
1339 4800 1645 4871 γράμματα
1696 4799 1940 4851 ἀποσταα

370 4923 387 4955 ι
429 4905 586 4975 liam
612 4900 693 4972 τῷ
720 4897 1084 4969 προσκυνητῷ
1103 4893 1317 4965 ἀδελφῷ
1346 4893 1561 4964 γέροντι
1591 4890 1937 4961 Ἰννοκεντίῳ,

371 5014 388 5046 ι
431 4995 630 5066 ἡρεσεν
657 4989 1001 5061 πεμφθῆναι,
1034 4988 1122 5041 ῖνα
1156 4985 1267 5056 γνῷ
1294 4986 1601 5057 ζητηθέντα
1657 4985 1747 5039 τὸν
1801 4982 1939 5054 Πρί-

376 5108 392 5139 ι
439 5103 603 5156 μοσον
629 5086 686 5136 ἐν
715 5086 781 5154 τῇ
815 5083 1037 5152 συνόδῳ,
1085 5080 1172 5133 καὶ
1234 5078 1503 5149 μηδαμῶς
1563 5076 1878 5147 εὑρεθέντα.
1920 5093 1937 5125 ι

434 5178 630 5232 ΒΛΛΣ.
675 5175 757 5228 Τά
798 5174 893 5227 τοῦ
929 5172 1195 5241 παρόντος
1224 5169 1443 5232 κανόνος
1476 5167 1761 5238 άχρήσιμά
1787 5167 1943 5233 εἰσιν,

367 5270 440 5334 ὡς
478 5269 644 5332 ίδικά,
670 5267 764 5321 καὶ
783 5266 873 5320 διὰ
893 5264 1052 5317 τοῦτο
1076 5261 1198 5316 οὐδὲ
1228 5258 1678 5332 ἠρμηνεύθησσν.

443 5361 689 5416 ΖΩΝΑΡ.
731 5358 789 5413 Ὀ
815 5358 1091 5428 Πρίμοσος
1122 5353 1568 5424 κατηγορηθῆναι
1595 5351 1738 5404 ἔοικε
1800 5352 1949 5420 παρᾶ

372 5452 479 5504 τῶν
502 5447 890 5521 Μαυριτανῶν,
922 5447 1020 5500 καὶ
1043 5444 1453 5514 ἐπιφωνηθῆναι
1493 5440 1625 5513 παρ’
1653 5442 1832 5495 αὐτῶν
1864 5441 1952 5493 διὰ

371 5546 482 5599 τῶν
513 5542 890 5613 προερχόντων
917 5539 1013 5608 τῆς
1033 5535 1395 5606 Θιγαὸενσίας
1432 5534 1638 5597 πόλεως
1678 5533 1953 5587 συνελθεῖν

373 5637 451 5698 εἰς
471 5633 571 5703 τὴν
605 5630 846 5696 σύνοδον,
878 5627 1180 5699 ζητηθῆναι
1204 5626 1261 5679 δὲ
1293 5627 1351 5677 ἐν
1371 5626 1435 5694 τῇ
1474 5623 1678 5692 συνόδῳ
1725 5624 1820 5675 καὶ
1879 5621 1953 5691 μὴ

374 5726 710 5796 εὑρεθῆναι·
767 5722 848 5778 διὸ
893 5721 1099 5792 ᾔτησαν
1156 5720 1205 5771 οἱ
1257 5716 1473 5786 Μαῦροι
1527 5714 1834 5785 δηλωθῆναι
1880 5712 1955 5783 τῷ

377 5819 581 5887 πάππα
611 5810 1045 5881 ἰννοκεντίῳδεὰ
1077 5810 1421 5880 γραμμάτων
1462 5808 1560 5876 τῆς
1596 5806 1833 5870 συνόδου,
1875 5807 1955 5858 ὅτι

382 5908 640 5972 (nmini;
671 5909 696 5959 ό
732 5905 1002 5969 (ieiuno;
1026 5905 1079 5956 ἐν
1109 5907 1173 5968 τῆ
1204 5901 1401 5967 συειόδαρ
1436 5901 1531 5966 οὐχ
1559 5897 1780 5964 εὑρέθη.

2050 4640 2066 4671 ι
2113 4619 2218 4673 Sed
2252 4618 2506 4688 quoniam
2536 4616 2698 4672 iidem
2732 4615 2903 4671 Mauri
2940 4615 3267 4683 petiverunt,
3320 4614 3516 4667 debere
3547 4628 3610 4664 cx

2049 4731 2067 4763 ι
2105 4711 2250 4764 omni
2289 4708 2493 4778 synodo
2526 4708 2737 4763 litteras
2779 4706 2919 4759 mitti
2958 4703 3254 4759 venerabili
3302 4702 3452 4755 fratri
3498 4703 3614 4755 seni

2051 4822 2068 4854 ι
2114 4801 2446 4862 Innocentio,
2506 4798 2709 4869 placuit
2759 4796 2922 4861 mitti,
2972 4802 3030 4848 ιιι
3056 4795 3192 4849 sciat
3222 4791 3525 4846 Primosum
3559 4794 3611 4846 in

2052 4915 2069 4947 ι
2116 4895 2322 4966 synodo
2348 4892 2655 4962 quaesitum,
2679 4899 2734 4945 et
2771 4903 2875 4944 non
2906 4888 3182 4942 inventum
3206 4884 3394 4940 fuisse.
3426 4904 3445 4936 ι

2118 4982 2316 5039 BALS.
2346 4982 2474 5050 Quae
2506 4981 2714 5037 suntin
2747 4977 2996 5050 praesenti
3023 4990 3252 5041 canone,
3286 4983 3414 5032 sunt
3450 4975 3620 5031 inuti-

2050 5078 2140 5141 lia,
2168 5084 2351 5145 utpote
2380 5073 2659 5144 specialia,
2706 5079 2761 5127 et
2810 5076 3097 5140 propterea
3147 5082 3253 5123 non
3295 5077 3420 5123 sunt
3448 5069 3620 5138 expli~

2051 5176 2193 5221 C313.

2126 5340 2381 5397 ZONAR.
2413 5340 2738 5394 Accusatum
2773 5334 2942 5392 fuisse
2970 5343 3198 5407 apparet
3241 5351 3272 5389 a
3304 5332 3623 5389 Mauritanis

2054 5433 2359 5488 Primosum
2394 5431 2579 5493 istum,
2623 5443 2685 5482 ac
2715 5428 2781 5482 ab
2823 5427 2903 5482 eis
2946 5441 3042 5498 per
3085 5425 3440 5497 Thigarensis
3476 5422 3628 5477 urbis

2057 5526 2342 5595 praefectos
2384 5519 2788 5591 compellatum,
2820 5527 2878 5573 ut
2921 5532 2981 5574 se
3018 5517 3071 5572 in
3099 5518 3308 5588 synodo
3356 5516 3625 5578 sisteret;

2056 5615 2342 5685 quaesitum
2378 5623 2554 5667 autem
2581 5613 2633 5664 in
2660 5610 2885 5680 synodo,
2922 5622 3023 5662 nec
3053 5606 3331 5661 inventum
3360 5616 3481 5659 esse
3509 5619 3523 5657 :
3578 5601 3629 5655 id

2058 5724 2186 5778 ergo
2211 5723 2316 5761 non
2361 5706 2636 5760 inventum
2695 5702 2902 5758 scilicet
2946 5698 3249 5753 Primosnm
3294 5695 3346 5748 in
3402 5695 3628 5766 synodo,

2064 5818 2185 5855 cum
2218 5799 2476 5869 quaesitus
2519 5804 2680 5859 ess«t,
2727 5792 2969 5861 ejusdem
3005 5788 3192 5860 synodi
3236 5788 3428 5845 litteris
3479 5786 3636 5841 Inno—

2066 5891 2242 5948 centio
2275 5903 2421 5958 papa:
2448 5882 2740 5955 significari
2773 5879 2940 5933 Mauri
2979 5879 3273 5933 voluerunt.
