3976 6422
1024 541 1252 598 CANON
1304 535 1410 599 Cll.

435 641 454 682 ι
495 629 568 686 De
621 632 860 702 populis,
895 635 984 703 qui
1024 649 1300 704 nunquam
1347 636 1652 690 habuerunt
1687 635 1992 704 episcopos.

500 742 520 776 ι
562 724 696 780 lllud
743 741 960 796 quoque
1006 729 1256 796 placuit,
1317 737 1375 780 ut
1446 728 1642 796 populi,
1693 727 1784 798 qui
1849 741 1993 780 nun-

502 827 519 859 ι
567 825 726 877 quam
796 815 1043 883 proprios
1094 815 1380 884 episcopos
1433 815 1693 877 habuere,
1759 813 1862 869 nisi
1927 813 1994 868 ab

501 919 521 951 ι
567 902 817 958 universa
870 904 1078 974 synodo
1127 906 1550 976 uniuscujusque
1598 906 1889 976 provincia:
1939 914 1995 956 et

505 1011 524 1043 ι
565 993 799 1059 primate
848 997 942 1050 liat
985 997 1262 1052 decretum
1304 1041 1318 1064 ,
1367 1009 1422 1053 et
1490 1011 1757 1053 consensu
1803 995 1946 1051 illius
1976 1036 1989 1058 .

500 1105 518 1136 ι
563 1089 664 1142 sub
709 1088 866 1158 cujus
919 1089 1142 1144 dioecesi
1187 1091 1540 1146 consumitur
1582 1093 1694 1145 haac
1737 1088 1990 1152 ecclesia,

499 1196 517 1227 ι
563 1192 902 1247 nequaquam
945 1181 1328 1235 admittuntur.
1357 1200 1376 1233 ι

367 1278 382 1341 j;
493 1267 686 1323 BALS.
727 1268 840 1325 lloc
873 1271 926 1325 in
962 1271 1085 1328 aliis
1117 1287 1333 1342 quoque
1372 1272 1708 1328 diversarum
1754 1271 1988 1343 synodo-

420 1367 540 1414 rum
575 1362 874 1418 canonibus
907 1363 1188 1419 decretum
1220 1373 1343 1428 est;
1393 1380 1459 1419 ne
1508 1365 1600 1418 liat
1629 1363 1840 1419 scilicet
1873 1363 1989 1429 epi-

417 1465 617 1521 scopus
643 1453 694 1507 in
735 1469 841 1523 qua
869 1469 976 1512 non
1011 1455 1177 1527 636
1203 1455 1488 1511 consuevit
1535 1454 1663 1510 olim
1714 1455 1852 1516 ﬁeri,
1886 1454 1988 1506 nisi

417 1543 871 1611 metropolitanus
908 1545 1142 1600 voluerit
1191 1547 1260 1614 (is
1313 1547 1456 1599 enim
1502 1555 1584 1600 est
1634 1545 1836 1614 primas
1866 1559 1991 1614 pro-

419 1634 656 1702 \inciar),
689 1644 742 1688 et
792 1636 1079 1705 episc0pus
1117 1637 1476 1698 consenserit,
1525 1636 1590 1688 ad
1642 1647 1802 1703 quem
1852 1633 1992 1689 forte

417 1725 654 1791 pertinet
700 1727 959 1794 parmcia,
1003 1739 1060 1782 ιιι
1103 1743 1224 1796 qua!
1265 1734 1337 1782 sit
1389 1723 1450 1781 in
1470 1727 1587 1797 ejus
1623 1725 1882 1790 diaacesi;
1926 1739 1989 1779 ac

416 1816 710 1881 pret-incire
731 1819 948 1886 quidem
977 1820 1231 1875 decernet
1254 1819 1515 1890 synodus.

486 1903 740 1962 ZONAR.
797 1907 912 1963 Hoc
958 1910 1010 1963 iu
1059 1910 1180 1965 aliis
1203 1925 1419 1982 quoque
1450 1911 1790 1967 diversarum
1824 1925 1988 1982 syno-

415 1998 608 2052 d0rum
656 1998 958 2055 canonihus
1007 1999 1287 2055 decretum
1332 2011 1416 2056 est
1454 2041 1472 2067 ,
1520 2017 1588 2057 ne
1641 2002 1732 2056 liat
1781 2001 1989 2056 scilicet

413 2088 700 2159 episcopus
753 2089 806 2143 in
853 2089 1116 2158 partecia,
1171 2091 1222 2145 in
1274 2105 1380 2160 qua
1416 2105 1521 2144 non
1548 2090 1825 2147 consuevit
1858 2090 1984 2144 olim

413 2181 531 2234 tieri
558 2195 573 2244 ;
606 2179 709 2234 nisi
748 2179 1198 2248 metropolitanus
1238 2180 1472 2235 voluerit
1497 2181 1567 2253 (is
1597 2181 1741 2236 enim
1768 2189 1850 2235 est
1872 2181 1988 2250 pri-

411 2280 531 2323 mas
554 2270 890 2340 provinciae),
915 2279 972 2327 et
1011 2273 1296 2341 episc0pus
1339 2273 1700 2336 consenserit,
1727 2274 1793 2326 ad
1826 2285 1985 2341 quem

412 2357 553 2414 forte
575 2359 810 2429 pertinet
839 2361 1096 2430 paroecia,
1134 2371 1194 2415 ut
1225 2377 1345 2430 quae
1394 2363 1463 2417 sit
1491 2363 1541 2416 in
1582 2363 1699 2432 ejus
1719 2363 1984 2431 dioecesi;

412 2463 478 2504 2c
508 2449 575 2504 de
607 2465 669 2505 ea
695 2451 913 2520 quidem
945 2451 1234 2519 provinciae
1256 2457 1495 2524 synodus
1521 2453 1801 2509 decernet.

409 2618 641 2686 ARIST.
677 2649 698 2683 ι
746 2630 850 2697 Qui
889 2647 1164 2701 nunquam
1191 2635 1422 2690 antehac
1457 2635 1738 2706 proprium
1774 2635 1982 2691 habue-

488 2738 510 2772 ο
551 2729 675 2776 rant
705 2723 1040 2792 episcopum,
1076 2725 1176 2778 nisi
1202 2726 1458 2781 universa
1493 2727 1787 2795 provinciae
1819 2741 1981 2797 syno-

485 2832 504 2863 ι
549 2814 648 2869 dus
677 2815 898 2885 ejusque
919 2817 1123 2885 primas
1164 2816 1315 2884 juxta
1342 2819 1666 2874 sententiam
1699 2818 1864 2884 illius,
1892 2819 1980 2872 cui

487 2923 508 2957 ι
547 2905 788 2976 subjecta
852 2915 936 2963 est
985 2907 1266 2977 provincia
1319 2909 1372 2963 in
1426 2925 1531 2980 qua
1579 2909 1811 2965 ecclesia
1859 2919 1980 2973 est,

488 3015 506 3046 ‹
549 2996 968 3066 subscripserit,
1005 2999 1165 3053 aliter
1195 2993 1303 3053 non
1331 2999 1628 3054 habebunt.
1672 3018 1690 3052 ν

479 3087 537 3142 Si
569 3088 807 3157 parmcia
858 3087 1040 3158 aliqua
1090 3089 1347 3158 episcopo
1394 3091 1635 3158 subjecta
1689 3089 1874 3154 fuerit,
1925 3099 1980 3144 et

1692 419 1974 487 THEOD.
2019 424 2112 484 BA
2121 413 2420 485 LSAMON

2027 540 2077 600 A

3575 415 3676 484 314

2682 534 2918 592 ΚΑΝΩΝ
2953 526 3075 592 PB'.

2103 646 2122 679 ι
2170 628 2304 700 Περὶ
2337 629 2445 683 τῶν
2468 630 2611 684 λαῶν
2639 631 2745 683 τῶν
2781 629 3053 700 μηδέποτε
3084 627 3420 692 ἐπισκόπους
3445 624 3677 696 ἐσχηκό-

2173 739 2192 770 ‹
2242 739 2365 775 των.
2401 723 2635 792 Ἤρεσεν
2679 724 2923 787 κάκεῖνο,
2987 722 3076 776 ἵνα
3108 721 3276 791 ὄχλοι,
3315 721 3366 773 0i.
3410 721 3675 786 μηδέποτε

2167 828 2183 860 ι
2235 809 2398 873 ἰδίους
2428 811 2721 880 ἐσχηκότες
2741 811 3098 874 ἐπισκόπους,
3121 811 3170 862 εί
3197 810 3270 879 μὴ
3289 811 3354 860 ἐκ
3377 806 3556 875 πάσης
3579 805 3676 876 τῆς

2176 920 2194 952 ι
2246 901 2464 954 συνόδου
2489 902 2724 971 ἑκάστης
2752 901 3017 971 ἐπαρχίας
3047 899 3140 953 καὶ
3170 899 3263 951 τοῦ
3308 897 3675 967 πρωτεύοντος

2173 1012 2190 1043 ι
2233 993 2490 1062 ψήφισμα
2515 992 2759 1060 γένηται,
2791 994 2884 1045 καὶ
2912 993 3052 1044 κατὰ
3083 983 3394 1043 συναίνεσιν
3438 988 3673 1052 ἐκείνου,

2172 1104 2187 1134 ι
2237 1080 2442 1145 οὗτινος
2503 1083 2606 1136 ύπδ
2652 1083 2749 1151 τὴν
2800 1084 3064 1152 διοίκησιν
3096 1081 3424 1136 καθίσταται
3476 1078 3676 1148 ﬁcii-nl;

2172 1196 2189 1227 ι
2234 1173 2518 1244 ἐκκλησία,
2545 1173 2805 1244 μηδαμῶς
2840 1173 3118 1237 δέξωνται.
3159 1191 3179 1223 ι
3275 1158 3284 1164 ’

2160 1265 2356 1321 ΒΑΛΣ.
2424 1263 2594 1318 Τοῦτο
2651 1263 2748 1317 καὶ
2810 1264 2869 1316 ἐν
2931 1262 3114 1325 ἄλλοις
3163 1260 3356 1316 κανόσι
3407 1261 3677 1329 διαφόρων

2094 1356 2328 1410 συνόδων
2359 1354 2593 1428 ὡρίσθη,
2619 1355 2860 1424 δηλονότι
2895 1354 2955 1406 τὸ
2983 1355 3056 1424 μὴ
3086 1353 3335 1421 γίνεσθαι
3385 1351 3676 1404 ἐπίσκοπον

2093 1451 2150 1501 ἐν
2184 1448 2448 1520 παροικίᾳ
2472 1449 2529 1501 ἐν
2712 1445 2832 1510 ἔθος
2860 1445 3093 1499 ἔκπαλαι
3129 1442 3406 1513 γίνεσθαι,
3435 1443 3485 1494 εί
3528 1441 3601 1510 μὴ
3649 1437 3677 1490 ὀ

2095 1538 2497 1610 μητροπολίτης
2548 1538 2760 1609 θελήσει
2787 1532 2962 1610 (οὗτος
2992 1540 3100 1609 γάρ
3127 1539 3275 1590 ἐστιν
3319 1537 3348 1589 6
3380 1535 3675 1604 πρωτεύων

2090 1631 2191 1699 τῆς
2221 1631 2535 1702 ἐπαρχίας),
2571 1632 2670 1684 καὶ
2703 1630 2730 1683 6
2753 1630 3056 1692 ἐπίσκοπος
3090 1629 3426 1691 συναινέσει,
3455 1619 3498 1694 ᾧ
3551 1628 3676 1685 toto;

2092 1728 2124 1796 ἡ
2156 1723 2417 1794 παροικία
2445 1723 2688 1793 διαφέρει
2715 1721 2791 1786 ὡς
2818 1719 3023 1794 ἐνορία,
3054 1723 3150 1775 καλ⁵
3181 1723 3213 1792 ἡ
3258 1722 3358 1791 τῆς
3415 1718 3675 1788 ἐπαρχίας

2090 1815 2384 1886 ψηφίσεται
2421 1812 2658 1878 σύνοδος.

2173 1905 2415 1963 ΖΩΝΑΡ.
2465 1905 2636 1960 Τοῦτο
2679 1905 2773 1961 καὶ
2835 1909 2892 1960 ἐν
2931 1906 3110 1968 ἄλλοις
3171 1904 3366 1956 κανόσι
3412 1901 3676 1969 διαφόρων

2092 1999 2326 2056 συνόδων
2358 1999 2590 2070 ὡρίσθη,
2612 1999 2674 2052 τὺ
2710 1999 2784 2070 μὴ
2829 1997 3074 2066 γίνεσθαι
3110 1995 3416 2049 ἐπίσκοπον
3464 1994 3520 2045 ἐν
3546 1999 3676 2060 παρ⁴

2087 2091 2309 2155 οικίαις,
2351 2093 2409 2145 ἐν
2458 2086 2546 2155 αῖς
2569 2093 2670 2144 ούκ
2693 2087 2760 2162 ἣν
2787 2091 2907 2154 ἔθος
2939 2089 3173 2142 ἔκπαλαι
3198 2088 3479 2154 γίνεσθαι,
3510 2085 3558 2136 εί
3603 2083 3672 2151 μὴ

2086 2186 2115 2237 6
2170 2183 2569 2254 μητροπολίτης
2617 2182 2869 2254 θελήσει·
2919 2181 3076 2243 οὗτος
3117 2181 3226 2249 γάρ
3280 2180 3433 2230 ἐστιν
3469 2176 3497 2227 6
3528 2191 3670 2244 πρω-

2085 2278 2259 2329 τεύων
2284 2279 2384 2346 τῆς
2433 2276 2724 2346 ἐπαρχίας,
2756 2275 2814 2327 ἐν
2911 2275 2966 2326 αί
3001 2271 3292 2342 παροικίαι
3330 2268 3665 2321 ὑπόκεινταιο

2086 2366 2182 2420 καὶ
2216 2366 2244 2417 ὁ
2279 2365 2580 2426 ἐπίσκοπος
2607 2363 2949 2428 -συναινὲσει,
2979 2355 3020 2428 ᾧ
3052 2363 3235 2429 ἴσωςή
3272 2358 3540 2430 παροικία
3567 2357 3674 2409 δια-

2085 2457 2260 2528 φέρει,
2291 2454 2367 2519 ὡς
2396 2455 2500 2508 ὑπὸ
2524 2455 2623 2526 τὴν
2647 2453 2917 2524 διοίκησιν
2949 2451 3114 2507 αὑτοῦ
3140 2447 3306 2518 οὖσα,
3337 2452 3434 2504 καὶ
3498 2451 3531 2520 ἡ
3582 2449 3674 2517 τῆς

2086 2545 2357 2612 ἐπαρχίας
2387 2544 2687 2615 ψηφίσεται
2711 2542 2948 2607 σύνοδος.

2085 2630 2306 2686 ΔΡΙΣΤ.
2339 2652 2357 2684 ι
2403 2633 2464 2685 Οί
2499 2633 2768 2704 μηδέποτε
2795 2633 3014 2703 σχόντες
3063 2634 3194 2686 ἴδιον
3245 2631 3568 2693 ἐπίσκοπον,
3616 2627 3664 2678 εἰ

2163 2743 2182 2775 ι
2232 2724 2306 2794 μὴ
2340 2725 2487 2777 πᾶσα
2522 2723 2555 2794 ὴ
2594 2723 2692 2792 τῆς
2711 2723 2979 2795 ἐπαρχίας
3015 2724 3236 2786 σύνοδος
3281 2724 3378 2778 καὶ
3437 2724 3465 2775 6
3521 2731 3662 2789 πρω-

2159 2835 2179 2867 ‹
2225 2815 2396 2869 τεύων
2427 2815 2599 2881 αὐτῆς
2632 2815 2868 2886 γράψειε
2896 2813 3038 2868 κατὰ
3070 2815 3302 2885 γνώμην
3325 2812 3448 2876 τοῦ,
3472 2811 3560 2880 ὑφ’
3609 2808 3666 2861 ὃν

2168 2929 2186 2961 ι
2228 2909 2527 2979 ήὲπαρχία
2558 2911 2615 2962 ἐν
2673 2902 2706 2982 ᾗ
2739 2910 2770 2980 ἡ
2807 2907 2948 2979 αὐτὴ
3002 2907 3312 2977 ἐκκλησία,
3347 2907 3520 2968 ἄλλως
3573 2901 3663 2971 οὐχ

2161 3019 2178 3051 ι
2224 2999 2428 3064 ἕξουσι.
2469 3017 2489 3050 ι

2167 3092 2293 3145 Ἐὰν
2352 3091 2618 3162 παροικία
2670 3108 2754 3157 τις
2811 3093 2984 3146 ἐτέλει
3034 3094 3140 3147 ὑπὸ
3203 3093 3528 3156 ἐπίσκοπον,
3574 3086 3660 3140 καὶ

406 3177 703 3234 multitudo
732 3179 786 3231 in
829 3192 891 3232 ea
929 3178 1211 3248 proprium
1244 3178 1450 3236 habere
1494 3179 1720 3234 voluerit
1765 3181 1980 3250 episco-

2130 3184 2359 3256 ϐουλήθη
2390 3184 2419 3236 6
2458 3187 2516 3238 ἐν
2535 3186 2672 3257 αὐτῇ
2707 3186 2862 3256 ὄχλος
2899 3186 3028 3240 ἴδιον
3061 3185 3208 3256 σχεῖν
3241 3188 3561 3248 ἐπίσκοπον,
3588 3179 3658 3242 ὡς

361 3310 366 3314 .
407 3281 559 3342 pum,
617 3270 779 3326 facile
830 3286 936 3326 non
986 3272 1366 3339 exaudientur,
1412 3273 1506 3328 sed
1545 3289 1666 3327 cum
1712 3273 1978 3343 approba-

406 3364 555 3418 tione
588 3362 755 3418 totius
798 3365 1088 3432 provincia:
1113 3364 1328 3434 synodi,
1367 3364 1620 3434 illiusque
1669 3365 1978 3434 metropoli-

411 3463 518 3518 tm;
555 3461 609 3506 et
653 3454 892 3521 episcopi
950 3453 1114 3508 etiam
1193 3456 1279 3509 cui
1333 3455 1571 3524 partrcia
1630 3455 1717 3509 illa
1767 3455 1972 3517 subest,

405 3553 675 3598 consensu
713 3544 842 3598 illud
873 3544 986 3600 lict.

980 3737 1208 3795 CANON
1259 3733 1393 3796 Clll.

408 3851 428 3882 ς
466 3830 540 3885 De
605 3832 816 3900 populis
895 3844 949 3887 et
1005 3834 1332 3890 ditccesibus
1365 3874 1379 3898 ,
1429 3851 1547 3905 quae
1591 3852 1618 3889 a
1680 3835 1975 3891 Donatistis

483 3939 500 3973 ι
543 3930 954 3977 convertuntur.
1013 3921 1081 3978 Ut
1138 3925 1349 3979 scilicet
1399 3925 1472 3978 illi
1525 3925 1740 3995 populi,
1788 3926 1882 3995 qui
1943 3943 1971 3980 a

483 4033 502 4063 ‹
545 4015 836 4070 Donatistis
862 4025 1360 4083 convertuntur,,et
1389 4026 1587 4086 prmter
1626 4016 1814 4086 synodi
1853 4031 1975 4070 sen-

489 4125 508 4158 ι
549 4110 772 4164 tentiam
827 4110 1113 4177 episcOpos
1149 4108 1490 4171 habuerunt,
1537 4124 1632 4162 eos
1684 4109 1800 4160 sine
1841 4121 1974 4159 con-

480 4219 496 4249 ι
539 4199 804 4253 traversia
839 4198 1036 4252 habere
1062 4197 1207 4266 digni
1246 4207 1569 4252 censeantur
1602 4216 1614 4251 :
1663 4198 1750 4266 qui
1796 4205 1971 4249 autem

480 4285 713 4354 ipopnli
769 4284 1082 4353 episc0pum
1137 4284 1466 4350 habuerunt,
1523 4295 1574 4338 et
1625 4299 1690 4339 eo
1765 4296 1974 4338 mortuo

485 4394 496 4428 :
538 4377 814 4446 proprium
848 4375 1162 4445 episcopum
1195 4376 1395 4431 habere
1437 4376 1746 4442 noluerunt,
1781 4378 1872 4431 sel
1903 4378 1970 4431 ad

486 4489 501 4518 ι
541 4466 777 4536 alicujus
832 4467 969 4522 alius
1004 4467 1244 4535 episcOpi
1276 4468 1536 4520 diu-ccsin
1579 4482 1878 4532 recurrere,
1919 4467 1968 4520 id

479 4579 494 4609 ι
539 4574 641 4612 non
705 4559 862 4611 debet
923 4560 1002 4612 eis
1059 4556 1262 4622 negari.
1332 4555 1806 4612 Verumenimvero
1875 4551 2049 4613 hocD

474 4667 492 4699 ι
531 4664 749 4718 quoque
797 4647 1021 4702 relatum
1071 4658 1174 4710 est,
1218 4648 1360 4717 quod
1406 4648 1668 4718 episcopi,
1716 4649 1806 4718 qui
1847 4660 1969 4704 ante

474 4759 492 4790 ι
531 4740 700 4812 legem
730 4741 1135 4810 imperatoriam
1168 4740 1236 4794 de
1268 4739 1470 4794 unione
1495 4740 1712 4795 allatam
1743 4742 1968 4812 populos

477 4851 496 4883 ι
535 4834 601 4888 ad
633 4834 960 4890 catholicam
989 4833 1281 4890 Ecclesiam
1312 4842 1661 4898 conVcrtunt,
1696 4849 1831 4904 quos
1868 4835 1968 4902 ipsi

479 4945 495 4975 ‹
535 4926 823 4989 habebant,
848 4942 942 4982 eos
970 4937 1152 4982 tenere
1177 4925 1374 4981 debent
1399 4943 1413 4982 :
1444 4936 1567 4996 post
1590 4928 1756 4996 legem
1785 4937 1966 4982 autem

481 5026 498 5064 t
538 5015 756 5070 unionis
801 5026 856 5070 et
898 5016 1060 5082 ultra,
1099 5025 1314 5086 oportet
1354 5030 1543 5071 omnes
1581 5018 1839 5072 ecclesias
1863 5057 1878 5079 ,
1919 5025 1972 5071 et

469 5125 486 5154 ι
528 5121 717 5161 carum
742 5108 1030 5172 dimceses,
1077 5109 1198 5164 etsi
1238 5109 1342 5163 ulla
1381 5107 1972 5164 sintfortasseinstru-

477 5215 494 5246 ι
542 5206 752 5261 menta,
784 5212 904 5266 quae
932 5199 998 5252 ad
1037 5198 1282 5269 ipsarum
1311 5200 1668 5253 ecclesiarum
1693 5199 1815 5267 jura
1853 5215 1973 5268 per-

472 5306 490 5335 ‹
533 5287 736 5340 tineaut
767 5327 782 5352 ,
831 5303 858 5341 a
907 5289 1189 5344 catholicis
1233 5290 1502 5360 episcopis
1542 5289 1838 5354 vindicari,
1878 5291 1968 5360 qui

467 5395 482 5428 ι
526 5388 649 5434 sunt
683 5379 736 5433 in
773 5379 874 5434 illis
913 5379 1045 5434 lotis
1067 5381 1116 5436 in
1136 5381 1332 5452 quibus
1355 5381 1422 5434 ab
1452 5380 1724 5434 haereticis
1756 5381 1968 5435 detine-

466 5494 480 5520 ι
521 5473 754 5537 bantur;
789 5467 904 5529 sive
927 5473 991 5526 ad
1025 5473 1344 5528 catholicam
1378 5472 1677 5528 Ecclesiam
1712 5474 1965 5544 deinceps

468 5587 484 5616 ι
530 5577 941 5632 convertantur,
968 5568 1082 5621 sive
1105 5582 1244 5632 non;
1272 5575 1324 5620 et
1346 5567 1390 5620 si
1425 5566 1600 5635 aliqua
1631 5581 1814 5620 eorum
1844 5576 1964 5634 post

465 5669 482 5703 ἃ
523 5674 694 5728 regem
725 5659 1124 5726 imperatoriam
1153 5666 1501 5726 usurparunt,
1528 5655 1730 5711 debent
1760 5667 1812 5710 et
1848 5659 1958 5711 lucc

462 5775 475 5797 ι
521 5750 750 5803 restitui.
783 5769 800 5798 ι

461 5855 476 5893 t
538 5859 597 5913 η)
623 5841 875 5912 αἴσθησιν
934 5845 994 5896 ἐκ
1027 5844 1233 5898 τούτων
1308 5845 1716 5912 κατεχρῄσαιτο
1785 5841 1922 5914 μετᾶ
1970 5843 2058 5899 τὸν
2135 5847 2418 5916 βασιλικὴν
2508 5847 2766 5917 ὁρισμόν,

463 5945 483 5990 t
531 5934 778 5990 esasOaa
819 5953 878 5987 ι,

2087 3276 2299 3346 ἔτυχεν,
2337 3275 2437 3328 οὐκ
2474 3276 2968 3346 εἰσακουσθήσεται
2997 3292 3012 3306 ·
3057 3276 3194 3329 ἀλλὰ
3258 3276 3397 3346 μετὰ
3448 3274 3662 3339 δόκιμα·

2087 3370 2206 3430 σίας
2239 3367 2418 3436 πάσης
2442 3367 2540 3434 τῆς
2564 3368 2780 3420 συνόδου
2809 3368 2904 3435 τῆς
2939 3368 3233 3438 ἐπαρχίας,
3276 3367 3373 3421 καὶ
3424 3363 3516 3417 τοῦ
3566 3375 3661 3429 μη·

2084 3457 2404 3526 τροπολίτου
2432 3458 2627 3524 αὑτῆς,
2665 3459 2803 3528 πρὸς
2837 3449 2891 3509 δὲ
2924 3459 3014 3511 καὶ
3038 3459 3403 3519 συναινέσεως
3433 3453 3522 3509 τοῦ
3548 3453 3658 3502 ἐπι-

2088 3552 2313 3618 σκόπου,
2375 3553 2465 3621 ὑφ’
2511 3552 2571 3605 ὃν
2619 3555 2651 3624 ἡ
2721 3551 2946 3622 τοιαύτη
3000 3552 3268 3624 παροικία
3327 3549 3656 3604 καθίσταται,

2085 3641 2243 3695 τοῦτο
2269 3644 2587 3714 γενήσεται.

2687 3739 2927 3792 ΚΑΝΩΝ
2949 3735 3068 3793 ΡΓ¹.

2093 3849 2109 3882 ι
2154 3827 2287 3898 Περὶ
2343 3831 2489 3884 λαῶν
2539 3830 2631 3885 καὶ
2673 3831 2994 3900 διοικήσεων
3039 3830 3148 3882 τῶν
3173 3823 3286 3883 ἀπὸ
3337 3818 3658 3881 Δονατιστῶν

2155 3938 2172 3970 ι
2221 3921 2682 3990 ἐπιστρεφόντων.
2735 3921 2852 3972 Ἷνα
2889 3919 3091 3989 δηλαδὴ
3144 3919 3377 3972 ἐκείνων
3425 3917 3474 3968 οί
3525 3909 3654 3968 λαοὶ.

2161 4029 2178 4060 ι
2223 4013 2271 4064 οἱ
2324 4011 2434 4065 ἀπὸ
2495 4012 2604 4063 τῶν
2661 4012 3000 4064 Δονατιστῶν
3057 4013 3508 4080 ἐπιστρέφοντες,
3567 3998 3656 4053 καὶ

2158 4121 2176 4154 ‹
2219 4104 2550 4166 ἐπισκόπους
2573 4105 2868 4173 ἐσχηκότες
2886 4102 3032 4172 παρὰ
3057 4099 3284 4173 γνώμην
3303 4100 3401 4170 τῆς
3425 4093 3653 4154 συνόδου,

2163 4212 2181 4244 ‹
2225 4197 2451 4258 τούτους
2487 4194 2872 4264 ἀναμφιϐόλως
2907 4194 3051 4262 ἐχειν
3089 4192 3402 4256 ἀξιωθῶσιν
3425 4206 3439 4220 ο
3467 4188 3654 4242 οἵτινες

2159 4305 2176 4335 ι
2221 4286 2276 4338 δὲ
2309 4286 2427 4339 λαοὶ
2458 4284 2759 4355 ἐσχήκασιν
2789 4285 3111 4350 ἐπίσκοπον,
3138 4283 3234 4336 καὶ
3261 4282 3447 4336 τούτου
3481 4276 3657 4328 τελευυ

2155 4396 2172 4426 ι
2220 4378 2485 4445 τήσαντος
2515 4379 2616 4430 ούκ
2661 4374 2936 4447 ἠθέλησαν
2972 4378 3102 4431 ἴδιον
3145 4375 3444 4429 ἐπίσκοπον
3497 4367 3650 4436 ἔχειν.

2161 4490 2176 4518 ι
2226 4471 2363 4523 ἀλλὰ
2390 4469 2524 4539 πρὸς
2550 4469 2712 4524 ἄλλου
2741 4471 2885 4533 τινδς
2918 4469 3217 4522 ἐπισκόπου
3240 4467 3506 4533 διοίκησιν
3533 4460 3653 4511 ἁνα-

2159 4580 2176 4611 ‹
2221 4562 2452 4630 δραμεῖν
2505 4559 2730 4632 ἀνήκειν
2765 4579 2779 4594 ·
2819 4561 2980 4614 τοῦτο
3035 4561 3114 4631 μὴ
3152 4559 3393 4626 ὀρείλειν
3443 4551 3645 4606 τούτοις

2152 4671 2170 4703 ι
2217 4647 2538 4722 ἀρνηθῆναι.
2601 4654 2676 4705 Οὐ
2733 4653 2841 4723 μὴν
2895 4648 3030 4705 ἀλλὰ
3100 4651 3322 4703 κάκεῖνο
3367 4637 3648 4713 ἀνηνέχθη.

2156 4763 2173 4793 ‹
2218 4743 2299 4795 δτι
2331 4743 2379 4794 οἱ
2408 4742 2694 4796 ἐπίσκοποι
2728 4745 2777 4797 ot
2820 4743 2926 4813 πρὸ
2983 4741 3078 4795 τοῦ
3140 4737 3420 4812 βασιλικοῦ
3469 4733 3645 4800 νόμους

2155 4855 2173 4886 ο
2220 4835 2313 4886 τοῦ
2347 4835 2476 4906 περὶ
2507 4832 2760 4906 ἐνότητος
2812 4834 3308 4907 προκομιζομένου,
3342 4829 3532 4886 οἵτινες
3564 4820 3651 4887 δή⁶

2148 4945 2164 4975 ‹
2222 4942 2351 4978 ποτε
2398 4927 2532 4995 πρὸς
2597 4926 2697 4996 τὴν
2749 4924 3042 4994 καθολικὴν
3088 4920 3478 4990 ἐπιστρέφουσι
3533 4909 3650 4967 τοὺς

2156 5036 2173 5068 ι
2217 5016 2401 5082 λαοὺς,
2430 5016 2524 5079 οὓς
2558 5013 2703 5087 εἶχον
2743 5016 2921 5080 αὐτοὶ,
2950 5018 3175 5079 τούτους
3232 5013 3480 5082 κατέχειν
3515 4998 3642 5070 δ’ἑεί“

2155 5129 2172 5160 ι
2217 5109 2402 5161 λουσιν
2433 5124 2448 5140 ·
2519 5109 2658 5177 μετὰ
2711 5109 2767 5162 δὲ
2825 5109 2917 5161 τὸν
2969 5109 3135 5179 νόμον
3157 5107 3258 5176 τῆς
3290 5100 3535 5171 ἐνότητος
3563 5089 3646 5145 καί

2155 5219 2173 5252 ι
2222 5200 2482 5253 ἐπέκεινα
2512 5201 2616 5271 χρὴ
2653 5201 2834 5264 πάσας
2860 5201 2958 5263 τὰς
2984 5197 3286 5268 ἐκκλησίας
3311 5194 3403 5248 καὶ
3458 5182 3625 5248 διοική

2159 5313 2176 5345 ι
2223 5310 2335 5356 σεις
2368 5293 2570 5356 αὐτῶν,
2604 5293 2700 5345 καὶ
2733 5293 2826 5345 ἐάν
2857 5303 2983 5345 τινα
3011 5278 3645 5362 τυχὸνιῖκιιίδικαιώμαται

2158 5403 2175 5436 ι
2226 5387 2332 5447 τοῖς
2358 5385 2590 5448 δικαίοις
2627 5383 2902 5455 ἀνήκοντα
2953 5385 3062 5438 τῶν
3110 5383 3292 5437 αὐτῶν
3329 5367 3642 5465 ἐκκλησιτῗςθν

2148 5498 2165 5529 t
2213 5477 2598 5531 διεκδικεῖσθαι
2620 5473 2725 5530 ὑπὸ
2747 5476 2856 5530 τῶν
2881 5475 3186 5529 καθολικῶν
3215 5469 3520 5528 ἐπισκόπων
3545 5468 3644 5558 των

2142 5588 2161 5621 ι
2213 5572 2268 5621 ἐν
2304 5572 2416 5631 τοῖς
2453 5569 2636 5632 τόποις
2675 5571 2900 5632 ἐκείνοις
2936 5571 2993 5622 ἐν
3016 5565 3096 5631 οἷς
3142 5565 3450 5634 κατείχοντο
3503 5561 3648 5617 παρκ.

2140 5682 2157 5714 ι
2203 5662 2311 5716 τῶν
2343 5663 2657 5732 αἱρετικῶν,
2684 5663 2792 5714 εἴτε
2828 5661 3272 5732 ἐπιστρεφόντων
3302 5651 3487 5707 λοιπ“.ν
3516 5639 3640 5710 πρὶς

2139 5775 2154 5805 ι
2195 5756 2293 5824 τὴν
2325 5754 2645 5822 καθολικὴν,
2675 5754 2782 5805 εἴτε
2816 5754 2887 5823 μὴ
2918 5753 3380 5824 ἐπιστρεφόντων.
3424 5738 3531 5795 Κῖιέ
3553 5737 3637 5824 ἐξ)

2866 5844 3069 5914 ὀφείλει
3143 5844 3312 5898 ταῦτα
3388 5823 3635 5890 ἀποκαοίι
