3944 6416
329 302 437 361 357

1396 296 1480 357 IN
1519 295 1683 355 CAN.
1721 262 1911 353 cx‘ttt
1964 294 2171 354 δοκε.
2216 296 2592 355 CARTHAG.

3483 296 3588 361 35'?

333 413 720 484 καθαιρεῖσθαι
752 411 880 474 τοὺς
918 408 1391 480 παραιτουμένους
1418 409 1477 463 τὸ
1527 408 1912 476 ἐκκλησιαστι-

2038 416 2075 461 ιι
2103 409 2468 478 drponaotur,
2496 410 2587 480 qui
2611 406 2981 464 ecclesiastico
3009 406 3588 477 judiclo‘renuntiann,

336 504 435 557 κον
465 505 835 573 δικαστήριον,
890 503 981 554 καὶ
1018 500 1316 571 ζητοῦντας
1352 500 1459 553 ἀπὸ
1505 498 1600 552 τοῦ
1645 497 1910 568 βασιλέως

336 595 556 649 δικάσαι
604 595 704 658 τὰς
757 593 934 647 αὐτῶν
986 591 1274 652 ὑποθέσεις
1307 590 1601 661 δημοσίους
1651 582 1913 651 δικαστάς

335 688 458 759 ἦτοι
506 685 817 746 πολιτικούς
843 698 859 715 ⁸
909 685 1037 747 τοὺς
1077 683 1135 737 δὲ
1184 680 1577 751 ποριζομένους
1625 679 1913 750 βασιλικάς

328 777 663 848 προστάξεις
715 778 875 847 χάριν
905 776 1003 830 τοῦ
1034 774 1362 830 δικάσασθαι
1409 772 1559 843 παρὰ
1590 772 1913 833 ἐπισκόποις

332 868 392 919 οὐ
426 867 570 920 θέλει
627 866 978 936 βλάπτεσθαι.
1024 864 1321 933 Ἀνᾶγνωθι
1365 864 1461 916 καὶ
1499 863 1590 918 τὸν
1623 860 1683 916 ιε’
1713 863 1914 916 κανόνα

332 959 438 1027 τῆς
495 959 779 1029 παρούσης
840 957 1082 1023 συνόδου,
1113 957 1206 1009 καὶ
1251 954 1352 1025 τὴν
1398 952 1564 1008 αὐτοῦ
1594 952 1911 1024 ἑρμηνείαν.

331 1048 496 1115 Λέγει
529 1050 637 1119 γὰρ
672 1050 765 1103 καὶ
812 1043 965 1110 οὗτος
1017 1046 1085 1100 τὰ
1112 1045 1252 1108 αὐτὰ
1287 1043 1644 1114 πλατύτερον.
1680 1044 1790 1098 Καὶ
1821 1061 1915 1114 ση-

334 1139 571 1208 μείωσαι
598 1139 679 1191 ὅτι
714 1138 837 1192 οὐδὲ
863 1138 1000 1206 μετὰ
1035 1135 1321 1207 βασιλικῆς
1369 1120 1725 1206 προστάξεως
1749 1133 1910 1186 δόκα-

328 1248 423 1283 ται
459 1229 755 1300 ίερωμὲνος
790 1227 1168 1299 παραιτεῖσθαι
1229 1227 1288 1280 τὸ
1340 1225 1793 1297 ἐκκλησιαστικὸν
1823 1212 1912 1278 ’δι-

331 1322 653 1389 καστήριον,
682 1319 816 1374 ἀλλᾶ
833 1318 990 1372 τοῦτο
1020 1318 1188 1372 ποιῶν
1209 1318 1572 1386 καθαιρείται.
1605 1317 1670 1370 Τί
1713 1316 1791 1382 δὲ,
1820 1317 1914 1370 ἐὰν

329 1413 523 1476 λαῖκὺς
554 1412 644 1466 διὰ
686 1398 1031 1482 προστάξεως
1076 1410 1359 1481 βασιλικῆς
1391 1409 1590 1481 ἑλκύσῃ
1622 1409 1914 1480 ἱερωμένον

330 1506 413 1567 είς
466 1502 747 1581 πολιτικὸν
805 1502 1204 1570 δικαστήριον,
1271 1502 1912 1571 προκριματισθήσεται;

331 1596 549 1661 Λύσις.
569 1596 724 1658 Τινὲς
742 1594 958 1661 λέγουσι
992 1593 1129 1661 μήτε
1151 1593 1680 1661 προκριματίζεσθαι
1703 1593 1911 1658 τοῦτον,

331 1686 476 1754 μήτε
505 1683 688 1755 χώραν
735 1683 879 1752 ἔχειν
914 1680 1150 1734 ἐνταῦθα
1178 1682 1278 1750 τὴν
1304 1683 1398 1735 τοῦ
1431 1684 1597 1751 φόρου
1628 1699 1916 1753 παραγρα-

329 1777 466 1844 φήν.
498 1776 654 1846 Ἐμοὶ
682 1775 739 1828 δὲ
770 1774 918 1827 δοκεῖ
944 1775 972 1825 ὁ
1001 1771 1174 1850 οὕτως
1205 1773 1488 1842 ἐναγαγὼν
1509 1774 1717 1839 λαῖκὸς,
1747 1775 1915 1844 ἤγουν
1953 1762 1991 1815 Β

328 1866 422 1919 διά
446 1865 821 1937 προστάξεως,
865 1865 926 1919 οὐ
955 1865 1560 1937 προκριματισθήσεται
1593 1866 1692 1934 μὲν
1732 1865 1806 1928 ὡς
1838 1867 1916 1930 είς

327 1959 683 2028 ἀπρόσφορον
737 1957 1086 2028 δικαστήριον
1130 1956 1363 2020 ἑλκύσας
1421 1956 1513 2009 τὸν
1584 1956 1916 2026 ίερωμέπινο

330 2050 820 2119 ἀναγκασθήσεται
858 2050 957 2115 δὲ,
1010 2049 1168 2120 εῐπερ
1201 2047 1456 2111 ὑπόθεσίς
1510 2050 1660 2100 ἐστιν
1728 2050 1922 2116 ἐκκλη-

336 2141 621 2210 σιαστικὴ,
669 2142 750 2204 είς
778 2139 839 2193 τὸ
866 2139 1322 2207 ἐκκλησιαστικὸν
1359 2139 1712 2209 δικαστήριον
1752 2140 1921 2192 ἀπαν-

327 2234 524 2304 τῆσαν
554 2235 636 2286 ὅτι
670 2234 764 2287 καὶ
805 2230 1060 2302 βασιλικὰ
1102 2232 1511 2300 προστάγματα
1542 2232 1678 2301 πρὸς
1704 2231 1919 2305 *νόμους

330 2327 431 2378 καὶ
471 2325 699 2387 κανόνας
731 2322 1166 2393 ὲκλαμϐάνονται
1187 2323 1280 2375 καὶ
1306 2322 1720 2392 ὲρμηνεύονται.
1753 2318 1912 2377 Οὕτω

329 2418 563 2486 νόειμοι
594 2417 688 2469 καὶ
725 2416 786 2468 τι
818 2413 883 2479 ιζ’
916 2415 1114 2483 κεφάλ.
1146 2414 1238 2467 τοῦ
1296 2412 1345 2466 α’
1376 2415 1554 2467 τίτλου
1609 2414 1704 2468 τοῦ
1735 2416 1918 2485 τρίτου

334 2509 572 2579 βιϐλίου,
618 2510 814 2575 λέγον
857 2510 998 2564 Ἀλλ’
1050 2507 1171 2561 οὐδὲ
1202 2507 1340 2576 ὑπέρ
1379 2523 1522 2568 τινος
1573 2507 1921 2576 χρηματικῆς

330 2598 369 2669 ἢ
397 2595 810 2667 ὲγκληματικῆς
834 2594 1014 2658 αἰτίας
1060 2596 1356 2647 ἐπίσκοπον
1391 2595 1528 2664 πρὸς
1558 2592 1790 2663 ἄρχοντα
1822 2611 1919 2646 πο-

336 2688 550 2740 λιτικὸν
580 2686 613 2757 ἢ
667 2686 1056 2757 στρατιωτικὸν
1091 2685 1294 2738 ἄκοντα
1334 2683 1675 2754 ἦδιάγεσθαι
1710 2686 1742 2757 ἢ
1781 2701 1945 2767 παραγ

339 2777 597 2833 ίστασθαι
625 2777 748 2847 δίχα
782 2777 1066 2848 βασιλικῆς
1096 2777 1396 2838 κελεύσεως
1429 2777 1844 2849 συγχωροῦμεν.

407 2870 657 2924 ΖΩΝΔΡ.
688 2868 943 2939 Διάφοροι
966 2868 1188 2929 κανὸνες
1216 2867 1420 2937 ὥρισαν
1441 2865 1568 2929 τοὺς
1590 2868 1922 2930 ἐπισκόπους

330 2959 493 3028 παρὰ
512 2962 633 3021 ταῖς
674 2958 924 3019 συνόδοις
976 2955 1085 3008 τῶν
1134 2955 1411 3024 ἐπαρχιῶν
1455 2956 1794 3020 δικάζεσθαι,
1825 2957 1923 3011 καὶ

329 3051 463 3109 τοὺς
497 3045 799 3117 κληρικοὺς
850 3046 999 3114 παρὰ
1029 3044 1141 3107 τοῖς
1173 3044 1494 3108 ἐπισκόποις
1528 3045 1730 3099 αὐτῶν.
1771 3046 1832 3099 Εἰ
1863 3046 1920 3099 δέ

328 3156 445 3201 τις,
477 3139 692 3207 φησὶνὸ
722 3136 903 3189 κανὼν
946 3133 1124 3202 οὗτος,
1176 3133 1472 3205 ἱερωμένος
1517 3133 1615 3200 ὢν,
1653 3136 1926 3210 προσέλθῃ

327 3230 415 3301 τῷ
445 3230 660 3301 βασιλεῖ
683 3228 853 3281 αἰτῶν
887 3226 1174 3295 διάγνωσιν
1198 3226 1473 3296 δημοσίων
1508 3227 1878 3299 δικαστηρίων
1905 3270 1920 3295 ,

331 3322 459 3394 ἦτοι
487 3322 784 3375 πολιτικῶν
819 3320 911 3373 καὶ
974 3320 1334 3391 ἁρχοντικών,
1373 3321 1768 3392 στερηθήσε.αι
1822 3325 1925 3393 τῆς

336 3416 483 3479 ἰδίας
524 3414 713 3485 τιμῆς,
750 3413 873 3471 ἀντὶ
904 3412 1021 3476 τοῦ,
1060 3411 1553 3483 καθαιρεθήσεται·
1594 3416 1686 3468 ἐὰν
1721 3415 1799 3481 δὲ,
1834 3417 1926 3485 βα-

339 3506 486 3561 σιλεί
509 3504 846 3578 προσελθὼν,
891 3504 1251 3557 ὲπισκοπικὸν
1291 3506 1492 3576 αἰτήσῃ
1545 3505 1922 3576 δικαστήριον,

333 3602 511 3671 ἡγουν
547 3598 861 3652 συνέλευσιν
893 3597 1208 3657 ἐπισκόπων
1249 3597 1391 3648 κατὰ
1445 3596 1728 3666 βασιλικὴν
1762 3599 1930 3667 πρόσ-

332 3693 495 3759 ταξιν
514 3692 888 3761 γενησομένην
919 3689 1013 3742 καὶ
1041 3687 1609 3756 διαγνωμονήσουσαν,
1638 3688 1697 3739 οὐ
1733 3687 1929 3760 βλαεή.

338 3803 497 3841 σεται
525 3786 662 3856 περὶ
688 3783 788 3854 τὴν
838 3782 1142 3853 ἐπιτιμίαν.
1184 3780 1483 3851 ’Δνάγνωθι
1517 3782 1614 3853 τῆς
1660 3785 1929 3854 τετάρτης

339 3876 563 3936 συνόδου
589 3873 793 3929 κανόνα
829 3871 870 3926 θ’
881 3911 898 3931 .

355 4056 585 4111 ΑΡΙΣΤ.
624 4073 644 4107 ι
681 4054 962 4127 Δημοσὶαν
998 4054 1184 4128 κρίσιν
1209 4055 1238 4110 ὁ
1272 4054 1423 4126 παρὰ
1450 4053 1717 4125 βασιλέως
1748 4057 1924 4113 αἰτῶν

880 4168 900 4203 ι
933 4150 1033 4204 οὐκ
1061 4148 1377 4211 ἐπίσκοπος.
1422 4169 1441 4202 ι

428 4243 819 4315 Ἐπίσκοποςῆ
870 4241 1151 4312 κληρικδς,
1184 4241 1273 4294 ἐπ’
1307 4242 1648 4314 ἐγκλήμασιν
1676 4242 1933 4314 αἰτιώμε-

337 4355 451 4401 νος,
487 4338 582 4391 καὶ
611 4336 675 4389 τὸ
705 4334 1161 4404 ἐκκλησιαστικὸν
1218 4334 1651 4406 παραιτούμενος
1677 4336 1930 4407 δικαστή-

2022 511 2076 556 et
2109 503 2177 555 ab
2210 503 2535 570 imperatore
2565 510 2775 572 petunt,
2806 514 2861 555 ιιι
2890 502 3084 572 publici
3110 517 3204 557 seu
3240 500 3591 571 civil-:sjudi-

2021 604 2110 644 ces
2140 603 2332 645 causas
2367 607 2549 645 eorum
2592 591 2834 661 judicent
2865 609 2876 641 :
2914 608 3007 646 eos
3040 600 3240 655 autem,
3278 592 3368 661 qui
3415 593 3592 660 impc-

2025 683 2179 737 rialia
2209 684 2458 738 mandata
2486 684 2752 747 obtinent,
2782 693 2838 736 ut
2871 683 2937 737 ab
2965 684 3235 753 episcopis
3260 683 3588 751 judiceutnr,

2022 789 2125 827 non
2172 776 2283 829 vult
2322 776 2640 830 detrimento
2693 775 2851 831 allici.
2905 774 3044 843 Lege
3102 775 3265 830 etiam
3324 777 3589 830 decinunn

2019 866 2260 934 quintum
2292 882 2550 921 cauonem
2575 869 2855 937 praesentis
2889 867 3077 939 synodi
3101 878 3155 922 et
3180 867 3297 935 ejus
3322 868 3592 933 interpre~

2022 959 2276 1012 tationem
2308 973 2323 1010 :
2368 959 2410 1012 is
2443 958 2585 1012 enim
2615 960 2680 1013 de
2723 959 2805 1013 his
2837 960 3007 1013 fusius
3047 958 3305 1029 loquitur.
3351 959 3411 1012 Et
3444 970 3592 1019 nota,

2020 1046 2162 1115 quod
2197 1062 2295 1100 nec
2346 1062 2468 1101 cum
2532 1049 2783 1102 mandato
2819 1048 3082 1115 imperiali
3137 1058 3315 1118 potest
3350 1058 3595 1103 sacratus

2018 1137 2390 1192 ecclesiastico
2431 1138 2543 1208 juri
2604 1141 2917 1194 renuntiare
2953 1156 2967 1192 :
3001 1140 3096 1194 sed
3149 1141 3193 1194 si
3255 1143 3356 1194 hoc
3392 1139 3595 1203 faciat,

2019 1231 2324 1300 deponitur.
2350 1231 2489 1298 Quid
2521 1243 2699 1286 autem
2728 1231 2775 1285 si
2801 1230 2972 1285 laicus
2998 1229 3300 1299 imperialia
3336 1230 3592 1283 mandata

2019 1321 2074 1376 in
2105 1320 2263 1376 civile
2291 1319 2553 1389 judicium
2603 1335 2751 1383 eum,
2782 1318 2873 1387 qui
2904 1328 2988 1371 est
3017 1327 3289 1382 sacratus,
3321 1317 3596 1382 traxerit;

2020 1413 2140 1468 eine
2174 1413 2262 1467 ﬁet
2293 1412 2698 1479 pra‘judicium?
2720 1411 2951 1467 Salutio.
2986 1411 3179 1465 Dicunt
3202 1409 3442 1464 nonnulli
3472 1412 3595 1459 ιιιιιιι

2020 1504 2166 1559 nullo
2203 1504 2520 1573 prtvjudicio
2556 1502 2715 1568 aﬂici,
2754 1520 2854 1557 nec
2884 1504 3062 1557 locum
3100 1502 3187 1555 hic
3240 1501 3441 1554 habere
3495 1499 3595 1550 lori

2022 1597 2500 1670 przescriptionem.
2546 1594 2673 1648 Mihi
2718 1605 2896 1650 autem
2934 1595 3185 1654 videtur,
3216 1593 3358 1661 quod
3384 1590 3475 1660 qui
3519 1590 3599 1643 sic

2023 1687 2287 1741 aetionem
2334 1685 2623 1739 intentavit
2672 1684 2866 1749 laicus,
2917 1700 3012 1753 per
3042 1685 3350 1736 mandatum
3393 1680 3600 1734 scilicet

2021 1780 2298 1848 imperiale
2328 1819 2340 1841 ,
2375 1779 2686 1848 pra‘judicio
2734 1778 2953 1848 quidem
3006 1794 3109 1831 non
3150 1775 3429 1838 allicietur,
3468 1783 3600 1828 tan-

2024 1885 2182 1937 quam
2208 1869 2297 1937 qui
2328 1876 2596 1922 sacratum
2630 1870 2694 1921 ad
2722 1868 2984 1937 judicium
3020 1867 3391 1934 iucompetens
3424 1877 3603 1918 traxe-

2022 1962 2094 2037 rit
2122 1973 2137 2012 :
2170 1970 2392 2028 cogetur
2418 1968 2619 2023 tamen,
2652 1959 2696 2012 si
2728 1975 2891 2014 causa
2927 1968 3010 2013 est
3039 1959 3426 2027 ecclesiastica,
3458 1973 3516 2010 se
3544 1957 3598 2010 in

2024 2052 2395 2105 ecclesiastico
2419 2050 2622 2120 judicio
2652 2050 2877 2117 sistere;
2918 2049 3042 2119 quia
3097 2050 3402 2117 imperialia
3443 2064 3597 2100 man-

2025 2143 2148 2195 data
2180 2140 2480 2195 secundum
2512 2140 2656 2207 leges
2690 2149 2743 2192 et
2785 2152 3023 2191 canones
3052 2137 3183 2201 acci,
3207 2136 3392 2188 iuutnr
3415 2142 3469 2188 et
3500 2148 3599 2186 ex-

2024 2245 2318 2303 poliuntur.
2360 2232 2431 2285 lta
2484 2230 2613 2283 mihi
2665 2228 2903 2297 iutellige
2934 2228 3097 2281 ctiam
3173 2242 3294 2295 cap.
3344 2225 3406 2277 17
3437 2223 3598 2292 primi

2027 2325 2185 2391 tituli,
2220 2323 2339 2379 libri
2375 2339 2461 2387 ιιι,
2503 2321 2643 2391 quod
2685 2321 2853 2377 dicit:
2894 2319 3001 2374 Sed
3041 2334 3139 2372 nec
3169 2333 3264 2386 pro
3295 2317 3399 2370 ulla
3434 2333 3601 2385 pecu-

2025 2416 2198 2491 niaria
2237 2414 2317 2467 vel
2349 2412 2615 2468 criminati
2643 2426 2801 2465 causa
2831 2410 3145 2479 episcopum
3174 2448 3189 2472 ,
3228 2409 3598 2475 magistratum

2024 2506 2235 2561 civilem
2266 2505 2349 2560 vel
2384 2504 2698 2567 militarem,
2733 2503 2961 2556 invitum
3004 2502 3084 2565 vel
3113 2498 3339 2568 produci
3366 2498 3451 2552 vel
3483 2498 3601 2552 sisti

2027 2591 2389 2667 permittimus
2423 2598 2538 2652 sine
2566 2594 2910 2665 imperatoris
2938 2593 3216 2648 mandato.

2097 2878 2349 2935 ZONAR.
2383 2877 2451 2934 Ut
2480 2876 2716 2947 episcopi
2754 2891 2784 2930 a
2811 2874 3129 2945 provinciali
3159 2875 3387 2945 synodo.
3419 2876 3603 2930 clerici

2028 2986 2056 3024 a
2104 2970 2222 3024 suis
2275 2966 2549 3036 episcopis
2593 2964 2924 3032 iudicentur,
2986 2965 3275 3018 multorum
3335 2980 3602 3018 canonum

2026 3062 2245 3117 decreto
2280 3062 2631 3114 constitutum
2665 3068 2770 3111 est.
2818 3054 2915 3110 llic
2952 3071 3079 3110 vero
3127 3071 3328 3119 canon,
3362 3056 3415 3108 Si
3459 3057 3604 3124 quis,

2031 3156 2122 3219 ait,
2158 3168 2313 3208 sacro
2350 3150 2541 3205 ordine
2574 3149 2819 3202 initiatus
2862 3151 3246 3216 imperatorem
3294 3147 3493 3212 adeat,
3538 3163 3603 3201 ac

2029 3260 2139 3300 suae
2170 3260 2345 3299 causa:
2371 3243 2730 3309 cognitionem
2766 3240 2996 3310 publicis
3047 3238 3274 3305 iudiciis
3298 3280 3313 3300 ,
3362 3239 3463 3293 hoc
3499 3251 3605 3303 est,

2034 3338 2270 3408 politicis
2321 3342 2376 3390 et
2451 3333 2802 3388 szecularibus
2864 3329 3269 3399 magistratibus
3341 3331 3604 3384 committi

2030 3429 2282 3498 postulet;
2315 3425 2531 3497 proprio
2561 3428 2768 3478 honore
2802 3422 3129 3491 privabitur,
3164 3421 3266 3475 hoc
3299 3430 3402 3481 est,
3435 3421 3470 3476 d
3494 3438 3604 3491 ’ρο-

2029 3528 2186 3574 tu-tur
2221 3534 2235 3571 :
2270 3518 2315 3573 si
2347 3532 2475 3571 vero
2517 3515 2585 3571 ad
2640 3515 3037 3582 imperatorem:
3063 3512 3259 3566 accede
3284 3526 3359 3577 εδ,
3393 3512 3606 3580 episco-

2031 3609 2150 3680 pale
2183 3611 2248 3663 ab
2282 3624 2348 3663 eo
2382 3607 2642 3675 judicium
2678 3603 3063 3676 postulaverit,
3113 3601 3219 3657 hoc
3247 3615 3349 3667 εει,
3384 3617 3604 3657 causam

2028 3717 2181 3756 suam
2213 3702 2267 3757 in
2294 3709 2561 3755 conventu
2609 3699 2983 3768 episcoporum
3024 3696 3387 3764 imperatoris
3415 3708 3608 3749 aucto-

2033 3793 2190 3847 ritate
2216 3790 2461 3844 babcndo
2488 3788 2740 3859 cognosci
2779 3786 2927 3851 velit,
2957 3786 3154 3838 mdlatn
3188 3785 3465 3853 dignitatis
3493 3800 3604 3838 sua:

2023 3883 2291 3951 jacturam
2328 3897 2391 3935 ex
2426 3896 2489 3935 ea
2538 3894 2598 3934 re
2646 3876 2829 3933 faciet.
2878 3877 3013 3932 Vide
3061 3888 3269 3946 quarta
3297 3876 3488 3948 synodi
3515 3892 3608 3932 ca-

1966 3989 1984 4003 ‘
2032 3980 2232 4028 nouetn‘
2255 3986 2476 4027 nouum.

2031 4064 2263 4121 ARIST.
2303 4083 2321 4117 ι
2357 4063 2456 4131 Qui
2510 4062 2785 4134 publicum
2843 4062 3104 4130 judicium
3155 4060 3223 4116 ab
3278 4061 3608 4130 imperatore

2320 4174 2340 4208 ι
2374 4155 2629 4226 postulat,
2665 4169 2772 4208 non
2824 4162 2911 4209 est
2952 4154 3257 4222 ep‘isc0pus.
3298 4169 3318 4203 ι

2106 4249 2400 4322 Episcopus
2445 4249 2530 4304 vel
2583 4249 2815 4303 clericus
2850 4247 3175 4301 criminibus
3219 4255 3504 4299 accusatus
3555 4254 3610 4298 et

2034 4343 2464 4398 ecclesiasticum
2503 4354 2760 4394 recusans
2787 4338 3072 4409 judicium,
3099 4324 3157 4390 et
3190 4338 3256 4389 ab
3284 4336 3611 4403 imperatore

345 4446 485 4501 ριον,
510 4428 607 4481 καὶ
628 4428 783 4497 παρὰ
828 4424 1093 4496 βασιλέως
1121 4423 1289 4477 αἰτῶν
1319 4428 1614 4497 κοσμικοὺς
1648 4426 1920 4497 δικαστάς1

2039 4435 2553 4506 saecularesjudices
2583 4444 2772 4504 petens
2822 4434 3030 4486 honore
3054 4446 3150 4485 suo
3183 4430 3505 4500 prirabitur.

340 4523 441 4589 τῆς
473 4520 609 4582 ἰδίας
636 4516 806 4587 τιμῆς
838 4515 1261 4586 στερηθήσεται.

939 4603 1178 4657 ΚΛΝΩΝ
1227 4600 1355 4658 ΡΗ¹.

347 4716 367 4748 ι
403 4699 535 4769 Περὶ
568 4696 680 4751 τῶν
715 4698 773 4750 ὲν
808 4697 1046 4765 Ἀφρικῇ
1082 4697 1155 4763 μὴ
1187 4710 1610 4759 κοινωνουντων,
1637 4693 1730 4746 καὶ
1755 4693 1931 4749 ϐελόν-

416 4807 435 4839 ι
474 4805 587 4841 των
610 4788 786 4856 πέραν
825 4788 921 4855 τῆς
953 4785 1229 4852 θαλάσσης
1254 4784 1615 4854 ὑποσυρῆναι.
1643 4783 1931 4856 Ὀστισὸή-

418 4898 437 4929 ι
481 4895 642 4942 ποτε,
687 4878 763 4948 μὴ
821 4878 1097 4933 κοινωνῶν
1153 4877 1212 4927 ἐν
1273 4879 1337 4945 τῇ
1410 4876 1687 4947 Ἀφρικῇ,
1753 4878 1833 4939 είς
1864 4880 1932 4932 τὰ

415 4990 435 5022 ι
474 4969 831 5041 περαματικά
861 4969 997 5038 πρὸς
1046 4969 1108 5020 τὸ
1155 4969 1437 5020 κοινωνεῖν
1472 4967 1798 5036 ὑφερπύσει,
1830 4969 1929 5040 τὴν

417 5080 435 5112 ι
475 5060 681 5129 ζημίαν
704 5061 803 5129 τῆς
838 5059 1166 5128 κληρώσεως
1190 5056 1527 5121 ἁναδέξεται.
1567 5076 1585 5108 ι

414 5153 615 5205 ΒΑᾹΣ.
642 5152 782 5214 Τοὺς
814 5149 1163 5212 ἀποστάντας
1195 5152 1304 5202 ἀπὸ
1355 5150 1462 5201 τῶν
1496 5152 1553 5203 ἐν
1598 5151 1664 5219 τῇ
1695 5149 1929 5221 Ἀφρικῇ

342 5247 649 5316 ἐκκλησιῶν
694 5246 869 5312 λάθρα
928 5246 1023 5298 καὶ
1052 5245 1129 5305 είς
1166 5244 1265 5305 τὰς
1313 5242 1703 5312 περαματικὰς
1734 5243 1933 5312 ἐκκλη-

344 5337 485 5400 σίας,
507 5339 676 5407 ἤγουν
714 5339 771 5389 ὲν
804 5339 870 5408 τῇ
903 5336 1117 5407 Ῥώμῃ,
1163 5334 1606 5405 ίερουργοῦντας,
1644 5330 1928 5403 καθαιρεῖ-

343 5429 466 5481 σθαι
506 5431 535 5481 ό
571 5427 752 5481 κανών
802 5445 989 5498 φησιν.
1056 5430 1222 5480 Ὥστε
1255 5427 1563 5497 σημείωσαι
1601 5429 1682 5479 ὅτι
1729 5428 1776 5479 οί
1805 5427 1928 5497 δίχα

346 5520 677 5590 συστατικῆς
713 5522 807 5573 καὶ
864 5508 1203 5589 ἀπολυτικῆς
1253 5521 1474 5589 γραφῆς
1517 5519 1929 5589 ίερουργοῦντες

348 5612 427 5673 εἰς
462 5611 657 5679 ἑτέρας
704 5608 918 5679 ὲνορίας
964 5611 1326 5679 ἁκοινὼνητοι
1369 5609 1605 5678 ἔσονται,
1652 5610 1925 5675 τουτέστι,

352 5700 758 5767 κωλυθήσονται
788 5702 886 5769 τῆς
918 5701 1259 5771 ἱερουργίας.

2506 4629 2671 4704 642
2702 4629 2929 4685 cauos
2974 4628 3155 4685 cvm.

2041 4742 2058 4775 ι
2101 4725 2174 4779 De
2199 4724 2263 4778 iis
2297 4723 2385 4792 qui
2419 4722 2470 4776 iu
2502 4724 2684 4775 Africa
2722 4738 2826 4777 non
2859 4723 3298 4785 communicant,
3335 4732 3389 4775 et
3420 4723 3613 4774 volunt

2117 4831 2135 4864 ι
2176 4822 2324 4865 trans
2363 4822 2512 4865 mare
2545 4827 2603 4865 se
2633 4814 2955 4865 subducere.
2993 4812 3315 4877 Quicunque
3346 4812 3397 4863 in
3425 4811 3610 4864 Africa

2113 4918 2130 4950 ι
2169 4915 2273 4952 non
2310 4900 2716 4953 communicans
2746 4942 2759 4965 ,
2797 4900 2848 4952 in
2892 4900 3286 4953 transmarinas
3321 4910 3503 4969 partes
3539 4902 3609 4954 ad

2115 5010 2133 5041 ι
2172 4990 2678 5043 communicandum
2725 5006 2785 5044 se
2816 4991 3167 5060 subripncrit,
3196 4990 3463 5058 jacturain
3496 5002 3608 5045 cte-

2119 5098 2136 5129 ι
2178 5080 2380 5134 ricattts
2406 5079 2720 5134 sustinebit.
2760 5098 2779 5131 ι

2104 5170 2296 5223 BALS.
2332 5170 2456 5235 Eos,
2495 5171 2584 5239 qui
2622 5172 2689 5225 ab
2724 5172 2969 5228 ccclesiis
3013 5173 3064 5226 in
3098 5171 3274 5226 Africa
3300 5172 3607 5226 clanculum

2033 5260 2369 5324 defecerunt,
2402 5269 2453 5314 et
2485 5260 2536 5313 in
2571 5262 2945 5316 transmarinis
2973 5262 3237 5327 ecclesiis,
3278 5277 3371 5317 seu
3404 5263 3612 5325 Ποιιιιιι,

2033 5345 2362 5411 sacriﬁcant,
2422 5347 2618 5416 deponi
2676 5349 2831 5418 jubet
2861 5366 3058 5408 cancu.
3110 5348 3249 5405 Nota
3281 5366 3433 5421 ergo,
3469 5358 3611 5422 quod

2033 5439 2122 5504 qui
2168 5438 2284 5491 sine
2333 5441 2790 5495 cotutneutlatitiis
2850 5454 2904 5495 ct
2947 5443 3276 5500 dimissoriis
3326 5445 3524 5499 litteris
3555 5447 3608 5497 in

2034 5529 2207 5582 aliena
2244 5531 2459 5596 regione
2497 5535 2837 5596 εῖιειιιιιοηιιι,
2870 5548 3028 5590 erunt
3059 5536 3533 5600 excomtnuuicati,
3561 5540 3617 5590 id

2033 5626 2139 5684 est,
2174 5620 2597 5687 proltiltebuntur
2625 5625 2917 5678 celebrare.
