3944 6406
258 357 356 425 361

1314 357 1428 422 οΙΝ
1458 360 1622 421 CAN.
1666 357 1795 421 CIX
1826 360 2033 420 CONC.
2068 352 2444 418 CARTHAG.

3410 346 3517 413 362

257 478 358 546 τῆς
392 473 668 544 ἐπαρχίας
694 472 912 542 ἐκείνης
950 475 1170 530 ἀπιέναι
1206 474 1342 545 πρὸς
1371 473 1593 542 βασιλέα
1618 473 1835 542 ὁρίζου-

1952 471 2318 539 imperatorem
2363 468 2631 539 proﬁcisci
2677 468 2855 531 liceat,
2888 467 3210 523 decrevere'
3242 467 3359 524 ιιωο
3387 482 3514 524 vero

262 582 368 620 σιν’
400 565 540 637 αῦτη
566 566 623 621 δὲ
644 567 742 620 καί
778 583 830 620 τι
862 567 1025 619 πλέον
1051 566 1243 635 ὁρίζει.
1280 564 1340 617 τδ
1368 562 1467 627 τὰς
1504 564 1836 626 ἀπολυτικὲς

257 657 551 722 ἐπιστολὰς
615 657 831 727 καὶτῷ
891 658 1095 729 πάππα
1138 655 1358 725 Ῥώμης
1417 653 1834 724 ἐμφανίζεσθαι.

260 751 378 803 Καὶ
418 749 563 804 ἔοικε
589 747 750 802 τοῦτο
777 751 891 810 τοῖς
915 749 974 802 ἐν
1020 748 1257 819 Ἀφρικῇ
1311 745 1718 809 ἐπιτάττεσθαι,
1748 745 1837 799 ἵνα

258 839 714 909 ἐμφανιζομένων
747 840 827 908 τῷ
858 839 1062 909 πάππα
1105 836 1215 890 τῶν
1269 834 1620 889 ἀπολυτικῶν
1657 835 1751 888 καὶ
1778 835 1839 899 ἐξ

255 933 470 986 ἐκείνου
521 930 664 1002 λάϐῃ
714 929 1052 1000 άπολυτικὴν
1105 929 1202 981 ἐπὶ
1247 928 1310 980 τδ
1342 929 1659 995 κομιτᾶτον.
1710 926 1836 980 Ἐὰν

257 1020 347 1077 οὖν
375 1021 582 1087 λαϐὼν,
610 1025 801 1091 φησιν,
822 1018 1158 1089 άπολυτικὴν
1202 1016 1310 1071 άπὸ
1345 1019 1443 1088 τῆς
1470 1016 1678 1079 οἰκείας
1708 1033 1837 1070 συν-

255 1112 400 1176 όδου,
455 1112 550 1166 καὶ
587 1108 841 1165 ἀπελθὼν
867 1111 949 1172 είς
987 1109 1085 1179 τὴν
1135 1105 1377 1177 Ῥώμην,
1433 1105 1533 1159 οὐκ
1569 1105 1701 1179 εῐπῃ
1733 1107 1838 1159 κά-

257 1204 343 1255 κεί
390 1201 491 1272 τὴν
550 1201 736 1255 αίτίαν
780 1202 849 1254 δι’
890 1201 959 1271 ἢν
1016 1200 1206 1254 ἄπεισι
1257 1197 1395 1268 πρὸς
1444 1198 1536 1251 τὸν
1591 1198 1836 1266 βασιλέα,

255 1295 388 1350 ἀλλὰ
420 1295 712 1365 σιωπήσας
749 1292 990 1363 ἀπέλθῃ,
1023 1290 1480 1360 ἀφορισθήσεται.
1505 1290 1631 1343 Ἐάν
1660 1290 1716 1342 δέ
1756 1308 1837 1353 τις

254 1391 320 1458 τῇ
366 1386 559 1457 Ῥώμη
586 1385 839 1455 ἐνδημῶν
858 1387 962 1454 σχῇ
993 1383 1241 1451 ἀνάγκην
1282 1381 1621 1451 ἀναφυείσης
1644 1381 1837 1450 ἁθρόον

256 1480 441 1543 αἰτίας
478 1477 741 1532 ἀπελθεῖν
779 1478 860 1539 εἰς
901 1476 962 1529 τδ
1002 1476 1321 1549 κομιτᾶτον,
1359 1475 1446 1527 ἵνα
1498 1473 1577 1543 τῷ
1617 1474 1838 1544 Ῥώμης

255 1571 512 1642 ἀρχιερεῖ
559 1568 775 1640 δηλώσῃ
807 1569 908 1638 τὴν
934 1567 1138 1630 αἰτίαν,
1174 1567 1268 1619 καὶ
1310 1564 1452 1637 λάϐῃ
1490 1567 1710 1634 γραφὴν
1741 1564 1836 1618 τοῦ

265 1663 492 1735 Ῥώμης
522 1663 882 1731 ἀπολυτικήν.
920 1663 986 1715 Αἱ
1012 1661 1069 1715 δὲ
1092 1659 1202 1713 τῶν
1233 1659 1646 1728 πρωτευόντων,
1677 1658 1836 1726 φησὶ,

254 1755 547 1825 γινόμεναι
598 1752 933 1807 ἅπολυτικαὶ
985 1754 1099 1815 τοῖς
1156 1751 1500 1816 ἐπισκόποις,
1560 1753 1592 1820 ἢ
1640 1752 1839 1805 ἐκτῶν

252 1846 593 1914 οἱωνδήποτε
626 1845 943 1900 ἐπισκόπων
974 1847 1086 1903 τοῖς
1136 1843 1423 1915 κληρικοῖς
1464 1844 1667 1909 αὐτῶν,
1713 1844 1837 1914 ἐχέ-

253 1957 443 1995 τωσαν
495 1940 598 2008 τὴν
648 1939 861 2013 ἡμέραν
909 1936 1003 1991 τοῦ
1066 1938 1281 2007 Πάσχαο
1316 1936 1413 1989 ἐὰν
1454 1936 1512 1989 δέ
1537 1934 1615 1989 ἔτι
1646 1935 1841 2006 ἄδηλός

252 2035 405 2086 ἐστιν
444 2033 480 2101 ὴ
515 2031 700 2101 ἡμέρα
760 2031 854 2083 τοῦ
916 2027 1110 2098 Πάσχα
1165 2027 1259 2081 τοῦ
1311 2025 1562 2081 ἐνιαυτοῦ
1597 2027 1836 2093 ἐκείνου,

252 2122 562 2193 γραφέσθω
606 2123 641 2190 ἠ
668 2119 762 2172 τοῦ
809 2119 1178 2189 παρελθόντος
1217 2116 1637 2187 Πάσχαὴμέρα.
1669 2109 1841 2170 Τοῦτο

255 2216 342 2279 δὲ,
385 2210 566 2284 οἶμαι,
609 2211 789 2275 ἔδοξεν
824 2211 968 2263 οὕτω
1002 2209 1267 2278 γίνεσθαι,
1316 2208 1404 2261 ἴνα
1434 2207 1758 2278 κηρύττοιτο
1804 2213 1837 2279 ἡ

251 2308 447 2376 ἡμέρα
494 2305 589 2357 τοῦ
638 2303 843 2374 Πάσχα
871 2303 967 2355 τοῦ
1020 2301 1269 2356 ἐνιαυτοῦ
1320 2299 1529 2355 ἐκείνου
1577 2301 1699 2371 (ἤδη
1731 2300 1842 2373 γὰρ

162 2420 167 2427 ·
249 2400 353 2454 καὶ
374 2401 432 2451 ὲν
463 2395 798 2468 προλαϐοῦσι
828 2395 1050 2449 κανόσιν
1080 2393 1332 2464 ἀπῄτησε
1361 2394 1393 2464 ἡ
1431 2392 1651 2456 σύνοδος
1700 2393 1843 2463 αὕτη

251 2493 314 2542 ἐν
336 2492 459 2551 ταῖς
486 2489 723 2555 ἐτησίοις
778 2486 1014 2547 συνόδοις
1065 2483 1230 2555 δήλην
1283 2484 1530 2551 γίνεσθαι
1585 2485 1682 2551 τὴν
1704 2487 1837 2556 ἡμέ.

255 2595 364 2648 ραν
418 2576 515 2632 τοῦ
573 2577 764 2646 Πάσχα
820 2576 1048 2628 ἑκάστου
1113 2574 1411 2641 ἐνιαυτοῦ),
1471 2575 1638 2646 ἢκαὶ
1681 2577 1769 2630 ἵνα
1814 2576 1843 2629 ὁ

250 2672 488 2741 χρόνος,
548 2667 670 2722 καθ’
715 2668 774 2721 ὃν
828 2666 1048 2721 ἄπεισιν
1088 2668 1115 2718 ὁ
1160 2665 1342 2720 ἀπιὼν
1402 2668 1540 2736 πρὸς
1585 2670 1646 2721 τὸ
1693 2667 1846 2739 pact.

250 2765 425 2825 λειον,
456 2761 613 2831 δῆλος
634 2756 694 2833 ᾗ,
723 2760 884 2827 ὅπερ,
909 2757 1101 2828 φησὶν,
1155 2758 1311 2812 εἴωθε
1335 2758 1585 2827 γίνεσθαι
1617 2760 1713 2813 καὶ
1748 2759 1842 2814 ἐπὶ

251 2855 372 2909 τῶν
399 2854 683 2923 δημοσίων
710 2849 991 2922 πράξεων.
1024 2849 1113 2902 Ἐν
1149 2850 1257 2920 γὰρ
1306 2848 1493 2920 βιϐλίῳ
1537 2850 1644 2903 τῶν
1675 2851 1840 2903 Βασι-
1870 2890 1877 2899 κ

248 2944 433 2999 λικῶν
491 2942 599 3011 κβ’,
648 2941 787 2994 τίτλ.
815 2937 845 2993 ι’
880 2939 1194 3008 γέγραπται
1244 2937 1313 2992 τὰ
1364 2938 1598 3008 ἀγοραῖα
1640 2938 1843 3009 συμϐό-

248 3036 389 3089 λαια
411 3031 769 3101 πρίν-τόκολλα
800 3030 964 3100 ἔχειν,
999 3032 1093 3083 καὶ
1117 3032 1176 3080 ἐν
1207 3028 1394 3091 αὐτοῖς
1427 3029 1740 3100 γεγράφθαι
1773 3031 1842 3085 τὰ

1942 563 2183 631 synodus
2227 563 2428 629 aliquid
2468 560 2698 630 amplius
2741 559 2951 624 statuit,
2990 560 3243 614 nimirum
3291 570 3350 614 ιιι
3397 558 3510 616 Ro-

1941 666 2100 707 mano
2174 666 2324 721 papa:
2382 649 2703 705 dimissoriae
2758 649 2861 703 illa:
2906 649 3098 703 litterae
3132 649 3511 705 ostendantur.

1943 743 2097 810 Quod
2137 746 2355 814 quidem
2378 742 2649 798 Africanis
2682 742 2884 798 idcirco
2931 740 3142 796 videtur
3167 742 3509 811 imperatum,

1943 848 2006 892 ut
2060 839 2271 895 traditis
2297 854 2448 909 papa:
2475 839 2671 893 litteris
2702 837 2770 891 ab
2798 853 2863 892 eo
2894 838 3253 893 dimissoriam
3289 839 3513 893 alteram

1944 928 1996 982 in
2038 930 2353 984 comitatum
2387 930 2678 1000 accipiant.
2712 928 2768 985 Si
2794 929 2915 998 quis
2958 929 3144 997 igitur,
3176 930 3374 998 inquit,
3426 946 3519 986 ac-

1943 1031 2097 1090 cepta
2128 1037 2157 1075 a
2210 1037 2306 1078 sua
2342 1023 2547 1092 synodo
2583 1022 2914 1085 dimissoria,
2958 1021 3297 1089 Romamque
3337 1020 3516 1088 profe-

1942 1120 2083 1177 ctus,
2104 1113 2409 1183 ibiquoqne
2433 1128 2652 1169 causam
2687 1128 2795 1167 sua:
2827 1112 2893 1166 ad
2931 1113 3308 1182 imperatorem
3331 1111 3517 1166 itionis

1942 1218 2047 1258 non
2100 1204 2445 1269 indicaverit,
2493 1206 2586 1259 sed
2636 1204 2856 1259 silentio
2896 1205 3235 1268 discesserit,
3269 1220 3517 1273 segrega-

1941 1296 2087 1350 tione
2126 1296 2397 1364 punietur.
2448 1296 2601 1363 Quod
2650 1297 2695 1352 si
2752 1298 2956 1352 interea
3001 1296 3127 1350 dum
3172 1297 3294 1366 quis
3333 1297 3517 1352 [toruae

1942 1395 2330 1453 commoratur,
2371 1397 2560 1443 exorta
2615 1397 2834 1456 repente
2871 1404 3055 1454 causa,
3106 1390 3155 1443 iu
3191 1389 3512 1445 comitatum

1944 1477 2214 1544 proficisci
2238 1493 2461 1534 necesse
2499 1479 2726 1547 habeat;
2761 1496 2819 1535 re
2841 1495 2964 1536 cum
3001 1481 3245 1536 antistite
3272 1480 3517 1535 Romano

1942 1570 2362 1635 communicata,
2413 1571 2779 1625 dimissoriam
2831 1574 2897 1625 ab
2948 1587 3012 1626 en
3052 1573 3335 1640 epistolam
3372 1572 3514 1627 acci-

1940 1659 2071 1727 piat.
2107 1658 2235 1725 Quae
2264 1676 2410 1729 vero,
2438 1661 2631 1732 inquit,
2666 1662 2858 1719 littera:
2890 1664 3217 1719 dimissurizc
3245 1665 3517 1734 episcopis

1941 1764 1968 1801 a
1996 1764 2095 1805 suo
2125 1753 2377 1819 primate,
2408 1763 2495 1806 aut
2548 1753 2761 1809 clericis
2788 1756 2854 1809 ab
2891 1755 3167 1825 episcopo,
3204 1755 3515 1811 concedun-

1945 1848 2052 1903 tur,
2086 1838 2141 1893 in
2176 1840 2242 1894 iis
2278 1843 2392 1895 dies
2417 1839 2640 1896 Pascha:
2677 1843 2747 1897 sit
2773 1843 3065 1912 inscripta:
3104 1860 3221 1910 qurc
3254 1843 3297 1896 si
3343 1844 3519 1897 adhuc

1946 1931 2149 1986 incerta
2181 1933 2250 1985 sit
2281 1972 2297 1998 ,
2324 1933 2440 1999 ejus
2476 1934 2595 1989 loco
2640 1934 2938 2003 superioris
2987 1933 3110 1986 anni
3145 1933 3363 1988 Pascha:
3402 1933 3518 1990 dies

1944 2032 2258 2090 reponatur.
2316 2026 2373 2078 Id
2423 2035 2597 2079 autem
2630 2041 2690 2079 ea
2725 2026 2792 2081 de
2826 2041 2986 2081 causa
3037 2027 3347 2082 institutum
3395 2041 3516 2081 esse

1944 2114 2199 2178 arbitror,
2231 2125 2289 2169 ut
2314 2117 2437 2186 ejus
2466 2117 2591 2170 anni
2619 2116 2839 2172 Pascha:
2862 2117 2976 2172 dies
3005 2117 3349 2189 evulgaretur
3374 2117 3515 2189 (eam

1944 2219 2176 2274 namque
2196 2209 2309 2274 jam
2345 2208 2690 2275 superiorum
2724 2223 2941 2277 quoque
2987 2211 3520 2266 canonum-decreto

1944 2298 2232 2363 quotannis
2260 2300 2520 2368 synodico
2547 2312 2816 2354 conventu
2850 2300 2935 2356 edi
2973 2303 3086 2357 lucc
3119 2302 3231 2368 ipsa
3284 2304 3519 2373 synodus

1944 2390 2358 2459 constituerat),
2389 2391 2470 2445 vel
2512 2392 2675 2447 etiam
2708 2404 2765 2447 ut
2800 2393 2963 2457 illius,
2997 2395 3087 2464 qui
3112 2396 3174 2448 ad
3223 2394 3516 2464 imperato-

1945 2497 2059 2537 rem
2127 2483 2518 2552 proficiscitur,
2568 2486 2826 2540 absentiae
2881 2497 3094 2556 tempus
3143 2487 3510 2551 indicaretur;

1944 2575 2088 2643 quod
2119 2579 2169 2629 in
2194 2574 2346 2630 Actis
2373 2592 2584 2646 quoque
2614 2579 2866 2647 publicis,
2903 2579 3098 2649 inquit,
3133 2581 3324 2636 eodem
3356 2582 3518 2636 modo

1945 2667 2061 2722 fieri
2087 2667 2243 2724 solet.
2293 2666 2427 2722 Nam
2465 2669 2554 2723 lib.
2602 2685 2712 2723 χχιι
2758 2670 2842 2727 ιῑι.
2874 2671 2939 2725 10
3000 2672 3218 2728 Basilie.
3250 2674 3519 2729 sancitum

1944 2767 2115 2825 est,ut
2158 2756 2210 2811 in
2255 2758 2558 2813 furentibus
2590 2759 2788 2814 tabulis
2837 2761 3127 2828 protocolla
3160 2761 3519 2831 adjiciantur;

1946 2849 2227 2920 inquibus
2276 2851 2622 2922 imperatoris
2654 2863 2709 2907 et
2745 2855 3031 2909 consulum
3079 2855 3201 2925 ejus
3243 2856 3369 2912 auiti
3420 2872 3520 2911 no-

1946 2944 2115 3011 mina,
2147 2944 2365 3014 aliaque
2387 2960 2452 3000 eo
2483 2947 2600 3002 loco
2633 2947 2920 3015 explicata,
2961 2948 3358 3006 describantur.
3389 2950 3521 3018 Quae

1945 3037 2167 3105 quidem
2199 3039 2398 3093 nostris
2432 3039 2768 3108 temporibus
2802 3040 3006 3108 passim
3030 3038 3294 3113 neglecta,
3320 3041 3372 3096 in
3405 3057 3519 3097 em-

249 3131 368 3183 τῶν
426 3127 777 3198 κρατούντων
838 3125 1100 3177 ἑκάστοτε
1155 3121 1419 3191 βασιλέων
1458 3121 1717 3191 ὀνόματα,
1747 3124 1837 3177 καὶ

1952 3128 2277 3196 pbyteutic’is
2305 3130 2678 3185 tantummodo
2701 3131 2981 3188 conventis
3003 3133 3179 3186 adhuc
3210 3145 3518 3189 servantur.

247 3224 356 3285 τὰς
412 3218 702 3282 ὑπατείας,
765 3216 862 3270 καὶ
925 3216 1025 3268 ὅσα
1087 3215 1205 3266 ἐκεῖ
1252 3214 1596 3269 ἀπαιτεῖται.
1645 3216 1713 3267 Ἀ
1750 3214 1837 3283 ἐφ’

252 3312 421 3385 ἡμῶν
454 3313 514 3365 ἐν
549 3310 649 3382 μὲν
680 3313 793 3374 τοῖς
828 3307 1008 3387 ἄλλοις
1038 3306 1514 3376 καταπεφρόνητο,
1536 3308 1592 3359 ἐν
1623 3307 1679 3360 δὲ
1728 3309 1841 3371 τιῖς

251 3405 680 3477 ἐμφυτευτικοῖς
714 3401 1014 3471 ἐγγράφοις
1064 3398 1145 3452 ἔτι
1199 3396 1458 3462 ἐσώζετο.
1498 3398 1748 3470 Ἐνεδόθη
1782 3398 1839 3452 δὲ

255 3501 375 3562 τοῖς
410 3494 788 3562 στελλομένοις
823 3483 965 3564 πρὸς
1006 3491 1100 3544 τὸν
1146 3491 1393 3561 βασιλέα,
1422 3491 1450 3544 ὅ
1493 3492 1557 3545 ἂν
1603 3492 1840 3563 νοήσωσι

257 3590 540 3658 χρήσιμον
597 3589 717 3657 ἤτοι
787 3585 1064 3653 ὠφέλιμον
1123 3585 1240 3645 τοῖς
1276 3585 1487 3647 πιστοῖς
1534 3584 1674 3636 κατὰ
1724 3584 1837 3636 τῶν

253 3679 601 3735 Δονατιστῶν
620 3680 714 3732 καὶ
736 3678 844 3730 τῶν
858 3675 1127 3747 Ἑλλήνων
1143 3715 1159 3740 ,
1187 3674 1454 3729 αἰτεῖσθαι
1472 3673 1633 3726 τοῦτο
1654 3676 1717 3727 ἐκ
1739 3677 1832 3728 τοῦ

1945 3218 2158 3290 Legatis
2202 3214 2440 3287 demum,
2475 3225 2567 3292 qui
2599 3224 2665 3297 ad
2710 3223 3095 3294 imperatorem
3144 3228 3518 3295 mittebantur,

1943 3313 2203 3384 quidquid
2250 3314 2501 3371 fidelibus
2560 3325 2745 3372 contra
2803 3318 3114 3375 Donatistas
3164 3329 3259 3374 aut
3302 3320 3521 3378 Graecos

1945 3405 2200 3473 prodesse
2229 3419 2386 3474 posse
2413 3405 2801 3476 intellexerint,
2836 3409 2903 3463 ab
2932 3423 2997 3464 eo
3040 3409 3345 3480 postulandi
3378 3411 3522 3467 facta

1942 3505 2026 3549 εει
2061 3494 2327 3552 facultas:
2363 3512 2594 3567 quaeque
2638 3499 2830 3568 synodi
2866 3501 3083 3556 nomine
3114 3500 3308 3557 litterae
3340 3504 3519 3559 mitte-

1941 3594 2151 3653 rentur,
2198 3596 2257 3642 ιιι
2293 3602 2372 3642 θαι
2412 3589 2621 3645 Aurelii
2667 3590 2903 3660 episcopi
2936 3592 3294 3663 chirographo
3334 3599 3519 3651 muni-

1946 3688 2153 3745 rentur,
2191 3678 2465 3735 decretum
2498 3690 2603 3736 est.

250 3773 805 3849 κρατοῦντος.Ἔδοξε
828 3772 886 3826 δὲ
917 3773 1012 3826 καὶ
1035 3772 1102 3825 τὰ
1134 3770 1400 3843 μέλλοντα
1429 3770 1685 3839 γενέσθαι
1713 3773 2017 3843 γράμματα
2044 3777 2109 3827 ἐκ
2131 3776 2226 3847 τῆς
2257 3777 2477 3831 συνόδου
2503 3778 2887 3852 ὑπογραφῆναι
2914 3782 3066 3853 παρὰ
3098 3781 3184 3836 τοῦ
3211 3784 3517 3840 ἐπισκόπου

253 3875 330 3926 At)
339 3872 552 3943 ρη).ίου.

254 3966 484 4020 ΔΡΙΣΤ.
536 3983 556 4015 ι
605 3962 666 4015 '0
698 3959 765 4014 δι’
803 3959 1050 4030 ἀνάγκην
1089 3957 1209 4011 τινὰ
1253 3955 1390 4026 πρὸς
1445 3957 1507 4009 τὺ
1541 3958 1836 4031 κομιτᾶτον

331 4076 352 4109 ς
400 4053 833 4122 ἁπελευσόμενος
862 4050 1080 4122 ἐμφανῆ
1106 4049 1314 4118 ταύτην
1339 4047 1560 4103 ποιείτω
1589 4048 1668 4119 τῷ
1689 4051 1768 4102 Κσ
1781 4066 1839 4119 ρ-

331 4167 354 4199 (
402 4146 628 4218 χηδόνος
655 4146 793 4215 ἱερεῖ
834 4144 929 4197 καὶ
960 4143 1037 4212 τῷ
1076 4141 1321 4212 Ῥώμης,
1359 4142 1452 4193 καὶ
1492 4141 1834 4212 άπολυτικὴν

340 4259 360 4293 ι
403 4237 697 4308 ἐπιστολὴν
754 4234 1124 4305 λαμϐανέτω,
1167 4233 1200 4303 ἢ
1250 4233 1612 4303 ἀκοινώνητος
1668 4233 1832 4290 ἔστω.

336 4348 357 4383 ι
410 4331 533 4384 Πᾶν
599 4326 780 4382 ὁτιοῦν
839 4329 954 4389 τοῖς
996 4326 1399 4395 τοποτηρηταῖς
1440 4323 1599 4389 δόξαν
1641 4328 1835 4395 χρήσι-

331 4441 354 4476 c
404 4439 505 4493 μον
541 4420 710 4478 σκατὰ
771 4416 1112 4471 Δονατιστῶν
1139 4455 1155 4482 ,
1211 4416 1307 4469 καὶ
1380 4414 1686 4485 Ἑλλήνων,
1736 4420 1833 4471 καὶ

1946 3953 2180 4011 ARIST.
2244 3974 2263 4009 ι
2302 3956 2403 4023 Qui
2456 3971 2677 4030 propter
2724 3961 2961 4030 aliquam
3005 3965 3385 4021 necessitatem
3448 3970 3516 4025 ad

2023 4064 2041 4097 ι
2082 4046 2404 4102 comitatum
2463 4051 2709 4105 abiturus
2756 4059 2875 4115 est,
2926 4067 3045 4107 eam
3098 4054 3515 4126 Carthaginensi

2023 4154 2042 4186 ι
2089 4139 2357 4193 sacerdoti
2386 4155 2448 4195 ac
2476 4139 2722 4196 Romano
2761 4142 3101 4199 manifestam
3134 4145 3320 4212 faciat,
3353 4161 3406 4202 et
3437 4150 3520 4204 di-

2020 4248 2040 4282 ‹
2087 4230 2395 4287 missoriam
2453 4233 2688 4303 accipiat
2734 4236 3044 4305 epistolam,
3093 4238 3250 4295 aliter
3298 4257 3519 4297 excom-

2019 4342 2037 4375 ι
2087 4324 2412 4379 municetur.
2449 4326 2820 4397 Quodcunque
2848 4328 3037 4400 legatis
3082 4330 3216 4385 utile
3251 4331 3518 4389 videbitur

2022 4432 2041 4468 ι
2087 4425 2276 4472 contra
2323 4416 2653 4483 Donatistas,
2688 4426 2780 4475 aut
2808 4419 3052 4486 Graecos,
3084 4437 3383 4495 eorumque
3424 4443 3520 4483 su-

331 4534 354 4568 c
402 4514 513 4567 τῶν
566 4510 877 4585 θρησκειῶν
923 4507 1153 4573 αὐτῶν,
1222 4506 1484 4562 αίτείσθω
1542 4507 1608 4561 ἐκ
1674 4507 1833 4578 βασι·-

2015 4525 2035 4559 ι
2081 4506 2451 4575 oerstitiones,
2480 4508 2609 4563 illud
2637 4512 2705 4564 ab
2737 4512 3065 4581 imperatore
3096 4524 3331 4583 petatur.
3378 4533 3398 4567 ι
3448 4524 3457 4525 '

335 4626 357 4659 ι
400 4607 559 4669 λέως.
591 4622 611 4656 ι

335 4697 398 4752 '0
423 4697 532 4751 ἀπὸ
570 4691 836 4763 Ἀφρικῆς
861 4692 948 4746 διὰ
973 4694 1220 4767 ἀνάγκην
1272 4691 1397 4746 τινὰ
1428 4690 1637 4763 μέλλων
1663 4692 1834 4747 ἀπελ-

259 4791 372 4844 θεῖν
404 4792 465 4843 ἐν
495 4786 577 4859 τῷ
626 4785 924 4856 κομιτάτῳ,
984 4785 1267 4838 τουτέστιν
1320 4785 1452 4840 ἔνθα
1501 4789 1529 4840 ό
1579 4786 1834 4855 βασιλεῦς

258 4880 396 4946 ἐστι,
421 4879 528 4931 κᾶν
553 4876 811 4946 κληρικός
857 4876 995 4941 ἐστι,
1025 4874 1129 4928 κᾶν
1155 4874 1477 4939 ἐπίσκοπος,
1530 4878 1835 4947 κατάδηλον

261 4969 357 5041 τὴν
385 4969 568 5023 αἰτίαν
625 4967 846 5020 ποιείτω
866 4965 943 5038 τῷ
975 4968 1074 5035 τῆς
1117 4968 1464 5038 Καρχηδόνος
1519 4968 1828 5039 ἐπισκόπῳ,

261 5061 521 5115 κάκεῖθεν
553 5059 857 5130 γράμματα
888 5058 1206 5129 λαμϐάνων,
1249 5062 1343 5113 καὶ
1393 5060 1528 5131 πρὸς
1572 5060 1664 5114 τὸν
1701 5060 1838 5115 Ῥώ-

262 5172 372 5227 μης
426 5152 881 5222 παραγινόμενος,
923 5150 1267 5221 ἐμφανιξέτω
1330 5152 1524 5206 ἑαυτὸν
1582 5150 1660 5222 τῷ
1714 5155 1838 5208 ἐπι-

263 5249 455 5317 σκόπῳ
513 5243 746 5314 Ῥώμης·
780 5244 874 5297 καὶ
920 5243 1022 5313 τὴν
1077 5243 1257 5297 αἰτίαν
1304 5242 1511 5308 λεγέτω
1544 5243 1618 5321 ’δι’
1658 5242 1726 5313 ἣν
1757 5245 1837 5309 είς

261 5341 354 5392 τὸν
392 5334 625 5407 βασιλέα
676 5335 993 5406 πορεύεται,
1051 5338 1145 5388 καὶ
1194 5334 1291 5387 τοῦ
1369 5335 1589 5404 Ῥώμης
1612 5332 1838 5406 δοκιμάο
1940 5342 1963 5379 ε

267 5444 467 5489 σαντος
504 5424 723 5494 ταύτην,
773 5426 864 5477 καὶ
897 5424 1118 5495 εῦλογον
1164 5420 1305 5481 εἶναι
1336 5425 1645 5495 κρίναντος,
1696 5428 1838 5499 λαμ-
1940 5446 1943 5463 ι

264 5517 489 5574 ϐανέτω
515 5518 609 5568 καὶ
631 5517 687 5583 ἐξ
719 5518 927 5570 ἐκείνου
954 5519 1108 5588 γράμ
1121 5534 1283 5587 ματα,
1317 5518 1655 5589 προστασίαν
1673 5518 1836 5572 αὐτοῦ

267 5610 412 5681 πρὸς
452 5606 790 5674 τὸνβασιλέα
830 5610 1159 5680 παρέχοντα.
1199 5610 1390 5671 Ὅστις
1416 5608 1473 5661 δὲ
1502 5608 1536 5680 ἢ
1568 5607 1675 5661 τῶν
1722 5612 1838 5664 ἐπι-

267 5701 500 5753 σκόπων
530 5694 565 5764 ἢ
602 5697 703 5750 τῶν
725 5699 998 5768 κληρικών
1041 5701 1217 5764 ἄλλως
1248 5700 1384 5769 πρὸς
1421 5701 1481 5753 τὸ
1532 5702 1827 5768 κομιτᾶτον

268 5786 518 5857 ἀπέλθῃ,
557 5786 905 5858 ἀκοινώνητος
933 5792 1109 5847 ἔσται.
1148 5793 1260 5846 Καὶ
1303 5790 1456 5860 ζήτει
1494 5791 1696 5843 κανόνα
1746 5793 1832 5844 έν-

522 5875 778 5942 Panos.
820 5885 933 5943 (in.
979 5882 1372 5949 CXXXVI".

74 6328 305 6388 μ,
548 5982 1207 6367 Α

2009 4678 2113 4747 Qui
2156 4680 2225 4735 ab
2250 4681 2438 4737 Africa
2486 4693 2706 4754 propter
2753 4686 3137 4742 necessitatem
3185 4689 3422 4758 aliquam
3459 4691 3511 4746 in

1939 4774 2256 4828 comitatum
2301 4785 2386 4829 est
2438 4777 2707 4843 abiturus,
2739 4778 2789 4832 id
2817 4790 2924 4842 est,
2961 4779 3051 4833 ubi
3087 4781 3385 4849 imperator
3406 4795 3511 4851 est,

1938 4868 2188 4935 quamvis
2234 4867 2470 4923 clericus
2505 4871 2577 4924 sit
2624 4879 2718 4924 aut
2759 4872 3072 4941 episcopus,
3110 4889 3330 4930 causam
3355 4892 3511 4933 suam

1939 4957 2195 5027 episcopo
2249 4956 2665 5030 Carthagiuensi
2711 4963 3056 5017 manifestam
3108 4952 3317 5035 reddat,
3353 4979 3408 5022 et
3441 4971 3512 5024 ab

1938 5063 2004 5103 eo
2028 5048 2233 5103 litteras
2266 5052 2555 5118 accipiens,
2585 5061 2638 5105 et
2667 5053 2730 5105 ad
2760 5053 2948 5107 Romae
2970 5057 3281 5125 episcopum
3304 5074 3363 5114 se
3384 5075 3516 5116 eon-

1939 5140 2115 5194 fercnr
2428 5156 2431 5159 λ
2486 5141 2734 5196 Romano
2783 5157 2845 5198 se
2891 5147 3166 5209 ostendat,
3209 5157 3264 5202 et
3293 5165 3511 5205 causam

1941 5234 2015 5285 dic
2557 5242 2788 5288 ratorem
2835 5229 3244 5304 proficiscitur:
3281 5253 3336 5297 et
3389 5243 3510 5313 epi-

2560 5327 2891 5394 -pprobante,
2916 5337 2968 5384 et
2991 5327 3192 5398 justam
3215 5348 3337 5389 esse
3367 5335 3517 5402 judi.

2560 5420 2592 5470 b
2621 5433 2687 5473 eo
2715 5418 2947 5485 litteras,
2993 5422 3363 5480 dimissionem
3396 5427 3514 5496 eius

2546 5512 2797 5586 libentes.
2843 5511 3166 5584 Quicunque
3191 5523 3373 5569 autem
3399 5519 3513 5570 sive

2531 5602 2744 5673 clericis
2778 5603 2939 5659 aliter
2964 5606 3017 5659 in
3043 5607 3356 5661 comitatuin
3380 5622 3510 5676 pro-

2523 5695 2772 5750 unicatus
2815 5698 2940 5751 erit.
2985 5698 3178 5765 Quaere
3208 5698 3371 5752 etiam
3407 5715 3512 5752 uu-

2480 5788 2823 5843 tntioclieuae
2852 5803 3138 5854 canonem,
3163 5799 3220 5843 et
3251 5804 3513 5847 canant-tn

3085 5878 3160 5944 12
