3944 6406
493 311 602 372 363

1759 304 2037 365 TlIEOD.
2078 299 2484 361 BALSAMON

2636 355 2669 383 ο
3627 297 3718 366 361

426 406 445 483 ξ
494 420 686 491 synodi
722 415 1063 472 Sardiccnsis
1085 429 1311 471 nonum.
1347 413 1533 485 Legati
1561 430 1592 470 e
1625 416 1833 485 synodo
1867 416 1931 487 ad
1966 414 2069 467 im~

2190 411 2401 464 Ξέκατον
2451 408 2547 480 τῆς
2597 408 2655 460 ἐν
2726 408 3039 479 Ἀντιοχείᾳ
3098 409 3339 474 συνόδου,
3394 413 3483 463 καί
3538 413 3627 482 τῆς
3670 415 3720 467 ἐν

496 515 805 575 peratorem
842 503 992 559 missi
1013 502 1250 573 episcopi
1277 500 1538 556 adversus
1566 500 1784 556 Graecos
1811 510 1864 553 et
1893 500 2065 553 licere-

505 602 664 665 ticos,
701 596 978 652 licentiam
1030 602 1354 663 acceperunt
1395 594 1757 664 quodcunque
1811 588 2070 645 Ecclesiae

497 693 781 750 catholicae
810 688 1153 747 commodum
1191 685 1305 741 fore
1331 685 1685 756 cognoverint
1711 691 1897 737 contra
1922 679 2071 735 Cra:-

497 804 687 846 corum
716 795 769 843 et
798 784 1206 840 Donatistarum
1241 779 1580 848 religionem,
1612 774 1743 830 illud
1794 775 1861 830 ab
1898 772 2081 843 impc-‘

502 889 685 937 ratore
719 885 923 947 petere,
952 873 1202 946 quamvis
1235 870 1362 926 illud
1386 869 1730 941 peculiariter
1759 865 2070 921 mandatum

500 991 604 1030 non
636 975 963 1029 habuerunt.

996 1147 1163 1222 644
1189 1143 1421 1202 CANON
1456 1140 1572 1198 cx.

507 1271 523 1301 ι
570 1247 818 1319 Synodus
845 1252 1034 1301 contra
1081 1241 1299 1296 Grmcos
1330 1246 1386 1294 et
1420 1234 1724 1292 haereticos.
1770 1229 1883 1286 Sub
1905 1227 2073 1284 Basso

577 1364 594 1395 ι
643 1339 986 1409 etPhilippo,
1014 1332 1339 1390 clarissimis
1366 1326 1700 1391 consulibus,
1734 1325 1799 1378 Δ.
1830 1321 1891 1376 Ι).
1921 1330 2072 1376 sexto

577 1455 594 1486 ι
643 1433 858 1487 decimo
890 1429 1143 1485 calendas
1173 1422 1365 1489 Julias,
1395 1418 1727 1489 Carthagine
1767 1416 1820 1469 in
1861 1420 2074 1469 secreto

576 1549 592 1577 ι
644 1526 928 1580 Restitutae
970 1519 1233 1577 ecclesiae.
1275 1516 1336 1572 in
1373 1516 1475 1568 hac
1509 1510 1711 1582 synodo
1748 1506 2071 1578 legationem

578 1641 595 1671 ι
646 1626 940 1684 suscepere
971 1611 1280 1666 Restitutus
1321 1616 1379 1660 et
1435 1602 1784 1656 Florentinus
1832 1594 2072 1665 episcopi

585 1729 601 1760 ι
646 1708 911 1763 adversus
939 1701 1155 1758 Graecos
1180 1707 1235 1753 et
1269 1693 1574 1757 haereticos,
1600 1690 1654 1744 in
1681 1689 1775 1743 illo
1808 1696 2070 1755 tempore,

2174 502 2415 573 Σαρδικῇ
2454 500 2671 553 συνόδου
2702 500 2905 554 κανόνα
2938 499 3005 554 θ’.
3064 500 3327 571 Πρέσϐεις
3351 502 3415 554 ἐκ
3458 503 3553 569 τῆς
3582 506 3720 556 covi-

2172 594 2264 646 δου
2325 593 2461 660 πρὸς
2512 596 2602 645 τὸν
2657 590 2891 661 βασιλέα
2942 591 3234 656 σταλέντες
3262 594 3549 646 ἐπίσκοποι
3598 598 3722 650 κατὰ

2172 686 2280 739 τῶν
2323 686 2594 756 Ἑλλήνων
2635 685 2872 738 καὶτῶν
2936 686 3240 756 αἱρετικῶν
3291 687 3474 741 ἄδειαν
3527 686 3719 754 ἔλαϐον,

2174 780 2285 831 πᾶν
2309 779 2337 832 ὄ
2372 796 2423 831 τι
2453 778 2519 832 ἂν
2568 778 2849 849 συμφέρον
2877 781 2945 850 τῇ
2986 778 3250 849 καθολικῇ
3284 778 3578 849 Ἐκκλησία
3609 798 3724 834 συν-

2177 871 2351 937 ίδωσι,
2395 874 2536 925 κατὰ
2583 870 2681 942 τῆς
2718 871 3020 943 θρησκείας
3055 873 3165 925 τῶν
3224 871 3493 942 Ἐλλήνων
3519 875 3605 926 καὶ
3631 874 3725 926 τᾶν

2172 963 2537 1029 Δονατιστῶν,
2600 961 2759 1017 τοῦτο
2817 964 3038 1033 αἰτῆσαι
3091 966 3157 1019 ἐκ
3207 963 3493 1034 βασιλέως,
3538 963 3634 1018 κᾶν
3660 966 3725 1034 μὴ

2177 1053 2361 1116 ἰδικῶς
2397 1053 2527 1107 αὐτὸ
2558 1049 2707 1126 εῐχον
2739 1054 3151 1126 ἐντεταλμένον.

2733 1148 2974 1202 ΚΛΝΩΝ
3013 1149 3119 1202 Pl'.

2180 1256 2200 1291 ι
2248 1238 2471 1303 Σύνοδος
2504 1241 2646 1294 κατά
2679 1238 2789 1292 τῶν
2831 1239 3103 1311 Ἑλλήνων
3135 1244 3228 1295 καὶ
3254 1240 3562 1312 αἱρετικῶν.
3620 1242 3728 1295 Ἐπὶ

2253 1347 2272 1380 ‹
2322 1328 2534 1384 Βάσσου
2571 1331 2665 1383 καί
2693 1330 2986 1395 Φιλίππου,
3018 1330 3129 1384 τῶν
3168 1332 3570 1402 λαμπροτάτων
3599 1334 3726 1388 timi-

2251 1441 2270 1473 ε
2313 1438 2420 1476 των
2449 1424 2515 1492 τῇ
2563 1422 2670 1493 πρὸ
2702 1421 2764 1488 ἐξ
2798 1426 2894 1477 καὶ
2926 1423 3129 1496 δεκάτῃ
3181 1424 3464 1479 καλανδῶν
3491 1424 3725 1487 Ἰουλίων,

2252 1530 2271 1564 ι
2317 1512 2375 1565 ἐν
2427 1513 2742 1583 Καρχηδόνι
2813 1514 2894 1576 εἰς
2951 1513 3012 1565 τὸ
3062 1515 3337 1584 σήκρητον
3389 1513 3488 1584 τῆς
3551 1514 3729 1566 Ῥεστε-

2251 1622 2271 1657 t
2315 1603 2514 1674 τούτης
2534 1604 2855 1676 ἐκκλησίας.
2880 1605 2971 1659 Ἐν
3007 1605 3180 1679 ταύτῃ
3215 1606 3420 1677 συνόδῳ
3460 1606 3730 1677 πρεσϐείαν

2249 1715 2269 1748 ι
2318 1697 2637 1762 ἀνεδέξαντο
2676 1696 3044 1761 Ῥεστιτοῦτος
3095 1698 3195 1750 καὶ
3218 1697 3529 1768 Φλορέντιος
3549 1698 3594 1751 οἰ
3624 1696 3728 1750 ἐπί-

572 1822 590 1852 (
639 1816 745 1870 quo
776 1798 1012 1851 Severus
1035 1802 1089 1847 et
1116 1787 1387 1845 Macarius
1413 1782 1642 1855 depositi
1670 1788 1795 1836 sunt
1823 1795 1838 1831 :
1871 1785 1925 1833 et
1952 1790 2076 1846 pro-

2253 1805 2274 1840 (
2319 1803 2517 1841 σκοποι
2544 1787 2685 1841 κατὰ
2712 1788 2821 1841 τῶν
2859 1787 3128 1859 Ἑλλήνων
3157 1787 3254 1842 καὶ
3305 1789 3415 1842 τῶν
3465 1786 3728 1860 αἰρετικῶν

582 1912 598 1944 ‹
646 1865 765 1960 pter
794 1899 982 1943 eorum
1006 1895 1222 1937 causam
1250 1877 1508 1939 Evodius,
1530 1871 1795 1927 Theasins
1813 1878 1867 1924 et
1897 1865 2079 1921 Victor

580 2005 599 2036 ‹
648 1978 886 2052 episcopi
915 1976 1039 2031 caesi
1068 1980 1218 2029 sunt.

579 2266 597 2298 ι
647 2242 898 2316 Synodus
931 2241 997 2296 de
1021 2237 1333 2309 cognitione
1375 2234 1777 2304 episcoporum.
1815 2228 1928 2285 Sub
1963 2226 2079 2297 glo-

512 2358 527 2388 ι
580 2331 897 2389 riosissimis
924 2326 1372 2397 imperatoribus,
1409 2323 1650 2380 Honorio
1677 2322 1992 2392 septimum,
2027 2327 2083 2373 et

511 2450 527 2481 ι
571 2424 878 2482 Theodosio
924 2420 1183 2485 tertium,
1230 2418 1490 2489 Augustis
1549 2414 1864 2470 consulibus
1898 2412 1963 2466 A.
2015 2412 2076 2464 D.

513 2540 530 2573 ι
580 2520 794 2575 decimo
831 2514 1066 2584 septimo
1110 2510 1364 2565 calendas
1399 2505 1589 2570 Iulias,
1634 2502 1964 2571 Carthagine
2027 2500 2079 2555 in

511 2635 527 2664 ι
578 2611 841 2668 Secundae
870 2606 1120 2663 ecclesia.
1156 2605 1212 2658 ln
1242 2604 1343 2657 hac
1373 2600 1581 2672 synodo
1602 2597 1827 2667 placuit,
1848 2606 1906 2650 ut
1943 2606 2080 2649 unus

509 2726 527 2759 ι
574 2704 858 2775 episcopus
912 2715 1018 2754 non
1063 2696 1320 2751 vendicet
1363 2694 1467 2749 sibi
1516 2690 1902 2761 cognitionem.
1944 2689 2080 2742 Acta

512 2817 530 2847 ι
577 2793 862 2865 praesentis
921 2788 1113 2863 synodi
1174 2802 1281 2842 non
1341 2793 1468 2841 sunt
1517 2783 1743 2849 scripta,
1795 2788 2080 2851 propterea

510 2910 527 2941 ι
573 2881 711 2958 quod
760 2883 1071 2955 specialiter
1119 2879 1194 2935 ob
1235 2877 1381 2934 illam
1431 2874 1729 2946 regionem,
1774 2882 1829 2926 et
1880 2886 1987 2925 non
2022 2869 2078 2923 in

508 3002 530 3034 ο
572 2993 859 3034 commune
894 2985 1112 3047 peracta
1143 2982 1287 3027 sunt.
1332 2989 1351 3023 ι

571 3070 774 3124 BALS.
808 3068 939 3135 Quae
972 3068 1024 3121 in
1055 3064 1308 3134 praesenti
1352 3076 1562 3117 canone
1603 3059 1804 3131 scripta
1840 3066 1986 3122 sunt,
2024 3064 2084 3109 nt

2258 1899 2277 1933 ι
2323 1881 2383 1933 ἐν
2409 1880 2607 1951 ἐκείνῳ
2659 1880 2739 1949 τῷ
2790 1880 2970 1952 καιρῷ
3013 1879 3217 1935 καθ’ὃν
3248 1881 3483 1951 Σευῆρος
3514 1880 3603 1934 καὶ
3629 1880 3730 1933 Μα-

2258 1990 2276 2024 ι
2323 1972 2513 2042 κάριος
2546 1970 2913 2043 ἀνῃρέθησαν,
2944 1970 3039 2025 καὶ
3076 1970 3165 2025 διὰ
3197 1970 3308 2025 τῶν
3334 1970 3534 2025 τούτων
3570 1969 3729 2022 αἰτίαν

2257 2085 2275 2118 ι
2320 2066 2559 2132 Εὐόδιος,
2622 2066 2853 2130 Θεάσιος
2917 2065 3013 2119 καὶ
3062 2064 3308 2137 Βίκτωρ,
3366 2067 3417 2119 οἰ
3445 2064 3728 2126 ἐπίσκοποι,

2257 2176 2277 2210 ‹
2326 2159 2667 2230 ἐσφάγησαν.

2257 2271 2277 2306 ι
2322 2250 2552 2315 Σύνοδος
2584 2251 2714 2322 περὶ
2745 2250 3090 2320 διαγνώσεως
3122 2252 3460 2306 ἐπισκόπων.
3500 2249 3613 2303 Ἐπί
3641 2245 3731 2298 τῶν

2189 2363 2209 2396 ι
2257 2342 2615 2410 ἐνδοξοτάτων
2645 2343 2913 2414 βασιλέων
2961 2342 3222 2414 Ὀνωρίου
3280 2343 3343 2396 τὸ
3385 2342 3618 2412 ἕϐδομον,
3651 2337 3731 2391 καί

2189 2455 2209 2488 ε
2255 2434 2536 2489 Θεοδοσίου
2561 2435 2651 2503 ﬁo
2693 2434 2904 2507 τρίτον,
2956 2434 3068 2488 τῶν
3117 2434 3452 2503 Αὐγούστων
3511 2432 3726 2489 ὑπάτων,

2186 2545 2206 2580 ι
2252 2530 2321 2598 τῇ
2350 2524 2457 2597 πρὸ
2486 2504 3102 2593 δεκαεπτά-καλανδῶν,
3147 2504 3489 2587 Ἰουλίωνέἰς
3541 2523 3734 2593 Καρχη-

2189 2638 2209 2673 ‹
2252 2620 2382 2673 δόνα
2409 2619 2466 2672 ἐν
2497 2621 2564 2689 τῇ
2596 2616 2899 2688 Σεκούνδης
2949 2617 3237 2690 ἐκκλησίᾳ.
3301 2617 3394 2683 Εἰς
3442 2616 3632 2685 ταύτην
3653 2612 3733 2682 τὴν

2188 2726 2207 2760 ι
2256 2707 2473 2762 σύνοδον
2506 2709 2728 2778 ἡρεσεν,
2757 2707 2899 2760 ὥστε
2939 2707 3034 2761 ἕνα
3084 2708 3387 2763 ἐπίσκοπον
3422 2707 3495 2779 μὴ
3530 2706 3733 2759 ἐκδικεῖν

2190 2821 2209 2855 ι
2256 2800 2452 2855 ἐαυτοῦ
2482 2800 2797 2869 διάγνωσιν.
2847 2799 2930 2852 Τὰ
2961 2801 3339 2870 πεπραγμένα
3363 2800 3457 2871 τῆς
3487 2797 3736 2869 παρούσης

2187 2913 2206 2946 ι
2256 2894 2476 2947 συνόδου
2508 2892 2599 2947 διὰ
2634 2893 2793 2947 τοῦτο
2815 2893 2917 2947 οὐκ
2948 2892 3186 2965 ἐγράφη,
3222 2892 3412 2966 ἐπειδὴ
3459 2889 3734 2963 ἐπιχωρίως

2188 3003 2209 3038 ι
2254 2985 2349 3039 καί⁵
2377 2984 2437 3036 ού
2470 2985 2612 3037 κατᾶ
2645 2984 2830 3038 κοινοῦ
2860 2984 3329 3053 ἐπετελέσθησαν.
3366 3003 3385 3037 ι

2256 3077 2454 3130 ΒΑΛΣ.
2500 3074 2542 3129 Τ
2550 3074 2583 3127 ὰ
2612 3078 2671 3128 ἐν
2703 3074 2780 3145 τῷ
2810 3075 3041 3145 παρόντι
3094 3074 3293 3129 κανόνι
3337 3074 3646 3144 δηλωθέντα,
3672 3071 3734 3131 ὡς

503 3163 815 3235 specialiter
857 3160 1085 3229 prolata,
1139 3157 1484 3227 expositione
1529 3170 1633 3217 non
1697 3161 1879 3224 egent.
1922 3148 2079 3217 Quod

2190 3169 2371 3233 ἱδικῶς
2405 3143 2804 3238 ἐκφωνηθέντα
2858 3143 3174 3238 ἐξηγήσεως
3220 3167 3292 3220 οὗ
3324 3143 3551 3222 δέονται.
3578 3165 3643 3219 Τὸ
3689 3163 3737 3214 δὲ

506 3268 686 3315 autem
718 3257 922 3311 dictum
966 3262 1084 3317 est,
1137 3265 1298 3304 unum
1340 3249 1651 3318 episcopum
1689 3246 1791 3302 sibi
1838 3259 1946 3299 non
1978 3244 2079 3297 dc-

507 3354 633 3407 bere
660 3349 945 3405 \‘endicare
966 3345 1354 3415 cognitionem,
1384 3350 1467 3396 est
1489 3340 1859 3411 accipiendum
1887 3352 2081 3394 secun-

507 3446 638 3500 dum
669 3456 935 3498 canonem
968 3439 1029 3492 ‘ll
1070 3438 1352 3506 praesentis
1386 3434 1598 3505 synodi.

579 3532 835 3589 ZONAR.
873 3530 945 3587 Ut
977 3532 1042 3585 de
1070 3529 1389 3584 clericorum
1420 3526 1605 3581 causis
1628 3542 1657 3580 a
1689 3540 1795 3597 suo
1821 3524 2081 3595 cujusque

506 3629 761 3698 episcopo
811 3624 1106 3695 judietur,
1166 3636 1308 3675 nono
1361 3629 1571 3689 quartae
1619 3617 1812 3690 synodi
1869 3630 2081 3671 canone

507 3721 857 3777 constitutum
885 3726 970 3771 est
998 3733 1011 3769 :
1050 3716 1092 3770 si
1133 3728 1281 3779 vero,
1310 3712 1391 3765 vel
1415 3712 1642 3766 clericus
1678 3724 1798 3764 cum
1830 3707 2083 3776 episcopo

507 3826 631 3876 suo,
684 3809 765 3863 vel
814 3809 918 3863 duo
964 3806 1107 3860 inter
1134 3820 1193 3860 se
1235 3805 1473 3874 episcopi
1522 3802 1800 3873 quidpiam
1845 3799 2084 3854 habeant

506 3901 932 3965 controversiae,
991 3912 1158 3968 penes
1209 3899 1474 3967 synodum
1529 3894 1648 3962 ejus
1695 3893 1772 3949 rei
1817 3892 2081 3961 judicium

508 4012 652 4051 esse.
680 3993 825 4049 Idem
847 3993 951 4047 hoc
979 4006 1189 4045 canone
1218 3989 1431 4043 videtur
1457 4002 1578 4042 esse
1605 3987 1911 4051 sancitum;
1944 3996 2005 4038 ut
2034 3984 2082 4039 si

507 4087 616 4141 duo
650 4083 905 4138 nimirum
937 4085 1080 4135 inter
1111 4096 1170 4134 se
1194 4079 1432 4149 episcopi
1464 4079 1696 4147 litigent,
1718 4076 1800 4131 vel
1827 4077 2084 4131 adversus

509 4179 820 4249 episcopum
855 4173 1086 4227 clericus
1116 4173 1384 4228 actionem
1420 4169 1683 4232 intendat,
1732 4181 1800 4222 ne
1831 4167 1935 4222 sibi
1970 4166 2085 4235 epi—

475 4282 704 4338 scopus
765 4267 1036 4337 quispiam
1100 4265 1219 4336 ejus
1268 4279 1448 4319 causae
1497 4260 1869 4331 cognitionem
1933 4260 2084 4313 solus

513 4370 795 4427 assumat,
832 4360 926 4415 sed
951 4373 1011 4414 ea
1046 4359 1113 4413 ad
1150 4358 1338 4429 synodi
1382 4352 1730 4426 provincialis
1755 4360 2082 4406 conventum

513 4453 797 4510 referatur.

2185 3260 2351 3330 ῥηθὲν
2380 3259 2540 3329 χάριν
2569 3257 2663 3311 τοῦ
2705 3255 2784 3328 μὴ
2814 3256 3104 3311 διεκδικεῐν
3131 3256 3231 3311 ἕνα
3262 3257 3560 3312 ἐπίσκοπον
3581 3250 3736 3320 ἐαυτῷ

2181 3351 2496 3420 διάγνωσιν,
2557 3349 2864 3421 ἐκληπτέον
2916 3348 3061 3404 κατά
3092 3348 3186 3403 τὸν
3222 3350 3512 3405 ἑνδέκατον
3559 3345 3734 3400 κανόνα

2181 3442 2282 3513 τῆς
2332 3441 2615 3512 παρούσης
2647 3441 2888 3496 συνόδου.

2253 3534 2499 3590 ΖΩΝΑΡ.
2552 3534 2613 3586 '0
2656 3533 2880 3596 ἐννατος
2936 3533 3119 3589 κανὼν
3148 3535 3251 3605 τῆς
3285 3535 3547 3606 τετάρτης
3602 3528 3734 3585 συνόο

2181 3625 2272 3679 δου
2295 3628 2422 3690 τοὺς
2459 3627 2754 3697 κληρικοὺς
2789 3620 2964 3696 ὁρίζει
3019 3626 3172 3696 παρὰ
3235 3630 3353 3692 τοῖς
3395 3626 3606 3686 οίκείοις
3636 3624 3736 3674 ἐπι-

2184 3719 2412 3784 σκόποις
2454 3720 2811 3783 -δικάζεσθαιο
2866 3720 2916 3773 εἰ
2964 3719 3020 3772 δὲ
3048 3720 3317 3790 κληρικὺς
3349 3720 3483 3789 πρὸς
3511 3719 3598 3770 τὸν
3630 3713 3735 3766 ἐπί-

2183 3819 2388 3867 σκοπον
2443 3812 2610 3865 αὑτοῦ
2681 3811 2799 3882 ἔχει
2851 3811 3131 3876 ὑπόθεσιν,
3180 3811 3212 3880 ἣ
3261 3812 3556 3873 ἐπίσκοπος
3617 3802 3735 3874 πρὸς

2182 3902 2511 3966 ἐπίσκοπον,
2544 3901 2697 3971 παρὰ
2728 3902 2795 3972 τῇ
2828 3901 3031 3972 συνόδῳ
3083 3901 3184 3969 τῆς
3233 3901 3506 3972 ἐπαρχίας
3545 3894 3735 3958 δικάζε’

2185 3993 2332 4048 σθαι.
2370 3993 2545 4046 Τοῦτο
2577 3987 2672 4047 οὖν
2721 3992 2869 4047 ἔοικε
2916 3993 3011 4048 καὶ
3036 3994 3065 4046 ό
3089 3992 3285 4064 παρὼν
3346 3992 3520 4048 κανὼν
3544 3986 3738 4044 stam-

2182 4084 2414 4151 τεσθσι,
2475 4083 2616 4138 ὥστε
2668 4084 2988 4139 ἐπισκόπων
3047 4084 3143 4138 δύο
3212 4086 3372 4158 δίκην
3414 4084 3652 4155 ἐχόντων,
3707 4074 3736 4144 ἢ

2183 4175 2451 4246 κληρικοῦ
2505 4176 2649 4232 κατὰ
2694 4176 2996 4230 ἐπισκόπου
3063 4176 3375 4245 ἐνάγοντος,
3424 4176 3498 4247 μὴ
3524 4174 3615 4229 ’ένα
3635 4167 3738 4223 ἐπί·

2186 4284 2387 4321 σκοπον
2410 4268 2596 4339 ζητεῖν
2619 4268 2717 4337 τὴν
2747 4269 2876 4339 περὶ
2928 4268 3109 4321 αὐτῶν
3140 4268 3417 4322 ποιεῖσθαι
3451 4267 3737 4334 διάγνωσιν,

2186 4358 2323 4412 ἀλλὰ
2361 4358 2460 4430 τὴν
2496 4360 2714 4415 σύνοδον
2762 4360 2862 4430 τῆς
2886 4360 3155 4431 ἐπαρχίας
3179 4359 3446 4427 δικάζειν.

514 4545 747 4602 ARIST.
811 4565 830 4598 ι
878 4545 1032 4602 Unus
1080 4545 1363 4615 episcopus
1416 4537 1779 4610 cognitionem
1846 4537 1947 4593 sibi
2012 4552 2079 4592 ne

2190 4540 2409 4595 ΑΡΙΣΓ.
2491 4558 2511 4593 ι
2567 4535 2664 4605 Εἲς
2726 4543 3023 4606 ἐπίσκοπος
3098 4543 3172 4617 μὴ
3251 4543 3533 4598 ἐκδικείτω
3581 4531 3741 4603 ἐαυτῷ

1103 4652 1124 4687 ι
1166 4631 1436 4688 vendicet.
1478 4646 1498 4682 ι

581 4728 699 4783 Νοιι
753 4738 963 4783 tantum
1016 4724 1180 4780 unius
1230 4722 1472 4792 episcopi
1502 4720 1790 4792 judicium,
1838 4719 1932 4775 sed
1982 4731 2083 4772 nec

515 4822 624 4877 duo
657 4819 928 4876 sulliciunt
959 4819 1024 4871 ad
1072 4814 1374 4886 presbyteri
1405 4812 1491 4868 vel
1531 4813 1744 4867 diaconi
1788 4811 2081 4879 depositio-

519 4931 663 4970 ncm.
690 4914 795 4970 Sed
823 4914 868 4968 si
906 4910 1195 4980 episcopus
1229 4910 1303 4963 sit
1333 4915 1643 4972 accusatus,
1675 4907 1724 4961 si
1768 4905 1923 4960 multi
1966 4902 2084 4972 epi-

514 5006 661 5074 scopi
694 5002 986 5073 convenire
1015 5014 1120 5054 non
1149 5008 1401 5069 possunt,
1423 5013 1451 5051 a
1480 4996 1766 5052 duodecim
1800 4994 2081 5050 minimum

514 5096 782 5167 episcopis
818 5090 1187 5163 iudicabitur;
1234 5090 1280 5144 si
1343 5089 1627 5159 presbyter
1665 5098 1866 5153 autem,
1907 5103 1939 5142 a
1986 5100 2083 5142 sex

516 5187 804 5256 episcopis,
842 5193 896 5239 et
918 5198 1017 5238 suo
1046 5183 1339 5253 episcopo;
1376 5184 1461 5237 sin
1513 5192 1693 5236 autem
1735 5181 2020 5244 diaconus,
2050 5193 2081 5232 a

516 5280 687 5335 tribus
712 5286 765 5331 et
794 5291 892 5331 suo
923 5277 1211 5345 episcopo:
1251 5276 1705 5346 quemadmodum
1737 5274 2084 5329 duodecimus

518 5383 569 5429 et
592 5372 884 5426 vicesimus
911 5370 1070 5440 hujus
1102 5370 1291 5441 synodi
1322 5384 1501 5426 canon
1524 5376 1784 5424 statuunt.
1818 5367 1942 5421 Non
1982 5367 2084 5436 igi-

518 5477 606 5519 tur
629 5464 917 5534 episcopus
948 5478 1089 5518 unus
1143 5479 1203 5518 se
1224 5464 1465 5530 judicem
1498 5464 1791 5518 constituet
1821 5463 1871 5516 in
1895 5461 2083 5517 crimi-

520 5555 673 5610 nibus
702 5554 1002 5626 presbyteri
1031 5562 1125 5607 aut
1149 5553 1384 5621 diaconi,
1408 5560 1461 5608 et
1485 5569 1640 5607 suum
1673 5553 1926 5607 defendet
1946 5551 2088 5621 judi-

462 5649 681 5711 -.cium,
714 5659 771 5704 et
800 5649 867 5703 ad
890 5663 1024 5718 opus
1070 5647 1199 5702 illud
1229 5649 1523 5717 perducet;
1551 5648 1653 5703 nisi
1692 5647 1935 5702 accusati
1978 5648 2088 5702 sint

521 5751 797 5831 e‘numero
815 5739 1162 5807 clericorum,
1189 5738 1281 5809 qui
1303 5746 1426 5794 sunt
1446 5740 1592 5795 intra
1616 5738 1891 5792 diaconos.
1920 5734 1992 5792 De
2017 5734 2086 5793 iis

1305 5840 1403 5853 δνσηι

2754 4652 2772 4686 ι
2816 4635 3130 4703 διάγνωσιν.
3174 4655 3192 4687 ι

2254 4723 2331 4777 Οὐ
2371 4723 2533 4794 μόνον
2558 4723 2678 4788 ἐνὸς
2734 4726 3039 4781 ἐπισκόπου
3095 4727 3418 4794 διάγνωσις,
3477 4723 3593 4782 ἀλλ’
3632 4718 3740 4775 οὐδὲ

2183 4818 2279 4872 δύο
2344 4818 2676 4888 ἀρκέσουσιν
2735 4819 2818 4881 εἰς
2894 4818 3218 4889 καθαίρεσιν
3298 4810 3740 4889 πρεσϐυτέρουῆ

2182 4910 2454 4965 διακόνου.
2514 4909 2658 4963 Ἀλλ’
2711 4911 2763 4963 εἰ
2794 4909 2894 4981 μὲν
2927 4911 3228 4987 ἐπίσκοπός
3269 4914 3424 4965 ἐστιν
3460 4911 3488 4963 ό
3523 4919 3741 4974 κατηγο-

2185 5004 2476 5074 ροῦμενος,
2507 5005 2557 5056 εί
2590 5004 2665 5074 μὴ
2692 5003 2921 5059 δυνατὸν
2949 5004 3183 5069 πολλοὺς
3209 5004 3491 5059 συνελθεῖν
3543 4994 3743 5053 ἐπισκό-

2184 5111 2343 5160 πους.
2382 5093 2537 5165 παρὰ
2571 5094 2784 5149 δώδεκα
2836 5097 2898 5149 τὸ
2938 5096 3223 5167 ἐλάχιστον
3276 5096 3590 5150 ἐπισκόπων
3633 5103 3742 5158 κρι·
3824 5084 3831 5087 ἡ

2186 5187 2431 5258 θήσεταιο
2464 5188 2513 5241 εἰ
2569 5187 2627 5241 δὲ
2683 5187 3072 5260 πρεσϐύτερος,
3130 5188 3283 5259 παρὰ
3336 5188 3395 5255 ἓξ
3451 5181 3741 5238 ἐπισκόπων

2185 5281 2285 5336 καὶ
2316 5279 2412 5334 τοῦ
2438 5280 2572 5334 ἰδίου
2603 5282 2933 5335 ἐπισκόπου’
2956 5283 3004 5334 εἰ
3029 5282 3086 5334 δέ
3114 5282 3384 5346 διάκονος,
3411 5278 3560 5347 παρὰ
3584 5267 3738 5343 τριῶν

2185 5372 2412 5428 καὶτοῦ
2469 5372 2599 5426 ἰδίου
2655 5374 2984 5440 ἐπισκόπου,
3045 5373 3122 5437 ὡς
3150 5375 3180 5427 ὁ
3231 5373 3531 5431 δωδέκατος
3576 5358 3738 5417 κανὼν

2188 5469 2282 5519 καὶ
2316 5466 2345 5518 ό
2378 5466 2626 5526 εἰκοστὸς
2647 5466 2747 5536 τῆς
2771 5467 2995 5520 συνόδου
3020 5466 3228 5537 ταύτης
3276 5461 3737 5533 διαλαμϐάνουσιν.

2187 5557 2301 5612 Ούκ
2329 5554 2422 5611 οὖν
2450 5557 2750 5623 ἐπίσκοπος
2777 5558 2857 5620 εἰς
2888 5558 3150 5630 δικαστὴν
3208 5559 3402 5614 ἑαυτὸν
3433 5553 3521 5608 ἐπ’
3554 5545 3741 5618 ἐγκλή⁸

2194 5665 2328 5720 μασι
2352 5652 2688 5720 καταστήσει
2715 5651 3092 5722 πρεσϐυτέρου
3120 5691 3134 5715 ,
3164 5651 3197 5722 ἢ
3225 5649 3473 5704 διακόνου
3493 5688 3508 5713 ,
3537 5643 3625 5697 καὶ
3651 5637 3739 5705 τὴν

2191 5740 2397 5797 οἰκείαν
2422 5740 2755 5811 διεκδικήσει
2788 5742 3103 5813 διάγνωσιν,
3139 5743 3231 5800 καί
3260 5742 3341 5804 εἰς
3376 5739 3529 5812 ἔργον
3553 5729 3739 5798 ταύτην
