  <div class='ocr_page' id='page_1' title='image "/cluster/home/n/w/nwhite01/storage/ocr_20150623/138:no.2/coo.31924054870435/191.png"; bbox 0 0 3944 6446; ppageno 0'>
   <div class='ocr_carea' id='block_1_1' title="bbox 417 301 554 368">
    <p class='ocr_par' dir='ltr' id='par_1_1' title="bbox 417 301 554 368">
     <span class='ocr_line' id='line_1_1' title="bbox 417 301 554 368; baseline 0.007 -4"><span class='ocrx_word' id='word_1_1' title='bbox 417 301 554 368; x_wconf 61' lang='grc' dir='ltr'><strong>ἘἿῚ</strong></span> 
     </span>
    </p>
   </div>
   <div class='ocr_carea' id='block_1_2' title="bbox 521 518 2016 597">
    <p class='ocr_par' dir='ltr' id='par_1_2' title="bbox 521 518 2016 597">
     <span class='ocr_line' id='line_1_2' title="bbox 521 518 2016 597; baseline 0.001 -17"><span class='ocrx_word' id='word_1_2' title='bbox 521 555 535 580; x_wconf 75' lang='grc' dir='ltr'><strong>ι</strong></span> <span class='ocrx_word' id='word_1_3' title='bbox 586 531 636 582; x_wconf 88' lang='lat' dir='ltr'><strong>in</strong></span> <span class='ocrx_word' id='word_1_4' title='bbox 665 539 876 583; x_wconf 85' lang='lat' dir='ltr'><strong>secreto</strong></span> <span class='ocrx_word' id='word_1_5' title='bbox 931 518 1119 582; x_wconf 83' lang='lat' dir='ltr'><strong>Fausti</strong></span> <span class='ocrx_word' id='word_1_6' title='bbox 1159 527 1427 594; x_wconf 80' lang='lat' dir='ltr'><strong>ecclesiae,</strong></span> <span class='ocrx_word' id='word_1_7' title='bbox 1485 528 1708 583; x_wconf 84' lang='lat' dir='ltr'><strong>Aurelio</strong></span> <span class='ocrx_word' id='word_1_8' title='bbox 1760 527 2016 597; x_wconf 88' lang='lat' dir='ltr'><strong>episcopo</strong></span> 
     </span>
    </p>
   </div>
   <div class='ocr_carea' id='block_1_3' title="bbox 523 620 2021 692">
    <p class='ocr_par' dir='ltr' id='par_1_3' title="bbox 523 620 2021 692">
     <span class='ocr_line' id='line_1_3' title="bbox 523 620 2021 692; baseline 0 -18"><span class='ocrx_word' id='word_1_9' title='bbox 523 641 540 674; x_wconf 79' lang='grc' dir='ltr'><strong>ι</strong></span> <span class='ocrx_word' id='word_1_10' title='bbox 583 624 849 677; x_wconf 72' lang='lat' dir='ltr'><strong>universa:</strong></span> <span class='ocrx_word' id='word_1_11' title='bbox 880 622 1084 691; x_wconf 83' lang='lat' dir='ltr'><strong>synodo</strong></span> <span class='ocrx_word' id='word_1_12' title='bbox 1109 622 1449 692; x_wconf 81' lang='lat' dir='ltr'><strong>praesidente,</strong></span> <span class='ocrx_word' id='word_1_13' title='bbox 1471 621 1811 675; x_wconf 73' lang='lat' dir='ltr'><strong>adstantibus</strong></span> <span class='ocrx_word' id='word_1_14' title='bbox 1843 620 2021 674; x_wconf 86' lang='lat' dir='ltr'><strong>diaco-</strong></span> 
     </span>
    </p>
   </div>
   <div class='ocr_carea' id='block_1_4' title="bbox 526 712 2020 786">
    <p class='ocr_par' dir='ltr' id='par_1_4' title="bbox 526 712 2020 786">
     <span class='ocr_line' id='line_1_4' title="bbox 526 712 2020 786; baseline 0 -19"><span class='ocrx_word' id='word_1_15' title='bbox 526 736 543 767; x_wconf 83' lang='grc' dir='ltr'><strong>ι</strong></span> <span class='ocrx_word' id='word_1_16' title='bbox 589 717 673 771; x_wconf 90' lang='lat' dir='ltr'><strong>nis</strong></span> <span class='ocrx_word' id='word_1_17' title='bbox 695 735 707 770; x_wconf 89' lang='lat'><strong>:</strong></span> <span class='ocrx_word' id='word_1_18' title='bbox 733 715 935 786; x_wconf 85' lang='lat' dir='ltr'><strong>placuit</strong></span> <span class='ocrx_word' id='word_1_19' title='bbox 956 714 1208 768; x_wconf 86' lang='lat' dir='ltr'><strong>omnibus</strong></span> <span class='ocrx_word' id='word_1_20' title='bbox 1229 713 1496 783; x_wconf 84' lang='lat' dir='ltr'><strong>episcopis</strong></span> <span class='ocrx_word' id='word_1_21' title='bbox 1519 713 1771 768; x_wconf 65' lang='lat' dir='ltr'><strong>Ecclesia:</strong></span> <span class='ocrx_word' id='word_1_22' title='bbox 1789 712 2020 767; x_wconf 80' lang='lat' dir='ltr'><strong>Cartha-</strong></span> 
     </span>
    </p>
   </div>
   <div class='ocr_carea' id='block_1_5' title="bbox 529 803 2013 877">
    <p class='ocr_par' dir='ltr' id='par_1_5' title="bbox 529 803 2013 877">
     <span class='ocr_line' id='line_1_5' title="bbox 529 803 2013 877; baseline -0.002 -19"><span class='ocrx_word' id='word_1_23' title='bbox 529 827 544 858; x_wconf 82' lang='grc' dir='ltr'><strong>ι</strong></span> <span class='ocrx_word' id='word_1_24' title='bbox 582 806 845 877; x_wconf 83' lang='lat' dir='ltr'><strong>ginensis,</strong></span> <span class='ocrx_word' id='word_1_25' title='bbox 875 807 928 858; x_wconf 92' lang='lat' dir='ltr'><strong>in</strong></span> <span class='ocrx_word' id='word_1_26' title='bbox 965 813 1150 859; x_wconf 77' lang='lat' dir='ltr'><strong>sancta</strong></span> <span class='ocrx_word' id='word_1_27' title='bbox 1182 803 1390 873; x_wconf 82' lang='lat' dir='ltr'><strong>synodo</strong></span> <span class='ocrx_word' id='word_1_28' title='bbox 1415 803 1746 868; x_wconf 73' lang='lat' dir='ltr'><strong>constitutis,</strong></span> <span class='ocrx_word' id='word_1_29' title='bbox 1781 817 2013 871; x_wconf 88' lang='lat' dir='ltr'><strong>quorum</strong></span> 
     </span>
    </p>
   </div>
   <div class='ocr_carea' id='block_1_6' title="bbox 529 894 2020 963">
    <p class='ocr_par' dir='ltr' id='par_1_6' title="bbox 529 894 2020 963">
     <span class='ocr_line' id='line_1_6' title="bbox 529 894 2020 963; baseline 0.001 -18"><span class='ocrx_word' id='word_1_30' title='bbox 529 914 548 945; x_wconf 83' lang='grc'><strong><em>‹</em></strong></span> <span class='ocrx_word' id='word_1_31' title='bbox 593 895 809 949; x_wconf 87' lang='lat' dir='ltr'><strong>nomina</strong></span> <span class='ocrx_word' id='word_1_32' title='bbox 859 903 913 948; x_wconf 89' lang='lat' dir='ltr'><strong>et</strong></span> <span class='ocrx_word' id='word_1_33' title='bbox 938 894 1367 963; x_wconf 89' lang='lat' dir='ltr'><strong>subscriptiones</strong></span> <span class='ocrx_word' id='word_1_34' title='bbox 1417 894 1636 948; x_wconf 86' lang='lat' dir='ltr'><strong>insertae</strong></span> <span class='ocrx_word' id='word_1_35' title='bbox 1695 903 1838 960; x_wconf 90' lang='lat' dir='ltr'><strong>sunt,</strong></span> <span class='ocrx_word' id='word_1_36' title='bbox 1873 894 2020 962; x_wconf 92' lang='lat' dir='ltr'><strong>quod</strong></span> 
     </span>
    </p>
   </div>
   <div class='ocr_carea' id='block_1_7' title="bbox 512 985 2020 1054">
    <p class='ocr_par' dir='ltr' id='par_1_7' title="bbox 512 985 2020 1054">
     <span class='ocr_line' id='line_1_7' title="bbox 512 985 2020 1054; baseline 0.001 -14"><span class='ocrx_word' id='word_1_37' title='bbox 512 1009 528 1040; x_wconf 85' lang='grc' dir='ltr'><strong>ι</strong></span> <span class='ocrx_word' id='word_1_38' title='bbox 567 990 738 1042; x_wconf 84' lang='lat' dir='ltr'><strong>Adam</strong></span> <span class='ocrx_word' id='word_1_39' title='bbox 773 989 1019 1043; x_wconf 79' lang='lat' dir='ltr'><strong>mortalis</strong></span> <span class='ocrx_word' id='word_1_40' title='bbox 1047 1004 1075 1041; x_wconf 94' lang='lat' dir='ltr'><strong>a</strong></span> <span class='ocrx_word' id='word_1_41' title='bbox 1108 987 1216 1043; x_wconf 88' lang='lat' dir='ltr'><strong>Deo</strong></span> <span class='ocrx_word' id='word_1_42' title='bbox 1243 985 1420 1042; x_wconf 80' lang='lat' dir='ltr'><strong>factus</strong></span> <span class='ocrx_word' id='word_1_43' title='bbox 1445 1003 1552 1042; x_wconf 92' lang='lat' dir='ltr'><strong>non</strong></span> <span class='ocrx_word' id='word_1_44' title='bbox 1576 997 1695 1042; x_wconf 90' lang='lat' dir='ltr'><strong>est:</strong></span> <span class='ocrx_word' id='word_1_45' title='bbox 1733 994 1790 1040; x_wconf 90' lang='lat' dir='ltr'><strong>ut</strong></span> <span class='ocrx_word' id='word_1_46' title='bbox 1817 986 1864 1041; x_wconf 88' lang='lat' dir='ltr'><strong>si</strong></span> <span class='ocrx_word' id='word_1_47' title='bbox 1898 986 2020 1054; x_wconf 84' lang='lat' dir='ltr'><strong>quis</strong></span> 
     </span>
    </p>
   </div>
   <div class='ocr_carea' id='block_1_8' title="bbox 514 1077 2020 1149">
    <p class='ocr_par' dir='ltr' id='par_1_8' title="bbox 514 1077 2020 1149">
     <span class='ocr_line' id='line_1_8' title="bbox 514 1077 2020 1149; baseline 0 -19"><span class='ocrx_word' id='word_1_48' title='bbox 514 1098 544 1130; x_wconf 62' lang='lat'>1</span> <span class='ocrx_word' id='word_1_49' title='bbox 583 1081 778 1134; x_wconf 83' lang='lat' dir='ltr'><strong>dixerit</strong></span> <span class='ocrx_word' id='word_1_50' title='bbox 817 1080 1206 1149; x_wconf 84' lang='lat' dir='ltr'><strong>protoplastum</strong></span> <span class='ocrx_word' id='word_1_51' title='bbox 1244 1080 1414 1132; x_wconf 84' lang='lat' dir='ltr'><strong>Adam</strong></span> <span class='ocrx_word' id='word_1_52' title='bbox 1481 1079 1554 1133; x_wconf 86' lang='lat' dir='ltr'><strong>ita</strong></span> <span class='ocrx_word' id='word_1_53' title='bbox 1599 1078 1875 1132; x_wconf 84' lang='lat' dir='ltr'><strong>hominem</strong></span> <span class='ocrx_word' id='word_1_54' title='bbox 1937 1077 2020 1130; x_wconf 77' lang='lat' dir='ltr'><strong>fa-</strong></span> 
     </span>
    </p>
   </div>
   <div class='ocr_carea' id='block_1_9' title="bbox 522 1170 2018 1240">
    <p class='ocr_par' dir='ltr' id='par_1_9' title="bbox 522 1170 2018 1240">
     <span class='ocr_line' id='line_1_9' title="bbox 522 1170 2018 1240; baseline 0.001 -18"><span class='ocrx_word' id='word_1_55' title='bbox 522 1190 540 1222; x_wconf 84' lang='grc' dir='ltr'><strong>ι</strong></span> <span class='ocrx_word' id='word_1_56' title='bbox 580 1182 726 1225; x_wconf 90' lang='lat' dir='ltr'><strong>ctum</strong></span> <span class='ocrx_word' id='word_1_57' title='bbox 755 1185 875 1225; x_wconf 89' lang='lat' dir='ltr'><strong>csse</strong></span> <span class='ocrx_word' id='word_1_58' title='bbox 897 1170 1200 1232; x_wconf 87' lang='lat' dir='ltr'><strong>mortalem,</strong></span> <span class='ocrx_word' id='word_1_59' title='bbox 1233 1179 1290 1224; x_wconf 95' lang='lat' dir='ltr'><strong>ut</strong></span> <span class='ocrx_word' id='word_1_60' title='bbox 1315 1171 1427 1225; x_wconf 85' lang='lat' dir='ltr'><strong>sive</strong></span> <span class='ocrx_word' id='word_1_61' title='bbox 1457 1177 1722 1240; x_wconf 83' lang='lat' dir='ltr'><strong>pecasset,</strong></span> <span class='ocrx_word' id='word_1_62' title='bbox 1750 1170 1865 1226; x_wconf 81' lang='lat' dir='ltr'><strong>sive</strong></span> <span class='ocrx_word' id='word_1_63' title='bbox 1892 1186 2018 1235; x_wconf 89' lang='lat' dir='ltr'><strong>non,</strong></span> 
     </span>
    </p>
   </div>
   <div class='ocr_carea' id='block_1_10' title="bbox 529 1261 2023 1330">
    <p class='ocr_par' dir='ltr' id='par_1_10' title="bbox 529 1261 2023 1330">
     <span class='ocr_line' id='line_1_10' title="bbox 529 1261 2023 1330; baseline 0.002 -18"><span class='ocrx_word' id='word_1_64' title='bbox 529 1280 547 1312; x_wconf 77' lang='grc' dir='ltr'><strong>ι</strong></span> <span class='ocrx_word' id='word_1_65' title='bbox 607 1271 750 1317; x_wconf 85' lang='lat' dir='ltr'><strong>esset</strong></span> <span class='ocrx_word' id='word_1_66' title='bbox 785 1263 838 1317; x_wconf 93' lang='lat' dir='ltr'><strong>in</strong></span> <span class='ocrx_word' id='word_1_67' title='bbox 884 1277 1110 1330; x_wconf 91' lang='lat' dir='ltr'><strong>corpore</strong></span> <span class='ocrx_word' id='word_1_68' title='bbox 1146 1263 1463 1327; x_wconf 89' lang='lat' dir='ltr'><strong>moriturus,</strong></span> <span class='ocrx_word' id='word_1_69' title='bbox 1497 1261 1549 1315; x_wconf 92' lang='lat' dir='ltr'><strong>id</strong></span> <span class='ocrx_word' id='word_1_70' title='bbox 1580 1270 1681 1328; x_wconf 89' lang='lat' dir='ltr'><strong>est,</strong></span> <span class='ocrx_word' id='word_1_71' title='bbox 1729 1277 1760 1316; x_wconf 90' lang='lat' dir='ltr'><strong>e</strong></span> <span class='ocrx_word' id='word_1_72' title='bbox 1797 1276 2023 1330; x_wconf 89' lang='lat' dir='ltr'><strong>corpore</strong></span> 
     </span>
    </p>
   </div>
   <div class='ocr_carea' id='block_1_11' title="bbox 540 1353 2023 1424">
    <p class='ocr_par' dir='ltr' id='par_1_11' title="bbox 540 1353 2023 1424">
     <span class='ocr_line' id='line_1_11' title="bbox 540 1353 2023 1424; baseline -0.001 -20"><span class='ocrx_word' id='word_1_73' title='bbox 540 1373 558 1404; x_wconf 83' lang='grc' dir='ltr'><strong>ι</strong></span> <span class='ocrx_word' id='word_1_74' title='bbox 605 1369 1061 1419; x_wconf 81' lang='lat' dir='ltr'><strong>excessurus,non</strong></span> <span class='ocrx_word' id='word_1_75' title='bbox 1091 1362 1314 1424; x_wconf 85' lang='lat' dir='ltr'><strong>propter</strong></span> <span class='ocrx_word' id='word_1_76' title='bbox 1343 1354 1596 1408; x_wconf 89' lang='lat' dir='ltr'><strong>meritum</strong></span> <span class='ocrx_word' id='word_1_77' title='bbox 1652 1353 1882 1422; x_wconf 86' lang='lat' dir='ltr'><strong>peccati,</strong></span> <span class='ocrx_word' id='word_1_78' title='bbox 1929 1353 2023 1406; x_wconf 85' lang='lat' dir='ltr'><strong>sed</strong></span> 
     </span>
    </p>
   </div>
   <div class='ocr_carea' id='block_1_12' title="bbox 521 1445 1824 1514">
    <p class='ocr_par' dir='ltr' id='par_1_12' title="bbox 521 1445 1824 1514">
     <span class='ocr_line' id='line_1_12' title="bbox 521 1445 1824 1514; baseline -0.003 -12"><span class='ocrx_word' id='word_1_79' title='bbox 521 1466 539 1496; x_wconf 74' lang='grc' dir='ltr'><strong>ι</strong></span> <span class='ocrx_word' id='word_1_80' title='bbox 589 1462 684 1514; x_wconf 87' lang='lat' dir='ltr'><strong>per</strong></span> <span class='ocrx_word' id='word_1_81' title='bbox 723 1457 928 1502; x_wconf 84' lang='lat' dir='ltr'><strong>naturae</strong></span> <span class='ocrx_word' id='word_1_82' title='bbox 960 1449 1358 1512; x_wconf 80' lang='lat' dir='ltr'><strong>necessitatem,</strong></span> <span class='ocrx_word' id='word_1_83' title='bbox 1390 1446 1461 1501; x_wconf 86' lang='lat' dir='ltr'><strong>sit</strong></span> <span class='ocrx_word' id='word_1_84' title='bbox 1515 1445 1824 1501; x_wconf 84' lang='lat' dir='ltr'><strong>anathema.</strong></span> 
     </span>
    </p>
   </div>
   <div class='ocr_carea' id='block_1_13' title="bbox 511 1909 2018 1970">
    <p class='ocr_par' dir='ltr' id='par_1_13' title="bbox 511 1909 2018 1970">
     <span class='ocr_line' id='line_1_13' title="bbox 511 1909 2018 1970; baseline 0.005 -8"><span class='ocrx_word' id='word_1_85' title='bbox 511 1909 711 1964; x_wconf 76' lang='lat' dir='ltr'><strong>BALS.</strong></span> <span class='ocrx_word' id='word_1_86' title='bbox 745 1918 798 1965; x_wconf 92' lang='lat' dir='ltr'><strong>et</strong></span> <span class='ocrx_word' id='word_1_87' title='bbox 828 1909 1080 1966; x_wconf 76' lang='lat' dir='ltr'><strong>lONAR.</strong></span> <span class='ocrx_word' id='word_1_88' title='bbox 1115 1913 1257 1968; x_wconf 88' lang='lat' dir='ltr'><strong>Deus</strong></span> <span class='ocrx_word' id='word_1_89' title='bbox 1277 1913 1450 1968; x_wconf 84' lang='lat' dir='ltr'><strong>Adam</strong></span> <span class='ocrx_word' id='word_1_90' title='bbox 1481 1928 1580 1969; x_wconf 87' lang='lat' dir='ltr'><strong>nec</strong></span> <span class='ocrx_word' id='word_1_91' title='bbox 1614 1917 1900 1970; x_wconf 77' lang='lat' dir='ltr'><strong>mortalem</strong></span> <span class='ocrx_word' id='word_1_92' title='bbox 1939 1916 2018 1969; x_wconf 65' lang='lat' dir='ltr'><strong>te-</strong></span> 
     </span>
    </p>
   </div>
   <div class='ocr_carea' id='block_1_14' title="bbox 448 2003 2022 2076">
    <p class='ocr_par' dir='ltr' id='par_1_14' title="bbox 448 2003 2022 2076">
     <span class='ocr_line' id='line_1_14' title="bbox 448 2003 2022 2076; baseline 0.004 -19"><span class='ocrx_word' id='word_1_93' title='bbox 448 2005 544 2068; x_wconf 82' lang='lat' dir='ltr'><strong>cit,</strong></span> <span class='ocrx_word' id='word_1_94' title='bbox 581 2019 681 2059; x_wconf 92' lang='lat' dir='ltr'><strong>nec</strong></span> <span class='ocrx_word' id='word_1_95' title='bbox 713 2003 1094 2067; x_wconf 75' lang='lat' dir='ltr'><strong>immortalem,</strong></span> <span class='ocrx_word' id='word_1_96' title='bbox 1129 2005 1222 2060; x_wconf 90' lang='lat' dir='ltr'><strong>sed</strong></span> <span class='ocrx_word' id='word_1_97' title='bbox 1249 2006 1484 2060; x_wconf 90' lang='lat' dir='ltr'><strong>medium</strong></span> <span class='ocrx_word' id='word_1_98' title='bbox 1514 2007 1660 2061; x_wconf 89' lang='lat' dir='ltr'><strong>inter</strong></span> <span class='ocrx_word' id='word_1_99' title='bbox 1690 2007 2022 2076; x_wconf 62' lang='lat' dir='ltr'><strong>magnitudio</strong></span> 
     </span>
    </p>
   </div>
   <div class='ocr_carea' id='block_1_15' title="bbox 439 2095 2022 2167">
    <p class='ocr_par' dir='ltr' id='par_1_15' title="bbox 439 2095 2022 2167">
     <span class='ocr_line' id='line_1_15' title="bbox 439 2095 2022 2167; baseline 0.006 -21"><span class='ocrx_word' id='word_1_100' title='bbox 439 2111 569 2151; x_wconf 76' lang='lat' dir='ltr'><strong>nem</strong></span> <span class='ocrx_word' id='word_1_101' title='bbox 589 2105 640 2150; x_wconf 91' lang='lat' dir='ltr'><strong>et</strong></span> <span class='ocrx_word' id='word_1_102' title='bbox 660 2095 1040 2162; x_wconf 85' lang='lat' dir='ltr'><strong>humilitatem,</strong></span> <span class='ocrx_word' id='word_1_103' title='bbox 1057 2105 1111 2152; x_wconf 89' lang='lat' dir='ltr'><strong>et</strong></span> <span class='ocrx_word' id='word_1_104' title='bbox 1129 2113 1248 2152; x_wconf 92' lang='lat' dir='ltr'><strong>cum</strong></span> <span class='ocrx_word' id='word_1_105' title='bbox 1266 2111 1387 2152; x_wconf 90' lang='lat' dir='ltr'><strong>eum</strong></span> <span class='ocrx_word' id='word_1_106' title='bbox 1407 2113 1516 2152; x_wconf 74' lang='lat' dir='ltr'><strong>sua:</strong></span> <span class='ocrx_word' id='word_1_107' title='bbox 1534 2101 1818 2167; x_wconf 82' lang='lat' dir='ltr'><strong>potestatis</strong></span> <span class='ocrx_word' id='word_1_108' title='bbox 1834 2100 2022 2155; x_wconf 84' lang='lat' dir='ltr'><strong>liberi-</strong></span> 
     </span>
    </p>
   </div>
   <div class='ocr_carea' id='block_1_16' title="bbox 447 2189 2020 2259">
    <p class='ocr_par' dir='ltr' id='par_1_16' title="bbox 447 2189 2020 2259">
     <span class='ocr_line' id='line_1_16' title="bbox 447 2189 2020 2259; baseline 0.004 -20"><span class='ocrx_word' id='word_1_109' title='bbox 447 2203 554 2252; x_wconf 84' lang='lat' dir='ltr'><strong>que</strong></span> <span class='ocrx_word' id='word_1_110' title='bbox 577 2189 786 2244; x_wconf 83' lang='lat' dir='ltr'><strong>arbitrii</strong></span> <span class='ocrx_word' id='word_1_111' title='bbox 806 2199 1109 2259; x_wconf 85' lang='lat' dir='ltr'><strong>compotem</strong></span> <span class='ocrx_word' id='word_1_112' title='bbox 1140 2191 1377 2256; x_wconf 83' lang='lat' dir='ltr'><strong>fecisset,</strong></span> <span class='ocrx_word' id='word_1_113' title='bbox 1403 2192 1608 2246; x_wconf 86' lang='lat' dir='ltr'><strong>dimisit</strong></span> <span class='ocrx_word' id='word_1_114' title='bbox 1633 2209 1645 2253; x_wconf 88' lang='lat'><strong>:</strong></span> <span class='ocrx_word' id='word_1_115' title='bbox 1667 2202 1726 2246; x_wconf 94' lang='lat' dir='ltr'><strong>ut</strong></span> <span class='ocrx_word' id='word_1_116' title='bbox 1748 2193 2020 2259; x_wconf 81' lang='lat' dir='ltr'><strong>utrolibet,</strong></span> 
     </span>
    </p>
   </div>
   <div class='ocr_carea' id='block_1_17' title="bbox 451 2283 2026 2348">
    <p class='ocr_par' dir='ltr' id='par_1_17' title="bbox 451 2283 2026 2348">
     <span class='ocr_line' id='line_1_17' title="bbox 451 2283 2026 2348; baseline 0.002 -13"><span class='ocrx_word' id='word_1_117' title='bbox 451 2284 565 2337; x_wconf 82' lang='lat' dir='ltr'><strong>sive</strong></span> <span class='ocrx_word' id='word_1_118' title='bbox 588 2283 654 2337; x_wconf 89' lang='lat' dir='ltr'><strong>ad</strong></span> <span class='ocrx_word' id='word_1_119' title='bbox 685 2283 961 2346; x_wconf 85' lang='lat' dir='ltr'><strong>virtutem,</strong></span> <span class='ocrx_word' id='word_1_120' title='bbox 983 2284 1098 2338; x_wconf 83' lang='lat' dir='ltr'><strong>sive</strong></span> <span class='ocrx_word' id='word_1_121' title='bbox 1128 2286 1194 2336; x_wconf 87' lang='lat' dir='ltr'><strong>ad</strong></span> <span class='ocrx_word' id='word_1_122' title='bbox 1229 2284 1416 2337; x_wconf 84' lang='lat' dir='ltr'><strong>vitium</strong></span> <span class='ocrx_word' id='word_1_123' title='bbox 1451 2285 1784 2348; x_wconf 90' lang='lat' dir='ltr'><strong>inclinasset,</strong></span> <span class='ocrx_word' id='word_1_124' title='bbox 1813 2287 1893 2341; x_wconf 85' lang='lat' dir='ltr'><strong>vel</strong></span> <span class='ocrx_word' id='word_1_125' title='bbox 1927 2292 2026 2340; x_wconf 84' lang='lat' dir='ltr'><strong>im-</strong></span> 
     </span>
    </p>
   </div>
   <div class='ocr_carea' id='block_1_18' title="bbox 453 2376 2022 2438">
    <p class='ocr_par' dir='ltr' id='par_1_18' title="bbox 453 2376 2022 2438">
     <span class='ocr_line' id='line_1_18' title="bbox 453 2376 2022 2438; baseline 0.002 -8"><span class='ocrx_word' id='word_1_126' title='bbox 453 2377 858 2438; x_wconf 84' lang='lat' dir='ltr'><strong>mortalitatem,</strong></span> <span class='ocrx_word' id='word_1_127' title='bbox 880 2376 962 2430; x_wconf 89' lang='lat' dir='ltr'><strong>vel</strong></span> <span class='ocrx_word' id='word_1_128' title='bbox 1000 2377 1380 2430; x_wconf 87' lang='lat' dir='ltr'><strong>mortalitatem</strong></span> <span class='ocrx_word' id='word_1_129' title='bbox 1403 2378 1710 2432; x_wconf 88' lang='lat' dir='ltr'><strong>sortiretur.</strong></span> <span class='ocrx_word' id='word_1_130' title='bbox 1746 2379 1856 2432; x_wconf 85' lang='lat' dir='ltr'><strong>Etsi</strong></span> <span class='ocrx_word' id='word_1_131' title='bbox 1880 2380 2022 2434; x_wconf 89' lang='lat' dir='ltr'><strong>enim</strong></span> 
     </span>
    </p>
   </div>
   <div class='ocr_carea' id='block_1_19' title="bbox 453 2467 2029 2541">
    <p class='ocr_par' dir='ltr' id='par_1_19' title="bbox 453 2467 2029 2541">
     <span class='ocr_line' id='line_1_19' title="bbox 453 2467 2029 2541; baseline 0.003 -19"><span class='ocrx_word' id='word_1_132' title='bbox 453 2483 671 2522; x_wconf 84' lang='lat' dir='ltr'><strong>carnem</strong></span> <span class='ocrx_word' id='word_1_133' title='bbox 696 2479 821 2522; x_wconf 89' lang='lat' dir='ltr'><strong>tunc</strong></span> <span class='ocrx_word' id='word_1_134' title='bbox 841 2481 1056 2536; x_wconf 89' lang='lat' dir='ltr'><strong>quoque</strong></span> <span class='ocrx_word' id='word_1_135' title='bbox 1079 2469 1306 2522; x_wconf 85' lang='lat' dir='ltr'><strong>habebat</strong></span> <span class='ocrx_word' id='word_1_136' title='bbox 1329 2467 1513 2534; x_wconf 91' lang='lat' dir='ltr'><strong>homo,</strong></span> <span class='ocrx_word' id='word_1_137' title='bbox 1563 2484 1668 2524; x_wconf 91' lang='lat' dir='ltr'><strong>non</strong></span> <span class='ocrx_word' id='word_1_138' title='bbox 1691 2481 1866 2525; x_wconf 88' lang='lat' dir='ltr'><strong>tamen</strong></span> <span class='ocrx_word' id='word_1_139' title='bbox 1896 2487 2029 2541; x_wconf 86' lang='lat' dir='ltr'><strong>qua-</strong></span> 
     </span>
    </p>
   </div>
   <div class='ocr_carea' id='block_1_20' title="bbox 457 2557 2025 2633">
    <p class='ocr_par' dir='ltr' id='par_1_20' title="bbox 457 2557 2025 2633">
     <span class='ocr_line' id='line_1_20' title="bbox 457 2557 2025 2633; baseline 0.008 -21"><span class='ocrx_word' id='word_1_140' title='bbox 457 2562 557 2616; x_wconf 90' lang='lat' dir='ltr'><strong>lem</strong></span> <span class='ocrx_word' id='word_1_141' title='bbox 581 2575 744 2615; x_wconf 91' lang='lat' dir='ltr'><strong>nunc.</strong></span> <span class='ocrx_word' id='word_1_142' title='bbox 765 2558 832 2613; x_wconf 88' lang='lat' dir='ltr'><strong>Et</strong></span> <span class='ocrx_word' id='word_1_143' title='bbox 860 2560 961 2615; x_wconf 91' lang='lat' dir='ltr'><strong>hoc</strong></span> <span class='ocrx_word' id='word_1_144' title='bbox 980 2561 1054 2612; x_wconf 89' lang='lat' dir='ltr'><strong>ait</strong></span> <span class='ocrx_word' id='word_1_145' title='bbox 1070 2557 1361 2629; x_wconf 82' lang='lat' dir='ltr'><strong>Gregorius</strong></span> <span class='ocrx_word' id='word_1_146' title='bbox 1384 2559 1688 2633; x_wconf 80' lang='lat' dir='ltr'><strong>Theologus</strong></span> <span class='ocrx_word' id='word_1_147' title='bbox 1714 2578 1833 2618; x_wconf 89' lang='lat' dir='ltr'><strong>cum</strong></span> <span class='ocrx_word' id='word_1_148' title='bbox 1857 2563 2025 2624; x_wconf 88' lang='lat' dir='ltr'><strong>dicit:</strong></span> 
     </span>
    </p>
   </div>
   <div class='ocr_carea' id='block_1_21' title="bbox 452 2651 2031 2723">
    <p class='ocr_par' dir='ltr' id='par_1_21' title="bbox 452 2651 2031 2723">
     <span class='ocr_line' id='line_1_21' title="bbox 452 2651 2031 2723; baseline 0.004 -19"><span class='ocrx_word' id='word_1_149' title='bbox 452 2651 713 2708; x_wconf 78' lang='lat' dir='ltr'><strong>Pelliceas</strong></span> <span class='ocrx_word' id='word_1_150' title='bbox 745 2667 957 2723; x_wconf 89' lang='lat' dir='ltr'><strong>quoque</strong></span> <span class='ocrx_word' id='word_1_151' title='bbox 982 2662 1163 2707; x_wconf 81' lang='lat' dir='ltr'><strong>vestes</strong></span> <span class='ocrx_word' id='word_1_152' title='bbox 1183 2652 1374 2718; x_wconf 87' lang='lat' dir='ltr'><strong>induit,</strong></span> <span class='ocrx_word' id='word_1_153' title='bbox 1399 2652 1536 2708; x_wconf 82' lang='lat' dir='ltr'><strong>forte</strong></span> <span class='ocrx_word' id='word_1_154' title='bbox 1561 2655 1868 2710; x_wconf 89' lang='lat' dir='ltr'><strong>densiorem</strong></span> <span class='ocrx_word' id='word_1_155' title='bbox 1906 2672 2031 2711; x_wconf 79' lang='lat' dir='ltr'><strong>car-</strong></span> 
     </span>
    </p>
   </div>
   <div class='ocr_carea' id='block_1_22' title="bbox 457 2745 2034 2813">
    <p class='ocr_par' dir='ltr' id='par_1_22' title="bbox 457 2745 2034 2813">
     <span class='ocr_line' id='line_1_22' title="bbox 457 2745 2034 2813; baseline 0.001 -9"><span class='ocrx_word' id='word_1_156' title='bbox 457 2763 578 2804; x_wconf 90' lang='lat' dir='ltr'><strong>nem</strong></span> <span class='ocrx_word' id='word_1_157' title='bbox 609 2756 663 2804; x_wconf 91' lang='lat' dir='ltr'><strong>et</strong></span> <span class='ocrx_word' id='word_1_158' title='bbox 701 2747 983 2803; x_wconf 85' lang='lat' dir='ltr'><strong>mortalem</strong></span> <span class='ocrx_word' id='word_1_159' title='bbox 1012 2755 1066 2801; x_wconf 91' lang='lat' dir='ltr'><strong>et</strong></span> <span class='ocrx_word' id='word_1_160' title='bbox 1093 2747 1456 2801; x_wconf 87' lang='lat' dir='ltr'><strong>resistentem.</strong></span> <span class='ocrx_word' id='word_1_161' title='bbox 1489 2745 1664 2813; x_wconf 87' lang='lat' dir='ltr'><strong>Quare</strong></span> <span class='ocrx_word' id='word_1_162' title='bbox 1694 2759 1819 2804; x_wconf 89' lang='lat' dir='ltr'><strong>ante</strong></span> <span class='ocrx_word' id='word_1_163' title='bbox 1855 2761 2034 2806; x_wconf 88' lang='lat' dir='ltr'><strong>trans-</strong></span> 
     </span>
    </p>
   </div>
   <div class='ocr_carea' id='block_1_23' title="bbox 457 2837 2029 2911">
    <p class='ocr_par' dir='ltr' id='par_1_23' title="bbox 457 2837 2029 2911">
     <span class='ocr_line' id='line_1_23' title="bbox 457 2837 2029 2911; baseline 0.001 -18"><span class='ocrx_word' id='word_1_164' title='bbox 457 2839 794 2911; x_wconf 79' lang='lat' dir='ltr'><strong>gressionem</strong></span> <span class='ocrx_word' id='word_1_165' title='bbox 845 2853 946 2894; x_wconf 88' lang='lat' dir='ltr'><strong>nec</strong></span> <span class='ocrx_word' id='word_1_166' title='bbox 980 2839 1144 2893; x_wconf 89' lang='lat' dir='ltr'><strong>densa</strong></span> <span class='ocrx_word' id='word_1_167' title='bbox 1172 2847 1291 2893; x_wconf 83' lang='lat' dir='ltr'><strong>erat</strong></span> <span class='ocrx_word' id='word_1_168' title='bbox 1310 2851 1436 2891; x_wconf 86' lang='lat' dir='ltr'><strong>caro</strong></span> <span class='ocrx_word' id='word_1_169' title='bbox 1458 2837 1676 2904; x_wconf 86' lang='lat' dir='ltr'><strong>Adami,</strong></span> <span class='ocrx_word' id='word_1_170' title='bbox 1707 2854 1808 2894; x_wconf 90' lang='lat' dir='ltr'><strong>nec</strong></span> <span class='ocrx_word' id='word_1_171' title='bbox 1837 2851 2029 2894; x_wconf 85' lang='lat' dir='ltr'><strong>natura</strong></span> 
     </span>
    </p>
   </div>
   <div class='ocr_carea' id='block_1_24' title="bbox 445 2929 2036 3001">
    <p class='ocr_par' dir='ltr' id='par_1_24' title="bbox 445 2929 2036 3001">
     <span class='ocr_line' id='line_1_24' title="bbox 445 2929 2036 3001; baseline -0.001 -15"><span class='ocrx_word' id='word_1_172' title='bbox 445 2933 719 2988; x_wconf 76' lang='lat' dir='ltr'><strong>mortalis.</strong></span> <span class='ocrx_word' id='word_1_173' title='bbox 751 2929 988 2987; x_wconf 88' lang='lat' dir='ltr'><strong>Fuerunt</strong></span> <span class='ocrx_word' id='word_1_174' title='bbox 1019 2941 1199 2986; x_wconf 88' lang='lat' dir='ltr'><strong>autem</strong></span> <span class='ocrx_word' id='word_1_175' title='bbox 1239 2931 1332 3001; x_wconf 88' lang='lat' dir='ltr'><strong>qui</strong></span> <span class='ocrx_word' id='word_1_176' title='bbox 1373 2931 1613 2986; x_wconf 85' lang='lat' dir='ltr'><strong>dicerent</strong></span> <span class='ocrx_word' id='word_1_177' title='bbox 1637 2947 1759 2987; x_wconf 88' lang='lat' dir='ltr'><strong>eum</strong></span> <span class='ocrx_word' id='word_1_178' title='bbox 1808 2941 1862 2986; x_wconf 90' lang='lat' dir='ltr'><strong>et</strong></span> <span class='ocrx_word' id='word_1_179' title='bbox 1893 2948 2036 2987; x_wconf 91' lang='lat' dir='ltr'><strong>mor-</strong></span> 
     </span>
    </p>
   </div>
   <div class='ocr_carea' id='block_1_25' title="bbox 459 3023 2030 3092">
    <p class='ocr_par' dir='ltr' id='par_1_25' title="bbox 459 3023 2030 3092">
     <span class='ocr_line' id='line_1_25' title="bbox 459 3023 2030 3092; baseline 0.002 -14"><span class='ocrx_word' id='word_1_180' title='bbox 459 3026 621 3079; x_wconf 84' lang='lat' dir='ltr'><strong>talem</strong></span> <span class='ocrx_word' id='word_1_181' title='bbox 649 3025 717 3079; x_wconf 89' lang='lat' dir='ltr'><strong>ab</strong></span> <span class='ocrx_word' id='word_1_182' title='bbox 750 3024 905 3078; x_wconf 90' lang='lat' dir='ltr'><strong>initio</strong></span> <span class='ocrx_word' id='word_1_183' title='bbox 943 3023 1144 3078; x_wconf 78' lang='lat' dir='ltr'><strong>factum</strong></span> <span class='ocrx_word' id='word_1_184' title='bbox 1173 3038 1318 3087; x_wconf 89' lang='lat' dir='ltr'><strong>esse,</strong></span> <span class='ocrx_word' id='word_1_185' title='bbox 1352 3030 1407 3077; x_wconf 89' lang='lat' dir='ltr'><strong>et</strong></span> <span class='ocrx_word' id='word_1_186' title='bbox 1458 3023 1780 3078; x_wconf 86' lang='lat' dir='ltr'><strong>moriturum</strong></span> <span class='ocrx_word' id='word_1_187' title='bbox 1844 3025 2030 3092; x_wconf 87' lang='lat' dir='ltr'><strong>fuisse,</strong></span> 
     </span>
    </p>
   </div>
   <div class='ocr_carea' id='block_1_26' title="bbox 1692 299 2409 363">
    <p class='ocr_par' dir='ltr' id='par_1_26' title="bbox 1692 299 2409 363">
     <span class='ocr_line' id='line_1_26' title="bbox 1692 299 2409 363; baseline 0 -2"><span class='ocrx_word' id='word_1_188' title='bbox 1692 299 1967 362; x_wconf 82' lang='lat' dir='ltr'><strong>THEOD.</strong></span> <span class='ocrx_word' id='word_1_189' title='bbox 2015 301 2103 359; x_wconf 72' lang='lat' dir='ltr'>BA</span> <span class='ocrx_word' id='word_1_190' title='bbox 2113 301 2241 362; x_wconf 65' lang='lat' dir='ltr'><strong>LSA</strong></span> <span class='ocrx_word' id='word_1_191' title='bbox 2251 305 2302 363; x_wconf 79' lang='grc' dir='ltr'><strong>Μ</strong></span> <span class='ocrx_word' id='word_1_192' title='bbox 2313 301 2409 362; x_wconf 73' lang='lat' dir='ltr'><strong>ON</strong></span> 
     </span>
    </p>
   </div>
   <div class='ocr_carea' id='block_1_27' title="bbox 485 419 2092 498">
    <p class='ocr_par' dir='ltr' id='par_1_27' title="bbox 485 419 2092 498">
     <span class='ocr_line' id='line_1_27' title="bbox 485 419 2092 498; baseline 0 -10"><span class='ocrx_word' id='word_1_193' title='bbox 485 424 538 487; x_wconf 66' lang='grc' dir='ltr'>ει</span> <span class='ocrx_word' id='word_1_194' title='bbox 575 434 881 490; x_wconf 87' lang='lat' dir='ltr'><strong>Theodosio</strong></span> <span class='ocrx_word' id='word_1_195' title='bbox 937 432 1050 489; x_wconf 82' lang='lat' dir='ltr'><strong>vrn</strong></span> <span class='ocrx_word' id='word_1_196' title='bbox 1115 432 1384 489; x_wconf 87' lang='lat' dir='ltr'><strong>consulib.</strong></span> <span class='ocrx_word' id='word_1_197' title='bbox 1422 433 1528 487; x_wconf 89' lang='lat' dir='ltr'><strong>cal.</strong></span> <span class='ocrx_word' id='word_1_198' title='bbox 1586 426 1765 498; x_wconf 82' lang='lat' dir='ltr'><strong>Maiis,</strong></span> <span class='ocrx_word' id='word_1_199' title='bbox 1824 431 2014 488; x_wconf 87' lang='lat' dir='ltr'><strong>Carth.</strong></span> <span class='ocrx_word' id='word_1_200' title='bbox 2050 419 2092 473; x_wconf 80' lang='grc' dir='ltr'><strong>Α</strong></span> 
     </span>
    </p>
   </div>
   <div class='ocr_carea' id='block_1_28' title="bbox 3569 303 3677 372">
    <p class='ocr_par' dir='ltr' id='par_1_28' title="bbox 3569 303 3677 372">
     <span class='ocr_line' id='line_1_28' title="bbox 3569 303 3677 372; baseline 0.037 -4"><span class='ocrx_word' id='word_1_201' title='bbox 3569 303 3677 372; x_wconf 69' lang='grc'><strong>-368</strong></span> 
     </span>
    </p>
   </div>
   <div class='ocr_carea' id='block_1_29' title="bbox 2197 436 3686 509">
    <p class='ocr_par' dir='ltr' id='par_1_29' title="bbox 2197 436 3686 509">
     <span class='ocr_line' id='line_1_29' title="bbox 2197 436 3686 509; baseline 0.004 -21"><span class='ocrx_word' id='word_1_202' title='bbox 2197 455 2217 488; x_wconf 75' lang='grc' dir='ltr'><strong>ι</strong></span> <span class='ocrx_word' id='word_1_203' title='bbox 2273 436 2530 509; x_wconf 86' lang='grc' dir='ltr'>Ὀνωρίου</span> <span class='ocrx_word' id='word_1_204' title='bbox 2557 437 2869 506; x_wconf 69' lang='grc' dir='ltr'>Αὐγούστου</span> <span class='ocrx_word' id='word_1_205' title='bbox 2903 438 2964 492; x_wconf 80' lang='grc' dir='ltr'>τὸ</span> <span class='ocrx_word' id='word_1_206' title='bbox 3002 439 3331 502; x_wconf 79' lang='grc' dir='ltr'><strong>δωδέκατον,</strong></span> <span class='ocrx_word' id='word_1_207' title='bbox 3375 439 3471 492; x_wconf 72' lang='grc' dir='ltr'>καὶ</span> <span class='ocrx_word' id='word_1_208' title='bbox 3508 439 3686 494; x_wconf 81' lang='grc' dir='ltr'>Θεοδο-</span> 
     </span>
    </p>
   </div>
   <div class='ocr_carea' id='block_1_30' title="bbox 2199 530 3686 598">
    <p class='ocr_par' dir='ltr' id='par_1_30' title="bbox 2199 530 3686 598">
     <span class='ocr_line' id='line_1_30' title="bbox 2199 530 3686 598; baseline 0.001 -17"><span class='ocrx_word' id='word_1_209' title='bbox 2199 547 2217 579; x_wconf 77' lang='grc' dir='ltr'>«ι</span> <span class='ocrx_word' id='word_1_210' title='bbox 2263 530 2382 582; x_wconf 93' lang='grc' dir='ltr'>σίου</span> <span class='ocrx_word' id='word_1_211' title='bbox 2459 531 2518 582; x_wconf 78' lang='grc' dir='ltr'><strong>τὸ</strong></span> <span class='ocrx_word' id='word_1_212' title='bbox 2602 530 2828 598; x_wconf 78' lang='grc' dir='ltr'>ὃγδοον,</span> <span class='ocrx_word' id='word_1_213' title='bbox 2891 531 3002 584; x_wconf 86' lang='grc' dir='ltr'>τῶν</span> <span class='ocrx_word' id='word_1_214' title='bbox 3083 530 3348 595; x_wconf 76' lang='grc' dir='ltr'>ὑπάτων,</span> <span class='ocrx_word' id='word_1_215' title='bbox 3403 530 3686 594; x_wconf 77' lang='grc' dir='ltr'><strong>καλάνδαις</strong></span> 
     </span>
    </p>
   </div>
   <div class='ocr_carea' id='block_1_31' title="bbox 2200 621 3687 694">
    <p class='ocr_par' dir='ltr' id='par_1_31' title="bbox 2200 621 3687 694">
     <span class='ocr_line' id='line_1_31' title="bbox 2200 621 3687 694; baseline 0.006 -21"><span class='ocrx_word' id='word_1_216' title='bbox 2200 621 2483 690; x_wconf 48' lang='lat' dir='ltr'><strong>adlatam,</strong></span> <span class='ocrx_word' id='word_1_217' title='bbox 2537 623 2614 684; x_wconf 78' lang='grc' dir='ltr'><strong>είς</strong></span> <span class='ocrx_word' id='word_1_218' title='bbox 2665 622 2991 693; x_wconf 70' lang='grc' dir='ltr'><strong>Καρχηδόνα</strong></span> <span class='ocrx_word' id='word_1_219' title='bbox 3037 625 3093 674; x_wconf 84' lang='grc' dir='ltr'>ἐν</span> <span class='ocrx_word' id='word_1_220' title='bbox 3146 623 3224 693; x_wconf 84' lang='grc' dir='ltr'>τῷ</span> <span class='ocrx_word' id='word_1_221' title='bbox 3274 624 3539 694; x_wconf 82' lang='grc' dir='ltr'>σηκρήτῳ</span> <span class='ocrx_word' id='word_1_222' title='bbox 3592 626 3687 692; x_wconf 81' lang='grc' dir='ltr'><strong>τῆς</strong></span> 
     </span>
    </p>
   </div>
   <div class='ocr_carea' id='block_1_32' title="bbox 2200 711 3768 781">
    <p class='ocr_par' dir='ltr' id='par_1_32' title="bbox 2200 711 3768 781">
     <span class='ocr_line' id='line_1_32' title="bbox 2200 711 3768 781; baseline 0.001 -18"><span class='ocrx_word' id='word_1_223' title='bbox 2200 732 2218 763; x_wconf 86' lang='grc' dir='ltr'><strong>ι</strong></span> <span class='ocrx_word' id='word_1_224' title='bbox 2266 715 2508 766; x_wconf 80' lang='grc' dir='ltr'>Φαύστου</span> <span class='ocrx_word' id='word_1_225' title='bbox 2556 713 2886 781; x_wconf 77' lang='grc' dir='ltr'>ἐκκλησίας,</span> <span class='ocrx_word' id='word_1_226' title='bbox 2939 711 3216 781; x_wconf 85' lang='grc' dir='ltr'>Αύρηλίου</span> <span class='ocrx_word' id='word_1_227' title='bbox 3255 712 3356 764; x_wconf 75' lang='grc' dir='ltr'>τοῦ</span> <span class='ocrx_word' id='word_1_228' title='bbox 3393 711 3686 764; x_wconf 79' lang='grc' dir='ltr'>ἐπισκόπου</span> <span class='ocrx_word' id='word_1_229' title='bbox 3760 763 3768 776; x_wconf 82' lang='grc'><strong>,</strong></span> 
     </span>
    </p>
   </div>
   <div class='ocr_carea' id='block_1_33' title="bbox 2203 803 3687 877">
    <p class='ocr_par' dir='ltr' id='par_1_33' title="bbox 2203 803 3687 877">
     <span class='ocr_line' id='line_1_33' title="bbox 2203 803 3687 877; baseline -0.001 -19"><span class='ocrx_word' id='word_1_230' title='bbox 2203 827 2221 858; x_wconf 87' lang='grc' dir='ltr'><strong>ι</strong></span> <span class='ocrx_word' id='word_1_231' title='bbox 2269 806 2537 877; x_wconf 75' lang='grc' dir='ltr'>συμπάσῃ</span> <span class='ocrx_word' id='word_1_232' title='bbox 2568 807 2631 876; x_wconf 80' lang='grc' dir='ltr'>τῇ</span> <span class='ocrx_word' id='word_1_233' title='bbox 2666 804 2869 874; x_wconf 81' lang='grc' dir='ltr'>συνόδῳ</span> <span class='ocrx_word' id='word_1_234' title='bbox 2908 803 3376 873; x_wconf 79' lang='grc' dir='ltr'>προκαθίσαντος,</span> <span class='ocrx_word' id='word_1_235' title='bbox 3412 804 3687 871; x_wconf 80' lang='grc' dir='ltr'>παρεστώ-</span> 
     </span>
    </p>
   </div>
   <div class='ocr_carea' id='block_1_34' title="bbox 2200 895 3690 967">
    <p class='ocr_par' dir='ltr' id='par_1_34' title="bbox 2200 895 3690 967">
     <span class='ocr_line' id='line_1_34' title="bbox 2200 895 3690 967; baseline -0.003 -16"><span class='ocrx_word' id='word_1_236' title='bbox 2200 920 2218 951; x_wconf 78' lang='grc' dir='ltr'><strong>ι</strong></span> <span class='ocrx_word' id='word_1_237' title='bbox 2263 917 2370 953; x_wconf 88' lang='grc' dir='ltr'><strong>των</strong></span> <span class='ocrx_word' id='word_1_238' title='bbox 2418 899 2528 952; x_wconf 87' lang='grc' dir='ltr'><strong>τῶν</strong></span> <span class='ocrx_word' id='word_1_239' title='bbox 2558 897 2846 959; x_wconf 83' lang='grc' dir='ltr'>διακόνων,</span> <span class='ocrx_word' id='word_1_240' title='bbox 2905 897 3105 967; x_wconf 77' lang='grc' dir='ltr'>ἧρεσεν</span> <span class='ocrx_word' id='word_1_241' title='bbox 3150 896 3286 948; x_wconf 73' lang='grc' dir='ltr'>πᾶσι</span> <span class='ocrx_word' id='word_1_242' title='bbox 3324 896 3442 957; x_wconf 84' lang='grc' dir='ltr'>τοῖς</span> <span class='ocrx_word' id='word_1_243' title='bbox 3473 895 3690 947; x_wconf 76' lang='grc' dir='ltr'>ἐπισκό-</span> 
     </span>
    </p>
   </div>
   <div class='ocr_carea' id='block_1_35' title="bbox 2202 986 3692 1060">
    <p class='ocr_par' dir='ltr' id='par_1_35' title="bbox 2202 986 3692 1060">
     <span class='ocr_line' id='line_1_35' title="bbox 2202 986 3692 1060; baseline -0.002 -19"><span class='ocrx_word' id='word_1_244' title='bbox 2202 1010 2220 1041; x_wconf 76' lang='grc' dir='ltr'><strong>ι</strong></span> <span class='ocrx_word' id='word_1_245' title='bbox 2265 1009 2386 1054; x_wconf 83' lang='grc' dir='ltr'>ποις</span> <span class='ocrx_word' id='word_1_246' title='bbox 2415 993 2513 1060; x_wconf 82' lang='grc' dir='ltr'>τῆς</span> <span class='ocrx_word' id='word_1_247' title='bbox 2559 993 2615 1044; x_wconf 83' lang='grc' dir='ltr'>ὲν</span> <span class='ocrx_word' id='word_1_248' title='bbox 2645 988 2950 1060; x_wconf 78' lang='grc' dir='ltr'>Καρχηδόνι</span> <span class='ocrx_word' id='word_1_249' title='bbox 2993 988 3317 1056; x_wconf 80' lang='grc' dir='ltr'>ἐκκλησίας,</span> <span class='ocrx_word' id='word_1_250' title='bbox 3357 987 3492 1056; x_wconf 80' lang='grc' dir='ltr'>ἁγίᾳ</span> <span class='ocrx_word' id='word_1_251' title='bbox 3546 986 3692 1038; x_wconf 80' lang='grc' dir='ltr'>συνόο</span> 
     </span>
    </p>
   </div>
   <div class='ocr_carea' id='block_1_36' title="bbox 2141 1076 3694 1156">
    <p class='ocr_par' dir='ltr' id='par_1_36' title="bbox 2141 1076 3694 1156">
     <span class='ocr_line' id='line_1_36' title="bbox 2141 1076 3694 1156; baseline -0.003 -19"><span class='ocrx_word' id='word_1_252' title='bbox 2141 1113 2144 1116; x_wconf 82' lang='lat'><strong><em>~</em></strong></span> <span class='ocrx_word' id='word_1_253' title='bbox 2199 1106 2217 1137; x_wconf 84' lang='grc' dir='ltr'><strong>ι</strong></span> <span class='ocrx_word' id='word_1_254' title='bbox 2267 1086 2341 1156; x_wconf 83' lang='grc' dir='ltr'>δῳ</span> <span class='ocrx_word' id='word_1_255' title='bbox 2363 1076 2812 1149; x_wconf 74' lang='grc' dir='ltr'>καθεστῶσιν,ὦν</span> <span class='ocrx_word' id='word_1_256' title='bbox 2836 1082 2902 1134; x_wconf 89' lang='grc' dir='ltr'><strong>τά</strong></span> <span class='ocrx_word' id='word_1_257' title='bbox 2921 1082 3165 1150; x_wconf 81' lang='grc' dir='ltr'>ὀνόματα</span> <span class='ocrx_word' id='word_1_258' title='bbox 3189 1079 3282 1132; x_wconf 79' lang='grc' dir='ltr'>καὶ</span> <span class='ocrx_word' id='word_1_259' title='bbox 3305 1082 3362 1134; x_wconf 86' lang='grc' dir='ltr'><strong>αί</strong></span> <span class='ocrx_word' id='word_1_260' title='bbox 3387 1080 3694 1150; x_wconf 74' lang='grc' dir='ltr'>ὑπογραφαὶ</span> 
     </span>
    </p>
   </div>
   <div class='ocr_carea' id='block_1_37' title="bbox 2200 1171 3692 1246">
    <p class='ocr_par' dir='ltr' id='par_1_37' title="bbox 2200 1171 3692 1246">
     <span class='ocr_line' id='line_1_37' title="bbox 2200 1171 3692 1246; baseline -0.005 -16"><span class='ocrx_word' id='word_1_261' title='bbox 2200 1198 2219 1230; x_wconf 87' lang='grc'><strong><em>‹</em></strong></span> <span class='ocrx_word' id='word_1_262' title='bbox 2268 1178 2615 1246; x_wconf 83' lang='grc' dir='ltr'>ὲνετέθησαν,</span> <span class='ocrx_word' id='word_1_263' title='bbox 2663 1178 2745 1230; x_wconf 81' lang='grc' dir='ltr'>ὅτι</span> <span class='ocrx_word' id='word_1_264' title='bbox 2806 1176 2982 1244; x_wconf 73' lang='grc' dir='ltr'>Ἀδὰμ</span> <span class='ocrx_word' id='word_1_265' title='bbox 3030 1174 3221 1243; x_wconf 82' lang='grc' dir='ltr'>θνητὸς</span> <span class='ocrx_word' id='word_1_266' title='bbox 3271 1172 3384 1225; x_wconf 82' lang='grc' dir='ltr'>ἀπὸ</span> <span class='ocrx_word' id='word_1_267' title='bbox 3425 1171 3521 1225; x_wconf 80' lang='grc' dir='ltr'>τοῦ</span> <span class='ocrx_word' id='word_1_268' title='bbox 3565 1171 3692 1224; x_wconf 83' lang='grc' dir='ltr'>Θεοῦ</span> 
     </span>
    </p>
   </div>
   <div class='ocr_carea' id='block_1_38' title="bbox 2203 1262 3694 1338">
    <p class='ocr_par' dir='ltr' id='par_1_38' title="bbox 2203 1262 3694 1338">
     <span class='ocr_line' id='line_1_38' title="bbox 2203 1262 3694 1338; baseline -0.005 -16"><span class='ocrx_word' id='word_1_269' title='bbox 2203 1290 2220 1322; x_wconf 82' lang='grc' dir='ltr'><strong>ι</strong></span> <span class='ocrx_word' id='word_1_270' title='bbox 2269 1272 2368 1324; x_wconf 82' lang='grc' dir='ltr'><strong>ούκ</strong></span> <span class='ocrx_word' id='word_1_271' title='bbox 2397 1271 2615 1338; x_wconf 73' lang='grc' dir='ltr'>ἐγένετο</span> <span class='ocrx_word' id='word_1_272' title='bbox 2640 1286 2654 1300; x_wconf 73' lang='grc' dir='ltr'><strong>ο</strong></span> <span class='ocrx_word' id='word_1_273' title='bbox 2685 1268 2772 1322; x_wconf 83' lang='grc' dir='ltr'><strong>ἵνα</strong></span> <span class='ocrx_word' id='word_1_274' title='bbox 2800 1269 2950 1329; x_wconf 84' lang='grc' dir='ltr'>ὅστις</span> <span class='ocrx_word' id='word_1_275' title='bbox 2990 1267 3194 1336; x_wconf 83' lang='grc' dir='ltr'>δήποτε</span> <span class='ocrx_word' id='word_1_276' title='bbox 3228 1265 3365 1334; x_wconf 82' lang='grc' dir='ltr'><strong>λέγῃ</strong></span> <span class='ocrx_word' id='word_1_277' title='bbox 3397 1264 3491 1317; x_wconf 84' lang='grc' dir='ltr'><strong>τὸν</strong></span> <span class='ocrx_word' id='word_1_278' title='bbox 3533 1262 3694 1331; x_wconf 78' lang='grc' dir='ltr'>Ἀδὰμ</span> 
     </span>
    </p>
   </div>
   <div class='ocr_carea' id='block_1_39' title="bbox 2207 1350 3692 1429">
    <p class='ocr_par' dir='ltr' id='par_1_39' title="bbox 2207 1350 3692 1429">
     <span class='ocr_line' id='line_1_39' title="bbox 2207 1350 3692 1429; baseline -0.009 -16"><span class='ocrx_word' id='word_1_279' title='bbox 2207 1382 2225 1412; x_wconf 85' lang='grc' dir='ltr'><strong>ι</strong></span> <span class='ocrx_word' id='word_1_280' title='bbox 2274 1362 2366 1413; x_wconf 76' lang='grc' dir='ltr'><strong>τὸν</strong></span> <span class='ocrx_word' id='word_1_281' title='bbox 2397 1358 2828 1429; x_wconf 74' lang='grc' dir='ltr'>πρωτόπλαττον</span> <span class='ocrx_word' id='word_1_282' title='bbox 2858 1355 3149 1425; x_wconf 77' lang='grc' dir='ltr'>ἄνθρωπον</span> <span class='ocrx_word' id='word_1_283' title='bbox 3180 1351 3381 1421; x_wconf 79' lang='grc' dir='ltr'>θνητὸν</span> <span class='ocrx_word' id='word_1_284' title='bbox 3413 1350 3692 1420; x_wconf 86' lang='grc' dir='ltr'>γενόμενον</span> 
     </span>
    </p>
   </div>
   <div class='ocr_carea' id='block_1_40' title="bbox 2201 1441 3692 1519">
    <p class='ocr_par' dir='ltr' id='par_1_40' title="bbox 2201 1441 3692 1519">
     <span class='ocr_line' id='line_1_40' title="bbox 2201 1441 3692 1519; baseline -0.009 -13"><span class='ocrx_word' id='word_1_285' title='bbox 2201 1475 2221 1506; x_wconf 75' lang='grc' dir='ltr'><strong>ι</strong></span> <span class='ocrx_word' id='word_1_286' title='bbox 2268 1453 2463 1519; x_wconf 68' lang='grc' dir='ltr'>οὕτως,</span> <span class='ocrx_word' id='word_1_287' title='bbox 2498 1451 2595 1516; x_wconf 78' lang='grc' dir='ltr'>ὡς,</span> <span class='ocrx_word' id='word_1_288' title='bbox 2629 1452 2738 1502; x_wconf 73' lang='grc' dir='ltr'>εἴτε</span> <span class='ocrx_word' id='word_1_289' title='bbox 2790 1449 3123 1519; x_wconf 79' lang='grc' dir='ltr'>ἁμαρτήσει,</span> <span class='ocrx_word' id='word_1_290' title='bbox 3168 1447 3284 1499; x_wconf 78' lang='grc' dir='ltr'>εἴτε</span> <span class='ocrx_word' id='word_1_291' title='bbox 3327 1445 3404 1514; x_wconf 85' lang='grc' dir='ltr'>μὴ</span> <span class='ocrx_word' id='word_1_292' title='bbox 3445 1441 3692 1511; x_wconf 78' lang='grc' dir='ltr'>ἁμαρτή-</span> 
     </span>
    </p>
   </div>
   <div class='ocr_carea' id='block_1_41' title="bbox 2205 1532 3750 1613">
    <p class='ocr_par' dir='ltr' id='par_1_41' title="bbox 2205 1532 3750 1613">
     <span class='ocr_line' id='line_1_41' title="bbox 2205 1532 3750 1613; baseline -0.01 -14"><span class='ocrx_word' id='word_1_293' title='bbox 2205 1567 2222 1600; x_wconf 80' lang='grc' dir='ltr'><strong>ι</strong></span> <span class='ocrx_word' id='word_1_294' title='bbox 2273 1563 2376 1609; x_wconf 94' lang='grc' dir='ltr'>σει,</span> <span class='ocrx_word' id='word_1_295' title='bbox 2431 1542 2789 1613; x_wconf 84' lang='grc' dir='ltr'>τεθνήξεσθαι</span> <span class='ocrx_word' id='word_1_296' title='bbox 2835 1545 2894 1594; x_wconf 84' lang='grc' dir='ltr'>ὲν</span> <span class='ocrx_word' id='word_1_297' title='bbox 2949 1541 3028 1610; x_wconf 82' lang='grc' dir='ltr'>τῷ</span> <span class='ocrx_word' id='word_1_298' title='bbox 3063 1539 3316 1607; x_wconf 83' lang='grc' dir='ltr'>σώματι,</span> <span class='ocrx_word' id='word_1_299' title='bbox 3365 1534 3512 1588; x_wconf 73' lang='grc' dir='ltr'>τοῦτ’</span> <span class='ocrx_word' id='word_1_300' title='bbox 3555 1533 3694 1586; x_wconf 67' lang='grc' dir='ltr'>ἔστιν</span> <span class='ocrx_word' id='word_1_301' title='bbox 3743 1532 3750 1540; x_wconf 90' lang='grc'><em>”</em></span> 
     </span>
    </p>
   </div>
   <div class='ocr_carea' id='block_1_42' title="bbox 2207 1629 3695 1706">
    <p class='ocr_par' dir='ltr' id='par_1_42' title="bbox 2207 1629 3695 1706">
     <span class='ocr_line' id='line_1_42' title="bbox 2207 1629 3695 1706; baseline -0.01 -14"><span class='ocrx_word' id='word_1_302' title='bbox 2207 1660 2223 1692; x_wconf 91' lang='grc' dir='ltr'><strong>ι</strong></span> <span class='ocrx_word' id='word_1_303' title='bbox 2271 1639 2507 1704; x_wconf 76' lang='grc' dir='ltr'>ἐξελθεῖν</span> <span class='ocrx_word' id='word_1_304' title='bbox 2531 1638 2595 1690; x_wconf 74' lang='grc' dir='ltr'>ἐκ</span> <span class='ocrx_word' id='word_1_305' title='bbox 2618 1635 2710 1690; x_wconf 79' lang='grc' dir='ltr'>τοῦ</span> <span class='ocrx_word' id='word_1_306' title='bbox 2737 1635 3008 1706; x_wconf 84' lang='grc' dir='ltr'>σώματος,</span> <span class='ocrx_word' id='word_1_307' title='bbox 3039 1634 3113 1702; x_wconf 86' lang='grc' dir='ltr'>μὴ</span> <span class='ocrx_word' id='word_1_308' title='bbox 3143 1634 3210 1702; x_wconf 78' lang='grc' dir='ltr'>τῇ</span> <span class='ocrx_word' id='word_1_309' title='bbox 3239 1630 3371 1701; x_wconf 79' lang='grc' dir='ltr'>ἀξίᾳ</span> <span class='ocrx_word' id='word_1_310' title='bbox 3396 1631 3494 1696; x_wconf 82' lang='grc' dir='ltr'>τῆς</span> <span class='ocrx_word' id='word_1_311' title='bbox 3525 1629 3695 1696; x_wconf 83' lang='grc' dir='ltr'>ἀμαρ-</span> 
     </span>
    </p>
   </div>
   <div class='ocr_carea' id='block_1_43' title="bbox 2209 1719 3695 1800">
    <p class='ocr_par' dir='ltr' id='par_1_43' title="bbox 2209 1719 3695 1800">
     <span class='ocr_line' id='line_1_43' title="bbox 2209 1719 3695 1800; baseline -0.01 -15"><span class='ocrx_word' id='word_1_312' title='bbox 2209 1751 2230 1785; x_wconf 76' lang='grc' dir='ltr'><strong>ι</strong></span> <span class='ocrx_word' id='word_1_313' title='bbox 2275 1731 2415 1796; x_wconf 85' lang='grc' dir='ltr'>τίας,</span> <span class='ocrx_word' id='word_1_314' title='bbox 2451 1729 2588 1784; x_wconf 83' lang='grc' dir='ltr'>ἀλλὰ</span> <span class='ocrx_word' id='word_1_315' title='bbox 2628 1731 2695 1800; x_wconf 86' lang='grc' dir='ltr'>τῇ</span> <span class='ocrx_word' id='word_1_316' title='bbox 2748 1727 2967 1796; x_wconf 81' lang='grc' dir='ltr'><strong>ἀνάγκῃ</strong></span> <span class='ocrx_word' id='word_1_317' title='bbox 3017 1725 3118 1793; x_wconf 75' lang='grc' dir='ltr'>τῆς</span> <span class='ocrx_word' id='word_1_318' title='bbox 3179 1721 3422 1792; x_wconf 80' lang='grc' dir='ltr'>φύσεως,</span> <span class='ocrx_word' id='word_1_319' title='bbox 3459 1719 3695 1788; x_wconf 80' lang='grc' dir='ltr'>ἀνάθεμα</span> 
     </span>
    </p>
   </div>
   <div class='ocr_carea' id='block_1_44' title="bbox 2213 1826 2502 1880">
    <p class='ocr_par' dir='ltr' id='par_1_44' title="bbox 2213 1826 2502 1880">
     <span class='ocr_line' id='line_1_44' title="bbox 2213 1826 2502 1880; baseline -0.014 0"><span class='ocrx_word' id='word_1_320' title='bbox 2213 1847 2230 1880; x_wconf 83' lang='grc' dir='ltr'><strong>ι</strong></span> <span class='ocrx_word' id='word_1_321' title='bbox 2276 1826 2439 1879; x_wconf 78' lang='grc' dir='ltr'>ἔστω.</span> <span class='ocrx_word' id='word_1_322' title='bbox 2483 1842 2502 1875; x_wconf 73' lang='grc' dir='ltr'><strong>ι</strong></span> 
     </span>
    </p>
   </div>
   <div class='ocr_carea' id='block_1_45' title="bbox 2209 1904 3698 1986">
    <p class='ocr_par' dir='ltr' id='par_1_45' title="bbox 2209 1904 3698 1986">
     <span class='ocr_line' id='line_1_45' title="bbox 2209 1904 3698 1986; baseline -0.01 -14"><span class='ocrx_word' id='word_1_323' title='bbox 2209 1920 2404 1973; x_wconf 80' lang='grc' dir='ltr'><strong>ΒΑΛΣ.</strong></span> <span class='ocrx_word' id='word_1_324' title='bbox 2444 1918 2539 1970; x_wconf 68' lang='grc' dir='ltr'><strong>καὶ</strong></span> <span class='ocrx_word' id='word_1_325' title='bbox 2591 1917 2744 1968; x_wconf 89' lang='grc' dir='ltr'><strong>ΖΩΝ.</strong></span> <span class='ocrx_word' id='word_1_326' title='bbox 2780 1914 2885 1967; x_wconf 81' lang='grc' dir='ltr'>Τὸν</span> <span class='ocrx_word' id='word_1_327' title='bbox 2927 1910 3098 1980; x_wconf 75' lang='grc' dir='ltr'>Ἀδὰμ</span> <span class='ocrx_word' id='word_1_328' title='bbox 3213 1908 3351 1971; x_wconf 76' lang='grc' dir='ltr'>Θεὸς</span> <span class='ocrx_word' id='word_1_329' title='bbox 3405 1909 3466 1960; x_wconf 83' lang='grc' dir='ltr'>οὑ</span> <span class='ocrx_word' id='word_1_330' title='bbox 3519 1904 3698 1974; x_wconf 78' lang='grc' dir='ltr'>θνητὸν</span> 
     </span>
    </p>
   </div>
   <div class='ocr_carea' id='block_1_46' title="bbox 2137 1999 3697 2079">
    <p class='ocr_par' dir='ltr' id='par_1_46' title="bbox 2137 1999 3697 2079">
     <span class='ocr_line' id='line_1_46' title="bbox 2137 1999 3697 2079; baseline -0.01 -14"><span class='ocrx_word' id='word_1_331' title='bbox 2137 2014 2391 2074; x_wconf 78' lang='grc' dir='ltr'>ἔπλασεν,</span> <span class='ocrx_word' id='word_1_332' title='bbox 2427 2011 2548 2064; x_wconf 78' lang='grc' dir='ltr'>οὐδὲ</span> <span class='ocrx_word' id='word_1_333' title='bbox 2585 2001 2770 2079; x_wconf 83' lang='grc' dir='ltr'>μέντοι</span> <span class='ocrx_word' id='word_1_334' title='bbox 2812 2004 3110 2067; x_wconf 80' lang='grc' dir='ltr'>ἀθάνατον,</span> <span class='ocrx_word' id='word_1_335' title='bbox 3145 2002 3316 2072; x_wconf 80' lang='grc' dir='ltr'>μέσον</span> <span class='ocrx_word' id='word_1_336' title='bbox 3348 2000 3404 2053; x_wconf 79' lang='grc' dir='ltr'><strong>δὲ</strong></span> <span class='ocrx_word' id='word_1_337' title='bbox 3451 1999 3697 2068; x_wconf 80' lang='grc' dir='ltr'>μεγέθους</span> 
     </span>
    </p>
   </div>
   <div class='ocr_carea' id='block_1_47' title="bbox 2141 2089 3699 2172">
    <p class='ocr_par' dir='ltr' id='par_1_47' title="bbox 2141 2089 3699 2172">
     <span class='ocr_line' id='line_1_47' title="bbox 2141 2089 3699 2172; baseline -0.012 -12"><span class='ocrx_word' id='word_1_338' title='bbox 2141 2109 2234 2160; x_wconf 71' lang='grc' dir='ltr'>καὶ</span> <span class='ocrx_word' id='word_1_339' title='bbox 2281 2103 2694 2172; x_wconf 83' lang='grc' dir='ltr'>ταπεινότητος,</span> <span class='ocrx_word' id='word_1_340' title='bbox 2727 2101 2823 2153; x_wconf 77' lang='grc' dir='ltr'><strong>καὶ</strong></span> <span class='ocrx_word' id='word_1_341' title='bbox 2873 2095 3227 2161; x_wconf 72' lang='grc' dir='ltr'>αὐτεξούσιον</span> <span class='ocrx_word' id='word_1_342' title='bbox 3269 2094 3504 2162; x_wconf 86' lang='grc' dir='ltr'>ποιήσας</span> <span class='ocrx_word' id='word_1_343' title='bbox 3532 2089 3699 2152; x_wconf 73' lang='grc' dir='ltr'>αὑτὸν,</span> 
     </span>
    </p>
   </div>
   <div class='ocr_carea' id='block_1_48' title="bbox 2138 2185 3698 2267">
    <p class='ocr_par' dir='ltr' id='par_1_48' title="bbox 2138 2185 3698 2267">
     <span class='ocr_line' id='line_1_48' title="bbox 2138 2185 3698 2267; baseline -0.012 -13"><span class='ocrx_word' id='word_1_344' title='bbox 2138 2202 2342 2264; x_wconf 78' lang='grc' dir='ltr'>εἴασεν,</span> <span class='ocrx_word' id='word_1_345' title='bbox 2381 2199 2522 2252; x_wconf 84' lang='grc' dir='ltr'>ὥστε</span> <span class='ocrx_word' id='word_1_346' title='bbox 2550 2197 2864 2267; x_wconf 74' lang='grc' dir='ltr'>ὁποτέρωσε</span> <span class='ocrx_word' id='word_1_347' title='bbox 2903 2195 3111 2255; x_wconf 85' lang='grc' dir='ltr'>νεύσει,</span> <span class='ocrx_word' id='word_1_348' title='bbox 3147 2190 3263 2242; x_wconf 78' lang='grc' dir='ltr'>εἴτε</span> <span class='ocrx_word' id='word_1_349' title='bbox 3313 2189 3452 2257; x_wconf 75' lang='grc' dir='ltr'>πρὸς</span> <span class='ocrx_word' id='word_1_350' title='bbox 3509 2185 3698 2256; x_wconf 84' lang='grc' dir='ltr'>ἀρετὴν</span> 
     </span>
    </p>
   </div>
   <div class='ocr_carea' id='block_1_49' title="bbox 2137 2276 3702 2362">
    <p class='ocr_par' dir='ltr' id='par_1_49' title="bbox 2137 2276 3702 2362">
     <span class='ocr_line' id='line_1_49' title="bbox 2137 2276 3702 2362; baseline -0.01 -17"><span class='ocrx_word' id='word_1_351' title='bbox 2137 2293 2246 2345; x_wconf 80' lang='grc' dir='ltr'>εἴτε</span> <span class='ocrx_word' id='word_1_352' title='bbox 2280 2291 2418 2362; x_wconf 80' lang='grc' dir='ltr'>πρὸς</span> <span class='ocrx_word' id='word_1_353' title='bbox 2465 2289 2690 2353; x_wconf 82' lang='grc' dir='ltr'>κακίαν,</span> <span class='ocrx_word' id='word_1_354' title='bbox 2727 2285 3126 2356; x_wconf 85' lang='grc' dir='ltr'>κληρώσασθαι</span> <span class='ocrx_word' id='word_1_355' title='bbox 3163 2281 3336 2336; x_wconf 60' lang='grc' dir='ltr'>αὑτὸν</span> <span class='ocrx_word' id='word_1_356' title='bbox 3367 2281 3400 2352; x_wconf 79' lang='grc' dir='ltr'>ἦ</span> <span class='ocrx_word' id='word_1_357' title='bbox 3454 2279 3551 2350; x_wconf 82' lang='grc' dir='ltr'>τὴν</span> <span class='ocrx_word' id='word_1_358' title='bbox 3576 2276 3702 2331; x_wconf 81' lang='grc' dir='ltr'>ἀθα-</span> 
     </span>
    </p>
   </div>
   <div class='ocr_carea' id='block_1_50' title="bbox 2139 2368 3703 2456">
    <p class='ocr_par' dir='ltr' id='par_1_50' title="bbox 2139 2368 3703 2456">
     <span class='ocr_line' id='line_1_50' title="bbox 2139 2368 3703 2456; baseline -0.011 -17"><span class='ocrx_word' id='word_1_359' title='bbox 2139 2387 2334 2439; x_wconf 86' lang='grc' dir='ltr'>νασίαν</span> <span class='ocrx_word' id='word_1_360' title='bbox 2375 2385 2407 2456; x_wconf 85' lang='grc' dir='ltr'>ἢ</span> <span class='ocrx_word' id='word_1_361' title='bbox 2453 2385 2551 2454; x_wconf 76' lang='grc' dir='ltr'>τὴν</span> <span class='ocrx_word' id='word_1_362' title='bbox 2587 2383 2914 2452; x_wconf 79' lang='grc' dir='ltr'>θνητότητα.</span> <span class='ocrx_word' id='word_1_363' title='bbox 2960 2379 3080 2433; x_wconf 82' lang='grc' dir='ltr'><strong>Κᾶν</strong></span> <span class='ocrx_word' id='word_1_364' title='bbox 3112 2378 3222 2448; x_wconf 78' lang='grc' dir='ltr'><strong>γὰρ</strong></span> <span class='ocrx_word' id='word_1_365' title='bbox 3266 2376 3449 2447; x_wconf 82' lang='grc' dir='ltr'>σάρκα</span> <span class='ocrx_word' id='word_1_366' title='bbox 3479 2368 3586 2442; x_wconf 76' lang='grc' dir='ltr'>εἶχε</span> <span class='ocrx_word' id='word_1_367' title='bbox 3617 2371 3703 2424; x_wconf 73' lang='grc' dir='ltr'>καὶ</span> 
     </span>
    </p>
   </div>
   <div class='ocr_carea' id='block_1_51' title="bbox 2137 2457 3702 2544">
    <p class='ocr_par' dir='ltr' id='par_1_51' title="bbox 2137 2457 3702 2544">
     <span class='ocr_line' id='line_1_51' title="bbox 2137 2457 3702 2544; baseline -0.012 -11"><span class='ocrx_word' id='word_1_368' title='bbox 2137 2481 2259 2533; x_wconf 88' lang='grc' dir='ltr'>τότε</span> <span class='ocrx_word' id='word_1_369' title='bbox 2289 2480 2316 2532; x_wconf 85' lang='grc' dir='ltr'><strong>ὁ</strong></span> <span class='ocrx_word' id='word_1_370' title='bbox 2341 2479 2646 2544; x_wconf 79' lang='grc' dir='ltr'>ἅνθρωπος,</span> <span class='ocrx_word' id='word_1_371' title='bbox 2677 2457 2794 2528; x_wconf 78' lang='grc' dir='ltr'>ἀλλ’</span> <span class='ocrx_word' id='word_1_372' title='bbox 2824 2474 2924 2543; x_wconf 82' lang='grc' dir='ltr'><strong>οὐχ</strong></span> <span class='ocrx_word' id='word_1_373' title='bbox 2953 2473 3071 2526; x_wconf 81' lang='grc' dir='ltr'>οἵαν</span> <span class='ocrx_word' id='word_1_374' title='bbox 3103 2471 3222 2524; x_wconf 80' lang='grc' dir='ltr'>νῦν.</span> <span class='ocrx_word' id='word_1_375' title='bbox 3262 2470 3376 2523; x_wconf 71' lang='grc' dir='ltr'>Καὶ</span> <span class='ocrx_word' id='word_1_376' title='bbox 3410 2466 3562 2520; x_wconf 77' lang='grc' dir='ltr'>τοῦτό</span> <span class='ocrx_word' id='word_1_377' title='bbox 3612 2480 3702 2532; x_wconf 81' lang='grc' dir='ltr'>φη-</span> 
     </span>
    </p>
   </div>
   <div class='ocr_carea' id='block_1_52' title="bbox 2147 2555 3704 2637">
    <p class='ocr_par' dir='ltr' id='par_1_52' title="bbox 2147 2555 3704 2637">
     <span class='ocr_line' id='line_1_52' title="bbox 2147 2555 3704 2637; baseline -0.01 -13"><span class='ocrx_word' id='word_1_378' title='bbox 2147 2590 2231 2625; x_wconf 87' lang='grc' dir='ltr'><strong>σιν</strong></span> <span class='ocrx_word' id='word_1_379' title='bbox 2272 2573 2299 2623; x_wconf 88' lang='grc' dir='ltr'><strong>ό</strong></span> <span class='ocrx_word' id='word_1_380' title='bbox 2335 2569 2603 2636; x_wconf 78' lang='grc' dir='ltr'>Θεολόγος</span> <span class='ocrx_word' id='word_1_381' title='bbox 2650 2567 2977 2637; x_wconf 83' lang='grc' dir='ltr'>Γρηγόριος,</span> <span class='ocrx_word' id='word_1_382' title='bbox 3024 2563 3200 2630; x_wconf 84' lang='grc' dir='ltr'>λέγων</span> <span class='ocrx_word' id='word_1_383' title='bbox 3230 2579 3246 2592; x_wconf 93' lang='grc'><strong>·</strong></span> <span class='ocrx_word' id='word_1_384' title='bbox 3287 2562 3400 2615; x_wconf 74' lang='grc' dir='ltr'><strong>Καὶ</strong></span> <span class='ocrx_word' id='word_1_385' title='bbox 3449 2559 3570 2620; x_wconf 78' lang='grc' dir='ltr'>τοὺς</span> <span class='ocrx_word' id='word_1_386' title='bbox 3597 2555 3704 2624; x_wconf 87' lang='grc' dir='ltr'>δερ-</span> 
     </span>
    </p>
   </div>
   <div class='ocr_carea' id='block_1_53' title="bbox 2146 2649 3704 2736">
    <p class='ocr_par' dir='ltr' id='par_1_53' title="bbox 2146 2649 3704 2736">
     <span class='ocr_line' id='line_1_53' title="bbox 2146 2649 3704 2736; baseline -0.011 -21"><span class='ocrx_word' id='word_1_387' title='bbox 2146 2664 2405 2734; x_wconf 74' lang='grc' dir='ltr'>ματίνους</span> <span class='ocrx_word' id='word_1_388' title='bbox 2435 2659 2799 2730; x_wconf 82' lang='grc' dir='ltr'>ἀμφιέννυται</span> <span class='ocrx_word' id='word_1_389' title='bbox 2831 2657 3089 2736; x_wconf 71' lang='grc' dir='ltr'>χιτῶνας,</span> <span class='ocrx_word' id='word_1_390' title='bbox 3118 2655 3254 2716; x_wconf 77' lang='grc' dir='ltr'>ἴσως</span> <span class='ocrx_word' id='word_1_391' title='bbox 3283 2652 3383 2724; x_wconf 82' lang='grc' dir='ltr'><strong>τὴν</strong></span> <span class='ocrx_word' id='word_1_392' title='bbox 3411 2649 3704 2721; x_wconf 84' lang='grc' dir='ltr'>παχυτέραν</span> 
     </span>
    </p>
   </div>
   <div class='ocr_carea' id='block_1_54' title="bbox 2148 2739 3705 2825">
    <p class='ocr_par' dir='ltr' id='par_1_54' title="bbox 2148 2739 3705 2825">
     <span class='ocr_line' id='line_1_54' title="bbox 2148 2739 3705 2825; baseline -0.01 -17"><span class='ocrx_word' id='word_1_393' title='bbox 2148 2756 2328 2825; x_wconf 80' lang='grc' dir='ltr'>σάρκα</span> <span class='ocrx_word' id='word_1_394' title='bbox 2381 2753 2475 2806; x_wconf 79' lang='grc' dir='ltr'><strong>καὶ</strong></span> <span class='ocrx_word' id='word_1_395' title='bbox 2519 2750 2720 2822; x_wconf 81' lang='grc' dir='ltr'>θνητὴν</span> <span class='ocrx_word' id='word_1_396' title='bbox 2756 2749 2853 2802; x_wconf 78' lang='grc' dir='ltr'>καὶ</span> <span class='ocrx_word' id='word_1_397' title='bbox 2896 2749 3215 2802; x_wconf 82' lang='grc' dir='ltr'>ἀντίτυπον.</span> <span class='ocrx_word' id='word_1_398' title='bbox 3257 2747 3420 2799; x_wconf 80' lang='grc' dir='ltr'>Ὥστε</span> <span class='ocrx_word' id='word_1_399' title='bbox 3474 2741 3576 2813; x_wconf 77' lang='grc' dir='ltr'>πρὸ</span> <span class='ocrx_word' id='word_1_400' title='bbox 3615 2739 3705 2807; x_wconf 82' lang='grc' dir='ltr'>τῆς</span> 
     </span>
    </p>
   </div>
   <div class='ocr_carea' id='block_1_55' title="bbox 2145 2833 3704 2916">
    <p class='ocr_par' dir='ltr' id='par_1_55' title="bbox 2145 2833 3704 2916">
     <span class='ocr_line' id='line_1_55' title="bbox 2145 2833 3704 2916; baseline -0.003 -17"><span class='ocrx_word' id='word_1_401' title='bbox 2145 2845 2518 2916; x_wconf 77' lang='grc' dir='ltr'>παραϐάσεως</span> <span class='ocrx_word' id='word_1_402' title='bbox 2569 2842 2694 2896; x_wconf 77' lang='grc' dir='ltr'>οὔτε</span> <span class='ocrx_word' id='word_1_403' title='bbox 2754 2843 2956 2910; x_wconf 78' lang='grc' dir='ltr'>παχεῖα</span> <span class='ocrx_word' id='word_1_404' title='bbox 3005 2836 3073 2912; x_wconf 79' lang='grc' dir='ltr'>ἦν</span> <span class='ocrx_word' id='word_1_405' title='bbox 3121 2841 3153 2910; x_wconf 75' lang='grc' dir='ltr'>ἡ</span> <span class='ocrx_word' id='word_1_406' title='bbox 3212 2839 3362 2909; x_wconf 82' lang='grc' dir='ltr'>σὰρξ</span> <span class='ocrx_word' id='word_1_407' title='bbox 3418 2837 3495 2908; x_wconf 84' lang='grc' dir='ltr'>τῷ</span> <span class='ocrx_word' id='word_1_408' title='bbox 3529 2833 3704 2901; x_wconf 68' lang='grc' dir='ltr'>’Λδὲμν</span> 
     </span>
    </p>
   </div>
   <div class='ocr_carea' id='block_1_56' title="bbox 2145 2923 3706 3007">
    <p class='ocr_par' dir='ltr' id='par_1_56' title="bbox 2145 2923 3706 3007">
     <span class='ocr_line' id='line_1_56' title="bbox 2145 2923 3706 3007; baseline -0.011 -13"><span class='ocrx_word' id='word_1_409' title='bbox 2145 2940 2271 2994; x_wconf 72' lang='grc' dir='ltr'>οὔτε</span> <span class='ocrx_word' id='word_1_410' title='bbox 2308 2938 2468 3006; x_wconf 70' lang='grc' dir='ltr'>φύσει</span> <span class='ocrx_word' id='word_1_411' title='bbox 2513 2937 2707 3007; x_wconf 87' lang='grc' dir='ltr'>θνητή.</span> <span class='ocrx_word' id='word_1_412' title='bbox 2741 2932 2924 2989; x_wconf 54' lang='grc' dir='ltr'>Ἷνὶσαν</span> <span class='ocrx_word' id='word_1_413' title='bbox 2949 2935 2994 2988; x_wconf 80' lang='grc' dir='ltr'>δ’</span> <span class='ocrx_word' id='word_1_414' title='bbox 3025 2935 3074 2988; x_wconf 87' lang='grc' dir='ltr'><strong>οί</strong></span> <span class='ocrx_word' id='word_1_415' title='bbox 3107 2934 3370 3002; x_wconf 84' lang='grc' dir='ltr'>λέγοντες</span> <span class='ocrx_word' id='word_1_416' title='bbox 3405 2933 3485 2984; x_wconf 83' lang='grc' dir='ltr'><strong>ὅτι</strong></span> <span class='ocrx_word' id='word_1_417' title='bbox 3531 2923 3706 2998; x_wconf 77' lang='grc' dir='ltr'>θνητὸς</span> 
     </span>
    </p>
   </div>
   <div class='ocr_carea' id='block_1_57' title="bbox 2147 3024 3706 3104">
    <p class='ocr_par' dir='ltr' id='par_1_57' title="bbox 2147 3024 3706 3104">
     <span class='ocr_line' id='line_1_57' title="bbox 2147 3024 3706 3104; baseline -0.009 -17"><span class='ocrx_word' id='word_1_418' title='bbox 2147 3035 2206 3099; x_wconf 76' lang='grc' dir='ltr'><strong>ἐξ</strong></span> <span class='ocrx_word' id='word_1_419' title='bbox 2243 3033 2425 3104; x_wconf 79' lang='grc' dir='ltr'>ἀρχῆς</span> <span class='ocrx_word' id='word_1_420' title='bbox 2462 3030 2715 3100; x_wconf 74' lang='grc' dir='ltr'>ἐπλάσθη</span> <span class='ocrx_word' id='word_1_421' title='bbox 2738 3029 2832 3084; x_wconf 73' lang='grc' dir='ltr'><strong>καὶ</strong></span> <span class='ocrx_word' id='word_1_422' title='bbox 2850 3029 3032 3083; x_wconf 82' lang='grc' dir='ltr'>θανεῖν</span> <span class='ocrx_word' id='word_1_423' title='bbox 3059 3027 3286 3098; x_wconf 74' lang='grc' dir='ltr'>ἔμελλε,</span> <span class='ocrx_word' id='word_1_424' title='bbox 3323 3027 3428 3080; x_wconf 82' lang='grc' dir='ltr'><strong>κᾶν</strong></span> <span class='ocrx_word' id='word_1_425' title='bbox 3456 3024 3531 3096; x_wconf 76' lang='grc' dir='ltr'>μὴ</span> <span class='ocrx_word' id='word_1_426' title='bbox 3577 3036 3706 3089; x_wconf 82' lang='grc' dir='ltr'>παρ-</span> 
     </span>
    </p>
   </div>
   <div class='ocr_carea' id='block_1_58' title="bbox 457 3114 2041 3197">
    <p class='ocr_par' dir='ltr' id='par_1_58' title="bbox 457 3116 2038 3188">
     <span class='ocr_line' id='line_1_58' title="bbox 457 3116 2038 3188; baseline 0.001 -18"><span class='ocrx_word' id='word_1_427' title='bbox 457 3116 673 3171; x_wconf 85' lang='lat' dir='ltr'><strong>etiamsi</strong></span> <span class='ocrx_word' id='word_1_428' title='bbox 701 3117 1018 3171; x_wconf 85' lang='lat' dir='ltr'><strong>mandatum</strong></span> <span class='ocrx_word' id='word_1_429' title='bbox 1060 3131 1164 3170; x_wconf 90' lang='lat' dir='ltr'><strong>non</strong></span> <span class='ocrx_word' id='word_1_430' title='bbox 1198 3126 1342 3170; x_wconf 88' lang='lat' dir='ltr'><strong>esset</strong></span> <span class='ocrx_word' id='word_1_431' title='bbox 1379 3126 1750 3188; x_wconf 84' lang='lat' dir='ltr'><strong>transgressus</strong></span> <span class='ocrx_word' id='word_1_432' title='bbox 1807 3126 1899 3171; x_wconf 90' lang='lat' dir='ltr'><strong>:et</strong></span> <span class='ocrx_word' id='word_1_433' title='bbox 1932 3133 2038 3172; x_wconf 87' lang='lat' dir='ltr'><strong>non</strong></span> 
     </span>
    </p>
   </div>
   <div class='ocr_carea' id='block_1_59' title="bbox 2174 3114 3708 3197">
    <p class='ocr_par' dir='ltr' id='par_1_59' title="bbox 2179 3115 3708 3197">
     <span class='ocr_line' id='line_1_59' title="bbox 2179 3115 3708 3197; baseline -0.013 -12"><span class='ocrx_word' id='word_1_434' title='bbox 2179 3130 2250 3196; x_wconf 77' lang='grc' dir='ltr'><strong>6η</strong></span> <span class='ocrx_word' id='word_1_435' title='bbox 2312 3130 2437 3197; x_wconf 77' lang='grc' dir='ltr'>ιτὴν</span> <span class='ocrx_word' id='word_1_436' title='bbox 2521 3127 2772 3191; x_wconf 75' lang='grc' dir='ltr'>ἐντολὴν,</span> <span class='ocrx_word' id='word_1_437' title='bbox 2825 3127 2922 3180; x_wconf 82' lang='grc' dir='ltr'><strong>καὶ</strong></span> <span class='ocrx_word' id='word_1_438' title='bbox 2974 3125 3097 3195; x_wconf 68' lang='grc' dir='ltr'>οὐχὶ</span> <span class='ocrx_word' id='word_1_439' title='bbox 3153 3123 3242 3176; x_wconf 78' lang='grc' dir='ltr'><strong>διὰ</strong></span> <span class='ocrx_word' id='word_1_440' title='bbox 3305 3123 3403 3192; x_wconf 79' lang='grc' dir='ltr'>τὴν</span> <span class='ocrx_word' id='word_1_441' title='bbox 3454 3115 3708 3190; x_wconf 80' lang='grc' dir='ltr'>ἁμαρτίαν</span> 
     </span>
    </p>
   </div>
   <div class='ocr_carea' id='block_1_60' title="bbox 461 3209 2041 3281">
    <p class='ocr_par' dir='ltr' id='par_1_60' title="bbox 461 3209 2041 3281">
     <span class='ocr_line' id='line_1_60' title="bbox 461 3209 2041 3281; baseline -0.001 -17"><span class='ocrx_word' id='word_1_442' title='bbox 461 3219 684 3280; x_wconf 79' lang='lat' dir='ltr'><strong>propter</strong></span> <span class='ocrx_word' id='word_1_443' title='bbox 709 3217 989 3279; x_wconf 87' lang='lat' dir='ltr'><strong>peccatum</strong></span> <span class='ocrx_word' id='word_1_444' title='bbox 1023 3209 1326 3276; x_wconf 82' lang='lat' dir='ltr'><strong>ingressam</strong></span> <span class='ocrx_word' id='word_1_445' title='bbox 1355 3224 1476 3264; x_wconf 90' lang='lat' dir='ltr'><strong>esse</strong></span> <span class='ocrx_word' id='word_1_446' title='bbox 1506 3219 1762 3274; x_wconf 88' lang='lat' dir='ltr'><strong>mortem,</strong></span> <span class='ocrx_word' id='word_1_447' title='bbox 1795 3211 1886 3266; x_wconf 87' lang='lat' dir='ltr'><strong>sed</strong></span> <span class='ocrx_word' id='word_1_448' title='bbox 1913 3225 2041 3281; x_wconf 88' lang='lat' dir='ltr'><strong>pro-</strong></span> 
     </span>
    </p>
   </div>
   <div class='ocr_carea' id='block_1_61' title="bbox 461 3301 2043 3374">
    <p class='ocr_par' dir='ltr' id='par_1_61' title="bbox 461 3301 2043 3374">
     <span class='ocr_line' id='line_1_61' title="bbox 461 3301 2043 3374; baseline 0.003 -23"><span class='ocrx_word' id='word_1_449' title='bbox 461 3312 582 3369; x_wconf 82' lang='lat' dir='ltr'><strong>pter</strong></span> <span class='ocrx_word' id='word_1_450' title='bbox 623 3312 896 3365; x_wconf 87' lang='lat' dir='ltr'><strong>naturam,</strong></span> <span class='ocrx_word' id='word_1_451' title='bbox 932 3317 1053 3371; x_wconf 76' lang='lat' dir='ltr'><strong>quze</strong></span> <span class='ocrx_word' id='word_1_452' title='bbox 1102 3301 1201 3355; x_wconf 79' lang='lat' dir='ltr'><strong>fuit</strong></span> <span class='ocrx_word' id='word_1_453' title='bbox 1239 3301 1360 3356; x_wconf 89' lang='lat' dir='ltr'><strong>talis</strong></span> <span class='ocrx_word' id='word_1_454' title='bbox 1401 3303 1469 3357; x_wconf 90' lang='lat' dir='ltr'><strong>ab</strong></span> <span class='ocrx_word' id='word_1_455' title='bbox 1503 3302 1679 3356; x_wconf 90' lang='lat' dir='ltr'><strong>initio.</strong></span> <span class='ocrx_word' id='word_1_456' title='bbox 1733 3301 1840 3356; x_wconf 79' lang='lat' dir='ltr'><strong>Eos</strong></span> <span class='ocrx_word' id='word_1_457' title='bbox 1891 3317 2043 3374; x_wconf 82' lang='lat' dir='ltr'><strong>ergo,</strong></span> 
     </span>
    </p>
   </div>
   <div class='ocr_carea' id='block_1_62' title="bbox 463 3391 2046 3464">
    <p class='ocr_par' dir='ltr' id='par_1_62' title="bbox 463 3391 2046 3464">
     <span class='ocr_line' id='line_1_62' title="bbox 463 3391 2046 3464; baseline 0.001 -18"><span class='ocrx_word' id='word_1_458' title='bbox 463 3394 555 3461; x_wconf 84' lang='lat' dir='ltr'><strong>qui</strong></span> <span class='ocrx_word' id='word_1_459' title='bbox 587 3393 661 3447; x_wconf 91' lang='lat' dir='ltr'><strong>ita</strong></span> <span class='ocrx_word' id='word_1_460' title='bbox 691 3393 953 3459; x_wconf 88' lang='lat' dir='ltr'><strong>sentiunt,</strong></span> <span class='ocrx_word' id='word_1_461' title='bbox 1007 3391 1166 3462; x_wconf 87' lang='lat' dir='ltr'><strong>hujus</strong></span> <span class='ocrx_word' id='word_1_462' title='bbox 1211 3394 1401 3464; x_wconf 88' lang='lat' dir='ltr'><strong>synodi</strong></span> <span class='ocrx_word' id='word_1_463' title='bbox 1461 3393 1649 3449; x_wconf 90' lang='lat' dir='ltr'><strong>Patres</strong></span> <span class='ocrx_word' id='word_1_464' title='bbox 1703 3394 2046 3448; x_wconf 88' lang='lat' dir='ltr'><strong>anathemate</strong></span> 
     </span>
    </p>
   </div>
   <div class='ocr_carea' id='block_1_63' title="bbox 467 3483 818 3539">
    <p class='ocr_par' dir='ltr' id='par_1_63' title="bbox 467 3483 818 3539">
     <span class='ocr_line' id='line_1_63' title="bbox 467 3483 818 3539; baseline 0.009 -4"><span class='ocrx_word' id='word_1_465' title='bbox 467 3483 818 3539; x_wconf 90' lang='lat' dir='ltr'><strong>damnarunt.</strong></span> 
     </span>
    </p>
   </div>
   <div class='ocr_carea' id='block_1_64' title="bbox 471 3575 2046 3648">
    <p class='ocr_par' dir='ltr' id='par_1_64' title="bbox 471 3575 2046 3648">
     <span class='ocr_line' id='line_1_64' title="bbox 471 3575 2046 3648; baseline 0 -16"><span class='ocrx_word' id='word_1_466' title='bbox 471 3575 700 3632; x_wconf 82' lang='lat' dir='ltr'><strong>ARIST.</strong></span> <span class='ocrx_word' id='word_1_467' title='bbox 741 3596 758 3628; x_wconf 82' lang='grc' dir='ltr'><strong>ι</strong></span> <span class='ocrx_word' id='word_1_468' title='bbox 801 3577 904 3643; x_wconf 91' lang='lat' dir='ltr'><strong>Qui</strong></span> <span class='ocrx_word' id='word_1_469' title='bbox 933 3575 1321 3648; x_wconf 87' lang='lat' dir='ltr'><strong>protoplastum</strong></span> <span class='ocrx_word' id='word_1_470' title='bbox 1343 3577 1506 3631; x_wconf 91' lang='lat' dir='ltr'><strong>etiam</strong></span> <span class='ocrx_word' id='word_1_471' title='bbox 1539 3577 1655 3633; x_wconf 90' lang='lat' dir='ltr'><strong>sine</strong></span> <span class='ocrx_word' id='word_1_472' title='bbox 1682 3589 1902 3647; x_wconf 89' lang='lat' dir='ltr'><strong>peccato</strong></span> <span class='ocrx_word' id='word_1_473' title='bbox 1952 3589 2046 3648; x_wconf 88' lang='lat' dir='ltr'><strong>per</strong></span> 
     </span>
    </p>
   </div>
   <div class='ocr_carea' id='block_1_65' title="bbox 546 3667 2041 3738">
    <p class='ocr_par' dir='ltr' id='par_1_65' title="bbox 546 3667 2041 3738">
     <span class='ocr_line' id='line_1_65' title="bbox 546 3667 2041 3738; baseline 0.002 -17"><span class='ocrx_word' id='word_1_474' title='bbox 546 3687 565 3720; x_wconf 82' lang='grc' dir='ltr'><strong>ι</strong></span> <span class='ocrx_word' id='word_1_475' title='bbox 601 3677 808 3724; x_wconf 75' lang='lat' dir='ltr'><strong>naturae</strong></span> <span class='ocrx_word' id='word_1_476' title='bbox 831 3669 1212 3724; x_wconf 86' lang='lat' dir='ltr'><strong>necessitatem</strong></span> <span class='ocrx_word' id='word_1_477' title='bbox 1247 3669 1574 3723; x_wconf 86' lang='lat' dir='ltr'><strong>moriturum</strong></span> <span class='ocrx_word' id='word_1_478' title='bbox 1616 3667 1788 3725; x_wconf 78' lang='lat' dir='ltr'><strong>fuisse</strong></span> <span class='ocrx_word' id='word_1_479' title='bbox 1822 3670 2041 3738; x_wconf 82' lang='lat' dir='ltr'><strong>asserit,</strong></span> 
     </span>
    </p>
   </div>
   <div class='ocr_carea' id='block_1_66' title="bbox 546 3761 1068 3817">
    <p class='ocr_par' dir='ltr' id='par_1_66' title="bbox 546 3761 1068 3817">
     <span class='ocr_line' id='line_1_66' title="bbox 546 3761 1068 3817; baseline 0 -3"><span class='ocrx_word' id='word_1_480' title='bbox 546 3781 565 3814; x_wconf 78' lang='grc' dir='ltr'><strong>ι</strong></span> <span class='ocrx_word' id='word_1_481' title='bbox 605 3763 891 3817; x_wconf 86' lang='lat' dir='ltr'><strong>anathema</strong></span> <span class='ocrx_word' id='word_1_482' title='bbox 925 3761 1013 3817; x_wconf 91' lang='lat' dir='ltr'><strong>sit.</strong></span> <span class='ocrx_word' id='word_1_483' title='bbox 1048 3780 1068 3814; x_wconf 73' lang='grc' dir='ltr'><strong>ι</strong></span> 
     </span>
    </p>
   </div>
   <div class='ocr_carea' id='block_1_67' title="bbox 927 3899 1587 3974">
    <p class='ocr_par' dir='ltr' id='par_1_67' title="bbox 927 3899 1587 3974">
     <span class='ocr_line' id='line_1_67' title="bbox 927 3899 1587 3974; baseline 0.003 -18"><span class='ocrx_word' id='word_1_484' title='bbox 927 3899 1092 3974; x_wconf 68' lang='grc'><strong>646</strong></span> <span class='ocrx_word' id='word_1_485' title='bbox 1138 3899 1370 3956; x_wconf 81' lang='lat' dir='ltr'><strong>CANON</strong></span> <span class='ocrx_word' id='word_1_486' title='bbox 1426 3899 1587 3958; x_wconf 85' lang='lat' dir='ltr'><strong>cxu.</strong></span> 
     </span>
    </p>
   </div>
   <div class='ocr_carea' id='block_1_68' title="bbox 475 4019 2051 4089">
    <p class='ocr_par' dir='ltr' id='par_1_68' title="bbox 475 4019 2051 4089">
     <span class='ocr_line' id='line_1_68' title="bbox 475 4019 2051 4089; baseline 0.001 -18"><span class='ocrx_word' id='word_1_487' title='bbox 475 4039 495 4071; x_wconf 72' lang='grc' dir='ltr'><strong>ε</strong></span> <span class='ocrx_word' id='word_1_488' title='bbox 535 4019 690 4089; x_wconf 85' lang='lat' dir='ltr'><strong>Quod</strong></span> <span class='ocrx_word' id='word_1_489' title='bbox 717 4020 956 4076; x_wconf 78' lang='lat' dir='ltr'><strong>infantes</strong></span> <span class='ocrx_word' id='word_1_490' title='bbox 985 4020 1038 4074; x_wconf 88' lang='lat' dir='ltr'><strong>in</strong></span> <span class='ocrx_word' id='word_1_491' title='bbox 1089 4028 1434 4089; x_wconf 80' lang='lat' dir='ltr'><strong>peccatorum</strong></span> <span class='ocrx_word' id='word_1_492' title='bbox 1470 4020 1845 4077; x_wconf 88' lang='lat' dir='ltr'><strong>remissionem</strong></span> <span class='ocrx_word' id='word_1_493' title='bbox 1872 4019 2051 4088; x_wconf 87' lang='lat' dir='ltr'><strong>bapti-</strong></span> 
     </span>
    </p>
   </div>
   <div class='ocr_carea' id='block_1_69' title="bbox 549 4113 2052 4184">
    <p class='ocr_par' dir='ltr' id='par_1_69' title="bbox 549 4113 2052 4184">
     <span class='ocr_line' id='line_1_69' title="bbox 549 4113 2052 4184; baseline -0.001 -17"><span class='ocrx_word' id='word_1_494' title='bbox 549 4135 566 4167; x_wconf 82' lang='grc' dir='ltr'><strong>ι</strong></span> <span class='ocrx_word' id='word_1_495' title='bbox 604 4113 1100 4184; x_wconf 84' lang='lat' dir='ltr'><strong>zantur._Similiter</strong></span> <span class='ocrx_word' id='word_1_496' title='bbox 1126 4113 1345 4183; x_wconf 87' lang='lat' dir='ltr'><strong>placuit,</strong></span> <span class='ocrx_word' id='word_1_497' title='bbox 1366 4122 1424 4167; x_wconf 92' lang='lat' dir='ltr'><strong>ut</strong></span> <span class='ocrx_word' id='word_1_498' title='bbox 1446 4113 1755 4182; x_wconf 90' lang='lat' dir='ltr'><strong>quicunque</strong></span> <span class='ocrx_word' id='word_1_499' title='bbox 1777 4127 1972 4182; x_wconf 87' lang='lat' dir='ltr'><strong>parvos</strong></span> <span class='ocrx_word' id='word_1_500' title='bbox 1996 4122 2052 4167; x_wconf 91' lang='lat' dir='ltr'><strong>et</strong></span> 
     </span>
    </p>
   </div>
   <div class='ocr_carea' id='block_1_70' title="bbox 552 4204 2046 4272">
    <p class='ocr_par' dir='ltr' id='par_1_70' title="bbox 552 4204 2046 4272">
     <span class='ocr_line' id='line_1_70' title="bbox 552 4204 2046 4272; baseline -0.002 -12"><span class='ocrx_word' id='word_1_501' title='bbox 552 4229 568 4260; x_wconf 80' lang='grc' dir='ltr'><strong>ι</strong></span> <span class='ocrx_word' id='word_1_502' title='bbox 597 4223 788 4264; x_wconf 88' lang='lat' dir='ltr'><strong>recens</strong></span> <span class='ocrx_word' id='word_1_503' title='bbox 816 4218 968 4263; x_wconf 93' lang='lat' dir='ltr'><strong>natos</strong></span> <span class='ocrx_word' id='word_1_504' title='bbox 993 4206 1230 4261; x_wconf 82' lang='lat' dir='ltr'><strong>infantes</strong></span> <span class='ocrx_word' id='word_1_505' title='bbox 1257 4207 1324 4260; x_wconf 90' lang='lat' dir='ltr'><strong>ab</strong></span> <span class='ocrx_word' id='word_1_506' title='bbox 1356 4217 1511 4260; x_wconf 87' lang='lat' dir='ltr'><strong>utero</strong></span> <span class='ocrx_word' id='word_1_507' title='bbox 1540 4207 1730 4259; x_wconf 86' lang='lat' dir='ltr'><strong>matris</strong></span> <span class='ocrx_word' id='word_1_508' title='bbox 1758 4204 2046 4272; x_wconf 87' lang='lat' dir='ltr'><strong>baptizan-</strong></span> 
     </span>
    </p>
   </div>
   <div class='ocr_carea' id='block_1_71' title="bbox 540 4297 2054 4370">
    <p class='ocr_par' dir='ltr' id='par_1_71' title="bbox 540 4297 2054 4370">
     <span class='ocr_line' id='line_1_71' title="bbox 540 4297 2054 4370; baseline -0.003 -18"><span class='ocrx_word' id='word_1_509' title='bbox 540 4321 557 4352; x_wconf 82' lang='grc' dir='ltr'><strong>ι</strong></span> <span class='ocrx_word' id='word_1_510' title='bbox 607 4301 702 4355; x_wconf 89' lang='lat' dir='ltr'><strong>dos</strong></span> <span class='ocrx_word' id='word_1_511' title='bbox 727 4315 846 4356; x_wconf 89' lang='lat' dir='ltr'><strong>esse</strong></span> <span class='ocrx_word' id='word_1_512' title='bbox 872 4307 1028 4370; x_wconf 83' lang='lat' dir='ltr'><strong>negat</strong></span> <span class='ocrx_word' id='word_1_513' title='bbox 1053 4340 1067 4365; x_wconf 91' lang='lat'><strong>,</strong></span> <span class='ocrx_word' id='word_1_514' title='bbox 1097 4299 1182 4354; x_wconf 79' lang='lat' dir='ltr'><strong>vel</strong></span> <span class='ocrx_word' id='word_1_515' title='bbox 1215 4298 1345 4352; x_wconf 91' lang='lat' dir='ltr'><strong>dicit</strong></span> <span class='ocrx_word' id='word_1_516' title='bbox 1374 4298 1427 4352; x_wconf 91' lang='lat' dir='ltr'><strong>in</strong></span> <span class='ocrx_word' id='word_1_517' title='bbox 1457 4297 1828 4352; x_wconf 86' lang='lat' dir='ltr'><strong>remissionem</strong></span> <span class='ocrx_word' id='word_1_518' title='bbox 1858 4309 2054 4364; x_wconf 87' lang='lat' dir='ltr'><strong>pecca-</strong></span> 
     </span>
    </p>
   </div>
   <div class='ocr_carea' id='block_1_72' title="bbox 539 4389 2053 4462">
    <p class='ocr_par' dir='ltr' id='par_1_72' title="bbox 539 4389 2053 4462">
     <span class='ocr_line' id='line_1_72' title="bbox 539 4389 2053 4462; baseline -0.001 -18"><span class='ocrx_word' id='word_1_519' title='bbox 539 4413 555 4444; x_wconf 80' lang='grc' dir='ltr'><strong>ε</strong></span> <span class='ocrx_word' id='word_1_520' title='bbox 602 4403 778 4448; x_wconf 87' lang='lat' dir='ltr'><strong>torum</strong></span> <span class='ocrx_word' id='word_1_521' title='bbox 838 4392 1125 4462; x_wconf 81' lang='lat' dir='ltr'><strong>baptizari,</strong></span> <span class='ocrx_word' id='word_1_522' title='bbox 1157 4406 1262 4447; x_wconf 91' lang='lat' dir='ltr'><strong>non</strong></span> <span class='ocrx_word' id='word_1_523' title='bbox 1291 4401 1469 4444; x_wconf 91' lang='lat' dir='ltr'><strong>autem</strong></span> <span class='ocrx_word' id='word_1_524' title='bbox 1488 4404 1554 4444; x_wconf 82' lang='lat' dir='ltr'><strong>ex</strong></span> <span class='ocrx_word' id='word_1_525' title='bbox 1606 4389 1762 4459; x_wconf 91' lang='lat' dir='ltr'><strong>primi</strong></span> <span class='ocrx_word' id='word_1_526' title='bbox 1813 4389 2053 4457; x_wconf 87' lang='lat' dir='ltr'><strong>parentis</strong></span> 
     </span>
    </p>
   </div>
   <div class='ocr_carea' id='block_1_73' title="bbox 545 4461 2134 4555">
    <p class='ocr_par' dir='ltr' id='par_1_73' title="bbox 545 4461 2134 4555">
     <span class='ocr_line' id='line_1_73' title="bbox 545 4461 2134 4555; baseline -0.004 -18"><span class='ocrx_word' id='word_1_527' title='bbox 545 4507 560 4537; x_wconf 79' lang='grc' dir='ltr'><strong>ι</strong></span> <span class='ocrx_word' id='word_1_528' title='bbox 599 4485 771 4541; x_wconf 86' lang='lat' dir='ltr'><strong>Adam</strong></span> <span class='ocrx_word' id='word_1_529' title='bbox 791 4461 1012 4555; x_wconf 74' lang='lat' dir='ltr'><strong>peccato</strong></span> <span class='ocrx_word' id='word_1_530' title='bbox 1035 4485 1329 4554; x_wconf 82' lang='lat' dir='ltr'><strong>quidquam</strong></span> <span class='ocrx_word' id='word_1_531' title='bbox 1346 4482 1580 4547; x_wconf 88' lang='lat' dir='ltr'><strong>trahere,</strong></span> <span class='ocrx_word' id='word_1_532' title='bbox 1608 4480 1750 4550; x_wconf 88' lang='lat' dir='ltr'><strong>quod</strong></span> <span class='ocrx_word' id='word_1_533' title='bbox 1768 4478 1961 4535; x_wconf 90' lang='lat' dir='ltr'><strong>debeat</strong></span> <span class='ocrx_word' id='word_1_534' title='bbox 1979 4479 2058 4532; x_wconf 89' lang='lat' dir='ltr'><strong>la-</strong></span> <span class='ocrx_word' id='word_1_535' title='bbox 2091 4461 2134 4515; x_wconf 82' lang='grc' dir='ltr'>Ῑ)</span> 
     </span>
    </p>
   </div>
   <div class='ocr_carea' id='block_1_74' title="bbox 549 4572 2056 4648">
    <p class='ocr_par' dir='ltr' id='par_1_74' title="bbox 549 4572 2056 4648">
     <span class='ocr_line' id='line_1_74' title="bbox 549 4572 2056 4648; baseline -0.001 -18"><span class='ocrx_word' id='word_1_536' title='bbox 549 4599 565 4630; x_wconf 75' lang='grc' dir='ltr'><strong>ι</strong></span> <span class='ocrx_word' id='word_1_537' title='bbox 607 4594 768 4634; x_wconf 84' lang='lat' dir='ltr'><strong>vaero</strong></span> <span class='ocrx_word' id='word_1_538' title='bbox 805 4576 1228 4648; x_wconf 81' lang='lat' dir='ltr'><strong>regenerationis</strong></span> <span class='ocrx_word' id='word_1_539' title='bbox 1276 4573 1495 4646; x_wconf 82' lang='lat' dir='ltr'><strong>purgari</strong></span> <span class='ocrx_word' id='word_1_540' title='bbox 1535 4572 1699 4646; x_wconf 91' lang='lat' dir='ltr'><strong>(unde</strong></span> <span class='ocrx_word' id='word_1_541' title='bbox 1731 4583 1817 4629; x_wconf 86' lang='lat' dir='ltr'><strong>est</strong></span> <span class='ocrx_word' id='word_1_542' title='bbox 1863 4587 2056 4629; x_wconf 87' lang='lat' dir='ltr'><strong>conse-</strong></span> 
     </span>
    </p>
   </div>
   <div class='ocr_carea' id='block_1_75' title="bbox 2149 3205 3710 3288">
    <p class='ocr_par' dir='ltr' id='par_1_75' title="bbox 2149 3205 3710 3288">
     <span class='ocr_line' id='line_1_75' title="bbox 2149 3205 3710 3288; baseline -0.009 -16"><span class='ocrx_word' id='word_1_543' title='bbox 2149 3217 2470 3288; x_wconf 78' lang='grc' dir='ltr'>ἐπεισῆλθεν</span> <span class='ocrx_word' id='word_1_544' title='bbox 2500 3219 2528 3270; x_wconf 89' lang='grc' dir='ltr'><strong>ό</strong></span> <span class='ocrx_word' id='word_1_545' title='bbox 2559 3215 2809 3281; x_wconf 82' lang='grc' dir='ltr'>θάνατος,</span> <span class='ocrx_word' id='word_1_546' title='bbox 2841 3217 2976 3269; x_wconf 77' lang='grc' dir='ltr'>ἀλλὰ</span> <span class='ocrx_word' id='word_1_547' title='bbox 3013 3216 3102 3269; x_wconf 80' lang='grc' dir='ltr'>διὰ</span> <span class='ocrx_word' id='word_1_548' title='bbox 3129 3215 3228 3284; x_wconf 84' lang='grc' dir='ltr'>τὴν</span> <span class='ocrx_word' id='word_1_549' title='bbox 3285 3214 3444 3284; x_wconf 76' lang='grc' dir='ltr'>φύσιν</span> <span class='ocrx_word' id='word_1_550' title='bbox 3477 3205 3710 3275; x_wconf 74' lang='grc' dir='ltr'>τοιαύτην</span> 
     </span>
    </p>
   </div>
   <div class='ocr_carea' id='block_1_76' title="bbox 2146 3297 3704 3379">
    <p class='ocr_par' dir='ltr' id='par_1_76' title="bbox 2146 3297 3704 3379">
     <span class='ocr_line' id='line_1_76' title="bbox 2146 3297 3704 3379; baseline -0.008 -16"><span class='ocrx_word' id='word_1_551' title='bbox 2146 3311 2438 3379; x_wconf 74' lang='grc' dir='ltr'>γεγονυῖαν</span> <span class='ocrx_word' id='word_1_552' title='bbox 2485 3307 2752 3379; x_wconf 79' lang='grc' dir='ltr'>ἀρχῆθεν.</span> <span class='ocrx_word' id='word_1_553' title='bbox 2778 3308 2901 3360; x_wconf 85' lang='grc' dir='ltr'>Τῶν</span> <span class='ocrx_word' id='word_1_554' title='bbox 2946 3304 3042 3362; x_wconf 73' lang='grc' dir='ltr'><strong>οὖν</strong></span> <span class='ocrx_word' id='word_1_555' title='bbox 3078 3306 3254 3361; x_wconf 79' lang='grc' dir='ltr'>ταῦτα</span> <span class='ocrx_word' id='word_1_556' title='bbox 3305 3303 3637 3378; x_wconf 77' lang='grc' dir='ltr'>φρονούντων</span> <span class='ocrx_word' id='word_1_557' title='bbox 3662 3297 3704 3348; x_wconf 77' lang='grc' dir='ltr'>οε</span> 
     </span>
    </p>
   </div>
   <div class='ocr_carea' id='block_1_77' title="bbox 2145 3387 3706 3473">
    <p class='ocr_par' dir='ltr' id='par_1_77' title="bbox 2145 3387 3706 3473">
     <span class='ocr_line' id='line_1_77' title="bbox 2145 3387 3706 3473; baseline -0.009 -18"><span class='ocrx_word' id='word_1_558' title='bbox 2145 3403 2244 3472; x_wconf 84' lang='grc' dir='ltr'>τῆς</span> <span class='ocrx_word' id='word_1_559' title='bbox 2277 3401 2497 3454; x_wconf 86' lang='grc' dir='ltr'>συνόδου</span> <span class='ocrx_word' id='word_1_560' title='bbox 2526 3400 2733 3471; x_wconf 86' lang='grc' dir='ltr'>ταύτης</span> <span class='ocrx_word' id='word_1_561' title='bbox 2765 3400 3008 3473; x_wconf 82' lang='grc' dir='ltr'>Πατέρες</span> <span class='ocrx_word' id='word_1_562' title='bbox 3039 3399 3489 3472; x_wconf 69' lang='grc' dir='ltr'>κατεψηφίσαντο</span> <span class='ocrx_word' id='word_1_563' title='bbox 3510 3395 3567 3448; x_wconf 86' lang='grc' dir='ltr'><strong>τὸ</strong></span> <span class='ocrx_word' id='word_1_564' title='bbox 3593 3387 3706 3446; x_wconf 83' lang='grc' dir='ltr'>ἀνά-</span> 
     </span>
    </p>
   </div>
   <div class='ocr_carea' id='block_1_78' title="bbox 2150 3494 2311 3558">
    <p class='ocr_par' dir='ltr' id='par_1_78' title="bbox 2150 3494 2311 3558">
     <span class='ocr_line' id='line_1_78' title="bbox 2150 3494 2311 3558; baseline -0.006 -11"><span class='ocrx_word' id='word_1_565' title='bbox 2150 3494 2311 3558; x_wconf 86' lang='grc' dir='ltr'>θεμα.</span> 
     </span>
    </p>
   </div>
   <div class='ocr_carea' id='block_1_79' title="bbox 2150 3573 3708 3660">
    <p class='ocr_par' dir='ltr' id='par_1_79' title="bbox 2150 3573 3708 3660">
     <span class='ocr_line' id='line_1_79' title="bbox 2150 3573 3708 3660; baseline -0.011 -16"><span class='ocrx_word' id='word_1_566' title='bbox 2150 3590 2374 3644; x_wconf 81' lang='grc' dir='ltr'><strong>ΑΡΙΣΤ.</strong></span> <span class='ocrx_word' id='word_1_567' title='bbox 2447 3609 2466 3641; x_wconf 81' lang='grc' dir='ltr'><strong>ι</strong></span> <span class='ocrx_word' id='word_1_568' title='bbox 2524 3591 2581 3644; x_wconf 90' lang='lat'><strong>&#39;0</strong></span> <span class='ocrx_word' id='word_1_569' title='bbox 2625 3590 2718 3644; x_wconf 77' lang='grc' dir='ltr'><strong>τὸν</strong></span> <span class='ocrx_word' id='word_1_570' title='bbox 2761 3589 3193 3660; x_wconf 82' lang='grc' dir='ltr'>πρωτόπλαστον</span> <span class='ocrx_word' id='word_1_571' title='bbox 3239 3581 3577 3655; x_wconf 79' lang='grc' dir='ltr'>δογματίζων</span> <span class='ocrx_word' id='word_1_572' title='bbox 3624 3573 3708 3628; x_wconf 74' lang='grc' dir='ltr'><strong>καὶ</strong></span> 
     </span>
    </p>
   </div>
   <div class='ocr_carea' id='block_1_80' title="bbox 2228 3671 3706 3751">
    <p class='ocr_par' dir='ltr' id='par_1_80' title="bbox 2228 3671 3706 3751">
     <span class='ocr_line' id='line_1_80' title="bbox 2228 3671 3706 3751; baseline 0.001 -19"><span class='ocrx_word' id='word_1_573' title='bbox 2228 3699 2246 3732; x_wconf 83' lang='grc' dir='ltr'><strong>ι</strong></span> <span class='ocrx_word' id='word_1_574' title='bbox 2297 3681 2420 3751; x_wconf 84' lang='grc' dir='ltr'>δίχα</span> <span class='ocrx_word' id='word_1_575' title='bbox 2449 3680 2552 3749; x_wconf 82' lang='grc' dir='ltr'><strong>τῆς</strong></span> <span class='ocrx_word' id='word_1_576' title='bbox 2583 3682 2859 3751; x_wconf 79' lang='grc' dir='ltr'>ἁμαρτίας</span> <span class='ocrx_word' id='word_1_577' title='bbox 2885 3678 3316 3750; x_wconf 84' lang='grc' dir='ltr'>τεθνηξόμενον,</span> <span class='ocrx_word' id='word_1_578' title='bbox 3353 3677 3440 3730; x_wconf 68' lang='grc' dir='ltr'><strong>διὰ</strong></span> <span class='ocrx_word' id='word_1_579' title='bbox 3477 3671 3706 3738; x_wconf 78' lang='grc' dir='ltr'>ἀνάγκην</span> 
     </span>
    </p>
   </div>
   <div class='ocr_carea' id='block_1_81' title="bbox 2233 3772 3159 3846">
    <p class='ocr_par' dir='ltr' id='par_1_81' title="bbox 2233 3772 3159 3846">
     <span class='ocr_line' id='line_1_81' title="bbox 2233 3772 3159 3846; baseline -0.002 -22"><span class='ocrx_word' id='word_1_580' title='bbox 2233 3793 2250 3824; x_wconf 82' lang='grc' dir='ltr'><strong>ι</strong></span> <span class='ocrx_word' id='word_1_581' title='bbox 2292 3773 2392 3843; x_wconf 80' lang='grc' dir='ltr'><strong>τῆς</strong></span> <span class='ocrx_word' id='word_1_582' title='bbox 2423 3772 2663 3842; x_wconf 83' lang='grc' dir='ltr'>φύσεως,</span> <span class='ocrx_word' id='word_1_583' title='bbox 2701 3775 2816 3846; x_wconf 76' lang='grc' dir='ltr'>ἤτω</span> <span class='ocrx_word' id='word_1_584' title='bbox 2847 3773 3159 3840; x_wconf 81' lang='grc' dir='ltr'>ἀνάθεμα.»</span> 
     </span>
    </p>
   </div>
   <div class='ocr_carea' id='block_1_82' title="bbox 2735 3907 3154 3961">
    <p class='ocr_par' dir='ltr' id='par_1_82' title="bbox 2735 3907 3154 3961">
     <span class='ocr_line' id='line_1_82' title="bbox 2735 3907 3154 3961; baseline 0 -1"><span class='ocrx_word' id='word_1_585' title='bbox 2735 3908 2978 3961; x_wconf 83' lang='grc' dir='ltr'><strong>ΚΑΝΩΝ</strong></span> <span class='ocrx_word' id='word_1_586' title='bbox 3009 3907 3154 3961; x_wconf 85' lang='grc' dir='ltr'><strong>ΡΙΒ⁹.</strong></span> 
     </span>
    </p>
   </div>
   <div class='ocr_carea' id='block_1_83' title="bbox 2159 4011 3709 4092">
    <p class='ocr_par' dir='ltr' id='par_1_83' title="bbox 2159 4011 3709 4092">
     <span class='ocr_line' id='line_1_83' title="bbox 2159 4011 3709 4092; baseline -0.008 -20"><span class='ocrx_word' id='word_1_587' title='bbox 2159 4042 2178 4072; x_wconf 80' lang='grc' dir='ltr'><strong>ι</strong></span> <span class='ocrx_word' id='word_1_588' title='bbox 2220 4022 2343 4074; x_wconf 81' lang='grc' dir='ltr'>Ὀτι</span> <span class='ocrx_word' id='word_1_589' title='bbox 2374 4020 2442 4074; x_wconf 80' lang='grc' dir='ltr'>τὰ</span> <span class='ocrx_word' id='word_1_590' title='bbox 2471 4021 2648 4092; x_wconf 82' lang='grc' dir='ltr'>μικρά</span> <span class='ocrx_word' id='word_1_591' title='bbox 2677 4021 2754 4082; x_wconf 86' lang='grc' dir='ltr'><strong>είς</strong></span> <span class='ocrx_word' id='word_1_592' title='bbox 2779 4019 2974 4088; x_wconf 68' lang='grc' dir='ltr'>ἄφεσιν</span> <span class='ocrx_word' id='word_1_593' title='bbox 3013 4017 3306 4087; x_wconf 83' lang='grc' dir='ltr'>ἁμαρτιῶν</span> <span class='ocrx_word' id='word_1_594' title='bbox 3355 4011 3709 4086; x_wconf 77' lang='grc' dir='ltr'>βαπτίζονται.</span> 
     </span>
    </p>
   </div>
   <div class='ocr_carea' id='block_1_84' title="bbox 2231 4097 3711 4183">
    <p class='ocr_par' dir='ltr' id='par_1_84' title="bbox 2231 4097 3711 4183">
     <span class='ocr_line' id='line_1_84' title="bbox 2231 4097 3711 4183; baseline -0.011 -14"><span class='ocrx_word' id='word_1_595' title='bbox 2231 4133 2250 4164; x_wconf 74' lang='grc' dir='ltr'>σ</span> <span class='ocrx_word' id='word_1_596' title='bbox 2307 4113 2544 4182; x_wconf 79' lang='grc' dir='ltr'>Ὀμοίως</span> <span class='ocrx_word' id='word_1_597' title='bbox 2577 4113 2796 4183; x_wconf 75' lang='grc' dir='ltr'>ἤρεσεν,</span> <span class='ocrx_word' id='word_1_598' title='bbox 2828 4111 2915 4163; x_wconf 74' lang='grc' dir='ltr'>ἵνα</span> <span class='ocrx_word' id='word_1_599' title='bbox 2941 4109 3302 4179; x_wconf 80' lang='grc' dir='ltr'>ὁστισδήποτε</span> <span class='ocrx_word' id='word_1_600' title='bbox 3338 4108 3404 4160; x_wconf 83' lang='grc' dir='ltr'>τὰ</span> <span class='ocrx_word' id='word_1_601' title='bbox 3437 4102 3605 4176; x_wconf 80' lang='grc' dir='ltr'>μικρὰ</span> <span class='ocrx_word' id='word_1_602' title='bbox 3628 4097 3711 4150; x_wconf 78' lang='grc' dir='ltr'>καὶ</span> 
     </span>
    </p>
   </div>
   <div class='ocr_carea' id='block_1_85' title="bbox 2235 4196 3710 4279">
    <p class='ocr_par' dir='ltr' id='par_1_85' title="bbox 2235 4196 3710 4279">
     <span class='ocr_line' id='line_1_85' title="bbox 2235 4196 3710 4279; baseline -0.01 -16"><span class='ocrx_word' id='word_1_603' title='bbox 2235 4227 2255 4262; x_wconf 80' lang='grc' dir='ltr'><strong>ι</strong></span> <span class='ocrx_word' id='word_1_604' title='bbox 2300 4209 2626 4279; x_wconf 82' lang='grc' dir='ltr'>νεογέννητα</span> <span class='ocrx_word' id='word_1_605' title='bbox 2681 4209 2746 4261; x_wconf 80' lang='grc' dir='ltr'><strong>ἐκ</strong></span> <span class='ocrx_word' id='word_1_606' title='bbox 2800 4208 2910 4261; x_wconf 86' lang='grc' dir='ltr'><strong>τῶν</strong></span> <span class='ocrx_word' id='word_1_607' title='bbox 2975 4205 3268 4275; x_wconf 82' lang='grc' dir='ltr'>γαστέρων</span> <span class='ocrx_word' id='word_1_608' title='bbox 3315 4202 3423 4257; x_wconf 85' lang='grc' dir='ltr'><strong>τῶν</strong></span> <span class='ocrx_word' id='word_1_609' title='bbox 3482 4196 3710 4269; x_wconf 83' lang='grc' dir='ltr'>μητέρων</span> 
     </span>
    </p>
   </div>
   <div class='ocr_carea' id='block_1_86' title="bbox 2237 4292 3713 4374">
    <p class='ocr_par' dir='ltr' id='par_1_86' title="bbox 2237 4292 3713 4374">
     <span class='ocr_line' id='line_1_86' title="bbox 2237 4292 3713 4374; baseline -0.023 -5"><span class='ocrx_word' id='word_1_610' title='bbox 2237 4322 2254 4354; x_wconf 72' lang='grc' dir='ltr'><strong>ε</strong></span> <span class='ocrx_word' id='word_1_611' title='bbox 2304 4303 2694 4374; x_wconf 79' lang='grc' dir='ltr'>βαπτιζόμενα</span> <span class='ocrx_word' id='word_1_612' title='bbox 2740 4304 3032 4373; x_wconf 87' lang='grc' dir='ltr'>ἀρνεῖται,</span> <span class='ocrx_word' id='word_1_613' title='bbox 3094 4301 3128 4371; x_wconf 81' lang='grc' dir='ltr'><strong>ἢ</strong></span> <span class='ocrx_word' id='word_1_614' title='bbox 3185 4299 3335 4370; x_wconf 79' lang='grc' dir='ltr'>λέγει</span> <span class='ocrx_word' id='word_1_615' title='bbox 3405 4298 3482 4358; x_wconf 83' lang='grc' dir='ltr'><strong>είς</strong></span> <span class='ocrx_word' id='word_1_616' title='bbox 3537 4292 3713 4359; x_wconf 78' lang='grc' dir='ltr'>ἄφεσιν</span> 
     </span>
    </p>
   </div>
   <div class='ocr_carea' id='block_1_87' title="bbox 2237 4378 3716 4468">
    <p class='ocr_par' dir='ltr' id='par_1_87' title="bbox 2237 4378 3716 4468">
     <span class='ocr_line' id='line_1_87' title="bbox 2237 4378 3716 4468; baseline -0.007 -21"><span class='ocrx_word' id='word_1_617' title='bbox 2237 4415 2254 4447; x_wconf 86' lang='grc' dir='ltr'><strong>ι</strong></span> <span class='ocrx_word' id='word_1_618' title='bbox 2303 4396 2590 4468; x_wconf 78' lang='grc' dir='ltr'>ἁμαρτιῶν</span> <span class='ocrx_word' id='word_1_619' title='bbox 2635 4393 2777 4449; x_wconf 83' lang='grc' dir='ltr'>αὐτὰ</span> <span class='ocrx_word' id='word_1_620' title='bbox 2818 4394 3206 4466; x_wconf 80' lang='grc' dir='ltr'>βαπτίζεσθαι,</span> <span class='ocrx_word' id='word_1_621' title='bbox 3243 4391 3410 4463; x_wconf 86' lang='grc' dir='ltr'>μηδὲν</span> <span class='ocrx_word' id='word_1_622' title='bbox 3452 4386 3507 4440; x_wconf 85' lang='grc' dir='ltr'><strong>δὲ</strong></span> <span class='ocrx_word' id='word_1_623' title='bbox 3543 4386 3602 4436; x_wconf 84' lang='grc' dir='ltr'>ἐκ</span> <span class='ocrx_word' id='word_1_624' title='bbox 3629 4378 3716 4445; x_wconf 79' lang='grc' dir='ltr'><strong>τῆς</strong></span> 
     </span>
    </p>
   </div>
   <div class='ocr_carea' id='block_1_88' title="bbox 2240 4467 3717 4557">
    <p class='ocr_par' dir='ltr' id='par_1_88' title="bbox 2240 4467 3717 4557">
     <span class='ocr_line' id='line_1_88' title="bbox 2240 4467 3717 4557; baseline -0.009 -17"><span class='ocrx_word' id='word_1_625' title='bbox 2240 4509 2257 4540; x_wconf 85' lang='grc' dir='ltr'><strong>ι</strong></span> <span class='ocrx_word' id='word_1_626' title='bbox 2303 4467 2398 4542; x_wconf 83' lang='grc' dir='ltr'>τοῦ</span> <span class='ocrx_word' id='word_1_627' title='bbox 2474 4487 2644 4557; x_wconf 80' lang='grc' dir='ltr'>Ἀδὰμ</span> <span class='ocrx_word' id='word_1_628' title='bbox 2695 4487 2876 4540; x_wconf 73' lang='grc' dir='ltr'>ἕλκειν</span> <span class='ocrx_word' id='word_1_629' title='bbox 2947 4484 3287 4556; x_wconf 80' lang='grc' dir='ltr'>προγονικῆς</span> <span class='ocrx_word' id='word_1_630' title='bbox 3343 4475 3612 4550; x_wconf 79' lang='grc' dir='ltr'>ἁμαρτίας</span> <span class='ocrx_word' id='word_1_631' title='bbox 3665 4467 3717 4520; x_wconf 73' lang='grc' dir='ltr'>τὸ</span> 
     </span>
    </p>
   </div>
   <div class='ocr_carea' id='block_1_89' title="bbox 2243 4566 3720 4662">
    <p class='ocr_par' dir='ltr' id='par_1_89' title="bbox 2243 4566 3720 4662">
     <span class='ocr_line' id='line_1_89' title="bbox 2243 4566 3720 4662; baseline -0.003 -32"><span class='ocrx_word' id='word_1_632' title='bbox 2243 4601 2263 4662; x_wconf 63' lang='grc' dir='ltr'><strong>ι</strong></span> <span class='ocrx_word' id='word_1_633' title='bbox 2308 4579 2522 4648; x_wconf 84' lang='grc' dir='ltr'>ὀφεῖλον</span> <span class='ocrx_word' id='word_1_634' title='bbox 2553 4577 2901 4649; x_wconf 78' lang='grc' dir='ltr'>καθαρθῆναι</span> <span class='ocrx_word' id='word_1_635' title='bbox 2955 4575 3034 4646; x_wconf 84' lang='grc' dir='ltr'>τῷ</span> <span class='ocrx_word' id='word_1_636' title='bbox 3073 4577 3287 4646; x_wconf 82' lang='grc' dir='ltr'>λουτρῷ</span> <span class='ocrx_word' id='word_1_637' title='bbox 3341 4573 3441 4642; x_wconf 81' lang='grc' dir='ltr'><strong>τῆς</strong></span> <span class='ocrx_word' id='word_1_638' title='bbox 3473 4566 3720 4662; x_wconf 54' lang='lat' dir='ltr'><strong>natura:</strong></span> 
     </span>
    </p>
   </div>
   <div class='ocr_carea' id='block_1_90' title="bbox 2243 4647 3720 4740">
    <p class='ocr_par' dir='ltr' id='par_1_90' title="bbox 2243 4647 3720 4740">
     <span class='ocr_line' id='line_1_90' title="bbox 2243 4647 3720 4740; baseline -0.007 -18"><span class='ocrx_word' id='word_1_639' title='bbox 2243 4653 2263 4722; x_wconf 71' lang='grc' dir='ltr'>ἑ</span> <span class='ocrx_word' id='word_1_640' title='bbox 2306 4647 2490 4734; x_wconf 81' lang='grc' dir='ltr'>νεσίας</span> <span class='ocrx_word' id='word_1_641' title='bbox 2521 4669 2667 4740; x_wconf 84' lang='grc' dir='ltr'>(ὅθεν</span> <span class='ocrx_word' id='word_1_642' title='bbox 2693 4647 2902 4737; x_wconf 81' lang='grc' dir='ltr'>γίνεται</span> <span class='ocrx_word' id='word_1_643' title='bbox 2937 4667 3230 4722; x_wconf 90' lang='grc' dir='ltr'>ἀκόλουθον</span> <span class='ocrx_word' id='word_1_644' title='bbox 3264 4667 3346 4720; x_wconf 81' lang='grc' dir='ltr'>ὅτι</span> <span class='ocrx_word' id='word_1_645' title='bbox 3388 4665 3448 4715; x_wconf 79' lang='grc' dir='ltr'>ἐν</span> <span class='ocrx_word' id='word_1_646' title='bbox 3482 4647 3720 4712; x_wconf 77' lang='grc' dir='ltr'><strong>τούτοιςὁ</strong></span> 
     </span>
    </p>
   </div>
   <div class='ocr_carea' id='block_1_91' title="bbox 2243 4751 3720 4831">
    <p class='ocr_par' dir='ltr' id='par_1_91' title="bbox 2243 4751 3720 4831">
     <span class='ocr_line' id='line_1_91' title="bbox 2243 4751 3720 4831; baseline -0.01 -16"><span class='ocrx_word' id='word_1_647' title='bbox 2243 4783 2261 4814; x_wconf 86' lang='grc' dir='ltr'><strong>ι</strong></span> <span class='ocrx_word' id='word_1_648' title='bbox 2306 4762 2475 4826; x_wconf 81' lang='grc' dir='ltr'>τύπος</span> <span class='ocrx_word' id='word_1_649' title='bbox 2499 4752 2599 4815; x_wconf 73' lang='grc' dir='ltr'>’τοῦ</span> <span class='ocrx_word' id='word_1_650' title='bbox 2645 4763 2726 4824; x_wconf 89' lang='grc' dir='ltr'><strong>είς</strong></span> <span class='ocrx_word' id='word_1_651' title='bbox 2782 4761 2980 4831; x_wconf 74' lang='grc' dir='ltr'>ἄφεσιν</span> <span class='ocrx_word' id='word_1_652' title='bbox 3024 4757 3314 4830; x_wconf 79' lang='grc' dir='ltr'>ἁμαρτιῶν</span> <span class='ocrx_word' id='word_1_653' title='bbox 3365 4751 3720 4826; x_wconf 75' lang='grc' dir='ltr'>βαπτίσματος</span> 
     </span>
    </p>
   </div>
   <div class='ocr_carea' id='block_1_92' title="bbox 2244 4836 3717 4924">
    <p class='ocr_par' dir='ltr' id='par_1_92' title="bbox 2244 4836 3717 4924">
     <span class='ocr_line' id='line_1_92' title="bbox 2244 4836 3717 4924; baseline -0.003 -18"><span class='ocrx_word' id='word_1_654' title='bbox 2244 4875 2261 4906; x_wconf 83' lang='grc'><strong><em>‹</em></strong></span> <span class='ocrx_word' id='word_1_655' title='bbox 2309 4855 2410 4908; x_wconf 85' lang='grc' dir='ltr'><strong>οὐκ</strong></span> <span class='ocrx_word' id='word_1_656' title='bbox 2442 4853 2670 4924; x_wconf 81' lang='grc' dir='ltr'>ἀληθὴς,</span> <span class='ocrx_word' id='word_1_657' title='bbox 2699 4853 2834 4907; x_wconf 88' lang='grc' dir='ltr'><strong>ἀλλά</strong></span> <span class='ocrx_word' id='word_1_658' title='bbox 2890 4853 3127 4914; x_wconf 83' lang='grc' dir='ltr'>πλαστὸς</span> <span class='ocrx_word' id='word_1_659' title='bbox 3185 4847 3434 4917; x_wconf 87' lang='grc' dir='ltr'>νοεῖται),</span> <span class='ocrx_word' id='word_1_660' title='bbox 3488 4836 3717 4902; x_wconf 70' lang='grc' dir='ltr'>ἀνάθεμα</span> 
     </span>
    </p>
   </div>
   <div class='ocr_carea' id='block_1_93' title="bbox 2245 4928 3719 5017">
    <p class='ocr_par' dir='ltr' id='par_1_93' title="bbox 2245 4928 3719 5017">
     <span class='ocr_line' id='line_1_93' title="bbox 2245 4928 3719 5017; baseline -0.005 -18"><span class='ocrx_word' id='word_1_661' title='bbox 2245 4967 2262 4999; x_wconf 82' lang='grc' dir='ltr'><strong>ι</strong></span> <span class='ocrx_word' id='word_1_662' title='bbox 2312 4947 2397 5017; x_wconf 74' lang='grc' dir='ltr'><strong>εἴη</strong></span> <span class='ocrx_word' id='word_1_663' title='bbox 2424 4962 2438 4977; x_wconf 85' lang='grc'>⁶</span> <span class='ocrx_word' id='word_1_664' title='bbox 2474 4945 2664 5016; x_wconf 79' lang='grc' dir='ltr'>ἐπειδὴ</span> <span class='ocrx_word' id='word_1_665' title='bbox 2686 4947 2788 4998; x_wconf 84' lang='grc' dir='ltr'><strong>οὐκ</strong></span> <span class='ocrx_word' id='word_1_666' title='bbox 2812 4945 2988 5008; x_wconf 80' lang='grc' dir='ltr'>ἄλλως</span> <span class='ocrx_word' id='word_1_667' title='bbox 3017 4946 3101 4998; x_wconf 82' lang='grc' dir='ltr'>δεῖ</span> <span class='ocrx_word' id='word_1_668' title='bbox 3129 4947 3324 5016; x_wconf 84' lang='grc' dir='ltr'>νοῆσαι</span> <span class='ocrx_word' id='word_1_669' title='bbox 3364 4941 3422 4994; x_wconf 84' lang='grc' dir='ltr'><strong>τὸ</strong></span> <span class='ocrx_word' id='word_1_670' title='bbox 3452 4928 3719 5017; x_wconf 53' lang='grc' dir='ltr'>εἰρημένθν</span> 
     </span>
    </p>
   </div>
   <div class='ocr_carea' id='block_1_94' title="bbox 2247 5014 3716 5108">
    <p class='ocr_par' dir='ltr' id='par_1_94' title="bbox 2247 5014 3716 5108">
     <span class='ocr_line' id='line_1_94' title="bbox 2247 5014 3716 5108; baseline -0.011 -17"><span class='ocrx_word' id='word_1_671' title='bbox 2247 5055 2265 5089; x_wconf 86' lang='grc' dir='ltr'><strong>ι</strong></span> <span class='ocrx_word' id='word_1_672' title='bbox 2309 5014 2394 5106; x_wconf 28' lang='grc' dir='ltr'><strong>τῷ*</strong></span> <span class='ocrx_word' id='word_1_673' title='bbox 2427 5014 2760 5107; x_wconf 78' lang='grc' dir='ltr'>Ἀποστόλῳ,</span> <span class='ocrx_word' id='word_1_674' title='bbox 2799 5055 2817 5088; x_wconf 84' lang='grc' dir='ltr'><strong>ι</strong></span> <span class='ocrx_word' id='word_1_675' title='bbox 2853 5037 2932 5089; x_wconf 91' lang='grc' dir='ltr'><strong>Δι’</strong></span> <span class='ocrx_word' id='word_1_676' title='bbox 2968 5037 3087 5098; x_wconf 79' lang='grc' dir='ltr'>ἐνὸς</span> <span class='ocrx_word' id='word_1_677' title='bbox 3111 5014 3458 5108; x_wconf 82' lang='grc' dir='ltr'>ἀνθρώπουὴ</span> <span class='ocrx_word' id='word_1_678' title='bbox 3492 5014 3716 5108; x_wconf 49' lang='grc' dir='ltr'>ἁμαρτία</span> 
     </span>
    </p>
   </div>
   <div class='ocr_carea' id='block_1_95' title="bbox 2189 5106 3718 5200">
    <p class='ocr_par' dir='ltr' id='par_1_95' title="bbox 2189 5106 3718 5200">
     <span class='ocr_line' id='line_1_95' title="bbox 2189 5106 3718 5200; baseline -0.016 -19"><span class='ocrx_word' id='word_1_679' title='bbox 2189 5140 2194 5144; x_wconf 78' lang='lat'><strong><em>‘</em></strong></span> <span class='ocrx_word' id='word_1_680' title='bbox 2249 5147 2266 5180; x_wconf 91' lang='grc' dir='ltr'><strong>ι</strong></span> <span class='ocrx_word' id='word_1_681' title='bbox 2313 5127 2564 5200; x_wconf 74' lang='grc' dir='ltr'>εἰσῆλθεν</span> <span class='ocrx_word' id='word_1_682' title='bbox 2594 5129 2674 5190; x_wconf 82' lang='grc' dir='ltr'><strong>είς</strong></span> <span class='ocrx_word' id='word_1_683' title='bbox 2711 5106 2804 5181; x_wconf 84' lang='grc' dir='ltr'><strong>τὸν</strong></span> <span class='ocrx_word' id='word_1_684' title='bbox 2836 5127 3064 5199; x_wconf 86' lang='grc' dir='ltr'>κόσμον,</span> <span class='ocrx_word' id='word_1_685' title='bbox 3092 5131 3187 5182; x_wconf 74' lang='grc' dir='ltr'>καὶ</span> <span class='ocrx_word' id='word_1_686' title='bbox 3216 5106 3303 5182; x_wconf 72' lang='grc' dir='ltr'><strong>διὰ</strong></span> <span class='ocrx_word' id='word_1_687' title='bbox 3346 5125 3442 5194; x_wconf 84' lang='grc' dir='ltr'>τῆς</span> <span class='ocrx_word' id='word_1_688' title='bbox 3464 5106 3718 5188; x_wconf 79' lang='grc' dir='ltr'>ἁμαρτίας</span> 
     </span>
    </p>
   </div>
   <div class='ocr_carea' id='block_1_96' title="bbox 2247 5206 3716 5289">
    <p class='ocr_par' dir='ltr' id='par_1_96' title="bbox 2247 5206 3716 5289">
     <span class='ocr_line' id='line_1_96' title="bbox 2247 5206 3716 5289; baseline -0.013 -14"><span class='ocrx_word' id='word_1_689' title='bbox 2247 5242 2265 5275; x_wconf 87' lang='grc' dir='ltr'><strong>ι</strong></span> <span class='ocrx_word' id='word_1_690' title='bbox 2311 5224 2340 5275; x_wconf 85' lang='grc' dir='ltr'><strong>ὁ</strong></span> <span class='ocrx_word' id='word_1_691' title='bbox 2394 5222 2644 5289; x_wconf 84' lang='grc' dir='ltr'>θάνατος,</span> <span class='ocrx_word' id='word_1_692' title='bbox 2698 5224 2789 5276; x_wconf 74' lang='grc' dir='ltr'><strong>καὶ</strong></span> <span class='ocrx_word' id='word_1_693' title='bbox 2822 5221 2998 5285; x_wconf 78' lang='grc' dir='ltr'>οὕτως</span> <span class='ocrx_word' id='word_1_694' title='bbox 3045 5224 3124 5287; x_wconf 84' lang='grc' dir='ltr'>εἰς</span> <span class='ocrx_word' id='word_1_695' title='bbox 3180 5223 3389 5280; x_wconf 82' lang='grc' dir='ltr'>πάντας</span> <span class='ocrx_word' id='word_1_696' title='bbox 3420 5206 3716 5281; x_wconf 81' lang='grc' dir='ltr'>ἀνθρώπους</span> 
     </span>
    </p>
   </div>
   <div class='ocr_carea' id='block_1_97' title="bbox 543 4666 2060 4743">
    <p class='ocr_par' dir='ltr' id='par_1_97' title="bbox 543 4666 2060 4743">
     <span class='ocr_line' id='line_1_97' title="bbox 543 4666 2060 4743; baseline -0.003 -19"><span class='ocrx_word' id='word_1_697' title='bbox 543 4693 559 4724; x_wconf 77' lang='grc' dir='ltr'><strong>ι</strong></span> <span class='ocrx_word' id='word_1_698' title='bbox 603 4687 795 4743; x_wconf 84' lang='lat' dir='ltr'><strong>quens,</strong></span> <span class='ocrx_word' id='word_1_699' title='bbox 813 4671 957 4743; x_wconf 89' lang='lat' dir='ltr'><strong>quod</strong></span> <span class='ocrx_word' id='word_1_700' title='bbox 974 4672 1025 4725; x_wconf 92' lang='lat' dir='ltr'><strong>in</strong></span> <span class='ocrx_word' id='word_1_701' title='bbox 1044 4671 1129 4725; x_wconf 89' lang='lat' dir='ltr'><strong>his</strong></span> <span class='ocrx_word' id='word_1_702' title='bbox 1154 4668 1324 4724; x_wconf 80' lang='lat' dir='ltr'><strong>forma</strong></span> <span class='ocrx_word' id='word_1_703' title='bbox 1349 4666 1686 4737; x_wconf 88' lang='lat' dir='ltr'><strong>baptismatis</strong></span> <span class='ocrx_word' id='word_1_704' title='bbox 1708 4666 1762 4720; x_wconf 90' lang='lat' dir='ltr'><strong>in</strong></span> <span class='ocrx_word' id='word_1_705' title='bbox 1781 4667 2060 4722; x_wconf 88' lang='lat' dir='ltr'><strong>remissio-</strong></span> 
     </span>
    </p>
   </div>
   <div class='ocr_carea' id='block_1_98' title="bbox 551 4758 2054 4834">
    <p class='ocr_par' dir='ltr' id='par_1_98' title="bbox 551 4758 2054 4834">
     <span class='ocr_line' id='line_1_98' title="bbox 551 4758 2054 4834; baseline -0.003 -18"><span class='ocrx_word' id='word_1_706' title='bbox 551 4786 568 4816; x_wconf 75' lang='grc' dir='ltr'><strong>ι</strong></span> <span class='ocrx_word' id='word_1_707' title='bbox 631 4776 753 4819; x_wconf 89' lang='lat' dir='ltr'><strong>nem</strong></span> <span class='ocrx_word' id='word_1_708' title='bbox 779 4771 1116 4834; x_wconf 86' lang='lat' dir='ltr'><strong>peccatorum</strong></span> <span class='ocrx_word' id='word_1_709' title='bbox 1139 4776 1241 4815; x_wconf 87' lang='lat' dir='ltr'><strong>non</strong></span> <span class='ocrx_word' id='word_1_710' title='bbox 1270 4774 1418 4825; x_wconf 88' lang='lat' dir='ltr'><strong>vera,</strong></span> <span class='ocrx_word' id='word_1_711' title='bbox 1440 4758 1533 4815; x_wconf 91' lang='lat' dir='ltr'><strong>sed</strong></span> <span class='ocrx_word' id='word_1_712' title='bbox 1549 4758 1674 4814; x_wconf 82' lang='lat' dir='ltr'><strong>ﬁcta</strong></span> <span class='ocrx_word' id='word_1_713' title='bbox 1698 4758 2054 4829; x_wconf 79' lang='lat' dir='ltr'><strong>intelligitur),</strong></span> 
     </span>
    </p>
   </div>
   <div class='ocr_carea' id='block_1_99' title="bbox 554 4850 2060 4924">
    <p class='ocr_par' dir='ltr' id='par_1_99' title="bbox 554 4850 2060 4924">
     <span class='ocr_line' id='line_1_99' title="bbox 554 4850 2060 4924; baseline -0.001 -17"><span class='ocrx_word' id='word_1_714' title='bbox 554 4877 570 4907; x_wconf 73' lang='grc' dir='ltr'><strong>ι</strong></span> <span class='ocrx_word' id='word_1_715' title='bbox 611 4858 684 4913; x_wconf 91' lang='lat' dir='ltr'><strong>sit</strong></span> <span class='ocrx_word' id='word_1_716' title='bbox 730 4856 1016 4911; x_wconf 89' lang='lat' dir='ltr'><strong>anathema</strong></span> <span class='ocrx_word' id='word_1_717' title='bbox 1055 4873 1068 4908; x_wconf 90' lang='lat'><strong>:</strong></span> <span class='ocrx_word' id='word_1_718' title='bbox 1118 4853 1372 4924; x_wconf 86' lang='lat' dir='ltr'><strong>quoniam</strong></span> <span class='ocrx_word' id='word_1_719' title='bbox 1418 4866 1525 4907; x_wconf 91' lang='lat' dir='ltr'><strong>non</strong></span> <span class='ocrx_word' id='word_1_720' title='bbox 1560 4850 1716 4906; x_wconf 89' lang='lat' dir='ltr'><strong>aliter</strong></span> <span class='ocrx_word' id='word_1_721' title='bbox 1764 4851 2060 4921; x_wconf 76' lang='lat' dir='ltr'><strong>intelligere</strong></span> 
     </span>
    </p>
   </div>
   <div class='ocr_carea' id='block_1_100' title="bbox 555 4943 2058 5020">
    <p class='ocr_par' dir='ltr' id='par_1_100' title="bbox 555 4943 2058 5020">
     <span class='ocr_line' id='line_1_100' title="bbox 555 4943 2058 5020; baseline -0.003 -18"><span class='ocrx_word' id='word_1_722' title='bbox 555 4970 572 5002; x_wconf 86' lang='grc' dir='ltr'><strong>ι</strong></span> <span class='ocrx_word' id='word_1_723' title='bbox 614 4958 828 5020; x_wconf 84' lang='lat' dir='ltr'><strong>oportet</strong></span> <span class='ocrx_word' id='word_1_724' title='bbox 853 4947 997 5020; x_wconf 89' lang='lat' dir='ltr'><strong>quod</strong></span> <span class='ocrx_word' id='word_1_725' title='bbox 1020 4949 1085 5004; x_wconf 91' lang='lat' dir='ltr'><strong>ab</strong></span> <span class='ocrx_word' id='word_1_726' title='bbox 1111 4946 1366 5016; x_wconf 83' lang='lat' dir='ltr'><strong>Apostolo</strong></span> <span class='ocrx_word' id='word_1_727' title='bbox 1381 4945 1584 5000; x_wconf 91' lang='lat' dir='ltr'><strong>dictum</strong></span> <span class='ocrx_word' id='word_1_728' title='bbox 1602 4952 1737 5009; x_wconf 62' lang='grc' dir='ltr'>σεεμ</span> <span class='ocrx_word' id='word_1_729' title='bbox 1765 4943 1866 4999; x_wconf 89' lang='lat' dir='ltr'><strong>Per</strong></span> <span class='ocrx_word' id='word_1_730' title='bbox 1892 4960 2058 4998; x_wconf 88' lang='lat' dir='ltr'><strong>unum</strong></span> 
     </span>
    </p>
   </div>
   <div class='ocr_carea' id='block_1_101' title="bbox 555 5036 2067 5108">
    <p class='ocr_par' dir='ltr' id='par_1_101' title="bbox 555 5036 2067 5108">
     <span class='ocr_line' id='line_1_101' title="bbox 555 5036 2067 5108; baseline 0 -16"><span class='ocrx_word' id='word_1_731' title='bbox 555 5061 574 5092; x_wconf 85' lang='grc' dir='ltr'><strong>ι</strong></span> <span class='ocrx_word' id='word_1_732' title='bbox 616 5041 887 5096; x_wconf 85' lang='lat' dir='ltr'><strong>hominem</strong></span> <span class='ocrx_word' id='word_1_733' title='bbox 920 5048 1202 5108; x_wconf 89' lang='lat' dir='ltr'><strong>peccatum</strong></span> <span class='ocrx_word' id='word_1_734' title='bbox 1230 5037 1491 5108; x_wconf 59' lang='lat' dir='ltr'><strong>tintroivit</strong></span> <span class='ocrx_word' id='word_1_735' title='bbox 1541 5039 1596 5093; x_wconf 90' lang='lat' dir='ltr'><strong>in</strong></span> <span class='ocrx_word' id='word_1_736' title='bbox 1654 5036 1958 5104; x_wconf 82' lang='lat' dir='ltr'><strong>mundum,</strong></span> <span class='ocrx_word' id='word_1_737' title='bbox 2012 5047 2067 5092; x_wconf 90' lang='lat' dir='ltr'><strong>et</strong></span> 
     </span>
    </p>
   </div>
   <div class='ocr_carea' id='block_1_102' title="bbox 553 5131 2066 5204">
    <p class='ocr_par' dir='ltr' id='par_1_102' title="bbox 553 5131 2066 5204">
     <span class='ocr_line' id='line_1_102' title="bbox 553 5131 2066 5204; baseline 0.001 -18"><span class='ocrx_word' id='word_1_738' title='bbox 553 5155 570 5186; x_wconf 83' lang='grc' dir='ltr'><strong>ι</strong></span> <span class='ocrx_word' id='word_1_739' title='bbox 609 5149 703 5204; x_wconf 90' lang='lat' dir='ltr'><strong>per</strong></span> <span class='ocrx_word' id='word_1_740' title='bbox 735 5142 1016 5202; x_wconf 87' lang='lat' dir='ltr'><strong>peccatum</strong></span> <span class='ocrx_word' id='word_1_741' title='bbox 1045 5146 1212 5198; x_wconf 89' lang='lat' dir='ltr'><strong>mors,</strong></span> <span class='ocrx_word' id='word_1_742' title='bbox 1254 5140 1308 5188; x_wconf 90' lang='lat' dir='ltr'><strong>et</strong></span> <span class='ocrx_word' id='word_1_743' title='bbox 1341 5132 1420 5188; x_wconf 89' lang='lat' dir='ltr'><strong>sic</strong></span> <span class='ocrx_word' id='word_1_744' title='bbox 1473 5133 1526 5186; x_wconf 93' lang='lat' dir='ltr'><strong>in</strong></span> <span class='ocrx_word' id='word_1_745' title='bbox 1572 5147 1763 5188; x_wconf 89' lang='lat' dir='ltr'><strong>omnes</strong></span> <span class='ocrx_word' id='word_1_746' title='bbox 1817 5131 2066 5187; x_wconf 89' lang='lat' dir='ltr'><strong>homines</strong></span> 
     </span>
    </p>
   </div>
   <div class='ocr_carea' id='block_1_103' title="bbox 567 5223 2068 5297">
    <p class='ocr_par' dir='ltr' id='par_1_103' title="bbox 567 5223 2068 5297">
     <span class='ocr_line' id='line_1_103' title="bbox 567 5223 2068 5297; baseline -0.001 -19"><span class='ocrx_word' id='word_1_747' title='bbox 567 5246 583 5278; x_wconf 81' lang='grc' dir='ltr'><strong>ι</strong></span> <span class='ocrx_word' id='word_1_748' title='bbox 624 5225 888 5295; x_wconf 85' lang='lat' dir='ltr'><strong>pervasit,</strong></span> <span class='ocrx_word' id='word_1_749' title='bbox 920 5226 972 5281; x_wconf 84' lang='lat' dir='ltr'><strong>in</strong></span> <span class='ocrx_word' id='word_1_750' title='bbox 1004 5241 1110 5297; x_wconf 89' lang='lat' dir='ltr'><strong>quo</strong></span> <span class='ocrx_word' id='word_1_751' title='bbox 1148 5240 1338 5283; x_wconf 88' lang='lat' dir='ltr'><strong>onmes</strong></span> <span class='ocrx_word' id='word_1_752' title='bbox 1376 5233 1736 5296; x_wconf 88' lang='lat' dir='ltr'><strong>peccaverunt</strong></span> <span class='ocrx_word' id='word_1_753' title='bbox 1772 5223 1860 5279; x_wconf 71' lang='grc' dir='ltr'>ἰε</span> <span class='ocrx_word' id='word_1_754' title='bbox 1903 5242 1923 5276; x_wconf 75' lang='grc' dir='ltr'><strong>ι</strong></span> <span class='ocrx_word' id='word_1_755' title='bbox 1961 5224 2068 5281; x_wconf 91' lang='lat' dir='ltr'><strong>nisi</strong></span> 
     </span>
    </p>
   </div>
   <div class='ocr_carea' id='block_1_104' title="bbox 567 5407 1023 5478">
    <p class='ocr_par' dir='ltr' id='par_1_104' title="bbox 567 5407 1023 5478">
     <span class='ocr_line' id='line_1_104' title="bbox 567 5407 1023 5478; baseline -0.004 -14"><span class='ocrx_word' id='word_1_756' title='bbox 567 5409 612 5440; x_wconf 74' lang='grc' dir='ltr'>’ί</span> <span class='ocrx_word' id='word_1_757' title='bbox 647 5407 808 5464; x_wconf 78' lang='lat' dir='ltr'><strong>Rom.</strong></span> <span class='ocrx_word' id='word_1_758' title='bbox 847 5425 900 5478; x_wconf 88' lang='lat' dir='ltr'><strong>v,</strong></span> <span class='ocrx_word' id='word_1_759' title='bbox 935 5408 1023 5463; x_wconf 70' lang='lat'><strong>12.</strong></span> 
     </span>
    </p>
   </div>
   <div class='ocr_carea' id='block_1_105' title="bbox 1718 5521 2498 5602">
    <p class='ocr_par' dir='ltr' id='par_1_105' title="bbox 1718 5521 2498 5602">
     <span class='ocr_line' id='line_1_105' title="bbox 1718 5521 2498 5602; baseline 0.003 -18"><span class='ocrx_word' id='word_1_760' title='bbox 1718 5523 1906 5585; x_wconf 89' lang='lat' dir='ltr'><strong>Guill.</strong></span> <span class='ocrx_word' id='word_1_761' title='bbox 1939 5521 2263 5602; x_wconf 74' lang='lat' dir='ltr'><strong>Bevcrcgii</strong></span> <span class='ocrx_word' id='word_1_762' title='bbox 2306 5529 2498 5587; x_wconf 80' lang='lat' dir='ltr'><strong>notae.</strong></span> 
     </span>
    </p>
   </div>
   <div class='ocr_carea' id='block_1_106' title="bbox 2175 5615 3714 5719">
    <p class='ocr_par' dir='ltr' id='par_1_106' title="bbox 2175 5615 3714 5719">
     <span class='ocr_line' id='line_1_106' title="bbox 2175 5615 3714 5719; baseline -0.029 -1"><span class='ocrx_word' id='word_1_763' title='bbox 2175 5664 2356 5717; x_wconf 81' lang='grc' dir='ltr'>μενον,</span> <span class='ocrx_word' id='word_1_764' title='bbox 2391 5648 2824 5719; x_wconf 35' lang='grc' dir='ltr'>Εὐχίτας-δηλοῖο</span> <span class='ocrx_word' id='word_1_765' title='bbox 2861 5648 2997 5701; x_wconf 75' lang='grc' dir='ltr'>πολὺ</span> <span class='ocrx_word' id='word_1_766' title='bbox 3024 5647 3134 5718; x_wconf 80' lang='grc' dir='ltr'><strong>γὰρ</strong></span> <span class='ocrx_word' id='word_1_767' title='bbox 3168 5644 3295 5715; x_wconf 84' lang='grc' dir='ltr'>παρ’</span> <span class='ocrx_word' id='word_1_768' title='bbox 3309 5634 3504 5719; x_wconf 48' lang='grc' dir='ltr'>αὺτοῖς</span> <span class='ocrx_word' id='word_1_769' title='bbox 3549 5615 3714 5684; x_wconf 78' lang='grc' dir='ltr'>τὸτῆς</span> 
     </span>
    </p>
   </div>
   <div class='ocr_carea' id='block_1_107' title="bbox 2168 5709 3386 5790">
    <p class='ocr_par' dir='ltr' id='par_1_107' title="bbox 2168 5709 3386 5790">
     <span class='ocr_line' id='line_1_107' title="bbox 2168 5709 3386 5790; baseline -0.006 -20"><span class='ocrx_word' id='word_1_770' title='bbox 2168 5709 2559 5789; x_wconf 47' lang='lat' dir='ltr'><strong>magmatis.</strong></span> <span class='ocrx_word' id='word_1_771' title='bbox 2594 5709 2927 5790; x_wconf 73' lang='lat' dir='ltr'><strong>llarinenop.</strong></span> <span class='ocrx_word' id='word_1_772' title='bbox 2953 5709 3187 5774; x_wconf 53' lang='lat' dir='ltr'><strong>dc&#39;se&#39;ct.</strong></span> <span class='ocrx_word' id='word_1_773' title='bbox 3221 5709 3269 5772; x_wconf 57' lang='lat' dir='ltr'><strong>c&#39;.</strong></span> <span class='ocrx_word' id='word_1_774' title='bbox 3302 5709 3386 5766; x_wconf 73' lang='grc'><strong>18.</strong></span> 
     </span>
    </p>
   </div>
   <div class='ocr_carea' id='block_1_108' title="bbox 494 5644 2063 5709">
    <p class='ocr_par' dir='ltr' id='par_1_108' title="bbox 494 5644 2063 5709">
     <span class='ocr_line' id='line_1_108' title="bbox 494 5644 2063 5709; baseline -0.007 0"><span class='ocrx_word' id='word_1_775' title='bbox 494 5655 626 5709; x_wconf 87' lang='lat' dir='ltr'><strong>rint.</strong></span> <span class='ocrx_word' id='word_1_776' title='bbox 654 5652 1010 5706; x_wconf 83' lang='lat' dir='ltr'><strong>Massalianos</strong></span> <span class='ocrx_word' id='word_1_777' title='bbox 1041 5658 1219 5709; x_wconf 85' lang='lat' dir='ltr'><strong>autem</strong></span> <span class='ocrx_word' id='word_1_778' title='bbox 1255 5649 1513 5703; x_wconf 82' lang='lat' dir='ltr'><strong>Euchitas</strong></span> <span class='ocrx_word' id='word_1_779' title='bbox 1548 5647 1726 5701; x_wconf 89' lang='lat' dir='ltr'><strong>dictos</strong></span> <span class='ocrx_word' id='word_1_780' title='bbox 1747 5660 1870 5701; x_wconf 87' lang='lat' dir='ltr'><strong>esse</strong></span> <span class='ocrx_word' id='word_1_781' title='bbox 1929 5644 2063 5698; x_wconf 84' lang='lat' dir='ltr'><strong>llar—</strong></span> 
     </span>
    </p>
   </div>
   <div class='ocr_carea' id='block_1_109' title="bbox 497 5717 2057 5790">
    <p class='ocr_par' dir='ltr' id='par_1_109' title="bbox 497 5717 2057 5790">
     <span class='ocr_line' id='line_1_109' title="bbox 497 5717 2057 5790; baseline -0.004 -14"><span class='ocrx_word' id='word_1_782' title='bbox 497 5725 824 5790; x_wconf 86' lang='lat' dir='ltr'><strong>menopulus</strong></span> <span class='ocrx_word' id='word_1_783' title='bbox 855 5723 1018 5776; x_wconf 88' lang='lat' dir='ltr'><strong>etiam</strong></span> <span class='ocrx_word' id='word_1_784' title='bbox 1063 5717 1306 5783; x_wconf 62' lang='lat' dir='ltr'><strong>tradidit,</strong></span> <span class='ocrx_word' id='word_1_785' title='bbox 1327 5718 1690 5790; x_wconf 2' lang='lat' dir='ltr'><strong>etprationem</strong></span> <span class='ocrx_word' id='word_1_786' title='bbox 1725 5717 1855 5790; x_wconf 77' lang='lat' dir='ltr'><strong>_l_iis_</strong></span> <span class='ocrx_word' id='word_1_787' title='bbox 1878 5717 2057 5790; x_wconf 78' lang='lat' dir='ltr'><strong>verbis</strong></span> 
     </span>
    </p>
   </div>
   <div class='ocr_carea' id='block_1_110' title="bbox 499 5785 2055 5859">
    <p class='ocr_par' dir='ltr' id='par_1_110' title="bbox 499 5785 2055 5859">
     <span class='ocr_line' id='line_1_110' title="bbox 499 5785 2055 5859; baseline -0.005 -13"><span class='ocrx_word' id='word_1_788' title='bbox 499 5785 774 5858; x_wconf 53' lang='lat' dir='ltr'><strong>redditfl&#39;b</strong></span> <span class='ocrx_word' id='word_1_789' title='bbox 799 5793 856 5846; x_wconf 76' lang='grc' dir='ltr'>δὲ</span> <span class='ocrx_word' id='word_1_790' title='bbox 883 5793 991 5850; x_wconf 80' lang='grc' dir='ltr'><strong>τῶν</strong></span> <span class='ocrx_word' id='word_1_791' title='bbox 1047 5789 1450 5847; x_wconf 82' lang='grc' dir='ltr'>Μασσαλιανῶν</span> <span class='ocrx_word' id='word_1_792' title='bbox 1487 5788 1658 5859; x_wconf 81' lang='grc' dir='ltr'>ὄνομα</span> <span class='ocrx_word' id='word_1_793' title='bbox 1722 5785 2055 5857; x_wconf 76' lang='grc' dir='ltr'>ὲξελληνιζό·</span> 
     </span>
    </p>
   </div>
  </div>
