3944 6376
297 401 400 466 369
1298 404 1381 465 IN
1420 402 1586 464 CAN.
1624 401 1817 464 CXIII
1859 401 2066 466 CONC.
2108 402 2483 465 CAR'l‘llAG.
3437 401 3561 465 370‘

369 533 388 563 ι
433 511 672 584 διῆλθεν,
695 513 754 567 ἐν
780 504 826 581 ᾧ
855 511 1054 575 πάντες
1081 513 1356 583 ἥμαρτον,
1380 513 1429 565 εί
1458 511 1534 583 μὴ
1561 510 1622 565 ὃν
1652 512 1856 582 τρόπον
1888 514 1926 572 Α

2038 529 2056 561 ι
2092 509 2546 581 quemadmodum
2574 507 2837 565 catholica
2865 508 3103 567 Eaclesia
3131 550 3145 576 ,
3171 525 3291 583 qua:
3341 508 3539 582 ubique

367 623 389 655 ι
428 606 462 675 ὴ
491 603 758 674 καθολικὴ
811 603 1103 673 Ἐκκλησία
1142 605 1176 674 ἡ
1221 604 1497 675 πανταχοῦ
1529 603 1861 674 διακεχυμέ-

2051 620 2069 655 ι
2105 601 2297 657 dilfusa
2330 612 2413 657 est
2437 611 2493 656 et
2514 601 2740 670 simplex
2769 641 2785 667 ,
2818 616 3032 671 semper
3075 602 3361 659 intellexit.
3406 603 3540 661 Pro-

369 716 390 749 ι
433 716 498 768 νη
525 715 585 751 τε
617 699 711 752 καὶ
744 697 1040 768 ήπλωμένη
1074 698 1162 751 ἀεὶ
1206 699 1448 768 ἐνόησεν.
1473 698 1571 753 Διὰ
1617 697 1728 768 γὰρ
1775 698 1865 751 τδν

2006 686 2011 691 ’
2052 712 2070 746 ι
2104 703 2223 760 pter
2245 694 2388 748 hanc
2416 692 2557 747 enim
2603 692 2722 747 fidei
2755 693 2991 763 regulam
3018 693 3253 751 infantes
3301 710 3538 768 quoque,

364 810 384 842 ι
426 794 627 845 κανόνα
674 789 864 844 τοῦτον
903 789 1008 860 τῆς
1058 790 1299 853 πίστεως
1345 790 1439 843 καὶ
1465 790 1515 843 οἱ
1572 790 1782 859 μικροὶ,
1813 791 1862 843 oi

2049 804 2067 836 ι
2106 785 2196 854 qui
2235 784 2438 840 nullum
2473 800 2539 840 ex
2570 800 2628 842 se
2647 794 2928 856 peccatum
2968 786 3311 844 committere
3352 797 3540 858 potue-

366 903 385 934 ι
434 883 600 952 μηδὲν
627 883 1043 953 ἁμαρτημάτων
1073 884 1154 946 είς
1188 884 1411 973 ἑαρτοῦς
1435 882 1516 936 ἔτι
1543 882 1651 952 μὴν
1674 882 1862 952 πλημ-

2051 896 2068 927 ι
2108 885 2254 942 runt,
2288 892 2415 933 vere
2445 877 2498 931 in
2546 888 2890 945 peccatorum
2947 877 3319 933 remissionem
3370 878 3543 949 bapti—

364 993 383 1024 ι
432 974 615 1041 ιιελεῖν
649 974 958 1041 δυνάμενοι,
993 975 1076 1038 είς
1110 966 1306 1041 ἄφεσιν
1353 970 1641 1043 ἁμαρτιῶν
1670 973 1863 1043 ἀληθι-

2057 987 2076 1020 ι
2109 975 2325 1035 zantur,
2387 975 2444 1022 ut
2495 983 2592 1038 per
2645 968 3108 1037 regenerationem
3174 966 3228 1020 in
3284 968 3364 1022 eis
3416 984 3540 1023 vere

363 1085 380 1116 ι
428 1066 533 1129 νῶς
587 1065 944 1136 βαπτίζονται
971 1081 987 1097 ο
1030 1066 1118 1120 ἵνα
1150 1064 1401 1135 καθαρθῇ
1455 1067 1512 1118 ὲν
1546 1066 1732 1128 αὐτοῖς
1775 1064 1863 1118 διὰ

2046 1077 2065 1109 ι
2097 1059 2405 1127 mundetur,
2438 1059 2580 1128 quod
2636 1057 2705 1113 ab
2751 1056 2967 1112 antiqua
3009 1057 3219 1128 origine
3253 1067 3540 1115 contraxe-

360 1175 379 1206 ι
426 1157 528 1225 τῆς
577 1156 1024 1224 παλιγγενεσίας,
1057 1158 1195 1227 ὅπερ
1227 1155 1488 1209 εἵλκυσαν
1521 1157 1588 1209 ὲκ
1616 1155 1715 1225 τῆς
1758 1156 1862 1225 άρ-
2044 1169 2064 1201 ι
2109 1159 2257 1206 runt;
2301 1171 2347 1203 r-

360 1266 380 1299 ι
427 1249 759 1317 χαιογονίας.
798 1268 817 1300 ι

358 1341 557 1394 ΒΑΛΣ.
592 1342 686 1395 καὶ
720 1343 872 1397 ΖΩΝ.
905 1341 1130 1412 Ἔλεγον
1164 1358 1307 1403 τινες
1335 1340 1404 1394 τά
1446 1339 1642 1408 νεογνά
1671 1338 1860 1392 παιδία

2038 1329 2236 1385 BAL-8.
2267 1340 2321 1385 ct
2350 1330 2599 1386 ZONAR.
2632 1332 2889 1387 Dicebant
2911 1333 3130 1401 quidam
3160 1373 3174 1398 ,
3209 1348 3400 1388 recens
3443 1349 3540 1387 na-

286 1430 362 1501 μὴ
406 1432 489 1494 εἰς
523 1432 717 1501 ἄφεσιν
775 1434 1061 1504 ἁμαρτιῶν
1114 1432 1469 1502 βαπτίζεσθαι
1497 1449 1511 1464 ο
1572 1433 1706 1502 μηδὲ
1754 1431 1843 1503 γάρ

1992 1436 2052 1475 os
2087 1421 2324 1476 infantes
2352 1422 2405 1476 in
2442 1423 2813 1479 remissionem
2840 1433 3188 1492 peccatorum
3221 1438 3329 1478 non
3365 1424 3542 1494 bapti-

281 1521 433 1590 ἔχειν
466 1522 609 1575 αὐτὰ
641 1523 939 1594 ἁμαρτίας,
977 1523 1097 1577 ἐπεὶ
1137 1524 1274 1594 μηδὲ
1326 1524 1637 1594 πεφύκασιν
1665 1518 1838 1596 ἁμαρ·

1984 1514 2081 1567 ιονί
2116 1530 2130 1569 :
2165 1528 2258 1569 cos
2282 1510 2426 1570 enim
2458 1528 2562 1569 non
2590 1515 2791 1571 habere
2823 1523 3100 1585 peccatum
3124 1555 3140 1579 ,
3173 1530 3292 1569 cum
3326 1530 3419 1585 per
3443 1531 3541 1569 na-

281 1616 489 1678 τάνειν,
525 1614 605 1669 ἔτι
651 1617 725 1685 μὴ
758 1615 949 1687 ἔχοντα
974 1616 1248 1686 διάκρισιν
1285 1615 1378 1671 τοῦ
1422 1614 1592 1669 καλοῦ
1628 1616 1722 1671 καὶ
1764 1617 1838 1669 τοὶ

2019 1621 2147 1661 iram
2171 1609 2350 1663 adhuc
2379 1621 2605 1676 peccare
2635 1623 2744 1663 non
2774 1608 3003 1679 possint,
3038 1617 3099 1663 ut
3125 1610 3215 1678 qui
3266 1608 3463 1665 bonum
3491 1618 3544 1664 ct
3570 1632 3576 1637 -

280 1708 546 1775 χείρονος.
603 1707 774 1761 Τοῦτο
838 1702 933 1760 οῦν
985 1706 1321 1777 ἀπαγορεύει
1376 1709 1409 1777 ἡ
1476 1708 1713 1773 σύνοδος,
1766 1724 1837 1760 κα

1981 1698 2165 1754 italum
2194 1698 2505 1755 discernere
2529 1708 2823 1770 nequeant.
2855 1699 2967 1756 Hoc
2995 1714 3123 1770 ergo
3150 1699 3401 1769 prohibet
3447 1716 3538 1771 sy—

280 1801 412 1859 τοὺς
449 1799 780 1868 φρονοῦντας
823 1798 987 1863 οὕτω,
1022 1801 1119 1852 καὶ
1148 1798 1409 1867 λέγοντας
1456 1798 1528 1869 μή
1576 1816 1629 1851 τι
1664 1800 1729 1851 ὲκ
1761 1797 1837 1867 τῆι

1984 1791 2162 1856 todus,
2192 1797 2245 1846 et
2269 1805 2382 1856 eos,
2408 1791 2502 1861 qui
2530 1791 2601 1846 ita
2631 1793 2893 1857 sentiunt,
2939 1801 2993 1847 et
3035 1793 3219 1848 dicunt
3264 1792 3382 1849 illos
3408 1832 3423 1857 ,
3451 1795 3541 1861 qui

279 1889 377 1943 τοῦ
421 1865 592 1957 Ἀδὰμ
619 1890 950 1960 προγονικῆς
989 1865 1268 1960 ἁμαρτίας
1296 1865 1616 1958 ἐφέλκεσθαι
1643 1893 1770 1954 τοὺς
1800 1865 1836 1944 ξε

1981 1885 2030 1939 tb
2052 1885 2170 1954 ipso
2203 1886 2616 1949 descenderunt.
2647 1886 2777 1941 nihil
2807 1903 2872 1943 ex
2902 1887 3062 1957 printi
3091 1887 3333 1956 parentis
3369 1888 3538 1939 Adam

279 1981 517 2045 ἐκείνου,
545 1980 687 2035 ὥστε
737 1982 1057 2051 καθάρσεως
1091 1981 1309 2035 δέεσθαι
1357 1982 1456 2050 τῆς
1499 1983 1563 2036 ἐκ
1592 1984 1684 2037 τοῦ
1714 1985 1836 2037 Orio:

1983 1984 2184 2031 teccato
2215 1978 2453 2043 trahere,
2481 1985 2542 2032 ut
2602 1976 2844 2032 infantes
2909 1991 2974 2031 ex
3041 1985 3234 2032 sancto
3286 1976 3540 2045 baptismi

279 2071 512 2142 λουτροῦ
555 2072 651 2127 τοῦ
696 2072 1075 2142 βαπτίσματος
1121 2073 1192 2126 τά
1235 2072 1448 2138 παιδία,
1491 2076 1727 2128 ποιεῖται
1756 2075 1836 2129 ύπί

2003 2081 2179 2122 tvacro
2203 2068 2552 2124 mundatione
2580 2082 2716 2137 opus
2765 2068 3021 2132 habeant,
3046 2068 3377 2123 anathemati
3409 2069 3560 2124 sub--

278 2161 557 2232 ἀνάθεμα,
585 2162 826 2232 λέγουσα
874 2163 959 2216 ὅτι
1001 2164 1065 2216 ὲκ
1094 2163 1285 2216 τούτου
1315 2163 1607 2218 ἀκολουθεῖ
1628 2165 1689 2218 τί)
1716 2168 1830 2220 νοεῖ

1984 2158 2097 2224 icit,
2126 2160 2331 2225 dicens,
2353 2163 2497 2232 quod
2525 2176 2589 2217 ex
2621 2163 2723 2217 hoc
2747 2176 3090 2232 consequens
3108 2170 3192 2218 est
3212 2162 3534 2232 intelligere,

281 2250 432 2318 σθαι,
466 2252 544 2313 ὡς
578 2252 607 2304 ὁ
638 2251 808 2316 τύπος
839 2252 932 2305 τοῦ
963 2255 1043 2316 εἰς
1072 2252 1267 2322 ἄφεσιν
1300 2253 1587 2323 ἁμαρτιῶν
1666 2254 1838 2323 βαπτίι

2007 2252 2104 2307 uod
2128 2252 2299 2308 forma
2334 2253 2680 2324 baptismatis
2701 2254 2753 2308 in
2787 2254 3163 2309 remissionem
3192 2261 3564 2323 peccatoruut'

287 2360 504 2412 σματος
537 2343 639 2399 οὐκ
692 2344 901 2416 ἀληθής
948 2348 1117 2413 ἔστιν,
1177 2345 1311 2401 ἀλλὰ
1339 2345 1747 2418 πεπλασμένος,
1804 2350 1844 2402 ἐι

1982 2357 2066 2397 ton
2102 2354 2186 2399 est
2217 2357 2367 2411 vera,
2399 2345 2493 2400 sed
2533 2344 2682 2408 ficta,
2713 2345 2765 2398 in
2819 2343 2904 2399 his
2954 2343 3165 2398 scilicet
3220 2343 3539 2401 infantibus.

276 2437 495 2500 τούτοις
515 2439 628 2502 τοῖς
653 2440 890 2508 νεογνοῖς
919 2437 1146 2510 δηλαδή.
1163 2434 1297 2492 Εἶτα
1327 2441 1425 2495 καὶ
1450 2441 1831 2507 κατασκευάζε

2010 2437 2165 2491 einde
2194 2452 2347 2492 suam
2379 2452 2592 2508 quoque
2620 2437 2887 2493 rationem
2924 2436 3236 2502 conﬁrmat,
3259 2450 3324 2491 ex
3346 2452 3567 2507 magno-

276 2528 372 2581 τὸν
403 2530 607 2583 οίκεῖον
635 2529 814 2599 λόγον,
848 2532 1077 2602 χρήσεις
1128 2533 1194 2585 ὲκ
1238 2532 1332 2585 τοῦ
1367 2532 1606 2602 μεγάλου
1640 2534 1833 2588 Παύλοε

1981 2527 2128 2583 >aulo
2162 2530 2480 2584 sententiam
2527 2528 2821 2585 adducens.
2872 2530 3153 2595 Quomodo
3204 2529 3388 2595 enim,
3454 2530 3538 2583 itt-

279 2622 634 2690 παράγουσα.
687 2622 813 2687 Πῶς
858 2623 991 2695 γάρ,
1044 2624 1232 2693 φησὶν,
1281 2626 1457 2691 άλλως
1503 2630 1720 2696 νοητὲον
1773 2629 1832 2682 τὸ

2012 2623 2098 2688 ait,
2132 2621 2289 2677 aliter
2328 2630 2413 2678 est
2442 2621 2867 2691 intelligendum,
2916 2622 3060 2690 quod
3111 2629 3389 2690 peccatum
3446 2637 3569 2690 per-

274 2715 358 2767 Δι’
384 2713 528 2780 ἐνὸς
559 2714 877 2783 ἀνθρώπου
928 2715 1217 2785 εἰσῆλθεν
1259 2719 1298 2786 ἡ
1343 2718 1603 2787 ἁμαρτία
1632 2722 1720 2785 εὶς
1751 2721 1831 2773 τὸι

1981 2730 2124 2769 mum
2150 2713 2408 2768 hominem
2438 2714 2735 2783 ingressum
2759 2722 2835 2767 est
2865 2714 2918 2768 in
2949 2713 3226 2780 mundum,
3245 2726 3294 2769 et
3318 2731 3411 2785 per
3422 2731 3538 2783 pec.

274 2807 536 2876 κόσμον,
567 2806 668 2860 καὶ
713 2806 813 2862 διὰ
870 2807 982 2874 τῆς
1030 2807 1319 2877 ἁμαρτίας
1367 2812 1401 2864 ό
1447 2810 1728 2887 ⁸θάνατος,
1759 2830 1831 2866 κα

2009 2815 2135 2859 itum
2161 2822 2323 2869 mors,
2354 2820 2404 2863 et
2434 2806 2510 2861 sic
2537 2811 2597 2864 in
2627 2821 2800 2860 omnes
2833 2806 3065 2860 homines
3086 2807 3333 2873 peruenit,
3356 2807 3412 2859 in
3438 2823 3566 2877 quo-

271 2901 470 2965 οὕτως
493 2901 581 2966 εἷς
609 2900 838 2967 πάντας
865 2899 1217 2969 ἀνθρώπους
1244 2901 1512 2971 διῆλθεν.
1535 2904 1606 2957 ἐν
1634 2898 1682 2973 ᾧ
1712 2909 1828 2959 πᾶν

1982 2916 2137 2954 ιηιηες
2172 2910 2512 2967 peccaverunt
2536 2942 2551 2968 ,
2590 2900 2689 2955 nisi
2723 2897 3175 2968 quemadmodum
3234 2899 3341 2953 hoc
3380 2898 3539 2953 intel-

270 3012 377 3060 τες
399 2994 673 3063 ἥμαρτον
703 2996 753 3047 εί
786 2995 859 3064 μὴ
887 2993 963 3057 ὡς
987 2993 1176 3064 ἐνόησε
1195 2994 1353 3047 τοῦτο
1385 2996 1417 3064 ή
1441 2995 1702 3069 καθολικὴ
1739 2999 1827 3052 Ἐκ

1982 2992 2095 3047 exit
2142 2992 2407 3048 catholica
2464 2993 2728 3060 Ecclesia,
2763 3007 2883 3063 qua:
2908 2991 3106 3061 ubique
3138 2991 3329 3048 diffusa
3376 2974 3538 3045 estet

267 3086 502 3155 κλησεα,
535 3086 569 3155 ἠ
600 3082 878 3154 πανταχοῦ
903 3085 1269 3155 διακεχυμένη
1312 3102 1371 3139 τε
1402 3087 1496 3141 καὶ
1528 3087 1824 3161 ήπλωμὲνη

1976 3084 2212 3154 simplex,
2240 3086 2291 3138 iu
2337 3095 2449 3141 toto
2495 3086 2706 3143 scilicet
2756 3085 2957 3142 mundo
3002 3087 3245 3155 dispersa
3301 3082 3533 3137 fidelium

270 3177 448 3247 ᾗγουν
477 3178 510 3247 ἡ
542 3177 599 3230 ἐν
623 3175 731 3246 ὅλῳ
757 3177 837 3245 τῷ
883 3176 1072 3247 κόσμῳ
1103 3177 1479 3250 ἒσκεδασμὲνη
1513 3178 1722 3252 πληθὺς
1748 3183 1857 3237 τῶν
1886 3215 1929 3273 c
1962 3174 2298 3230 ῐῐιυιῑίιιιύοἳ
2888 3180 2901 3197 ³

266 3286 514 3337 πιστων;

263 3361 506 3415 ΑΡΙΣΤ.
571 3378 592 3413 ι
642 3359 703 3416 ⁸0
748 3358 817 3414 τά
846 3360 1038 3427 νεογνά
1101 3363 1197 3417 καὶ
1253 3362 1627 3433 βαπτιζόμενα
1680 3366 1820 3433 λέγω

1978 3357 2186 3414 lRlST.
2227 3376 2247 3412 ι
2286 3360 2385 3428 Qui
2411 3361 2641 3417 infantes
2694 3375 2885 3417 recens
2920 3369 3079 3415 natos
3124 3371 3177 3415 et
3234 3358 3535 3427 baptizatos

349 3470 372 3504 ι
422 3451 590 3523 μηδὲν
615 3451 796 3503 ἕλκειν
829 3452 894 3504 ὲκ
937 3450 1034 3521 τῆς
1060 3451 1155 3505 τοῦ
1196 3452 1369 3523 ’Δδᾶμ
1394 3454 1675 3526 ἁμαρτίας
1707 3457 1860 3527 ὀφεῖ-

2039 3468 2059 3502 ι
2097 3451 2229 3505 nihil
2266 3467 2328 3507 cx
2361 3452 2550 3507 Adami
2580 3462 2803 3521 peccato
2832 3453 3045 3507 trahere
3071 3491 3087 3515 ,
3128 3450 3274 3518 quod
3333 3452 3535 3518 baptis—

340 3567 361 3599 ι
407 3546 500 3598 λον
523 3543 864 3613 καθαρθῆναι
894 3542 970 3612 τῷ
1008 3543 1365 3613 βαπτίσματι,
1403 3547 1676 3617 ἐπάρατος
1702 3566 1714 3580 ⁸
1770 3551 1860 3605 διά

2038 3563 2056 3595 ι
2097 3553 2238 3599 matc
2270 3545 2514 3598 mundari
2546 3544 2726 3606 debet.
2755 3545 2967 3608 asserit,
3000 3542 3373 3599 exsecrandus
3403 3553 3487 3597 est
3520 3560 3531 3596 :

345 3659 366 3692 ι
413 3641 522 3709 γάρ
574 3636 668 3691 τοῦ
723 3637 843 3701 ἑνὸς
889 3638 982 3691 καὶ
1016 3638 1044 3692 ὁ
1075 3636 1309 3703 θάνατος
1364 3641 1458 3695 καὶ
1517 3642 1550 3714 ἡ
1607 3644 1881 3716 ἁμαρτίαι

2036 3654 2053 3684 σ
2095 3650 2192 3705 per
2219 3651 2382 3690 unum
2411 3636 2555 3689 enim
2583 3643 2637 3690 et
2661 3650 2809 3691 mors
2828 3644 2882 3691 et
2903 3644 3181 3707 peccatum
3213 3636 3552 3690 universum

340 3751 362 3784 ι
409 3730 777 3802 παγκόσμιος.
821 3750 840 3783 ι

2037 3747 2056 3781 ι
2089 3730 2346 3797 mundum
2380 3728 2602 3784 invasit.
2653 3748 2674 3781 ›

841 3824 1085 3878 ΚΛΝΩΝ
1110 3822 1256 3879 PII".

2527 3819 2759 3875 CANON
2783 3819 2967 3874 CXIII.

272 3941 295 3975 ι
342 3920 472 3974 Ὀτι
499 3921 534 3988 η
566 3917 660 3971 τοῦ
692 3916 830 3971 Θεοῦ
854 3916 1017 3988 χάρις
1046 3916 1107 3970 ού
1140 3916 1304 3987 μόνον
1331 3917 1528 3987 ἄφεσιν
1570 3925 1829 3990 χαρίζετα

1976 3927 1987 3960 ι
2025 3909 2177 3975 Quod
2202 3909 2293 3965 Dei
2331 3909 2502 3979 gratia
2534 3925 2640 3964 non
2667 3910 2845 3965 solum
2878 3910 3104 3979 largitur
3156 3911 3533 3967 remissionem

352 4028 373 4060 ι
416 4006 729 4079 ἁμαρτιῶν,
754 4005 893 4059 ἀλλὰ
922 4007 1019 4059 καὶ
1048 4006 1303 4078 βοήθειαν
1356 4008 1587 4080 παρέχει
1618 4010 1713 4064 τοῦ
1749 4030 1858 4083 μη-

2037 4018 2055 4050 ι
2096 4009 2467 4069 peccatorum,
2491 4001 2585 4055 sed
2616 4002 2778 4056 etiam
2809 4003 3014 4071 praebet
3036 4001 3317 4070 auxilium,
3343 4011 3401 4057 ut
3429 4018 3532 4059 non

344 4122 365 4154 ι
411 4101 536 4156 κέτι
562 4098 946 4170 ἁμαρτάνειν.ε
962 4097 1198 4169 Ὁμοίως
1228 4101 1449 4173 ἤρεσεν,
1484 4102 1571 4156 ἵνα
1603 4105 1851 4177 ὁστισδή-

2035 4111 2055 4145 ι
2090 4092 2322 4165 amplius
2352 4103 2626 4163 peccetur.
2662 4092 2922 4150 Similiter
2948 4094 3172 4165 placuit,
3218 4103 3279 4149 ut
3303 4097 3536 4166 quicun-

355 4212 374 4245 ι
417 4209 551 4246 ποτε
588 4192 733 4244 είποι
764 4190 865 4260 τὴν
889 4190 1051 4260 χάριν
1091 4190 1187 4245 τοῦ
1210 4191 1345 4245 Θεοῦ
1375 4208 1517 4266 ῃτινι
1542 4194 1854 4251 δικαιοῦται

2036 4205 2053 4238 ι
2091 4200 2197 4255 que
2223 4186 2423 4241 dixerit
2458 4185 2551 4239 Dei
2584 4186 2836 4254 gratiam,
2871 4201 2973 4256 qua
3014 4186 3342 4255 justiticatur
3370 4188 3537 4242 homo

350 4305 370 4335 ι
413 4283 503 4338 διὰ
547 4281 725 4351 Ἰησοῦ
774 4280 1015 4352 Χριστοῦ
1071 4281 1168 4335 τοῦ
1225 4285 1431 4355 Κυρίου
1487 4286 1668 4356 ἡμῶν,
1717 4288 1855 4359 πρὸς

2036 4298 2055 4331 ι
2088 4293 2185 4349 per
2210 4277 2393 4334 Iesum
2425 4278 2699 4335 Christum
2736 4280 3016 4334 Dominum
3047 4289 3288 4335 nostrum
3315 4321 3331 4345 ,
3356 4282 3544 4338 valere

342 4394 363 4428 ι
418 4374 589 4446 μόνην
614 4373 811 4442 ἄφεσιν
865 4375 1151 4444 ἁμαρτιῶν
1206 4376 1417 4446 ἰσχύειν
1468 4379 1578 4431 τῶν
1621 4379 1725 4451 ἤδη
1755 4398 1855 4435 πε-

2036 4392 2052 4425 ι
2089 4372 2156 4427 ad
2190 4372 2360 4427 solam
2382 4371 2492 4441 jam
2526 4373 2940 4428 commissorum
2963 4381 3306 4443 peccatorum
3338 4375 3531 4430 remis-

346 4485 365 4517 ι
409 4465 918 4536 πλημμελημένων,
943 4467 1040 4520 καὶ
1073 4466 1147 4537 μὴ
1180 4468 1446 4539 παρέχειν
1476 4469 1556 4523 ἔτι
1589 4471 1695 4542 μὴν
1728 4471 1855 4543 βοή-

2036 4481 2052 4513 ι
2094 4462 2327 4527 sionem,
2364 4473 2418 4518 et
2446 4478 2550 4519 non
2589 4463 2830 4534 praebere
2855 4472 3118 4533 praeterea
3150 4466 3434 4530 auxilium,
3480 4474 3538 4521 ut

345 4587 367 4611 ι
415 4558 568 4615 θείαν
591 4558 729 4628 προς
751 4557 815 4610 τὸ
840 4558 914 4629 μὴ
937 4558 1105 4628 ἕτερα
1127 4559 1232 4629 πλη
1242 4560 1769 4630 μμελεῖσθαινάνάθε
1779 4583 1856 4635 μα
1887 4553 1902 4608 1

2039 4574 2057 4607 ι
2102 4571 2206 4611 non
2239 4557 2491 4627 deinceps
2515 4567 2790 4627 peccetur,
2818 4558 2891 4611 sit
2924 4559 3231 4613 anathema.
3262 4558 3413 4625 Quod
3448 4558 3533 4611 Dei

336 4669 359 4701 ι
403 4651 512 4722 εἴη.
552 4650 676 4702 Ὅτι
733 4651 767 4720 ἠ
821 4650 978 4721 χάρις
1026 4650 1119 4704 τοῦ
1147 4651 1280 4706 Θεοῦ
1326 4652 1386 4704 οὐ
1438 4651 1598 4722 μόνον
1650 4656 1855 4722 γνῶσιν

2041 4667 2059 4700 ι
2097 4648 2265 4717 gratia
2301 4665 2405 4704 non
2456 4651 2657 4718 praebet
2707 4650 2879 4704 solam
2935 4651 3296 4718 cognitionem
3349 4665 3539 4704 eorum

340 4762 359 4793 ι
404 4744 659 4813 παρέχει,
693 4734 770 4795 ὧν
819 4742 902 4794 δεῖ
956 4743 1240 4812 πράττειν,
1289 4742 1425 4797 ἀλλὰ
1480 4746 1575 4798 καὶ
1632 4745 1855 4818 ἀγάπην

2037 4755 2057 4788 ι
2093 4751 2213 4806 qua!
2245 4747 2458 4806 oportet
2487 4736 2667 4793 facere
2693 4777 2709 4804 ,
2740 4739 2835 4795 sed
2875 4738 3219 4793 dilectionem
3270 4751 3533 4808 praeterea

346 4855 363 4885 ι
413 4834 494 4889 ἔτι
540 4834 650 4906 μὴν
675 4826 906 4905 amna
941 4835 1219 4906 ἡμῖν,-ἱ⁹να
1265 4836 1293 4891 ὃ
1344 4838 1441 4891 ἐὰν
1470 4839 1852 4907 ἐπιγινώσκου-

2038 4848 2055 4881 ι
2094 4828 2247 4886 nobis
2275 4831 2528 4901 inspirat,
2559 4841 2616 4885 ut
2643 4832 2785 4900 quod
2811 4830 3210 4900 cognoscimus,
3239 4831 3401 4885 etiam
3433 4832 3535 4883 im-

340 4946 359 4980 ι
404 4944 526 4997 μεν,
563 4928 660 4982 καὶ
692 4927 980 5001 πληρῶσαι
1017 4927 1351 5000 ἰσχύσωμεν.
1397 4930 1633 5001 Ὁμοίως
1663 4934 1850 4987 ὁστισ-

2035 4940 2054 4972 ι
2096 4920 2243 4990 plere
2288 4921 2587 4977 valeamus.
2621 4919 2884 4975 Similiter
2913 4960 2927 4985 ,
2981 4921 3290 4991 quicunque
3341 4921 3538 4978 dixerit

340 5040 359 5069 ι
405 5020 611 5091 δήποτε
665 5022 812 5075 εἴποι
869 5019 969 5093 τὴν
1018 5021 1193 5093 αὐτὴν
1223 5023 1385 5092 χάριν
1435 5022 1529 5076 τοῦ
1563 5023 1723 5091 Θεοῦ,
1751 5026 1850 5097 τὴν

2034 5031 2051 5063 ι
2086 5015 2328 5068 eamdem
2357 5004 2449 5069 Dei
2485 5014 2737 5084 gratiam,
2759 5028 2878 5083 quae
2912 5023 2995 5069 est
3017 5028 3112 5084 per
3143 5013 3328 5070 Jesum
3365 5014 3529 5071 Citri-

341 5132 360 5163 ι
409 5111 500 5166 διὰ
546 5111 727 5184 Ἰησοῦ
757 5112 998 5182 Χριστοῦ
1033 5112 1128 5165 τοῦ
1162 5114 1371 5184 Κυρίου
1399 5114 1581 5182 ἡμῶν,
1613 5117 1693 5179 είς
1725 5117 1853 5170 τοῦ·

2031 5123 2048 5154 ι
2083 5111 2226 5159 stum
2258 5103 2545 5159 Dominum
2594 5114 2870 5171 nostrum,
2921 5105 2987 5167 ad
3049 5104 3153 5160 hoc
3204 5104 3379 5161 solum
3439 5122 3535 5161 nos

342 5223 361 5255 ι
407 5221 470 5258 το
505 5202 668 5274 μόνον
694 5204 825 5275 ἡμῖν
856 5202 1094 5274 βοηθεῖν,
1124 5204 1262 5275 προς
1289 5204 1349 5257 τὺ
1377 5205 1451 5275 μη
1486 5206 1850 5277 ἁμαρτάνειν,

2030 5215 2048 5247 ι
2089 5196 2364 5277 adjuvare,
2402 5213 2468 5252 ne
2499 5211 2807 5267 peccemus,
2838 5198 2967 5268 quia
3001 5211 3099 5268 per
3121 5212 3241 5255 eam
3263 5197 3535 5255 revelatnr

344 5315 363 5347 ι
405 5297 489 5349 ὅτι
508 5272 604 5349 διά
634 5272 1011 5365 ταύτηςίήμῖν
1043 5272 1493 5351 ἀποκαλύπτεται
1546 5301 1640 5352 καὶ
1691 5317 1851 5369 φανε-

2030 5306 2048 5340 ι
2088 5289 2241 5344 nobis
2268 5298 2323 5344 et
2350 5272 2731 5345 manifestatur
2753 5292 2995 5361 cognitio
3023 5292 3256 5361 peccati,
3298 5302 3352 5347 ttt
3389 5292 3530 5348 scia-

346 5406 367 5438 ι
411 5384 608 5459 ροῦται
665 5387 700 5456 ἡ
759 5387 964 5454 γνῶσις
1021 5388 1133 5442 τῶν
1186 5389 1641 5459 ἁμαρτημάτων,
1709 5392 1851 5447 ὥστε

2033 5401 2051 5434 ι
2084 5396 2202 5437 mus
2226 5396 2347 5453 quae
2367 5383 2533 5453 quaeri
2564 5393 2619 5438 et
2638 5398 2759 5454 quae
2780 5385 2939 5440 vitari
2961 5394 3208 5456 oporteat
3239 5401 3254 5439 :
3282 5401 3406 5463 .non
3438 5401 3533 5440 au-

339 5501 357 5531 σ
403 5478 698 5544 γινώσκειν
730 5477 764 5532 ἆ
798 5479 883 5532 δεῖ
905 5480 1209 5549 ἐπιζητεῖν,
1243 5482 1337 5534 καὶ
1373 5481 1408 5535 ά
1438 5483 1522 5534 δεῖ
1555 5484 1850 5551 ἐκκλίνειν,

2032 5493 2052 5526 ‹
2094 5483 2319 5543 temper
2345 5489 2462 5530 eam
2507 5477 2733 5543 pmberi
2759 5515 2775 5540 ,
2810 5487 2866 5531 ιιι
2897 5478 3038 5548 quod
3087 5477 3403 5533 faciendum
3437 5493 3534 5532 co-

339 5592 359 5624 s
400 5571 464 5625 οὐ
498 5571 606 5642 μὴν
654 5569 722 5623 δι’
756 5570 928 5641 αὐτῆς
976 5573 1109 5642 ἡμῖν
1167 5574 1528 5645 παρέχεσθαι,
1560 5572 1659 5629 ’ἵνα
1712 5577 1851 5646 ὅπερ

2035 5587 2051 5619 ι
2089 5571 2391 5637 gnovimus,
2420 5570 2582 5623 etiam
2620 5570 2801 5625 facere
2827 5571 3115 5641 diligamus
3149 5579 3203 5625 et
3233 5570 3529 5635 valeamus,

345 5683 365 5715 ι
411 5662 635 5732 γνῶμεν
673 5664 949 5728 ποιητέον,
979 5664 1072 5718 καὶ
1112 5665 1338 5735 ποιῆσαι
1370 5666 1447 5721 ἔτι
1484 5667 1590 5741 μὴν
1631 5669 1853 5739 άγαπήσ

2032 5681 2049 5712 ι
2087 5664 2154 5716 sit
2188 5662 2494 5717 anathema.
2517 5662 2650 5717 Cum
2678 5664 2820 5718 enim
2844 5664 2971 5717 dicit.
2991 5663 3277 5731 Aposmlus
3309 5681 3321 5717 :
3345 5661 3527 5716 Scien-

344 5776 362 5807 ι
411 5771 600 5825 σωμεν
645 5754 741 5807 καὶ
780 5755 1115 5829 ἰσχύσωμεν,
1145 5760 1394 5830 ἀνάθεμα
1451 5761 1556 5832 εἴη.
1592 5760 1698 5816 Τοῦ
1736 5761 1844 5832 γὰρ

2036 5773 2053 5806 ι
2095 5756 2167 5808 tia
2222 5754 2411 5823 inﬂat,
2455 5754 2685 5809 charims
2733 5750 2905 5811 autcm
2956 5755 3185 5824 rudi/ica!
3225 5757 3268 5789 "
3309 5775 3324 5828 ;
3368 5756 3527 5831 647

337 5874 428 5927 ⁸²Ι
472 5872 604 5927 Cor.
629 5887 749 5935 vm,
785 5872 840 5929 ἓ.
