3944 6376
664 320 713 327 -φσ

268 381 353 401 νηὶ

268 382 353 401 ΜΗ.

267 382 376 443 0&3

1341 378 1423 438 IN
1466 380 1628 440 CAN.
1677 379 1857 444 CXIV
1883 380 2092 443 CONC.
2137 382 2518 450 CARTHAG.

3400 385 3505 454 374

332 514 353 548 ι
401 496 646 565 εὐχερῶς
697 493 834 563 μὲν,
881 492 998 546 ἀλλ’
1028 493 1173 562 ὅμως
1226 494 1526 561 ἐδυνάμεθα
1575 496 1671 547 καὶ⁹
1716 494 1839 563 δίχα

2022 518 2038 546 ι
2084 499 2323 565 quidem,
2390 499 2483 579 sed
2537 508 2713 552 tamen
2764 500 2928 553 etiam
2982 499 3119 554 sine
3163 500 3274 563 illa,
3324 499 3507 553 diuina

330 606 355 642 ι
399 587 613 657 ἑκείνης
649 586 732 642 ἔτι
776 588 883 659 μὴν
919 586 1207 655 πληρῶσαι
1239 587 1340 649 τὰς
1378 585 1528 647 θείας
1585 587 1837 649 ἐντολάς·

334 698 355 733 ι
403 680 654 750 ἀνάθεμα
686 677 795 750 εἴη,
830 680 966 748 Περὶ
1000 679 1109 748 γὰρ
1141 679 1251 732 τῶν
1284 679 1514 747 καρπῶν
1544 679 1655 733 τῶν
1691 681 1838 732 ἐντο-

332 790 354 825 s
400 772 511 828 λῶν
537 775 567 826 ὀ
594 771 801 843 Κύριος
829 773 929 827 οὐκ
963 768 1115 826 εἶπεν
1135 788 1148 803 ·
1182 773 1367 843 Χωρξς
1392 771 1530 842 ἐμοῦ
1561 771 1840 842 δυσχερῶς

332 882 354 916 ι
400 862 630 917 δύνασθε
665 836 866 918 ποιείν·
904 863 1019 920 ἀλλ’
1045 860 1225 917 εἶπεν·
1282 836 1534 930 ⁷ι”Χωρίς
1580 836 1836 931 ἐμοῦ-οὺ

336 974 356 1009 ι
400 956 656 1011 δύνασθε
684 957 905 1011 eroes-ir.
931 975 949 1010 ι
1542 1019 1556 1029 ⁴

329 1048 528 1103 ΒΑΛΣ.
562 1048 768 1118 Μυρίαι
797 1047 944 1114 δόξαι
971 1048 1405 1118 διεστραμμέναι
1433 1043 1604 1119 ἦσαν,
1633 1040 1711 1101 ὧν
1743 1046 1840 1116 μία

256 1140 356 1194 καὶ
384 1139 528 1210 αὕτη
556 1140 591 1211 ἠ
616 1140 850 1207 λέγουσα
880 1143 963 1194 ὅτι
993 1140 1377 1207 αὐτεξουσίους
1405 1142 1554 1210 ἡμᾶς
1584 1140 1840 1209 ἐποίησεν

254 1236 283 1287 ὁ
321 1235 478 1297 θεὸς,
519 1234 609 1288 ἵνα
649 1234 937 1303 δυνώμεθα
979 1236 1075 1288 καὶ
1109 1237 1207 1304 τῆς
1253 1234 1404 1295 θείας
1447 1235 1670 1303 χάριτος
1708 1235 1838 1287 ἄνευ

254 1324 503 1396 πληροῦν
526 1324 626 1388 τὰς
657 1325 875 1390 ἐντολάς
895 1342 909 1356 ⁸
944 1327 975 1396 ἡ
1005 1325 1060 1379 δὲ
1093 1326 1212 1379 θεία
1239 1325 1401 1396 χάρις
1429 1326 1510 1387 είς
1535 1324 1595 1377 τὸ
1622 1323 1841 1393 εὐχερέ-

254 1433 448 1485 στερον
478 1417 648 1479 αὐτὰς
681 1416 1024 1471 πληροῦσθαι
1061 1418 1192 1489 παρ’
1217 1416 1376 1488 ἡμῶν
1407 1419 1573 1474 ποιεῖ,
1609 1414 1838 1469 Ἦδυνόι-

255 1506 398 1578 μεθα
443 1506 553 1577 γὰρ
598 1509 690 1561 καὶ
730 1508 829 1578 τῆς
874 1509 1025 1571 θείας
1070 1509 1291 1579 χάριτος
1343 1508 1418 1578 μὴ
1464 1508 1840 1577 συνεργούσης

255 1598 503 1670 πληροῦν
535 1599 761 1664 ταύτας,
796 1599 1226 1670 δυσχερέστερον
1260 1599 1338 1654 δέ.
1376 1600 1500 1664 Τοῖς
1537 1599 1630 1653 οὖν
1663 1599 1838 1654 ταῦτα

251 1690 510 1759 λέγουσιν
537 1692 788 1762 ἀνάθεμα
818 1692 1015 1760 ἐπάγει
1044 1692 1076 1763 ἡ
1111 1692 1350 1756 σύνοδος.

2022 607 2038 638 ι
2085 598 2351 657 praecepta
2399 591 2626 656 exsequi
2699 603 3032 658 possumus:
3067 591 3138 644 sit
3191 592 3503 649 anathema.

2024 700 2041 731 ι
2089 681 2160 735 De
2190 681 2458 738 fructibus
2500 685 2641 735 enim
2681 683 3061 738 mandatorum
3098 682 3358 735 Dominus
3399 697 3505 735 non

2031 792 2047 822 ι
2096 772 2252 834 dixit,
2290 771 2419 827 Sine
2453 787 2540 826 me
2568 771 2840 828 difﬁcilius
2874 773 3102 840 potestis
3137 772 3320 827 facere
3348 789 3361 824 :
3395 773 3510 831 sed,

2019 881 2037 912 ι
2082 861 2205 918 Sine
2227 881 2304 920 me
2332 863 2464 919 nihil
2493 862 2669 932 facere
2692 866 2931 934 potestis.
2973 884 2991 917 ο

2015 1045 2210 1102 BALS.
2239 1047 2665 1102 Innumerabiles
2693 1057 2851 1102 erant
2900 1062 3169 1114 perversae
3208 1049 3510 1117 opiniones,

1942 1156 2169 1209 quarum
2217 1157 2323 1194 una
2358 1151 2477 1195 erat
2516 1143 2678 1195 etiam
2727 1156 2849 1210 qua:
2900 1142 3136 1205 dicebat,
3172 1143 3315 1211 quod
3370 1142 3513 1196 Deus

1944 1233 2093 1285 dedit
2121 1232 2280 1286 nobis
2305 1233 2533 1285 liberum
2573 1232 2889 1299 arbitrium,
2928 1242 2985 1287 ut
3035 1248 3321 1301 possemus
3347 1235 3510 1287 etiam

1944 1324 2062 1379 sine
2094 1323 2274 1377 divina
2308 1325 2482 1400 gratia
2519 1325 2609 1380 Dei
2653 1329 2910 1382 mandata
2971 1327 3247 1396 complere
3281 1344 3294 1380 :
3330 1326 3509 1380 divina

1944 1423 2124 1468 autem
2163 1416 2335 1483 gratia
2369 1416 2433 1469 ad
2466 1432 2527 1470 ea
2562 1416 2779 1471 facilius
2808 1417 3135 1486 perficienda
3172 1431 3327 1469 suum
3362 1415 3513 1468 nobis

1942 1506 2147 1577 praebet
2181 1507 2466 1561 attxilium.
2500 1507 2792 1564 Possemus
2841 1508 2985 1562 enim
3037 1507 3125 1560 illa
3172 1510 3338 1559 etiam
3394 1507 3513 1560 sine

1943 1599 2125 1653 divina
2155 1612 2310 1665 opem
2346 1597 2552 1653 ferente
2584 1599 2779 1669 gratia,
2815 1598 2909 1653 sed
2936 1596 3232 1660 diiﬁcilius,
3266 1596 3511 1664 exsequi.

1942 1690 2012 1744 lis
2068 1704 2220 1759 ergo,
2270 1688 2364 1759 qui
2413 1689 2531 1745 lucc
2564 1690 2776 1755 dicunt,
2819 1690 3114 1744 anathema
3162 1688 3374 1744 inducit
3424 1704 3517 1760 sy-

1940 1782 2138 1837 nodus.

324 1871 577 1926 ΖΩΝΔΡ.
621 1872 829 1945 Μυρίαι
873 1873 1022 1940 δόξαι
1071 1873 1505 1945 διεστραμμέναι
1547 1869 1717 1945 ἦσαν,
1765 1867 1840 1926 ὧν

2016 1872 2272 1929 ZONAB.
2296 1872 2726 1929 Innumerabiles
2747 1880 2903 1929 erant
2921 1887 3187 1940 perversa:
3207 1871 3511 1939 opiniones,

256 1965 359 2035 μία
412 1965 510 2021 καὶ
561 1966 700 2037 αὕτη
755 1968 788 2037 ἡ
844 1967 1079 2035 λέγουσα
1125 1968 1209 2021 ὅτι
1260 1967 1640 2034 αὐτεξουσίους
1692 1969 1844 2039 ἡμᾶς

249 2057 513 2128 εποίησεν
545 2059 574 2111 ό
605 2057 758 2123 Θεὸς,
796 2058 885 2112 ῐνα
915 2057 1199 2128 δυνώμεθα
1235 2061 1330 2114 καὶ
1361 2061 1458 2130 τῆς
1493 2060 1644 2124 θείας
1678 2059 1841 2131 χάρι-
1873 2103 1891 2113 .

248 2164 345 2210 τος
379 2146 510 2202 ἄνευ
546 2148 787 2220 πληροῦν
816 2149 917 2213 τὰς
949 2148 1188 2213 ἐντολάς.
1224 2148 1290 2202 Ἦ
1322 2148 1378 2203 δὲ
1416 2148 1535 2203 θεία
1571 2148 1729 2219 χάρις
1760 2150 1841 2213 είς

247 2241 313 2295 τὸ
338 2241 728 2312 εὐχερέστερον
754 2242 923 2306 αὐτὰς
949 2241 1287 2311 πληροῦσθαι
1314 2241 1446 2311 παρ’
1467 2240 1626 2312 ἡμῶν
1653 2258 1843 2310 συνερ-

248 2335 359 2401 γεῖ.
388 2332 732 2402 Ἦδυνάμεθα
757 2332 866 2405 γὰρ
890 2335 981 2387 καὶ
1002 2334 1100 2404 τῆς
1124 2333 1276 2396 θείας
1300 2332 1523 2404 χάριτος
1551 2331 1626 2403 μὴ
1653 2348 1844 2401 συνερ-

250 2424 461 2496 γούσης
491 2426 738 2497 πληροῦν
770 2425 991 2494 ταύτας,
1026 2425 1449 2497 δυσχερέστερον
1479 2425 1559 2479 δέ.
1591 2425 1715 2488 Τοῖς
1747 2420 1842 2479 οῦν

249 2515 429 2569 ταῦτα
461 2516 713 2585 λέγουσιν
746 2515 995 2585 ἀνάθεμα
1028 2515 1223 2584 ἐπάγει
1254 2516 1287 2585 ἡ
1326 2513 1570 2578 σύνοδος,
1609 2512 1844 2581 λέγουσα

248 2610 312 2661 τὸ
345 2608 454 2661 πᾶν
479 2607 578 2676 τῆς
605 2604 755 2670 θείας
782 2608 1003 2677 χάριτος
1030 2601 1192 2671 εῖναι,
1218 2604 1315 2658 καὶ
1340 2606 1469 2660 ἄνευ
1497 2604 1711 2673 ἐκείνης
1740 2621 1844 2675 μη-

246 2701 339 2755 δὲν
366 2700 518 2770 ἡμᾶς
550 2697 867 2771 κατορθοῦν.
896 2700 1058 2770 Φέρει
1093 2700 1149 2754 δὲ
1187 2699 1280 2753 καὶ
1316 2700 1622 2769 μαρτυρίαν
1653 2697 1718 2751 ἐκ
1746 2697 1841 2751 τοῦ

248 2795 487 2864 Κυρίου.
522 2793 792 2863 λέγοντος,
829 2795 1020 2862 Χωρίς
1053 2794 1202 2864 ἐμοῦ
1234 2796 1306 2848 οὐ
1342 2792 1609 2847 δύνασθε
1646 2789 1843 2844 ποιεῖν

245 2880 460 2946 οὐδὲν,
503 2883 599 2936 καὶ
640 2883 743 2935 οὐκ
787 2879 931 2946 εἶπε,
978 2883 1163 2951 φησὶν,
1208 2884 1282 2935 Οὐ
1329 2879 1560 2935 δύνασθε
1605 2879 1844 2950 εὐχερῶς

247 2976 432 3026 ποιεῖν
452 2989 466 3005 ·
500 2972 639 3040 ἀλλ’,
669 2973 862 3029 Οὐδὲν
889 2974 1156 3031 δύνασθε
1186 2973 1401 3027 ποιεῖν.

1943 1977 2176 2033 quarum
2211 1978 2316 2017 una
2351 1972 2471 2018 erat
2515 1962 2681 2017 etiam
2727 1976 2846 2030 quae
2888 1961 3126 2025 dicebat,
3174 1961 3320 2030 quod
3374 1960 3515 2014 Deus

1946 2057 2093 2119 dedit
2118 2056 2280 2111 nobis
2309 2055 2539 2111 liberum
2579 2054 2890 2118 arbitrium,
2938 2063 2997 2107 ut
3022 2064 3302 2121 possemus
3348 2051 3512 2106 etiam

1946 2147 2067 2204 sine
2115 2147 2298 2203 divina
2353 2146 2522 2216 gratia
2547 2145 2642 2200 Dei
2673 2145 2929 2200 mandata
2985 2144 3300 2214 complere:
3334 2143 3515 2196 divina

1944 2248 2127 2295 autem
2167 2236 2338 2307 gratia
2367 2236 2437 2292 ad
2467 2250 2529 2290 ea
2556 2234 2765 2289 facilius
2792 2232 3118 2304 perﬁcienda
3171 2246 3328 2287 suum
3359 2229 3517 2283 nobis

1945 2328 2150 2399 praebet
2179 2328 2463 2383 auxilium.
2500 2324 2671 2401 6&8
2695 2324 2991 2380 Possemus
3021 2324 3165 2378 enim
3213 2322 3303 2373 illa
3354 2320 3515 2375 etiam
3552 2346 3559 2349 -

1947 2422 2066 2487 sine
2126 2420 2311 2479 divina
2359 2434 2520 2489 opem
2566 2418 2771 2472 ferente
2815 2417 3011 2488 gratia,
3068 2415 3161 2469 sed
3217 2412 3516 2471 ditlicilius,

1945 2513 2194 2583 exsequi.
2221 2511 2292 2567 Iis
2320 2526 2471 2582 ergo,
2498 2510 2589 2580 qui
2616 2510 2731 2566 haec
2758 2510 2965 2574 dicunt,
2991 2508 3279 2562 anathema
3311 2505 3519 2559 inducit

1945 2605 2211 2676 synodus,
2242 2618 2515 2668 asserens,
2564 2611 2735 2659 totum
2785 2601 2979 2672 gratiae
3018 2614 3144 2656 esse
3196 2597 3414 2662 divinae,
3452 2614 3517 2649 ac

1946 2698 2066 2753 sine
2128 2696 2217 2751 illa
2266 2694 2405 2752 nihil
2454 2710 2483 2748 a
2512 2693 2699 2752 whis
2728 2703 2876 2748 recte
2928 2692 3016 2761 agi
3078 2704 3261 2762 posse.
3305 2687 3517 2742 Profert

1946 2799 2125 2844 autem
2156 2799 2210 2842 el
2233 2786 2602 2842 testimonium
2638 2783 2888 2854 .Dmnini,
2939 2782 3171 2837 dicentis
3210 2799 3224 2835 :
3265 2778 3391 2835 Sine
3440 2796 3520 2842 me
3578 2779 3582 2787 '

1946 2879 2079 2933 nihil
2114 2879 2329 2933 omnino
2356 2878 2576 2947 potestis
2619 2878 2792 2947 facere
2815 2876 2896 2929 ’δε
2924 2888 3100 2943 neque
3139 2872 3296 2937 dixit,
3324 2870 3516 2937 inquit,

1945 2970 2129 3026 Facile
2161 2969 2340 3024 facere
2396 2983 2499 3024 non
2557 2967 2821 3037 poteStis;
2882 2965 2997 3033 sed,
3060 2961 3214 3017 Nihil
3304 2962 3520 3029 potestis

1944 3063 2141 3131 facere.

243 3155 479 3210 ΑΡΙΣΤ.
538 3174 556 3207 ι
584 3156 646 3209 ’0
672 3156 957 3225 κηρύττων
976 3156 1058 3209 ὅτι
1086 3155 1179 3210 καὶ
1204 3155 1327 3225 δίχα
1349 3154 1447 3222 τῆς
1473 3154 1694 3224 χάριτος
1721 3154 1841 3207 δυσ-

1959 3157 2178 3214 ΜὶΙὸΤ.
2217 3175 2236 3209 ι
2278 3156 2379 3224 Qui
2416 3155 2698 3223 praedicat.
2732 3153 2876 3222 quod
2907 3159 2962 3207 et
3011 3164 3129 3206 sme
3176 3158 3349 3218 grana
3382 3144 3522 3198 ditii-

322 3267 342 3300 s
391 3249 734 3319 χερεστέρως
751 3288 767 3312 ,
794 3248 907 3300 ἀλλ’
929 3246 1022 3301 οῦν
1046 3245 1430 3318 ἐκπληροῦμεν
1453 3246 1550 3309 τὰς
1576 3247 1798 3313 ἐντολάς
1819 3288 1833 3311 ,

325 3363 344 3393 ι
394 3341 834 3411 τρισκατάρατος
859 3357 874 3372 ο
915 3359 935 3393 ι
982 3340 1168 3407 Χωρίς
1198 3339 1309 3408 γὰρ
1337 3338 1505 3406 ἐμοῦ,
1552 3358 1570 3389 ι
1611 3339 1776 3408 φησὶν
1810 3341 1838 3392 ὁ

330 3453 349 3484 ι
402 3432 625 3503 Κύριος,
658 3433 728 3486 οὐ
755 3431 1022 3488 δύνασθε
1043 3430 1238 3486 ποιεῖν
1261 3429 1461 3485 οὐδὲν.
1486 3449 1508 3482 ι

318 3525 432 3579 Τοῦ
466 3523 763 3592 Πελαγίου,
791 3524 883 3577 καὶ
914 3523 1266 3587 Κελεστίνου,
1296 3523 1392 3577 καὶ
1414 3523 1711 3594 Νεστορίου
1739 3520 1834 3574 τοῦ

250 3617 677 3688 ματαιόφρονος,
725 3616 1047 3686 όμοφρόνων
1085 3618 1408 3685 γεγονότων,
1453 3616 1589 3669 ἀλλὰ
1629 3617 1727 3671 καὶ
1770 3618 1838 3677 τὰ

245 3712 359 3764 τῶν
394 3708 678 3763 δυσσεϐὢν
713 3708 1030 3779 Μανιχαίων
1068 3709 1406 3779 φρονούντων
1444 3708 1540 3762 καὶ
1575 3709 1835 3778 δογματι-

250 3802 474 3867 csum,
505 3802 598 3854 καὶ.
624 3800 794 3853 ταῦτα
826 3800 972 3870 ἆπερ
1000 3801 1034 3870 ἡ
1066 3798 1280 3863 σύνοδος
1309 3798 1720 3867 άνσθεματίζει,
1746 3799 1839 3853 οὐ·

252 3895 385 3948 ποτε
410 3911 493 3956 τις
520 3893 692 3946 ταῦτα
723 3893 997 3963 φρονήσας
1020 3894 1131 3955 τοῖς
1159 3892 1505 3960 Χριστιανοίς
1538 3892 1836 3964 συνταχθῆ-

254 4002 430 4049 σεται,
476 3985 614 4037 ἀλλὰ
655 3982 755 4053 τῆς
790 3982 1117 4054 Ἐκχλησίας
1157 3981 1713 4052 ὲξοστρακισθήσεται
1757 3983 1834 4045 ὡς

253 4077 572 4146 ἀλλότριος,
606 4076 699 4128 καὶ
739 4075 1017 4146 χωρισμὸν
1052 4075 1163 4149 ἀπὸ
1195 4073 1398 4143 ταύτης
1440 4076 1531 4127 καὶ
1568 4073 1661 4127 τοῦ
1702 4074 1838 4127 Θεοῦ

254 4169 624 4241 κληρώσεται.
664 4168 802 4223 Φασὶ
843 4168 901 4221 δέ
941 4184 1088 4231 τινες
1128 4168 1255 4231 τοὺς
1300 4167 1549 4230 ἀνοσίους
1593 4166 1853 4234 τούτους,-

253 4265 348 4318 τὸν
385 4262 710 4316 Κελεστῖνον
743 4258 946 4331 δηλαδὴ
980 4260 1076 4313 καὶ
1110 4259 1407 4327 Πελάγιον,
1444 4262 1586 4329 μήτε
1620 4260 1844 4313 ἐπισκό-

256 4371 424 4417 πους,
461 4355 601 4424 μήτε
633 4351 1068 4422 πρεσϐυτέρους,
1106 4352 1242 4420 μήτε
1271 4350 1408 4413 ὅλως
1434 4350 1528 4404 τοῦ
1562 4351 1845 4422 ίερατικοῦ.

255 4444 517 4513 γενέσθαι
547 4444 830 4512 τάγματος
856 4459 869 4472 ·
903 4441 1021 4495 ἀλλ’
1044 4440 1248 4493 ὡσανεὶ
1280 4440 1614 4511 μονάζοντας
1646 4442 1840 4509 ὄντας,

2029 3269 2047 3302 ι
2090 3250 2251 3306 cilius
2277 3249 2515 3319 quidem,
2547 3246 2640 3301 sed
2690 3256 2870 3300 tamen
2902 3244 3183 3313 capiemus
3227 3240 3478 3295 mandatu
3504 3276 3518 3299 ,

2028 3362 2047 3395 ε
2097 3351 2179 3396 ter
2235 3340 2601 3396 exsecrandus
2643 3346 2728 3392 est
2783 3354 2798 3392 :
2859 3335 2992 3391 dicit
3042 3334 3186 3388 enim
3237 3330 3523 3392 Dominus,

2029 3454 2047 3486 ι
2097 3433 2223 3489 Sine
2251 3450 2328 3487 me
2363 3431 2497 3486 nihil
2522 3432 2735 3484 omnino
2770 3429 2947 3497 facere
2986 3427 3226 3496 potestis.
3273 3444 3291 3476 ι

2025 3527 2239 3597 Pelagio
2262 3534 2315 3579 et
2334 3524 2604 3581 Celestino
2624 3528 2680 3577 et
2706 3519 2961 3576 Nestorio
2984 3520 3220 3599 absurda
3246 3516 3519 3585 sapiente,

1947 3617 2439 3678 consentientibus,
2488 3626 2543 3676 et
2577 3612 2865 3679 impiorum
2916 3610 3337 3665 Matiichmorum
3391 3606 3523 3672 dog-

1950 3722 2091 3768 mata
2114 3719 2170 3764 et
2199 3725 2260 3767 ea
2292 3722 2410 3778 qua:
2432 3705 2671 3777 synodus
2695 3702 3125 3793 anathematizat
3155 3699 3521 3756 sentientibus

1949 3814 2005 3857 et
2056 3799 2500 3872 praedicantibus,
2555 3796 2647 3867 qui
2698 3795 2887 3850 eadem
2948 3789 3114 3847 sentit
3174 3793 3315 3845 inter
3358 3789 3521 3843 Chri-

1951 3894 2158 3951 stianos
2191 3906 2295 3947 non
2323 3890 2654 3951 collocatur,
2692 3886 2786 3941 sed
2834 3900 2898 3940 ex
2955 3883 3200 3939 Ecclesia
3250 3881 3545 3949 relegatur'

1952 3983 2271 4045 ntalienus,
2322 3992 2376 4035 et
2420 3981 2487 4033 ab
2517 3993 2581 4032 ea
2613 3980 2814 4048 pariter
2859 3984 2916 4031 et
2968 3975 3078 4030 Deo
3123 3972 3521 4044 segregabitur.

1952 4078 2151 4141 Dicunt
2202 4085 2382 4129 autem
2416 4072 2639 4142 quidam
2699 4069 2892 4138 lmpios
2943 4069 3084 4134 illos,
3118 4081 3312 4132 nempe
3364 4063 3523 4118 Cele-

1947 4170 2147 4234 stinum
2175 4174 2230 4221 et
2263 4164 2561 4233 Pelagium,
2596 4179 2696 4219 nec
2722 4163 3007 4230 episcopos
3038 4174 3140 4214 nec
3172 4159 3521 4225 presbyteros

1951 4274 2053 4315 nec
2080 4258 2301 4312 omnino
2339 4259 2404 4310 de
2428 4256 2624 4310 ordine
2653 4250 2975 4307 sacerdotali
3009 4246 3216 4313 fuisse;
3250 4247 3341 4301 sed
3368 4247 3523 4315 quasi

1951 4350 2245 4420 niouachos
2266 4346 2609 4413 exsistentes,
2634 4351 2688 4399 et
2712 4344 2960 4398 civitates
2993 4349 3435 4411 pertranseuutes
3462 4348 3516 4391 et

1948 4441 2355 4498 consentientes
2375 4445 2566 4493 contra
2592 4436 2898 4500 veritatem,
2923 4436 2978 4488 in
3002 4432 3303 4488 Ecclesium
3338 4443 3520 4484 autem

257 4538 349 4589 καὶ
373 4534 758 4606 διερχομένους
781 4533 876 4596 τὰς
900 4533 1106 4597 πόλεις,
1134 4534 1227 4587 καὶ
1252 4533 1676 4603 συμφωνοῦντας
1700 4536 1841 4588 κατὰ

1959 4541 2295 4606 ηιιειιτςειιῑεε
2353 4532 2457 4587 sub
2534 4528 2837 4600 Theophila
2878 4526 3218 4581 Alexandriae
3270 4525 3527 4594 episcopo

256 4631 357 4697 τῆς
405 4626 697 4697 ἀληθείας,
745 4626 1157 4687 ὲπαναστάντας
1206 4625 1261 4677 δὲ
1302 4628 1369 4697 τῇ
1406 4626 1705 4697 Ἐκκλησία
1752 4628 1845 4680 ἐπὶ

255 4718 518 4786 Θεοφίλου
552 4716 645 4770 τοῦ
683 4717 985 4770 ἐπισκόπου
1021 4716 1451 4784 Ἀλεξανδρείας,
1488 4717 1580 4771 καὶ
1616 4710 1847 4772 ἰνοκενέ

256 4812 375 4863 τίου
407 4808 503 4862 τοῦ
538 4808 789 4880 Ῥώμης,
820 4809 915 4861 καὶ
946 4809 1087 4879 μετὰ
1118 4806 1348 4872 πολλοὺς
1376 4808 1595 4878 ἀγῶνας
1626 4809 1719 4862 ὐπ’
1742 4810 1845 4863 αὐ-

257 4905 368 4956 τῶν
404 4902 471 4974 δὴ
517 4901 627 4955 τῶν
674 4900 989 4954 ἐπισκόπων
1033 4900 1330 4971 ἐγγράφως
1373 4900 1841 4971 κατακριθέντας·

259 4997 405 5056 ὁστις
445 4995 580 5063 γοῦν
613 4993 648 5064 ἢ
684 4994 773 5046 τὸν
813 4993 986 5064 Ἀδὰμ.
1023 4993 1216 5062 θνητὸν
1251 4993 1309 5058 ἐξ
1350 4993 1524 5063 ἀρχῆς
1562 4993 1669 5045 ἀπὸ
1710 4992 1847 5045 Θεοῦ

258 5088 516 5156 γενέσθαι
554 5086 905 5155 δογματίζει,
946 5088 1036 5140 καὶ
1076 5085 1163 5137 διὰ
1208 5084 1456 5155 ἀνάγκην
1490 5083 1590 5155 τῆς
1633 5085 1848 5153 φύσεως

258 5179 682 5249 τεθνηξόμενον,
720 5178 820 5232 κᾶν
847 5195 907 5230 τε
936 5179 1185 5249 ἥμαρτε,
1218 5176 1320 5240 κάν
1351 5193 1410 5229 τε
1445 5179 1517 5246 μή
1545 5191 1557 5205 ·
1592 5175 1624 5246 ἢ
1657 5176 1724 5228 τά
1755 5176 1850 5243 νή-

261 5289 364 5325 πια
396 5271 541 5337 λέγει
581 5270 656 5341 μὴ
686 5272 763 5332 είς
794 5269 991 5338 ἄφεσιν
1021 5270 1309 5339 ἁμαρτιῶν
1344 5267 1740 5338 βαπτίζεσθαι,
1770 5267 1847 5330 ὡς

266 5363 434 5434 μηδὲν
472 5364 537 5415 ἐκ
576 5361 676 5429 τῆς
716 5361 809 5415 τοῦ
848 5361 1020 5431 Ἀδὰμ
1063 5360 1397 5432 προγονικῆς
1441 5358 1714 5429 ἁμαρτίας
1754 5358 1845 5412 ἓλ-

263 5471 452 5513 κοντα·
498 5458 595 5517 καὶ
638 5454 812 5511 ταῦτα
851 5454 946 5509 τοῦ
987 5455 1310 5509 Ἀποστόλου
1362 5454 1617 5524 βοῶντος.
1645 5454 1720 5517 ὠς
1761 5451 1843 5506 Δι’

260 5549 402 5614 ἐνὸς
444 5546 762 5614 ἀνθρώπου
806 5546 843 5614 ἡ
883 5546 1137 5617 ἁμαρτία
1180 5548 1266 5613 εὶς
1308 5547 1412 5599 τὸν
1450 5545 1681 5614 κόσμον
1717 5547 1847 5598 εἱσ-

261 5640 449 5711 ἦλθε,
488 5641 589 5695 καὶ
624 5641 721 5695 διὰ
756 5641 864 5712 τῆς
897 5641 1186 5713 ἁμαρτίας
1220 5645 1251 5696 ό
1287 5640 1572 5706 θάνατος·
1614 5641 1644 5710 ἢ
1684 5640 1844 5693 πάλιν

340 5822 389 5855 ³⁸
416 5821 583 5877 Iunt).
615 5837 701 5887 sV,

1949 4636 2004 4682 et
2038 4621 2352 4680 Innocentio
2387 4621 2598 4686 Romae,
2632 4628 2686 4675 et
2714 4628 2839 4689 post
2892 4616 3061 4670 multa
3113 4615 3415 4670 certamina
3460 4614 3529 4665 ab

1951 4725 2084 4791 ipsis
2113 4721 2279 4776 etiam
2309 4714 2586 4787 episcopis
2633 4711 2852 4781 scriptis
2901 4709 3068 4763 fuisse
3119 4706 3525 4759 condemnatos.

1952 4814 2275 4882 Quicunque
2306 4823 2438 4879 ergo
2464 4807 2732 4860 Adamnm
2766 4816 2797 4855 a
2830 4801 2937 4854 Deo
2985 4798 3266 4852 mortalem
3324 4794 3526 4848 factum

1954 4906 2117 4959 fuisse
2141 4904 2321 4964 docet,
2349 4908 2403 4952 et
2423 4913 2519 4968 per
2540 4904 2747 4949 natura:
2770 4891 3152 4965 necessitatem
3180 4887 3525 4944 moriturum,

1954 4999 2071 5053 sive
2102 4999 2404 5065 peccasset,
2442 4989 2559 5043 sive
2588 5002 2693 5040 non
2716 5025 2730 5050 ,
2769 4994 2862 5039 aut
2892 4983 3128 5038 infantes
3163 4995 3270 5033 non
3315 4980 3366 5031 in
3401 4992 3526 5045 pee-

1954 5097 2199 5144 catorum
2236 5081 2619 5140 remissionem
2675 5077 2980 5149 baptizatos
3013 5074 3171 5141 dicit,
3216 5081 3273 5127 ut
3321 5071 3452 5125 nihil
3500 5087 3527 5121 ει

1954 5176 2230 5249 primitivo
2270 5171 2463 5227 Adami
2508 5175 2735 5239 peccato
2783 5164 3151 5227 attrahentes;
3209 5174 3329 5214 cum
3385 5159 3528 5227 Apo-

1953 5270 2122 5327 stolus
2143 5266 2489 5325 haecclamet,
2517 5260 2659 5332 quod
2676 5274 2768 5327 per
2798 5272 2959 5311 unum
2977 5255 3237 5308 [remittent
3256 5260 3527 5323 peccatum

1955 5365 2009 5419 iu
2046 5361 2300 5416 mundum
2332 5357 2492 5421 venit,
2525 5364 2573 5409 et
2604 5369 2697 5424 per
2739 5359 3007 5423 peccatum
3040 5363 3181 5402 mors
3201 5363 3219 5411 ;
3253 5344 3332 5399 vel
3365 5343 3526 5397 etiam

1955 5456 2122 5513 sentit
2149 5452 2477 5523 baptismum
2505 5457 2851 5518 peccatorum
2878 5443 3098 5513 quidem
3150 5438 3523 5494 remissionem

1929 5545 2167 5620 largiri,
2205 5559 2310 5598 non
2342 5551 2522 5596 autem
2559 5548 2613 5595 et
2638 5538 2877 5608 praebere
2908 5533 3167 5591 auxilium
3204 5544 3271 5583 ne
3300 5525 3526 5594 :tltiplitts

1956 5648 2230 5710 pvccctur,
2262 5635 2355 5692 sed
2387 5642 2575 5689 nostro
2618 5632 2731 5686 solo
2787 5635 2979 5682 conatu
3040 5623 3165 5678 illud
3208 5616 3479 5676 cnteudari
3506 5657 3522 5681 ,
