3944 6400
442 389 546 448 3ῖὸ

1664 383 1944 444 THEOD.
1974 381 2375 459 BALSAMON

3571 392 3666 455 376

376 560 379 565 ς
444 497 530 551 νυι
581 493 711 551 illud
761 497 924 552 etiam
983 496 1242 562 admittit,
1289 505 1345 553 et
1404 497 1497 551 Dei
1534 497 1764 566 gratiam
1806 495 2016 553 nos..ad

2177 500 2310 547 novat
2338 496 2397 547 τὺ
2429 496 2715 567 βάπτισμα
2746 495 2852 551 τῶν
2886 497 2989 568 μὲν
3020 496 3122 569 ἤδη
3156 498 3558 569 ἡμαρτημένων
3582 502 3680 556 δω-

444 587 700 641 mandata
733 587 903 664 ipsius
927 588 1188 657 explenda
1237 588 1493 658 adjuvare
1545 588 1878 654 arbitratur;
1919 588 2014 642 sed

446 674 628 739 docet,
660 676 805 745 quod
828 687 883 733 et
911 679 1029 733 sine
1059 680 1232 748 gratia
1263 694 1327 733 ea
1375 679 1642 749 perlicere
1698 691 2013 748 possumus,

444 766 540 820 sed
572 781 693 821 cum
721 767 1036 825 difficultate
1064 786 1079 829 :
1117 771 1183 825 sit
1218 772 1527 825 anathema.
1561 770 1674 825 Nec
1711 771 1854 824 enim
1882 768 2019 822 dixit

446 856 728 921 Dominus,
761 861 903 928 quod
934 859 1065 916 Sine
1098 877 1185 915 me
1226 877 1288 915 ea
1339 862 1626 916 diﬂicutter
1662 860 1887 931 potestis
1938 860 2019 912 ta-

446 960 601 1016 cere;
634 950 724 1005 sed
761 952 901 1021 quod
932 952 1058 1007 Sine
1086 969 1166 1007 me
1196 953 1328 1007 nihil
1362 953 1581 1022 potestis
1609 955 1807 1024 facere.

2126 590 2336 660 ρείσθαι
2367 590 2596 658 ἄφεσιν,
2633 594 2707 659 μὴ
2742 590 3004 661 παρέχειν
3034 591 3091 645 δέ
3126 589 3375 660 βοήθειαν
3407 592 3499 646 καὶ
3531 594 3604 656 είς
3628 596 3684 648 τδ

2127 676 2324 745 μηκέτι
2357 676 2694 746 ἁμαρτῆσαι,
2725 677 2839 730 ἀλλ’
2866 678 2924 744 ἐξ
2956 679 3233 749 ἡμετέρας
3264 679 3435 750 μόνης
3464 683 3685 755 σπουδῆς

2123 766 2280 821 τοῦτο
2311 766 2708 847 κατορθοῦσαμι
2732 785 2746 800 ο
2782 769 2816 840 ἢ
2854 771 2947 824 καὶ
2976 770 3133 824 τοῦτο
3167 770 3265 841 μὲν
3294 773 3684 843 παραδέχεται,

2126 858 2221 911 καὶ
2254 859 2351 929 τὴν
2388 859 2482 913 τοῦ
2517 860 2657 914 Θεοῦ
2692 862 2851 931 χάριν
2883 861 3100 928 δοξάζει
3142 862 3412 932 ἐνισχύειν
3444 864 3584 932 ἡμᾶς
3613 867 3687 929 εἰς

2128 952 2189 1004 το
2220 953 2319 1015 τὰς
2356 954 2574 1017 ἐντολὰς
2615 954 2923 1024 ἐκπληροῦν
2943 970 2958 988 ο
2992 955 3231 1009 διδάσκει
3261 956 3319 1009 δὲ
3350 957 3424 1019 ὡς
3457 958 3548 1011 καὶ
3575 957 3688 1029 δίχα

446 1043 547 1111 τῆς
581 1043 799 1114 χάριτος
829 1045 1123 1115 κατορθοῦι
1156 1046 1325 1110 αύτάς
1357 1047 1694 1117 ἠδυνάμεθα,
1754 1045 1893 1115 πλὴν
1960 1042 2099 1114 μετά
2130 1044 2467 1115 δυσχερείας,
2498 1046 2615 1116 ἧτω
2648 1046 2912 1115 ἀνάθεμα.
2948 1048 3083 1101 Ούὲἐ
3117 1048 3226 1118 γὰρ
3260 1043 3415 1102 εἶπεν
3442 1050 3470 1103 6
3500 1049 3688 1122 Κύριος

451 1139 525 1202 ὡς
552 1139 736 1207 Χωρὶς
761 1140 897 1209 ἐμοῦ
921 1142 1202 1212 δυσχερῶς
1227 1144 1457 1198 δύνασθε
1483 1148 1658 1199 ποιεῖν
1679 1143 1873 1208 αύτάς,
1898 1141 2036 1208 ἀλλ’,
2067 1140 2149 1194 ὅτι
2177 1143 2365 1211 Χωρὶς
2399 1143 2546 1213 ἐμοῦ
2579 1143 2761 1199 οὐδὲν
2789 1145 3057 1200 δύνασθε
3092 1145 3307 1201 ποιεῖν.

1019 1236 1248 1292 CANON
1295 1218 1461 1295 cxv.

457 1343 475 1375 ι
525 1328 679 1394 Quod
713 1345 820 1383 non
852 1330 1025 1385 solum
1059 1332 1300 1399 humilis,
1328 1333 1423 1387 sed
1452 1334 1619 1387 etiam
1647 1347 1775 1386 vera
1800 1339 1882 1386 est
1912 1331 2025 1386 haec

528 1436 547 1468 ι
593 1436 693 1473 vox
729 1431 1084 1479 sanctorum:
1117 1422 1173 1478 Si
1208 1424 1508 1479 dixerimus
1550 1425 1693 1493 quod
1743 1433 2023 1493 peccatum

531 1528 548 1559 ‹
599 1525 705 1564 non
739 1511 1024 1579 habemus,
1052 1529 1147 1568 nos
1191 1515 1337 1583 ipsos
1370 1515 1707 1569 seducimus.
1762 1514 2026 1568 Similiter

530 1620 546 1650 ι
595 1602 818 1671 placuit,
848 1613 909 1658 ut
939 1605 1082 1673 quod
1128 1605 1266 1659 dixit
1319 1617 1539 1660 sanetus
1595 1602 1833 1660 Joannes
1885 1619 2019 1674 apo-

532 1712 550 1743 ι
598 1694 771 1749 stolus
804 1713 818 1750 :
852 1694 912 1750 Si
943 1696 1252 1762 dixerimus,
1281 1697 1419 1765 quod
1470 1706 1743 1766 peccatum
1788 1711 1892 1749 non
1924 1697 2025 1748 Ita-

531 1804 548 1835 ι
596 1787 796 1855 bemus,
832 1804 931 1841 nos
957 1788 1102 1858 ipsos
1127 1788 1444 1854 seducimus,
1475 1796 1525 1841 et
1552 1789 1748 1842 ueritas
1793 1790 1850 1842 in
1873 1789 2024 1842 nobis

534 1897 552 1927 ι
595 1894 697 1933 non
725 1881 906 1945 est”;
941 1882 1257 1950 quicunque
1286 1881 1366 1936 sic
1418 1881 1792 1951 accipiendum
1828 1882 2024 1937 existi-

531 1987 550 2020 ι
594 1971 842 2035 maverit,
871 1981 927 2025 ut
955 1972 1098 2026 dicat
1127 1988 1223 2040 per
1268 1972 1635 2028 humilitatem
1692 1989 1799 2027 non
1827 1973 2026 2029 debere

536 2062 773 2117 :dicere
828 2076 928 2118 nos
959 2078 1067 2117 non
1122 2063 1328 2119 habere
1382 2073 1689 2134 peccatum,
1745 2080 1849 2119 non
1881 2066 2024 2134 quod

534 2173 551 2205 ι
592 2168 720 2209 vere
749 2155 822 2209 ita
850 2163 951 2220 est,
985 2155 1057 2210 sit
1099 2160 1411 2210 anathema.
1467 2155 1827 2225 Prosequitur
1880 2156 2024 2211 enim

531 2265 550 2297 ι
592 2248 890 2316 apostolus,
926 2260 979 2302 et
1003 2248 1083 2303 sic
1113 2246 1393 2319 subiungit
1435 2268 1445 2302 :
1480 2246 1574 2303 Sin
1602 2257 1777 2301 autem
1807 2256 2030 2316 peccata

424 2356 429 2361 -
536 2355 555 2387 ι
597 2346 779 2392 nostra
811 2339 1038 2411 confessi
1087 2340 1370 2408 fuerimus,
1425 2340 1596 2409 ﬁdelis
1634 2348 1713 2394 est
1749 2347 1798 2393 et
1847 2337 2028 2409 justus

535 2446 553 2478 ι
594 2430 686 2498 qui
719 2440 937 2500 peccata
970 2431 1118 2485 nobis
1159 2433 1411 2499 remittet,
1441 2441 1491 2487 et
1520 2431 1770 2502 purgabit
1822 2447 1915 2486 nos
1963 2434 2027 2487 ab

537 2536 554 2565 ι
598 2523 747 2574 omni
795 2521 1064 2592 injustitia
1085 2522 1155 2578 ".
1214 2523 1320 2580 Ubi
1370 2523 1533 2595 plane
1585 2532 1863 2578 ostensum
1920 2532 2027 2590 est,

540 2630 558 2662 ι
602 2612 707 2667 hoc
739 2628 845 2668 non
883 2614 1056 2670 solum
1090 2615 1389 2681 humiliter,
1424 2614 1521 2674 sed
1553 2614 1718 2670 etiam
1744 2631 1870 2672 vere
1901 2618 2027 2671 dici.

538 2722 555 2751 ι
600 2701 819 2759 Poterat
849 2707 993 2760 enim
1026 2707 1307 2776 apostolus
1347 2708 1566 2764 dicere:
1612 2709 1669 2765 Si
1704 2710 2028 2775 dixerimus,

539 2812 557 2844 ‹
601 2796 744 2863 quod
774 2805 1060 2865 peccatum
1098 2811 1204 2852 non
1235 2797 1518 2855 habemus.
1550 2814 1647 2854 nos
1676 2802 1823 2868 ipsos
1852 2800 2030 2855 extol-

540 2906 556 2934 σ
608 2886 791 2949 limus,
846 2895 900 2941 et
952 2887 1232 2943 humilitas
1302 2904 1410 2944 non
1465 2901 1546 2945 est
1600 2892 1652 2945 in
1704 2892 1859 2946 nobis
1893 2909 1906 2946 :
1939 2894 2031 2947 sed

543 3001 560 3030 ι
604 2995 726 3036 cum
764 2981 920 3045 dixit,
953 2979 1067 3035 Nos
1096 2983 1239 3051 ipsos
1266 2984 1588 3048 seducimus,
1618 2992 1699 3048 et,
1730 2982 1847 3037 Non
1879 2995 1951 3037 est
1977 2984 2031 3036 in

538 3088 554 3119 ι
599 3068 746 3124 nobis
780 3073 1015 3134 veritas;
1049 3082 1233 3139 aperte
1277 3073 1513 3125 ostendit
1570 3086 1693 3125 eum
1726 3072 1818 3141 qui
1877 3072 2029 3135 dicit,

2701 1237 2943 1291 ΚΑΝΩΝ
2980 1239 3128 1292 Ρ1Ε’.

2128 1348 2148 1381 ι
2177 1329 2301 1383 ’Ότι
2334 1332 2394 1383 οὗ
2436 1331 2595 1399 μόνον
2626 1331 2891 1400 ταπεινὴ,
2928 1331 3063 1384 ἀλλὰ
3097 1330 3192 1384 καὶ
3226 1329 3456 1402 ἀληθινὴ
3489 1334 3521 1400 ἠ
3554 1331 3689 1402 φωνὴ

2194 1438 2214 1472 ι
2260 1421 2366 1474 τῶν
2396 1422 2566 1489 ἁγίων
2593 1422 2745 1475 ἐστὶν
2773 1421 2913 1491 αὕτη
2938 1439 2952 1453 ο
2987 1423 3113 1475 Ἐὰν
3143 1423 3392 1492 εἴπωμεν
3411 1422 3491 1475 ὄτι
3519 1423 3687 1492 ἁμαρ-

2200 1530 2219 1562 ι
2265 1512 2388 1565 τίαν
2434 1514 2532 1565 ούκ
2579 1513 2811 1582 ἔχομεν,
2856 1514 3083 1575 ἑαυτοὺς
3128 1512 3440 1581 πλανῶμεν.
3476 1511 3693 1580 Ὁμοίως

2206 1622 2226 1655 ι
2272 1605 2488 1674 ἤρεσεν,
2520 1606 2609 1658 ἵνα
2637 1606 2777 1673 ὅπερ
2808 1600 2963 1659 εἶπεν
2990 1606 3017 1657 6
3047 1606 3198 1671 ἅγιος
3234 1604 3487 1674 Ἰωάννης
3513 1606 3539 1656 6
3566 1604 3694 1657 ἀπό-

2210 1715 2229 1747 ι
2278 1697 2459 1757 στολος
2485 1713 2502 1729 '
2545 1698 2685 1751 Ἐὰν
2710 1699 2969 1767 εῑπωμεν
2991 1697 3080 1751 ὅτι
3109 1697 3404 1765 ἁμαρτίαν
3443 1699 3549 1751 οὐκ
3576 1697 3697 1763 ἔχοι

2209 1807 2228 1839 ι
2264 1805 2399 1856 μεν,
2457 1788 2711 1855 ἑαυτοὺς
2744 1788 3082 1858 ἀπατῶμεν,
3124 1788 3222 1841 καὶ
3275 1788 3522 1854 ἀλήθεια
3569 1787 3698 1857 ἡμῖν

2206 1900 2225 1931 ι
2268 1884 2380 1936 οὐκ
2435 1882 2645 1937 ἐστιν*
2719 1882 3077 1952 δστισδήποτε
3123 1881 3269 1934 οὕτω
3331 1880 3697 1951 παραληπτέον

2204 1990 2223 2023 ι
2271 1973 2506 2044 νομίσει,
2533 1976 2607 2036 ὡς
2630 1976 2806 2028 εἰπεῖν
2828 1975 2919 2027 διὰ
2938 1972 3446 2044 ταπεινοφροσύνην
3471 1973 3542 2043 μὴ
3562 1971 3695 2041 ὀφεί-

2205 2081 2223 2114 ι
2270 2065 2383 2117 λειν
2412 2064 2666 2134 λέγεσθαι
2694 2066 2844 2135 ἡμᾶς
2881 2064 2956 2135 μὴ
2992 2065 3137 2133 ἐχειν
3170 2064 3470 2134 ἁμαρτίαν,
3499 2063 3593 2132 οὐχ
3622 2063 3696 2115 ὅτι

2205 2174 2224 2207 ι
2271 2155 2486 2225 ἀληθῶς
2517 2154 2692 2220 οὕτως
2726 2155 2910 2218 ἐστὶν,
2945 2154 3199 2225 ἀνάθεμα
3233 2155 3344 2226 εἴη.
3381 2154 3696 2208 Ἐπακολου-

2207 2265 2226 2299 ι
2272 2247 2357 2300 θεῖ
2390 2248 2503 2317 γὰρ
2531 2251 2557 2300 ὁ
2588 2247 2887 2310 ἀπόστολος
2920 2249 3015 2301 καὶ
3051 2247 3485 2317 προσζεύγνυσιν
3512 2240 3701 2308 οὕτως’

2207 2359 2226 2393 ι
2266 2341 2400 2395 Ἐὰν
2425 2339 2494 2395 δὲ
2532 2341 3007 2411 ὁμολογήσωμεν
3043 2340 3152 2406 τὰς
3204 2336 3693 2410 ἁμαρτίας-ήμῶν,

2208 2452 2227 2485 ι
2275 2436 2488 2500 πιστός
2519 2434 2648 2488 ἐστι
2690 2433 2786 2488 καὶ
2820 2433 3073 2500 δίκαιος,
3120 2433 3301 2497 ὅστις
3327 2430 3543 2501 ἀφήσει
3574 2427 3703 2497 ἡμῖν

2210 2545 2228 2577 ι
2272 2528 2378 2591 τὰς
2409 2526 2716 2593 ἁμαρτίας,
2740 2527 2836 2579 καί
2867 2524 3179 2591 καθαρίσει
3206 2521 3367 2592 ἡμᾶς
3382 2520 3496 2575 ἀπὸ
3518 2518 3701 2584 πάσης

2211 2635 2229 2667 ι
2275 2616 2533 2682 ἀδικίας.
2563 2617 2732 2670 Ἔνθα
2772 2617 2913 2671 πάνυ
2953 2616 3255 2687 δεδήλωται
3290 2614 3445 2667 τοῦτο
3470 2611 3703 2683 μὴμόνον

2210 2725 2229 2755 ι
2275 2709 2735 2777 ταπεινοιρρόνως,
2761 2707 2875 2761 ἀλλ’
2900 2706 2979 2760 ἔτι
3010 2705 3114 2777 μὴν
3143 2705 3419 2772 ἀληθινῶς
3442 2699 3699 2770 λέγεσθαι.

2212 2818 2231 2850 ι
2269 2800 2528 2853 Ἡδύνατο
2555 2800 2663 2869 γάρ
2688 2802 2715 2853 6
2741 2799 3039 2862 ἀπόστολος
3066 2801 3274 2865 εἰπεῖν,
3309 2798 3435 2850 Ἔάν
3460 2795 3701 2863 εἴπωμενο

2213 2913 2231 2945 ι
2279 2895 2392 2947 Οὐκ
2428 2894 2624 2965 ἔχομεν
2656 2892 2955 2963 ἁμαρτίαν,
2994 2892 3221 2953 ἑαυτοὺς
3264 2889 3584 2959 ἐξυψοῦμεν,
3620 2885 3703 2938 καὶ

2212 3003 2230 3035 ι
2276 2986 2749 3057 ταπεινοφροσύνη
2786 2986 2841 3037 ἐν
2870 2986 3005 3057 ἡμζν
3034 2985 3132 3037 οὐκ
3167 2982 3324 3036 ἔστιν
3351 3000 3364 3014 ·
3397 2982 3509 3036 ἀλλ’
3533 2977 3701 3032 είπὼν.

2213 3096 2230 3128 ι
2273 3050 3042 3144 Ἑαυτοὺτξάπατῶμενᾷαὶ,
3069 3074 3348 3142 Ἀλήθεια
3373 3075 3441 3127 ἐν
3462 3071 3595 3142 ἡμῖν
3615 3070 3711 3122 οὐκ

542 3181 559 3211 ι
607 3176 664 3216 se
695 3176 801 3215 non
841 3163 1041 3218 habere
1072 3172 1382 3232 peccatum,
1413 3177 1516 3218 non
1541 3177 1668 3217 vere
1688 3164 1911 3241 .dicere,
1940 3163 2033 3219 sed

2219 3188 2238 3220 ι
2286 3170 2454 3234 ἐστι,
2502 3169 2643 3221 πάνυ
2696 3168 2947 3235 ἀπέδειξε
2998 3169 3088 3220 τὸν
3133 3167 3372 3232 λέγοντα
3424 3165 3605 3219 ἐιυτδν
3648 3162 3711 3230 μὴ

542 3275 559 3305 ι
609 3255 847 3311 mentiri.
886 3274 904 3306 ι

534 3347 733 3402 BALS.
777 3360 830 3403 et
868 3345 1122 3404 ZONAR.
1158 3349 1385 3415 Quidam
1430 3349 1482 3403 id
1524 3348 1665 3418 quod
1714 3348 1845 3404 dicit
1897 3351 2041 3420 Apo-

463 3439 673 3494 s'olus:
722 3437 781 3494 Si
833 3440 1152 3504 dixerimus,
1201 3442 1342 3513 quod
1392 3453 1667 3510 peccatum
1730 3460 1834 3497 non
1881 3442 2041 3498 habe-

466 3548 604 3596 mus,
646 3547 738 3584 nos
764 3533 903 3601 ipsos
930 3533 1228 3588 seducimus
1257 3550 1276 3588 :
1303 3534 1380 3590 sic
1407 3546 1753 3605 acceperunt,
1776 3537 1918 3606 quod
1950 3549 2043 3603 per

471 3623 832 3679 humilitatem
872 3625 973 3679 hoc
1004 3635 1218 3695 oportet
1248 3627 1452 3693 dicere,
1484 3643 1587 3683 non
1614 3642 1711 3696 per
1735 3629 2040 3683 veritatem.

470 3716 578 3770 litos
607 3730 756 3786 ergo,
783 3717 872 3785 qui
925 3718 1153 3785 apostoli
1199 3718 1407 3773 dictum
1462 3720 1539 3774 sic
1588 3720 2039 3789 interpretantur,

467 3809 817 3863 anathemate
870 3814 1231 3866 condemnant
1288 3811 1457 3883 65.9
1513 3813 1745 3877 Patres,
1801 3813 2044 3869 dicentes

443 3891 611 3967 ἠτιοά
643 3915 708 3955 ex
743 3904 988 3971 proxime
1009 3906 1363 3972 sequentibus
1397 3904 1648 3974 Epistolas
1676 3906 1860 3961 verbis
1898 3906 2046 3960 clare

470 3994 776 4048 ostenditur
831 3995 1057 4063 apostoli
1122 3996 1418 4061 sententia,
1477 3996 1862 4065 subjungentis
1897 4013 1910 4052 :
1950 3996 2046 4052 Sin

471 4096 644 4140 mttem
676 4087 1025 4155 conﬁteantur
1058 4098 1274 4155 peccata
1303 4101 1508 4154 nostra,
1541 4098 1596 4144 et
1625 4104 1745 4158 quia
1789 4078 2057 4159 deinceps.

474 4188 801 4248 sequuntur.
826 4178 947 4232 Jam
982 4194 1111 4234 vero
1146 4180 1311 4235 David
1351 4196 1569 4251 quoque
1602 4180 1737 4237 dicit
1766 4201 1780 4237 :
1823 4181 1890 4235 In
1924 4197 2048 4246 pec-

473 4272 607 4324 ratis
634 4273 868 4339 concepit
894 4288 971 4324 me
1002 4281 1169 4325 mater
1188 4288 1303 4325 mea
1326 4273 1394 4326 “.
1424 4272 1539 4325 Nisi
1561 4273 1704 4327 enim
1738 4274 1821 4328 lex
1848 4273 2049 4341 nUptiis

473 4375 631 4431 opem
659 4361 847 4430 ferret,
881 4366 1056 4418 coitus
1107 4375 1386 4432 peccatum
1436 4364 1871 4430 existimaretur,
1922 4364 2047 4420 libi-

474 4458 654 4511 dinem
686 4457 975 4525 earnisque
1007 4456 1392 4524 appetitionem
1435 4456 1660 4520 hahens,
1700 4471 1821 4525 qu.e
1867 4458 2045 4527 ipsum

2221 3281 2241 3313 ι
2288 3261 2432 3332 ἔχειν
2454 3261 2753 3330 ἁμαρτίαν,
2784 3260 2857 3330 μὴ
2879 3260 3183 3330 ἀληθεύειν,
3208 3259 3354 3312 ἀλλά
3374 3255 3664 3327 ψεύδεσθαι.
3689 3272 3705 3304 ι

2216 3351 2413 3405 ΒΑΛΣ.
2452 3350 2545 3403 καὶ
2583 3350 2737 3403 ΖΩΝ.
2771 3350 2930 3413 Τινὲς
2964 3349 3026 3403 τὸ
3059 3347 3425 3402 ἀποττολικὸν
3457 3347 3627 3418 ρητόν,
3656 3341 3711 3394 τὸ

2142 3443 2324 3511 λέγον,
2359 3441 2504 3495 Ἐὰν
2533 3442 2816 3510 εἴπωμεν,
2859 3441 3178 3510 Ἀμαρτίαν
3208 3441 3323 3495 οὐκ
3341 3435 3708 3510 excomm—

2142 3534 2286 3596 τοὺς
2320 3532 2662 3601 ἀπατῶμεν,
2698 3533 2869 3594 οὕτως
2903 3530 3356 3600 ἐξελαμόἀνοντο,
3393 3531 3473 3583 ὅτι
3506 3528 3589 3580 διὰ
3618 3541 3707 3577 τα-

2146 3622 2583 3695 πεινοφροσύνην
2616 3623 2697 3676 δεῖ
2730 3623 2890 3677 τοῦτο
2930 3622 3134 3689 λέγειν,
3171 3623 3268 3676 καὶ
3312 3622 3372 3674 ού
3419 3620 3549 3691 πρὸς
3588 3613 3707 3683 ἀλή-

2145 3716 2318 3769 θειαν.
2348 3717 2487 3779 Τοὺς
2516 3714 2610 3768 οὖν
2635 3714 2806 3777 οὕτως
2836 3714 3240 3783 ἐρμηνεύοντας
3267 3712 3335 3766 τά
3365 3710 3618 3781 εἰρημένα
3640 3702 3709 3772 τῷ

2159 3809 2472 3880 Ἀποστόλῳ
2515 3807 2819 3877 ἁναθέματι
2864 3805 3327 3868 καταδικάζουσιν
3366 3806 3415 3858 οἱ
3457 3800 3708 3871 Πατέρες,

2145 3901 2397 3968 λέγοντες
2437 3902 2520 3954 ὅτι
2562 3902 2627 3953 ἐκ
2665 3900 2772 3952 τῶν
2816 3900 2944 3966 ἑξῆς
2991 3898 3256 3968 ῥημάτων
3299 3899 3395 3965 τῆς
3438 3889 3708 3953 ἐπιστολῆς

2142 3994 2421 4046 ,δείκνυται
2465 3992 2748 4061 προδήλως
2788 3991 2881 4044 τοῦ
2928 3990 3229 4044 ἀποστόλου
3274 3992 3308 4061 ὴ
3357 3989 3568 4052 ἔννοια,
3621 3985 3709 4035 ἐπ·

2149 4086 2393 4151 ἀγοντος·
2413 4086 2546 4137 Ἐὰν
2561 4085 2627 4137 δὲ
2641 4084 3107 4153 ὁμολογήσωμεν
3122 4083 3228 4147 τὰς
3241 4082 3528 4151 ἁμαρτίας
3541 4071 3709 4144 ήμῶνν

2150 4179 2244 4230 καὶ
2279 4178 2380 4230 ὅσα
2419 4178 2638 4247 ἐφεξῆς.
2678 4179 2788 4230 Καὶ¹
2821 4179 2849 4230 6
2885 4176 3049 4230 Δαὸὶδ
3085 4176 3141 4228 δὲ
3186 4175 3339 4242 λέγει
3363 4192 3376 4204 ·
3413 4175 3513 4225 Ἐν
3550 4168 3715 4236 duap-

2149 4269 2301 4335 τιάις
2335 4269 2633 4336 ἐκίσσησέ
2660 4285 2737 4336 με
2769 4269 2807 4335 ἡ
2837 4267 3035 4336 μήτηρ
3064 4283 3204 4333 μου.
3239 4266 3313 4318 Ei'
3338 4263 3412 4333 μὴ
3444 4260 3548 4329 γὰρ
3582 4259 3608 4309 6
3635 4252 3712 4306 v6-

2155 4379 2251 4432 μος
2300 4361 2593 4431 ἐπεκούρει
2633 4360 2709 4429 τῷ
2753 4360 2938 4430 γάμῳ,
2984 4357 3230 4428 ἁμαρτία
3276 4358 3344 4411 ἂν
3386 4352 3647 4422 ἐλογίζετο
3682 4343 3711 4413 ἡ

2158 4454 2340 4525 μίξις,
2374 4452 2734 4525 φιλοσαρκίαν
2769 4454 2865 4507 καὶ
2904 4451 3081 4524 ὄρεξιν
3115 4442 3403 4520 σαρκικὴν’
3423 4446 3609 4518 ἔχουσα
3642 4453 3713 4489 κι-

474 4549 750 4614 incitaret,
786 4551 996 4606 etiamsi
1060 4549 1355 4627 liberorum
1382 4550 1556 4618 gratia
1591 4551 1764 4607 ﬁeret.
1804 4551 1872 4605 Et
1907 4552 2037 4619 ideo1

2177 4546 2354 4600 ὀὖσαν
2383 4520 2461 4609 είς
2494 4520 2692 4617 αὐτὴν,
2729 4546 2834 4599 κᾶν
2862 4520 2953 4599 διά
2986 4543 3335 4598 παιδοποιίαν
3368 4540 3605 4609 γένηται.
3633 4527 3715 4627 Διά

475 4642 543 4696 In
567 4643 819 4712 peccatis,
857 4644 993 4699 dixit
1043 4641 1233 4706 David,
1287 4642 1524 4711 concepit
1574 4659 1659 4697 me
1711 4655 1885 4699 mater
1912 4662 2050 4702 mea.

482 4737 538 4791 Si
574 4736 719 4792 enim
755 4737 935 4790 carnis
963 4734 1313 4803 cupiditatem
1357 4747 1576 4787 causam
1611 4733 1805 4789 habeat
1856 4750 2050 4805 corpo-

479 4845 594 4884 rum
626 4829 928 4900 generatio,
962 4827 1088 4882 talia
1123 4825 1497 4880 suutomuino
1541 4834 1595 4881 et
1640 4841 1760 4897 qua:
1808 4842 1871 4883 ex
1922 4830 2053 4899 ipsis

475 4929 821 4985 generantur.

476 5011 703 5067 ARIST.
743 5030 761 5063 ι
804 5011 928 5078 Qui,
975 5009 1251 5079 Theologo
1296 5008 1512 5065 dicente
1551 5027 1565 5064 :
1602 5027 1621 5061 ι
1650 5007 1707 5065 Si
1731 5009 2050 5077 dixerimus,

552 5122 571 5155 ι
614 5106 758 5175 quod
788 5113 1076 5173 peccatum
1128 5105 1181 5157 in
1225 5102 1381 5157 nobis
1403 5117 1511 5157 non
1544 5110 1647 5168 est,
1693 5103 2054 5171 nosmetipsos

552 5215 573 5249 ι
598 5182 972 5260 ἐεᾶιιεὶιηυες
1001 5212 1019 5247 ι
1043 5194 1427 5261 interpretatur
1453 5201 1509 5247 ut
1531 5207 1635 5248 non
1656 5207 1801 5260 vere,
1833 5193 1927 5248 sed
1959 5193 2056 5245 hu-

557 5308 575 5339 ι
619 5287 819 5341 ιιιίΙὶιει·
845 5287 947 5341 hoc
974 5286 1174 5340 dixerit
1205 5302 1219 5340 :
1255 5285 1538 5340 anathema
1590 5286 1680 5341 sit.
1718 5303 1736 5337 ι

556 5376 1003 5447 Quandoquidem
1027 5394 1214 5433 omnes
1244 5393 1432 5433 sumus
1458 5378 1510 5432 in
1539 5377 1792 5446 peccatis,
1818 5386 1872 5431 et
1899 5390 2057 5431 nemo

486 5487 706 5537 purusa
742 5454 1010 5530 sordibus.
1050 5471 1262 5539 etiamsi
1296 5484 1435 5525 unus
1481 5470 1596 5525 dies
1642 5481 1751 5524 tota
1799 5470 1871 5523 sit
1915 5469 2057 5524 illius

491 5567 595 5619 vita
632 5584 643 5619 :
681 5564 1013 5619 anathemati
1037 5564 1435 5647 obnoxius-est,
1472 5564 1563 5632 qui
1588 5563 1743 5628 dicit,
1776 5562 2058 5617 humiliter
2106 5588 2113 5593 -

488 5667 543 5709 et
573 5672 675 5711 non
704 5671 831 5711 vere
858 5657 924 5710 ab
951 5656 1195 5727 apostolo
1223 5655 1326 5717 dici
1359 5674 1373 5712 :
1410 5655 1564 5721 Quod
1594 5656 1639 5709 si
1669 5656 1895 5710 dicimus
1918 5657 2056 5727 quod

557 5844 818 5903 "Hoan.
877 5862 913 5915 l,
965 5848 1048 5901 10.
1119 5848 1164 5879 ⁸⁷
1191 5846 1319 5903 ibid.
1373 5844 1424 5901 9.
1467 5843 1513 5875 ⁸⁸
1541 5840 1682 5896 Psal.
1720 5855 1774 5908 ι,
1819 5838 1870 5891 7.

2154 4639 2274 4705 καὶ,
2305 4641 2409 4695 Ἐν
2436 4640 2765 4708 ἁμαρτίαις,
2793 4631 2949 4689 εἶπεν
2973 4638 3001 4690 ὀ
3034 4634 3219 4697 Δαϐὶδ,
3268 4627 3566 4698 ἐκίσσησέ
3587 4638 3658 4693 με
3679 4618 3713 4683 ἢ
3823 4666 3827 4669 -

2150 4730 2350 4801 μήτηρ
2376 4749 2514 4801 μου.
2547 4731 2610 4785 ΕΞ
2641 4732 2750 4800 γὰρ
2775 4729 2956 4782 αἰτίαν
2983 4728 3097 4798 ἔχει
3128 4726 3229 4796 τὴν
3258 4724 3356 4794 τῆς
3390 4718 3584 4790 σαρκὸς
3611 4714 3717 4801 ἐπιέ-

2157 4826 2358 4896 θυμίαν
2382 4825 2492 4878 τῶν
2519 4823 2787 4898 σωμάτων
2812 4823 2845 4892 ἡ
2878 4821 3111 4889 γένεσις,
3139 4814 3366 4871 τοιαῦτα
3395 4812 3606 4869 πάντως
3634 4800 3719 4855 καὶ

2154 4917 2226 4971 τά
2254 4918 2311 4984 ἐξ
2340 4918 2519 4972 αὐτῶν
2547 4916 2883 4987 γεννώμενα.

2158 5008 2381 5064 ΑΡΙΣΤ.
2446 5026 2466 5058 ι
2503 5009 2582 5071 Ὀ,
2616 5005 2709 5059 τοῦ
2745 5003 3004 5071 Θεολὸγου
3038 5001 3315 5068 λέγοντος·
3359 5015 3378 5049 ι
3414 4993 3537 5048 Ἐὰν
3566 4988 3720 5041 εἴπω·

2236 5119 2256 5151 ε
2306 5118 2402 5170 μεν
2425 5100 2506 5152 ὅτι
2532 5098 2776 5168 ἁμαρτία
2801 5097 2857 5150 ἐν
2883 5096 3013 5167 ἡμῖν
3036 5095 3135 5146 οὐκ
3162 5092 3327 5155 ἔστιν,
3352 5084 3573 5146 ἑαυτοὺς
3595 5079 3722 5170 ἀπξις

2238 5211 2256 5245 ι
2304 5165 2503 5262 τῶμεν,
2550 5165 2585 5242 »ἡ
2613 5165 3049 5260 παρερμηνεύων
3083 5187 3165 5239 ὅτι
3199 5185 3298 5237 ούκ
3334 5177 3566 5247 ἀληθῶς,
3602 5165 3721 5224 ἀλλὰ

2239 5304 2254 5335 ι
2303 5282 2742 5352 ταπεινοφρόνως
2773 5281 2960 5351 εἴρηκε
2988 5278 3168 5344 τοῦτο,
3200 5274 3467 5342 ἀνάθεμα.
3511 5285 3531 5319 ›

2249 5375 2467 5445 Ἐπειδὴ
2518 5349 2717 5437 πάντες
2762 5349 2837 5425 ἐνί
2863 5372 3157 5441 ἁμαρτίαις
3203 5367 3392 5436 ἐσμὲν,
3432 5359 3524 5415 καὶ
3563 5349 3719 5411 οὐδεὶς

2168 5467 2405 5538 καθαρὸς
2443 5444 2549 5518 ἀπὸ
2591 5465 2789 5533 ῥύπου,
2823 5465 2929 5517 οὐδ’
2950 5464 3016 5517 ἂν
3055 5464 3151 5533 μία
3184 5459 3367 5531 ἡμέρα
3404 5455 3518 5514 ὅλος
3554 5451 3580 5501 ὁ
3620 5444 3720 5514 βίος

2165 5556 2327 5612 αὑτοῦ
2347 5559 2515 5609 ἐστιν’
2547 5555 2845 5625 ἀναθέματι
2869 5554 3023 5607 ἔσται
3042 5553 3222 5623 ἔνοχος
3239 5551 3268 5603 6
3285 5549 3458 5615 λέγων
3485 5548 3720 5596 ταπεινο-

2168 5655 2397 5726 φρὸνως,
2421 5654 2512 5708 καὶ
2541 5652 2615 5723 μὴ
2641 5648 2855 5723 άληθῶς
2885 5651 3032 5723 παρά
3056 5649 3150 5706 τοῦ
3173 5644 3470 5703 ἀποττὸλοῡ
3487 5633 3719 5706 εἰρῆσθαι
