3944 6394
452 339 560 404 379

1721 355 2005 415 Tl-IEOD.
2050 356 2456 418 BALSAMON

3577 376 3668 438 380

451 445 633 513 ipsis:
673 458 724 500 et
779 450 1058 508 adducunt
1106 455 1414 512 testimonia
1465 475 1636 516 sacra:
1683 462 1975 534 Scriptura:

2118 467 2232 518 τεῖν
2262 467 2360 535 τὴν
2393 469 2587 534 ἄφεσιν
2618 468 2726 522 τῶν
2760 469 3076 542 ἁμαρτιῶν,
3109 458 3242 528 ἀλλὰ
3272 479 3363 531 καὶ
3393 481 3524 551 ὑπὲρ
3552 486 3664 538 ἑαυ-

449 552 613 591 unum
649 540 862 608 quidem
888 559 952 598 ex
992 544 1227 614 Epistnla
1281 549 1467 606 Jacobi
1525 553 1710 610 fratris
1760 555 2017 626 Domini,

451 629 654 698 reliqua
682 645 861 689 autem
895 652 959 691 ex
993 635 1175 695 Veteri
1201 639 1575 703 Testamento.

446 826 674 886 ARIST.
717 851 736 884 ι
773 833 871 900 Qui
917 837 1043 892 illud
1079 857 1092 892 :
1128 840 1344 896 Dimitte
1393 845 1539 899 nobis
1571 847 1747 902 debita
1797 863 2014 918 nostra;

525 941 544 972 ι
586 940 705 993 quite
729 929 1019 984 multorum
1045 945 1171 987 sunt
1201 935 1406 1002 dicere,
1441 947 1495 992 et
1545 955 1651 994 non
1681 956 1798 1010 quae
1828 945 2012 1012 singu-

521 1033 540 1066 ι
584 1016 756 1071 lorum
790 1029 843 1074 et
867 1027 1101 1092 propria,
1136 1030 1378 1097 exponit,
1407 1034 1695 1088 anathema
1733 1036 1805 1090 sit
1837 1053 1851 1088 :
1885 1052 2008 1091 cum

523 1123 540 1154 ι
585 1106 856 1164 Danielem
881 1114 1047 1166 etiam
1096 1131 1218 1170 cum
1255 1121 1436 1174 multis
1481 1123 1750 1177 dicentem
1785 1125 2004 1181 videat:

515 1215 536 1246 ι
579 1197 859 1267 Confessus
896 1220 1012 1257 sum
1049 1217 1265 1274 peccata
1314 1226 1448 1274 mea,
1475 1221 1524 1265 et
1571 1226 1783 1279 peccata
1828 1219 2009 1284 pepuli

513 1305 533 1338 ι
574 1291 694 1343 mei.
740 1311 760 1344 ι

515 1381 616 1447 Qui
651 1400 932 1454 perperam
980 1389 1392 1462 interpretatur,
1425 1398 1566 1466 quod
1621 1401 1793 1454 sancti
1846 1401 2002 1466 illud,

436 1473 656 1529 Remitte
709 1481 856 1534 nobis
889 1484 1097 1551 debita,
1147 1487 1415 1554 dicentes,
1479 1505 1587 1545 non
1648 1507 1746 1562 pro
1802 1495 1999 1563 seipsis

433 1578 718 1632 precantes
759 1571 886 1627 illud
911 1575 1117 1642 dicunt,
1150 1589 1340 1634 utnon
1387 1582 1652 1640 habentes
1693 1597 1998 1654 peccatum,

430 1672 495 1712 ac
527 1657 647 1713 ideo
681 1665 988 1729 precatione
1021 1667 1123 1723 ista
1158 1686 1262 1724 non
1302 1673 1580 1742 indigent,
1613 1677 1705 1731 sed
1742 1693 1842 1746 pro
1872 1693 1997 1747 pec-

427 1751 704 1807 cat0ribus
729 1757 1031 1812 orationem
1061 1761 1220 1815 istam
1257 1763 1365 1818 Deo
1402 1765 1659 1833 oli‘erunt,
1707 1773 1994 1826 anathema

428 1843 518 1899 sit.
550 1845 785 1901 Sanctus
814 1851 954 1904 enim
985 1863 1037 1907 et
1068 1857 1248 1921 justus
1296 1867 1416 1912 erat
1437 1861 1714 1929 apostolus
1735 1862 1991 1930 Jacohus,

428 1937 646 2002 quando
675 1939 832 2000 dixit.
865 1940 933 1996 In
963 1946 1140 1999 multis
1175 1949 1312 2002 enim
1355 1967 1631 2018 peccamus
1686 1970 1861 2010 omnes
1889 1970 1909 2008 :
1941 1965 1995 2010 et

427 2026 615 2083 Daniel
645 2030 696 2084 in
725 2035 971 2090 oratione
996 2037 1112 2105 ejus
1143 2057 1365 2097 numero
1391 2046 1586 2113 plurali
1616 2049 1822 2116 dicens,
1858 2048 1991 2105 Pec-

418 2123 671 2186 cavimus,
728 2125 890 2196 legem
947 2136 1271 2202 tramgressi
1298 2152 1480 2192 sumus
1528 2148 1582 2195 et
1615 2155 1844 2210 caetera;
1892 2145 1990 2200 de-

417 2213 542 2268 inde
576 2229 630 2270 et
661 2218 1011 2287 singulariter
1037 2228 1261 2292 addens,
1295 2229 1582 2298 Confessus
1611 2251 1730 2288 sum
1772 2249 1988 2304 peccata

419 2322 556 2372 mea,
592 2319 641 2361 et
665 2322 878 2376 peccata
912 2319 1093 2384 populi
1126 2321 1225 2373 mei
1260 2321 1487 2379 Domino
1523 2324 1634 2380 Deo
1669 2345 1804 2383 meo.

965 2493 1195 2552 CANON
1233 2502 1439 2559 CXVII.

422 2599 440 2630 ι
485 2580 639 2647 Quod
672 2599 698 2636 a
725 2588 930 2641 sanctis
963 2605 1088 2645 vere
1121 2595 1343 2658 dicitur,
1379 2596 1597 2653 Dimitte
1639 2602 1786 2657 nobis
1811 2605 1983 2658 debita

487 2695 508 2727 ι
548 2689 725 2730 nostra
751 2681 812 2732 ⁸⁵.
853 2681 1114 2738 Similiter
1144 2687 1366 2754 placuit,
1415 2700 1471 2744 ut
1504 2693 1815 2761 quicunque
1868 2697 1984 2752 haec

487 2787 505 2819 ι
546 2772 706 2825 verba
755 2771 1032 2832 Orationis
1088 2779 1398 2845 Dominicae,
1454 2785 1544 2836 uht
1597 2786 1847 2852 dicimus,
1886 2789 1980 2844 Di-

484 2881 502 2913 ι
545 2864 688 2919 mitte
750 2868 898 2922 nobis
952 2871 1126 2925 debita
1176 2883 1374 2938 nostra,
1428 2879 1507 2930 sic
1551 2877 1735 2933 volunt
1789 2882 1894 2934 dici
1949 2899 1978 2936 a

486 2972 502 3004 ι
547 2958 774 3022 sanctis,
804 2970 944 3013 utea
977 2962 1271 3030 humiliter,
1323 2983 1433 3020 non
1473 2985 1600 3024 vere
1649 2974 1790 3028 dicta
1831 2975 1976 3041 sint;

487 3066 504 3096 ι
548 3047 658 3100 sint
684 3050 992 3104 anathema.
1025 3054 1154 3119 Quis
1180 3056 1325 3110 enim
1375 3058 1512 3112 l‘erat
1559 3075 1892 3132 precantem,
1921 3079 1976 3122 et

483 3159 502 3190 ι
546 3155 653 3194 non
711 3141 1042 3210 hominibus,
1105 3151 1196 3203 sed
1255 3151 1362 3206 Deo
1417 3158 1768 3212 mentientem

483 3251 502 3284 ι
547 3233 712 3288 labris
735 3234 899 3304 dicat,
936 3240 1070 3292 velle
1098 3241 1197 3296 sibi
1228 3245 1464 3308 remitti,
1496 3251 1589 3302 sed
1620 3224 1783 3306 male
1809 3254 1973 3316 dicat,

483 3343 503 3380 ι
543 3341 601 3380 se
631 3343 733 3381 non
763 3329 963 3385 habere
993 3343 1237 3401 peccata,
1263 3351 1383 3406 quae
1414 3340 1516 3394 sihi
1550 3343 1924 3400 dimittantur?
1951 3369 1969 3400 ι

479 3679 670 3734 BALS.
701 3680 947 3738 Praesens
975 3699 1188 3755 quoque
1218 3703 1388 3746 canon
1428 3704 1511 3749 est
1556 3695 1797 3764 ejusdem
1847 3719 1974 3758 sen-

404 3774 602 3839 tentize,
637 3790 758 3829 cum
785 3776 936 3844 dicit,
967 3777 1098 3844 Quis
1127 3782 1273 3836 enim
1305 3800 1426 3840 eum
1462 3787 1619 3856 feret,
1653 3793 1744 3862 qui
1791 3798 1970 3853 verbis

399 3868 614 3937 quidem
637 3871 774 3940 petit
800 3875 1169 3931 remissionem
1203 3890 1568 3948 peccatorum,
1595 3887 1762 3941 corde
1782 3900 1965 3946 autem

398 3975 456 4012 sc
479 3976 583 4014 non
609 3962 807 4017 habere
833 3977 1056 4032 peccata
1081 3969 1386 4040 existimet;
1419 3983 1469 4029 et
1496 3991 1600 4031 non
1632 3977 1965 4050 hominibus,

397 4051 490 4102 sed
528 4052 635 4107 Deo
667 4055 962 4111 mentitur?

466 4139 720 4197 ZONAR.
760 4144 1006 4204 Praesens
1030 4166 1244 4223 quoque
1268 4170 1438 4212 canon
1461 4169 1546 4214 est
1567 4162 1806 4231 ejusdem
1840 4181 1964 4221 sen-

397 4235 599 4301 tcntiae,
627 4246 680 4289 et
721 4241 1049 4297 anathemati
1085 4245 1299 4314 suhjicit
1337 4265 1483 4317 eum,
1532 4257 1622 4322 qui
1670 4256 1744 4310 ita
1777 4259 1962 4324 sentit,

395 4317 616 4384 «licens:
651 4329 780 4396 Quis
811 4335 952 4390 enim
1001 4351 1122 4391 eum
1152 4341 1312 4410 ferat,
1347 4342 1450 4398 hoc
1481 4355 1585 4409 est,
1643 4350 1765 4416 quis
1800 4353 1965 4405 susti-

395 4429 520 4474 neat
578 4431 630 4476 ct
659 4423 893 4491 patiatur
925 4443 1070 4494 eum,
1104 4432 1196 4499 qui
1231 4433 1411 4489 verbis
1442 4437 1656 4503 quidem
1693 4443 1822 4508 petit
1870 4459 1960 4497 re-

1818 3178 1831 3213 :
1885 3163 2044 3241 quia

2121 559 2250 612 τῶν.
2285 562 2394 614 Καὶ
2431 566 2733 629 μαρτυρίας
2766 565 3090 634 ἐπιφέρουσι
3125 571 3428 638 γραφικὰς,
3465 576 3582 643 μίαν
3611 581 3667 633 ὲκ

2120 653 2218 722 τῆς
2249 658 2540 725 ἐπιστολῆς
2570 658 2660 710 τοῦ
2691 660 3012 728 άδελφοθέου
3049 663 3336 729 Ἰακώόου,
3362 667 3455 730 τὰς
3482 668 3534 721 δὲ
3565 671 3665 724 λοι-

2117 745 2228 808 πὰς
2257 748 2320 799 ὲκ
2345 752 2443 817 τῆς
2474 751 2836 819 παλαιοτέρας
2867 753 3107 824 Γρατρῆς.

2115 836 2335 893 ΑΡΙΣΤ.
2377 859 2394 891 ι
2437 841 2496 894 ’0
2530 843 2906 912 παραφράζων
2933 845 3013 910 τὸ,
3045 846 3229 914 Ἀφες
3258 849 3400 916 ἡμῖν
3437 851 3504 904 τὰ
3525 853 3666 920 ὀφει-

2197 949 2215 982 ι
2259 930 2498 1000 ,λήματα
2545 935 2748 1002 ἡμῶν,
2793 937 2860 988 τὰ
2906 937 3015 989 τῶν
3085 939 3295 993 πολλῶν
3337 940 3539 1009 λέγειν,
3581 948 3665 998 καὶ

2193 1040 2212 1074 ι
2256 1024 2352 1093 οὐχ
2383 1025 2612 1078 ἑκάστου
2643 1027 2738 1079 καὶ
2763 1028 2831 1080 τά
2855 1030 3050 1091 οἰκεῖα,
3079 1029 3328 1100 ἀνάθεμα
3348 1047 3361 1060 ο
3392 1033 3522 1100 μετὰ
3552 1035 3664 1086 πολε

2189 1133 2207 1167 ‹
2255 1115 2362 1167 λῶν
2404 1119 2496 1168 καὶ
2537 1118 2737 1189 Δανιὴλ
2780 1119 2994 1186 βλέπων
3037 1120 3286 1189 λέγοντα,
3347 1125 3661 1192 Ἐξωμολο-

2186 1226 2205 1258 ι
2253 1210 2486 1276 γούμην
2520 1209 2628 1275 τὰς
2649 1211 2937 1279 ἁμαρτίας
2963 1228 3104 1281 μου,
3147 1213 3376 1280 καὶτὰς
3397 1217 3664 1286 ἁμαρτίας

2185 1316 2203 1350 ι
2247 1298 2354 1352 τοῦ
2385 1299 2540 1353 λαοῦ
2559 1317 2698 1370 μου.
2745 1321 2765 1354 ι

2193 1393 2251 1447 '0
2286 1396 2718 1465 παρερμηνεύων
2747 1397 2822 1460 ὡς
2853 1399 2903 1452 οἱ
2933 1399 3078 1468 ἅγιοι
3107 1400 3198 1466 τὸ,
3229 1403 3412 1469 Ἄφες
3441 1404 3576 1471 ἡμῖν
3604 1406 3666 1459 τὰ

2105 1487 2510 1555 ὀφειλήματα,
2542 1487 2822 1554 λέγοντες,
2859 1491 2958 1560 οὐχ
2989 1491 3128 1562 ὑπὲρ
3161 1492 3371 1546 ἑαυτῶν
3401 1496 3664 1564 εὐχόμενοι

2101 1579 2259 1633 τοῦτο
2306 1581 2581 1648 λέγουσιν,
2622 1581 2698 1644 ὡς
2745 1583 2820 1653 μὴ
2863 1583 3079 1653 ἔχοντες
3121 1585 3419 1657 ἁμαρτίας,
3461 1588 3550 1647 καὶ
3586 1589 3664 1641 διὰ

2098 1666 2258 1722 τοῦτο
2289 1669 2423 1740 μηδὲ
2449 1670 2691 1740 δεόμενοι
2714 1671 2812 1740 τῆς
2847 1673 3114 1744 αἰτήσεως
3137 1674 3342 1744 ταύτης
3361 1692 3376 1707 ο
3401 1676 3512 1729 ἀλλ’
3535 1677 3662 1744 ὑπὲρ

2098 1759 2207 1814 τῶν
2233 1761 2575 1832 ἁμαρτωλῶν
2601 1762 2700 1832 τὴν
2731 1763 2940 1819 ἱκεσίαν
2968 1765 3176 1834 ταύτην
3205 1768 3562 1838 προσφέρουσι
3591 1771 3662 1839 τῷ

2024 1829 2070 1888 Β
2098 1850 2236 1920 Θεῷ,
2406 1829 2692 1923 ἀνάθεμα-ο
2719 1855 2874 1924 ἅγιος
2899 1855 3009 1926 γὰρ
3038 1829 3141 1910 καὶ,⁷
3161 1829 3374 1922 δίκαιος
3396 1829 3461 1930 ἦν
3489 1829 3661 1916 Ἰάκωζ

2096 1943 2190 2007 6ος
2239 1945 2268 1996 ὁ
2321 1946 2656 2012 ἀπόστολος,
2705 1949 2795 2001 ὅτε
2845 1946 3073 2016 ἔλεγεν·
3115 1949 3216 2003 Ἐν
3266 1953 3517 2019 πολλοῖς
3562 1955 3661 2023 γὰρ

2094 2034 2513 2105 ἁμαρτάνομεν
2535 2037 2760 2105 πάντες
2777 2055 2792 2070 '
2820 2042 2914 2093 καὶ
2942 2044 2969 2094 ὁ
2991 2043 3194 2115 Δανιὴλ
3217 2043 3278 2096 ὲν
3300 2047 3365 2115 τῇ
3398 2047 3655 2115 προσευχῇ

2092 2126 2259 2180 αὐτοῦ
2296 2127 2672 2198 πληθυντικῶς
2702 2131 2874 2199 λέγων
2893 2149 2907 2164 ·
2939 2133 3333 2205 ’11μιὶρτομεν,
3364 2138 3660 2206 ἠνομήσαο

2085 2233 2224 2284 μεν,
2258 2218 2354 2270 καὶ
2382 2218 2448 2271 τὰ
2481 2218 2643 2273 λοιπά
2663 2237 2676 2250 ·
2709 2215 2828 2274 εἶτα
2860 2224 2954 2276 καὶ
2990 2224 3172 2289 ιδικῶς
3205 2227 3430 2295 ἐπάγων
3455 2244 3468 2258 ⁸
3503 2228 3661 2291 Ἐξω-

2086 2302 2482 2378 μοξλογούμην
2508 2310 2615 2376 τὰς
2646 2314 2937 2380 ἁμαρτίας
2963 2334 3105 2385 μου,
3128 2318 3226 2372 καὶ
3255 2320 3362 2386 τὰς
3391 2322 3662 2390 ἁμαρτίας

2089 2399 2196 2452 τοῦ
2225 2401 2379 2453 λαοῦ
2404 2419 2522 2469 μου
2553 2405 2746 2471 Κυρίῳ
2775 2404 2854 2470 τῷ
2887 2407 3008 2472 Θεῷ
3034 2426 3176 2476 μου.

2577 2482 2588 2492 “
2671 2499 2908 2550 ΚΔΝΩΝ
2945 2499 3089 2572 ιξιῑν.

2098 2601 2116 2633 ι
2142 2583 2264 2636 ’Ότι
2308 2585 2524 2656 άληθῶς
2565 2589 2673 2640 ἀπὸ
2713 2589 2819 2642 τῶν
2861 2591 3031 2659 ἁγίων
3072 2593 3300 2660 λέγεται
3351 2595 3429 2660 τὸ,
3500 2597 3659 2663 Ἄφες

2163 2694 2180 2726 ι
2226 2677 2371 2746 ἡμῖν
2419 2679 2491 2732 τὰ
2531 2681 2901 2752 ὀφειλήματα
2949 2683 3139 2753 ἡμῶν.
3191 2687 3429 2758 Ὁμοίως
3481 2689 3659 2759 ἤρεσεν

2168 2788 2186 2820 ι
2237 2771 2323 2823 ἵνα
2353 2772 2553 2837 οἵτινες
2582 2774 2780 2843 δήποτε
2810 2777 2944 2830 αὐτὰ
2975 2778 3042 2830 τὰ
3073 2780 3307 2849 ῥήματα
3337 2781 3438 2850 τῆς
3469 2785 3658 2834 Δεσπο-

2161 2881 2180 2915 ‹
2225 2866 2385 2934 τικῆς
2430 2867 2645 2936 Εὺχῆς,
2692 2868 2827 2922 ὅπου
2871 2869 3132 2941 λέγομενῖ,
3202 2875 3380 2942 Ἄφες
3417 2874 3557 2942 ἡμῖν
3594 2873 3658 2925 τὰ

2157 2971 2176 3008 ι
2223 2957 2594 3026 ὀφειλήματα
2621 2959 2827 3028 ἡμῶν,
2892 2961 3036 3015 οὕτω
3091 2963 3378 3033 βούλονται
3416 2966 3521 3019 ἀπὸ
3559 2965 3657 3018 τῶν

2161 3067 2180 3100 s
2225 3049 2394 3117 ἁγίων
2417 3052 2692 3119 λέγεσθαι,
2716 3054 2790 3116 ὡς
2813 3057 3270 3127 ταπεινοφρόνως
3297 3061 3391 3113 καὶ
3416 3062 3514 3112 οὐκ
3538 3059 3656 3126 ἀλη-

2158 3161 2173 3190 ι
2223 3143 2332 3206 Θῶς
2356 3143 2527 3197 ταῦτα
2556 3144 2830 3214 λεχθῆναι,
2860 3146 3107 3217 ἀνάθεμα
3136 3151 3258 3220 εἴη.
3287 3152 3382 3213 Τίς
3412 3152 3515 3221 γὰρ
3543 3151 3661 3201 ὑπει-

2160 3256 2178 3286 ‹
2226 3239 2410 3303 νέγκοι
2448 3238 2537 3290 τὸν
2571 3240 2882 3307 εὐχόμενον,
2925 3242 3016 3293 καὶ
3059 3241 3134 3311 μὴ
3177 3243 3518 3314 ἀνθρώποις,
3553 3244 3658 3296 ἀλλ’

2154 3347 2172 3378 ι
2221 3329 2370 3398 αὐτῷ
2406 3329 2482 3398 τῷ
2523 3332 2712 3401 Κυρίῳ
2748 3332 3107 3402 ψευδόμενον,
3143 3336 3238 3392 τὸν
3277 3342 3392 3403 τοῖς
3431 3340 3655 3409 χείλεσιν

2152 3439 2170 3470 ι
2218 3421 2382 3474 αὑτοῦ
2422 3422 2647 3490 λέγοντα
2688 3425 2861 3476 θέλειν
2904 3427 3204 3497 ἀφεθῆναι,
3249 3435 3315 3500 τῇ
3358 3433 3414 3484 δὲ
3457 3431 3646 3500 καρδίᾳ

2151 3530 2168 3562 ι
2217 3512 2444 3579 λέγοντα
2469 3513 2566 3576 τὰς
2597 3513 2917 3581 ὀφειλούσας
2947 3519 3221 3588 ἀφεθῆναι
3255 3525 3530 3592 ἁμαρτίας
3559 3523 3648 3573 aii-

2151 3622 2169 3653 ι
2215 3605 2313 3674 τῷ,
2344 3605 2418 3675 μὴ
2447 3606 2624 3676 ἔχεως
2671 3625 2690 3658 ι

2142 3697 2333 3753 ΒΛΛΣ.
2381 3701 2492 3753 Καὶ
2537 3703 2564 3753 ὁ
2615 3700 2806 3771 παρὼν
2855 3702 3036 3756 κανὼν
3082 3703 3180 3771 τῆς
3231 3707 3406 3775 αὐτῆς
3454 3705 3650 3767 ἐννοίας

2070 3791 2209 3854 ἐστὶ,
2247 3792 2441 3861 λέγων,
2475 3792 2572 3855 Τίς
2604 3794 2715 3865 γὰρ
2748 3793 2999 3859 ἀνέξεται
3031 3797 3124 3850 τὸν
3159 3802 3278 3863 τοῖς
3315 3803 3524 3870 ῥήμασι
3561 3798 3652 3869 μὲν
3715 3866 3721 3872 _

2068 3886 2260 3954 ἄφεσιν
2295 3884 2628 3954 σφαλμάτων
2657 3885 2945 3950 αἰτοῦντα,
2976 3890 3040 3957 τῇ
3071 3889 3128 3941 δὲ
3164 3893 3370 3963 καρδίᾳ
3405 3893 3479 3964 μὴ
3511 3891 3648 3961 ἔχειν

2066 3978 2416 4047 λογιζόμενον
2446 3978 2749 4048 ἁμαρτίας,
2779 3979 2874 4032 καὶ
2907 3979 3008 4032 οὐκ
3038 3981 3384 4053 ἀνθρώποις,
3418 3985 3554 4039 ἀλλά
3578 3981 3650 4052 τῷ

2066 4071 2261 4139 Κυρίῳ
2282 4069 2614 4138 ψευδόμενον
2635 4087 2649 4136 ;

2139 4161 2386 4216 ΖΩΝΑΡ.
2429 4165 2539 4217 Καὶ
2577 4165 2605 4216 ὁ
2646 4163 2839 4234 παρὼν
2876 4163 3060 4218 κανὼν
3101 4165 3201 4236 τῆς
3243 4168 3416 4236 αὐτῆς
3458 4169 3653 4229 ἐννοίας

2066 4253 2182 4306 ἐστὶ
2203 4295 2218 4321 ,
2249 4252 2344 4306 καὶ
2371 4254 2674 4324 ἀναθέματι
2704 4257 2888 4326 ἔνοχον
2917 4261 3151 4310 ποιεῖται
3181 4257 3276 4311 τὸν
3308 4261 3376 4313 τὰ
3407 4259 3545 4312 αὐτὰ
3572 4259 3652 4309 δο-

2065 4344 2320 4409 ξάζοντα,
2361 4344 2559 4411 λέγων,
2598 4346 2695 4408 Τίς
2735 4346 2844 4414 γὰρ
2889 4346 3204 4414 ὑπενέγκοι,
3243 4348 3369 4399 ἀντὶ
3403 4347 3521 4411 τοῦ,
3559 4346 3649 4408 Τίς

2062 4437 2170 4508 γὰρ
2203 4437 2486 4507 ὑπομείνοι
2521 4439 2614 4492 καὶ
2645 4438 3006 4508 καταδέξηται
3035 4439 3125 4490 τὸν
3153 4442 3269 4503 τοῖς
3306 4441 3519 4512 ῥήμασι
3555 4439 3648 4509 μὲν

395 4513 704 4568 missionem
741 4529 1104 4586 peccatorum,
1137 4525 1297 4578 corde
1320 4536 1499 4579 autem
1533 4525 1588 4582 se
1621 4548 1722 4585 non
1759 4536 1958 4592 habere

395 4608 606 4632 nnA..nsn
666 4605 932 4632 “mih-2-“...
959 4627 971 4632 -
1038 4621 1081 4632 ,ι
1147 4628 1247 4632 __,..
1317 4615 1331 4632 I
1366 4629 1403 4632 μ
1452 4616 1462 4628 -
1511 4618 1540 4632 σι
1776 4625 1787 4632 .
1854 4627 1879 4632 λ

2118 4546 2258 4598 ρεσιν
2291 4529 2624 4598 σφαλμάτων
2655 4528 2946 4594 αἰτοῦντα,
2976 4533 3041 4600 τῇ
3076 4529 3134 4583 δὲ
3163 4532 3368 4602 καρδέᾳ
3405 4532 3478 4602 μὴ
3510 4531 3649 4632 ἔχειν

390 4608 608 4668 peccata
663 4605 972 4676 existimet;
1033 4621 1086 4665 et
1147 4628 1251 4666 non
1317 4615 1649 4686 hominibus,
1696 4625 1787 4679 sed
1853 4627 1956 4684 Deo

2121 4623 2409 4692 γιζόμενον
2441 4624 2749 4691 ἁμαρτίας,
2781 4622 2872 4674 καὶ
2903 4622 3003 4674 οὐκ
3036 4623 3382 4692 ἀνθρώποις,
3416 4624 3551 4677 ἀλλὰ
3577 4623 3650 4690 τῷ

387 4698 686 4752 mentitur?

908 4795 990 4848 CA
1003 4794 1138 4848 NON
1197 4797 1434 4854 CXVIII.

391 4897 409 4929 ι
457 4880 528 4935 De
559 4883 793 4953 populis,
826 4886 914 4954 qui
939 4904 966 4938 a
1005 4887 1304 4945 Donatistis
1335 4907 1756 4955 convertuntur.
1791 4901 1956 4958 Simi-

462 4991 480 5022 ι
527 4975 650 5028 liter
680 4979 903 5044 placuit,
944 4982 1199 5046 quoniam
1247 4995 1371 5041 ante
1419 4988 1624 5059 aliquot
1671 5009 1840 5052 annos
1898 4999 1952 5052 in

459 5081 475 5112 ι
521 5064 622 5116 hac
651 5065 880 5118 ecclesia
938 5069 1097 5134 picna
1157 5074 1362 5139 synodo
1408 5076 1686 5134 deﬁnitum
1737 5094 1840 5150 est,
1897 5097 1954 5140 ut

460 5170 476 5200 ι
522 5168 856 5222 quascunque
905 5157 1170 5224 ecclesiae,
1228 5161 1280 5215 in
1338 5164 1560 5222 dioecesi
1615 5171 1770 5238 sitae,
1827 5187 1955 5230 ante

457 5263 475 5295 ι
519 5245 663 5312 leges
713 5249 779 5300 de
837 5246 1133 5305 Donatistis
1202 5255 1376 5311 editas
1440 5261 1718 5318 catholicae
1797 5266 1952 5322 factm

459 5355 476 5387 ι
522 5335 745 5403 fuerint,
779 5341 844 5394 ad
882 5341 1000 5397 illas
1029 5345 1184 5400 sedes
1212 5350 1569 5420 pertinerent,
1597 5369 1695 5424 per
1719 5373 1947 5425 quarum

457 5447 474 5479 ι
521 5430 801 5500 episcopos
828 5451 1099 5504 persuasa:
1131 5442 1412 5496 catholicae
1471 5448 1656 5500 unioni
1705 5463 1947 5505 commu-

461 5543 479 5572 ο
523 5525 804 5595 nicarnnt;
839 5540 958 5599 post
989 5532 1132 5602 leges
1168 5546 1368 5602 autem,
1417 5553 1754 5611 qutt‘cunque
1797 5559 1945 5598 com-

457 5620 884 5690 «manicarum,
946 5628 1011 5679 ad
1069 5626 1188 5683 illas
1247 5631 1615 5700 pertinerent,
1678 5635 1744 5690 ad
1812 5653 1948 5706 quas

398 5802 439 5830 ⁸⁵⁵
465 5800 656 5856 Matth.
696 5821 765 5874 γι,
799 5809 878 5863 ισὸ.

2060 4715 2250 4784 Κυρίῳ
2283 4714 2613 4784 ψευδόμενον
2635 4732 2650 4781 ;

2639 4809 2877 4861 ΚΑΝΩΝ
2912 4807 3059 4862 Plll'.

2065 4917 2084 4951 ι
2133 4901 2271 4969 Περὶ
2319 4900 2430 4953 τῶν
2477 4899 2622 4954 λαῶν
2668 4898 2778 4952 τῶν
2824 4900 2930 4953 ἀπὸ
2977 4900 3087 4954 τῶν
3133 4900 3484 4954 Δονατιστῶν
3530 4899 3646 4949 ἑπι-

2136 5010 2154 5043 ι
2203 4991 2565 5060 στρεφόντων.
2599 4991 2832 5060 Ὁμοίως
2864 4991 3085 5061 ἤρεσεν,
3121 4993 3315 5064 ἐπειδὴ
3350 4993 3460 5063 πρό
3486 5005 3646 5044 τινων

2134 5102 2152 5134 ι
2197 5081 2461 5136 ἐνιαυτῶν
2489 5085 2545 5138 ὲν
2569 5084 2741 5157 ταύτῃ
2760 5089 2822 5155 τῇ
2847 5084 3117 5154 ἐκκλησίᾳ
3141 5083 3555 5155 πεπληρωμένη
3579 5083 3642 5150 τῇ

2131 5189 2148 5220 ι
2199 5169 2400 5240 συνόδῳ
2440 5170 2684 5240 ὡρίσθη,
2729 5175 2817 5227 ἵνα
2855 5175 3164 5244 οίαιδήποτε
3209 5175 3546 5244 ἐκκλησίαι,
3586 5174 3642 5224 ὲν

2131 5282 2149 5312 ι
2193 5262 2457 5332 διοικήσει
2489 5265 2859 5331 καθεστῶσαι,
2890 5267 2995 5337 πρὸ
3024 5267 3134 5321 τῶν
3161 5267 3351 5336 νόμων
3380 5269 3488 5320 τῶν
3518 5265 3642 5334 περὶ

2140 5375 2158 5406 ι
2206 5355 2318 5410 τῶν
2352 5358 2692 5412 Δονατιστῶν
2749 5361 3075 5416 ὲντεθέντων
3110 5362 3405 5415 καθολικαὶ
3438 5361 3638 5428 γένων-

2127 5471 2143 5502 ι
2193 5469 2318 5516 ται,
2361 5453 2596 5516 ἐκείνοις
2635 5456 2749 5516 τοῖς
2790 5455 3002 5526 θρόνοις
3041 5456 3354 5526 ἀνήκωσιν,
3401 5448 3638 5508 ὧντινων

2131 5550 2151 5596 s'
2193 5545 2283 5598 διὰ
2318 5547 2428 5599 τῶν
2466 5547 2782 5601 ἐπισκόπων
2823 5553 3220 5619 προτραπεῖσαι
3260 5553 3330 5622 τῇ
3377 5549 3634 5616 καθολικῇ

2135 5657 2151 5689 ι
2203 5639 2412 5710 ἐνότητι
2441 5641 2806 5710 ἐκοινώνησαν
2827 5659 2841 5673 ο
2875 5643 3010 5713 μετὰ
3039 5643 3093 5698 δὲ
3121 5645 3249 5705 τοὺς
3277 5644 3481 5712 νόμους
3507 5641 3641 5693 οῐαι-
