3944 6396
222 360 325 424 331

1297 359 1376 422 IN
1418 360 1578 422 CAN.
1618 362 1804 421 CXIX
1840 360 2047 424 CONC.
2083 363 2461 426 CARTHAG.

3374 362 3493 427 382

297 496 315 528 ι
364 473 428 543 δή
440 491 565 528 ποτε
594 473 985 544 ἐκοινώνησαν,
1013 474 1247 537 ἐκείνοις
1275 474 1575 543 ἀνήκωσιν,
1602 469 1682 536 οἷς
1710 473 1804 527 καὶ

1985 495 2004 528 ι
2046 487 2176 530 tunc
2210 492 2426 548 quoque
2456 478 2818 549 pertinebant,
2852 484 2976 533 cum
3006 477 3225 533 stabant
3272 490 3303 530 a
3330 487 3490 545 parte

293 589 311 619 ι
361 569 450 622 ὅτε
481 562 626 639 ἦσαν
655 567 736 630 είς
766 565 827 618 τὸ
861 565 1025 635 μέρος
1056 565 1150 619 τοῦ
1186 565 1421 620 Δονάτου
1444 581 1461 598 ο
1496 567 1590 619 καὶ
1622 560 1813 636 ἐπειδὴ

294 681 313 713 ι
359 660 556 712 πολλαὶ
608 656 936 727 φιλονεικίαι
990 655 1219 727 ὕστερον
1274 657 1480 723 μεταξὺ
1532 657 1641 711 τῶν
1692 660 1815 711 ἔπι·

293 773 312 801 ι
362 750 587 804 σκόπων
634 750 766 820 περί
812 747 924 801 τῶν
975 748 1297 818 διοικήσεων
1351 748 1667 818 ἀνεφύησαν
1716 746 1814 801 καὶ

292 864 313 898 ι
359 845 700 914 ἀναφύονται
722 888 740 912 ,
777 840 859 909 οἷς
897 845 1021 899 τότε
1060 845 1120 899 οὐ
1157 842 1343 895 τελεία
1375 840 1524 894 δοκεῖ
1557 840 1811 908 γενέσθαι

294 954 314 987 ι
364 939 595 1006 πρόνοια
614 979 630 1003 ,
663 938 759 994 νῦν
790 941 849 992 ὲν
875 938 1049 1010 ταύτῃ
1077 940 1143 1008 τῇ
1176 936 1308 1006 ἁγίᾳ
1338 935 1541 1005 συνόδῳ
1571 935 1771 1005 ἤρεσεν
1791 971 1808 998 ,

293 1047 313 1080 ι
364 1030 454 1082 ἵνα
485 1030 827 1100 ὁπουδήποτε
860 1030 1126 1100 καθολικὴ
1155 1027 1398 1097 ἐγένετο,
1427 1028 1523 1080 καὶ
1549 1028 1612 1079 τὸ
1645 1026 1809 1096 μέρος

295 1134 314 1166 ι
358 1114 456 1168 τοῦ
494 1117 761 1181 Δονάτου,
799 1120 896 1173 καὶ
932 1119 1214 1189 διαφόροις
1256 1118 1466 1189 θρόνοις
1504 1116 1809 1185 ἀνήκουσαι

294 1226 313 1259 ι
358 1202 536 1276 ἦσαν,
573 1209 631 1262 ἐν
659 1209 966 1279 οιῳδήποτε
1001 1209 1183 1280 καιρῷ
1218 1208 1411 1271 ἒνωσις
1445 1208 1562 1261 ἐκεῖ
1591 1207 1809 1274 ἐγένετο

295 1317 314 1350 ι
361 1299 396 1370 ἢ
430 1299 609 1363 ἔσται,
639 1301 751 1354 εἴτε
780 1301 889 1372 πρὸ
916 1303 1023 1354 τῶν
1051 1302 1230 1370 νόμιον
1261 1301 1372 1354 εἴτε
1402 1299 1540 1367 μετὰ
1568 1299 1694 1361 τοὺς
1724 1299 1810 1352 νό-

297 1409 317 1443 ι
368 1409 506 1463 μους
542 1395 735 1462 ἐκείνῳ
767 1394 847 1464 τῷ
879 1394 1054 1465 θρόνῳ
1091 1395 1389 1464 ἀνήκωσιν,
1501 1409 1608 1446 τινι
1642 1395 1674 1461 ή
1715 1391 1809 1446 ἔκ-

301 1499 324 1533 ι
370 1482 544 1535 παλαι
575 1484 693 1536 ἐκεῖ
723 1484 1016 1553 ὑπάρξασα
1044 1483 1307 1553 καθολικὴ
1337 1483 1560 1552 ἀνῆκεν.
1606 1501 1626 1534 ι

781 1575 1021 1629 ΚΔΝΩΝ
1062 1573 1206 1630 ΡΙΘ¹.

231 1683 249 1716 ι
286 1666 423 1735 Περὶ
453 1665 573 1728 τοῦ,
606 1665 726 1730 πῶς
775 1666 981 1736 μεταξὺ
1027 1666 1278 1734 ἀλλήλων
1338 1665 1652 1736 μερίζονται
1708 1664 1808 1727 τὰς

299 1774 320 1810 ι
363 1757 667 1829 διοικήσεις
694 1759 743 1812 oi
770 1759 1083 1825 ἐπίσκοποι,
1107 1758 1266 1811 τοῦτο
1290 1759 1389 1829 μὲν
1419 1759 1467 1811 οἱ
1496 1755 1803 1819 καθολικοὶ,

299 1865 320 1900 ι
368 1849 535 1902 τοῦτο
565 1850 623 1903 δὲ
667 1849 717 1903 οί
775 1852 840 1903 ἐκ
898 1849 992 1903 τοῦ
1052 1849 1288 1904 Δονάτου
1328 1836 1805 1920 ὶἓὲπιστρέιζιαντες·

300 1959 321 1992 ι
367 1938 515 1992 οὕτω
563 1940 788 2011 δηλαδή,
844 1942 954 2002 ἵνα.
1003 1941 1162 2012 εἴπερ
1202 1944 1492 1996 ἐπίσκοποι
1540 1940 1650 1996 ἀπὸ
1698 1941 1807 1997 τῶν

300 2051 322 2084 ι
371 2033 715 2086 Δονατιστῶν
751 2033 887 2105 πρὸς
930 2034 1032 2103 τὴν
1074 2034 1372 2107 καθολικὴν
1403 2037 1636 2105 ἑνότητα
1678 2037 1806 2088 ἐπέ-

302 2140 323 2173 ι
366 2123 628 2193 στρεψαν,
691 2124 873 2190 ἐξεσου
935 2124 1072 2196 πρὸς
1133 2126 1402 2196 ἀλλήλους
1449 2126 1663 2179 διέλωσι
1709 2127 1810 2189 τὰς

304 2235 324 2270 ι
368 2216 547 2281 οὕτως
580 2219 979 2297 εὑρισκομένας
1007 2219 1310 2285 διοικήσεις
1334 2259 1348 2283 ,
1377 2219 1507 2273 ἔνθα
1529 2215 1670 2290 ἦσαν
1703 2222 1813 2290 ἁμ-

302 2327 324 2361 ι
370 2311 581 2379 φότερα
617 2312 683 2363 τὰ
722 2311 863 2381 μέρη
891 2327 908 2344 ο
952 2310 1101 2364 τοῦτ’
1144 2311 1292 2365 ἔστιν
1327 2312 1415 2364 ἵνα
1455 2310 1606 2366 ἄλλοι
1653 2313 1810 2365 τόποι

301 2420 323 2451 ι
375 2403 515 2473 πρὸς
545 2402 773 2467 ἐκεῖνον,
806 2401 899 2455 καὶ
926 2401 1076 2456 ἄλλοι
1110 2405 1255 2473 προς
1287 2405 1500 2456 ἐκεῖνον
1524 2404 1809 2475 ἀνήκωσιν

307 2513 327 2546 ι
367 2493 569 2558 οὕτως,
625 2493 717 2547 ἵνα
781 2495 810 2546 ὁ
867 2493 1234 2565 παλαιότερος
1294 2497 1355 2547 ὲν
1413 2496 1478 2564 τῇ
1529 2495 1809 2565 ἐπισκοπῇ

305 2606 325 2639 ι
376 2585 597 2657 μερίζῃ,
628 2586 725 2638 καὶ
776 2587 804 2639 ό
853 2585 1035 2657 ἥττων
1086 2585 1435 2655 ὲπιλέγηται.
1460 2586 1522 2639 Εἰ
1556 2585 1611 2639 δὲ
1649 2586 1815 2656 τυχὸν

306 2697 327 2732 ι
372 2672 457 2742 εἷς
513 2677 669 2731 ἐσται
717 2678 918 2742 τόπος,
974 2678 1172 2748 ἐκεινῳ
1236 2679 1611 2749 προσχωρήσῃ
1656 2670 1814 2745 ᾧτινι

309 2789 331 2823 ι
380 2770 586 2842 μᾶλλον
639 2770 963 2839 γειτνιὰζων
996 2771 1314 2840 εὑρίσκεται
1338 2785 1355 2802 ο
1392 2772 1488 2823 ἐὰν
1532 2771 1590 2823 δὲ
1630 2772 1814 2841 ἀμφο-

305 2882 325 2916 ι
370 2863 556 2936 τέροις
607 2866 719 2925 τοῖς
779 2862 990 2932 θρόνοις
1047 2863 1177 2924 ἴσως
1242 2861 1563 2931 γειτνιάζῃ,
1620 2862 1817 2931 ἐκείνῳ

308 2973 331 3009 ι
373 2954 787 3027 παραχωρηθῇ,
814 2954 876 3008 ὃν
920 2954 984 3009 τὸ
1030 2954 1236 3025 πλῆθος
1288 2954 1629 3024 ἐπιλέξηται.
1663 2953 1730 3008 El
1760 2953 1819 3006 δὲ

306 3068 326 3102 ι
372 3039 541 3119 τυχὸν
564 3050 616 3101 oi
646 3050 863 3121 ἀρχαῖοι
894 3047 1183 3101 καθολικοὶ
1212 3047 1304 3101 τὸν
1333 3046 1466 3103 ἴδιον
1501 3045 1816 3116 θελήσουσι,

308 3160 330 3195 ι
377 3143 475 3195 καὶ
510 3143 561 3195 οἱ
610 3145 677 3198 ἐκ
727 3142 824 3197 τοῦ
862 3143 1065 3213 μέρους
1097 3141 1194 3196 τοῦ
1243 3142 1478 3196 Δονάτου
1516 3138 1819 3211 μεταστρέ-
1851 3181 1893 3239 C

306 3253 328 3288 ι
377 3234 582 3303 ψαντες
606 3235 700 3288 τὸν
726 3234 879 3299 ίδιον,
922 3233 1031 3287 τῶν
1073 3233 1341 3287 πλειόνων
1369 3234 1402 3304 ἡ
1432 3232 1628 3302 γνώμη
1675 3248 1814 3301 προ-

309 3346 331 3380 σ
378 3328 588 3397 τιμηθῇ
634 3327 747 3379 τῶν
794 3326 1173 3397 ὀλιγωτέρων·
1223 3328 1271 3379 εί
1305 3325 1362 3379 δὲ
1393 3327 1461 3379 τὰ
1498 3325 1638 3395 μέρη
1678 3325 1817 3378 εἰσὶν

309 3438 330 3471 ι
376 3418 492 3481 ἴσα,
520 3417 595 3487 τῷ
648 3417 995 3488 παλαιοτέρῳ
1037 3417 1326 3486 ἑπισκόπῳ
1370 3415 1821 3484 καταλογισθείη.

309 3530 328 3564 ι
384 3510 515 3565 Ἐὰν
546 3508 602 3563 δὲ
633 3508 776 3564 οὕτω
824 3507 1065 3561 πλεῖστοι
1111 3508 1161 3561 οί
1197 3511 1352 3561 τόποι
1407 3507 1729 3579 εὑρεθῶσιν,
1765 3509 1822 3560 ὲν

312 3623 332 3655 ι
375 3600 779 3674 οἴςάμφότερα
826 3601 897 3654 τὰ
940 3601 1083 3672 μέρη
1117 3601 1279 3664 εἰσιν,
1307 3599 1384 3665 ὡς
1434 3600 1511 3671 μὴ
1554 3598 1823 3653 δύνασθαι

309 3713 330 3746 ι
362 3694 436 3761 ἐξ
494 3695 611 3747 ἴσου
667 3690 1016 3763 μερισθῆναι,
1057 3691 1154 3745 τοῦ
1198 3690 1436 3761 ἀριθμοῦ
1483 3689 1593 3745 τῶν
1634 3690 1819 3743 αὐτῶν

314 3806 336 3839 ι
385 3787 572 3841 τόπων
601 3785 791 3842 ἀνίσου
839 3784 1204 3856 ὑπάρχοντος,
1231 3783 1452 3852 πρῶτον
1487 3783 1824 3855 μερισθῶσιν

315 3899 337 3933 ι
379 3882 432 3933 oi
469 3881 576 3932 ἶσοι
606 3877 854 3948 ἀριθμοὶ,
885 3880 979 3931 καὶ
1004 3876 1081 3947 τῷ
1115 3875 1446 3944 ἀπομένοντι
1480 3877 1633 3944 τόπῳ
1663 3875 1824 3928 τοῦτο

316 3994 336 4026 ι
386 3972 663 4041 φυλαχθῇ,
694 3971 830 4041 ὅπερ
859 3968 1118 4038 ἀνωτέρω
1149 3967 1422 4034 λέλεκται,
1447 3967 1537 4020 ὅτε
1569 3967 1694 4038 περὶ
1723 3965 1820 4019 τοῦ

314 4086 334 4117 ι
383 4065 504 4128 ἐνὸς
536 4065 782 4133 ἐζητεῖτο
809 4062 1001 4134 τόπου.
1045 4079 1067 4111 ι

308 4157 513 4212 ΒᾹΛΣ.
559 4151 935 4223 Ἐξηγηθῆναι
983 4150 1113 4214 τοὺς
1166 4148 1261 4203 δύο
1309 4151 1532 4212 τούτους
1587 4150 1821 4213 κανόνας

240 4250 337 4303 οὐκ
362 4248 513 4302 ἔστιν
542 4246 864 4312 ἀναγκαῖον,
887 4243 962 4306 ὡς
995 4244 1132 4312 μηδὲ
1165 4244 1248 4304 είς
1286 4241 1474 4313 κοινὴν
1501 4241 1826 4312 ἀφορῶντας

238 4337 584 4407 οἰκονομίαν,
624 4331 742 4386 ἀλλ’
777 4333 859 4395 είς
892 4333 1023 4394 τοὺς
1054 4333 1114 4384 ὲν
1154 4332 1391 4402 ’Δφρικῇ
1437 4329 1546 4383 ἀπὸ
1584 4328 1695 4382 τῶν
1725 4332 1831 4382 Δοπ

154 4425 163 4433 ’
240 4425 512 4480 νατιστῶν
566 4421 971 4493 προσελθόντας
1038 4420 1376 4483 ἐπισκόπους
1432 4421 1500 4491 τῇ
1554 4418 1823 4491 καθολικῇ

253 4515 573 4585 Ἐκκλησίᾳ.

311 4607 565 4665 ΖΩΝΑΡ.
603 4607 665 4660 Ol
704 4605 799 4659 τοῦ
843 4603 1075 4657 Δονάτου
1126 4602 1450 4673 αἱρεσιῶται
1499 4601 1684 4655 πολλοὶ
1728 4617 1823 4669 γε-

241 4702 491 4772 νόμενοι,
548 4699 646 4751 καὶ
696 4697 778 4759 είς
836 4694 1018 4765 πλήθη
1078 4694 1379 4755 συστάντες
1429 4694 1487 4745 ὲν
1543 4692 1825 4761 διαφόροις

242 4795 583 4865 διοικήσεσιν
614 4791 878 4861 ἥρπασαν
922 4787 1242 4858 ἐκκλησίας,
1275 4784 1414 4838 ἀλλὰ
1455 4785 1551 4836 καὶ
1584 4782 1824 4852 ὲνορίας.

245 4887 340 4940 καὶ
388 4883 600 4947 ταύτας
656 4883 932 4951 κατεῖχον,
967 4880 1063 4933 καὶ
1104 4877 1480 4949 ᾠκειώσαντο.
1542 4876 1828 4941 Ἐπιοτρε-

246 4978 458 5046 φόντων
489 4976 546 5028 δὲ
577 4973 760 5026 αὐτῶν
799 4973 936 5042 προς
966 4972 1063 5039 τὴν
1098 4968 1382 5041 ὀρθόδοξον
1406 4969 1618 5031 πίστιν,
1648 4968 1821 5034 ἀμφι-

245 5071 426 5124 ϐολίαι
456 5068 700 5138 ἐγίνοντο
725 5070 853 5136 περὶ
884 5065 994 5118 τῶν
1025 5062 1254 5133 ἐνοριῶν
1284 5062 1394 5115 τῶν
1440 5060 1572 5130 παρ’
1604 5058 1830 5112 ἐκείνων

250 5163 442 5234 πρώην
472 5160 879 5230 κατ-χομένων,
906 5158 1017 5210 τῶν
1059 5155 1377 5211 ἐπισκόπων
1427 5154 1830 5217 στασιαζόντων

252 5256 392 5325 πρὸς
423 5252 717 5322 ἀλλήλους,
761 5250 860 5303 καὶ
908 5248 1160 5303 ἑκάστων
1211 5249 1294 5310 εἰς
1346 5247 1579 5308 ἑαυτοὺς
1617 5244 1830 5307 ταύτας

255 5345 653 5415 μεθελκόντων.
689 5342 828 5414 Περὶ
877 5341 1072 5395 τούτου
1103 5334 1198 5394 οὖν
1251 5338 1345 5393 τοῦ
1391 5336 1690 5407 κεφαλαίου
1737 5338 1832 5389 καὶ

252 5439 423 5510 ἄμφω
464 5440 513 5492 oi
564 5437 792 5500 κανόνες
836 5430 985 5489 οὗτοι
1039 5434 1487 5505 ὲξεφωνήθησαν,
1529 5432 1829 5493 τυποῦντες

256 5533 372 5597 πῶς
412 5534 525 5604 χρὴ
580 5530 736 5599 παρὰ
780 5530 895 5591 τοῖς
937 5529 1265 5589 ἐπισκόποις
1328 5524 1656 5597 μερίζεσθαι
1708 5525 1837 5587 τοὺς

254 5624 478 5689 τόπους,
518 5621 615 5686 οὓς
651 5623 909 5690 κατεῖχον
956 5620 1006 5673 oi
1064 5618 1408 5673 Δονατισταί.
1466 5615 1837 5686 Ἐξηγηθῆναι

259 5716 313 5769 δὲ
339 5719 468 5779 τοὺς
497 5716 731 5775 κανόνας
764 5713 907 5765 κατὰ
944 5712 1107 5782 μέρος
1150 5714 1249 5765 οὐκ
1282 5713 1580 5779 ἀναγκαῖον
1603 5725 1620 5740 ο
1652 5709 1736 5762 ὃτι
1779 5726 1838 5760 τε

1836 1817 1885 1876 Β

1854 4521 1903 4578 ι)

1988 587 2005 619 ι
2054 570 2284 637 Donati;
2335 580 2389 624 et
2443 570 2698 641 quoniam
2749 569 2931 624 multae
2979 568 3357 623 contentiones
3417 567 3489 620 de

1989 680 2007 713 ι
2052 663 2539 737 ἀὶωεεεὶὺιιείἰιιιετ
2558 664 2838 733 episcopos
2863 670 3047 731 postea
3065 670 3268 715 exorta:
3291 668 3489 715 suntet

1995 779 2014 812 ι
2055 760 2397 825 exoriuntur,
2432 758 2629 828 quibus
2658 768 2785 811 tunc
2806 770 2912 811 non
2942 754 3180 825 perfecte
3212 753 3486 821 provisum

1987 872 2006 905 ι
2046 866 2168 906 esse
2195 852 2408 905 videtur
2439 869 2453 905 :
2484 848 2771 916 nuneltuic
2797 857 2999 902 sanctte
3022 844 3232 916 synodo
3265 842 3491 912 placuit,

1991 963 2010 996 ι
2058 955 2115 998 ut
2146 942 2455 1010 ubicunque
2503 940 2606 994 fuit
2643 938 2947 999 Catholica,
3001 947 3056 991 et
3102 950 3230 1006 pars
3271 934 3485 997 Donati,

1989 1055 2009 1088 ι
2046 1048 2103 1091 ει
2142 1035 2209 1089 ad
2243 1034 2488 1089 diversas
2536 1032 2693 1088 sedes
2740 1029 3108 1099 pertinebant,
3157 1038 3493 1095 quocunque

1990 1148 2008 1180 ι
2057 1137 2305 1195 tempore
2335 1125 2449 1181 illic
2480 1124 2620 1178 facta
2645 1133 2732 1178 est
2763 1122 2849 1178 vel
2879 1120 2981 1177 erit
3012 1120 3158 1182 unio,
3221 1118 3337 1172 sive
3366 1124 3495 1170 ante

1990 1239 2009 1273 ι
2057 1220 2173 1293 sive
2206 1230 2328 1287 post
2358 1218 2525 1287 leges,
2562 1216 2629 1269 ad
2653 1216 2803 1269 illam
2847 1214 3028 1269 sedem
3060 1209 3391 1280 pertineant,
3421 1207 3489 1262 ad

1990 1332 2008 1364 ι
2052 1327 2213 1381 quam
2244 1310 2370 1365 olim
2399 1294 2723 1377 pertinebat,
2756 1321 2882 1360 cmn
2923 1312 3071 1360 esset
3115 1298 3417 1356 Catholica.
3464 1314 3493 1348 ι

2367 1577 2527 1649 651
2564 1574 2794 1632 canon
2825 1573 3017 1630 cxrx.

1916 1691 1937 1726 ι
1981 1673 2263 1741 Quomodo
2295 1671 2457 1737 ',inter
2506 1685 2563 1725 se
2605 1670 2867 1724 diceceses
2914 1666 3154 1722 divident
3205 1663 3443 1731 episcop.
3469 1699 3493 1726 ,

1989 1785 2009 1818 ι
2048 1764 2242 1833 partim
2292 1765 2511 1832 quidem
2563 1760 2865 1825 catholici,
2923 1756 3125 1828 partim
3182 1769 3312 1810 vero
3340 1751 3495 1820 quia

1993 1878 2013 1912 ι
2053 1857 2268 1912 Donato
2301 1855 2548 1911 conversi
2580 1862 2739 1920 sunt;
2766 1853 2848 1909 sic
2869 1852 3144 1913 videlicet,
3189 1848 3247 1902 ut
3289 1846 3333 1902 si
3376 1845 3499 1914 qui-

1995 1968 2016 2004 t
2057 1951 2176 2006 dem
2210 1949 2450 2016 episcopi
2483 1964 2511 2001 a
2550 1945 2852 2001 Donatistis
2883 1944 2950 1998 ad
2980 1941 3315 1998 Catholicam
3338 1938 3496 1993 unio-

2002 2061 2021 2097 t
2056 2057 2176 2098 nem
2207 2040 2455 2096 conversi
2485 2037 2711 2101 fuerint,
2744 2051 2807 2090 ex
2833 2048 2990 2102 αλιιυο
3027 2033 3167 2086 inter
3184 2045 3243 2085 se
3263 2030 3496 2084 invicem

1988 2157 2007 2191 ι
2044 2139 2321 2202 dividant,
2381 2150 2501 2205 quae
2552 2133 2631 2188 sic
2689 2129 3040 2185 inveniuntur
3087 2126 3375 2183 diceceses.
3440 2124 3496 2176 in

1984 2250 2004 2281 ι
2042 2231 2237 2298 quibus
2266 2237 2428 2284 erant
2474 2237 2719 2294 utrmque
2766 2230 2979 2292 partes;
3037 2218 3091 2273 id
3130 2226 3234 2280 est,
3295 2225 3356 2272 ut
3405 2214 3492 2270 alii

1991 2339 2009 2372 ι
2045 2320 2143 2374 1οεί
2179 2320 2245 2374 ad
2275 2320 2447 2381 illum,
2488 2328 2541 2371 et
2568 2316 2640 2370 illi
2674 2316 2739 2370 ad
2767 2317 2910 2369 hunc
2941 2313 3252 2382 pertineant
3281 2349 3297 2376 ,
3330 2309 3408 2364 sic
3443 2315 3503 2360 ut

1951 2409 1959 2420 '
1995 2432 2011 2464 ι
2050 2412 2399 2482 antiquiorin
2428 2410 2743 2481 episcopatu
2771 2407 3019 2470 dividat,
3081 2405 3258 2458 minor
3317 2407 3505 2457 autem

1993 2523 2012 2557 ι
2050 2504 2233 2574 eligat.
2266 2503 2363 2558 Sin
2394 2511 2572 2558 autem
2597 2516 2737 2555 unus
2767 2501 3000 2554 fortasse
3043 2497 3209 2551 fuerit
3237 2495 3411 2557 locus,
3433 2494 3507 2546 ad

1998 2613 2018 2648 t
2057 2594 2205 2648 illum
2241 2594 2536 2662 pertinebit
2589 2592 2677 2646 cui
2727 2591 2961 2645 vicinior
3017 2589 3322 2657 reperitur:
3357 2581 3509 2653 quod

1993 2702 2013 2736 ι
2056 2684 2101 2737 si
2131 2686 2374 2754 utrisque
2405 2682 2627 2737 sedibus
2659 2695 2725 2735 ex
2774 2694 2929 2746 aequo
2998 2677 3072 2731 sit
3123 2677 3333 2730 vicinus
3362 2712 3379 2737 ,
3427 2672 3513 2726 illi.

1997 2796 2017 2831 ι
2055 2780 2216 2833 cedat
2254 2791 2416 2847 quem
2463 2773 2691 2844 populus
2739 2772 2984 2842 elegerit.
3045 2770 3153 2824 Sed
3197 2769 3240 2822 si
3295 2766 3500 2834 antiqui

1997 2889 2016 2921 ι
2055 2869 2196 2924 forte
2225 2868 2478 2924 catholici
2505 2866 2785 2936 proprium
2820 2862 3089 2918 voluerint
3113 2900 3128 2925 ,
3152 2869 3207 2915 ct
3227 2857 3319 2928 qui
3347 2867 3500 2911 erant

1997 2979 2016 3013 ι
2050 2977 2115 3015 ex
2145 2969 2299 3028 parte
2330 2958 2546 3022 Donati,
2568 2956 2853 3018 ,conversi,
2882 2953 3161 3023 proprium
3193 2968 3208 3018 ;
3266 2948 3501 3017 plurium

2001 3072 2020 3106 ι
2055 3053 2323 3110 sententia
2356 3050 2674 3121 praeferatur
2699 3048 2984 3103 sententiae
3027 3043 3339 3113 pauciorum
3368 3060 3383 3096 :
3419 3043 3503 3094 sin

2002 3166 2021 3200 ι
2058 3156 2236 3203 autem
2261 3145 2370 3200 sint
2399 3152 2587 3214 partes
2619 3140 2876 3210 atqnales.
2911 3135 3205 3207 antiquiori
3250 3132 3504 3203 episcopo

2003 3257 2023 3290 ι
2066 3238 2428 3293 adscribatur.
2461 3236 2613 3302 Quod
2643 3236 2686 3289 si
2720 3236 2790 3289 ita
2831 3232 3063 3302 plurima
3109 3231 3227 3284 loca
3285 3226 3504 3282 inventa

2004 3354 2022 3386 ι
2058 3333 2284 3397 fuerint,
2319 3333 2371 3386 in
2399 3331 2597 3401 quibus
2620 3329 2729 3382 sint
2763 3338 3008 3392 utraeque
3036 3330 3223 3391 partes
3252 3359 3268 3386 ,
3305 3328 3362 3371 ut
3399 3333 3506 3371 non

2001 3449 2019 3482 ι
2061 3428 2267 3497 possint
2299 3438 2367 3480 ex
2397 3437 2551 3491 mque
2575 3420 2739 3475 dividi
2765 3459 2780 3481 ,
2810 3424 2937 3481 cum
2972 3428 3231 3470 numerus
3260 3411 3502 3477 ipsorum

2004 3542 2023 3574 ι
2065 3520 2304 3575 locorum
2331 3516 2403 3570 sit
2447 3511 2765 3579 inaequalis;
2819 3507 3051 3577 primunt
3093 3502 3311 3572 quidem
3365 3498 3504 3552 divi-

2001 3634 2019 3666 ι
2060 3615 2259 3668 dantur
2286 3607 2517 3676 aequales
2545 3603 2788 3666 muneri;
2821 3610 2874 3656 et
2905 3600 2959 3654 in
3006 3598 3128 3652 loco
3153 3637 3169 3662 ,
3197 3593 3292 3663 qui
3317 3599 3506 3654 restat.

2004 3724 2022 3759 ι
2058 3712 2308 3761 servetur
2328 3701 2406 3764 id,
2429 3697 2569 3769 quod
2592 3696 2841 3765 superius
2885 3692 3086 3747 dictum
3132 3697 3216 3744 est
3238 3726 3257 3755 ,
3287 3684 3507 3754 quando

2003 3817 2024 3851 ι
2057 3798 2125 3853 de
2158 3807 2266 3851 uno
2293 3793 2413 3848 loco
2436 3789 2797 3861 quaerebatur.
2835 3804 2854 3838 ι

1998 4146 2199 4203 BALS.
2233 4145 2515 4214 Experiere
2541 4139 2642 4196 hos
2672 4141 2805 4193 duos
2835 4147 3075 4192 canones
3122 4146 3229 4186 non
3270 4137 3356 4185 est
3401 4143 3497 4183 ne-

1928 4242 2228 4299 cessarium
2259 4255 2276 4307 ;
2309 4247 2367 4292 ut
2395 4236 2485 4305 qni
2518 4250 2616 4289 nec
2653 4235 2721 4286 ad
2767 4242 3110 4285 communem
3145 4222 3504 4280 oeconomiam

1928 4334 2234 4397 conferant,
2261 4329 2357 4386 sed
2388 4329 2456 4383 ad
2485 4327 2790 4396 episcopos,
2817 4321 2911 4391 qui
2938 4322 2991 4374 in
3024 4319 3209 4374 Africa
3256 4332 3287 4371 a
3315 4316 3508 4372 Dona-

1931 4428 2073 4484 tistis
2097 4427 2165 4480 ad
2192 4422 2521 4479 catholicam
2549 4417 2852 4475 Eeclesiam
2885 4418 3258 4468 accesserunt.

2001 4603 2255 4662 ZONAR.
2287 4603 2423 4658 Cum
2460 4613 2674 4663 eorum,
2715 4596 2803 4665 qui
2835 4597 2901 4650 ad
2932 4593 3124 4650 Donati
3165 4605 3382 4648 errores
3420 4603 3513 4658 ap-

1928 4699 2205 4769 pulerant,
2234 4696 2422 4763 ingens
2451 4700 2597 4747 esset
2635 4688 2946 4753 multitudo,
2979 4683 3383 4754 conspiratione
3424 4682 3509 4735 in—

1932 4803 2013 4848 ter
2039 4806 2099 4846 se
2120 4789 2285 4850 facta,
2319 4788 2371 4839 in
2410 4784 2590 4838 multis
2620 4779 2948 4835 diceeesibus
2975 4776 3261 4839 ecclesias,
3296 4772 3429 4841 quin
3457 4783 3513 4826 et

1930 4885 2079 4954 ipsas
2108 4894 2324 4953 quoque
2360 4875 2608 4946 regiones
2641 4874 2966 4934 invaserant,
2995 4881 3194 4936 easque
3218 4864 3372 4932 quasi
3394 4878 3509 4918 sua:

1930 4976 2155 5032 ditionis
2179 4972 2402 5028 cﬂ‘ectas
2430 4967 2771 5023 detinebant.
2805 4962 3000 5017 Postea
3029 4974 3151 5015 cum
3212 4957 3370 5012 tidem
3425 4969 3513 5008 or—

1934 5068 2233 5124 thodoxam
2259 5064 2441 5119 denuo
2474 5058 2933 5130 amplecterentur
2960 5092 2976 5118 ,
3008 5047 3395 5106 controversiae
3446 5044 3515 5099 de

1932 5161 2021 5227 iis,
2050 5172 2185 5229 quas
2206 5166 2364 5211 antea
2387 5155 2797 5221 occupaverant,
2828 5145 3138 5217 regionibus
3175 5142 3513 5204 oriebantur,

1934 5268 2056 5310 cum
2095 5265 2189 5306 cas
2217 5248 2284 5303 ad
2314 5262 2374 5302 se
2405 5245 2619 5301 trahere
2673 5241 3004 5298 dissidentes
3040 5235 3280 5308 episcOpi
3314 5248 3413 5306 pro
3458 5246 3516 5285 se

1938 5347 2170 5414 quisque
2198 5340 2522 5394 niterentur.
2558 5334 2615 5390 in
2646 5334 2788 5389 hanc
2814 5345 2943 5402 ergo
2973 5327 3295 5385 sententiam
3323 5324 3382 5381 hi
3408 5323 3524 5378 duo.

1938 5448 2177 5492 centones
2205 5430 2337 5487 editi
2365 5469 2381 5495 ,
2414 5443 2478 5484 ac
2510 5441 2607 5494 per
2633 5441 2731 5482 eos
2762 5426 2900 5487 loca,
2933 5437 3054 5492 quae
3082 5420 3393 5475 Donatistae;
3425 5416 3525 5471 in-

1940 5533 2216 5590 vaserant,
2247 5519 2518 5576 dividendi
2547 5518 2721 5572 forma
2753 5514 3022 5585 BplSCOpiS
3067 5511 3354 5581 praeﬁnita.
3388 5508 3517 5562 illos

1940 5631 2103 5689 porro
2132 5612 2404 5683 sigillatitn
2435 5622 2704 5678 exponere
2757 5607 2900 5662 haud
2942 5604 3347 5668 necessarium;
3403 5608 3525 5653 tum

1944 5711 2068 5780 quia
2097 5706 2231 5762 nihil
2252 5702 2601 5759 obscuritatis
2630 5702 2827 5756 habent
2855 5740 2870 5765 ,
2901 5708 3011 5753 tum
3034 5697 3160 5767 quia
3184 5697 3250 5752 ad
3273 5708 3521 5750 commu-

264 5811 362 5866 οὐκ
388 5811 663 5880 ἀσάφειαν
687 5808 891 5876 έχουσι,
924 5809 1017 5862 καὶ
1036 5807 1116 5861 ὅτι
1155 5801 1281 5877 μηδ’
1306 5807 1386 5868 εἰς
1415 5801 1604 5873 κοινὴν
1639 5803 1819 5873 δρῶσιε

1974 5817 2070 5857 rem
2107 5798 2466 5857 (tecunomiant
2492 5812 2597 5851 non
2626 5793 2930 5859 conferunt,
2963 5790 3056 5848 scd
3079 5804 3263 5848 eorum
3292 5795 3523 5850 tantum,

1384 5978 1411 6007 ι
