3944 6382
250 323 354 390 385

1379 318 1462 380 IN
1482 318 1659 411 CAN.
1691 317 2081 382 cxxcom'c.
2116 316 2492 411 canum}.

3389 317 3495 383 386

320 433 517 488 ΒΑΛΣ.
565 431 651 497 Ὠς
706 430 875 496 ἔοικε,
921 430 1078 501 νόμοι
1134 408 1650 504 προεθεσπίσθησαν
1694 433 1824 501 περὶ

1996 408 2195 486 ΒΑΕΒ(
2233 432 2299 487 Ut
2325 443 2409 486 est
2442 430 2761 498 verisimile,
2795 430 2938 499 leges
2969 432 3038 487 de
3068 432 3342 503 regionum
3373 436 3499 489 tini-

254 521 363 577 τῶν
405 520 652 591 ὲνοριῶν.
699 511 851 574 Ἐπεὶ
871 519 929 573 δέ
958 521 1053 573 καὶ
1083 521 1222 590 μετᾶ
1268 521 1330 574 τὸ
1385 522 1610 585 τούτους
1637 523 1822 590 ἐκφω-

255 610 482 681 ηθῆναι
512 609 833 680 ἀμφιϐολίαι
860 609 1186 674 ἀνέκοπτον,
1226 609 1433 679 ὥρισαν
1463 610 1515 663 οἱ
1548 611 1820 679 Πατέρες,

258 702 366 769 ἵνα,
414 704 511 757 ἐὰν
543 702 845 766 ὲπίσκοπός
873 719 959 766 τις
987 702 1334 774 μεταστρέψῃ
1366 703 1504 773 πρὸς
1535 702 1633 774 τὴν
1664 703 1824 774 ὀρθό-

257 792 403 859 δοξον
433 795 638 859 πίστιν,
671 796 836 847 τόπον
868 795 1012 860 τινὰ,
1038 796 1211 865 ἤγουν
1244 795 1542 864 παροικίαν
1590 794 1824 863 ἔχουσαν

259 882 588 955 αἱρετικοὺς,
621 887 717 939 καὶ
750 885 958 957 κατέχῃ
988 885 1159 955 αὐτὴν
1197 885 1293 938 ἐπὶ
1330 883 1592 951 τριετίαν,
1624 884 1826 947 ζῶντος

258 978 355 1031 καὶ
400 976 572 1029 ταῦτα
621 976 715 1029 τοῦ
768 976 1153 1044 δικαιουμένου
1194 974 1281 1028 ἐπ’
1328 976 1464 1046 αὐτῇ
1517 975 1823 1028 ἐπισκόπου

256 1070 352 1124 καὶ
385 1052 773 1139 ἡσυχάζοντος,
808 1069 1006 1138 μηκέτι
1043 1067 1172 1136 περὶ
1205 1066 1408 1135 ταύτης
1433 1067 1655 1137 ὀχληοῇ.
1703 1066 1824 1119 Ἐὰν

257 1162 313 1215 δὲ
364 1164 423 1214 ἐν
468 1164 537 1233 τῇ
573 1162 868 1229 ἐπισκοπῇ,
917 1151 954 1230 ᾖ
1006 1157 1223 1227 λέγεται
1276 1158 1554 1229 διαφέρειν
1583 1160 1609 1211 ὁ
1638 1159 1827 1221 τόπος,

258 1254 358 1308 οὐκ
401 1248 472 1323 ἦν
516 1252 836 1317 ἐπίσκοπος,
874 1251 908 1319 ἡ
953 1249 1285 1319 παραδρομὴ
1327 1250 1426 1318 τῆς
1452 1248 1700 1317 τριετίας
1728 1247 1829 1303 οὐκ

262 1343 546 1415 ἑμποδίσει
575 1343 668 1395 τὸν
699 1341 839 1410 μετὰ
860 1338 1034 1394 ταῦτα
1064 1340 1405 1410 ψηφισθέντα
1437 1339 1829 1393 ἀνακαλεῖσθαι

178 1418 185 1429 ’
256 1436 355 1506 τὴν
390 1435 625 1504 ἐνορίαν.
660 1434 733 1485 Τὸ
775 1432 908 1486 αὐτὸ
956 1433 1011 1485 δὲ
1047 1434 1271 1502 κρατεῖν
1319 1424 1423 1485 καῖ’
1456 1434 1550 1486 ἐπὶ
1589 1432 1698 1485 τῶν
1734 1437 1831 1484 Δο-

258 1524 526 1581 νατιστῶν
588 1523 1046 1593 ἐπιστρεφόντων.
1115 1522 1233 1575 Kai.’
1277 1523 1304 1575 ὁ
1368 1521 1466 1591 μὲν
1522 1521 1705 1576 κανὼν
1773 1524 1831 1575 ἐν

258 1616 492 1680 τούτοις.
521 1616 595 1669 Σὺ
648 1615 705 1668 δέ
747 1614 984 1683 γίνωσκε
1022 1616 1102 1668 ὅτι
1135 1615 1203 1668 τὰ
1265 1614 1699 1685 ἐκκλησιαστικὰ
1750 1615 1831 1666 δί-

260 1724 419 1771 καια,
451 1707 517 1760 τὰ
549 1705 677 1775 περὶ
704 1704 814 1757 τῶν
853 1703 1078 1775 ἑνοριῶν
1123 1704 1326 1774 δηλαδὴ
1376 1706 1467 1757 καὶ
1494 1702 1603 1755 τῶν
1635 1703 1828 1767 ἄλλων,

255 1797 446 1866 εἰμὲν
499 1795 642 1850 κατὰ
690 1795 1022 1866 Ἐκκλησίας
1068 1794 1395 1865 ἀρμόζουσι,
1439 1794 1526 1848 διὰ
1578 1811 1832 1864 τριακον-
1868 1789 1909 1844 Β

255 1890 485 1952 ταετίας
532 1885 948 1941 ἀποκλείονται·
1002 1888 1051 1939 εἰ
1097 1886 1153 1938 δὲ
1204 1886 1346 1939 κατὰ
1386 1884 1696 1957 προσώπων
1745 1884 1831 1938 διὰ

256 1981 847 2051 τεσσαρακονταετίας.
879 1981 992 2034 Καὶ
1023 1978 1298 2048 ἀνάγνωθι
1329 1980 1390 2033 τὸ
1424 1981 1607 2049 τρίτον
1629 1980 1830 2047 κεφάλ.

257 2074 354 2129 τοῦ
375 2074 562 2145 τρίτου
591 2072 772 2125 τίτλου
803 2070 896 2124 τοῦ
933 2075 973 2123 ε’
1008 2070 1216 2139 βιϐλίου
1266 2069 1376 2123 τῶν
1403 2069 1709 2122 Βασιλικῶν
1739 2067 1834 2121 καὶ

258 2169 325 2222 τὸ
369 2167 681 2221 τελευταῖον
740 2164 1037 2234 κεφάλαιον
1084 2162 1176 2216 τοῦ
1230 2162 1483 2232 δευτέρου
1523 2162 1703 2215 τίτλον
1738 2161 1833 2216 τοῦ

259 2260 431 2314 αὖ,τοῦ
491 2259 722 2330 βιϐλίου,
780 2259 964 2327 λέγον,
1016 2257 1174 2310 Πᾶσα
1222 2258 1415 2329 ἀγωγὴ
1478 2258 1834 2329 προσήκουσα

263 2353 450 2422 σεπτῷ
525 2354 680 2423 οἴκῳ,
737 2351 851 2404 εἴτε
914 2349 1245 2422 προσωπικὴ
1314 2351 1425 2402 εἴτε
1480 2347 1833 2421 ὑποθηκαρία

262 2447 440 2512 ἐστὶν,
474 2428 573 2515 ούχ
623 2442 942 2514 ὑπερϐαίνει
994 2442 1062 2495 τὰ
1111 2441 1525 2512 τεσσαράκοντα
1578 2440 1696 2511 ἔτη,
1729 2440 1836 2493 τῶν

263 2537 623 2611 ἁρμοζουσῶν
653 2537 870 2607 ἑκάστῳ
915 2535 1049 2605 ὸίκῳ
1078 2535 1303 2605 τοιούτῳ
1336 2535 1527 2602 εὐαγεί
1568 2534 1839 2604 προσκαί-

264 2646 380 2697 ρων
437 2627 820 2701 παραγραφῶν
884 2626 1277 2695 φυλαττουσῶν
1335 2625 1521 2696 μέντοι
1582 2641 1646 2693 γε
1711 2625 1839 2689 τοὺς

262 2723 506 2787 οἰκείους
554 2722 801 2794 χρόνους.
826 2719 997 2773 ’Ὥστε
1053 2718 1122 2772 τὰ
1168 2719 1260 2772 τοῦ
1317 2721 1582 2787 παρόντος
1615 2719 1841 2781 κανόνος

268 2814 581 2886 ἐσχόλασαν
635 2813 740 2866 ὑπὸ
780 2812 892 2865 τῶν
924 2810 1183 2864 τοιούτων
1223 2809 1538 2880 κεφαλαίων
1572 2810 1680 2863 ἀπὸ
1712 2827 1843 2862 νεα·
1884 2852 1889 2857 .

259 2908 377 2981 ρῶν
416 2904 856 2960 Ἰουστινιανείων
881 2903 1073 2958 ὄντων.

338 3041 589 3096 ΖΩΝΑΡ.
627 3038 721 3104 Ἐξ
746 3037 1032 3107 ἀναφορῶν
1069 3035 1178 3089 τῶν
1225 3036 1327 3104 τῆς
1383 3036 1602 3091 συνόδου
1636 3036 1843 3108 ταύτης

1930 524 2033 578 bus
2062 524 2210 592 prius
2245 524 2367 577 latae
2404 524 2657 578 fuerant:
2703 522 2799 577 sed
2834 523 2959 593 quia
3014 532 3295 596 postquam
3343 527 3503 584 editae

1930 626 2055 672 sunt
2082 657 2096 680 ,
2138 616 2527 670 controversiae
2567 629 2863 681 emersere,
2916 626 3225 673 statuerunt
3272 617 3499 683 Patres,

1931 717 1990 761 ut
2016 707 2062 761 si
2088 706 2208 776 quis
2234 707 2519 776 episcopus
2543 707 2609 762 ad
2633 706 2791 761 tidem
2827 708 3186 763 orthodoxam
3218 720 3503 765 converte-

1932 799 2003 851 rit
2030 798 2206 851 locum
2235 796 2468 867 aliquem
2502 812 2593 851 seu
2633 799 2946 867 parmciatn,
2975 813 3095 867 quae.
3127 800 3287 853 habet
3334 799 3506 855 haere-

1935 888 2088 955 ticos,
2119 898 2173 942 et
2206 903 2326 942 eam
2350 889 2582 942 triennio
2611 888 2927 955 detinuerit,
2965 890 3125 960 idque
3158 890 3310 957 vivo,
3334 892 3425 961 qui
3453 892 3505 945 in

1933 993 1996 1032 ea
2023 979 2113 1045 jus
2153 979 2336 1043 habet,
2365 979 2619 1048 episcopo
2642 990 2697 1034 et
2715 990 2930 1035 tacente
2949 1023 2963 1047 ,
2995 981 3063 1035 de
3096 996 3158 1039 ea
3187 998 3253 1036 ne
3275 984 3506 1053 amplius

1938 1068 2202 1121 turbetur.
2238 1067 2333 1121 Sin
2362 1077 2541 1123 autem
2571 1069 2625 1122 in
2657 1069 2999 1139 episcopatu,
3033 1071 3098 1125 ad
3122 1085 3281 1140 quem
3303 1073 3500 1129 dicitur

1936 1158 2088 1213 locus
2130 1159 2423 1228 pertinere,
2451 1173 2556 1214 non
2590 1168 2708 1213 erat
2742 1161 3023 1229 episcopus
3046 1179 3062 1228 ;
3089 1161 3270 1232 lapsus
3293 1165 3505 1220 triennii

1936 1267 2041 1305 non
2070 1251 2326 1319 impediet
2360 1266 2506 1316 eum,
2525 1251 2617 1321 qui
2651 1261 2835 1320 postea
2860 1251 3062 1307 electus
3089 1262 3191 1318 est,
3220 1256 3509 1324 quominus

1936 1344 2228 1411 parmciam
2265 1358 2418 1395 suam
2455 1352 2691 1397 revocet.
2720 1342 2777 1397 Id
2831 1343 3004 1412 ipsum
3038 1355 3216 1398 autem
3261 1356 3508 1402 servatur

1936 1443 1990 1488 et
2023 1434 2074 1486 in
2102 1433 2414 1492 Donatistis.
2441 1433 2535 1501 qui
2566 1443 2975 1492 convertuntur.
3002 1434 3078 1491 Ac
3110 1436 3162 1491 in
3203 1436 3269 1492 iis
3292 1438 3508 1507 quidem

1939 1525 2187 1580 consistit
2215 1540 2414 1580 canon.
2450 1525 2530 1579 Tu
2576 1537 2754 1582 autem
2786 1529 2967 1592 scias,
3007 1530 3150 1597 quod
3184 1528 3308 1596 jura
3337 1532 3511 1586 eccle-

1939 1619 2184 1681 siastica,
2221 1634 2341 1687 qua:
2372 1629 2497 1672 sunt
2527 1620 2734 1674 scilicet
2773 1620 2840 1674 de
2870 1622 3149 1691 regionum
3182 1623 3374 1679 ﬁnibus
3403 1667 3419 1691 ,
3456 1633 3512 1679 et
3602 1652 3607 1657 -

1940 1711 2084 1775 aliis,
2115 1711 2159 1765 si
2185 1711 2445 1765 adversus
2472 1711 2688 1781 quidem
2718 1712 3021 1767 Ecclesiam
3053 1724 3382 1783 competunt,
3410 1716 3512 1771 tri-

1938 1804 2084 1874 ginta
2116 1804 2273 1859 annis
2300 1805 2665 1859 excluduntur
2703 1821 2717 1859 :
2745 1807 2829 1858 sin
2862 1815 3041 1860 autem
3092 1810 3355 1864 adversus
3386 1824 3512 1879 per-

1939 1890 2127 1960 sonas,
2164 1896 2523 1966 quadraginta
2556 1898 2733 1951 annis.
2764 1897 2830 1951 Et
2865 1898 2979 1968 lege
3003 1912 3165 1969 caput
3187 1903 3254 1968 5,
3282 1902 3421 1956 titul.
3452 1903 3509 1969 ὅ,

1939 1987 2031 2040 lib.
2065 2003 2097 2041 ν
2135 1986 2348 2041 Basilic.
2374 1998 2435 2041 et
2455 1988 2699 2041 n'ltimum
2726 1998 2889 2059 caput
2922 1990 3006 2045 tit.
3036 1990 3071 2042 2
3095 1991 3333 2060 ejusdem
3363 1993 3508 2061 libri,

1938 2076 2080 2146 quod
2110 2077 2260 2141 dicit,
2292 2077 2480 2133 Omnis
2504 2080 2672 2143 actio,
2705 2093 2825 2148 quae
2859 2080 2925 2135 ad
2962 2082 3294 2138 venerabiles
3322 2084 3512 2140 domos

1939 2166 2176 2237 pertinet
2201 2208 2217 2232 ,
2252 2169 2364 2222 sive
2394 2170 2466 2223 sit
2521 2170 2824 2237 personalis
2857 2208 2873 2236 ,
2930 2172 3042 2226 sive
3079 2172 3464 2242 hypotbecaria
3492 2213 3509 2239 ,

1941 2260 2300 2329 quadraginta
2357 2274 2529 2315 annos
2596 2275 2701 2315 non
2759 2263 2994 2330 excedit,
3060 2266 3512 2322 convenientibus

1892 2353 2235 2428 tunicuique
2283 2351 2546 2420 ejusmodi
2610 2362 2816 2407 sanctte
2881 2354 3064 2408 domui
3130 2357 3515 2425 temporalibus

1940 2445 2432 2515 praescriptionibus
2462 2461 2558 2500 sua
2590 2456 2828 2515 tempora
2894 2448 3260 2504 servantibus.
3309 2448 3515 2515 Quam-

1942 2537 2127 2593 obrem
2158 2553 2276 2608 quae
2310 2538 2361 2593 in
2397 2540 2645 2608 praesenti
2666 2554 2875 2595 canone
2896 2542 3251 2596 continentur
3293 2551 3516 2612 propter

1942 2631 2056 2687 haec
2078 2635 2275 2702 capita.
2299 2647 2419 2699 uuae
2443 2648 2509 2688 ex
2537 2630 2827 2688 Justiniaui
2862 2634 3086 2689 novellis
3131 2643 3278 2701 sunt,
3326 2635 3513 2691 exole-

1945 2732 2161 2778 verunt.

2018 3035 2268 3093 ZONAR.
2303 3036 2378 3092 Ex
2414 3037 2508 3103 iis,
2553 3050 2674 3106 qum
2708 3035 2899 3107 synodi
2938 3034 3126 3090 Patres
3182 3034 3516 3101 retulerant,

256 3134 534 3201 Πατέρων
592 3132 750 3201 νόμοι
808 3128 1096 3198 ἐτέθησαν,
1142 3122 1321 3195 οἶμαι,
1374 3129 1526 3201 παρὰ
1577 3130 1836 3200 Ὅνωρίου

1950 3128 2089 3199 leges
2121 3129 2188 3183 ab
2216 3128 2548 3197 imperatore
2583 3127 2870 3201 (llonorio,
2898 3127 2953 3182 ni
2989 3126 3179 3195 fallor;
3207 3142 3330 3182 nam
3378 3128 3424 3184 is
3453 3143 3517 3182 ea

256 3225 360 3278 τοῦ
391 3220 662 3294 βασιλέως
687 3236 702 3251 ·
745 3219 953 3281 ἐκεῖνος
998 3217 1110 3289 γὰρ
1146 3213 1284 3289 ἦρχε
1334 3218 1458 3272 τότε
1506 3218 1617 3273 τῶν
1672 3222 1841 3273 ἐσπε-

256 3314 425 3385 ρίων.
456 3314 628 3384 Φησὶν
675 3306 765 3366 οὖν
800 3312 828 3364 ὁ
874 3309 1055 3364 κανὼν
1089 3309 1266 3375 ὡς,.εί
1296 3311 1436 3381 μετὰ
1483 3311 1610 3375 τοὺς
1632 3312 1843 3381 νόμους

269 3407 604 3476 ἐπιστρέψει
636 3405 803 3459 τόπον
826 3402 970 3483 τινὰ,
999 3403 1169 3474 ἦγουν
1192 3402 1427 3473 ἐνορίαν,
1459 3403 1491 3474 ἢ
1522 3403 1843 3475 παροικίαν,

260 3499 506 3572 ἦτοιτὸν
534 3496 762 3567 ἐνέαὺτῇ
796 3495 948 3560 λαὸν,
982 3494 1280 3558 ἐπίσκοπος
1312 3495 1450 3563 πρὸς
1478 3496 1579 3565 τὴν
1619 3496 1845 3567 ἑνότητα

256 3593 372 3662 τῆς
426 3590 728 3659 καθολικῆς
797 3587 1146 3658 Ἐκκλησίας,
1187 3588 1283 3640 καὶ
1340 3587 1440 3659 τὴν
1489 3589 1704 3659 ἐνορίαν
1745 3608 1843 3644 κα-

258 3673 452 3759 τάσχῃ
502 3685 563 3737 ἐν
603 3681 820 3754 τριετίᾳ
864 3681 1108 3751 μηδενὸς,
1144 3681 1596 3752 ἀντιποιουμένου
1652 3683 1843 3753 αὐτῆς,

257 3779 464 3833 ἔκτοτε
493 3773 662 3830 αὐτοῦ
694 3774 868 3839 ἔσται,
898 3773 1180 3827 τουτέστιν
1207 3772 1384 3827 οὐδενὶ
1416 3773 1639 3838 ἐξέσται
1674 3776 1847 3847 αὐτὴν

263 3869 524 3939 ἐκνικᾷν.
581 3866 708 3920 Ἐὰν
752 3864 810 3916 δὲ
849 3867 907 3918 ἐν
935 3865 1002 3931 τῇ
1038 3864 1337 3934 ἐπισκοπῇ,
1460 3865 1677 3934 λέγεται
1724 3864 1847 3918 δια-

263 3964 465 4033 φέρειν
492 3963 519 4014 ὁ
551 3960 737 4025 τόπος,
765 3955 865 4010 οὐκ
888 3952 958 4028 ἦν
983 3955 1284 4018 ἐπίσκοπος
1308 3956 1452 4010 κατὰ
1476 3957 1577 4029 τὴν
1605 3958 1848 4028 τριετίαν

261 4055 512 4124 ἐκείνην,
540 4052 688 4114 ὅστις
742 4048 967 4115 ἔμελλεν
1017 4046 1304 4117 ἐκνικῆσαι
1354 4047 1539 4115 αὑτὸν,
1571 4048 1686 4104 ἀλλ’
1719 4050 1849 4121 ἐχή-

267 4158 436 4212 ρευεν
487 4141 523 4211 ή
569 4137 847 4208 ἐπισκοπὴ
878 4136 1241 4208 προεστῶτος,
1273 4137 1335 4199 οὐ
1368 4141 1848 4211 προκριματισθή-

269 4251 430 4287 σεται
464 4232 523 4284 ἐν
548 4232 614 4300 τῇ
651 4229 897 4301 μάτρικι,
928 4229 1049 4282 ἀντὶ
1071 4228 1165 4282 τοῦ
1200 4229 1261 4281 οὺ
1295 4227 1630 4301 βλαϐήσεται
1658 4232 1725 4285 ἐκ
1748 4231 1843 4286 τοῦ

268 4326 702 4394 κατα-τραφῆναι
750 4324 809 4373 ἐν
857 4321 924 4391 τῇ
983 4321 1278 4392 ἀπογραφῇ
1317 4320 1426 4374 τῶν
1475 4322 1847 4393 διαφερόντων

268 4418 339 4488 τῇ
370 4413 669 4484 ἐκκλησίᾳ,
698 4411 734 4483 ἢ
780 4412 871 4464 ἐπὶ
919 4410 1164 4481 τριετίαν
1213 4412 1455 4483 ἐνεμήθη
1510 4414 1696 4480 αὐτὸν,
1729 4414 1847 4470 ἀλλ’

273 4481 495 4571 ἐξέσται
534 4481 630 4573 ⁷τῷ
680 4481 1254 4573 χειροτονηθησομένῳ
1294 4481 1581 4574 ἐπισκόπῳ
1616 4506 1850 4576 ζητῆσαι
1885 4481 1929 4535 D

274 4592 374 4645 καὶ
415 4589 708 4660 ἐκνικῆσαι
739 4588 924 4652 αὐτὸν,
975 4588 1131 4653 ἐντὸς
1174 4592 1423 4660 τριετίας
1464 4593 1849 4666 ψηφιζομένης

274 4682 372 4737 ἀπ’
400 4682 573 4752 αὐτῆς
630 4684 732 4749 τῆς
785 4680 1022 4750 ἡμέρας,
1054 4679 1178 4734 καθ’
1221 4682 1289 4753 ἡν
1326 4684 1564 4751 ἐγένετο.
1595 4686 1768 4740 Τοῦτο
1792 4689 1850 4743 δὲ

275 4774 502 4844 κρατεῖν
526 4770 620 4825 καὶ
644 4772 736 4824 ἐπὶ
765 4771 870 4824 τῶν
901 4771 1261 4838 Δονατιστῶν,
1297 4772 1462 4840 ὥστε,
1489 4775 1585 4830 ἐὰν
1630 4778 1856 4833 ἐπίσκο-

277 4883 379 4930 πος
409 4865 592 4919 αὐτῶν
623 4862 929 4934 ἐπιστρέψῃ
960 4865 1054 4917 καὶ
1080 4863 1256 4936 ἐνωθῇ
1312 4868 1379 4938 τῇ
1426 4867 1692 4942 καθολικῇ
1730 4870 1856 4926 Ἐκ-

276 4960 501 5030 κλησίᾳ,
534 4952 597 5014 οὗ
618 4960 784 5011 τόπον
818 4959 941 5011 τινὰ
988 4957 1179 5029 ἕτερος
1225 4975 1481 5031 κατειχεν
1524 4962 1851 5031 ἐπίσκοπος,

278 5051 430 5121 ἔχειν
481 5050 647 5103 αὑτὸν
707 5046 895 5103 ἄδειαν
947 5048 1099 5112 ἐντὸς
1140 5050 1426 5119 τριετίας,
1472 5051 1855 5125 ψηφιζομένης

279 5144 463 5208 ἐξότου
524 5138 898 5208 ἐπέστρεψεν,
948 5138 1242 5210 ἀναζητεῖν
1295 5143 1424 5206 τοὺς
1479 5144 1681 5211 τόπους
1726 5149 1854 5213 τοὺς

280 5232 587 5304 ἀνήκοντας
612 5231 681 5300 τῇ
713 5227 984 5299 ἐκκλησίᾳ
1014 5228 1204 5285 αὑτοῦ.

284 5554 506 5610 ΑΡΙΣΤ.
580 5572 602 5605 ι
649 5553 708 5608 '0
768 5554 1161 5627 μεταστρέφων
1233 5558 1315 5621 είς
1373 5558 1705 5629 ὀρθοδοξιαν,
1759 5581 1859 5617 και

360 5665 381 5701 ι
421 5645 674 5715 κατέχων
690 5644 787 5697 ἐπὶ
812 5645 1059 5716 τριετίαν
1077 5646 1179 5720 τὴν
1201 5648 1630 5720 ἐπιστραφείσαν
1649 5654 1857 5723 χώραν,

360 5755 381 5791 ι
414 5737 560 5791 ιστω
590 5736 947 5807 ἀνέγκλητος.
980 5739 1087 5792 Καὶ
1130 5741 1159 5793 ὁ
1193 5743 1592 5812 μεταστρέφων
1631 5744 1854 5799 ἐπίσκο-

1951 3228 2266 3290 tempestate
2295 3219 2569 3275 Oceidenti
2625 3218 2890 3290 praeerat)
2945 3219 3177 3275 condita:
3224 3217 3396 3274 fuere.
3453 3218 3518 3274 Si

1949 3312 2070 3381 quis
2087 3313 2249 3383 igitur
2281 3315 2586 3382 episcopus,
2608 3313 2779 3382 inquit
2807 3328 3002 3378 canon,
3030 3321 3150 3383 post
3186 3312 3330 3383 leges
3359 3313 3518 3377 latas,

1949 3402 2126 3458 locum
2171 3404 2432 3472 aliquem,
2467 3403 2754 3473 regionemk
2781 3404 3034 3459 videlicet
3073 3412 3159 3458 aut
3188 3405 3478 3475 parmciam
3504 3447 3521 3473 ,

1950 3494 2175 3564 ejusque
2204 3494 2302 3549 loci
2334 3494 2613 3563 populum,
2651 3495 2902 3551 Ecclesia}
2934 3495 3218 3551 catholica:
3256 3495 3525 3566 adiunxe-

1953 3591 2046 3657 rit,
2079 3605 2305 3659 eamque
2326 3589 2598 3658 regionem
2630 3587 2848 3643 triennii
2882 3588 3060 3657 spatio
3109 3589 3321 3643 nemine
3361 3603 3528 3658 repu-

1954 3690 2151 3751 gnante
2182 3682 2504 3746 obtinuerit,
2535 3697 2601 3737 ex
2630 3696 2695 3736 eo
2736 3691 2976 3750 tempore
3032 3681 3201 3750 ipsius
3234 3681 3373 3745 erit,
3425 3683 3529 3737 hoc

1951 3780 2070 3835 est,
2104 3771 2342 3834 nemini,
2373 3781 2431 3824 ut
2458 3786 2580 3825 eum
2608 3772 2786 3827 locum
2821 3772 2923 3826 sibi
2968 3774 3225 3827 vendicet
3248 3811 3263 3836 ,
3322 3772 3530 3843 judicio

1952 3863 2185 3927 experiri
2211 3862 2412 3917 licebit.
2447 3862 2505 3916 Si
2541 3873 2719 3917 tamen
2750 3864 2868 3929 ejus
2891 3862 3260 3933 episcopatus,
3282 3865 3348 3919 ad
3368 3879 3528 3934 quem

1953 3953 2103 4009 lucus
2126 3954 2215 4010 ille
2262 3956 2535 4024 pertinere
2562 3955 2781 4019 dicitur,
2819 3954 2999 4009 nullus
3029 3970 3094 4010 eo
3139 3965 3381 4026 tempore
3417 3957 3531 4027 epi-

1954 4057 2151 4111 scopus
2197 4044 2444 4099 exstabat
2496 4043 2647 4099 illum
2704 4046 3114 4110 vendicaturns,
3179 4047 3270 4100 sed
3307 4047 3528 4103 viduata

1955 4134 2210 4206 praefecto
2238 4134 2478 4191 Ecclesia
2523 4138 2775 4203 vacabat,
2831 4153 2939 4192 non
2982 4138 3421 4208 praajudicabitur
3473 4142 3526 4194 in

1957 4224 2270 4292 tuatricula;
2304 4226 2408 4281 hoc
2435 4235 2538 4292 est,
2574 4229 2827 4297 quamvis
2861 4228 2914 4282 in
2949 4229 3068 4297 ejus
3096 4229 3351 4283 Ecclesiae
3379 4231 3534 4286 tabu-

1956 4316 2058 4380 las,
2084 4330 2206 4386 quze
2232 4330 2358 4370 eum
2383 4316 2617 4371 triennio
2643 4317 2903 4385 possedit,
2936 4318 2981 4372 is
3004 4316 3157 4371 locus
3197 4317 3400 4373 relatus
3437 4318 3530 4383 sit,

1962 4423 2069 4463 non
2113 4418 2292 4462 tamen
2347 4422 2412 4463 ea
2468 4424 2556 4463 res
2621 4410 2975 4479 episcopum,
3021 4408 3184 4481 653
3227 4409 3316 4479 qui
3345 4419 3533 4477 postea

1957 4509 2173 4555 creatus
2200 4498 2384 4565 fuerit,
2442 4500 2641 4566 laedet;
2669 4501 2765 4555 sed
2799 4517 2921 4555 eum
2963 4501 3182 4555 triennii
3213 4501 3391 4570 spatio
3417 4543 3434 4568 ,
3463 4501 3533 4555 ab

1956 4604 2022 4645 eo
2049 4592 2156 4656 die,
2190 4605 2296 4660 quo
2319 4590 2605 4658 episcopus
2628 4589 2805 4645 factus
2838 4600 2946 4655 est,
2976 4591 3338 4655 recensendo,
3376 4604 3531 4660 repe-

1959 4693 2074 4740 tere
2097 4698 2161 4739 ac
2182 4684 2305 4754 jure
2355 4698 2459 4739 suo
2517 4684 2721 4754 poterit
2765 4685 3072 4741 vendicare.
3117 4683 3268 4751 Quod
3318 4685 3534 4754 quidem

1958 4778 2122 4833 etiam
2151 4776 2205 4830 in
2229 4776 2316 4841 iis,
2341 4788 2461 4842 quae
2485 4774 2550 4828 ad
2574 4774 2882 4831 Donatistas
2908 4785 3182 4844 spectant,
3207 4777 3535 4831 servandum

1958 4883 2077 4924 esse
2105 4866 2537 4934 decernitur;ut
2565 4866 2611 4920 si
2667 4868 2793 4934 quis
2839 4865 3103 4920 nimirum
3145 4867 3430 4936 episcopus
3467 4882 3536 4923 ex

1958 4977 2023 5018 eo
2051 4976 2277 5018 numero
2305 4974 2363 5017 se
2387 4974 2602 5016 rursum
2642 4962 2707 5015 ad
2743 4960 2996 5017 Ecclesiae
3048 4963 3332 5017 catholica:
3359 4964 3538 5019 unita-

1961 5064 2069 5108 tem
2098 5051 2424 5126 aggregarit,
2452 5051 2604 5121 cujus
2635 5051 2872 5120 aliquam
2913 5051 3190 5124 regionem
3234 5055 3373 5110 alius
3414 5055 3538 5127 epi-
3630 5094 3631 5097 η

1959 5159 2156 5214 scopns
2185 5144 2482 5211 detinebat,
2502 5142 2615 5199 loca
2656 5146 2722 5198 ad
2748 5142 3043 5201 Ecclesium
3080 5161 3233 5202 suam
3265 5151 3539 5218 pertinen—

1961 5235 2055 5301 tia,
2082 5236 2244 5290 trium
2286 5249 2553 5289 annorum
2603 5235 2912 5303 intervallo,
2941 5249 3005 5293 ex
3057 5253 3166 5309 quo
3196 5255 3320 5295 cum
3350 5239 3540 5297 Eccle-

1960 5328 2047 5383 sia
2103 5328 2158 5381 iu
2212 5327 2440 5396 gratiam
2493 5326 2691 5394 rediit,
2758 5331 3036 5398 repetendi
3113 5330 3312 5389 habeat
3364 5333 3539 5389 facul-

1965 5431 2018 5474 ta
2027 5428 2153 5475 tem.
2650 5458 2653 5461 -
3496 5439 3505 5446 '

1961 5556 2187 5614 AleT.
2225 5575 2243 5609 ι
2286 5554 2385 5622 Qui
2413 5556 2684 5627 regionem
2717 5556 2784 5611 ad
2812 5557 3174 5613 orthodoxam
3211 5556 3368 5612 ﬁdem
3396 5572 3533 5614 con-

2041 5669 2061 5704 ι
2100 5650 2286 5713 vertit.
2320 5658 2374 5705 et
2404 5664 2722 5705 conversam
2755 5665 2853 5719 per
2884 5651 3177 5705 triennium
3214 5650 3440 5717 detinet,
3468 5652 3541 5707 sit

2039 5762 2058 5797 ι
2103 5754 2254 5800 extra
2285 5743 2499 5811 cuipam
2538 5758 2552 5794 :
2584 5751 2639 5800 et
2668 5743 2952 5812 episcopus
2981 5758 3012 5800 a
3047 5741 3254 5799 Donato
3299 5757 3536 5801 convcr-
