3944 6386
475 341 584 407 337

556 473 572 502 ε
613 465 725 511 sus,
759 448 802 508 si
836 447 976 501 intra
1010 447 1323 510 triennium,
1371 459 1398 498 a
1445 458 1552 516 quo
1604 457 1898 498 conversus
1952 451 2051 507 cst,
2088 446 2128 502 Α

555 561 573 593 ι
611 552 839 609 repetat,
860 542 981 611 jure
1015 549 1156 610 agat.
1181 560 1200 593 ι

556 639 689 688 Ante
738 635 884 701 leges
951 630 1348 702 imperatm‘ias,
1406 636 1858 698 quemadmodum
1901 644 1956 689 et
2005 651 2056 688 .n

476 726 776 783 centesimo
818 725 1028 779 decimo
1075 728 1304 794 septimo
1350 743 1558 784 canone
1605 731 1869 798 scriptum
1935 739 2056 793 est,

477 821 522 874 si
552 820 674 890 quis
701 818 986 888 episcopus
1034 819 1103 873 ab
1146 818 1340 874 hmresi
1370 820 1548 888 aliqua
1584 822 1650 874 ad
1687 820 1843 873 [idem
1873 821 2060 873 ortho-

480 911 674 964 doxam
702 910 1000 978 paroseiam
1043 909 1277 977 aliquam
1310 909 1596 973 Convertit,
1631 910 1699 962 ab
1721 925 1786 962 eo
1819 922 2060 974 tempore

474 1015 598 1055 eam
640 1001 973 1069 possidebat,
1011 1011 1066 1053 et
1092 1015 1194 1053 non
1225 1010 1438 1069 poterat
1467 1001 1741 1069 quispiam
1775 1001 2060 1069 episcopo-

481 1108 622 1155 rum,
660 1093 724 1144 ad
762 1106 923 1161 quem
949 1091 1201 1145 dimcesis
1234 1091 1322 1143 illa
1365 1092 1696 1159 pertinebat,
1729 1108 1848 1146 eam
1906 1107 2057 1144 revo-

477 1198 626 1236 care.
653 1185 720 1236 At
745 1190 864 1250 post
895 1183 1041 1250 leges
1069 1182 1134 1235 de
1165 1196 1229 1234 eo
1252 1181 1409 1246 latas,
1446 1183 1654 1253 synodo
1685 1181 1887 1252 placuit
1911 1198 2058 1248 eum,

476 1273 568 1340 qui
610 1273 886 1341 regionem
921 1272 1160 1339 aliquam
1213 1271 1279 1325 ad
1325 1271 1484 1324 ﬁdem
1523 1273 1884 1327 orthodoxam
1925 1288 2058 1326 con-

486 1364 664 1429 vertit,
699 1374 750 1418 et
788 1378 882 1432 per
913 1363 1207 1416 triennium
1237 1378 1354 1416 eam
1396 1365 1655 1428 possedit,
1690 1379 1718 1416 a
1755 1364 1970 1419 nemine
2000 1375 2060 1418 ut

476 1469 596 1508 eam
625 1465 908 1523 repetente
927 1453 1172 1508 molestia
1191 1454 1443 1507 allectum
1462 1455 1792 1524 inculpatum
1814 1471 2057 1521 manere,

475 1558 531 1601 et
557 1561 675 1600 eam
712 1547 780 1599 ab
812 1546 916 1598 isto
954 1560 1060 1596 non
1089 1545 1323 1612 amplius
1363 1545 1570 1612 repeti,
1629 1545 1671 1598 si
1731 1545 1868 1600 intra
1903 1546 2062 1599 trien-

479 1639 628 1690 nium
656 1637 864 1691 exstitit
893 1637 1202 1706 cpiscopns,
1239 1636 1327 1704 qui
1359 1652 1476 1689 eam
1507 1647 1794 1704 repeteret,
1818 1647 1871 1692 et
1901 1639 2058 1707 quieo

479 1729 578 1782 vit.
611 1727 666 1782 Si
702 1729 845 1782 enim
901 1729 1155 1791 ecclesia,
1192 1745 1311 1797 qua:
1362 1730 1417 1782 in
1455 1729 1732 1797 regionem
1793 1731 1940 1783 illam
1988 1729 2056 1783 ab

483 1821 674 1872 haeresi
709 1835 1052 1882 conversam,
1090 1819 1178 1885 jus
1229 1819 1409 1882 habet,
1447 1821 1704 1889 episcopo
1760 1821 2056 1885 vacaverit,

482 1912 710 1982 proinde
736 1912 1015 1965 triennalis
1029 1927 1224 1966 cursus
1247 1913 1294 1966 ei
1327 1915 1560 1976 nocebit,
1591 1923 1874 1982 postquam
1918 1915 1969 1968 in
1995 1929 2058 1971 ea

482 2003 540 2058 lit
572 2005 876 2071 episcOpns.
925 2004 1030 2058 Sed
1059 2015 1114 2058 et
1161 2005 1394 2072 partecia
1431 2005 1609 2074 aliqua
1654 2005 2058 2061 Donatistarum

476 2096 742 2166 episcopi,
769 2097 812 2149 si
842 2095 907 2170 ad
942 2096 1268 2149 catholicam
1325 2095 1627 2152 Ecclesium
1684 2109 2057 2164 convertatur,

478 2203 534 2246 et
557 2191 625 2245 ab
648 2206 712 2245 eo
742 2189 833 2258 qui
866 2189 1040 2258 ipsam
1075 2189 1139 2243 ad
1177 2190 1334 2243 iidem
1377 2191 1648 2245 convertit
1694 2191 2056 2246 orthodoxam

481 2282 570 2336 diu
601 2280 825 2335 detenta
855 2279 992 2342 fuit;
1031 2289 1214 2348 postea
1257 2292 1435 2334 autem
1490 2291 1545 2335 et
1606 2282 1717 2351 ipse
1779 2281 2059 2337 Donatista

477 2373 772 2441 episcopus
799 2371 865 2423 ad
896 2368 1016 2422 ﬁdei
1067 2369 1360 2424 Catholicae
1388 2373 1598 2425 accedit
1651 2373 1905 2428 unionem
1933 2392 1946 2427 :
1981 2375 2017 2430 li
2037 2403 2062 2416 —

482 2463 628 2518 cebit
653 2463 701 2517 ei
736 2463 878 2516 intra
929 2460 1248 2527 triennium,
1281 2477 1310 2515 a
1341 2477 1447 2532 quo
1494 2477 1789 2518 conversus
1820 2475 1921 2531 est,
1967 2481 2063 2534 pa-

486 2554 708 2608 ruaeiam
775 2554 843 2610 ad
913 2554 1168 2609 thronum
1245 2569 1404 2610 suum
1472 2555 1832 2624 pertinentem
1897 2572 2060 2612 revo-

482 2662 626 2704 care.

1039 2914 1269 2972 CANON
1303 2913 1494 2974 CXXI.

489 3026 510 3062 ι
556 3006 631 3063 De
663 3007 729 3064 iis
758 3007 854 3078 qui
884 3008 1152 3064 invadunt
1180 3010 1431 3081 populos,
1473 3027 1613 3081 quos
1656 3022 1852 3081 putant
1900 3029 1966 3069 ao
2001 3034 2062 3072 se

561 3120 581 3154 ι
619 3102 921 3172 pertinere,
954 3114 1154 3172 pratter
1193 3104 1524 3158 voluntatem
1576 3120 1766 3160 eorum
1801 3107 1894 3177 qui
1944 3107 2064 3162 illos
2091 3121 2135 3178 ο

560 3212 581 3247 ι
623 3196 924 3266 possident.
955 3195 1219 3251 Similiter
1254 3195 1476 3265 placuit,
1513 3206 1572 3253 ut
1602 3199 1915 3270 quicunque
1942 3201 2059 3268 epi-

563 3307 584 3341 ‹
620 3289 768 3357 scopi
812 3288 1059 3358 populos,
1089 3303 1226 3357 quos
1257 3289 1326 3343 ad
1374 3305 1528 3345 suam
1564 3293 1747 3346 sedem
1793 3293 2066 3362 pertinere

565 3401 582 3433 ι
625 3383 963 3445 existimant,
997 3397 1102 3436 non
1139 3382 1211 3436 ita
1242 3393 1514 3452 repetant,
1553 3395 1609 3438 ut
1635 3385 1756 3438 aliis
1795 3387 2066 3455 episcopis

563 3496 580 3528 ε
615 3475 986 3546 jndicantibus
1012 3476 1117 3531 hoc
1167 3487 1364 3546 agant,
1411 3479 1504 3530 sed
1555 3477 1802 3546 populos,
1851 3479 1940 3546 qui
1997 3477 2066 3531 ab

563 3585 580 3618 ι
623 3565 748 3620 aliis
777 3565 1110 3631 detinentur,
1144 3567 1423 3632 invadant,
1459 3567 1574 3621 sive
1601 3568 1769 3622 velint
1814 3567 1931 3623 sive
1975 3584 2066 3623 no.

565 3674 585 3708 ι
622 3655 744 3720 ιῑηι,
780 3669 960 3710 causa:
989 3669 1100 3712 sua:
1127 3656 1341 3726 jactura
1375 3657 1672 3713 multentur
1700 3676 1715 3714 :
1751 3665 1806 3712 et
1833 3660 2065 3728 quicun-

562 3766 581 3800 ι
619 3762 724 3818 que
748 3746 934 3816 utique
963 3749 1068 3802 hoc
1102 3747 1368 3812 fecerunt,
1395 3749 1441 3803 si
1472 3763 1576 3804 non
1612 3750 1752 3805 inter
1779 3750 2064 3820 episcopos

562 3860 582 3894 ι
615 3857 884 3898 consensu
917 3842 1194 3911 negotium
1239 3844 1478 3910 ﬁniatur,
1527 3845 1620 3900 sed
1656 3847 1835 3901 adhuc
1887 3844 1956 3900 de
1998 3860 2065 3900 eo

562 3953 581 3988 ι
626 3935 989 4002 contendant;
1027 3935 1075 3990 is
1102 3935 1169 3989 ab
1204 3951 1270 3991 eo
1302 3936 1566 4002 discedat,
1603 3954 1760 4008 quem
1780 3947 2060 3994 ostensum

559 4046 580 4080 ι
617 4026 782 4082 fuerit
831 4027 1094 4096 neglectis
1139 4026 1416 4094 iudicibus
1441 4029 1829 4086 ecclesiasticis
1857 4033 1908 4084 in
1937 4046 2061 4084 eum

561 4138 579 4172 ι
617 4122 874 4190 impetum
898 4119 1118 4175 fecisse.
1151 4120 1262 4175 Nec
1284 4120 1390 4176 sibi
1423 4122 1691 4191 quispiam
1725 4123 2061 4188 blandiatur,

558 4227 580 4262 ι
623 4211 668 4266 si
702 4225 732 4264 a
763 4210 998 4278 primate
1026 4210 1093 4266 de
1129 4211 1456 4280 possidendo
1504 4211 1717 4266 litteras
1765 4213 2058 4280 acceperit.

563 4319 584 4354 ι
624 4299 731 4356 Sed
754 4300 871 4357 sive
901 4299 1098 4354 habeat
1149 4299 1381 4364 litteras,
1411 4299 1526 4355 sive
1577 4316 1706 4363 non,
1765 4300 2063 4355 conveniat

563 4409 585 4444 ι
618 4404 744 4446 eum
773 4389 863 4458 qui
889 4389 1150 4460 possidet,
1185 4400 1239 4445 et
1267 4390 1337 4444 ab
1361 4404 1426 4444 eo
1461 4389 1671 4444 litteras
1695 4389 1928 4458 accipiat
1953 4407 1967 4453 ;
2003 4398 2062 4442 ut

559 4501 581 4537 ι
619 4482 667 4539 is
707 4482 954 4538 videatur
1004 4482 1248 4553 paciﬂce,
1295 4497 1414 4551 qua:
1459 4481 1525 4534 ad
1585 4482 1760 4550 ipsum
1799 4482 2054 4549 pertinet,
2090 4475 2136 4535 D

561 4595 581 4629 ι
617 4573 916 4630 Ecclesiam
977 4574 1302 4644 possidere:
1339 4574 1421 4627 sin
1469 4580 1650 4626 autem
1705 4573 1794 4628 ille
1848 4585 2065 4628 contra-

463 4655 478 4662 ’
559 4685 580 4719 ι
627 4668 763 4722 riam
793 4668 1149 4738 quaestionem
1207 4665 1448 4732 referat;
1489 4667 1608 4735 ipsa
1653 4681 1867 4736 quoque
1915 4667 2063 4720 inter

560 4777 580 4810 ι
619 4759 905 4829 episcopos
931 4757 1235 4825 jttdicantes
1265 4757 1502 4821 liniatur,
1551 4757 1666 4811 sive
1693 4772 1827 4825 quos
1859 4757 2064 4825 primas

565 4866 584 4900 ι
621 4850 669 4902 ei
699 4848 925 4911 dederit,
965 4847 1080 4902 sive
1102 4860 1242 4915 quos
1281 4846 1382 4915 ipsi
1418 4845 1624 4900 vicinos
1662 4861 1933 4902 consensu
1970 4847 2073 4898 de-.

560 4955 582 4992 ι
626 4940 872 5010 legerint.
912 4955 930 4988 ι

558 5229 754 5284 BALS.
799 5230 908 5284 Lex
960 5242 1175 5299 quoque
1227 5229 1404 5283 civilis
1454 5231 1668 5294 statuit,
1705 5231 1885 5300 utqui
1940 5232 2061 5287 sine

487 5321 834 5387 magistratus
860 5321 1191 5373 auctoritate
1222 5335 1332 5372 rem
1366 5319 1638 5388 propriam
1669 5320 1980 5386 abstulerit,
2009 5326 2059 5378 is

485 5415 553 5466 ab
588 5428 652 5466 ea
688 5414 926 5467 excidat.
958 5412 1203 5468 Praesens
1227 5430 1444 5484 quoque
1477 5430 1652 5469 canon
1697 5417 1967 5481 decernit,
2007 5427 2064 5472 ut

485 5507 574 5574 qni
609 5521 667 5558 se
696 5506 866 5576 plebis
891 5506 971 5560 vel
1006 5507 1242 5576 regionis
1269 5507 1362 5576 jus
1391 5509 1594 5562 habere
1621 5509 1959 5576 existimant,
1993 5526 2059 5565 ne

484 5609 604 5649 eam
643 5611 736 5649 sua
768 5598 1092 5651 auctoritate
1119 5600 1543 5665 apprehendant,
1581 5603 1694 5656 sive
1744 5604 1848 5658 hoc
1893 5603 2060 5656 velint

488 5686 690 5756 p0pnli,
716 5688 829 5742 sive
857 5689 1059 5756 nolint;
1094 5689 1189 5744 sed
1228 5706 1346 5760 qua:
1373 5691 1440 5744 ab
1472 5693 1594 5746 aliis
1619 5693 1890 5762 episcopis
1919 5693 2059 5746 deti-

490 5788 711 5846 nentur,
746 5781 1011 5850 ejusmodi
1046 5783 1313 5854 regiones,
1347 5799 1468 5841 cum
1523 5786 1811 5855 episcopali
1853 5786 2060 5854 judicio

1743 326 1786 388 T
1801 325 2023 388 llEOD.
2067 319 2468 389 BALSAMON

3599 325 3692 389 383

2239 461 2257 492 ι
2300 458 2398 503 πός
2428 438 2537 494 ἀπδ
2569 437 2825 503 Δονάτου,
2859 435 2903 488 εἰ
2934 433 3083 496 ἐντὸς
3127 431 3365 503 τριετίας
3397 433 3486 502 ἀφ’
3511 429 3567 492 οὗ
3617 441 3699 494 ἐπ·

2242 554 2258 584 ι
2299 533 2564 605 έστρεψεν
2587 531 2808 600 ἐνάγει,
2839 528 3105 596 ἀναγέτω.

2233 625 2346 695 Πρὸ
2377 625 2476 694 μὲν
2508 623 2617 676 τῶν
2649 620 2946 692 βασιλικῶν
2983 619 3188 689 νόμων,
3215 617 3394 683 καθὼς
3422 620 3512 672 καὶ
3538 622 3590 674 ἐν
3636 623 3702 693 τῷ

2167 717 2449 786 ἑκατοστῷ
2508 713 2960 782 ἑπτακαιδεκάτῳ
3015 712 3200 765 κανόνι
3255 711 3488 782 ἐγράφη,
3534 712 3585 763 εἴ
3631 729 3704 777 τις

2161 811 2465 868 ἐπίσκοπος
2495 805 2602 860 ἀπὸ
2633 805 2905 875 αἱρέσεώς
2932 821 3076 868 τινος
3119 803 3199 867 εἰς
3233 803 3533 873 δρθοδοξίαν
3594 821 3704 872 μετ-

2163 900 2395 969 έστρεφε
2429 897 2727 968 παροικίαν
2746 898 2888 960 τινὰ,
2923 897 3145 964 κατεῖχε
3168 897 3370 963 ταύτην
3387 895 3708 962 ἀπεντεῦθεν,

2162 994 2257 1042 καὶ
2296 991 2396 1043 οὐκ
2426 989 2659 1057 ἡδύνατό
2687 1005 2772 1050 τις
2806 986 2916 1038 τῶν
2960 985 3300 1049 ἐπισκόπων,
3333 976 3481 1050 ᾧτινι
3530 985 3562 1052 ἠ
3609 1001 3710 1035 τοι⁴

2162 1084 2304 1153 αύτη
2338 1082 2505 1150 ἀνῆκε
2547 1080 2834 1150 διοίκησις,
2887 1076 3282 1132 ἀνακαλεῖσθαι
3340 1075 3521 1145 αὑτήν.
3575 1075 3713 1128 Μετὰ

2162 1176 2218 1228 δὲ
2254 1177 2377 1237 τοὺς
2411 1179 2536 1243 περὶ
2580 1173 2771 1226 τούτου
2833 1172 3032 1238 νόμους
3081 1170 3246 1239 ἤρεσε
3288 1171 3353 1239 τῇ
3395 1169 3590 1238 συνόδῳ
3635 1169 3713 1221 τὸν

2170 1268 2628 1338 μεταστρέψαντα
2659 1268 2739 1328 είς
2785 1267 2885 1335 τὴν
2915 1263 3233 1334 ὀρθοδοξίαν
3259 1263 3443 1332 χώραν
3471 1265 3606 1325 τινὰ,
3634 1263 3714 1314 καὶ

2161 1361 2256 1412 ἐπὶ
2287 1359 2528 1426 τριετίαν
2591 1357 2936 1426 κατατχόντα
2988 1355 3182 1423 αὐτὴν,
3259 1353 3334 1423 μὴ
3403 1351 3548 1419 παρά
3589 1366 3715 1412 τινος

2160 1449 2486 1519 ὀχληθέντα,
2520 1448 2594 1511 ὡς
2613 1448 2819 1517 ταύτην
2856 1445 3331 1516 ἀναζητήσαντος,
3372 1445 3548 1512 μένειν
3578 1440 3717 1508 ἀνέγ-

2161 1543 2382 1613 κλητον,
2416 1543 2513 1594 καὶ
2549 1539 2750 1609 μηκέτι
2778 1538 2985 1607 ταύτην
3011 1534 3405 1603 ἀναζητεῖσθαι
3433 1533 3523 1586 ἀπ’
3551 1531 3716 1595 αὐτοῦ,

2162 1635 2322 1703 εἰπερ
2345 1634 2496 1691 ἐντὸς
2522 1633 2621 1702 τῆς
2657 1631 2903 1700 τριετίας
2949 1628 3198 1698 ὑπῆρχεν
3225 1627 3522 1690 ἐπίσκοπος
3553 1627 3578 1678 ὁ
3607 1624 3720 1694 μέλ-

2162 1725 2269 1780 λων
2297 1725 2642 1794 ἀναζητῆσαι
2682 1725 2874 1794 αὐτὴν,
2909 1721 3007 1776 καὶ
3038 1722 3337 1792 ἡσύχασεν.
3372 1720 3432 1772 El
3475 1719 3577 1788 γὰρ
3605 1716 3718 1786 ἐχή-

2166 1837 2324 1893 ρευεν
2357 1815 2658 1873 ἐπισκόποΰ
2697 1819 2730 1888 ἡ
2766 1816 3058 1886 ἐκκλησία,
3091 1816 3123 1884 ἡ
3161 1811 3520 1883 δικαιουμένη
3548 1811 3630 1862 ἐπὶ
3661 1810 3715 1878 τῇ

2162 1911 2318 1984 χώρα
2347 1911 2532 1982 ἐκείνῃ
2558 1913 2624 1980 τῇ
2654 1909 2763 1963 ἀπὸ
2792 1911 2892 1980 τῆς
2933 1910 3202 1978 αἱρέσεως
3286 1902 3720 1976 μεταστραφείη,

2163 2005 2350 2056 ἔκτοτε
2420 2005 2453 2074 ὴ
2497 2000 2828 2072 παραδρομὴ
2885 1999 2980 2053 τοῦ
3016 1997 3266 2070 τριετοῦς
3333 1997 3524 2066 χρόνου
3575 1993 3719 2048 αὑτὸν

2168 2093 2385 2166 βλάψει,
2421 2094 2554 2164 μεθὸ
2589 2093 2819 2162 γένηται
2847 2090 2936 2144 ἐπ’
2963 2091 3099 2160 αὐτῇ
3118 2089 3438 2151 ἐπίσκοπος.
3460 2085 3613 2139 Ἀλλά
3641 2081 3723 2137 καὶ

2167 2185 2431 2256 παροικία
2477 2203 2559 2248 τις
2595 2185 2898 2237 ἐπισκόπου
2927 2184 3036 2235 τῶν
3091 2181 3456 2244 Δονατιστῶν,
3487 2181 3576 2233 ἐὰν
3607 2175 3725 2246 πρὸς

2162 2279 2261 2348 τὴν
2287 2277 2592 2336 καθολικὴν
2638 2277 2986 2348 μεταστρέψῃ
3035 2276 3392 2346 Ἐκκλησίαν,
3421 2275 3514 2328 καὶ
3569 2286 3722 2326 κατα·

2166 2370 2329 2440 σχεθῇ
2361 2369 2458 2422 ἐπὶ
2491 2370 2660 2423 πολὺν
2686 2369 2878 2440 χρόνον
2917 2371 3068 2440 παρὰ
3123 2367 3219 2422 τοῦ
3275 2365 3726 2439 μεταστρέψαντος

2165 2464 2334 2532 αὐτὴν
2355 2465 2436 2525 εἰς
2458 2464 2558 2531 τὴν
2584 2461 2930 2529 ὀρθοδοξίανο
2968 2456 3087 2515 εἶτα
3131 2461 3416 2531 προσέλθῃ
3444 2461 3509 2528 τῇ
3536 2455 3726 2524 ἑνότητι

2164 2556 2265 2622 τῆς
2290 2551 2588 2620 καθολικῆς
2621 2551 2859 2614 πίστεως
2885 2552 2978 2604 καὶ
3010 2554 3036 2604 ό
3066 2550 3406 2614 Δονατιστὴς
3427 2548 3724 2605 ἐπίσκοπος.

2164 2647 2381 2710 ἐξέσται
2420 2645 2567 2715 αύτῷ
2617 2647 2767 2708 ἐντὸς
2801 2646 3067 2715 τριετίας,
3132 2647 3226 2714 ἀφ’
3264 2639 3326 2698 οὗ
3389 2637 3726 2711 ὑπέστρεψενο

2167 2735 2562 2789 ἀνακαλεῖσθαι
2594 2736 2692 2805 τὴν
2731 2736 3046 2806 ἀνήκουσαν
3073 2736 3150 2806 τῷ
3185 2735 3372 2805 θρόνῳ
3402 2730 3562 2785 αὑτοῦ
3605 2743 3730 2796 παρ·

2165 2829 2359 2885 οικίαν.

2722 2920 2962 2974 ΚΑΝΩΝ
3008 2919 3190 2975 PKA'.

2175 3034 2195 3067 '
2233 3011 2368 3086 Περἱ
2395 3015 2506 3068 τῶν
2530 3017 2642 3076 τοῖὶ
2667 3014 2839 3078 λαοῖς,
2860 3013 2954 3076 οὓς
2994 3015 3324 3081 νομίζνιυσιν
3382 3012 3562 3072 αὐτοῖς
3611 3005 3732 3073 ὰνὴ⁴

2244 3124 2262 3159 ι
2301 3123 2440 3171 κειν,
2469 3105 2868 3160 ἐπιϐαινόντων
2917 3104 3071 3173 παρὰ
3119 3102 3363 3174 γνώμην
3409 3103 3518 3156 τῶν
3557 3097 3733 3156 αὐτοὺς

2245 3220 2262 3252 ι
2301 3199 2665 3267 κατεχόντων.
2709 3197 2948 3266 Ὀμοίως
3005 3197 3228 3268 ἧρεσεν,
3304 3199 3392 3250 ἵνα
3455 3193 3734 3262 οῐοιδήποτε

2245 3313 2263 3346 ι
2301 3295 2594 3346 ἐπίσκοποι
2625 3295 2693 3346 τὰ
2733 3291 2936 3362 πλήθη,
2989 3290 3026 3344 ἃ.
3076 3289 3377 3358 νομίζουσι
3455 3291 3531 3360 τῴ
3577 3286 3734 3356 θρόνῳ

2247 3406 2265 3437 ι
2307 3387 2492 3438 αὐτῶν
2542 3387 2786 3454 ἀνήκειν,
2834 3384 2910 3454 μὴ
2956 3384 3132 3448 οὕτως
3181 3386 3555 3454 ἁναζητῶσιν,
3607 3379 3732 3432 ὥστε

2247 3497 2265 3530 ι
2304 3479 2480 3532 ἄλλων
2522 3478 2839 3530 ἐπισκόπων
2889 3480 3194 3546 κρινόντων
3253 3479 3414 3532 τοῦτο
3469 3476 3730 3546 πράττεν.

2199 3569 2201 3574 “
2249 3589 2266 3622 ι
2311 3570 2560 3624 amore.
2611 3571 2801 3639 ἐτέρου
2868 3571 3270 3641 κατεχομένοις
3324 3571 3590 3624 ὲπέλθωσι
3635 3564 3734 3624 τοῖς

2254 3687 2271 3716 ι
2313 3666 2484 3729 λαοῖς,
2522 3663 2633 3717 εἴτε
2677 3663 2920 3717 θέλουσιν
2945 3663 3055 3715 εἴτε
3101 3665 3179 3734 μὴ
3221 3665 3466 3724 θέλουσι,
3497 3660 3588 3715 τοῦ
3618 3658 3733 3712 ἰδίου

2245 3776 2262 3808 ι
2307 3761 2636 3828 πράγματος
2664 3755 2764 3826 τὴν
2799 3755 3006 3826 ζημίαν
3035 3757 3418 3823 ὑπομείνωσιν
3441 3772 3457 3788 ⁸
3493 3753 3588 3808 καὶ⁸
3614 3750 3735 3805 oin-

2245 3866 2264 3898 ι
2302 3864 2388 3910 νες
2420 3846 2622 3916 δήποτε
2645 3845 2807 3898 τοῦτο
2831 3845 3119 3912 ἐποίησαν,
3151 3848 3200 3899 εί
3241 3849 3374 3918 μὴὴ
3411 3845 3612 3917 μεταξὺ
3640 3840 3736 3894 τῶν

2249 3960 2266 3993 ι
2305 3943 2624 3995 ἐπισκόπων
2669 3939 2974 4003 συναίνεσις
3012 3941 3367 4012 ἐπερατώθη,
3404 3941 3518 3995 ἀλλ’
3569 3938 3738 4008 ἀκμὴν

2239 4053 2258 4087 ι
2300 4034 2549 4105 περὶτοῦ
2574 4031 2741 4086 αὐτοῦ
2791 4033 3218 4100 φιλονεικοῦσιν,
3276 4037 3498 4098 ἐκεῖνος
3541 4031 3736 4097 ἀποστῇ

2241 4144 2260 4176 ι
2293 4127 2525 4188 ἐκεῖθεν,
2594 4126 2725 4195 περὶ
2785 4120 2846 4177 οὗ
2878 4125 3140 4195 δειχθείη,
3193 4129 3280 4182 ὅτι
3316 4127 3600 4198 παρεάσας
3630 4123 3741 4184 τοὺς

2248 4235 2267 4268 ι
2302 4217 2799 4285 ἐκκλησιαστικοὺς
2825 4214 3089 4278 δικαστὰς
3121 4215 3314 4284 ἔφοδον
3339 4220 3620 4288 ἐποίησεν.
3644 4215 3742 4265 Καὶ

2241 4329 2258 4361 ι
2298 4308 2372 4380 μὴ
2400 4309 2594 4362 ἑαυτόν
2621 4326 2708 4370 τις
2731 4309 3065 4379 κολακεύσῃ,
3090 4311 3140 4361 εί
3166 4310 3234 4361 ἐκ
3263 4310 3362 4362 τοῦ
3386 4308 3741 4380 πρωτεύοντος

2241 4422 2258 4454 ι
2301 4403 2609 4473 γράμματα
2643 4401 2773 4470 περὶ
2803 4401 2898 4453 τοῦ
2932 4401 3189 4470 κατέχειν
3214 4401 3440 4455 ἐλαϐεν.
3483 4400 3621 4454 Ἀλλ’
3644 4397 3743 4450 εἴτε

2239 4517 2256 4548 ι
2294 4499 2604 4566 γράμματα
2654 4495 2791 4565 ἔχει,
2835 4495 2948 4547 εἴτε
2994 4496 3096 4548 οὐκ
3183 4495 3329 4566 ἔχει,
3397 4494 3630 4565 συνέλθῃ
3675 4489 3743 4558 τῷ

2235 4608 2257 4641 ι
2295 4591 2604 4660 κατέχοντι,
2649 4589 2745 4642 καὶ
2795 4589 2929 4658 παρ’
2978 4586 3146 4639 αὐτοῦ
3200 4589 3522 4658 γράμματα
3581 4585 3744 4646 λάΰοι,

2246 4703 2263 4734 ι
2305 4683 2448 4735 ὥστε
2498 4683 2738 4751 φανῆναι
2762 4680 2950 4734 τοῦτον
2989 4681 3288 4751 εἰρηνικῶς
3319 4685 3424 4752 τὴν
3451 4681 3601 4750 αὐτῷ
3625 4679 3749 4746 ἀνή·

2247 4793 2265 4824 ι
2303 4790 2508 4825 κουσαν
2539 4771 2794 4839 κατέχειν
2851 4770 3185 4843 ἐκκλησίαν·
3247 4775 3350 4826 ὲάν
3393 4775 3453 4828 δὲ
3511 4773 3752 4832 κάκεῖνός

2246 4885 2264 4918 ι
2298 4883 2419 4918 τινα
2456 4863 2688 4934 ζήτησιν
2715 4864 3087 4935 ἀντεναγάγῃ,
3124 4866 3214 4917 καὶ
3255 4866 3402 4937 αὑτὴ
3459 4862 3742 4936 περατωθῇ

2246 4979 2264 5008 ε
2303 4959 2508 5027 μεταξὺ
2543 4956 2862 5011 ἐπισκόπων
2895 4961 3213 5029 κρινόντων,
3256 4959 3381 5011 εἴτε
3425 4958 3522 5022 οὒς
3551 4961 3578 5011 ὁ
3613 4972 3751 5023 πρω-

2245 5071 2264 5102 ι
2300 5051 2473 5104 τεύων
2513 5052 2700 5113 αὐτοῖς
2752 5051 2848 5122 δῷ,
2903 5051 3014 5103 εἴτε
3068 5050 3162 5113 οὓς
3209 5051 3578 5120 γειτνιῶντας
3618 5043 3751 5101 κατὰ

2243 5161 2263 5193 ι
2299 5143 2606 5194 συναίνεσιν
2634 5140 3015 5206 ἑπιλέξωνται.
3045 5161 3066 5194 ι

2248 5234 2447 5288 ΒΑΛΣ.
2502 5234 2614 5286 Καὶ
2664 5237 2692 5287 ὁ
2744 5230 3024 5296 πολιτικός
3090 5233 3256 5303 νόμος
3315 5233 3617 5305 διορίζεται
3665 5225 3751 5280 τὸν

2167 5325 2422 5395 ἀνάρχως
2448 5325 2508 5378 τὸ
2537 5325 2672 5378 ἴδιον
2703 5327 3043 5394 ἀφελόμενον
3096 5325 3398 5380 ἐκπίπτειν
3433 5325 3624 5382 αὐτοῦ.
3649 5320 3752 5374 Καὶ

2168 5420 2195 5472 ό
2225 5417 2416 5488 παρὼν
2445 5417 2501 5470 δὲ
2535 5416 2717 5469 κανὼν
2745 5417 3039 5487 διορίζεται
3066 5420 3193 5482 τοὺς
3229 5419 3602 5482 ἐπισκόπους,
3634 5414 3751 5472 τοὺς

2167 5508 2486 5578 νομίζοντας
2509 5508 2653 5579 ἔχειν
2680 5509 2887 5563 δέκαιον
2908 5511 3170 5581 πλήθους,
3198 5511 3378 5582 ἤγουν
3409 5513 3648 5580 ἐνορῖαςν
3681 5504 3752 5574 μὴ

2170 5601 2502 5665 αὑθεντικῶς
2532 5602 2954 5673 ἐπιδράττεσθαι
2977 5605 3208 5676 ταύτης,
3238 5605 3347 5658 κᾶν
3373 5605 3573 5658 θέλωσι
3603 5600 3752 5653 τοῦτο

2168 5695 2216 5747 οἱ
2245 5696 2387 5760 λαοὶ,
2418 5697 2522 5750 κᾶν
2552 5696 2628 5766 μὴ
2660 5698 2912 5763 θέλωσιν,
2954 5698 3089 5752 ἀλλά
3139 5700 3372 5769 ἐκνικᾷν
3403 5702 3502 5760 τὰς
3538 5709 3757 5762 κατεχοο

2175 5785 2344 5856 μένας
2386 5787 2517 5858 παρ’
2575 5788 2783 5860 ἐτέρων
2853 5793 3171 5846 ἐπισκόπων
3225 5791 3502 5853 τοιαύτας
3557 5785 3762 5858 ἐνορὶας
