3944 6384
266 312 380 382 ’Ἀῗθ

1310 314 1387 378 IN
1439 313 1607 380 CAN.
1642 310 1826 377 cxxt
1864 310 2091 374 mue.-
2116 309 2496 373 CARTHAG.
2581 294 2587 300 ’

3424 310 3531 377 390

277 433 413 499 μετὰ
473 428 711 498 κρίσεως
767 426 1175 498 ὲπισκοπικῆς·
1233 430 1282 481 εἰ
1358 429 1416 481 δὲ
1472 426 1844 495 αὐτεκδίκητοι

1957 423 2212 484 evincent
2249 442 2262 478 :
2291 423 2373 477 sin
2406 430 2584 490 autem
2613 420 2852 491 sibiipsis
2887 422 2976 491 jus
3002 422 3255 489 dixerint,
3292 428 3369 483 rei
3403 445 3531 500 prm

273 518 562 588 γένωνται,
593 516 799 587 ζημίαν
852 517 1146 586 ὑπομένειν
1178 516 1273 570 τοῦ
1304 516 1457 593 ⁸ἰδίου
1499 517 1855 586 πράγματος,

274 614 441 682 ήγουν
472 611 769 665 ἐκπίπτειν
792 610 887 664 τοῦ
915 609 1119 665 οίκείου
1157 609 1390 664 δικαίου.
1418 610 1590 662 Τοῦτο
1614 610 1669 662 δὲ
1702 609 1857 663 ἔσται

274 703 368 757 καὶ
396 704 478 766 εἰς
507 704 637 765 τοὺς
686 702 826 773 μετὰ
873 700 1251 774 προκάταρξιν
1311 702 1389 772 μὴ
1449 703 1857 771 ἁναμεὶναντας

272 799 367 865 τὴν
401 793 769 864 ὲπισκοπικὴν
794 793 1104 859 δικαίωσιν,
1130 793 1270 847 ἀλλὰ
1293 792 1630 855 αὑθεντικῶς
1652 794 1849 846 ἐπιλα-

273 888 533 954 ϐομένους
561 887 660 955 τῆς
693 884 935 955 ὲνορίας.
985 883 1097 936 Καὶ
1147 883 1224 954 μή
1250 900 1355 946 τις,
1415 883 1597 952 φησὶν,
1662 882 1856 935 ἑαυτὸν

275 977 602 1047 κολακεύσῃ,
620 977 742 1030 ἀντὶ
761 976 882 1040 τοῦ,
902 976 1184 1049 ἀπατήσῃ,
1217 976 1298 1028 ὅτι
1332 975 1396 1028 ἐκ
1420 972 1514 1026 τοῦ
1545 974 1857 1043 πρωτεύον-

272 1090 360 1136 τος
388 1074 505 1142 ἦτοι
536 1070 631 1123 τοῦ
674 1069 1073 1140 μητροπολίτου
1133 1067 1439 1137 γράμματα
1490 1067 1685 1121 ἐλαϐεν
1732 1066 1857 1120 ἐπι-

271 1162 538 1233 τρέποντα
565 1160 713 1228 αὑτῷ
735 1160 834 1227 τὴν
859 1157 958 1212 τοῦ
992 1158 1161 1212 τόπου
1191 1158 1554 1228 κατάσχεσιν.
1590 1157 1711 1209 Είτε
1744 1155 1854 1226 γὰρ

272 1253 384 1322 ἔχει
415 1251 746 1324 γράμματα,
780 1249 891 1303 εἴτε
930 1249 1031 1303 οὐκ
1060 1247 1198 1319 ἔχει,
1228 1251 1277 1302 εἰ
1311 1247 1385 1318 μή
1403 1248 1496 1301 τοῦ
1526 1249 1854 1317 κατέχοντος

158 1334 167 1345 ’
272 1348 361 1399 τὸν
395 1342 525 1396 λαὸν
566 1344 659 1396 τὸν
693 1341 1067 1412 ὲκνικώμενον
1092 1341 1238 1413 λάϐῃ
1300 1341 1628 1409 γράμματα,
1655 1338 1724 1392 δι’
1777 1332 1856 1393 ὧν

272 1436 588 1507 φανήσεται
626 1436 768 1490 κατὰ
800 1436 1031 1502 γνώμην
1062 1433 1271 1486 ἐκείνου
1327 1432 1620 1502 εἰρηνικῶς
1673 1449 1852 1488 κατα-

277 1527 424 1599 σχὼν
458 1529 558 1599 τὴν
587 1525 952 1597 διαφέρουσαν
980 1525 1130 1596 αὐτῷ
1148 1525 1384 1594 ἐνσρίαν,
1418 1524 1737 1579 ἐκπεσεῖται
1759 1523 1853 1577 τοῦ

252 1621 479 1674 δικαίου
514 1618 703 1674 αὐτοῦ.
758 1618 884 1671 Ἐὰν
918 1617 976 1670 δὲ
1036 1619 1132 1671 καὶ
1182 1617 1513 1684 ὲναγόμενος
1553 1612 1849 1688 ἀντενάγῃ,

266 1712 551 1765 τουτέστιν
574 1708 997 1780 ἀνταιτιάσηται
1019 1709 1111 1761 τὸν
1144 1708 1431 1776 ἐνάγοντα,
1476 1707 1563 1761 ἱνα
1593 1709 1687 1761 καὶ
1713 1707 1850 1778 αὕτη

1961 515 2093 584 priae
2124 514 2395 583 jacturam
2418 515 2748 579 §ustineant,
2780 515 2987 573 scilicet
3015 533 3042 570 a
3068 532 3167 570 suo
3214 519 3339 589 jure
3382 524 3534 576 exci-

1956 610 2109 665 dant.
2133 606 2299 680 654
2334 607 2448 662 Hoc
2474 622 2690 678 quoque
2715 610 2796 665 eis
2823 611 3059 673 eveniet,
3107 612 3197 680 qui
3246 623 3368 682 post
3417 630 3535 670 coe-

1957 710 2109 772 ptum
2135 701 2402 769 judicium
2437 701 2795 771 episcopalem
2829 704 3157 760 sententiam
3202 721 3308 761 non
3336 723 3537 778 exspe-

1901 832 1913 845 .
1956 794 2252 859 ctaverint,
2286 795 2381 850 sed
2412 809 2509 850 sua
2544 796 2872 851 auctoritate
2920 798 3192 867 regionem
3231 801 3536 868 apprehen-

1957 885 2158 941 derint.
2189 883 2298 940 Nec
2323 886 2467 955 quis,
2497 887 2695 956 inquit,
2742 887 2845 943 sibi
2897 889 2996 958 ipsi
3060 889 3390 957 blandiatur,
3433 895 3534 949 hoc.

1956 982 2062 1039 est,
2097 975 2335 1043 seipsum
2360 975 2617 1046 decipiat,
2648 978 2794 1047 quod
2825 993 2853 1031 a
2883 978 3114 1047 primate
3140 996 3235 1037 seu
3263 993 3533 1054 metmpo-

1956 1064 2125 1120 iitano
2153 1067 2365 1124 litteras
2395 1072 2665 1137 acceperit
2698 1069 2799 1124 loci
2841 1072 3236 1140 possessionem
3261 1074 3308 1129 ei
3342 1089 3535 1129 ronce—

1956 1159 2167 1214 dentes.
2199 1157 2324 1214 Sive
2344 1159 2489 1215 enim
2518 1161 2717 1216 habeat
2742 1160 2976 1230 litteras,
3012 1163 3126 1219 sive
3166 1179 3275 1219 non
3312 1165 3530 1230 habent,

1956 1250 2064 1304 nisi
2096 1249 2240 1320 ejus,
2286 1250 2376 1319 qui
2412 1250 2668 1321 populum
2727 1254 2792 1308 de
2853 1268 2963 1322 quo
3019 1263 3101 1308 est
3160 1257 3529 1311 controversia

1958 1344 2190 1408 detinet,
2226 1345 2438 1400 litteras
2461 1346 2751 1414 acceperit,
2787 1361 2882 1416 per
2908 1360 3047 1415 quas
3076 1356 3336 1415 appareat
3368 1361 3429 1402 se
3470 1364 3535 1401 ex

1958 1437 2105 1493 illius
2137 1437 2405 1492 sententia
2435 1451 2577 1501 eam,
2603 1454 2722 1505 quae
2744 1439 2809 1491 ad
2841 1438 3017 1503 ipsum
3051 1439 3312 1506 pertinet,
3356 1437 3538 1508 regio-

1957 1546 2084 1585 nem
2126 1531 2351 1602 pacillce
2384 1532 2706 1595 obtinuisse,
2753 1547 2781 1585 a
2811 1531 2935 1601 jure
2989 1547 3090 1587 suo
3143 1532 3376 1588 excidet.
3438 1532 3535 1587 Sin

1956 1630 2137 1674 autem
2163 1636 2290 1677 reus
2315 1620 2642 1676 contrariam
2667 1622 3023 1690 quaestionem
3049 1621 3263 1687 inferat,
3305 1624 3406 1677 hoc
3427 1634 3535 1689 est,

1957 1724 2104 1776 cum,
2138 1713 2234 1780 qui
2268 1713 2320 1767 in
2355 1714 2526 1781 ipsum
2558 1715 2837 1768 actionem
2897 1713 3147 1780 intendit,
3189 1714 3538 1768 reconveniat

264 1802 590 1876 ήῦπόθεσις
634 1771 928 1872 περατωθῇ
959 1771 1264 1873 κρινόντων
1291 1801 1631 1854 ἐπισκόπων.
1679 1800 1745 1853 Oi
1794 1771 1844 1852 δέ

1957 1815 2056 1857 seu
2095 1804 2500 1867 recriminetnr,
2554 1814 2615 1860 ut
2664 1804 2778 1873 ipsa
2822 1820 3040 1876 quoque
3097 1821 3263 1861 causa
3318 1807 3538 1861 ﬁniatur

265 1897 549 1969 κρίνοντες
577 1894 610 1966 ἢ
642 1893 795 1965 παρά
841 1892 935 1947 τοῦ
989 1893 1369 1963 πρωτεύοντος
1418 1892 1761 1963 δοθήσονται,
1811 1890 1845 1963 ἢ

262 1988 408 2042 κατὰ
467 1985 778 2038 συναίνεσιν
840 1985 952 2038 τῶν
1029 1985 1320 2039 ἀντιδίκων
1405 1985 1845 2053 ὲπιλεγήσονται.

273 2079 579 2152 Ἐρωτήσει
609 2077 667 2130 δέ
697 2095 804 2143 τις,
843 2078 919 2141 ὡς
942 2076 1220 2147 διαφόρων
1266 2077 1508 2132 κανόνων
1535 2076 1851 2148 διοριζομέ⁴

260 2189 374 2227 νων
404 2170 795 2242 καθαιρεῖσθαι
825 2170 952 2234 τοὺς
990 2172 1050 2224 ὲν
1082 2171 1395 2240 ἀλλοτρίαις
1447 2170 1680 2241 ὲνορίαις
1726 2173 1847 2224 ἔπι⁴

262 2265 533 2317 σκοπικόν
560 2278 611 2314 τι
647 2260 1011 2332 ἐνεργοῦντας
1058 2262 1212 2333 παρὰ
1259 2261 1489 2332 γνώμην
1542 2263 1653 2316 τῶν
1713 2281 1850 2318 κατ-

262 2355 498 2423 εχόντων
516 2355 706 2421 αὑτὰς,
727 2356 845 2419 πῶς
871 2356 899 2407 6
928 2353 1120 2425 παρὼν
1138 2353 1319 2408 κανὼν
1346 2357 1438 2408 ἐπὶ
1463 2356 1599 2427 μόνῃ
1629 2355 1847 2409 ἐκπτώ-

263 2462 345 2499 σει
380 2445 477 2498 τοῦ
510 2446 806 2516 προσόντος
864 2446 994 2508 ἴσως
1041 2445 1252 2500 δικαίου
1309 2447 1458 2516 αὐτῷ
1526 2449 1845 2518 κατακρίνει

256 2537 350 2592 τὸν
378 2536 481 2607 τὴν
511 2536 703 2604 ἔφοδον
729 2537 1071 2605 ποιήσαντα;
1110 2539 1314 2604 Λύσις.
1349 2538 1618 2591 Ἐνταῦθα
1639 2539 1843 2592 ὑπόθου

254 2630 445 2685 δίκαια
481 2628 630 2698 ἔχειν
658 2628 875 2698 ὲνορίας
902 2628 997 2681 τὸν
1027 2631 1477 2699 αὐτονομήσαντα
1518 2630 1841 2694 ἐπίσκοπον,

257 2724 355 2774 καὶ
386 2719 477 2774 διὰ
508 2719 667 2772 τοῦτο
716 2719 1036 2789 καθαιρέσει
1095 2721 1193 2790 μὲν
1252 2721 1351 2791 οὑχ
1404 2721 1716 2787 ὑπόκειται,
1753 2723 1845 2775 ἐκ.

256 2812 452 2865 πίπτει
480 2812 538 2865 δὲ
573 2810 667 2864 τοῦ
704 2812 906 2865 οἰκείου
929 2812 1167 2867 δικαίου.
1219 2813 1282 2865 Εἰ
1336 2815 1445 2881 γὰρ
1490 2815 1634 2882 φανῇ
1701 2814 1840 2882 μετὰ

255 2903 521 2974 ἀληθείας
554 2900 695 2957 εἶναι
723 2904 1013 2974 ἀλλοτρίαν
1068 2905 1166 2973 τὴν
1222 2904 1485 2973 τοιαύτην
1529 2904 1746 2975 ἰνορίαν
1780 2905 1841 2971 ἑξ

251 2994 538 3064 ὀχλήσεως
575 2993 671 3047 τοῦ
694 2994 960 3057 παθόντος
983 2995 1082 3064 τὴν
1124 2994 1314 3064 ἔφοδον
1364 2994 1691 3061 ἐπισκόπου,
1747 2993 1843 3048 καὶ

1949 1890 2323 1959 iudicantibus
2347 1895 2621 1964 episcOpis
2656 1911 2671 1949 :
2711 1895 2804 1965 qui
2840 1909 3019 1950 autem
3061 1896 3328 1965 judicant,
3389 1896 3472 1950 vel
3504 1912 3534 1950 ιι

1954 1983 2187 2052 primate
2219 1985 2516 2053 dabuntur,
2549 1986 2634 2041 vel
2658 2002 2724 2041 ex
2769 2000 3039 2043 consensu
3093 1988 3533 2044 adversariorum

1954 2074 2244 2144 eligentur.
2318 2076 2742 2147 lnterrogaverit
2808 2090 2987 2134 autem
3041 2081 3347 2150 quispiam,
3391 2079 3532 2135 Cum

1954 2166 2154 2221 diversi
2190 2181 2429 2223 canones
2458 2158 2725 2223 deliniant
2762 2183 2857 2226 eos
2903 2172 3272 2239 deponendos,
3329 2170 3422 2240 qui
3476 2172 3531 2223 in

1953 2257 2147 2312 alienis
2176 2258 2506 2315 ditecesibus
2529 2260 2836 2332 episcopale
2868 2262 2995 2331 quid
3023 2270 3302 2326 exercent,
3334 2273 3533 2331 praeter

1953 2349 2284 2404 sententiam
2342 2366 2529 2407 eorum
2571 2354 2639 2407 ad
2676 2368 2821 2427 quos
2881 2355 3198 2423 pertinent;
3258 2356 3532 2424 quomodo

1952 2454 2191 2510 praesens
2218 2457 2391 2498 canon
2425 2444 2541 2498 sola
2572 2445 2736 2513 juris,
2768 2448 2908 2516 quod
2940 2445 3083 2500 forte
3118 2445 3299 2512 habet,
3352 2447 3534 2516 priva-

1955 2532 2101 2585 tione
2123 2548 2248 2587 eum
2290 2535 2638 2598 condemnat,
2665 2535 2757 2602 qui
2801 2536 3104 2591 invaserit?
3144 2534 3368 2591 Salutio.
3432 2535 3534 2593 Hic

1951 2634 2193 2690 suppone
2216 2624 2556 2693 episcopum,
2600 2626 2691 2694 qui
2737 2626 2840 2680 sibi
2876 2627 2960 2695 jus
2989 2627 3147 2692 dixit,
3189 2629 3280 2698 jus
3337 2629 3536 2684 habere

1950 2709 2205 2768 dioecesis
2233 2730 2248 2767 :
2274 2724 2328 2768 et
2354 2726 2639 2784 propterea
2666 2718 2991 2787 depositioni
3023 2718 3239 2787 quidem
3272 2734 3376 2774 non
3405 2720 3535 2774 sub-

1945 2800 2153 2870 jicitur,
2175 2804 2270 2860 sed
2293 2809 2513 2877 proprio
2527 2808 2650 2878 jure
2671 2810 2895 2864 excidit.
2920 2808 2977 2864 Si
2993 2810 3135 2864 enim
3156 2825 3343 2866 revera
3368 2827 3535 2881 appa-

1953 2895 2128 2950 ruerit
2154 2896 2385 2961 alienam
2410 2915 2532 2956 esse
2552 2901 2835 2968 dioecesin,
2863 2917 2928 2957 ex
2954 2903 3239 2958 vexatione
3267 2905 3529 2972 episcopi,

1951 2987 2044 3055 qui
2072 2987 2365 3045 violentam
2396 2991 2727 3046 invasionem
2756 3008 2951 3063 passus
2975 3001 3079 3058 est,
3108 2995 3412 3064 deponetur
3436 2997 3526 3065 qui

254 3087 778 3158 καθαιρεθήσεταιὸ
829 3088 1171 3156 ἀτακτήσας.
1235 3088 1360 3142 Ἔτι
1406 3089 1674 3160 ἐρωτήσει
1733 3105 1840 3153 τις,

1950 3093 2011 3135 se
2042 3078 2343 3136 insolenter
2374 3090 2430 3136 et
2450 3085 2680 3152 superbe
2706 3086 2903 3155 gessit.
2935 3086 3204 3140 Praeterea
3232 3086 3535 3156 interroga-

252 3178 329 3242 ὡς
358 3177 457 3231 τοῦ
508 3177 875 3250 πεποιηκότος
922 3180 1021 3249 τὴν
1071 3178 1260 3247 ἔφοδον
1315 3180 1620 3233 ἐπισκόπου
1666 3179 1846 3243 οὕτως

256 3271 597 3332 ἔκπεσόντος
625 3270 720 3324 τοῦ
752 3270 1114 3324 ὲπισκοπικοῦ
1160 3271 1374 3325 δικαίου
1404 3272 1572 3325 αὐτοὸ
1627 3272 1846 3332 ὲνδυνά-

254 3380 377 3432 μως
404 3362 485 3424 ὠς
507 3362 604 3416 ἐπὶ
642 3363 821 3433 οἰκείᾳ
853 3362 1040 3433 ὲνορία
1077 3363 1467 3416 ὲπισκοπεύσει
1516 3365 1544 3417 6
1596 3364 1847 3434 κατέχων

251 3456 451 3526 αὐτὴν,
492 3455 526 3508 ἢ
566 3456 1038 3526 τιμωρηθήσεται,
1068 3456 1145 3520 ὡς
1193 3457 1253 3511 ὲν
1302 3457 1504 3526 εἰδήσει
1557 3456 1846 3529 ἀλλοτρίαν

249 3549 477 3619 ὲνορίαν
505 3549 759 3615 κατέχων
789 3550 883 3601 καὶ
932 3549 1232 3619 ίερουργῶν
1290 3551 1349 3602 ὲν
1391 3550 1569 3626 αὐτῇς
1624 3552 1842 3619 Λύσις.

250 3641 452 3712 Νόμος
487 3641 608 3693 ἐστὶ
675 3640 875 3708 λέγων,
926 3640 1255 3704 Κελεύοντος
1310 3642 1565 3712 ἄρχοντος
1617 3641 1846 3705 δικαίως

248 3734 564 3804 νεμόμεθα,
588 3734 687 3787 καὶ
725 3732 850 3786 ἐπεὶ
888 3733 917 3786 6
953 3731 1146 3785 παθὼν
1190 3732 1290 3803 τὴν
1322 3731 1511 3802 ἔφοδον
1546 3733 1845 3796 ἐπίσκοπος

250 3828 364 3882 ἀπὸ
386 3825 485 3881 τοῦ
507 3826 735 3890 κανόνος
764 3825 1138 3888 δεδικαίωται,
1173 3824 1250 3888 ὥς
1305 3824 1398 3876 τοῦ
1434 3825 1844 3895 ἀτακτήσαντος

249 3922 603 3989 λογισθέντος
641 3920 909 3989 μηδέποτε
938 3923 1090 3990 σχεῖν
1127 3916 1338 3973 δίκαιον
1373 3918 1451 3983 εἰς
1470 3917 1571 3988 τὴν
1601 3917 1842 3985 ὲνορίαν,

253 4014 757 4085 ἀποκριματίστως
789 4014 1080 4084 ἐνεργήσει
1138 4011 1476 4066 ὲπισκοπικὰ
1524 4010 1712 4064 δίκαια
1759 4010 1841 4075 είς

254 4109 325 4180 ἢν
359 4108 589 4175 κατέχει
617 4106 853 4175 ὲνορίαν,
883 4105 988 4159 κᾶν
1020 4101 1090 4176 ἦν
1117 4121 1248 4157 ποτε
1292 4103 1569 4174 ἀλλοτρία.
1600 4103 1666 4155 Τί
1696 4102 1774 4168 δὲ,
1803 4104 1837 4171 ή

254 4197 461 4263 ἀταξία
500 4195 598 4249 καὶ
643 4195 831 4265 ἔφοδος
889 4193 984 4248 τοῦ
1046 4192 1478 4264 κατακριθέντος
1532 4191 1839 4245 ἐπισκόπου

253 4290 584 4359 λυμανεῖται
605 4288 674 4340 τὰ
709 4285 897 4340 δίκαια
919 4284 1022 4355 τῆς
1076 4282 1397 4354 ἐκκλησίας,
1447 4282 1542 4336 καὶ
1577 4282 1839 4334 ἀποκλει-

257 4382 522 4452 σθήσεται
544 4381 574 4433 6
604 4377 746 4447 μετὰ
783 4375 975 4430 τοῦτον
1005 4373 1592 4446 χειροτονηθησόμενος
1616 4372 1840 4425 ἐπίσκο-

1949 3173 2094 3228 verit
2120 3173 2417 3243 quispiam,
2454 3176 2588 3231 Cum
2636 3177 2682 3233 is
2709 3178 2800 3248 qui
2833 3178 3027 3232 invasit
3074 3179 3360 3248 episcopus
3410 3178 3533 3250 jure

1951 3279 2052 3320 suo
2079 3264 2154 3320 ita
2191 3266 2479 3333 exciderit,
2513 3270 2604 3338 qui
2636 3284 2752 3324 eam
2779 3271 3006 3338 detinet,
3040 3270 3143 3326 rite
3193 3281 3445 3341 tanquam
3478 3274 3529 3327 in

1949 3360 2173 3428 propria
2210 3359 2430 3415 dimcesi
2453 3361 2822 3431 episcOpatum
2848 3372 3030 3432 geret,
3066 3376 3133 3416 an
3159 3365 3434 3433 punietur,
3467 3374 3528 3419 ut

1949 3451 2040 3519 qui
2079 3453 2321 3521 prudens
2354 3463 2408 3508 et
2433 3454 2613 3508 sciens
2644 3455 2876 3511 alienam
2918 3455 3177 3512 dicecesin
3213 3457 3438 3521 detinet,
3472 3468 3529 3513 et

1950 3544 2007 3599 in
2034 3559 2095 3600 ea
2126 3559 2281 3599 sacra
2310 3545 2602 3600 celebrat?
2644 3544 2873 3600 Salutio.
2927 3546 3034 3602 Lex
3072 3557 3156 3602 est
3204 3564 3325 3619 qua:
3375 3548 3533 3613 dicit,

1947 3635 2182 3691 lubente
2210 3639 2528 3706 magistratu
2554 3637 2700 3705 jnste
2732 3638 3071 3709 possidemus
3107 3654 3123 3694 :
3151 3648 3206 3694 et
3239 3641 3365 3710 quia
3411 3644 3531 3713 cpi-

1946 3743 2165 3797 scopus,
2195 3729 2288 3798 qui
2332 3728 2438 3781 vim
2473 3743 2668 3798 passus
2698 3741 2803 3795 est,
2841 3745 2869 3783 a
2896 3743 3105 3785 canone
3142 3730 3236 3801 jus
3291 3735 3523 3801 accepit,

1948 3830 2137 3890 utpote
2163 3835 2287 3874 cum
2347 3820 2415 3884 is,
2453 3820 2545 3890 qui
2599 3834 2658 3875 se
2714 3820 3009 3876 insolenter
3061 3831 3112 3877 et
3171 3824 3531 3881 immoderate

1946 3914 2131 3982 gessit,
2162 3912 2366 3965 nullum
2399 3912 2491 3980 jus
2540 3910 2593 3966 in
2646 3912 2871 3967 dioecesi
2934 3913 3191 3967 habuisse
3241 3924 3526 3985 reputatus

1947 4005 2057 4070 sit;
2088 4005 2289 4072 absque
2328 4004 2436 4057 uilo
2461 4004 2921 4074 prmjudiciojura
2946 4004 3271 4075 episcopalia
3304 4021 3528 4063 exerce-

1947 4094 2025 4149 bit
2061 4092 2111 4146 in
2141 4093 2415 4163 provincia
2446 4108 2610 4165 quam
2639 4094 2866 4158 detinet,
2900 4095 2999 4150 etsi
3055 4095 3349 4166 aliquando
3402 4109 3526 4152 erat

1948 4188 2151 4243 aliena.
2188 4186 2328 4254 Quid
2365 4202 2521 4253 vero,
2574 4190 2657 4243 vis
2707 4195 2759 4242 et
2821 4187 3112 4242 insolentia
3172 4190 3529 4258 condemnati

1944 4280 2185 4351 episcopi
2220 4280 2475 4335 Ecclesiae
2500 4280 2622 4352 jura
2646 4280 2976 4334 detrimento
3001 4279 3236 4336 alﬁciet?
3261 4291 3313 4336 et
3337 4282 3527 4336 exclu-

1943 4374 2101 4427 detur
2127 4372 2217 4443 qui
2241 4382 2364 4443 post
2386 4389 2511 4428 eum
2532 4373 2865 4454 ordinandus
2884 4372 3289 4444 estrpiscopus,
3310 4376 3530 4444 quomi-

257 4490 359 4537 πος
383 4469 779 4526 ἀνακαλεῖσθαι
799 4470 866 4523 τὰ
891 4469 1075 4522 δίκαια
1096 4467 1194 4536 τῆς
1216 4463 1516 4533 ἐκκλησίας
1558 4464 1749 4532 αὑτοῦ,
1802 4464 1836 4536 ἢ

1948 4478 2052 4519 nus
2085 4465 2259 4534 possit
2299 4480 2555 4521 revocare
2577 4466 2702 4536 jura
2736 4462 2999 4521 Ecclesia;
3055 4478 3189 4531 sum,
3248 4480 3316 4521 an
3373 4467 3529 4521 non?

254 4561 352 4627 66;
386 4563 603 4625 Λύσις.
658 4559 810 4630 Ἐμοὶ
868 4560 1018 4613 δοκεῖ
1074 4557 1148 4627 μὴ
1207 4555 1689 4610 καταδλάπτεσθαι
1744 4554 1842 4626 τὴν

255 4654 560 4724 ἐκκλησίαν
600 4652 659 4717 ἐξ
684 4646 759 4706 ὧν
787 4650 1098 4721 ἁμαρτάνει
1127 4650 1157 4702 6
1202 4649 1524 4710 ἐπίσκοπος.
1587 4647 1698 4701 Καὶ
1754 4648 1843 4701 διὰ

251 4746 414 4800 τοῦτο
462 4743 784 4813 ὲνδυνάμως
816 4742 902 4797 ἵνα
949 4741 1359 4811 ἀνακαλέσηται
1392 4739 1490 4808 τὴν
1560 4741 1773 4810 ὲνορίαν
1810 4740 1841 4793 6

251 4838 644 4905 διαδεξάμενος
676 4835 770 4891 τὸν
823 4834 1132 4906 ποιήσαντα
1183 4831 1282 4902 τὴν
1332 4830 1545 4898 ἔφοδον,
1600 4831 1703 4885 κᾶν
1742 4834 1841 4885 καὶ

250 4931 422 4993 πολὺς
450 4927 710 4999 παρέλθῃ
742 4927 954 4997 καιρός.
1011 4922 1281 4994 Ἐλαλήθη
1316 4922 1375 4975 δὲ
1405 4922 1646 4976 τοιοῦτόν
1663 4940 1714 4974 τι
1748 4922 1841 5001 καὶ

252 5023 347 5075 ἐπὶ
385 5019 501 5075 τῶν
529 5018 757 5089 ἡμερῶν
787 5016 881 5071 τοῦ
917 5016 1224 5084 ἁγιωτάτου
1281 5015 1629 5085 πατριάρχου
1666 5012 1838 5083 κυροῦ

248 5114 457 5182 Δουκᾷ.
492 5109 655 5171 Τινὸς
684 5108 793 5177 γὰρ
833 5105 1142 5160 ἐπισκόπου
1178 5105 1280 5174 τῆς
1314 5104 1557 5173 μεγάλης
1585 5103 1839 5174 Βρύσεως

249 5202 623 5273 δικαζομένου
657 5199 798 5269 μετὰ
829 5198 922 5251 τοῦ
985 5195 1418 5267 όιρχιεπισκόπου
1475 5197 1577 5264 τῆς
1631 5197 1838 5265 μικρᾶς

251 5296 532 5366 Βρύσεως,
573 5292 670 5346 καὶ
710 5294 1149 5360 προκομίσαντος
1205 5286 1480 5341 διαλυτέον
1549 5288 1831 5355 ἔγγραφον

247 5387 341 5442 τοῦ
373 5384 916 5456 προτελευτήσαντος
946 5380 1409 5452 ἀρχιεπισκόπου,
1448 5379 1609 5449 χάριν
1629 5378 1725 5431 τοῦ
1760 5379 1834 5450 μὴ

250 5475 651 5532 ἀνακαλεῖσθαι
683 5474 876 5527 τοῦτον
908 5475 1126 5543 ὲνορίαν
1173 5473 1550 5542 κατεχομένην
1601 5470 1707 5522 ὑπὸ
1740 5470 1835 5523 τοῦ

248 5569 578 5630 ἐπισκόπου,
611 5568 644 5637 ή
679 5565 901 5629 σύνοδος
928 5566 1249 5635 ἀπεφήνατο
1306 5563 1383 5633 μὴ
1452 5560 1836 5616 καταϐλάπτεο

249 5660 371 5714 σθαι
396 5660 501 5730 τὴν
528 5656 977 5729 ἁρχιεπισκοπὴν
1014 5655 1073 5722 ἐξ
1116 5650 1191 5707 ὧν
1249 5656 1278 5707 6
1339 5651 1543 5720 ταύτης
1570 5652 1834 5723 πρόεδρος
1882 5714 1889 5719 θ

249 5751 452 5823 ἔπραξε
481 5750 639 5821 παρὰ
673 5748 903 5820 γνώμην
923 5747 1034 5800 τῶν
1056 5745 1277 5799 οἰκείων
1301 5745 1580 5814 κληρικῶν
1606 5745 1700 5798 καὶ
1730 5748 1832 5814 τῆς

1947 4553 2175 4610 Salutio.
2212 4555 2342 4610 Mihi
2389 4558 2607 4612 videtur
2637 4572 2740 4611 non
2781 4572 2846 4613 cx
2912 4573 2978 4613 eo
3024 4555 3143 4613 laedi
3188 4557 3527 4622 ‘Ecclesiatn,

1945 4646 2092 4715 quod
2119 4656 2311 4717 peccet
2336 4649 2663 4718 episcopus;
2699 4660 2750 4701 et
2785 4659 3070 4719 propterea
3106 4651 3382 4719 regionem
3414 4652 3516 4703 rite
3553 4651 3557 4655 ’

1945 4738 2225 4791 revocabit
2254 4752 2543 4793 successor
2571 4739 2690 4808 ejus
2733 4740 2826 4808 qui
2859 4741 3081 4806 invasit,
3126 4740 3340 4795 etiamsi
3374 4743 3518 4796 mul-

1946 4837 2056 4881 tum
2094 4838 2309 4897 tempus
2341 4830 2688 4898 praeterierit.
2724 4831 2855 4887 'i‘ale
2896 4830 3024 4902 quid
3079 4841 3258 4886 autem
3319 4832 3518 4886 dictum

1943 4929 2029 4975 est
2054 4929 2298 4990 tempore
2346 4921 2671 4975 sanctissimi
2717 4923 3043 4992 patriarchae
3071 4921 3281 4977 domini
3334 4920 3516 4977 Luem.

1941 5008 2077 5063 Cum
2105 5009 2251 5063 enim
2282 5007 2505 5079 quidam
2540 5010 2832 5079 episcopus
2883 5026 3091 5082 magnae
3128 5011 3311 5084 Brysis
3339 5012 3519 5082 litiga-

1942 5109 2026 5155 ret
2055 5114 2175 5154 cum
2203 5100 2616 5170 archiepiscopo
2653 5116 2832 5171 parvae
2864 5101 3069 5172 Brysis,
3104 5111 3159 5156 et
3200 5102 3515 5173 protulisset

1940 5191 2203 5260 scriptam
2268 5192 2692 5246 transactionem
2735 5202 2894 5247 antea
2940 5192 3181 5247 defuncti
3241 5195 3516 5262 archiepi-

1939 5285 2113 5351 scopi,
2145 5283 2212 5337 de
2248 5299 2352 5337 non
2385 5287 2690 5338 revocanda
2730 5283 2801 5338 ab
2832 5284 2951 5354 ipso
2986 5284 3230 5353 regione,
3275 5299 3396 5354 qua:
3446 5286 3516 5338 ab

1938 5375 2200 5444 episcopo
2228 5373 2615 5441 detinebatur;
2649 5376 3019 5446 pronuntiavit
3075 5376 3336 5446 synodus,
3401 5392 3510 5429 non

1940 5467 2061 5522 laedi
2115 5454 2656 5537 archiepiscOpatnin
2711 5483 2779 5522 ex
2834 5484 2902 5522 eo
2952 5468 3098 5537 quod
3146 5468 3266 5538 ejus
3317 5470 3516 5536 pmsui

1941 5570 2139 5631 praeter
2188 5560 2515 5615 sententiam
2561 5574 2781 5616 suorum
2836 5561 3154 5617 clericorum
3207 5568 3264 5613 et
3306 5571 3516 5626 magna:

1941 5652 2131 5722 synodi
2161 5651 2305 5707 fecit.
2343 5651 2585 5706 Fuerunt
2611 5663 2668 5708 et
2694 5653 2860 5708 multa
2911 5650 3219 5708 huiusmodi
3270 5651 3377 5703 alia
3427 5662 3517 5716 sy-

1939 5744 2152 5799 nodalia
2183 5745 2411 5812 judicia.

253 5844 498 5915 μεγάλης
543 5841 791 5897 συνόδου.
853 5841 889 5894 Γ
896 5833 1118 5910 ἐγοναᾶι
1159 5840 1215 5894 δὲ
1266 5839 1363 5894 καὶ
1417 5839 1578 5919 ἄλλαι
1642 5837 1838 5892 πολλαὶ
1875 5837 2124 5892 τοιαῦται
2151 5838 2358 5909 κρίσεις
2388 5835 2685 5892 συνοδικαί.
