3944 6396
488 302 592 364 391

1762 306 2040 371 THEUD.
2090 308 2492 373 BALSAMON

3608 322 3701 391 3‘32

556 411 807 469 ZONAR.
842 418 900 471 St
927 416 1051 488 quis
1080 418 1370 490 episcOpns
1399 419 1629 492 alicujus
1655 420 1838 492 populi
1874 435 2048 475 curam

2236 422 2482 475 ΖΩΝΑΡ.
2538 423 2897 494 Ἀπαγορεύει
2923 425 2951 478 ό
2977 426 3157 480 κανῶν
3189 419 3338 492 οὗτος
3388 426 3444 482 τὸ
3485 428 3569 485 τὶν
3613 432 3690 486 λέι

491 508 642 566 sise
669 508 943 577 pertinere
967 512 1282 576 contendat,
1319 527 1425 569 non
1462 513 1614 568 illum
1648 513 1750 567 sibi
1781 528 1880 581 pro
1912 522 2058 583 pote-

491 608 636 653 state
660 615 939 671 arrogare,
971 611 1063 657 sed
1090 603 1155 658 ad
1185 604 1561 674 episcoporum
1595 604 1884 658 concilium
1923 621 2055 659 cau-

485 704 604 744 sam
635 692 867 760 deferre,
898 709 962 749 ac
991 710 1085 764 per
1116 711 1230 761 eos,
1262 712 1384 766 quae
1431 696 1496 749 ad
1550 694 1843 750 Ecclesiam
1903 710 2056 751 suam

486 784 763 851 pertinere
794 785 1111 852 arbitretur,
1149 803 1497 858 recuperare,
1555 802 1732 842 canon
1782 787 2052 841 decernit.

485 875 643 942 Quod
665 877 708 932 si
741 880 865 947 quis
890 883 944 933 in
973 881 1204 948 alicujus
1240 881 1341 936 loci
1376 882 1443 936 ab
1471 881 1643 936 altero
1674 880 1930 951 episcopo
1957 880 2056 934 de-

488 970 623 1023 tenti
670 969 1092 1038 possessionem,
1121 973 1236 1026 sive
1276 987 1304 1025 a
1336 972 1535 1043 populo
1564 974 1883 1039 accersitus,
1942 973 2058 1028 sive

486 1074 551 1114 eo
574 1074 929 1130 repugnante,
958 1072 1160 1117 temere
1190 1064 1360 1117 irruat
1385 1103 1401 1129 ,
1433 1063 1522 1132 jus
1547 1079 1706 1118 suum
1736 1063 1966 1127 amittet,
1993 1077 2059 1117 ac

483 1150 606 1221 ejus
633 1152 733 1216 rei,
762 1167 920 1221 quam
952 1168 1051 1223 pro
1086 1154 1311 1223 imperio
1342 1169 1616 1226 occupare
1667 1167 1896 1211 conatus
1948 1166 2053 1221 est,

486 1244 700 1299 etiamsi
730 1244 819 1313 jus
844 1245 900 1298 in
928 1259 1047 1298 eam
1080 1243 1290 1309 habuit,
1325 1246 1673 1314 possessione
1712 1246 2055 1301 multabitur.

481 1333 638 1400 Quod
672 1335 716 1389 si
743 1334 1010 1401 nonnulli,
1057 1335 1253 1406 inquit,
1305 1337 1412 1390 hoc
1436 1338 1717 1401 fecerunt;
1742 1338 1863 1401 hoc,
1890 1338 2059 1408 quid?

487 1436 546 1479 ut
572 1427 713 1496 apud
742 1428 1031 1497 cpiscOpos
1064 1428 1319 1507 nimirum
1351 1429 1776 1484 controversiam
1807 1436 1957 1484 suam
1989 1431 2057 1485 de

481 1517 605 1586 jure
656 1520 839 1588 populi
882 1520 1135 1590 ambiguo
1190 1521 1582 1590 disceptarent,
1640 1537 1815 1590 neque
1875 1531 2053 1577 tamen

481 1610 868 1664 controversiae
893 1621 988 1665 aut
1031 1611 1218 1681 judicii
1282 1612 1443 1665 tinem
1474 1624 1900 1682 exspectavere;
1959 1614 2056 1669 sed

485 1716 543 1757 re
567 1703 744 1757 adhuc
769 1705 1106 1774 inexplorata
1129 1704 1418 1759 etineerta
1459 1704 1788 1775 litigantium
1822 1704 1964 1760 alter
1996 1720 2055 1759 se

2163 530 2330 582 γοντα
2368 514 2581 569 δίκαιον
2616 515 2764 587 ἔχειν
2805 517 3106 572 ἐπίσκοπον
3140 520 3235 573 ἐπὶ
3255 518 3364 591 λαῷ
3392 539 3512 587 τινι,
3555 524 3692 580 δυνα-

2159 605 2282 674 τείᾳ
2305 604 2567 673 χρῆσθαι,
2606 608 2698 659 καὶ
2738 608 3069 679 ἐπέρχεσθαι
3125 612 3331 676 αὐτοῖς,
3377 612 3608 682 βούλεται
3642 615 3693 670 at

2160 697 2242 760 είς
2265 698 2451 768 κρίσιν
2479 701 2798 753 ἐπισκόπων
2842 703 3104 769 κατάγειν
3163 703 3260 774 τὴν
3303 704 3566 775 ὑπόθεσιν,
3613 714 3694 766 καὶ

2159 785 2333 849 οὕτως
2383 787 2630 860 ἐκνικᾷν,
2689 789 2718 842 ὃ
2767 791 2937 844 οἴεται
3012 792 3293 863 διαφέρειν
3346 798 3410 866 τῇ
3457 796 3698 870 ἐκκλησίᾳ

2162 877 2353 934 αὐτοῦ.
2386 880 2447 933 Ei
2475 880 2532 935 δὲ
2570 880 2776 954 ἐπέλθῃ
2802 899 2884 946 τις
2916 885 3028 947 τοῖς
3064 884 3216 947 λαοῖς
3241 888 3351 949 τοῖς
3380 887 3480 940 ὑπὸ
3531 889 3696 960 ἐτέρου

2160 972 2464 1025 ἐπισκόπου
2516 975 2928 1043 κατεχομένοις,
2984 977 3095 1030 εἴτε
3158 978 3433 1048 βούλονται
3480 981 3628 1035 αὑτὸν
3658 986 3699 1036 οἱ

2159 1061 2283 1115 λαοὶ
2303 1064 2505 1117 ἐκεῖνοι
2547 1064 2692 1134 ἔχειν
2727 1064 3048 1131 ἐπίσκοπον,
3123 1068 3231 1122 εῐτε
3294 1070 3367 1141 μὴ
3423 1071 3696 1140 βούλονται,

2166 1153 2482 1208 ἐκπεσεῖται
2519 1156 2614 1209 τοῦ
2647 1157 2853 1211 οἰκείου
2877 1159 3112 1226 δικαίου,
3141 1160 3499 1231 ζημιούμενος
3551 1164 3606 1216 τὸ
3624 1165 3702 1218 δ.)-

2160 1249 2389 1317 ναστείᾳ
2420 1248 2741 1320 ἀφαιρεθὲν,
2776 1249 2918 1304 ὥστε
2941 1254 3047 1305 κᾶν
3067 1253 3274 1306 δίκαιον
3305 1256 3391 1307 ἐπ’
3425 1256 3605 1325 ἐκείνῳ
3630 1253 3696 1309 εἷο

2157 1354 2273 1407 χεν,
2302 1340 2572 1395 ἀπολέσαι
2599 1342 2755 1396 αὑτό.
2787 1343 2849 1396 Ei
2879 1344 2937 1397 δὲ
2977 1345 3071 1397 καί
3115 1362 3282 1412 τινες,
3353 1348 3506 1419 φησι,
3563 1349 3703 1403 τοῦτο

2163 1431 2466 1501 ἐποίησαν*
2514 1433 2695 1498 τοῦτο,
2727 1431 2915 1502 ποῖον;
2962 1436 3023 1489 τὸ
3067 1438 3218 1509 παρὰ
3246 1440 3553 1494 ἐπισκόπων
3601 1458 3703 1511 κρι·

2158 1521 2317 1590 θῆναι
2349 1525 2604 1595 περὶτοῦ
2634 1525 3082 1598 ἀναζητουμένου
3130 1530 3284 1596 λαοῦ,
3342 1532 3390 1585 εί
3451 1532 3524 1603 μὴ
3565 1533 3705 1604 μέχρι

2158 1613 2402 1684 πέρατος
2428 1617 2525 1684 τῆς
2552 1618 2862 1683 ὑποθέσεως
2910 1622 3197 1689 ἐνέμειναν
3243 1622 3322 1693 τῷ
3370 1624 3702 1696 δικαστηρίῳ,

2157 1705 2271 1758 ἀλλ’
2303 1706 2383 1759 ἔτι
2415 1709 2895 1782 φιλονεικουμένου
2930 1718 3023 1768 καὶ
3057 1714 3416 1786 δικαζομένου
3454 1717 3564 1784 τοῦ,
3588 1719 3708 1787 πρά-

484 1794 553 1847 ab
586 1792 957 1848 ecclesiastico
973 1793 1175 1861 judicio
1204 1795 1495 1860 subtraxit,
1520 1796 1846 1864 dubiamque
1876 1797 2048 1851 adhuc

2167 1814 2372 1866 γματος
2397 1799 2455 1852 ἐν
2476 1800 2586 1853 τῶν
2613 1802 2707 1855 δύο
2737 1805 2920 1875 μερῶν
2946 1807 3156 1878 ἀποστῇ
3198 1808 3296 1862 τοῦ
3325 1810 3709 1881 ἐκκκλησιασιι-

484 1886 885 1952 possessionem
919 1886 1114 1940 invasit
1139 1903 1153 1950 ;
1182 1886 1273 1955 jus
1292 1902 1449 1940 suum
1481 1887 1524 1941 is
1565 1902 1781 1956 quoque
1818 1886 2049 1943 amittet.

481 1972 666 2043 Neque
682 1974 848 2046 655
878 1992 1006 2031 vero
1032 1977 1134 2032 sibi
1160 1979 1470 2047 quisquam,
1508 1978 1701 2047 inquit,
1743 1979 2055 2034 blandiatur

482 2079 576 2117 seu
603 2076 928 2132 assentetur,
965 2067 1015 2121 id
1052 2077 1159 2132 est,
1186 2068 1424 2135 seipsum
1468 2068 1703 2139 decipiat
1750 2068 1856 2138 (est
1900 2086 2055 2123 nam-

479 2168 586 2223 que
611 2155 885 2223 quoddam
913 2171 1081 2227 genus
1113 2156 1317 2213 fraudis
1340 2160 1657 2221 assentatio,
1686 2175 1806 2214 cum
1838 2174 1943 2225 pro-
1965 2172 2053 2213 ve-

481 2247 641 2300 ritate
667 2246 801 2300 nihil
829 2256 1133 2302 assentator
1168 2249 1437 2318 loquatur,
1476 2252 1570 2305 sed
1613 2251 1681 2306 ad
1710 2253 1938 2321 gratiam
1974 2262 2056 2304 at-

477 2348 587 2404 que
618 2335 842 2391 auribus
873 2337 1116 2392 serviens
1139 2339 1318 2392 omnia
1349 2339 1633 2410 proferat),
1659 2356 1727 2395 ne
1750 2341 1874 2412 quis
1898 2355 2051 2410 ergo,

479 2426 683 2493 inquit,
713 2427 952 2496 seipsum
987 2426 1245 2498 decipiat,
1279 2430 1424 2498 quod
1457 2447 1487 2485 a
1522 2426 1772 2499 primate,
1799 2445 1894 2487 aut
1933 2447 2051 2486 me-

484 2518 809 2587 tropolitano
836 2521 1156 2589 provincize,
1193 2522 1426 2586 litteras,
1458 2523 1659 2592 quibus
1694 2523 1742 2577 ei
1770 2523 1868 2578 loci
1912 2539 2053 2592 pos-

482 2609 656 2665 sessio
684 2613 1051 2680 permittatur,
1085 2613 1377 2682 acceperit.
1415 2612 1542 2668 Sive
1573 2613 1717 2668 enim
1738 2629 1833 2670 eas
1867 2628 2052 2670 revera

485 2701 704 2770 habeat,
739 2702 855 2759 sive
878 2718 987 2758 non
1013 2704 1208 2760 habeat
1231 2706 1335 2772 nisi
1355 2708 1424 2762 ab
1446 2721 1513 2763 eo
1538 2722 1752 2778 quoque
1778 2709 2052 2779 episeopo,

477 2793 568 2861 qui
595 2794 647 2848 in
674 2797 1018 2863 possessione
1049 2797 1297 2866 quamvis
1319 2797 1524 2853 incerta
1557 2808 1822 2865 versatur,
1844 2799 2055 2855 litteras

478 2887 770 2955 acceperit,
786 2888 984 2957 quibus
1005 2888 1293 2944 ecclesiam
1320 2891 1386 2945 ad
1405 2891 1551 2944 illum
1584 2890 1964 2960 pertinentem,
1995 2907 2055 2946 se

480 2991 587 3031 non
612 2977 878 3033 sinetllius
900 2980 1286 3049 approbatione
1305 2991 1493 3050 pacate
1507 2982 1802 3037 obtinuisse
1834 2983 2055 3037 demon-

477 3077 635 3134 stret;
655 3070 874 3123 omnino
887 3085 1048 3125 causa
1074 3072 1270 3127 cadet:
1295 3073 1339 3126 si
1357 3087 1486 3128 vero
1514 3073 1578 3139 is,
1595 3073 1685 3145 qui
1714 3075 1923 3129 delatus
1948 3083 2050 3139 est,

478 3162 648 3216 actori
682 3163 915 3219 vicissim
949 3167 1098 3221 litem
1141 3169 1426 3237 intendat;
1454 3185 1518 3225 ea
1575 3186 1789 3241 quoque
1830 3182 2050 3227 contro-

396 3248 399 3253 ’
480 3259 657 3313 versia
724 3263 1102 3332 episcoporum
1166 3266 1378 3336 judicio
1454 3269 1763 3326 definiatur.
1833 3270 2053 3327 Judiees

478 3365 659 3418 porro,
692 3354 774 3408 vel
802 3369 833 3406 a
870 3358 1281 3426 metropolitano
1318 3360 1613 3426 dabuntur,
1663 3364 1743 3418 vel
1774 3363 2049 3419 ceintnuni

481 3441 652 3497 nartis
674 3443 959 3513 utriusque
993 3461 1262 3503 consensu
1299 3449 1621 3518 deligentur.

432 3586 441 3591 Ε
477 3614 707 3671 ARIST.
753 3635 771 3668 ι
796 3617 965 3674 Nemo
995 3621 1098 3675 srbi
1136 3623 1405 3691 vendicet,
1433 3627 1576 3694 quod
1611 3625 1677 3681 ad
1702 3628 2050 3698 sepertinere

556 3724 575 3757 ι
607 3709 998 3767 existimatur:
1036 3719 1129 3768 sed
1159 3717 1397 3788 episcopi
1447 3719 1718 3790 judicent,
1774 3721 1860 3776 vel
1912 3739 2049 3793 quos

548 3818 567 3851 ι
597 3802 801 3871 primas
834 3804 1005 3871 dabit,
1037 3809 1117 3862 vel
1160 3810 1403 3867 vieiniex
1428 3827 1718 3868 consensu.
1738 3814 1839 3880 Qui
1868 3825 2046 3871 autem

554 3904 574 3937 ι
614 3902 643 3941 a
679 3889 908 3958 primate
955 3892 1166 3949 litteras
1213 3896 1278 3951 de
1327 3896 1621 3955 detinendo
1650 3894 1897 3970 accepit,
1932 3900 2033 3956 sibi

546 3995 568 4029 ι
606 3977 902 4034 blanditur.
937 3999 956 4031 ι

547 4067 604 4122 Si
633 4075 753 4139 quis
790 4073 1078 4143 episcopus
1129 4076 1231 4132 sibi
1265 4077 1479 4132 videtur
1504 4078 1596 4148 jus
1624 4080 1824 4137 habere
1864 4084 1917 4137 in
1949 4097 2046 4151 pa-

476 4161 700 4217 rceciam
758 4164 994 4235 aliquant
1047 4167 1116 4220 ab
1169 4168 1276 4224 alio
1323 4170 1580 4239 episcOpo
1634 4172 1929 4249 detentam,
1981 4174 2045 4226 ad

432 4253 785 4323 .episcopos,
839 4257 927 4324 qui
968 4258 1038 4323 lin
1098 4259 1274 4330 ipsum
1337 4260 1777 4329 jurisdictionem
1820 4266 2042 4333 habent,

474 4345 739 4401 accedere
772 4348 953 4415 debet,
986 4361 1040 4406 et
1072 4352 1219 4407 litem
1261 4354 1311 4409 ei
1367 4355 1650 4412 intendere
1677 4375 1691 4411 :
1725 4374 1829 4415 non
1857 4369 2037 4415 autem

2167 4365 2243 4417 ιαὶ
2270 4381 2336 4416 πε
2347 4368 2399 4437 pi.
2431 4367 2623 4422 τούτου
2649 4371 2977 4440 -διεγκαλεῖν
2997 4391 3012 4407 ·
3071 4378 3132 4433 ού

475 4450 635 4489 suum
668 4451 789 4493 esse
824 4438 1075 4505 ultorem,
1110 4451 1166 4495 et
1197 4457 1322 4498 cum
1351 4446 1673 4501 auctoritate
1703 4451 1888 4504 conari
1916 4465 2041 4519 pos-

2153 1888 2253 1941 κοῦ
2281 1890 2664 1962 δικαστηρίου,
2702 1896 2798 1947 καὶ
2824 1895 3013 1964 ἔφοδον
3055 1902 3262 1973 ποιήσῃ
3293 1903 3430 1956 κατά
3454 1901 3544 1955 τοῦ
3578 1907 3708 1958 ἐκνιο

2153 1982 2405 2051 κωμένου
2436 1982 2589 2047 λαοῦ,
2624 1987 2846 2040 κάκεῖνο
2872 1989 3187 2045 ἐκπεσεῖται
3212 1994 3310 2046 τοῦ
3344 1994 3471 2047 ίδίου
3496 1994 3709 2050 δικαίου.

2153 2073 2263 2126 Καὶ
2304 2074 2376 2145 μή
2405 2090 2511 2139 τιῖ,
2558 2079 2745 2145 φησὶν,
2813 2081 3011 2135 ἐαυτὸν
3069 2083 3405 2159 κολακεύσῃ,
3461 2088 3577 2141 ἀντὶ
3603 2088 3709 2153 τοῦ,

2153 2164 2436 2238 ἀπατήσῃ.
2479 2164 2546 2218 Ἦ
2581 2167 2689 2237 γὰρ
2713 2170 2970 2225 κολακεία
3000 2175 3187 2246 ἀπάτη
3218 2179 3393 2240 ἐστὶν,
3418 2178 3563 2231 οὐδὲν
3583 2178 3713 2246 ὑγιὲς

2153 2253 2247 2306 τοῦ
2283 2254 2674 2320 κολακεύοντος
2737 2257 3009 2328 λέγοντος,
3045 2263 3181 2316 ἀλλά
3207 2266 3392 2320 πάντα
3422 2268 3553 2339 πρὶς
3574 2266 3714 2339 χάριν

2155 2344 2248 2397 καὶ
2286 2342 2587 2415 θεραπείαν
2618 2348 2713 2401 τοῦ
2741 2350 3201 2423 κολακευομένου.
3240 2359 3332 2429 Μή
3361 2375 3445 2423 τις
3490 2355 3598 2427 οὖν,
3625 2377 3715 2430 φη-

2158 2435 2289 2501 σὶν,,
2323 2437 2515 2488 ἐαυτὸν
2546 2439 2826 2509 ἀπατήσῃ,
2855 2441 2938 2495 ὅτι
2980 2444 3045 2497 ἐκ
3073 2444 3166 2499 τοῦ
3196 2448 3588 2517 πρωτεύοντος,
3608 2452 3713 2521 ἦτοι

2154 2518 2251 2573 τοῦ
2290 2525 2696 2593 μητροπολίτου
2727 2529 2828 2597 τῆς
2863 2531 3153 2601 ἐπαρχίας,
3192 2538 3497 2607 γράμματα
3522 2518 3711 2603 ἔὶαϐεν,

2156 2613 2527 2682 ἐπιτρέποντα
2559 2618 2707 2688 αύτῷ
2739 2615 2840 2691 τὴν
2864 2621 2960 2675 τοῦ
2992 2624 3162 2681 τόπου
3196 2628 3545 2701 κατάσχεσιν.
3603 2630 3713 2682 Είτε

2155 2704 2264 2774 γὰρ
2294 2706 2757 2780 ἐχειγράμματα,
2800 2716 2912 2769 εἴτε
2936 2718 3037 2770 οὐκ
3086 2719 3226 2789 ἔχει,
3259 2725 3311 2775 εί
3348 2724 3423 2795 μὴ
3468 2724 3558 2778 τοῦ
3597 2740 3714 2776 κατ-

2155 2795 2371 2887 έχοντος
2398 2799 2490 2852 τὸν
2527 2801 2656 2855 λαὸν
2688 2804 2781 2858 τὸν
2816 2807 3186 2882 ἐκνικώμενον
3224 2812 3380 2868 λάϐοι
3411 2817 3714 2887 γράμματα,

2153 2888 2222 2941 δι’
2246 2882 2321 2943 ὧν
2346 2894 2652 2981 φανήσεται
2701 2900 2843 2951 κατὰ
2885 2901 3114 2974 γνώμην
3168 2908 3386 2961 ἐκείνου
3426 2882 3718 2981 νείρη-νικῶς

2155 2980 2449 3053 κατασχὼν
2481 2985 2581 3054 τὴν
2631 2986 2994 3060 διαφέρουσαν
3030 2996 3180 3065 αύτῷ
3214 2980 3534 3072 ἐκκλησίαν,
3569 3003 3717 3056 ἐκπε-

2159 3074 2332 3127 σεῖται
2353 3074 2447 3127 τοῦ
2470 3076 2681 3132 δικαίου
2726 3082 2894 3135 αὑτοῦ
2923 3101 2936 3115 ο
2978 3087 3075 3139 ἐὰν
3105 3087 3160 3142 δὲ
3220 3094 3319 3145 καὶ
3348 3097 3376 3148 ὁ
3414 3096 3719 3166 ἐναγόμενος

2155 3165 2524 3240 ἀντεναγάγῃ,
2554 3172 2858 3241 τουτέστιν,
2885 3177 3308 3255 ἀνταιτιάσηται
3339 3188 3435 3240 τὸν
3454 3190 3716 3259 ἐνάγοντα,

2152 3252 2239 3307 ἵνα
2271 3255 2367 3307 καὶ
2396 3255 2538 3329 αὕτη
2571 3261 2604 3331 ἡ
2643 3261 2898 3329 ὑπόθεσις
2925 3252 3223 3344 περατωθῇ
3279 3252 3579 3348 κρινόντων
3612 3252 3721 3332 tm;

2153 3346 2391 3444 σκόπων.
2432 3352 2496 3404 Oi
2523 3353 2580 3407 δὲ
2617 3356 2958 3431 κρίνοντεςῆ
2996 3366 3149 3435 παρά
3208 3346 3334 3423 τοῠή
3368 3373 3717 3444 πρωτεύοντος

2150 3434 2487 3507 δοθήσονται,
2517 3443 2550 3514 ἢ
2591 3450 2733 3501 κατά
2771 3454 3079 3506 συναίνεσιν
3103 3456 3218 3512 τῶν
3245 3461 3537 3518 ἀντιδίκων
3559 3465 3726 3518 ἐπιλε-

2151 3532 2436 3599 γήσονται.

2148 3624 2370 3724 ΑΡΙξΤ.
2416 3645 2433 3678 ι
2466 3628 2674 3700 Μηδεὶς
2714 3636 2893 3708 ἐαυτῷ
2942 3639 3231 3699 ἐκδικείτω
3279 3648 3343 3702 τὸ
3373 3650 3722 3724 νομιζόμενον

2225 3734 2246 3767 ι
2282 3717 2584 3791 διαφέρειν,
2641 3725 2757 3779 ἀλλ’
2788 3728 3080 3788 ἐπίσκοποι
3124 3717 3496 3810 κρινέτωσαν,
3528 3717 3723 3815 ήόὓςὸ

2226 3830 2244 3862 ι
2283 3814 2583 3883 πρωτεύων
2613 3817 2800 3888 δώσει,
2833 3822 2865 3894 ἢ
2905 3826 2954 3878 oi
2984 3831 3366 3903 γειτονοῦντες
3392 3838 3458 3890 ἐκ
3487 3834 3725 3891 συναινέ-

2223 3921 2242 3954 ι
2282 3922 2416 3969 σεως
2438 3926 2452 3940 ν
2479 3912 2506 3963 ὁ
2527 3909 2583 3963 δὲ
2612 3915 2765 3983 παρὰ
2790 3914 2886 3968 τοῦ
2930 3921 3316 3989 πρωτεύοντος
3343 3929 3583 3998 γράμμα
3608 3926 3726 3998 περὶ

2225 4015 2243 4047 ι
2286 3998 2383 4051 τοῦ
2416 4005 2716 4072 κατασχεῖν
2747 4003 2928 4061 λαϐὼν
2951 4011 3146 4066 ἐαυτὸν
3174 4015 3496 4074 κολακεύει.
3535 4038 3556 4072 ι

2224 4087 2298 4139 Ei
2331 4106 2418 4154 τις
2456 4092 2751 4161 ἐπίσκοπος
2799 4099 2970 4155 οίεται
3019 4102 3168 4175 ἔχειν
3225 4108 3446 4166 δίκαιον
3490 4112 3585 4166 ἐπί
3628 4128 3726 4167 τινι

2147 4181 2418 4252 παροικίᾳ
2470 4185 2603 4255 παρ’
2630 4188 2822 4258 ἐτέρου
2855 4192 3162 4249 ἐπισκόπου
3200 4203 3558 4276 κατεχομένη
3578 4243 3595 4271 ,
3624 4203 3726 4265 τοῖς

2148 4274 2487 4343 προσφόροις
2527 4277 2679 4349 αύτῷ
2718 4281 3040 4349 ἐπισκόποις
3065 4288 3279 4356 ὀφείλει
3310 4274 3726 4365 προσέρχεσθαι,

3179 4383 3298 4453 μὴν
3341 4386 3729 4458 αύτεκδίκητον

2146 4456 2415 4524 γίνεσθαι,
2480 4461 2574 4514 καὶ
2633 4462 2975 4530 αὐθεντικῶς
3037 4476 3350 4543 κατασχεῖν
3416 4456 3727 4548 πειρᾶσθαι,

473 4526 675 4594 sidere,
712 4530 857 4598 quod
903 4533 1180 4587 existimat
1233 4535 1297 4587 ad
1341 4550 1402 4587 se
1440 4539 1732 4605 pertinere.
1787 4540 1941 4608 Quod
1992 4545 2041 4599 si

2167 4553 2282 4621 ἱπερ
2314 4551 2489 4606 οἴεται
2522 4554 2672 4625 αὐτῷ
2715 4526 3019 4628 διαφέρειν.
3083 4563 3149 4617 Ei
3200 4526 3263 4618 6’;
3298 4526 3401 4621 καὶ

469 4627 523 4673 ct
553 4618 760 4675 litteras
780 4622 847 4677 de
877 4624 1093 4702 populo,
1116 4625 1205 4692 qui
1238 4625 1306 4679 ab
1336 4626 1444 4681 alio
1463 4629 1715 4698 episcopo
1739 4632 2038 4701 detinetur,

2143 4643 2281 4715 λάϐῃ
2336 4645 2465 4713 περὶ
2489 4646 2583 4699 τοῦ
2616 4653 2911 4721 κατασχεῖι
2955 4651 3048 4707 τὸν
3102 4654 3253 4724 λαὸν,
3300 4660 3399 4714 τὸν
3429 4661 3524 4731 ὑφ’
3551 4661 3732 4729 ἐτέρου

471 4710 800 4777 possidendo
854 4716 1149 4782 acceperit,
1205 4717 1554 4785 semetipsum
1606 4720 1831 4791 decipit.
1893 4724 2040 4780 Nihil

2167 4710 2517 4805 ιατεχόμενον
2561 4710 2886 4806 ἐπισκόπου,
2939 4744 3131 4798 ἑαυτὸν
3189 4710 3734 4822 ditavit.

469 4803 614 4858 enim
646 4814 711 4859 ex
743 4819 808 4860 eo
831 4807 1180 4860 emolumenti
1219 4809 1470 4878 accipiet,
1501 4811 1605 4866 nisi
1658 4815 1744 4883 qui
1789 4830 1909 4869 eum
1945 4819 2038 4874 de-

467 4990 730 5045 amoveri.

1002 5081 1228 5139 CANON
1271 5088 1480 5145 CXXII.

2140 5010 2454 5083 κινηθῆναι.

2140 4821 2466 4893 ὠφεληθήσε
2486 4826 2580 4878 ταί
2616 4844 2670 4879 τι
2699 4826 2759 4893 ἐξ
2796 4832 2984 4899 αὐτοῦ,
3035 4836 3084 4887 εί
3121 4838 3195 4907 μή
3228 4841 3258 4891 ὁ
3290 4821 3550 4913 κατέχων
3578 4841 3735 4895 αὐτὸν

469 4897 605 4951 tinet
657 4896 879 4965 paciﬁce
926 4897 1112 4952 mallet
1173 4899 1458 4970 desistere,
1512 4919 1673 4974 quam
1706 4906 2038 4977 judicialiter

2174 4919 2431 4987 ίρηνικῶς
2463 4918 2682 4991 θελήσει
2731 4896 3061 4998 ἀποστῆναι,

3113 4931 3144 5001 ἢ
3181 4934 3535 5003 δικαστικῶς
3572 4953 3734 5010 μετα-

2718 5110 2953 5166 ΚΑΝΩΝ
2980 5113 3151 5173 ΡΚΒ’.

469 5188 487 5219 ι
536 5172 608 5225 De
637 5174 703 5229 iis
730 5174 821 5242 qui
869 5176 1093 5243 populos
1130 5179 1195 5232 ad
1254 5196 1315 5236 se
1368 5183 1704 5251 pertinentes
1735 5184 2033 5255 negligunt.

2193 5196 2328 5267 Περὶ
2344 5199 2454 5252 τῶν
2478 5200 2832 5268 ἀμελούντων
2855 5205 2965 5260 τῶν
2996 5208 3182 5274 αὐτοῖς
3210 5213 3548 5286 ἀνηκόντων
3568 5218 3731 5275 λαῶν.

541 5285 561 5319 ι
602 5268 862 5323 Similiter
891 5272 1107 5340 placuit,
1139 5284 1197 5329 ut
1225 5276 1535 5346 quicunque
1564 5279 1844 5350 negligunt
1890 5280 2030 5345 ioca,

534 5378 551 5409 ι
586 5373 705 5428 qua:
731 5360 797 5413 ad
827 5375 981 5416 suam
1013 5365 1330 5421 cathedram
1360 5369 1662 5438 pertinent,
1693 5371 1835 5439 quod
1869 5373 1937 5425 ad
1968 5386 2031 5428 ea

537 5468 557 5501 ι
597 5450 663 5506 ad
698 5452 1020 5508 catholicam
1053 5457 1309 5512 unionem
1353 5458 1749 5516 lucrifacienda
1804 5464 2025 5529 attinet,

536 5560 554 5592 ι
585 5557 617 5597 a
646 5542 839 5598 vicinis
866 5559 1051 5600 eorum
1108 5547 1763 5623 diligentibus'episcopis
1823 5570 2025 5613 conve-

528 5654 548 5686 ι
584 5637 824 5701 niautur,
858 5654 926 5693 ne
960 5641 1063 5696 hoc
1088 5639 1271 5697 facere
1299 5643 1573 5701 diti‘erant.
1604 5647 1782 5712 Quare
1811 5650 1856 5703 si
1885 5649 2025 5705 intra

525 5746 546 5778 ι
586 5732 878 5786 terminum
917 5750 1010 5790 sex
1072 5737 1339 5792 mensium
1371 5751 1399 5790 a
1438 5736 1527 5793 die
1578 5741 1736 5811 hujus
1790 5756 2028 5800 conven-

2211 5305 2231 5338 ι
2286 5286 2521 5359 Ὁμοίως
2548 5292 2765 5362 ήρεσεν,
2821 5295 2908 5351 ἵνα
2967 5300 3165 5364 οἵτινες
3218 5304 3436 5376 δήποτε
3472 5308 3734 5381 ἀμελοῦσι

2214 5398 2232 5431 ι
2270 5381 2378 5433 τῶν
2407 5383 2587 5437 τόπων
2612 5386 2722 5441 τῶν
2768 5389 3082 5458 ἀνηκόντων
3110 5397 3174 5465 τῇ
3217 5398 3413 5454 αὐτῶν
3466 5402 3727 5474 καθέδρᾳ,

2212 5491 2231 5525 ι
2273 5474 2408 5539 πρὸς
2459 5476 2689 5542 τούτους
2726 5482 2984 5552 κερδᾶναι
3015 5487 3096 5549 είς
3126 5486 3231 5558 τὴν
3268 5493 3587 5565 καθολικὴν
3616 5494 3734 5550 ἐνό-

2214 5585 2231 5618 ι
2273 5584 2434 5638 τητα,
2473 5570 2820 5643 ἐγκληθῶσιν
2850 5577 2960 5631 ἀπὸ
2999 5579 3108 5635 τῶν
3138 5585 3525 5648 γειτνιώντων
3550 5590 3730 5649 αὐτοῖς

2209 5680 2228 5713 ι
2264 5663 2543 5733 ἐπιμελῶν
2572 5668 2890 5726 ἐπισκόπων
2917 5676 3049 5745 περὶ
3075 5675 3170 5729 τοῦ
3201 5678 3284 5747 μὴ
3312 5680 3733 5736 ἀναϐάλλεσθαι

2209 5772 2228 5805 ι
2268 5755 2431 5810 τοῦτο
2458 5757 2687 5829 πρᾶξαι.
2716 5762 2806 5817 Διὸ
2834 5762 2929 5819 ἐὰν
2957 5766 3109 5832 ἐντὸς
3149 5772 3513 5845 προθεσμίας
3545 5774 3732 5845 μηνῶν
