3944 6400
299 311 404 373 303

373 445 392 477 ί
431 425 489 491 ἒξ
516 428 625 481 ἀπὸ
662 429 761 499 τῆς
798 431 1008 500 ἡμέρας
1034 436 1133 504 τῆς
1173 436 1302 507 περὶ
1355 437 1549 490 τούτου
1612 436 1866 493 συνελεύ-
1897 447 1942 500 Α

379 538 397 569 ι
439 535 576 583 σεως
601 521 772 591 μηδὲν
803 522 1067 587 ἀνύσωσι,
1099 527 1178 596 τῷ
1211 526 1501 597 δυναμένῳ
1530 529 1717 581 λοιπὸν
1745 528 1871 580 τού-

374 631 395 663 (
432 628 561 675 τους
608 613 869 682 κερδᾶναι
910 617 1407 685 προσκυρωθῶσιν·
1450 617 1624 683 οὕτως
1661 620 1869 690 μέντοι,

376 721 397 755 ‹
435 704 543 769 ἵνα,
567 704 661 757 ὲάν
691 705 923 770 ἐκεῖνος,
955 707 1089 779 πρὸς
1114 708 1174 761 ὃν
1217 708 1526 763 δείκνυνται
1566 712 1788 780 ἀνήκειν
1823 714 1871 765 οἱ

379 814 398 847 ι
438 796 692 864 τοιοῦτοι,
725 798 1042 869 ἐξεπίτηδες
1073 802 1162 853 διά
1203 818 1323 855 τινα
1352 802 1665 870 οἰκονομίαν
1693 804 1873 869 ἔδοξεν

372 906 392 939 ί
429 888 679 956 ἀμελεῖν,
720 888 882 943 τοῦτο
942 892 1050 944 τῶν
1100 893 1397 961 αἱρετικῶν
1439 895 1869 964 ἐπιλεξαμένων,

377 997 397 1030 ι
434 978 577 1032 ὥστε
617 981 903 1050 ἀθορύϐως
954 983 1151 1045 αὐτοὺς
1209 985 1655 1053 παραδέξασθαιο
1692 989 1785 1040 καὶ
1814 992 1873 1041 ἐν

372 1086 391 1117 ι
429 1070 672 1141 τοσούτῳ
714 1074 746 1140 ή
781 1072 946 1127 αὐτοῦ
996 1073 1289 1143 ἐπιμέλεια
1342 1075 1448 1128 ὑπὸ
1499 1077 1688 1146 ἐτέρου
1734 1095 1873 1149 προ-

373 1178 395 1211 σ
431 1161 664 1231 ελήφθη,
706 1155 853 1236 ᾗτινι
883 1165 931 1215 εί
963 1166 1367 1234 κατεχρήσατο,
1399 1167 1526 1227 τοὺς
1558 1169 1754 1230 αὐτοὺς
1783 1169 1871 1220 αἰ-

372 1268 395 1328 r
434 1255 685 1321 ρετικοὺς
720 1253 886 1307 πλέον
934 1256 1227 1320 ἐκάκιζενι
1277 1257 1468 1310 τούτου
1504 1258 1707 1326 μεταξὺ
1752 1260 1873 1312 ἐπι-

372 1361 393 1392 ι
437 1344 658 1398 σκόπων
705 1346 1000 1416 κρινόντων
1046 1346 1575 1417 διαγινωσκομένου,
1620 1351 1670 1401 οί
1715 1350 1869 1402 τόποι

371 1453 389 1484 ι
431 1437 497 1505 τῇ
548 1433 714 1488 αὐτοῦ
761 1437 998 1507 καθέδρα
1032 1438 1585 1493 ἀποκατασταθῶσιν.
1636 1440 1757 1494 Τῶν
1812 1441 1869 1494 δὲ

372 1543 392 1575 ‹
432 1527 727 1595 κρινόντων
773 1528 1088 1580 ἐπισκόπων
1124 1531 1189 1581 ὲκ
1236 1529 1510 1600 διαφόρων
1554 1530 1724 1585 ὄντων
1772 1535 1870 1586 ἐπ-

368 1635 388 1666 ι
433 1616 660 1684 αρχιῶν,
718 1619 931 1679 ἐκεῖνος
985 1621 1013 1670 ὁ
1063 1618 1369 1689 πρωτεύων
1421 1620 1549 1683 τοὺς
1605 1620 1867 1685 δικαστὰς

368 1728 386 1758 ι
426 1707 608 1771 δώσει,
665 1703 874 1771 οὗτινος
915 1710 975 1760 ὲν
1006 1713 1070 1779 τῇ
1109 1710 1261 1781 χώρᾳ
1313 1712 1342 1763 ὁ
1398 1712 1563 1775 αὐτὸς
1628 1714 1866 1783 ὑπάρχει

368 1818 384 1850 ι
426 1799 614 1863 τόπος,
676 1800 805 1868 περὶ
857 1794 918 1854 οὗ
971 1800 1387 1869 φιλονεικείται.
1440 1804 1565 1857 Ἐὰν
1621 1805 1677 1857 δὲ
1728 1807 1865 1859 κατὰ
1904 1779 1941 1830 Β

365 1908 386 1942 ι
431 1893 616 1961 κοινήν
650 1892 954 1944 συναίνεσιν
980 1893 1232 1959 γείτονας
1264 1894 1626 1959 ἐπιλέξωνται
1646 1899 1862 1964 κριτὰς,

369 2002 387 2032 ι
429 1984 460 2053 ἢ
499 1978 579 2047 εἷς
612 1982 838 2054 ἐπιλεγῇ
868 1984 898 2053 ἢ
935 1987 1088 2055 τρεῖς
1108 2001 1122 2015 ο
1155 1984 1249 2037 καὶ
1272 1987 1369 2038 ἐὰν
1390 1988 1543 2055 τρεῖς
1573 1988 1865 2052 ἐπιλέξων-

367 2096 383 2126 ι
427 2077 588 2144 ται,ἣ
622 2079 687 2146 τῇ
744 2076 851 2129 τῶν
867 2064 1016 2131 ’ὅλων
1047 2075 1214 2147 ψήφῳ
1248 2076 1791 2149 ἐξακολουθήσουσιν,
1829 2080 1861 2155 ἢ

361 2187 379 2217 ι
426 2171 488 2238 τῇ
521 2167 629 2220 τῶν
652 2168 764 2221 δύο.
812 2188 832 2219 ι
1406 2218 1409 2221 .

357 2258 558 2311 ΒΔΛΣ.
605 2259 791 2311 Ἄλλοι
848 2262 945 2331 μὲν
1012 2264 1331 2327 ἐξελὰὁοντο
1378 2265 1469 2317 τὸν
1524 2265 1726 2320 κανόνα
1784 2268 1864 2329 εἰς

285 2351 627 2411 ἐπισκόπους
647 2349 866 2417 ἀμελῶς
896 2352 1314 2424 διατιθεμένους
1344 2356 1435 2407 ἐπὶ
1470 2359 1534 2425 τῇ
1574 2356 1858 2425 ἐκδικήσει

282 2442 397 2495 τῶν
455 2440 775 2511 ἀνηκόντων
833 2443 976 2496 κατά
1014 2444 1336 2499 δεσποτείαν
1375 2448 1497 2509 ταῖς
1543 2446 1864 2518 ἐκκλησίαις

281 2530 464 2584 αὐτῶν
489 2531 710 2585 τόπων·
769 2533 882 2601 ἐγὼ
932 2534 989 2587 δὲ
1036 2536 1174 2607 πρὸς
1215 2537 1314 2607 τὴν
1363 2537 1715 2592 ἐπιτίτλωσιν
1766 2539 1861 2593 τοῦ

282 2623 510 2686 κανόνος
542 2623 864 2693 ἑρμηνεύων
898 2625 1085 2691 αὑτὸν,
1118 2628 1263 2696 φημὶ
1297 2628 1378 2681 ὅτι
1409 2627 1575 2699 ἤρεσε
1602 2631 1714 2692 τοῖς
1752 2630 1864 2683 Πα-

279 2713 504 2783 τράσιν,
534 2713 622 2768 ἵνα
649 2754 664 2780 ,
695 2715 799 2769 ἐὰν
819 2716 1118 2771 ἐπίσκοποί
1142 2730 1288 2781 τινες
1313 2718 1560 2789 ἀμελῶσι
1587 2720 1682 2774 τοῦ
1715 2721 1863 2779 διδά-

279 2820 438 2860 σκειν
467 2804 597 2867 τοὺς
632 2807 692 2857 ὲν
721 2807 841 2867 ταῖς
876 2805 1115 2873 ἐνορίαις
1159 2806 1364 2873 αὐτῶν,
1408 2809 1522 2863 εἴτε
1553 2810 1861 2880 κερδαίνειν

274 2899 374 2958 τὰς
410 2894 592 2966 ψυχὰς
636 2895 884 2962 τούτων,
938 2895 1226 2966 ὀφείλωσιν
1281 2902 1365 2962 είς
1419 2900 1519 2970 τὴν
1565 2901 1860 2972 καθολικὴν

272 2994 536 3061 ἑνότητα,
563 2992 731 3062 ήγουν
750 2994 831 3055 εἰς
852 2992 950 3063 τὴν
980 2993 1200 3062 ἐτησίαν
1220 2994 1458 3059 σύνοδον,
1481 2995 1856 3064 ἐγκαλεῖσθαι,

1299 321 1384 382 1N
1419 322 1584 384 CAN.
1615 323 1832 384 CXXII
1859 322 2067 383 CONC.
2097 323 2476 383 CARTIIAG.

3441 314 3544 385 395

2050 457 2067 489 ι
2115 439 2278 492 tionis
2313 439 2444 492 nihil
2489 436 2787 502 eﬂecerint,
2838 440 2885 493 ei
2949 438 3224 506 deinceps,
3279 435 3368 506 qui
3427 434 3546 489 illos

2055 546 2072 578 ι
2107 529 2278 596 possit
2323 527 2666 594 lucrifacere,
2721 528 3067 598 assignentur
3096 547 3111 583 :
3150 527 3229 582 sic
3264 536 3467 589 tamen.
3499 524 3543 579 si

2060 638 2077 671 ι
2113 620 2220 686 ille,
2270 620 2337 674 ad
2365 636 2525 688 quem
2560 620 2596 675 ii
2632 621 2907 692 pertinere
2935 619 3315 684 ostenduntur,
3355 619 3419 671 de
3466 616 3549 671 in~

2050 728 2068 760 ι
2105 711 2311 764 dustria
2343 720 2560 780 propter
2591 710 2827 778 aliquam
2878 709 3241 764 tneonomiam
3277 708 3546 779 negligere

2045 821 2063 853 ‹
2105 801 2251 856 visus
2273 803 2366 866 sit,
2397 816 2520 856 cum
2548 802 2652 859 hoc
2677 801 2996 856 maluissent
3020 800 3280 863 haeretici,
3313 811 3368 851 ut
3399 799 3547 870 ipsos

2058 915 2076 946 ι
2113 897 2317 964 absque
2350 898 2461 951 ullo
2488 896 2717 964 strepitu
2750 897 3064 965 acciperet;
3096 905 3152 950 et
3187 895 3394 949 interea
3431 891 3547 959 ejus

2060 1005 2080 1037 ι
2119 985 2400 1055 diligentia
2432 987 2500 1040 ab
2525 983 2632 1039 alio
2664 993 2939 1053 praeventa
2971 982 3073 1049 sit;
3109 996 3213 1050 qua
3250 980 3468 1049 quidem
3501 978 3546 1030 si

2064 1096 2082 1127 ι
2124 1091 2253 1131 usus
2277 1086 2443 1139 esset,
2477 1077 2625 1144 ipsos
2652 1061 2938 1129 haereticos
2966 1072 3140 1140 magis
3163 1072 3229 1125 ad
3284 1067 3544 1136 improbi-

2063 1187 2081 1219 ι
2121 1179 2282 1226 tatem
2317 1170 2600 1224 incitasset
2629 1182 2734 1222 :eo
2766 1166 3235 1236 interjudieantes
3265 1160 3550 1230 episcopos

2060 1279 2078 1310 ι
2107 1261 2344 1327 cognito,
2369 1261 2487 1314 loca
2516 1260 2632 1326 ejus
2654 1259 2764 1313 sedi
2800 1256 3174 1311 restituantur.
3207 1251 3340 1307 Cum
3363 1262 3547 1305 autem

2063 1371 2080 1402 ι
2111 1351 2423 1420 judicantes
2458 1350 2695 1421 episcopi
2736 1351 2846 1405 sint
2871 1365 2934 1404 ex
2969 1348 3199 1402 diversis
3232 1344 3548 1416 proriueiis,

2065 1463 2081 1494 ι
2115 1444 2316 1509 primas
2350 1442 2664 1510 illejudices
2700 1441 2868 1505 dabit,
2912 1440 2967 1497 in
3015 1439 3169 1507 cujus
3200 1438 3418 1506 regione
3464 1445 3549 1488 est

2053 1552 2069 1582 ι
2110 1533 2259 1587 locus
2294 1532 2386 1586 ille
2426 1532 2492 1585 de
2521 1546 2630 1600 quo
2660 1529 3023 1585 contenditur.
3063 1525 3156 1583 Sin
3191 1536 3369 1583 autem
3400 1539 3549 1576 con-

2058 1646 2075 1675 ‹
2112 1626 2263 1680 muni
2320 1639 2589 1679 (‘OIISCDSU
2645 1623 2851 1677 \icinos
2881 1619 3092 1691 judiccs
3146 1617 3432 1687 elegerint,
3464 1615 3547 1667 vel

2053 1736 2070 1767 ι
2107 1733 2243 1769 unus
2294 1716 2546 1786 eligatur,
2609 1714 2691 1768 vel
2741 1725 2889 1767 tres:
2923 1724 2977 1766 ct
3031 1711 3074 1766 si
3122 1722 3233 1763 tres
3265 1709 3544 1777 (legerint,

2051 1829 2068 1859 ι
2104 1812 2182 1861 vel
2215 1809 2457 1861 omnium
2520 1805 2847 1865 sententiam
2910 1798 3231 1874 sequentur,
3276 1800 3358 1856 vel
3407 1799 3545 1859 duo-

2052 1917 2068 1949 ι
2106 1912 2243 1953 ιὐιη.
2286 1915 2305 1950 ι

3510 2056 3530 2079 ἢ

2039 2258 2234 2314 BALS.
2256 2258 2359 2313 Alii
2406 2258 2622 2328 quidem
2669 2268 2996 2328 acceperunt
3039 2271 3303 2312 eanouem
3332 2257 3399 2311 de
3426 2256 3542 2326 epi—

1965 2350 2172 2421 scepis,
2202 2350 2295 2421 qui
2336 2349 2675 2420 negligenter
2701 2363 2761 2405 se
2805 2356 3000 2419 gerunt
3038 2348 3094 2402 in
3127 2349 3194 2402 iis
3228 2346 3384 2414 locis,
3420 2362 3541 2417 quae

1962 2442 2086 2512 jure
2117 2441 2338 2497 dominii
2363 2440 2430 2496 ad
2460 2440 2725 2496 ecclesias
2765 2453 2894 2497 suas
2928 2443 3223 2511 pertinent,
3257 2438 3541 2494 vindican-

1967 2536 2073 2591 dis.
2126 2532 2240 2606 Ego
2272 2540 2445 2600 ’vero,
2488 2532 2790 2590 secundum
2847 2532 3071 2588 canonis
3134 2531 3347 2587 titulum
3412 2545 3536 2585 eum

1966 2628 2356 2695 interpretans,
2419 2626 2561 2692 dico,
2651 2625 2796 2695 quod
2839 2623 3094 2681 Patribus
3127 2623 3350 2693 placuit,
3407 2622 3537 2676 utsi

1963 2721 2203 2791 episcopi
2246 2720 2417 2790 aliqui
2466 2718 2741 2789 negligant
2801 2732 2895 2773 eos
2943 2718 3142 2773 docere
3186 2717 3278 2785 qui
3322 2716 3375 2770 in
3422 2716 3539 2770 suis

1965 2823 2091 2868 sunt
2113 2811 2462 2876 dioecesibus,
2496 2819 2557 2865 ut
2583 2825 2773 2866 eorum
2797 2810 3010 2864 animas
3036 2808 3402 2874 lucrifaciant,
3439 2807 3535 2862 de-

1962 2902 2092 2958 bent
2125 2903 2192 2957 ad
2214 2901 2532 2958 catholicam
2560 2900 2842 2964 unionem,
2869 2913 2962 2954 seu
2993 2899 3059 2957 ad
3106 2911 3340 2960 annuam
3372 2913 3536 2969 syno-

1965 2996 2089 3051 dum
2116 2995 2353 3061 evocari,
2380 3009 2475 3050 seu
2513 2992 2854 3058 denuntiari,
2903 3006 2932 3045 a
2964 2991 3157 3052 vicinis
3187 2990 3535 3061 diligentibus

277 3083 454 3152 ήγουν
510 3082 993 3154 παραγγέλλεσθαι
1059 3085 1212 3154 παρά
1276 3074 1386 3138 τῶν
1435 3086 1854 3154 γειτνιαζόντων

1983 3083 2252 3154 episc0pis,
2285 3099 2355 3138 ne
2377 3084 2484 3138 sint
2506 3083 2784 3149 socordes,
2818 3082 2914 3138 sed
2940 3096 3100 3136 suum
3143 3081 3396 3153 populum
3434 3083 3532 3134 do-

271 3174 558 3243 ἐπιμελῶν
595 3175 913 3229 ἐπισκόπων
951 3177 1080 3246 περὶ
1112 3175 1206 3229 τοῦ
1256 3177 1331 3247 μὴ
1373 3177 1674 3249 ῥᾳθυμεῖν,
1714 3181 1851 3236 ἀλλὰ

268 3266 552 3320 διδάσκειν
580 3267 670 3321 τδν
696 3267 789 3320 ὑπ’
819 3268 1019 3331 αὐτοὺς
1049 3268 1205 3321 λαόν.
1259 3269 1387 3322 Ἐὰν
1412 3270 1468 3323 δὲ
1501 3271 1638 3341 μετά
1666 3271 1730 3324 τὸ
1756 3290 1851 3340 γε·

270 3359 464 3415 νέσθαι
488 3358 592 3431 τὴν
628 3359 1012 3429 παραγγελίαν
1070 3361 1130 3412 οὐ
1160 3360 1533 3430 διορθωθῶσιν
1561 3366 1609 3415 οί
1642 3366 1853 3435 ἐπιφω-

266 3451 530 3520 νήθέντες
559 3451 653 3507 καὶ
686 3456 766 3513 είς
790 3451 1150 3511 διδασκαλίαν
1170 3455 1674 3525 ἐπαγρυπνήσωσιν
1698 3456 1853 3521 ἐντὸς

268 3541 461 3611 μηνῶν
530 3539 610 3605 ἐξ,
680 3541 1248 3613 ἕκτοτεόςςείλουσιν
1305 3546 1354 3598 οἱ
1409 3546 1640 3599 τοιοῦτοι
1692 3548 1849 3602 τόποι

268 3633 727 3702 προσ-κυροῦσθαι
771 3636 943 3708 ἑτέρῳ
998 3638 1364 3709 πλησιοχώρῳ
1400 3641 1687 3712 ἐπισκόπῳ
1713 3680 1728 3706 ,
1768 3641 1848 3711 τῷ

262 3724 554 3794 δυναμένῳ
577 3725 800 3790 τούτους
826 3729 1109 3797 κερδᾶναι,
1142 3731 1311 3800 ’ήγουν
1346 3731 1436 3787 διὰ
1455 3731 1556 3808 τῆς
1582 3734 1845 3788 διδασκα-

264 3815 386 3877 λίας
421 3815 841 3876 οἰκειώσασθαι.
878 3820 1003 3874 Ἐὰν
1044 3821 1100 3874 δὲ
1129 3825 1155 3875 ὁ
1186 3822 1509 3889 ἐπίσκοπος,
1538 3824 1567 3877 ὁ
1595 3825 1702 3895 πρὸ
1723 3826 1847 3880 τού·

262 3925 358 3961 του
386 3909 489 3975 τὴν
519 3912 785 3979 τοιαύτην
816 3912 1035 3984 ἐνορίαν
1065 3913 1228 3983 ἔχων,
1265 3913 1398 3986 λέγῃ
1432 3917 1521 3971 διά
1546 3933 1669 3969 τινα
1694 3917 1844 3973 οίκο·

266 4001 463 4069 νομίαν
497 4000 778 4070 ἀμελῆσαι
806 4001 902 4055 τοῦ
927 4003 1206 4058 διδάσκειν
1239 4004 1330 4057 τὸν
1352 4007 1409 4057 ἐν
1437 4007 1576 4076 αὐτῇ
1601 4005 1749 4072 λαὸν,
1768 4006 1844 4072 ὡς

264 4094 430 4162 τυχὸν
460 4094 569 4145 τῶν
605 4095 667 4145 ἐν
706 4095 889 4168 ἐκείνῃ
945 4096 1114 4151 ὄντων
1146 4098 1456 4167 ,αἱρετικῶν
1500 4098 1844 4168 θελησάντων

262 4187 432 4257 χωρίς
462 4176 607 4250 τίνος
644 4187 867 4257 ἐλέγχου
900 4191 1328 4259 ἐπιστραφῆναι,
1358 4190 1448 4249 καὶ
1481 4191 1843 4256 ἀξιωσάντων

268 4277 658 4345 σεσιγημένως
690 4279 782 4333 τὸν
811 4278 970 4346 λόγον
1001 4280 1100 4348 τῆς
1120 4278 1380 4349 ἀληθείας
1405 4281 1838 4353 παραδέξασθαι,

263 4373 358 4427 καὶ
395 4373 487 4426 διὰ
521 4371 683 4425 τοῦτο
724 4372 1000 4442 ἀμελῆσαι
1046 4376 1148 4443 τῆς
1202 4372 1571 4436 διδασκαλίας,
1618 4374 1703 4427 ἵνα
1763 4373 1838 4443 μὴ

263 4462 694 4532 καταχρώμενος
724 4463 895 4533 ταύτῃ
940 4465 1067 4525 τοὺς
1097 4463 1411 4534 αίρετικοὺς
1466 4462 1725 4517 ἐπιπλέον
1756 4466 1835 4526 είς
1870 4441 1914 4495 D

262 4557 464 4608 κακίαν
490 4555 773 4625 παροξύνῃ
830 4555 919 4607 διὰ
971 4557 1098 4617 τοὺς
1149 4556 1406 4624 ἐλέγχους
1441 4555 1836 4627 ιζόριοπαθοῦν-

261 4661 395 4709 τας,
444 4648 545 4699 καὶ
592 4644 752 4703 τοῦτο
799 4647 930 4699 αὐτὸ
977 4647 1288 4718 διαγνωσθῇ
1325 4650 1452 4717 παρ’
1483 4650 1832 4702 ἐπισκόπων*

260 4740 760 4811 ἁντιστραφήσεται
792 4741 825 4810 ἡ
858 4741 1041 4810 ἐνορία
1105 4740 1242 4811 πρὶς
1283 4741 1373 4794 τὸν
1422 4742 1585 4795 αὐτὸν
1614 4745 1836 4797 ἐπίσκο-

259 4847 381 4885 πον.
418 4831 578 4888 Ἐπεὶ
625 4830 681 4886 δὲ
709 4832 855 4892 εἰκὸς
890 4826 958 4898 ἦν
989 4834 1167 4885 εἰπεῖν
1194 4848 1365 4895 τινας,
1415 4833 1566 4896 Τίνες
1613 4834 1831 4887 δικάσαι

258 4922 539 4989 ὀφείλουσι
572 4921 672 4990 τὴν
700 4920 954 4991 τοιαύτην
991 4921 1284 4986 ύπόθεσιν;
1325 4921 1535 4994 ὥρισαν
1575 4926 1625 4976 οἱ
1653 4927 1833 4979 Πατέ-

262 5032 351 5085 ρες
405 5014 651 5075 ἐκείνους
703 5013 944 5067 δίδοσθαι
974 5014 1241 5077 δικαστὰς
1298 5018 1633 5082 ἐπισκόπους
1682 5020 1832 5088 παρὰ

257 5109 353 5160 τοῦ
386 5106 767 5178 πρωτεύοντος
794 5107 892 5187 τῆς
921 5108 1196 5177 ἐπαρχίας
1233 5110 1351 5178 ήτοι
1377 5110 1471 5163 τοῦ
1499 5113 1831 5182 μητρόπολίς

258 5217 375 5264 του,
406 5200 609 5269 οὓςάν
663 5201 823 5262 αὐτὸς
852 5203 1009 5271 ὁρίσῃ
1033 5243 1048 5267 ,
1114 5203 1209 5256 ἇτε
1274 5204 1368 5258 καὶ
1401 5204 1497 5259 τοῦ
1531 5207 1695 5257 τόπου
1728 5206 1831 5258 ὑπὸ

256 5295 352 5365 τήν
405 5293 684 5362 ἐπαρχίαν
716 5291 910 5347 τούτου
947 5294 1316 5364 διακειμένου.
1365 5295 1489 5349 Ἐὰν
1527 5297 1585 5349 δὲ
1612 5299 1659 5350 οἱ
1700 5296 1835 5366 περὶ

256 5388 353 5455 τῆς
385 5386 606 5454 ἐνορίας
644 5383 999 5453 δικαζόμενοι
1031 5384 1388 5450 ἐπιλέξωνται
1444 5387 1706 5453 δικαστὰς
1766 5389 1828 5440 ἐκ

254 5475 519 5543 γειτόνων
557 5474 918 5538 ἐπισκόπους,
972 5474 1046 5544 μὴ
1083 5474 1311 5537 πολλοὺς
1364 5476 1824 5542 ὲπιλεγέσθωσαν,

252 5567 363 5618 ἀλλ’
394 5566 426 5636 ἦ
456 5564 553 5617 ἕνα
586 5563 813 5635 ἣτρεῑς.
845 5564 907 5617 El
943 5565 1167 5639 μὲνγὰρ
1189 5561 1269 5628 εἷς
1294 5567 1544 5635 ἐπιλεγῇ,
1568 5571 1631 5637 τῇ
1661 5568 1826 5639 ψήφῳ

252 5658 463 5712 ἐκείνου
502 5655 733 5724 ἕψονται
754 5669 769 5682 ”
802 5655 1022 5724 αίρετὸς
1047 5656 1152 5726 γὰρ
1184 5655 1259 5706 ὣν
1287 5657 1545 5724 δικαστὴς
1572 5658 1824 5727 ἐκκλήτῳ

250 5758 337 5825 ob;
400 5750 806 5806 ύποπεσεῖται’-
860 5754 907 5805 εί
953 5752 1009 5804 δὲ
1056 5755 1202 5823 τρεῖς
1249 5755 1406 5819 εἰσιν,
1459 5755 1491 5826 ἢ
1542 5753 1821 5824 σύμψηφοι

501 5849 779 5914 l‘srnot.
814 5850 931 5916 Gn.
964 5849 1344 5917 CXXXVIII,

1957 3185 2137 3233 ceant.
2160 3177 2254 3230 Sin
2277 3186 2455 3231 autem
2488 3184 2775 3247 postquam
2811 3173 2953 3229 facta
2981 3173 3145 3228 fuerit
3192 3174 3529 3228 denuntiatio

1956 3269 2281 3339 interpellati
2322 3285 2428 3324 non
2459 3268 2822 3339 corrigantur,
2840 3284 2941 3323 nec
2962 3269 3225 3323 doctrina:
3252 3269 3533 3337 invigilent

1956 3363 2096 3418 intra
2129 3379 2223 3418 sex
2245 3373 2458 3418 menses
2485 3380 2501 3427 ;
2538 3372 2667 3416 tunc
2700 3361 2866 3435 656
2893 3360 3090 3416 debent
3114 3361 3377 3427 ejusmodi
3414 3361 3527 3414 lora

1955 3453 2045 3507 alii
2072 3452 2519 3522 vicinoepiseopo
2544 3452 2832 3520 assignari,
2861 3451 2950 3522 qui
2988 3452 3269 3520 possiteos
3305 3450 3527 3506 lucrifa«

1952 3558 2099 3609 cere,
2136 3558 2229 3598 seu
2263 3558 2358 3609 per
2381 3542 2809 3598 doctrinam'sibi
2855 3542 3153 3596 familiares
3197 3542 3440 3597 reddere.
3470 3540 3525 3596 Si

1952 3646 2131 3691 autem
2163 3635 2469 3704 episcopus,
2503 3636 2592 3704 qui
2646 3646 2771 3690 ante
2843 3634 2988 3688 hunc
3043 3637 3288 3689 eamdem
3341 3636 3529 3690 habuit

1951 3726 2251 3792 dioecesim,
2280 3725 2425 3779 dicat
2453 3724 2756 3789 oeconomia
2789 3725 2965 3795 aliqua
2990 3735 3045 3779 et
3076 3725 3307 3795 quodam
3345 3724 3527 3780 consi-

1949 3818 2021 3874 lio
2065 3832 2124 3872 se
2171 3817 2426 3888 populum
2486 3833 2647 3875 suum
2714 3817 2910 3871 docere
2966 3818 3274 3887 negligere;
3339 3826 3527 3886 utpote

1948 3912 2091 3983 quod
2119 3911 2386 3977 haeretici,
2416 3911 2507 3979 qui
2545 3909 2597 3965 in
2620 3925 2682 3965 ea
2727 3909 2868 3964 forte
2896 3919 3046 3973 sunt,
3077 3910 3246 3964 velint
3268 3912 3385 3965 sine
3415 3912 3521 3965 ulla

1950 4003 2378 4071 reprehensione
2408 4002 2676 4066 converti,
2705 4011 2760 4056 et
2793 4015 3007 4071 aequum
3054 4012 3314 4057 censeant
3345 4013 3401 4057 ut
3433 4019 3522 4059 vc-

1946 4095 2128 4151 ritatis
2186 4096 2450 4149 rationem
2505 4096 2670 4149 tacite
2727 4094 3065 4163 suscipiant;
3117 4103 3172 4147 et
3230 4103 3518 4166 propterea

1947 4188 2141 4242 docere
2193 4187 2436 4262 negligit,
2487 4201 2553 4241 ne
2598 4202 2675 4248 ca_
2711 4197 2872 4241 utens
2912 4186 3199 4241 haereticos
3240 4188 3413 4258 magis
3447 4192 3517 4243 ad

1948 4278 2348 4347 improbitatem
2376 4277 2585 4341 incitet,
2611 4288 2667 4331 ut
2690 4279 2777 4347 qui
2803 4279 3126 4349 reprehendi
3153 4294 3293 4351 aegre
3316 4279 3516 4341 ferant.

1947 4380 2002 4425 et
2035 4371 2137 4424 hoc
2168 4369 2344 4441 ipsum
2380 4370 2448 4425 ah
2480 4369 2751 4440 episcopis
2782 4384 2967 4425 verum
2999 4371 3278 4440 cognitum
3315 4372 3471 4428 fuerit
3501 4389 3516 4427 ι

1946 4462 2013 4515 ad
2048 4463 2297 4516 eumdem
2332 4461 2643 4533 episcopum
2680 4463 2832 4533 regio
2881 4473 3203 4519 revertetur.
3251 4465 3386 4531 Quia
3419 4482 3520 4521 au-

1947 4563 2053 4607 tem
2102 4546 2398 4608 verisimile
2442 4564 2558 4607 erat
2597 4555 2777 4608 dicere
2829 4554 3058 4629 aliquos,
3113 4557 3341 4626 Quinam
3379 4560 3519 4613 hanc

1950 4661 2169 4699 causam
2219 4643 2464 4712 judicare
2518 4643 2758 4698 debent?
2825 4644 3136 4699 statuerunt
3183 4646 3395 4713 Patres,
3427 4665 3519 4703 eos

1944 4738 2224 4805 episcopos
2262 4735 2376 4787 dari
2433 4735 2647 4804 judices
2702 4749 2731 4787 a
2782 4735 3012 4811 primate
3058 4738 3372 4804 provincia),
3418 4754 3518 4792 seu

1947 4828 2385 4897 metropolitano,
2428 4841 2563 4894 quos
2602 4818 2707 4900 ipsi
2740 4826 2912 4878 visum
2967 4824 3155 4890 fuerit,
3187 4835 3371 4894 utpote
3391 4842 3512 4883 cum

1945 4921 1990 4974 is
2016 4921 2164 4974 locus
2204 4919 2338 4973 situs
2384 4918 2456 4972 sit
2487 4918 2540 4970 in
2583 4916 2698 4989 ejus
2730 4916 3028 4985 provincia.
3073 4914 3167 4970 Sin
3203 4926 3384 4971 autem
3420 4921 3512 4988 qui

1947 5013 2015 5065 de
2051 5013 2270 5081 regione
2292 5010 2645 5072 contendunt,
2679 5022 2741 5061 ex
2784 5009 2977 5066 vicinis
3003 5009 3272 5079 episc0pis
3302 5012 3513 5080 judiees

1940 5101 2224 5171 elegerint,
2258 5115 2361 5154 non
2411 5099 2606 5152 multos
2638 5096 2856 5169 eligant,
2894 5097 2987 5150 sed
3018 5112 3206 5160 unum,
3240 5102 3322 5151 vel
3370 5107 3506 5154 tres.

1940 5194 2008 5248 Et
2048 5195 2094 5249 si
2135 5208 2274 5248 unus
2306 5191 2521 5269 quidem
2554 5191 2762 5245 electus
2785 5188 2968 5253 fuerit,
3008 5188 3152 5244 illius
3183 5194 3508 5247 sententiam

1938 5298 2236 5358 sequentur
2266 5302 2281 5353 ;
2322 5298 2441 5339 cum
2466 5285 2536 5338 sit
2557 5283 2698 5338 enim
2734 5281 3141 5353 electusjudex,
3172 5285 3227 5338 in
3249 5300 3369 5339 eum
3403 5302 3511 5341 non

1937 5382 2081 5434 cadit
2131 5376 2422 5449 appellatio
2457 5395 2470 5431 :
2501 5379 2583 5433 sin
2630 5387 2812 5434 autem
2874 5378 2985 5431 sint
3039 5386 3168 5443 tres,
3213 5379 3296 5432 vel
3350 5388 3511 5434 erunt

1935 5472 2259 5539 concordes,
2288 5483 2341 5527 et
2366 5486 2553 5525 eorum
2601 5470 2871 5525 sententia
2915 5471 3225 5525 necessario
3265 5471 3504 5532 v..lehit.

1937 5568 2020 5621 vel
2058 5565 2409 5630 dissentient,
2443 5571 2496 5617 et
2547 5564 2784 5633 plurium
2827 5563 3029 5619 valebit
3083 5565 3375 5619 sententia.
3413 5564 3509 5615 At...

1933 5674 2037 5728 que
2070 5660 2158 5712 hic
2193 5657 2411 5727 quidem
2469 5673 2639 5711 canon
2683 5658 2761 5712 sic
2793 5672 2888 5711 eos
2935 5658 3109 5727 punit,
3150 5658 3240 5725 qui
3269 5671 3373 5710 non
3406 5655 3507 5710 dus

1936 5761 2059 5806 cent
2087 5751 2190 5807 sibi
2216 5750 2489 5822 subjectos
2513 5752 2758 5821 populos.
2777 5747 3262 5818 Quinquagesimus
3283 5757 3504 5813 octavus

2948 5840 3018 5904 13
