3944 6396
726 259 744 278 ι

421 408 525 473 δίο
771 371 777 374 ’
1253 362 1272 431 λ

1742 400 1842 462 TI]
1856 400 2019 464 EOD.
2062 401 2295 463 BALSA
2306 403 2464 465 ΜοΝ

3586 408 3681 469 396

430 530 828 581 antetu'ttanon
862 512 1620 580 sanctorumi‘mustolorum
1654 513 1731 568 sic
1763 530 2021 584 expresse

2133 514 2394 578 ἔσονται,
2455 518 2547 569 καὶ
2593 516 2653 582 ἐξ
2717 516 2962 587 ἀνάγκης
3022 518 3058 587 ἡ
3110 517 3288 587 ψῆφος
3341 518 3511 573 αύτῶν
3556 537 3665 592 κραο

425 619 556 673 dicit
589 611 935 682 :Episeopus
984 605 1065 661 vel
1102 603 1396 674 presbyter
1448 604 1544 672 qui
1578 604 1784 659 clerum
1813 605 1894 661 vel
1925 623 2021 676 ρο-

433 710 620 781 pulum
655 703 899 776 negligit,
930 711 986 757 et
1018 714 1112 754 eos
1160 696 1430 766 pietatem
1478 710 1589 750 non
1623 698 1802 764 docet,
1839 713 2025 770 segre-

430 812 633 873 getur:
670 800 729 855 in
760 794 1007 853 socordia
1048 798 1235 846 autem
1286 802 1647 859 permanens,
1696 789 2021 862 deponatur.

428 897 503 949 Et
520 892 662 948 mihi
693 886 863 959 magis
885 884 1097 941 videtur
1118 880 1431 938 servandus
1460 895 1640 936 canon
1667 883 2018 953 apostolicus.

421 987 684 1056 llaiquum
741 980 887 1036 enim
937 986 1044 1041 est,
1095 985 1323 1045 propter
1354 971 1604 1043 episcopi
1638 974 2022 1046 negligentiam

420 1079 804 1148 {.piscopatum
857 1073 924 1125 ad
948 1084 1012 1125 se
1051 1066 1361 1137 pertinente
1394 1065 1624 1136 regione
1648 1066 1881 1136 privari.
1913 1067 2021 1123 Sed

436 1172 510 1236 id,
544 1169 689 1240 quod
745 1166 798 1219 in
866 1159 1163 1233 apostolico
1203 1170 1416 1212 canone
1466 1157 1694 1224 dicitur,
1728 1158 1842 1226 ﬁet,
1873 1168 2023 1230 post-

368 1278 372 1282 ·
439 1276 601 1333 quam
631 1258 887 1329 episcopo
907 1251 1287 1309 denuntiatum
1317 1246 1505 1313 fuerit,
1534 1259 1594 1303 ut
1614 1250 1730 1305 vult
1773 1251 1859 1307 ltic
1885 1267 2023 1322 prae-

439 1367 566 1407 sens
591 1350 788 1402 canen.
828 1346 960 1411 Quae
991 1352 1172 1397 autent
1211 1341 1266 1394 in
1305 1340 1566 1410 praesenti
1603 1355 1813 1396 canone
1845 1343 2023 1397 conti-

437 1449 633 1498 nentur
674 1455 771 1510 pro
826 1434 1237 1507 dispensatione
1268 1431 1322 1485 in
1363 1428 1488 1484 aliis
1530 1447 1749 1502 quoque
1774 1433 1937 1502 iustis
1968 1443 2024 1489 et

436 1533 796 1588 rationalibus
822 1530 1003 1584 causis
1036 1525 1249 1596 act-ipe.
1293 1520 1414 1575 Non
1446 1523 1592 1577 enim
1618 1524 1903 1596 negligens
1933 1540 2021 1581 re-

436 1624 715 1695 pntabitur
744 1622 1058 1690 episcopus,
1091 1617 1186 1686 qui
1218 1622 1467 1684 argrotat,
1495 1614 1580 1670 vel
1610 1617 1704 1685 qui
1753 1618 1805 1671 iu
1844 1618 2018 1685 maio-

440 1717 590 1770 ribus
630 1712 814 1769 causis
866 1707 1252 1765 ecclesiasticis
1309 1714 1586 1761 versatur.
1634 1706 1779 1778 Lege
1803 1719 1860 1763 et
1894 1724 2021 1763 can.

440 1805 546 1860 105
591 1801 873 1874 praesentis
901 1799 1111 1870 synodi,
1164 1796 1255 1867 qui
1303 1796 1615 1867 huiusmodi
1653 1799 2018 1869 negligentem

2128 609 2304 674 τήσει,
2372 610 2403 677 ἢ
2458 611 2905 681 μερισθήσονται,
2973 610 3076 665 -καὶ
3132 611 3391 683 κρατήσει
3431 611 3603 664 λοιπον
3651 614 3682 683 ii

2127 697 2237 751 τῶν
2298 698 2560 753 πλειόνων
2611 700 2813 770 ψῆφος.
2882 702 2992 755 Καὶ
3040 682 3245 764 οὗτος
3283 702 3379 771 μὲν
3439 705 3468 755 6
3519 704 3680 757 κανὼν

2125 789 2271 844 οὕτω
2316 791 2536 856 κολάζει
2599 794 2724 857 τοὺς
2777 794 2853 865 μὴ
2890 794 3246 856 διδάσκοντας
3290 794 3414 857 τοὺς
3459 796 3544 848 ὐπ’
3590 798 3682 850 αύ-

2124 886 2252 957 τοὺς
2302 882 2466 948 λαούς
2493 903 2508 917 ⁸
2568 887 2596 940 6
2645 885 2703 940 δὲ
2748 884 2833 956 νη¹
2870 884 3049 939 κανὼν
3102 887 3210 940 τῶν
3269 888 3435 955 ἁγίων
3465 888 3681 943 ἀποστό-

2125 973 2234 1027 λων
2258 975 2424 1046 φησὶν
2445 976 2590 1030 οὕτω
2615 977 2795 1049 ῥητῶς
2814 994 2829 1009 ο
2872 978 3207 1041 Ἐπίσκοπος
3254 980 3288 1050 ῆ
3334 979 3683 1050 πρεσϐύτερος

2127 1067 2351 1137 ἀμελῶν
2380 1068 2475 1123 τοῦ
2506 1069 2709 1139 κλήρου
2742 1069 2775 1140 ἢ
2818 1070 2913 1123 τοῦ
2966 1070 3120 1137 λαοῦ,
3155 1072 3253 1126 καὶ
3307 1072 3382 1144 μὴ
3429 1071 3681 1125 παιδεύων

2123 1159 2322 1222 αὐτοὺς
2372 1158 2469 1231 τὴν
2492 1160 2793 1226 εὐσέϐειαν,
2824 1162 3204 1234 ἀφοριζέσθωτ
3236 1163 3510 1232 ἐπιμένων
3551 1164 3604 1216 δὲ
3626 1166 3685 1233 τῇ

2127 1250 2391 1323 ῥᾳθυμίᾳ,
2425 1253 2815 1325 καθαιρείσθω.
2849 1256 2958 1309 Kal.
2984 1256 3135 1311 δοκεί
3187 1274 3278 1327 μοι
3313 1257 3508 1327 μᾶλλον
3552 1258 3686 1325 ὀφεί-

2124 1341 2239 1396 λειν
2272 1346 2496 1415 κρατεῖν
2526 1345 2593 1400 τὰ
2645 1346 2740 1401 τοῦ
2773 1348 3135 1402 ἀποστολικοῦ
3199 1350 3441 1412 κανόνος.
3487 1348 3687 1403 Ἀδικον

2124 1435 2233 1505 γάρ
2254 1437 2370 1489 ἐστι
2392 1438 2484 1491 διὰ
2514 1439 2613 1510 τὴν
2638 1440 2899 1510 ἀμέλειαν
2923 1439 3019 1493 τοῦ
3044 1441 3349 1494 ἐπισκόπου
3382 1440 3687 1510 στερηθῆναι

2123 1527 2221 1598 τὴν
2254 1530 2561 1601 ἐπισκοπὴν
2588 1530 2688 1601 τῆς
2713 1532 3023 1604 ἀνηκούσης
3053 1532 3226 1603 ταύτῃ
3254 1532 3492 1602 ἐνορίας.
3554 1533 3687 1600 Πλὴν

2123 1619 2219 1673 καὶ
2252 1621 2317 1674 τά
2348 1621 2441 1673 τοῦ
2465 1621 2825 1676 άποστολικοῢ
2870 1625 3094 1687 κανόνος
3135 1623 3425 1694 γενήσεται
3472 1623 3603 1692 μετὰ
3635 1623 3689 1675 τὺ

2123 1708 2574 1779 παραγγελθῆναι
2628 1711 2719 1763 τὸν
2769 1711 3069 1765 ἐπίσκοπον
3118 1712 3263 1765 κατὰ
3319 1711 3410 1765 τὸν
3469 1710 3691 1780 παρόντα

2125 1801 2343 1855 κανόνα.
2384 1802 2462 1854 Τὰ
2488 1801 2544 1853 δὲ
2565 1801 2641 1873 τῷ
2671 1804 2901 1874 παρόντι
2935 1803 3120 1856 κανόνι
3146 1804 3514 1875 περιεχόμενα
3542 1802 3689 1873 χάριν

432 1896 752 1966 episcopum
795 1888 1197 1949 communionis
1243 1889 1578 1958 privatione,
1617 1897 2016 1960 consequenter

2129 1896 2432 1963 οἰκονομίας
2457 1865 2690 1948 ἐκλαέοῢ
2717 1865 2809 1950 καὶ
2833 1898 2912 1957 είς
2955 1896 3148 1967 ἐτέρας
3199 1865 3456 1964 εὐλόγους
3506 1865 3689 1958 alsia;

432 1989 582 2044 dicto
613 1987 809 2045 canoni
841 1983 1159 2056 apostolico,
1193 1982 1409 2041 multat.

439 2079 925 2155 ἐκκλησιαστικαῖς
991 2079 1234 2151 μείζοσιν
1283 2077 1743 2150 ἐνασχολούμενος
1797 2076 2140 2134 ὑποθέσεσιν.

2120 1986 2193 2039 Οὐ
2224 1986 2554 2058 γὰρὰμελὴς
2608 1987 2992 2059 λογισθήσεται
3040 1991 3067 2043 6
3103 1990 3405 2051 ἐπίσκοπος
3455 1986 3689 2054 νοσῶν,ἢ

2220 2080 2520 2148 Ἀνάγνωθι
2586 2082 2677 2136 καὶ
2739 2082 2831 2135 τὸν
2898 2083 3195 2135 ἑκατοστόν
3249 2083 3430 2154 τρῖτον
3514 2080 3693 2134 κανόνα

437 2176 538 2246 τῆς
568 2173 844 2247 παρούσης
871 2172 1112 2237 συνόδου,
1155 2169 1523 2241 ἀκοινωνησία
1579 2168 2017 2243 καταδικάζοντα
2053 2168 2145 2223 τὸν
2193 2170 2432 2224 τοιιῦτον
2497 2172 2678 2244 ἀμελῆ
2740 2173 3042 2228 ἐπίσκοπον
3091 2175 3405 2240 ἀκολούθως
3458 2175 3531 2246 τῷ
3599 2175 3690 2243 ρη-

440 2275 587 2328 θέντι
612 2265 954 2338 ἀποστολικῷ
986 2265 1192 2321 κανόνι.

514 2362 768 2422 ZONAR.
805 2361 861 2417 Si
895 2361 987 2431 qui
1035 2359 1297 2430 episcopi,
1354 2357 1531 2428 inquit
1573 2372 1768 2425 canon,
1809 2358 1923 2412 loca
1953 2358 2019 2411 ad

426 2475 573 2519 suus
605 2455 869 2514 ecclesias
897 2452 1200 2523 spectantia
1232 2450 1533 2522 negligant,
1565 2463 1666 2504 nec
1694 2447 1761 2504 de
1792 2450 1858 2504 iis
1885 2450 2023 2504 reti-

443 2552 658 2631 piendis
695 2558 789 2605 aut
830 2543 1174 2603 vindicandis
1219 2544 1508 2609 laborent,
1565 2556 1630 2598 ea
1672 2542 1739 2597 de
1770 2556 1828 2598 re
1879 2543 2023 2613 apud

444 2644 732 2715 synodum,
768 2655 933 2713 quam
982 2638 1209 2694 unitatis
1257 2636 1543 2692 catholica:
1596 2637 1838 2699 nomine.
1877 2635 2021 2707 quod

447 2738 569 2792 titlei
598 2737 809 2792 vinculo
849 2734 902 2788 itt
945 2748 1109 2788 unum
1154 2734 1309 2803 quasi
1354 2746 1553 2801 corpus
1591 2730 1864 2801 adscripta
1926 2733 2020 2796 sit,

442 2830 756 2900 explicavit,
789 2843 817 2882 a
847 2825 1046 2881 vicinis
1083 2823 1358 2896 episcopis
1401 2833 1749 2880 accusentnr.
1787 2823 1940 2891 Quod
1975 2824 2019 2880 si

445 2937 539 2977 sex
586 2920 653 2976 ab
696 2917 1045 2976 accusatione
1106 2917 1389 2972 mensibus
1428 2915 1510 2970 rei
1568 2918 1791 2987 agenda
1842 2916 2023 2971 adhuc

446 3013 862 3076 iudormientes,
891 3012 1008 3065 loca
1046 3008 1295 3071 ecclesiis
1320 3009 1434 3062 suis
1466 3008 1691 3062 minime
1730 3022 2020 3076 recupera-

446 3106 643 3170 verint,
666 3120 727 3159 ea
749 3103 928 3168 alteri,
961 3103 1052 3174 qui
1094 3098 1441 3167 lucrifacere,
1482 3098 1587 3156 hoc
1625 3106 1730 3166 est,
1767 3098 1871 3154 sibi
1905 3097 2023 3152 vin-

2196 2357 2444 2411 ZQNAP.
2492 2357 2615 2411 Ἐάν
2657 2375 2803 2423 τινες
2851 2359 3160 2426 ἐπίσκοποι,
3211 2362 3381 2432 φησιν
3432 2363 3459 2415 6
3510 2359 3690 2426 κανὼν,

2126 2451 2369 2520 ἀμελῶσι
2404 2450 2510 2503 τῶν
2539 2449 2720 2503 τόπων
2746 2449 2856 2502 τῶν
2891 2450 3206 2522 ἀνηκόντων
3242 2456 3358 2517 ταῖς
3395 2452 3692 2523 ἐκκλησίαις

2126 2540 2326 2605 αὐτῶν,
2360 2539 2496 2610 πρὸς
2526 2540 2585 2592 τὸ
2635 2539 2833 2602 αὐτοὺς
2875 2540 3156 2611 κερδᾶναι,
3231 2544 3350 2597 ἀντὶ
3395 2544 3510 2609 τοῦ,
3565 2543 3691 2595 ὥστε

2124 2635 2324 2695 αὐτοὺς
2348 2634 2631 2700 ἑκνικῖσαι
2662 2632 2756 2685 καὶ
2793 2631 2961 2703 ἔχειν,
2997 2633 3084 2686 ἵνα
3109 2636 3432 2690 αἰτιαθῶσιν
3477 2637 3553 2698 είς
3605 2636 3692 2705 τὴν
3742 2675 3755 2683 .

2127 2724 2424 2794 καθολικὴν
2463 2724 2693 2794 ἑνότητα
2723 2726 2798 2786 είς
2823 2724 2925 2795 τὴν
2981 2724 3203 2780 σύνοδον
3231 2727 3431 2799 δηλαδὴ
3458 2728 3550 2799 τὴν
3573 2730 3694 2798 ἠνω-

2129 2819 2297 2887 μένην
2326 2820 2390 2888 τῇ
2434 2815 2695 2887 καθολικῇ
2743 2818 2943 2883 πίστει,
2973 2819 3350 2887 ἐγκαλούντων
3374 2824 3549 2884 αὐτοῖς
3580 2819 3693 2889 περὶ

2124 2928 2183 2965 το
2196 2910 2313 2962 Στου
2337 2911 2439 2962 τῶν
2458 2907 2814 2978 γειτνιὼ-.των
2831 2912 2942 2974 τοῖς
2954 2914 3141 2976 τόποις
3159 2913 3498 2969 ἐπισκόπων.
3516 2913 3604 2967 ‘sa
3617 2946 3628 2962 ι
3643 2912 3693 2964 δὲ

2125 3002 2462 3066 αίτιαθέντες
2477 3002 2627 3066 ἐντὸς
2642 3002 2826 3073 μηνῶν
2841 3002 2901 3069 ’ἐξ
2922 3006 3060 3073 μετὰ
3076 3006 3163 3058 ait
3174 3007 3319 3059 ίασιν
3329 3006 3692 3077 ψηφιζομένων

2126 3095 2277 3147 οὐδὲν
2303 3094 2574 3147 άνύσωσιν
2607 3096 2685 3156 εἰς
2715 3095 2999 3165 ἐκδίκησιν
3032 3096 3141 3149 τῶν
3173 3099 3543 3169 διαφερόντων
3587 3098 3694 3156 ταῖς
3773 3111 3785 3123 '

445 3197 631 3251 dicare
654 3196 849 3266 possit,
872 3173 1351 3265 adiudicabuntur.
1382 3191 1581 3249 Verum
1641 3189 1684 3247 si
1734 3191 2017 3263 episcopus

2129 3185 2629 3252 ὲκκλησίαιςαύτῶν
2652 3184 3043 3258 ῥᾳθυμοῦντες,
3062 3190 3610 3262 προσκυρωθήσινται
3628 3185 3692 3256 τῷ

446 3291 514 3346 ad
549 3303 706 3359 quem
735 3287 822 3342 illa
849 3286 1146 3358 pertinent.
1168 3302 1271 3341 non
1304 3284 1651 3359 negligentia,
1678 3284 1771 3339 sed
1792 3283 2020 3339 consilio

446 3385 623 3451 potius
658 3391 712 3436 et
750 3382 816 3434 de
859 3380 1128 3435 industria
1171 3378 1456 3435 confestim
1510 3379 1789 3449 repetendi
1830 3394 2017 3434 curam

445 3476 706 3543 seposuit,
738 3476 863 3547 quia
892 3473 1033 3530 forte
1067 3473 1135 3530 ab
1167 3474 1233 3532 iis
1264 3473 1536 3545 episcopis
1565 3489 1629 3531 ea
1663 3472 1781 3531 loca
1816 3475 2024 3529 detine-

444 3568 665 3631 bautur,
700 3567 789 3637 qui
825 3582 946 3622 eum
980 3566 1219 3623 haeretici
1240 3577 1445 3633 essent,
1482 3581 1546 3621 ea
1585 3567 1917 3630 conditione,
1954 3582 2020 3620 ne

446 3661 569 3731 quis
601 3675 696 3716 eos
728 3647 838 3714 ulla
865 3658 1107 3714 molestia
1152 3658 1407 3724 alliceret,
1438 3658 1698 3716 Ecclesiae
1734 3660 2019 3714 catholica:

446 3769 506 3810 se
539 3755 926 3826 adiunxerant,
964 3770 1025 3811 ac
1054 3770 1120 3810 eo
1151 3768 1437 3824 propterea
1488 3756 1773 3812 remissius
1826 3764 2022 3822 agente

390 3914 397 3929 ι
444 3846 563 3912 eius
599 3854 783 3916 ραι-ιεε
829 3845 965 3900 alter
1002 3846 1320 3927 praeripuit;
1361 3856 1470 3900 tum
1516 3847 1627 3900 loca
1673 3849 1784 3913 illa,
1836 3863 1894 3903 re
1926 3862 2022 3916 per

444 3940 729 4010 episcopos
759 3941 993 4008 cognita,
1037 3940 1082 3995 ei
1115 3940 1181 3995 ad
1218 3922 1395 4009 quem
1454 3942 1727 4010 pertinent
1770 3942 2023 4009 episcopo

447 4030 822 4083 restituantur.
869 4026 1003 4082 Nam
1036 4028 1082 4083 si
1117 4045 1179 4083 ea
1208 4029 1494 4099 episcopus
1530 4030 1828 4092 vindicare,
1867 4046 1929 4084 ae
1955 4033 2022 4084 ab

448 4118 743 4185 lttcreticis,
774 4132 805 4171 ε
844 4118 1041 4187 quibus
1068 4119 1478 4181 detinebantur,
1518 4120 1730 4187 eripere
1766 4117 2023 4175 festinas-

450 4218 568 4273 set;
611 4206 826 4277 pejores
858 4222 951 4260 eos
1004 4205 1361 4275 proculdubio
1418 4206 1691 4263 cllecisset
1736 4194 1908 4278 atque
1957 4212 2023 4263 ad

448 4301 774 4367 pravitatem
815 4312 1133 4367 morumque
1180 4297 1594 4367 perversitatem
1627 4297 1859 4368 amplius
1891 4315 2023 4354 con-

450 4390 697 4443 citasset.
740 4386 841 4453 Qui
893 4394 1073 4440 autem
1121 4386 1223 4441 hac
1251 4387 1319 4439 de
1349 4400 1405 4440 re
1455 4394 1815 4457 ceguoscaut,
1843 4403 1871 4443 a
1908 4391 2022 4459 pri-

449 4490 596 4535 tnate
627 4479 943 4549 provinciae,
976 4478 1130 4548 cujus
1158 4479 1210 4533 in
1246 4478 1453 4534 ditione
1484 4479 1636 4535 locus
1666 4489 1771 4547 est,
1814 4483 2022 4549 episco-

449 4571 502 4640 pi
529 4570 741 4641 iudices
786 4569 1078 4625 dabuntur.
1113 4567 1266 4634 Quod
1295 4568 1340 4622 si
1385 4568 1623 4636 ipsimet,
1658 4571 1748 4636 qui
1785 4569 1926 4624 inter
1963 4585 2021 4625 se

447 4665 773 4732 disceptant,
803 4660 1002 4731 eligere
1038 4659 1322 4725 voluerint,
1358 4672 1451 4713 aut
1478 4675 1668 4725 unum,
1701 4673 1877 4715 canon
1922 4662 2020 4726 ait,

449 4765 540 4808 aut
573 4762 683 4809 tres
714 4765 863 4811 certe
890 4752 1280 4808 controversia":
1311 4752 1550 4807 arbitros
1590 4764 1854 4808 Statu-ant.
1889 4752 2023 4807 Nam

449 4848 495 4899 si
532 4861 671 4900 unus
708 4845 915 4900 electus
945 4846 1035 4911 sit,
1071 4843 1271 4897 valebit
1302 4844 1422 4914 eius
1458 4845 1724 4899 sententia
1748 4883 1763 4910 ,
1811 4859 1935 4899 cum
1970 4844 2023 4896 itt

447 4938 863 5010 657iudicem
894 4937 1123 4991 electum
1151 4952 1257 4990 non
1294 4937 1438 4990 cadit
1458 4936 1765 5006 appellatio.
1804 4936 1899 4992 Sin
1924 4952 2027 4991 au-

449 5040 559 5082 tem
585 5039 694 5081 tres
725 5026 946 5093 fuerint,
984 5026 1066 5079 vel
1092 5025 1231 5079 idem
1260 5040 1447 5081 omnes
1465 5028 1787 5092 decernent,
1823 5040 1886 5080 ac
1926 5042 2023 5080 eo-

450 5133 571 5173 rum
606 5116 811 5184 iudicio
846 5117 1155 5172 necessario
1185 5117 1315 5170 stari
1371 5117 1674 5187 oportebit,
1705 5120 1788 5172 vel
1810 5118 1881 5172 ita
1911 5116 2027 5171 dis-

450 5211 712 5275 sentient,
732 5219 792 5265 ut
812 5212 945 5266 duos
968 5219 1150 5264 tamen
1188 5209 1329 5264 inter
1347 5225 1407 5265 se
1428 5209 1737 5274 convenire,
1772 5224 1881 5264 uno
1908 5219 2027 5263 tan-

454 5306 731 5359 tummodo
771 5303 1135 5370 diserepante,
1175 5314 1401 5356 necesse
1426 5301 1519 5366 sit,
1552 5316 1616 5355 ac
1643 5311 1773 5355 tunc
1811 5317 2026 5373 quoque

453 5396 507 5449 id
540 5394 681 5463 quod
715 5393 897 5462 plures
931 5394 1279 5464 probaverim
1310 5393 1648 5457 retinebitur.

452 5577 679 5636 AHIST.
724 5597 742 5629 ι
779 5577 879 5643 Qui
908 5576 973 5629 ad
1010 5591 1068 5630 se
1098 5574 1426 5643 pertinentia
1457 5575 1733 5645 negligunt
1758 5588 2022 5629 auutuuc-

531 5688 548 5721 ι
573 5660 802 5723 ἐιιιιιινς
839 5676 893 5722 et
925 5668 967 5722 si
1021 5668 1152 5721 nihil
1187 5671 1324 5720 intra
1369 5683 1464 5721 sex
1518 5684 1729 5724 menses
1771 5670 2022 5733 iecerint,

538 5779 555 5811 ι
591 5762 665 5823 ei,
708 5762 797 5829 qui
855 5758 1175 5812 lucrifacere
1241 5769 1434 5826 potest,
1502 5759 1902 5827 adiudiceutur.
1968 5760 2023 5814 Si

537 5869 557 5905 ι
595 5865 771 5907 autem
824 5853 1160 5907 (BCUHOLHlCG
1208 5852 1563 5921 neglexerint,
1619 5869 1683 5906 ne
1732 5853 2020 5909 ita-retices

2127 3279 2411 3353 δυναμένῳ
2438 3278 2694 3351 κερδᾶναι
2712 3280 2933 3347 αὐτοὺς,
2960 3281 3243 3335 τουτέστιν
3267 3282 3566 3350 ἐκνικῆσαι.
3585 3279 3694 3332 Ἐὰν

2123 3377 2177 3429 δὲ
2203 3377 2229 3429 6
2254 3375 2570 3439 ἐπίσκοπος,
2668 3373 2943 3444 ἀνῆκονόἱ
2964 3373 3145 3441 τόποι,
3203 3374 3266 3429 οὐ
3298 3374 3385 3430 διὰ
3421 3371 3692 3447 ρᾳθυμίαν,

2126 3467 2261 3524 ἀλλὰ
2281 3469 2347 3521 δι’
2369 3468 2680 3539 οἰκονομίαν
2698 3467 3075 3540 ὑπερετίθετο,
3096 3468 3230 3535 ἴσως
3249 3470 3361 3527 τῶν
3384 3469 3695 3540 κατεχόντων

2124 3559 2253 3622 τοὺς
2303 3560 2503 3623 τόπους
2556 3561 2847 3633 αἱρετικῶν
2890 3562 3210 3624 ἐπισκόπων
3286 3562 3589 3617 ἑνωθέντων
3636 3559 3696 3627 τῇ

2125 3651 2386 3721 καθολικῇ
2429 3651 2726 3721 Ἐκκλησία
2750 3651 2843 3704 ἐπὶ
2908 3653 3207 3724 συμφωνίᾳ
3260 3653 3356 3708 τοῦ
3417 3649 3697 3721 ἀθορύϐους

2124 3743 2319 3806 αὐτοὺς
2353 3744 2765 3813 διατηρηθῆναι,
2800 3743 2894 3797 καὶ
2940 3744 3028 3797 διὰ
3061 3745 3224 3799 τοῦτο
3289 3743 3696 3818 ὑπερτιθεμένου

2122 3835 2221 3902 τὴν
2249 3833 2531 3904 ἐκνίκησιν
2560 3833 2652 3886 τοῦ
2707 3833 3006 3889 ἐπισκόπου
3069 3837 3379 3907 προέλαϐεν
3430 3836 3602 3899 ἄὶλος,
3653 3832 3697 3885 οἱ

2122 3927 2277 3976 τόποι
2304 3922 2381 3994 τῷ
2412 3925 2718 3995 ὲπισκόπῳ,
2748 3917 2790 3992 ᾧ
2815 3924 3089 3995 διέφερον,
3136 3926 3695 3996 ἀποκαταστήσονται,

2124 4017 2444 4069 ἐπισκόπων
2506 4015 2634 4085 περὶ
2680 4017 2871 4069 τούτου
2922 4017 3426 4085 διαγινωσκόντων.
3498 4019 3557 4072 Ei
3603 4018 3699 4086 γὲρ

2124 4106 2460 4160 ἐσπούδασεν
2499 4109 2526 4160 6
2556 4107 2856 4170 ἐπίσκοπος
2882 4109 3172 4179 ἐκνικῆσαι
3207 4112 3335 4172 τοὺς
3360 4112 3559 4172 τόπους
3601 4108 3697 4160 ἀπὸ

2122 4199 2231 4252 τῶν
2267 4200 2603 4269 κατεχόντων
2637 4201 2835 4262 αὐτοὺς
2858 4200 3175 4271 αἱρετικῶν,
3204 4202 3370 4257 πλέον
3416 4203 3482 4263 ἂν
3537 4200 3702 4253 ἐκάκιο

2126 4290 2216 4354 ξεν
2249 4287 2464 4357 αὐτοὺς,
2498 4291 2619 4343 ἀντὶ
2654 4290 2773 4355 τοῦ,
2816 4292 3063 4360 χείρονας
3086 4291 3152 4345 ἂν
3184 4295 3444 4363 ἐποίησεν
3496 4290 3695 4350 αὐτοὺς,

2126 4383 2219 4436 καὶ
2244 4383 2323 4445 είς
2347 4380 2570 4437 πλείονα
2612 4382 2813 4438 κακίαν
2843 4382 3100 4453 ἠρέθισεν
3162 4385 3249 4441 ἄν.
3296 4383 3434 4449 Τοὺς
3471 4384 3544 4441 δὲ’
3584 4380 3700 4449 περὶ

2128 4473 2316 4527 τούτου
2352 4474 2645 4544 μέλλοντας
2672 4476 3065 4546 διαγνωμονεῖν
3099 4476 3449 4542 ἐπισκόπους
3499 4478 3527 4529 6
3565 4491 3700 4545 πρωο

2127 4565 2299 4619 τεύων
2328 4567 2429 4636 τῆς
2457 4567 2726 4637 ἐπαρχίας
2749 4567 2933 4633 δώσει,
2958 4564 3073 4640 ἐνῇ
3108 4571 3137 4624 6
3175 4572 3547 4642 ἐκνικώμενος
3597 4568 3702 4623 διὰ·

2129 4674 2303 4710 κειται
2331 4660 2516 4721 τόπος.
2549 4658 2680 4712 Ἐὰν
2703 4659 2759 4712 δὲ
2780 4662 2827 4713 οι
2859 4662 2986 4730 περὶ
3021 4662 3130 4714 τῶν
3185 4666 3373 4718 τόπων
3426 4662 3697 4730 δικαζόμε·

2126 4751 2382 4803 νοιαύτοὶ
2417 4751 2773 4815 ὲπιλέξωνται
2807 4753 3092 4818 δικαστὰς,
3149 4754 3181 4825 ἢ
3228 4750 3314 4819 εἷς
3359 4750 3699 4821 ἐπιλεγέσθως

2128 4840 2292 4911 φησιν
2349 4842 2376 4893 ὁ
2439 4841 2640 4909 κανὼν,
2673 4843 2705 4913 ἦ
2736 4846 2905 4913 τρεῖς.
2937 4844 2999 4897 Et
3047 4845 3149 4912 μὲν
3204 4848 3318 4917 γάρ
3354 4841 3433 4908 εἷς
3463 4844 3697 4909 ἐπιλεγῇ,

2126 4936 2193 5004 τῇ
2222 4934 2388 5003 ψήφῳ
2416 4934 2625 4991 ἐκείνου
2649 4936 2870 5005 ἕψονται
2894 4954 2908 4969 ·
2945 4939 3164 5007 αἱρετὸς
3192 4941 3302 5007 γὰρ
3333 4937 3410 4993 ὢν
3457 4935 3699 5000 δικαστὴς

2128 5030 2378 5098 ἐκκλήτῳ
2408 5030 2508 5099 οὐχ
2539 5029 2895 5083 ύποπεσεῖται
2924 5047 2938 5061 ·
2974 5034 3021 5084 εί
3044 5032 3102 5084 δὲ
3127 5034 3280 5101 τρεῖς
3309 5036 3469 5094 εἰσιν,
3506 5032 3536 5102 ἢ
3574 5026 3699 5093 σύμ·

2126 5121 2300 5192 ψηφοι
2332 5122 2565 5187 ἔσονται,
2597 5122 2691 5175 καὶ
2713 5120 2774 5185 ἐξ
2813 5122 3058 5191 ἀνάγκης
3084 5124 3117 5193 ἡ
3145 5122 3331 5194 ψῆφος
3365 5122 3546 5179 αὐτῶν
3575 5133 3702 5190 ’(9³⁸

2127 5218 2305 5286 στήσει,
2336 5214 2370 5286 ἢ
2405 5215 2831 5286 μερισθήσονται
2862 5218 2919 5268 αἱ
2945 5216 3161 5284 γνῶμαι
3208 5217 3413 5284 αὐτῶν,
3461 5214 3533 5279 ὡς
3587 5213 3700 5270 τοὺς

2131 5310 2232 5377 μὲν
2260 5307 2352 5360 δύο
2378 5307 2853 5377 όμογνωμονῆσαι,
2891 5307 2983 5360 τὸν
3038 5307 3084 5360 δ’
3118 5306 3307 5377 ἕτερον
3352 5308 3519 5377 ἄλλης
3560 5299 3701 5372 γενέ-

2131 5400 2256 5453 σθαι
2282 5399 2660 5469 ιδιαγνώσεως,
2697 5401 2791 5455 καὶ
2824 5402 3106 5473 ¹κρατήσει
3147 5402 3340 5457 λοιπὸν
3397 5400 3504 5453 τῶν
3560 5396 3700 5450 πλει·

2129 5493 2264 5546 όνων
2429 5510 2546 5563 φος.

2201 5587 2424 5639 ΑΡΙΣΤ.
2467 5606 2484 5637 ι
2525 5588 2587 5639 Οἱ
2614 5589 2723 5640 τῶν
2756 5588 3068 5657 ἀνηκόντων
3116 5587 3454 5656 ἀμελοῦντες
3511 5586 3703 5651 ὑπομιο

2140 5695 2158 5729 ι
2201 5678 2638 5747 μνησκέσοωσαν
2679 5696 2692 5710 ·
2744 5681 2840 5731 καί
2874 5681 2924 5732 εί
2985 5678 3155 5748 μηδὲν
3196 5678 3355 5741 ἐντὸς
3420 5675 3603 5748 μηνῶν
3648 5668 3703 5731 ἓξ

2140 5788 2156 5820 ι
2206 5771 2486 5838 δράσουσι,
2535 5773 2614 5840 τῷ
2684 5772 2970 5841 δυναμένῳ
3036 5771 3302 5840 κερδᾶναι
3375 5764 3702 5840 προσκυρού·

2137 5880 2155 5914 ι
2192 5864 2424 5917 σ’ὶωεάν.
2493 5864 2554 5916 Εἰ
2613 5865 2799 5934 μέντοι
2859 5862 3223 5931 οἰκονομικῶς
3300 5859 3737 5933 κατημέλησανν-
