3944 6380
309 383 409 444 397

1305 379 1388 439 ΙΝ
1424 379 1588 445 CAN.
1629 379 1876 440 CXXIII
1918 379 2130 438 CONC.
2169 379 2550 442 CARTl-IAG.

3443 386 3548 457 398

314 507 334 541 ι
371 489 511 542 ὥστε
557 488 632 556 μὴ
713 484 1101 556 προσερεθίσαι
1131 483 1258 549 τοὺς
1309 486 1706 556 αίρετίζοντας,
1780 488 1875 540 καὶ

1999 505 2006 538 l
2045 488 2348 552 irritarent,
2400 499 2456 545 et
2489 493 2591 548 hoc
2642 505 2921 564 appareat,
2958 499 3246 570 episcopis
3278 502 3392 557 sive
3449 506 3548 558 da:

313 601 332 634 ι
371 580 528 632 τοῦτο
559 575 770 646 δειχθῇ,
816 575 1115 646 κρινόντων
1168 576 1504 645 ἐπισκόπων,
1532 577 1642 630 τῶν
1697 577 1729 647 ἥ
1790 579 1874 632 δο-

310 687 332 732 ¢
378 668 582 723 θέντων
612 664 644 736 ἢ
704 665 1099 732 ὲπιλεγέντων,
1125 666 1193 734 τῇ
1221 665 1466 736 καθέδρᾳ
1496 667 1704 720 τούτων
1737 670 1876 722 ἁπο-

314 779 334 811 ι
378 756 860 812 καθιστάσθωσαν.
907 774 926 808 ι

384 849 662 917 Ἐἀνιτνες
680 847 789 900 τῶν
816 849 1129 902 ἐπισκόπων
1155 849 1262 902 τῶν
1279 849 1586 920 ἀνηκόντων
1605 850 1789 903 τόπων
1811 852 1874 919 τῇ
1951 851 1954 854 ’

303 944 479 994 αὐτῶν
505 941 745 1011 καθέδρᾳ
775 940 1115 1010 ἀμελήσωσι,
1144 942 1236 994 καὶ
1258 941 1698 1010 ὑπομνησθέντες
1725 941 1879 1012 παρὰ

299 1033 407 1086 τῶν
435 1031 794 1100 γειτνιώντων
821 1032 1005 1094 αὐτοῖς
1038 1033 1354 1085 ἐπισκόπων
1389 1033 1690 1102 ἐπιμελῶν,
1735 1035 1878 1086 ὥστε

235 1141 238 1143 λ
300 1122 756 1192 διεγερίλῆναιείς
791 1119 852 1173 τὸ
904 1121 1172 1184 παντοίως
1229 1122 1468 1176 σπεῦσαι
1509 1123 1635 1186 τοὺς
1697 1124 1877 1177 ἐκεῖσε

299 1215 461 1277 ὄντας
493 1212 805 1283 αἱρετικοὺς
843 1212 1220 1282 μεταστρέψαι
1253 1213 1392 1283 πρὸς
1412 1214 1512 1285 τὴν
1542 1213 1878 1284 ὀρθοδοξίαν,

302 1308 397 1362 καὶ
430 1306 583 1368 ἐντος
615 1304 803 1374 μηνῶν
855 1303 915 1368 ἓξ
951 1306 1096 1374 μετὰ
1137 1306 1234 1378 τὴν
1281 1306 1520 1361 αἰτίασιν
1603 1305 1757 1359 οὐδέν
1823 1323 1876 1358 τι

300 1398 600 1459 ἀνύσωσιν,
633 1395 758 1449 ἀλλ’
785 1399 846 1449 ὲν
876 1399 945 1468 τῇ
994 1396 1133 1466 αὐτῇ
1194 1396 1424 1466 μείνωσι
1475 1396 1878 1465 καταφρονήσει

298 1491 395 1550 καὶ
417 1489 664 1561 ῥᾳθυμίᾳ.
695 1505 710 1520 ο
742 1488 916 1561 ἑτέρῳ
944 1489 1251 1559 ὲπισκόπῳ,
1311 1488 1388 1558 τῷ
1423 1488 1706 1558 δυναμένῳ
1755 1486 1880 1542 τού-

299 1597 428 1641 τους
453 1580 736 1649 κερδᾶναι,
787 1580 1372 1650 προσκυρωθήσονται.
1430 1580 1494 1633 El
1544 1579 1728 1650 μέντοι
1757 1579 1878 1632 κατ’

301 1674 618 1742 οἰκονομίας
648 1670 806 1740 λόγον
834 1674 893 1725 οὐ
925 1673 1292 1743 διανέστησαν
1346 1671 1482 1744 πρὸς
1530 1671 1874 1742 ἐπιμέλειαν,

302 1766 392 1819 ἵνα
429 1767 506 1836 μὴ
529 1766 661 1830 τοὺς
712 1767 1024 1836 αἱρετικοὺς
1086 1766 1216 1828 ῐσως
1303 1767 1440 1835 πρὸς
1491 1767 1877 1836 ἀναισχυντίαν

1987 596 2004 629 ι
2035 581 2100 632 tis
2140 581 2254 634 sive
2274 581 2463 638 electis
2503 584 2816 656 judicibus,
2882 599 3069 643 eortina
3134 595 3404 648 cathedrae
3461 609 3547 650 res-

1984 687 2002 720 ι
2037 670 2346 726 stituantur.
2387 691 2406 724 ι

2051 849 2108 901 Si
2137 850 2229 918 qui
2254 852 2491 924 episcopi
2523 853 2638 909 loca
2670 855 2737 912 ad
2765 870 2895 913 suas
2916 859 3206 918 cathedras
3230 863 3553 934 pertinentia

1985 939 2252 1008 neglectui
2286 942 2598 1011 habuerint,
2641 957 2697 1001 et
2748 962 2782 1009 a
2819 949 3014 1007 vicinis
3047 953 3160 1008 suis
3214 955 3556 1026 diligentibus

1983 1031 2245 1100 admoniti
2280 1033 2570 1104 episcopis,
2608 1046 2663 1091 ut
2689 1052 2899 1094 summa
2923 1057 3026 1112 ope
3048 1043 3352 1104 niterentur
3379 1049 3552 1105 haere-

1983 1123 2140 1190 ticos,
2171 1126 2262 1194 qui
2304 1127 2376 1180 ibi
2418 1137 2567 1193 sunt,
2603 1129 2668 1184 ad
2714 1130 2872 1190 [idem
2916 1135 3270 1192 orthodoxam
3329 1154 3556 1196 conver-

1981 1223 2120 1280 tere,
2145 1227 2199 1272 et
2238 1219 2378 1272 intra
2420 1236 2518 1277 sex
2556 1237 2773 1278 menses
2804 1237 2926 1293 post
2960 1227 3388 1286 admonitionem
3421 1233 3555 1288 nihil

1981 1310 2204 1364 omnino
2231 1311 2529 1381 etfeccrint,
2557 1318 2652 1371 sed
2677 1317 2728 1370 in
2759 1319 2947 1374 eodem
2983 1321 3226 1390 neglectu
3259 1324 3558 1380 manserint

1981 1410 2038 1456 et
2068 1402 2276 1458 desidia
2308 1422 2321 1460 :
2363 1407 2452 1461 alii
2487 1409 2763 1478 episcopo,
2790 1411 2882 1480 qui
2907 1427 2973 1469 ea
3009 1414 3333 1472 lucrifacere
3356 1425 3555 1486 potest,

1984 1493 2385 1564 adjudicentur.
2417 1497 2474 1554 Si
2513 1512 2696 1557 autem
2740 1504 2897 1574 juxta
2945 1507 3435 1568 administrationis
3469 1527 3558 1567 ra-

1981 1586 2206 1653 tionem,
2239 1604 2300 1645 se
2329 1592 2396 1646 ad
2442 1593 2776 1665 diligentiam
2808 1614 2916 1653 non
2964 1601 3275 1658 excitarunt
3317 1618 3386 1660 ne
3419 1605 3559 1660 forte

1984 1679 2273 1740 haereticos
2305 1684 2372 1739 ad
2427 1685 2688 1756 majorem
2750 1691 3085 1760 proritarent
3140 1696 3556 1767 impudentiam,
3655 1700 3660 1706 ’

1984 1770 2077 1824 sed
2113 1781 2170 1826 ut
2200 1771 2313 1843 ipse
2337 1773 2482 1830 ducti
2510 1792 2606 1832 eos
2631 1780 2891 1848 patientia
2934 1785 3121 1854 potius
3143 1795 3198 1841 et
3241 1788 3573 1858 longanimi-t

305 1859 530 1932 μείζονα
577 1857 926 1928 διεγείρωσιν
954 1874 970 1890 ο
1025 1855 1240 1920 ἀλλ’ὡς
1285 1857 1599 1922 ἐλπίζοντες
1679 1859 1878 1923 αὐτοὺς

1999 1869 2092 1915 .ate
2113 1861 2458 1934 lucrifacere,
2489 1843 2839 1938 quieverunt,
2878 1843 3182 1932 et.interim
3212 1879 3302 1933 alii
3332 1843 3552 1950 quidam

303 1951 427 2020 μεθ’
455 1950 738 2021 ὑπομονῆς
771 1949 976 2018 μᾶλλον
1007 1947 1100 2001 καὶ
1160 1948 1555 2036 μακροθυμίας
1599 1951 1878 2020 κερδᾶναι,

1999 1953 2217 2023 ερίεοορί
2249 1955 2588 2026 diligentiam
2622 1976 2808 2017 eorum
2850 1965 3236 2036 anticiparunt,
3299 1947 3555 2026 ειιιοετος

258 2109 264 2114 _
298 2041 592 2110 ήσύχασαν
621 2054 638 2070 ο
673 2040 768 2090 καὶ
801 2039 860 2090 ὲν
887 2036 966 2106 τῷ
1007 2035 1213 2108 μεταξὺ
1243 2037 1422 2108 ἕτεροί
1449 2055 1594 2102 τινες
1627 2039 1734 2092 τῶν
1762 2041 1878 2093 ὲπι-

1999 2043 2215 2100 icorum
2250 2045 2368 2102 loca
2399 2049 2467 2104 iis
2512 2051 2820 2119 adiudicata
2855 2066 3003 2122 sunt,
3027 2035 3218 2114 ethoc
3245 2061 3546 2131 evincatur,

301 2132 524 2185 σκόπων
576 2131 676 2202 τὴν
753 2129 1077 2199 ἐπιμέλειαν
1159 2128 1342 2182 αὐτῶν
1415 2130 1720 2202 προέλαϐον
1789 2132 1878 2187 καὶ

2002 2137 2344 2194 udicantibus
2383 2140 2673 2213 episcopis,
2707 2145 2794 2200 vel
2834 2161 2862 2199 a
2895 2146 3132 2216 primate
3185 2150 3348 2215 datis,
3375 2153 3457 2207 vel
3489 2128 3558 2210 ab

309 2222 821 2294 προσεκυρώθησαν
864 2224 890 2276 ὲ
909 2222 1109 2287 κείνοις
1145 2221 1255 2276 τῶν
1282 2223 1573 2296 αἱρετικῶν
1597 2226 1644 2279 oi
1698 2225 1874 2291 τόποι,

299 2314 573 2370 καὶτοῦτο
622 2315 836 2385 δειχθῇ,
880 2314 1183 2384 κρινόντων
1245 2315 1585 2384 ἐπισκόπων,
1656 2317 1767 2371 τῶν
1839 2319 1875 2391 ἢ

301 2409 453 2480 παρὰ
472 2407 568 2461 τοῦ
606 2407 984 2478 πρωτεύοντος
1014 2407 1349 2478 δοθέντων,ἦ
1378 2408 1509 2480 παρ’
1544 2409 1876 2483 ἀμφοτέρων

298 2498 408 2552 τῶν
436 2499 770 2551 ἐπισκόπων
801 2498 1189 2566 ὲπιλεγέντων,
1217 2498 1294 2562 ὼς
1343 2499 1434 2552 διὰ
1474 2501 1735 2570 τοιαύτην
1795 2505 1876 2558 ol-

1983 2227 2249 2284 amhobus
2276 2230 2546 2302 episcopis
2594 2234 2804 2303 electis,
2849 2239 2991 2308 quod
3026 2251 3247 2311 propter
3279 2242 3437 2297 talem
3480 2246 3558 2300 ni-

1986 2320 2182 2377 mirum
2213 2327 2577 2382 oeconomiam
2627 2330 3046 2393 instructionem
3077 2347 3266 2388 eorum
3319 2337 3556 2409 neglige-

1979 2411 2154 2467 bant:
2190 2413 2498 2473 istiusmodi
2533 2418 2652 2476 loca
2687 2423 2962 2480 cathedra:
3028 2437 3215 2483 eorum
3247 2427 3446 2484 iterum
3474 2445 3560 2485 re.-

1986 2506 2307 2565 stituantur.

298 2595 560 2666 γενομίαν
593 2593 695 2662 τῆς
732 2592 1082 2658 διδασκαλίας
1103 2593 1265 2666 δῆθεν
1292 2594 1475 2650 αὐτῶν
1544 2596 1831 2670 ἠμέλησαν
1863 2615 1876 2632 ο
1910 2602 2380 2658 ἀποκαταστῶσιν
2404 2607 2560 2671 αὖθις
2581 2611 2647 2682 τῇ
2671 2609 2914 2682 καθέδρᾳ
2984 2612 3165 2667 αὐτῶν
3208 2616 3258 2666 oi
3325 2615 3557 2669 τοιοῦτοι

297 2689 474 2750 τόποι.

842 2779 1078 2842 ΚΛΝΩΝ
1112 2781 1288 2843 ΡΚΓ⁸.

378 2895 398 2927 ι
439 2875 564 2929 Ὅτι
606 2875 707 2927 οὐκ
737 2873 948 2944 ὀφείλει
984 2873 1095 2942 (59)
1153 2873 1261 2924 τῶν
1320 2872 1732 2943 ἐπιλεγομένων
1795 2874 1872 2926 δι-

303 2987 324 3022 .t
359 2968 584 3031 καστῶν
613 2968 645 3036 ἡ
670 2965 866 3035 γνώμη
883 2963 1308 3030 ὲξουθενεῖσθαι.
1352 2963 1485 3016 Ἀπὸ
1498 2963 1555 3016 δὲ
1588 2963 1697 3016 τῶν
1721 2963 1877 3019 δικα-

305 3081 325 3114 ι
375 3061 542 3123 στῶν,
568 3059 676 3114 τῶν
702 3059 846 3111 κατὰ
884 3058 1072 3126 κοινὴν
1121 3056 1432 3110 συναίνεσιν
1490 3056 1876 3124 έπιλεγέντων,

307 3175 325 3207 ι
373 3155 449 3224 μὴ
483 3151 690 3218 ἐξεῖναι
724 3149 1093 3205 ἐκκαλεῖσθαι.
1155 3151 1348 3213 Ὅστις
1396 3149 1453 3203 δὲ
1501 3149 1700 3221 δήποτε
1745 3151 1881 3203 ἀπο-

306 3267 325 3300 ι
365 3246 611 3318 δειχθείη
645 3245 736 3298 διὰ
769 3242 1089 3314 μονοτονίαν
1128 3241 1202 3312 μὴ
1242 3240 1419 3295 θέλειν
1441 3243 1555 3302 τοῖς
1597 3240 1877 3314 δικασταῖς

301 3359 321 3392 ι
359 3338 758 3408 πειθαρχήσαι,
806 3335 964 3388 τοῦτο
1035 3332 1324 3402 γινώσκων
1405 3332 1433 3384 ὁ
1493 3334 1595 3402 τῆς
1651 3329 1877 3402 πρώτης

305 3449 324 3481 ι
363 3429 645 3498 καθέδρας
673 3428 974 3488 ἐπίσκοπος
1002 3425 1163 3478 δώσει
1206 3425 1532 3497 γράμματα,
1599 3420 1741 3475 ὥστε
1769 3439 1877 3492 μη-

302 3539 320 3573 ι
368 3520 497 3573 δένα
528 3518 636 3570 τῶν
671 3517 995 3570 ἐπισκόπων
1037 3515 1184 3585 αὑτῷ
1239 3514 1594 3582 κοινωνῆσαι,
1659 3513 1766 3574 ἕως
1813 3503 1874 3564 οὗ

303 3629 322 3661 ι
361 3608 733 3678 πειθαρχήσῃ.
772 3625 790 3658 ι

369 3701 568 3753 ΒΑΛΣ.
596 3699 782 3770 Σαφής
811 3701 838 3752 ὁ
882 3697 1085 3751 κανών.
1109 3699 1418 3770 Διορίζεται
1458 3699 1564 3768 γὰρ
1604 3698 1678 3769 μὴ
1708 3701 1877 3751 ἑκκα-

295 3793 511 3848 λεῖσθαί
551 3811 674 3846 τινα
702 3791 844 3846 κατὰ
876 3791 975 3862 τῆς
1009 3791 1194 3861 ψήφου
1218 3790 1324 3842 τῶν
1381 3789 1438 3853 ἐξ
1469 3789 1730 3858 ὲπιλογῆς
1765 3788 1876 3844 τῶν

302 3885 488 3955 μερῶν
536 3885 874 3947 δικαζόντων
907 3885 1223 3936 ἐπισκόπων
1257 3897 1269 3909 ·
1304 3881 1396 3934 τὸν
1426 3881 1482 3932 δὲ
1513 3880 1671 3934 τοῦτο
1705 3881 1868 3951 ποιήο

301 3993 495 4037 σαντα,
528 3975 904 4045 ἀκοινωνησίᾳ
946 3971 1379 4042 κατακρίνεσθαι
1421 3972 1573 4041 παρὰ
1599 3973 1691 4024 τοῦ
1728 3989 1877 4041 πρω-

299 4069 577 4132 τεύοντος,
607 4069 779 4136 ἤγουν
808 4053 900 4120 τοῦ
925 4061 1346 4136 μητροπολίτου.
1371 4062 1559 4116 Ταῦτα
1590 4061 1683 4115 τοῦ
1715 4063 1881 4117 κανό-

300 4177 389 4223 νες
426 4159 830 4227 διοριζομένου,
855 4156 1004 4218 τινὲς
1049 4155 1148 4224 μὲν
1174 4151 1330 4208 εἷπον
1398 4153 1559 4207 τοῦτο
1633 4152 1879 4220 γίνεσθαι

299 4248 619 4311 ἀκολούθως
646 4247 723 4318 τῷ
748 4247 812 4300 ιο¹
846 4263 972 4314 κεφ.
1000 4244 1093 4298 τοῦ
1123 4244 1167 4314 β’
1193 4244 1376 4297 τίτλου
1413 4241 1507 4297 τοῦ
1565 4240 1607 4305 ζ’
1643 4242 1876 4312 βιϐλίου,

312 4340 380 4410 ,ᾧ
405 4340 625 4409 λέγοντι
657 4354 672 4368 θ
715 4338 773 4391 '0
797 4337 1016 4409 αἱρετὸς
1038 4336 1307 4407 δικαστὴς
1343 4337 1406 4390 τδ
1465 4334 1660 4388 δοκοῦν
1729 4335 1880 4406 αὐτῷ

300 4433 630 4503 ψηφίζεται,
680 4429 775 4484 καὶ
834 4429 893 4482 οὐ
965 4428 1426 4500 πολυπραγμονεῖ
1477 4425 1578 4498 τὴν
1637 4425 1822 4500 ψῆφον
1850 4426 1904 4493 ὁΔ

2522 2785 2749 2840 CANGN
2789 2787 3024 2843 CXXIII.

1987 2891 2005 2924 ι
2053 2873 2204 2939 Quod
2243 2889 2350 2929 non
2406 2877 2562 2930 debet
2623 2877 2918 2932 electorum
2975 2881 3222 2950 iudicum
3282 2884 3555 2937 sententia

2065 2983 2082 3014 ι
2122 2965 2272 3018 nihili
2310 2965 2494 3035 pendi.
2526 2967 2565 3018 Α
2595 2966 2877 3036 judicibus
2913 2979 3119 3038 autem,
3149 2973 3240 3040 qui
3281 2975 3555 3028 communi

2059 3073 2076 3106 ι
2115 3071 2385 3111 consensu
2423 3057 2579 3111 electi
2613 3067 2736 3112 sunt
2769 3073 2876 3113 non
2927 3059 3053 3114 licet
3105 3063 3394 3131 appellare.
3426 3063 3558 3130 Qui-

2063 3165 2081 3198 ε
2119 3163 2332 3218 cunque
2391 3164 2518 3203 vero
2565 3161 2819 3206 ostensus
2871 3149 3036 3206 fuerit
3100 3163 3318 3224 propter
3377 3157 3556 3224 pervi-

2058 3239 2309 3293 «caciam
2373 3240 2514 3295 nolle
2581 3241 2865 3308 judicibus
2933 3257 3157 3313 parere,
3214 3247 3316 3301 hoc
3376 3249 3558 3302 sciens

2057 3348 2075 3379 ι
2119 3330 2308 3400 primae
2336 3333 2483 3386 sedis
2531 3333 2841 3402 episcopus,
2901 3335 3047 3388 dabit
3089 3337 3322 3399 litteras,
3353 3349 3413 3390 ut
3441 3339 3559 3391 nui-

2061 3439 2080 3472 ι
2115 3423 2195 3478 lus
2236 3424 2282 3476 ei
2325 3424 2607 3494 episcopus
2641 3425 3006 3479 communicet
3032 3415 3205 3489 donec
3235 3429 3498 3496 paruerit.
3529 3447 3548 3479 ι

2052 3689 2249 3748 BALS.
2285 3691 2478 3745 Clarus
2511 3700 2600 3745 est
2625 3705 2824 3748 canon.
2860 3693 3063 3749 Statuit
3087 3697 3253 3762 enim,
3287 3697 3557 3752 neminem

1982 3781 2257 3850 appellare
2287 3780 2482 3836 debere
2504 3782 2766 3837 adversus
2826 3787 3148 3848 sententiam
3180 3787 3556 3858 episcoporum

1990 3873 2082 3940 qui
2127 3888 2192 3926 ex
2239 3874 2474 3942 partium
2533 3874 2796 3929 electione
2839 3875 3091 3942 judicant'
3132 3917 3145 3931 .
3199 3893 3322 3931 eum
3375 3891 3555 3934 autem

1983 3964 2073 4033 qui
2117 3965 2218 4018 hoc
2261 3962 2476 4028 fecerit,
2538 3967 3115 4024 excommunicatione
3151 3970 3556 4026 condctnnaria

1982 4060 2212 4126 primate
2257 4071 2350 4111 seu
2407 4056 2851 4126 metrOpolitano.
2914 4058 3204 4129 Ilzee,cum
3239 4064 3288 4114 'a
3348 4078 3558 4119 canone

1982 4147 2387 4215 deeernantur,
2439 4149 2695 4203 dixerunt
2749 4152 2965 4219 quidem
3011 4155 3250 4213 nonnulli
3297 4156 3398 4210 hoc
3441 4156 3559 4211 ﬁeri

1983 4250 2380 4311 consequenter
2419 4243 2580 4313 capiti
2617 4243 2680 4297 19
2729 4245 2815 4298 tit.
2864 4245 2898 4299 2
2923 4245 3043 4300 libri
3073 4263 3166 4311 vn,
3213 4249 3356 4318 quod
3379 4250 3510 4304 dicit
3541 4268 3556 4281 ο

1983 4331 2268 4392 Electitius
2308 4335 2496 4406 judex,
2530 4339 2671 4406 quod
2724 4338 2826 4393 sibi
2873 4339 3105 4405 videtur,
3145 4342 3410 4409 decernit,
3456 4361 3560 4398 nec

1983 4435 2182 4496 praetor
2213 4427 2375 4482 ullam
2428 4429 2493 4482 de
2530 4428 2647 4492 ejus
2689 4432 2957 4484 sententia
3004 4447 3189 4487 curam
3237 4431 3397 4505 gerit.
3429 4435 3559 4492 Mihi

305 4525 562 4595 πραίτωρ
589 4541 602 4554 ·
646 4524 774 4603 ἐμοὶ
803 4523 860 4576 δὲ
897 4522 1050 4607 δοκεῖ
1081 4519 1304 4591 μὴπερὶ
1347 4519 1608 4573 τοιούτων
1645 4519 1878 4589 αἱρετῶν

1999 4529 2166 4574 intem
2207 4521 2440 4584 videtur,
2496 4536 2598 4575 non
2642 4523 2707 4577 de
2771 4523 3044 4592 ejuswodi
3107 4527 3362 4582 electitiis
3414 4531 3557 4599 loqui

298 4619 579 4672 διδάσκειν
605 4600 702 4670 τὸν
727 4616 933 4670 κανόνα
958 4632 971 4646 ·
1002 4605 1228 4677 τούτους
1258 4614 1366 4682 γὰρ
1391 4613 1536 4678 δόσις
1569 4611 1876 4682 προστίμου

301 4711 598 4779 καθίστησι
654 4707 943 4771 δικαστὰς,
1017 4707 1239 4761 ἰδιώτας
1295 4705 1493 4768 ὄντας·
1549 4705 1685 4758 ἀλλὰ
1747 4703 1877 4774 περὶ

302 4802 622 4855 ἐπισκόπων
655 4799 890 4870 ἐχόντων
949 4797 1341 4852 δικαιοδοσίαν.
1397 4794 1554 4850 Εἶναι
1594 4796 1651 4850 δὲ
1705 4795 1875 4853 ίδικὺν

298 4893 462 4946 τοῦτο
493 4894 576 4955 εὶς
599 4889 1192 4961 τὰς’ὲκκλησιαστικὰς
1219 4889 1508 4952 ὑποθέσεις
1558 4888 1652 4942 καὶ
1681 4890 1872 4958 μόνας,

299 4984 490 5055 ὥσπερ
535 4984 630 5036 καὶ
653 4981 792 5036 ἄλλα
846 4979 1039 5037 πολλά.
1104 4983 1164 5034 Οί
1221 4981 1333 5052 γὰρ
1397 4981 1672 5036 πολιτικοὶ
1719 4979 1876 5048 νόμοι

304 5076 448 5129 κατὰ
476 5074 682 5138 παντὸς
713 5073 979 5127 δικαστοῦ
1028 5074 1385 5127 ἐκκαλεῖσθαι
1427 5071 1760 5144 ἑκχωροῦσι,
1780 5072 1883 5126 κᾶν

303 5166 361 5233 ἐξ
393 5166 656 5236 ἑπιλογῆς
682 5164 793 5219 τῶν
819 5168 1004 5237 μερῶν
1027 5165 1264 5235 κατέστη
1296 5183 1381 5229 τις
1407 5166 1691 5236 δικαστής.

374 5258 620 5313 ΖΩΝΑΡ.
687 5257 817 5310 Ἐὰν
895 5257 1041 5311 κατὰ
1088 5257 1276 5328 κοινὴν
1332 5258 1561 5329 γνώμην
1622 5265 1672 5316 oi
1725 5265 1884 5337 δίκην

309 5350 528 5422 ἔχοντες
556 5349 696 5418 πρὸς
732 5349 999 5420 ἀλλήλους
1035 5351 1419 5420 αἰρετίσωνται
1461 5352 1749 5420 δικαστὰς,
1782 5359 1881 5412 οὐκ

1933 4619 1939 4625 ’
1986 4628 2282 4682 canonent;
2311 4629 2484 4682 paena
2506 4615 2650 4670 enim
2689 4617 2835 4674 datio
2879 4633 2972 4673 eos
3012 4620 3227 4688 judices
3253 4625 3556 4686 constituit,

1986 4722 2106 4760 cum
2137 4708 2243 4761 sint
2273 4709 2503 4771 privati,
2540 4709 2632 4763 sed
2675 4709 2740 4763 de
2785 4712 3076 4779 episcopis,
3120 4713 3209 4780 qui
3250 4715 3446 4767 habent
3474 4718 3559 4784 ju-

1989 4798 2406 4854 risdictionetn’:
2472 4814 2592 4854 esse
2647 4810 2828 4854 autem
2891 4803 2990 4856 hoc
3057 4803 3552 4859 ecclesiasticarum

1984 4905 2294 4956 causarum,
2329 4907 2625 4961 earumque
2672 4892 2910 4946 solarum
2976 4894 3274 4963 proprium,
3333 4898 3473 4952 sicut
3504 4912 3558 4953 et

1988 4983 2156 5036 multa
2219 4984 2344 5036 alia.
2407 4982 2576 5052 Leges
2627 4983 2772 5038 enim
2807 4983 2998 5038 civiles
3047 4986 3115 5039 ab
3163 4989 3311 5043 omni
3374 4991 3559 5060 judice

1987 5075 2260 5142 appellare
2288 5076 2624 5143 permittunt,
2655 5076 2863 5129 etiamsi
2929 5077 3050 5146 quis
3078 5094 3141 5131 cx
3175 5081 3408 5146 partium
3439 5085 3555 5140 ele-

1985 5169 2164 5223 ctione
2191 5170 2523 5222 censtitutus
2560 5166 2741 5223 fuerit.

2054 5257 2310 5313 ZONAR.
2338 5257 2392 5312 Si
2435 5257 2644 5327 iudices
2668 5259 2940 5313 communi
2969 5276 3234 5318 consensu
3267 5265 3550 5336 elegerint,

1985 5354 2072 5423 qui
2108 5353 2350 5424 litigant;
2385 5353 2462 5406 eis
2495 5353 2562 5406 ab
2604 5353 2816 5409 illorum
2869 5357 3139 5409 sententia
3176 5359 3243 5411 ad
3297 5361 3433 5415 alios
3464 5363 3558 5430 ju-

1541 5450 1706 5512 Guil.
1741 5453 2073 5532 Beveregii
2110 5458 2296 5514 nolle.

376 5548 492 5618 (59)
521 5548 641 5600 Ὅτι
667 5546 1050 5618 οὐκνόφείλεί.
1083 5547 1165 5602 Ad
1210 5548 1352 5602 hunc
1400 5550 1562 5604 etiam
1615 5567 1878 5607 canonctn

307 5620 364 5673 in
390 5617 584 5674 codice
610 5617 1050 5672 Amerbachiano
1077 5622 1181 5672 sub
1235 5619 1433 5673 scholii
1487 5623 1709 5676 nomine
1762 5625 1877 5678 haec

304 5690 581 5759 leguntur,
608 5686 881 5759 Περὶᾼτῶν
918 5688 992 5758 μὴ
1020 5689 1477 5758 πειθαρχούντων’
1515 5693 1626 5752 τοῖς
1653 5695 1875 5757 οἰκείοις

304 5757 647 5822 ἐπισκόποις,
679 5757 773 5830 κα]-
796 5757 1260 5826 περϊὲπισκόπων
1301 5764 1376 5830 μὴ
1411 5761 1715 5829 δεχομένων
1747 5766 1872 5825 τοὺς

304 5825 771 5896 ἁποὸὶπλθένταςῆ
815 5831 1237 5896 ἁκοινωνήτους.
1277 5825 1576 5895 ΠιεΊὶεῇιᾶ
1617 5834 1869 5896 episcopis

1990 5556 2101 5608 suis
2131 5570 2231 5608 non
2259 5553 2638 5623 obtemperant,
2682 5560 2728 5604 et
2758 5550 2821 5604 de
2848 5551 3103 5620 episcopis
3127 5569 3242 5623 non
3299 5557 3560 5623 recipior:-

1988 5627 2126 5678 tibus
2179 5627 2369 5692 ejectos
2417 5622 2494 5676 uel
2554 5624 3058 5676 excommunicatos.
3127 5621 3324 5698 verum
3383 5621 3559 5698 neque

1983 5697 2086 5749 hoc
2118 5697 2311 5750 scholii
2355 5708 2552 5750 nomen
2609 5703 2869 5758 meretur,
2929 5707 3107 5762 neque
3185 5692 3310 5747 huic
3365 5692 3565 5764 cationi.

1980 5769 2233 5837 quadrat.
