3944 6398
398 385 510 447 Ἑθθ

1661 370 1933 431 TIIEOD.
1979 368 2075 428 BA
2085 370 2215 428 LSA
2226 367 2381 428 ΜοΝ

3540 361 3633 428 400

411 496 555 547 dices
607 486 933 559 provocandi
988 500 1093 540 non
1129 483 1352 539 dabitur
1391 480 1641 535 facultas.
1678 480 1833 546 Quod
1892 481 1975 534 lex

2120 479 2301 543 ξέσται
2334 478 2517 538 αὐτοῖς
2550 472 2902 528 ἐκκαλεῖσθαι
2950 473 3093 529 κατά
3116 475 3212 545 τῆς
3243 474 3417 545 ψήφου
3448 477 3628 532 αὐτῶν.

409 597 622 653 quoque
648 581 825 637 civilis
850 579 944 634 lib.
991 592 1083 642 vn,
1118 576 1201 629 tit.
1233 574 1267 629 5
1313 589 1415 644 cap
1454 572 1495 627 '9
1541 571 1754 626 Basilic.
1788 574 1859 626 ita
1890 573 1985 626 de-

414 660 609 739 cernit,
653 674 840 728 dicens
871 689 885 724 :
943 668 1229 723 Electitins
1264 666 1429 736 iudex
1460 679 1521 719 ex
1561 679 1715 734 aequo
1739 675 1793 718 et
1824 667 1983 726 bono,

411 767 554 837 quod
594 765 694 820 sibi
747 764 982 826 videtur,
1033 760 1254 826 statuit;
1299 773 1473 827 neque
1504 757 1557 811 in
1602 756 1718 825 ejus
1751 768 1987 810 scnten—

416 862 546 915 tiam
589 858 805 913 curiose
839 867 1033 923 praetor
1068 851 1312 921 inquirit.
1351 848 1502 915 Quod
1535 863 1662 902 vero
1717 847 1866 899 addit
1896 861 1986 900 ca-

420 968 549 1015 non,
604 947 867 1017 ejusmodi
900 954 1014 1009 est,
1076 954 1132 996 ιιι
1182 943 1225 996 si
1267 942 1389 1009 quis
1420 940 1697 1003 nimirum,
1731 940 1812 992 sui
1848 938 1985 1004 juris

416 1059 479 1096 ac
510 1040 796 1096 sententiae
824 1038 1052 1091 nimium
1076 1043 1242 1087 tera:
1279 1041 1438 1102 atque
1470 1030 1810 1100 praefractus,
1839 1029 1987 1096 judi-

415 1134 570 1187 eibus
603 1145 708 1183 non
748 1126 989 1191 obediat,
1020 1124 1206 1194 prima
1233 1121 1381 1178 sedis
1423 1121 1708 1188 episcomts
1760 1118 1984 1187 reliquis

416 1221 685 1293 episcopis
716 1218 910 1272 litteris
937 1215 1237 1277 denuntiet,
1266 1221 1326 1268 ut
1356 1213 1424 1266 ab
1445 1210 1559 1280 eius
1584 1212 1980 1274 communione,

414 1311 674 1380 quamdiu
707 1310 796 1362 ille
818 1321 1007 1376 parere
1036 1305 1388 1367 recusaverit,
1423 1302 1751 1355 abstineant.

412 1406 579 1478 658
613 1400 835 1457 ARIST.
893 1418 912 1450 ι
951 1396 1119 1453 Iudex
1166 1396 1235 1450 ab
1279 1395 1540 1449 ambabus
1608 1392 1849 1462 partibus
1878 1392 1987 1447 εις-

744 1511 777 1544 ιι
816 1500 934 1545 ctus
974 1487 1207 1544 recusari
1245 1501 1349 1539 non
1389 1492 1582 1552 potest.
1619 1503 1637 1535 ι

494 1591 605 1643 Nec
664 1585 902 1656 ἐνίει-(φῖ
972 1596 1073 1635 nec
1130 1580 1314 1635 clerici
1376 1577 1649 1632 communi
1710 1590 1983 1630 consensu

419 1685 704 1751 episcopos
727 1676 939 1746 judices
964 1672 1261 1738 eligentes,
1293 1679 1348 1722 et
1397 1668 1464 1721 ab
1486 1668 1551 1721 iis
1563 1666 1814 1736 jndicati,
1850 1681 1981 1721 con-

422 1788 499 1830 tra
547 1788 732 1828 eorum
774 1768 1097 1824 sou-tentiam
1136 1760 1408 1832 appellare
1469 1768 1689 1828 possunt
1737 1775 1751 1811 :
1789 1767 1845 1813 et
1884 1758 1985 1812 hoc

2089 571 2262 624 Τοῦτο
2297 569 2352 622 δὲ
2379 568 2473 621 καὶ
2520 569 2550 620 6
2601 558 2884 630 πολιτικὸς
2930 565 3093 635 νόμος
3122 565 3266 619 οὕτω
3308 568 3539 632 θεσπίζει
3581 573 3631 623 ἐν

2090 661 2284 732 βιϐλίῳ
2307 659 2375 723 ζ’,
2404 658 2570 728 τίτλῳ
2600 658 2645 728 β’
2685 659 2881 729 κεφαλ.
2935 655 2999 711 ιθ⁹
3069 657 3279 725 λέγων·
3325 656 3384 710 Ὀ
3434 660 3634 730 αίρετδς

2088 753 2352 823 δικαστὴς
2376 753 2437 805 τὸ
2457 750 2652 805 δοκοῦν
2678 750 2829 818 αὑτῷ
2852 749 3173 820 ψηφίζεται,
3234 750 3326 803 καὶ
3374 750 3434 803 οὐ
3488 751 3638 803 πολυ-

2090 846 2408 915 πραγμονεῖ
2439 843 2539 915 τὴν
2592 842 2776 911 ψῆφον
2819 844 2847 895 6
2886 841 3158 914 πραίτωρ.
3219 837 3350 893 Εἶτα
3386 842 3568 907 ἐπάξει
3615 845 3640 894 ό

2089 936 2273 990 κανών
2295 953 2308 966 ·
2344 936 2539 998 Ὅστις
2563 935 2620 987 δέ
2650 935 2739 988 διὰ
2779 935 3122 1004 μονοτονίαν,
3180 933 3352 1001 ἤγουν
3433 935 3636 1003 ίσχυρο-

2089 1028 2453 1098 γνωμοσύνην
2522 1028 2554 1097 ἢ
2623 1026 3026 1095 ἀναισχυντίαν,
3076 1026 3136 1078 οὐ
3191 1027 3472 1094 πειθαρχεῖ
3543 1027 3645 1087 τοῖς

2098 1122 2407 1182 δικασταῖς,
2483 1120 2511 1171 6
2567 1122 2666 1189 τῆς
2737 1119 2960 1188 πρώτης
3042 1117 3311 1184 καθέδρας
3365 1116 3643 1178 ἐπίσκοπος

2089 1212 2383 1266 ἐντελεῖται
2441 1211 2529 1265 δ;ὰ
2614 1210 2959 1281 γραμμάτων
3020 1212 3133 1272 τοῖς
3201 1210 3518 1271 ἐπισκόποις
3575 1207 3646 1278 μὴ

2089 1305 2521 1373 συγκοινωνῆσαι
2562 1302 2734 1373 αὐτῷ,
2789 1302 2891 1367 ἕως
2944 1297 3008 1355 οὗ
3046 1303 3414 1373 πειθαρχὴσῃ.

2085 1397 2312 1451 ΑΡΙΣΤ.
2345 1415 2364 1449 ι
2412 1395 2470 1450 Ὀ
2501 1396 2565 1448 ἐκ
2595 1395 2703 1449 τῶν
2758 1394 2853 1448 δύο
2920 1393 3105 1464 μερῶν
3161 1394 3404 1463 αἱρεθεὶς
3470 1394 3650 1465 κριτὴς

2601 1503 2619 1536 ι
2657 1486 3111 1555 ἀπαράγραπτος.
3152 1502 3170 1533 ι

2158 1578 2296 1633 Οὔτε
2321 1577 2610 1631 ἐπίσκοποι
2649 1578 2775 1630 οὔτε
2797 1576 3072 1646 κληρικοὶ,
3131 1577 3272 1630 κατὰ
3329 1574 3512 1644 κοινὴν
3540 1590 3655 1626 συν-

2088 1668 2296 1722 αίνεσιν
2328 1668 2590 1730 δικαστὰς
2619 1667 2952 1730 ἐπισκόπους
2978 1665 3382 1734 ἐπιλεξάμενοι,
3415 1665 3508 1718 καὶ
3538 1664 3658 1733 παρ’

2087 1760 2273 1822 αὐτοῖς
2347 1757 2651 1828 κριθέντες,
2717 1757 2858 1810 κατά
2933 1756 3033 1824 τῆς
3101 1757 3431 1824 ἀποφάσεως
3487 1754 3657 1808 αὐτιῖν

416 1883 523 1921 ltuit
560 1866 648 1919 hic
707 1872 937 1925 tantum,
969 1859 1068 1913 sed
1119 1866 1172 1912 ct
1211 1855 1272 1908 in
1317 1852 1435 1907 aliis
1488 1850 1767 1920 praesentis
1798 1849 1987 1921 synodi

2126 1852 2347 1907 tivavrat
2374 1849 2725 1904 ἐκκαλεῖσθαι
2752 1866 2765 1879 ·
2803 1852 2895 1902 καὶ
2924 1848 3083 1901 τοῦτο
3111 1850 3211 1902 οὐκ
3278 1846 3512 1901 ἐνταῦθα
3565 1845 3656 1914 μό-

416 1958 715 2014 rationibus
744 1957 1019 2010 decretum
1045 1951 1162 2006 fuit.

958 2130 1186 2190 CANON
1209 2128 1449 2185 CXXIV.

423 2250 444 2282 ι
495 2230 563 2285 Ut
590 2228 869 2298 episcopus
902 2225 996 2295 qui
1045 2223 1318 2295 propriam
1350 2218 1624 2275 dimsesim
1667 2211 1987 2277 contemnit,

502 2338 521 2372 ι
555 2319 800 2392 privetur
828 2314 1232 2395 communione.
1267 2310 1323 2367 Si
1353 2310 1407 2364 in
1458 2305 1758 2362 matriculis
1787 2317 1881 2357 seu
1934 2302 1987 2353 in

488 2428 521 2460 ιι
557 2405 829 2462 cathedris
856 2391 1147 2475 episcopus
1195 2398 1469 2468 negligens
1521 2393 1685 2449 fuerit
1733 2391 1991 2444 adversus

502 2518 521 2553 ι
560 2496 869 2563 haereticos,
930 2494 1342 2548 admoneatura
1395 2485 1590 2541 vicinis
1647 2480 1994 2552 diligentibus

500 2606 526 2641 ι
562 2584 832 2655 episcopis
858 2589 960 2636 :et
1005 2580 1054 2635 ei
1099 2578 1317 2649 propria
1370 2574 1688 2631 ostendatur
1719 2567 1992 2639 negligen-

504 2698 523 2732 ι
563 2681 661 2744 tia,
694 2678 762 2732 ad
819 2676 920 2730 hoc
945 2686 1013 2728 ne
1034 2669 1439 2727 excusationem
1477 2663 1697 2720 habeat.
1729 2660 1786 2716 Si
1812 2668 1992 2712 autent

504 2789 527 2825 ι
569 2786 600 2826 a
635 2785 744 2841 quo
769 2768 854 2823 die
869 2763 1233 2823 commonitus
1260 2758 1452 2826 fuerit,
1472 2757 1617 2813 intra
1651 2770 1745 2810 sex
1781 2764 1994 2807 menses

522 2882 542 2916 ι
585 2863 638 2916 in
667 2859 856 2917 eadem
889 2855 1168 2929 provincia
1206 2854 1409 2924 degens
1435 2893 1451 2919 ,
1506 2864 1613 2905 non
1660 2862 1870 2910 eorum,
1901 2845 1994 2915 qui

517 2973 537 3005 ι
574 2951 774 3008 debent
796 2949 863 3003 ad
888 2946 1209 3003 catholicam
1246 2942 1498 2998 unionem
1521 2938 1786 3003 converti,
1805 2949 1989 2991 curam

515 3065 533 3098 ι
561 3043 783 3117 gesserit
811 3054 971 3096 :cum
993 3052 1059 3094 eo
1083 3051 1193 3092 non
1243 3033 1695 3096 communicetur,
1730 3029 1902 3084 donec
1936 3028 1989 3080 id

501 3158 535 3190 -ι
577 3132 903 3206 impleverit.
935 3131 995 3187 Si
1021 3137 1200 3184 autem
1229 3134 1518 3181 exsecutor
1540 3123 1593 3177 iu
1621 3123 1687 3178 iis
1719 3122 1853 3176 locis
1885 3134 1991 3175 non

508 3252 536 3284 ι(
570 3201 828 3294 adiuerit,
861 3224 1111 3297 episcopo
1138 3235 1204 3277 ne
1240 3216 1634 3276 adscribatur»
2022 3201 2063 3257 C

489 3498 782 3557 'BALS.1u
811 3508 1017 3553 canone
1052 3493 1147 3548 121
1213 3492 1347 3546 satis
1399 3489 1714 3559 scripsimus
1761 3487 1826 3542 de
1881 3485 1996 3553 epi—

430 3597 608 3664 scopis
657 3593 746 3663 qui
800 3590 998 3644 nullam
1031 3600 1213 3641 curam
1259 3591 1450 3655 gerunt
1479 3582 1837 3637 docendorum
1865 3593 1995 3633 suo-

431 3702 549 3740 rum
579 3686 900 3756 populorum
938 3697 954 3736 :
988 3679 1054 3733 de
1079 3677 1272 3746 quibus
1301 3688 1537 3744 praesens
1578 3687 1789 3742 quoque
1820 3685 1993 3725 canon

424 3779 576 3840 dicit,
637 3773 910 3843 adjicicns
970 3774 1368 3837 consequenter
1420 3765 1618 3820 canoni
1675 3760 1993 3833 apostolico,

423 3863 967 3922 excommunicationi
1026 3860 1221 3929 subjici
1277 3873 1369 3915 eos
1410 3858 1500 3926 qui
1554 3867 1672 3928 post
1713 3855 1997 3911 denuntia-

431 3964 630 4014 tionem
664 3956 792 4011 illos
816 3956 1009 4009 docere
1031 3950 1332 4021 negligant,
1369 3950 1460 4019 qui
1487 3949 1540 4001 in
1569 3946 1868 3999 matricutis
1898 3958 1993 4000 seu

426 4051 567 4104 inter
628 4045 1008 4101 catbedrarum
1066 4055 1286 4096 suarum
1343 4048 1434 4093 aut
1478 4037 1831 4093 ecclesiarum
1873 4034 1993 4102 jura

424 4151 569 4203 sunt,
635 4137 941 4192 haereticus.
998 4134 1055 4188 Si
1097 4144 1276 4186 autem
1331 4137 1639 4191 exsecutor,
1700 4125 1894 4195 inquit,
1926 4127 1993 4179 ab

424 4231 679 4301 episcopo
707 4227 1037 4290 admonitus,
1068 4234 1125 4277 ut
1155 4222 1221 4277 ad
1254 4223 1428 4277 locum
1459 4221 1764 4283 accederet,
1793 4226 1846 4271 ct
1879 4219 1993 4270 luc-

427 4324 624 4376 rcticos
658 4328 892 4380 mearet,
950 4317 1053 4372 hoc
1083 4330 1190 4369 non
1246 4312 1474 4377 fecerit,
1513 4310 1687 4379 culpae
1724 4326 1831 4362 nou
1891 4307 1995 4360 erit

428 4413 601 4468 amnis
627 4412 930 4480 episcopus.
967 4410 1061 4463 Est
1089 4408 1232 4462 enim
1264 4407 1367 4459 hoc
1395 4416 1611 4472 quoque
1659 4400 1997 4455 rationabilis

2089 1958 2202 2006 vov,
2234 1940 2369 1994 ἀλλὰ
2389 1941 2479 1993 καὶ
2510 1940 2566 1990 ἐν
2599 1939 2805 2009 ἑτέροις
2837 1939 3023 1993 κανόσι
3059 1941 3157 2010 τῆς
3203 1937 3485 2007 παρούσης
3517 1935 3662 1988 συνό-

2083 2036 2181 2089 δου
2208 2032 2445 2103 ὡρίσθη.

2636 2126 2871 2180 ΚΑΝΩΝ
2900 2123 3070 2180 ΡΚΔ’.

2098 2233 2119 2269 α
2157 2218 2321 2272 Ὥστε
2360 2218 2452 2271 τὸν
2520 2218 2971 2289 καταφρονοῦντα
3025 2218 3123 2284 τῆς
3179 2217 3319 2280 ίδῖας
3354 2214 3665 2287 διοικήσεως

2172 2327 2190 2360 ι
2240 2310 2539 2363 ἐπίσκοπον
2571 2311 2880 2380 στερεῖσθαι
2907 2310 3007 2379 τῆς
3062 2310 3383 2373 κοινωνίας.
3444 2308 3571 2361 Ἐὰν
3611 2307 3664 2359 ἐν

2170 2420 2188 2453 ι
2234 2404 2347 2466 τοῖς
2379 2402 2711 2472 ματρικίοις,
2748 2402 2917 2474 ἤγουν
2942 2405 3002 2455 ἐν
3034 2402 3157 2463 ταῖς
3196 2402 3528 2472 καθέδραις,
3562 2400 3667 2453 ἐπίο

2171 2513 2187 2545 ι
2234 2510 2437 2556 σκοπος
2462 2494 2672 2564 ἀμελὴς
2699 2495 2923 2565 γένηται
2974 2497 3117 2551 κατὰ
3178 2497 3292 2550 τῶν
3359 2492 3670 2565 αἱρετικῶν,

2172 2602 2190 2637 ι
2231 2584 2611 2655 ὑπομνησθείη
2658 2585 2766 2639 ἀπὸ
2795 2587 3162 2653 γειτνιώντων
3210 2588 3537 2641 ἐπισκόπων
3559 2588 3673 2638 ἐπι-

2173 2697 2191 2729 (
2242 2677 2443 2748 μελῶν,
2474 2679 2571 2731 καὶ
2607 2679 2956 2751 ὑποδειχθείη
2990 2680 3142 2751 αὐτῷ
3178 2682 3213 2748 ἡ
3275 2682 3385 2735 ίδία
3414 2677 3672 2750 περιφρό-

2174 2789 2192 2823 ⁶
2236 2787 2392 2842 νησιῖ
2429 2772 2567 2842 πρὸς
2597 2772 2658 2824 τδ
2691 2772 2768 2842 μὴ
2809 2771 2950 2842 ἔχειν
2980 2773 3306 2843 ἀπολογίαν.
3343 2773 3471 2826 Ἐἀν
3505 2771 3560 2823 δέ
3587 2767 3675 2837 ἀφ’

2176 2882 2193 2914 ι
2230 2858 2297 2934 ἧς
2338 2864 2552 2935 ἡμέρας
2587 2863 2938 2934 ὑπομνησθῇ,
2978 2865 3131 2927 ἐντος
3168 2865 3364 2937 μηνῶν
3409 2864 3470 2931 ἒξ
3508 2865 3565 2916 ἐν
3600 2864 3663 2932 τῇ

2181 2978 2197 3011 t
2241 2960 2377 3030 αὐτῇ
2410 2959 2648 3030 ἐπαρχίᾳ
2672 2959 2898 3029 διάγων,
2936 2958 3009 3029 μὴ
3035 2958 3145 3012 τῶν
3171 2960 3514 3027 ὀφειλόντων
3546 2956 3674 3026 πρκ

2108 3078 2111 3083 ι
2176 3070 2194 3104 ι
2234 3054 2332 3122 τὴν
2394 3052 2687 3124 καθολικὴν
2767 3054 2995 3124 ἑνότητα
3077 3055 3499 3126 ἐπιστραφῆναι
3590 3050 3681 3120 τὴν

2176 3162 2195 3196 ι
2239 3145 2500 3215 φροντίδα
2555 3146 2895 3215 ποιήσηται·
2939 3145 3017 3217 τῷ
3049 3147 3285 3217 τοιούτῳ
3346 3147 3425 3217 μὴ
3464 3162 3682 3213 συγκοι-

2175 3256 2194 3288 ι
2235 3237 2470 3308 νωνηθῇ,
2506 3238 2613 3301 ἕως
2645 3233 2706 3292 οὗ
2757 3238 2915 3291 τοῦτο
2942 3237 3235 3310 πληρώσῃ.
3271 3240 3337 3293 Ei
3377 3240 3435 3294 δέ
3469 3242 3498 3293 6
3533 3237 3684 3302 ἐπεξ-

2180 3349 2199 3380 ι
2236 3329 2510 3401 εργαστὴς
2572 3332 2649 3392 εἰς
2683 3330 2807 3394 τοὺς
2867 3329 3066 3392 αὐτοὺς
3099 3331 3310 3396 τόπους
3372 3331 3450 3403 μὴ
3516 3346 3685 3401 παρα-

2174 3442 2190 3474 ι
2233 3422 2478 3492 γένηται,
2509 3420 2584 3490 τῷ
2605 3422 2889 3491 ἐπισκόπῳ
2918 3422 2993 3492 μὴ
3030 3424 3349 3496 ἐπιγραφῇ.
3387 3425 3407 3476 ἰ

2168 3513 2365 3568 ΒᾹΛΣ.
2411 3514 2499 3568 Ἐν
2528 3512 2606 3584 τῷ
2633 3511 2756 3584 ρκα¹
2786 3515 2971 3568 κανόνι
3013 3516 3338 3586 ἀρκούντως
3367 3516 3689 3586 ἐγράψαμεν

2100 3608 2228 3677 περὶ
2261 3605 2368 3658 τῶν
2405 3606 2753 3675 ἀμελούντων
2781 3607 3102 3660 ἐπισκόπων
3166 3610 3277 3680 τῆς
3334 3607 3691 3670 διδασκαλίας

2099 3699 2206 3753 τῶν
2243 3700 2336 3751 ὑπ’
2371 3699 2570 3761 αὐτοὺς
2606 3697 2750 3751 λαῶν
2776 3715 2791 3730 ο
2829 3700 2961 3768 περὶ
3006 3693 3081 3752 ὧν
3133 3702 3234 3752 καὶ
3283 3700 3487 3771 παρὼν
3520 3698 3695 3752 κανών

2104 3803 2261 3855 φησι,
2328 3786 2757 3855 προστιθέμενος
2841 3786 3150 3851 ἀκολούθως
3209 3789 3293 3859 τῷ
3352 3788 3697 3858 ἀποστολικῷ

2100 3878 2286 3931 κανόνι
2304 3878 2597 3948 ἀφορισμῷ
2616 3878 2883 3948 ἀκοινωνη
2892 3880 3009 3941 σίας
3029 3879 3166 3932 καθυ
3181 3883 3287 3932 ποτ
3294 3882 3427 3936 ἁλλε
3436 3881 3564 3935 σθαι
3580 3882 3699 3940 τοὺς

2101 3970 2238 4035 μετὰ
2273 3969 2648 4038 παραγγελίαν
2674 3968 3010 4039 ἀμελοῦντας
3065 3969 3158 4022 τοῦ
3195 3972 3495 4026 δ.δὰσκειν
3569 3970 3694 4032 τοὺς

2101 4063 2160 4112 ὲν
2217 4065 2331 4124 τοῖς
2370 4061 2704 4131 ματρικίοις,
2741 4058 3041 4132 ῆγουν’τοῖς
3072 4061 3315 4127 δικαίοις
3370 4065 3483 4117 τῶν
3541 4064 3689 4116 καθεν

2098 4150 2240 4221 δρῶν
2266 4151 2385 4221 ἦτοι
2412 4153 2522 4205 τῶν
2558 4152 2870 4221 ἐκκλησιῶν
2899 4152 3101 4218 αὐτῶν,
3130 4152 3307 4218 ὄντας
3347 4155 3699 4227 αἱρετικούς.

2101 4239 2162 4290 El
2201 4239 2279 4302 δὲ,
2308 4241 2494 4311 φησὶν,
2527 4244 2553 4293 6
2581 4243 3013 4311 ὲπεξεργαστὴς,
3047 4230 3394 4312 ἐπιτραπεὶς
3430 4247 3589 4317 παρὰ
3612 4246 3702 4298 τοῦ

2101 4330 2408 4382 ἐπισκόπου
2439 4332 2581 4385 κατά
2614 4333 2777 4385 τόπον
2809 4332 3108 4401 ἀφικέσθαι
3157 4336 3261 4387 καὶ
3311 4337 3701 4404 μετακπιλέσα⁶

2104 4421 2230 4475 σθαι
2259 4423 2388 4487 τοὺς
2417 4425 2751 4493 αίρετικοὺς,
2793 4426 2855 4478 οὐ
2891 4425 3110 4495 ποιήσει
3139 4426 3335 4492 τοῦτο,
3378 4428 3708 4482 ductui-riot-

427 4522 611 4569 causa,
648 4506 789 4560 sicut
821 4502 1013 4564 morbi,
1055 4509 1109 4554 et
1139 4506 1368 4552 caeterze.
1414 4496 1505 4548 Est
1536 4504 1717 4547 autem
1763 4507 1991 4546 exsecu-

2120 4530 2193 4576 τος
2220 4513 2374 4567 ἔσται
2403 4515 2771 4579 ὁέπίσκοπος.
2815 4517 2972 4569 Ἔστι
3009 4517 3118 4585 γὰρ
3167 4520 3275 4570 καὶ
3342 4521 3514 4572 τοῦτο
3552 4519 3705 4572 αἰτία

431 4611 535 4661 tOI‘,
566 4597 648 4650 vel
683 4595 916 4663 regionis
961 4595 1252 4652 exarcbus,
1307 4587 1397 4656 qui
1441 4584 1566 4637 talia
1623 4583 1997 4649 administrat,

431 4686 512 4739 vel
537 4687 882 4754 magistratus
913 4678 1171 4748 regionis,
1199 4677 1289 4745 qui
1321 4677 1370 4728 in
1403 4679 1570 4729 rebus
1594 4672 1864 4741 ejusmodi
1906 4689 2004 4727 nc-

430 4793 581 4832 cc>sc
631 4777 792 4831 habet
843 4773 1099 4842 t-piScopo
1149 4784 1304 4836 Opem
1341 4764 1516 4829 ferre,
1553 4777 1605 4818 et
1640 4781 1810 4831 magis
1839 4782 1999 4835 quant

434 4869 682 4925 defensor
733 4866 988 4935 regionis,
1048 4863 1112 4916 de
1164 4874 1271 4929 quo
1324 4860 1502 4924 agitur
1550 4861 1600 4913 itt
1652 4857 2003 4927 nonagesimo

435 4964 660 5029 septimo
696 4970 900 5011 canone
940 4952 1222 5022 pra-sentis
1256 4954 1471 5019 synodi.
1530 5020 1535 5023 _

509 5159 757 5214 ZONAR.
795 5155 932 5212 Suos
963 5154 1242 5225 episc0pos
1278 5152 1565 5208 Donatista:
1596 5165 1808 5222 quoque
1839 5149 2005 5205 babe-

438 5252 587 5309 bant,
613 5260 848 5316 suasque
881 5244 1213 5309 matricnlas,
1236 5244 1336 5298 hoc
1359 5253 1439 5298 est
1472 5245 1702 5307 tabulas,
1731 5243 1783 5295 in
1809 5242 2004 5308 quibus

437 5360 523 5406 ru,
558 5355 676 5408 quae
710 5340 776 5393 ad
814 5339 1047 5407 ipsorum
1075 5337 1336 5393 ecclesias
1366 5336 1701 5406 spectabant,
1733 5334 2001 5403 descripta

442 5436 872 5488 continerentur.
906 5428 961 5483 Si
995 5430 1114 5498 quis
1147 5430 1309 5498 igitur
1335 5427 1671 5482 orthodoxus
1697 5426 2003 5496 episcopus,

435 5523 723 5578 eatbcdrm
743 5525 811 5577 ab
841 5509 1445 5590 ba'reticis'occupatas,
1480 5520 1699 5588 locaque
1724 5519 1777 5572 in
1818 5532 2004 5572 eorum

439 5618 738 5670 matriculis
765 5615 1055 5683 descripta,
1095 5629 1412 5682 recuperare
1465 5613 1782 5682 neglexerit,
1812 5627 1910 5665 nec
1939 5612 2004 5665 de

440 5710 505 5762 iis
539 5708 887 5769 laboraverit,
922 5707 1014 5776 qui
1055 5707 1120 5761 ad
1173 5705 1468 5760 Ecclesium
1507 5705 1830 5758 catholicam
1880 5719 2007 5758 cou-

436 5804 569 5854 ἰι-ιιι
597 5800 819 5869 debent,
858 5801 1005 5856 illum
1047 5816 1074 5856 a
1105 5800 1298 5856 vicinis
1331 5798 1601 5868 episcopis
1630 5815 1689 5851 ea
1725 5802 1787 5853 de
1824 5812 1880 5853 re
1916 5813 2004 5852 ca-

2104 4603 2327 4672 εὓλογος
2350 4604 2513 4657 ὁποία
2543 4607 2575 4674 ἡ
2606 4605 2704 4670 τῆς
2738 4606 2894 4657 νόσου
2931 4606 3024 4656 καὶ
3057 4606 3112 4656 αί
3164 4603 3392 4661 λοιπαί.
3441 4608 3710 4675 Ἐπέξερ-

2104 4697 2315 4766 γαστὴς
2337 4698 2687 4767 ὄέὲστινῆό
2739 4701 3005 4768 ἐγχώριος
3066 4696 3306 4765 ἔξαρχος
3374 4702 3422 4752 ‘6
3485 4700 3711 4753 τοιαῦτα

2104 4788 2427 4857 οἰκονομῶν,
2465 4788 2494 4856 ἢ
2526 4791 2552 4842 6
2583 4788 2767 4858 ἅρχων
2799 4791 2894 4857 τῆς
2925 4790 3132 4859 χώρας,
3164 4793 3192 4842 6
3248 4792 3399 4860 πρὸς
3460 4794 3715 4858 ἀνάγκης

2107 4879 2244 4948 ἔχων
2279 4879 2490 4948 βοηθεῖν
2523 4878 2600 4950 τῷ
2633 4881 2920 4951 ἐπισκόπῳ
2948 4883 3005 4931 ἐν
3035 4881 3337 4944 τοιούτοις.
3379 4885 3483 4937 καὶ
3510 4882 3714 4952 μᾶλλυν

2107 4968 2189 5037 ῆὸ
2220 4971 2484 5038 ἐγχώριος
2522 4969 2757 5034 ἔκδικος,
2791 4973 2817 5023 ὁ
2851 4970 3184 5040 δηλούμενος
3216 4972 3279 5024 ἐν
3339 4974 3425 5042 τῷ
3488 4976 3576 5040 ιτςι
3620 4988 3717 5026 κα.

2107 5062 2221 5113 νόνι
2255 5062 2353 5130 τῆς
2379 5060 2665 5133 παρούσης
2722 5062 2968 5116 συνόδου.

2178 5154 2424 5208 ΖΩΝΑΡ.
2449 5155 2560 5207 Καὶ
2596 5155 2934 5215 ἐπισκόπους
2973 5154 3138 5217 ἰδίους
3169 5148 3335 5225 εἶχον
3406 5161 3460 5210 οἱ
3500 5166 3723 5211 Δονατι-

2109 5243 2256 5308 cmi,
2288 5247 2380 5297 καὶ
2413 5246 2699 5315 ματρίκια,
2731 5245 2900 5314 ἤγουν
2958 5245 3323 5314 ἀπογραφὰς,
3365 5249 3486 5300 τῶν
3530 5249 3721 5313 διαφεο

2112 5335 2312 5404 ρὸντων
2347 5336 2468 5397 ταῖς
2501 5334 2823 5402 ἐκκλησίαις
2854 5334 3053 5390 αὐτῶν.
3088 5336 3263 5399 Λέγει
3319 5333 3425 5390 οὖν
3452 5341 3481 5392 6
3529 5337 3722 5391 κανὼν

2108 5428 2209 5489 ὅτι,
2240 5426 2333 5478 ἐὰν
2359 5426 2660 5490 ἐπίσκοπος
2687 5424 2969 5496 ὀρθόδοξος
2999 5427 3258 5499 ἀμελήπῃ
3281 5430 3597 5499 ἐκνικῆσαι
3618 5418 3724 5488 τὰς

2109 5515 2375 5584 καθέδρας
2395 5515 2501 5569 τῶν
2516 5515 2832 5585 αἱρετικῶν,
2853 5515 2946 5568 καὶ
2964 5517 3028 5568 τὰ
3051 5519 3106 5566 ἐν
3128 5517 3243 5577 τοῖς
3271 5520 3613 5590 ματρικῖοις
3634 5519 3733 5571 αὖ·

2112 5608 2245 5673 τῶν,
2270 5607 2365 5661 καὶ
2402 5607 2474 5677 μὴ
2495 5610 2753 5678 φροντίσῃ
2776 5607 2883 5659 τῶν
2906 5607 3232 5675 ὀφειλόντων
3272 5615 3427 5675 πρὶς
3460 5612 3565 5680 τὴν
3586 5611 3727 5663 καθ-

2110 5702 2293 5771 ολικὴν
2314 5700 2645 5771 Ἐκκλησίαν
2678 5700 3110 5771 ἐπιστραφῆναι,
3137 5699 3223 5751 ἵνα
3268 5702 3733 5775 ὑπομιμνήσκῃ-

2112 5792 2340 5863 ταιπερὶ
2362 5792 2548 5846 τούτου
2569 5795 2631 5846 ἐκ
2651 5793 2754 5847 τῶν
2788 5790 3043 5861 γειτῦνων
3070 5794 3439 5859 επισκὸτεων,
3468 5801 3562 5848 καιἱ
3592 5794 3733 5865 puti
