3944 6404
375 294 484 375 Mn

1526 384 1531 387 _
1620 294 1897 373 THEOD.
1938 302 2339 376 BALSAMON'

3493 306 3595 376 4οι

370 421 513 491 quod
544 419 665 476 illos
694 418 951 474 Ecclesiae
972 415 1256 477 catholica:
1287 419 1695 476 communicare
1726 427 1951 484 asserat,

2087 427 2181 488 ob;
2211 425 2521 495 αἱρετικοὺς
2540 426 2602 495 τῇ
2620 422 2883 493 καθολικῇ
2910 420 3226 491 Ἐκκλησία,
3247 420 3340 473 καί
3362 419 3447 473 διὰ
3463 420 3612 474 τοῦτο

373 519 768 584 proptereaque
810 511 1230 567 vindicationem
1257 514 1518 568 honorum
1555 515 1668 582 ipse
1699 512 1950 583 neglexe-

371 607 483 672 rit;
520 619 584 659 ac
615 616 809 674 postea
845 605 1114 660 mendacii
1162 606 1447 661 convictus
1500 605 1617 672 fuit,
1660 620 1782 658 cum
1830 604 1949 660 illos

371 698 457 753 vel
488 697 640 752 nullo
684 698 867 764 modo,
905 698 991 752 vel
1023 706 1170 753 certe
1199 713 1306 754 non
1336 699 1451 771 ejus
1479 698 1731 762 scientia,
1767 699 1818 753 id
1847 707 1947 760 εει,

374 803 476 844 nec
505 788 626 859 ipso
659 789 942 844 laborante
976 805 1076 844 nec
1109 791 1343 855 sciente,
1391 792 1828 846 communicasse
1883 791 1953 846 sit

371 888 714 949 compertum
740 897 754 936 :
782 880 1097 952 episcopatu
1126 896 1340 953 quoque
1366 885 1687 954 privabitur,
1717 885 1817 938 hoc
1844 892 1948 947 est,

371 971 697 1042 depanetur.
1823 965 1826 968 ’

369 1062 601 1120 ΔΒΙΞΤ.
648 1084 668 1117 ι
714 1067 816 1132 Qui
845 1069 1247 1124 communicare
1276 1068 1428 1133 dicit,
1469 1083 1629 1138 quem
1666 1081 1769 1122 non
1804 1082 1951 1122 com-

533 1174 552 1209 ι
592 1157 869 1213 municare
896 1145 1063 1226 novit,
1088 1160 1416 1231 episcopatu
1457 1161 1723 1231 privatur.
1766 1178 1785 1214 ι

442 1244 770 1319 Quicunque
809 1251 1094 1321 cpiscopus
1144 1251 1459 1308 Donatistae
1505 1253 1571 1307 ad
1628 1252 1950 1308 catholicam

372 1337 667 1399 Ecclesium
705 1362 812 1400 non
857 1361 1155 1404 conversos
1185 1350 1355 1415 novit,
1391 1349 1436 1404 si
1471 1350 1537 1404 iis
1583 1351 1952 1404 communica-

372 1435 536 1499 verit,
572 1436 757 1490 dicens
788 1453 886 1493 eos
922 1439 989 1494 ad
1032 1439 1392 1495 orthodoxam
1440 1441 1601 1495 iidem
1664 1455 1953 1495 conversos

370 1540 491 1580 esse
530 1545 543 1580 :
577 1528 718 1593 talis,
764 1541 823 1582 ut
863 1529 932 1585 de
984 1532 1367 1588 communione
1419 1547 1606 1586 eorum
1656 1532 1949 1596 mentiens,

372 1622 427 1672 et
458 1617 759 1675 Ecclesium
794 1619 886 1675 Dei
913 1622 1209 1692 decipiens,
1238 1623 1342 1678 erit
1380 1623 1681 1694 depositus.

907 1805 1139 1862 CANON
1182 1797 1418 1862 CXXVl.

378 1902 397 1944 t
436 1891 511 1947 De
546 1894 875 1966 presbyteris
896 1907 949 1951 et
977 1897 1210 1963 clericis,
1238 1908 1296 1954 ut
1335 1915 1438 1955 non
1468 1901 1737 1971 appellent
1760 1901 1861 1956 nisi
1889 1902 1956 1956 ad

450 1998 473 2034 ‹
516 1985 754 2055 synodos
807 1986 1024 2043 Africae.
1057 1988 1322 2051 Similiter
1363 1992 1569 2062 placuit
1622 2002 1681 2048 ut
1729 1994 1955 2065 presby-

452 2092 471 2126 ι
511 2074 636 2140 teri,
664 2076 903 2144 diaconi,
934 2088 988 2135 et
1019 2080 1216 2152 reliqui
1259 2083 1549 2141 inferiores
1583 2083 1794 2150 clerici,
1825 2085 1869 2141 si
1902 2085 1955 2140 in

449 2184 469 2218 ι
512 2165 579 2222 iis
607 2182 745 2238 quas
771 2168 974 2225 habent
1004 2173 1206 2241 causis,
1250 2175 1317 2230 de
1354 2176 1697 2246 propriorum
1739 2178 1955 2245 episco-

451 2275 471 2309 ι
513 2272 709 2328 porum
747 2261 1019 2316 sententia
1038 2272 1364 2333 querantur,
1398 2265 1560 2321 vicini
1593 2266 1832 2335 episcopi
1863 2281 1959 2322 eos

454 2366 474 2401 ι
518 2351 771 2417 audiant,
798 2360 853 2407 et
880 2366 1000 2423 qua:
1039 2353 1179 2410 inter
1200 2341 1294 2411 eos
1318 2366 1443 2411 sunt
1465 2358 1753 2413 terminent
1778 2358 1836 2424 ii,
1865 2359 1957 2429 qui

454 2463 473 2496 ι
517 2443 586 2500 ab
612 2445 745 2515 ipsis
772 2460 839 2501 ex
869 2446 1212 2517 propriorum
1266 2450 1645 2521 episcopormn
1688 2442 1958 2507 consensu

452 2547 470 2577 ι
518 2550 922 2597 assumuntur:
961 2542 1045 2597 sin
1085 2554 1269 2599 autem
1318 2545 1480 2599 etiam
1529 2545 1598 2599 ab
1651 2544 1732 2601 eis
1777 2545 1958 2616 appel-

450 2636 471 2681 ι
513 2628 628 2685 lare
657 2629 950 2698 voluerint,
981 2647 1047 2686 ne
1087 2632 1377 2703 appellent,
1440 2634 1547 2689 nisi
1596 2635 1663 2690 ad
1717 2634 1958 2707 synodos

450 2734 471 2775 ι
511 2721 734 2790 Africae,
771 2724 854 2780 vel
888 2725 956 2779 ad
980 2740 1200 2781 suarum
1238 2726 1640 2796 provinciarum
1673 2728 1953 2799 primates.

449 2835 468 2869 ι
511 2817 613 2885 Qui
643 2834 773 2874 vero
809 2820 876 2873 ad
908 2820 1278 2875 transmarina
1307 2819 1423 2876 loca
1465 2820 1739 2892 appellare
1767 2821 1955 2877 volue-

449 2930 468 2962 ι
511 2912 604 2975 rit,
641 2925 671 2966 a
714 2910 862 2967 nullo
893 2911 944 2966 in
982 2911 1162 2967 Africa
1187 2913 1253 2967 ad
1282 2913 1722 2968 communionem
1760 2914 1957 2969 admit-

448 3020 468 3054 ‹
511 3012 671 3059 ta‘lur.
716 3022 737 3055 ι

450 3278 646 3336 BALS.
679 3278 876 3336 Dicunt
911 3278 1126 3348 Patres,
1167 3283 1310 3354 quod
1359 3283 1403 3338 si
1444 3282 1620 3351 quivis
1666 3282 1895 3337 clericus
1922 3297 1952 3336 a

374 3373 596 3444 proprio
624 3374 881 3445 episcopo
905 3377 1302 3431 condemnatus
1343 3375 1525 3440 fuerit,
1576 3387 1632 3432 et
1676 3386 1953 3447 gravetur,

379 3485 483 3525 non
513 3470 675 3527 debet
702 3471 767 3524 ad
797 3470 1024 3526 alterius
1047 3470 1340 3540 provincia:
1381 3470 1672 3543 synodum,
1702 3486 1822 3541 qua:
1873 3478 1957 3525 est

376 3549 592 3633 longius
615 3561 928 3633 appellare;
962 3564 1054 3618 sed
1083 3562 1391 3619 vicinorum
1435 3563 1824 3632 episcoporum
1856 3577 1953 3615 au-

375 3652 639 3707 dientiam
669 3648 999 3723 implorare;
1032 3653 1197 3715 etiam
1230 3668 1350 3709 cum
1399 3668 1665 3709 consensu
1709 3653 1831 3723 ejus
1863 3652 1955 3722 qui

374 3742 541 3816 660
564 3744 941 3800 condemnavit
975 3761 1118 3813 cum,
1149 3747 1387 3817 episcopi
1428 3747 1644 3823 scilicet
1700 3746 1803 3800 sui.
1859 3747 1955 3800 Sin

376 3847 557 3891 autem
593 3851 783 3891 eorum
812 3852 1047 3908 quoque,
1086 3838 1153 3892 ad
1176 3853 1315 3908 quos
1345 3838 1657 3910 appellavit,
1688 3840 1959 3893 sententia

375 3929 425 3982 ei
464 3928 770 3999 displiceat,
808 3944 917 3984 non
943 3929 1107 3986 debet
1158 3932 1222 3985 ad
1276 3931 1676 3987 transmarinas
1723 3933 1960 4001 synodos

376 4018 672 4088 appellare,
695 4034 815 4089 quae
845 4014 1031 4074 Roma
1058 4020 1270 4076 scilicet
1299 4020 1432 4075 [lunt
1458 4036 1473 4088 ;
1514 4021 1608 4075 sed
1643 4021 1707 4072 ad
1744 4020 1932 4087 pmpin

378 4109 621 4177 quiores,
654 4124 847 4178 nempe
876 4111 943 4166 ad
994 4113 1230 4180 synodos
1259 4111 1481 4175 Africae,
1514 4112 1594 4165 vel
1636 4111 1703 4164 ad
1736 4112 1963 4177 provin-l

377 4203 590 4258 ciarum
626 4202 1072 4272 metropolitanos
1099 4218 1286 4258 eorum
1322 4204 1413 4274 qui
1461 4205 1697 4274 primum
1745 4203 1959 4271 judica-

382 4305 511 4350 runt
536 4296 937 4365 episcoporum.
970 4294 1027 4351 Si
1059 4298 1180 4366 quis
1208 4305 1384 4351 autem
1402 4296 1728 4367 praeterhac
1747 4295 1957 4361 fecerit,

377 4386 969 4444 excomtnunicationis
1032 4388 1412 4460 segregatione
1485 4385 1957 4441 condemnabitur.

380 4477 515 4533 Nota
543 4493 674 4551 ergo
703 4495 768 4535 ex
792 4480 894 4535 hoc
915 4481 1168 4551 praesenti
1194 4496 1423 4543 canone,
1450 4480 1592 4548 quod
1618 4493 1958 4543 consequen-
1994 4456 2035 4509 θ

381 4581 466 4625 ter
505 4570 609 4639 legi
644 4570 790 4626 civili
833 4564 1027 4627 Patres
1057 4586 1274 4642 quoque
1304 4582 1693 4639 concesscrunt
1737 4570 1817 4622 llis
1865 4585 1960 4637 ap-

379 4663 581 4734 pellare
609 4678 704 4719 eos
757 4665 846 4735 qui
878 4666 1324 4720 condemnantur.
1358 4656 1494 4717 Nota
1528 4670 1780 4732 praeteea
1819 4662 1960 4727 quod

380 4765 631 4828 tempore
665 4758 950 4829 praesentis
984 4756 1174 4828 synodi
1204 4770 1311 4813 nan
1351 4755 1624 4810 habebant
1649 4752 1963 4822 tnetropolia-

379 4846 533 4905 litani
566 4850 673 4906 tale
698 4851 790 4922 jus
820 4851 874 4906 in
926 4864 1053 4905 suos
1089 4850 1374 4917 episcopos
1413 4844 1626 4916 illisque
1683 4844 1959 4914 subjectos

383 4942 635 5007 clericos,
673 4943 831 5013 quale
868 4956 1013 4998 nunc
1055 4942 1276 4997 habent.
1311 4940 1569 4995 Poterant
1600 4940 1743 4993 enim
1776 4934 1961 4990 clerici

382 5031 451 5087 ab
497 5033 766 5103 episcopis
805 5032 1153 5086 condemnati
1215 5030 1518 5085 vicinorum
1583 5029 1959 5097 episcopormu

384 5122 717 5179 audientiam
740 5123 1015 5200 appellare
1048 5140 1061 5176 :
1094 5126 1234 5194 quod
1276 5138 1418 5177 nunc
1455 5136 1561 5176 non
1602 5121 1958 5183 admittetur;

385 5224 670 5286 propterea
730 5215 876 5286 quod
928 5216 980 5270 lu
1038 5224 1229 5287 quarta
1292 5215 1501 5287 synodo
1560 5213 1959 5283 provinciarum

386 5305 779 5376 metropolibus
809 5307 1084 5378 provisum
1133 5307 1229 5365 sit.
1285 5311 1420 5362 (Lum
1457 5315 1637 5361 autem
1688 5304 1773 5358 lex
1818 5302 1964 5356 dicat

385 5411 483 5453 eos
509 5397 652 5465 laedi,
683 5399 773 5469 qui
805 5401 870 5455 ad
904 5400 1355 5472 incompetentem
1407 5399 1644 5469 judicent
1695 5410 1961 5466 provm-a-

384 5488 518 5559 l'int,
569 5506 807 5561 praesens
846 5508 1023 5550 canon
1060 5495 1315 5550 damnum
1349 5495 1415 5551 ad
1444 5488 1960 5550 excommunicatio-

383 5584 509 5638 ηοω
532 5586 793 5643 extendit.

2052 515 2327 585 ἀμελῆσαι
2364 512 2528 577 αὐτὸς
2552 514 2649 584 τῆς
2677 514 3041 584 ἐκνικήσεως,
3105 512 3297 583 ἐλεχθῇ
3325 511 3380 565 δέ
3432 510 3610 580 ψευδό-

2055 623 2220 675 μενος
2276 604 2353 676 μὴ
2401 605 2856 672 κοινωνησάντων
2915 604 3023 657 τῶν
3072 592 3382 673 αἱρετικῶν,
3436 604 3467 673 ἢ
3507 620 3613 656 κοι-

2052 698 2411 768 νωνησάντων
2474 695 2575 768 μὲν
2631 698 2782 761 ἴσως,
2836 696 2912 767 μὴ
2965 696 3272 767 συνειδήσει
3321 695 3375 749 δέ
3434 692 3611 760 αὐτοῦ,

2051 792 2175 845 ἀντί
2225 791 2318 844 τοῦ
2378 788 2454 862 μὴ
2512 789 2714 853 εἰδότος
2768 788 2932 843 αὑτοῦ
3001 788 3138 859 μηδὲ
3199 787 3613 850 σπουδάσαντος,

2054 885 2149 937 καὶ
2196 882 2298 952 τῆς
2343 881 2655 951 ἐπισκοπῆς
2703 882 3045 948 ἐκπεσεῖται,
3098 881 3268 950 ἤγουν
3299 877 3615 948 καθαιρεθήο

2055 993 2228 1029 σεται.

2053 1069 2279 1124 ΑῬΙΣΤ.
2322 1088 2339 1120 ι
2389 1069 2446 1121 Ὀ
2479 1067 2651 1121 εἰπὼν
2677 1066 3021 1130 κοινωνικὸν,
3052 1065 3113 1119 ὃν
3147 1062 3290 1119 οἶδεν
3316 1062 3612 1133 (Ξικοινὼνη⁴

2484 1177 2503 1212 ι
2531 1177 2643 1223 τον,
2672 1159 3114 1213 ἀποεπισκόπου.
3150 1177 3168 1208 ›
3278 1154 3279 1157 ’

2127 1255 2323 1321 ’Ὀστις
2358 1255 2665 1315 ἐπίσκοπος
2714 1254 2841 1316 τοὺς
2871 1236 3205 1314 Δονατιστάς
3239 1244 3346 1325 οἶδε
3377 1245 3616 1318 πρδςτὴν

2058 1349 2360 1421 καθολικὴν
2409 1346 2748 1416 Ἐκκλησίαν
2777 1345 2853 1416 μὴ
2881 1342 3360 1411 ὑποστρέψαντας,
3417 1342 3463 1393 εί
3496 1357 3619 1407 συγ-

2057 1444 2379 1513 κοινωνήσει
2452 1442 2658 1505 αὐτοῖς,
2711 1438 2887 1507 λέγων
2956 1437 3094 1507 πρὸς
3164 1436 3265 1503 τὴν
3314 1424 3619 1503 ὀρθοδσξίαν

2060 1536 2439 1607 μεταστρέψαι
2470 1535 2694 1599 αὐτοὺς,
2726 1534 2753 1586 ό
2770 1532 3017 1594 τοιοῦτος
3040 1529 3113 1593 ὡς
3141 1518 3477 1597 ψευδόμενος
3502 1520 3622 1595 περὶ

2055 1630 2154 1700 τῆς
2188 1628 2480 1691 κοινωνίας
2502 1626 2706 1689 αὐτῶν,
2739 1626 2832 1679 καί
2872 1625 2971 1693 τὴν
3018 1620 3350 1689 Ἐκκλησίαν
3375 1616 3468 1670 τοῦ
3494 1613 3621 1668 6εοῦ

2058 1724 2377 1793 ἀπατήσας,
2412 1722 2568 1775 ἔσται
2597 1719 3010 1791 καθῃρημένος.

2556 1812 2789 1867 ΚΑΝΩΝ
2836 1809 3031 1879 eaq.

2065 1932 2083 1966 ι
2128 1911 2264 1983 Περὶ
2284 1908 2677 1978 πρεσϐυτέρων
2732 1905 2827 1959 καὶ
2861 1900 3167 1973 κληρικῶν,
3202 1900 3292 1952 ἵνα
3343 1898 3419 1969 μὴ
3465 1896 3622 1948 ἐκκαὸ

2136 2023 2157 2058 ί
2188 2002 2414 2068 λῶνται,
2442 2001 2496 2059 εἰ
2524 2001 2599 2072 μὴ
2620 1999 2756 2068 πρὸς
2806 1998 2906 2061 τὰς
2928 1996 3027 2064 τῆς
3073 1993 3346 2065 ’Δερικῆς
3362 1990 3623 2051 συνόδους.

2136 2115 2154 2148 ι
2212 2092 2445 2163 Ὁμοίως
2478 2088 2700 2163 ἤρεσεν,
2724 2089 2811 2143 ἵνα
2841 2085 3236 2157 πρεσϐύτεροι.
3256 2082 3513 2142 διάκονοι,
3538 2076 3627 2132 καὶ

2135 2205 2154 2239 ι
2197 2188 2245 2241 οἱ
2270 2185 2455 2241 λοιποὶ
2488 2184 2798 2255 κατώτεροι
2858 2178 3141 2250 κληρικοί.
3202 2177 3265 2230 ἐν
3307 2170 3394 2239 αἷς
3443 2175 3627 2243 ἔχωσιν

2136 2300 2154 2333 ι
2202 2279 2432 2341 αἰτίαις.
2464 2277 2559 2331 ἐὰν
2586 2277 2716 2347 περὶ
2755 2275 2855 2343 τῆς
2884 2272 3069 2343 ψήφου
3121 2271 3255 2335 τοὺς
3291 2269 3456 2331 ἰδίους
3513 2267 3627 2319 ἐπι-

2138 2393 2155 2424 ‹
2200 2371 2438 2432 σκὸπους
2474 2369 2824 2437 μέμφωνται,
2859 2367 2907 2419 οἱ
2947 2363 3299 2433 γειτνιῶντες
3349 2359 3625 2413 ἐπίσκοποι

2136 2485 2155 2519 ι
2194 2462 2402 2520 τούτων
2455 2461 2864 2529 ἀκροάσωνται,
2920 2459 3019 2511 καὶ
3062 2455 3131 2508 τά
3185 2453 3391 2526 μεταξὺ
3432 2451 3627 2503 τούτων

2122 2540 2152 2611 ί(
2192 2554 2586 2624 περατὼσωσιν
2635 2552 2683 2604 oi
2743 2546 2874 2621 παρ’
2944 2546 3125 2602 αὐτῶν
3190 2545 3337 2601 κατά
3390 2542 3626 2597 συναίνε-

2134 2673 2152 2705 ι
2194 2668 2279 2718 σιν
2328 2649 2436 2704 τῶν
2492 2648 2638 2702 ἰδίων
2692 2644 2878 2700 αὐτῶν
2915 2642 3243 2697 ἐπισκόπων
3282 2635 3627 2711 προσλαμϐαε

2132 2765 2151 2797 ι
2193 2748 2411 2814 νόμενοι
2436 2759 2449 2774 ⁶
2484 2742 2580 2796 ἐὰν
2608 2741 2665 2795 δὲ
2717 2741 2813 2795 καί
2864 2740 2961 2792 ἀπ’
2991 2736 3171 2790 αὐτῶν
3235 2732 3625 2788 ἐκκαλέσασθαι

2133 2858 2151 2891 ι
2191 2837 2519 2907 θελήσωσιν,
2558 2836 2632 2904 μὴ
2680 2831 3112 2891 ἐκκαλέσωνται,
3166 2829 3217 2881 εἰ
3250 2828 3327 2898 μὴ
3372 2827 3506 2898 πρὸς
3535 2821 3625 2884 τὰς

2135 2953 2153 2985 ι
2193 2933 2293 3002 τῆς
2329 2930 2595 3001 Ἀφρικῆς
2615 2927 2881 2990 συνόδους,
2904 2922 3094 2997 ἢπρὸς
3110 2921 3238 2984 τοὺς
3263 2916 3627 2990 πρωτεύοντας

2129 3039 2147 3075 t
2184 3021 2292 3076 τῶν
2328 3019 2475 3074 ἰδίων
2524 3017 2705 3072 αὐτῶν
2736 3012 3039 3084 ἐπαρχιῶν.
3096 3012 3243 3083 Πρὸς
3272 3011 3328 3065 δὲ
3372 3008 3440 3061 τὰ
3468 3006 3629 3074 πέραν

2137 3136 2154 3167 ι
2190 3114 2291 3183 τῆς
2360 3110 2634 3179 θαλάσσης.
2679 3109 2706 3160 ὁ
2734 3107 3058 3177 βουλόμενος
3122 3099 3497 3163 ἐκκαλεῖσθαι,
3528 3095 3628 3150 ἀπὸ

2135 3227 2151 3259 ι
2170 3205 2391 3277 μηδενὸς
2419 3205 2475 3257 ἐν
2511 3203 2747 3271 Ἀφρικῇ
2786 3196 2999 3267 δεχθείη
3027 3197 3105 3257 εἰς
3140 3197 3455 3249 κοινωνίαν.
3485 3211 3500 3243 ι

2135 3297 2333 3350 ΒΑΛΣ.
2365 3294 2532 3348 Φασὶν
2563 3292 2613 3346 οἱ
2641 3290 2885 3359 Πατέρες
2911 3288 3012 3347 ὅτι,
3054 3286 3149 3339 ἐὰν
3181 3283 3452 3354 οεοσδήτις
3504 3278 3627 3348 κλη-

2061 3388 2215 3464 ρικδς
2261 3384 2634 3456 καταδικασθῇ
2690 3382 2845 3453 παρὰ
2898 3380 2992 3435 τοῦ
3051 3380 3260 3434 οἰκείου
3311 3375 3625 3437 ἐπισκόπου,

2058 3462 2155 3538 καὶ
2204 3480 2528 3552 βαρύνηται,
2578 3475 2680 3528 οὐκ
2722 3472 2932 3541 ὀφείλει
2990 3470 3127 3540 πρὸς
3179 3467 3403 3521 σύνοδον
3449 3462 3628 3529 ἐτέρας

2061 3571 2334 3644 ἐπαρχίας
2364 3567 2703 3639 πορρωτέρω
2732 3564 2898 3619 οὖσαν
2930 3559 3289 3616 ἐκκαλεῖσθαι
3310 3576 3323 3589 ο
3351 3554 3482 3610 ἀλλὰ
3512 3554 3629 3606 ἀνα-

2062 3666 2348 3721 καλεῖσθαι
2379 3662 2478 3733 τὴν
2501 3661 2608 3712 τῶν
2630 3655 2991 3727 γειτνιώντων
3021 3652 3336 3707 ἐπισκόπων
3353 3646 3631 3718 ἀκρόασιν,

2062 3759 2155 3812 καὶ
2201 3758 2339 3827 μετά
2386 3751 2748 3811 συναινέσεως
2798 3747 2893 3803 τοῦ
2948 3745 3422 3806 καταδικάσαντος
3478 3737 3629 3794 αὖτ².ν

2063 3853 2269 3905 οἰκείου
2297 3848 2622 3901 ἐπισκόπου.
2671 3844 2798 3897 Ἐἀν
2826 3843 2882 3896 δὲ
2900 3842 2998 3895 καὶ
3029 3841 3123 3892 ἐπὶ
3146 3841 3219 3910 τῇ
3248 3838 3357 3892 τῶν
3383 3832 3631 3889 τοιούτων

2067 3939 2441 4010 ἐκκλητορίων
2496 3938 2775 4005 ἀποφάσει
2834 3932 3248 4003 ἀπαρέσκηται,
3307 3932 3408 3984 οὐκ
3439 3925 3633 3993 ὀφείλει

2067 4033 2203 4102 πρὸς
2238 4033 2335 4093 τάς
2363 4029 2539 4101 πέραν
2556 4028 2656 4097 τῆς
2679 4026 2959 4096 θαλάσσης
2979 4024 3239 4086 συνόδους
3274 4018 3634 4079 ἐκκαλεῖσθαι,

2063 4126 2161 4185 τὰς
2201 4126 2259 4177 ὲν
2302 4121 2495 4191 Ῥώμῃ
2541 4118 2765 4189 δηλαδὴ,
2827 4116 2963 4171 ἀλλά
3024 4114 3161 4186 πρὸς
3207 4117 3309 4178 τὰς
3365 4110 3635 4182 ἐγγυτέρω

2063 4216 2251 4278 ubam,
2293 4215 2464 4283 ἤγουν
2491 4214 2524 4283 ἢ
2557 4213 2693 4283 πρὸς
2724 4209 2822 4274 τὰς
2851 4210 2949 4279 τῆς
2998 4211 3265 4279 Ἀφρικῆς
3312 4206 3574 4263 συνόδους,
3603 4198 3631 4263 ἧ

2067 4309 2204 4381 πρὸς
2238 4307 2363 4371 τοὺς
2388 4302 2794 4376 μητροπολίτας
2824 4300 2933 4354 τῶν
2967 4300 3254 4370 ἐπαρχιῶν
3280 4299 3389 4353 τῶν
3413 4294 3632 4366 πρώτως

2066 4401 2368 4471 κρινάντων
2387 4395 2724 4450 ἐπισκόπων.
2752 4394 2811 4447 El
2830 4393 2884 4446 δὲ
2907 4392 3065 4464 παρὰ»
3083 4391 3257 4445 ταῦτά
3283 4409 3366 4454 τις
3386 4389 3619 4455 ποιήσει.

2071 4490 2367 4563 ἀφορισμῷ
2383 4488 2784 4558 ἀκοινωνησίας
2807 4485 3305 4556 κατακριθήσεται.
3334 4478 3638 4575 Σημείωσαι

2068 4585 2159 4639 οὖν
2184 4583 2291 4637 ἀπὸ
2323 4580 2418 4636 τοῦ
2464 4581 2736 4649 παρόντος
2770 4578 3012 4640 ,κανόνος
3056 4577 3141 4629 ὅτι
3198 4573 3508 4632 ἀκολούθως
3557 4573 3630 4634 τῳ

2070 4679 2161 4732 πο)
2179 4675 2336 4746 ιτικῷ
2356 4676 2508 4744 νόμῳ
2543 4675 2637 4727 καὶ
2661 4674 2711 4725 οἰ
2738 4670 2981 4741 Πατὲρες
3009 4667 3360 4738 ἐξεχώρησαν
3382 4665 3461 4726 δὶς
3484 4666 3636 4714 ἐκκα·

2065 4769 2280 4825 λείσθαι
2309 4768 2434 4830 τοὺς
2461 4762 3017 4833 καταδικαζομένους.
3070 4756 3191 4813 Ἐτι
3224 4757 3528 4830 σημείωσαι
3554 4751 3631 4803 ὅτι

2071 4863 2213 4917 κατά
2242 4861 2333 4914 τὸν
2363 4858 2560 4927 καιρὸν
2586 4856 2684 4925 τῆς
2702 4853 2987 4924 παρούσης
3020 4852 3242 4906 συνόδου
3281 4849 3382 4902 οὐκ
3406 4842 3547 4917 εἶχον
3588 4842 3634 4893 οἱ

2076 4951 2476 5025 μητροπολῑται
2522 4947 2749 5002 τοιαῦτα
2778 4946 2965 5000 δίκαια
2993 4942 3137 4998 κατὰ
3186 4941 3298 4996 τῶν
3322 4935 3632 4993 ἐπισκόπων

2071 5045 2251 5101 αὐτῶν
2279 5044 2377 5097 καὶ
2428 5043 2537 5093 τῶν
2573 5041 2665 5092 ὑπ’
2719 5039 2921 5100 αὐτοὺς
2987 5033 3291 5106 κληρικῶν,
3329 5029 3418 5086 οἷα
3467 5029 3638 5099 ἔχουσι

2074 5137 2338 5205 σήμερον.
2382 5131 2673 5184 Ἢδύναντο
2721 5128 2832 5196 γὰρ
2858 5127 2918 5180 οἰ
2943 5125 3094 5198 παρὰ
3123 5123 3440 5178 ἐπισκόπων
3477 5132 3636 5172 καταο

2072 5224 2421 5294 δικαζόμενοι
2437 5220 2696 5291 κληρικοὶ
2716 5219 2814 5291 τὴν
2844 5218 2953 5272 τῶν
2980 5215 3399 5285 γειτνιαξόντων
3428 5208 3638 5264 ἐπισκόδ

2073 5337 2193 5372 πων
2233 5315 2629 5371 ἀνακαλεῖσθαι
2660 5312 2930 5383 ἀκρόασιν
2952 5326 2968 5343 ’
2992 5311 3128 5381 ὅπερ
3153 5307 3354 5379 ἀρτίως
3380 5306 3439 5359 οὐ
3467 5315 3638 5370 παρα-

2071 5406 2396 5477 δεχθήσεται
2429 5404 2517 5457 διὰ
2575 5403 2671 5473 τὴν
2718 5401 3023 5472 γενομένην
3070 5398 3389 5466 οἰκονομίαν
3425 5396 3505 5457 εἰς
3544 5390 3637 5451 τὰς

2074 5500 2186 5553 τῶν
2212 5497 2496 5567 ἐπαρχιῶν
2549 5494 2916 5566 μητροπόλεις
2966 5492 3110 5546 κατὰ
3157 5491 3256 5559 τὴν
3307 5491 3348 5541 δ’
3402 5482 3635 5539 σύνοδονι

2078 5588 2188 5644 Τοῦ
2236 5588 2291 5641 δὲ
2353 5589 2521 5657 νόμου
2583 5586 2833 5654 λέγοντος
2896 5582 3230 5655 βλάπτεσθαι
3297 5581 3420 5639 τοὺς
3480 5576 3639 5627 ἐκκι-

2077 5681 2415 5750 λεσαμένους
2481 5679 2559 5740 εἰς
2623 5677 2975 5747 ἀπρόσφορον
3026 5672 3309 5741 δικαστὴν,
3369 5673 3397 5723 ό
3457 5661 3636 5735 παρὼν

2081 5769 2260 5825 κανὼν
2299 5769 2395 5840 τὴν
2425 5768 2633 5840 βλάϐην
2669 5768 2751 5832 εἰς
2796 5766 3195 5838 ἀκοινωνησίαν
3227 5760 3533 5827 ἐξελάθετο.
