3944 6386
235 349 333 414 4‘25

1246 345 1326 405 IN
1358 341 1523 403 CAN.
1566 339 1853 404 CXXXIV
1886 339 2094 404 CONC.
2150 341 2532 403 CARTHAG.

3376 348 3483 406 4916

229 465 597 534 ἀναγκάζεται
664 464 1049 534 συγκοινωνεῖν
1111 463 1337 532 ἐκείνῳ,
1405 460 1509 514 κᾶν
1571 459 1704 531 λέγῃ
1772 461 1801 512 6

1923 458 2045 524 [uod
2075 459 2178 514 soli
2219 459 2320 515 sibi
2354 475 2458 514 non
2492 457 2782 520 credatur,
2807 459 3063 530 quodque
3107 459 3159 514 in
3200 468 3480 529 posterum

229 557 523 618 ἐπίσκοπος
551 557 633 608 ὅτι
667 557 743 608 Οὐ
776 555 912 608 θέλω
949 552 1346 625 προσδέξασθαι
1380 550 1542 606 αὐτὸν
1575 551 1654 613 είς
1685 566 1800 602 κοι-

227 645 452 708 νωνίαν,
495 646 985 714 σκανδαλιζομένης
1017 644 1104 696 ἐπ’
1137 642 1284 712 αὐτῷ
1311 642 1409 711 τῆς
1447 639 1802 709 συνειδήσεώς

231 754 354 806 μου.
407 737 740 806 Σκινδαλμὸν
768 737 877 805 γὰρ
910 736 942 805 ἢ
987 735 1047 788 τὸ
1089 734 1380 788 σκάνδαλον
1404 732 1620 800 νοητέον
1649 731 1680 800 ἢ
1711 731 1802 782 τὸν

228 825 456 896 θόρυϐον
483 826 583 894 τῆς
612 825 970 893 συνειδήσεως
994 823 1397 895 θορυϐουμένης
1426 822 1519 875 καὶ
1544 838 1803 890 ταραττο-

229 916 397 986 μένης
424 917 511 970 διά
536 918 632 986 τὴν
658 915 1046 986 ἐξομολόγησιν
1073 915 1168 969 τοῦ
1208 915 1623 986 ἁμαρτήματος.

225 1087 448 1141 ΑΡΙΣΤ.
499 1107 518 1140 ι
557 1090 749 1158 Λέγων
786 1090 1082 1154 ἐπίσκοπος
1118 1090 1200 1144 ὅτι
1247 1088 1320 1142 Τὸ
1363 1088 1615 1159 ἔγκλημα
1658 1088 1801 1142 κατά

313 1199 330 1231 ε
377 1185 546 1254 μόνας
578 1185 605 1235 ὁ
633 1183 802 1246 πέλας
837 1201 926 1253 μοι
952 1182 1326 1253 ὡμολόγησεν,
1359 1184 1410 1236 εί
1441 1183 1470 1234 6
1501 1182 1668 1243 πέλας
1699 1182 1802 1251 ἀρα

300 1297 320 1330 ι
358 1279 548 1340 νεῖται,
581 1274 679 1327 οὐκ
711 1272 990 1338 εὗπιστος.

297 1392 371 1445 οὐ
400 1391 506 1462 χρὴ
535 1387 887 1443 πιστεύεσθαι
909 1386 990 1457 τῷ
1006 1388 1296 1458 -ἐπισκόπφ
1318 1386 1528 1456 λέγοντι
1551 1387 1624 1447 ὡς
1648 1387 1804 1440 Κατά

228 1485 394 1554 μόνας
421 1487 447 1536 6
475 1484 621 1536 δεῖνα
651 1480 912 1550 κληρικὸς
941 1479 1193 1551 ἔγκλημά
1225 1498 1315 1551 μοι
1337 1481 1672 1551 ὡμολόγησε,
1708 1479 1802 1532 καὶ

220 1577 309 1630 διὰ
355 1576 511 1629 τοῦτο
559 1575 592 1645 ἢ
643 1573 737 1626 τοῦ
796 1570 1006 1642 βαθμοῦ
1056 1573 1089 1642 ἢ
1145 1572 1248 1642 τῆς
1297 1572 1580 1634 κοινωνίας
1639 1570 1802 1624 αὐτὸν

218 1669 498 1738 ἀπείργω.
541 1667 604 1719 El
646 1665 755 1735 γὰρ
802 1665 1052 1735 ἀρνεῖται
1097 1665 1325 1730 ἐκείνος,
1365 1663 1424 1715 ὃν
1465 1663 1800 1732 ὁμολογῆσαι

221 1759 396 1827 λέγει,
429 1759 529 1810 οὐκ
559 1755 763 1824 ὀφείλει
796 1754 1182 1819 καταδικάζειν
1215 1755 1376 1807 αὐτὸν
1407 1754 1440 1824 ἢ
1480 1754 1616 1808 ίδίαν
1643 1755 1801 1824 ὓϐριν

219 1853 380 1905 τοῦτο
403 1847 736 1918 λογίζεσθαι,
763 1849 844 1901 ὅτι
874 1847 1035 1910 αὐτὸς
1065 1847 1126 1899 οὐ
1162 1845 1486 1900 πιστεύεται
1515 1847 1696 1916 μόνος.

799 2001 1036 2058 ΚΔΝΩΝ
1061 1999 1232 2058 ΡΛΔ’.

223 2164 245 2200 σ
287 2146 410 2199 Ἵνα
455 2143 550 2214 μὴ,
595 2142 668 2206 ὡς
704 2141 886 2211 ἔτυχε,
928 2138 1054 2193 τινὰ
1097 2139 1338 2210 στερήσῃ
1379 2137 1476 2208 τῆς
1519 2137 1806 2200 κοινωνίας

293 2255 314 2288 ι
355 2236 673 2297 ἐπίσκοπος.
717 2233 834 2300 Ἐφ’
866 2233 990 2285 ὅσον
1017 2229 1095 2298 τῷ
1116 2229 1486 2300 ἁφωρισμένῳ
1512 2227 1588 2299 μὴ
1615 2245 1806 2282 κοινω-

293 2347 314 2382 ‹
351 2329 434 2382 νεῖ
466 2329 494 2380 6
533 2327 666 2388 ῐδιος
696 2326 990 2386 ἐπίσκοπος
1012 2363 1027 2388 ,
1061 2321 1138 2392 τῷ
1171 2321 1319 2393 αὑτῷ
1345 2322 1628 2390 ἐπισκόπῳ
1656 2319 1805 2373 ἄλλοι

293 2441 312 2473 ε
356 2421 432 2490 μὴ
482 2417 1002 2487 συγκοινωνήσουσιν
1050 2413 1374 2467 ἐπίσκοπον
1416 2411 1557 2466 ὥστε
1604 2413 1805 2482 μᾶλλον

295 2531 314 2562 ι
358 2507 878 2582 παραφυλάττεσθαι
899 2505 991 2559 τὸν
1020 2505 1319 2557 ἐπίσκοπον
1350 2501 1426 2574 μὴ
1452 2501 1634 2570 λέγειν
1663 2503 1808 2554 κατά

295 2623 315 2656 ι
353 2619 520 2669 τινος,
552 2602 690 2670 ὅπερ
716 2598 1052 2664 ἀποδείξεσιν
1083 2596 1299 2666 ἐλέγξαι
1332 2597 1467 2665 παρ’
1501 2597 1713 2666 ἑτέροις
1742 2594 1804 2647 οὐ

295 2715 313 2748 ι
352 2694 596 2748 δύναται.
627 2711 646 2745 ι

287 2808 567 2862 ΒΑΛΣ.⁹0
594 2803 1018 2876 παρεσιώπησεν
1045 2805 1073 2857 6
1105 2801 1374 2873 ἀνώτερος
1411 2801 1617 2864 κανὼν,
1651 2792 1807 2862 οὗτος

215 2901 565 2970 προήνεγκεν
586 2900 662 2956 είς
689 2895 938 2964 φανερόν.
968 2893 1041 2945 T6
1063 2891 1118 2944 δέ
1152 2887 1220 2962 ἦν
1252 2891 1337 2958 τὸ,
1374 2891 1501 2943 Ἐὰν
1536 2893 1610 2960 μη
1645 2889 1807 2960 θελή-

217 2991 339 3060 σῃδ
399 2988 699 3044 ἐπίσκοπος
757 2983 1084 3053 κοινωνῆσαι
1156 2981 1235 3048 τῷ
1308 2982 1440 3050 παρ’
1485 2978 1651 3032 αὑτοῦ
1700 2981 1807 3048 ἀφ-

217 3056 517 3151 ορισθέντι,
547 3077 623 3140 ὡς
647 3075 900 3144 ἐγκλημά
917 3093 968 3127 τι
991 3073 1138 3144 αὐτῷ
1163 3056 1604 3146 ἐξαγορεύσαντι,
1634 3073 1686 3127 τί
1713 3073 1806 3127 ἐπὶ

215 3146 296 3242 τῷ
334 3170 564 3237 τοιούτῳ
610 3169 894 3238 ἐπισκόπῳ
941 3166 1229 3236 γενήσεται
1271 3165 1578 3233 ἀνευλόγως
1614 3165 1806 3235 ἀφορί-
1833 3146 1881 3211 C

219 3279 379 3316 σαντι
412 3261 508 3314 καὶ
547 3259 652 3326 πρὸ
695 3258 990 3326 καταδίκης
1024 3257 1116 3310 τὸν
1145 3256 1462 3326 ἅνθρωπον;
1504 3256 1643 3327 Φησὶ
1671 3255 1802 3324 γοῦν

215 3357 301 3410 ὅτι
349 3357 447 3409 ἐὰν
487 3352 724 3424 ἀφορίσῃ
766 3351 891 3403 τινὰ
933 3350 1260 3417 ἁνευλόγως,
1301 3348 1388 3419 ἐφ’
1440 3350 1565 3402 ὅσον
1611 3349 1802 3420 καιρὸν

214 3451 430 3509 ἐκεῖνος
461 3447 520 3499 οὺ
546 3447 793 3498 κοινωνεί
821 3443 899 3513 τῷ
932 3443 1302 3511 ἀφορισθέντι,
1338 3441 1472 3511 μηδέ
1498 3440 1693 3510 ἐκείνῳ
1725 3439 1802 3511 τῷ

215 3541 546 3610 ἁφορίσαντι
582 3536 806 3606 δηλαδὴ,
848 3534 1180 3589 κοινωνῶσιν
1213 3535 1266 3585 oi
1305 3533 1454 3586 ἄλλοι
1490 3533 1800 3587 ἐπίσκοποι.

226 3632 460 3696 Ἐπάγει
496 3629 552 3680 δὲ
599 3629 692 3680 καὶ
721 3625 818 3694 τὴν
848 3625 1054 3690 αἰτίαν,
1086 3624 1175 3677 ἵνα
1218 3623 1295 3694 μὴ
1325 3625 1512 3692 ταχεῖς
1540 3624 1634 3674 καὶ
1672 3623 1806 3675 ἀπε-

222 3713 630 3790 ρίσκεπτοιῶσι
661 3719 797 3789 πρὸς
823 3717 1156 3786 κατηγορίας
1183 3720 1277 3769 καὶ
1306 3715 1441 3785 πρὸς
1475 3714 1801 3783 ἀφορισμὸν,

219 3815 318 3867 καὶ
363 3814 441 3884 μὴ
471 3813 618 3866 κατά
654 3828 816 3863 τινων
847 3812 1080 3876 λέγωσιν
1123 3809 1159 3862 6.
1197 3809 1408 3876 ἐλέγξαι
1437 3810 1498 3861 οὐ
1528 3807 1800 3860 δύνανται.

221 3908 333 3960 Καὶ
363 3906 476 3959 ἀπὸ
519 3905 618 3974 μὲν
649 3903 744 3956 τοῦ
784 3904 1054 3972 παρόντος
1083 3901 1304 3962 κανόνος
1340 3899 1482 3953 οὓτω
1515 3898 1804 3962 κολάζεται

219 4001 248 4049 6
275 3997 587 4064 ἀνευλόγως
608 3994 873 4066 ἀφορίσας
895 3994 1216 4056 ἐπίσκοπος.
1249 3994 1390 4061 Ἐγὼ
1409 3993 1466 4045 δέ
1491 3990 1694 4061 νομίζω
1721 3991 1803 4042 ὃτι

219 4089 282 4140 οὗ
353 4088 516 4156 μόνον
575 4084 749 4138 ταῦτα
809 4083 952 4138 οὕτω
1011 4084 1410 4154 κολασθήσεται
1476 4085 1504 4136 6
1561 4079 1805 4142 τοιοῦτος

220 4179 545 4241 ἐπίσκοπος,
569 4175 705 4228 ἀλλά
727 4176 821 4228 καὶ
849 4175 939 4227 τοῦ
965 4175 1255 4243 ἀνευλόγου
1274 4174 1466 4227 τούτου
1497 4171 1803 4244 ἀφορισμοῦ

221 4269 552 4340 λαληθέντος
585 4268 739 4337 παρά
769 4265 976 4337 μείζονι
1007 4267 1272 4338 ἀρχιερεῖ,
1301 4270 1330 4320 6
1355 4267 1455 4336 μὲν
1490 4265 1805 4336 ἀφορισθεὶς

221 4360 526 4432 λυθήσεται
555 4359 651 4412 τοῦ
682 4357 1015 4429 ἀφορισμοῦ,
1043 4359 1073 4411 6
1101 4359 1158 4410 δέ
1189 4358 1457 4430 ἀφορίσας
1485 4356 1807 4429 τιμωρηθή-

1911 550 2056 606 illius
2099 552 2536 606 communionem
2619 550 2906 606 admittere
2965 565 3186 606 necesse
3241 552 3480 618 habeat;

1910 643 2158 710 quamvis
2189 643 2257 697 ab
2283 657 2344 697 ea
2380 643 2871 698 communicatione
2913 657 2970 697 se
3023 643 3297 698 abstinere
3346 644 3484 697 velle

1910 734 2264 800 profiteatur,
2307 749 2374 790 ex
2422 750 2597 803 eaque
2658 734 3050 789 conscientiam
3080 750 3230 789 suam
3281 735 3482 791 oil'endi

1908 837 2186 881 causetnr.
2220 825 2320 879 I-lic
2341 827 2484 882 enim
2514 843 2606 896 per
2637 827 2983 896 σκινδαλμὺν,
3017 837 3110 882 aut
3141 829 3481 895 scandalum,

1909 925 2004 969 aut
2030 918 2380 972 conscientia:
2413 917 2753 972 confessione
2789 917 2956 970 auditi
2989 916 3249 974 facinoris
3296 921 3485 974 conci-

1914 1016 2035 1062 tatze
2065 1023 2127 1062 ac
2155 1010 2484 1079 perturbatae
2521 1009 2808 1063 tumultum
2844 1009 3108 1080 intellige.

1910 1096 2134 1152 ARIST.
2178 1117 2196 1150 ι
2233 1098 2496 1168 Episcopo
2525 1099 2744 1164 dicenti,
2778 1099 2920 1167 quod
2965 1101 3172 1153 crimen
3203 1101 3334 1155 mihi
3382 1100 3485 1156 soli

1986 1210 2005 1244 ι
2037 1191 2246 1246 vicinus
2269 1190 2550 1246 confessus
2573 1197 2678 1257 est,
2711 1189 2756 1245 si
2784 1192 2997 1247 vicinus
3029 1193 3325 1262 negaverit,
3354 1193 3486 1250 fides

1987 1302 2007 1336 ι
2047 1301 2153 1341 non
2181 1296 2265 1344 est
2298 1287 2456 1342 facile
2489 1287 2756 1342 habenda.
2801 1308 2820 1341 ι

1979 1393 2140 1453 Fides
2168 1399 2424 1468 episcopo
2450 1415 2556 1454 non
2598 1409 2684 1456 est
2735 1400 2984 1456 habenda
3048 1403 3280 1466 dicenti,
3339 1406 3482 1474 quod

1913 1492 2148 1549 clericus
2177 1495 2450 1565 quispiam
2487 1495 2620 1550 mihi
2651 1495 2753 1551 soli
2781 1497 2982 1551 crimen
3008 1494 3286 1552 confessus
3301 1505 3406 1562 est,
3431 1506 3486 1550 et

1911 1586 1982 1641 ob
2007 1586 2062 1640 id
2090 1588 2260 1653 gradu
2292 1595 2387 1641 aut
2418 1588 2798 1642 communione
2830 1601 2953 1642 eum
3006 1602 3185 1644 arceo.
3235 1589 3291 1642 Si
3337 1589 3481 1643 enim

1911 1690 2071 1748 negat
2101 1681 2210 1746 ille,
2244 1695 2405 1751 quem
2449 1680 2757 1736 confessum
2787 1694 2908 1736 esse
2950 1681 3116 1746 dicit,
3169 1696 3276 1735 non
3326 1682 3486 1736 debet

1911 1790 2031 1830 eum
2059 1777 2462 1844 condemnare;
2511 1785 2606 1830 aut
2664 1789 2725 1830 se
2767 1773 2966 1844 injuria
3019 1773 3484 1830 aﬂectumexisti-

1909 1884 2078 1934 mare,
2108 1868 2250 1938 quod
2285 1867 2386 1938 ipsi
2409 1866 2509 1922 soli
2537 1881 2647 1922 non
2684 1867 2990 1943 adhibetur_
3011 1867 3164 1922 fides.

2395 2026 2626 2084 CANON
2657 2024 2947 2083 CXXXIV.

1913 2184 1932 2217 ι
1969 2165 2050 2220 Ne
2078 2165 2364 2235 episc0pus
2396 2174 2602 2218 temere
2633 2162 2939 2232 quempiam
3001 2160 3178 2229 privet
3227 2173 3484 2214 commu-

1985 2276 2004 2310 ι
2045 2257 2226 2312 nione.
2269 2253 2539 2321 Quamdiu
2597 2261 2880 2321 segregat!)
2947 2265 3054 2306 non
3124 2249 3487 2306 communicat

1986 2367 2004 2399 ι
2041 2345 2290 2416 proprius
2340 2345 2644 2414 episcopus,
2693 2341 2870 2398 eidem
2929 2340 3183 2411 episcopo
3237 2339 3328 2394 alii
3377 2355 3483 2394 non

1986 2457 2005 2490 ‹
2037 2435 2516 2493 communicabunt
2575 2431 2813 2503 episcopi
2869 2447 2886 2486 :
2939 2439 2999 2484 ut
3064 2429 3240 2500 magis
3295 2439 3486 2485 caveat

1989 2547 2009 2581 ι
2045 2529 2348 2599 episcopus,
2390 2540 2456 2580 ne
2485 2526 2743 2580 adversus
2782 2522 3016 2593 aliquem
3046 2522 3190 2577 dicat
3216 2521 3268 2577 id
3291 2562 3308 2588 ,
3341 2523 3484 2590 quod

1984 2639 2002 2672 ‹
2037 2618 2379 2677 documentis
2403 2616 2632 2687 probare
2661 2613 2798 2684 apud
2827 2615 2965 2669 alios
2990 2629 3097 2668 non
3129 2619 3326 2682 potest.
3355 2632 3372 2664 ι

1980 2821 2174 2878 BALS.
2205 2817 2357 2888 Quod
2389 2817 2638 2887 superior
2675 2829 2846 2871 canon
2897 2812 3324 2884 pratermiserat
3349 2853 3364 2876 ,
3399 2812 3487 2866 hic

1909 2915 1960 2971 in
1990 2921 2233 2985 apertum
2269 2911 2509 2983 protulit.
2559 2909 2616 2963 Id
2649 2915 2832 2963 autem
2864 2915 2981 2960 erat
3011 2921 3028 2961 :
3071 2905 3126 2960 Si
3151 2904 3322 2958 noluit
3367 2905 3486 2974 epi-

1908 3023 2104 3078 scopus
2128 3007 2176 3060 ei
2213 3003 2622 3059 communicare
2660 3000 2752 3070 qui
2789 3015 2818 3053 a
2851 3014 2908 3053 se
2938 3006 3251 3068 segregatus
3280 3005 3394 3062 est,
3428 3005 3487 3050 ut

1909 3101 1998 3172 qui
2034 3100 2134 3170 ipsi
2168 3097 2385 3167 aliquod
2421 3095 2627 3149 crimen
2681 3092 2879 3146 dixerit
2908 3107 2923 3144 :
2957 3090 3084 3160 quid
3136 3090 3182 3141 ei
3239 3089 3329 3142 fiet
3369 3089 3487 3154 epi-

1910 3207 2094 3260 scopo,
2125 3193 2213 3261 qui
2250 3188 2451 3257 injuria
2483 3194 2610 3240 ante
2642 3181 3147 3238 condemnationem
3199 3179 3474 3234 hominem

1911 3281 2252 3353 segregavit?
2287 3279 2423 3334 Dicit
2449 3291 2598 3347 ergo,
2629 3275 2772 3345 quod
2803 3274 2846 3328 si
2881 3273 3115 3342 aliquem
3157 3270 3354 3337 injuria
3388 3285 3474 3325 se-

1911 3377 2197 3447 gregavit,
2247 3371 2501 3439 quamdiu
2561 3369 2648 3432 ei,
2706 3366 2798 3437 qui
2849 3373 3163 3435 segregatus
3204 3371 3326 3426 est,
3375 3378 3482 3416 non

1910 3467 2294 3530 communicat,
2334 3478 2431 3518 nec
2472 3462 2573 3526 illi,
2606 3459 2696 3529 qui
2742 3456 3046 3528 segregavit
3093 3457 3341 3520 scilicet,
3392 3454 3483 3508 alii

1911 3557 2390 3614 communicabunt
2420 3552 2682 3625 episcopi.
2714 3549 3002 3619 Subjungit
3032 3549 3194 3602 etiam
3217 3561 3439 3601 causam
3467 3587 3482 3609 ,

1911 3665 1976 3704 ne
2008 3647 2314 3718 praecipites
2367 3647 2478 3700 sint
2521 3653 2575 3698 et
2605 3639 2993 3697 inconsiderati
3038 3638 3092 3692 in
3137 3638 3486 3692 accusatione

1909 3750 1964 3795 et
2011 3738 2297 3809 infligeuda
2319 3735 2691 3806 segregatione
2722 3740 2814 3786 :et
2866 3745 2933 3785 ne
2980 3730 3166 3784 dicant
3224 3728 3486 3784 adversus

1913 3830 2142 3900 aliquos,
2167 3842 2286 3898 quae
2322 3827 2555 3898 probare
2589 3839 2693 3878 non
2725 3830 2974 3891 possunt.
3015 3821 3082 3875 Et
3136 3835 3164 3873 a
3222 3819 3480 3890 praesenti

1911 3923 2126 3994 quidem
2157 3935 2365 3975 canone
2403 3919 2482 3974 sic
2511 3917 2733 3987 punitur
2766 3915 3052 3984 episcopus
3079 3952 3094 3977 ,
3150 3913 3240 3981 qui
3283 3912 3482 3979 injuste

1912 4013 2236 4085 segregavit.
2275 4012 2386 4081 Ego
2413 4021 2592 4064 autem
2626 4007 2901 4073 existimo,
2924 4006 3066 4075 quod
3092 4005 3137 4060 is
3173 4004 3484 4073 episcopus,

1912 4123 2017 4163 non
2050 4106 2222 4162 solum
2252 4104 2331 4158 sic
2361 4102 2617 4171 punietur
2640 4140 2658 4168 ,
2702 4100 2796 4154 sed
2836 4106 2891 4152 et
2937 4097 3076 4152 dicta
3109 4095 3486 4166 segregatione

1912 4199 2102 4270 majori
2131 4196 2366 4251 antistiti
2396 4193 2662 4263 exposita,
2693 4192 2739 4246 is
2779 4190 3020 4260 quidem,
3046 4188 3137 4258 qui
3171 4195 3255 4242 est
3296 4200 3482 4256 segre~

1912 4301 2088 4359 gatus,
2125 4305 2151 4342 a
2181 4289 2554 4357 segregatione
2585 4285 2826 4338 solvetur
2865 4299 2881 4336 :
2924 4281 3018 4350 qui
3069 4289 3249 4334 autem
3303 4292 3485 4348 segre-

1911 4381 2085 4452 gavit,
2127 4379 2382 4448 punietur
2408 4375 2699 4431 secundum
2728 4372 3016 4429 Iustiniani
3054 4371 3317 4425 novellam
3341 4410 3357 4435 ,
3389 4384 3481 4423 seu

226 4467 381 4504 σεται
405 4452 551 4503 κατά
570 4449 670 4521 τὴν
705 4449 1129 4502 Ἰουστινιάνειον
1176 4449 1412 4518 Νεαρὰν,
1437 4448 1554 4518 ἦτοι
1582 4449 1722 4500 κατά
1745 4447 1804 4502 τὸ

1923 4471 2208 4529 secundum
2258 4469 2578 4524 vicesimum
2608 4475 2864 4536 quartum
2909 4472 3072 4531 caput
3115 4461 3282 4533 669
3324 4461 3483 4530 primi

226 4545 306 4598 κδ’
334 4545 534 4614 κεφὰλ.
565 4543 660 4595 τοῦ
685 4548 734 4596 α’
762 4543 942 4595 τίτλου
969 4541 1064 4594 τοῦ
1099 4540 1148 4610 γ’
1175 4541 1405 4611 βιϐλίου,
1437 4540 1465 4593 ὃ
1494 4545 1583 4594 καὶ
1611 4543 1668 4594 ἐν
1691 4542 1809 4594 δια-

227 4638 416 4706 φόροις
465 4636 656 4690 κανόσι
689 4633 1064 4704 κατεστρώθη,
1110 4635 1203 4686 καὶ
1240 4633 1380 4686 κατὰ
1411 4633 1502 4685 τὸν
1531 4633 1574 4685 δ’
1607 4633 1812 4686 κανόνα

227 4729 326 4799 τῆς
345 4730 388 4791 ζ’
421 4727 672 4781 συνόδου.
696 4728 806 4780 Καὶ
827 4724 1097 4793 ἀνάγνωθι
1124 4725 1214 4778 τὸν
1233 4724 1471 4777 τοιοῦτον
1499 4725 1696 4776 κανόνα
1719 4726 1812 4778 καὶ

231 4821 327 4891 τὴν
359 4821 579 4890 Νεαρὰν
601 4817 1076 4889 καταστρωθείσαν
1097 4819 1176 4880 εἰς
1196 4817 1292 4886 τὴν
1307 4818 1599 4886 ἑρμηνείαν
1622 4818 1808 4884 αὐτοῦ,

231 4912 442 4965 καὶτὸν
477 4907 538 4964 ιδ’
576 4913 777 4964 κανόνα
805 4910 902 4977 τῆς
927 4909 986 4962 ἐν
1015 4909 1250 4978 Σαρδικῇ
1285 4909 1526 4962 συνόδου.

198 5019 201 5022 ’
296 5024 549 5080 ΖΩΝΑΡ.
591 5026 657 5077 Ὃ
719 5023 1145 5094 παρεσιὼπησεν
1186 5026 1214 5077 6
1267 5025 1523 5094 ἀνωτέρω
1602 5040 1809 5089 κανων,

228 5115 382 5185 οὗτος
407 5122 751 5193 προήνεγκεν
781 5119 860 5182 εἰς
893 5117 1147 5188 φανερόν.
1181 5117 1253 5170 Τὸ
1278 5117 1334 5170 δὲ
1359 5113 1427 5188 ἦν
1449 5119 1532 5183 τὸ,
1581 5119 1705 5172 Ἐὰν
1733 5120 1810 5191 μὴ

232 5212 414 5284 θέλῃό
445 5214 744 5272 ἐπίσκοπος
795 5210 1130 5278 κοινωνῆσαι
1164 5208 1242 5278 τῷ
1291 5211 1419 5279 παρ’
1480 5210 1648 5263 αὐτοῦ
1707 5212 1812 5279 ἀφ-

234 5305 530 5374 ορισθέντι,
575 5303 650 5366 ὡς
694 5302 948 5372 ἔγκλημά
996 5320 1044 5356 τι
1090 5301 1238 5372 αὐτῷ
1276 5300 1719 5371 ἐξαγορεύσαντι,
1755 5305 1808 5357 τί

229 5399 355 5466 περὶ
392 5397 488 5448 τοῦ
509 5394 754 5448 τοιούτου
779 5393 1268 5466 οίκονομηθήσεται
1301 5411 1316 5460 ;
1362 5396 1500 5464 Φησὶ
1547 5394 1678 5461 γοῦν
1701 5395 1804 5461 ὅτι,

229 5490 324 5543 έάν
352 5489 602 5559 ἀφορίσῃ
659 5487 782 5541 τινὰ
806 5488 866 5541 οὐ
896 5487 1146 5552 δικαίως,
1174 5487 1258 5555 ἐφ’
1291 5487 1416 5540 ὅσον
1446 5489 1639 5554 καιρὸν
1666 5489 1806 5540 ἐκεῖ·

227 5599 316 5646 νος
334 5585 394 5635 οὐ
410 5582 662 5636 κοινωνεῖ
680 5579 756 5650 τῷ
784 5579 1152 5650 ἀςνορισθέντι,
1176 5580 1307 5649 μηδέ
1326 5579 1537 5651 ἐκείνῳ,
1571 5579 1648 5649 τῷ
1674 5580 1809 5648 ἀφο-

233 5670 678 5744 ρίσαντιδηλαδὴ,
698 5672 1026 5725 κοινωνῶσιν
1041 5672 1089 5723 ot
1108 5669 1256 5726 ἄλλοι
1279 5673 1368 5726 ἐπί
1377 5689 1589 5726 σκοποι’
1608 5675 1804 5742 ἐπάγει

231 5767 285 5819 δέ
324 5768 419 5822 καὶ
451 5765 555 5835 τὴν
602 5765 803 5831 αἰτίαν,
833 5765 922 5820 ἵνα
953 5767 1029 5836 μὴ
1055 5768 1239 5835 ταχεῖς
1281 5767 1376 5819 καὶ
1402 5767 1801 5837 ἀπερίσκεπτοι

515 5859 787 5922 Ριτιιοι..
818 5861 932 5920 Gn.
983 5860 1372 5921 CXXXVIII.

1916 4562 2056 4617 tituli
2089 4562 2231 4615 tertii
2257 4561 2403 4626 libri,
2433 4559 2574 4628 quod
2597 4558 2765 4611 etiam
2818 4557 2873 4608 in
2911 4554 3138 4610 diversis
3183 4551 3484 4607 cancuibus

1911 4655 2074 4708 situm
2113 4661 2232 4716 est;
2261 4661 2314 4704 et
2341 4650 2634 4704 secundum
2669 4656 2924 4715 quartum
2956 4657 3218 4698 canonem
3241 4639 3483 4709 septima:

1911 4743 2125 4813 synodi.
2159 4740 2224 4794 Et
2254 4740 2368 4806 lege
2398 4739 2542 4792 hunc
2572 4749 2831 4790 canonem
2891 4742 2944 4784 et
2991 4728 3268 4784 Novellam
3321 4728 3479 4782 sitam

1913 4835 1965 4888 in
1993 4833 2113 4903 ejus
2145 4831 2625 4900 interpretatione;
2661 4835 2716 4882 et
2749 4839 2869 4880 can.
2909 4821 2973 4876 14
3022 4819 3221 4876 sardic.
3267 4818 3479 4886 synodi.

1983 5032 2234 5090 ZONAR.
2263 5032 2420 5099 Quod
2455 5029 2673 5086 silentio
2719 5041 2972 5099 superior
3015 5036 3188 5078 canon
3239 5027 3474 5082 texerat,

1911 5128 2001 5182 hic
2030 5127 2082 5180 in
2123 5134 2372 5195 apertum
2414 5121 2659 5193 protulit.
2684 5119 2743 5174 Id
2776 5129 2958 5174 autem
3009 5123 3130 5170 erat
3175 5109 3480 5182 ejusmodi;

1913 5215 1969 5269 Si
2012 5215 2479 5284 nolitﬂepisc0pus
2504 5212 2554 5265 ei
2609 5205 3054 5273 communicare,
3107 5219 3266 5274 quem
3326 5201 3480 5271 quasi

1910 5307 2139 5363 crimina
2201 5305 2304 5375 ipsi
2349 5306 2658 5360 confessum
2690 5300 3016 5371 segregavit,
3048 5298 3179 5368 quid
3217 5295 3342 5351 huic
3379 5291 3482 5360 ipsi

1909 5401 2167 5468 episcopo
2198 5397 2336 5451 fiet?
2372 5394 2682 5464 Respondet
2735 5393 2919 5462 igitur,
2960 5391 3106 5461 quod
3152 5389 3200 5444 si
3247 5389 3481 5456 aiiquem

1909 5493 2104 5561 injuria
2139 5491 2467 5563 segregavit,
2501 5488 2744 5559 quandiu
2795 5487 2866 5553 ei,
2897 5483 2990 5555 qui
3025 5492 3343 5552 segregatus
3372 5488 3479 5540 est,

1910 5586 2026 5654 ipse
2058 5597 2164 5638 non
2199 5584 2606 5648 communicat;
2641 5596 2742 5635 nec
2771 5579 2846 5633 illi
2881 5575 3131 5633 videlicet
3161 5574 3252 5641 qui
3289 5584 3482 5642 segre-

1909 5678 2058 5748 gavit
2103 5677 2194 5732 alii
2247 5676 2488 5746 episcopi
2563 5671 3090 5734 commuuicabunt;
3147 5679 3481 5735 causamque

1911 5781 2170 5842 praeterea
2226 5771 2531 5834 subnectit;
2564 5783 2631 5822 ne
2657 5767 2710 5822 in
2739 5766 3091 5821 accusatione
3143 5757 3478 5827 segregatio-

3099 5853 3166 5918 14
