3944 6394
389 363 483 426 lzil

478 503 494 532 ι
549 480 692 536 nioni
740 481 1022 534 restitutus
1053 486 1155 531 est.
1183 474 1399 529 Primus
1429 470 1958 540 cnim-coepiscopus
1989 480 2033 536 Α

485 596 500 624 ι
547 582 733 628 noster
763 571 1016 626 Urbanus
1046 566 1237 633 Sit-cae,
1263 563 1522 636 quidquid
1545 571 1662 618 erat
1690 577 1719 614 a
1748 578 1807 616 se
1835 576 1962 616 cor-

479 684 497 714 ‹
539 663 843 729 rigendum,
891 661 1010 714 sine
1062 657 1405 712 dubitatione
1437 653 1698 708 correxit.
1732 651 1799 705 Et
1836 652 1962 719 quia

472 777 488 806 ι
526 754 916 809 ecclesiasticae
946 750 1064 820 paci
1091 759 1144 802 et
1160 747 1328 817 quieti
1349 785 1364 812 ,
1393 761 1501 799 non
1534 744 1708 800 solum
1741 746 1794 798 in
1822 759 1963 812 pra:-

476 867 495 898 ι
527 863 676 912 sens,
718 847 811 900 sed
845 846 895 899 in
921 843 1165 896 futurum
1201 841 1367 894 etiam
1409 848 1642 907 tempus,
1673 837 1966 904 providen-

471 962 490 992 ι
529 941 654 995 dum
683 937 1092 1007 est;quoniam
1143 933 1314 986 multa
1357 929 1627 1000 ejusmodi
1660 942 1964 998 praacesse-

479 1059 494 1087 ι
535 1045 682 1099 runt,
712 1043 825 1089 uta
851 1031 1144 1096 similibus,
1188 1029 1274 1082 vel
1313 1026 1478 1082 etiam
1503 1024 1874 1096 gravioribus,
1910 1023 1963 1077 in

479 1149 494 1178 ι
539 1137 810 1198 posterum
845 1137 1170 1180 caveamus:
1200 1119 1425 1190 placuit,
1476 1126 1536 1172 ut
1590 1116 1833 1170 Siccensi
1865 1116 1965 1169 Ec-

479 1241 496 1272 ι
537 1220 702 1274 clesia
751 1225 1035 1272 moveatur
1079 1213 1365 1284 presbyter
1396 1211 1673 1280 Apiarius,
1706 1209 1756 1262 ei
1815 1207 1966 1261 scili-

488 1334 505 1366 ι
550 1325 635 1370 cet
682 1323 897 1368 servato
941 1312 1138 1380 gradus
1190 1309 1275 1362 sui
1306 1310 1540 1374 honore;
1581 1314 1638 1358 et
1685 1303 1964 1372 accipiens

491 1427 507 1458 ι
553 1406 849 1464 secundum
883 1417 1124 1458 canones
1153 1399 1461 1468 epistolam,
1496 1398 1813 1465 ubicunque
1835 1393 1962 1447 alibi

487 1519 503 1550 ι
536 1499 766 1555 voluerit
801 1509 855 1551 et
893 1496 1150 1566 potuerit,
1187 1491 1491 1561 presbyteri
1539 1489 1773 1544 oliicium
1805 1487 1968 1541 obeat

491 1611 507 1642 ι
543 1601 599 1647 et
639 1604 791 1646 sacra
853 1587 1110 1642 celebret.
1149 1583 1307 1651 Quod
1335 1581 1552 1651 quidem
1592 1579 1694 1647 ipsi
1722 1578 1962 1647 Apiario,

492 1704 510 1736 ι
555 1698 678 1738 cum
709 1682 762 1736 id
791 1679 1028 1749 propriis
1056 1676 1257 1731 litteris
1297 1673 1599 1745 petivisset,
1627 1670 1832 1738 absque
1855 1667 1963 1721 ulla

498 1795 515 1829 ι
555 1773 864 1831 diﬂlcultate
904 1768 1295 1825 concessimus.
1328 1767 1630 1834 Antequam
1667 1771 1846 1816 autem
1879 1758 1961 1814 vel

497 1887 514 1918 ι
551 1868 668 1937 ipsa
723 1878 888 1918 causa
930 1862 1002 1916 ita
1033 1859 1303 1925 ﬁniretur,
1335 1855 1479 1910 inter
1511 1855 1639 1919 alia,
1685 1866 1806 1920 quae
1831 1849 1968 1904 assi-
1999 1867 2042 1924 Β

481 1978 507 2010 -ι
549 1958 670 2013 duis
721 1953 1205 2022 disceptationibus
1247 1949 1622 2007 versabamus,
1647 1943 1807 2015 67],
1845 1957 1970 1996 cum

489 2071 506 2103 ι
549 2051 663 2122 ipsa
705 2049 860 2104 ratio
917 2045 1236 2115 postularet,
1268 2049 1328 2095 ut
1371 2054 1400 2094 a
1426 2037 1691 2092 fratribus
1739 2032 1966 2100 nostris,

483 2163 501 2196 ι
539 2141 798 2198 Faustino
845 2138 1166 2206 coepiscopo
1202 2142 1412 2197 nostro,
1467 2138 1522 2185 et
1543 2130 1722 2184 Asello
1755 2138 1810 2183 et
1837 2127 1972 2182 Plii-

476 2255 494 2288 ι
533 2236 678 2304 lippo
711 2229 1066 2302 presbyteris,
1100 2235 1429 2295 peteremus,
1475 2229 1534 2276 ut
1575 2217 1965 2276 ecclesiasticis

476 2345 492 2376 ι
527 2324 663 2378 actis
690 2322 967 2384 alIerrcnt,
1023 2318 1068 2370 si
1114 2316 1242 2385 quid
1266 2315 1346 2367 eis
1399 2320 1544 2366 esset
1597 2309 1970 2372 commissum,

480 2437 498 2469 ι
532 2417 674 2486 quod
713 2428 816 2467 una
840 2410 1121 2466 nobiscum
1180 2414 1325 2462 esset
1354 2403 1656 2472 agendum;
1716 2399 1972 2454 nonnulla

461 2530 485 2561 ι
517 2509 739 2578 quidem
811 2503 929 2557 sine
986 2499 1208 2567 scriptis
1259 2495 1457 2551 verbis
1506 2492 1781 2562 persecuti
1825 2499 1970 2545 sunt.

483 2616 502 2650 ι
535 2597 668 2653 Cum
707 2605 885 2650 autem
913 2606 1012 2647 nos
1028 2589 1457 2659 postulassemus
1475 2581 1971 2644 commonitorium,

461 2709 496 2744 -ι
538 2689 682 2759 quod
707 2687 884 2742 ab-eis
917 2685 971 2738 in
1020 2681 1241 2750 scriptis
1302 2676 1697 2746 proferebatur,
1742 2673 1795 2726 id
1845 2685 1973 2741 pro-

477 2799 499 2834 ι
536 2781 840 2843 duxerunt;
869 2774 1017 2844 quod
1053 2789 1083 2826 a
1117 2770 1273 2826 nobis
1309 2768 1529 2833 lectum,
1562 2767 1696 2819 actis
1713 2775 1974 2833 praeterea

485 2891 504 2924 ι
542 2871 810 2926 insertum
866 2876 970 2932 est,
1003 2879 1123 2933 qua:
1181 2862 1352 2916 etiam
1402 2859 1469 2913 ad
1502 2873 1597 2912 vos
1655 2872 1749 2926 per
1792 2871 1888 2910 eos
1921 2855 1974 2907 in

484 2985 504 3019 ι
540 2958 1128 3034 ριἀιεειιιὶοίετιιιιιυτ.
1150 2952 1226 3008 -ln
1253 2967 1360 3021 quo
1385 2959 1620 3020 quatuor
1649 2949 1718 3002 ab
1746 2949 1827 3001 eis
1873 2959 1969 3000 no-

389 3097 398 3104 .
478 3073 497 3106 ι
535 3053 744 3107 hiscum
781 3050 986 3116 agenda
1019 3046 1222 3099 inserta
1255 3051 1443 3105 erant;
1473 3055 1641 3093 unum
1681 3039 1748 3092 de
1789 3035 1976 3104 appel-

483 3165 502 3198 ι
541 3145 837 3199 lationibus
865 3139 1246 3208 episcoporum
1279 3138 1345 3190 ad
1408 3134 1664 3189 Romamn
1715 3131 1975 3185 Ecclesiae

481 3259 501 3292 ι
545 3238 920 3301 sacerdotem;
946 3232 1265 3298 secundum,
1298 3245 1365 3284 ne
1401 3227 1642 3298 episcopi
1672 3226 1739 3279 ad
1801 3223 1978 3279 coini-
2004 3202 2048 3261 ε’·

484 3349 503 3382 ι
534 3339 704 3383 tatum
731 3338 936 3381 temere
967 3327 1318 3393 navigarent;
1377 3321 1596 3374 tertium
1651 3327 1853 3380 autem,
1923 3324 1981 3366 ut

482 3441 500 3474 ι
534 3423 973 3491 presbyterorum
1001 3428 1051 3471 et
1082 3417 1434 3471 diacouorum
1462 3426 1638 3466 causa:
1669 3425 1698 3462 a
1737 3408 1981 3462 ﬁnitimis

481 3536 500 3569 ι
533 3515 801 3585 episcopis
827 3512 1287 3572 exatniuarentur,
1343 3507 1387 3562 si
1430 3521 1459 3558 a
1515 3502 1751 3573 propriis
1781 3510 1984 3553 temere

473 3626 506 3658 τι
545 3605 934 3660 communione
965 3602 1098 3656 moti
1168 3599 1410 3652 fuerint:
1442 3605 1698 3664 quartum
1760 3593 1826 3645 de
1880 3586 1986 3642 Ur-

483 3699 948 3766 rbanoepiscopo
1011 3689 1557 3753 excominnnicamlo,
1609 3683 1697 3740 vel
1752 3681 1981 3736 Romam

492 3805 510 3837 ι
546 3787 785 3847 citando,
827 3785 936 3837 nisi
999 3795 1121 3851 qua:
1169 3779 1366 3846 corrigi
1424 3783 1658 3844 oportet,
1720 3773 1977 3841 corrigat.

485 3897 504 3931 ι
541 3878 617 3932 Ex
643 3878 842 3948 quibus
880 3874 1133 3929 omnibus
1168 3871 1232 3924 de
1267 3869 1440 3937 primo
1461 3879 1515 3920 et
1557 3865 1743 3927 tertio,
1791 3863 1840 3915 id
1876 3869 1980 3922 est,

490 3991 508 4024 ι
540 3980 597 4026 ut
647 3971 809 4024 liceat
849 3965 1123 4038 episcopis
1175 3962 1400 4016 Romam
1451 3959 1749 4029 appellare,
1809 3965 1865 4008 et
1924 3961 1982 4004 ut

495 4083 513 4115 ι
543 4077 722 4117 causa:
771 4060 1094 4114 clericorum
1152 4057 1221 4110 ab
1273 4055 1515 4124 ipsarum
1563 4047 1978 4121 provinciarum

494 4173 514 4206 ι
546 4150 815 4223 episcopis
874 4150 1152 4210 liniantur,
1213 4157 1360 4198 anno
1405 4141 1742 4212 praecedente
1787 4135 1983 4189 nostris

501 4269 518 4300 ι
563 4259 779 4316 quoque
839 4242 1035 4296 litteris
1091 4237 1272 4291 eidem
1330 4231 1654 4290 veneranda:
1682 4227 1984 4290 ,memoriaa

490 4361 506 4393 ι
540 4339 757 4395 Zosimo
775 4337 1028 4405 episcopo
1049 4331 1190 4386 datis
1207 4329 1496 4386 ostendere
1509 4324 1900 4388 studuimus,ut
1922 4335 1981 4375 ea

475 4453 510 4486 ι
543 4432 658 4488 sine
683 4429 788 4482 ulla
814 4427 956 4482 illius
983 4423 1178 4490 injuria
1209 4419 1598 4490 aliquantisper
1618 4428 1982 4476 servaremus,

467 4544 512 4578 -ι
550 4527 722 4580 donec
750 4520 984 4574 Nicrente
1009 4515 1199 4586 synodi
1256 4515 1595 4567 decretorum
1653 4506 1792 4560 facta
1839 4517 1985 4562 esset
2023 4544 2065 4599 υ

467 4637 519 4670 ηπ
541 4614 840 4685 inquisitio.
870 4611 937 4664 Et
969 4624 1114 4664 nunc
1137 4625 1164 4660 ιι
1190 4614 1282 4660 tua
1319 4602 1612 4659 sanctitate
1635 4600 1892 4668 petimus,
1928 4609 1988 4653 ut

469 4728 511 4764 ,ι
541 4705 811 4778 quomodo
849 4718 912 4758 ea
938 4718 967 4756 a
997 4699 1248 4754 Patribus
1285 4694 1480 4749 Nicaeae
1525 4696 1669 4747 facta
1696 4702 1848 4756 sunt,
1903 4705 1984 4744 sic

470 4819 514 4852 κ(
551 4815 615 4855 ea
643 4813 676 4852 a
704 4795 860 4851 nobis
883 4791 1192 4856 servari,et
1215 4788 1337 4842 illic
1379 4788 1518 4854 apud
1557 4799 1653 4839 vos
1701 4798 1823 4853 quae
1860 4790 1988 4836 sunt

473 4911 519 4944 ολ
554 4892 605 4945 in
639 4890 756 4958 ipso
788 4881 1204 4940 commonitorio
1256 4879 1429 4947 posita
1468 4876 1712 4931 exerceri
1768 4873 1939 4928 facias
1971 4890 1987 4929 :

502 4985 652 5038 ιιιοε
691 4988 796 5044 εει,
855 4985 915 5028 ut
967 4973 1016 5028 si
1063 4971 1348 5042 episcopus
1369 4977 1660 5022 accusatus
1712 4965 1900 5030 fuerit,
1935 4973 1991 5018 et

493 5095 509 5127 ι
549 5067 860 5140 congregati
897 5065 1134 5136 ejusdem
1157 5063 1449 5133 provinciae
1475 5060 1716 5130 episcopi
1753 5075 1872 5114 eum
1903 5056 1990 5125 ju-

501 5185 518 5216 ι
552 5163 874 5222 dicaverint,
908 5167 962 5211 et
989 5172 1018 5210 c
1050 5171 1148 5210 suo
1171 5155 1338 5222 gradu
1371 5153 1742 5218 depOsueriut,
1775 5151 1990 5218 quando

483 5275 510 5306 .c
547 5250 818 5321 appellare
857 5250 1024 5303 visunt
1061 5245 1241 5312 fuerit,
1274 5257 1328 5297 et
1355 5245 1422 5297 ad
1465 5243 1840 5296 beatissimum
1877 5239 1989 5294 Ro-

483 5355 718 5399 rmana:
747 5339 1004 5394 Ecclesiae
1025 5339 1331 5406 episcOpum
1381 5336 1730 5400 confugerit;
1783 5333 1825 5385 si
1863 5346 1986 5384 eum

501 5460 518 5490 ι
562 5432 1358 5495 esseatulieuduuicensuerit,
1385 5431 1700 5498 jusunnque
1735 5440 1856 5480 esse
1894 5427 1992 5480 du-

501 5549 518 5580 ι
557 5528 717 5596 xerit,
745 5536 1112 5582 utrenovetur
1150 5525 1438 5594 judicium,
1487 5521 1732 5576 ﬁnitimis
1773 5519 1992 5586 episco-

507 5645 526 5673 ι
564 5623 666 5690 pis,
691 5631 744 5676 et
773 5621 1160 5690 inpropiuqua
1191 5615 1471 5686 provincia
1509 5609 1819 5668 constitutis
1851 5608 1992 5662 scri-

505 5732 521 5764 ι
561 5712 684 5767 bere
709 5715 1060 5783 dignetur,-ut
1093 5711 1189 5778 ipsi
1210 5709 1386 5763 omnia
1413 5700 1992 5774 diligentcrinquirant

496 5822 521 5854 ι
563 5813 615 5858 et
645 5820 710 5862 ex
741 5805 990 5864 veritatis
1023 5803 1129 5860 ﬁde
1163 5803 1376 5858 ﬁniant.
1415 5796 1512 5856 Sin
1541 5805 1722 5855 autem
1782 5793 1851 5865 is,
1895 5791 1991 5863 qui

1639 351 1912 413 THEOD.
1949 350 2346 413 BALSAMON

3514 357 3610 420 £32

2138 489 2160 522 ι
2207 469 2391 534 τονίας
2436 469 2531 525 καὶ
2564 470 2664 540 τῆς
2690 469 3090 540 ἀκοινωνησίας
3129 468 3224 524 καὶ
3273 471 3608 544 προκλήσεως

2139 585 2158 618 ι
2205 569 2415 636 ἁνεφνὶη
2439 568 2501 620 οὐ
2528 568 2688 636 μόνον
2705 569 2772 638 τῇ
2793 568 2848 619 ἐν
2877 567 3034 638 Σίκῃ,
3058 567 3195 620 ἀλλὰ
3219 566 3312 620 καὶ
3326 570 3388 638 τῇ
3407 568 3459 622 ἐν
3475 569 3609 642 πάσῃ

2143 677 2160 709 ι
2209 660 2274 728 τῇ
2309 659 2542 729 Ἀφρικῇ
2578 657 2845 728 ἐκκλησίᾳ
2871 658 2930 709 οὒ
2963 659 3159 726 μικρὸν
3188 657 3468 712 σκάνδαλον
3492 665 3608 728 περὶ

2142 769 2158 802 ι
2209 753 2430 804 πάντων
2475 744 2552 803 ὧν
2582 750 2864 820 ἐπλανήθη
2925 747 3256 819 συγγνώμην
3284 750 3523 819 αίτήσας,
3547 753 3610 822 τῇ

2142 861 2161 894 ι
2211 843 2468 913 κοινωνίᾳ
2531 843 2904 910 ἀποκατέστη.
2951 841 3176 913 Πρῶτος
3223 839 3328 911 γὰρ
3357 842 3384 893 ό
3414 842 3615 894 συνεπίο

2144 955 2162 988 ι
2211 952 2412 998 σκοπος
2447 936 2602 1004 ἡμῶν
2633 933 2909 1004 Οὑρϐανδς
2937 935 2965 987 ό
2997 935 3095 1004 τῆς
3128 934 3315 1005 Σίκης,
3341 930 3535 1005 ὄσονῆν
3563 937 3614 988 ἐν

2142 1046 2160 1079 ι
2207 1027 2356 1098 αὺτῷ
2412 1027 2768 1096 διορθωτέον;
2834 1028 3220 1098 ἀναμφιϐόλως
3266 1027 3616 1096 διωρθώσατο.

2135 1139 2152 1170 ι
2199 1120 2419 1190 Ἐπειδὴ
2450 1121 2504 1174 δὲ
2527 1122 2620 1191 τῆς
2646 1121 3105 1192 ἐκκλησιαστικῆς
3125 1123 3346 1192 είρήνης
3380 1121 3470 1174 καὶ
3501 1123 3618 1190 ἠσυ-

2143 1232 2160 1265 ι
2204 1214 2328 1283 χίας
2383 1215 2442 1266 οὐ
2493 1215 2653 1283 μόνον
2704 1213 2840 1283 πρὸς
2866 1215 2925 1266 τὸ
2948 1214 3142 1284 παρὸν,
3166 1213 3304 1266 ἀλλὰ
3332 1214 3423 1267 καὶ
3455 1215 3533 1275 είς
3567 1213 3622 1264 τὸ

2139 1326 2156 1358 ι
2203 1307 2331 1375 ἐξῆς
2365 1307 2472 1359 ἔδει
2529 1308 2788 1376 πρόνοιαν
2817 1307 3170 1377 ποιήσασθαι,
3221 1305 3304 1358 ὃτι
3333 1304 3497 1357 πολλὰ
3523 1321 3622 1357 τοι·

2150 1418 2168 1451 ι
2215 1399 2354 1452 αὔτα
2377 1400 2783 1470 προηγήσαντο,
2814 1400 2960 1459 ὅπως
2985 1399 3092 1452 ἀπε)
3119 1398 3226 1450 τῶν
3248 1399 3442 1465 ὁμοίωμ
3477 1397 3507 1466 ἢ
3540 1395 3626 1448 καὶ

2142 1509 2160 1542 ι
2200 1489 2514 1560 βαρυτέρων
2530 1491 2636 1544 τῶν
2659 1490 2794 1561 μετὰ
2809 1491 2977 1544 ταῦτα
2994 1486 3624 1559 προσφυλαξώμεθαήρε-

2143 1601 2162 1635 ι
2210 1599 2300 1636 σεν
2317 1585 2470 1652 ἡμῖν,
2489 1584 2650 1636 ἵναέκ
2676 1584 2770 1652 τῆς
2785 1585 2840 1636 ἐν
2870 1583 3004 1655 Σέκῃ
3029 1582 3352 1651 Ἐκκλησίας
3376 1581 3630 1647 ἁποκινηο

2147 1693 2166 1726 ι
2213 1675 2280 1745 θῇ
2321 1678 2347 1728 ό
2371 1675 2737 1746 πρεσϐύτερος
2757 1677 3056 1744 ’Δπιάριος,
3073 1675 3475 1743 φυλαττομένης
3494 1669 3631 1740 αὺτῷ

2143 1785 2161 1818 ι
2203 1766 2445 1836 δηλονότι
2474 1769 2571 1834 τῆς
2600 1770 2766 1838 τιμῆς
2796 1769 2890 1822 τοῦ
2916 1768 3128 1838 βαθμοῦ
3163 1767 3329 1820 αὑτοῦ
3348 1783 3362 1799 ·
3385 1767 3476 1819 καὶ
3501 1765 3630 1832 λαμ·

2149 1874 2166 1909 ι
2213 1855 2394 1910 ϐάνων
2426 1858 2567 1910 κατὰ
2625 1859 2748 1921 τοὺς
2795 1861 3026 1920 κανόνας
3069 1855 3382 1926 ἐπιστολὴν,
3413 1853 3630 1922 ὁπουδή-

2152 1968 2172 2001 r
2217 1967 2344 2003 ποτε
2369 1949 2603 2020 ἀλλαχοῦ
2631 1950 2916 2021 βουληθείη
2953 1952 3046 2004 καὶ
3074 1950 3351 2019 δυνηθείη,
3373 1948 3450 2017 τῷ
3472 1947 3634 2014 καθή-

2149 2061 2168 2094 t
2213 2060 2362 2096 κοντι
2397 2043 2490 2096 τοῦ
2518 2043 2916 2114 πρεσϐυτερίου
2945 2043 3334 2112 λειτουργήσῃ.
3365 2041 3538 2108 Ὅπερ
3561 2035 3634 2105 τῷ

2149 2152 2168 2185 ι
2213 2133 2363 2204 αότῷ
2422 2135 2692 2204 Ἀπιαρίῳ
2762 2134 2829 2186 δι’
2881 2135 3104 2187 οἰκείων
3163 2132 3510 2203 γραμμάτων
3565 2129 3636 2180 al-

2149 2243 2168 2277 ‹
2213 2229 2441 2298 τήσαντι
2486 2229 2654 2297 χωρίς
2689 2245 2837 2290 τινος
2882 2227 3207 2296 δυσχερείας
3277 2224 3638 2295 συνεχωρήσα·

2149 2338 2170 2372 ι
2218 2337 2339 2389 μεν.
2409 2321 2521 2390 Πρὸ
2581 2320 2676 2374 τοῦ
2731 2321 2788 2374 δὲ
2827 2321 2859 2390 ἢ
2905 2322 3053 2373 αἰτία
3108 2320 3247 2383 αὕτη
3284 2320 3379 2389 ,τῷ
3426 2317 3637 2386 τοιούτῳ

2151 2431 2171 2465 ι
2220 2413 2779 2485 πέρατιέπαραδοθῇ,
2844 2413 3048 2482 μεταξὺ
3079 2413 3187 2467 τῶν
3255 2412 3452 2475 ἄλλων,
3490 2410 3638 2463 ἅτινα

2152 2522 2172 2554 r
2214 2503 2487 2572 διηνεκέσι
2529 2503 2885 2569 διαγνώσεσιν
2949 2504 3360 2573 ἀνεστρέφομεν
3392 2543 3406 2567 ,
3481 2498 3638 2554 αὐτοῦ

2151 2611 2169 2645 ι
2212 2594 2304 2645 τοῦ
2369 2593 2528 2660 λόγου
2579 2595 3004 2663 ἁπαιτὴσαντος,
3051 2593 3194 2646 ὥστε
3258 2598 3374 2657 τοῖς
3452 2593 3640 2660 ἐκκληο

2153 2705 2171 2737 ι
2214 2687 2510 2746 σιαστικοίς
2538 2687 2941 2756 πεπραγμένοι,
2999 2685 3235 2756 ζητῆσαι
3298 2687 3442 2756 ἡμᾶς
3503 2685 3642 2752 παρὰ

2152 2795 2170 2828 ι
2214 2777 2324 2830 τῶν
2384 2777 2630 2844 ἀδελφῶν
2694 2779 2850 2846 ἡμῶν
2920 2779 3220 2831 Φαυστίνου
3283 2779 3379 2831 τοῦ
3438 2794 3643 2830 συνεπι-

2153 2887 2170 2920 ι
2213 2869 2438 2932 σκόπου,
2494 2869 2588 2921 καὶ
2641 2869 2904 2922 Φιλίππου
2952 2869 3046 2922 καὶ
3103 2871 3357 2923 Ἀσέλλου
3389 2872 3494 2922 τῶν
3517 2884 3644 2937 συμ-

2149 2980 2170 3012 ι
2219 2962 2607 3030 πρεσϐυτέρων
2644 3002 2660 3028 ,
2721 2963 2809 3016 ἵνα
2875 2963 3285 3032 προενέγκωσιν
3349 2964 3404 3015 εἴ
3458 2980 3508 3014 τι
3562 2961 3642 3029 δή·

2157 3068 2176 3102 ι
2216 3069 2345 3105 ποτε
2375 3050 2445 3124 ἦν
2485 3057 2668 3117 αὐτοῖς
2699 3057 2815 3125 ἅμα
2849 3056 2979 3125 ἡμῖν
3025 3058 3304 3125 πρακτέον
3336 3056 3644 3128 ἐπιτραπέν,

2157 3162 2176 3194 ι
2223 3143 2346 3196 τινὰ
2383 3144 2481 3214 μὲν
2510 3146 2775 3214 ἀγράφως
2821 3148 2909 3199 διὰ
2951 3148 3126 3213 λόγων
3163 3149 3646 3220 ἐπεξειργάσαντο’

2163 3253 2181 3287 ι
2225 3237 2384 3305 ἡμῶν
2427 3237 2485 3290 δὲ
2551 3239 2974 3306 ἁπαιτησὰντων
3017 3240 3158 3309 ὅπερ
3205 3243 3542 3310 ἐπεφέροντο
3569 3237 3647 3303 ξεί-

2163 3347 2181 3378 ι
2218 3345 2432 3398 γραφον
2462 3334 2901 3400 κομμονιτόριον,
2934 3331 3092 3384 τοῦτο
3125 3336 3469 3404 προήγαγον·
3499 3333 3647 3398 ὅπερ.

2163 3438 2180 3472 ι
2223 3421 2580 3488 ἀναγνωσθὲν
2631 3423 2758 3493 παρ’
2828 3424 3024 3493 ήμῶν,
3077 3425 3186 3485 τοῖς
3247 3424 3650 3492 πεπραγμένοις

2161 3528 2180 3561 ι
2217 3511 2300 3564 ἔτι
2327 3511 2436 3584 μὴν
2469 3513 2726 3583 ἐνετὰγη,
2747 3515 2860 3574 τοῖς
2892 3514 2985 3565 καὶ
3019 3514 3156 3582 πρὸς
3200 3514 3353 3581 ὑμᾶς
3383 3513 3451 3566 δι’
3481 3511 3650 3564 αὐτῶν

2162 3621 2181 3652 ι
2224 3603 2318 3655 ἐπὶ
2350 3603 2444 3657 τοῦ
2495 3603 2766 3669 παρόντος
2826 3602 3172 3674 φερομένοις.
3229 3603 3322 3655 Ἐν
3350 3598 3393 3670 ᾧ
3419 3602 3652 3669 τέσσαρα

2153 3716 2181 3749 ιι
2224 3697 2405 3757 αὐτοῖς
2432 3713 2553 3748 τινα
2579 3694 2697 3764 ἅμα
2727 3696 2858 3762 ἡμῖν
2903 3696 3154 3764 πρακτέα
3205 3695 3570 3766 ὲνετάγησαν·
3600 3692 3655 3745 ἓν

2165 3807 2182 3840 ι
2228 3788 2354 3858 περὶ
2413 3787 2694 3854 ἐγκλήτων
2729 3787 3046 3838 ἐπισκόπων
3074 3787 3208 3855 πρὸς
3258 3788 3355 3840 τὸν
3387 3789 3486 3855 τῆς
3535 3786 3653 3838 Ῥω·

2166 3896 2185 3930 ι
2227 3877 2399 3947 μαίων
2445 3875 2771 3945 Ἐκκλησίας
2821 3877 2971 3945 ίερέα
2996 3893 3011 3907 ο
3064 3876 3324 3947 δεύτερον
3357 3880 3443 3930 ἵνα
3479 3879 3570 3930 ἐπὶ
3599 3875 3656 3926 τὸ

2165 3989 2184 4023 ι
2226 3971 2521 4041 κομιτᾶτον
2551 3969 2868 4029 ἐπίσκοποι,
2896 3969 2970 4032 ὡς
3005 3967 3185 4037 ἔτυχε,
3215 3969 3296 4040 μὴ
3327 3969 3651 4022 πλεύσωσιν*

2166 4081 2185 4114 ι
2223 4063 2406 4132 τρίτον
2455 4060 2706 4130 περὶτοῦ
2748 4062 2844 4121 τὰς
2877 4059 3057 4123 αἰτίας
3111 4060 3220 4113 τῶν
3277 4062 3658 4129 πρεσϐυτέρων

2166 4173 2186 4207 ι
2224 4155 2319 4209 καὶ
2383 4154 2645 4206 διακόνων
2694 4151 2975 4221 ζητεῖσθαι
3043 4151 3196 4222 παρὰ
3259 4155 3376 4215 τοῖς
3445 4155 3656 4222 ὁμόροις

2165 4263 2185 4296 ι
2231 4247 2572 4308 ἐπισκόποις,
2626 4241 2722 4295 ἐὰν
2775 4245 2840 4295 ἐκ
2876 4243 2982 4295 τῶν
3019 4243 3164 4296 ἰδίων
3223 4243 3337 4296 ἀπὸ
3376 4244 3655 4305 κοινωνίας

2163 4355 2184 4388 ι
2233 4337 2519 4406 προπετῶς
2563 4333 2845 4402 γένωνται·
2877 4333 3158 4402 τέταρτον,
3189 4335 3322 4405 περὶ
3379 4331 3657 4402 Οὐρϐανοῦ

2167 4447 2186 4480 ι
2220 4429 2318 4481 τοῦ
2357 4427 2664 4480 ἐπισκόπου
2723 4424 3214 4494 ἁποκοινωνητέου,
3260 4426 3294 4496 ἢ
3328 4425 3411 4478 ἔτι
3467 4425 3573 4496 μὴν
3606 4425 3660 4475 ἐν

2163 4539 2184 4572 ι
2241 4517 2427 4588 Ῥώμῃ
2459 4518 2709 4588 κλητέον,
2756 4517 2805 4568 εἰ
2833 4515 2908 4586 μὴ
2948 4516 3016 4569 τὰ
3050 4515 3340 4584 ὀφείλοντα
3368 4515 3662 4588 διορθωθῆ-

2168 4628 2188 4664 ‹
2225 4627 2313 4663 ναι
2341 4607 2722 4679 διορθώσηται.
2755 4605 2846 4669 Ἐξ
2874 4599 2948 4658 ὧν
2984 4607 3202 4659 πάντων
3230 4607 3365 4677 περὶ
3396 4607 3490 4661 τοῦ
3515 4604 3663 4676 πρώ-

2070 4750 2086 4757 -
2169 4719 2188 4754 ι
2223 4716 2320 4753 του
2369 4698 2460 4751 καὶ
2517 4695 2725 4765 τρίτου,
2773 4693 2920 4747 τοῦτ’
2967 4693 3138 4760 ἐστιν,
3195 4695 3283 4749 ἵνα
3314 4696 3528 4760 ἔξεστιν
3586 4697 3662 4756 εἰς

2171 4811 2191 4845 ι
2245 4788 2468 4860 Ῥώμην
2497 4789 2614 4850 τοῖς
2667 4785 2990 4849 ἐπισκόποις
3037 4785 3418 4852 ἐκκαλεῖσθαι,
3459 4789 3554 4840 καὶ
3585 4787 3663 4838 ὅτι

2169 4897 2190 4932 ι
2227 4879 2416 4932 αἰτῶν
2451 4875 2727 4946 κληρικῶν
2755 4875 2924 4926 αἰτίαι
2977 4875 3128 4942 παρὰ
3183 4876 3297 4937 τοῖς
3329 4875 3440 4930 τῶν
3499 4877 3662 4942 ἐπαρ-

2168 4988 2188 5024 ι
2225 4970 2361 5041 χιῶν
2402 4968 2584 5022 αὐτῶν
2648 4965 2977 5028 ἐπισκόποις
3035 4965 3409 5036 περατῶνται,
3471 4967 3572 5038 ἤδη
3610 4967 3664 5017 ὲν

2170 5080 2188 5114 ι
2225 5061 2303 5131 τῷ
2355 5059 2683 5129 προλαϐόντι
2745 5056 2976 5126 ἐνιαυτῷ
3025 5057 3354 5127 γράμμασιν
3415 5057 3499 5110 ἔτι
3563 5057 3663 5126 μὴν

2169 5170 2187 5204 ι
2231 5151 2526 5222 ἡμετέροις
2581 5148 2881 5217 πεμφθεῖσι
2914 5146 2994 5215 τῷ
3042 5147 3192 5217 αὐτῷ
3221 5147 3324 5216 τῆς
3353 5162 3663 5217 προσκυνη-

2167 5260 2186 5293 ι
2233 5242 2331 5310 τῆς
2358 5243 2576 5310 μνήμης
2601 5239 2836 5308 Ζωσίμῳ
2878 5236 2955 5306 τῷ
2991 5237 3277 5305 ὲπισκόπῳ
3316 5237 3662 5289 ἐσπουδάσα-

2169 5353 2188 5385 ι
2235 5349 2334 5402 μεν
2381 5331 2697 5401 ἐμφανίσαι,
2756 5331 2842 5382 ἵνα
2868 5329 3041 5382 ταῦτα
3073 5333 3240 5401 χωρίς
3279 5345 3425 5390 τινος
3457 5327 3662 5397 ὕϐρεως

2170 5444 2188 5476 ι
2227 5425 2391 5478 αὐτοῦ
2419 5425 2555 5494 πρὸς
2582 5422 2760 5488 ὀλίγον
2805 5421 3149 5490 φυλάξωμεν,
3197 5421 3299 5482 ἕως
3330 5419 3393 5473 οὗ
3442 5421 3661 5489 ζήτησις

2170 5536 2188 5569 ι
2232 5517 2456 5585 γένηται
2485 5515 2592 5566 τῶν
2625 5515 2767 5584 ὅρων
2794 5517 2892 5583 τῆς
2944 5515 3002 5565 ὲν
3032 5513 3239 5582 Νικαίᾳ
3271 5512 3525 5566 συνόδου.
3562 5511 3662 5564 Καῖ

2171 5627 2190 5660 ‹
2228 5610 2322 5661 νῦν
2351 5608 2407 5660 δὲ
2437 5607 2545 5659 ἀπὸ
2580 5606 2679 5675 τῆς
2708 5607 2806 5675 σῆς
2851 5604 3149 5674 αἰτούμεθα
3185 5604 3524 5673 ἁγιωσύνης.
3561 5602 3662 5665 ἵνα,

2173 5718 2195 5753 ι
2243 5700 2302 5752 ὃν
2334 5700 2534 5771 τρόπον
2566 5698 2740 5751 ταῦτα
2783 5699 2848 5750 τὰ
2874 5699 2930 5750 ἐν
2959 5695 3164 5767 Νικαίςι
3195 5695 3302 5747 ἀπὸ
3351 5697 3464 5749 τῶν
3502 5693 3666 5746 Πατέ-

2171 5811 2190 5846 ι
2233 5810 2343 5862 ρων
2375 5791 2751 5862 ἐπράχθησαν,
2801 5789 2971 5853 οὕτως
3016 5789 3157 5844 αὐτὰ
3187 5786 3328 5853 παρ’
3373 5787 3537 5853 ἡμῶν
3578 5803 3696 5868 φυοι
