3944 6398
345 388 450 445 Η3

1316 390 1397 449 ΙΝ
1440 390 1605 451 CAN.
1651 388 1942 453 CXXXVt

2118 393 2143 454 :.
2169 356 2551 456 cAn'rHAG.
3493 401 3594 461 4’34

424 516 441 546 1
485 497 755 567 λαχθῆναι
783 500 1043 570 ποιῆσῃρ
1101 501 1192 553 καὶ
1220 502 1407 555 αὐτόθι
1455 503 1588 573 παρ’
1621 504 1749 573 ὑμῖν
1772 505 1839 557 τὰ
1870 507 1929 557 ἐν

2118 522 2390 563 icausam
2449 521 2661 562 suama
2715 508 2981 579 principio
3036 509 3208 564 audiri
3264 518 3435 580 rogat,
3497 528 3595 565 sua

421 608 438 640 1
476 589 555 658 τῷ
598 591 751 660 αύτῷ
792 593 1022 660 κείμενα
1079 596 1492 665 κομμονιτορίῳ
1536 598 1921 667 γυμνασθῆναι

419 701 438 734 1
484 684 739 754 ποιήσῃςο
773 684 919 738 τοῦτ’
957 685 1124 751 ἐστιν,
1178 687 1275 741 ἐὰν
1325 688 1631 751 ἐπίσκοπος
1688 708 1923 759 κατηγο-

425 784 441 828 (
486 777 648 847 ρηθῇ,
677 778 770 830 καὶ
793 778 841 831 oi
891 778 1235 844 συνελθόντες
1268 782 1567 837 ἐπίσκοποι
1604 787 1705 855 τῆς
1749 785 1923 855 αὐτῆς

423 887 442 919 1
484 868 755 938 ἐπαρχίας
816 870 1068 938 κρίνωσι,
1118 872 1217 925 καὶ
1267 874 1330 926 ἐκ
1382 876 1478 928 τοῦ
1513 876 1724 945 βαθμοῦ
1754 878 1922 932 αὗτοῦ

420 978 440 1011 1
491 960 797 1014 καθέλωσιν
840 962 1026 1023 αὐτὸν,
1086 964 1215 1017 ὅταν
1259 966 1383 1036 δόξῃ
1429 969 1803 1033 ἐκκαλεῖσθαι,
1828 972 1923 1024 καὶ

421 1070 441 1103 1
480 1052 617 1121 πρὸς
638 1052 729 1105 τὸν
763 1054 1313 1127 μακαριώτατον’τῆς
1356 1058 1649 1128 Ῥωμαίων
1694 1062 1924 1132 Ἐκκλη-

423 1161 444 1195 1
484 1144 606 1207 σίας
644 1146 949 1198 ἐπίσκοπον
1005 1149 1320 1219 καταφύγῃ’
1371 1151 1464 1203 ίάν
1516 1151 1700 1224 συνίδῃ
1760 1155 1923 1208 αὑτὸν

425 1251 444 1284 1
487 1233 849 1303 ἀκουσθῆναι,
876 1236 971 1289 καὶ
995 1236 1208 1290 δίκαιον
1258 1237 1567 1310 λογίσηται,
1602 1243 1743 1297 ὥστε
1794 1248 1925 1299 ἀνα-

385 1370 389 1372 γ
424 1343 443 1375 1
481 1325 754 1394 νεωθῆναι
808 1326 911 1397 τὴν
953 1328 1157 1395 κρίσιν,
1204 1331 1413 1401 γράψαι
1465 1334 1783 1406 καταξιώσῃ
1810 1339 1924 1401 τοῖς

424 1439 441 1470 1
485 1422 545 1471 ἐν
567 1421 631 1490 τῇ
663 1420 849 1491 ὁμόρῳ
895 1422 989 1474 καὶ
1037 1421 1340 1495 ἐγγιζούσῃ
1372 1426 1612 1497 ἐπαρχίᾳ.
1642 1429 1925 1482 καθεστῶ-

424 1530 444 1562 ‹
486 1528 571 1564 σιν
623 1513 972 1577 ἐπισκόποις,
1032 1513 1120 1566 ῖνα
1161 1516 1319 1568 αὐτοὶ
1385 1520 1565 1571 πάντα
1641 1520 1923 1589 ἐπιμελῶς

423 1620 443 1654 1
485 1603 897 1674 ἀναζητήσωσι,
917 1606 1012 1659 καὶ
1038 1607 1179 1661 κατά
1199 1608 1301 1677 τὴν
1332 1608 1515 1662 πίστιν
1541 1610 1639 1679 τῆς
1666 1609 1925 1679 ἀληθείας

425 1715 445 1746 1
490 1696 901 1767 περατώσωσιν.
980 1699 1107 1753 Ἐὰν
1146 1700 1201 1753 δὲ
1250 1701 1346 1753 καὶ
1386 1703 1413 1754 6
1456 1703 1795 1772 παρακαλῶν
1824 1709 1925 1776 τὴν

424 1808 443 1841 1
483 1790 661 1843 αἰτίαν
686 1790 850 1843 αὐτοῦ
872 1791 1075 1845 ἀνωθεν
1093 1794 1427 1861 ἀκουσθῆναι
1453 1794 1561 1866 ίδίᾳ
1579 1796 1753 1864 ἱκεσίᾳ
1772 1800 1926 1868 κινή-
1958 1848 2001 1906 Β

439 1904 459 1935 1
498 1901 562 1953 σῃ
595 1882 687 1936 τὸν
724 1883 1042 1954 Ῥωμαϊκὸν
1074 1888 1394 1953 ἐπίσκοπον,
1425 1890 1509 1942 ἵνα
1539 1892 1604 1945 ἐκ
1628 1892 1724 1944 τοῦ
1757 1894 1921 1946 αὐτοῦ

432 1994 451 2024 1
489 1974 727 2043 πλευροῦ
752 1976 1123 2047 πρεσϐύτερον
1158 1979 1541 2051 ἀποστείλῃ,ἐν
1578 1984 1643 2050 τῇ
1696 1983 1919 2054 ἐξουσίᾳ

428 2085 446 2115 1
490 2066 636 2119 τοῦτ’
698 2067 816 2120 ἐστι
866 2068 960 2121 τοῦ
1009 2070 1333 2132 ἐπισκόπου,
1388 2072 1440 2125 τί
1492 2073 1729 2145 βουληθῇ
1758 2076 1852 2128 καλ⁸
1874 2076 1926 2129 τί

429 2178 448 2210 1
489 2160 672 2230 κρίνῃ.
697 2160 803 2213 Καὶ
826 2161 922 2213 ἐάν
944 2160 1250 2234 ψηφίσηται
1276 2168 1403 2227 τοὺς
1434 2166 1755 2235 ὀφείλοντας
1785 2170 1953 2238 μετὰ»
2001 2241 2005 2244 ν

430 2266 451 2298 1
493 2250 602 2303 τῶν
638 2251 957 2305 ἐπισκόπων
997 2254 1275 2321 παρόντας
1314 2259 1520 2327 κρῖναι,
1564 2257 1786 2328 ἔχοντας
1827 2260 1929 2330 τὴν

432 2363 452 2395 1
497 2343 783 2398 αὐθεντίαν
818 2345 986 2399 αὑτοῦ
1042 2348 1100 2413 ἐξ
1132 2341 1193 2403 οὗ
1226 2349 1643 2421 ἀπεστάλησαν,
1688 2354 1844 2407 ἔσται
1870 2356 1929 2408 ἐν

430 2454 450 2484 1
498 2438 564 2504 τῇ
608 2436 789 2505 κρίσει
841 2437 1030 2492 αὐτοῦ·
1064 2440 1162 2492 ἐὰν
1208 2440 1266 2494 δὲ
1305 2444 1395 2495 καὶ
1428 2444 1696 2515 πιστεύσῃ
1738 2446 1930 2515 ἀρκεῖν

432 2544 452 2574 1
492 2525 619 2588 τοὺς
685 2526 1023 2590 ἐπισκόπους
1076 2531 1213 2597 πρὸς
1259 2532 1321 2585 τὸ
1388 2536 1709 2603 περατῶσαι
1738 2536 1805 2589 τά
1833 2537 1929 2591 τοῦ

434 2635 455 2667 1
510 2616 861 2686 πράγματος,
899 2620 1103 2691 ποιήσῃ
1133 2622 1270 2692 ὅπερ
1305 2624 1383 2693 τῷ
1430 2628 1726 2697 σοφωτάτῳ
1781 2629 1932 2698 αὐτῷ

435 2725 455 2756 1
495 2706 680 2778 συνίδῃ
718 2707 1067 2779 βουλεύματι.
1108 2713 1343 2782 Ὀμοίως
1390 2716 1518 2785 περὶ
1546 2718 1933 2789 πρεσϐυτέρων

437 2818 455 2850 ι
506 2801 600 2853 καὶ
627 2800 912 2865 διακόνων,
944 2803 1040 2856 ἐάν
1061 2822 1144 2867 τις
1188 2804 1484 2869 ἐπίσκοπος
1535 2807 1773 2876 ὀργίλος,
1798 2810 1934 2880 ὅπερ

436 2910 455 2943 1
500 2886 643 2945 εἶναι
698 2892 799 2945 οὐκ
836 2891 1061 2960 ὀφείλει,
1096 2894 1305 2964 ταχέως
1360 2894 1393 2965 ἢ
1450 2898 1697 2964 τραχέως
1737 2897 1933 2967 κινηθῇ

434 3001 458 3035 1
498 2985 642 3037 κατά
704 2984 1081 3055 πρεσϐυτέρου
1133 2986 1166 3056 ἢ
1225 2985 1476 3039 διακόνου
1523 2987 1678 3051 ίδίου,
1721 2991 1816 3041 κοιλ⁴
1842 2991 1932 3042 θε-

439 3095 458 3126 1
505 3076 658 3145 λήσοι
694 3076 884 3128 τοῦτον
914 3077 979 3129 ἐκ
1021 3077 1122 3145 τῆς
1154 3077 1289 3140 ίδίας
1322 3078 1561 3147 ἐξορίσαι
1606 3080 1924 3151 ἐκκλησίας

439 3189 458 3220 1
504 3170 836 3239 προνοητέον
887 3169 1059 3235 ἐστὶν,
1097 3169 1183 3223 ἴνα
1241 3170 1315 3241 μὴ
1345 3170 1605 3236 ἀναιτίως
1634 3175 1933 3230 καταδικα-
1968 3206 2014 3267 c

439 3279 459 3311 1
501 3259 670 3330 σθῇἢ
721 3259 969 3332 ἀπολέσῃ
1021 3259 1121 3330 τὴν
1170 3261 1478 3317 κοινωνίαν.
1533 3263 1645 3317 Καὶ
1700 3264 1871 3335 ἐχέτω
1911 3268 1940 3322 6

439 3372 461 3405 1
509 3351 795 3421 ἐκϐληθεὶς
820 3352 1071 3417 ἐξουσίαν
1100 3354 1415 3422 προσελθεῖν
1472 3356 1585 3418 τοῖς
1651 3356 1937 3428 όμοροῦσι,

440 3465 459 3497 1
500 3444 593 3498 καὶ
621 3447 653 3513 ἡ
684 3444 834 3499 αίτία
865 3445 1029 3500 αὑτοῦ
1062 3445 1324 3516 ἀκουσθῇ,
1371 3446 1467 3499 καὶ
1518 3447 1942 3519 ἐπιμελέστερον

443 3554 465 3586 1
508 3533 740 3605 ζητηθῇ·
772 3536 853 3588 ότι
895 3534 998 3588 οὐκ
1035 3535 1241 3605 όφείλει
1270 3536 1675 3606 παρακαλοῦντι
1725 3540 1875 3608 αὑτῷ
1907 3541 1940 3611 ἡ

439 3643 460 3674 1
504 3623 770 3693 ἀκρόασις
800 3624 1124 3695 ἀρνηθῆναι’
1185 3624 1439 3688 κάκεῖνος
1470 3626 1528 3679 δὲ
1563 3626 1591 3679 6
1619 3627 1941 3693 ἐπίσκοπος,

441 3737 462 3769 1
504 3718 593 3789 ὀὴ
641 3718 870 3782 δικαίως
930 3717 964 3787 ἢ
1022 3716 1224 3780 ἀδίκως
1275 3716 1545 3783 ἐκϐαλὼν,
1604 3718 1943 3785 ἀνεξικάκως

446 3828 467 3861 1
507 3808 870 3879 καταδέξηται
929 3810 997 3865 τὰ
1046 3811 1141 3863 τοῦ
1200 3811 1527 3880 πράγματος
1564 3809 1942 3882 ἐξετασθῆναι,

444 3920 465 3952 1
511 3902 597 3954 ῖνα
619 3902 653 3971 ἢ
680 3902 900 3973 κυρωθῇ
933 3902 965 3973 ἢ
988 3900 1253 3971 διορθωθῇ
1287 3902 1318 3972 ἡ
1344 3902 1537 3972 γνώμη
1568 3903 1945 3961 αὑτοῦ.Ταῦτα

446 4014 464 4047 1
510 3994 753 4063 δηλονότι
784 3996 888 4057 ἕως
921 3995 1019 4062 τῆς
1043 3995 1349 4064 παρουσίας
1399 3994 1505 4047 τῶν
1562 3994 1944 4064 ἀληθεστάτων

444 4106 463 4138 1
506 4086 787 4155 ἐξέμπλων
814 4088 913 4154 τῆς
965 4088 1025 4138 ἐν
1060 4086 1262 4157 Νικαίᾳ
1297 4087 1517 4141 συνόδου
1547 4090 1661 4152 τοῖς
1697 4106 1948 4161 πεπραγ-

445 4198 464 4230 1
517 4178 698 4247 μένοις
768 4178 1157 4248 ἐνεϐλήθησαν·
1218 4179 1377 4233 ἅτινα
1434 4179 1530 4233 ἐὰν
1559 4181 1695 4245 ἐκεῖ,
1735 4180 1794 4233 ὃν
1820 4181 1938 4252 τρόο

448 4288 467 4321 1
514 4286 615 4323 πον
647 4273 705 4323 ἐν
734 4270 881 4339 αὐτῷ
914 4270 992 4335 τῷ
1020 4270 1429 4341 κομμονιτορίῳ
1471 4271 1812 4341 περιέχεται,
1868 4273 1947 4342 τῷ

446 4382 465 4412 1
506 4364 638 4433 ἡμῖν
680 4362 766 4416 διὰ
816 4362 926 4414 τῶν
979 4362 1401 4416 ἀποσταλέντων
1456 4363 1701 4432 ἀδελφῶν
1756 4366 1821 4418 ἐκ
1848 4365 1948 4435 τῆς

449 4475 467 4507 1
510 4455 879 4523 ἀποστολικῆς
908 4453 1179 4524 καθέδρας
1228 4454 1642 4524 ἐμφανισθέντι,
1691 4455 1788 4508 καὶ
1814 4455 1946 4526 παρ’

450 4564 469 4596 1
506 4546 637 4612 ὑμῖν
688 4548 756 4617 τῇ
809 4546 946 4616 αὐτῇ
989 4544 1139 4609 τάξει
1193 4546 1251 4598 ἐν
1303 4545 1506 4617 Ἰταλίᾳ
1567 4548 1945 4615 φυλάττονται,
1974 4573 2028 4632 D

454 4659 474 4691 1
514 4639 768 4707 οὐδαμῶς
824 4641 917 4692 καὶ
974 4640 1137 4709 ἡμεῖς
1187 4639 1297 4692 τῶν
1344 4639 1600 4693 τοιούτων
1640 4642 1946 4711 μεμνῆσθαι

450 4752 468 4785 ι
517 4731 840 4802 βουλόμεθα,
884 4730 1045 4801 ἢούχ
1089 4731 1385 4800 ὑποφέρειν
1426 4732 1779 4801 ἐπειγόμεθα,
1812 4733 1951 4788 ἀλλά

450 4843 469 4876 1
512 4823 843 4891 πιστεύομεν
900 4823 981 4877 ὅτι
1040 4822 1364 4892 βοηθοῦντος
1393 4823 1487 4876 τοῦ
1517 4824 1702 4889 ἐλέους
1743 4826 1949 4895 Κυρίου

454 4934 474 4966 1
514 4913 610 4966 τοῦ
643 4913 780 4967 Θεοῦ
814 4913 998 4983 ἡμῶν,
1027 4915 1126 4982 τῆς
1160 4913 1261 4981 σῆς
1301 4912 1614 4983 ἁγιωσύνης
1668 4916 1951 4983 προεστώ-

455 5025 473 5056 1
520 5022 618 5076 σης
666 5005 764 5074 τῆς
803 5005 1122 5076 Ῥωμαῖκῆς
1153 5005 1503 5075 Ἐκκλησίας,
1536 5006 1718 5058 οὐκέτι
1767 5006 1951 5059 λοιπὸν

456 5116 475 5149 1
515 5098 903 5166 ὑπομείνωμεν
930 5097 1021 5150 τὸν
1048 5097 1211 5164 φόϐον
1254 5096 1463 5150 τοῦτον.
1502 5097 1820 5169 Φυλαχθῶσι
1890 5100 1949 5152 δὲ

458 5212 477 5243 1
525 5190 655 5261 περὶ
695 5191 840 5261 ἡμᾶς
867 5192 1025 5245 ᾰτινα
1055 5193 1152 5244 καὶ
1183 5190 1257 5260 μὴ
1279 5189 1584 5245 λαλούντων
1617 5191 1776 5261 ἡμῶν
1803 5192 1954 5259 όφει-

459 5303 480 5335 1
515 5284 669 5335 λουσι
701 5282 1047 5352 φυλαχθῆναι
1099 5282 1362 5351 ἀδελφικῇ
1390 5282 1605 5358 ἀγάπῃ,
1636 5283 1779 5353 ἅπερ
1812 5283 1955 5336 κο.τά

462 5391 478 5422 ι
522 5372 623 5441 τὴν
664 5373 855 5441 σοφίαν
882 5372 979 5425 καὶ
1007 5372 1382 5440 δικαιοσύνην,
1413 5372 1482 5441 ἦν
1535 5389 1619 5425 σοι
1643 5373 1671 5424 6
1693 5373 1955 5443 ’Υψιστος

462 5486 478 5516 1
524 5465 857 5534 ἐδωρήσατο,
890 5465 984 5517 καὶ
1018 5463 1178 5526 αὐτὸς
1200 5462 1283 5516 ἐτι
1317 5464 1425 5535 μὴν
1456 5466 1688 5535 συνορᾷς
1718 5465 1955 5533 ὀφείλειν

463 5576 479 5605 1
523 5556 886 5625 φυλαχθῆναι,
912 5558 1007 5609 ἐὰν
1031 5555 1194 5624 τυχὸν
1225 5556 1457 5619 ἀλλοίως
1491 5556 1685 5625 ἔχωσιν
1720 5558 1769 5609 οί
1796 5556 1956 5609 κανό-

358 5682 361 5687 η
458 5669 478 5698 1
530 5663 617 5711 νες
648 5648 748 5717 τῆς
773 5648 832 5699 ἐν
859 5646 1062 5717 Νικαίᾳ
1098 5646 1342 5702 συνόδου.
1408 5647 1599 5716 Ἡμεῖς
1640 5649 1749 5718 γὰρ
1805 5647 1955 5700 πλεί-

462 5760 480 5789 1
526 5756 672 5802 στοις
710 5740 1023 5809 ἐντυχόντες
1060 5737 1303 5805 βιϐλίοις,
1338 5737 1577 5804 οὐδαμοῦ
1638 5738 1956 5809 ἀνέγνωμεν

464 5851 481 5883 1
523 5834 598 5894 εἰς
630 5833 726 5901 τὴν
774 5834 832 5885 ἐν
866 5830 1067 5901 Νικαίᾳ
1126 5830 1340 5885 σύνοδον
1396 5832 1454 5885 ἐν
1493 5832 1823 5901 Ῥωμαϊκοῖς
1878 5832 1953 5902 βι-

2102 600 2547 669 (supplicatione
2573 599 2876 655 Romanum
2897 601 3208 668 episcopum
3264 603 3514 666 moverit,
3538 614 3597 657 ut

2098 709 2116 743 1
2153 705 2217 745 ex
2275 692 2494 759 proprio
2546 707 2645 746 suo
2696 692 2863 747 latere
2914 693 3306 761 presbyterium
3373 694 3592 758 mittat;

2103 801 2121 833 1
2159 783 2263 836 erit
2295 782 2346 836 in
2402 792 2676 853 potestate
2726 784 2967 853 episcopi
3031 783 3159 852 quid
3196 786 3323 836 velit
3373 792 3425 837 et
3464 787 3597 854 quid

2094 892 2112 925 1
2150 873 2379 943 iudicet.
2420 874 2481 927 Et
2511 874 2558 929 si
2609 875 2884 938 statuerit,
2932 876 3151 943 quinam
3210 875 3441 929 debeant
3474 892 3595 929 cum

2098 981 2117 1015 1
2157 963 2428 1032 episcopis
2492 973 2791 1032 praesentes
2840 964 3117 1033 judicare,
3166 964 3429 1018 habentes
3479 964 3597 1033 ejus

2097 1072 2115 1104 1
2154 1056 2531 1109 auctoritatem
2566 1072 2593 1109 a
2622 1072 2729 1124 quo
2765 1057 2912 1111 missi
2973 1066 3124 1118 sunt,
3216 1056 3331 1124 ejus
3395 1057 3598 1126 judicio

2103 1163 2122 1196 1
2160 1144 2533 1213 relinquetur:
2595 1145 2678 1198 sin
2741 1156 2921 1198 autem
2989 1143 3287 1198 crediderit
3352 1143 3598 1196 sufﬁcere

2102 1255 2120 1288 1
2160 1238 2441 1308 episcopos
2463 1239 2525 1291 ad
2566 1238 2858 1292 finiendum
2895 1239 3188 1307 negotium,
3254 1237 3417 1290 faciat
3453 1237 3598 1306 quod

2105 1344 2123 1378 1
2154 1328 2561 1395 sapientissimo
2599 1341 2698 1381 suo
2732 1328 2970 1381 concilio
2994 1327 3164 1381 visum
3214 1326 3397 1381 fuerit.
3436 1327 3599 1380 Simi-

2101 1436 2119 1468 1
2155 1416 2277 1470 liter
2301 1417 2365 1470 de
2404 1418 2740 1487 presbyteris
2770 1428 2824 1472 et
2852 1419 3099 1483 diaconis
3129 1436 3143 1481 ;
3199 1417 3253 1472 Si
3291 1419 3418 1488 quis
3477 1420 3596 1485 epi-

2108 1526 2127 1560 1
2161 1523 2351 1577 scopus
2384 1509 2857 1578 iracundusﬁquod
2884 1526 3001 1563 esse
3024 1526 3127 1563 non
3153 1510 3334 1572 debet,
3353 1510 3601 1563 celeriter

2105 1618 2123 1651 1
2164 1611 2256 1654 aut
2290 1616 2481 1671 aspere
2503 1605 2763 1656 adversus
2797 1605 3170 1671 presbyterum
3199 1602 3282 1655 vel
3311 1601 3599 1656 diaconum

2105 1710 2124 1742 1
2158 1706 2315 1745 suum
2349 1702 2527 1747 motus
2558 1693 2742 1757 fuerit,
2800 1703 2852 1747 et
2908 1694 3037 1747 velit
3082 1708 3204 1746 eum
3261 1707 3327 1747 ex
3376 1692 3596 1760 promis

2104 1801 2123 1834 1
2167 1783 2406 1837 Ecclesia
2439 1800 2757 1854 segregare;
2788 1785 3180 1853 providendum
3224 1793 3330 1846 est,
3357 1799 3421 1837 ne
3478 1784 3599 1836 sine

2108 1896 2136 1923 σι
2166 1890 2325 1929 causa
2360 1876 2774 1939 condemnetur,
2803 1876 2887 1929 vel
2918 1875 3106 1943 perdat
3128 1874 3595 1933 communionem.

2117 1986 2134 2019 1
2167 1968 2233 2021 Et
2256 1968 2302 2021 is
2323 1969 2415 2035 qui
2444 1968 2651 2036 ejectus
2676 1977 2781 2031 est,
2823 1976 3145 2035 potestatem
3195 1967 3392 2022 habeat
3446 1982 3604 2021 acce-

2110 2077 2127 2111 1
2165 2059 2324 2113 dendi
2360 2061 2424 2113 ad
2461 2058 2741 2122 finitimos,
2772 2069 2826 2113 et
2854 2075 3015 2114 causa
3077 2060 3193 2125 ejus
3244 2059 3518 2122 audiatur,
3547 2069 3603 2113 et

2112 2172 2131 2205 1
2175 2153 2489 2221 diligentius
2546 2154 2911 2216 examinetur,
2968 2152 3089 2221 quia
3155 2167 3259 2205 non
3335 2152 3499 2207 debet
3554 2157 3605 2209 ei

2118 2262 2135 2295 1
2169 2245 2381 2313 roganti
2416 2244 2675 2298 auxilium
2700 2244 2993 2311 denegari:
3034 2244 3122 2298 ille
3169 2254 3349 2297 autem
3394 2246 3605 2312 episco-

2112 2355 2132 2389 1
2163 2351 2286 2403 pus,
2311 2335 2400 2405 qui
2440 2336 2713 2402 sivejuste
2747 2335 3077 2405 siveinjusle
3098 2335 3277 2406 ejerit,
3310 2337 3609 2390 toleranter

2113 2447 2131 2480 1
2164 2427 2302 2483 feret
2333 2445 2445 2483 rem
2500 2429 2828 2493 examinari,
2870 2437 2927 2481 nt
2986 2428 3068 2481 vel
3120 2430 3480 2483 confirmetur
3524 2429 3610 2482 vel

2117 2542 2139 2574 1
2168 2523 2476 2591 corrigatur
2497 2524 2613 2589 eius
2640 2523 2932 2577 sententia.
2969 2521 3094 2576 Haec
3145 2522 3378 2587 scilicet,
3431 2537 3605 2590 usque

2116 2618 2233 2667 1ad
2311 2615 2655 2683 praesentiam
2728 2615 3139 2670 verissimorum
3213 2616 3605 2685 exemplarium

2113 2726 2132 2759 1
2174 2708 2402 2761 Nicaeum
2419 2708 2630 2778 synodi,
2661 2708 2798 2762 actis
2830 2708 3035 2763 inserta
3068 2717 3223 2763 sunt:
3244 2725 3362 2777 quae
3388 2709 3605 2778 quidem

2110 2819 2128 2851 1
2162 2800 2204 2854 si
2235 2799 2368 2863 illic,
2400 2803 2671 2868 quomodo
2697 2802 2747 2854 in
2786 2801 2902 2867 ipso
2959 2802 3375 2856 commonitorio
3432 2802 3611 2855 conti-

2119 2909 2137 2943 1
2173 2901 2350 2957 netur,
2381 2891 2527 2962 quod
2558 2892 2716 2947 nobis
2747 2907 2842 2962 per
2869 2892 3067 2948 fratres
3096 2907 3125 2947 ιι
3163 2896 3290 2948 sede
3311 2895 3610 2961 apostolica

2124 3001 2141 3034 1
2182 2984 2379 3039 missos
2426 2994 2707 3039 ostensum
2773 2993 2880 3050 est,
2938 2985 3080 3054 apud
3145 2999 3242 3039 vos
3290 3000 3503 3054 quoque
3559 2987 3613 3040 in

2118 3096 2135 3128 1
2176 3077 2365 3131 eodem
2398 3078 2590 3133 ordine
2621 3077 2672 3131 in
2715 3077 2865 3132 Italia
2922 3086 3234 3145 servantur,
3289 3093 3389 3133 nos
3424 3095 3612 3134 eorum

2124 3188 2141 3221 1
2190 3183 2527 3239 nequaquam
2564 3169 2883 3224 meminisse
2907 3169 3177 3235 volumus,
3229 3170 3311 3225 vel
3364 3186 3469 3225 non
3504 3172 3617 3225 suf-

2125 3281 2142 3314 1
2177 3261 2760 3326 ferrecontendimus;
2788 3261 2953 3331 6⁸12
2979 3261 3072 3315 sed
3123 3262 3423 3327 credimus,
3467 3264 3613 3330 quod

2120 3372 2139 3407 1
2172 3355 2461 3424 adiuvante
2484 3353 2696 3409 Domini
2730 3355 2821 3408 Dei
2854 3354 3027 3408 nostri
3078 3356 3477 3420 misericordia,
3524 3364 3615 3408 tua

2119 3465 2149 3498 1
2176 3447 2467 3502 sanctitate
2492 3446 2751 3500 Romana:
2777 3444 3036 3500 Ecclesia:
3069 3448 3414 3516 praesidente,
3468 3447 3614 3500 hunc

2123 3559 2140 3591 1
2172 3540 2431 3608 deinceps
2459 3547 2658 3593 metum
2692 3552 2798 3592 non
2821 3540 3206 3608 suscipiemus.
3239 3538 3620 3593 Servabuntur

2120 3650 2139 3683 1
2178 3642 2359 3685 autem
2403 3632 2566 3685 etiam
2611 3647 2738 3701 erga
2776 3648 2895 3695 nos,
2929 3647 3049 3701 quae
3076 3633 3235 3687 nobis
3286 3649 3502 3703 quoque
3538 3645 3617 3689 ta-

2120 3742 2140 3775 1
2171 3725 2421 3779 ceutibus
2483 3726 2689 3779 servari
2742 3726 2940 3779 debent
2998 3726 3290 3780 dilectione
3330 3725 3613 3780 fraterna:

2118 3835 2136 3868 1
2167 3831 2285 3883 qua:
2309 3831 2407 3883 pro
2439 3812 2702 3884 sapientia
2748 3826 2801 3869 et
2846 3816 3078 3884 justitia,
3114 3831 3274 3886 quam
3326 3816 3421 3870 tibi
3470 3818 3618 3872 dedit

2126 3924 2144 3957 1
2174 3905 2508 3967 Altissimus,
2545 3904 2659 3973 ipse
2688 3918 2905 3974 quoque
2934 3904 3106 3957 sentis
3128 3904 3333 3957 servari
3375 3904 3572 3958 debere
3601 3944 3618 3967 ,

2123 3998 2214 4052 1si
2256 3998 2397 4052 forte
2453 3996 2614 4051 aliter
2664 4010 2722 4051 se
2782 3994 3023 4049 habeant
3085 4009 3321 4048 canones
3387 3992 3622 4049 Nicamze

2129 4106 2147 4139 ι
2190 4088 2407 4158 synodi.
2446 4087 2556 4142 Nos
2583 4088 2751 4153 enim,
2792 4087 2965 4155 quiin
3009 4086 3190 4155 plures
3246 4084 3413 4139 libros
3477 4085 3620 4140 inci-

2125 4200 2144 4235 1
2185 4184 2395 4247 dimns,
2446 4196 2727 4249 nunquam
2780 4181 3006 4250 legimus
3031 4180 3086 4234 in
3147 4180 3299 4234 libris
3337 4179 3618 4244 Romanis,

2126 4291 2144 4325 1
2186 4273 2238 4328 in
2265 4273 2529 4343 synodum
2558 4270 3331 4340 Nicmnam,quemadmodum
3386 4270 3437 4321 in
3485 4284 3624 4336 pra:-

2119 4382 2138 4417 1
2179 4366 2325 4421 dicto
2384 4364 2802 4420 commonitorio
2865 4362 3067 4417 isthinc
3129 4363 3440 4416 transmissi
3468 4372 3617 4417 sunt:

2123 4474 2141 4508 1
2175 4468 2351 4512 tamen
2401 4458 2524 4526 quia
2556 4458 2719 4510 hicin
2767 4456 2914 4509 ηυΠο
2937 4455 3075 4509 libro
3130 4453 3322 4508 Graeco
3381 4456 3493 4507 tunc
3535 4453 3622 4505 in-

2128 4563 2147 4597 1
2186 4546 2370 4601 venire
2419 4547 2736 4614 potuimus,
2795 4561 2857 4597 ex
2917 4544 3177 4599 Ecclesiis
3231 4542 3621 4604 Orientalibus,

2122 4659 2140 4691 1
2179 4640 2267 4694 ubi
2313 4641 2427 4709 ipsa
2489 4640 2711 4693 decreta
2773 4637 3087 4692 authentica
3137 4637 3394 4691 dicuntur
3444 4637 3620 4690 adhuc

2128 4749 2147 4783 1
2178 4746 2337 4799 posse
2371 4731 2625 4795 inveniri,
2664 4730 2729 4783 ad
2757 4743 2855 4782 nos
2888 4729 2977 4782 illa
3009 4728 3213 4783 deferri
3271 4728 3426 4783 valde
3479 4729 3624 4782 desi-

2129 4826 2454 4879 1deramus.
2518 4822 2704 4889 Quare
2771 4832 2919 4875 tuam
2982 4821 3144 4876 etiam
3211 4822 3620 4876 venerationem

2126 4933 2146 4967 1
2188 4929 2459 4983 rogamus,
2504 4923 2564 4965 ut
2603 4912 2716 4980 ipse
2768 4922 3037 4982 praeterea
3085 4910 3325 4966 scribere
3377 4911 3621 4979 digneris

2132 5026 2148 5057 1
2185 5008 2249 5059 ad
2281 5005 2493 5059 illarum
2528 5008 2761 5073 partium
2809 5004 3101 5067 antistites,
3154 5004 3206 5057 id
3270 5014 3378 5068 est,
3434 5005 3624 5059 Antio-

2131 5119 2150 5151 1
2183 5102 2401 5163 cliente,
2458 5096 2839 5151 Alexandrina:
2894 5107 2949 5151 et
2992 5095 3623 5163 Constantinopolitanae

2122 5210 2140 5242 1
2172 5190 2453 5253 Ecclesiae,
2483 5197 2538 5242 et
2566 5187 2631 5241 ad
2658 5188 2813 5250 alios,
2842 5187 2887 5243 si
2915 5195 3018 5241 tute
3036 5186 3317 5240 sanctitati
3353 5186 3621 5253 videatur,

2134 5302 2152 5334 1
2187 5293 2245 5336 ut
2259 5282 2404 5336 illinc
2420 5284 2484 5335 ad
2503 5296 2602 5336 nos
2621 5280 2811 5334 Nicaeae
2826 5296 2855 5334 a
2873 5279 3336 5349 sanctisﬂ’atribus
3348 5280 3633 5334 constituti

2133 5393 2151 5425 1
2198 5389 2441 5429 canones
2480 5374 2803 5437 mittantur;
2839 5383 2891 5427 te
2943 5373 3214 5441 praecipue
3268 5372 3369 5425 hoc
3426 5370 3629 5425 benefi-

2140 5485 2157 5518 1
2197 5466 2341 5520 cium
2418 5463 2848 5520 Occidentalibus
2902 5463 3155 5517 omnibus
3199 5462 3459 5516 Ecclesiis
3533 5461 3628 5516 Dei

2138 5573 2156 5605 1
2198 5554 2401 5609 auxilio
2432 5555 2765 5610 conferente.
2798 5554 2933 5618 Quis
2984 5555 3127 5607 enim
3190 5555 3393 5608 dubitat
3444 5569 3631 5612 exemv

2141 5665 2160 5696 1
2198 5647 2365 5716 plaria
2395 5646 2584 5715 synodi
2621 5644 2812 5699 Nicaeae
2836 5656 3174 5714 congregata:
3206 5646 3485 5699 verissima
3503 5660 3628 5701 esse

2139 5757 2155 5789 1
2198 5740 2248 5791 in
2280 5738 2505 5801 Grmcis,
2539 5752 2661 5805 qutc
2693 5754 2722 5791 a
2751 5748 2859 5791 tam
2914 5736 3147 5791 diversis
3205 5737 3338 5791 locis
3391 5748 3444 5790 et
3492 5738 3629 5790 insi-

2140 5848 2156 5879 1
2196 5830 2387 5900 gnibus
2420 5830 2623 5885 Gra’cis
2678 5830 2933 5885 Ecclesiis
2993 5831 3277 5899 deportata
3333 5840 3385 5887 ct
3431 5830 3633 5884 collata.
