3944 6382
283 374 387 436 437

1274 372 1359 434 ΙΝ
1394 372 1538 433 CAN
1547 422 1560 437 .
1600 368 1859 433 CXXXV
1887 365 2097 429 CONC.
2120 366 2510 430 CARTHAG.

3456 356 3563 421 433

283 500 422 554 γησσ
452 484 524 539 τὰ
548 486 681 556 περὶ
707 476 784 541 ὧν
806 485 1115 556 ἐπλανήθη.
1163 487 1356 541 Ἐοικε
1390 487 1500 558 γάρ
1535 486 1719 553 λέγειν
1752 484 1877 539 τινὰ

1993 489 2174 536 contra
2202 481 2604 538 ecclesiasticos
2652 479 2872 536 ordines
2903 477 3147 533 loculum
3197 474 3562 543 fuisseappm

285 581 438 650 παρὰ
466 581 599 643 τοὺς
663 581 765 650 τῆς
829 580 1165 653 Ἐκκλησίας
1215 580 1475 652 θεσμούς.
1541 580 1725 635 Ταῦτα
1781 575 1878 634 οὖν

280 671 648 741 ὁμολογήσας,
697 674 1031 744 συγγνώμης
1067 674 1287 745 ἠξίωτο,
1326 675 1437 728 καὶ¹
1455 673 1638 745 μένειν
1664 674 1763 743 μὲν
1785 674 1878 727 ἐπὶ

279 763 384 833 τῆς
415 764 626 828 οἰκείας
658 764 816 835 είάθη
845 766 1034 835 τιμῆς.
1076 767 1136 818 οὑ
1165 767 1352 837 μέντοι
1385 767 1482 819 καὶ
1504 766 1562 818 ὲν
1588 768 1656 836 τῇ
1682 765 1879 837 ἐκκλη-

282 857 379 928 σίᾳ
403 851 567 923 εἶναι,
627 849 746 933 ινῇ
778 859 874 910 καί⁵
925 857 1194 929 πρότερον
1244 853 1337 928 ἦν,
1366 857 1502 912 ἀλλὰ
1533 859 1613 919 είς
1657 857 1874 927 ἑτέραν,

280 950 407 1001 ὅποι
436 946 681 1018 βούλοιτο
710 990 724 1014 ,
757 948 1037 1005 ἀπελθεῖν.
1062 951 1172 1004 Kal
1197 951 1327 1017 περὶ
1354 949 1545 1004 τούτου
1572 950 1647 1020 τῷ
1675 950 1879 1021 πάππα

282 1043 316 1111 ἡ
353 1040 574 1106 σύνοδος
610 1042 873 1115 ἔγραψεν⁹
903 1045 1107 1115 ὁμοίως
1137 1045 1231 1097 καὶ
1267 1044 1394 1112 περὶ
1432 1043 1543 1096 τῶν
1596 1043 1878 1097 ἐνταλθέν-

279 1150 393 1188 τον
463 1137 576 1199 τοῖς
635 1137 699 1189 ὲκ
759 1135 981 1206 Ῥώμης
1038 1138 1281 1189 σταλεῖσι
1340 1139 1769 1207 τοποτηρηταῖς,
1811 1135 1878 1199 ἃς

280 1230 380 1281 καὶ
432 1227 816 1299 άπαριθμοῢσι
865 1232 959 1284 καὶ
1015 1224 1314 1302 ύπέσχοντο
1367 1229 1605 1298 φυλάξαι
1660 1231 1721 1283 es
1777 1230 1879 1293 τὰς

279 1322 587 1392 ἐκκλήτους
615 1323 756 1392 πρὸς
811 1324 977 1378 αὑτὸν
1031 1325 1422 1396 ἀναφέρεσθαι,
1489 1326 1685 1397 μέχρις
1731 1325 1797 1379 ἂν
1826 1325 1877 1379 οἱ

281 1416 439 1484 παρᾶ
475 1417 579 1485 τῆς
608 1421 665 1472 ὲν
698 1417 904 1492 Νικαίᾳ
930 1420 1158 1491 πρώτης
1192 1422 1412 1474 συνόδου
1434 1421 1878 1491 προκομισθῶσιν

281 1507 473 1569 αὐτοῖς
505 1507 753 1573 κανόνες,
791 1508 878 1562 ἴνα
904 1511 951 1562 εἰ
995 1510 1225 1573 ἐκείνοις
1257 1512 1369 1573 τοῖς
1402 1511 1649 1582 Πατράσι
1703 1510 1877 1565 ταῦτα

280 1596 485 1666 ἔδοξεν,
537 1599 682 1652 οὕτω
774 1600 1016 1677 γίνηται.
1087 1601 1360 1668 Ἥξίωσαν
1416 1601 1471 1655 δὲ
1523 1603 1732 1673 γράψαι
1781 1601 1877 1656 καὶ

283 1688 426 1757 πρὸς
458 1690 552 1741 τὸν
619 1689 977 1760 Ἀντιοχείας,
1021 1693 1112 1746 καὶ
1140 1693 1553 1764 Ἀλεξανδρείας
1601 1693 1694 1747 καὶ
1721 1696 1877 1748 κων·

283 1781 803 1846 σταντινουπόλεως,
854 1785 1060 1837 στεῖλαι
1111 1786 1443 1849 αὐτοῖςτοὺς
1497 1788 1727 1849 κανόνας
1759 1790 1859 1855 τῆς

282 1876 340 1926 ἒν
371 1873 580 1944 Natat;
613 1876 873 1938 συνόδου,
932 1879 1019 1931 ἵνα
1093 1878 1608 1951 πληροφορηθῶσιν,
1664 1882 1712 1934 εί
1764 1883 1876 1947 τοῖς

286 1965 576 2034 Ηατράσιν
602 1965 836 2028 ἐκείνοις
871 1967 1264 2021 κεκανόνισται
1293 1969 1355 2020 τὸ
1387 1969 1758 2041 ἀναφέρεσθαι
1781 1973 1878 2035 τὰς

284 2053 589 2125 ἐκκλήτους
617 2055 727 2108 τῶν
753 2044 1072 2110 ἐπισκόπων
1094 2060 1230 2128 πρδς
1254 2060 1347 2113 τὸν
1393 2057 1615 2131 Ῥώμης
1650 2062 1881 2116 ἐπίσκο-

284 2164 407 2201 πον.
447 2148 641 2221 Ἡμεῖς
672 2149 803 2219 γὰρ,
836 2150 990 2229 φασξ,
1017 2153 1277 2216 πλείστας
1308 2155 1630 2222 ἀναγνόντες
1665 2155 1882 2226 βίϐλους

292 2240 644 2311 Ῥωμαϊκὰς,
701 2244 981 2308 τοιούτους
1028 2246 1256 2309 κανόνας
1282 2248 1380 2318 οὐχ
1407 2248 1540 2318 εῢρο
1552 2266 1674 2317 μεν·
1711 2252 1879 2320 Γραι-

289 2335 381 2386 ιιδιιν
414 2334 472 2388 δὲ
524 2333 753 2406 β.6λίον,
823 2337 996 2408 ἤγουν
1056 2339 1384 2414 Ἑλληνικῆς
1442 2341 1748 2411 διαλέκτου,
1779 2344 1878 2413 οὐχ

291 2424 555 2495 εὕρομεν.

355 2518 579 2573 ΑΡΙΣΤ.
624 2539 643 2573 ‹
685 2520 967 2592 Οὑρὸανδς
1000 2523 1299 2589 ἐπίσκοπος
1344 2527 1570 2598 Σίκκης,
1619 2530 1667 2582 εί
1708 2529 1782 2600 μὴ
1811 2530 1880 2584 τὰ

369 2630 388 2663 ι
440 2611 727 2681 ὀφείλοντα
778 2613 1145 2685 διορθωθῆναι
1202 2618 1883 2695 διορθώσεται,ἢάποκοι-

363 2722 383 2757 ι
421 2704 690 2769 νωνητέος
718 2704 892 2769 ἔσται,
924 2705 955 2776 ἢ
994 2707 1053 2759 ὲν
1093 2707 1286 2781 Ῥώμῃ
1317 2711 1570 2781 κλητέος.
1603 2733 1622 2765 t

357 2796 476 2866 Πρδ
503 2796 598 2850 τοῦ
659 2798 726 2851 τά
758 2799 1073 2870 ἀντίγραφα
1125 2806 1223 2873 τῆς
1272 2807 1328 2857 ἐν
1386 2805 1588 2880 Νικαία
1658 2811 1878 2865 συνόδου

290 2889 446 2959 παρά
501 2905 561 2941 τε
611 2889 706 2942 τοῦ
735 2890 893 2957 ἁγίου
935 2893 1207 2963 Κυρίλλου
1255 2896 1350 2949 τοῦ
1384 2899 1684 2954 ἐπισκόπου
1729 2902 1881 2957 Ἀλε-

288 2979 575 3052 ξανδρείας
632 2981 726 3035 καὶ
772 2983 866 3036 τοῦ
910 2985 1159 3039 Ἀττικοῦ
1215 2987 1308 3045 τοῦ
1360 2992 1883 3050 Κωνσταντινουπό-

286 3071 431 3134 λεως
466 3073 774 3127 ἐπισκόπου
795 3074 1057 3140 δέξασθαι
1091 3077 1286 3148 βέϐαια
1314 3082 1414 3151 τὴν
1467 3084 1526 3135 ἐν
1548 3086 1878 3160 Καρθαγένῃ

1988 583 2112 639 ret;
2172 588 2293 642 quae
2347 572 2564 639 culpam
2636 586 2791 627 suam
2856 569 3183 640 agnoscenti
3240 565 3564 645 veniamque

1984 666 2279 736 postulanti
2310 665 2615 720 condnnata
2648 672 2799 731 sunt,
2846 674 3012 732 utque
3064 657 3384 727 dignitatem
3428 654 3564 708 reti-

1985 758 2626 822 neret,indultum:non
2668 758 2741 813 ita
2797 765 2978 810 tamen
3041 762 3098 806 ut
3124 751 3424 806 Ecclesiam
3480 756 3563 802 te-

1985 861 2162 920 neret,
2198 854 2253 908 in
2280 868 2385 925 qua
2418 861 2573 908 antea
2602 851 2802 918 fuerat,
2847 850 2940 906 sed
2972 850 3026 904 in
3079 847 3236 902 aliam
3264 859 3563 915 quamcun-

1984 962 2090 1017 que
2114 947 2400 1011 voluisset,
2438 947 2635 1002 abiret.
2668 946 2747 1000 Ac
2772 944 2839 1000 de
2865 958 2931 1000 eo
2964 943 3201 1015 synodus
3225 954 3378 1009 papae
3428 938 3567 992 scri-

1987 1039 2093 1110 psit
2123 1055 2138 1092 :
2180 1038 2434 1093 similiter
2457 1046 2509 1092 et
2534 1038 2600 1092 de
2639 1037 2725 1101 iis,
2751 1051 2872 1105 quas
2907 1034 3070 1105 legati
3104 1031 3273 1085 Roma
3313 1027 3463 1084 missi
3511 1027 3567 1082 in

1986 1129 2259 1183 mandatis
2288 1127 2582 1191 habebant,
2623 1142 2744 1197 qua:
2775 1126 2938 1182 etiam
2976 1122 3188 1194 singula
3220 1127 3566 1189 percensent,

1985 1229 2038 1277 et
2072 1229 2382 1275 servaturos
2405 1234 2463 1276 se
2495 1220 2841 1290 pollicentur,
2877 1217 3006 1271 illud
3037 1216 3244 1272 scilicet
3278 1224 3335 1268 ut
3379 1212 3569 1281 appel-

1983 1313 2217 1367 lationes
2251 1313 2315 1365 ad
2342 1328 2463 1367 eum
2503 1311 2656 1376 ﬁant,
2708 1311 2882 1365 donec
2932 1310 2997 1363 ad
3050 1308 3200 1377 ipsos
3256 1306 3443 1377 prima:
3473 1301 3569 1357 Ni-

1985 1410 2148 1460 caena'e
2174 1405 2362 1476 synodi
2388 1419 2629 1459 canones
2654 1403 2971 1468 all'erantur,
3027 1411 3084 1455 ut
3143 1398 3268 1453 huic
3331 1409 3568 1451 consuc-

1987 1497 2180 1561 tudini,
2213 1499 2259 1551 si
2295 1495 2483 1550 Patres
2534 1495 2609 1550 illi
2676 1496 2746 1549 ita
2807 1493 3142 1557 censuerint,
3191 1489 3566 1559 acquiescant.

1956 1582 1959 1583 ⁷
1987 1586 2088 1643 Per
2111 1587 2323 1641 litteras
2356 1601 2573 1656 quoque
2607 1601 2729 1642 cum
2764 1584 3139 1646 Antiocheno,
3173 1578 3566 1640 Alexandrino.

1983 1675 2702 1745 Constantinopolitanoque
2743 1676 3019 1745 episcOpo,
3057 1674 3122 1726 de
3172 1667 3454 1724 mittendis
3499 1668 3566 1719 ad

1985 1770 2131 1839 ipsos
2159 1768 2392 1824 Nicmnaa
2415 1767 2605 1840 synodi
2640 1765 2944 1823 canonibus
2967 1763 3451 1835 agi'postulavcre,
3485 1770 3564 1822 ut,

1982 1879 2049 1919 an
2075 1863 2217 1919 inter
2245 1862 2395 1918 illius
2432 1860 2647 1917 concilii
2690 1861 2907 1915 decreta
2942 1859 3044 1913 hoc
3067 1871 3285 1927 quoque
3324 1859 3389 1908 de
3444 1867 3574 1924 pro-

1980 1956 2357 2013 vocationibns
2386 1955 2453 2010 ad
2486 1955 2795 2009 Romanum
2825 1955 3140 2022 episcopum
3176 1945 3562 2011 concedendis,

1982 2058 2183 2111 exstet,
2217 2056 2366 2103 certo
2426 2054 2633 2116 queant
2687 2057 3039 2117 cognoscere.
3112 2040 3221 2095 Nos
3265 2038 3433 2100 enim,
3490 2037 3570 2089 inn

1983 2143 2196 2213 quittnt,
2233 2141 2285 2195 in
2319 2138 2530 2195 Latinis
2582 2138 2762 2202 libris,
2799 2152 3031 2209 quorum
3071 2134 3256 2205 plures
3312 2132 3565 2201 legimus,

1983 2248 2247 2290 canonem
2293 2233 2441 2289 hunc
2506 2246 2848 2305 nequaquam
2923 2230 3168 2283 invenire
3244 2225 3566 2297 potuimn}:

1981 2327 2227 2383 Gratcum
2293 2335 2475 2381 autem
2531 2324 2830 2395 exemplar,
2891 2324 2992 2378 hoc
3026 2330 3133 2388 est,
3186 2319 3377 2378 Graeco
3434 2322 3573 2375 idio-

1984 2429 2128 2475 mate
2148 2430 2460 2485 exaratum,
2504 2418 2710 2477 nullum
2774 2418 3062 2474 habemus.

1980 2511 2214 2575 ARIST.
2247 2532 2265 2565 ι
2291 2511 2546 2569 Urbanus
2597 2512 2884 2581 episcopus
2918 2512 3111 2575 Siccae,
3143 2510 3243 2565 nisi
3278 2524 3396 2579 quae
3439 2522 3467 2561 a
3499 2522 3561 2562 se

2058 2627 2076 2659 ι
2117 2607 2431 2676 corrigenda
2486 2614 2635 2670 sunt,
2679 2605 3002 2661 correxerit.
3060 2602 3142 2657 vel
3195 2601 3569 2658 excommuni-

2061 2719 2079 2753 ι
2116 2700 2323 2755 candus
2352 2707 2457 2764 est,
2486 2698 2569 2754 vel
2607 2697 2792 2753 Romm
2823 2697 3128 2751 citandus.t

2055 2793 2360 2859 Antequam
2420 2791 2534 2846 haec
2594 2788 3043 2860 Carthaginensis
3098 2789 3341 2859 synodus
3409 2786 3566 2840 [trina

1983 2883 2433 2957 synodiNicgenze
2466 2881 2800 2953 exemplaria
2834 2897 2863 2937 a
2937 2890 3129 2937 sancto
3180 2879 3386 2952 Cyrillo
3453 2880 3571 2948 epi-

1984 2974 2535 3047 scopoAlexandrino
2565 2982 2620 3029 et
2639 2971 2821 3029 Attico
2871 2973 3131 3044 episcopo
3176 2972 3569 3027 Constantino-

1982 3070 2224 3141 politano
2262 3069 2581 3138 accepisset,
2638 3082 2903 3123 canonem
2959 3068 3151 3139 synodi
3199 3066 3564 3129 Sardicensis,

288 3164 515 3219 σύνοδον
564 3165 792 3237 ταύτην,
823 3169 918 3222 τὸν
974 3170 1077 3243 τῆς
1116 3173 1175 3226 ἐν
1239 3173 1477 3246 Σαρδικῇ
1517 3178 1739 3233 συνόδου
1773 3198 1878 3234 κα-

1993 3166 2051 3221 de
2077 3165 2459 3236 episcoporum
2497 3166 2565 3219 ad
2622 3162 2884 3221 Romanae
2930 3164 3188 3220 Ecclesiae
3247 3163 3564 3234 episcopum

290 3259 438 3323 νόνα,
476 3261 608 3331 περὶ
637 3261 747 3315 τῶν
779 3262 1060 3334 ἐκκλήτων
1107 3266 1219 3319 τῶν
1266 3269 1588 3323 ἐπισκόπων
1619 3272 1756 3343 πρὸς
1787 3274 1881 3328 τὸν

295 3351 389 3419 τῆς
427 3351 750 3423 Ῥωμαῖκῆς
806 3353 1139 3426 Ἐκκλησίας
1200 3357 1626 3425 ὲπίσκοπον,ὡς
1678 3362 1881 3417 κανόνα

288 3443 391 3513 τῆς
426 3446 485 3497 ἐν
526 3443 729 3516 Νικαία
755 3448 979 3509 συνόδου
1016 3449 1285 3522 ἐδέχοντο.
1343 3453 1452 3507 Καὶ
1481 3453 1569 3508 διὰ
1599 3454 1758 3509 τοῦτο
1786 3458 1883 3513 καὶ

290 3538 385 3590 τὸν
416 3538 725 3592 ἐπίσκοπον
755 3541 963 3614 Σίκκης
997 3542 1089 3598 τὸν
1134 3545 1419 3618 Οὐρϐανὸν
1449 3546 1679 3618 ὥρισαν,
1716 3550 1768 3603 εί
1804 3550 1882 3622 μὴ

289 3630 648 3701 διορθώσεται
685 3633 753 3687 τὰ
781 3634 1072 3705 ὀφείλοντα
1126 3639 1257 3709 παρ’
1283 3639 1451 3694 αὐτοῦ
1494 3640 1878 3712 διορθωθῆναι,

290 3722 324 3793 ἢ
375 3725 768 3794 ἀφωρισμένον
821 3723 984 3781 εἶναι’
1031 3729 1064 3801 ἦ
1127 3731 1175 3784 εί
1231 3731 1531 3802 ἅμφιδάλει
1601 3736 1729 3805 περὶ
1786 3735 1881 3789 τοῦ

293 3813 633 3885 ἀφορισμοῦ.
693 3817 1101 3891 μετακληθῆναι
1134 3821 1215 3884 είς
1256 3818 1499 3892 Ῥώμην,
1526 3823 1621 3877 κα).
1653 3824 1724 3879 τὰ
1756 3827 1880 3899 περὶ

293 3905 486 3961 τούτου
526 3909 680 3980 παρὰ
709 3907 803 3963 τοῦ
828 3910 1031 3965 πάππα
1060 3910 1444 3985 ἐξετασθῆναι.

372 4017 390 4050 ι
438 4000 709 4069 Ἀρχεται
742 4000 811 4061 τὰ
842 4001 979 4077 πρὸς
1008 4001 1108 4072 τὴν
1134 4004 1192 4056 έν
1216 4002 1449 4081 Ἀιρρικῇ
1484 4007 1703 4065 σύνοδον
1733 4011 1884 4064 άντίσ-

301 4108 320 4141 ι
366 4108 558 4161 γραφα
586 4092 860 4162 Κυρίλλου
897 4092 993 4147 τοῦ
1016 4094 1114 4164 τῆς
1137 4093 1537 4167 Ἀλεξανδρέων
1559 4102 1881 4156 ἐπισκόπου·

301 4201 321 4234 ι
368 4185 425 4235 εν
467 4177 552 4248 οἷς
607 4186 677 4240 τὰ
704 4183 998 4240 αὑθεντικά
1036 4187 1134 4256 τῆς
1187 4189 1245 4242 ὲν
1276 4187 1475 4263 Νικαίᾳ
1524 4194 1745 4251 συνόδου
1773 4194 1884 4251 ἀπὸ

300 4294 321 4326 ι
361 4275 618 4346 Γραικῶν
648 4275 1060 4351 μεταϐληθέντα
1086 4278 1172 4331 διὰ
1209 4279 1558 4336 ’Ῑννοκεντίου
1583 4285 1885 4354 πρεσϐυτέ-

304 4386 324 4419 ι
370 4385 466 4440 ρου
498 4368 812 4445 ἐπέστειλεν
842 4368 1077 4434 καὶτοὺς
1098 4372 1349 4440 κανόνας,
1378 4374 1579 4442 αἵτινες
1603 4376 1884 4432 ἐπιστολαὶ

305 4477 325 4511 ι
366 4458 509 4531 μετὰ
538 4458 637 4529 τῆς
660 4460 717 4512 ἑν
737 4458 780 4512 Ν
790 4461 941 4533 ικαίᾳ
977 4460 1221 4529 συνόδου,
1245 4462 1334 4517 διὰ
1356 4464 1451 4519 τοῦ
1476 4470 1885 4538 μνημονευθέν-

303 4570 323 4602 ι
370 4569 462 4615 τος
536 4548 887 4609 Ίννοκεντῖου
950 4553 1330 4627 πρεσϐυτέρου
1388 4557 1485 4613 καὶ
1547 4560 1878 4633 Μαρκέλλου

304 4662 324 4696 ι
370 4642 729 4701 ὑποδιακόνου
791 4649 889 4718 τῆς
936 4648 995 4699 ὲν
1050 4648 1377 4719 Καρχηδόνι
1422 4651 1744 4723 ἐκκλησίας,
1803 4655 1884 4729 τῷ

306 4755 322 4787 ι
368 4736 666 4808 ἁγιωτάτῳ
722 4735 1030 4810 Βονιφατίῳ
1069 4739 1358 4812 ὲπισκόπῳ
1393 4741 1496 4812 τῆς
1566 4742 1884 4819 Ῥωμαῖκῆς

309 4846 327 4879 ι
386 4827 722 4900 Ἐκκλησίας
781 4831 848 4902 τῇ
914 4829 1023 4903 πρὸ
1094 4828 1155 4896 ἓξ
1200 4830 1483 4889 καλανδῶν
1523 4833 1882 4919 Δεκεμϐρίων

306 4938 325 4971 ι
370 4920 788 4987 ἀπεστάλησαν.
840 4939 858 4973 r

371 5028 391 5063 ι
435 5010 708 5082 Κύριλλος
763 5012 975 5082 κυρίοις
1024 5012 1381 5084 τιμιωτάτοις
1433 5016 1529 5071 καὶ
1557 5017 1888 5086 ἁγιωτάτοις

305 5120 327 5155 ι
364 5103 622 5172 ἀδελφοῖς
651 5105 744 5158 καὶ
781 5106 1228 5173 συνεπισκόποις,
1254 5108 1535 5185 Αὐρηλίῳ,
1560 5108 1883 5183 Βαλεντίνῳ,

310 5215 329 5248 ι
371 5195 469 5250 καὶ
498 5195 650 5270 πάσῃ
692 5199 759 5268 τῇ
794 5198 850 5250 ὲν
889 5199 1201 5269 Καρχηδόνι
1227 5201 1681 5276 συναθροισθείσῃ
1716 5203 1887 5273 ἁγιωο

311 5304 328 5337 ι
373 5289 516 5360 τάτῃ
547 5286 772 5356 συνόδῳ.
806 5288 1196 5360 Ἀσπαζόμεθα
1241 5291 1300 5345 ὲν
1344 5293 1536 5363 Κυρίῳ
1567 5292 1665 5364 τὴν
1689 5295 1889 5366 ὑμετέ-

312 5394 331 5429 t
379 5392 478 5448 ραν
530 5377 775 5446 ἀγάπην.
826 5379 909 5432 Τὰ
947 5381 1237 5451 γραφέντα
1271 5382 1421 5454 παρὰ
1473 5383 1574 5454 τῆς
1613 5386 1889 5456 ὑμετέρας

310 5488 328 5521 ι
372 5470 709 5541 τιμιότητος,
745 5471 946 5543 πολλὴν
971 5473 1165 5545 ἔχοντα
1194 5475 1514 5547 θρησκείαν,
1552 5478 1692 5547 μετὰ
1709 5479 1891 5549 πάσης

310 5581 328 5616 ι
375 5564 550 5633 χαρᾶς
580 5562 672 5616 διὰ
704 5563 800 5617 τοῦ
834 5567 1028 5618 τέκνου
1060 5566 1218 5636 ἡμῶν
1243 5567 1599 5622 ’ῐννοκεντίου
1626 5569 1721 5623 τοῦ
1756 5586 1891 5640 πρε-

313 5672 329 5706 ι
381 5654 655 5726 σϐυτὲρου
684 5654 975 5729 ἐδεξάμην.
1027 5658 1248 5739 Τούτων
1280 5661 1339 5714 δὲ
1366 5661 1495 5731 παρ’
1527 5661 1684 5732 ήμῶν
1739 5661 1893 5715 ἐλπι-

312 5768 330 5801 ι
378 5749 636 5816 σθέντων,
664 5750 808 5811 ὥστε
857 5755 924 5806 ὲκ
952 5751 1045 5807 τοῦ
1097 5753 1199 5826 τῆς
1264 5754 1541 5826 ἡμετέρας
1591 5754 1892 5826 ἐκκλησίας

314 5860 330 5895 ι
378 5840 626 5914 σκρινίου
658 5842 730 5901 τὰ
779 5843 1123 5915 ἀληθέστατα
1188 5845 1278 5900 ἴσα
1316 5845 1415 5919 τῆς
1452 5848 1511 5901 ἐν
1538 5848 1606 5919 τῇ
1640 5845 1889 5903 Νικαέων

1987 3256 2458 3327 appellationibus,
2495 3264 2829 3325 uttanquam
2880 3256 3067 3328 synodi
3119 3255 3349 3310 Nicaeam
3402 3269 3568 3308 cano-

1985 3364 2110 3405 nem
2135 3351 2489 3406 admiserunt.
2519 3349 2587 3404 Et
2610 3350 2814 3405 idcirco
2842 3348 3006 3404 etiam
3049 3346 3333 3406 Urbanum
3392 3347 3575 3403 Siccae-

1985 3443 2299 3517 episcopum
2334 3443 2716 3506 decreverunt,
2747 3443 2792 3501 sl
2842 3458 2949 3498 non
2988 3443 3309 3497 emendaret
3343 3455 3467 3511 quae
3499 3439 3569 3493 ab

1984 3551 2050 3593 eo
2083 3536 2359 3593 emendari
2401 3537 2725 3612 debuerunt,
2753 3545 2848 3589 aut
2879 3545 3222 3607 segregatum
3261 3550 3418 3598 esse;
3453 3541 3576 3595 aut,

1985 3629 2129 3691 side
2157 3629 2539 3699 segregatione
2599 3627 2830 3691 dubitet,
2873 3625 3100 3687 Romam
3156 3643 3282 3686 esse
3335 3644 3570 3684 erm-att—

1985 3722 2140 3787 dum,
2173 3731 2227 3776 et
2263 3721 2480 3790 negotia
2507 3735 2604 3779 sua
2635 3737 2662 3773 a
2692 3735 2830 3791 papa
2858 3721 3181 3778 examinari.

2067 4007 2086 4042 ι
2126 3988 2397 4059 Incipiunt
2432 3991 2697 4061 rescripta
2734 3990 2922 4068 Cyrilli
2945 3991 3290 4048 Alexandriae
3326 3993 3568 4064 episcopi

1994 4098 2012 4133 ι
2043 4080 2110 4135 ad
2133 4078 2450 4135 Africanam
2487 4082 2788 4153 synodum:
2812 4083 2864 4138 in
2896 4083 3092 4152 quibus
3128 4083 3439 4138 authentica
3474 4086 3570 4137 N-

1995 4191 2014 4226 ι
2049 4187 2215 4228 exertae
2229 4174 2418 4245 synodi
2448 4188 2478 4229 e
2510 4173 2707 4230 Graeco
2734 4176 2999 4230 translata
3025 4191 3123 4246 per
3185 4175 3566 4232 Innocentium

1995 4284 2013 4313 ι
2045 4268 2424 4339 presbyterum
2459 4268 2610 4325 misit
2645 4278 2700 4325 et
2748 4283 3019 4325 canones:
3054 4277 3173 4340 qua:
3208 4270 3424 4341 quidem
3454 4271 3571 4340 epi-

1994 4378 2014 4411 ‹
2046 4359 2200 4415 stola
2234 4374 2354 4414 cum
2380 4359 2597 4416 Nicmna
2645 4362 2875 4432 synodo,
2910 4376 3009 4431 per
3070 4374 3426 4418 memoratum
3486 4361 3571 4418 ln-

1995 4471 2013 4505 ι
2045 4452 2354 4511 nocentium
2376 4454 2749 4526 presbyterum
2773 4464 2826 4509 et
2846 4452 3158 4510 Marcellum
3182 4453 3573 4510 subdiaconum

1917 4527 1964 4587 Ῑ)
1998 4544 2311 4601 «Ecclesia:
2377 4544 2843 4616 Carthaginensis,
2898 4546 3244 4601 sanctissimo
3295 4545 3574 4601 Bonitacio

1996 4656 2018 4692 ι
2049 4632 2309 4693 Romanae
2331 4636 2588 4695 Ecclesia:
2610 4638 2865 4706 episcopo
2894 4637 2962 4694 A.
3011 4637 3076 4692 D.
3125 4646 3280 4693 sexto
3344 4635 3563 4692 calend.

1996 4745 2016 4782 ι
2054 4726 2369 4786 Decembris
2409 4729 2590 4784 missas
2641 4736 2787 4784 sunt.

2066 5038 2086 5070 ι
2121 5017 2357 5088 Cyrillus
2384 5018 2616 5078 dominis
2650 5020 3137 5077 venerabilissimis
3194 5028 3251 5077 et
3283 5018 3573 5077 sanctissi-

1995 5130 2015 5162 σ
2048 5113 2151 5168 mis
2179 5111 2444 5167 fratribus
2474 5121 2531 5168 et
2552 5113 2912 5183 coepiscopis,
2971 5115 3213 5180 Aurelio,
3259 5112 3575 5189 Valentino,

1996 5223 2016 5258 ι
2053 5213 2106 5260 et
2136 5203 2403 5265 universa:
2435 5202 2785 5265 sanctissime
2821 5205 3027 5277 synodo
3056 5205 3387 5278 Carthagine
3423 5223 3556 5267 con-

1997 5320 2015 5351 ι
2054 5307 2311 5375 gregatae.
2346 5295 2661 5357 Salutamus
2687 5298 2739 5352 in
2770 5298 3001 5354 Domino
3051 5311 3285 5355 vestram
3333 5301 3577 5358 dilectio-

1998 5409 2016 5444 ι
2058 5405 2201 5446 nem.
2252 5390 2385 5457 Quae
2426 5404 2457 5444 a
2524 5398 2708 5449 vestra
2766 5392 3079 5451 reverentia
3143 5394 3344 5463 scripta
3407 5404 3575 5460 sunt,

1999 5501 2016 5535 ι
2056 5481 2280 5536 multam
2305 5482 2562 5552 pietatem
2611 5483 2964 5547 continentia,
3007 5499 3131 5539 cum
3174 5485 3320 5539 omni
3388 5476 3574 5539 lautitia

1999 5594 2017 5628 ι
2054 5592 2149 5646 per
2170 5574 2338 5630 tilium
2377 5585 2619 5631 nostrum
2639 5574 3019 5639 Innocentium
3076 5578 3453 5647 presbyterum
3485 5593 3578 5632 su-

2000 5684 2018 5717 c
2061 5666 2233 5736 scepi.
2258 5664 2392 5722 Cum
2429 5664 2543 5722 haec
2570 5675 2753 5725 autem
2786 5681 2817 5727 a
2847 5668 3004 5725 nobis
3068 5675 3284 5734 sperata
3343 5664 3568 5731 fuerint,

2001 5777 2021 5810 ι
2055 5773 2158 5815 nos
2190 5772 2258 5815 ex
2291 5769 2492 5817 nostra:
2527 5755 2785 5815 Ecclesiae
2820 5759 3024 5817 scrinio
3062 5760 3341 5813 verissima
3394 5775 3576 5814 exent-

1962 5926 1965 5928 η
2005 5869 2025 5903 ι
2059 5850 2227 5919 plaria
2261 5850 2585 5907 authenticos
2610 5850 2822 5919 synodi,
2856 5867 2976 5917 quae
3004 5852 3187 5909 habita
3242 5850 3576 5910 inimicam.
