3944 6390
463 321 567 380 439

1728 334 2002 396 THEOD.
2041 335 2444 402 BALSAMON

3576 347 3669 415 HO

467 460 484 491 ι
521 439 815 510 Bitltynicae
841 441 1148 510 metropoli,
1181 457 1244 498 ca
1267 457 1386 512 quae
1432 458 1462 498 a
1519 444 1723 500 sanctis
1785 445 2004 501 Patribu

2145 471 2162 504 r
2211 457 2542 526 μητροπόλει
2566 459 2665 528 τῆς
2695 457 2950 522 Βιθυνίας
3005 456 3330 528 αὑθεντικῆς
3361 457 3584 524 συνόδου,
3610 463 3668 515 τὰ

465 550 481 579 ι
522 530 744 584 delinita
777 539 828 585 et
852 532 1172 587 conﬁrmata
1216 541 1363 600 sunt,
1399 533 1499 589 sub
1525 542 1723 589 nostra:
1751 535 1873 589 ﬁdei
1902 550 2028 604 pro-

462 639 478 672 ι
517 620 769 685 fessione,
806 631 998 676 vestra:
1029 623 1301 678 charilale
1327 625 1627 690 missuros;
1663 625 2028 679 necessarium

461 732 480 763 ο
517 714 674 777 duxi,
707 715 913 770 domini
954 716 1154 772 fratres
1186 720 1238 772 in
1265 719 1454 786 primis
1511 720 1879 785 venerabiles,
1941 735 2031 774 sa-

461 827 478 858 ε
515 809 776 864 lutatione
804 809 1160 877 praecedente,
1187 826 1285 881 per
1315 813 1562 866 eumdem
1591 797 1756 866 ﬁlium
1785 819 2026 866 nostrum

462 918 480 949 ε
512 899 891 955 Innocentium
926 902 1303 972 presbyterum
1336 903 1651 959 ﬁdelissima
1694 902 2028 972 exemplaria

459 1008 476 1038 ι
515 989 840 1044 authentica:
867 992 1058 1061 synodi
1115 991 1327 1060 Nicaeae,
1393 1008 1512 1062 quae
1571 993 1840 1063 Bithynia
1898 993 2028 1046 urbs

459 1100 480 1133 ι
511 1091 618 1147 est,
649 1083 863 1148 habitae,
893 1093 1084 1139 vestrae
1115 1085 1370 1140 charitati
1395 1085 1655 1152 mittere;:
1689 1086 1831 1154 quod
1859 1084 2022 1138 etiam

461 1192 479 1223 ι
515 1174 567 1226 in
623 1174 990 1229 ecclesiastica
1056 1174 1292 1231 Historia
1358 1188 1662 1245 quaarentes
1715 1176 2020 1231 invenietis.

458 1278 474 1308 ι
512 1261 584 1312 De
618 1258 824 1314 Pascha
883 1272 1087 1330 autem,
1152 1273 1212 1318 ut
1272 1264 1590 1334 scripsistis,
1643 1266 2024 1322 renuntiamus

459 1367 476 1398 ε
515 1349 683 1414 vobis,
718 1350 783 1405 A.
819 1351 880 1405 D.
904 1353 1136 1420 septimo
1169 1354 1380 1410 decimo
1415 1354 1518 1409 cal.
1547 1354 1714 1410 Maias
1763 1365 2023 1424 sequente

457 1460 476 1490 ι
511 1440 804 1497 indictione
834 1457 933 1499 nos
965 1445 1361 1503 celebraturos.
1399 1446 1739 1517 Subscriptio
1771 1447 1947 1503 :Deus
1967 1459 2023 1504 et

462 1551 480 1582 ι
523 1531 786 1590 Dominus
820 1544 1005 1591 noster
1028 1548 1270 1592 sanctam
1323 1550 1563 1594 vestram
1619 1541 1888 1612 synodum
1930 1557 2023 1597 cu-

455 1643 474 1674 r
503 1625 723 1681 stodiat.
750 1627 907 1693 Quod
935 1643 1176 1696 oramus,
1201 1630 1656 1688 venerabilissimi
1703 1633 1921 1690 fratres.
1956 1651 1976 1686 ι

447 1909 614 1982 674
653 1928 674 1963 ι
710 1910 902 1982 Incipit
937 1915 1162 1979 epistola
1199 1918 1605 1985 Atticiepiscopi
1640 1916 2016 1974 Constantino-

887 2001 907 2034 ι
944 1987 1166 2053 politani
1194 1987 1263 2040 ad
1294 1987 1519 2044 eosdem.
1544 2008 1561 2039 ι

519 2070 764 2128 Dominis
819 2077 1297 2133 venerabilissimis
1351 2086 1407 2134 et
1446 2079 1778 2136 beatissimis
1836 2079 2017 2135 fratri-

444 2165 544 2220 bus
575 2175 629 2220 et
661 2168 1015 2238 coepiscopis,
1052 2170 1297 2236 Aurelio,
1354 2172 1661 2235 Valentino,
1703 2183 1757 2227 et
1796 2172 2017 2242 reliquis

443 2256 534 2324 qui
571 2257 624 2311 in
653 2257 909 2315 Africana
938 2262 1144 2332 synodo
1206 2274 1601 2330 convenerunt,
1632 2263 1841 2320 Atticus
1898 2265 2016 2335 epi-

443 2363 662 2418 scopus.

448 2461 468 2492 ι
498 2443 602 2497 Per
645 2443 811 2500 ﬁlium
840 2455 1083 2503 nostrum
1115 2449 1428 2506 Marcellum
1488 2453 1882 2512 subdiaconum
1915 2472 2013 2514 ve-

531 2543 775 2602 «strum,
806 2539 1017 2597 litteras
1073 2552 1265 2598 vestra:
1321 2545 1630 2602 dilectionis
1688 2563 1812 2603 cum
1865 2553 2012 2606 omni

535 2650 551 2680 ι
586 2630 772 2686 laetitia
804 2637 1010 2705 accepi,
1039 2635 1146 2691 Deo
1166 2639 1367 2708 gratias
1393 2652 1576 2709 agens,
1602 2643 1743 2709 quod
1765 2642 2014 2711 dignatus

532 2742 549 2774 ι
583 2741 701 2780 sum
735 2726 840 2782 frui
885 2737 1155 2784 tantorum
1217 2729 1445 2786 fratrum
1483 2731 1881 2790 benedictione.
1910 2735 2014 2790 Do-

526 2792 713 2884 Iﬁmini
747 2818 1048 2876 beatissimi
1107 2821 1323 2890 fratres,
1376 2822 1694 2892 scripsistis,
1731 2833 1788 2880 ut
1843 2825 2014 2880 veris-

521 2929 538 2958 ‹
575 2910 742 2966 simos
762 2926 1020 2978 canones,
1062 2915 1152 2980 qui
1182 2912 1394 2980 Niczete,
1448 2931 1568 2985 qua:
1609 2925 1693 2971 est
1742 2917 2010 2990 Bithynize

522 3019 542 3051 ε
578 3003 916 3071 metropolis,
979 3021 1009 3059 a
1059 3006 1315 3062 Patribus
1367 3009 1646 3064 constituti
1689 3020 1836 3078 sunt,
1888 3023 2011 3082 post

528 3113 545 3144 ι
581 3093 702 3148 ﬁdei
737 3097 1134 3165 expositionem
1191 3099 1424 3154 mittam.
1470 3101 1537 3155 Et
1577 3101 1700 3170 quis
1759 3113 1863 3165 est,
1917 3104 2006 3172 qui
2036 3126 2083 3190 ρ

524 3205 546 3238 ‹
573 3201 913 3243 communem
941 3188 1098 3244 fidem
1129 3199 1183 3244 et
1210 3191 1426 3247 decreta
1451 3207 1480 3247 a
1518 3191 1774 3248 Patribus
1807 3197 2008 3251 consti-

516 3289 704 3346 rtuta,
767 3283 1000 3354 propriis
1045 3283 1302 3341 fratribus
1371 3287 1640 3355 deneget?
1696 3287 1849 3344 Unde
1911 3303 2009 3358 per

520 3393 538 3425 ε
573 3376 823 3430 eumdem
852 3375 1024 3430 ﬁlium
1061 3387 1304 3431 nostrum
1341 3375 1660 3433 Marcellum
1720 3377 2009 3436 subdiaco-

526 3486 542 3516 ι
576 3481 704 3530 num
736 3479 978 3522 vestrum
1009 3467 1168 3523 valde
1223 3468 1592 3533 festinantem,
1647 3472 2006 3538 quemadmo-

521 3578 540 3610 ι
571 3559 695 3614 dum
731 3575 968 3617 canones
999 3559 1188 3616 Nicaea:
1216 3576 1243 3616 a
1295 3561 1546 3618 Patribus
1604 3563 1808 3617 deﬁniti
1857 3572 2004 3630 sunt,

523 3667 540 3700 ι
578 3649 809 3718 integre,
864 3660 923 3704 ut
953 3650 1220 3720 iussistis,
1289 3651 1448 3718 misi;
1516 3666 1714 3722 rogans
1765 3661 2003 3707 vestram

518 3751 814 3798 «sanctam
881 3744 1186 3813 synodum,
1262 3751 1329 3800 ut‘
1385 3759 1482 3814 pro
1547 3759 1634 3800 me
1708 3745 2004 3816 plurimum

518 3853 538 3886 ε
574 3850 735 3891 orare
764 3834 1039 3906 dignetur.
1073 3836 1414 3906 Subscriptio
1447 3855 1462 3893 :
1501 3836 1758 3893 Dominus
1817 3847 2006 3892 noster

511 3947 532 3979 ι
572 3911 840 3984 custodiat
876 3937 1110 3984 vestram
1143 3932 1508 3995 sanctitatem,
1549 3929 1693 4000 quod
1743 3943 1988 3998 oramus,

518 4038 538 4072 ι
569 4018 901 4076 sanctissimi
932 4018 1147 4076 fratres.
1191 4039 1210 4072 ι

508 4310 829 4380 «Incipiunt
883 4310 1214 4381 exemplaria
1281 4309 1514 4363 Nicaeum
1572 4305 1764 4376 synodi
1822 4309 1889 4363 A.
1927 4307 1988 4362 Ι).

434 4427 452 4458 ι
491 4414 645 4461 sexto
676 4403 932 4459 calendas
960 4401 1298 4468 Decembris,
1329 4407 1452 4468 post
1481 4400 1826 4454 consulatum
1876 4399 1991 4454 cla-

431 4520 449 4550 r
487 4499 822 4553 rissimorum
846 4497 1261 4566 imperatorum,
1299 4491 1518 4547 llonorii
1551 4491 1647 4547 ΧΠ
1708 4503 1762 4548 et
1808 4492 1996 4547 Theo-

437 4609 456 4640 ι
491 4589 627 4644 dosii
661 4586 756 4654 lX,
789 4589 1177 4658 Augustorum,
1242 4582 1521 4640 Bonifacio
1575 4581 1821 4636 Romano
1877 4583 1996 4652 epi-

437 4701 455 4734 ι
503 4695 672 4752 scopo
701 4682 888 4736 missa.
915 4679 1201 4735 Credimus
1225 4677 1276 4731 in
1337 4691 1502 4730 unum
1538 4675 1706 4730 Deum
1727 4675 1940 4730 Patrem
1976 4692 1991 4742 ;

433 4796 449 4826 ι
497 4786 551 4830 et
578 4774 837 4842 deinceps
866 4781 1112 4828 sanctum
1149 4768 1456 4840 symbolum
1502 4776 1563 4824 ut
1595 4769 1653 4824 in
1687 4769 1859 4841 prima
1910 4784 1998 4840 sy-

431 4890 448 4919 ι
491 4871 628 4925 nodo
661 4867 923 4936 scriptum
971 4872 1112 4920 est.»

495 5045 912 5102 ZONAR.lluic
944 5043 1189 5116 symbolo
1247 5043 1392 5108 ﬁdei,
1440 5044 1606 5098 etiam
1655 5042 1990 5113 exemplaria

428 5140 809 5195 deﬁnitionum
855 5136 1053 5204 Nicaeni
1089 5135 1302 5190 concilii
1331 5150 1398 5190 ex
1446 5136 1762 5190 memoratis
1813 5148 1994 5189 sacer-

430 5231 648 5286 dotibus
678 5229 934 5300 adjuncta
993 5237 1140 5294 sunt,
1207 5238 1269 5285 ut
1322 5228 1572 5299 superius
1630 5228 1683 5283 in
1736 5227 1990 5283 omnibus

427 5325 809 5380 continentur:
850 5337 969 5392 quae
1001 5337 1100 5378 nos
1130 5337 1273 5377 nunc
1325 5336 1546 5376 rursum
1609 5319 1798 5376 eadem
1849 5325 1991 5376 scrt-

428 5411 604 5465 bcuda
642 5425 762 5466 esse
787 5425 1009 5467 necesse
1037 5426 1144 5465 non
1175 5412 1504 5481 putavimus.

741 5589 1013 5658 Rescripta
1059 5589 1248 5660 Cyrilli
1309 5591 1670 5647 Alexandriw.

429 5682 648 5737 ARIST.
694 5702 710 5734 ε
741 5683 1201 5750 Quemadmodum
1247 5685 1314 5740 ad
1356 5700 1456 5739 nos
1509 5685 1838 5755 scripsistis;
1892 5700 1990 5742 nos

501 5791 520 5823 ε
559 5775 814 5830 ﬁdissima
856 5777 1185 5835 exemplaria
1216 5777 1540 5835 authentica:
1560 5777 1750 5848 synodi
1770 5777 1982 5846 Nicaeae,

2140 565 2159 596 ‹
2200 547 2351 616 παρὰ
2377 547 2486 600 τῶν
2511 549 2682 616 άγίων
2711 550 2969 619 Πατέρων
2991 548 3278 620 ὁρισθέντα
3326 550 3416 602 καὶ
3460 548 3668 618 βεϐαιω-

2137 655 2156 687 r
2198 637 2357 691 θέντα
2415 639 2670 694 ὑποκάτω
2705 639 2807 708 τῆς
2846 639 3134 709 ὁμολογίας
3162 639 3262 707 τῆς
3291 639 3550 708 ἡμετέρας
3587 642 3666 693 πί·

2137 747 2155 780 r
2204 746 2410 793 στεως,
2473 734 2538 801 τῇ
2595 731 2841 802 ὑμετέρᾳ
2895 732 3086 805 ἀγάπῃ
3139 732 3286 800 ἡμᾶς
3353 732 3670 790 ἀποστεῖλαι.

2137 841 2156 872 ι
2201 823 2494 889 ἀναγκαῖον
2527 824 2847 894 ἡγησάμην,
2892 823 3075 896 κύριοι
3099 824 3415 894 τιμιώτατοι
3451 826 3668 893 ἀδελφοὶ,

2135 931 2154 964 r
2197 913 2493 982 ἀσπασμοῦ
2541 914 2982 984 προηγουμένου,
3037 914 3126 968 διά
3177 913 3272 967 τοῦ
3303 913 3464 968 αὑτοῦ
3495 913 3667 968 τέκνου

2134 1024 2152 1057 ‹
2191 1005 2348 1074 ήμῶν
2387 1004 2737 1059 Ἰννοκεντίου
2764 1005 2857 1060 τοῦ
2901 1006 3278 1077 πρεσϐυτέρου
3307 1004 3377 1058 τὰ
3398 1005 3670 1058 πιστότατα

2132 1117 2150 1150 ι
2193 1099 2283 1152 ίσα
2307 1098 2377 1154 τὰ
2403 1099 2501 1169 τῆς
2531 1099 2860 1169 αὑθεντικῆς
2892 1100 3110 1154 συνόδου
3138 1098 3239 1167 τῆς
3264 1100 3321 1152 ἒν
3351 1101 3415 1168 τῇ
3443 1097 3670 1154 Νικαέων

2132 1208 2151 1240 ι
2196 1189 2348 1243 πόλει
2377 1192 2475 1262 τῆς
2528 1191 2782 1252 Βιθυνίας
2838 1192 3097 1263 ἐχόμενα,
3151 1193 3218 1261 τῇ
3269 1191 3516 1259 ὑμετέρᾳ
3546 1191 3670 1243 ἀπο-

2133 1302 2152 1335 (
2198 1283 2404 1337 στεῖλαι
2457 1285 2667 1356 ἀγάπῃ·
2709 1285 2848 1355 ὅπερ
2899 1285 2994 1340 καὶ
3050 1285 3109 1337 έν
3166 1288 3232 1354 τῇ
3267 1283 3668 1353 ἐκκλησιαστικῇ

2130 1393 2148 1426 ι
2198 1376 2408 1447 ἱστορίᾳ
2436 1375 2723 1446 ζητοῦντες
2760 1377 3041 1447 εὑρήσετε.
3082 1375 3218 1445 Περὶ
3249 1375 3310 1428 δὲ
3337 1374 3430 1428 τοῦ
3477 1376 3670 1445 Πάσχα,

2129 1484 2149 1518 ι
2190 1467 2265 1530 ώς
2297 1467 2599 1539 ἐγράψατε,
2659 1469 3069 1539 ἀναγγέλλομεν
3105 1470 3254 1540 ὑμῖν,
3310 1472 3374 1538 τῇ
3400 1468 3502 1538 πρὸ
3530 1469 3672 1521 δεκα-

2129 1576 2149 1610 ‹
2185 1559 2324 1613 επτά
2381 1560 2659 1614 καλανδῶν
2711 1561 2906 1616 Μαίων
2963 1563 3112 1632 ἡμᾶς
3177 1561 3578 1622 ὲπιτελέσοντας
3614 1561 3672 1629 τῇ

2131 1671 2151 1705 r
2196 1653 2642 1724 ὑπεισερχομένῃ
2671 1654 2983 1710 ίνδικτιῶνι.
3025 1655 3088 1708 Ἦ
3118 1653 3439 1723 ὑπογραφήο
3479 1653 3535 1703 Ὀ
3557 1649 3672 1712 Θεδς

2054 1798 2096 1851 Β
2128 1763 2147 1796 ι
2187 1747 2318 1799 καὶὸ
2330 1745 2533 1816 Κύριος
2552 1749 2584 1815 ἠ
2593 1747 2708 1814 μῶν
2723 1748 2822 1819 τὴν
2839 1747 2999 1816 άγίαν
3017 1747 3173 1816 ὑμῶν
3196 1746 3414 1800 σύνοδον
3438 1742 3668 1814 φυλάξοι,

2130 1855 2150 1888 r
2194 1837 2332 1907 ὅπερ
2365 1837 2659 1908 εὐχόμεθα,
2709 1839 3028 1910 τιμιώτατοι
3051 1839 3294 1907 ἀδελφοί.
3331 1857 3348 1890 ι

2123 1954 2400 2021 Ἀρχεται
2455 1953 2495 2020 ἠ
2535 1953 2831 2021 ἐπιστολὴ
2901 1954 3167 2008 Ἀττικοῦ
3195 1953 3304 2006 τοῦ
3351 1950 3668 2005 ἐπισκόπου

2226 2026 2930 2088 Κωνσταντινουπόλεως
2967 2025 3118 2092 πρὸς
3170 2024 3320 2089 τοὺς
3345 2023 3579 2084 αὐτούς.

2186 2112 2311 2176 Τοῖς
2374 2113 2584 2185 κυρίοις
2649 2116 3015 2182 τιμιωτάτοις
3091 2116 3182 2167 καὶ
3246 2109 3673 2182 μακαριωτάτοις

2116 2204 2369 2273 ἀδελφοῖς
2420 2206 2518 2260 καὶ
2566 2208 3008 2269 συνεπισκόποις,
3061 2206 3350 2277 Αὑρηλίῳ,
3393 2200 3673 2270 Βαλεντίνῳ

2117 2297 2212 2350 καὶ
2255 2298 2370 2359 τοῖς
2430 2296 2640 2361 λοιποῖς
2692 2301 2805 2363 τοῖς
2865 2301 2922 2352 ἒν
2966 2301 3031 2370 τῇ
3075 2299 3315 2369 Ἀφρικῇ
3351 2293 3673 2350 συνελθοῦσιν

2119 2389 2342 2459 συνόδῳ,
2397 2390 2647 2453 Ἀττικὸς
2672 2391 2992 2454 ἐπίσκοπος.

2124 2498 2142 2531 ι
2187 2480 2285 2532 Διὰ
2335 2479 2428 2533 τοῦ
2484 2480 2674 2533 τέκνου
2703 2480 2862 2548 ἡμῶν
2886 2477 3231 2550 Μαρκέλλου,
3267 2478 3369 2532 τοῦ
3409 2472 3674 2543 ὑποδιακό-

2192 2590 2211 2624 ι
2253 2589 2346 2626 νου
2406 2572 2581 2642 ὑμῶν,
2644 2573 2950 2644 γράμματα
3005 2573 3099 2642 τῆς
3141 2572 3419 2643 ὑμετέρας
3474 2569 3674 2637 ἀγάπης

2191 2683 2210 2715 ι
2261 2665 2399 2734 μετὰ
2439 2665 2620 2735 πάσης
2670 2664 3021 2736 εὐχαριστίας
3053 2665 3358 2734 ἐδεξάμην,
3396 2663 3472 2733 τῷ
3503 2659 3675 2730 Κυρίῳ

2192 2775 2210 2808 ι
2254 2755 2616 2824 εὐχαριστῶν,
2664 2758 2745 2809 ὅτι
2797 2753 3040 2824 ἠξιώθην
3111 2754 3390 2808 τοσούτων
3450 2748 3676 2819 ἀδελφῶν

2191 2865 2210 2897 ι
2253 2846 2505 2913 εὐλογίας
2573 2843 2900 2912 ἀπολαῦσαι,
2994 2843 3190 2915 Κύριοι
3285 2841 3676 2915 μακαριώτατοι

2188 2955 2208 2989 ι
2250 2937 2492 3006 ἀδελφοὶ,
2555 2935 2871 3007 ἐγράψατε,
2941 2936 3028 2989 ίνα
3094 2937 3221 2998 τοὺς
3293 2933 3674 3004 ἀληθεστάτους

2189 3045 2207 3078 r
2249 3027 2501 3090 κανόνας,
2557 3028 2683 3090 τοὺς
2713 3028 2771 3079 ὲν
2805 3029 2869 3097 τῇ
2919 3024 3170 3080 Νικαέων
3210 3025 3541 3098 μητροπόλει
3585 3022 3670 3088 τῆς

2192 3137 2210 3170 ι
2255 3117 2508 3181 Βιθυνίας
2536 3117 2688 3188 παρὰ
2744 3117 2852 3170 τῶν
2883 3117 3148 3186 Πατέρων
3180 3118 3522 3187 ὁρισθέντας,
3550 3111 3669 3182 μετὰ

2189 3229 2207 3261 ι
2247 3210 2346 3280 τὴν
2395 3209 2632 3271 πίστεως
2665 3209 2882 3262 ἔκθεσιν
2928 3208 3260 3263 ἀποστείλω.
3299 3209 3410 3262 Καὶ
3429 3207 3510 3270 τίς
3536 3207 3668 3258 ἐστιν

2189 3320 2206 3353 r
2247 3302 2276 3354 ὁ
2315 3300 2415 3373 τὴν
2446 3301 2634 3372 κοινὴν
2663 3301 2868 3363 πίστιν,
2925 3301 3021 3353 καὶ
3069 3301 3197 3363 τοὺς
3229 3302 3394 3370 ὅρους
3431 3302 3551 3361 τοὺς
3578 3294 3670 3349 ἀπὸ

2187 3412 2205 3446 ι
2246 3393 2353 3446 τῶν
2401 3394 2663 3462 Πατέρων
2717 3393 3135 3462 βεϐαιωθέντας,
3193 3394 3313 3458 τοῖς
3367 3391 3512 3451 ίδίοις
3537 3385 3670 3440 ἀδελ·

2187 3503 2204 3537 r
2253 3487 2374 3554 φοῖς
2412 3483 2783 3555 ἀρνούμενος;
2823 3483 2988 3537 Ὀθεν
3015 3483 3102 3537 διὰ
3156 3483 3252 3537 τοῦ
3283 3483 3448 3538 αὑτοῦ
3495 3481 3670 3533 τέκνου

2188 3595 2206 3628 ι
2252 3575 2410 3646 ἡμῶν
2441 3574 2764 3646 Μαρκέλλου
2814 3575 2910 3629 τοῦ
2947 3576 3315 3631 ὑποδιακόνου
3360 3575 3513 3646 ὑμῶν
3540 3573 3668 3626 πάνυ

2187 3685 2206 3720 ι
2254 3667 2598 3732 σπεύδοντος,
2631 3666 2815 3731 καθὼς
2852 3668 2901 3721 οί
2937 3669 2995 3721 έν
3033 3668 3244 3740 Νικαίᾳ
3299 3668 3408 3723 ἀπὸ
3440 3667 3545 3719 τῶν
3569 3665 3671 3717 Ila.-

2183 3783 2202 3816 ι
2245 3763 2420 3832 τέρων
2481 3761 2799 3834 ώρίσθησαν
2849 3764 3093 3827 κανόνες,
3159 3763 3220 3815 ἐν
3275 3761 3570 3830 ὁλοκλήρῳ,
3605 3755 3670 3818 ὡς

2183 3874 2201 3906 r
2247 3855 2593 3921 ἐκελεύσατε,
2656 3855 2978 3921 ἀπέστειλα,
3037 3853 3208 3908 αἰτῶν
3270 3855 3373 3926 τὴν
3413 3851 3671 3922 ὑμετέραν

2183 3965 2202 3998 r
2244 3946 2408 4016 ἁγίαν
2459 3947 2677 4001 σύνοδον
2732 3947 2874 4018 ὑπὲρ
2925 3945 3061 4017 ἐμοῦ
3123 3945 3388 4006 πλείστας
3429 3940 3670 4008 εῦξασθαι

2182 4057 2201 4091 ι
2241 4039 2606 4105 καταξιῶσαι.
2653 4038 2715 4092 Ἦ
2771 4039 3065 4110 ὑπογραφὴ
3092 4055 3108 4072 ο
3151 4038 3210 4091 '0
3280 4038 3486 4109 Κύριος
3526 4031 3672 4102 ήμῶν

2180 4149 2199 4183 ι
2246 4131 2475 4201 φυλάξοι
2518 4131 2618 4201 τὴν
2649 4129 2922 4201 ὑμετέραν
2957 4127 3297 4203 ἁγιωσύνην,
3349 4130 3486 4199 ὅπερ
3530 4122 3670 4196 εὐχό-

2179 4241 2198 4275 r
2243 4223 2402 4293 μεθα,
2437 4223 2731 4292 ἁγιώτατοι
2761 4223 3001 4292 ἀδελφοί.
3041 4242 3061 4275 ι

2178 4335 2196 4368 r
2243 4317 2505 4388 Ἀρχεται
2534 4316 2604 4369 τὰ
2642 4315 2732 4368 ῐσα
2757 4316 2855 4383 τῆς
2881 4316 2939 4368 ὲν
2967 4314 3174 4384 Νικαίᾳ
3206 4313 3432 4368 συνόδου
3462 4311 3528 4365 τὰ
3549 4310 3670 4362 ἀπο-

2111 4426 2129 4459 r
2177 4405 2441 4459 σταλέντα
2485 4409 2551 4476 τῇ
2598 4405 2704 4476 πρὸ
2735 4405 2793 4472 ἒξ
2818 4404 3099 4459 καλανδῶν
3137 4405 3512 4475 Δεκεμϐρίων,
3545 4398 3670 4472 μετὰ

2110 4514 2128 4548 ι
2171 4496 2269 4567 τὴν
2286 4495 2546 4549 ὑπατείαν
2572 4497 2681 4550 τῶν
2703 4496 3058 4563 ἐνδοξοτάτων
3083 4495 3378 4566 βασιλέων,
3415 4491 3665 4561 Ὀνωρίου

2108 4609 2126 4641 ι
2172 4589 2233 4642 τὸ
2280 4589 2621 4654 δωδέκατον,
2675 4590 2768 4643 καὶ
2820 4589 3102 4643 Θεοδοσίου
3149 4589 3210 4642 τὸ
3268 4589 3513 4650 ἔννατον,
3568 4581 3670 4636 τῶν

2107 4700 2125 4733 ι
2172 4682 2520 4750 Δύγούστων,
2569 4681 2875 4752 Βονιφατίῳ
2933 4681 3012 4752 τῷ
3081 4681 3375 4751 ὲπισκόπῳ
3437 4677 3668 4746 Ῥώμης.

2105 4795 2122 4827 ι
2169 4774 2511 4845 Πιστεύομεν
2561 4775 2641 4836 είς
2689 4775 2787 4828 ἕνα
2831 4774 2964 4828 Θεὸν
3019 4775 3261 4844 Πατέρα’
3317 4774 3416 4827 καὶ
3479 4766 3668 4838 ἑφεξῆς

2107 4886 2125 4919 ι
2170 4867 2230 4921 τὸ
2285 4868 2441 4935 ἅγιον
2502 4866 2794 4936 σύμϐολον,
2861 4867 2936 4929 ὡς
2991 4866 3056 4920 ὲν
3111 4868 3176 4938 τῇ
3236 4865 3436 4938 πρώτῃ
3479 4861 3667 4926 συνόδῳ

2104 4977 2123 5009 r
2169 4959 2468 5029 ἐγράφη.»

2170 5046 2416 5101 ΖΩΝΑΡ.
2448 5045 2539 5116 Τῷ
2565 5046 2795 5117 παρόντι
2833 5045 3088 5116 συμϐόλῳ
3126 5045 3226 5115 τῆς
3282 5045 3545 5105 πίστεως,
3576 5035 3665 5092 καὶ

2095 5139 2164 5193 τά
2189 5138 2278 5192 ῐσα
2309 5139 2418 5193 τῶν
2445 5140 2590 5209 ὅρων
2637 5140 2736 5208 τῆς
2793 5139 2968 5208 αὑτῆς
2990 5141 3050 5191 ὲν
3107 5138 3317 5208 Νικαίᾳ
3351 5135 3570 5189 συνόδου
3607 5132 3665 5182 ὲγ

2094 5229 2204 5283 τῶν
2232 5225 2740 5300 μνημονευθέντωιῖ
2789 5230 2982 5301 ίερέων
3037 5228 3541 5301 προσεξεύχθησαν,
3595 5222 3664 5280 ὡς

2094 5321 2353 5390 ἀνωτέρω
2379 5322 2438 5375 ἐν
2464 5323 2598 5375 πᾶσι
2664 5323 3032 5393 περιέχονται·
3067 5323 3212 5392 ἅπερ
3243 5322 3409 5390 ἡμεῖς
3431 5312 3662 5371 ἐνταῦθα⁵

2096 5410 2261 5464 πάλιν
2304 5410 2374 5464 τά
2435 5411 2575 5465 αὐτὰ
2629 5412 2910 5482 γραφῆναι
2962 5412 3259 5479 ἀναγκαῖον
3311 5409 3412 5478 οὐχ
3463 5400 3661 5476 ήγησά·

2096 5503 2255 5572 μεθα.

2285 5597 2641 5666 Ἀντίπκιφα
2661 5591 3459 5665 ΚυρίλλουἈλεξανδρείας.

2091 5687 2309 5742 ΑΡΙΣΤ.
2378 5707 2397 5741 r
2457 5691 2650 5751 Καθὼς
2722 5691 2853 5760 ἡμῖν
2907 5688 3206 5760 ἐγράψατε,
3237 5684 3307 5736 τὰ
3369 5680 3660 5736 πιστότατα

2174 5800 2192 5834 ι
2239 5783 2328 5835 ίσα
2389 5783 2490 5848 ’ἐς
2550 5782 2874 5850 αὑθεντικῆς
2926 5781 3146 5835 συνόδου
3173 5778 3270 5844 τῆς
3301 5778 3360 5831 ὲν
3418 5773 3659 5832 Νικαέων
