3944 6418
299 343 393 408 Ml
1261 349 1344 411 ῘΝ
1368 350 1536 412 CAN.
1572 351 1831 443 CXXXV
1865 351 2078 416 CONC.
2111 355 2486 420 CARTHAG.
3439 362 3546 420 442

373 481 390 513 t
432 460 586 514 πόλει
638 460 740 530 τῆς
785 461 1058 526 Βιθυνίας,
1099 465 1166 536 τῇ
1225 463 1470 538 ὑμετέρᾳ
1515 466 1708 538 ἀγάπῃ
1738 465 1930 524 ἀπε-Δ

2056 485 2075 519 t
2111 483 2230 537 quae
2263 470 2532 541 Bithyniae
2562 471 2693 526 urbs
2723 480 2831 536 est,
2861 470 3079 537 habitae,
3114 479 3312 528 vestra
3371 470 3546 527 chari-

369 569 388 602 ι
434 569 524 604 στε
534 551 748 620 ίλαμεν.
785 570 804 604 ι

2055 577 2076 610 t
2106 560 2201 614 tali
2231 561 2498 617 misimus.
2525 581 2543 615 ι

562 645 834 699 Ἀττικοῦ
880 650 1603 716 Κωνσταντινουπόλεως.

1567 670 1603 715 ς.
2405 655 2571 708 Attici
2623 653 3124 721 Constantinopolis.

307 753 319 786 ι
367 736 430 788 Ol
477 736 574 803 τῆς
637 737 696 790 ὲν
749 737 951 806 Νικαίᾳ
1007 739 1250 806 κανόνες,
1313 742 1495 807 καθὼς
1548 744 1698 812 παρὰ
1763 741 1864 799 τῶν

1986 761 2006 796 t
2051 743 2252 814 Synodi
2287 746 2520 801 Nicaeme
2566 760 2822 812 canones,
2877 743 3332 815 quemadmodum
3387 760 3417 798 a
3450 743 3541 799 Pa-

373 848 393 881 t
443 829 704 901 Πατέρων
760 831 1101 902 ὡρίσθησαν,
1157 834 1565 906 ἀπεστάλησαν,
1600 837 1676 900 ὡς
1702 838 1871 909 ἐγρά-

2059 855 2078 888 ι
2115 837 2286 893 tribus
2310 839 2511 894 decreti
2536 847 2682 905 sunt,
2709 841 3017 916 mittuntur,
3051 845 3110 893 ut
3139 838 3457 908 scripsistis.

371 940 393 972 ι
431 921 591 990 ψατε.

301 1033 317 1066 t
373 1013 713 1083 Πιστεύομεν
749 1016 830 1077 εἰς
861 1015 958 1069 ἕνα
988 1016 1140 1082 Θεὸν,
1178 1018 1402 1088 Πατέρα
1429 1021 1858 1090 παντοκράτορα,

1991 1037 2002 1072 ι
2037 1017 2322 1075 Credimus
2353 1017 2406 1072 in
2438 1031 2605 1071 unum
2633 1017 2822 1080 Deum,
2852 1016 3068 1071 Patrem
3101 1017 3548 1085 omnipotentem,

373 1124 393 1158 ι
430 1106 644 1176 ὁρατῶν
662 1123 722 1159 τε
746 1107 840 1161 καὶ
861 1107 1110 1178 ἀοράτων
1134 1111 1385 1180 ποιητήν·
1411 1109 1502 1164 καὶ
1516 1111 1596 1173 είς
1625 1112 1721 1166 ἕνα
1754 1113 1871 1167 Κύ-

2068 1128 2088 1162 t
2126 1109 2416 1164 visibilium
2451 1108 2656 1175 pariter
2687 1117 2742 1163 et
2799 1107 3151 1162 invisibilium
3187 1107 3504 1163 Creatorem
3533 1125 3546 1163 :

373 1217 394 1249 ι
433 1215 546 1268 ριον
562 1199 767 1268 Ἰησοῦν
779 1199 1129 1271 Χριστὸν,τὸν
1145 1202 1275 1255 Υίδν
1289 1201 1380 1256 τοῦ
1393 1201 1528 1256 Θεοῦ
1541 1205 1870 1274 γεννηθέντα

2067 1223 2086 1257 t
2122 1213 2176 1256 et
2211 1205 2264 1258 in
2295 1218 2459 1256 unum
2489 1202 2775 1257 Dominum
2799 1199 2986 1257 Jesum
3020 1201 3324 1267 Christum,
3345 1199 3546 1254 Filium

371 1308 392 1342 ι
435 1293 500 1344 ὲκ
526 1291 618 1345 τοῦ
645 1293 850 1364 Πατρδς
871 1296 1158 1365 μονογενῆ,
1181 1297 1461 1350 τουτέστιν
1479 1299 1542 1350 ἐκ
1558 1297 1660 1366 τῆς
1682 1297 1870 1363 οὐσίας

2059 1313 2077 1348 t
2113 1295 2228 1360 Dei,
2272 1305 2457 1352 natum
2488 1310 2556 1348 ex
2583 1295 2743 1350 Patre
2788 1294 3156 1364 unigenitum,
3207 1294 3314 1349 hoc
3371 1304 3456 1349 est
3518 1307 3548 1347 e

371 1401 392 1435 ι
437 1383 532 1437 τοῦ
573 1386 815 1456 Πατρὺς,
853 1387 984 1440 Θεὸν
1031 1389 1094 1440 ὲκ
1122 1388 1279 1453 Θεοῦ,
1312 1388 1428 1458 φῶς
1452 1391 1516 1444 ὲκ
1537 1391 1872 1459 φωτὸς-,Θεὸν

2069 1406 2088 1439 t
2127 1387 2434 1443 substantia
2478 1385 2677 1451 Patris,
2733 1385 2903 1441 Deum
2953 1401 3018 1439 ex
3080 1385 3213 1451 Deo,
3244 1385 3426 1438 lumen
3482 1399 3547 1440 ex

367 1493 387 1524 ‹
437 1474 695 1544 ἀληθινὸν
720 1476 784 1530 ὲκ
808 1476 945 1532 Θεοῦ
962 1477 1240 1550 ἀληθινοῦ·
1260 1480 1612 1550 γεννηθέντα,
1635 1481 1696 1534 οὐ
1718 1498 1874 1553 ποιη-

2067 1495 2085 1529 t
2118 1479 2344 1542 lumine,
2379 1477 2546 1532 Deum
2593 1492 2782 1532 verum
2827 1492 2894 1532 ex
2940 1475 3053 1531 Deo
3099 1491 3253 1540 vero,
3304 1473 3547 1543 genitum

368 1585 388 1617 ι
436 1565 619 1619 θέντα⁹
677 1569 960 1639 όμοούσιον
1006 1570 1084 1640 τῷ
1135 1572 1335 1642 Πατρίο
1384 1571 1453 1625 δι’
1497 1567 1557 1627 οὗ
1599 1575 1668 1626 τὰ
1697 1573 1873 1628 πάντα

2061 1590 2080 1623 ι
2110 1586 2213 1624 non
2271 1569 2496 1635 factum,
2529 1567 3040 1624 consubstantialem
3071 1566 3244 1628 Patri,
3268 1581 3363 1634 per
3389 1580 3547 1634 quem

371 1677 391 1709 ι
437 1659 678 1725 ἐγένετο·
705 1659 798 1712 τδν
842 1661 911 1714 δι’
941 1663 1092 1732 ἡμᾶς
1133 1662 1226 1716 καὶ
1255 1662 1355 1734 τὴν
1386 1665 1663 1736 ἡμετέραν
1694 1684 1873 1736 σωτη-

2052 1683 2070 1714 t
2105 1662 2286 1718 omnia
2319 1661 2459 1716 facta
2496 1669 2662 1720 sunt;
2702 1659 2794 1729 qui
2818 1668 3040 1728 propter
3065 1673 3187 1725 nos,
3222 1667 3277 1712 et
3302 1665 3544 1712 nostram

373 1770 395 1802 ι
438 1751 562 1821 ρίαν
600 1751 958 1816 κατελθόντα,
1010 1755 1387 1826 σαρικωθέντα,
1439 1758 1533 1811 καὶ
1600 1759 1873 1829 ὲνανθρω-
1903 1797 1930 1852 Ε

2062 1774 2080 1808 t
2111 1756 2366 1820 salutem,
2423 1753 2727 1816 descendit,
2782 1751 3098 1805 incarnatus
3143 1758 3248 1816 est,
3279 1758 3335 1804 et
3387 1748 3548 1802 homo

372 1859 394 1892 ι
435 1841 710 1910 στήσαντα,
763 1843 1028 1909 παθόντα,
1078 1845 1410 1910 ἀναστάντα,
1444 1847 1540 1901 καὶ
1575 1847 1872 1904 ἀνελθόντα
1903 1839 1929 1852 ’

2062 1869 2080 1902 ‹
2122 1849 2320 1915 factus,
2357 1862 2552 1918 passus
2583 1854 2690 1909 est,
2724 1845 3052 1907 resurrexit,
3087 1850 3142 1899 et
3199 1842 3445 1897 ascendit
3491 1839 3546 1894 in

366 1951 388 1983 ε
431 1933 512 1992 εἰς
540 1932 667 1995 τοὺς
692 1933 974 2003 οὐρανοὺς,
998 1934 1098 1988 καὶ
1130 1937 1300 1989 πάλιν
1329 1937 1630 2008 ἐρχόμενον
1685 1942 1872 2010 κρῖναι

2068 1961 2086 1995 t
2122 1942 2314 2006 caelos,
2347 1949 2402 1995 et
2433 1940 2628 1994 iterum
2661 1936 3108 2002 venietjudicare
3134 1935 3283 1990 vivos
3316 1943 3370 1988 et
3397 1947 3541 1986 mor-

366 2040 390 2074 ι
440 2020 655 2086 ζῶντας
713 2037 808 2078 και
873 2025 1124 2094 νεκρούς·
1165 2027 1260 2078 καὶ
1299 2029 1382 2090 είς
1433 2027 1494 2080 τὸ
1554 2028 1779 2096 Πνεῦμα
1812 2031 1874 2082 τὸ

2060 2054 2079 2087 t
2124 2043 2278 2098 tuos;
2318 2041 2374 2087 et
2418 2033 2472 2086 in
2503 2031 2759 2096 Spiritum
2786 2038 3058 2082 sanctum.
3092 2027 3192 2093 Qui
3235 2035 3416 2080 autem
3459 2022 3546 2078 di-

366 2131 388 2164 ς
438 2114 611 2181 ἅγιον.
673 2115 810 2178 Τοὺς
845 2115 903 2169 δέ
955 2118 1236 2185 λέγοντας,
1271 2115 1380 2172 Ἦν
1428 2120 1618 2190 καιρὸς
1658 2120 1746 2173 ὅτε
1774 2121 1872 2173 οὐκ

2048 2145 2066 2177 t
2099 2135 2253 2187 cunt,
2299 2124 2438 2178 Erat
2466 2131 2676 2188 tempus
2707 2119 2920 2188 quando
2950 2132 3054 2170 non
3087 2123 3229 2179 erat,
3289 2123 3345 2169 et
3405 2113 3545 2178 quod

363 2226 384 2257 α
436 2202 527 2277 ἦν,
555 2211 649 2261 καὶ
671 2209 754 2262 ὅτι
786 2210 881 2274 Ἐξ
910 2211 1010 2264 οὐκ
1029 2211 1198 2264 ὄντων
1245 2212 1542 2282 ἑγένετο,ἢ
1586 2213 1644 2278 ἐξ
1675 2214 1868 2280 ἐτέρας

2065 2235 2084 2268 t
2124 2231 2190 2272 ex
2227 2231 2331 2269 non
2361 2212 2753 2269 exsistentibus
2813 2209 2987 2264 factus
3028 2218 3134 2273 est,
3190 2205 3276 2262 vel
3314 2219 3382 2262 ex
3440 2205 3547 2259 alia

365 2317 388 2350 ε
436 2299 810 2365 ὑποστάσεως,
862 2300 895 2371 ἢ
950 2303 1160 2370 οὐσίας,
1202 2304 1233 2375 ἢ
1279 2304 1600 2374 τρεπτὸν,ῆ
1640 2304 1866 2358 ἀλλοιω-

2052 2329 2072 2362 ‹
2111 2307 2414 2364 substantia
2447 2317 2540 2361 aut
2577 2304 2838 2369 essentia,
2866 2301 2952 2358 vel
2999 2301 3281 2358 mutabilis
3330 2311 3414 2359 est
3453 2310 3547 2356 aut

367 2411 388 2442 ι
437 2392 527 2446 τὸν
545 2393 638 2446 τὸν
668 2395 798 2450 Υἱδν
827 2393 920 2449 τοῦ
948 2396 1107 2450 Θεοῦ·
1130 2398 1256 2460 τοὺς
1299 2397 1570 2460 τοιούτους
1587 2398 1837 2467 ἀνάθεμα

2060 2424 2079 2458 ‹
2110 2401 2486 2461 convertibilis
2512 2399 2607 2454 Dei
2631 2398 2833 2453 Filius:
2867 2395 3004 2451 tales
3043 2396 3306 2452 catholica
3335 2405 3392 2452 et
3413 2411 3545 2468 apo-

366 2504 387 2535 ε
437 2486 578 2550 τὶζει
607 2486 926 2558 ήκαθολικὴ
963 2490 1059 2543 καὶ
1085 2491 1416 2564 ἀποστολικὴ
1467 2493 1785 2562 Ἐκκλησία.
1831 2509 1850 2543 ι

1540 2493 1785 2562 νικλησία.
1831 2509 1850 2543 ι
2065 2515 2084 2548 ι
2118 2495 2308 2551 stolica
2338 2491 2581 2549 Ecclesia
2614 2489 3054 2545 anathematizat.
3078 2505 3097 2539 ι

374 2578 510 2631 Ἰδοὺ
542 2579 638 2630 καὶ
667 2579 734 2633 τὰ
766 2579 858 2634 ίσα
892 2580 988 2650 τῆς
1016 2583 1073 2634 ὲν
1101 2581 1309 2654 Νικαίᾳ
1339 2584 1582 2648 συνόδου,
1615 2585 1874 2655 ἀντιόλη-

2044 2591 2183 2644 Ecce
2209 2597 2265 2641 ct
2305 2583 2635 2654 exemplaria
2672 2581 2863 2654 synodi
2891 2581 3124 2638 Numanae
3177 2596 3299 2636 cum
3351 2581 3545 2638 arche-

287 2665 457 2720 θέντα
521 2669 660 2736 μετά
710 2668 820 2721 τῶν
867 2673 1312 2744 ὲναποκειμένων
1363 2675 1744 2747 πρωτοτύπων
1800 2679 1844 2744 τῆ

1986 2681 2115 2754 typis
2182 2681 2300 2734 sive
2337 2677 2742 2745 exemplaribus
2821 2675 3162 2746 primigeniis
3200 2674 3252 2729 in
3304 2674 3543 2730 Ecclesia

294 2759 609 2832 Ἐκκλησία
645 2763 1042 2836 Ἀλεξανδρέων
1095 2769 1189 2819 καὶ
1229 2771 1296 2838 τῇ
1348 2770 1851 2823 Κωνσταντινουπό-

1987 2769 2340 2826 Alexandrina
2377 2768 3056 2839 etConstantinopolitana
3111 2769 3366 2839 repositis
3433 2769 3544 2822 col-

285 2859 454 2916 λεωςο
472 2852 568 2906 καὶ
593 2853 963 2922 βεϐαιωθέντα
989 2859 1143 2929 παρὰ
1176 2858 1284 2913 τῶν
1312 2861 1630 2916 ἐπισκόπων
1664 2863 1842 2916 αὐτῶν

1991 2875 2100 2929 ata,
2135 2875 2192 2920 ct
2215 2867 2283 2920 ab
2338 2880 2525 2920 earum
2584 2865 2891 2932 episcopis,
2950 2863 3149 2935 Cyrillo
3207 2873 3263 2921 et
3338 2863 3545 2928 Attico,

289 2942 385 2996 τοῦ
413 2961 476 2997 τε
515 2945 784 3016 Κυρίλλου
812 2948 906 3003 καὶ
933 2949 1028 3004 τοῦ
1075 2951 1348 3018 Ἀττικοῦ,
1370 2956 1436 3025 τῇ
1467 2954 1670 3025 συνόδῳ
1695 2953 1846 3026 ταῦτ]

1560 2954 1670 3025 ιόδῳ
1695 2953 1868 3026 ταύτῃ
1971 2957 2298 3011 conﬁrmata
2344 2956 2472 3012 huic
2502 2955 2708 3012 svnodo
2739 2954 3117 3011 mittebantur.

285 3035 631 3106 ἐστάλησαν.

285 3150 572 3230 Ἀρχετᾳι
715 3152 1010 3230 ἐπιστολὴ
1071 3156 1180 3230 τῆς
1211 3159 1279 3212 ἐν
1320 3159 1572 3230 Ἀφρικῇ
1597 3161 1842 3218 συνόδοι

1992 3157 2137 3230 Β75
2169 3156 2363 3228 Incipit
2388 3156 2603 3227 epistola
2635 3155 2824 3230 synodj
2846 3156 3116 3225 Africana:
3130 3153 3198 3208 ad
3228 3151 3549 3209 Celestinum

431 3224 583 3288 πρὸς
623 3225 992 3281 Κελεστῖνον
1020 3224 1135 3297 τὸν
1171 3224 1440 3285 πάππαν
1471 3224 1722 3300 Ῥὦμης.
1986 3224 1988 3226 ’

1422 3224 1722 3300 ΓῬῶμης,
1986 3224 2062 3230 ’⁷
2092 3224 2125 3230 ⁷
2289 3224 2298 3228 ⁷
2418 3224 2425 3227 ’
2534 3224 2731 3296 papam
2781 3224 2979 3280 Rumor.

369 3333 389 3366 ι
434 3317 682 3387 Δεσπότῃ
700 3319 968 3390 ἀγαπητῷ
988 3322 1083 3374 καὶ
1108 3323 1425 3392 τιμιωτάτῳ
1460 3324 1676 3394 ἀδελφῷ
1704 3327 1870 3381 Κελε-

2049 3339 2069 3373 ‹
2111 3321 2338 3377 Domino
2387 3320 2582 3376 dilecto
2647 3330 2701 3374 et
2751 3319 2804 3374 in
2851 3319 3040 3389 primis
3101 3315 3395 3373 venerabili
3426 3313 3544 3369 fra-

287 3425 308 3457 r
362 3408 528 3478 στίνῳ
561 3410 855 3480 Αὐρήλιος,
903 3411 1220 3478 Παλατῖνος,
1273 3417 1606 3480 Ἀντωνῖνος.
1642 3417 1844 3483 Τοῦτος

1984 3431 2004 3465 t
2042 3415 2108 3468 tri
2166 3413 2440 3468 Celestino
2505 3413 2798 3477 Aurelius,
2864 3411 3166 3474 Palatinus,
3211 3409 3540 3472 Antoninus,

289 3519 308 3549 ι
361 3500 743 3570 Σερόοὒς-Δέῖ,
804 3505 1091 3573 Τερέντιος
1127 3507 1222 3561 καὶ
1257 3509 1306 3560 ol
1331 3508 1510 3563 λοιποὶ
1530 3511 1578 3564 ol
1609 3511 1668 3564 ἐν
1719 3511 1846 3583 πάσ]

1986 3505 2222 3570 tTutus,
2272 3503 2624 3570 Servus-Dei,
2664 3505 2955 3560 Terentius
3008 3511 3064 3558 et
3118 3503 3324 3566 caeteri,
3372 3501 3543 3570 quiin

289 3607 311 3641 ι
362 3595 430 3661 τῇ
460 3595 666 3665 συνόδῳ
696 3597 796 3666 τῆς
826 3598 1176 3668 Καρχηδόνος
1220 3600 1561 3672 εὑρεθέντες.

1984 3616 1998 3651 l
2033 3597 2330 3655 universali
2387 3597 2807 3667 Carthaginensi
2851 3597 3068 3668 synodo
3099 3594 3487 3650 interfuerunt.
3521 3612 3541 3647 ι

292 3703 311 3733 ς
361 3683 657 3754 Ηύχόμεθα
693 3687 778 3741 ἵνα
802 3687 861 3741 ὃν
886 3689 1087 3756 τρόπον
1111 3691 1142 3754 ἠ
1195 3690 1260 3761 σὴ
1287 3692 1568 3759 ἀγιωσύνη
1599 3693 1725 3764 περὶ
1768 3693 1849 3762 τῆ⁴

1991 3707 1998 3742 l
2039 3691 2388 3761 Optaretnus,
2433 3699 2492 3744 ut
2525 3682 2981 3758 quemadmodum
3026 3699 3116 3744 tua
3172 3689 3434 3744 sanctitas
3483 3687 3548 3742 de

370 3795 389 3827 ι
435 3779 738 3848 παρουσίας
765 3781 859 3834 τοῦ
877 3782 1161 3854 Ἀπιαρίου
1183 3785 1456 3855 χαρέντας
1485 3786 1629 3854 ὑμᾶς
1660 3786 1870 3854 ἐδήλω-

2058 3803 2077 3837 t
2112 3783 2322 3852 Apiarii
2377 3784 2662 3853 praesentia
2715 3783 2927 3838 laetatos
2972 3797 3068 3838 vos
3129 3782 3322 3848 fuisse,
3358 3781 3541 3836 missis

369 3889 388 3921 ι
437 3887 518 3936 σε,
549 3873 894 3942 γραμμάτων
918 3875 1278 3944 πεμφθέντων
1305 3877 1390 3930 διά
1405 3876 1500 3929 τοῦ
1517 3877 1860 3948 συμπρεσόυ-

2047 3896 2068 3930 t
2099 3892 2198 3948 per
2221 3875 2724 3946 compresbyterum
2771 3885 3016 3930 nostrum
3064 3873 3300 3929 Leonem
3348 3872 3547 3929 litteris

369 3981 388 4014 t
436 3964 596 4034 τέρου
615 3967 774 4035 ἡμῶν
795 3967 1045 4032 Λέοντος
1067 3966 1211 4022 οὕτω
1226 3970 1321 4024 καὶ
1336 3971 1499 4041 ἡμεῖς
1515 3970 1723 4039 ὁμοίως
1743 3972 1874 4043 περὶ

2070 3989 2088 4022 t
2131 3968 2473 4024 declaravit:
2535 3968 2611 4021 ita
2661 3975 2716 4022 et
2759 3981 2862 4022 nos
2906 3966 3158 4020 similiter
3187 3966 3255 4019 de
3297 3967 3545 4035 ejusdem

370 4079 389 4110 ι
435 4059 530 4112 τοῦ
584 4059 926 4131 καθαρισμοῦ
975 4061 1068 4114 τοῦ
1091 4061 1257 4116 αὑτοῦ
1311 4063 1381 4117 τά
1417 4064 1663 4136 παρόντα
1683 4066 1873 4136 γράμ-

2059 4080 2078 4113 ‹
2117 4061 2442 4131 purgatione
2472 4068 2771 4126 praesentes
2805 4058 3017 4112 litteras
3038 4071 3160 4112 cum
3195 4059 3391 4127 gaudio
3419 4058 3547 4111 mit-

368 4171 386 4204 ι
440 4169 588 4221 ματα
617 4153 753 4221 μετά
784 4155 961 4223 χαρᾶς
1005 4151 1543 4224 ἀπεστείλαμεν.Ἧν
1569 4155 1678 4224 γὰρ
1712 4155 1875 4227 δηλα-

2064 4170 2086 4207 ι
2121 4163 2378 4209 teramus.
2433 4151 2588 4207 Esset
2633 4150 2878 4222 profecm
2928 4159 2982 4206 et
3039 4160 3224 4205 nostra
3261 4158 3316 4204 et
3367 4158 3545 4206 vestra

369 4263 388 4296 ι
435 4243 503 4314 δὴ
539 4243 691 4314 καὶὴ
730 4245 978 4315 ἡμετέρα
1016 4245 1164 4315 καὶὴ
1188 4248 1434 4317 ὑμετέρα
1457 4248 1738 4316 προθυμία
1771 4248 1873 4302 ἀσ-

2069 4266 2088 4300 t
2132 4247 2392 4302 alacritas
2438 4245 2628 4309 tutior,
2676 4253 2727 4300 et
2759 4258 2862 4298 nec
2896 4242 3302 4312 percontatoria
3337 4242 3545 4297 videre-

371 4355 389 4388 t
437 4336 772 4406 φαλεστέρα,
828 4337 925 4390 καὶ
982 4338 1105 4390 οὐδὲ
1168 4339 1439 4410 πευστικὴ
1470 4340 1642 4393 ἐδόκει
1670 4343 1703 4410 ἡ
1739 4340 1872 4412 περὶ

2071 4359 2090 4392 ι
2135 4347 2244 4405 tur,
2275 4353 2396 4406 quae
2429 4339 2497 4392 de
2552 4351 2696 4391 nunc
2739 4335 3031 4400 audiendo,
3072 4349 3234 4400 quam
3267 4348 3388 4403 quae
3441 4343 3546 4387 lana

371 4447 390 4480 ι
437 4427 533 4481 τοῦ
586 4428 771 4500 ἀκμὴν
827 4429 1120 4482 ἀκουστέου
1172 4429 1317 4500 ἥπερ
1389 4433 1466 4494 ὼς
1517 4433 1647 4500 περὶ
1701 4434 1869 4487 ἀκουο
1904 4481 1928 4501 ,

2067 4451 2085 4485 t
2123 4446 2284 4501 quam
2310 4433 2378 4484 de
2400 4430 2587 4484 audito
2624 4436 3000 4498 praecesserat.
3025 4426 3160 4482 Cum
3195 4441 3324 4496 ergo
3346 4428 3412 4480 ad
3451 4441 3546 4482 nos

371 4541 389 4571 ι
439 4481 1150 4590 σθέντοξπροηγησαμένη.
1180 4481 1672 4592 ΊΠάραγενομένου
1904 4481 1928 4537 Ι

2073 4481 2085 4485 -
2128 4481 2283 4501 .,,---η
2624 4481 2647 4498 τ
3081 4481 3085 4482 ν
3259 4481 3311 4496 νγ
3536 4481 3541 4482 ,

2071 4544 2089 4578 ι
2127 4525 2456 4580 accessisset
2497 4523 2880 4578 sanctissimus
2913 4522 3082 4576 frater
3106 4530 3161 4575 et
3190 4520 3545 4588 coepiscopus

371 4631 391 4665 ι
436 4613 570 4683 πρὸς
594 4613 741 4680 ἡμᾶς
772 4611 864 4665 τοῦ
911 4613 1221 4679 ἀγιωτάτου
1262 4613 1496 4682 ἀδελφοῦ
1524 4615 1622 4669 καὶ
1656 4633 1876 4671 συνεπι-

2072 4636 2092 4670 t
2129 4625 2317 4672 noster
2342 4615 2662 4678 Faustinus,
2691 4613 2961 4683 synodum
2995 4613 3311 4682 coegimus;
3341 4621 3396 4665 et
3428 4626 3543 4667 cre-

373 4723 392 4756 t
442 4705 651 4758 σκόπου
697 4705 856 4774 ἡμῶν
908 4705 1234 4768 Φαυστίνου,
1294 4704 1609 4776 συνήξαμεν
1657 4708 1875 4763 σύνοδον

2077 4729 2095 4763 ι
2129 4711 2368 4767 didimus
2401 4711 2576 4779 ipsum
2606 4718 2898 4777 propterea
2942 4722 3064 4760 cum
3123 4706 3214 4760 illo
3246 4721 3372 4761 esse
3419 4705 3547 4760 mis-

373 4815 392 4848 t
442 4796 538 4849 καὶ
559 4795 962 4866 ἐπιστεύσαμεν
989 4795 1080 4849 διὰ
1110 4796 1267 4851 τοῦτο
1297 4799 1461 4852 αὑτὸν
1498 4799 1618 4867 μετ’
1663 4800 1872 4855 ἐκείνου

2063 4821 2082 4854 ι
2121 4818 2264 4866 sum,
2292 4811 2350 4855 ut
2370 4800 2824 4870 quemadmodum
2856 4799 3027 4867 ipsius
3052 4790 3236 4852 studio
3268 4797 3533 4868 presbyte-

381 4906 399 4938 ι
447 4888 790 4958 πεμφθέντα,
805 4888 892 4942 ἴνα
915 4888 1103 4960 ὥσπερ
1120 4883 1274 4952 οὗτος
1290 4893 1355 4960 τῇ
1387 4891 1550 4944 αὐτοῦ
1577 4892 1778 4964 σπουδῇ
1797 4893 1874 4965 τῷ

2071 4911 2092 4945 ι
2133 4893 2214 4948 rio
2255 4901 2417 4947 antea
2464 4898 2583 4946 erat
2618 4890 2883 4953 redditus,
2917 4889 2997 4943 sic
3039 4897 3094 4943 et
3126 4902 3269 4943 nunc
3302 4886 3547 4953 ejusdem

376 4999 395 5031 t
441 4979 824 5052 πρεσϐυτερίῳ
859 4980 1118 5050 ἀπεδόθη,
1144 4980 1400 5034 οὕτωκαὶ
1435 4981 1530 5034 νῦν
1559 4983 1761 5055 δυνηθῇ
1794 4985 1873 5054 τῷ

2057 5005 2074 5036 ι
2106 4999 2268 5054 opera
2295 4991 2477 5053 posset
2504 4999 2532 5037 a
2565 4990 2645 5036 tot
2668 4981 2991 5036 criminibus
3037 4980 3112 5035 illi
3158 4981 3210 5034 in
3235 4978 3546 5036 Thabrace-

377 5091 396 5122 ι
451 5070 618 5124 αὐτοῦ
643 5070 796 5140 κόπῳ
813 5071 876 5122 ὲκ
887 5070 996 5123 τῶν
1013 5070 1123 5123 ἀπὸ
1138 5070 1248 5125 τῶν
1265 5072 1322 5124 ἐν
1343 5071 1724 5144 Θαϐρακηναῖς
1745 5074 1876 5128 ὑπο-

2068 5095 2087 5129 t
2124 5078 2214 5132 nis
2243 5075 2474 5144 objectis
2509 5074 2730 5144 purgari
2765 5092 2779 5130 :
2816 5074 2976 5146 cujus
3007 5082 3084 5128 tot
3131 5083 3187 5128 et
3223 5082 3330 5128 tam
3357 5089 3545 5144 magna

376 5185 392 5216 ι
440 5162 749 5232 ϐληθέντων
774 5161 1046 5215 τοσούτων
1096 5161 1462 5232 ἐγκλημάτων
1494 5164 1871 5234 καταρθῆναιο

2073 5187 2092 5222 ‹
2125 5169 2335 5224 scelera
2381 5177 2585 5222 nostra:
2628 5165 2815 5235 synodi
2872 5164 3164 5219 multitudo
3197 5178 3544 5234 percurrens,

380 5275 398 5308 t
447 5247 658 5318 οὗτινος
687 5254 756 5308 τὰ
785 5253 1026 5307 τοσαῦτα
1075 5255 1173 5309 καὶ
1199 5252 1342 5308 οὕτω
1384 5256 1716 5326 παμμεγέθη
1749 5259 1874 5312 ἀτο-

2055 5279 2073 5312 ‹
2109 5259 2360 5324 invenit,
2415 5265 2475 5312 ut
2540 5265 2596 5312 et
2654 5258 2940 5312 memorati
2996 5258 3402 5327 patrocinium,
3453 5272 3547 5327 po-

375 5369 393 5400 t
440 5350 670 5418 πήματα
700 5346 732 5416 ἡ
762 5344 973 5415 πληθὺς
1010 5346 1438 5416 καταδραμοῦσα
1468 5350 1569 5420 τῆς
1601 5351 1876 5420 ἡμετέρας

2057 5368 2076 5401 t
2113 5349 2219 5404 tius
2264 5363 2428 5419 quam
2456 5346 2721 5414 judicium
2755 5384 2771 5409 ,
2827 5354 2883 5402 et
2942 5357 3196 5415 tanquam
3247 5348 3547 5412 defensoris

378 5459 397 5492 ε
447 5440 666 5492 συνόδου
720 5430 884 5509 εὗρεν
909 5440 992 5492 ὅτι
1033 5440 1128 5493 καὶ
1158 5438 1251 5493 τοῦ
1286 5440 1749 5511 μνημονευθέντος
1777 5443 1875 5514 τὴν

2052 5459 2070 5492 ε
2108 5439 2371 5502 studium,
2410 5438 2590 5507 potius
2641 5452 2803 5506 quam
2840 5439 3138 5508 cognitoris
3168 5439 3434 5503 justitiam
3467 5442 3547 5496 vi-

380 5551 398 5584 t
447 5530 767 5602 πατρωνίαν
824 5531 1026 5600 μᾶλλον
1076 5532 1220 5602 ἥπερ
1272 5535 1477 5603 κρίσιν,
1535 5533 1629 5585 καὶ
1671 5534 1769 5604 τὴν
1799 5535 1876 5599 ὡς

2058 5550 2077 5584 ι
2114 5530 2270 5586 cerit.
2323 5529 2566 5584 Primum
2595 5529 2742 5584 enim
2772 5533 2867 5584 toti
2892 5531 3080 5600 synodi
3132 5530 3288 5586 valde
3327 5533 3545 5597 restitit,

377 5641 396 5674 t
444 5621 660 5675 έκδίκου
723 5622 964 5693 σπουδὴν
1019 5621 1221 5692 μᾶλλον
1252 5622 1398 5692 ἥπερ
1430 5622 1764 5691 διαγνὼστου
1797 5625 1877 5678 δι-

2057 5623 2294 5686 ιτετίοθ
2345 5622 2706 5677 contumelias
2767 5621 3076 5691 ingerens,
3139 5631 3391 5689 tanquam
3452 5623 3543 5692 qui

376 5733 396 5766 t
440 5711 741 5783 καιοσύνην
773 5713 1192 5782 ὑπερενίκησεν.
1220 5713 1442 5783 Πρῶτον
1463 5713 1562 5784 μὲν
1590 5715 1698 5788 γάρ
1713 5718 1872 5771 ἀντέ.

2053 5736 2072 5769 ‹
2120 5715 2378 5770 Romanae
2462 5713 2719 5771 Ecclesiae
2783 5715 3064 5785 privilegia
3123 5714 3461 5781 defenderet,
3490 5725 3543 5772 et

373 5827 392 5859 t
441 5823 542 5879 στη
572 5805 820 5879 μεγάλως
853 5807 1002 5878 πάσῃ
1030 5807 1098 5876 τῇ
1129 5805 1657 5879 συνόδῳ,διαφόρους
1689 5809 1874 5882 ὕϐρεις

2062 5831 2080 5864 t
2115 5810 2274 5869 vellet
2295 5810 2470 5881 ipsum
2493 5823 2522 5866 a
2550 5808 2706 5866 nobis
2726 5808 2780 5863 in
2811 5809 3249 5866 communionem
3277 5810 3490 5867 admitti
3519 5826 3535 5879 ;
