3944 6396
455 346 560 410 ιιι
1070 390 1097 433 ._
1756 344 2021 406 THEOD.

2201 343 2306 402 .SA
2317 342 2474 403 ΜοΝ
3598 346 3694 413 444

514 466 552 513 ἰ
586 476 749 531 quem
789 468 875 514 tua
936 458 1222 524 sanctitas,
1249 473 1375 515 cum
1405 457 1733 515 credidisset
1761 458 2021 529 appellari

2221 476 2240 509 ι
2285 455 2584 526 ἐπιφέρων,
2615 454 2819 510 ὡσανεὶ
2842 455 2910 509 τὰ
2937 455 3252 527 πριῦιλέγια
3275 459 3373 530 τῆς
3404 459 3693 535 Ῥωμαῖκῆς

532 574 550 605 ι
584 553 725 622 quod
753 552 975 624 quidem
1011 551 1249 622 probare
1297 566 1406 606 non
1434 550 1631 621 potuit,
1661 551 2031 606 communioni

525 665 545 698 ‹
597 646 882 702 restituit:
934 644 1039 700 hoc
1093 654 1271 699 tamen
1315 645 1364 699 el
1410 658 1518 698 non
1569 644 1854 714 processit,
1886 645 2030 713 quod

528 760 545 791 ι
579 739 761 793 adhuc
788 754 852 794 ex
880 748 1125 792 actorum
1174 736 1404 792 lectione
1440 736 1638 792 melius
1690 733 2030 808 cognoveris.

526 850 545 881 ι
584 830 862 885 Triduano
887 830 1032 884 enim
1066 838 1211 884 moto
1261 829 1789 899 laboriosojudicio,
1834 827 1888 881 in
1922 842 2032 896 quo

531 944 549 974 ε
595 922 836 987 diversa,
893 936 1017 991 quae
1069 921 1118 975 ei
1190 920 1631 988 objicielaantur,
1691 919 2029 974 aﬂlictissimi

528 1033 544 1064 ι
584 1012 987 1081 quaerebamus,
1022 1012 1164 1064 Deus
1190 1011 1376 1079 justus
1415 1010 1602 1077 index,
1631 1011 1786 1066 fortis
1812 1020 1867 1065 et
1900 1013 2029 1066 lon-

529 1122 549 1153 ι
588 1103 844 1174 ganimis,
892 1112 948 1156 et
979 1101 1288 1170 coepisc0pi
1323 1102 1499 1157 nostri
1532 1101 1779 1157 Faustini
1814 1103 2030 1156 dilatio—

534 1213 550 1244 ι
595 1207 713 1256 nes,
744 1202 798 1246 et
830 1191 1004 1260 ipsius
1064 1192 1270 1259 Apiarii
1326 1190 1679 1248 frustatorias
1706 1193 1761 1247 in
1793 1193 2028 1247 dicendo

533 1305 551 1335 ι
588 1285 1094 1353 tergiversationes,
1146 1287 1348 1354 quibus
1381 1285 1625 1340 nefarias
1680 1299 1809 1341 suas
1865 1284 2029 1353 turpi-

527 1396 546 1427 ι
587 1378 801 1433 tudines
848 1377 1029 1433 velare
1083 1379 1409 1443 conabatur;
1451 1391 1649 1447 magno
1703 1376 2027 1443 compendio

530 1490 545 1515 ν
582 1470 917 1537 amputavit;
961 1470 1190 1524 molesta
1233 1466 1440 1524 scilith
1490 1479 1543 1525 et
1577 1469 1735 1539 longe
1791 1468 2029 1523 faetidis-

527 1578 545 1611 ι
586 1558 720 1614 sima
762 1558 1137 1615 obStiuatione
1192 1574 1504 1628 compressa
1531 1600 1547 1625 ,
1609 1561 2027 1631 negationlsque

526 1669 546 1702 ι
583 1651 941 1719 impudentia,
985 1665 1081 1721 per
1103 1666 1265 1719 quam
1303 1661 1512 1705 tantum
1543 1652 1879 1722 voluptatum
1908 1667 2025 1707 cae-

528 1759 547 1793 ι
589 1757 714 1795 num
746 1742 979 1797 obruere
1029 1742 1266 1796 volebat.
1301 1741 1436 1797 Cum
1472 1743 1618 1797 enim
1670 1744 1812 1798 Deus
1841 1752 2027 1799 noster

526 1850 545 1885 ι
580 1834 697 1904 ejus
731 1834 1119 1890 conscientiam
1172 1834 1227 1888 in
1263 1836 1545 1903 angustias
1585 1836 1922 1896 deduxisset.
1972 1843 2027 1889 et

526 1946 544 1979 ι
580 1944 702 1997 qum
734 1928 949 1983 occulta
1000 1937 1158 1982 erant
1195 1927 1249 1981 in
1281 1929 1448 1983 corde
1488 1938 1732 1998 peccata,
1768 1940 2025 1998 tanquam

520 2036 541 2069 ι
580 2022 634 2073 ἰη
662 2019 953 2075 criminum
991 2034 1150 2075 cmno
1203 2020 1314 2089 jam
1347 2022 1734 2087 condemnata,
1772 2022 2027 2080 omnibus

516 2129 534 2162 ι
573 2112 736 2166 etiam
775 2112 1092 2167 hominibus
1121 2112 1482 2181 publicasset,
1533 2122 1763 2183 repente
1796 2113 1863 2168 ad
1897 2129 2028 2169 con-

524 2221 545 2256 ι
587 2203 880 2258 fessionem
934 2205 1178 2259 omnium
1225 2203 1329 2258 sibi
1365 2203 1698 2273 objectorum
1734 2204 2022 2259 criminum

521 2312 541 2346 ι
582 2294 952 2349 fraudulentus
1005 2292 1279 2350 inficiator
1336 2295 1558 2363 erupit,
1589 2304 1643 2350 ct
1679 2296 1768 2348 vix
1807 2297 2025 2349 tandem

525 2405 542 2437 ι
584 2385 825 2439 omnium
857 2384 1257 2440 incredibilium
1290 2386 1611 2454 probrorum
1642 2385 1762 2455 ipse
1782 2387 2024 2455 seipsum

523 2495 541 2527 ι
577 2492 673 2530 sua
707 2485 902 2546 sponte
932 2475 1113 2546 arguit
1140 2491 1155 2541 ;
1190 2488 1243 2530 et
1280 2474 1452 2545 ipsam
1473 2475 1723 2529 similiter
1751 2491 1900 2544 spem
1927 2490 2026 2529 no-

518 2587 538 2619 ι
576 2583 769 2634 stram,
793 2570 878 2623 cui
896 2569 1070 2639 ipsum
1097 2569 1545 2623 comntiseramus
1563 2569 1945 2632 etorabamus,
1965 2578 2025 2623 ut

521 2679 541 2713 ι
583 2676 612 2715 a
639 2671 746 2715 tam
775 2660 1039 2729 pudendis
1064 2659 1292 2714 maculis
1315 2668 1498 2728 posset
1519 2659 1759 2728 purgari,
1794 2673 2025 2713 conver-

520 2775 539 2806 ι
585 2755 645 2808 ιίι
675 2752 729 2809 in
756 2755 936 2809 luctus
967 2771 980 2807 :
1014 2754 1116 2808 nisi
1144 2756 1285 2823 quod
1315 2754 1456 2808 hanc
1482 2764 1721 2808 nostram
1746 2754 2022 2808 tristitiam

521 2867 541 2899 ι
583 2861 692 2901 uno
722 2860 895 2916 eoque
952 2846 1070 2900 solo
1116 2845 1313 2900 solatio
1359 2846 1644 2915 mitigavit,
1682 2846 1825 2914 quod
1854 2844 2023 2900 etiam

526 2960 545 2993 ι
586 2957 686 2996 nos
752 2956 781 2993 a
862 2940 1117 2995 nrmroris
1175 2949 1437 3009 perpetuo
1484 2942 1678 2996 labore
1735 2940 2017 3005 liberavit},

520 3052 538 3082 ι
578 3043 633 3086 et
691 3031 807 3087 suis
856 3032 1198 3097 vulneribus,
1235 3032 1450 3087 etiamsi
1484 3032 1685 3088 invitus
1717 3043 1772 3088 et
1806 3034 2022 3101 propria

524 3140 544 3173 ι
578 3130 921 3190 repugnante
979 3120 1321 3174 conscientia
1378 3122 1691 3187 confessus,
1750 3124 2092 3221 medelamc

523 3231 543 3264 ι
580 3215 1020 3282 qualemcunque
1053 3213 1310 3282 providit,
1351 3214 1568 3268 domine
1599 3214 1790 3270 frater.
1821 3213 1876 3269 In
1908 3215 2019 3285 pri-

519 3323 538 3356 ι
577 3306 678 3359 mis
711 3319 838 3375 ergo
892 3303 1071 3358 oiIicio
1125 3303 1321 3360 debita;
1371 3305 1743 3360 venerationis
1774 3307 2016 3375 impleto,

513 3415 532 3449 ι
574 3395 846 3465 supplices
882 3396 1140 3464 petimus,
1166 3411 1233 3450 ne
1262 3396 1520 3463 deinceps
1543 3396 1608 3450 ad
1629 3405 1841 3453 vestras
1858 3413 2020 3454 aures

521 3507 538 3539 ι
577 3501 693 3551 eos,
721 3488 811 3556 qui
868 3487 997 3542 hinc
1025 3485 1286 3552 veniunt,
1327 3485 1489 3540 facile
1518 3488 1822 3544 admittatis
1864 3506 1879 3543 :
1915 3502 2018 3545 nec

520 3596 539 3626 ι
581 3566 672 3647 qui
726 3591 755 3630 a
815 3576 975 3632 nobis
1036 3577 1491 3630 excommunicati
1528 3577 1749 3643 fuerint,
1787 3578 1839 3632 in
1868 3594 2017 3634 eom-

523 3686 543 3721 ι
588 3668 899 3723 nmnionem
959 3666 1141 3722 velitis
1200 3668 1343 3722 ultra
1403 3668 1668 3738 recipere.
1730 3668 1863 3724 Nam
1911 3671 2017 3726 hoc

521 3778 540 3814 ι
578 3775 792 3830 quoque
840 3760 893 3815 in
950 3758 1167 3814 Nicazna
1239 3762 1447 3830 synodo
1497 3761 1776 3816 deﬁnitum
1828 3772 2013 3817 vestra

519 3871 537 3898 ι
576 3851 733 3907 facile
784 3852 1026 3906 inveniet
1085 3852 1391 3907 beatitudo.
1447 3851 1503 3908 Si
1562 3853 1707 3908 enim
1758 3855 1919 3909 etiam
1949 3855 2017 3910 de

510 3956 541 3995 ἰ
584 3942 936 3998 inferioribus
967 3943 1184 3998 clericis
1217 3952 1274 3998 et
1297 3944 1450 3999 laicis
1474 3944 1585 3999 illic
1614 3948 1827 3999 servari
1858 3946 2014 4002 vide-

521 4055 539 4086 ι
574 4046 697 4100 tur;
747 4034 851 4088 hoc
878 4033 993 4086 vult
1025 4033 1196 4088 multo
1247 4033 1424 4102 magis
1450 4034 1613 4086 etiam
1641 4034 1709 4088 de
1744 4034 2016 4104 episcopis

517 4144 536 4177 ι
580 4125 806 4180 servari.
841 4124 1009 4194 676
1034 4121 1110 4179 Ne
1141 4138 1290 4192 ergo,
1328 4123 1421 4193 qui
1452 4124 1507 4176 in
1539 4124 1760 4193 propria
1789 4127 2013 4193 provin-

521 4237 539 4268 ί
574 4220 657 4271 cia
690 4232 719 4270 a
750 4217 1134 4271 communione
1175 4215 1426 4284 suspensi
1463 4223 1609 4277 sunt,
1638 4229 1668 4269 a
1695 4224 1787 4270 tua
1810 4217 2018 4271 sancti-

520 4328 539 4360 ι
577 4318 705 4373 tate,
741 4308 919 4362 dedita
947 4314 1136 4376 opera,
1186 4316 1242 4360 et
1274 4318 1332 4360 ut
1366 4320 1470 4360 non
1504 4316 1740 4375 oportet,
1769 4322 2013 4362 commu-

519 4422 540 4453 ι
578 4401 726 4455 nloni
761 4400 998 4455 restituti
1057 4397 1377 4453 videantur.
1428 4396 1880 4468 Presbyterorum
1911 4413 2013 4451 au-

2213 567 2231 599 ι
2294 548 2622 617 Ἐκκλησίας
2669 548 2976 611 διεκδικῶν,
3037 548 3130 601 κοιλ⁸
3165 549 3332 603 θέλων
3381 552 3536 607 αὑτὸν
3568 558 3690 628 παρ’

2214 658 2231 690 ι
2275 640 2434 709 ἡμῶν
2453 629 2532 701 ei:
2556 640 2842 693 κοινωνίαν
2871 637 3149 709 δεχθῆναι,
3180 639 3292 712 ὃνή
3322 642 3389 712 σὴ
3424 644 3687 720 ἁγιωσύνη

2212 747 2230 781 ι
2279 729 2617 783 πιστεύσασα
2678 729 3056 794 ἐκκαλεῖσθαι,
3116 730 3256 802 ὅπερ
3306 733 3689 801 ἀποδείξαιούκ

2210 839 2230 872 ι
2282 822 2541 893 ἠδυνήθη,
2567 825 2631 893 τῇ
2667 823 2925 893 κοινωνίᾳ
2967 824 3310 878 ἀποδέδωκεν
3332 836 3349 855 ⁵
3374 828 3516 896 ὅμως
3546 824 3692 902 ἦττον

2211 933 2228 965 ι
2287 914 2438 983 αὺτῷ
2466 914 2625 968 τοῦτο
2654 914 2951 982 ἐξεγένετο,
2975 916 3111 987 ὅπερ
3142 917 3225 969 ἔτι
3254 919 3361 990 μὴν
3383 923 3448 991 τῇ
3467 921 3692 989 ἀναγνῶ.

2209 1023 2228 1056 ι
2277 1023 2360 1058 σει
2394 1022 2503 1058 των
2534 1007 2942 1076 πεπραγμένων
2965 1009 3290 1078 κρειττόνως
3317 1012 3517 1081 γνοίης.
3536 1014 3691 1087 Τριη-

2206 1115 2226 1148 ι
2276 1097 2443 1170 μέρου
2510 1100 2699 1169 μέντοι
2731 1100 2888 1169 δίκης
2933 1101 3026 1153 ἐπὶ
3083 1100 3287 1171 μόχθου
3374 1102 3689 1176 κινηθείσης,

2206 1209 2225 1241 ι
2269 1191 2328 1243 ὲν
2357 1193 2466 1261 ὅσῳ
2494 1194 2562 1245 τὰ
2588 1192 2822 1261 διάφορα
2874 1192 2954 1262 τῷ
2976 1192 3126 1260 αὐτῷ
3150 1192 3529 1262 ὑποϐληθέντα
3575 1212 3690 1248 συν-

2207 1300 2226 1332 ι
2273 1281 2589 1352 τριϐόμενοι
2622 1282 2945 1352 ἐζητοῦμεν,
2982 1286 3010 1337 ὁ
3042 1282 3178 1346 Θεὸς
3204 1284 3232 1335 ὁ
3264 1284 3470 1347 δίκαιος
3496 1285 3689 1357 κριτὴς,

2205 1391 2226 1425 ι
2268 1374 2295 1425 ὀ
2329 1375 2549 1444 ἰσχυρὸς
2580 1377 2674 1429 καὶ
2731 1376 3107 1445 μακρόθυμος,
3164 1376 3265 1438 τάς
3319 1393 3379 1429 τε
3429 1378 3690 1448 παρολκάς

2207 1483 2227 1517 ι
2266 1464 2362 1519 τοῦ
2407 1468 2809 1522 συνεπισκόπου
2867 1469 3027 1539 ἡμῶν
3091 1468 3414 1532 Φαυστίνου,
3477 1470 3692 1534 καὶτὰς

2204 1575 2224 1607 ι
2266 1556 2424 1627 τριψε
2440 1559 2599 1628 ργίας
2622 1558 2716 1611 τοῦ
2749 1558 2913 1613 αὐτοῦ
2960 1559 3268 1630 Ἀπιαρίου,
3317 1557 3411 1623 αἶς
3452 1562 3553 1621 τὰς
3576 1562 3690 1616 ἀθε-

2204 1665 2223 1698 ι
2273 1648 2460 1715 μίτους
2479 1648 2650 1701 αὑτοῦ
2675 1650 3050 1720 αίσχρότητας
3090 1651 3441 1721 συγκαλύψαι
3478 1653 3689 1723 ἐπηρεί-

2202 1757 2221 1791 ι
2269 1738 2412 1803 δετο,
2472 1742 2687 1813 μεγάλῃ
2733 1743 3000 1813 συντομία
3039 1742 3224 1812 ἔτεμε,
3282 1745 3382 1811 τῆς
3418 1746 3691 1816 σικχαντῆς

2204 1849 2223 1881 ι
2271 1831 2474 1901 δηλαδὴ
2506 1835 2602 1886 καὶ
2653 1833 3069 1902 δυσωδεστέρας
3111 1834 3383 1906 ἐπιμονῆς
3434 1852 3693 1906 καταργηο

2207 1941 2227 1974 ι
2276 1923 2480 1993 θείσης,
2534 1925 2630 1977 καὶ
2685 1926 2785 1995 τῆς
2850 1927 3241 1996 ἀναισχυντίας
3271 1928 3373 1996 τῆς
3405 1930 3689 1999 ἀρνήσεως,

2213 2034 2230 2065 ι
2277 2016 2346 2069 δι’
2397 2012 2468 2088 ἧς
2522 2017 2633 2071 τῶν
2710 2016 2987 2071 τοσούτων
3054 2019 3261 2089 ἡδονῶν
3316 2020 3408 2073 τὸν
3452 2021 3693 2093 βόρϐορον

2205 2124 2223 2157 ι
2272 2107 2524 2162 ἐδούλετο
2553 2108 2948 2168 καταὸυθίσαι.
2982 2108 3089 2162 Τοῦ
3124 2109 3229 2182 γὰρ
3264 2110 3403 2165 Θεοῦ
3432 2111 3582 2182 ήμῶν
3604 2112 3691 2183 τὴν

2204 2218 2222 2251 ι
2272 2201 2577 2271 συνείδησιν
2632 2201 2799 2255 αὐτοῦ
2848 2203 3388 2272 στενοχωρήσαντος,
3437 2207 3526 2257 καὶ
3556 2204 3620 2259 τὰ
3640 2207 3691 2258 ὲν

2202 2309 2221 2342 ι
2268 2295 2332 2363 τῇ
2363 2294 2561 2364 καρδίᾳ
2590 2294 2831 2364 κρυπτὰ,
2876 2293 2953 2358 ὼς
2983 2296 3040 2347 ἑν
3082 2294 3189 2347 ίλύῖ
3212 2295 3327 2349 τῶν
3349 2297 3689 2368 ἐγκλημάτων

2205 2403 2223 2434 ι
2267 2385 2368 2455 ἤδη
2404 2385 2933 2455 καταδεδικασμένα,
2992 2387 3160 2439 πᾶσιν
3199 2386 3286 2440 ἔτι.
3352 2387 3457 2457 μὲν
3487 2390 3590 2451 τοῖς
3611 2389 3693 2441 ἀνα

2203 2496 2223 2528 ι
2273 2477 2512 2546 θρώποις
2533 2477 3016 2548 δημοσιεύσαντος,
3047 2478 3340 2547 αἰφνιδίως
3389 2482 3469 2543 είς
3513 2481 3689 2549 ὁμολο-

2206 2587 2224 2619 ι
2268 2568 2396 2635 γίαν
2429 2569 2648 2623 πάντων
2685 2569 3107 2639 ὑποδληθέντων
3151 2570 3308 2641 αὐτῷ
3348 2572 3692 2641 ἐγκλημάτων

2202 2676 2221 2709 ι
2274 2661 2302 2711 ὁ
2322 2658 2493 2722 δόλιος
2524 2659 2758 2729 ἀρνητδς
2790 2660 3075 2733 ἐξέρρηξε,
3097 2664 3191 2716 καὶ
3224 2665 3387 2733 μόλις
3411 2666 3536 2719 ποτε
3576 2665 3692 2734 περὶ

2203 2769 2222 2801 ι
2272 2752 2492 2806 πάντων
2539 2753 2650 2806 τῶν
2696 2753 2978 2808 ἀπιθάνων
3023 2755 3246 2809 ὀνειδῶν
3329 2759 3514 2813 ἑκοντὶ
3545 2759 3691 2821 αὐτὸς

2202 2862 2220 2893 ι
2263 2843 2457 2897 ἑαυτὸν
2488 2845 2737 2915 ἤλεγξεν,
2763 2850 2854 2898 καὶ
2873 2847 3043 2917 αὐτὴν
3071 2849 3281 2918 ὁμοίως
3311 2850 3409 2921 τὴν
3438 2852 3692 2923 ἡμετέραν

2200 2949 2221 2982 ι
2268 2932 2481 2999 ἐλπίδα,
2531 2929 2676 3009 ᾗτινι
2729 2936 2823 2989 καὶ
2903 2936 3322 3008 ἑπιστεύσαμεν
3369 2941 3546 3007 αὐτὸν,
3604 2942 3687 2996 καὶ

2203 3043 2222 3076 ι
2269 3026 2553 3096 ηὐχόμεθα
2577 3028 2642 3081 ἐκ
2666 3028 2776 3081 τῶν
2837 3028 3012 3093 οὓτως
3048 3031 3461 3102 ὲπαισχυντέων
3499 3034 3685 3088 σπίλων

2203 3133 2224 3167 ι
2270 3116 2533 3173 δύνασθαι
2564 3118 2933 3189 καθαρθῆναι,
2972 3122 3345 3193 μετέστρεψεν
3377 3128 3456 3189 είς
3485 3142 3688 3194 στεναγ-

2202 3226 2221 3260 ι
2273 3207 2406 3278 μούς
2428 3222 2444 3239 ’
2469 3210 2518 3262 εί
2551 3210 2625 3278 μὴ
2643 3211 2726 3263 ὅτι
2742 3210 2948 3280 ταύτην
2982 3212 3141 3281 ἡμῶν
3167 3213 3270 3285 τὴν
3298 3215 3474 3289 λύπην
3497 3219 3588 3290 μιᾷ
3603 3219 3680 3271 καὶ

2201 3316 2221 3350 ι
2265 3298 2397 3371 μόνῃ
2417 3300 2746 3372 παραμυθίᾳ
2770 3305 3173 3373 κατεπράϋνεν,
3194 3306 3281 3359 ὅτι
3316 3313 3410 3361 καὶ
3434 3311 3573 3379 ἡμᾶς
3602 3308 3685 3363 τοῦ

2202 3409 2220 3441 ι
2269 3390 2507 3462 ὀδυρμοῦ
2524 3392 2619 3445 τοῦ
2651 3392 2935 3462 διηνεκοῦς
2962 3394 3211 3464 καμάτου
3280 3399 3566 3467 εὐλύτωσε,
3601 3402 3686 3454 καὶ

2202 3500 2222 3534 ι
2267 3486 2379 3546 τοῖς
2436 3484 2588 3547 ἰδίοις
2624 3484 2940 3554 τραύμασιν
2985 3485 3290 3555 ὁτεδήποτε
3326 3491 3497 3558 ίασεν,
3528 3492 3574 3544 εί
3599 3492 3684 3546 καὶ

2201 3594 2220 3627 ι
2267 3575 2539 3639 ἀκουσίως
2555 3577 2762 3640 καὶτῆς
2786 3577 2924 3641 ίδίας
2949 3579 3313 3649 συνειδήσεως
3336 3584 3685 3654 ἁντιμαχομέ-

2201 3687 2219 3719 ι
2269 3684 2366 3737 νης
2392 3666 2733 3737 ὁμολογήσας
2769 3671 3161 3740 προενοήσατο,
3193 3673 3353 3745 κύριε
3385 3677 3590 3744 ἀδελφέ.
3608 3676 3685 3729 Ἐν

2200 3778 2220 3809 ε
2278 3760 2540 3829 προφάτῳ
2558 3761 2738 3814 τοίνυν
2760 3761 2853 3816 τοῦ
2877 3763 3211 3833 καθήκοντος
3228 3767 3330 3835 τῆς
3357 3768 3685 3838 ὀφειλομένης

2201 3869 2233 3901 «ο
2264 3851 2686 3921 προσκυνήσεως
2730 3852 3202 3923 ὲκπληρουμένου,
3242 3858 3573 3930 ίκετεύομεν,
3610 3859 3685 3912 ἵνα

2201 3961 2220 3993 ι
2266 3942 2359 3996 τοῦ
2380 3943 2569 3997 λοιποῦ
2594 3943 2845 4013 πρδςτὰς
2877 3946 3150 4018 ὑμετέρας
3165 3950 3339 4015 ἀκοὰς
3368 3952 3489 4016 τοὺς
3517 3954 3687 4006 ἐντεῦ-

2204 4055 2222 4091 ι
2265 4037 2359 4091 θεν
2393 4039 2866 4106 παραγινομένους
2919 4038 3159 4110 εὐχερῶς
3207 4045 3286 4113 μὴ
3313 4046 3683 4116 προσδέχησθε·

2198 4147 2219 4179 ι
2263 4127 2397 4197 μηδὲ
2421 4129 2551 4190 τοὺς
2579 4128 2709 4198 παρ’
2737 4129 2898 4198 ἡμῶν
2919 4131 3442 4203 ἀποκοινωνητέους,
3470 4139 3548 4201 είς
3584 4154 3684 4190 x0:-

2201 4240 2220 4273 ι
2270 4220 2472 4274 νωνίαν
2500 4220 2595 4274 τοῦ
2623 4221 2810 4274 λοιποῦ
2846 4222 3113 4294 θελήσητε
3166 4225 3443 4292 δέξασθαι.
3485 4229 3682 4299 Ἐπειδὴ

2196 4331 2216 4362 ι
2256 4311 2415 4364 τοῦτο
2441 4312 2538 4365 καὶ
2561 4314 2626 4383 τῇ
2659 4315 2717 4366 ὲν
2747 4313 2956 4384 Νικαίᾳ
2987 4314 3190 4386 συνόδῳ
3216 4318 3436 4388 ὁρισθὲν
3463 4319 3683 4391 εὐχερῶς

2196 4422 2216 4454 ι
2257 4403 2452 4474 εὖροιή
2482 4404 2548 4475 σὴ
2570 4404 2954 4476 σεϐασμιότης.
2982 4406 3042 4458 El
3060 4406 3168 4476 γὰρ
3196 4413 3296 4464 καὶ
3321 4412 3447 4482 περὶ
3465 4410 3683 4464 κατωτέ.

521 4516 539 4546 σ
574 4504 680 4548 tem
731 4490 983 4547 similiter
1042 4499 1099 4544 et
1153 4489 1604 4566 consequentium
1684 4487 2009 4543 clericorum

2201 4513 2217 4544 ι
2268 4510 2379 4562 ρων
2403 4494 2686 4562 κληρικῶν
2727 4493 2823 4547 καὶ
2879 4497 3007 4563 περὶ
3065 4494 3272 4552 λα’ίκῶν
3311 4499 3554 4566 φαίνεται
3581 4498 3684 4551 ἐκεῖ

514 4586 922 4656 «impudentes
975 4583 1153 4651 fugas,
1215 4593 1275 4635 ut
1336 4579 1637 4651 tedignum
1692 4589 1798 4646 est,
1831 4595 2015 4650 perse-

518 4699 536 4730 ι
582 4690 781 4748 quetur
841 4685 933 4731 tua
989 4675 1275 4730 sanctitas.
1324 4670 1462 4727 Nam
1510 4687 1685 4741 neque
1715 4687 1810 4741 per
1845 4671 2011 4725 ullum

522 4789 541 4821 ι
586 4770 807 4824 Patrum
861 4768 1139 4822 decretum
1192 4765 1296 4818 hoc
1351 4763 1617 4818 Africana:
1646 4763 1901 4819 Ecclesia:
1930 4772 2014 4818 est

521 4880 542 4913 ι
584 4861 910 4926 prohibitum
946 4876 963 4913 :
1009 4869 1063 4914 et
1118 4857 1352 4911 Nicena:
1405 4857 1596 4927 synodi
1630 4865 1859 4922 statuta,
1892 4855 2013 4910 sive

525 4973 543 5004 ι
578 4953 807 5007 clericos
836 4949 1111 5004 inferioris
1140 4950 1360 5019 gradus,
1391 4948 1505 5002 sive
1533 4947 1684 5017 ipsos
1708 4949 2011 5019 episcopos,

524 5063 543 5094 ι
588 5045 824 5113 propriis
852 5041 1284 5112 Metropolitanis
1342 5041 1687 5110 apertissime
1717 5041 2012 5096 commise-

521 5157 541 5187 ι
582 5145 727 5191 runt.
778 5134 1064 5204 Sapienter
1097 5136 1240 5188 enim
1274 5145 1328 5188 et
1385 5134 1531 5201 iuste
1573 5145 1969 5202 perspexerunt
1997 5172 2013 5198 ,

523 5249 544 5281 ι
585 5242 918 5299 quacunque
944 5226 1146 5281 fuerint
1194 5234 1381 5280 exorta
1425 5228 1667 5294 negotia,
1703 5239 1768 5278 ea
1799 5225 1852 5278 in
1884 5240 2014 5295 pro-

519 5339 545 5371 ι.
576 5304 720 5388 ρι’ἰὶε
745 5319 873 5373 locis
903 5318 1184 5373 terminari
1240 5317 1466 5371 debere.
1496 5315 1683 5385 Neque
1709 5316 1853 5370 enim
1884 5316 2012 5370 uni-

522 5431 544 5464 ι
580 5410 777 5479 cuique
813 5409 1166 5479 providentiae
1220 5406 1411 5462 Sancti
1483 5407 1727 5477 Spiritus
1785 5407 2012 5477 gratiam

525 5522 547 5556 ι
586 5506 778 5559 deesse
833 5508 1111 5573 putarunt,
1148 5516 1244 5570 per
1300 5515 1463 5571 quam
1492 5499 1705 5570 justitia
1749 5514 1777 5552 a
1807 5498 2013 5555 Christi

432 5656 438 5661 ,
526 5616 549 5650 ‹
579 5596 954 5652 sacerdotibus
1009 5604 1066 5649 et
1123 5596 1336 5648 videtur
1368 5594 1681 5662 prudenter,
1707 5600 1760 5647 et
1789 5592 2016 5649 firmiter

531 5706 553 5742 ι
600 5698 839 5753 tenetur,
870 5690 1106 5741 maxime
1163 5689 1303 5755 quod
1368 5687 1533 5740 etiam
1566 5684 1860 5752 unicuique
1886 5698 2018 5739 con-

532 5797 553 5832 ι
592 5793 805 5837 cessum
829 5787 929 5845 est,
956 5780 999 5835 si
1029 5779 1079 5834 ei
1100 5780 1365 5844 videatur,
1392 5780 1457 5833 dc
1482 5776 1723 5847 iudicum
1751 5776 2017 5831 sententia

2196 4604 2215 4636 ι
2262 4583 2804 4653 παραφυλάττεσθαι,
2829 4585 3008 4656 πολλῷ
3041 4588 3242 4657 μᾶλλον
3261 4590 3416 4643 τοῦτο
3438 4590 3561 4659 περὶ
3576 4593 3682 4643 im-

2197 4693 2217 4727 ι
2262 4674 2482 4728 σκέπων
2528 4673 2779 4743 βούλεται
2812 4676 3340 4746 παραφυλαχθῆναι.
3376 4679 3469 4747 Μὴ
3495 4673 3584 4731 οὖν
3633 4674 3678 4727 oi

2194 4786 2212 4819 ι
2260 4769 2321 4820 ἐν
2350 4769 2415 4836 τῇ
2452 4766 2562 4833 ίδίᾳ
2593 4765 2837 4837 ἐπαρχίᾳ
2868 4767 2977 4820 ἀπὸ
2997 4767 3097 4837 τῆς
3131 4772 3419 4834 κοινωνίας
3464 4772 3681 4839 ἀναρτη-

2196 4877 2214 4907 ι
2265 4855 2449 4918 θέντες
2504 4853 2656 4926 παρὰ
2682 4856 2783 4924 τῆς
2832 4855 2933 4925 σῆς
2982 4857 3319 4925 ἁγιωσύνης,
3374 4858 3677 4921 σπουδαίως,

2192 4968 2211 5000 ι
2259 4947 2353 5002 καὶ
2384 4947 2570 5010 καθὼς
2626 4946 2703 5017 μὴ
2730 4947 2860 5018 χρὴ,
2913 4949 3154 5018 φανῶσιν
3199 4951 3679 5020 ἀποκαθιστάμενα

2192 5063 2214 5094 ι
2258 5044 2325 5112 τῇ
2350 5041 2629 5111 κοινωνίᾳ.
2689 5041 2800 5094 Καὶ
2830 5041 2940 5094 τῶν
2967 5043 3361 5115 πρεσϐυτέρων
3392 5044 3452 5096 δὲ
3492 5042 3680 5109 ὁμοίως

2194 5154 2211 5183 ι
2264 5133 2356 5185 καὶ
2411 5133 2520 5185 τῶν
2550 5132 2835 5201 δαιομένων
2859 5131 3137 5203 κληρικῶν
3165 5136 3266 5198 τὰς
3296 5136 3529 5197 ἀναιδεῖς
3555 5134 3679 5186 ἀπο·

2197 5247 2216 5278 ι
2264 5227 2458 5295 φυγὰς,
2502 5227 2578 5290 ὼς
2604 5225 2754 5278 ἔστιν
2797 5243 2892 5280 σου
2927 5227 3097 5293 ἄξιον,
3133 5228 3423 5295 ἀποδιώξει
3466 5228 3681 5297 ήὰγιωοο

2199 5338 2219 5369 ι
2266 5317 2398 5387 σύνη
2434 5317 2580 5388 ήσή.
2637 5316 2857 5386 Ἐπειδὴ
2888 5319 2984 5369 καὶ
3017 5318 3079 5370 οὐ
3130 5318 3220 5372 διά
3249 5336 3395 5382 τινος
3432 5320 3554 5389 ὅρου
3581 5312 3679 5365 τῶν

2197 5430 2215 5461 ι
2263 5407 2520 5476 Πατέρων
2537 5404 2697 5459 τοῦτο
2714 5405 3091 5475 ἀπηγόρευται
3110 5410 3176 5477 τῇ
3205 5408 3262 5459 ὲν
3301 5406 3527 5475 Ἀφρικῇ
3568 5400 3679 5453 Ἐκο

2198 5522 2218 5552 ι
2262 5499 2465 5569 κλησίᾳ
2486 5512 2498 5527 ⁸
2529 5497 2625 5552 καὶ
2654 5496 2721 5550 τὰ
2751 5496 3079 5566 ψηφίσματα
3119 5499 3216 5568 τῆς
3240 5500 3298 5552 ἐν
3341 5495 3543 5566 Νικαίᾳ
3565 5506 3678 5545 συν·

2198 5614 2217 5645 ι
2264 5592 2408 5657 ὁδου,
2465 5590 2578 5643 εἴτε
2619 5589 2920 5660 κληρικοὺς
2984 5590 3081 5643 τοῦ
3141 5590 3450 5660 κατωτέρου
3482 5577 3677 5657 βαθμοῦ

2200 5704 2218 5736 ι
2269 5685 2380 5736 εἴτε
2438 5680 2640 5743 αὐτοὺς
2674 5681 2801 5745 τοὺς
2847 5682 3209 5751 ἐπισκόπους,
3262 5684 3379 5744 τοῖς
3410 5679 3555 5740 ἰδίοις
3581 5688 3676 5744 μη·

2211 5797 2229 5831 ι
2277 5773 2623 5846 τροπολίταις
2665 5773 3025 5844 φανερώτατα
3046 5774 3424 5845 κατέπεμψαν.
3448 5765 3673 5826 Συνετῶς
