3944 6384
160 341 263 405 445

1175 343 1257 403 ΙΝ
1307 341 1471 403 CAN.
1502 342 1755 403 CXXXV
1788 343 1998 407 CONC.
2034 346 2421 406 CARTHAG.

3309 344 3414 406 446

231 469 249 500 ι
296 446 405 518 γὰρ
453 447 547 502 καὶ
585 447 810 512 δικαίως
860 446 1123 511 συνεῖδεν,
1183 448 1546 518 ἀτιναδήποτε
1592 449 1737 518 πρά-

1925 470 1943 504 ι
1984 454 2051 506 ad
2088 456 2329 523 synodos
2378 453 2612 523 proprias
2668 452 2983 523 provinciae,
3012 454 3095 509 vel
3153 466 3415 523 praeterea

231 557 250 589 ι
297 555 481 606 γματα
553 536 864 605 ἀναφυῶσι,
922 536 1100 589 ταῦτα
1128 536 1185 589 ὲν
1243 537 1356 599 τοῖς
1401 535 1551 599 ἰδίοις
1591 536 1740 602 ὀφεί-

233 650 251 681 ι
301 630 414 683 λειν
442 630 817 702 περατοῦσθαι
851 630 1060 692 τόποις.
1090 628 1227 682 Οὐτε
1261 630 1370 699 γὰρ
1402 630 1505 699 μιᾷ
1535 630 1741 701 ἑκάστῃ

231 742 248 772 ι
304 724 528 793 προνοίᾳ
587 721 904 791 ὲλογίσαντο
953 721 1224 776 ἐλλείπειν
1271 722 1370 793 τὴν
1411 724 1574 792 χάριν
1645 721 1740 776 τοῦ

230 830 254 865 ε
303 814 460 882 ἀγίου
482 813 819 883 Πνεύματος,
835 814 901 867 δι’
917 809 983 886 ἧς
1010 816 1041 882 ἡ
1061 814 1377 884 δικαιοσύνη
1396 816 1503 868 ἀπὸ
1517 815 1626 867 τῶν
1648 814 1742 869 τοῦ

238 927 255 957 ι
306 907 548 974 Χριστοῦ
619 907 808 979 ἱερέων
870 908 965 961 καὶ
1018 907 1214 978 ὁρᾶται
1276 906 1588 977 φρονίμως,
1646 909 1743 960 καὶ

231 1018 251 1045 ι
302 1002 597 1068 κατέχεται
663 998 988 1067 σταθερῶς,
1079 996 1318 1067 μάλιστα
1365 999 1447 1052 ὅτι
1518 1000 1611 1053 καὶ
1663 998 1744 1053 ἑνὶ

231 1109 251 1143 ι
301 1092 519 1159 ἑκάστῳ
553 1090 997 1161 συγκεχώρηται,
1033 1090 1128 1143 ἐὰν
1177 1091 1431 1161 περὶτῆς
1453 1091 1608 1160 δίκης
1645 1093 1744 1162 τῆς

224 1199 244 1234 ι
294 1182 404 1235 τῶν
424 1182 768 1251 διαγνωστῶν
804 1184 1121 1253 προΐσταται
1147 1183 1293 1254 αὐτῴ
1322 1187 1459 1254 πρὸς
1479 1184 1577 1247 τὰς
1596 1186 1749 1238 συνό-

228 1292 247 1325 ι
297 1275 425 1336 δους
456 1275 554 1343 τῆς
589 1273 726 1337 ἰδίας
759 1275 1114 1346 ἐπαρχίας,ἢ
1163 1275 1240 1327 ἔτι
1282 1274 1387 1346 μὴν
1434 1278 1514 1337 έίς
1568 1278 1746 1329 οἰκου-

229 1385 245 1415 ι
299 1363 534 1435 μενικὴν
592 1364 835 1429 σύνοδον,
889 1365 1263 1422 ἐκκαλεῖσθαι.
1334 1368 1499 1438 Είμὴ
1526 1367 1633 1436 ἄρα
1663 1367 1747 1430 τίς

230 1476 248 1507 ι
301 1458 472 1521 ἐστιν,
524 1458 675 1520 ὅστις
736 1458 1134 1523 πιστεύσει,’ὲνὶ
1183 1459 1543 1529 ᾡτινιδήποτε
1571 1461 1738 1513 δύναο

230 1567 249 1597 ι
304 1549 429 1603 σθαι
453 1549 542 1602 τὸν
563 1548 695 1602 Θεὸν
730 1549 886 1620 ἡμῶν
914 1549 1014 1619 τῆς
1046 1550 1280 1621 κρίσεως
1306 1551 1611 1620 ἐμπνεῦσαι
1643 1551 1744 1621 τὴν

227 1659 245 1692 ι
295 1640 669 1711 δικαιοσύνην,
700 1644 813 1704 τοῖς
845 1640 904 1694 δὲ
966 1640 1363 1712 ἀναριθμήτοις
1417 1643 1497 1704 είς
1528 1642 1750 1697 σύνοδον

225 1750 248 1785 ι
303 1732 788 1803 συνηθροισμένοις
814 1732 1052 1802 ἱερεῦσιν
1082 1732 1390 1800 ἀρνεῖσθαι.
1415 1733 1539 1795 Πῶς
1559 1734 1614 1787 δὲ
1638 1734 1747 1801 ἄρα

229 1840 247 1871 ι
297 1822 443 1892 αῦτη
460 1825 493 1893 ἡ
517 1823 869 1893 περαματικὴ
892 1825 1073 1894 κρίσις
1101 1822 1298 1893 βεϐαία
1330 1824 1505 1885 ἔσται,
1526 1824 1746 1895 πρὺςῆν

227 1932 246 1961 ι
289 1913 404 1965 τῶν
432 1914 727 1984 μαρτύρων
745 1914 811 1969 τὰ
845 1916 1119 1981 ἀναγκαῖα
1155 1916 1448 1979 πρόσωπα,
1468 1915 1501 1985 ἦ
1524 1917 1613 1970 διὰ
1644 1917 1746 1985 τὴν

232 2022 250 2054 ⁴
299 2009 402 2073 τῆς
431 2006 647 2072 φύσεως
687 2006 719 2074 ἦ
772 2007 860 2059 διὰ
890 2007 989 2078 τὴν
1053 2005 1143 2059 τοῦ
1191 2007 1394 2076 γήρους
1438 2007 1745 2072 ἀσθένειαν,

229 2114 250 2147 ι
320 2097 355 2165 ἢ
403 2097 620 2161 πολλοῖς
647 2097 827 2157 ἄλλοις
850 2097 1226 2167 ἑμποδισμοῖῖ,
1254 2096 1536 2167 ἐνεχθῆναι
1562 2099 1622 2155 οὐ
1656 2099 1750 2152 δύ-

228 2204 251 2238 ι
298 2205 476 2242 ναταιΔ
507 2189 642 2258 Περὶ
660 2191 763 2258 γὰρ
783 2188 898 2246 τοῦ.
914 2190 1065 2252 τινέις
1084 2187 1285 2243 ὡσανεὶ
1315 2190 1379 2241 ἐκ
1399 2188 1492 2241 τοῦ
1513 2190 1746 2258 πλευροῦ

232 2299 253 2329 ι
298 2279 402 2348 τῆς
422 2281 518 2349 σῆς
550 2281 863 2351 ἁγιωσύνης
887 2282 1219 2357 πέμπεσθαι,
1242 2281 1470 2352 οὐδεμιᾷ
1489 2282 1596 2335 τῶν
1627 2286 1741 2336 Πα-

241 2389 259 2420 ι
306 2371 486 2441 τέρων
522 2372 727 2441 συνόδῳ
769 2372 983 2442 ὁρισθὲν
1012 2372 1359 2443 εὑρίσκομεν.
1380 2373 1595 2443 Ἐπειδὴ
1615 2376 1750 2446 ὅπερ

235 2482 255 2512 ι
309 2463 478 2515 πάλαι
519 2463 607 2516 διὰ
639 2464 735 2518 τοῦ
787 2464 952 2517 αὐτοῦ
984 2465 1384 2518 συνεπισκόπου
1430 2466 1587 2535 ἡμῶν
1615 2469 1750 2521 Φαυ-

240 2576 258 2604 ι
314 2555 521 2622 στίνου,
542 2556 741 2610 ὡσανεὶ
764 2559 827 2610 ὲκ
857 2558 1057 2630 μέρους
1078 2558 1175 2627 τῆς
1206 2560 1263 2610 ὲν
1279 2558 1484 2629 Νικαίᾳ
1508 2559 1750 2626 συνόδου,

240 2671 259 2698 ι
308 2648 541 2702 αὐτόθεν
582 2650 911 2711 ἀπέσταλτο.
967 2654 1023 2704 ἐν
1053 2654 1174 2713 ταῖς
1197 2651 1586 2721 ἀληθεστέρως
1612 2655 1754 2706 ἀπο-

241 2761 261 2791 σ
308 2743 554 2812 γραφαῖς
591 2742 688 2810 τῆς
720 2743 777 2795 ὲν
808 2743 1036 2812 Νικαίᾳ,
1071 2741 1251 2808 ἇσπερ
1297 2741 1598 2811 ἐδεξάμεθα
1647 2742 1755 2797 ἀπὸ

243 2864 263 2888 η.
308 2851 341 2887 τ
378 2834 407 2888 ῦ
439 2835 744 2903 ἁγιωτάτου
775 2836 1060 2904 Κυρίλλου,
1097 2835 1191 2888 τοῦ
1225 2837 1322 2906 τῆς
1359 2835 1755 2905 Ἀλεξανδρέων

237 2947 260 2980 e
308 2927 610 2998 ἐκκλησίας
662 2928 1069 2982 συνεπισκόπου
1127 2927 1309 2997 ήμῶν,
1334 2930 1429 2981 καὶ
1461 2928 1612 2997 παρά
1645 2928 1755 2984 τῶν

239 3041 260 3073 ‹
308 3019 406 3075 τοῦ
435 3022 814 3094 προσκυνητοῦ
848 3021 1092 3075 Ἀττικοῦ
1112 3021 1206 3074 τοῦ
1230 3022 1287 3073 ὲν
1321 3022 1756 3075 Κωνσναντινου-

241 3135 262 3166 ι
312 3115 470 3169 πόλει
529 3116 859 3179 ἐπισκόπου,
884 3114 1228 3183 πεμφθείσας
1267 3113 1330 3167 ὲκ
1355 3112 1464 3166 τῶν
1502 3114 1751 3167 αὐθεντι-
1780 3116 1824 3177 C

235 3229 255 3260 ι
309 3208 427 3262 κῶν
452 3224 467 3240 ⁸
494 3208 701 3269 αἵτινες
725 3207 803 3261 ἔτι
837 3207 945 3279 μὴν
967 3206 1073 3277 πρὸ
1107 3205 1300 3258 τούτου
1333 3204 1422 3258 διά
1493 3205 1752 3259 Ἰννοκεν-

238 3315 258 3348 ι
311 3297 430 3350 τίου
462 3297 557 3351 τοῦ
603 3296 982 3367 πρεσϐυτέρου
1007 3297 1100 3348 καί
1123 3293 1445 3362 Μαρκέλλου
1497 3292 1591 3345 τοῦ
1623 3293 1755 3346 ὐπο-

239 3408 262 3442 r
308 3389 585 3456 διακόνου,
621 3391 690 3445 δι’
721 3385 796 3443 ὧν
829 3390 965 3461 πρὸς
1023 3389 1170 3458 ἡμᾶς
1202 3387 1333 3457 παρ’
1357 3385 1583 3440 ἐκείνων
1614 3386 1754 3441 ἀπε-

238 3502 259 3533 ι
310 3481 613 3551 στάλησαν,
645 3483 723 3551 τῷ
750 3483 851 3552 τῆς
897 3480 1287 3551 προσκυνητῆς
1347 3481 1569 3550 μνήμης
1605 3478 1757 3531 Βονι-

237 3592 256 3623 ι
309 3574 488 3646 φατίῳ
544 3574 625 3641 τῷ
675 3575 963 3643 ὲπισκόπῳ
1017 3571 1096 3642 τῷ
1128 3570 1577 3643 προηγησαμένῳ
1608 3571 1754 3639 ὑμᾶς

241 3685 261 3716 ι
310 3665 448 3733 παρ’
497 3666 659 3736 ἡμῶν
721 3665 1165 3736 ἐξεπέμφθησαν,
1230 3663 1446 3715 τοιοῦτό
1506 3662 1560 3714 τί
1621 3679 1755 3716 ποτε

245 3775 265 3807 ι
312 3757 416 3810 οὐκ
480 3757 829 3829 ἠδυνήθημεν
902 3755 1104 3825 εὐρεῖν.
1172 3751 1539 3816 Ἐκὸιὸαστὰς
1577 3753 1757 3806 τοίνυν

246 3866 267 3899 ι
314 3848 621 3919 κληρικοίδς
688 3848 843 3917 ὐμῶν
894 3846 1058 3900 τινῶν
1103 3844 1404 3899 αἰτούντων
1465 3844 1540 3914 μὴ
1571 3842 1756 3896 θέλετε

247 3962 267 3995 ι
314 3941 693 4005 ἀποστέλλειν,
721 3942 859 4012 μήτε
891 3940 1269 4010 παραχωρεῖν,
1311 3937 1398 3990 ἵνα
1419 3936 1511 3989 τὸν
1540 3934 1759 3989 καπνώ-

1921 563 1941 596 ι
1979 547 2144 599 etiam
2202 545 2268 600 ad
2322 545 2689 600 universalem
2755 546 3045 617 synodum,
3111 548 3418 617 appellare.

1922 657 1939 690 ι
1979 637 2092 692 Nisi
2123 641 2309 709 utique
2343 640 2412 693 sit
2446 638 2666 708 aliquis.
2699 639 2789 705 qui
2822 641 3028 701 credat,
3056 640 3413 705 unicuipiam,

1922 751 1941 783 ι
1972 733 2284 799 quicunque
2340 732 2385 785 is
2413 732 2504 795 sil,
2532 746 2692 799 posse
2718 732 2886 785 Deum
2938 739 3191 786 nostrum
3222 730 3416 801 judicii

1922 822 2245 890 (justitiam
2327 820 2619 890 inspirare,
2680 823 3173 877 innumerabilibus
3235 832 3417 877 autem

1923 932 1942 965 ι
1973 914 2348 969 sacerdotibus
2398 915 2453 970 in
2500 915 2761 985 synodmn
2795 914 3143 984 congregatis
3193 928 3417 977 negare.

1923 1027 1943 1060 ι
1986 1008 2270 1075 Quomodo
2293 1023 2426 1076 ergo
2477 1009 2693 1062 firmum
2726 1008 2834 1063 erit
2856 1008 2959 1060 hoc
2991 1005 3422 1060 transmarinqu

1924 1120 1943 1153 ι
1978 1100 2266 1170 judicium,
2300 1101 2366 1155 ad
2398 1100 2541 1167 quod
2598 1100 2820 1154 testium
2879 1097 3203 1150 necessariae
3235 1109 3424 1161 perso-

1928 1211 1947 1246 ι
1991 1207 2094 1253 me,
2126 1191 2215 1246 vel
2269 1201 2488 1259 propter
2518 1202 2726 1244 natura:
2778 1188 2861 1243 vel
2893 1197 3112 1256 propter
3153 1186 3291 1241 senii
3324 1185 3398 1238 im

1917 1302 1935 1336 ι
1983 1284 2356 1348 becillitatem,
2416 1282 2500 1337 vel
2561 1292 2780 1351 propter
2834 1280 2996 1333 multa
3033 1279 3137 1332 alia
3187 1275 3424 1346 impedi-

1929 1396 1948 1431 ι
1991 1386 2198 1441 menta,
2255 1375 2443 1430 deduci
2507 1390 2610 1429 non
2645 1373 2909 1437 possunt?
2941 1370 3072 1424 Nam
3101 1370 3168 1424 de
3202 1369 3424 1423 mitten-

1929 1489 1949 1520 ι
1990 1471 2073 1527 dis
2100 1466 2453 1537 quibusdam.
2489 1466 2653 1519 Veluti
2679 1481 2708 1518 a
2759 1465 2930 1519 latere
2978 1470 3175 1516 vestrae
3220 1459 3425 1514 sancti-

1926 1579 1945 1612 ι
1983 1561 2134 1625 latis,
2163 1575 2192 1614 a
2226 1560 2372 1615 nttlla
2414 1558 2637 1612 Patrum
2674 1555 2885 1627 synodo
2924 1554 3283 1608 constitutum
3333 1550 3424 1604 in-

1931 1673 1950 1706 ι
1992 1655 2257 1708 venimus.
2289 1653 2444 1720 Quod
2504 1652 2637 1706 olim
2692 1650 2840 1703 enim
2895 1663 2992 1716 per
3043 1647 3187 1700 hunc
3245 1645 3426 1714 ipsum

1931 1759 1950 1792 ι
1984 1741 2369 1811 coepiscopum
2402 1751 2649 1797 nostrum
2692 1738 3040 1799 Faustinum,
3076 1744 3335 1802 tanquam
3360 1748 3426 1787 ex

1918 1853 1936 1886 ι
1969 1842 2123 1903 parte
2171 1833 2405 1888 Nicmna:
2449 1831 2665 1903 synodi,
2718 1830 2920 1885 isthine
2968 1828 3194 1882 missum
3229 1825 3427 1887 fuerat,

1927 1943 1946 1977 ι
1984 1924 2381 1980 in'verioribus
2417 1922 2646 1977 Nicaeum
2690 1921 2889 1989 synodi
2935 1917 3269 1985 repertor-iis,
3307 1929 3429 1984 qua

1852 2066 1857 2069 Α
1924 2037 1944 2070 ι
1978 2034 2010 2078 a
2054 2017 2413 2072 sanctissimo
2472 2014 2675 2085 Cyrillo
2725 2010 3111 2067 Alexandrina:
3168 2006 3429 2062 Ecclesia

1927 2128 1946 2161 ι
1985 2109 2335 2177 coepiscopo,
2364 2118 2419 2162 et
2449 2121 2480 2160 a
2511 2105 2825 2160 venerando
2881 2102 3062 2155 Attico
3110 2097 3429 2153 Constanti-

1929 2221 1949 2255 ι
1989 2201 2202 2270 uepolis
2231 2201 2509 2269 episcopo,
2549 2212 2615 2253 ex
2649 2196 2982 2252 authenticis
3013 2193 3177 2248 missa
3213 2192 3429 2256 accepi-

1926 2307 1953 2347 ι
1992 2304 2150 2353 Inus;
2211 2305 2332 2358 quae
2384 2288 2605 2358 quidem
2640 2288 2872 2341 antehac
2905 2301 3002 2354 per
3046 2282 3426 2340 Innocentium

1932 2402 1949 2444 ι
1984 2384 2362 2453 presbyterum
2393 2391 2447 2434 et
2502 2379 2815 2436 Marcellum
2872 2378 3290 2437 subdiaconum,
3331 2388 3428 2441 per

1944 2491 1966 2533 t
2011 2489 2147 2544 quos
2174 2477 2241 2528 ad
2274 2489 2372 2528 nos
2401 2474 2468 2527 de
2501 2474 2611 2529 illis
2646 2472 2806 2527 missa
2834 2470 3071 2532 fuerant,
3108 2468 3432 2523 venerande

1934 2584 1955 2618 ι
1993 2566 2272 2620 memoriae
2316 2564 2599 2620 Bonifacio
2632 2559 2891 2634 e'piscopo
2938 2560 3213 2617 decessori
3249 2565 3432 2613 vestro

1936 2673 1955 2706 ι
1991 2670 2019 2708 a
2052 2654 2208 2711 nobis
2257 2655 2529 2709 destinata
2566 2663 2694 2708 sunt
2725 2672 2740 2707 :
2792 2651 2926 2707 nihil
2974 2648 3240 2717 ejusmodi
3274 2647 3431 2701 inve-

1935 2765 1954 2799 ι
1988 2746 2108 2800 nire
2143 2746 2499 2815 potuerimus.
2526 2744 2887 2798 Exsecutores
2918 2756 3048 2812 ergo
3072 2750 3279 2797 vestros
3312 2737 3432 2791 cle-

1939 2855 1956 2889 ι
1999 2839 2139 2891 ricos
2182 2832 2494 2904 petentibus
2523 2836 2794 2906 aliquibus
2828 2850 2896 2888 ne
2949 2832 3129 2889 velitis
3186 2830 3428 2891 mittere,

1936 2947 1955 2980 ι
1994 2944 2094 2983 nec
2148 2929 2489 2997 permittere,
2527 2937 2585 2983 ut
2640 2927 2913 2981 fumosum
2975 2922 3162 2978 mundi
3227 2920 3431 2974 fastum

1936 3039 1953 3073 ι
1989 3019 2193 3076 Christi
2219 3019 2475 3075 Ecclesiae
2502 3018 2762 3074 inducere
2791 3017 3112 3078 videamur;
3148 3027 3269 3083 quae
3293 3011 3432 3065 sim-

1935 3133 1953 3167 r
2000 3115 2263 3188 plicitatis
2296 3114 2469 3169 lucem
2497 3125 2552 3169 et
2600 3112 2925 3168 humilitatis
2958 3111 3098 3165 diem
3155 3106 3313 3161 aﬂ'ert
3342 3104 3434 3170 iis,

1935 3223 1956 3258 ι
1988 3205 2079 3275 qui
2136 3204 2303 3259 Deum
2357 3204 2545 3259 videre
2593 3204 2840 3273 cupiunt.
2888 3201 2965 3255 De
3000 3198 3251 3253 deﬂendo
3285 3194 3431 3249 enim

1936 3316 1955 3350 ι
1991 3297 2233 3367 Apiario,
2256 3297 2367 3365 jam
2400 3310 2429 3350 a
2479 3297 2646 3349 fratre
2679 3304 2867 3350 nostro
2900 3292 3163 3347 Faustino
3189 3304 3288 3358 pro
3318 3288 3436 3341 suis

1938 3408 1957 3442 ι
1998 3389 2221 3443 nefariis
2252 3388 2508 3457 nequitiis
2538 3388 2744 3447 Christi
2775 3386 3022 3441 Ecclesia
3070 3395 3243 3444 meto,
3277 3380 3429 3433 solli-

1938 3497 1957 3530 ι
1998 3478 2092 3533 citi
2122 3494 2230 3537 non
2267 3494 2492 3544 smnus;
2548 3476 2689 3546 quod
2724 3490 2848 3529 eum
2878 3484 3075 3530 vestra:
3123 3468 3435 3525 sanctitatis

1940 3587 1958 3620 ι
2000 3570 2319 3638 probatione
2348 3577 2404 3624 et
2429 3569 2768 3624 correctione
2798 3568 2854 3621 in
2894 3564 3164 3621 servanda
3195 3562 3435 3615 fraterna

1945 3679 1964 3713 ι
2002 3662 2276 3714 cbaritate
2335 3658 2518 3715 Africa
2553 3676 2896 3729 nequaquam
2929 3658 3161 3726 amplius
3201 3654 3436 3710 sustine-

1943 3771 1963 3804 ι
2003 3752 2099 3806 bit.
2132 3752 2498 3821 Subscriptio.
2551 3752 2691 3806 Deus
2741 3760 2931 3806 noster
2967 3748 3310 3803 sanctitatem
3343 3761 3435 3799 ve-

1945 3862 1964 3896 ι
2005 3852 2175 3897 stram
2228 3842 2280 3897 in
2329 3842 2712 3913 longissimum
2766 3850 2984 3907 tempus
3012 3837 3310 3903 cuStodiat,
3339 3851 3436 3905 pro

1945 3954 1964 3987 ι
2007 3935 2162 3990 nobis
2189 3945 2457 4000 orantem,
2491 3935 2707 3988 domine
2732 3933 2922 3987 frater.
2952 3949 2972 3982 ι

243 4056 262 4088 ι
305 4036 374 4109 δη
406 4036 578 4105 τῦφον
619 4036 714 4089 τοῦ
752 4035 959 4101 κόσμου
990 4033 1237 4104 δόξωμεν
1272 4029 1517 4096 εἰσάγειν
1544 4030 1613 4100 τῇ
1644 4031 1740 4081 τοῦ
1816 4028 2056 4100 Χριστοῦ
2091 4027 2413 4098 Ἐκκλησία,
2474 4028 2597 4098 ἥτις
2657 4026 2718 4078 τὸ
2783 4024 2900 4095 φῶς
2959 4023 3062 4092 τῆς
3125 4020 3436 4088 ἁπλότητος

245 4148 266 4181 ι
316 4130 411 4182 καὶ
475 4128 577 4197 τῆς
641 4123 1144 4194 ταπεινοφροσύνης
1194 4122 1294 4194 τὴν
1357 4120 1579 4190 ἡμέραν
1665 4119 1778 4181 τοῖς
1844 4119 1937 4172 τὸν
2011 4117 2146 4172 Θεὸν
2198 4116 2327 4172 [δεῖν
2384 4115 2747 4185 ἐπιθυμοῦσιν
2806 4113 3127 4183 προσφέρει.
3173 4108 3280 4164 Τοῦ
3328 4112 3436 4177 γὰρ

246 4240 265 4273 ι
316 4221 520 4275 κλαυσί
527 4237 630 4292 μου

735 4219 1028 4289 Ἀπιαρίου
1100 4214 1202 4286 ἤδη
1298 4213 1405 4267 ἀπὸ
1494 4211 1589 4266 τοῦ
1644 4212 1877 4283 ἀδελφοῦ
1954 4211 2111 4283 ἡμῶν
2161 4210 2462 4267 Φαυστίνου
2521 4207 2667 4264 κατά
2748 4208 2849 4271 τὰς
2921 4207 3058 4270 ιδίας
3146 4204 3436 4273 ἀθεμίτους

245 4335 261 4366 ι
310 4312 672 4384 ἀχρειοσύνας
711 4313 775 4364 ὲκ
833 4311 932 4379 τῆς
989 4307 1083 4359 τοῦ
1141 4302 1382 4375 Χριστοῦ
1455 4302 1782 4374 Ἐκκλησίας
1854 4301 2279 4373 ἀποκινηθέντος
2330 4299 2634 4371 ἀμέριμνοί
2703 4301 2913 4367 ἐσμεν·
2970 4299 3054 4352 ὅτι
3115 4296 3307 4351 τοῦτον
3368 4296 3437 4364 τῇ

245 4426 262 4456 ι
312 4406 513 4476 δοκιμῇ
533 4403 629 4458 καὶ
659 4400 916 4473 ῥυθμίσει
954 4399 1054 4468 τῆς
1081 4395 1181 4463 σῆς
1228 4390 1539 4462 ἁγιωσύνης
1601 4392 1661 4446 ἐν
1728 4392 1806 4461 τῷ
1880 4390 2152 4455 σώζεσθαι
2237 4390 2339 4462 τὴν
2388 4389 2688 4460 ἀδελφικὴν
2752 4389 2975 4459 ἀγάπην
3035 4387 3347 4457 περαιτέρω
3402 4385 3437 4455 ἡ

245 4521 262 4552 ι
324 4498 565 4566 Ἀφρικὴ
610 4492 861 4562 οὐδαμῶς
925 4488 1198 4559 ὑπομείνῃ
1236 4484 1624 4554 ὴύπογραφή.
1692 4483 1750 4537 '0
1827 4482 1959 4545 Θεὸς
1993 4482 2151 4554 ἡμῶν
2220 4481 2320 4552 τὴν
2389 4479 2700 4548 ἁγιωσύνην
2789 4477 2946 4549 ὑμῶν
3002 4479 3099 4532 ἐπὶ
3169 4480 3436 4547 μήκιστον

250 4617 266 4644 ι
312 4592 509 4664 χρόνον
565 4586 815 4653 φυλάξοι,
854 4582 995 4653 ὐπὲρ
1048 4580 1207 4650 ἡμῶν
1237 4577 1564 4649 εὐχομένην,
1593 4573 1754 4644 κύριε
1797 4574 2014 4643 ἀδελφέ.
2058 4594 2078 4627 ι

244 4663 446 4745 ΒᾹΛΣ.
510 4681 618 4735 Τοῦ
689 4677 979 4748 Ἀπιαρίου
1010 4670 1404 4744 ἀφορισθέντος
1438 4670 1503 4722 ἐκ
1560 4669 1659 4737 τῆς
1697 4669 1753 4723 ὲν

1932 4667 2133 4729 BALS.
2182 4668 2408 4738 Apiario
2454 4681 2486 4721 a
2551 4663 2760 4736 synodo
2809 4663 3068 4717 Africana
3128 4669 3434 4730 segregate.

187 4786 425 4855 ’Δφρικῇ
483 4776 730 4839 συνόδου,
768 4772 866 4828 καὶ
901 4768 1296 4841 προσελθόντος
1319 4764 1399 4835 τῷ
1431 4763 1632 4834 πάππα
1657 4764 1764 4816 Κει-

176 4880 407 4945 λεστίνῳ
440 4871 538 4926 καὶ
568 4866 822 4929 λυθέντος
848 4862 945 4918 τοῦ
1006 4856 1339 4930 ἀφορισμοῦ,
1404 4858 1435 4909 ὁ
1464 4856 1763 4945 ἐπίσκοπος

176 4943 475 5026 Φαυστίνος
506 4959 708 5028 ἐστάλη
763 4956 862 5009 σὺν
913 4951 1111 5020 ἐκείνῳ
1167 4950 1247 5010 εἰς
1285 4946 1609 5016 Καρχηδόνα
1642 4943 1762 5008 ἐξεφ

174 5060 356 5119 τάσων
383 5056 454 5109 τὰ
491 5051 633 5108 κατά
660 5047 851 5102 τούτου
881 5058 898 5077 ο
927 5041 1186 5111 λυθείσης
1223 5038 1281 5093 δὲ
1302 5039 1397 5107 τῆς
1428 5036 1764 5099 ὑποθέσεως,

177 5148 464 5204 ἐπέστειλε
492 5144 576 5214 ’τῷ
624 5135 995 5206 Κελεστίνῳή
1040 5130 1258 5194 σύνοδος
1324 5128 1424 5198 τὴν
1473 5126 1763 5195 επιστολὴν

177 5242 410 5311 ταύτην.
440 5239 550 5292 Καὶ
610 5234 803 5303 πρῶτα
859 5229 960 5299 μὲν
990 5227 1253 5298 ᾐτιάσατο
1293 5223 1384 5277 τὸν
1439 5221 1762 5283 Φαυστῖνον,

177 5334 249 5396 ὡς
306 5308 649 5401 παραλόγως
696 5320 1123 5392 ἀντιποιηθέντα
1149 5315 1246 5370 τοῦ
1286 5314 1597 5386 ’Δπιαρίου.
1631 5308 1763 5369 Εἶτα

180 5428 467 5498 ἐπήγαγεν
527 5421 603 5483 ὡς
629 5417 740 5473 ἀπὸ
796 5412 1093 5484 ὁμολογίας
1126 5407 1220 5463 τοῦ
1268 5405 1553 5476 Ἀπιαρίου
1597 5404 1767 5498 ἐλύθη

181 5522 212 5590 ἠ
246 5493 512 5577 ὑπόθεσις
537 5528 553 5545 ⁶
588 5512 680 5564 καὶ
701 5508 945 5561 ἱκέτευσε
979 5504 1055 5574 μὴ
1082 5499 1322 5571 εὐχερῶς
1355 5493 1760 5590 προσδέχεσθαι.

1860 4776 1981 4817 cum
2006 4761 2052 4815 is
2088 4760 2155 4814 ad
2186 4774 2381 4828 papam
2426 4757 2760 4814 Celestinum
2788 4754 3131 4817 accessisset,
3166 4763 3221 4805 et
3252 4766 3436 4819 segre-

1861 4853 2011 4929 gatio
2048 4851 2230 4911 soluta
2269 4858 2434 4915 esset,
2485 4848 2777 4907 Faustinus
2809 4862 2913 4900 una
2939 4860 3061 4900 eum
3093 4843 3186 4899 illo
3206 4842 3437 4897 Cartha-

1862 4945 2041 5025 ginem
2077 4944 2280 4999 missus
2334 4950 2438 5005 est,
2483 4939 2754 5010 negotium
2805 4939 2927 5006 ejus
2975 4935 3435 4993 exantinaturus:

1866 5039 2049 5095 decisa
2082 5043 2262 5103 autem
2309 5048 2470 5089 causa
2508 5033 2658 5087 misit
2706 5032 2945 5101 synodus
2974 5027 3254 5085 Celestino
3289 5026 3438 5081 hanc

1865 5128 2179 5199 epistolam.
2204 5126 2271 5181 Et
2324 5127 2561 5195 primum
2624 5124 2842 5194 quidem
2902 5120 3182 5177 accusavit
3216 5118 3439 5173 Fausti-

1870 5237 2028 5286 num,
2059 5220 2201 5290 quod
2236 5220 2518 5287 Apiarium
2556 5226 2749 5284 przeter
2796 5216 3061 5271 rationem
3095 5210 3443 5269 defenderet.

1872 5315 2074 5369 Deinde
2096 5311 2377 5381 subjunxit
2403 5309 2544 5380 quod
2575 5323 2642 5362 ex
2671 5308 2875 5378 Apiarii
2893 5305 3242 5369 confessione
3264 5318 3436 5363 causa

1865 5405 1975 5463 fuit
2010 5405 2240 5469 decisa;
2308 5400 2574 5465 etoravit
2632 5411 2692 5455 ut
2750 5415 2858 5461 non
2914 5397 3076 5452 facile
3130 5396 3440 5450 admitteret

1866 5494 2175 5557 Celestinus
2232 5506 2350 5559 eos,
2376 5491 2469 5561 qui
2500 5492 2767 5544 adversus
2824 5488 3089 5558 synodum
3143 5486 3354 5545 dicunt.
3383 5493 3441 5540 et

181 5574 271 5668 ¹ἐὸν
305 5574 632 5664 Κελεστῖνον
653 5602 779 5664 τούς
803 5598 1060 5667 λέγοντας
1083 5593 1225 5647 κατὰ
1250 5594 1350 5661 τῆς
1381 5588 1627 5654 συνόδου,
1663 5586 1753 5641 καί

1916 5588 2028 5643 bea
2073 5579 2343 5653 segregati
2385 5588 2532 5634 sunt.
2568 5577 2899 5645 Adjecerunt
2949 5584 3128 5628 autem
3159 5574 3304 5640 quod
3338 5583 3443 5624 nec

184 5660 585 5774 ἀφορισθέντος
634 5660 775 5763 παρ(
798 5660 1007 5759 αὐτῆς.
1050 5686 1387 5758 Προσέθεντο
1421 5681 1503 5749 δὲ,
1529 5681 1605 5774 ὡς
1636 5677 1753 5774 οὐδὲ

1916 5682 2062 5729 utres
2083 5672 2314 5735 Nicaeum
2368 5669 2558 5741 synodi
2608 5676 2935 5730 statuerunt,
2973 5681 3000 5718 a
3029 5678 3164 5734 papa
3196 5663 3247 5716 in
3282 5660 3434 5715 Afri-

184 5754 319 5851 οξῐὲῦ
344 5791 556 5860 Nimia.
588 5785 827 5858 Παιέρες
863 5783 1070 5854 ὥρισαν
1110 5775 1427 5851 πέμπεσθαι
1459 5772 1615 5845 παρά
1658 5768 1753 5826 τοῦ

1916 5782 1988 5821 nn
2044 5762 2357 5830 mittendos,
2385 5760 2477 5832 qui
2542 5773 2763 5815 causam
2821 5754 2980 5813 simul
3015 5761 3441 5824 cognoscerent,
