  <div class='ocr_page' id='page_1' title='image "/cluster/home/n/w/nwhite01/storage/ocr_20150623/138:no.2/coo.31924054870435/231.png"; bbox 0 0 3944 6438; ppageno 0'>
   <div class='ocr_carea' id='block_1_1' title="bbox 520 363 622 426">
    <p class='ocr_par' dir='ltr' id='par_1_1' title="bbox 520 363 622 426">
     <span class='ocr_line' id='line_1_1' title="bbox 520 363 622 426; baseline -0.02 0"><span class='ocrx_word' id='word_1_1' title='bbox 520 363 622 426; x_wconf 69' lang='grc'><strong>447</strong></span> 
     </span>
    </p>
   </div>
   <div class='ocr_carea' id='block_1_2' title="bbox 1772 371 2096 436">
    <p class='ocr_par' dir='ltr' id='par_1_2' title="bbox 1772 371 2055 435">
     <span class='ocr_line' id='line_1_2' title="bbox 1772 371 2055 435; baseline 0.014 -4"><span class='ocrx_word' id='word_1_2' title='bbox 1772 371 2055 435; x_wconf 79' lang='grc' dir='ltr'><strong>ΤΗΕΟΙ).</strong></span> 
     </span>
    </p>
   </div>
   <div class='ocr_carea' id='block_1_3' title="bbox 2207 371 3753 436">
    <p class='ocr_par' dir='ltr' id='par_1_3' title="bbox 2207 375 3753 436">
     <span class='ocr_line' id='line_1_3' title="bbox 2207 375 3753 436; baseline 0 0"><span class='ocrx_word' id='word_1_3' title='bbox 2207 375 2504 436; x_wconf 78' lang='lat' dir='ltr'><strong>LSAMON</strong></span> <span class='ocrx_word' id='word_1_4' title='bbox 3663 378 3753 436; x_wconf 64' lang='grc'><strong>448</strong></span> 
     </span>
    </p>
   </div>
   <div class='ocr_carea' id='block_1_4' title="bbox 514 477 2096 561">
    <p class='ocr_par' dir='ltr' id='par_1_4' title="bbox 514 477 2091 546">
     <span class='ocr_line' id='line_1_4' title="bbox 514 477 2091 546; baseline 0.008 -15"><span class='ocrx_word' id='word_1_5' title='bbox 514 487 571 532; x_wconf 88' lang='lat' dir='ltr'><strong>et</strong></span> <span class='ocrx_word' id='word_1_6' title='bbox 608 492 706 532; x_wconf 92' lang='lat' dir='ltr'><strong>nec</strong></span> <span class='ocrx_word' id='word_1_7' title='bbox 741 478 844 533; x_wconf 90' lang='lat' dir='ltr'><strong>hoc</strong></span> <span class='ocrx_word' id='word_1_8' title='bbox 896 477 1174 537; x_wconf 80' lang='lat' dir='ltr'><strong>invenitur</strong></span> <span class='ocrx_word' id='word_1_9' title='bbox 1203 481 1256 536; x_wconf 92' lang='lat' dir='ltr'><strong>in</strong></span> <span class='ocrx_word' id='word_1_10' title='bbox 1301 482 1488 542; x_wconf 79' lang='lat' dir='ltr'><strong>missis</strong></span> <span class='ocrx_word' id='word_1_11' title='bbox 1529 485 1598 540; x_wconf 87' lang='lat' dir='ltr'><strong>ab</strong></span> <span class='ocrx_word' id='word_1_12' title='bbox 1628 486 1999 546; x_wconf 81' lang='lat' dir='ltr'><strong>Alexandrino</strong></span> <span class='ocrx_word' id='word_1_13' title='bbox 2037 498 2091 546; x_wconf 88' lang='lat' dir='ltr'><strong>et</strong></span> 
     </span>
    </p>
   </div>
   <div class='ocr_carea' id='block_1_5' title="bbox 2207 477 3754 561">
    <p class='ocr_par' dir='ltr' id='par_1_5' title="bbox 2207 487 3754 561">
     <span class='ocr_line' id='line_1_5' title="bbox 2207 487 3754 561; baseline 0.001 -18"><span class='ocrx_word' id='word_1_14' title='bbox 2207 490 2398 544; x_wconf 79' lang='grc' dir='ltr'>πάππα</span> <span class='ocrx_word' id='word_1_15' title='bbox 2456 493 2537 555; x_wconf 83' lang='grc' dir='ltr'><strong>είς</strong></span> <span class='ocrx_word' id='word_1_16' title='bbox 2575 490 2840 561; x_wconf 78' lang='grc' dir='ltr'><strong>Ἀφρικὴν</strong></span> <span class='ocrx_word' id='word_1_17' title='bbox 2903 487 3437 558; x_wconf 83' lang='grc' dir='ltr'>συνδιαγνώμονας·</span> <span class='ocrx_word' id='word_1_18' title='bbox 3501 489 3595 543; x_wconf 80' lang='grc' dir='ltr'>καὶ</span> <span class='ocrx_word' id='word_1_19' title='bbox 3649 493 3754 544; x_wconf 67' lang='grc' dir='ltr'>οὐδὲ</span> 
     </span>
    </p>
   </div>
   <div class='ocr_carea' id='block_1_6' title="bbox 517 567 1450 645">
    <p class='ocr_par' dir='ltr' id='par_1_6' title="bbox 517 567 1450 645">
     <span class='ocr_line' id='line_1_6' title="bbox 517 567 1450 645; baseline 0.011 -24"><span class='ocrx_word' id='word_1_20' title='bbox 517 567 1126 639; x_wconf 72' lang='lat' dir='ltr'><strong>Constantinopolitano</strong></span> <span class='ocrx_word' id='word_1_21' title='bbox 1158 574 1450 645; x_wconf 77' lang='lat' dir='ltr'><strong>episcopis.</strong></span> 
     </span>
    </p>
   </div>
   <div class='ocr_carea' id='block_1_7' title="bbox 585 752 2090 838">
    <p class='ocr_par' dir='ltr' id='par_1_7' title="bbox 585 752 2090 838">
     <span class='ocr_line' id='line_1_7' title="bbox 585 752 2090 838; baseline 0.009 -31"><span class='ocrx_word' id='word_1_22' title='bbox 585 752 754 822; x_wconf 71' lang='grc'><strong>677</strong></span> <span class='ocrx_word' id='word_1_23' title='bbox 779 753 1032 810; x_wconf 79' lang='lat' dir='ltr'><strong>ZONAR.</strong></span> <span class='ocrx_word' id='word_1_24' title='bbox 1063 755 1197 811; x_wconf 89' lang='lat' dir='ltr'><strong>Cum</strong></span> <span class='ocrx_word' id='word_1_25' title='bbox 1220 757 1475 829; x_wconf 81' lang='lat' dir='ltr'><strong>Apiarius</strong></span> <span class='ocrx_word' id='word_1_26' title='bbox 1506 762 1575 816; x_wconf 86' lang='lat' dir='ltr'><strong>ab</strong></span> <span class='ocrx_word' id='word_1_27' title='bbox 1607 763 1858 819; x_wconf 82' lang='lat' dir='ltr'><strong>Africana</strong></span> <span class='ocrx_word' id='word_1_28' title='bbox 1883 767 2090 838; x_wconf 92' lang='lat' dir='ltr'><strong>synodo</strong></span> 
     </span>
    </p>
   </div>
   <div class='ocr_carea' id='block_1_8' title="bbox 518 846 2087 924">
    <p class='ocr_par' dir='ltr' id='par_1_8' title="bbox 518 846 2087 924">
     <span class='ocr_line' id='line_1_8' title="bbox 518 846 2087 924; baseline 0.009 -28"><span class='ocrx_word' id='word_1_29' title='bbox 518 852 829 912; x_wconf 85' lang='lat' dir='ltr'><strong>segregatus</strong></span> <span class='ocrx_word' id='word_1_30' title='bbox 865 846 931 900; x_wconf 87' lang='lat' dir='ltr'><strong>ad</strong></span> <span class='ocrx_word' id='word_1_31' title='bbox 968 847 1294 904; x_wconf 88' lang='lat' dir='ltr'><strong>Cclestinum</strong></span> <span class='ocrx_word' id='word_1_32' title='bbox 1344 865 1538 922; x_wconf 85' lang='lat' dir='ltr'><strong>papam</strong></span> <span class='ocrx_word' id='word_1_33' title='bbox 1572 855 1923 924; x_wconf 77' lang='lat' dir='ltr'><strong>confugisset,</strong></span> <span class='ocrx_word' id='word_1_34' title='bbox 1964 871 2087 911; x_wconf 91' lang='lat' dir='ltr'><strong>eum</strong></span> 
     </span>
    </p>
   </div>
   <div class='ocr_carea' id='block_1_9' title="bbox 518 932 2087 1014">
    <p class='ocr_par' dir='ltr' id='par_1_9' title="bbox 518 932 2087 1014">
     <span class='ocr_line' id='line_1_9' title="bbox 518 932 2087 1014; baseline 0.01 -26"><span class='ocrx_word' id='word_1_35' title='bbox 518 932 818 990; x_wconf 87' lang='lat' dir='ltr'><strong>Celestinns</strong></span> <span class='ocrx_word' id='word_1_36' title='bbox 833 941 1223 1008; x_wconf 87' lang='lat' dir='ltr'><strong>segregationis</strong></span> <span class='ocrx_word' id='word_1_37' title='bbox 1237 942 1451 999; x_wconf 86' lang='lat' dir='ltr'><strong>vinculo</strong></span> <span class='ocrx_word' id='word_1_38' title='bbox 1474 944 1740 1012; x_wconf 85' lang='lat' dir='ltr'><strong>liberavit,</strong></span> <span class='ocrx_word' id='word_1_39' title='bbox 1759 957 1814 1002; x_wconf 92' lang='lat' dir='ltr'><strong>et</strong></span> <span class='ocrx_word' id='word_1_40' title='bbox 1834 963 1955 1002; x_wconf 91' lang='lat' dir='ltr'><strong>cum</strong></span> <span class='ocrx_word' id='word_1_41' title='bbox 1976 947 2087 1014; x_wconf 90' lang='lat' dir='ltr'><strong>illo,</strong></span> 
     </span>
    </p>
   </div>
   <div class='ocr_carea' id='block_1_10' title="bbox 518 1026 2087 1111">
    <p class='ocr_par' dir='ltr' id='par_1_10' title="bbox 518 1026 2087 1111">
     <span class='ocr_line' id='line_1_10' title="bbox 518 1026 2087 1111; baseline 0.011 -37"><span class='ocrx_word' id='word_1_42' title='bbox 518 1026 608 1092; x_wconf 85' lang='lat' dir='ltr'><strong>qui</strong></span> <span class='ocrx_word' id='word_1_43' title='bbox 633 1041 853 1082; x_wconf 83' lang='lat' dir='ltr'><strong>causam</strong></span> <span class='ocrx_word' id='word_1_44' title='bbox 883 1030 1000 1097; x_wconf 82' lang='lat' dir='ltr'><strong>ejus</strong></span> <span class='ocrx_word' id='word_1_45' title='bbox 1039 1047 1160 1086; x_wconf 90' lang='lat' dir='ltr'><strong>cum</strong></span> <span class='ocrx_word' id='word_1_46' title='bbox 1191 1034 1443 1089; x_wconf 85' lang='lat' dir='ltr'><strong>Africana</strong></span> <span class='ocrx_word' id='word_1_47' title='bbox 1477 1039 1685 1095; x_wconf 89' lang='lat' dir='ltr'><strong>svnodo</strong></span> <span class='ocrx_word' id='word_1_48' title='bbox 1713 1049 2087 1111; x_wconf 81' lang='lat' dir='ltr'><strong>cognosceret,</strong></span> 
     </span>
    </p>
   </div>
   <div class='ocr_carea' id='block_1_11' title="bbox 522 1114 2090 1200">
    <p class='ocr_par' dir='ltr' id='par_1_11' title="bbox 522 1114 2090 1200">
     <span class='ocr_line' id='line_1_11' title="bbox 522 1114 2090 1200; baseline 0.013 -32"><span class='ocrx_word' id='word_1_49' title='bbox 522 1114 838 1172; x_wconf 85' lang='lat' dir='ltr'><strong>Faustinum</strong></span> <span class='ocrx_word' id='word_1_50' title='bbox 873 1122 1189 1193; x_wconf 86' lang='lat' dir='ltr'><strong>episcopum</strong></span> <span class='ocrx_word' id='word_1_51' title='bbox 1219 1125 1728 1197; x_wconf 77' lang='lat' dir='ltr'><strong>Carthaginiensem</strong></span> <span class='ocrx_word' id='word_1_52' title='bbox 1779 1132 1946 1188; x_wconf 88' lang='lat' dir='ltr'><strong>misit.</strong></span> <span class='ocrx_word' id='word_1_53' title='bbox 1973 1132 2090 1200; x_wconf 82' lang='lat' dir='ltr'><strong>Qua</strong></span> 
     </span>
    </p>
   </div>
   <div class='ocr_carea' id='block_1_12' title="bbox 519 1215 2088 1291">
    <p class='ocr_par' dir='ltr' id='par_1_12' title="bbox 519 1215 2088 1291">
     <span class='ocr_line' id='line_1_12' title="bbox 519 1215 2088 1291; baseline 0.012 -30"><span class='ocrx_word' id='word_1_54' title='bbox 519 1223 578 1262; x_wconf 90' lang='lat' dir='ltr'><strong>re</strong></span> <span class='ocrx_word' id='word_1_55' title='bbox 607 1217 900 1272; x_wconf 80' lang='lat' dir='ltr'><strong>transacta,</strong></span> <span class='ocrx_word' id='word_1_56' title='bbox 932 1215 1213 1282; x_wconf 82' lang='lat' dir='ltr'><strong>epistolam</strong></span> <span class='ocrx_word' id='word_1_57' title='bbox 1241 1218 1378 1273; x_wconf 86' lang='lat' dir='ltr'><strong>hanc</strong></span> <span class='ocrx_word' id='word_1_58' title='bbox 1406 1223 1642 1291; x_wconf 87' lang='lat' dir='ltr'><strong>synodus</strong></span> <span class='ocrx_word' id='word_1_59' title='bbox 1667 1223 1732 1276; x_wconf 87' lang='lat' dir='ltr'><strong>ad</strong></span> <span class='ocrx_word' id='word_1_60' title='bbox 1759 1222 2088 1280; x_wconf 88' lang='lat' dir='ltr'><strong>Celestinum</strong></span> 
     </span>
    </p>
   </div>
   <div class='ocr_carea' id='block_1_13' title="bbox 517 1301 2090 1385">
    <p class='ocr_par' dir='ltr' id='par_1_13' title="bbox 517 1301 2090 1385">
     <span class='ocr_line' id='line_1_13' title="bbox 517 1301 2090 1385; baseline 0.011 -30"><span class='ocrx_word' id='word_1_61' title='bbox 517 1301 687 1368; x_wconf 84' lang='lat' dir='ltr'><strong>dedit,</strong></span> <span class='ocrx_word' id='word_1_62' title='bbox 719 1318 823 1370; x_wconf 89' lang='lat' dir='ltr'><strong>qua</strong></span> <span class='ocrx_word' id='word_1_63' title='bbox 857 1303 1198 1370; x_wconf 84' lang='lat' dir='ltr'><strong>Faustinum,</strong></span> <span class='ocrx_word' id='word_1_64' title='bbox 1246 1312 1390 1380; x_wconf 91' lang='lat' dir='ltr'><strong>quod</strong></span> <span class='ocrx_word' id='word_1_65' title='bbox 1429 1312 1654 1381; x_wconf 81' lang='lat' dir='ltr'><strong>Apiario</strong></span> <span class='ocrx_word' id='word_1_66' title='bbox 1697 1314 1910 1380; x_wconf 89' lang='lat' dir='ltr'><strong>faverit,</strong></span> <span class='ocrx_word' id='word_1_67' title='bbox 1944 1317 2090 1385; x_wconf 85' lang='lat' dir='ltr'><strong>ejus-</strong></span> 
     </span>
    </p>
   </div>
   <div class='ocr_carea' id='block_1_14' title="bbox 519 1398 2090 1476">
    <p class='ocr_par' dir='ltr' id='par_1_14' title="bbox 519 1398 2090 1476">
     <span class='ocr_line' id='line_1_14' title="bbox 519 1398 2090 1476; baseline 0.013 -35"><span class='ocrx_word' id='word_1_68' title='bbox 519 1405 624 1457; x_wconf 85' lang='lat' dir='ltr'><strong>que</strong></span> <span class='ocrx_word' id='word_1_69' title='bbox 661 1403 946 1460; x_wconf 90' lang='lat' dir='ltr'><strong>patronum</strong></span> <span class='ocrx_word' id='word_1_70' title='bbox 985 1411 1049 1451; x_wconf 90' lang='lat' dir='ltr'><strong>ac</strong></span> <span class='ocrx_word' id='word_1_71' title='bbox 1083 1398 1447 1466; x_wconf 81' lang='lat' dir='ltr'><strong>defensorem,</strong></span> <span class='ocrx_word' id='word_1_72' title='bbox 1483 1418 1588 1456; x_wconf 92' lang='lat' dir='ltr'><strong>non</strong></span> <span class='ocrx_word' id='word_1_73' title='bbox 1627 1405 1863 1474; x_wconf 86' lang='lat' dir='ltr'><strong>judicem</strong></span> <span class='ocrx_word' id='word_1_74' title='bbox 1896 1409 2090 1476; x_wconf 87' lang='lat' dir='ltr'><strong>egerit,</strong></span> 
     </span>
    </p>
   </div>
   <div class='ocr_carea' id='block_1_15' title="bbox 521 1485 2091 1567">
    <p class='ocr_par' dir='ltr' id='par_1_15' title="bbox 521 1485 2091 1567">
     <span class='ocr_line' id='line_1_15' title="bbox 521 1485 2091 1567; baseline 0.013 -33"><span class='ocrx_word' id='word_1_75' title='bbox 521 1496 586 1535; x_wconf 83' lang='lat' dir='ltr'><strong>ac</strong></span> <span class='ocrx_word' id='word_1_76' title='bbox 636 1485 884 1540; x_wconf 82' lang='lat' dir='ltr'><strong>advocati</strong></span> <span class='ocrx_word' id='word_1_77' title='bbox 943 1490 1205 1556; x_wconf 80' lang='lat' dir='ltr'><strong>studium,</strong></span> <span class='ocrx_word' id='word_1_78' title='bbox 1275 1509 1380 1548; x_wconf 91' lang='lat' dir='ltr'><strong>non</strong></span> <span class='ocrx_word' id='word_1_79' title='bbox 1434 1497 1730 1564; x_wconf 89' lang='lat' dir='ltr'><strong>cognitoris</strong></span> <span class='ocrx_word' id='word_1_80' title='bbox 1783 1499 2091 1567; x_wconf 79' lang='lat' dir='ltr'><strong>aequitatem</strong></span> 
     </span>
    </p>
   </div>
   <div class='ocr_carea' id='block_1_16' title="bbox 519 1578 2094 1656">
    <p class='ocr_par' dir='ltr' id='par_1_16' title="bbox 519 1578 2094 1656">
     <span class='ocr_line' id='line_1_16' title="bbox 519 1578 2094 1656; baseline 0.01 -27"><span class='ocrx_word' id='word_1_81' title='bbox 519 1583 706 1644; x_wconf 89' lang='lat' dir='ltr'><strong>aperte</strong></span> <span class='ocrx_word' id='word_1_82' title='bbox 737 1578 1011 1646; x_wconf 86' lang='lat' dir='ltr'><strong>indicarit,</strong></span> <span class='ocrx_word' id='word_1_83' title='bbox 1048 1591 1103 1636; x_wconf 92' lang='lat' dir='ltr'><strong>et</strong></span> <span class='ocrx_word' id='word_1_84' title='bbox 1132 1584 1278 1651; x_wconf 90' lang='lat' dir='ltr'><strong>quod</strong></span> <span class='ocrx_word' id='word_1_85' title='bbox 1311 1586 1518 1656; x_wconf 84' lang='lat' dir='ltr'><strong>synodo</strong></span> <span class='ocrx_word' id='word_1_86' title='bbox 1545 1601 1604 1641; x_wconf 89' lang='lat' dir='ltr'><strong>se</strong></span> <span class='ocrx_word' id='word_1_87' title='bbox 1631 1590 1998 1644; x_wconf 86' lang='lat' dir='ltr'><strong>adversarium</strong></span> <span class='ocrx_word' id='word_1_88' title='bbox 2023 1591 2094 1646; x_wconf 89' lang='lat' dir='ltr'><strong>sit</strong></span> 
     </span>
    </p>
   </div>
   <div class='ocr_carea' id='block_1_17' title="bbox 523 1667 2089 1748">
    <p class='ocr_par' dir='ltr' id='par_1_17' title="bbox 523 1667 2089 1748">
     <span class='ocr_line' id='line_1_17' title="bbox 523 1667 2089 1748; baseline 0.008 -27"><span class='ocrx_word' id='word_1_89' title='bbox 523 1667 822 1736; x_wconf 80' lang='lat' dir='ltr'><strong>professus,</strong></span> <span class='ocrx_word' id='word_1_90' title='bbox 849 1685 946 1725; x_wconf 89' lang='lat' dir='ltr'><strong>nec</strong></span> <span class='ocrx_word' id='word_1_91' title='bbox 972 1687 1102 1727; x_wconf 90' lang='lat' dir='ltr'><strong>vero</strong></span> <span class='ocrx_word' id='word_1_92' title='bbox 1131 1674 1257 1728; x_wconf 91' lang='lat' dir='ltr'><strong>dum</strong></span> <span class='ocrx_word' id='word_1_93' title='bbox 1300 1689 1358 1729; x_wconf 93' lang='lat' dir='ltr'><strong>se</strong></span> <span class='ocrx_word' id='word_1_94' title='bbox 1391 1675 1646 1731; x_wconf 67' lang='lat' dir='ltr'><strong>Romanae</strong></span> <span class='ocrx_word' id='word_1_95' title='bbox 1681 1676 1937 1734; x_wconf 67' lang='lat' dir='ltr'><strong>Ecclesiae</strong></span> <span class='ocrx_word' id='word_1_96' title='bbox 1975 1680 2089 1748; x_wconf 85' lang='lat' dir='ltr'><strong>pri-</strong></span> 
     </span>
    </p>
   </div>
   <div class='ocr_carea' id='block_1_18' title="bbox 2195 581 3755 653">
    <p class='ocr_par' dir='ltr' id='par_1_18' title="bbox 2195 581 3755 653">
     <span class='ocr_line' id='line_1_18' title="bbox 2195 581 3755 653; baseline 0.002 -18"><span class='ocrx_word' id='word_1_97' title='bbox 2195 583 2513 650; x_wconf 76' lang='grc' dir='ltr'>εὑρίσκεται</span> <span class='ocrx_word' id='word_1_98' title='bbox 2556 585 2718 637; x_wconf 70' lang='grc' dir='ltr'>τοῦτο</span> <span class='ocrx_word' id='word_1_99' title='bbox 2783 585 2842 636; x_wconf 87' lang='grc' dir='ltr'><strong>ἐν</strong></span> <span class='ocrx_word' id='word_1_100' title='bbox 2913 585 3027 646; x_wconf 82' lang='grc' dir='ltr'>τοῖς</span> <span class='ocrx_word' id='word_1_101' title='bbox 3107 581 3415 652; x_wconf 79' lang='grc' dir='ltr'><strong>πεμφθεῖσι</strong></span> <span class='ocrx_word' id='word_1_102' title='bbox 3472 584 3618 653; x_wconf 81' lang='grc' dir='ltr'>παρὰ</span> <span class='ocrx_word' id='word_1_103' title='bbox 3672 585 3755 638; x_wconf 86' lang='grc' dir='ltr'><strong>τοῦ</strong></span> 
     </span>
    </p>
   </div>
   <div class='ocr_carea' id='block_1_19' title="bbox 2207 673 3754 746">
    <p class='ocr_par' dir='ltr' id='par_1_19' title="bbox 2207 673 3754 746">
     <span class='ocr_line' id='line_1_19' title="bbox 2207 673 3754 746; baseline 0.001 -18"><span class='ocrx_word' id='word_1_104' title='bbox 2207 673 2619 745; x_wconf 79' lang='grc' dir='ltr'><strong>Ἀλεξανδρείας</strong></span> <span class='ocrx_word' id='word_1_105' title='bbox 2644 675 2740 730; x_wconf 75' lang='grc' dir='ltr'>καὶ</span> <span class='ocrx_word' id='word_1_106' title='bbox 2775 675 2929 746; x_wconf 83' lang='grc' dir='ltr'>παρὰ</span> <span class='ocrx_word' id='word_1_107' title='bbox 2978 675 3074 728; x_wconf 89' lang='grc' dir='ltr'><strong>τοῦ</strong></span> <span class='ocrx_word' id='word_1_108' title='bbox 3125 673 3754 738; x_wconf 81' lang='grc' dir='ltr'>Κωνσταντινουπόλεως.</span> 
     </span>
    </p>
   </div>
   <div class='ocr_carea' id='block_1_20' title="bbox 2267 764 3755 838">
    <p class='ocr_par' dir='ltr' id='par_1_20' title="bbox 2267 764 3755 838">
     <span class='ocr_line' id='line_1_20' title="bbox 2267 764 3755 838; baseline -0.001 -17"><span class='ocrx_word' id='word_1_109' title='bbox 2267 765 2514 821; x_wconf 83' lang='grc' dir='ltr'><strong>ΖΩΝΑΡ.</strong></span> <span class='ocrx_word' id='word_1_110' title='bbox 2546 765 2666 821; x_wconf 87' lang='grc' dir='ltr'><strong>Τοῦ</strong></span> <span class='ocrx_word' id='word_1_111' title='bbox 2709 766 2996 838; x_wconf 81' lang='grc' dir='ltr'>’Δπιαρίου</span> <span class='ocrx_word' id='word_1_112' title='bbox 3036 765 3428 835; x_wconf 80' lang='grc' dir='ltr'><strong>ἀφορισθέντος</strong></span> <span class='ocrx_word' id='word_1_113' title='bbox 3470 767 3533 819; x_wconf 86' lang='grc' dir='ltr'><strong>ἐκ</strong></span> <span class='ocrx_word' id='word_1_114' title='bbox 3589 764 3682 832; x_wconf 83' lang='grc' dir='ltr'>τῆς</span> <span class='ocrx_word' id='word_1_115' title='bbox 3705 768 3755 820; x_wconf 66' lang='grc' dir='ltr'><strong>ἐν</strong></span> 
     </span>
    </p>
   </div>
   <div class='ocr_carea' id='block_1_21' title="bbox 2208 855 3752 928">
    <p class='ocr_par' dir='ltr' id='par_1_21' title="bbox 2208 855 3752 928">
     <span class='ocr_line' id='line_1_21' title="bbox 2208 855 3752 928; baseline -0.001 -18"><span class='ocrx_word' id='word_1_116' title='bbox 2208 855 2443 926; x_wconf 77' lang='grc' dir='ltr'>’Δφρικῇ</span> <span class='ocrx_word' id='word_1_117' title='bbox 2487 857 2730 919; x_wconf 81' lang='grc' dir='ltr'><strong>συνόδου,</strong></span> <span class='ocrx_word' id='word_1_118' title='bbox 2797 858 2892 909; x_wconf 74' lang='grc' dir='ltr'>καὶ</span> <span class='ocrx_word' id='word_1_119' title='bbox 2981 855 3382 926; x_wconf 80' lang='grc' dir='ltr'><strong>προσελθόντος</strong></span> <span class='ocrx_word' id='word_1_120' title='bbox 3439 855 3517 924; x_wconf 82' lang='grc' dir='ltr'>τῷ</span> <span class='ocrx_word' id='word_1_121' title='bbox 3568 858 3752 928; x_wconf 74' lang='grc' dir='ltr'>πάππα</span> 
     </span>
    </p>
   </div>
   <div class='ocr_carea' id='block_1_22' title="bbox 2195 946 3759 1019">
    <p class='ocr_par' dir='ltr' id='par_1_22' title="bbox 2195 946 3759 1019">
     <span class='ocr_line' id='line_1_22' title="bbox 2195 946 3759 1019; baseline -0.001 -15"><span class='ocrx_word' id='word_1_122' title='bbox 2195 947 2525 1017; x_wconf 73' lang='grc' dir='ltr'>Κελεστίνῳ,</span> <span class='ocrx_word' id='word_1_123' title='bbox 2552 946 2806 1011; x_wconf 80' lang='grc' dir='ltr'>λυθέντος</span> <span class='ocrx_word' id='word_1_124' title='bbox 2848 965 2908 1001; x_wconf 86' lang='grc' dir='ltr'><strong>τε</strong></span> <span class='ocrx_word' id='word_1_125' title='bbox 2940 947 3032 1001; x_wconf 90' lang='grc' dir='ltr'><strong>τοῦ</strong></span> <span class='ocrx_word' id='word_1_126' title='bbox 3068 947 3407 1019; x_wconf 82' lang='grc' dir='ltr'>ἀφορισμοῦ,</span> <span class='ocrx_word' id='word_1_127' title='bbox 3469 951 3498 1002; x_wconf 86' lang='grc' dir='ltr'><strong>ό</strong></span> <span class='ocrx_word' id='word_1_128' title='bbox 3554 950 3759 1003; x_wconf 84' lang='grc' dir='ltr'>ἐπίσκο-</span> 
     </span>
    </p>
   </div>
   <div class='ocr_carea' id='block_1_23' title="bbox 2199 1041 3755 1111">
    <p class='ocr_par' dir='ltr' id='par_1_23' title="bbox 2199 1041 3755 1111">
     <span class='ocr_line' id='line_1_23' title="bbox 2199 1041 3755 1111; baseline 0.001 -17"><span class='ocrx_word' id='word_1_129' title='bbox 2199 1058 2299 1102; x_wconf 78' lang='grc' dir='ltr'><strong>πος</strong></span> <span class='ocrx_word' id='word_1_130' title='bbox 2327 1041 2622 1103; x_wconf 73' lang='grc' dir='ltr'>Φαυστῖνος</span> <span class='ocrx_word' id='word_1_131' title='bbox 2664 1041 2866 1111; x_wconf 81' lang='grc' dir='ltr'>ἐστάλη</span> <span class='ocrx_word' id='word_1_132' title='bbox 2907 1042 3006 1094; x_wconf 75' lang='grc' dir='ltr'><strong>σὺν</strong></span> <span class='ocrx_word' id='word_1_133' title='bbox 3050 1041 3245 1111; x_wconf 84' lang='grc' dir='ltr'>ἐκείνῳ</span> <span class='ocrx_word' id='word_1_134' title='bbox 3303 1043 3388 1106; x_wconf 85' lang='grc' dir='ltr'><strong>είς</strong></span> <span class='ocrx_word' id='word_1_135' title='bbox 3447 1043 3755 1110; x_wconf 78' lang='grc' dir='ltr'><strong>Καρχηδόνα</strong></span> 
     </span>
    </p>
   </div>
   <div class='ocr_carea' id='block_1_24' title="bbox 2197 1131 3759 1202">
    <p class='ocr_par' dir='ltr' id='par_1_24' title="bbox 2197 1131 3759 1202">
     <span class='ocr_line' id='line_1_24' title="bbox 2197 1131 3759 1202; baseline 0.003 -16"><span class='ocrx_word' id='word_1_136' title='bbox 2197 1132 2472 1199; x_wconf 79' lang='grc' dir='ltr'>ἐξετάσων</span> <span class='ocrx_word' id='word_1_137' title='bbox 2496 1131 2562 1184; x_wconf 69' lang='grc' dir='ltr'>τὲ</span> <span class='ocrx_word' id='word_1_138' title='bbox 2598 1131 2722 1184; x_wconf 85' lang='grc' dir='ltr'>κατ’</span> <span class='ocrx_word' id='word_1_139' title='bbox 2753 1132 2963 1186; x_wconf 81' lang='grc' dir='ltr'>ἐκείνου</span> <span class='ocrx_word' id='word_1_140' title='bbox 2995 1134 3133 1202; x_wconf 72' lang='grc' dir='ltr'>μετὰ</span> <span class='ocrx_word' id='word_1_141' title='bbox 3166 1133 3268 1200; x_wconf 88' lang='grc' dir='ltr'>τῆς</span> <span class='ocrx_word' id='word_1_142' title='bbox 3340 1134 3460 1186; x_wconf 82' lang='grc' dir='ltr'>ἐκεῖ</span> <span class='ocrx_word' id='word_1_143' title='bbox 3539 1134 3759 1190; x_wconf 80' lang='grc' dir='ltr'><strong>συνόδου.</strong></span> 
     </span>
    </p>
   </div>
   <div class='ocr_carea' id='block_1_25' title="bbox 2205 1220 3762 1291">
    <p class='ocr_par' dir='ltr' id='par_1_25' title="bbox 2205 1220 3762 1291">
     <span class='ocr_line' id='line_1_25' title="bbox 2205 1220 3762 1291; baseline 0.002 -17"><span class='ocrx_word' id='word_1_144' title='bbox 2205 1221 2511 1288; x_wconf 82' lang='grc' dir='ltr'>Γενομένης</span> <span class='ocrx_word' id='word_1_145' title='bbox 2542 1220 2598 1273; x_wconf 87' lang='grc' dir='ltr'>δὲ</span> <span class='ocrx_word' id='word_1_146' title='bbox 2628 1222 2726 1290; x_wconf 83' lang='grc' dir='ltr'><strong>τῆς</strong></span> <span class='ocrx_word' id='word_1_147' title='bbox 2785 1221 3058 1290; x_wconf 81' lang='grc' dir='ltr'>πράξεως,</span> <span class='ocrx_word' id='word_1_148' title='bbox 3131 1223 3416 1276; x_wconf 77' lang='grc' dir='ltr'>ἐπέστειλε</span> <span class='ocrx_word' id='word_1_149' title='bbox 3476 1224 3554 1291; x_wconf 84' lang='grc' dir='ltr'>τῷ</span> <span class='ocrx_word' id='word_1_150' title='bbox 3611 1225 3762 1277; x_wconf 75' lang='grc' dir='ltr'>Κελεο</span> 
     </span>
    </p>
   </div>
   <div class='ocr_carea' id='block_1_26' title="bbox 2202 1310 3759 1386">
    <p class='ocr_par' dir='ltr' id='par_1_26' title="bbox 2202 1310 3759 1386">
     <span class='ocr_line' id='line_1_26' title="bbox 2202 1310 3759 1386; baseline 0.003 -22"><span class='ocrx_word' id='word_1_151' title='bbox 2202 1312 2365 1381; x_wconf 86' lang='grc' dir='ltr'>στίνῳ</span> <span class='ocrx_word' id='word_1_152' title='bbox 2393 1315 2423 1380; x_wconf 80' lang='grc' dir='ltr'>ὴ</span> <span class='ocrx_word' id='word_1_153' title='bbox 2462 1311 2681 1374; x_wconf 82' lang='grc' dir='ltr'>σύνοδος</span> <span class='ocrx_word' id='word_1_154' title='bbox 2704 1310 2801 1382; x_wconf 75' lang='grc' dir='ltr'>τὴν</span> <span class='ocrx_word' id='word_1_155' title='bbox 2832 1313 3127 1384; x_wconf 80' lang='grc' dir='ltr'>ἐπιστολὴν</span> <span class='ocrx_word' id='word_1_156' title='bbox 3152 1315 3387 1383; x_wconf 88' lang='grc' dir='ltr'>ταύτην,</span> <span class='ocrx_word' id='word_1_157' title='bbox 3441 1315 3510 1367; x_wconf 87' lang='grc' dir='ltr'>δι’</span> <span class='ocrx_word' id='word_1_158' title='bbox 3555 1310 3622 1386; x_wconf 79' lang='grc' dir='ltr'>ἧς</span> <span class='ocrx_word' id='word_1_159' title='bbox 3684 1318 3759 1369; x_wconf 84' lang='grc' dir='ltr'><strong>αἱ-</strong></span> 
     </span>
    </p>
   </div>
   <div class='ocr_carea' id='block_1_27' title="bbox 2199 1398 3760 1472">
    <p class='ocr_par' dir='ltr' id='par_1_27' title="bbox 2199 1398 3760 1472">
     <span class='ocr_line' id='line_1_27' title="bbox 2199 1398 3760 1472; baseline 0.004 -20"><span class='ocrx_word' id='word_1_160' title='bbox 2199 1401 2383 1452; x_wconf 83' lang='grc' dir='ltr'>τιᾶται</span> <span class='ocrx_word' id='word_1_161' title='bbox 2459 1398 2550 1451; x_wconf 82' lang='grc' dir='ltr'><strong>τὸν</strong></span> <span class='ocrx_word' id='word_1_162' title='bbox 2632 1401 2954 1466; x_wconf 81' lang='grc' dir='ltr'>Φαυστῖνον,</span> <span class='ocrx_word' id='word_1_163' title='bbox 3027 1403 3104 1465; x_wconf 85' lang='grc' dir='ltr'>ὡς</span> <span class='ocrx_word' id='word_1_164' title='bbox 3155 1403 3612 1472; x_wconf 76' lang='grc' dir='ltr'>ἀντιποιούμενον</span> <span class='ocrx_word' id='word_1_165' title='bbox 3677 1406 3760 1459; x_wconf 88' lang='grc' dir='ltr'><strong>τοῦ</strong></span> 
     </span>
    </p>
   </div>
   <div class='ocr_carea' id='block_1_28' title="bbox 2211 1489 3758 1568">
    <p class='ocr_par' dir='ltr' id='par_1_28' title="bbox 2211 1489 3758 1568">
     <span class='ocr_line' id='line_1_28' title="bbox 2211 1489 3758 1568; baseline 0.006 -26"><span class='ocrx_word' id='word_1_166' title='bbox 2211 1489 2499 1563; x_wconf 84' lang='grc' dir='ltr'>Ἀπιαρίου</span> <span class='ocrx_word' id='word_1_167' title='bbox 2529 1493 2621 1545; x_wconf 77' lang='grc' dir='ltr'>καὶ</span> <span class='ocrx_word' id='word_1_168' title='bbox 2647 1494 2961 1563; x_wconf 86' lang='grc' dir='ltr'>πατρωνίαν</span> <span class='ocrx_word' id='word_1_169' title='bbox 3012 1494 3100 1548; x_wconf 82' lang='grc' dir='ltr'>ἐπ’</span> <span class='ocrx_word' id='word_1_170' title='bbox 3156 1496 3314 1565; x_wconf 85' lang='grc' dir='ltr'>αύτῷ</span> <span class='ocrx_word' id='word_1_171' title='bbox 3385 1497 3758 1568; x_wconf 75' lang='grc' dir='ltr'>ἐνδειξάμενον,</span> 
     </span>
    </p>
   </div>
   <div class='ocr_carea' id='block_1_29' title="bbox 2201 1580 3764 1658">
    <p class='ocr_par' dir='ltr' id='par_1_29' title="bbox 2201 1580 3764 1658">
     <span class='ocr_line' id='line_1_29' title="bbox 2201 1580 3764 1658; baseline 0.007 -26"><span class='ocrx_word' id='word_1_172' title='bbox 2201 1580 2366 1651; x_wconf 74' lang='grc' dir='ltr'>ἤγουν</span> <span class='ocrx_word' id='word_1_173' title='bbox 2392 1583 2752 1652; x_wconf 87' lang='grc' dir='ltr'>προστασίαν,</span> <span class='ocrx_word' id='word_1_174' title='bbox 2787 1584 3064 1655; x_wconf 86' lang='grc' dir='ltr'>βοήθειαν,</span> <span class='ocrx_word' id='word_1_175' title='bbox 3143 1587 3350 1640; x_wconf 81' lang='grc' dir='ltr'>ἀλλὀὐ</span> <span class='ocrx_word' id='word_1_176' title='bbox 3411 1589 3610 1658; x_wconf 80' lang='grc' dir='ltr'>κρίσιν,</span> <span class='ocrx_word' id='word_1_177' title='bbox 3683 1592 3764 1645; x_wconf 64' lang='grc' dir='ltr'><strong>καὶ</strong></span> 
     </span>
    </p>
   </div>
   <div class='ocr_carea' id='block_1_30' title="bbox 2205 1675 3761 1751">
    <p class='ocr_par' dir='ltr' id='par_1_30' title="bbox 2205 1675 3761 1751">
     <span class='ocr_line' id='line_1_30' title="bbox 2205 1675 3761 1751; baseline 0.004 -26"><span class='ocrx_word' id='word_1_178' title='bbox 2205 1675 2443 1745; x_wconf 79' lang='grc' dir='ltr'>σπουδὴν</span> <span class='ocrx_word' id='word_1_179' title='bbox 2503 1676 2873 1742; x_wconf 80' lang='grc' dir='ltr'>ἐκδικοῦντος,</span> <span class='ocrx_word' id='word_1_180' title='bbox 2941 1679 3061 1734; x_wconf 78' lang='grc' dir='ltr'>ἀλλ’</span> <span class='ocrx_word' id='word_1_181' title='bbox 3098 1680 3159 1733; x_wconf 82' lang='grc' dir='ltr'><strong>ού</strong></span> <span class='ocrx_word' id='word_1_182' title='bbox 3208 1679 3566 1751; x_wconf 81' lang='grc' dir='ltr'>δικαιοσύνην</span> <span class='ocrx_word' id='word_1_183' title='bbox 3609 1681 3761 1744; x_wconf 85' lang='grc' dir='ltr'>διαγι-</span> 
     </span>
    </p>
   </div>
   <div class='ocr_carea' id='block_1_31' title="bbox 430 4149 2118 4217">
    <p class='ocr_par' dir='ltr' id='par_1_31' title="bbox 430 4149 2118 4217">
     <span class='ocr_line' id='line_1_31' title="bbox 430 4149 2118 4217; baseline 0.005 -17"><span class='ocrx_word' id='word_1_184' title='bbox 430 4183 432 4185; x_wconf 63' lang='grc'><strong>›</strong></span> <span class='ocrx_word' id='word_1_185' title='bbox 537 4154 734 4216; x_wconf 73' lang='lat' dir='ltr'><strong>praeter</strong></span> <span class='ocrx_word' id='word_1_186' title='bbox 781 4161 1008 4204; x_wconf 71' lang='lat' dir='ltr'><strong>caeteros</strong></span> <span class='ocrx_word' id='word_1_187' title='bbox 1054 4149 1233 4206; x_wconf 83' lang='lat' dir='ltr'><strong>forent</strong></span> <span class='ocrx_word' id='word_1_188' title='bbox 1285 4153 1598 4217; x_wconf 69' lang='lat' dir='ltr'><strong>cognitores</strong></span> <span class='ocrx_word' id='word_1_189' title='bbox 1649 4167 1711 4207; x_wconf 88' lang='lat' dir='ltr'><strong>ac</strong></span> <span class='ocrx_word' id='word_1_190' title='bbox 1763 4163 2118 4208; x_wconf 81' lang='lat' dir='ltr'><strong>exsecutores</strong></span> 
     </span>
    </p>
   </div>
   <div class='ocr_carea' id='block_1_32' title="bbox 521 1758 2096 1844">
    <p class='ocr_par' dir='ltr' id='par_1_32' title="bbox 521 1758 2095 1834">
     <span class='ocr_line' id='line_1_32' title="bbox 521 1758 2095 1834; baseline 0.009 -26"><span class='ocrx_word' id='word_1_191' title='bbox 521 1758 840 1828; x_wconf 85' lang='lat' dir='ltr'><strong>vilegiorum</strong></span> <span class='ocrx_word' id='word_1_192' title='bbox 866 1760 1135 1817; x_wconf 81' lang='lat' dir='ltr'><strong>vindicem</strong></span> <span class='ocrx_word' id='word_1_193' title='bbox 1165 1763 1492 1826; x_wconf 85' lang='lat' dir='ltr'><strong>ostenderit,</strong></span> <span class='ocrx_word' id='word_1_194' title='bbox 1521 1778 1552 1817; x_wconf 87' lang='lat' dir='ltr'><strong>a</strong></span> <span class='ocrx_word' id='word_1_195' title='bbox 1587 1765 1932 1820; x_wconf 86' lang='lat' dir='ltr'><strong>contumeliis</strong></span> <span class='ocrx_word' id='word_1_196' title='bbox 1963 1781 2095 1834; x_wconf 86' lang='lat' dir='ltr'><strong>quo-</strong></span> 
     </span>
    </p>
   </div>
   <div class='ocr_carea' id='block_1_33' title="bbox 2207 1758 3760 1844">
    <p class='ocr_par' dir='ltr' id='par_1_33' title="bbox 2207 1758 3760 1844">
     <span class='ocr_line' id='line_1_33' title="bbox 2207 1758 3760 1844; baseline 0.008 -26"><span class='ocrx_word' id='word_1_197' title='bbox 2207 1758 2507 1832; x_wconf 80' lang='grc' dir='ltr'>νώσκοντος</span> <span class='ocrx_word' id='word_1_198' title='bbox 2526 1771 2642 1840; x_wconf 77' lang='grc' dir='ltr'>ἦτοι</span> <span class='ocrx_word' id='word_1_199' title='bbox 2677 1771 3012 1837; x_wconf 80' lang='grc' dir='ltr'>δικάζοντος,</span> <span class='ocrx_word' id='word_1_200' title='bbox 3074 1775 3169 1828; x_wconf 74' lang='grc' dir='ltr'>καὶ</span> <span class='ocrx_word' id='word_1_201' title='bbox 3238 1774 3635 1844; x_wconf 79' lang='grc' dir='ltr'>ἀνθιστάμενον</span> <span class='ocrx_word' id='word_1_202' title='bbox 3704 1775 3760 1842; x_wconf 76' lang='grc' dir='ltr'>τῇ</span> 
     </span>
    </p>
   </div>
   <div class='ocr_carea' id='block_1_34' title="bbox 521 1836 2096 1935">
    <p class='ocr_par' dir='ltr' id='par_1_34' title="bbox 521 1853 2096 1927">
     <span class='ocr_line' id='line_1_34' title="bbox 521 1853 2096 1927; baseline 0.008 -26"><span class='ocrx_word' id='word_1_203' title='bbox 521 1865 628 1917; x_wconf 89' lang='lat' dir='ltr'><strong>que</strong></span> <span class='ocrx_word' id='word_1_204' title='bbox 653 1853 974 1909; x_wconf 84' lang='lat' dir='ltr'><strong>abstinuerit</strong></span> <span class='ocrx_word' id='word_1_205' title='bbox 1000 1853 1149 1920; x_wconf 87' lang='lat' dir='ltr'><strong>(sunt</strong></span> <span class='ocrx_word' id='word_1_206' title='bbox 1174 1864 1350 1912; x_wconf 87' lang='lat' dir='ltr'><strong>autem</strong></span> <span class='ocrx_word' id='word_1_207' title='bbox 1387 1858 1669 1927; x_wconf 83' lang='lat' dir='ltr'><strong>privilegia</strong></span> <span class='ocrx_word' id='word_1_208' title='bbox 1697 1866 1752 1912; x_wconf 88' lang='lat' dir='ltr'><strong>et</strong></span> <span class='ocrx_word' id='word_1_209' title='bbox 1779 1866 2096 1927; x_wconf 85' lang='lat' dir='ltr'><strong>patronatus</strong></span> 
     </span>
    </p>
   </div>
   <div class='ocr_carea' id='block_1_35' title="bbox 2207 1836 3763 1935">
    <p class='ocr_par' dir='ltr' id='par_1_35' title="bbox 2207 1836 3763 1935">
     <span class='ocr_line' id='line_1_35' title="bbox 2207 1836 3763 1935; baseline 0.005 -25"><span class='ocrx_word' id='word_1_210' title='bbox 2207 1860 2426 1927; x_wconf 85' lang='grc' dir='ltr'>συνόδῳ,</span> <span class='ocrx_word' id='word_1_211' title='bbox 2480 1836 2574 1916; x_wconf 60' lang='grc' dir='ltr'>καλ.</span> <span class='ocrx_word' id='word_1_212' title='bbox 2606 1864 2686 1926; x_wconf 84' lang='grc' dir='ltr'><strong>είς</strong></span> <span class='ocrx_word' id='word_1_213' title='bbox 2722 1863 2910 1934; x_wconf 76' lang='grc' dir='ltr'>ὕϐρεις</span> <span class='ocrx_word' id='word_1_214' title='bbox 2931 1866 3285 1935; x_wconf 77' lang='grc' dir='ltr'>χωρήσαντα,</span> <span class='ocrx_word' id='word_1_215' title='bbox 3346 1867 3426 1930; x_wconf 87' lang='grc' dir='ltr'>ὠς</span> <span class='ocrx_word' id='word_1_216' title='bbox 3481 1836 3663 1934; x_wconf 61' lang='grc' dir='ltr'><strong>⁷δῆθεν</strong></span> <span class='ocrx_word' id='word_1_217' title='bbox 3707 1836 3763 1918; x_wconf 56' lang='grc' dir='ltr'><strong>τέ</strong></span> 
     </span>
    </p>
   </div>
   <div class='ocr_carea' id='block_1_36' title="bbox 525 1940 2096 2027">
    <p class='ocr_par' dir='ltr' id='par_1_36' title="bbox 525 1940 2096 2018">
     <span class='ocr_line' id='line_1_36' title="bbox 525 1940 2096 2018; baseline 0.008 -25"><span class='ocrx_word' id='word_1_218' title='bbox 525 1940 783 1996; x_wconf 78' lang='lat' dir='ltr'><strong>Romanae</strong></span> <span class='ocrx_word' id='word_1_219' title='bbox 828 1944 941 2000; x_wconf 84' lang='lat' dir='ltr'><strong>sive</strong></span> <span class='ocrx_word' id='word_1_220' title='bbox 975 1945 1180 2000; x_wconf 61' lang='lat' dir='ltr'><strong>Latinae</strong></span> <span class='ocrx_word' id='word_1_221' title='bbox 1217 1948 1422 2018; x_wconf 87' lang='lat' dir='ltr'><strong>voces),</strong></span> <span class='ocrx_word' id='word_1_222' title='bbox 1454 1950 1806 2004; x_wconf 83' lang='lat' dir='ltr'><strong>vehementer</strong></span> <span class='ocrx_word' id='word_1_223' title='bbox 1839 1957 2096 2016; x_wconf 85' lang='lat' dir='ltr'><strong>accusat;</strong></span> 
     </span>
    </p>
   </div>
   <div class='ocr_carea' id='block_1_37' title="bbox 2207 1940 3758 2027">
    <p class='ocr_par' dir='ltr' id='par_1_37' title="bbox 2207 1953 3758 2027">
     <span class='ocr_line' id='line_1_37' title="bbox 2207 1953 3758 2027; baseline 0.002 -22"><span class='ocrx_word' id='word_1_224' title='bbox 2207 1953 2302 2023; x_wconf 87' lang='grc' dir='ltr'>τῆς</span> <span class='ocrx_word' id='word_1_225' title='bbox 2349 1953 2639 2023; x_wconf 85' lang='grc' dir='ltr'>Ῥωμαίων</span> <span class='ocrx_word' id='word_1_226' title='bbox 2682 1955 3010 2024; x_wconf 81' lang='grc' dir='ltr'>Ἐκκλησίας</span> <span class='ocrx_word' id='word_1_227' title='bbox 3066 1957 3400 2010; x_wconf 79' lang='grc' dir='ltr'>ἐκδικοῦντα</span> <span class='ocrx_word' id='word_1_228' title='bbox 3467 1956 3758 2027; x_wconf 81' lang='grc' dir='ltr'>πριδιλέγια</span> 
     </span>
    </p>
   </div>
   <div class='ocr_carea' id='block_1_38' title="bbox 523 2033 2103 2108">
    <p class='ocr_par' dir='ltr' id='par_1_38' title="bbox 523 2033 2103 2108">
     <span class='ocr_line' id='line_1_38' title="bbox 523 2033 2103 2108; baseline 0.007 -22"><span class='ocrx_word' id='word_1_229' title='bbox 523 2033 798 2103; x_wconf 83' lang='lat' dir='ltr'><strong>quodque,</strong></span> <span class='ocrx_word' id='word_1_230' title='bbox 832 2044 893 2090; x_wconf 92' lang='lat' dir='ltr'><strong>ut</strong></span> <span class='ocrx_word' id='word_1_231' title='bbox 918 2035 965 2092; x_wconf 89' lang='lat' dir='ltr'><strong>is</strong></span> <span class='ocrx_word' id='word_1_232' title='bbox 986 2051 1016 2091; x_wconf 86' lang='lat' dir='ltr'><strong>a</strong></span> <span class='ocrx_word' id='word_1_233' title='bbox 1041 2040 1247 2108; x_wconf 85' lang='lat' dir='ltr'><strong>synodo</strong></span> <span class='ocrx_word' id='word_1_234' title='bbox 1277 2041 1346 2096; x_wconf 89' lang='lat' dir='ltr'><strong>ad</strong></span> <span class='ocrx_word' id='word_1_235' title='bbox 1375 2043 1812 2097; x_wconf 88' lang='lat' dir='ltr'><strong>communionem</strong></span> <span class='ocrx_word' id='word_1_236' title='bbox 1847 2044 2103 2097; x_wconf 82' lang='lat' dir='ltr'><strong>admitte-</strong></span> 
     </span>
    </p>
   </div>
   <div class='ocr_carea' id='block_1_39' title="bbox 525 2127 2104 2204">
    <p class='ocr_par' dir='ltr' id='par_1_39' title="bbox 525 2127 2104 2204">
     <span class='ocr_line' id='line_1_39' title="bbox 525 2127 2104 2204; baseline 0.006 -25"><span class='ocrx_word' id='word_1_237' title='bbox 525 2137 695 2189; x_wconf 89' lang='lat' dir='ltr'><strong>retur,</strong></span> <span class='ocrx_word' id='word_1_238' title='bbox 746 2127 909 2184; x_wconf 89' lang='lat' dir='ltr'><strong>nimia</strong></span> <span class='ocrx_word' id='word_1_239' title='bbox 965 2130 1312 2189; x_wconf 82' lang='lat' dir='ltr'><strong>festinatione</strong></span> <span class='ocrx_word' id='word_1_240' title='bbox 1361 2135 1756 2204; x_wconf 85' lang='lat' dir='ltr'><strong>approperarit.</strong></span> <span class='ocrx_word' id='word_1_241' title='bbox 1807 2132 1927 2187; x_wconf 87' lang='lat' dir='ltr'><strong>Non</strong></span> <span class='ocrx_word' id='word_1_242' title='bbox 1977 2139 2104 2204; x_wconf 84' lang='lat' dir='ltr'><strong>pro-</strong></span> 
     </span>
    </p>
   </div>
   <div class='ocr_carea' id='block_1_40' title="bbox 523 2218 2101 2290">
    <p class='ocr_par' dir='ltr' id='par_1_40' title="bbox 523 2218 2101 2290">
     <span class='ocr_line' id='line_1_40' title="bbox 523 2218 2101 2290; baseline 0.004 -17"><span class='ocrx_word' id='word_1_243' title='bbox 523 2218 694 2274; x_wconf 86' lang='lat' dir='ltr'><strong>cessit</strong></span> <span class='ocrx_word' id='word_1_244' title='bbox 741 2231 944 2290; x_wconf 89' lang='lat' dir='ltr'><strong>tamen,</strong></span> <span class='ocrx_word' id='word_1_245' title='bbox 993 2224 1088 2279; x_wconf 92' lang='lat' dir='ltr'><strong>sed</strong></span> <span class='ocrx_word' id='word_1_246' title='bbox 1139 2223 1324 2288; x_wconf 88' lang='lat' dir='ltr'><strong>Deus,</strong></span> <span class='ocrx_word' id='word_1_247' title='bbox 1374 2223 1619 2281; x_wconf 80' lang='lat' dir='ltr'><strong>Faustini</strong></span> <span class='ocrx_word' id='word_1_248' title='bbox 1678 2225 2101 2290; x_wconf 84' lang='lat' dir='ltr'><strong>cunctationem,</strong></span> 
     </span>
    </p>
   </div>
   <div class='ocr_carea' id='block_1_41' title="bbox 525 2312 2106 2389">
    <p class='ocr_par' dir='ltr' id='par_1_41' title="bbox 525 2312 2106 2389">
     <span class='ocr_line' id='line_1_41' title="bbox 525 2312 2106 2389; baseline 0.005 -24"><span class='ocrx_word' id='word_1_249' title='bbox 525 2312 843 2380; x_wconf 80' lang='lat' dir='ltr'><strong>dilationes,</strong></span> <span class='ocrx_word' id='word_1_250' title='bbox 892 2317 1276 2384; x_wconf 85' lang='lat' dir='ltr'><strong>protelationes</strong></span> <span class='ocrx_word' id='word_1_251' title='bbox 1331 2318 1561 2384; x_wconf 87' lang='lat' dir='ltr'><strong>scilicet,</strong></span> <span class='ocrx_word' id='word_1_252' title='bbox 1623 2317 2106 2389; x_wconf 86' lang='lat' dir='ltr'><strong>frustratoriasque</strong></span> 
     </span>
    </p>
   </div>
   <div class='ocr_carea' id='block_1_42' title="bbox 525 2403 2105 2480">
    <p class='ocr_par' dir='ltr' id='par_1_42' title="bbox 525 2403 2105 2480">
     <span class='ocr_line' id='line_1_42' title="bbox 525 2403 2105 2480; baseline 0.006 -24"><span class='ocrx_word' id='word_1_253' title='bbox 525 2403 734 2472; x_wconf 79' lang='lat' dir='ltr'><strong>Apiarii</strong></span> <span class='ocrx_word' id='word_1_254' title='bbox 762 2407 1254 2473; x_wconf 81' lang='lat' dir='ltr'><strong>tergiversationes.</strong></span> <span class='ocrx_word' id='word_1_255' title='bbox 1283 2408 1389 2464; x_wconf 89' lang='lat' dir='ltr'><strong>hoc</strong></span> <span class='ocrx_word' id='word_1_256' title='bbox 1415 2417 1521 2476; x_wconf 86' lang='lat' dir='ltr'><strong>est,</strong></span> <span class='ocrx_word' id='word_1_257' title='bbox 1556 2409 2105 2480; x_wconf 86' lang='lat' dir='ltr'><strong>procrastinationes,</strong></span> 
     </span>
    </p>
   </div>
   <div class='ocr_carea' id='block_1_43' title="bbox 527 2497 2108 2569">
    <p class='ocr_par' dir='ltr' id='par_1_43' title="bbox 527 2497 2108 2569">
     <span class='ocr_line' id='line_1_43' title="bbox 527 2497 2108 2569; baseline 0.004 -18"><span class='ocrx_word' id='word_1_258' title='bbox 527 2497 581 2551; x_wconf 91' lang='lat' dir='ltr'><strong>in</strong></span> <span class='ocrx_word' id='word_1_259' title='bbox 615 2499 848 2569; x_wconf 82' lang='lat' dir='ltr'><strong>negotiis</strong></span> <span class='ocrx_word' id='word_1_260' title='bbox 872 2499 1130 2568; x_wconf 74' lang='lat' dir='ltr'><strong>gerendis</strong></span> <span class='ocrx_word' id='word_1_261' title='bbox 1161 2516 1393 2569; x_wconf 90' lang='lat' dir='ltr'><strong>moram,</strong></span> <span class='ocrx_word' id='word_1_262' title='bbox 1438 2503 1619 2556; x_wconf 91' lang='lat' dir='ltr'><strong>subito</strong></span> <span class='ocrx_word' id='word_1_263' title='bbox 1651 2501 1940 2567; x_wconf 83' lang='lat' dir='ltr'><strong>dissolvit;</strong></span> <span class='ocrx_word' id='word_1_264' title='bbox 1986 2515 2108 2558; x_wconf 90' lang='lat' dir='ltr'><strong>eam</strong></span> 
     </span>
    </p>
   </div>
   <div class='ocr_carea' id='block_1_44' title="bbox 527 2592 2104 2666">
    <p class='ocr_par' dir='ltr' id='par_1_44' title="bbox 527 2592 2104 2666">
     <span class='ocr_line' id='line_1_44' title="bbox 527 2592 2104 2666; baseline 0.006 -23"><span class='ocrx_word' id='word_1_265' title='bbox 527 2599 761 2646; x_wconf 90' lang='lat' dir='ltr'><strong>mentem</strong></span> <span class='ocrx_word' id='word_1_266' title='bbox 805 2592 882 2646; x_wconf 90' lang='lat' dir='ltr'><strong>illi</strong></span> <span class='ocrx_word' id='word_1_267' title='bbox 933 2593 1226 2657; x_wconf 91' lang='lat' dir='ltr'><strong>immitens,</strong></span> <span class='ocrx_word' id='word_1_268' title='bbox 1277 2603 1335 2650; x_wconf 94' lang='lat' dir='ltr'><strong>ut</strong></span> <span class='ocrx_word' id='word_1_269' title='bbox 1377 2594 1589 2663; x_wconf 82' lang='lat' dir='ltr'><strong>objecta</strong></span> <span class='ocrx_word' id='word_1_270' title='bbox 1633 2596 1862 2651; x_wconf 90' lang='lat' dir='ltr'><strong>crimina</strong></span> <span class='ocrx_word' id='word_1_271' title='bbox 1907 2606 2104 2666; x_wconf 90' lang='lat' dir='ltr'><strong>sponte</strong></span> 
     </span>
    </p>
   </div>
   <div class='ocr_carea' id='block_1_45' title="bbox 473 2681 2102 2756">
    <p class='ocr_par' dir='ltr' id='par_1_45' title="bbox 473 2681 2102 2756">
     <span class='ocr_line' id='line_1_45' title="bbox 473 2681 2102 2756; baseline 0.004 -21"><span class='ocrx_word' id='word_1_272' title='bbox 473 2709 478 2716; x_wconf 83' lang='lat'><strong>~</strong></span> <span class='ocrx_word' id='word_1_273' title='bbox 526 2681 898 2739; x_wconf 80' lang='lat' dir='ltr'><strong>conﬁteretur.</strong></span> <span class='ocrx_word' id='word_1_274' title='bbox 925 2681 1040 2747; x_wconf 81' lang='lat' dir='ltr'><strong>llis,</strong></span> <span class='ocrx_word' id='word_1_275' title='bbox 1076 2685 1148 2738; x_wconf 88' lang='lat' dir='ltr'><strong>ita</strong></span> <span class='ocrx_word' id='word_1_276' title='bbox 1183 2695 1241 2739; x_wconf 88' lang='lat' dir='ltr'><strong>ut</strong></span> <span class='ocrx_word' id='word_1_277' title='bbox 1268 2694 1384 2741; x_wconf 86' lang='lat' dir='ltr'><strong>acta</strong></span> <span class='ocrx_word' id='word_1_278' title='bbox 1413 2695 1560 2752; x_wconf 89' lang='lat' dir='ltr'><strong>sunt,</strong></span> <span class='ocrx_word' id='word_1_279' title='bbox 1588 2686 1642 2740; x_wconf 90' lang='lat' dir='ltr'><strong>in</strong></span> <span class='ocrx_word' id='word_1_280' title='bbox 1669 2686 1892 2756; x_wconf 90' lang='lat' dir='ltr'><strong>epistola</strong></span> <span class='ocrx_word' id='word_1_281' title='bbox 1927 2687 2102 2756; x_wconf 83' lang='lat' dir='ltr'><strong>expli-</strong></span> 
     </span>
    </p>
   </div>
   <div class='ocr_carea' id='block_1_46' title="bbox 528 2777 2111 2851">
    <p class='ocr_par' dir='ltr' id='par_1_46' title="bbox 528 2777 2111 2851">
     <span class='ocr_line' id='line_1_46' title="bbox 528 2777 2111 2851; baseline 0.004 -21"><span class='ocrx_word' id='word_1_282' title='bbox 528 2777 684 2842; x_wconf 85' lang='lat' dir='ltr'><strong>catis,</strong></span> <span class='ocrx_word' id='word_1_283' title='bbox 716 2778 910 2834; x_wconf 58' lang='lat' dir='ltr'><strong>deinde</strong></span> <span class='ocrx_word' id='word_1_284' title='bbox 936 2778 1237 2848; x_wconf 84' lang='lat' dir='ltr'><strong>subjiciunt</strong></span> <span class='ocrx_word' id='word_1_285' title='bbox 1269 2799 1283 2835; x_wconf 91' lang='lat'><strong>:</strong></span> <span class='ocrx_word' id='word_1_286' title='bbox 1318 2780 1427 2836; x_wconf 84' lang='lat' dir='ltr'><strong>Nos</strong></span> <span class='ocrx_word' id='word_1_287' title='bbox 1457 2789 1508 2835; x_wconf 92' lang='lat' dir='ltr'><strong>te</strong></span> <span class='ocrx_word' id='word_1_288' title='bbox 1533 2780 1621 2851; x_wconf 91' lang='lat' dir='ltr'><strong>(ad</strong></span> <span class='ocrx_word' id='word_1_289' title='bbox 1653 2781 1985 2836; x_wconf 85' lang='lat' dir='ltr'><strong>Celestinum</strong></span> <span class='ocrx_word' id='word_1_290' title='bbox 2013 2797 2111 2836; x_wconf 80' lang='lat' dir='ltr'><strong>au-</strong></span> 
     </span>
    </p>
   </div>
   <div class='ocr_carea' id='block_1_47' title="bbox 532 2870 3721 2966">
    <p class='ocr_par' dir='ltr' id='par_1_47' title="bbox 532 2870 3720 2944">
     <span class='ocr_line' id='line_1_47' title="bbox 532 2870 3720 2944; baseline -0.001 -21"><span class='ocrx_word' id='word_1_291' title='bbox 532 2878 638 2923; x_wconf 91' lang='lat' dir='ltr'><strong>tem</strong></span> <span class='ocrx_word' id='word_1_292' title='bbox 683 2871 860 2925; x_wconf 90' lang='lat' dir='ltr'><strong>oratio</strong></span> <span class='ocrx_word' id='word_1_293' title='bbox 913 2870 1206 2941; x_wconf 80' lang='lat' dir='ltr'><strong>dirigitur),</strong></span> <span class='ocrx_word' id='word_1_294' title='bbox 1253 2872 1310 2927; x_wconf 89' lang='lat' dir='ltr'><strong>in</strong></span> <span class='ocrx_word' id='word_1_295' title='bbox 1355 2887 1630 2944; x_wconf 85' lang='lat' dir='ltr'><strong>praecurso</strong></span> <span class='ocrx_word' id='word_1_296' title='bbox 1681 2873 1969 2940; x_wconf 90' lang='lat' dir='ltr'><strong>orationis,</strong></span> <span class='ocrx_word' id='word_1_297' title='bbox 2007 2875 2111 2931; x_wconf 89' lang='lat' dir='ltr'><strong>hoc</strong></span> <span class='ocrx_word' id='word_1_298' title='bbox 2211 2870 2554 2933; x_wconf 71' lang='grc' dir='ltr'>καταλέξασα</span> <span class='ocrx_word' id='word_1_299' title='bbox 2601 2870 2922 2939; x_wconf 81' lang='grc' dir='ltr'>ήὲπιστολὴ</span> <span class='ocrx_word' id='word_1_300' title='bbox 2964 2870 3156 2936; x_wconf 77' lang='grc' dir='ltr'>ἐπάγει</span> <span class='ocrx_word' id='word_1_301' title='bbox 3195 2883 3213 2901; x_wconf 80' lang='grc' dir='ltr'><strong><em>ο</em></strong></span> <span class='ocrx_word' id='word_1_302' title='bbox 3266 2870 3358 2922; x_wconf 87' lang='grc' dir='ltr'>Ἐν</span> <span class='ocrx_word' id='word_1_303' title='bbox 3395 2870 3647 2938; x_wconf 84' lang='grc' dir='ltr'>προφάτῳ</span> <span class='ocrx_word' id='word_1_304' title='bbox 3671 2879 3720 2914; x_wconf 83' lang='grc' dir='ltr'><strong>το</strong></span> 
     </span>
    </p>
   </div>
   <div class='ocr_carea' id='block_1_48' title="bbox 529 2958 2096 3039">
    <p class='ocr_par' dir='ltr' id='par_1_48' title="bbox 529 2963 2096 3039">
     <span class='ocr_line' id='line_1_48' title="bbox 529 2963 2096 3039; baseline 0.004 -23"><span class='ocrx_word' id='word_1_305' title='bbox 529 2971 632 3029; x_wconf 83' lang='lat' dir='ltr'><strong>est,</strong></span> <span class='ocrx_word' id='word_1_306' title='bbox 667 2963 917 3032; x_wconf 79' lang='lat' dir='ltr'><strong>prooemii</strong></span> <span class='ocrx_word' id='word_1_307' title='bbox 947 2964 1092 3030; x_wconf 90' lang='lat' dir='ltr'><strong>loco,</strong></span> <span class='ocrx_word' id='word_1_308' title='bbox 1115 2980 1177 3020; x_wconf 82' lang='lat' dir='ltr'><strong>ex</strong></span> <span class='ocrx_word' id='word_1_309' title='bbox 1211 2966 1406 3021; x_wconf 90' lang='lat' dir='ltr'><strong>merito</strong></span> <span class='ocrx_word' id='word_1_310' title='bbox 1431 2967 1696 3030; x_wconf 83' lang='lat' dir='ltr'><strong>venerati,</strong></span> <span class='ocrx_word' id='word_1_311' title='bbox 1724 2983 1793 3022; x_wconf 91' lang='lat' dir='ltr'><strong>ne</strong></span> <span class='ocrx_word' id='word_1_312' title='bbox 1821 2968 1875 3020; x_wconf 91' lang='lat' dir='ltr'><strong>in</strong></span> <span class='ocrx_word' id='word_1_313' title='bbox 1899 2967 1988 3033; x_wconf 92' lang='lat' dir='ltr'><strong>iis,</strong></span> <span class='ocrx_word' id='word_1_314' title='bbox 2012 2970 2096 3039; x_wconf 82' lang='lat' dir='ltr'><strong>qui</strong></span> 
     </span>
    </p>
   </div>
   <div class='ocr_carea' id='block_1_49' title="bbox 2207 2958 3760 3039">
    <p class='ocr_par' dir='ltr' id='par_1_49' title="bbox 2211 2958 3760 3031">
     <span class='ocr_line' id='line_1_49' title="bbox 2211 2958 3760 3031; baseline -0.003 -17"><span class='ocrx_word' id='word_1_315' title='bbox 2211 2976 2329 3022; x_wconf 90' lang='grc' dir='ltr'>νυν,</span> <span class='ocrx_word' id='word_1_316' title='bbox 2366 2960 2488 3013; x_wconf 74' lang='grc' dir='ltr'>ἀντὶ</span> <span class='ocrx_word' id='word_1_317' title='bbox 2512 2959 2608 3013; x_wconf 82' lang='grc' dir='ltr'><strong>τοῦ</strong></span> <span class='ocrx_word' id='word_1_318' title='bbox 2637 2963 2694 3012; x_wconf 75' lang='grc' dir='ltr'><strong>ἐν</strong></span> <span class='ocrx_word' id='word_1_319' title='bbox 2723 2960 3145 3031; x_wconf 85' lang='grc' dir='ltr'>πρωτολογίαις,</span> <span class='ocrx_word' id='word_1_320' title='bbox 3174 2961 3240 3013; x_wconf 90' lang='grc' dir='ltr'><strong>ἐν</strong></span> <span class='ocrx_word' id='word_1_321' title='bbox 3301 2958 3628 3030; x_wconf 78' lang='grc' dir='ltr'>προοιμίοις,</span> <span class='ocrx_word' id='word_1_322' title='bbox 3680 2958 3760 3017; x_wconf 72' lang='grc' dir='ltr'><strong>τὴν</strong></span> 
     </span>
    </p>
   </div>
   <div class='ocr_carea' id='block_1_50' title="bbox 529 3047 2096 3149">
    <p class='ocr_par' dir='ltr' id='par_1_50' title="bbox 529 3056 2096 3125">
     <span class='ocr_line' id='line_1_50' title="bbox 529 3056 2096 3125; baseline 0.004 -17"><span class='ocrx_word' id='word_1_323' title='bbox 529 3070 560 3109; x_wconf 90' lang='lat' dir='ltr'><strong>a</strong></span> <span class='ocrx_word' id='word_1_324' title='bbox 608 3056 762 3110; x_wconf 86' lang='lat' dir='ltr'><strong>nobis</strong></span> <span class='ocrx_word' id='word_1_325' title='bbox 807 3058 1072 3125; x_wconf 77' lang='lat' dir='ltr'><strong>segregati</strong></span> <span class='ocrx_word' id='word_1_326' title='bbox 1117 3068 1266 3123; x_wconf 91' lang='lat' dir='ltr'><strong>sunt,</strong></span> <span class='ocrx_word' id='word_1_327' title='bbox 1314 3058 1666 3113; x_wconf 74' lang='lat' dir='ltr'><strong>admittendis</strong></span> <span class='ocrx_word' id='word_1_328' title='bbox 1713 3057 2010 3113; x_wconf 85' lang='lat' dir='ltr'><strong>faciliorem</strong></span> <span class='ocrx_word' id='word_1_329' title='bbox 2059 3068 2096 3115; x_wconf 76' lang='grc' dir='ltr'>ι(</span> 
     </span>
    </p>
   </div>
   <div class='ocr_carea' id='block_1_51' title="bbox 2207 3047 3756 3149">
    <p class='ocr_par' dir='ltr' id='par_1_51' title="bbox 2215 3047 3756 3124">
     <span class='ocr_line' id='line_1_51' title="bbox 2215 3047 3756 3124; baseline -0.005 -17"><span class='ocrx_word' id='word_1_330' title='bbox 2215 3052 2570 3122; x_wconf 68' lang='grc' dir='ltr'>ἁρμόζουσαν</span> <span class='ocrx_word' id='word_1_331' title='bbox 2603 3069 2684 3105; x_wconf 90' lang='grc' dir='ltr'><strong>σοι</strong></span> <span class='ocrx_word' id='word_1_332' title='bbox 2750 3054 3125 3124; x_wconf 77' lang='grc' dir='ltr'>προσκύνησιν</span> <span class='ocrx_word' id='word_1_333' title='bbox 3181 3051 3526 3122; x_wconf 84' lang='grc' dir='ltr'>πληροῦντες</span> <span class='ocrx_word' id='word_1_334' title='bbox 3589 3047 3756 3117; x_wconf 81' lang='grc' dir='ltr'>(ταῦτα</span> 
     </span>
    </p>
   </div>
   <div class='ocr_carea' id='block_1_52' title="bbox 533 3142 2096 3230">
    <p class='ocr_par' dir='ltr' id='par_1_52' title="bbox 533 3147 2096 3217">
     <span class='ocr_line' id='line_1_52' title="bbox 533 3147 2096 3217; baseline 0.004 -17"><span class='ocrx_word' id='word_1_335' title='bbox 533 3147 800 3217; x_wconf 65' lang='lat' dir='ltr'><strong>prmbeas,</strong></span> <span class='ocrx_word' id='word_1_336' title='bbox 858 3161 992 3204; x_wconf 90' lang='lat' dir='ltr'><strong>neve</strong></span> <span class='ocrx_word' id='word_1_337' title='bbox 1035 3147 1125 3217; x_wconf 91' lang='lat' dir='ltr'><strong>qui</strong></span> <span class='ocrx_word' id='word_1_338' title='bbox 1164 3149 1218 3202; x_wconf 92' lang='lat' dir='ltr'><strong>in</strong></span> <span class='ocrx_word' id='word_1_339' title='bbox 1263 3163 1360 3203; x_wconf 91' lang='lat' dir='ltr'><strong>sua</strong></span> <span class='ocrx_word' id='word_1_340' title='bbox 1412 3149 1688 3217; x_wconf 88' lang='lat' dir='ltr'><strong>provincia</strong></span> <span class='ocrx_word' id='word_1_341' title='bbox 1731 3151 2096 3207; x_wconf 70' lang='lat' dir='ltr'><strong>communione</strong></span> 
     </span>
    </p>
   </div>
   <div class='ocr_carea' id='block_1_53' title="bbox 2207 3142 3759 3230">
    <p class='ocr_par' dir='ltr' id='par_1_53' title="bbox 2211 3142 3759 3216">
     <span class='ocr_line' id='line_1_53' title="bbox 2211 3142 3759 3216; baseline 0.002 -20"><span class='ocrx_word' id='word_1_342' title='bbox 2211 3143 2268 3197; x_wconf 84' lang='grc' dir='ltr'>δὲ</span> <span class='ocrx_word' id='word_1_343' title='bbox 2300 3146 2434 3215; x_wconf 77' lang='grc' dir='ltr'>πρὸς</span> <span class='ocrx_word' id='word_1_344' title='bbox 2463 3145 2554 3197; x_wconf 81' lang='grc' dir='ltr'><strong>τδν</strong></span> <span class='ocrx_word' id='word_1_345' title='bbox 2613 3145 2957 3215; x_wconf 68' lang='grc' dir='ltr'>Κεὶεστῖνον)</span> <span class='ocrx_word' id='word_1_346' title='bbox 3024 3145 3348 3216; x_wconf 78' lang='grc' dir='ltr'>ἱκετεύομεν</span> <span class='ocrx_word' id='word_1_347' title='bbox 3403 3145 3476 3214; x_wconf 86' lang='grc' dir='ltr'>μὴ</span> <span class='ocrx_word' id='word_1_348' title='bbox 3552 3142 3759 3210; x_wconf 77' lang='grc' dir='ltr'>εὐχερῶς</span> 
     </span>
    </p>
   </div>
   <div class='ocr_carea' id='block_1_54' title="bbox 533 3234 2096 3308">
    <p class='ocr_par' dir='ltr' id='par_1_54' title="bbox 533 3237 2096 3308">
     <span class='ocr_line' id='line_1_54' title="bbox 533 3237 2096 3308; baseline 0.004 -18"><span class='ocrx_word' id='word_1_349' title='bbox 533 3237 716 3292; x_wconf 63' lang='lat' dir='ltr'><strong>multa:</strong></span> <span class='ocrx_word' id='word_1_350' title='bbox 745 3238 961 3293; x_wconf 86' lang='lat' dir='ltr'><strong>nomine</strong></span> <span class='ocrx_word' id='word_1_351' title='bbox 978 3239 1175 3308; x_wconf 88' lang='lat' dir='ltr'><strong>privati</strong></span> <span class='ocrx_word' id='word_1_352' title='bbox 1201 3250 1346 3302; x_wconf 89' lang='lat' dir='ltr'><strong>sunt,</strong></span> <span class='ocrx_word' id='word_1_353' title='bbox 1371 3253 1600 3308; x_wconf 88' lang='lat' dir='ltr'><strong>propere</strong></span> <span class='ocrx_word' id='word_1_354' title='bbox 1630 3239 1793 3294; x_wconf 88' lang='lat' dir='ltr'><strong>nimis</strong></span> <span class='ocrx_word' id='word_1_355' title='bbox 1819 3254 1885 3294; x_wconf 90' lang='lat' dir='ltr'><strong>ac</strong></span> <span class='ocrx_word' id='word_1_356' title='bbox 1912 3239 2096 3296; x_wconf 64' lang='lat' dir='ltr'><strong>festina</strong></span> 
     </span>
    </p>
   </div>
   <div class='ocr_carea' id='block_1_55' title="bbox 2207 3234 3758 3308">
    <p class='ocr_par' dir='ltr' id='par_1_55' title="bbox 2213 3234 3758 3306">
     <span class='ocr_line' id='line_1_55' title="bbox 2213 3234 3758 3306; baseline -0.003 -18"><span class='ocrx_word' id='word_1_357' title='bbox 2213 3236 2608 3306; x_wconf 82' lang='grc' dir='ltr'>προσδέχεσθαι</span> <span class='ocrx_word' id='word_1_358' title='bbox 2646 3237 2772 3300; x_wconf 70' lang='grc' dir='ltr'>τοὺς</span> <span class='ocrx_word' id='word_1_359' title='bbox 2805 3237 2935 3306; x_wconf 86' lang='grc' dir='ltr'>παρ’</span> <span class='ocrx_word' id='word_1_360' title='bbox 2975 3235 3130 3306; x_wconf 82' lang='grc' dir='ltr'>ἡμῶν</span> <span class='ocrx_word' id='word_1_361' title='bbox 3161 3236 3500 3305; x_wconf 78' lang='grc' dir='ltr'>γινομένους</span> <span class='ocrx_word' id='word_1_362' title='bbox 3556 3234 3758 3286; x_wconf 71' lang='grc' dir='ltr'>ἀκοινω-</span> 
     </span>
    </p>
   </div>
   <div class='ocr_carea' id='block_1_56' title="bbox 527 3319 2096 3404">
    <p class='ocr_par' dir='ltr' id='par_1_56' title="bbox 527 3329 2096 3404">
     <span class='ocr_line' id='line_1_56' title="bbox 527 3329 2096 3404; baseline 0.002 -19"><span class='ocrx_word' id='word_1_363' title='bbox 527 3329 897 3385; x_wconf 87' lang='lat' dir='ltr'><strong>communioni</strong></span> <span class='ocrx_word' id='word_1_364' title='bbox 933 3331 1211 3396; x_wconf 89' lang='lat' dir='ltr'><strong>restituas,</strong></span> <span class='ocrx_word' id='word_1_365' title='bbox 1246 3333 1619 3386; x_wconf 83' lang='lat' dir='ltr'><strong>obsecramus.</strong></span> <span class='ocrx_word' id='word_1_366' title='bbox 1649 3330 1755 3386; x_wconf 91' lang='lat' dir='ltr'><strong>Sed</strong></span> <span class='ocrx_word' id='word_1_367' title='bbox 1789 3339 1843 3386; x_wconf 92' lang='lat' dir='ltr'><strong>et</strong></span> <span class='ocrx_word' id='word_1_368' title='bbox 1873 3333 2096 3404; x_wconf 86' lang='lat' dir='ltr'><strong>presby-</strong></span> 
     </span>
    </p>
   </div>
   <div class='ocr_carea' id='block_1_57' title="bbox 2207 3319 3759 3404">
    <p class='ocr_par' dir='ltr' id='par_1_57' title="bbox 2212 3319 3759 3399">
     <span class='ocr_line' id='line_1_57' title="bbox 2212 3319 3759 3399; baseline -0.008 -18"><span class='ocrx_word' id='word_1_369' title='bbox 2212 3332 2426 3399; x_wconf 76' lang='grc' dir='ltr'>νητους,</span> <span class='ocrx_word' id='word_1_370' title='bbox 2459 3328 2552 3383; x_wconf 72' lang='grc' dir='ltr'><strong>καὶ</strong></span> <span class='ocrx_word' id='word_1_371' title='bbox 2580 3329 2706 3392; x_wconf 81' lang='grc' dir='ltr'>τοὺς</span> <span class='ocrx_word' id='word_1_372' title='bbox 2733 3330 2790 3382; x_wconf 89' lang='grc' dir='ltr'><strong>ἐν</strong></span> <span class='ocrx_word' id='word_1_373' title='bbox 2813 3332 2878 3399; x_wconf 81' lang='grc' dir='ltr'>τῇ</span> <span class='ocrx_word' id='word_1_374' title='bbox 2915 3328 3152 3399; x_wconf 73' lang='grc' dir='ltr'>ἐπαρχίᾳ</span> <span class='ocrx_word' id='word_1_375' title='bbox 3192 3329 3380 3382; x_wconf 83' lang='grc' dir='ltr'>αὐτῶν</span> <span class='ocrx_word' id='word_1_376' title='bbox 3443 3319 3759 3394; x_wconf 80' lang='grc' dir='ltr'>ἐπιτιμηοένο</span> 
     </span>
    </p>
   </div>
   <div class='ocr_carea' id='block_1_58' title="bbox 529 3415 2096 3494">
    <p class='ocr_par' dir='ltr' id='par_1_58' title="bbox 529 3421 2096 3492">
     <span class='ocr_line' id='line_1_58' title="bbox 529 3421 2096 3492; baseline 0.001 -16"><span class='ocrx_word' id='word_1_377' title='bbox 529 3432 693 3490; x_wconf 88' lang='lat' dir='ltr'><strong>teros,</strong></span> <span class='ocrx_word' id='word_1_378' title='bbox 721 3431 776 3476; x_wconf 90' lang='lat' dir='ltr'><strong>et</strong></span> <span class='ocrx_word' id='word_1_379' title='bbox 803 3421 936 3478; x_wconf 90' lang='lat' dir='ltr'><strong>alios</strong></span> <span class='ocrx_word' id='word_1_380' title='bbox 974 3437 1005 3478; x_wconf 92' lang='lat' dir='ltr'><strong>e</strong></span> <span class='ocrx_word' id='word_1_381' title='bbox 1035 3423 1206 3488; x_wconf 89' lang='lat' dir='ltr'><strong>clero,</strong></span> <span class='ocrx_word' id='word_1_382' title='bbox 1237 3437 1356 3478; x_wconf 87' lang='lat' dir='ltr'><strong>sese</strong></span> <span class='ocrx_word' id='word_1_383' title='bbox 1393 3438 1490 3492; x_wconf 87' lang='lat' dir='ltr'><strong>per</strong></span> <span class='ocrx_word' id='word_1_384' title='bbox 1518 3423 1932 3492; x_wconf 89' lang='lat' dir='ltr'><strong>impudentiam,</strong></span> <span class='ocrx_word' id='word_1_385' title='bbox 1979 3423 2096 3478; x_wconf 87' lang='lat' dir='ltr'><strong>abs-</strong></span> 
     </span>
    </p>
   </div>
   <div class='ocr_carea' id='block_1_59' title="bbox 2207 3415 3752 3494">
    <p class='ocr_par' dir='ltr' id='par_1_59' title="bbox 2211 3415 3752 3494">
     <span class='ocr_line' id='line_1_59' title="bbox 2211 3415 3752 3494; baseline 0.001 -20"><span class='ocrx_word' id='word_1_386' title='bbox 2211 3439 2312 3484; x_wconf 84' lang='grc' dir='ltr'><strong>τας</strong></span> <span class='ocrx_word' id='word_1_387' title='bbox 2339 3423 2725 3494; x_wconf 82' lang='grc' dir='ltr'>ἀκοινωνησίᾳ,</span> <span class='ocrx_word' id='word_1_388' title='bbox 2762 3423 2839 3493; x_wconf 79' lang='grc' dir='ltr'>μὴ</span> <span class='ocrx_word' id='word_1_389' title='bbox 2870 3423 3199 3486; x_wconf 77' lang='grc' dir='ltr'>σπουδαίως,</span> <span class='ocrx_word' id='word_1_390' title='bbox 3225 3424 3353 3476; x_wconf 81' lang='grc' dir='ltr'>ἀντὶ</span> <span class='ocrx_word' id='word_1_391' title='bbox 3404 3421 3497 3476; x_wconf 83' lang='grc' dir='ltr'><strong>τοῦ</strong></span> <span class='ocrx_word' id='word_1_392' title='bbox 3554 3415 3752 3486; x_wconf 67' lang='grc' dir='ltr'>ταχέως,</span> 
     </span>
    </p>
   </div>
   <div class='ocr_carea' id='block_1_60' title="bbox 529 3505 2096 3586">
    <p class='ocr_par' dir='ltr' id='par_1_60' title="bbox 529 3514 2096 3585">
     <span class='ocr_line' id='line_1_60' title="bbox 529 3514 2096 3585; baseline 0.002 -19"><span class='ocrx_word' id='word_1_393' title='bbox 529 3529 634 3585; x_wconf 86' lang='lat' dir='ltr'><strong>que</strong></span> <span class='ocrx_word' id='word_1_394' title='bbox 667 3514 772 3568; x_wconf 88' lang='lat' dir='ltr'><strong>ulla</strong></span> <span class='ocrx_word' id='word_1_395' title='bbox 815 3514 1019 3571; x_wconf 89' lang='lat' dir='ltr'><strong>scilicet</strong></span> <span class='ocrx_word' id='word_1_396' title='bbox 1059 3515 1199 3582; x_wconf 88' lang='lat' dir='ltr'><strong>iusta</strong></span> <span class='ocrx_word' id='word_1_397' title='bbox 1235 3529 1421 3582; x_wconf 87' lang='lat' dir='ltr'><strong>causa,</strong></span> <span class='ocrx_word' id='word_1_398' title='bbox 1470 3516 1834 3585; x_wconf 86' lang='lat' dir='ltr'><strong>proripientes</strong></span> <span class='ocrx_word' id='word_1_399' title='bbox 1864 3515 2096 3584; x_wconf 61' lang='lat' dir='ltr'><strong>Texpelli,</strong></span> 
     </span>
    </p>
   </div>
   <div class='ocr_carea' id='block_1_61' title="bbox 2207 3505 3759 3586">
    <p class='ocr_par' dir='ltr' id='par_1_61' title="bbox 2221 3505 3759 3586">
     <span class='ocr_line' id='line_1_61' title="bbox 2221 3505 3759 3586; baseline -0.007 -20"><span class='ocrx_word' id='word_1_400' title='bbox 2221 3514 2530 3584; x_wconf 77' lang='grc' dir='ltr'>συντόμως,</span> <span class='ocrx_word' id='word_1_401' title='bbox 2559 3515 3042 3568; x_wconf 82' lang='grc' dir='ltr'>ἀποκαθίστασθαι</span> <span class='ocrx_word' id='word_1_402' title='bbox 3079 3516 3234 3586; x_wconf 82' lang='grc' dir='ltr'>παρὰ</span> <span class='ocrx_word' id='word_1_403' title='bbox 3270 3515 3364 3568; x_wconf 87' lang='grc' dir='ltr'><strong>σοῦ</strong></span> <span class='ocrx_word' id='word_1_404' title='bbox 3394 3517 3458 3584; x_wconf 78' lang='grc' dir='ltr'>τῇ</span> <span class='ocrx_word' id='word_1_405' title='bbox 3517 3505 3759 3570; x_wconf 68' lang='grc' dir='ltr'>κοινωνίᾳ.</span> 
     </span>
    </p>
   </div>
   <div class='ocr_carea' id='block_1_62' title="bbox 532 3595 2096 3678">
    <p class='ocr_par' dir='ltr' id='par_1_62' title="bbox 532 3606 2096 3677">
     <span class='ocr_line' id='line_1_62' title="bbox 532 3606 2096 3677; baseline 0 -16"><span class='ocrx_word' id='word_1_406' title='bbox 532 3607 754 3677; x_wconf 86' lang='lat' dir='ltr'><strong>suisque</strong></span> <span class='ocrx_word' id='word_1_407' title='bbox 787 3607 1058 3674; x_wconf 87' lang='lat' dir='ltr'><strong>episcopis</strong></span> <span class='ocrx_word' id='word_1_408' title='bbox 1091 3607 1278 3674; x_wconf 85' lang='lat' dir='ltr'><strong>reddi;</strong></span> <span class='ocrx_word' id='word_1_409' title='bbox 1311 3607 1440 3677; x_wconf 91' lang='lat' dir='ltr'><strong>quin</strong></span> <span class='ocrx_word' id='word_1_410' title='bbox 1489 3615 1544 3661; x_wconf 90' lang='lat' dir='ltr'><strong>et</strong></span> <span class='ocrx_word' id='word_1_411' title='bbox 1586 3606 1817 3664; x_wconf 90' lang='lat' dir='ltr'><strong>clericos</strong></span> <span class='ocrx_word' id='word_1_412' title='bbox 1862 3621 2052 3663; x_wconf 90' lang='lat' dir='ltr'><strong>omnes</strong></span> <span class='ocrx_word' id='word_1_413' title='bbox 2084 3621 2096 3661; x_wconf 72' lang='grc' dir='ltr'><strong>ε</strong></span> 
     </span>
    </p>
   </div>
   <div class='ocr_carea' id='block_1_63' title="bbox 2207 3595 3760 3678">
    <p class='ocr_par' dir='ltr' id='par_1_63' title="bbox 2228 3595 3760 3678">
     <span class='ocr_line' id='line_1_63' title="bbox 2228 3595 3760 3678; baseline -0.005 -20"><span class='ocrx_word' id='word_1_414' title='bbox 2228 3605 2391 3658; x_wconf 83' lang='grc' dir='ltr'>Ἀλλὰ</span> <span class='ocrx_word' id='word_1_415' title='bbox 2417 3607 2512 3659; x_wconf 72' lang='grc' dir='ltr'>καὶ</span> <span class='ocrx_word' id='word_1_416' title='bbox 2551 3606 2678 3668; x_wconf 78' lang='grc' dir='ltr'>τοὺς</span> <span class='ocrx_word' id='word_1_417' title='bbox 2753 3605 3161 3678; x_wconf 73' lang='grc' dir='ltr'>πρεσϐυτέρους</span> <span class='ocrx_word' id='word_1_418' title='bbox 3241 3607 3340 3661; x_wconf 83' lang='grc' dir='ltr'>καὶ</span> <span class='ocrx_word' id='word_1_419' title='bbox 3402 3606 3524 3667; x_wconf 83' lang='grc' dir='ltr'>τοὺς</span> <span class='ocrx_word' id='word_1_420' title='bbox 3576 3595 3760 3653; x_wconf 74' lang='grc' dir='ltr'>λοιποὺς</span> 
     </span>
    </p>
   </div>
   <div class='ocr_carea' id='block_1_64' title="bbox 534 3691 2096 3769">
    <p class='ocr_par' dir='ltr' id='par_1_64' title="bbox 534 3697 2096 3769">
     <span class='ocr_line' id='line_1_64' title="bbox 534 3697 2096 3769; baseline 0 -17"><span class='ocrx_word' id='word_1_421' title='bbox 534 3713 634 3752; x_wconf 91' lang='lat' dir='ltr'><strong>suo</strong></span> <span class='ocrx_word' id='word_1_422' title='bbox 664 3711 932 3767; x_wconf 87' lang='lat' dir='ltr'><strong>quemque</strong></span> <span class='ocrx_word' id='word_1_423' title='bbox 958 3697 1214 3768; x_wconf 87' lang='lat' dir='ltr'><strong>episcopo</strong></span> <span class='ocrx_word' id='word_1_424' title='bbox 1234 3697 1465 3764; x_wconf 80' lang='lat' dir='ltr'><strong>iudicari</strong></span> <span class='ocrx_word' id='word_1_425' title='bbox 1493 3697 1792 3769; x_wconf 90' lang='lat' dir='ltr'><strong>postulant.</strong></span> <span class='ocrx_word' id='word_1_426' title='bbox 1825 3699 2096 3753; x_wconf 75' lang='lat' dir='ltr'><strong>Canonuu</strong></span> 
     </span>
    </p>
   </div>
   <div class='ocr_carea' id='block_1_65' title="bbox 2207 3691 3760 3769">
    <p class='ocr_par' dir='ltr' id='par_1_65' title="bbox 2216 3691 3760 3767">
     <span class='ocr_line' id='line_1_65' title="bbox 2216 3691 3760 3767; baseline 0.003 -16"><span class='ocrx_word' id='word_1_427' title='bbox 2216 3696 2539 3767; x_wconf 78' lang='grc' dir='ltr'>κληρικοὺς,</span> <span class='ocrx_word' id='word_1_428' title='bbox 2621 3699 2750 3762; x_wconf 75' lang='grc' dir='ltr'>τοὺς</span> <span class='ocrx_word' id='word_1_429' title='bbox 2825 3698 3242 3767; x_wconf 82' lang='grc' dir='ltr'>ἀποφεύγοντας</span> <span class='ocrx_word' id='word_1_430' title='bbox 3308 3695 3556 3758; x_wconf 80' lang='grc' dir='ltr'>ἀναιδῶς,</span> <span class='ocrx_word' id='word_1_431' title='bbox 3623 3691 3760 3759; x_wconf 66' lang='grc' dir='ltr'>ἤγουν</span> 
     </span>
    </p>
   </div>
   <div class='ocr_carea' id='block_1_66' title="bbox 532 3782 2096 3862">
    <p class='ocr_par' dir='ltr' id='par_1_66' title="bbox 532 3789 2096 3862">
     <span class='ocr_line' id='line_1_66' title="bbox 532 3789 2096 3862; baseline -0.002 -17"><span class='ocrx_word' id='word_1_432' title='bbox 532 3789 720 3855; x_wconf 89' lang='lat' dir='ltr'><strong>etiam,</strong></span> <span class='ocrx_word' id='word_1_433' title='bbox 750 3790 840 3860; x_wconf 88' lang='lat' dir='ltr'><strong>qui</strong></span> <span class='ocrx_word' id='word_1_434' title='bbox 871 3790 973 3844; x_wconf 86' lang='lat' dir='ltr'><strong>hac</strong></span> <span class='ocrx_word' id='word_1_435' title='bbox 1007 3791 1073 3844; x_wconf 93' lang='lat' dir='ltr'><strong>de</strong></span> <span class='ocrx_word' id='word_1_436' title='bbox 1121 3804 1179 3844; x_wconf 90' lang='lat' dir='ltr'><strong>re</strong></span> <span class='ocrx_word' id='word_1_437' title='bbox 1207 3791 1262 3844; x_wconf 91' lang='lat' dir='ltr'><strong>in</strong></span> <span class='ocrx_word' id='word_1_438' title='bbox 1302 3789 1517 3845; x_wconf 81' lang='lat' dir='ltr'><strong>Nicaena</strong></span> <span class='ocrx_word' id='word_1_439' title='bbox 1547 3791 1752 3862; x_wconf 89' lang='lat' dir='ltr'><strong>synodo</strong></span> <span class='ocrx_word' id='word_1_440' title='bbox 1785 3789 1912 3844; x_wconf 88' lang='lat' dir='ltr'><strong>editi</strong></span> <span class='ocrx_word' id='word_1_441' title='bbox 1947 3798 2096 3854; x_wconf 89' lang='lat' dir='ltr'><strong>sunt,</strong></span> 
     </span>
    </p>
   </div>
   <div class='ocr_carea' id='block_1_67' title="bbox 2207 3782 3759 3862">
    <p class='ocr_par' dir='ltr' id='par_1_67' title="bbox 2216 3782 3759 3859">
     <span class='ocr_line' id='line_1_67' title="bbox 2216 3782 3759 3859; baseline -0.01 -17"><span class='ocrx_word' id='word_1_442' title='bbox 2216 3788 2398 3852; x_wconf 82' lang='grc' dir='ltr'>αἰτίας</span> <span class='ocrx_word' id='word_1_443' title='bbox 2434 3788 2659 3857; x_wconf 83' lang='grc' dir='ltr'>εὐλόγου</span> <span class='ocrx_word' id='word_1_444' title='bbox 2685 3789 3195 3859; x_wconf 72' lang='grc' dir='ltr'>χωρὶς,διώκεσθαι</span> <span class='ocrx_word' id='word_1_445' title='bbox 3228 3789 3476 3859; x_wconf 77' lang='grc' dir='ltr'>ζητοῦσι,</span> <span class='ocrx_word' id='word_1_446' title='bbox 3529 3783 3616 3837; x_wconf 76' lang='grc' dir='ltr'>καὶ</span> <span class='ocrx_word' id='word_1_447' title='bbox 3652 3782 3759 3831; x_wconf 81' lang='grc' dir='ltr'>ἀπο-</span> 
     </span>
    </p>
   </div>
   <div class='ocr_carea' id='block_1_68' title="bbox 536 3867 2096 3950">
    <p class='ocr_par' dir='ltr' id='par_1_68' title="bbox 536 3876 2096 3950">
     <span class='ocr_line' id='line_1_68' title="bbox 536 3876 2096 3950; baseline 0.003 -22"><span class='ocrx_word' id='word_1_448' title='bbox 536 3876 830 3930; x_wconf 85' lang='lat' dir='ltr'><strong>meminero</strong></span> <span class='ocrx_word' id='word_1_449' title='bbox 862 3893 877 3930; x_wconf 92' lang='lat'><strong>:</strong></span> <span class='ocrx_word' id='word_1_450' title='bbox 910 3891 1081 3946; x_wconf 91' lang='lat' dir='ltr'><strong>neque</strong></span> <span class='ocrx_word' id='word_1_451' title='bbox 1113 3892 1239 3932; x_wconf 88' lang='lat' dir='ltr'><strong>vero</strong></span> <span class='ocrx_word' id='word_1_452' title='bbox 1266 3889 1323 3932; x_wconf 91' lang='lat' dir='ltr'><strong>ut</strong></span> <span class='ocrx_word' id='word_1_453' title='bbox 1348 3879 1513 3950; x_wconf 85' lang='lat' dir='ltr'><strong>aliqui</strong></span> <span class='ocrx_word' id='word_1_454' title='bbox 1542 3895 1573 3934; x_wconf 88' lang='lat' dir='ltr'><strong>a</strong></span> <span class='ocrx_word' id='word_1_455' title='bbox 1599 3894 1750 3947; x_wconf 75' lang='lat' dir='ltr'><strong>papae</strong></span> <span class='ocrx_word' id='word_1_456' title='bbox 1777 3879 1963 3942; x_wconf 85' lang='lat' dir='ltr'><strong>latere,</strong></span> <span class='ocrx_word' id='word_1_457' title='bbox 1995 3880 2096 3933; x_wconf 91' lang='lat' dir='ltr'><strong>hoc</strong></span> 
     </span>
    </p>
   </div>
   <div class='ocr_carea' id='block_1_69' title="bbox 2207 3867 3760 3950">
    <p class='ocr_par' dir='ltr' id='par_1_69' title="bbox 2217 3867 3760 3947">
     <span class='ocr_line' id='line_1_69' title="bbox 2217 3867 3760 3947; baseline -0.009 -13"><span class='ocrx_word' id='word_1_458' title='bbox 2217 3880 2580 3935; x_wconf 87' lang='grc' dir='ltr'>καθίστασθαι</span> <span class='ocrx_word' id='word_1_459' title='bbox 2610 3885 2725 3945; x_wconf 84' lang='grc' dir='ltr'>τοῖς</span> <span class='ocrx_word' id='word_1_460' title='bbox 2753 3882 3076 3942; x_wconf 77' lang='grc' dir='ltr'>ἐπισκόποις</span> <span class='ocrx_word' id='word_1_461' title='bbox 3098 3882 3306 3944; x_wconf 77' lang='grc' dir='ltr'>αὐτῶν,</span> <span class='ocrx_word' id='word_1_462' title='bbox 3352 3879 3487 3934; x_wconf 82' lang='grc' dir='ltr'>ἀλλὰ</span> <span class='ocrx_word' id='word_1_463' title='bbox 3540 3875 3636 3947; x_wconf 78' lang='grc' dir='ltr'><strong>μὴν</strong></span> <span class='ocrx_word' id='word_1_464' title='bbox 3684 3867 3760 3920; x_wconf 74' lang='grc' dir='ltr'><strong>καὶ</strong></span> 
     </span>
    </p>
   </div>
   <div class='ocr_carea' id='block_1_70' title="bbox 533 3959 2096 4042">
    <p class='ocr_par' dir='ltr' id='par_1_70' title="bbox 533 3966 2096 4038">
     <span class='ocr_line' id='line_1_70' title="bbox 533 3966 2096 4038; baseline 0.002 -18"><span class='ocrx_word' id='word_1_465' title='bbox 533 3977 639 4032; x_wconf 90' lang='lat' dir='ltr'><strong>est,</strong></span> <span class='ocrx_word' id='word_1_466' title='bbox 669 3967 760 4036; x_wconf 92' lang='lat' dir='ltr'><strong>qui</strong></span> <span class='ocrx_word' id='word_1_467' title='bbox 797 3966 872 4022; x_wconf 86' lang='lat' dir='ltr'><strong>illi</strong></span> <span class='ocrx_word' id='word_1_468' title='bbox 909 3967 1171 4038; x_wconf 87' lang='lat' dir='ltr'><strong>dignitate</strong></span> <span class='ocrx_word' id='word_1_469' title='bbox 1207 3970 1463 4037; x_wconf 80' lang='lat' dir='ltr'><strong>proximi,</strong></span> <span class='ocrx_word' id='word_1_470' title='bbox 1506 3984 1570 4026; x_wconf 89' lang='lat' dir='ltr'><strong>ac</strong></span> <span class='ocrx_word' id='word_1_471' title='bbox 1604 3973 1743 4038; x_wconf 88' lang='lat' dir='ltr'><strong>apud</strong></span> <span class='ocrx_word' id='word_1_472' title='bbox 1789 3986 1910 4024; x_wconf 93' lang='lat' dir='ltr'><strong>eum</strong></span> <span class='ocrx_word' id='word_1_473' title='bbox 1935 3970 2096 4028; x_wconf 74' lang='lat' dir='ltr'><strong>ilione-</strong></span> 
     </span>
    </p>
   </div>
   <div class='ocr_carea' id='block_1_71' title="bbox 2207 3959 3760 4042">
    <p class='ocr_par' dir='ltr' id='par_1_71' title="bbox 2217 3959 3760 4042">
     <span class='ocr_line' id='line_1_71' title="bbox 2217 3959 3760 4042; baseline 0.001 -18"><span class='ocrx_word' id='word_1_474' title='bbox 2217 3970 2370 4042; x_wconf 79' lang='grc' dir='ltr'>παρὰ</span> <span class='ocrx_word' id='word_1_475' title='bbox 2401 3973 2512 4035; x_wconf 83' lang='grc' dir='ltr'>τοῖς</span> <span class='ocrx_word' id='word_1_476' title='bbox 2544 3971 2867 4034; x_wconf 81' lang='grc' dir='ltr'>ἐπισκόποις</span> <span class='ocrx_word' id='word_1_477' title='bbox 2897 3971 3078 4024; x_wconf 84' lang='grc' dir='ltr'>αὐτῶν</span> <span class='ocrx_word' id='word_1_478' title='bbox 3109 3971 3437 4034; x_wconf 77' lang='grc' dir='ltr'>δικάζεσθαι</span> <span class='ocrx_word' id='word_1_479' title='bbox 3467 3967 3586 4027; x_wconf 75' lang='grc' dir='ltr'>τοὺς</span> <span class='ocrx_word' id='word_1_480' title='bbox 3651 3959 3760 4025; x_wconf 80' lang='grc' dir='ltr'>κλη-</span> 
     </span>
    </p>
   </div>
   <div class='ocr_carea' id='block_1_72' title="bbox 535 4042 2096 4132">
    <p class='ocr_par' dir='ltr' id='par_1_72' title="bbox 535 4056 2096 4130">
     <span class='ocr_line' id='line_1_72' title="bbox 535 4056 2096 4130; baseline 0.002 -20"><span class='ocrx_word' id='word_1_481' title='bbox 535 4056 701 4111; x_wconf 90' lang='lat' dir='ltr'><strong>stiore</strong></span> <span class='ocrx_word' id='word_1_482' title='bbox 746 4056 862 4112; x_wconf 91' lang='lat' dir='ltr'><strong>loco</strong></span> <span class='ocrx_word' id='word_1_483' title='bbox 901 4057 1258 4125; x_wconf 86' lang='lat' dir='ltr'><strong>haberentur,</strong></span> <span class='ocrx_word' id='word_1_484' title='bbox 1307 4059 1792 4129; x_wconf 84' lang='lat' dir='ltr'><strong>familiaritathue</strong></span> <span class='ocrx_word' id='word_1_485' title='bbox 1840 4061 2096 4130; x_wconf 89' lang='lat' dir='ltr'><strong>conjunct</strong></span> 
     </span>
    </p>
   </div>
   <div class='ocr_carea' id='block_1_73' title="bbox 2207 4042 3758 4132">
    <p class='ocr_par' dir='ltr' id='par_1_73' title="bbox 2222 4042 3758 4132">
     <span class='ocr_line' id='line_1_73' title="bbox 2222 4042 3758 4132; baseline -0.005 -19"><span class='ocrx_word' id='word_1_486' title='bbox 2222 4059 2416 4132; x_wconf 82' lang='grc' dir='ltr'>ρικοὺς</span> <span class='ocrx_word' id='word_1_487' title='bbox 2439 4059 2684 4114; x_wconf 78' lang='grc' dir='ltr'>αἰτοῦσι.</span> <span class='ocrx_word' id='word_1_488' title='bbox 2717 4059 3010 4131; x_wconf 83' lang='grc' dir='ltr'>Μέμνηται</span> <span class='ocrx_word' id='word_1_489' title='bbox 3071 4059 3126 4112; x_wconf 80' lang='grc' dir='ltr'>δὲ</span> <span class='ocrx_word' id='word_1_490' title='bbox 3168 4061 3268 4114; x_wconf 64' lang='grc' dir='ltr'><strong>καλ¹</strong></span> <span class='ocrx_word' id='word_1_491' title='bbox 3357 4057 3588 4111; x_wconf 89' lang='grc' dir='ltr'>κανόνων</span> <span class='ocrx_word' id='word_1_492' title='bbox 3655 4042 3758 4114; x_wconf 72' lang='grc' dir='ltr'>περὶ</span> 
     </span>
    </p>
   </div>
   <div class='ocr_carea' id='block_1_74' title="bbox 2217 4140 3758 4222">
    <p class='ocr_par' dir='ltr' id='par_1_74' title="bbox 2217 4140 3758 4222">
     <span class='ocr_line' id='line_1_74' title="bbox 2217 4140 3758 4222; baseline -0.006 -16"><span class='ocrx_word' id='word_1_493' title='bbox 2217 4153 2428 4206; x_wconf 86' lang='grc' dir='ltr'>τούτων</span> <span class='ocrx_word' id='word_1_494' title='bbox 2447 4153 2546 4222; x_wconf 85' lang='grc' dir='ltr'>τῆς</span> <span class='ocrx_word' id='word_1_495' title='bbox 2567 4153 2626 4205; x_wconf 90' lang='grc' dir='ltr'><strong>ἐν</strong></span> <span class='ocrx_word' id='word_1_496' title='bbox 2680 4151 2890 4222; x_wconf 78' lang='grc' dir='ltr'>Νικαίᾳ</span> <span class='ocrx_word' id='word_1_497' title='bbox 2959 4153 3207 4218; x_wconf 86' lang='grc' dir='ltr'>συνόδου,</span> <span class='ocrx_word' id='word_1_498' title='bbox 3237 4151 3335 4206; x_wconf 79' lang='grc' dir='ltr'>καὶ</span> <span class='ocrx_word' id='word_1_499' title='bbox 3355 4144 3583 4218; x_wconf 82' lang='grc' dir='ltr'>οὐδαμοῦ</span> <span class='ocrx_word' id='word_1_500' title='bbox 3603 4140 3758 4206; x_wconf 84' lang='grc' dir='ltr'>λέγου-</span> 
     </span>
    </p>
   </div>
   <div class='ocr_carea' id='block_1_75' title="bbox 539 4231 2096 4337">
    <p class='ocr_par' dir='ltr' id='par_1_75' title="bbox 539 4236 2093 4314">
     <span class='ocr_line' id='line_1_75' title="bbox 539 4236 2093 4314; baseline 0.005 -22"><span class='ocrx_word' id='word_1_501' title='bbox 539 4240 900 4306; x_wconf 86' lang='lat' dir='ltr'><strong>mitterentur,</strong></span> <span class='ocrx_word' id='word_1_502' title='bbox 947 4242 999 4296; x_wconf 89' lang='lat' dir='ltr'><strong>id</strong></span> <span class='ocrx_word' id='word_1_503' title='bbox 1035 4258 1211 4314; x_wconf 89' lang='lat' dir='ltr'><strong>usque</strong></span> <span class='ocrx_word' id='word_1_504' title='bbox 1253 4243 1531 4299; x_wconf 73' lang='lat' dir='ltr'><strong>decretura</strong></span> <span class='ocrx_word' id='word_1_505' title='bbox 1570 4253 1789 4300; x_wconf 76' lang='lat' dir='ltr'><strong>exstare</strong></span> <span class='ocrx_word' id='word_1_506' title='bbox 1823 4236 2093 4300; x_wconf 75' lang='lat' dir='ltr'><strong>afﬁrmant</strong></span> 
     </span>
    </p>
   </div>
   <div class='ocr_carea' id='block_1_76' title="bbox 2207 4231 3758 4337">
    <p class='ocr_par' dir='ltr' id='par_1_76' title="bbox 2228 4231 3758 4325">
     <span class='ocr_line' id='line_1_76' title="bbox 2228 4231 3758 4325; baseline -0.013 -27"><span class='ocrx_word' id='word_1_507' title='bbox 2228 4262 2315 4298; x_wconf 86' lang='grc' dir='ltr'><strong>σιν</strong></span> <span class='ocrx_word' id='word_1_508' title='bbox 2350 4243 2638 4316; x_wconf 85' lang='grc' dir='ltr'>ὁρισθῆναι</span> <span class='ocrx_word' id='word_1_509' title='bbox 2669 4243 2990 4312; x_wconf 82' lang='grc' dir='ltr'>πέμπεσθαι</span> <span class='ocrx_word' id='word_1_510' title='bbox 3014 4243 3168 4313; x_wconf 87' lang='grc' dir='ltr'>παρὰ</span> <span class='ocrx_word' id='word_1_511' title='bbox 3210 4245 3305 4297; x_wconf 90' lang='grc' dir='ltr'><strong>τοῦ</strong></span> <span class='ocrx_word' id='word_1_512' title='bbox 3337 4243 3534 4295; x_wconf 83' lang='grc' dir='ltr'>πάππα</span> <span class='ocrx_word' id='word_1_513' title='bbox 3586 4231 3758 4325; x_wconf 50' lang='lat' dir='ltr'><strong>coma-</strong></span> 
     </span>
    </p>
   </div>
   <div class='ocr_carea' id='block_1_77' title="bbox 539 4327 2096 4417">
    <p class='ocr_par' dir='ltr' id='par_1_77' title="bbox 539 4330 2096 4405">
     <span class='ocr_line' id='line_1_77' title="bbox 539 4330 2096 4405; baseline 0.004 -20"><span class='ocrx_word' id='word_1_514' title='bbox 539 4330 722 4400; x_wconf 80' lang='lat' dir='ltr'><strong>Neque</strong></span> <span class='ocrx_word' id='word_1_515' title='bbox 750 4335 931 4401; x_wconf 89' lang='lat' dir='ltr'><strong>&#39;enim,</strong></span> <span class='ocrx_word' id='word_1_516' title='bbox 986 4334 1161 4401; x_wconf 89' lang='lat' dir='ltr'><strong>aiunt,</strong></span> <span class='ocrx_word' id='word_1_517' title='bbox 1213 4335 1416 4405; x_wconf 81' lang='lat' dir='ltr'><strong>aliquid</strong></span> <span class='ocrx_word' id='word_1_518' title='bbox 1452 4335 1630 4391; x_wconf 88' lang='lat' dir='ltr'><strong>simile</strong></span> <span class='ocrx_word' id='word_1_519' title='bbox 1677 4336 1731 4390; x_wconf 92' lang='lat' dir='ltr'><strong>in</strong></span> <span class='ocrx_word' id='word_1_520' title='bbox 1779 4337 1868 4398; x_wconf 84' lang='lat' dir='ltr'><strong>iis,</strong></span> <span class='ocrx_word' id='word_1_521' title='bbox 1901 4352 2018 4405; x_wconf 68' lang='lat' dir='ltr'><strong>qua:</strong></span> <span class='ocrx_word' id='word_1_522' title='bbox 2049 4339 2096 4392; x_wconf 90' lang='lat' dir='ltr'><strong>al</strong></span> 
     </span>
    </p>
   </div>
   <div class='ocr_carea' id='block_1_78' title="bbox 2207 4327 3758 4417">
    <p class='ocr_par' dir='ltr' id='par_1_78' title="bbox 2223 4327 3758 4417">
     <span class='ocr_line' id='line_1_78' title="bbox 2223 4327 3758 4417; baseline -0.011 -29"><span class='ocrx_word' id='word_1_523' title='bbox 2223 4333 2517 4402; x_wconf 86' lang='grc' dir='ltr'>γνώμονας</span> <span class='ocrx_word' id='word_1_524' title='bbox 2544 4333 2641 4386; x_wconf 80' lang='grc' dir='ltr'>καὶ</span> <span class='ocrx_word' id='word_1_525' title='bbox 2667 4333 2999 4395; x_wconf 74' lang='grc' dir='ltr'>ἐκϐιϐαστὰς</span> <span class='ocrx_word' id='word_1_526' title='bbox 3036 4335 3100 4386; x_wconf 90' lang='grc' dir='ltr'><strong>ἐκ</strong></span> <span class='ocrx_word' id='word_1_527' title='bbox 3150 4333 3247 4386; x_wconf 88' lang='grc' dir='ltr'><strong>τοῦ</strong></span> <span class='ocrx_word' id='word_1_528' title='bbox 3317 4327 3547 4398; x_wconf 78' lang='grc' dir='ltr'>πλευροῦ</span> <span class='ocrx_word' id='word_1_529' title='bbox 3619 4327 3758 4417; x_wconf 57' lang='grc' dir='ltr'>αὐτον</span> 
     </span>
    </p>
   </div>
   <div class='ocr_carea' id='block_1_79' title="bbox 541 4417 2096 4498">
    <p class='ocr_par' dir='ltr' id='par_1_79' title="bbox 541 4426 2096 4498">
     <span class='ocr_line' id='line_1_79' title="bbox 541 4426 2096 4498; baseline 0.002 -18"><span class='ocrx_word' id='word_1_530' title='bbox 541 4426 908 4483; x_wconf 83' lang='lat' dir='ltr'><strong>Alexandrino</strong></span> <span class='ocrx_word' id='word_1_531' title='bbox 951 4428 1161 4498; x_wconf 87' lang='lat' dir='ltr'><strong>Cyrillo</strong></span> <span class='ocrx_word' id='word_1_532' title='bbox 1211 4435 1266 4483; x_wconf 89' lang='lat' dir='ltr'><strong>et</strong></span> <span class='ocrx_word' id='word_1_533' title='bbox 1299 4427 1908 4496; x_wconf 85' lang='lat' dir='ltr'><strong>Constantinopolitano</strong></span> <span class='ocrx_word' id='word_1_534' title='bbox 1941 4430 2096 4484; x_wconf 72' lang='lat' dir='ltr'><strong>Attici</strong></span> 
     </span>
    </p>
   </div>
   <div class='ocr_carea' id='block_1_80' title="bbox 2207 4417 3757 4498">
    <p class='ocr_par' dir='ltr' id='par_1_80' title="bbox 2221 4417 3757 4498">
     <span class='ocr_line' id='line_1_80' title="bbox 2221 4417 3757 4498; baseline -0.026 0"><span class='ocrx_word' id='word_1_535' title='bbox 2221 4426 2344 4498; x_wconf 64' lang='grc' dir='ltr'><strong>ἦτοι</strong></span> <span class='ocrx_word' id='word_1_536' title='bbox 2387 4425 2712 4493; x_wconf 72' lang='grc' dir='ltr'>ἐγγίζοντας</span> <span class='ocrx_word' id='word_1_537' title='bbox 2743 4425 2894 4496; x_wconf 80' lang='grc' dir='ltr'>αὐτῷ</span> <span class='ocrx_word' id='word_1_538' title='bbox 2923 4426 3064 4478; x_wconf 79' lang='grc' dir='ltr'>κατὰ</span> <span class='ocrx_word' id='word_1_539' title='bbox 3126 4425 3225 4496; x_wconf 83' lang='grc' dir='ltr'><strong>τὴν</strong></span> <span class='ocrx_word' id='word_1_540' title='bbox 3279 4425 3467 4494; x_wconf 81' lang='grc' dir='ltr'>τιμὴν,</span> <span class='ocrx_word' id='word_1_541' title='bbox 3523 4417 3634 4472; x_wconf 75' lang='grc' dir='ltr'>ἀντὶ</span> <span class='ocrx_word' id='word_1_542' title='bbox 3680 4424 3757 4461; x_wconf 83' lang='grc' dir='ltr'><strong>του</strong></span> 
     </span>
    </p>
   </div>
   <div class='ocr_carea' id='block_1_81' title="bbox 542 4500 2096 4606">
    <p class='ocr_par' dir='ltr' id='par_1_81' title="bbox 542 4517 2096 4590">
     <span class='ocr_line' id='line_1_81' title="bbox 542 4517 2096 4590; baseline 0.001 -18"><span class='ocrx_word' id='word_1_543' title='bbox 542 4520 607 4572; x_wconf 90' lang='lat' dir='ltr'><strong>ad</strong></span> <span class='ocrx_word' id='word_1_544' title='bbox 639 4533 736 4574; x_wconf 90' lang='lat' dir='ltr'><strong>nos</strong></span> <span class='ocrx_word' id='word_1_545' title='bbox 769 4520 931 4574; x_wconf 89' lang='lat' dir='ltr'><strong>missa</strong></span> <span class='ocrx_word' id='word_1_546' title='bbox 969 4528 1117 4584; x_wconf 87' lang='lat' dir='ltr'><strong>sunt,</strong></span> <span class='ocrx_word' id='word_1_547' title='bbox 1154 4519 1478 4574; x_wconf 90' lang='lat' dir='ltr'><strong>invenimus.</strong></span> <span class='ocrx_word' id='word_1_548' title='bbox 1512 4517 1591 4574; x_wconf 86' lang='lat' dir='ltr'><strong>Ne</strong></span> <span class='ocrx_word' id='word_1_549' title='bbox 1617 4520 1794 4576; x_wconf 91' lang='lat' dir='ltr'><strong>velitis</strong></span> <span class='ocrx_word' id='word_1_550' title='bbox 1818 4521 1984 4590; x_wconf 81' lang='lat' dir='ltr'><strong>igitur</strong></span> <span class='ocrx_word' id='word_1_551' title='bbox 2015 4522 2096 4576; x_wconf 69' lang='grc' dir='ltr'><strong>ἱείς</strong></span> 
     </span>
    </p>
   </div>
   <div class='ocr_carea' id='block_1_82' title="bbox 2207 4500 3758 4606">
    <p class='ocr_par' dir='ltr' id='par_1_82' title="bbox 2226 4500 3758 4606">
     <span class='ocr_line' id='line_1_82' title="bbox 2226 4500 3758 4606; baseline -0.001 -36"><span class='ocrx_word' id='word_1_552' title='bbox 2226 4517 2608 4586; x_wconf 84' lang='grc' dir='ltr'>ἐντιμοτέρους</span> <span class='ocrx_word' id='word_1_553' title='bbox 2636 4519 2732 4570; x_wconf 73' lang='grc' dir='ltr'>καὶ</span> <span class='ocrx_word' id='word_1_554' title='bbox 2763 4517 3149 4588; x_wconf 81' lang='grc' dir='ltr'>ᾠκειωμένους</span> <span class='ocrx_word' id='word_1_555' title='bbox 3210 4517 3383 4586; x_wconf 83' lang='grc' dir='ltr'>αὐτῷ.</span> <span class='ocrx_word' id='word_1_556' title='bbox 3472 4509 3598 4565; x_wconf 81' lang='grc' dir='ltr'>Οὐδὲ</span> <span class='ocrx_word' id='word_1_557' title='bbox 3655 4500 3758 4606; x_wconf 32' lang='grc' dir='ltr'><strong>’γδξρ</strong></span> 
     </span>
    </p>
   </div>
   <div class='ocr_carea' id='block_1_83' title="bbox 542 4597 2096 4699">
    <p class='ocr_par' dir='ltr' id='par_1_83' title="bbox 542 4609 2089 4681">
     <span class='ocr_line' id='line_1_83' title="bbox 542 4609 2089 4681; baseline 0.001 -17"><span class='ocrx_word' id='word_1_558' title='bbox 542 4612 702 4681; x_wconf 79' lang='lat' dir='ltr'><strong>modo</strong></span> <span class='ocrx_word' id='word_1_559' title='bbox 727 4624 908 4680; x_wconf 86' lang='lat' dir='ltr'><strong>agere,</strong></span> <span class='ocrx_word' id='word_1_560' title='bbox 941 4624 1041 4664; x_wconf 90' lang='lat' dir='ltr'><strong>nec</strong></span> <span class='ocrx_word' id='word_1_561' title='bbox 1086 4609 1263 4663; x_wconf 90' lang='lat' dir='ltr'><strong>inanis</strong></span> <span class='ocrx_word' id='word_1_562' title='bbox 1297 4609 1479 4675; x_wconf 60' lang='lat' dir='ltr'><strong>gloriw</strong></span> <span class='ocrx_word' id='word_1_563' title='bbox 1511 4609 1735 4673; x_wconf 86' lang='lat' dir='ltr'><strong>fastum,</strong></span> <span class='ocrx_word' id='word_1_564' title='bbox 1772 4611 1903 4665; x_wconf 90' lang='lat' dir='ltr'><strong>fumi</strong></span> <span class='ocrx_word' id='word_1_565' title='bbox 1947 4614 2089 4666; x_wconf 87' lang='lat' dir='ltr'><strong>insta</strong></span> 
     </span>
    </p>
   </div>
   <div class='ocr_carea' id='block_1_84' title="bbox 2207 4597 3755 4699">
    <p class='ocr_par' dir='ltr' id='par_1_84' title="bbox 2224 4597 3755 4679">
     <span class='ocr_line' id='line_1_84' title="bbox 2224 4597 3755 4679; baseline 0 -17"><span class='ocrx_word' id='word_1_566' title='bbox 2224 4609 2464 4679; x_wconf 83' lang='grc' dir='ltr'>ε’ύρομέν</span> <span class='ocrx_word' id='word_1_567' title='bbox 2485 4627 2561 4674; x_wconf 87' lang='grc' dir='ltr'><strong>τι,</strong></span> <span class='ocrx_word' id='word_1_568' title='bbox 2589 4610 2748 4678; x_wconf 74' lang='grc' dir='ltr'>φασὶ,</span> <span class='ocrx_word' id='word_1_569' title='bbox 2781 4611 3027 4663; x_wconf 86' lang='grc' dir='ltr'>τοιοῦτον</span> <span class='ocrx_word' id='word_1_570' title='bbox 3071 4611 3130 4663; x_wconf 90' lang='grc' dir='ltr'><strong>ἐν</strong></span> <span class='ocrx_word' id='word_1_571' title='bbox 3160 4613 3273 4672; x_wconf 81' lang='grc' dir='ltr'>τοῖς</span> <span class='ocrx_word' id='word_1_572' title='bbox 3306 4605 3622 4678; x_wconf 78' lang='grc' dir='ltr'>πεμφθεῖσιν</span> <span class='ocrx_word' id='word_1_573' title='bbox 3647 4597 3755 4663; x_wconf 68' lang='grc' dir='ltr'><strong>ἡμῖν</strong></span> 
     </span>
    </p>
   </div>
   <div class='ocr_carea' id='block_1_85' title="bbox 542 4685 2096 4781">
    <p class='ocr_par' dir='ltr' id='par_1_85' title="bbox 542 4700 2092 4766">
     <span class='ocr_line' id='line_1_85' title="bbox 542 4700 2092 4766; baseline 0.001 -10"><span class='ocrx_word' id='word_1_574' title='bbox 542 4711 982 4766; x_wconf 86' lang='lat' dir='ltr'><strong>evanescentem,</strong></span> <span class='ocrx_word' id='word_1_575' title='bbox 1009 4702 1307 4756; x_wconf 88' lang='lat' dir='ltr'><strong>concedere</strong></span> <span class='ocrx_word' id='word_1_576' title='bbox 1332 4700 1588 4756; x_wconf 70' lang='lat' dir='ltr'><strong>Ecclesiae</strong></span> <span class='ocrx_word' id='word_1_577' title='bbox 1612 4700 1704 4757; x_wconf 91' lang='lat' dir='ltr'><strong>Dei</strong></span> <span class='ocrx_word' id='word_1_578' title='bbox 1734 4701 1944 4758; x_wconf 86' lang='lat' dir='ltr'><strong>inferri.</strong></span> <span class='ocrx_word' id='word_1_579' title='bbox 1977 4702 2092 4758; x_wconf 91' lang='lat' dir='ltr'><strong>Sim</strong></span> 
     </span>
    </p>
   </div>
   <div class='ocr_carea' id='block_1_86' title="bbox 2207 4685 3757 4781">
    <p class='ocr_par' dir='ltr' id='par_1_86' title="bbox 2225 4685 3757 4781">
     <span class='ocr_line' id='line_1_86' title="bbox 2225 4685 3757 4781; baseline -0.035 7"><span class='ocrx_word' id='word_1_580' title='bbox 2225 4699 2381 4769; x_wconf 69' lang='grc' dir='ltr'><strong>παρὰ</strong></span> <span class='ocrx_word' id='word_1_581' title='bbox 2407 4697 2503 4751; x_wconf 68' lang='grc' dir='ltr'><strong>τοῦ</strong></span> <span class='ocrx_word' id='word_1_582' title='bbox 2557 4697 2974 4765; x_wconf 63' lang='grc' dir='ltr'><strong>Ἀλεξανδρείας</strong></span> <span class='ocrx_word' id='word_1_583' title='bbox 3029 4699 3304 4769; x_wconf 84' lang='grc' dir='ltr'>Κυρίλλου</span> <span class='ocrx_word' id='word_1_584' title='bbox 3341 4698 3435 4750; x_wconf 77' lang='grc' dir='ltr'><strong>καὶ</strong></span> <span class='ocrx_word' id='word_1_585' title='bbox 3490 4687 3580 4743; x_wconf 84' lang='grc' dir='ltr'><strong>τοῦ</strong></span> <span class='ocrx_word' id='word_1_586' title='bbox 3631 4685 3757 4781; x_wconf 49' lang='lat' dir='ltr'><strong>lit-0V-</strong></span> 
     </span>
    </p>
   </div>
   <div class='ocr_carea' id='block_1_87' title="bbox 545 4783 2096 4881">
    <p class='ocr_par' dir='ltr' id='par_1_87' title="bbox 545 4793 2090 4866">
     <span class='ocr_line' id='line_1_87' title="bbox 545 4793 2090 4866; baseline -0.001 -16"><span class='ocrx_word' id='word_1_587' title='bbox 545 4796 759 4866; x_wconf 89' lang='lat' dir='ltr'><strong>plicitas</strong></span> <span class='ocrx_word' id='word_1_588' title='bbox 811 4807 1066 4862; x_wconf 84' lang='lat' dir='ltr'><strong>namque,</strong></span> <span class='ocrx_word' id='word_1_589' title='bbox 1104 4795 1276 4858; x_wconf 89' lang='lat' dir='ltr'><strong>aiunt,</strong></span> <span class='ocrx_word' id='word_1_590' title='bbox 1327 4800 1382 4848; x_wconf 88' lang='lat' dir='ltr'><strong>et</strong></span> <span class='ocrx_word' id='word_1_591' title='bbox 1425 4793 1686 4849; x_wconf 85' lang='lat' dir='ltr'><strong>demissio</strong></span> <span class='ocrx_word' id='word_1_592' title='bbox 1717 4795 1906 4860; x_wconf 90' lang='lat' dir='ltr'><strong>animi,</strong></span> <span class='ocrx_word' id='word_1_593' title='bbox 1953 4795 2090 4849; x_wconf 85' lang='lat' dir='ltr'><strong>insta</strong></span> 
     </span>
    </p>
   </div>
   <div class='ocr_carea' id='block_1_88' title="bbox 2207 4783 3757 4881">
    <p class='ocr_par' dir='ltr' id='par_1_88' title="bbox 2227 4783 3757 4881">
     <span class='ocr_line' id='line_1_88' title="bbox 2227 4783 3757 4881; baseline -0.007 -38"><span class='ocrx_word' id='word_1_594' title='bbox 2227 4791 2736 4854; x_wconf 82' lang='grc' dir='ltr'>σταντινουπόλεως</span> <span class='ocrx_word' id='word_1_595' title='bbox 2781 4791 3056 4846; x_wconf 81' lang='grc' dir='ltr'>Ἀττικοῦ.</span> <span class='ocrx_word' id='word_1_596' title='bbox 3093 4791 3184 4860; x_wconf 84' lang='grc' dir='ltr'><strong>Μὴ</strong></span> <span class='ocrx_word' id='word_1_597' title='bbox 3237 4786 3332 4844; x_wconf 82' lang='grc' dir='ltr'><strong>οὖν</strong></span> <span class='ocrx_word' id='word_1_598' title='bbox 3387 4785 3563 4839; x_wconf 81' lang='grc' dir='ltr'>θέλετε</span> <span class='ocrx_word' id='word_1_599' title='bbox 3613 4783 3757 4881; x_wconf 49' lang='lat' dir='ltr'><strong>tau,&quot;</strong></span> 
     </span>
    </p>
   </div>
   <div class='ocr_carea' id='block_1_89' title="bbox 545 4859 2096 4955">
    <p class='ocr_par' dir='ltr' id='par_1_89' title="bbox 545 4859 2071 4955">
     <span class='ocr_line' id='line_1_89' title="bbox 545 4859 2071 4955; baseline 0 -17"><span class='ocrx_word' id='word_1_600' title='bbox 545 4859 702 4950; x_wconf 86' lang='lat' dir='ltr'><strong>lucis,</strong></span> <span class='ocrx_word' id='word_1_601' title='bbox 737 4885 823 4948; x_wconf 89' lang='lat' dir='ltr'><strong>iis,</strong></span> <span class='ocrx_word' id='word_1_602' title='bbox 857 4859 972 4954; x_wconf 25' lang='lat' dir='ltr'><strong>quli</strong></span> <span class='ocrx_word' id='word_1_603' title='bbox 997 4881 1166 4937; x_wconf 90' lang='lat' dir='ltr'><strong>Deum</strong></span> <span class='ocrx_word' id='word_1_604' title='bbox 1204 4883 1400 4938; x_wconf 74' lang='lat' dir='ltr'><strong>intueri</strong></span> <span class='ocrx_word' id='word_1_605' title='bbox 1440 4885 1688 4955; x_wconf 91' lang='lat' dir='ltr'><strong>cupiunt,</strong></span> <span class='ocrx_word' id='word_1_606' title='bbox 1725 4859 1899 4939; x_wconf 10' lang='lat' dir='ltr'><strong>aﬂ‘erti</strong></span> <span class='ocrx_word' id='word_1_607' title='bbox 1929 4884 2071 4939; x_wconf 91' lang='lat' dir='ltr'><strong>diem</strong></span> 
     </span>
    </p>
   </div>
   <div class='ocr_carea' id='block_1_90' title="bbox 2207 4859 3757 4955">
    <p class='ocr_par' dir='ltr' id='par_1_90' title="bbox 2225 4859 3757 4955">
     <span class='ocr_line' id='line_1_90' title="bbox 2225 4859 3757 4955; baseline -0.018 -20"><span class='ocrx_word' id='word_1_608' title='bbox 2225 4883 2424 4945; x_wconf 81' lang='grc' dir='ltr'>ποιεῖν,</span> <span class='ocrx_word' id='word_1_609' title='bbox 2460 4880 2597 4952; x_wconf 72' lang='grc' dir='ltr'>μηδὲ</span> <span class='ocrx_word' id='word_1_610' title='bbox 2627 4881 2986 4950; x_wconf 85' lang='grc' dir='ltr'>παραχωρεῖν</span> <span class='ocrx_word' id='word_1_611' title='bbox 3032 4879 3126 4933; x_wconf 82' lang='grc' dir='ltr'><strong>τὸν</strong></span> <span class='ocrx_word' id='word_1_612' title='bbox 3161 4859 3418 4946; x_wconf 84' lang='grc' dir='ltr'>καπνώδη</span> <span class='ocrx_word' id='word_1_613' title='bbox 3465 4869 3629 4955; x_wconf 77' lang='grc' dir='ltr'>τῦφον</span> <span class='ocrx_word' id='word_1_614' title='bbox 3669 4859 3757 4911; x_wconf 80' lang='grc' dir='ltr'>είσσ</span> 
     </span>
    </p>
   </div>
   <div class='ocr_carea' id='block_1_91' title="bbox 547 4953 2096 5065">
    <p class='ocr_par' dir='ltr' id='par_1_91' title="bbox 547 4953 2095 5044">
     <span class='ocr_line' id='line_1_91' title="bbox 547 4953 2095 5044; baseline -0.002 -13"><span class='ocrx_word' id='word_1_615' title='bbox 547 4978 650 5032; x_wconf 87' lang='lat' dir='ltr'><strong>hoc</strong></span> <span class='ocrx_word' id='word_1_616' title='bbox 675 4986 778 5037; x_wconf 86' lang='lat' dir='ltr'><strong>est,</strong></span> <span class='ocrx_word' id='word_1_617' title='bbox 809 4953 970 5027; x_wconf 89' lang='lat' dir='ltr'><strong>veluti</strong></span> <span class='ocrx_word' id='word_1_618' title='bbox 1008 4970 1198 5028; x_wconf 79' lang='lat' dir='ltr'><strong>diffusa</strong></span> <span class='ocrx_word' id='word_1_619' title='bbox 1234 4975 1323 5028; x_wconf 84' lang='lat' dir='ltr'><strong>lux</strong></span> <span class='ocrx_word' id='word_1_620' title='bbox 1367 4953 1727 5038; x_wconf 33' lang='lat' dir='ltr'><strong>diem—elﬁcit,</strong></span> <span class='ocrx_word' id='word_1_621' title='bbox 1759 4988 1825 5029; x_wconf 89' lang='lat' dir='ltr'><strong>ac</strong></span> <span class='ocrx_word' id='word_1_622' title='bbox 1853 4989 1948 5044; x_wconf 89' lang='lat' dir='ltr'><strong>per</strong></span> <span class='ocrx_word' id='word_1_623' title='bbox 1976 4988 2095 5028; x_wconf 91' lang='lat' dir='ltr'><strong>eam</strong></span> 
     </span>
    </p>
   </div>
   <div class='ocr_carea' id='block_1_92' title="bbox 2207 4953 3756 5065">
    <p class='ocr_par' dir='ltr' id='par_1_92' title="bbox 2227 4953 3756 5065">
     <span class='ocr_line' id='line_1_92' title="bbox 2227 4953 3756 5065; baseline -0.013 -38"><span class='ocrx_word' id='word_1_624' title='bbox 2227 4971 2459 5040; x_wconf 75' lang='grc' dir='ltr'>ἄγεσθαι</span> <span class='ocrx_word' id='word_1_625' title='bbox 2493 4974 2560 5042; x_wconf 82' lang='grc' dir='ltr'>τῇ</span> <span class='ocrx_word' id='word_1_626' title='bbox 2607 4969 3039 5056; x_wconf 24' lang='grc' dir='ltr'>Ἐκκλησία-τοῦ</span> <span class='ocrx_word' id='word_1_627' title='bbox 3067 4969 3223 5032; x_wconf 79' lang='grc' dir='ltr'>Θεοῦ,</span> <span class='ocrx_word' id='word_1_628' title='bbox 3248 4969 3343 5038; x_wconf 80' lang='grc' dir='ltr'><strong>τὴν</strong></span> <span class='ocrx_word' id='word_1_629' title='bbox 3376 4967 3451 5027; x_wconf 82' lang='grc' dir='ltr'>ὠς</span> <span class='ocrx_word' id='word_1_630' title='bbox 3486 4953 3668 5065; x_wconf 62' lang='lat' dir='ltr'><strong>xci:va</strong></span> <span class='ocrx_word' id='word_1_631' title='bbox 3685 4962 3756 5065; x_wconf 55' lang='lat' dir='ltr'><strong>fa:</strong></span> 
     </span>
    </p>
   </div>
   <div class='ocr_carea' id='block_1_93' title="bbox 546 5043 2096 5158">
    <p class='ocr_par' dir='ltr' id='par_1_93' title="bbox 546 5043 2096 5139">
     <span class='ocr_line' id='line_1_93' title="bbox 546 5043 2096 5139; baseline 0.001 -20"><span class='ocrx_word' id='word_1_632' title='bbox 546 5083 665 5139; x_wconf 69' lang='lat' dir='ltr'><strong>quae</strong></span> <span class='ocrx_word' id='word_1_633' title='bbox 715 5067 967 5122; x_wconf 90' lang='lat' dir='ltr'><strong>sensibus</strong></span> <span class='ocrx_word' id='word_1_634' title='bbox 1015 5066 1410 5135; x_wconf 86' lang='lat' dir='ltr'><strong>percipiuntur,</strong></span> <span class='ocrx_word' id='word_1_635' title='bbox 1467 5067 1653 5122; x_wconf 89' lang='lat' dir='ltr'><strong>videre</strong></span> <span class='ocrx_word' id='word_1_636' title='bbox 1701 5043 1877 5132; x_wconf 82' lang='lat' dir='ltr'><strong>licet;</strong></span> <span class='ocrx_word' id='word_1_637' title='bbox 1933 5067 2096 5122; x_wconf 88' lang='lat' dir='ltr'><strong>coden</strong></span> 
     </span>
    </p>
   </div>
   <div class='ocr_carea' id='block_1_94' title="bbox 2207 5043 3716 5158">
    <p class='ocr_par' dir='ltr' id='par_1_94' title="bbox 2235 5043 3716 5158">
     <span class='ocr_line' id='line_1_94' title="bbox 2235 5043 3716 5158; baseline -0.009 -38"><span class='ocrx_word' id='word_1_638' title='bbox 2235 5066 2378 5136; x_wconf 82' lang='grc' dir='ltr'>χέως</span> <span class='ocrx_word' id='word_1_639' title='bbox 2405 5063 2770 5133; x_wconf 87' lang='grc' dir='ltr'>διαλυομένην</span> <span class='ocrx_word' id='word_1_640' title='bbox 2815 5049 3358 5132; x_wconf 64' lang='grc' dir='ltr'>καῖὰὶρανιζομένην</span> <span class='ocrx_word' id='word_1_641' title='bbox 3440 5043 3716 5158; x_wconf 49' lang='grc' dir='ltr'>κενοδοξία]</span> 
     </span>
    </p>
   </div>
   <div class='ocr_carea' id='block_1_95' title="bbox 549 5143 2096 5256">
    <p class='ocr_par' dir='ltr' id='par_1_95' title="bbox 549 5158 2095 5228">
     <span class='ocr_line' id='line_1_95' title="bbox 549 5158 2095 5228; baseline -0.001 -13"><span class='ocrx_word' id='word_1_642' title='bbox 549 5159 706 5215; x_wconf 89' lang='lat' dir='ltr'><strong>modo</strong></span> <span class='ocrx_word' id='word_1_643' title='bbox 727 5158 1045 5228; x_wconf 87' lang='lat' dir='ltr'><strong>simplicitas</strong></span> <span class='ocrx_word' id='word_1_644' title='bbox 1065 5172 1130 5213; x_wconf 90' lang='lat' dir='ltr'><strong>ac</strong></span> <span class='ocrx_word' id='word_1_645' title='bbox 1155 5159 1428 5213; x_wconf 87' lang='lat' dir='ltr'><strong>humilitas</strong></span> <span class='ocrx_word' id='word_1_646' title='bbox 1448 5158 1620 5213; x_wconf 89' lang='lat' dir='ltr'><strong>lucem</strong></span> <span class='ocrx_word' id='word_1_647' title='bbox 1646 5158 2095 5214; x_wconf 89' lang='lat' dir='ltr'><strong>immittitanimo</strong></span> 
     </span>
    </p>
   </div>
   <div class='ocr_carea' id='block_1_96' title="bbox 2207 5143 3754 5256">
    <p class='ocr_par' dir='ltr' id='par_1_96' title="bbox 2230 5143 3754 5256">
     <span class='ocr_line' id='line_1_96' title="bbox 2230 5143 3754 5256; baseline -0.009 -49"><span class='ocrx_word' id='word_1_648' title='bbox 2230 5155 2314 5208; x_wconf 84' lang='grc' dir='ltr'><strong>ὅτι</strong></span> <span class='ocrx_word' id='word_1_649' title='bbox 2364 5154 2553 5223; x_wconf 78' lang='grc' dir='ltr'>φασὶν,</span> <span class='ocrx_word' id='word_1_650' title='bbox 2588 5154 2620 5223; x_wconf 77' lang='grc' dir='ltr'><strong>ἡ</strong></span> <span class='ocrx_word' id='word_1_651' title='bbox 2659 5151 2900 5222; x_wconf 82' lang='grc' dir='ltr'>ἁπλότης</span> <span class='ocrx_word' id='word_1_652' title='bbox 2933 5154 3030 5204; x_wconf 81' lang='grc' dir='ltr'>καὶ</span> <span class='ocrx_word' id='word_1_653' title='bbox 3063 5154 3094 5218; x_wconf 85' lang='grc' dir='ltr'>ἠ</span> <span class='ocrx_word' id='word_1_654' title='bbox 3133 5153 3476 5208; x_wconf 88' lang='grc' dir='ltr'>ταπείνωσις,</span> 
     </span>
    </p>
   </div>
   <div class='ocr_carea' id='block_1_97' title="bbox 547 5231 2096 5358">
    <p class='ocr_par' dir='ltr' id='par_1_97' title="bbox 547 5249 2096 5321">
     <span class='ocr_line' id='line_1_97' title="bbox 547 5249 2096 5321; baseline 0.001 -17"><span class='ocrx_word' id='word_1_655' title='bbox 547 5266 650 5321; x_wconf 81' lang='lat' dir='ltr'><strong>qua</strong></span> <span class='ocrx_word' id='word_1_656' title='bbox 682 5250 986 5306; x_wconf 88' lang='lat' dir='ltr'><strong>illustratus</strong></span> <span class='ocrx_word' id='word_1_657' title='bbox 1019 5251 1184 5306; x_wconf 89' lang='lat' dir='ltr'><strong>Deum</strong></span> <span class='ocrx_word' id='word_1_658' title='bbox 1210 5251 1415 5316; x_wconf 88' lang='lat' dir='ltr'><strong>videre,</strong></span> <span class='ocrx_word' id='word_1_659' title='bbox 1452 5251 1554 5305; x_wconf 90' lang='lat' dir='ltr'><strong>hoc</strong></span> <span class='ocrx_word' id='word_1_660' title='bbox 1592 5257 1696 5314; x_wconf 89' lang='lat' dir='ltr'><strong>est,</strong></span> <span class='ocrx_word' id='word_1_661' title='bbox 1729 5259 1988 5320; x_wconf 85' lang='lat' dir='ltr'><strong>quantum</strong></span> <span class='ocrx_word' id='word_1_662' title='bbox 2023 5249 2096 5305; x_wconf 89' lang='lat' dir='ltr'><strong>ho</strong></span> 
     </span>
    </p>
   </div>
   <div class='ocr_carea' id='block_1_98' title="bbox 2207 5231 3755 5358">
    <p class='ocr_par' dir='ltr' id='par_1_98' title="bbox 2232 5231 3755 5358">
     <span class='ocr_line' id='line_1_98' title="bbox 2232 5231 3755 5358; baseline -0.007 -58"><span class='ocrx_word' id='word_1_663' title='bbox 2232 5246 2459 5358; x_wconf 52' lang='grc' dir='ltr'>Σιμοσῳέ</span> <span class='ocrx_word' id='word_1_664' title='bbox 2468 5262 2551 5315; x_wconf 88' lang='grc' dir='ltr'><strong>ρει</strong></span> <span class='ocrx_word' id='word_1_665' title='bbox 2571 5244 2671 5350; x_wconf 69' lang='grc' dir='ltr'>τὴν</span> <span class='ocrx_word' id='word_1_666' title='bbox 2734 5245 2950 5350; x_wconf 73' lang='grc' dir='ltr'>ἡμέραν</span> <span class='ocrx_word' id='word_1_667' title='bbox 3023 5247 3175 5358; x_wconf 39' lang='grc' dir='ltr'>τοῖς,</span> <span class='ocrx_word' id='word_1_668' title='bbox 3204 5245 3459 5358; x_wconf 49' lang='grc' dir='ltr'>θέλουσιν.</span> 
     </span>
    </p>
   </div>
   <div class='ocr_carea' id='block_1_99' title="bbox 552 5314 2096 5431">
    <p class='ocr_par' dir='ltr' id='par_1_99' title="bbox 552 5343 1516 5413">
     <span class='ocr_line' id='line_1_99' title="bbox 552 5343 1516 5413; baseline -0.001 -16"><span class='ocrx_word' id='word_1_669' title='bbox 552 5343 686 5397; x_wconf 88' lang='lat' dir='ltr'><strong>mini</strong></span> <span class='ocrx_word' id='word_1_670' title='bbox 717 5343 800 5398; x_wconf 85' lang='lat' dir='ltr'><strong>fas</strong></span> <span class='ocrx_word' id='word_1_671' title='bbox 831 5352 935 5407; x_wconf 88' lang='lat' dir='ltr'><strong>est,</strong></span> <span class='ocrx_word' id='word_1_672' title='bbox 969 5357 1296 5412; x_wconf 79' lang='lat' dir='ltr'><strong>cognoscere</strong></span> <span class='ocrx_word' id='word_1_673' title='bbox 1327 5351 1516 5413; x_wconf 87' lang='lat' dir='ltr'><strong>queat.</strong></span> 
     </span>
    </p>
   </div>
   <div class='ocr_carea' id='block_1_100' title="bbox 2207 5314 3753 5431">
    <p class='ocr_par' dir='ltr' id='par_1_100' title="bbox 2231 5314 3753 5431">
     <span class='ocr_line' id='line_1_100' title="bbox 2231 5314 3753 5431; baseline 0.022 -31"><span class='ocrx_word' id='word_1_674' title='bbox 2231 5314 2364 5391; x_wconf 71' lang='grc' dir='ltr'><strong>θέόν</strong></span> <span class='ocrx_word' id='word_1_675' title='bbox 2393 5314 2412 5369; x_wconf 58' lang='grc'><strong>·⁷</strong></span> <span class='ocrx_word' id='word_1_676' title='bbox 2433 5314 2601 5406; x_wconf 67' lang='grc' dir='ltr'>ἤγουν</span> <span class='ocrx_word' id='word_1_677' title='bbox 2643 5335 2748 5399; x_wconf 58' lang='grc' dir='ltr'>ὅτι,</span> <span class='ocrx_word' id='word_1_678' title='bbox 2770 5314 2961 5406; x_wconf 59' lang='grc' dir='ltr'>ὥσπερ</span> <span class='ocrx_word' id='word_1_679' title='bbox 2993 5335 3054 5389; x_wconf 78' lang='grc' dir='ltr'>τδ</span> <span class='ocrx_word' id='word_1_680' title='bbox 3103 5337 3219 5404; x_wconf 71' lang='grc' dir='ltr'><strong>φῶς</strong></span> <span class='ocrx_word' id='word_1_681' title='bbox 3248 5333 3459 5402; x_wconf 75' lang='grc' dir='ltr'>λάμπον</span> <span class='ocrx_word' id='word_1_682' title='bbox 3493 5323 3602 5431; x_wconf 61' lang='grc' dir='ltr'><strong>τἚΥ.</strong></span> <span class='ocrx_word' id='word_1_683' title='bbox 3641 5314 3753 5431; x_wconf 40' lang='lat' dir='ltr'><strong>illi;</strong></span> 
     </span>
    </p>
   </div>
   <div class='ocr_carea' id='block_1_101' title="bbox 553 5398 3753 5505">
    <p class='ocr_par' dir='ltr' id='par_1_101' title="bbox 553 5398 3753 5505">
     <span class='ocr_line' id='line_1_101' title="bbox 553 5398 3753 5505; baseline -0.005 -18"><span class='ocrx_word' id='word_1_684' title='bbox 553 5449 653 5505; x_wconf 84' lang='grc' dir='ltr'><strong>ραν</strong></span> <span class='ocrx_word' id='word_1_685' title='bbox 683 5435 848 5499; x_wconf 83' lang='grc' dir='ltr'>ποιεῖ,</span> <span class='ocrx_word' id='word_1_686' title='bbox 887 5398 979 5488; x_wconf 77' lang='grc' dir='ltr'>καὶ</span> <span class='ocrx_word' id='word_1_687' title='bbox 1006 5398 1190 5486; x_wconf 73' lang='grc' dir='ltr'>δίδωσι</span> <span class='ocrx_word' id='word_1_688' title='bbox 1224 5433 1282 5485; x_wconf 75' lang='grc' dir='ltr'><strong>τὸ</strong></span> <span class='ocrx_word' id='word_1_689' title='bbox 1301 5398 1438 5504; x_wconf 68' lang='grc' dir='ltr'>όρᾷν</span> <span class='ocrx_word' id='word_1_690' title='bbox 1513 5432 1583 5486; x_wconf 79' lang='grc' dir='ltr'>τὰ</span> <span class='ocrx_word' id='word_1_691' title='bbox 1633 5430 1896 5501; x_wconf 76' lang='grc' dir='ltr'>αἰσθητὰ,</span> <span class='ocrx_word' id='word_1_692' title='bbox 1940 5428 2114 5494; x_wconf 79' lang='grc' dir='ltr'>οὕτως</span> <span class='ocrx_word' id='word_1_693' title='bbox 2151 5429 2187 5501; x_wconf 77' lang='grc' dir='ltr'><strong>ἠ</strong></span> <span class='ocrx_word' id='word_1_694' title='bbox 2217 5398 2466 5495; x_wconf 71' lang='grc' dir='ltr'>ἁπλότης</span> <span class='ocrx_word' id='word_1_695' title='bbox 2481 5398 2582 5477; x_wconf 69' lang='grc' dir='ltr'>καὶ</span> <span class='ocrx_word' id='word_1_696' title='bbox 2645 5424 2678 5492; x_wconf 82' lang='grc' dir='ltr'>ἢ</span> <span class='ocrx_word' id='word_1_697' title='bbox 2746 5398 3215 5495; x_wconf 72' lang='grc' dir='ltr'>ταπεινοφροσύνῃ</span> <span class='ocrx_word' id='word_1_698' title='bbox 3273 5398 3477 5475; x_wconf 80' lang='grc' dir='ltr'>δίδωσιν</span> <span class='ocrx_word' id='word_1_699' title='bbox 3530 5398 3753 5472; x_wconf 59' lang='grc' dir='ltr'>ἐλλαμψί¹¹</span> 
     </span>
    </p>
   </div>
   <div class='ocr_carea' id='block_1_102' title="bbox 549 5519 2715 5600">
    <p class='ocr_par' dir='ltr' id='par_1_102' title="bbox 549 5519 2715 5600">
     <span class='ocr_line' id='line_1_102' title="bbox 549 5519 2715 5600; baseline -0.004 -18"><span class='ocrx_word' id='word_1_700' title='bbox 549 5537 628 5600; x_wconf 79' lang='grc' dir='ltr'>τῷ</span> <span class='ocrx_word' id='word_1_701' title='bbox 659 5526 736 5599; x_wconf 86' lang='grc' dir='ltr'>νῷ</span> <span class='ocrx_word' id='word_1_702' title='bbox 773 5528 854 5591; x_wconf 86' lang='grc' dir='ltr'><strong>είς</strong></span> <span class='ocrx_word' id='word_1_703' title='bbox 877 5529 939 5580; x_wconf 75' lang='grc' dir='ltr'><strong>τὸ</strong></span> <span class='ocrx_word' id='word_1_704' title='bbox 975 5527 1110 5599; x_wconf 76' lang='grc' dir='ltr'>δρᾷν</span> <span class='ocrx_word' id='word_1_705' title='bbox 1146 5527 1239 5580; x_wconf 78' lang='grc' dir='ltr'>τὸν</span> <span class='ocrx_word' id='word_1_706' title='bbox 1280 5526 1435 5594; x_wconf 80' lang='grc' dir='ltr'>Θεὸν,</span> <span class='ocrx_word' id='word_1_707' title='bbox 1476 5525 1762 5580; x_wconf 75' lang='grc' dir='ltr'>τουτέστιν</span> <span class='ocrx_word' id='word_1_708' title='bbox 1799 5523 1876 5588; x_wconf 83' lang='grc' dir='ltr'>ὡς</span> <span class='ocrx_word' id='word_1_709' title='bbox 1899 5523 2124 5594; x_wconf 79' lang='grc' dir='ltr'>ἐφικτὸν</span> <span class='ocrx_word' id='word_1_710' title='bbox 2165 5520 2504 5588; x_wconf 83' lang='grc' dir='ltr'>κατανοῆσαι</span> <span class='ocrx_word' id='word_1_711' title='bbox 2533 5519 2715 5574; x_wconf 80' lang='grc' dir='ltr'>αὐτόν.</span> 
     </span>
    </p>
   </div>
   <div class='ocr_carea' id='block_1_103' title="bbox 549 5593 2096 5699">
    <p class='ocr_par' dir='ltr' id='par_1_103' title="bbox 549 5593 2096 5695">
     <span class='ocr_line' id='line_1_103' title="bbox 549 5593 2096 5695; baseline -0.003 -15"><span class='ocrx_word' id='word_1_712' title='bbox 817 5642 836 5677; x_wconf 77' lang='grc' dir='ltr'><strong>ι</strong></span> <span class='ocrx_word' id='word_1_713' title='bbox 874 5593 1119 5695; x_wconf 59' lang='lat' dir='ltr'><strong>£05qu</strong></span> <span class='ocrx_word' id='word_1_714' title='bbox 1143 5641 1171 5680; x_wconf 91' lang='lat' dir='ltr'><strong>a</strong></span> <span class='ocrx_word' id='word_1_715' title='bbox 1195 5626 1353 5681; x_wconf 91' lang='lat' dir='ltr'><strong>nobis</strong></span> <span class='ocrx_word' id='word_1_716' title='bbox 1376 5593 1946 5686; x_wconf 61' lang='lat' dir='ltr'><strong>eicommunicantur,</strong></span> <span class='ocrx_word' id='word_1_717' title='bbox 1979 5631 2096 5691; x_wconf 86' lang='lat' dir='ltr'><strong>post</strong></span> 
     </span>
    </p>
   </div>
   <div class='ocr_carea' id='block_1_104' title="bbox 2207 5593 3756 5699">
    <p class='ocr_par' dir='ltr' id='par_1_104' title="bbox 2239 5593 3756 5699">
     <span class='ocr_line' id='line_1_104' title="bbox 2239 5593 3756 5699; baseline -0.027 -26"><span class='ocrx_word' id='word_1_718' title='bbox 2239 5616 2465 5672; x_wconf 82' lang='grc' dir='ltr'><strong>ΑΡΙΣΤ.</strong></span> <span class='ocrx_word' id='word_1_719' title='bbox 2502 5634 2519 5667; x_wconf 75' lang='grc' dir='ltr'><strong>ι</strong></span> <span class='ocrx_word' id='word_1_720' title='bbox 2558 5615 2696 5678; x_wconf 82' lang='grc' dir='ltr'>Τοὺς</span> <span class='ocrx_word' id='word_1_721' title='bbox 2721 5615 2854 5685; x_wconf 85' lang='grc' dir='ltr'>παρ’</span> <span class='ocrx_word' id='word_1_722' title='bbox 2873 5615 3033 5685; x_wconf 77' lang='grc' dir='ltr'>ἡμῶν</span> <span class='ocrx_word' id='word_1_723' title='bbox 3058 5607 3522 5699; x_wconf 67' lang='grc' dir='ltr'>ἀποκοινωνήτους</span> <span class='ocrx_word' id='word_1_724' title='bbox 3537 5593 3756 5699; x_wconf 36' lang='grc' dir='ltr'>,είς-ἐσμ</span> 
     </span>
    </p>
   </div>
   <div class='ocr_carea' id='block_1_105' title="bbox 631 5678 2096 5812">
    <p class='ocr_par' dir='ltr' id='par_1_105' title="bbox 631 5714 2064 5786">
     <span class='ocr_line' id='line_1_105' title="bbox 631 5714 2064 5786; baseline -0.001 -17"><span class='ocrx_word' id='word_1_725' title='bbox 631 5736 650 5769; x_wconf 75' lang='grc' dir='ltr'><strong>ι</strong></span> <span class='ocrx_word' id='word_1_726' title='bbox 689 5718 793 5773; x_wconf 88' lang='lat' dir='ltr'><strong>hac</strong></span> <span class='ocrx_word' id='word_1_727' title='bbox 839 5717 892 5771; x_wconf 92' lang='lat' dir='ltr'><strong>in</strong></span> <span class='ocrx_word' id='word_1_728' title='bbox 944 5717 1374 5786; x_wconf 77' lang='lat' dir='ltr'><strong>communionem</strong></span> <span class='ocrx_word' id='word_1_729' title='bbox 1425 5717 1712 5771; x_wconf 89' lang='lat' dir='ltr'><strong>admittere</strong></span> <span class='ocrx_word' id='word_1_730' title='bbox 1767 5729 1837 5769; x_wconf 89' lang='lat' dir='ltr'><strong>ne</strong></span> <span class='ocrx_word' id='word_1_731' title='bbox 1890 5714 2064 5768; x_wconf 85' lang='lat' dir='ltr'><strong>velitis</strong></span> 
     </span>
    </p>
   </div>
   <div class='ocr_carea' id='block_1_106' title="bbox 2207 5678 3727 5812">
    <p class='ocr_par' dir='ltr' id='par_1_106' title="bbox 2315 5678 3727 5812">
     <span class='ocr_line' id='line_1_106' title="bbox 2315 5678 3727 5812; baseline -0.025 -49"><span class='ocrx_word' id='word_1_732' title='bbox 2315 5728 2333 5762; x_wconf 76' lang='grc' dir='ltr'><strong>ι</strong></span> <span class='ocrx_word' id='word_1_733' title='bbox 2375 5709 2573 5763; x_wconf 83' lang='grc' dir='ltr'>νωνίαν</span> <span class='ocrx_word' id='word_1_734' title='bbox 2593 5708 2653 5761; x_wconf 78' lang='grc' dir='ltr'><strong>τὸ</strong></span> <span class='ocrx_word' id='word_1_735' title='bbox 2687 5678 2872 5762; x_wconf 74' lang='grc' dir='ltr'>λοιπὸν</span> <span class='ocrx_word' id='word_1_736' title='bbox 3014 5707 3309 5812; x_wconf 41' lang='grc' dir='ltr'>θελήσητε.</span> <span class='ocrx_word' id='word_1_737' title='bbox 3353 5678 3727 5812; x_wconf 34' lang='grc' dir='ltr'><strong>ειταραδέξὲὶσλθῗέι</strong></span> 
     </span>
    </p>
   </div>
   <div class='ocr_carea' id='block_1_107' title="bbox 633 5775 2096 5878">
    <p class='ocr_par' dir='ltr' id='par_1_107' title="bbox 633 5775 2091 5878">
     <span class='ocr_line' id='line_1_107' title="bbox 633 5775 2091 5878; baseline -0.001 -19"><span class='ocrx_word' id='word_1_738' title='bbox 633 5825 651 5859; x_wconf 72' lang='grc' dir='ltr'><strong>ι</strong></span> <span class='ocrx_word' id='word_1_739' title='bbox 692 5807 908 5877; x_wconf 74' lang='lat' dir='ltr'><strong>quodet</strong></span> <span class='ocrx_word' id='word_1_740' title='bbox 947 5807 999 5862; x_wconf 84' lang='lat' dir='ltr'><strong>in</strong></span> <span class='ocrx_word' id='word_1_741' title='bbox 1034 5806 1239 5878; x_wconf 88' lang='lat' dir='ltr'><strong>synodo</strong></span> <span class='ocrx_word' id='word_1_742' title='bbox 1280 5775 1498 5861; x_wconf 80' lang='lat' dir='ltr'><strong>Nicaena</strong></span> <span class='ocrx_word' id='word_1_743' title='bbox 1538 5806 1812 5860; x_wconf 87' lang='lat' dir='ltr'><strong>decretum</strong></span> <span class='ocrx_word' id='word_1_744' title='bbox 1847 5811 1948 5859; x_wconf 85' lang='lat' dir='ltr'><strong>est.</strong></span> <span class='ocrx_word' id='word_1_745' title='bbox 1988 5803 2091 5858; x_wconf 81' lang='lat' dir='ltr'><strong>Ecc</strong></span> 
     </span>
    </p>
   </div>
   <div class='ocr_carea' id='block_1_108' title="bbox 2207 5775 3752 5878">
    <p class='ocr_par' dir='ltr' id='par_1_108' title="bbox 2309 5775 3752 5872">
     <span class='ocr_line' id='line_1_108' title="bbox 2309 5775 3752 5872; baseline -0.02 -20"><span class='ocrx_word' id='word_1_746' title='bbox 2309 5819 2326 5852; x_wconf 74' lang='grc' dir='ltr'><strong>ι</strong></span> <span class='ocrx_word' id='word_1_747' title='bbox 2373 5800 2508 5871; x_wconf 82' lang='grc' dir='ltr'>ὅπερ</span> <span class='ocrx_word' id='word_1_748' title='bbox 2531 5801 2621 5854; x_wconf 74' lang='grc' dir='ltr'>καὶ</span> <span class='ocrx_word' id='word_1_749' title='bbox 2648 5803 2713 5872; x_wconf 79' lang='grc' dir='ltr'>τῇ</span> <span class='ocrx_word' id='word_1_750' title='bbox 2743 5801 2800 5854; x_wconf 82' lang='grc' dir='ltr'><strong>ἐν</strong></span> <span class='ocrx_word' id='word_1_751' title='bbox 2828 5775 3032 5870; x_wconf 76' lang='grc' dir='ltr'>Νικαίᾳ</span> <span class='ocrx_word' id='word_1_752' title='bbox 3065 5775 3512 5868; x_wconf 60' lang='grc' dir='ltr'>συνόδῳρὃρισται.</span> <span class='ocrx_word' id='word_1_753' title='bbox 3531 5775 3647 5832; x_wconf 73' lang='grc' dir='ltr'>Ἰδοὺ</span> <span class='ocrx_word' id='word_1_754' title='bbox 3670 5775 3752 5831; x_wconf 69' lang='grc' dir='ltr'><strong>γαρ</strong></span> 
     </span>
    </p>
   </div>
   <div class='ocr_carea' id='block_1_109' title="bbox 2204 2047 3762 2118">
    <p class='ocr_par' dir='ltr' id='par_1_109' title="bbox 2204 2047 3762 2118">
     <span class='ocr_line' id='line_1_109' title="bbox 2204 2047 3762 2118; baseline -0.001 -19"><span class='ocrx_word' id='word_1_755' title='bbox 2204 2049 2327 2118; x_wconf 70' lang='grc' dir='ltr'>ἦτοι</span> <span class='ocrx_word' id='word_1_756' title='bbox 2377 2047 2651 2117; x_wconf 88' lang='grc' dir='ltr'>προνόμια</span> <span class='ocrx_word' id='word_1_757' title='bbox 2685 2048 2804 2114; x_wconf 74' lang='grc' dir='ltr'>(καὶ</span> <span class='ocrx_word' id='word_1_758' title='bbox 2863 2050 2896 2118; x_wconf 80' lang='grc' dir='ltr'>ἡ</span> <span class='ocrx_word' id='word_1_759' title='bbox 2946 2049 3232 2117; x_wconf 85' lang='grc' dir='ltr'>πατρωνία</span> <span class='ocrx_word' id='word_1_760' title='bbox 3283 2049 3470 2102; x_wconf 77' lang='grc' dir='ltr'>δὲκαὶ</span> <span class='ocrx_word' id='word_1_761' title='bbox 3523 2047 3590 2101; x_wconf 83' lang='grc' dir='ltr'>τὰ</span> <span class='ocrx_word' id='word_1_762' title='bbox 3655 2065 3762 2117; x_wconf 80' lang='grc' dir='ltr'>πρι·</span> 
     </span>
    </p>
   </div>
   <div class='ocr_carea' id='block_1_110' title="bbox 2205 2137 3758 2211">
    <p class='ocr_par' dir='ltr' id='par_1_110' title="bbox 2205 2137 3758 2211">
     <span class='ocr_line' id='line_1_110' title="bbox 2205 2137 3758 2211; baseline -0.001 -20"><span class='ocrx_word' id='word_1_763' title='bbox 2205 2138 2438 2206; x_wconf 78' lang='grc' dir='ltr'>σιλέγια,</span> <span class='ocrx_word' id='word_1_764' title='bbox 2473 2139 2646 2204; x_wconf 80' lang='grc' dir='ltr'>λέξεις</span> <span class='ocrx_word' id='word_1_765' title='bbox 2714 2139 3025 2211; x_wconf 72' lang='grc' dir='ltr'>Ῥωμαϊκαὶ</span> <span class='ocrx_word' id='word_1_766' title='bbox 3053 2142 3174 2211; x_wconf 77' lang='grc' dir='ltr'>ἦτοι</span> <span class='ocrx_word' id='word_1_767' title='bbox 3203 2139 3318 2193; x_wconf 83' lang='grc' dir='ltr'><strong>τῶν</strong></span> <span class='ocrx_word' id='word_1_768' title='bbox 3379 2139 3619 2193; x_wconf 85' lang='grc' dir='ltr'>Λατίνων</span> <span class='ocrx_word' id='word_1_769' title='bbox 3649 2137 3758 2202; x_wconf 74' lang='grc' dir='ltr'>εἰσὶ)</span> 
     </span>
    </p>
   </div>
   <div class='ocr_carea' id='block_1_111' title="bbox 2205 2229 3760 2302">
    <p class='ocr_par' dir='ltr' id='par_1_111' title="bbox 2205 2229 3760 2302">
     <span class='ocr_line' id='line_1_111' title="bbox 2205 2229 3760 2302; baseline -0.003 -18"><span class='ocrx_word' id='word_1_770' title='bbox 2205 2231 2300 2284; x_wconf 76' lang='grc' dir='ltr'><strong>καὶ</strong></span> <span class='ocrx_word' id='word_1_771' title='bbox 2329 2230 2627 2285; x_wconf 83' lang='grc' dir='ltr'>σπεύδοντα</span> <span class='ocrx_word' id='word_1_772' title='bbox 2652 2231 2908 2300; x_wconf 83' lang='grc' dir='ltr'>δεχθῆναι</span> <span class='ocrx_word' id='word_1_773' title='bbox 2975 2231 3142 2286; x_wconf 77' lang='grc' dir='ltr'>αὑτὸν</span> <span class='ocrx_word' id='word_1_774' title='bbox 3202 2231 3360 2302; x_wconf 81' lang='grc' dir='ltr'>παρὰ</span> <span class='ocrx_word' id='word_1_775' title='bbox 3391 2235 3492 2300; x_wconf 73' lang='grc' dir='ltr'><strong>τῆς</strong></span> <span class='ocrx_word' id='word_1_776' title='bbox 3546 2229 3760 2290; x_wconf 79' lang='grc' dir='ltr'>συνόδου,</span> 
     </span>
    </p>
   </div>
   <div class='ocr_carea' id='block_1_112' title="bbox 2207 2317 3762 2390">
    <p class='ocr_par' dir='ltr' id='par_1_112' title="bbox 2207 2317 3762 2390">
     <span class='ocr_line' id='line_1_112' title="bbox 2207 2317 3762 2390; baseline -0.003 -16"><span class='ocrx_word' id='word_1_777' title='bbox 2207 2322 2307 2375; x_wconf 86' lang='grc' dir='ltr'><strong>οὐκ</strong></span> <span class='ocrx_word' id='word_1_778' title='bbox 2335 2322 2613 2387; x_wconf 81' lang='grc' dir='ltr'>ἐξεγένετο</span> <span class='ocrx_word' id='word_1_779' title='bbox 2645 2323 2793 2390; x_wconf 82' lang='grc' dir='ltr'>αὐτῷ</span> <span class='ocrx_word' id='word_1_780' title='bbox 2821 2341 2833 2354; x_wconf 82' lang='grc'><em>’</em></span> <span class='ocrx_word' id='word_1_781' title='bbox 2865 2323 2998 2377; x_wconf 81' lang='grc' dir='ltr'>ἀλλὰ</span> <span class='ocrx_word' id='word_1_782' title='bbox 3027 2326 3053 2377; x_wconf 84' lang='grc' dir='ltr'><strong>ὁ</strong></span> <span class='ocrx_word' id='word_1_783' title='bbox 3078 2323 3214 2386; x_wconf 75' lang='grc' dir='ltr'>Θεὸς</span> <span class='ocrx_word' id='word_1_784' title='bbox 3253 2324 3356 2386; x_wconf 83' lang='grc' dir='ltr'>τὰς</span> <span class='ocrx_word' id='word_1_785' title='bbox 3381 2321 3647 2390; x_wconf 79' lang='grc' dir='ltr'>παρολκὰς</span> <span class='ocrx_word' id='word_1_786' title='bbox 3679 2317 3762 2371; x_wconf 86' lang='grc' dir='ltr'><strong>τοῦ</strong></span> 
     </span>
    </p>
   </div>
   <div class='ocr_carea' id='block_1_113' title="bbox 2207 2409 3762 2483">
    <p class='ocr_par' dir='ltr' id='par_1_113' title="bbox 2207 2409 3762 2483">
     <span class='ocr_line' id='line_1_113' title="bbox 2207 2409 3762 2483; baseline -0.002 -19"><span class='ocrx_word' id='word_1_787' title='bbox 2207 2412 2529 2477; x_wconf 80' lang='grc' dir='ltr'>Φαυστίνου,</span> <span class='ocrx_word' id='word_1_788' title='bbox 2567 2413 2665 2478; x_wconf 82' lang='grc' dir='ltr'>τὰς</span> <span class='ocrx_word' id='word_1_789' title='bbox 2692 2413 2984 2479; x_wconf 76' lang='grc' dir='ltr'>ἀναϐολὰς,</span> <span class='ocrx_word' id='word_1_790' title='bbox 3024 2415 3151 2475; x_wconf 80' lang='grc' dir='ltr'>τοὺς</span> <span class='ocrx_word' id='word_1_791' title='bbox 3205 2413 3655 2483; x_wconf 76' lang='grc' dir='ltr'>ὑπερσιὸασμοὺς</span> <span class='ocrx_word' id='word_1_792' title='bbox 3683 2409 3762 2476; x_wconf 70' lang='lat' dir='ltr'><strong>5n-</strong></span> 
     </span>
    </p>
   </div>
   <div class='ocr_carea' id='block_1_114' title="bbox 2210 2499 3762 2572">
    <p class='ocr_par' dir='ltr' id='par_1_114' title="bbox 2210 2499 3762 2572">
     <span class='ocr_line' id='line_1_114' title="bbox 2210 2499 3762 2572; baseline -0.005 -19"><span class='ocrx_word' id='word_1_793' title='bbox 2210 2501 2346 2571; x_wconf 82' lang='grc' dir='ltr'>λαδὴ</span> <span class='ocrx_word' id='word_1_794' title='bbox 2371 2502 2465 2554; x_wconf 78' lang='grc' dir='ltr'>καὶ</span> <span class='ocrx_word' id='word_1_795' title='bbox 2519 2503 2618 2564; x_wconf 83' lang='grc' dir='ltr'>τὰς</span> <span class='ocrx_word' id='word_1_796' title='bbox 2653 2501 2982 2572; x_wconf 58' lang='grc' dir='ltr'>τριψεργίας</span> <span class='ocrx_word' id='word_1_797' title='bbox 3028 2500 3123 2554; x_wconf 89' lang='grc' dir='ltr'><strong>τοῦ</strong></span> <span class='ocrx_word' id='word_1_798' title='bbox 3173 2501 3486 2570; x_wconf 81' lang='grc' dir='ltr'>Ἀπιαρίου,</span> <span class='ocrx_word' id='word_1_799' title='bbox 3546 2499 3762 2551; x_wconf 82' lang='grc' dir='ltr'>τουτέστι</span> 
     </span>
    </p>
   </div>
   <div class='ocr_carea' id='block_1_115' title="bbox 2208 2588 3761 2665">
    <p class='ocr_par' dir='ltr' id='par_1_115' title="bbox 2208 2588 3761 2665">
     <span class='ocr_line' id='line_1_115' title="bbox 2208 2588 3761 2665; baseline -0.006 -17"><span class='ocrx_word' id='word_1_800' title='bbox 2208 2593 2312 2656; x_wconf 77' lang='grc' dir='ltr'>τὰς</span> <span class='ocrx_word' id='word_1_801' title='bbox 2340 2593 2687 2664; x_wconf 77' lang='grc' dir='ltr'>ὑπερθέσεις,</span> <span class='ocrx_word' id='word_1_802' title='bbox 2715 2593 2812 2657; x_wconf 82' lang='grc' dir='ltr'>τὰς</span> <span class='ocrx_word' id='word_1_803' title='bbox 2837 2595 2931 2646; x_wconf 73' lang='grc' dir='ltr'><strong>ἐπὶ</strong></span> <span class='ocrx_word' id='word_1_804' title='bbox 2998 2595 3113 2657; x_wconf 84' lang='grc' dir='ltr'>τοῖς</span> <span class='ocrx_word' id='word_1_805' title='bbox 3147 2593 3334 2665; x_wconf 78' lang='grc' dir='ltr'>ἔργοις</span> <span class='ocrx_word' id='word_1_806' title='bbox 3360 2591 3550 2661; x_wconf 79' lang='grc' dir='ltr'>τριϐὰς</span> <span class='ocrx_word' id='word_1_807' title='bbox 3602 2588 3761 2641; x_wconf 87' lang='grc' dir='ltr'>συντό-</span> 
     </span>
    </p>
   </div>
   <div class='ocr_carea' id='block_1_116' title="bbox 2214 2677 3760 2756">
    <p class='ocr_par' dir='ltr' id='par_1_116' title="bbox 2214 2677 3760 2756">
     <span class='ocr_line' id='line_1_116' title="bbox 2214 2677 3760 2756; baseline -0.005 -18"><span class='ocrx_word' id='word_1_808' title='bbox 2214 2701 2328 2756; x_wconf 87' lang='grc' dir='ltr'><strong>μως</strong></span> <span class='ocrx_word' id='word_1_809' title='bbox 2359 2684 2608 2754; x_wconf 80' lang='grc' dir='ltr'>ἐξέτεμε,</span> <span class='ocrx_word' id='word_1_810' title='bbox 2645 2686 3077 2755; x_wconf 83' lang='grc' dir='ltr'>παρασκευάσας</span> <span class='ocrx_word' id='word_1_811' title='bbox 3134 2685 3304 2738; x_wconf 72' lang='grc' dir='ltr'>αὑτὸν</span> <span class='ocrx_word' id='word_1_812' title='bbox 3352 2683 3671 2753; x_wconf 78' lang='grc' dir='ltr'>ὁμολογῆσαι</span> <span class='ocrx_word' id='word_1_813' title='bbox 3705 2677 3760 2729; x_wconf 78' lang='grc' dir='ltr'>τὰ</span> 
     </span>
    </p>
   </div>
   <div class='ocr_carea' id='block_1_117' title="bbox 2212 2775 3761 2847">
    <p class='ocr_par' dir='ltr' id='par_1_117' title="bbox 2212 2775 3761 2847">
     <span class='ocr_line' id='line_1_117' title="bbox 2212 2775 3761 2847; baseline -0.006 -17"><span class='ocrx_word' id='word_1_814' title='bbox 2212 2776 2337 2830; x_wconf 85' lang='grc' dir='ltr'>κατ’</span> <span class='ocrx_word' id='word_1_815' title='bbox 2367 2778 2531 2830; x_wconf 78' lang='grc' dir='ltr'>αὐτὸν</span> <span class='ocrx_word' id='word_1_816' title='bbox 2557 2779 2901 2847; x_wconf 86' lang='grc' dir='ltr'>ἐγκλήματα.</span> <span class='ocrx_word' id='word_1_817' title='bbox 2971 2778 3159 2831; x_wconf 89' lang='grc' dir='ltr'>Ταῦτα</span> <span class='ocrx_word' id='word_1_818' title='bbox 3207 2778 3268 2831; x_wconf 82' lang='grc' dir='ltr'>δὲ</span> <span class='ocrx_word' id='word_1_819' title='bbox 3359 2778 3506 2840; x_wconf 85' lang='grc' dir='ltr'>ὅπως</span> <span class='ocrx_word' id='word_1_820' title='bbox 3549 2775 3761 2841; x_wconf 83' lang='grc' dir='ltr'>ἐγένοντο</span> 
     </span>
    </p>
   </div>
   <div class='ocr_carea' id='block_1_118' title="bbox 2211 2860 3758 2939">
    <p class='ocr_par' dir='ltr' id='par_1_118' title="bbox 2211 2860 3758 2939">
     <span class='ocr_line' id='line_1_118' title="bbox 2211 2860 3758 2939; baseline -0.006 -17"><span class='ocrx_word' id='word_1_821' title='bbox 2211 2866 2554 2933; x_wconf 76' lang='grc' dir='ltr'>καταλέξασα</span> <span class='ocrx_word' id='word_1_822' title='bbox 2601 2870 2633 2938; x_wconf 82' lang='grc' dir='ltr'>ἡ</span> <span class='ocrx_word' id='word_1_823' title='bbox 2666 2869 2922 2939; x_wconf 80' lang='grc' dir='ltr'>ἐπιστολὴ</span> <span class='ocrx_word' id='word_1_824' title='bbox 2964 2869 3156 2936; x_wconf 77' lang='grc' dir='ltr'>ἐπάγει</span> <span class='ocrx_word' id='word_1_825' title='bbox 3195 2883 3213 2901; x_wconf 79' lang='grc' dir='ltr'><strong>ο</strong></span> <span class='ocrx_word' id='word_1_826' title='bbox 3266 2869 3358 2922; x_wconf 87' lang='grc' dir='ltr'>Ἐν</span> <span class='ocrx_word' id='word_1_827' title='bbox 3395 2867 3647 2938; x_wconf 84' lang='grc' dir='ltr'>προφάτῳ</span> <span class='ocrx_word' id='word_1_828' title='bbox 3671 2860 3758 2914; x_wconf 85' lang='grc' dir='ltr'>τοί·</span> 
     </span>
    </p>
   </div>
  </div>
