3944 6418
205 355 320 420 {1‘9

1206 349 1288 411 ΙΝ
1315 350 1480 413 CAN.
1519 348 1772 415 CXXXV
1810 351 2023 416 CONC.
2063 354 2440 420 CARTHAG.

3366 359 3476 424 450

279 486 297 519 ι
342 468 442 517 καὶ
462 460 769 532 Ἀπιότριος,
794 458 1000 530 δεχθεὶς
1021 461 1173 528 παρά
1195 478 1312 525 σου,
1328 463 1397 531 τῇ
1424 462 1627 533 συνόδῳ
1649 462 1804 517 ἀντέ-

1987 483 2005 517 ι
2042 465 2185 519 enim
2210 474 2266 520 et
2294 464 2604 535 Appiarius,
2634 477 2665 518 a
2697 473 2748 519 te
2778 465 3065 533 admissus,
3097 471 3298 539 synodo
3324 473 3481 524 resti-

288 574 307 609 ι
361 571 487 624 στη,
504 553 600 605 καὶ
623 551 782 623 ὐόριν
812 552 1112 621 ὑπήνεγκε,
1133 550 1230 604 καὶ⁵
1254 553 1407 616 τέλος
1427 554 1799 625 μετεστράφη,

294 665 312 698 ι
364 645 463 699 καὶ
492 644 684 698 ἐαυτὸν
709 642 925 713 ήλεγξε,
956 643 1268 714 καταλήξας
1293 645 1372 707 είς
1404 643 1795 715 στεναγμούς.»

287 738 594 808 Δεξάμενοι
632 738 682 789 οἱ
717 737 962 805 Πατέρες
990 729 1140 790 οὗτοι
1170 738 1238 789 τὰ
1264 736 1357 792 ῐσα
1401 740 1502 805 τῆς
1572 738 1636 790 ἐν
1701 737 1801 789 Νι-

211 832 364 900 καίᾳ
401 830 622 885 συνόδου
656 828 1006 898 ἁναμφίὸολόι
1035 846 1094 880 τε
1127 831 1224 882 καὶ
1273 828 1639 899 ἀληθέστατα,
1707 828 1804 883 καὶ

213 926 297 992 μὴ
329 922 595 989 εὑρόντες
653 922 712 972 ἐν
775 923 889 982 τοῖς
940 921 1165 973 κανόσιν
1223 919 1394 989 αὐτῆς
1467 920 1683 991 ὁρισθὲν
1744 922 1804 975 τὸ

214 1016 378 1083 παρὰ
408 1015 614 1067 πάππα
653 1011 745 1065 τοῦ
782 1011 1099 1065 στέλλεσθαι
1151 1012 1435 1082 ὑπηρέτας
1492 1011 1679 1079 αὐτοῦ,
1708 1014 1805 1065 καὶ

209 1107 317 1170 τὰς
354 1107 663 1172 ἐκκλήτους
685 1106 796 1157 τῶν
825 1104 1145 1158 ἐπισκόπων
1177 1105 1209 1174 ἢ
1265 1105 1543 1175 κληρικῶν
1587 1106 1801 1175 γυμνά-

214 1184 431 1263 ζεσθαι
449 1199 582 1269 παρ’
609 1198 795 1262 αὐτοῖς
820 1212 837 1229 ο
877 1197 1126 1268 ἔγραψαν
1171 1198 1308 1267 πρὸς
1344 1197 1435 1251 τὸν
1485 1197 1805 1252 Κελεστῖνον

214 1290 311 1343 τὸν
343 1290 584 1343 πάππαν
630 1288 876 1359 Ῥώμης,
909 1289 1108 1355 μηκέτι
1139 1289 1266 1349 τσὺς
1298 1289 1431 1359 παρ’
1455 1290 1638 1343 αὐτῶν
1668 1292 1805 1359 ἀφο-

215 1375 555 1446 ριζομένους
590 1376 832 1445 εὐχερῶς
893 1375 981 1446 δὴ,
1035 1377 1131 1429 καὶ
1187 1376 1375 1439 καθὼς
1415 1379 1475 1430 οὐ
1535 1379 1665 1448 χρὴ,
1725 1381 1805 1442 είς

215 1470 516 1523 κοινωνίαν
562 1468 959 1538 ἀποκαθιστᾷν,
1016 1470 1050 1539 ἢ
1088 1468 1183 1531 τὰς
1224 1468 1522 1541 ἐκκλήτους
1551 1470 1803 1539 δέχεσθαι

214 1564 330 1615 τῶν
361 1560 747 1631 ἐπισκόπωνῆ
788 1560 1099 1630 πκληρικῶν,
1164 1559 1276 1613 τῶν
1339 1563 1419 1624 είς
1488 1560 1806 1631 καθαίρεσιν

219 1654 357 1721 παρ’
414 1652 595 1705 αὐτῶν
630 1652 1140 1705 καταδικασθέντων
1174 1666 1188 1682 ·
1255 1651 1351 1704 καὶ
1403 1652 1807 1723 πρεσὸυτέρους

1978 572 1998 607 ο
2036 559 2120 621 tit,
2148 567 2203 612 et
2229 557 2479 626 injuriam
2504 556 2706 619 attulit,
2732 548 2788 613 et
2811 559 3025 613 tandem
3049 574 3348 617 conversus
3369 572 3473 629 est,

1981 666 2001 699 ι
2038 657 2093 701 et
2120 649 2354 716 seipsum
2380 649 2749 717 reprehendit,
2778 650 3026 716 suspiriis
3053 650 3327 707 desinens.
3365 672 3385 705 ι

1975 737 2165 794 Patres
2206 739 2262 793 bi
2290 739 2589 794 indubitata
2621 749 2677 793 et
2706 738 2989 796 verissima
3026 744 3214 812 synodi
3243 742 3477 800 Nicaeum

1904 831 2234 899 exemplaria
2275 833 2620 901 recipientes,
2662 832 2717 885 in
2752 834 3053 887 canonibus
3088 833 3229 888 illius
3260 850 3368 889 non
3400 837 3481 888 in-

1906 926 2182 979 venientes
2234 925 2528 988 decretum,
2577 934 2632 978 ut
2676 939 2704 976 a
2765 940 2897 993 papa
2956 928 3303 980 mitterentur
3351 929 3470 994 ejus

1908 1014 2164 1079 minisnri,
2191 1022 2244 1067 et
2266 1014 2647 1082 episcoporum
2668 1023 2721 1066 et
2744 1014 3064 1067 clericorum
3092 1016 3479 1083 appellationes

1906 1104 2043 1173 apud
2079 1118 2171 1157 eos
2194 1116 2600 1171 exercerentur,
2640 1105 2708 1159 ad
2730 1105 3056 1160 Celestinum
3082 1107 3264 1161 Boium
3286 1123 3478 1177 papam

1905 1198 2262 1266 scripserunt,
2292 1208 2349 1250 ut
2376 1205 2561 1265 postea
2604 1198 2670 1251 ab
2708 1197 2844 1265 ipsis
2872 1207 3182 1267 segregatos
3223 1198 3403 1262 facile,
3428 1209 3482 1252 et

1908 1298 1967 1343 ut
1990 1304 2095 1343 non
2125 1291 2298 1353 decet,
2329 1290 2381 1342 in
2406 1290 2843 1343 communionem
2873 1306 2978 1343 non
3018 1293 3351 1353 restitueret,
3384 1305 3481 1343 nec

1907 1362 2284 1447 episcoporum
2314 1386 2406 1430 aut
2447 1377 2771 1433 clericorum
2811 1380 2879 1433 ab
2912 1380 3044 1447 ipsis
3082 1382 3147 1433 ad
3187 1381 3481 1448 depositio—

1908 1482 2033 1521 nem
2069 1466 2550 1521 condemnatoruin
2593 1468 3011 1537 appellationem
3060 1471 3347 1539 reciperet,
3384 1486 3482 1524 nec

1907 1560 2256 1628 presbyteros
2281 1572 2409 1612 suos
2454 1558 2724 1623 mitteret;
2759 1569 2815 1613 et
2843 1562 2908 1614 iis
2950 1561 3329 1629 appellationis
3357 1578 3482 1615 exa—

1909 1650 2260 1704 minationem
2313 1649 2700 1721 committeret,
2749 1651 2842 1704 sed
2895 1660 2953 1705 ut
2993 1652 3478 1706 coudemnatoruin

220 1744 396 1806 ἰδίους
431 1743 698 1811 στέλλειν,
728 1745 820 1797 καὶ
849 1742 950 1815 τὴν
998 1745 1099 1813 τῆς
1134 1743 1403 1813 ἐκκλήτου
1476 1743 1804 1813 δοκιμασίαν

1950 1743 2288 1810 nusquisque
2336 1742 2403 1795 ad
2445 1742 2678 1813 propriae
2706 1744 3001 1811 provinciae
3041 1744 3274 1813 synodos
3302 1744 3485 1812 appel-

218 1836 548 1889 ἀνατιθέναι
600 1836 829 1898 αὐτοῖς’
915 1834 1033 1888 ἀλλ’
1064 1834 1297 1887 ἕκαστον
1346 1834 1454 1886 τῶν
1509 1836 1804 1888 καταδικα-

1942 1841 2063 1898 iret,
2085 1832 2130 1885 si
2160 1831 2338 1897 vellet,
2371 1831 2453 1884 vel
2480 1831 2646 1886 etiam
2670 1831 2736 1885 ad
2764 1833 3021 1901 synodum
3055 1834 3479 1897 meumenicam;

220 1929 473 1981 σθέντων
509 1928 647 1998 πρὸς
677 1927 778 1988 τὰς
814 1926 1070 1988 συνόδους
1095 1926 1194 1996 τῆς
1230 1926 1365 1987 ιδίας
1396 1926 1671 1996 ἐπαρχίας
1706 1927 1801 1978 ἐκ-

1944 1937 1974 1976 e
2005 1922 2317 1977 saecularem
2354 1921 2555 1976 fastum
2589 1924 2643 1977 in
2670 1921 2874 1976 Christi
2899 1922 3198 1977 Ecclesiam
3238 1925 3483 1977 introdu-

218 2020 535 2085 καλεῖσθαι,
567 2023 616 2072 εί
648 2018 925 2089 βούλεται,
963 2018 997 2086 ἢ
1024 2016 1105 2069 ἔτι
1141 2016 1249 2086 μὴν
1305 2016 1441 2085 πρὸς
1498 2019 1804 2086 οίκουμενι-

1943 2026 2033 2067 ere
2080 2012 2375 2068 videretur.
2427 2012 2531 2067 Sed
2580 2013 2711 2067 illud
2742 2016 2905 2068 etiam
2939 2015 3108 2084 678
3160 2016 3210 2067 in
3245 2016 3479 2069 medium

219 2111 327 2180 κὴν
353 2110 577 2162 σύνοδον
605 2124 618 2139 '
652 2111 739 2162 ἵνα
769 2111 845 2179 μὴ
871 2109 1139 2176 κοσμικόν
1174 2108 1344 2176 τῦφον
1400 2111 1467 2179 τῇ
1514 2107 1609 2162 τοῦ
1664 2109 1805 2179 Χρι-

219 2202 352 2256 στοῦ
385 2200 687 2270 Ἐκκλησία
712 2200 957 2267 εἰσάγειν
976 2198 1122 2270 δόξῃ.
1144 2199 1509 2269 Παρέστησαν
1535 2198 1592 2251 δὲ
1622 2198 1803 2263 τοῦτο,

216 2296 279 2348 τὸ
314 2295 377 2359 ἐξ
413 2293 590 2362 ἔργων
621 2291 802 2345 αὐτῶν
830 2292 924 2345 καὶ
951 2290 1109 2361 ὓϐριν
1138 2294 1261 2354 ταῖς
1306 2291 1655 2364 Ἐκκλησίαις
1701 2295 1803 2346 ἐπ-

223 2388 367 2454 άγον
398 2401 412 2417 ο
440 2384 533 2437 τὸν
566 2384 674 2453 γὰρ
704 2383 1075 2455 πρεσϐύτερον
1138 2384 1441 2454 Ἀπιάριον,
1502 2385 1566 2437 ἐκ
1597 2386 1698 2454 τῆς
1748 2386 1806 2437 ἐν

218 2480 402 2550 Σίκκῃ
443 2475 773 2547 Ἐκκλησίας
801 2475 1199 2547 ἁπεκινηθέντα
1233 2475 1299 2530 δι’
1322 2476 1574 2543 εὐλόγους
1603 2478 1803 2543 αἰτίας,

218 2569 342 2626 εἶτα
374 2571 527 2642 αὐτῷ
556 2572 620 2642 δὴ
644 2571 721 2640 τῷ
774 2572 1086 2642 Κελεστίνῳ
1149 2572 1226 2641 τῷ
1290 2571 1511 2643 Ῥώμης
1570 2573 1806 2643 προσελ-

218 2667 411 2730 θόντα,
456 2668 551 2718 καὶ
582 2663 712 2733 παρ’
745 2663 912 2716 αὐτοῦ
942 2662 1226 2733 δεχθέντα,
1260 2664 1355 2716 καὶ
1409 2664 1548 2732 μετὰ
1577 2665 1808 2718 Φαυστί-

218 2774 316 2809 νου
349 2754 446 2808 τοῦ
478 2756 782 2809 ἐπισκόπου
814 2755 1076 2809 σταλέντα
1108 2756 1246 2827 πρὸς
1268 2755 1366 2824 τὴν
1396 2756 1687 2826 Ἀφρικὴν,
1712 2754 1807 2808 ἐπὶ

218 2847 294 2917 τῷ
320 2846 658 2918 ἀποδοθῆναι
694 2847 856 2900 αὐτὸν
890 2842 1044 2907 αὖθις
1075 2846 1153 2916 τῷ
1180 2847 1582 2917 πρεσϐυτερίῳ,
1615 2846 1809 2911 κατεξ-

220 2938 529 3008 ετασθῆναι
559 2938 618 2990 δὲ
665 2938 763 2993 καὶ
794 2938 863 2989 τὰ
885 2936 1016 3006 παρ’
1045 2937 1223 2989 αὐτῶν
1253 2937 1315 3006 δὴ
1353 2936 1462 2989 τῶν
1513 2936 1808 3008 Θαραὸρα-

220 3028 409 3097 κηνῶν
445 3029 567 3081 κατ’
599 3027 766 3081 αὐτοῦ
811 3026 1171 3097 ἐπενεχθέντα
1216 3028 1536 3096 ἐγκλήματα
1561 3042 1576 3057 ⁶
1653 3030 1809 3080 ἀναιο

1905 2105 2296 2176 producebant,
2326 2107 2468 2174 quod
2499 2121 2566 2161 ex
2603 2106 2906 2162 istiusmodi
2944 2109 3206 2179 operibus
3237 2107 3479 2163 Ecclesia

1908 2196 2239 2250 contumelia
2269 2196 2596 2251 afﬁceretur.
2628 2197 2762 2251 Nam
2794 2198 3075 2266 Apiarium
3105 2198 3481 2267 presbyterum

1909 2285 2079 2340 Sicca-
2128 2287 2381 2342 Ecclesiae
2422 2288 2489 2342 ob
2518 2288 2696 2357 justas
2744 2302 2938 2341 causas
2984 2297 3244 2353 amotum,
3292 2290 3485 2346 deinde

1908 2378 1974 2434 ad
2002 2379 2173 2448 ipsum
2195 2378 2528 2434 Celestinum
2560 2375 2745 2434 Romae
2767 2382 3082 2450 episcopum
3111 2384 3479 2448 accedentem,

1908 2481 1962 2526 et
1992 2471 2059 2525 ab
2108 2486 2174 2526 eo
2214 2479 2522 2540 acceptum,
2559 2481 2615 2525 et
2649 2486 2770 2524 cum
2808 2469 3071 2527 Faustino
3114 2475 3368 2542 episc0po
3416 2478 3482 2528 ad

1906 2562 2145 2633 Africam
2181 2562 2431 2624 missum,
2463 2569 2519 2616 ut
2549 2563 2888 2632 presbyterio
2921 2562 3034 2629 ipse
3069 2563 3267 2620 iterum
3295 2567 3485 2619 redde-

1911 2665 2082 2719 retur,
2115 2669 2232 2723 qua:
2262 2664 2443 2709 autem
2477 2656 2545 2708 ab
2574 2654 2707 2724 ipsis
2737 2650 3170 2711 Tliarabracenis
3199 2659 3246 2709 ei
3276 2659 3484 2727 objecta

1910 2742 2127 2798 fuerant
2161 2742 2389 2796 crimina
2441 2742 2912 2804 examinarentur,
2947 2741 3482 2810 impudentissimum

1910 2835 2073 2891 istum
2104 2848 2357 2904 propere,
2385 2842 2440 2887 et
2480 2843 2539 2886 ut
2573 2847 2684 2887 non
2715 2833 3024 2903 oportebat,
3051 2835 3117 2888 ad
3148 2836 3486 2888 communio-

1908 2941 2032 2982 nem
2083 2925 2248 2994 recipi
2301 2925 2605 2991 constituit,
2658 2926 2820 2979 etiam
2873 2925 3080 2996 synodo
3128 2927 3486 2982 contumelias

1908 3019 2260 3088 alﬂigentem,
2290 3027 2348 3071 ut
2378 3019 2446 3073 ab
2476 3033 2537 3071 ea
2576 3032 2682 3072 non
2716 3030 3021 3087 acceptum,
3051 3033 3117 3073 eo
3145 3019 3286 3086 quod
3322 3004 3486 3074 accu-

224 3123 592 3189 σχυντότερον
631 3121 823 3175 τοῦτον
857 3122 918 3172 τὸ
973 3120 1304 3184 σπουδαίως,
1334 3121 1429 3173 καὶ
1457 3120 1531 3183 ὼς
1557 3120 1657 3172 οὐκ
1675 3119 1804 3185 ἔδει,

1942 3122 2120 3166 atores
2160 3110 2278 3179 ejus
2306 3124 2487 3163 coram
2523 3107 2764 3171 stabant,
2799 3118 2854 3163 et
2894 3123 3016 3162 eum
3052 3110 3475 3172 convincebant,

2034 3218 2096 3222 __
2138 3212 2149 3222 .
2195 3202 2389 3222 tu--.“
2432 3201 2887 3222 --_.._-J=-.=-_.-_
2929 3210 2975 3222 -.
3014 3203 3353 3222 τμημμ.--
3397 3203 3453 3222 Δ,

221 3216 303 3277 είς
354 3215 651 3268 κοινωνίαν
706 3215 1119 3285 παραδεχοῆναι
1175 3213 1508 3289 κατέστησε,
1590 3214 1685 3266 καὶ
1735 3215 1802 3283 τῇ

1942 3205 2001 3272 ,υἱ
2034 3212 2151 3272 post
2193 3202 2391 3256 multas
2427 3201 2891 3256 contradictiones
2924 3210 2979 3256 et
3014 3203 3357 3270 impudentes
3391 3203 3487 3255 de-

222 3307 432 3376 συνόὀῳ
459 3306 648 3377 ὕϐρεις
674 3309 973 3376 ἐπάγοντα,
1005 3307 1081 3369 ὡς
1117 3305 1192 3376 μὴ
1228 3306 1518 3376 δεχόμενον
1546 3304 1676 3374 παρ’
1706 3305 1804 3358 αὐ-

1942 3295 2247 3365 legationes,
2272 3294 2606 3363 argumentis
2631 3293 2837 3362 pariter
2866 3301 2920 3347 et
2950 3293 3165 3361 propria
3196 3292 3485 3347 conscien-

224 3401 344 3471 τῆς,
381 3402 474 3454 διὰ
497 3406 559 3455 τὸ
582 3403 710 3463 τοὺς
741 3399 1087 3470 κατηγόρους
1118 3399 1265 3452 κατὰ
1315 3397 1611 3469 πρόσωπον
1640 3395 1804 3449 αὐτοῦ

1942 3386 1983 3438 ia
2032 3385 2087 3438 in
2144 3384 2417 3454 angustias
2474 3384 2822 3453 compulsus,
2889 3384 3116 3437 crimina
3173 3385 3221 3438 ei
3277 3384 3484 3451 objecta

221 3491 505 3559 ίστασθαι,
532 3492 975 3563 καὶὰπελέγχειν
1026 3492 1215 3555 αὐτὸν,
1247 3492 1343 3543 καὶ
1399 3491 1537 3561 μετὰ
1600 3490 1803 3551 πολλὰς

1942 3475 2124 3530 ιυὶιιίεε
2168 3474 2467 3541 confessus,
2497 3483 2552 3530 et
2600 3475 2653 3530 in
2695 3475 2926 3545 suspiria
2977 3490 3271 3533 conversus
3314 3488 3398 3532 est
3427 3491 3479 3535 ct

222 3585 537 3653 ἀντιλογίας
570 3586 663 3635 καὶ
726 3581 1119 3651 ἀναισχύντους
1148 3581 1408 3650 ἀρνήσεις
1470 3595 1802 3649 στενοχωρη-

1910 3565 2200 3635 lacrymas.

224 3684 389 3737 θέντα
437 3680 546 3734 ὑπό
577 3697 636 3732 τε
692 3680 802 3751 τῶν
862 3679 1105 3748 ἐλέγχων
1154 3679 1247 3732 καὶ
1309 3679 1408 3748 τῆς
1462 3676 1603 3740 ἰδίας
1673 3679 2055 3750 συνειδήσεως,
2093 3683 2331 3754 δημοσία
2400 3684 2816 3757 ὁμολογήσαντα
2870 3687 2941 3741 τὰ
3005 3688 3125 3743 κατ’
3152 3691 3315 3747 αὐτοῦ
3350 3712 3484 3764 προ-ο

230 3777 459 3832 τεθέντα
490 3774 838 3843 ἐγκλήματα,
898 3772 995 3825 καὶ¹
1059 3773 1140 3835 είς
1202 3774 1542 3835 στεναγαοὺς
1605 3772 2059 3842 μεταστραφέντα
2084 3775 2181 3841 καὶ
2209 3774 2443 3844 δάκρυα.

237 4007 337 4059 Ἐκ
376 4000 499 4056 τῶν
521 3998 909 4068 πραχθέντων
936 3995 1381 4065 ὑπομνημάτων
1408 3994 1478 4049 ἐν
1493 3998 1811 4051 Κωνσταν-

295 4089 1107 4159 τινουπόλειπερίᾌγαπίου
1158 4087 1257 4141 καὶ
1304 4085 1615 4154 Βαγαδίου,
1675 4089 1809 4143 ἐκα-

293 4187 470 4257 τέρου
521 4184 927 4254 ἀντεχομένου
961 4183 1070 4251 τῆς
1110 4178 1451 4248 ἐπισκοπῆς
1509 4182 1809 4251 Βόστρων.

232 4349 251 4381 ι
296 4329 423 4383 Ἐπὶ
447 4325 716 4388 ὑπατείας
742 4322 850 4376 τῶν
879 4321 1288 4378 εὐσεϐεστάτων
1309 4322 1407 4376 καὶ
1450 4321 1805 4391 θεοφιλεστά-

303 4443 323 4475 ‹
372 4438 481 4475 των
520 4417 789 4488 βασιλέων
812 4413 971 4486 ἡμῶν
994 4412 1228 4466 Φλαϐίου
1267 4412 1581 4484 ’Δρκαδίου,
1602 4413 1810 4482 Αὐγού-

302 4530 322 4565 ‹
372 4528 502 4565 στου
526 4509 605 4578 τῷ
623 4507 812 4577 τρίτῳ,
838 4502 1191 4574 καὶὮνορίου
1209 4503 1286 4575 τῷ
1305 4505 1565 4576 δευτέρῳ,
1598 4503 1676 4575 τῷ
1697 4504 1803 4579 πρὸ

298 4620 318 4654 ι
365 4601 536 4672 τριῶν
559 4597 839 4650 καλανδῶν
884 4595 1257 4666 Ὀκτωϐρίων,
1294 4596 1354 4647 ἐν
1397 4595 1478 4664 τῷ
1528 4611 1802 4665 φωτιστη-

299 4713 319 4745 ι
366 4693 471 4765 ρίῳ
498 4693 599 4762 τῆς
624 4691 684 4742 ἐν
703 4688 1277 4743 Κωνσταντινουπόλει
1300 4687 1611 4757 ἁγιωτάτης
1678 4684 1804 4739 Ἐκ-

301 4805 320 4839 σ
366 4783 620 4854 κλησίας,
652 4779 1030 4835 καθεσθέντων
1058 4779 1167 4833 τῶν
1196 4779 1517 4845 ἁγιωτάτων
1579 4777 1805 4831 ἐπισκό-

300 4896 320 4931 t
367 4895 488 4930 πων
522 4873 831 4945 Νεκταρίου
861 4870 1510 4934 Κωνσταντινουπόλεως,
1541 4868 1802 4938 Θεοφίλου

304 4986 326 5022 ι
385 4963 829 5036 ’Δλεξανδρείας,
863 4962 1174 5016 Φλαόιανοῦ
1191 4961 1549 5031 Ἀντιοχείας,
1602 4960 1807 5015 Παλλα-

306 5080 324 5113 t
371 5058 486 5113 δίου
520 5056 866 5125 Καισαρείας
890 5055 1315 5121 Καππαδοκίας,
1378 5054 1419 5107 Γ
1422 5053 1641 5106 ελασίου
1664 5054 1805 5106 Και-

306 5174 324 5207 ι
375 5152 605 5223 σαρείας
631 5147 1018 5217 Παλαιστίνης,
1048 5147 1353 5217 Γρηγορίου
1397 5144 1642 5215 Νύσσης,
1673 5144 1803 5213 Ἀμ-

302 5266 320 5298 ι
367 5244 614 5315 φιλοχίου
648 5240 901 5303 Ἰκονίου,
942 5238 1157 5292 Παύλου
1200 5236 1532 5308 Ἡρακλείας
1556 5279 1570 5300 ,
1641 5236 1802 5307 Ἀρα-

304 5354 324 5388 ‹
370 5332 562 5387 διανοῦ
609 5331 905 5401 Ἀγκύρας,
937 5330 1234 5398 ’Ἄμμωνος
1292 5326 1800 5396 Ἀδριανουπόλεως,

302 5447 319 5482 t
374 5424 642 5495 Φαλερίου
667 5421 908 5493 Ταρσοῦ,
932 5422 1166 5475 Λουκίου
1201 5419 1578 5489 Ἰεραπόλεως,
1625 5417 1805 5471 Ἐλπι-

302 5539 320 5573 ι
367 5521 484 5573 δίου
513 5518 861 5581 Λαοδικείας,
897 5514 1111 5568 Παύλου
1156 5510 1548 5581 Ἀλεξανδρῶν,
1583 5511 1804 5564 Διοσκό·

301 5630 319 5662 ι
369 5627 465 5681 ρου
551 5607 995 5677 Ἐρμουπόλεως,
1096 5602 1401 5671 Προϐατίου
1479 5600 1798 5669 Βερονίκης,

303 5722 321 5755 ι
369 5700 654 5771 Θεοδώρου
750 5696 1151 5766 Μοψουεστίας,
1236 5693 1394 5756 Βίζου
1454 5692 1800 5756 Σελευκείας,

302 5815 319 5847 ι
374 5792 687 5854 Ἐπαγάθου
718 5786 1277 5857 Μαρκιανουπόλεως,
1301 5784 1586 5857 Γεροντίου
1617 5784 1801 5838 Κλαυ-

1918 4001 2001 4057 Ea:
2042 4005 2388 4060 monumentis
2420 4014 2657 4059 actorum
2694 4005 3153 4075 Constantinopoli
3189 4008 3253 4062 de
3277 4009 3483 4081 Agapio

1993 4103 2044 4149 et
2109 4094 2387 4165 Bagadio,
2462 4108 2679 4167 utroque
2749 4099 3046 4152 vindicante
3126 4099 3483 4169 episc0patum

1979 4188 2208 4245 Bostrw.

1913 4348 1930 4382 ι
1972 4331 2029 4384 In
2059 4330 2348 4385 consulatu
2387 4330 2920 4402 religiosissimorum
2950 4341 3006 4386 et
3042 4331 3135 4387 Dei
3163 4332 3476 4387 amantissi-

1988 4439 2009 4474 ι
2045 4437 2256 4477 morum
2310 4424 2699 4492 imperatorum
2760 4432 3069 4479 nostrorum
3123 4423 3203 4478 Fl.
3259 4424 3481 4479 Arcadii

1982 4530 2002 4564 ι
2039 4511 2269 4583 Augusti
2310 4513 2556 4575 tertium,
2588 4523 2642 4567 et
2686 4512 2905 4568 Honorii
2951 4516 3270 4578 secundum,
3319 4516 3384 4569 A.
3418 4514 3481 4569 D.

1989 4620 2008 4654 ι
2047 4606 2208 4659 tertio
2242 4603 2496 4659 calendas
2528 4603 2779 4660 Octobris
2816 4605 2867 4658 in
2900 4604 3225 4675 Baptislerio
3252 4609 3482 4663 sanctis-

1988 4710 2009 4743 ς
2047 4692 2199 4748 simae
2240 4690 2858 4762 Constantinopolitanae
2903 4694 3177 4759 Ecclesiae,
3236 4699 3481 4751 sedenti-

1993 4801 2012 4835 ι
2051 4783 2153 4839 bus
2184 4784 2547 4839 sanctissimis
2577 4785 2870 4852 episcopis,
2909 4785 3165 4839 Nectario
3202 4786 3480 4842 ConSIan-

1986 4893 2005 4927 ι
2046 4873 2418 4945 tinopolitano,
2453 4874 2757 4944 Theophilo
2794 4874 3181 4941 Alexandrino,
3216 4874 3482 4932 Flaviano

1983 4982 2003 5015 ο
2040 4965 2420 5029 Antiocheno,
2474 4961 2717 5017 Palladio
2783 4963 3040 5017 Caesareae
3092 4963 3480 5034 Cappadocia,

1986 5074 2005 5108 ι
2041 5055 2257 5112 Gelasio
2288 5055 2551 5110 Ctesarea:
2593 5051 2915 5118 Palaestinae,
2964 5054 3228 5124 Gregorio
3275 5056 3481 5127 Nysam,

1985 5168 2004 5201 ι
2044 5148 2421 5218 Amphilochia
2452 5145 2639 5209 lconii,
2676 5148 2842 5204 Paulo
2876 5148 3171 5214 lleraclem,
3208 5150 3483 5204 Arabiano

1982 5259 2013 5299 ι,
2040 5243 2291 5310 Ancyrae,
2316 5240 2581 5293 Ammone
2604 5239 3002 5309 Adrianopolis,
3028 5239 3279 5297 Phaletio
3302 5241 3495 5307 Tarsi,'

1996 5350 2014 5383 ι
2054 5329 2223 5385 Lucio
2298 5330 2623 5398 Hierapolis,
2683 5331 2896 5398 Elpidiu
2950 5331 3265 5395 Laodicasze,
3322 5334 3487 5390 Paulo

1986 5440 2007 5473 ε
2045 5421 2500 5485 Alcxaudrorum,
2540 5420 2796 5475 Dioscoro
2827 5420 3191 5491 Hermopolis,
3231 5423 3487 5479 Probatio

1984 5533 2005 5567 ι
2038 5512 2348 5578 Beronices,
2392 5510 2682 5567 Theodoro
2713 5510 3074 5578 Mopsuestite,
3121 5512 3250 5567 Bizo
3299 5513 3484 5568 Seleu-

1978 5624 1996 5656 ‹
2035 5606 2152 5668 ciae,
2184 5604 2467 5674 Epagatho
2513 5604 2946 5671 Marcianopolis,
2995 5603 3261 5659 Gerontio
3310 5603 3479 5657 Clau-

1980 5715 1999 5749 ι
2036 5696 2361 5765 dianopolis,
2407 5706 2461 5750 ct
2498 5695 2627 5750 aliis
2660 5696 2888 5749 diversis
2934 5697 3226 5765 episcopis,
3273 5707 3327 5750 et
3364 5698 3485 5751 uni-

1983 5808 2000 5841 ¢
2040 5804 2199 5849 verso
2244 5791 2437 5847 ordine
2479 5788 2843 5857 sacerdotali;
2875 5788 3161 5847 Nectarius
3194 5789 3483 5858 episcopus
