3944 6394
489 338 584 402 ιξι

1744 329 2027 392 mser).
2062 326 2467 389 BALSAMON
3580 331 3670 393 r59,

565 474 584 505 ε
620 447 1249 519 Constantinopolitanae
1277 445 1452 501 dixit:
1488 443 1685 501 Sancta
1716 444 1820 500 hac
1846 444 2059 516 synodo

2304 438 2728 507 διανουπόλεως,
2763 438 2858 494 καὶ
2910 439 3116 511 ἐτέρων
3181 437 3438 511 διαφόρων
3483 442 3670 498 ἐπισκό-

564 565 583 598 ι
626 545 717 599 Dei
741 547 914 611 gratia
939 556 1123 597 rursus
1143 541 1195 594 in
1221 540 1322 594 hoc
1348 548 1537 593 sancto
1564 539 1683 593 loco
1709 547 2055 607 congregata,

563 655 583 689 ι
623 637 669 691 si
694 636 883 690 eadem
912 646 1226 689 sanctorum
1263 630 1486 684 fratrum
1519 638 1576 683 et
1613 629 1667 682 in
1707 628 1882 681 sacris
1911 642 2059 681 com-

566 747 585 781 ι
624 731 996 783 ministrorum
1039 726 1281 796 synodus
1314 723 1388 776 ita
1424 729 1634 783 censet,
1684 720 1809 788 quia
1845 720 2062 774 adstare

561 840 580 872 ι
625 818 782 875 video
811 835 927 880 eos,
956 816 1047 888 qui
1067 816 1404 870 contenduttt
1426 814 1495 868 de
1529 812 1914 867 Bostrenorutn
1942 810 2062 879 cpi—

570 929 587 962 ι
630 919 876 978 scopatu,
906 909 1111 962 fratres
1135 915 1354 960 nostros
1376 903 1670 973 Bagadium
1695 910 1750 955 et
1775 904 2060 972 Agapium,

514 1024 533 1043 κ
564 1018 583 1052 ι
623 1002 675 1054 hi
709 1014 804 1054 sua
830 1000 973 1053 inter
991 1012 1052 1052 se
1074 998 1301 1051 invicem
1316 996 1437 1063 jura
1460 995 1717 1064 incipiam
1740 1006 2063 1062 proponere.

571 1111 588 1141 ι
626 1093 692 1145 Ει
732 1102 1017 1161 postquam
1050 1089 1231 1157 aliqua
1265 1088 1336 1141 ab
1365 1088 1444 1141 eis
1475 1101 1573 1155 pro
1596 1087 1698 1140 hac
1739 1099 1901 1138 causa
1942 1091 2065 1137 acta

572 1202 589 1235 ι
633 1193 835 1247 essent,
880 1188 937 1236 et
959 1180 1087 1234 dicti
1131 1178 1352 1249 Bagadii
1384 1176 1775 1246 depositionem
1802 1190 1833 1228 a
1858 1174 2067 1229 duobus

571 1295 588 1328 ι
631 1277 764 1332 solis
798 1272 1066 1342 episcopis
1096 1271 1207 1341 jam
1240 1280 1482 1338 tempore
1512 1267 1672 1336 hujus
1701 1265 1890 1336 synodi
1926 1278 2067 1337 utor-

571 1388 589 1419 ι
631 1368 742 1422 tuis
773 1366 969 1419 factam
997 1372 1273 1418 ostensum
1298 1368 1447 1414 esset
1472 1374 1488 1423 ;
1514 1359 1821 1412 Arabianus
1842 1358 2069 1427 Ancyra

573 1478 592 1512 ι
629 1461 917 1527 episcopus
947 1456 1086 1511 dixit
1121 1472 1136 1507 :
1172 1452 1288 1507 Non
1323 1461 1545 1522 propter
1581 1450 1723 1503 hanc
1762 1449 1936 1511 litem,
1972 1447 2068 1502 sed

571 1572 590 1605 ι
624 1554 692 1607 de
715 1562 821 1604 tota
841 1550 1097 1616 deinceps
1121 1549 1229 1600 vita
1254 1546 1304 1599 id
1323 1553 1591 1607 metuens,
1612 1556 1805 1611 precor
1824 1550 2068 1596 sanctam

574 1661 593 1694 ι
631 1641 894 1713 synodum
929 1648 1168 1693 statuere
1200 1652 1215 1689 :
1258 1635 1478 1690 Licetne
1506 1650 1536 1688 ιι
1567 1634 1774 1689 duobus
1803 1633 2069 1703 episcopis

576 1753 596 1786 ι
633 1733 749 1787 ﬁeri
793 1731 1207 1800 depositionem,
1239 1744 1307 1782 an
1356 1742 1463 1782 non
1486 1727 1594 1781 ?~et
1619 1728 1844 1781 absente
1874 1733 2071 1779 metro-

576 1844 595 1877 ε
638 1826 873 1894 politano
900 1824 1046 1889 licet,
1079 1838 1147 1875 an
1175 1819 1325 1875 non?
1359 1819 1617 1874 Praesenti
1649 1820 1865 1888 quidem
1893 1831 2071 1872 causa:

574 1939 593 1972 ι
633 1920 767 1975 nihil
810 1927 894 1974 est
929 1916 1242 1987 praeiudicii.
1277 1913 1483 1969 Vereor
1524 1923 1728 1977 autem,
1770 1926 1841 1966 ne
1883 1912 1950 1964 ex’
1987 1911 2071 1965 his

576 2033 595 2066 ι
635 2015 772 2069 actis
829 2012 995 2081 aliqui
1043 2017 1314 2080 potestate
1356 2016 1573 2075 accepta
1633 2006 1762 2060 talia
1815 2006 2068 2058 audeant.

577 2125 595 2158 ι
637 2105 787 2175 Rogo
807 2118 937 2174 ergo
969 2118 1064 2157 vos
1099 2101 1446 2169 respondere.
1478 2095 1764 2153 Nectarius
1790 2098 2075 2165 episc0pus

577 2221 596 2249 ι
634 2193 1269 2264 Constantinopolitanus
1291 2192 1427 2246 dixit
1452 2206 1469 2244 :
1499 2190 1731 2244 Pulchre
1760 2189 1929 2243 suasit
1959 2187 2076 2240 reli-

581 2310 600 2341 ι
635 2289 972 2359 giosissimus
994 2287 1279 2355 episcopus
1298 2282 1603 2337 Arabianus
1634 2298 1648 2335 :
1673 2280 1923 2351 equidem
1951 2295 2073 2334 cum

582 2402 600 2432 ε
638 2397 737 2451 par
764 2395 928 2434 causa
951 2379 1201 2432 accidere
1234 2375 1425 2445 possit,
1459 2375 1791 2440 praeteritum
1814 2386 1920 2426 non
1942 2385 2076 2426 con-

585 2492 604 2525 ‹
645 2475 989 2535 demnantes,
1014 2471 1155 2538 quod
1185 2467 1443 2534 deinceps
1471 2466 1709 2519 futurum
1735 2474 1817 2519 est
1845 2476 2079 2546 praemu-

580 2583 600 2615 ε
643 2566 873 2618 niamus.
925 2562 1233 2616 Arabianus
1280 2559 1511 2629 Ancyrae
1555 2557 1838 2623 episcopus
1882 2554 2020 2607 dixit
2064 2571 2076 2607 :

581 2675 599 2703 ι
638 2655 693 2709 Id
733 2656 873 2724 quod
908 2662 991 2707 est
1018 2650 1377 2721 praeteritum,
1411 2649 1690 2702 beatorum
1725 2641 2076 2711 Patrum,qui

581 2766 600 2800 ι
641 2746 833 2801 Nicaeae
882 2749 1274 2805 convenerunt,
1315 2740 1537 2794 damnat
1592 2737 1851 2809 synodus,
1888 2736 2083 2803 jubens

584 2857 602 2891 ι
641 2853 748 2894 non
791 2852 914 2891 esse
961 2836 1244 2907 pauciores
1296 2832 1491 2897 tribus,
1531 2831 1622 2900 qui
1665 2831 1943 2893 ordinent,
1984 2842 2084 2883 nec

583 2947 602 2980 ‹
641 2931 864 2982 absente
896 2923 1334 2994 metropolitano.
1362 2920 1437 2976 De
1464 2919 1647 2974 futuro
1673 2929 1853 2974 autem
1878 2919 2084 2972 veritus

584 3037 605 3072 ι
645 3021 761 3073 hac
790 3014 1140 3085 interrogavi.
1166 3011 1336 3065 Velim
1360 3025 1490 3081 ergo
1516 3026 1609 3065 vos
1636 3019 1824 3080 aperte
1847 3009 2082 3074 edicere,

586 3131 604 3163 ι
640 3121 822 3165 etnec
857 3122 1138 3177 suspense,
1174 3103 1342 3175 679
1376 3118 1474 3158 nec
1502 3103 1685 3165 dubie,
1720 3107 1779 3155 ut
1814 3116 1844 3155 ιι
1874 3100 2083 3154 duobus
2112 3130 2155 3187 c

584 3227 602 3254 ι
645 3202 977 3261 hominibus,
1015 3213 1114 3252 nec
1141 3196 1382 3251 ordinari
1416 3208 1514 3250 nec
1540 3193 1734 3261 deponi
1765 3192 2080 3262 episcopum

584 3313 606 3346 ‹
643 3296 825 3357 liceat,
867 3292 1021 3360 justa
1066 3290 1335 3342 Nicamam
1380 3286 1673 3357 synodum.
1717 3284 1783 3339 Et
1809 3293 1933 3354 post
1979 3284 2080 3338 alia

583 3405 603 3435 ε
643 3385 981 3453 Theophilus
1017 3381 1302 3448 episcopus
1341 3375 1680 3430 Alexandria:
1734 3375 1910 3440 dixit;
1978 3374 2085 3429 Ad-

591 3497 611 3528 ι
654 3491 840 3531 versus
867 3490 980 3539 eos,
1011 3473 1104 3542 qui
1133 3476 1506 3532 excesserunt,
1544 3468 1658 3521 ﬂeri
1693 3483 1798 3522 non
1830 3478 2002 3537 potest
2030 3476 2087 3521 ut

587 3586 606 3618 ι
648 3565 1032 3635 indigmtionis
1067 3560 1334 3617 sententia
1376 3557 1626 3624 feratur;
1659 3560 1917 3627 quoniam
1949 3548 2085 3628 prmé

592 3679 611 3711 ι
653 3669 837 3714 sentes
861 3673 965 3711 non
994 3656 1146 3711 fuere
1170 3650 1539 3709 condemnati.
1569 3650 1676 3704 Sed
1702 3650 1748 3704 si
1773 3651 1893 3719 quis
1914 3651 1980 3705 de
1997 3651 2086 3714 iis,

592 3770 610 3803 ι
650 3751 741 3821 qui
788 3751 841 3803 in
894 3749 1138 3803 futurum
1187 3745 1382 3797 debent
1423 3744 1714 3810 deponere,
1753 3741 2086 3805 consideret,

593 3863 611 3894 ι
651 3841 779 3895 tnihi
819 3839 1030 3893 videtur
1055 3851 1161 3890 non
1192 3835 1370 3889 solum
1410 3845 1518 3888 tres
1550 3831 1748 3887 debere
1792 3833 2083 3898 accedere;

589 3953 607 3985 ι
650 3935 766 3995 sed,
824 3936 869 3985 si
922 3929 1034 3983 tiet-i
1089 3928 1279 3994 possit,
1331 3940 1519 3980 omnes
1580 3924 1976 3994 provinciales,
2032 3932 2090 3977 ut

592 4044 609 4075 ι
653 4022 947 4077 multarunt
1007 4018 1275 4074 sententia
1346 4017 1651 4071 accuratior
1707 4016 2088 4069 condemnatio

598 4136 615 4167 ο
661 4116 919 4171 reddatur
947 4114 1089 4181 ejus,
1113 4110 1205 4179 qui
1231 4110 1425 4178 dignus
1452 4118 1538 4162 est
1566 4107 1784 4174 deponi,
1810 4107 2090 4172 prazsetttis

594 4228 613 4261 ι
654 4219 707 4261 et
731 4203 978 4277 judicati.
1010 4200 1298 4257 Nectarius
1323 4200 1608 4270 episcopus
1640 4197 2095 4264 Constantinopo-

588 4320 612 4351 4
653 4304 853 4353 titanus
895 4295 1037 4352 dixit
1075 4310 1092 4349 :
1143 4294 1279 4348 Cum
1323 4292 1393 4346 de
1436 4291 1693 4358 legitimis
1743 4290 2004 4347 institutis
2037 4302 2090 4344 et

596 4412 614 4442 ε
654 4390 883 4445 decretis
934 4389 1137 4458 agitur,
1187 4398 1529 4453 consequens
1582 4392 1668 4437 est
1719 4398 1831 4437 non
1872 4394 2089 4454 propter

594 4503 613 4534 ι
653 4496 1005 4552 personarum
1028 4491 1223 4533 causas
1244 4476 1453 4543 aliquas
1473 4474 1601 4528 talia
1625 4475 1860 4530 decerni.
1885 4478 2087 4541 Quam-
2117 4466 2169 4525 D

588 4594 615 4627 ε
651 4577 860 4638 vbrant,
893 4573 1034 4626 sicut
1056 4568 1438 4625 sanctissimus
1468 4566 1759 4634 episcopus
1788 4569 2091 4622 Arabianus

596 4688 616 4718 ι
662 4667 910 4720 hortatus
948 4671 1054 4724 est,
1106 4658 1287 4713 futura
1342 4657 1588 4712 stabilire
1632 4659 1858 4722 volens;
1901 4671 2093 4713 cense-

598 4778 617 4810 ι
654 4767 884 4827 quenter
909 4763 962 4808 et
995 4754 1230 4807 humane
1261 4747 1591 4804 sanctissimi
1626 4749 1864 4818 episeOpi
1913 4748 2092 4803 Theo-

596 4869 617 4900 ι
658 4849 787 4916 phili
810 4844 1075 4900 sententia
1100 4841 1362 4904 decrevit,
1401 4855 1506 4894 non
1530 4840 1695 4895 licere
1715 4841 1769 4894 in
1788 4852 2089 4910 posterum,

592 4962 615 4992 4
654 4955 755 4995 nec
787 4954 817 4990 a
851 4934 1022 4990 tribus
1064 4931 1303 5001 quidem,
1346 4932 1544 4985 nedum
1587 4947 1617 4985 a
1663 4933 1893 4996 duobus,
1937 4948 2085 5000 eum,

594 5054 618 5086 ι
654 5031 747 5100 ιιιιὶ
787 5043 913 5084 reus
940 5027 1302 5085 examinator.
1341 5024 1533 5093 deponi
1568 5041 1583 5079 :
1621 5025 1715 5079 sed
1745 5025 1970 5093 majoris
1999 5041 2091 5096 sy-

597 5143 616 5174 ι
657 5121 783 5176 nodi
809 5128 858 5172 et
885 5116 1175 5185 provincia:
1207 5117 1584 5185 episcoporum
1620 5119 1913 5184 sententia,
1951 5120 2092 5173 sicut

602 5235 621 5265 ι
656 5211 938 5282 apostolici
980 5210 1241 5263 detiniere
1273 5223 1527 5264 canones.
1568 5207 1855 5266 Flavianus
1888 5214 2095 5282 episco-

598 5325 618 5358 ι
658 5322 758 5375 pus
785 5302 1084 5357 Antiochiae
1110 5302 1247 5354 dixit
1272 5318 1288 5355 :
1318 5302 1450 5366 Quas
1473 5316 1842 5370 exposuerunt
1868 5308 2095 5359 sanctis-

596 5415 618 5449 ι
656 5400 823 5451 simus
866 5397 1152 5464 episcopus
1192 5393 1476 5449 Nectarius
1524 5405 1581 5448 et
1629 5397 2010 5451 sanctissimus
2040 5408 2096 5452 et

600 5508 620 5543 ι
655 5490 1023 5561 pientissimus
1045 5486 1377 5556 Theophilus
1398 5486 1707 5555 episcopus,
1731 5500 1915 5555 aperta
1944 5500 2088 5543 sunt.

596 5602 615 5636 ι
653 5585 718 5639 Et
751 5597 941 5638 omnes
968 5580 1320 5636 ecclesiastici
1347 5578 1435 5633 his
1463 5580 1884 5647 acquiescimus.
1926 5598 1947 5632 ι

2240 552 2260 588 ι
2307 549 2448 599 πων,
2512 534 2607 588 καὶ
2657 532 2856 595 παντὸς
2921 530 3015 585 τοῦ
3093 531 3370 601 ἱερατείαν,
3417 533 3677 605 Νεκτάριος

2236 646 2255 680 ι
2299 629 2600 690 ἐπίσκοπος
2655 626 3286 689 Κωνσταντινουπόλεως
3353 623 3493 680 είπεν
3519 644 3533 658 α
3578 629 3672 698 Τῆς

2238 737 2256 769 ι
2306 721 2468 786 ἁγίας
2498 719 2703 789 ταύτης
2735 719 2955 772 συνόδου
2979 719 3120 771 κατὰ
3143 717 3274 770 Θεοῦ
3305 720 3454 787 χάριν
3477 717 3618 771 πάλιν
3639 724 3682 772 ἐν

2237 829 2257 864 ι
2303 813 2380 883 τῷ
2403 814 2544 882 ἁγίῳ
2559 813 2708 883 τόπῳ
2730 813 2903 879 τούτῳ
2929 809 3361 879 συνειλεγμένης,
3378 811 3423 861 εἰ
3444 810 3684 874 δοκιμάζει

2239 920 2257 953 ι
2304 903 2338 965 ἠ
2378 902 2516 973 αὑτὴ
2545 902 2656 955 τῶν
2681 901 2853 969 ἁγίων
2876 900 3123 970 ἀδελφῶν
3172 910 3263 952 και
3305 900 3689 968 συλλειτουργῶκ.

2246 1011 2266 1044 ι
2317 994 2559 1060 σύνοδος,
2587 994 2777 1064 ἐπειδὴ
2811 995 2907 1048 καὶ
2930 992 3172 1055 ἑστῶτας
3196 990 3305 1058 όρῶ
3338 992 3454 1054 τοὺς
3475 991 3688 1063 διαφερο-

2241 1106 2260 1139 ι
2304 1087 2500 1157 μένους
2554 1088 2688 1158 πρὸς
2725 1087 2950 1150 ἑαυτοὺς
2977 1083 3235 1155 περὶτῆς
3281 1082 3389 1135 τῶν
3420 1083 3693 1153 Βοστρηνῶι

2241 1198 2260 1231 ι
2305 1179 2634 1249 ἐπισκοπῆς,
2666 1185 2791 1243 τοὺς
2814 1178 3078 1245 ἀδελφοὺς
3144 1174 3302 1245 ἡμῶν
3354 1174 3597 1241 Βαγαδίον
3624 1180 3698 1227 καί

2244 1289 2264 1323 ι
2316 1272 2579 1339 Ἀγάπιον
2649 1272 2761 1324 τῶν
2792 1270 2928 1342 πρὸς
2980 1268 3245 1340 ἀλλήλους
3308 1266 3614 1337 ἐνάρξασθαι
3638 1266 3698 1320 διε

2242 1379 2262 1413 ι
2309 1364 2501 1417 καίων.
2526 1362 2635 1415 Καὶ
2672 1363 2811 1431 μετὰ
2838 1362 2900 1415 τδ
2933 1357 3240 1433 πραχθῆναί
3265 1373 3380 1409 τινα
3409 1356 3529 1427 παρ’
3552 1359 3701 1421 αὐτοῖς

2244 1472 2263 1505 ι
2306 1455 2470 1524 χάριν
2524 1456 2623 1521 τῆς
2649 1456 2824 1523 αὐτῆς
2852 1452 3185 1515 ὑποθέσεως,
3216 1449 3310 1502 καὶ
3342 1448 3703 1517 ἐμφανισθῆναι

2248 1564 2268 1597 ι
2311 1546 2635 1615 καθαίρεσιν
2697 1545 2796 1599 τοῦ
2857 1545 3121 1617 ῥηθέντος
3153 1546 3421 1616 Βαγαδίου
3447 1542 3705 1614 γενομένηι

2247 1656 2267 1691 ι
2309 1639 2413 1691 ὑπὸ
2441 1638 2532 1691 δύο
2560 1638 2653 1692 καὶ
2687 1639 2864 1708 μόνων
2893 1640 3207 1692 ἐπισκόπων
3230 1639 3339 1693 τῶν
3371 1641 3461 1692 καί
3492 1633 3704 1690 utsicu-

2247 1748 2264 1779 ι
2308 1730 2553 1801 τηκότων
2600 1729 2703 1801 ἤδη
2738 1731 2879 1784 κατὰ
2910 1730 3001 1784 τὸν
3041 1732 3234 1801 καιρὸν
3261 1731 3357 1801 τῆς
3388 1728 3552 1798 αὐτῆς
3584 1724 3709 1778 συνόο

2247 1838 2268 1874 ι
2315 1822 2405 1875 δου
2441 1838 2458 1855 ⁸
2500 1824 2554 1874 Ἀ
2566 1822 2820 1893 ρασιανδς
2849 1823 3143 1885 ἐπίσκοπος
3158 1820 3437 1892 Ἀγκύρας
3462 1815 3599 1873 εἶπεν
3621 1833 3634 1849 ·
3654 1815 3712 1868 Ot‘.

2250 1932 2269 1966 ι
2308 1915 2407 1984 τῆς
2432 1914 2716 1985 παρούσης
2739 1914 2904 1968 ἓνεκα
2928 1915 3105 1985 δίκης,
3127 1914 3268 1969 ἀλλὰ
3291 1913 3386 1967 τοῦ
3414 1910 3602 1980 ύφεξῆς
3623 1906 3713 1976 βίοι

2253 2025 2272 2059 ι
2317 2006 2514 2069 παντὸς
2569 2004 2826 2069 δεδοικὼς
2850 2004 3028 2071 τοῦτο,
3058 2006 3197 2070 ἀξιῶ
3225 2008 3327 2075 τὴν
3358 2006 3513 2073 ἁγίαν
3536 1998 3715 2057 σύνοδοι

2254 2117 2273 2150 ι
2313 2097 2655 2168 διαλαλῆσαι,
2723 2097 2897 2163 ἔξεστι
2962 2095 3226 2166 γενέσθαι
3255 2098 3562 2165 καθαίρεσιν
3592 2091 3717 2160 παρὰ

2249 2209 2268 2243 ι
2313 2191 2407 2245 δύο
2438 2191 2777 2254 ἐπισκόπων,
2806 2190 2839 2261 ἢ
2864 2188 2967 2257 οὓς
3023 2190 3288 2245 καὶκατὰ
3370 2188 3588 2250 ἀπόντος
3640 2200 3717 2255 μησ

2253 2303 2273 2336 ι
2312 2284 2635 2355 τροπολίτου
2662 2284 2892 2350 ἔξεστιν,
2928 2285 2959 2356 ἢ
2996 2284 3055 2339 οὗ
3087 2302 3100 2339 :
3126 2285 3296 2339 Οὐδὲν
3318 2285 3594 2353 πρόκριμα
3611 2280 3722 2349 πρὸς

2258 2390 2276 2424 ι
2323 2376 2425 2443 τὴν
2444 2374 2735 2442 παροῦσαν
2771 2375 3051 2430 ὑπόθεσιν.
3084 2375 3317 2429 Δέδοικα
3346 2375 3402 2429 δὲ
3433 2376 3529 2447 μὴ,
3556 2377 3615 2428 ἐκ
3636 2372 3722 2427 τῶν

2258 2484 2277 2517 ι
2321 2466 2736 2536 ὑπομνημάτων
2761 2467 2969 2522 τούτων
2999 2468 3144 2531 τινὲς
3165 2468 3458 2539 λαϐόμενοι
3486 2465 3724 2532 ἐξουσίας.

2256 2575 2275 2608 ι
2316 2557 2536 2611 τοιαῦτα
2557 2558 2929 2628 τολμήσωσιν.
2974 2560 3137 2626 Ἀξιῶ
3161 2554 3260 2614 οὖν
3315 2561 3462 2630 ὑμᾶς
3524 2557 3727 2626 ἀποκρίο

2260 2668 2277 2701 ι
2319 2650 2535 2703 νασθαι.
2565 2650 2871 2720 Νεκτάριος
2894 2651 3195 2715 ἐπίσκοπος
3252 2649 3726 2706 Κωνσταντινουπύ-

2259 2758 2277 2793 ι
2325 2742 2459 2805 λεως
2480 2738 2639 2795 εἶπεν
2665 2759 2678 2774 ο
2720 2742 3057 2806 Ἐπαινετῶς
3101 2745 3444 2816 εἰσηγήσατο
3472 2746 3499 2798 ὁ
3527 2739 3727 2796 εὐλασέ-

2260 2853 2279 2886 ι
2323 2851 2517 2897 στατος
2548 2834 2853 2899 ἐπίσκοπος
2904 2834 3236 2905 Ἀρασιανός
3267 2851 3283 2867 ο
3314 2836 3375 2889 οὐ
3403 2835 3507 2906 μὴν
3530 2832 3734 2902 δυναμέσ

2260 2944 2279 2978 ι
2318 2944 2417 2996 νης
2454 2926 2609 2997 δίκης
2641 2925 3044 2995 ἑξομοιοῦσθαι,
3071 2928 3131 2980 τὸ
3179 2928 3454 2998 παρελθὸν
3495 2928 3566 2998 μὴ
3593 2940 3736 2978 κατα-

2264 3036 2283 3069 ι
2330 3017 2641 3087 κρίναντες,
2705 3020 2767 3071 τὸ
2792 3017 2920 3089 ἑξῆς
2960 3019 3417 3091 ἀσφαλισὼμεθα.
3455 3014 3738 3089 Ἀραδιανδς

2264 3128 2281 3159 ι
2318 3110 2621 3171 ἐπίσκοπος
2672 3108 2946 3179 Ἀγκύρας
2985 3105 3107 3163 εἶπε
3137 3126 3151 3141 ·
3178 3110 3258 3164 Τὸ
3289 3109 3558 3181 παρελθὸν
3598 3106 3737 3177 ἡτῶν

2265 3217 2283 3250 ι
2334 3200 2627 3270 μακαρίων
2655 3199 2923 3268 Πατέρων
2949 3200 3059 3253 τῶν
3079 3201 3138 3254 ἐν
3164 3201 3387 3273 Νικαίᾳ
3440 3199 3644 3260 σύνιῖδος
3662 3212 3743 3249 και

2264 3310 2283 3343 ι
2324 3291 2591 3361 τακρίνει,
2626 3292 2979 3362 ἠκελεύουσα
3010 3292 3085 3363 μὴ
3119 3293 3381 3358 ἐλάττους
3430 3289 3568 3347 εἶναι
3602 3289 3740 3361 τριῶν

2264 3403 2283 3436 ι
2320 3384 2446 3437 τοὺς
2474 3384 2944 3453 χειροτονοῦντας,
2982 3386 3117 3454 μηδὲ
3148 3386 3390 3450 ἀπόντος
3440 3384 3532 3438 τοῦ
3565 3396 3743 3454 μητροο

2266 3492 2284 3524 ι
2331 3474 2504 3528 λίτου.
2537 3474 2644 3527 Τοῦ
2673 3474 2730 3527 δὲ
2757 3475 3041 3543 μέλλοντος
3087 3475 3282 3531 ἕνεκεν
3331 3472 3586 3536 δεδοικὼς
3631 3469 3745 3538 ἐγὼί

2267 3583 2286 3618 ι
2321 3565 2424 3635 τῆν
2451 3564 2717 3635 ἐρώτησιν
2744 3567 3106 3637 ἐποιησάμην.
3126 3566 3180 3620 Ἀ
3191 3567 3295 3631 ξιῶ
3315 3562 3408 3623 οὖν
3425 3569 3564 3639 ὑμᾶς
3589 3562 3749 3632 σαφῶς

2269 3674 2290 3709 ι
2331 3656 2797 3726 διαλαλῆοαι,καί
2843 3660 2981 3728 μήτε
3024 3661 3360 3729 ἠρτημένως
3410 3662 3547 3731 μήτε
3602 3656 3751 3726 ἀμφιο

2269 3768 2287 3801 ι
2324 3749 2517 3813 ϐόλως,
2535 3747 2675 3801 ὥστε
2702 3750 2783 3821 μὴ
2816 3749 3015 3814 ἐξεῖναι
3045 3751 3152 3803 ὑπὸ
3185 3750 3290 3803 δύο
3311 3750 3612 3823 ἀνθρώπων
3637 3746 3751 3817 μήτε

2263 3859 2282 3893 ι
2318 3841 2732 3912 χειροτονεῖσθαι
2755 3843 2891 3912 μήτε
2911 3842 3295 3913 καθαιρεῖσθαι
3316 3844 3627 3904 ἐπίσκοπον.
3646 3841 3752 3893 ἀκο-

2274 3949 2291 3982 r
2336 3931 2545 3995 λούθως
2594 3934 2661 4002 τῇ
2711 3931 2769 3984 ἐν
2806 3932 3015 4004 Νικαία
3043 3933 3274 4002 συνόδῳ.
3304 3935 3419 3988 Καὶ
3471 3933 3588 4003 μεθ’
3615 3931 3755 3998 ἕτερα

2267 4040 2284 4072 ι
2324 4022 2585 4092 Θεόφιλος
2628 4023 2926 4086 ἐπίσκοπος
2964 4023 3381 4093 Ἀλεξανδρείας
3429 4020 3616 4078 εἷπεν·
3649 4017 3754 4073 Ἐπὶ

2270 4132 2288 4164 ι
2330 4112 2441 4167 τῶν
2463 4113 2810 4170 ἀπελθόντων
2829 4115 2889 4168 εὖ
2916 4113 3138 4169 δυνατὸν
3157 4113 3344 4185 ψῆφον
3365 4114 3621 4185 ἐκφέρειν
3639 4109 3757 4178 ἁγι-

2271 4224 2290 4255 r
2333 4190 2655 4273 νακτήσεως
2680 4222 2695 4237 ·
2730 4206 3029 4276 ἐπειδήπερ
3053 4206 3127 4274 μὴ
3151 4206 3427 4275 παρόντες
3443 4200 3756 4272 κατεκρίθηο

2267 4314 2287 4350 t
2325 4314 2447 4353 σαν.
2475 4299 2535 4351 Ei
2561 4297 2833 4369 μέντοιγε
2857 4297 2986 4369 περὶ
3003 4299 3113 4351 τῶν
3130 4297 3441 4368 μελλόντων
3457 4298 3687 4350 διασκοπ
3716 4289 3760 4357 ίη

2268 4410 2287 4444 ι
2328 4409 2414 4455 τις
2466 4390 2579 4444 τῶν
2613 4391 2940 4461 ὀφειλόντων
2980 4391 3253 4458 καθελεῖν,
3285 4389 3542 4461 φαίνεταί
3584 4401 3671 4456 μοι
3701 4381 3762 4452 μὴ

2272 4501 2291 4535 ι
2334 4483 2496 4553 μόνον
2523 4485 2670 4551 τρεῖς
2695 4486 2950 4553 παρεῖναι
2974 4484 3298 4553 προσήκειν,
3335 4482 3455 4536 ἀλλ’
3479 4483 3528 4534 εἰ
3556 4474 3762 4531 δυνατὸν

2269 4592 2288 4626 t
2332 4574 2461 4636 τοὺς
2479 4573 2687 4637 πάντας
2716 4572 3091 4645 ἐπαρχιιὶιτας,
3126 4574 3218 4628 ἵνα
3285 4575 3355 4644 τῇ
3413 4572 3527 4625 τῶν
3574 4565 3766 4623 πολλῶν

2268 4685 2287 4718 ι
2326 4667 2494 4736 ψήφῳ
2512 4665 2882 4736 ἀκριϐεστέρα
2897 4668 2932 4736 ἡ
2952 4667 3279 4734 κατάκρισις
3294 4664 3395 4719 τοῦ
3409 4663 3567 4728 ἀξίου
3582 4661 3674 4731 τῆς
3691 4673 3767 4714 κα.

2293 4776 2313 4811 ι
2348 4760 2649 4827 θαιρὲσεως
2666 4755 2983 4826 δεικνύηται
3013 4757 3281 4827 παρόντος
3310 4761 3410 4813 καὶ
3429 4756 3767 4831 κρινομένου.

2280 4871 2298 4902 ι
2341 4851 2652 4921 Νεκτάιριος
2752 4850 3056 4913 ἐπίσκοπος
3150 4849 3768 4907 Κωνσταντινουπόλεως

2276 4962 2294 4995 ι
2335 4937 2455 4995 είπε
2482 4954 2497 4974 ο
2550 4939 2820 5010 Νομίμων
2903 4944 3247 5010 εἰσηγήσεων
3301 4944 3404 4997 καί
3477 4940 3771 5009 δογμάτων,

2273 5052 2293 5087 ι
2329 5035 2844 5104 πρυτανευομᾶνων,
2902 5032 3204 5086 ἀκόλουθον
3225 5033 3289 5086 ού
3318 5034 3416 5087 διὰ
3476 5030 3773 5102 προσώπων

2276 5143 2295 5176 ι
2333 5125 2487 5186 τινας
2513 5125 2696 5185 αἰτίας
2717 5124 2785 5177 τὰ
2810 5120 3037 5177 τοιαῦτα
3069 5121 3525 5192 δογματίζεσθαι.
3549 5122 3776 5187 Τοιγαρ·

2275 5235 2293 5269 ι
2329 5216 2448 5280 οὖν,
2504 5219 2765 5287 καθάπερ
2821 5218 2848 5269 ὁ
2890 5216 3197 5283 ἁγιώτατος
3246 5214 3562 5275 ἐπίσκοπος
3627 5212 3776 5278 ’Δρα-

2277 5330 2298 5361 ‹
2345 5309 2530 5373 ὅιανδς
2558 5311 2913 5379 εἰσηγήσατο,
2963 5309 3032 5361 τὰ
3063 5309 3333 5378 μέλλοντα
3381 5301 3776 5376 ἀσφαλίσασθαι

2283 5420 2300 5453 ί
2341 5400 2689 5471 βουλόμενος,
2719 5400 3028 5463 ἀκολούθως
3064 5401 3163 5453 καὶ
3191 5398 3605 5468 φιλανθρώπως
3632 5397 3664 5465 ἡ
3694 5389 3777 5443 τοῦ

2296 5513 2315 5544 ι
2358 5496 2667 5562 ἀγιωτὰτου
2708 5493 3014 5546 ἐπισκόπου
3045 5492 3310 5562 Θεοφίλου
3361 5492 3549 5560 ψῆφος
3609 5482 3781 5554 διωρίι

2289 5605 2307 5637 ι
2350 5602 2503 5648 σατο,
2541 5589 2616 5657 μὴ
2658 5587 2861 5655 χρῆναι
2896 5585 3035 5655 πρὸς
3088 5584 3158 5637 τὺ
3182 5583 3334 5651 ἑῆς,
3435 5582 3579 5653 μηδὲ
3639 5574 3781 5645 παρὰ

592 5699 610 5733 ι
647 5681 836 5752 τριῶν,
926 5679 1003 5750 μή
1074 5678 1157 5731 τοί
1208 5692 1273 5744 γε
1332 5675 1489 5745 παρὰ
1553 5674 1668 5737 δύο,
1721 5675 1814 5728 τὸν
1869 5677 2171 5737 ὑπεύθυνον
2224 5684 2651 5753 δοκιμαζόμενον
2715 5680 3124 5753 καθαιρεῖσθαι,
3180 5678 3318 5731 ἀλλὰ
3378 5684 3492 5749 γὰρ
3551 5676 3784 5732 πλείονος

594 5799 611 5824 ι
650 5776 869 5828 συνόδου
928 5773 1096 5843 ψήφῳ
1134 5773 1231 5825 καὶ
1290 5771 1399 5823 τῶν
1428 5772 1525 5841 τῆς
1585 5772 1890 5842 ἔπαρχίας,
1950 5776 2132 5839 καθὼς
2173 5777 2268 5830 καί
2304 5778 2352 5829 οἰ
2405 5775 2757 5830 ἀποστολαοί
2814 5774 3043 5838 κανόνες
3076 5772 3429 5834 διωρίσαντο.
3494 5764 3787 5823 Φλασιανὺς
