3944 6420
270 353 384 421 453

1265 357 1348 419 ΙΝ
1387 354 1554 416 CAN.
1596 350 1855 417 CXXXV
1891 348 2099 419 CONC.
2138 352 2520 417 CARTHAG.

3426 343 3535 409 454

354 486 376 522 ‹
423 468 724 532 ἐπίσκοπος
790 466 1116 540 ’Δντιοχείας
1223 462 1413 521 εἶπεν·
1481 466 1662 533 Ἀπερ
1713 463 2003 520 κατέθεντο
2045 467 2095 518 οἱ
2141 464 2270 534 περὶ
2336 465 2430 519 τὸν
2471 464 2777 532 ἁγιώτατον
2844 465 3144 522 ἐπίσκοπον
3213 463 3526 535 Νεκτάριον

328 581 353 616 ι
391 561 488 616 καὶ
520 561 611 614 τὸν
636 557 939 628 ἁγιώτατον
967 558 1060 612 καὶ
1093 555 1388 611 ὁσιώτατον
1407 556 1708 609 ἐπίσκοπον
1732 553 2013 624 Θεόφιλον,
2043 552 2201 622 δῆλα.
2237 554 2341 607 Καὶ
2375 554 2676 625 στέργομεν
2696 555 2896 621 πάντες
2919 558 2968 609 οἱ
2999 556 3461 627 ἐκκλησιαστικοί.
3500 572 3522 608 ι

322 652 525 707 ΒΑΛΣ.
562 651 670 705 Τοῦ
702 650 1008 705 ἐπισκόπου
1053 648 1309 718 Βόστρων
1344 646 1616 713 Βαγαδίου
1642 646 1834 699 καθαι-

2013 642 2219 699 BALS.
2279 647 2411 698 Cum
2467 644 2732 715 Bagadius
2786 646 3101 701 Bostrorum
3146 649 3437 718 episcopus
3492 662 3523 703 a

254 746 511 817 ρεθέντος
554 744 710 814 παρὰ
734 743 828 797 δύο
855 741 1180 796 ἐπισκόπων
1235 741 1332 792 καὶ
1386 738 1729 809 μονομερῶς,
1752 736 1839 790 λό-

249 854 353 906 γος
376 836 600 903 ἐγένετο
657 834 811 904 παρὰ
836 836 902 904 τῇ
934 834 992 886 ἐν
1013 828 1556 884 Κωνστανινουπόλει
1615 829 1838 900 συνόδῳ,

249 928 510 998 περὶτοῦ
540 926 590 979 εί
631 925 814 987 καλῶς
879 925 1103 994 γέγονεν
1155 925 1188 994 ὴ
1242 922 1472 991 τοιαύτη
1495 920 1838 990 καθαίρεσις,

249 1019 710 1088 ἀντιποιουμένου
770 1015 867 1070 τοῦ
936 1014 1302 1085 ψηφισθέντος
1375 1013 1642 1082 Ἀγαπίου
1695 1012 1837 1082 ὑπὲρ

250 1110 356 1180 τῆς
392 1112 635 1180 κρίσεως
675 1126 691 1143 ο
732 1111 827 1162 καὶ
857 1106 1162 1178 διεγνὼσθη
1195 1105 1553 1161 ἀκανόνιστον
1574 1100 1837 1171 εἶναιτὴν

252 1200 610 1269 καθαίρεσιν,
641 1199 719 1259 ὡς
752 1200 829 1271 μὴ
887 1197 1213 1268 ὀφειλόντων
1253 1196 1386 1263 ςδύο,
1432 1194 1569 1250 ἀλλὰ
1628 1193 1837 1246 πολλῶν

251 1292 449 1362 τηρεῖν
492 1292 563 1344 τὰ
598 1291 741 1344 κατὰ
768 1291 879 1343 τῶν
901 1290 1217 1343 ἐπισκόπων
1255 1287 1546 1367 λεγόμενα.
1630 1285 1701 1339 Σὺ
1778 1283 1837 1337 δέ

250 1382 495 1449 γίνωσκε
521 1382 604 1436 ὅτι
643 1383 676 1453 ἡ
720 1381 948 1451 τοιαύτη
982 1381 1275 1449 διάγνωσις
1305 1381 1406 1432 οὐκ
1435 1378 1551 1447 ἔχει
1599 1376 1659 1429 τὸ
1682 1378 1835 1446 ἐνερ-

250 1474 350 1541 γὸν
382 1458 646 1543 σήμερον.
690 1474 826 1526 Ἀπὸ
854 1472 965 1543 γὰρ
992 1470 1086 1525 τοῦ
1120 1468 1187 1541 ιβ’
1209 1470 1435 1533 κανόνος
1463 1469 1567 1538 τῆς
1598 1469 1656 1520 ἐν
1688 1468 1839 1536 Καρ-

251 1566 463 1638 θαγένῃ
502 1564 746 1631 συνόδου,
807 1564 1277 1635 μεταγενεστέρας
1307 1559 1473 1631 οὔσης
1509 1561 1648 1614 κατὰ
1677 1559 1832 1622 πολὺ,

247 1655 320 1709 τὰ
356 1659 500 1710 κατὰ
521 1656 630 1710 τῶν
670 1657 992 1711 ἐπισκόπων
1057 1654 1447 1725 ἐγκληματικὰ
1500 1653 1835 1723 δικαστήρια

248 1745 408 1814 παρὰ
461 1745 673 1801 δώδεκα
731 1748 1050 1801 ἐπισκόπων
1119 1745 1513 1814 γυμνάζονται.
1545 1744 1654 1798 Καὶ
1699 1743 1833 1797 ἀνά-

248 1837 426 1907 γνωθι
456 1840 549 1893 τὸν
573 1842 816 1894 τοιοῦτον
841 1840 1067 1894 κανόνα.
1101 1838 1341 1891 Γίνωσκε
1374 1837 1431 1890 δὲ
1496 1837 1577 1889 ὅτι
1645 1838 1681 1907 ἡ
1727 1836 1828 1903 μὲν

1947 738 2156 794 duobus
2187 740 2317 792 solis
2350 738 2620 809 episcopis
2656 741 2930 808 depositus
2960 745 3126 803 esset,
3160 741 3416 808 agitatum
3441 749 3526 794 est

1946 829 2003 885 in
2046 834 2254 902 synodo
2289 831 2920 900 Constantinopolitana,
2971 848 3041 886 an
3081 847 3145 887 ea
3188 842 3333 887 recte
3380 831 3522 886 facta

1945 928 2093 975 esset
2121 922 2406 989 depositio,
2438 924 2614 975 electo
2650 923 2860 993 Agapio
2892 922 3154 993 judicium
3206 931 3392 979 tuente
3425 939 3438 976 :
3470 932 3526 976 et

1946 1012 2352 1079 pronuntiatum
2380 1022 2466 1067 est
2510 1012 2899 1082 depositionem
2948 1028 3053 1068 non
3091 1013 3263 1068 fuisse
3289 1015 3523 1068 canoni-

1945 1114 2084 1164 cam,
2112 1102 2300 1170 'utpote
2335 1117 2457 1156 cum
2505 1118 2614 1158 non
2657 1104 2783 1168 dno,
2820 1104 2913 1158 sed
2949 1106 3101 1159 multi
3138 1108 3402 1159 deberem
3430 1120 3517 1167 ea.

1945 1206 2065 1261 quae
2115 1193 2372 1249 adversus
2418 1197 2703 1268 episcopos
2752 1199 3022 1265 dicuntur,
3071 1199 3387 1268 dijudicare.
3436 1192 3551 1255 'l'u‘

1944 1292 2125 1337 autem
2168 1285 2312 1340 scias
2355 1285 2497 1341 hanc
2528 1290 2962 1344 constitutionem
3008 1292 3115 1344 viut
3152 1306 3307 1347 suam
3356 1292 3519 1348 hodie

1944 1387 2053 1428 non
2089 1375 2358 1431 obtinere.
2403 1378 2450 1430 Δ
2483 1379 2799 1435 duodecimo
2849 1383 2993 1437 enim
3035 1399 3242 1438 canone
3286 1384 3518 1439 Cartha-

1946 1464 2207 1533 giniensis
2220 1471 2432 1539 synodi,
2456 1486 2575 1538 quae
2591 1481 2676 1525 est
2701 1473 2869 1527 multo
2894 1476 3185 1545 posterior,
3211 1476 3515 1531 criminal‘a

1943 1555 2315 1624 episcoporum
2350 1559 2549 1628 judicia
2579 1575 2610 1615 a
2643 1562 2923 1616 duodecim
2953 1565 3220 1634 episcopis
3254 1579 3517 1620 exercen-

1945 1653 2054 1701 tur.
2081 1644 2148 1699 Et
2178 1646 2296 1717 lege
2341 1662 2463 1702 eum
2507 1664 2794 1705 cauonem.
2842 1650 2999 1707 Scias
3028 1667 3179 1717 vero,
3223 1655 3366 1723 quod
3403 1655 3518 1710 lucc

1943 1742 2159 1810 quidem
2198 1745 2447 1814 synodus
2475 1747 2575 1802 sub
2601 1747 2839 1803 Arcadio
2868 1749 3191 1819 imperatore
3221 1751 3364 1806 facta
3394 1763 3477 1807 est
3503 1770 3517 1804 :

1936 1833 2407 1905 Carthaginiensis
2451 1853 2600 1904 vero,
2646 1850 2905 1911 regnante
2952 1841 3260 1898 Theodosio
3282 1844 3521 1912 iuniore.

250 1928 477 1995 σύνοδος
507 1930 645 2003 αὕτη
707 1931 801 1985 ἐπὶ
844 1929 1136 2002 ’Δρκαδίου
1184 1927 1278 1982 τοῦ
1344 1926 1613 1999 βασιλέως
1677 1927 1948 1995 γέγονεν,
2012 1926 2048 1997 ἠ
2077 1925 2138 1980 δὲ
2186 1927 2247 1982 ὲν
2270 1929 2602 2001 Καρχηδόνι,
2660 1931 3043 2002 βασιλεύοντος
3087 1934 3372 1989 Θεοδοσίου
3426 1936 3521 1989 τοῦ

258 2044 356 2098 μικ
366 2027 483 2095 ροῦ.

320 2118 570 2177 ΖΩΝΑΡ.
612 2120 675 2175 Ἥ
701 2121 801 2192 μὲν
837 2117 1098 2185 ὑπόθεσις
1123 2118 1382 2191 ἐζητεῖτο
1409 2118 1540 2187 περὶ
1593 2116 1692 2188 τῆς
1730 2114 1834 2167 τῶν

2013 2109 2267 2167 ZONAR.
2316 2112 2394 2168 De
2442 2114 2720 2172 Bostrensi
2769 2116 3097 2188 Episcopatu
3150 2121 3520 2176 controversia

250 2219 514 2288 Βόστρων
585 2216 917 2282 ἐπισκοπῆς,
973 2214 1069 2267 δύο
1135 2214 1338 2285 ταύτης
1437 2210 1837 2281 ἀντεχομένων,

262 2308 536 2377 ’Δγαπίου
565 2313 659 2361 καὶ
690 2306 984 2373 Βαγαδίου.
1018 2300 1133 2360 Ἦν
1189 2306 1290 2371 μὲν
1317 2306 1426 2375 γὰρ
1470 2303 1663 2374 πρώην
1717 2301 1840 2354 ἐπί-

250 2416 461 2463 σκοπος
518 2401 579 2453 ἐν
616 2399 755 2469 αὐτῇ
785 2399 815 2451 ὁ
862 2397 1149 2467 Βαγάδιος,
1212 2398 1300 2451 διὰ
1342 2397 1401 2450 δέ
1457 2412 1608 2458 τινας
1657 2395 1836 2456 αἰτίας

252 2490 387 2560 παρ’
453 2488 772 2542 ἐπισκόπων
837 2487 932 2540 δύο
1012 2486 1436 2574 καθαιρεθέντος
1496 2483 1684 2549 αὑτοῦ,
1740 2485 1837 2538 καὶ

248 2582 428 2637 ταῦτα
458 2583 720 2644 ἀπόντος,
755 2580 783 2632 ὁ
822 2579 1085 2650 Ἀγάπιος
1115 2579 1538 2650 κεχειροτόνητο
1604 2577 1685 2640 είς
1733 2574 1834 2645 τὴν

251 2674 519 2745 ῥηθεῖσαν
548 2674 897 2742 ἐπισκοπήν⁸
952 2672 1144 2742 ᾐτιᾶτο
1189 2670 1247 2723 δὲ
1298 2670 1396 2739 τὴν
1455 2667 1831 2738 καθαίρεσινὸ

250 2762 546 2830 Βαγάδιος.
583 2761 952 2831 ῐιροτεθείσης
984 2755 1079 2812 οὖν
1131 2761 1217 2820 είς
1266 2758 1328 2811 τὸ
1370 2758 1538 2828 μέσον
1563 2757 1664 2828 τῆς
1703 2774 1833 2809 συν-ι

248 2854 370 2906 ὁδου
401 2854 503 2922 τῆς
553 2851 890 2915 ὑποθέσεως,
951 2849 1274 2920 Ἀραόιανὸς
1339 2848 1615 2918 Ἀγκύρας
1675 2841 1832 2901 εἶπεν

248 2946 436 2998 δτιΟ)
474 2943 564 2996 διὰ
603 2944 703 3014 τὴν
759 2940 1046 3013 παροῦσαν
1099 2940 1358 2993 ὑπόθεσιν
1413 2938 1625 3010 ἐρωτῶ,
1696 2939 1833 2992 ἀλλὰ

248 3031 509 3094 δεδλικὼς
539 3032 671 3102 περὶ
700 3030 807 3083 τῶν
834 3029 986 3100 ἑξῆς,
1022 3029 1109 3082 ἵνα
1145 3029 1222 3099 μὴ
1285 3029 1344 3081 ἐν
1394 3030 1548 3101 πάσῃ
1604 3027 1833 3099 τοιαύτῃ

247 3124 509 3176 ὑποθέσει
546 3122 815 3193 κρατήσῃ,
846 3122 927 3185 ὡς
987 3119 1169 3176 κανὼν
1228 3120 1290 3174 τὸ
1363 3119 1682 3190 γενόμενον,
1735 3121 1831 3174 καὶ

246 3217 387 3283 ἀξιῶ
419 3220 521 3286 τὴν
582 3214 813 3268 σύνοδον
885 3216 1083 3280 εἰπεῖν,
1137 3214 1187 3266 εί
1241 3213 1419 3281 ἔξεστι
1507 3211 1831 3282 καθαίρεσιν

246 3309 514 3378 γενέσθαι
568 3307 720 3376 παρὰ
785 3306 880 3360 δύο
931 3305 1272 3370 ἐπισκόπων,
1329 3308 1425 3358 καὶ
1501 3304 1601 3375 τὴν
1646 3303 1829 3372 ψῆφον

248 3403 522 3472 τοιαύτην
604 3400 724 3454 κατ’
757 3400 990 3462 ἀπόντος
1040 3398 1283 3469 δοθῆναι.
1360 3394 1640 3465 Φοϐοῦμαι
1694 3397 1825 3464 γὰρ,

247 3498 407 3568 φησὶ,
463 3461 540 3566 μή
592 3509 739 3557 τινες
770 3496 838 3546 τὰ
887 3495 946 3547 ἐν
985 3494 1053 3562 τῇ
1113 3461 1372 3544 ὑποθέσει
1436 3461 1609 3562 ταύτῃ
1668 3461 1821 3560 εύρί-
1853 3461 1899 3520 C

248 3604 471 3650 σκοντες
496 3587 871 3656 ὑπομνήματα
930 3582 1156 3637 τοιαῦτα
1207 3581 1474 3652 τολμῶσι.
1536 3582 1676 3652 Πρὸς
1731 3576 1827 3635 οὖν

248 3681 348 3751 τὴν
411 3678 681 3749 ἐρώτησιν
735 3675 941 3746 ταύτην
993 3676 1021 3728 ὁ
1087 3673 1495 3743 Ἀλεξανδρείας
1562 3673 1824 3742 Θεόφιλος

246 3771 591 3842 ἀπεκρίνατο
620 3769 723 3834 ὅτι,
784 3767 940 3822 Ἐπεὶ
971 3768 1021 3820 οἱ
1085 3766 1178 3820 τὸν
1236 3765 1503 3834 Βαγάδιον
1560 3765 1828 3835 καθαιρή-

245 3879 445 3925 σαντες
489 3859 584 3913 δύο
615 3860 910 3913 ἐπίσκοποι
933 3860 1033 3928 ἤδη
1073 3857 1392 3927 τεθνήκασι,
1434 3857 1558 3909 κατ’
1597 3857 1826 3910 ἐκείνων

243 3951 608 4022 ψηφίζεσθαι,
647 3950 721 4013 ὡς
755 3950 830 4020 μὴ
857 3949 1038 4012 καλῶς
1114 3948 1485 4017 ποιησάντων,
1540 3949 1602 4000 ού
1674 3950 1779 4018 χρή
1809 3966 1824 3981 ο
1866 3990 1873 3995 _

247 4043 336 4096 ἵνα
369 4042 445 4110 μὴ
471 4041 568 4093 καὶ
597 4040 758 4109 ἡμεῖς
784 4039 1145 4107 αἰτιαθῶμεν,
1179 4037 1254 4100 ὼς
1290 4037 1365 4108 μὴ
1412 4039 1685 4107 παρόντας
1722 4038 1825 4092 αὖ..

239 4136 366 4195 τοὺς
398 4133 827 4203 κατακρίναντες
857 4148 871 4161 ο
935 4133 1086 4194 ὅπως
1136 4131 1192 4183 δὲ
1243 4129 1304 4183 τὺ
1336 4130 1531 4199 μέλλον
1588 4128 1826 4199 ἀσφαλι-

243 4226 492 4294 σώμεθα,
518 4223 659 4277 ὥστε
691 4224 889 4294 μηκέτι
929 4223 1159 4276 τοιαῦτα
1207 4223 1480 4290 γίνεσθαι,
1523 4220 1670 4275 δοκεῖ
1694 4240 1821 4292 μοι,

242 4315 628 4387 φησ“.ν,δτιού
661 4317 820 4385 μόνον
874 4320 1024 4385 τρεῖς
1072 4315 1345 4383 ἐνδέχεται
1395 4319 1650 4384 παρεῖναι
1703 4316 1825 4368 ἐπι-

1941 2204 2273 2275 agitabatur,
2317 2221 2437 2263 cum
2473 2210 2579 2278 duo
2613 2209 2765 2264 illum
2818 2212 2944 2275 sibi,
2991 2212 3249 2267 nimirum
3283 2214 3522 2283 Agapins

1940 2304 1993 2349 et
2029 2294 2315 2364 Bagadius,
2361 2299 2718 2355 vindicarent.
2746 2300 2876 2357 Erat
2906 2305 3049 2357 enim
3079 2304 3236 2374 paulo
3268 2316 3395 2358 ante
3418 2303 3522 2357 Ba-

1938 2386 2128 2453 gadius
2161 2385 2306 2441 illius
2340 2389 2489 2441 urbis
2518 2389 2824 2459 cpiscopus,
2855 2392 2947 2445 sed
2981 2408 3100 2445 cum
3132 2395 3419 2450 nonnullas
3444 2395 3515 2450 ob

1939 2492 2133 2533 causas
2169 2496 2197 2531 a
2246 2479 2460 2535 duobus
2506 2481 2774 2550 episcopis
2825 2493 2972 2539 esset
3008 2484 3312 2555 depositus,
3359 2488 3521 2556 idque

1937 2569 2029 2624 illo
2063 2571 2308 2634 absente,
2354 2573 2597 2640 Agapius
2648 2576 2937 2633 memorati
2984 2577 3329 2647 episcopatus
3366 2581 3520 2634 ordi-

1936 2672 2099 2717 natus
2122 2670 2203 2716 est
2229 2663 2539 2731 episcopus.
2572 2662 2746 2718 Porro
2777 2666 3170 2734 depositionem
3197 2685 3352 2723 suam
3392 2673 3520 2725 vitio

1937 2752 2136 2806 factam
2187 2767 2310 2807 esse
2356 2751 2632 2823 Bagadius
2673 2759 3051 2839 contendebat.
3097 2758 3231 2814 Cum
3268 2761 3434 2834 igitur
3467 2766 3518 2818 in

1935 2846 2115 2899 medio
2162 2844 2399 2899 concilio
2436 2846 2710 2914 proposita
2758 2858 2906 2903 esset
2936 2852 3336 2920 controversia,
3376 2855 3517 2909 Ara-

1934 2936 2127 2989 bianus
2158 2937 2391 3006 Ancyra:
2421 2937 2559 2990 dixit
2599 2954 2613 2995 :
2646 2938 2762 2993 Non
2792 2949 2900 2994 tam
2931 2941 3000 2995 ob
3033 2955 3354 3011 praiscntem
3384 2962 3518 2999 cau-

1932 3043 2048 3082 satn
2080 3028 2387 3096 interrogo,
2420 3046 2579 3097 quam
2611 3032 2750 3100 quod
2786 3033 2835 3086 in
2873 3044 3149 3102 posterum
3183 3047 3417 3092 metuam
3452 3018 3527 3092 ne

1931 3115 2074 3173 forte
2123 3119 2174 3171 in
2208 3119 2376 3173 simili
2428 3136 2591 3175 causa
2625 3123 2839 3191 quavis,
2878 3124 2928 3178 id
2974 3128 3129 3195 quod
3177 3139 3387 3198 gestum
3430 3140 3524 3185 est-

1935 3215 2193 3277 tanqnam
2263 3212 2448 3282 regyla
2500 3212 2603 3265 vim
2659 3212 2938 3281 obtineat;
2991 3227 3155 3285 atque
3206 3232 3234 3270 a
3286 3219 3529 3274 concilio-

1931 3308 2091 3367 peto,
2129 3309 2185 3355 ut
2218 3303 2475 3367 declaret,
2513 3320 2640 3357 num
2676 3320 2703 3357 a
2740 3305 2950 3360 duobus
2985 3307 3255 3377 episcopis
3286 3309 3513 3379 deposi-

1932 3394 2131 3446 tionem
2155 3393 2271 3449 ﬁeri
2302 3397 2480 3461 liceat,
2518 3406 2571 3450 ct
2596 3397 2861 3466 ejusmodi
2890 3399 3218 3455 sententiam
3250 3401 3513 3457 adversus

1928 3485 2206 3538 absentem
2273 3485 2634 3553 pronuntiari.
2691 3483 2892 3540 Vereor
2953 3488 3119 3552 enim,
3176 3490 3382 3559 inquit,
3442 3506 3517 3546 ne

1928 3573 2069 3630 forte
2117 3576 2307 3645 aliqui,
2345 3591 2466 3630 cum
2503 3577 2557 3632 in
2610 3578 2768 3647 hujus
2803 3592 2984 3635 causae
3036 3589 3152 3634 acta
3187 3581 3505 3646 inciderint,

1929 3666 2035 3718 alia
2054 3666 2320 3737 audeant.
2349 3669 2428 3721 Ad
2457 3668 2594 3722 hanc
2620 3668 2783 3738 igitur
2806 3669 3284 3741 interrogationem
3315 3672 3494 3728 Theo—

1926 3758 2106 3828 philus
2187 3757 2587 3813 Alexaudrinus
2676 3761 3006 3827 respondit:
3054 3760 3502 3830 Quandoquidem

1928 3848 2163 3918 episcopi
2213 3851 2340 3915 duo,
2377 3863 2408 3900 a
2439 3850 2634 3918 quibus
2689 3849 2966 3917 depositus
3023 3859 3108 3907 est
3150 3852 3442 3922 Bagadius,
3471 3868 3502 3905 e

1928 3938 2067 3992 vivis
2092 3949 2465 4000 excesserunt,
2501 3940 2551 3991 in
2579 3940 2815 3993 eoslerri
2847 3943 3196 4004 sententiam,
3222 3944 3363 4010 quod
3394 3958 3501 3997 non

1927 4040 2074 4085 recte
2109 4032 2337 4098 egerint,
2371 4031 2595 4085 minime
2641 4031 2933 4098 convenit;
2976 4048 3044 4086 ne
3076 4034 3211 4087 forte
3243 4050 3340 4088 nos
3371 4052 3506 4103 quu-

1926 4130 2031 4194 ιειιο
2060 4121 2538 4192 reprehendamus,
2570 4124 2712 4192 quod
2740 4123 2991 4178 absentes
3021 4126 3140 4179 illos
3164 4125 3502 4181 danuzaveri—

1928 4226 2047 4269 mus
2091 4231 2106 4269 :
2141 4225 2202 4268 ut
2235 4224 2419 4268 autem
2457 4214 2511 4268 in
2551 4214 2788 4269 futurum
2840 4217 3252 4285 provideamus,
3286 4234 3355 4273 ne
3383 4235 3498 4273 am-

1926 4308 2067 4379 plius
2094 4308 2221 4362 talia
2251 4309 2493 4377 quaedam
2527 4309 2678 4373 (iant,
2709 4309 2838 4362 mihi
2870 4309 3106 4374 videtur,
3142 4309 3354 4380 inquit,
3390 4327 3499 4365 non

1929 4410 2040 4456 tres
2072 4400 2354 4469 episcOpos
2402 4406 2612 4453 tantum
2645 4401 2839 4454 adesse
2887 4400 3084 4455 debere
3130 4404 3195 4455 ad
3234 4418 3398 4456 unum
3438 4406 3503 4458 de
3569 4455 3573 4461 .

1924 4493 2094 4563 gradu
2130 4493 2498 4562 dejiciendum
2532 4494 2848 4564 episcopum
2876 4511 2893 4564 ;
2922 4495 3017 4549 sed
3044 4535 3059 4560 ,
3091 4497 3133 4550 si
3168 4495 3280 4550 ﬂeri
3310 4499 3507 4566 possit,

245 4411 483 4472 σκόπους
516 4407 609 4460 ἐπὶ
652 4407 975 4478 καθαιρέσει
998 4407 1327 4473 ἐπισκόπου,
1364 4406 1521 4473 ἀλλὰ,
1565 4407 1614 4458 εί
1667 4407 1827 4461 δυνα-
1864 4419 1868 4422 ‘

243 4505 359 4568 τὸν,
410 4503 508 4555 καὶ¹
559 4500 688 4563 τοὺς
762 4499 973 4563 πάντας
1039 4498 1406 4568 ὲπαρχιώτας,
1488 4497 1656 4568 {now
1699 4499 1827 4562 τοὺς

244 4596 348 4663 τῆς
414 4593 686 4663 ἐπαρχίας
718 4592 936 4661 ἐκείνης
980 4588 1339 4654 ἐπισκόπους,
1380 4585 1491 4663 ἕνῇ
1531 4591 1626 4642 καὶ
1650 4591 1684 4659 ὴ
1707 4592 1826 4642 ἐπιδ

1936 4582 2087 4636 etiam
2117 4596 2310 4636 omnes
2336 4582 2698 4650 provinciales
2731 4583 2846 4638 sive
2885 4582 3181 4649 provincia
3208 4586 3353 4640 illius
3380 4586 3509 4654 epi-

246 4687 432 4757 σκοπὴ
462 4685 557 4738 τοῦ
615 4684 1052 4755 καθαιρουμένου
1116 4684 1409 4750 διάκειται,
1474 4683 1561 4736 ἵνα
1614 4681 1825 4735 πολλῶν

1936 4689 2140 4745 scopos,
2173 4676 2226 4728 in
2265 4690 2369 4744 qua
2402 4674 2548 4728 illius
2592 4674 2944 4743 episcopatus
2988 4687 3070 4729 est
3098 4676 3260 4742 situs,
3293 4678 3387 4747 qui
3436 4680 3509 4733 de

246 4780 417 4833 ὄντων
450 4775 559 4829 τῶν
591 4775 906 4843 κρινόντων,
960 4775 1057 4827 καὶ
1096 4773 1579 4842 ἀποφαινομένων,
1622 4772 1820 4842 παρόν-

1936 4767 2095 4836 gradu
2128 4766 2422 4834 dejicitur;
2458 4776 2513 4818 ut
2557 4781 2679 4818 cum
2714 4765 2869 4818 multi
2920 4766 3501 4835 exstiterintjudices,

247 4885 338 4932 τος
378 4867 472 4921 καὶ
537 4862 702 4917 αὑτοῦ
762 4862 858 4916 τοῦ
936 4863 1285 4933 αἰτιωμένου,
1355 4861 1727 4933 ἀκριϐεστέρα
1785 4865 1819 4933 ή

1936 4872 1991 4912 ac
2024 4858 2350 4912 sententiam
2393 4857 2616 4910 tulerint
2671 4868 2939 4925 praesente
2976 4857 3100 4921 illo,
3134 4859 3227 4928 qui
3274 4873 3510 4914 accusa-

249 4958 658 5028 κατακρίνουσα
685 4954 864 5026 ψῆφος
916 4954 1007 5009 τὸν
1068 4951 1500 5024 καθαιρούμενον
1576 4954 1820 5025 γίνηται.

1936 4958 2036 5015 tur,
2084 4949 2324 5005 exactior
2351 4948 2519 5019 680
2550 4964 2612 5003 ac
2660 4948 2868 5003 ﬁrmior
2899 4950 3168 5004 sententia
3217 4952 3502 5012 reddatur.

250 5053 329 5124 Τῇ
368 5046 710 5119 γοῦνγνώμῃ
738 5048 923 5118 ταύτῃ¹
941 5046 1035 5100 καὶ
1055 5047 1084 5099 ὁ
1108 5046 1433 5115 Νεκτάριος,
1460 5046 1587 5098 ,καὶ
1629 5048 1657 5099 ὁ
1680 5047 1823 5099 ιιιλα-

1936 5056 2032 5111 qua
2060 5041 2349 5096 damnatur
2377 5043 2424 5095 is
2451 5042 2542 5110 qui
2573 5042 2881 5111 deponitur.
2912 5041 3061 5098 Hanc
3090 5044 3252 5112 igitur
3285 5056 3505 5099 sentt-tt-

250 5144 460 5206 διανὸς,
484 5142 583 5195 καὶ
612 5141 663 5193 οἱ
694 5139 873 5192 λοιποὶ
897 5140 994 5209 τῆς
1038 5137 1260 5193 συνόδου
1325 5136 1663 5209 ἠρέσθησαν.
1711 5138 1822 5192 Καὶ

1936 5135 2051 5187 tiam
2086 5142 2141 5187 et
2184 5130 2473 5187 Nectarius
2520 5140 2575 5187 et
2606 5131 2898 5188 Flavianus
2944 5145 2997 5190 et
3048 5136 3225 5191 caeteri
3258 5152 3322 5190 ex
3357 5153 3495 5191 con-

252 5234 426 5288 ταῦτα
461 5233 561 5301 μὲν
585 5233 636 5284 οἱ
667 5231 909 5302 “ccipe;
927 5224 1101 5285 οὗτοι..
1143 5228 1201 5282 ’0
1222 5228 1280 5282 δὲ
1308 5229 1609 5293 δωδέκατος
1636 5229 1817 5283 κανὼν

1936 5225 2046 5279 :ilio
2079 5224 2471 5293 approbarunt.
2509 5227 2687 5295 Atque
2726 5226 2843 5281 haec
2891 5228 3110 5297 quidem
3153 5226 3243 5282 isti
3282 5225 3497 5284 Patres.

252 5320 351 5389 τῆς
392 5321 453 5372 ὲν
486 5316 814 5387 Καρθαγένῃ
852 5315 1094 5377 συνόδου,
1164 5316 1622 5384 μεταγενεστέρας
1651 5314 1819 5384 θ’ύσης

1936 5317 2280 5371 )nodecimus
2315 5325 2497 5371 autem
2532 5332 2705 5371 canon
2739 5318 2954 5373 concilii
3002 5318 3503 5390 Carthaginiensis,

251 5411 403 5483 παρὰ
433 5409 640 5480 ταύτην
689 5410 793 5478 τὴν
818 5406 914 5461 ἐπὶ
971 5407 1277 5478 Νεκταρίου
1341 5398 1818 5476 συναθροισθεῖσαν

1936 5409 2065 5478 ιυοά
2103 5420 2345 5476 tenrpore
2393 5407 2665 5477 posterius
2705 5418 2791 5464 est
2836 5410 2942 5466 isto
2986 5408 3241 5468 Nectario
3278 5414 3507 5467 sedente

253 5503 410 5572 (αὕτη
450 5501 551 5571 μὲν
588 5499 697 5569 γὰρ
756 5494 850 5552 ἐπὶ
916 5498 1199 5570 Ἀρκαδίου
1262 5499 1522 5567 συνέστη,
1598 5498 1633 5568 ἠ
1683 5497 1730 5550 δ’
1762 5499 1821 5551 ἐν

1936 5506 2256 5567 congregato
2299 5498 2532 5568 (quippe
2584 5512 2705 5553 cum
2757 5499 2860 5556 hoc
2909 5500 3214 5569 imperante
3259 5503 3506 5560 Arcadio

254 5593 585 5666 Καρθαγένῃ
643 5592 931 5646 Θεοδοσίου
973 5591 1066 5644 τοῦ
1137 5593 1337 5663 μικροῦ
1413 5589 1818 5660 βασιλεύοντος)

1936 5601 2168 5646 :uactum
2189 5594 2259 5646 sit
2282 5606 2299 5657 ;
2324 5590 2774 5660 Carthaginiense
2808 5607 2938 5647 vero
2966 5592 3269 5649 Theodosio
3301 5598 3500 5650 minori

255 5687 584 5752 ἐπισκόπου,
646 5684 811 5757 φησὶν
865 5688 924 5738 ὲν
987 5683 1291 5754 ἐγκλήματι
1336 5681 1817 5752 κατηγορουμένου

1936 5680 2260 5753 imperante)
2289 5683 2332 5736 si
2371 5683 2490 5753 quis
2524 5682 2835 5753 episcopus,
2883 5686 3082 5756 inquit,
3116 5686 3349 5756 alicujus
3383 5689 3495 5741 cri-

257 5777 458 5833 δώδεκα
515 5778 849 5838 δπισκόπους
916 5773 1184 5841 δικάζειν,
1226 5774 1276 5826 εί
1325 5773 1398 5844 ui]
1467 5773 1556 5826 διὰ
1616 5771 1815 5827 πολλὴν

1936 5773 2086 5829 mittis
2117 5775 2289 5831 tactus
2323 5775 2396 5831 sit
2426 5789 2581 5845 rcus,
2609 5790 2640 5830 a
2670 5775 2952 5835 duodecim
2988 5777 3262 5850 episcopis
3285 5779 3503 5846 judice-
