3944 6392
481 334 585 397 459

1788 328 2068 394 ΤΗΕΟΙ).
2111 330 2510 394 BALSAMON

3595 339 3684 401 4C0

489 457 606 505 erat
637 457 814 502 autem
850 450 1062 518 species
1104 451 1221 519 ejus
1268 460 1323 503 ut
1360 447 1560 520 fulgur,
1595 462 1647 506 et
1679 452 2055 509 indumentum

2161 457 2337 512 ϐάτων
2389 459 2454 528 τῇ
2505 453 2892 525 ἐπιφωσκούσῃ
2943 453 3022 514 είς
3075 452 3204 522 μίαν
3250 451 3540 518 Σαὸὁάτων,
3574 449 3684 526 ἦλθε

490 543 609 610 ejus
652 540 836 596 album
875 551 932 595 ut
965 542 1076 594 uix.
1119 542 1162 594 Α
1197 541 1389 596 timore
1434 552 1617 596 autem
1657 544 1776 612 ejus
1810 548 2062 600 concussi

491 643 617 688 sunt
647 633 744 704 qui
765 633 1079 698 servabant,
1101 640 1156 686 et
1177 631 1306 688 facti
1329 643 1456 688 sunt
1485 641 1544 689 ut
1569 635 1792 690 mortui.
1817 633 2060 706 Respon-

491 724 626 780 dens
656 733 838 779 autem
883 725 1127 794 angelus,
1169 724 1310 778 dixit
1358 725 1680 781 mulieribus
1717 725 1826 781 :Ne
1879 727 2062 784 timete

494 827 608 877 vos,
640 814 760 868 scio
793 813 938 868 enim
991 814 1138 884 quod
1189 812 1374 868 Jesum
1423 816 1743 870 cruciﬁxum
1775 818 2057 885 qumritis:

495 919 601 956 non
633 912 717 958 est
751 905 841 960 hic
866 923 880 959 :
907 905 1208 960 resurrexit
1237 905 1405 973 enim,
1433 907 1576 961 sicut
1606 907 1742 961 dixit
1785 910 1824 962 ⁸.
1867 907 1934 962 Id
1959 925 2061 962 ιιιιο

493 1005 596 1048 tem
624 994 763 1064 quod
787 994 987 1047 dictum
1022 1002 1120 1061 est,
1149 1009 1392 1064 vespere,
1424 995 1522 1048 alii
1549 997 1759 1066 quidem
1785 1000 2066 1053 existima»

494 1085 618 1138 bunt
647 1079 932 1138 secundum
963 1087 1103 1139 verbi
1151 1087 1581 1141 communitatem
1629 1090 1930 1158 signiﬁcare
1971 1107 2054 1145 ve-

493 1192 696 1245 sperum
732 1175 988 1240 Sabbati;
1017 1178 1362 1246 sapientiores
1393 1189 1570 1232 autem
1611 1179 1666 1233 id
1700 1182 2059 1248 exaudientes,

493 1283 592 1320 non
619 1268 740 1333 hoc,
773 1269 862 1321 sed
895 1267 1214 1337 profundam
1265 1279 1466 1323 noctem
1509 1287 1620 1324 esse
1660 1272 1856 1334 dicent,
1893 1272 2062 1326 tardi-

491 1368 652 1412 tatem
673 1368 720 1413 et
745 1357 958 1428 longum
988 1367 1191 1428 tempus
1219 1375 1424 1429 vespere
1450 1362 1801 1430 signiﬁcante.
1839 1361 1906 1416 Et
1923 1363 2062 1434 quod

491 1457 692 1500 noctem
750 1447 882 1500 dicit
913 1458 962 1500 ct
997 1463 1099 1500 non
1138 1464 1426 1516 vesperam,
1473 1450 1782 1518 subjunxit:
1807 1449 1943 1504 Cum
1977 1451 2062 1506 lu-

491 1547 730 1594 cesceret
765 1538 818 1592 in
846 1538 1076 1606 primam
1110 1537 1470 1595 hebdomadis
1497 1539 1677 1604 diem;
1712 1550 1759 1593 et
1795 1551 2060 1606 venerunt,

490 1628 745 1695 nondum,
785 1638 841 1682 ut
872 1629 1058 1698 reliqui
1085 1629 1289 1695 dicunt,
1325 1640 1565 1684 aromata
1605 1631 1845 1700 ferentes,
1870 1633 1958 1686 sed
1995 1633 2063 1686 ad

492 1719 831 1788 spectandum
871 1719 1206 1789 sepulcrum,
1261 1729 1310 1775 et
1357 1722 1659 1775 invenerunt
1707 1723 1905 1791 factum
1954 1740 2063 1777 esse

2163 548 2353 617 Μαρία
2379 549 2413 617 ἡ
2437 543 2767 617 Μαγδαληνὴ
2798 544 2891 596 καὶ
2913 545 2946 614 ἠ
2979 542 3112 614 ἄλλη
3136 542 3322 614 Μαρία
3343 541 3590 615 θεωρῆσαι
3609 547 3686 600 τὸν

2161 638 2348 708 τάφον.
2377 639 2489 691 Καὶ
2523 636 2632 690 ἰδοὺ
2659 635 2880 705 σεισμὸς
2901 635 3116 703 ἐγένετο
3151 633 3320 704 μέγας
3337 650 3350 664 ο
3379 634 3587 704 ἄγγελος
3598 636 3690 710 γὰρ

2161 731 2366 802 Κυρίου
2408 728 2650 792 καταϐὰς
2699 727 2758 792 ἐξ
2797 725 3026 798 οὐρανοῦ
3065 725 3388 798 προσελθὼν,
3431 727 3691 782 ἀπεκύλισε

2160 820 2252 872 τὸν
2289 819 2456 884 λίθον,
2502 819 2596 872 καὶ
2637 816 2870 887 ἐκάθητο
2904 814 3088 868 ἐπάνω
3125 813 3314 868 αὐτοῦ·
3344 810 3409 885 ἦν
3436 813 3488 868 δὲ
3525 816 3556 886 ἡ
3597 814 3692 869 ἰδέα

2162 911 2326 966 αὐτοῦ
2356 911 2430 973 ὡς
2462 908 2736 983 ἀστραπὴ,
2761 907 2856 960 καὶ
2887 907 2945 959 τὸ
2974 905 3090 960 ἐνδυ
3099 923 3174 976 μα
3202 905 3360 958 αὑτοῦ
3387 905 3561 959 λευκὸν
3581 905 3694 960 ὡσεὶ

2163 1003 2309 1074 χιὼν.
2361 1003 2492 1056 Ἀπὸ
2537 1001 2594 1054 δέ
2625 999 2719 1053 τοῦ
2769 1000 2934 1070 φόϐου
2967 999 3154 1066 αὐτοῦ,
3205 999 3515 1070 ἐσείσθησαν
3549 1001 3592 1052 oi
3618 1015 3698 1072 τη-

2165 1094 2406 1166 ροῦντες,
2442 1094 2534 1146 καὶ
2563 1092 2815 1160 ἐγένοντο
2846 1091 2981 1143 ὡσεὶ
3009 1089 3209 1162 νεκροί.
3259 1088 3580 1160 Ἀποκριθεὶς
3605 1088 3698 1141 δέὁ

2163 1187 2389 1256 ἅγγελος
2423 1185 2542 1240 εἶπε
2573 1187 2692 1248 ταῖς
2725 1183 2970 1254 γυναιξί’
3002 1182 3092 1254 Μὴ
3128 1181 3372 1252 φοϐεῖσθε
3416 1183 3580 1250 ὑμεῖς,
3605 1175 3702 1234 οἶδα

2162 1278 2272 1348 γὰρ
2299 1278 2378 1329 ὅτι
2420 1274 2626 1346 Ἰησοῦν
2655 1274 2744 1328 τὸν
2769 1273 3182 1346 ἐσταυρωμένον
3209 1271 3437 1342 ζητεῖτε,
3462 1271 3556 1352 οὐκ
3577 1269 3701 1324 ἐστιν

2163 1362 2292 1422 ὧδεο
2321 1368 2528 1440 ἠγέρθη
2555 1368 2664 1440 γὰρ
2697 1364 2878 1428 καθὼς
2921 1360 3060 1418 εἷπε.
3119 1363 3298 1419 Τοῦτο
3335 1361 3401 1415 δὲ
3431 1363 3492 1416 τὸ
3512 1360 3706 1432 λεχθὲν·

2164 1459 2282 1529 ὀψὲ,
2318 1463 2370 1514 οἱ
2394 1458 2510 1528 μέν
2543 1476 2701 1524 τινες
2731 1457 3037 1524 οἰήσονται
3081 1453 3232 1508 κατὰ
3275 1453 3388 1521 τὴν
3421 1454 3705 1518 κοινότητα

2163 1552 2270 1606 τοῦ
2288 1551 2555 1622 ῥήματος
2583 1551 2698 1620 τὴν
2721 1551 2986 1618 ἑσπέραν
3005 1549 3236 1616 δηλοῦν
3263 1546 3368 1600 τοῦ
3400 1543 3704 1599 Σαϐϐάτου·

2164 1647 2218 1699 oi
2245 1644 2312 1697 δὲ
2339 1643 2681 1714 σοφώτερον
2731 1642 3148 1707 ὲξακούοντες,
3199 1641 3272 1693 οὐ
3325 1637 3526 1692 τοῦτο·
3571 1633 3711 1690 ἀλλὰ

2165 1737 2353 1790 νύκτα
2407 1736 2662 1800 βαθεῖαν
2709 1734 2955 1804 ἐροῦσιν
3005 1734 3184 1787 εἷναι·
3250 1729 3588 1799 ,βραδύτητα
3627 1724 3711 1781 καὶ

493 1823 647 1866 terra:
679 1819 902 1876 malum,
937 1820 986 1865 et
1014 1813 1255 1882 angelum
1306 1829 1464 1881 super
1508 1813 1734 1879 lapidem
1777 1817 2057 1880 sedentem,

2161 1829 2390 1898 μακρὸν
2427 1829 2648 1897 χρόνον
2679 1826 2783 1882 τοῦ
2830 1826 2933 1897 ὀψὲ
2975 1823 3333 1892 δηλοῦντος.
3366 1821 3472 1876 Καὶ
3511 1819 3594 1874 ὅτι
3627 1817 3714 1872 νύ-

492 1909 537 1954 et
564 1899 846 1954 audierunt
873 1900 937 1954 ab
969 1902 1082 1970 ipso
1109 1899 1264 1954 :Non
1299 1911 1382 1956 est
1410 1902 1518 1968 hic,
1545 1904 1800 1958 surrexit.
1858 1904 2061 1959 Simili—

490 2003 567 2048 ter
591 1991 825 2047 Joannes
863 1991 1086 2048 :Prima
1126 1993 1484 2050 hebdomadis
1533 1994 1688 2062 feria,
1719 1997 1908 2067 inquit,
1947 1997 2060 2054 Ma-

491 2084 569 2139 ria
601 2083 914 2156 Magdalene
945 2087 1093 2140 venit
1122 2101 1301 2151 mane,
1343 2103 1469 2142 cum
1497 2098 1681 2143 essent
1707 2091 1884 2145 adhuc
1913 2099 2060 2146 tene-

491 2179 619 2243 brae,
649 2179 716 2234 ad
765 2189 1217 2245 monumentum;
1259 2189 1313 2234 et
1343 2180 1477 2236 vidit
1516 2183 1750 2250 lapidem
1783 2185 2056 2239 sublatum

489 2285 519 2323 a
547 2277 902 2325 monumento
939 2272 1000 2335 ';
1057 2270 1148 2323 sed
1167 2270 1330 2337 juxta
1353 2271 1486 2325 illud
1511 2290 1635 2328 cum
1666 2275 1843 2329 adhuc
1875 2285 2060 2330 essent

491 2360 746 2426 tenebrae,
779 2370 1168 2430 prazcesseral.‘
1191 2359 1364 2417 Lucas
1399 2373 1574 2418 autem
1624 2366 1793 2419 dicit:
1825 2365 2061 2420 Sabbato

491 2451 712 2520 quidem
745 2453 1070 2522 quieverunt
1119 2457 1424 2512 secundum
1483 2467 1832 2526 praeceptum.
1878 2457 2058 2512 Prima

490 2551 671 2600 autem
721 2543 1078 2600 hebdomadis
1126 2545 1260 2602 feria
1313 2562 1528 2615 summo
1567 2562 1726 2602 mane
1750 2548 1816 2602 ad
1871 2565 2060 2604 monu-

490 2645 731 2688 mentum
753 2647 1042 2704 venerunt,
1064 2637 1300 2692 ferentes
1313 2653 1436 2708 qum
1452 2648 1772 2707 paraverant
1790 2650 2055 2706 aromata,

490 2728 814 2784 invenerunt.
863 2736 1046 2784 autem
1091 2729 1323 2799 lapidem
1367 2747 1396 2785 a
1437 2742 1794 2788 monumento
1847 2733 2052 2788 devolu-

489 2829 601 2873 tum
643 2819 683 2875 ³.
721 2818 998 2874 Summum
1031 2837 1188 2876 mane
1212 2823 1439 2890 fortasse
1467 2825 1786 2877 matutinum
1811 2824 2057 2893 splendo-

489 2925 617 2974 rem,
653 2913 744 2981 qui
783 2913 931 2981 prius
972 2913 1308 2982 subapparet,
1342 2915 1605 2986 signiﬁcat
1657 2918 1842 2984 primm
1875 2918 2054 2986 feriat;

493 3012 540 3055 et
579 3005 832 3073 quoniam
863 3005 978 3072 jam
1029 3009 1254 3074 perfecte
1282 3007 1549 3076 prwterito
1579 3024 1696 3062 cum
1729 3017 1839 3061 tota
1879 3025 2058 3061 conse-

488 3103 672 3162 quente
707 3106 853 3150 nocte
892 3095 1149 3160 Sabbato,
1195 3108 1244 3151 et
1289 3099 1397 3152 alio
1440 3101 1524 3154 die
1561 3101 1862 3170 incipiente,
1912 3116 2059 3154 rene-

460 3195 610 3239 ‘runt
640 3197 884 3241 aromata
915 3198 962 3242 et
988 3200 1252 3260 unguenta
1306 3191 1566 3259 ferentes;
1603 3194 1829 3262 quando.
1837 3194 1954 3261 jam
1984 3194 2058 3246 vi-

487 3277 673 3332 delicet
703 3278 796 3332 diu
845 3290 967 3333 ante
997 3293 1322 3336 surrexerat.
1358 3282 1473 3336 Hoc
1511 3283 1726 3337 Marcus
1754 3301 1956 3353 quoque
1980 3301 2060 3338 se-

487 3370 688 3438 quitur,
714 3370 890 3424 dicens
909 3386 928 3424 :
948 3370 1205 3427 Emerunt
1234 3383 1500 3435 aromata,
1533 3383 1592 3428 ut
1629 3375 1906 3430 venientes
1933 3391 2058 3430 eum

488 3466 773 3528 ungerent.
804 3447 873 3514 Et
901 3460 1056 3516 valde
1111 3478 1270 3516 mane
1326 3463 1514 3532 primae
1557 3463 1703 3519 feriae
1737 3466 1958 3521 veniunt
1991 3467 2058 3522 ad

491 3559 906 3605 monumentum
957 3560 1078 3606 orto
1117 3553 1229 3622 jam
1283 3554 1398 3607 sole
1435 3554 1475 3608 ⁸.
1513 3553 1677 3610 Valde
1720 3557 1860 3610 enim
1900 3573 2060 3614 mane

486 3643 571 3696 hic
601 3658 802 3712 quoque
827 3643 980 3706 dixit,
1007 3644 1144 3712 quod
1175 3645 1310 3698 idem
1334 3654 1410 3699 est
1437 3662 1498 3698 ac
1545 3662 1763 3720 summo
1793 3649 2054 3715 diluculo,

487 3743 536 3788 et
575 3733 847 3802 subjunxit
873 3749 890 3786 :
917 3733 1050 3789 Orto
1091 3734 1204 3804 jam
1247 3737 1378 3790 sole.
1432 3735 1696 3806 Profectio
1745 3741 1977 3809 quidem,
2005 3753 2054 3797 et

487 3826 588 3878 iter
615 3841 796 3879 earum
820 3841 1024 3878 summo
1050 3825 1284 3879 diluculo
1299 3837 1346 3881 et
1375 3829 1523 3882 valde
1548 3822 1968 3899 mane-incepit;
2001 3835 2054 3886 in

487 3919 679 3972 itinere
722 3929 902 3973 autem
936 3928 985 3973 et
1034 3923 1174 3974 circa
1205 3932 1618 3986 monumentum,
1645 3939 1846 3976 moram
1883 3933 2046 3978 traxe-

487 4019 610 4062 runt
639 4026 802 4080 usque
827 4010 896 4063 ad
939 4019 1112 4064 ortum
1149 4013 1316 4076 solis;
1339 4021 1388 4066 et
1423 4013 1498 4066 eis
1521 4015 1746 4082 quidam
1778 4024 1900 4066 tunc
1926 4015 2059 4067 dicit

487 4101 786 4156 adolescens
818 4103 1170 4156 candidatus:
1195 4102 1536 4164 Resurrexit,
1557 4119 1661 4158 non
1690 4115 1772 4157 est
1794 4104 1902 4158 hic.
1934 4103 2059 4158 Haec

487 4201 662 4246 autem
689 4206 807 4244 cum
845 4193 922 4244 ita
943 4209 996 4246 se
1023 4193 1268 4256 habeant,
1295 4194 1388 4246 hoc
1413 4195 1480 4248 iis
1504 4194 1593 4262 qui
1617 4195 1918 4248 accuratius
1944 4195 2060 4248 sub-

488 4283 737 4354 tiliusque
773 4283 1131 4348 considerant,
1182 4285 1521 4338 enuntiamus
1570 4295 1732 4354 quota
1792 4285 1944 4350 hora,
1981 4285 2059 4341 vel

485 4375 646 4428 etiam
677 4373 998 4429 semihorula
1041 4373 1117 4428 vel
1163 4382 1356 4444 quarta
1400 4374 1562 4438 honr,
1594 4383 1795 4442 oportet
1829 4377 2058 4446 incipere

2165 1936 2275 1973 κτα
2305 1919 2468 1989 λέγει
2495 1920 2594 1974 καὶ
2629 1921 2740 1988 οὐχ
2769 1918 3057 1986 ἑσπέραν,
3101 1915 3388 1986 ἐπήγαγε,
3420 1915 3497 1984 Τῇ
3533 1913 3716 1979 ἐπιφω-

2167 2009 2369 2080 σκούσῃ
2402 2011 2480 2072 είς
2511 2009 2636 2078 μίαν
2669 2007 2990 2062 Σαϐϐάτωνο
3026 2005 3121 2058 καὶ
3147 2000 3324 2074 ἧκον,
3354 2002 3533 2062 οὔπω,
3570 1999 3641 2064 ὡς
3673 1997 3718 2049 ol

2164 2101 2366 2152 λοιποί
2389 2116 2558 2169 φασι,
2593 2099 2664 2152 τὰ
2691 2098 2967 2168 ἀρώματα
2997 2099 3318 2166 φέρουσαι,
3349 2094 3507 2149 ἀλλὰ
3529 2087 3719 2158 θεωρῆ-

2165 2207 2266 2245 σαι
2299 2191 2405 2244 τὸν
2443 2190 2653 2262 τάφον,
2684 2189 2780 2243 καὶ
2813 2185 2992 2256 εὗρον
3019 2188 3124 2241 τὸν
3153 2187 3414 2256 σεισμὸν
3465 2181 3720 2254 γεγονότα

2166 2280 2264 2333 καὶ
2311 2280 2648 2350 καθήμενον
2683 2279 2791 2332 τὸν
2818 2277 3075 2348 ἄγγελον
3124 2279 3223 2331 ἐπὶ
3251 2275 3366 2330 τοῦ
3408 2276 3598 2336 λίθου,
3637 2269 3723 2324 καί

2165 2375 2463 2440 ἀκηκόασι
2518 2373 2652 2440 παρ’
2705 2371 2922 2425 αὐτοῦ’
2969 2371 3084 2422 Οὐκ
3137 2369 3288 2422 ἐστιν
3342 2361 3464 2430 ὦδε,
3514 2362 3718 2434 ἠγέρθη.

2179 2465 2418 2533 Ὁμοίως
2475 2469 2508 2518 ό
2577 2463 2882 2532 Ἰωάννης·
2955 2465 3041 2516 Ἑν
3104 2464 3202 2534 μιᾷ
3254 2463 3365 2516 τῶν
3413 2458 3717 2516 Σασϐἀτων,

2165 2554 2336 2623 φησί,
2356 2554 2541 2626 Μαρία
2570 2557 2602 2626 ἡ
2628 2555 2962 2626 Μαγδαληνὴ
2985 2551 3115 2624 ἦλθε
3146 2551 3294 2624 πρωῒ
3325 2550 3538 2614 σκοτίας
3557 2543 3722 2601 ἐτιοΰ-

2168 2664 2266 2717 σης
2299 2648 2375 2710 εἰς
2405 2648 2466 2700 τὸ
2502 2647 2792 2718 μνημεῖον·
2843 2646 2936 2700 καὶ
2977 2645 3162 2714 βλέπει
3199 2645 3294 2698 τὸν
3337 2643 3482 2696 λίθον
3510 2637 3724 2712 ἠρμένον

2165 2738 2274 2791 ἀπὸ
2300 2739 2391 2791 τοῦ
2425 2739 2687 2809 μνημείου
2709 2753 2723 2769 ³
2757 2737 2924 2805 πλὴν
2967 2737 3129 2804 παρὰ
3165 2735 3370 2802 τοῦτο,
3403 2731 3612 2794 σκοτίας
3651 2728 3720 2782 ἔτι

2164 2828 2348 2900 οὔσης,
2379 2832 2792 2899 προεληλύθει.
2841 2831 2904 2883 '0
2929 2829 2996 2882 δὲ
3039 2827 3282 2895 Λουκᾶς
3323 2836 3504 2896 prior
3540 2823 3608 2876 Τὸ
3641 2820 3724 2892 μὲν

2165 2921 2436 2977 Σάϐϐατον
2464 2924 2740 2994 ἡσύχασαν
2769 2921 2909 2976 κατὰ
2936 2920 3033 2992 τὴν
3061 2921 3284 2992 ἐντολήν
3301 2937 3314 2950 '
3343 2922 3408 2989 τῇ
3441 2917 3498 2971 δέ
3522 2915 3616 2987 μιᾷ
3635 2911 3727 2966 τῶν

2163 3013 2457 3067 Σαϐὅάτων
2477 3055 2492 3079 ,
2535 3014 2731 3084 ὄρθρου
2765 3013 2953 3084 βαθέος
2987 3013 3078 3065 ἐπὶ
3117 3012 3178 3065 τὸ
3211 3011 3405 3082 μνῆμα
3431 3006 3610 3081 ἦλθον,
3647 3001 3727 3072 φέ-

2165 3122 2354 3176 ρουσαι
2403 3107 2439 3160 ἃ
2481 3107 2782 3177 ἡτοίμασαν
2833 3104 3130 3175 ἀρώματα⁸
3181 3101 3346 3176 εὖρον
3395 3104 3452 3156 δὲ
3481 3102 3570 3155 τὸν
3600 3095 3730 3150 λίθον

2161 3195 2656 3266 ἀποκεκυλισμένον
2691 3195 2798 3248 ἀπὸ
2830 3195 2924 3248 τοῦ
2975 3195 3266 3265 μνημείου.
3315 3197 3380 3248 '0
3415 3191 3610 3259 ,ϐαθὺς
3643 3185 3728 3252 ὅρο

2161 3290 2299 3354 θρος
2330 3287 2478 3353 ἴσως
2507 3285 3104 3356 προϋποταινομένην
3127 3287 3329 3354 αὐτὴν
3365 3283 3616 3353 ἑωθινὴν
3634 3282 3732 3350 ἐμ-

2160 3374 2385 3444 φανίζει
2430 3377 2540 3445 τῆς
2565 3377 2705 3446 μιᾶς
2743 3375 2864 3429 τῶν
2901 3373 3240 3440 Σαϐϐάτων,
3278 3375 3380 3429 διὰ
3417 3374 3524 3428 τοῦ
3551 3387 3732 3442 παρφ-

2159 3469 2419 3536 χηκότος
2466 3467 2582 3536 ἤδη
2625 3469 2867 3533 τελείως
2907 3466 3030 3520 σὺν
3068 3467 3146 3536 τῇ
3194 3469 3329 3536 μετ’
3374 3465 3522 3520 αὐτὸ
3577 3459 3735 3518 νυκτί

2159 3559 2328 3627 πάσῃ
2361 3559 2466 3613 τοῦ
2503 3558 2828 3623 Σαϐϐάτου,
2861 3558 2958 3612 καὶ
2990 3557 3198 3626 ἐτέρας
3232 3557 3576 3627 ἀρχομένης
3609 3550 3736 3621 M-

2151 3667 2286 3717 ρας,
2329 3645 2521 3719 ἦλθον
2562 3651 2634 3704 τὰ
2673 3649 2948 3720 ἀρώματα
2976 3649 3074 3702 καὶ
3121 3648 3192 3702 τὰ
3231 3649 3402 3717 μῦρα
3431 3646 3736 3716 φέρουσαν

2159 3741 2257 3796 ὅτε
2289 3739 2480 3809 δῆλον
2506 3741 2586 3808 ὡς
2613 3743 2951 3809 ἀνειστήκει
2978 3740 3088 3808 πρὸ
3120 3742 3384 3796 πολλοῦ.
3409 3743 3598 3803 Τούτῳ
3617 3753 3738 3791 κατ⁸

2157 3833 2479 3888 ακολουθεῖ
2506 3835 2603 3888 καὶ
2637 3836 2669 3887 ὀ
2698 3831 2942 3900 Μάρκος
2979 3831 3204 3902 λέγων·
3247 3832 3564 3904 Ἠγόρασαν
3613 3826 3742 3900 ἀρώο

2164 3941 2309 3994 ματα
2339 3924 2428 3978 ῐνα
2475 3923 2726 3977 ἐλθοῦσαι
2754 3922 3047 3992 ἀλείψωσιν
3080 3921 3263 3976 αὐτόν.
3313 3924 3428 3976 Καὶ
3465 3921 3584 3974 λίαν
3613 3915 3741 3990 πρωῒ

2159 4014 2260 4084 τῆς
2289 4016 2418 4084 μιᾶς
2444 4013 2738 4068 Σαϐϐάτων
2767 4013 3013 4084 ἔρχονται
3037 4011 3129 4064 ἐπλ⁸
3154 4011 3216 4065 τὸ
3251 4015 3522 4085 μνημεῖον
3550 4008 3743 4064 ἀνατεί-

2159 4104 2350 4168 λαντος
2381 4104 2472 4158 τοῦ
2503 4105 2673 4176 ἡλίου.
2711 4105 2845 4159 Δίαν
2868 4105 2986 4174 μὲν
3010 4104 3123 4174 γὰρ
3159 4104 3313 4176 πρωῒ
3340 4106 3442 4160 καὶ
3478 4100 3655 4168 οὗτος
3673 4095 3743 4154 εἷ-

2161 4211 2276 4251 πεν
2304 4235 2319 4262 ,
2369 4197 2514 4266 ὅπερ
2546 4197 2766 4251 ταύτόν
2807 4196 2938 4249 ἐστι
2990 4194 3072 4262 τῷ
3123 4195 3323 4266 βαθέος
3380 4196 3615 4269 ὄρθρου,
3657 4191 3745 4244 καὶ

2159 4287 2495 4357 ἐπήγαγεν,
2541 4287 2920 4349 ἀνατείλαντος
2963 4285 3058 4339 τοῦ
3099 4285 3277 4356 ἡλίου.
3341 4287 3412 4342 Ἦ
3449 4285 3570 4356 μὲν
3596 4281 3736 4352 ὀρμὴ

2161 4378 2258 4432 καὶ
2280 4380 2318 4447 ἡ
2355 4379 2494 4444 όδὸς
2522 4377 2738 4444 αὐτῶν,
2767 4376 2962 4445 δῆλον
2997 4378 3079 4443 ὡς
3112 4376 3336 4445 ὄρθρου
3364 4377 3616 4444 βαθέος,
3659 4373 3748 4429 καὶ

487 4466 735 4520 lwtitiam
759 4463 822 4518 ob
852 4464 1066 4519 Domini
1096 4466 1267 4519 nostri
1289 4481 1320 4516 a
1354 4465 1574 4518 mortuis
1603 4467 2054 4522 resurrectionem.

2161 4470 2304 4523 λίαν
2331 4468 2483 4538 πρωῒ
2509 4469 2832 4536 κατήρχθη.
2867 4466 3232 4536 Παρέτειναν
3260 4467 3334 4521 δὲ
3365 4467 3522 4522 κατά
3559 4483 3620 4520 τε
3648 4463 3748 4530 τὴν

493 4555 592 4608 Eos
617 4557 826 4626 quidem
854 4557 944 4625 qui
989 4557 1212 4608 nimium
1239 4555 1512 4624 festinant,
1557 4565 1608 4609 et
1665 4567 1786 4610 ante
1825 4560 2054 4612 mediam

487 4656 692 4700 noctem
747 4655 993 4714 surgunt,
1025 4654 1080 4698 ut
1131 4655 1509 4715 contemptores
1559 4657 1607 4700 et
1655 4648 2056 4720 intemperantes

488 4738 936 4806 rrprehendimus,
982 4745 1039 4789 ut
1084 4737 1174 4805 qui
1218 4738 1592 4806 propemodum
1631 4751 1911 4810 antequam
1959 4759 2059 4812 par

486 4831 574 4890 sit,
608 4844 822 4882 cursum
868 4829 1195 4895 abruperint,
1225 4829 1428 4882 dicente
1477 4831 1587 4884 viro
1643 4833 2052 4902 sapiente:Non

487 4935 677 4988 parum
711 4925 796 4973 est
841 4917 896 4972 in
953 4917 1084 4981 vita,
1124 4916 1268 4988 quod
1301 4933 1490 4988 parum
1515 4920 1686 4976 abest.
1742 4921 1847 4976 Eos
1879 4933 2056 4977 autem

485 5012 574 5080 qui
599 5010 875 5077 differunt,
907 5021 956 5062 et
981 5007 1267 5078 plurimum
1298 5011 1588 5080 perferunt,
1619 5025 1668 5066 et
1703 5014 1774 5066 ad
1803 5024 2052 5083 quartam

487 5119 648 5172 usque
679 5101 916 5172 vigiliam
950 5101 1158 5170 fortiter
1194 5101 1476 5168 abstinent,
1505 5105 1557 5158 in
1583 5121 1688 5175 qua
1715 5108 1888 5160 etiam
1906 5107 2055 5160 navi-

487 5193 730 5257 gantibus
766 5191 1018 5248 Servator
1037 5204 1215 5249 noster
1235 5195 1290 5248 in
1313 5197 1450 5249 mari
1480 5196 1757 5252 ambulans
1781 5200 2051 5267 apparuit,

489 5291 543 5333 ut
582 5295 863 5352 generosos
885 5292 936 5337 et
959 5283 1192 5336 laborum
1217 5281 1498 5338 tolerantes
1528 5288 1867 5355 suscipimus.
1903 5289 1954 5358 3
1981 5288 2056 5346 Iis

487 5383 656 5426 autem
698 5375 788 5442 qui
835 5375 1038 5428 interea
1067 5385 1119 5426 ut
1164 5375 1294 5427 moti
1317 5384 1465 5442 sunt,
1523 5375 1605 5432 uel
1631 5388 1688 5433 ut
1743 5387 2054 5449 potuerunt,

487 5466 780 5531 quiescunt,
824 5481 928 5520 non
956 5465 1108 5520 valde
1145 5466 1349 5522 molesti
1381 5468 1547 5524 simus
1577 5485 1596 5523 :
1627 5471 2054 5541 quandoquidem

488 5571 576 5608 nec
597 5557 1030 5626 sexjejuniorum
1067 5558 1178 5612 dies
1207 5559 1500 5628 trqualiter,
1534 5577 1627 5613 nec
1655 5561 1906 5615 similiter
1939 5578 2052 5615 om-

586 5739 600 5768 ¹
628 5741 816 5798 Matth.
855 5761 1037 5799 xrvm.
1077 5745 1186 5800 l-G.
1288 5749 1306 5777 ⁸
1336 5746 1488 5800 Joan.
1533 5763 1622 5816 xx,
1659 5749 1707 5804 l.

1813 5749 1831 5780 ³
1860 5749 1989 5805 Luc.
2029 5768 2160 5807 unt
2183 5794 2196 5820 ,
2230 5753 2330 5820 5'6;
2367 5769 2522 5820 xxiv,
2554 5753 2603 5819 l,
2631 5751 2684 5808 2.

2160 4561 2408 4630 πορείαν
2441 4559 2538 4612 καὶ
2587 4560 2718 4626 περὶ
2759 4559 2822 4612 τὸ
2855 4558 3150 4628 μνημεῖον
3187 4557 3618 4627 διατρίϐουσιιι
3656 4553 3749 4626 μέ-

2160 4669 2294 4720 χρις
2323 4647 2626 4718 ἀνατολῆς
2645 4648 2854 4716 ήλίοιν
2890 4649 2987 4702 καὶ
3016 4647 3176 4717 λέγει
3211 4650 3320 4703 καὶ
3349 4651 3490 4703 τότε
3517 4649 3751 4705 ταύταις

2161 4745 2194 4795 ὁ
2251 4740 2574 4806 νεανίσκος
2630 4741 2664 4792 ό
2721 4740 3082 4808 λευχείμων·
3153 4741 3429 4812 Ἠγέρθη,
3459 4740 3563 4794 οὐκ
3610 4737 3748 4792 ἐστιν

2161 4827 2282 4888 ὧδε.
2319 4835 2548 4888 Τούτων
2585 4831 2774 4897 οὕτως
2808 4831 3106 4900 ἐχόντων,
3144 4833 3328 4887 τοῦτο
3357 4833 3490 4900 τοῖς
3529 4831 3751 4899 ἀκριϐο-

2159 4924 2546 4995 λογουμένοις
2589 4923 3038 4992 ἀποφαινόμεθα
3080 4923 3232 4978 κατὰ
3285 4924 3478 4979 ποίαν
3525 4922 3682 4992 ὤραν
3713 4917 3749 4987 ἢ

2155 5017 2252 5072 καὶ
2297 5017 2471 5070 ποῖον
2513 5014 2796 5084 ήμιώριον
2847 5014 2886 5082 ἢ
2920 5013 3078 5083 ὥρας
3121 5014 3420 5084 τέταρτον
3469 5017 3750 5084 ἄρχεσθαι

2155 5107 2425 5179 προσῆκε
2449 5105 2561 5175 τῆς
2591 5105 2692 5159 ἐπὶ
2727 5104 2805 5175 τῇ
2833 5105 2941 5160 τοῦ
2969 5108 3191 5176 Κυρίου
3217 5108 3403 5178 ἡμῶν
3431 5111 3505 5164 ἐκ
3529 5105 3750 5177 νεκρῶν

2154 5199 2486 5256 ἀναστάσει
2520 5196 2726 5267 χαρᾶς.
2775 5198 2920 5264 Τοὺς
2947 5196 3065 5267 μὲν
3089 5199 3234 5252 λίαν
3263 5200 3750 5270 ἐπιταχύναντας

2155 5293 2255 5347 καὶ
2282 5291 2393 5360 πρὸ
2422 5289 2642 5356 νυκτὸς
2667 5290 2849 5360 ἐγγὺς
2872 5289 2992 5359 ἤδη
3007 5291 3328 5360 μεσούσης
3351 5292 3657 5358 ἀνιέντας,
3677 5289 3753 5356 ὡς

2159 5382 2479 5452 ὀλιγώρους
2511 5379 2609 5434 καί
2627 5379 2921 5448 ἀκρατεῖς,
2946 5383 3323 5451 μεμφόμεθα,
3361 5384 3447 5450 ὡς
3475 5383 3615 5454 παρ’
3641 5382 3754 5436 ὀλί-

2158 5491 2267 5544 γον
2309 5473 2838 5548 προκαταλύοντας
2869 5473 2977 5527 τὸν
3009 5472 3254 5542 δρόμον,
3299 5474 3601 5545 λέγοντος
3647 5473 3753 5529 ἀν-

2157 5564 2299 5634 δρὸς
2328 5565 2558 5635 σοφοῦο
2615 5567 2690 5618 Οὐ
2747 5566 2940 5637 μικρὸν
2986 5568 3046 5619 ἐν
3095 5566 3192 5636 βίῳ
3219 5565 3290 5618 τὸ
3345 5568 3506 5640 παρὰ
3539 5563 3750 5640 μικρόν.

2783 5751 2804 5784 ³
2833 5749 2998 5807 Marc.
3033 5767 3118 5806 xvr
3145 5793 3157 5818 ,
3190 5751 3242 5812 l,
3277 5753 3336 5820 2,
3372 5754 3428 5808 6.
