3944 6398
438 372 552 436 483

1734 384 2006 449 'IIlELlD.
2054 388 2139 446 BA
2152 389 2283 448 LSA
2297 390 2450 449 MUN

3556 407 3648 471 484

456 516 590 556 rare
621 518 726 555 non
763 503 1023 557 debemus
1052 519 1148 556 nec
1177 503 1436 572 jejunium
1472 505 1699 570 solvere,
1736 523 1802 560 ne
1829 508 2010 561 vidca-

2121 510 2349 574 στεύειν,
2405 513 2521 565 οὐδὲ
2573 515 2968 582 άπονηστίξειν,
3004 518 3088 569 ἵνα
3143 517 3216 588 μὴ
3252 518 3473 589 δόξωμεν
3506 522 3645 578 ἐναν-

456 609 582 647 mur
615 608 921 663 repugnare
956 596 1260 650 canonibus
1292 596 1386 663 qui
1425 605 1671 651 statuunt
1702 613 1800 653 nos
1826 599 2015 655 diebus

458 682 757 739 Dominicis
787 700 893 739 non
922 686 1121 739 debere
1153 686 1421 755 jejunare.
1454 686 1567 741 Etsi
1599 689 1740 742 enim
1769 690 1884 744 dies
1911 698 2015 743 ter-

456 774 564 827 tius
618 783 901 843 reputetur
928 774 1264 841 Dominicus,
1303 777 1475 831 solum
1521 787 1696 831 tamen
1731 793 2014 848 propterea

456 866 599 930 quod
645 865 806 918 trium
847 866 1053 919 dierum
1095 868 1421 921 resurrectio
1448 883 1572 921 eum
1626 869 1871 937 attingat,
1905 879 2015 924 ter-

459 956 567 1008 tius
621 956 820 1009 dicitur
848 972 860 1007 :
888 965 970 1009 est
1010 956 1154 1009 enim
1191 957 1417 1025 primus.
1460 957 1521 1010 Et
1554 958 1622 1012 89
1671 973 1934 1030 can.syn.
1960 962 2013 1015 in

461 1042 646 1097 Trullo
671 1045 1069 1111 convenienter,
1097 1044 1213 1107 die,
1240 1054 1362 1099 ante
1394 1046 1579 1099 horam
1604 1047 1885 1114 septimam
1920 1063 2015 1100 no-

458 1135 635 1187 cturni
671 1133 893 1187 Sahbati
923 1135 1121 1188 debere
1143 1151 1243 1189 nos
1267 1134 1534 1204 jejunium
1562 1137 1770 1190 solvere
1802 1137 1853 1189 in
1878 1154 2015 1205 qua-

456 1239 670 1291 cunque
702 1225 833 1278 hora
863 1225 1093 1278 voluerit
1132 1225 1399 1293 quispiam
1436 1240 1500 1279 ex
1550 1241 1642 1279 sex
1687 1226 1874 1294 primis
1921 1227 2016 1279 hoc

456 1311 552 1373 ris,
588 1313 748 1381 idque
788 1314 1011 1367 omnino
1043 1329 1110 1367 ex
1160 1314 1334 1367 libera
1389 1314 1818 1383 uniuscujusque
1864 1324 2017 1384 pote-

456 1409 594 1455 state
621 1408 675 1456 et
699 1404 945 1458 arbitrio.

534 1488 959 1559 ﬁZONAnJluie
1024 1491 1435 1561 interrogationi
1477 1494 1764 1562 respondet
1823 1493 1868 1547 is
1926 1496 2015 1548 cui

456 1580 733 1647 proposita
798 1581 1148 1651 interrogatio
1207 1590 1289 1636 est
1346 1599 1362 1635 :
1413 1582 1707 1638 Postulasti
1774 1584 2014 1638 sedulam

457 1669 660 1738 imponi
708 1670 901 1739 legem,
930 1672 1034 1726 hoc
1062 1680 1163 1738 est,
1213 1673 1453 1742 regulam
1509 1668 1848 1741 formamque
1875 1688 2013 1742 pree-

457 1760 660 1823 scribi,
708 1776 772 1814 ac
811 1762 1049 1815 adhibita
1087 1763 1365 1832 diligentia
1408 1764 1540 1817 certi
1591 1763 1797 1832 aliquid
1848 1764 2012 1817 statui

456 1854 525 1908 de
559 1854 691 1908 hora
724 1852 1017 1908 Domiuiea?
1049 1857 1495 1922 resurrectionis;
1527 1857 1673 1923 quod
1702 1855 1923 1925 quidem
1956 1864 2009 1910 et
2043 1837 2083 1890 Β

454 1946 667 2000 dillieile
703 1955 785 2001 est
836 1959 889 2000 et
938 1947 1205 2001 lubricum
1234 1967 1247 2002 :
1277 1948 1742 2017 quandoquidem,
1777 1957 1897 2017 post
1918 1964 2012 2002 ex-

453 2038 676 2091 citatum
703 2053 734 2091 a
761 2038 990 2093 mortuis
1020 2039 1308 2093 Dominum
1340 2040 1752 2095 resurrectionis
1779 2040 2001 2094 celebri-

455 2132 616 2179 tatem
675 2126 921 2180 inchoari
956 2136 1184 2196 oportet,
1219 2128 1501 2197 hucusque
1531 2129 1862 2198 jejunantes,
1893 2130 2012 2183 ani-

452 2213 637 2280 mique
662 2214 767 2268 hoc
804 2225 961 2284 pacto
986 2216 1368 2271 demissionem
1394 2227 1667 2273 curantes.
1698 2217 1753 2271 In
1773 2234 1836 2273 ea
1860 2235 2012 2273 nam-

450 2318 559 2371 que
608 2318 729 2371 qua:
778 2320 875 2372 per
905 2306 1170 2374 jejunium
1214 2315 1296 2361 est
1348 2309 1590 2377 corporis
1646 2309 2009 2377 afﬂictatione,

452 2392 620 2446 animi
652 2394 910 2449 demissio
934 2397 1226 2465 quaeritur;
1262 2408 1321 2451 ut
1373 2399 1603 2467 proinde
1628 2401 1672 2454 si
1705 2401 1899 2455 elatior
1939 2403 2009 2457 sit

341 2499 353 2507 ·
449 2482 744 2552 jejunantis
791 2486 1025 2551 animus,
1059 2488 1271 2541 irritum
1314 2503 1433 2543 esse
1473 2490 1741 2560 jejunium
1770 2493 2010 2548 omnium

451 2575 797 2631 confessione
834 2577 1131 2646 judieetur.
1170 2577 1400 2649 Subjicit
1426 2582 1617 2635 deinde
1648 2600 1662 2637 :
1692 2581 2013 2653 Quicunque

452 2666 518 2719 ad
553 2667 862 2736 sepulcrum
913 2679 1039 2722 sunt
1086 2669 1335 2738 profecti.
1364 2687 1457 2725 eos
1501 2671 1607 2739 iam
1656 2673 1947 2727 excitatum
1980 2690 2008 2727 a

450 2758 685 2811 mortuis
720 2756 1008 2812 Dominum
1062 2761 1383 2827 reperiisse;
1421 2778 1592 2830 neque
1622 2763 1906 2829 dissidere,
1938 2764 2014 2817 in-

448 2848 588 2914 quit,
626 2862 689 2901 ac
720 2849 820 2901 sibi
854 2849 1082 2903 invicem
1126 2852 1398 2906 adversari
1450 2855 1812 2923 evangelistas
1860 2856 2010 2909 arbi-

451 2948 678 3002 tremur,
726 2940 871 3008 quod
926 2957 1048 2994 cum
1100 2944 1286 2996 eadem
1340 2952 1495 2997 nocte
1550 2944 2012 3001 Dominum'sur-

450 3026 659 3081 rexisse
694 3028 968 3081 communi
1014 3044 1282 3084 consensu
1328 3031 1561 3096 tradant,
1591 3050 1826 3101 quanam
1877 3036 2010 3089 hora

453 3118 712 3180 surrexit,
747 3119 929 3171 minus
973 3119 1251 3186 explorate
1306 3122 1567 3176 indicant.
1608 3122 1743 3175 Tum
1782 3124 2010 3191 ipsumet
2037 3157 2078 3213 C

452 3207 636 3271 verba,
673 3208 756 3262 vel
788 3209 967 3277 potius
1004 3211 1153 3265 locos
1207 3211 1501 3282 Scriptura:
1532 3213 1757 3282 profert,
1799 3213 1851 3265 in
1886 3215 2005 3282 qui-

452 3298 556 3352 bus
579 3298 1028 3368 evangelistarum
1062 3301 1287 3370 quilibet
1314 3303 1380 3356 de
1408 3303 1809 3357 resurrectione
1827 3302 2009 3356 Domi-

451 3389 574 3443 niea
604 3389 869 3458 loquitur,
904 3406 966 3446 ae
994 3407 1112 3447 eam
1146 3408 1266 3463 quae
1311 3394 1450 3448 inter
1477 3394 1625 3464 ipsos
1655 3394 1869 3448 videtur
1895 3409 2012 3448 esse

451 3480 872 3551 discrepantiam
919 3486 1217 3554 componit.
1258 3485 1435 3554 Atque
1482 3486 1547 3539 ad
1584 3486 1699 3539 haec
1725 3503 1736 3538 :
1763 3483 1862 3550 Qui
1891 3485 2012 3555 qui-

451 3569 574 3625 dem
619 3581 744 3626 ante
786 3573 962 3628 noctis
983 3575 1219 3629 medium
1273 3576 1493 3631 solvunt
1522 3576 1814 3645 jejunium,
1845 3577 2010 3631 veluti

452 3670 855 3732 contemptores
924 3666 1456 3737 intemperantesque
1527 3668 2009 3737 reprehendimus,

455 3753 652 3823 quippe
700 3757 954 3826 exiguum
987 3759 1053 3813 ad
1083 3767 1295 3829 tempus
1342 3757 1537 3828 jejuuii
1570 3773 1791 3813 cursum
1818 3760 2013 3814 dissol-

453 3854 622 3911 vunt;
649 3846 739 3915 qui
761 3863 887 3901 vero
906 3849 971 3901 ad
997 3859 1246 3918 quartam
1273 3865 1444 3920 usque
1476 3851 1737 3920 vigiliam,
1775 3851 1877 3905 hoc
1908 3860 2011 3915 est,

452 3937 781 3991 matutinum
831 3945 1042 4008 tempus
1082 3939 1291 3995 fortiter
1349 3934 1644 4005 abstinent,
1676 3957 1771 3995 eos
1817 3942 2015 4009 proba-

452 4041 613 4082 mus:
636 4028 679 4082 si
712 4029 802 4095 qui
837 4045 966 4083 vero
997 4042 1119 4099 post
1151 4031 1384 4086 mediam
1420 4041 1634 4086 noctem
1671 4035 2012 4099 quieverunt,

453 4118 557 4175 hoc
581 4127 664 4174 est
689 4120 1029 4174 atllietionem
1052 4136 1113 4175 ex
1146 4122 1354 4191 jejunio
1383 4121 1677 4191 profectam
1707 4130 1765 4174 ut
1796 4126 2017 4190 potuere

454 4211 907 4279 sodaverunt,iis,
929 4212 1122 4281 inquit,
1152 4212 1286 4267 nihil
1311 4213 1520 4267 molesti
1549 4212 1752 4280 simus;
1783 4213 2016 4278 boeest,

454 4301 590 4355 nihil
627 4308 711 4356 est
749 4304 894 4371 quod
925 4316 1042 4369 eos,
1076 4303 1204 4371 quia
1241 4317 1346 4357 non
1384 4304 1449 4356 ad
1490 4303 1810 4356 matutinum
1848 4319 2019 4373 usque

455 4400 670 4460 tempus
690 4392 1121 4460 perduraverint,
1147 4408 1497 4447 accusemus:
1523 4393 1650 4461 quia
1682 4408 1774 4447 sex
1804 4409 2018 4462 quoque

2116 600 2359 654 τιοῦσθαι
2395 606 2503 665 τοῖς
2529 605 2712 657 κανόσι
2746 608 2856 669 τοῖς
2886 607 3268 678 διοριζομένοις
3300 610 3431 663 κατὰ
3460 611 3548 675 τάς
3565 631 3645 667 κυι

2120 691 2418 760 ριωνύμους
2444 694 2515 762 μὴ
2547 694 2825 762 νηστεύειν
2847 698 3012 766 ἡμᾶς.
3045 698 3161 750 Κάν
3188 700 3292 770 γάρ
3312 701 3459 770 τρίτη
3486 702 3646 771 ἡμέρα

2115 781 2448 853 λογίζηταιή
2492 784 2848 856 κυριώνυμος,
2884 787 2995 840 ἀλλ’
3028 790 3106 851 είς
3143 790 3297 859 μόνον
3335 791 3393 843 τὸ
3434 793 3650 861 ἅψασθαι

2114 869 2317 939 ταύτης
2363 872 2459 941 τὴν
2491 873 2784 942 τριήμερον
2833 876 3144 939 ἀνάστασιν,
3180 876 3443 944 λογίζεται
3486 878 3646 950 τρίτη·

2118 960 2303 1032 πρώτη
2334 964 2439 1033 γάρ
2487 964 2600 1015 ἑστι
2623 981 2634 992 ·
2666 966 2757 1017 καὶ
2789 965 3093 1029 ἀκολούθως
3130 966 3206 1036 τῷ
3240 967 3324 1020 πθ¹
3356 969 3529 1021 κανόνι
3564 970 3651 1038 τῆς

2116 1052 2172 1101 ἑν
2204 1051 2276 1120 τῷ
2309 1052 2559 1122 Τρούλλῳ
2591 1055 2824 1115 συνόδου,
2860 1055 2980 1123 λέγε
3012 1057 3116 1126 πρὸ
3149 1058 3244 1126 τῆς
3278 1057 3499 1128 ἑϐδόμης
3521 1056 3653 1128 ὧρας

2114 1140 2207 1192 τοῦ
2236 1142 2543 1210 νυκτερινοῦ
2578 1144 2851 1197 Σαϐϐάτου
2879 1147 3110 1214 ὀφείλειν
3152 1148 3295 1216 ἡμᾶς
3322 1148 3655 1218 ἀπονηστίζε·⁸

2118 1229 2239 1283 σθαι
2269 1232 2325 1283 ἑν
2360 1233 2447 1302 οἵᾳ
2476 1231 2593 1304 ὥρᾳ
2626 1233 2835 1304 θελήσει
2877 1253 2959 1298 τις
2991 1237 3098 1289 τῶν
3132 1237 3192 1302 ἓξ
3233 1237 3457 1307 πρώτων
3492 1238 3654 1307 ὡρῶν,

2118 1320 2331 1383 πάντως
2368 1323 2508 1375 κατὰ
2535 1323 2629 1393 τὴν
2661 1326 2866 1378 οἰκείαν
2902 1326 3124 1396 δύναμιν
3159 1328 3252 1380 καὶ
3287 1327 3607 1398 προαίρεσιν.

2185 1500 2424 1552 ΖΩΝΑΡ.
2468 1501 2611 1572 Πρὸς
2641 1502 2700 1555 τὸ
2735 1503 2992 1574 ἐρώτημα
3020 1504 3174 1557 τοῦτο
3216 1506 3378 1576 φησὶν
3418 1508 3445 1558 ό
3472 1507 3661 1576 ἑρωτηυ

2115 1588 2247 1651 θεὶς,
2277 1589 2375 1640 ὅτιο
2414 1588 2709 1660 Ἑξῄτησας
2730 1592 2931 1663 ἀκριϐῆ
2967 1594 3091 1662 ὅρον
3135 1593 3464 1661 ἐπιτεθῆναι,
3505 1593 3659 1663 ῆγουν

2116 1681 2315 1734 κανόνα
2340 1682 2433 1734 καὶ
2463 1682 2628 1735 τύπον
2649 1684 2949 1753 ὁρισθῆναι,
2987 1686 3079 1737 καὶ
3107 1684 3501 1754 σαφηνισθῆναι
3522 1687 3665 1754 ἀκρι-

2116 1768 2223 1833 ϐῶς
2257 1770 2352 1840 τὴν
2410 1770 2557 1843 ὤραν
2599 1774 2694 1843 τῆς
2736 1774 3084 1838 ἀναστάσεως
3130 1775 3221 1827 τοῦ
3272 1775 3498 1845 Κυρίου,
3544 1776 3666 1845 ὅπερ
3747 1771 3753 1775 ’

2113 1858 2205 1910 καὶ
2231 1858 2481 1912 δύσκολον
2519 1860 2613 1912 καὶ
2656 1861 2918 1931 σφαλερόν
2952 1865 3096 1915 ἐστιν
3117 1880 3129 1893 ·
3165 1864 3246 1916 ὅτι
3285 1864 3384 1933 μὲν
3413 1864 3515 1934 γὰρ
3544 1863 3667 1933 μετὰ

2112 1948 2171 2001 τὸ
2194 1948 2489 2019 ἀναστῆναι
2520 1950 2611 2004 τὸν
2642 1951 2844 2022 Κύριον
2874 1952 2970 2021 τῆς
2994 1954 3185 2022 ἑορτῆς
3213 1954 3313 2023 τῆς
3339 1954 3668 2013 ἀναστάσεως

2112 2038 2372 2110 ἄρχεσθαι
2405 2040 2504 2102 δεῖ,
2539 2041 2643 2104 ἓως
2677 2041 2864 2094 τούτου
2908 2030 3303 2115 νηστεύοντας,
3330 2043 3424 2095 καὶ
3464 2042 3555 2106 τὰς
3580 2042 3671 2111 ψυ-

2111 2130 2210 2201 χάς
2241 2132 2410 2194 οὕτως
2447 2133 2830 2197 ταπεινοῦντας
2899 2135 2961 2185 Ἦ
3007 2136 3116 2206 γάρ
3157 2134 3244 2187 διὰ
3296 2134 3393 2204 τῆς
3435 2134 3672 2204 νηστείας

2110 2221 2435 2287 ταπείνωσις
2464 2223 2556 2276 τοῦ
2593 2223 2862 2294 σώματος,
2894 2224 2979 2277 διὰ
3009 2224 3106 2295 τὴν
3142 2226 3241 2295 τῆς
3278 2226 3455 2296 ψυχῆς
3492 2228 3670 2307 ἐπιτη-

2110 2313 2321 2367 δεύεται
2353 2315 2675 2367 ταπείνωσιν
2697 2332 2709 2344 ·
2757 2316 2832 2379 ὡς
2862 2318 2972 2384 εῖγε
3011 2317 3302 2387 ἐπηρμένη
3350 2315 3433 2385 εἴη
3467 2315 3557 2368 τοῦ
3584 2332 3671 2385 νη-

2113 2404 2390 2470 στεύοντος
2441 2408 2473 2476 ἡ
2517 2406 2682 2478 ψυχὴ,
2737 2407 2940 2477 ματαία
2992 2409 3024 2478 ἡ
3075 2408 3301 2479 νηστεία
3354 2407 3492 2470 ἑστι,
3530 2402 3675 2458 τοῦτο

2111 2495 2554 2566 ὁμολογούμενον.
2616 2496 2839 2563 Ἐπάγει
2885 2494 2941 2547 δὲ
2974 2496 3057 2548 ὅτι
3104 2496 3218 2548 ὅσοι
3270 2494 3410 2567 πρὸς
3452 2495 3511 2547 τὸ
3551 2510 3676 2563 μνη-

2116 2589 2263 2658 μεῖον
2292 2586 2551 2658 ἀπῆλθον,
2580 2587 2888 2641 ἀναστάντα
2916 2587 3014 2658 ήδη
3041 2581 3198 2658 εὗρον
3226 2588 3319 2640 τὸν
3352 2582 3550 2656 Κύριον
3569 2601 3581 2614 ·
3608 2582 3675 2655 μὴ

2110 2678 2415 2747 διαφωνεῖν,
2448 2679 2600 2746 φησι,
2634 2678 2727 2731 καὶ
2757 2677 3131 2733 ἐναντιοῦσθαι
3165 2677 3421 2748 ἀλλήλοις
3453 2675 3677 2745 δόξωμεν

2109 2768 2236 2829 τοὺς
2268 2768 2673 2835 εὐαγγελιστάς,
2708 2769 2791 2821 δτι
2822 2767 3241 2838 συμφωνοῦντες
3284 2769 3411 2839 περὶ
3438 2769 3533 2837 τῆς
3558 2767 3678 2818 ἀνα·-

2113 2857 2351 2921 στάσεως
2384 2858 2457 2920 ὡς
2482 2859 2538 2911 ἐν
2569 2858 2748 2930 ζεκείνη
2778 2861 2842 2929 τῇ
2873 2860 3029 2911 νυκτὶ
3058 2857 3149 2910 τοῦ
3179 2860 3397 2930 Κυρίου
3429 2855 3679 2911 ἀναστάν-

2112 2966 2221 3013 τος,
2267 2948 2363 3020 τὴν
2401 2948 2548 3020 ὥραν
2589 2949 2711 3002 καθ’
2745 2950 2810 3020 ἣν
2842 2949 3041 3019 ἀνέστη
3082 2948 3274 3014 σαφῶς
3318 2949 3378 3001 οὐ
3422 2948 3677 3015 λέγουσιν.

2112 3037 2246 3095 Εἶτα
2289 3041 2381 3094 καὶ
2412 3041 2549 3094 αύτά
2576 3040 2643 3093 τὰ
2688 3039 2973 3112 ῥήματαῆ
3026 3039 3225 3111 μᾶλλον
3267 3039 3338 3092 τά
3377 3038 3551 3111 χωρία
3592 3035 3680 3107 τῆς

2111 3132 2332 3203 Γραφῆς
2360 3130 2604 3202 τίθησιν,
2635 3132 2733 3183 ὅσα
2771 3132 3000 3193 ἕκαστος
3039 3130 3145 3184 τῶν
3174 3129 3574 3200 εὐαγγελιστῶν
3599 3125 3681 3180 λέ-

2110 3243 2196 3294 γει
2222 3225 2347 3296 περὶ
2370 3226 2467 3296 τῆς
2492 3223 2841 3285 ἀναστάσεως
2863 3223 2957 3275 τοῦ
2982 3223 3210 3294 Κυρίου,
3243 3225 3338 3288 καὶ
3370 3216 3681 3294 σμμϐιϐάζει

2110 3313 2205 3384 τὴν
2256 3312 2514 3365 δοκοῦσαν
2569 3312 2863 3380 διαφωνίαν
2919 3312 3114 3364 αὐτῶν.
3172 3314 3287 3365 Καὶ
3337 3313 3430 3365 ἐπὶ
3487 3310 3684 3371 τούτοις

2110 3404 2235 3466 τοὺς
2268 3403 2364 3473 μὲν
2398 3401 2505 3473 πρὸ
2530 3401 2622 3454 τοῦ
2657 3400 3008 3472 μεσονυκτίου
3043 3400 3271 3465 λύοντας
3302 3400 3400 3471 τὴν
3422 3399 3684 3472 νηστείαν,

2111 3494 2183 3557 ὡς
2209 3481 2501 3564 όΐιγὼρούς
2529 3494 2621 3547 καὶ
2645 3494 2920 3565 ἀκρατεῖς,
2954 3493 3104 3563 φησὶ,
3132 3510 3197 3563 με
3206 3492 3490 3564 μφόμεθα,
3525 3490 3596 3553 ὡς
3624 3487 3688 3542 δι’

2112 3583 2296 3654 ὀλίγην
2323 3582 2469 3655 ὥραν
2514 3583 2603 3637 τὸν
2633 3582 2829 3653 δρόμον
2868 3580 2966 3649 τῆς
3005 3581 3259 3650 νηστείας
3296 3577 3683 3638 καταλύοντας

2113 3673 2237 3737 τοὺς
2266 3672 2321 3725 δὲ
2360 3672 2516 3743 μέχρι
2543 3671 2803 3743 τετάρτης
2825 3670 3090 3740 φυλακῆς,
3120 3670 3240 3740 ἦτοι
3274 3670 3476 3741 όρθρου
3501 3669 3691 3735 ἐγκαρ-

2112 3765 2402 3836 τεροῦντας
2438 3763 2830 3834 ἀποδεχόμεθα.
2875 3764 2939 3817 Et
2978 3763 3033 3815 δέ
3065 3779 3210 3824 τινες
3264 3762 3408 3833 μετὰ
3445 3760 3504 3813 τὸ
3541 3773 3690 3831 μεσο-

2114 3856 2328 3910 νύκτιον
2375 3855 2773 3918 ἀνεπαύσαντο,
2824 3855 2988 3925 ῆγουν
3032 3853 3129 3923 τὴν
3186 3851 3567 3906 κακοπάθειαν
3599 3845 3689 3917 τὴν

2117 3949 2180 4000 ὲκ
2225 3947 2322 4017 τῆς
2364 3947 2618 4017 νηστείας
2662 3945 2903 3997 ἔπαυσαν
2948 3944 3023 4007 ὡς
3064 3943 3436 4014 ἢδυνήθησαν,
3471 3938 3688 3998 τούτοις,

2118 4034 2272 4105 φησὶ,
2306 4035 2378 4105 μὴ
2408 4033 2709 4104 ἐνοχλῶμεν
2744 4033 2886 4102 (ἀντὶ
2908 4022 3025 4097 τοῦ,
3060 4031 3133 4102 μὴ
3161 4032 3246 4085 ὅτι
3282 4033 3393 4094 ἕως
3429 4026 3571 4100 πρωῒ
3603 4026 3695 4079 οὐκ

2117 4125 2490 4196 ἐκαρτέρησαν
2518 4122 2816 4191 αἰτιώμεθα
2842 4124 3079 4189 αὐτοὺς),
3105 4124 3183 4175 ὅτι
3208 4123 3335 4176 οὐδὲ
3361 4120 3461 4184 τὰς
3487 4119 3544 4184 ἒξ
3571 4115 3695 4187 ἡμέ-

2120 4232 2218 4285 ρας
2262 4215 2360 4283 τῆς
2391 4213 2485 4266 τοῦ
2536 4212 2738 4276 πάθους
2781 4211 2874 4265 τοῦ
2915 4212 3121 4283 Κυρίου
3162 4210 3466 4282 ἑϐδομάδος
3506 4207 3696 4265 πάντες

2117 4304 2315 4375 όμόίως
2348 4304 2627 4357 ἀνύουσιν’
2673 4304 2720 4356 οἱ
2761 4303 2858 4374 μὲν
2899 4302 3006 4373 γὰρ
3052 4302 3150 4364 τὰς
3184 4303 3375 4365 πάσας
3417 4296 3700 4369 νηστεύου-

2121 4413 2222 4459 σιν,
2256 4395 2305 4447 οἱ
2333 4394 2389 4447 δὲ
2415 4394 2507 4447 δύο
2538 4393 2571 4463 ἢ
2602 4395 2771 4464 τρεῖς,
2813 4393 2861 4446 oi
2897 4392 2953 4446 δὲ
2986 4391 3224 4454 πλείους,
3259 4394 3311 4445 οἱ
3338 4392 3397 4445 δὲ
3428 4386 3697 4459 οὐδεμίαν.

456 4480 574 4534 dies
600 4480 718 4548 ejus
753 4481 1104 4537 hebdomadas
1132 4498 1238 4551 qua
1267 4497 1462 4553 passus
1490 4490 1572 4536 est
1597 4481 1876 4548 Dominus,
1907 4499 2013 4538 non

2121 4484 2245 4546 Τοῖς
2279 4477 2371 4535 οὖν
2399 4485 2491 4534 ἐπὶ
2524 4481 2736 4545 πλείους
2772 4481 2985 4554 ἡμέρας
3019 4482 3352 4553 νηστεύσασι
3389 4482 3485 4535 καὶ
3517 4475 3701 4533 κοπιά-

458 4584 650 4626 omnes
692 4573 882 4628 eodem
926 4574 1088 4629 modo
1141 4575 1468 4644 transigunt.
1502 4572 1635 4627 Nam
1678 4575 1766 4628 alii
1797 4576 2015 4644 quidem

457 4676 649 4718 omnes
684 4664 952 4734 jejunaut,
1007 4664 1099 4718 alii
1154 4679 1285 4719 vero
1318 4665 1476 4731 duos,
1518 4673 1714 4729 tresve,
1749 4666 1837 4719 alii
1891 4682 2019 4721 vero

457 4753 662 4824 plures,
689 4755 777 4808 alii
807 4771 969 4823 porro
996 4771 1061 4809 ne
1109 4770 1276 4808 unum
1303 4753 1541 4824 quidem.
1575 4752 1644 4808 lis
1674 4769 1801 4823 ergo
1828 4755 1921 4824 qui
1954 4756 2020 4810 ad

457 4844 643 4914 plures
668 4846 783 4901 dies
814 4847 1221 4915 jejunaverunt,
1247 4844 1589 4914 ampliusque
1616 4844 2019 4912 laboraverunt,

458 4933 508 4990 si
559 4935 719 4990 citius
760 4937 936 4989 cibum
991 4935 1362 5005 degustarint,
1402 4935 1755 5006 ignoscimus.
1816 4934 1871 4989 Si
1927 4936 2021 5005 qui

459 5038 590 5079 vero
612 5040 717 5078 non
744 5026 903 5079 modo
929 5024 1045 5078 dies
1100 5026 1305 5095 aliquot
1337 5027 1481 5081 haud
1512 5027 1851 5095 jejunarunt,
1887 5028 2018 5097 quin

459 5115 643 5183 potius
678 5116 798 5169 aliis
842 5126 1076 5184 quatuor
1114 5116 1466 5172 hebdomadm
1512 5118 1705 5172 diebus
1737 5118 2021 5172 luxuriose

460 5207 734 5271 vixerunt,
769 5207 820 5259 in
856 5205 1153 5261 Parasceve
1192 5216 1369 5261 autem
1418 5216 1472 5262 et
1532 5208 1767 5262 Sabhato
1811 5223 1837 5261 a
1898 5208 2021 5261 cibo

460 5296 861 5363 abstinuerunt,
905 5313 967 5352 ac
996 5314 1248 5368 magnum
1276 5300 1533 5369 quiddam
1573 5298 1750 5354 facere
1792 5314 1850 5353 se
1877 5298 2024 5353 arbi—

465 5398 674 5441 trantur
727 5389 771 5444 si
820 5405 991 5458 usque
1045 5391 1108 5442 ad
1172 5391 1492 5443 matutinam
1536 5390 1723 5443 horam
1765 5389 1871 5443 diei
1929 5391 2020 5458 qui

462 5481 866 5534 resurrectione
923 5497 1076 5535 sacer
1129 5491 1231 5547 est,
1275 5482 1447 5551 jejuni
1503 5489 1867 5551 perseverent,
1914 5496 2021 5533 non

466 5572 666 5635 simile,
705 5572 901 5641 inquit,
947 5583 1220 5629 certamen
1270 5574 1723 5644 perliciuut:hoe
1771 5583 1873 5634 est,
1917 5588 2023 5626 nou

470 5663 676 5730 pariter
702 5663 1039 5727 laborarunt,
1067 5665 1133 5719 iis
1162 5664 1253 5733 qui
1288 5680 1346 5718 se
1392 5664 1640 5732 pluribus
1670 5662 2023 5730 diebusjeju-

2124 4588 2247 4624 σασι
2286 4571 2482 4641 μᾶλλον
2516 4573 2563 4624 εἰ
2591 4570 2883 4641 ταχύτερον
2916 4571 3197 4639 γεύσονται
3226 4572 3445 4642 τροφῆς
3473 4563 3701 4636 συγγνῶ-

2126 4677 2241 4730 μεν.
2270 4661 2331 4713 Εἰ
2375 4660 2431 4712 δέ
2464 4677 2605 4723 τινες
2637 4660 2696 4711 ού
2724 4661 2880 4729 μόνον
2914 4661 2999 4728 ἐφ’
3021 4659 3233 4729 ἡμέρας
3263 4661 3423 4723 τινὰς
3460 4659 3561 4711 οὐκ
3586 4654 3701 4723 ὲνή·

2124 4769 2373 4816 στευσαν,
2419 4752 2553 4805 ἀλλὰ
2605 4752 2700 4805 καὶ
2740 4751 3053 4822 ἐτρύφησαν
3107 4751 3205 4813 τὰς
3258 4751 3465 4822 ἑτέρας
3513 4749 3704 4803 τέσσα-

2127 4860 2222 4914 ρας
2270 4843 2369 4914 τῆς
2430 4842 2717 4912 ἑϐδομάδος
2789 4842 2999 4913 ἡμέρας
3027 4882 3040 4906 ,
3103 4841 3248 4895 κατὰ
3312 4843 3371 4895 δὲ
3436 4843 3537 4911 τὴν
3597 4840 3703 4892 Πα-

2128 4934 2395 5006 ρασκευὴν
2455 4934 2547 4987 καὶ
2602 4934 2660 4986 τὸ
2710 4932 2983 4986 Σάϐϐατον
3030 4933 3341 5003 ἀπέσχοντο
3412 4932 3705 5005 βρώσεως,

2127 5027 2220 5080 καὶ
2252 5025 2394 5096 μέγα
2422 5043 2473 5078 τι
2504 5028 2677 5078 ποιεῖν
2715 5025 3045 5095 νομίζουσιν,
3076 5026 3123 5076 εί
3156 5026 3323 5095 μέχρι
3361 5026 3576 5097 πρωῒας
3610 5021 3707 5091 τῆς

2127 5118 2495 5188 ἀναστασίμου
2526 5117 2735 5188 ἡμέρας
2760 5118 3261 5187 ἑγκαρτερήσουσιν
3292 5118 3497 5181 ἄσιτοι,
3533 5115 3592 5168 οὐ
3617 5112 3707 5184 τὴν

2126 5209 2315 5281 ὁμοίαν
2344 5208 2566 5279 ἄθλησιν
2594 5207 2898 5260 ποιοῦνται⁸
2927 5208 3223 5271 τουτέστιν,
3261 5208 3364 5278 οὐχ
3394 5207 3599 5278 ὁμοίως
3619 5219 3704 5257 κε·

2130 5300 2424 5353 κοπιάκασι
2476 5301 2588 5361 τοῖς
2631 5297 2881 5359 πλειόνας
2920 5297 3140 5368 ἡμέρας
3180 5298 3489 5368 ἀσκήσασι.
3540 5294 3649 5349 Καὶ
3682 5293 3709 5345 ό

2132 5390 2217 5443 πθ¹
2272 5389 2448 5443 κανὼν
2478 5389 2577 5459 τῆς
2622 5389 2674 5453 ς’
2712 5390 2960 5450 συνόδου,
3007 5389 3134 5458 περὶ
3172 5387 3350 5457 μέσας
3386 5387 3589 5446 νύκτας
3619 5380 3708 5434 τοῦ

2136 5480 2367 5551 μεγάλου
2415 5479 2690 5532 Σαϐϐάτου
2739 5481 2870 5548 φησι
2917 5479 3026 5531 δεῖν
3074 5476 3565 5546 ἀπονηστίςεσθαι,
3616 5475 3710 5536 τάς

2134 5571 2295 5634 ἄλλας
2322 5571 2532 5640 ἡμέρας
2574 5569 2671 5638 τῆς
2704 5570 2994 5639 ἑϐδομάδος
3022 5568 3115 5621 τοῦ
3153 5566 3365 5630 πάθους
3399 5570 3458 5620 ὲν
3495 5564 3711 5637 νηστείᾳ

2134 5663 2229 5714 καὶ
2262 5662 2533 5731 προσευχῇ
2569 5661 2658 5712 καὶ
2693 5659 2978 5724 κατανύξει
3010 5658 3316 5725 διάγοντας.

472 5768 563 5807 uto
594 5766 971 5811 exercuerunt.
1004 5756 1192 5811 Nonus
1212 5772 1434 5824 quoque
1462 5772 1623 5824 supra
1647 5757 2034 5825 octogesimum
2072 5766 2234 5809 serue
2281 5753 2468 5816 synodi
2525 5768 2718 5819 (anon,
2757 5751 2968 5804 circiter
2997 5750 3227 5803 mediam
3264 5747 3454 5817 magni
3492 5740 3710 5799 Sabbati
