3944 6388
465 267 558 331 4ςῖ

1724 268 1997 331 TUEOD.
2045 267 2450 331 BALSAMON

3566 281 3656 342 4(ρὸ

457 398 733 439 sacrarum
759 397 977 451 precum
999 390 1253 454 mysteria
1283 395 1574 456 peragant;
1603 388 1686 442 vel
1718 388 1878 443 etiam
1900 405 2015 444 cum

2130 391 2267 462 μετὰ
2298 394 2658 463 ὲπισκοπικῆς
2687 393 2985 464 ἐπιτροπῆς
3027 395 3153 459 τοὺς
3201 394 3455 459 τοιούτους
3485 399 3656 464 τόπους

456 475 749 544 episcopali
780 474 1142 543 permissiune
1174 474 1442 544 ejusmodi
1485 478 1602 531 loca
1641 493 1926 547 separare,
1967 490 2025 533 ut

455 567 748 622 immunda:
776 567 1032 621 mulieres
1059 568 1113 620 in
1140 568 1218 621 eis
1249 568 1369 622 sine
1391 569 1702 637 praejudicio
1726 580 1869 624 stare
1902 586 2025 639 pos-

455 659 584 713 sint.
630 656 741 727 Ego
773 666 954 712 autem
991 657 1104 712 vidi
1131 658 1293 711 etiam
1336 658 1605 726 ejusmodi
1648 660 1928 714 mulierem
1969 661 2023 715 in

432 750 722 820 .veslibulo
763 757 994 803 stantem
1013 789 1027 814 ,
1056 758 1109 802 et
1146 749 1322 802 arrbae
1349 749 1652 802 orationem
1682 751 1750 803 ab
1780 749 2026 803 antistite

454 840 808 910 accipientem
854 840 1037 909 :quod
1092 839 1308 908 quidem
1350 855 1470 895 sum
1515 840 1835 894 admiratus.
1882 839 2022 896 Olim

453 941 653 996 autem,
689 939 748 985 ut
801 939 880 985 est
926 930 1237 993 verisimile,
1268 930 1523 985 mulieres
1562 930 1630 984 ad
1662 931 1830 986 altare
1867 947 2023 986 acce-

452 1025 682 1089 debant,
728 1032 781 1078 et
821 1024 886 1077 de
934 1031 1119 1077 sancta
1172 1037 1359 1077 mensa
1418 1022 1833 1091 participabant.
1890 1021 2025 1077 Pro-

452 1124 632 1183 pterea
665 1115 808 1168 enim
856 1114 1043 1166 altaris
1069 1128 1285 1182 quoque
1332 1128 1509 1167 canon
1563 1112 1831 1167 meminit.
1884 1110 2025 1182 Lege

450 1205 518 1258 44
547 1220 813 1259 canouem
868 1203 1059 1274 synodi
1119 1201 1468 1273 Laodicenis,
1502 1215 1557 1257 et
1601 1202 1669 1258 69
1710 1219 1762 1257 vi
1808 1202 2020 1273 synodi.

452 1296 712 1350 Similiter
762 1295 879 1363 lege
922 1302 976 1348 et
1002 1294 1067 1347 17
1096 1295 1364 1349 novellam
1414 1294 1561 1365 regis
1593 1294 1799 1349 domini
1826 1291 2023 1346 Leonis

450 1389 722 1457 Sapientis
768 1388 883 1442 haec
923 1388 977 1441 in
1014 1395 1165 1457 parte
1215 1395 1535 1441 tractantem
1568 1402 1581 1437 :
1619 1384 1919 1439 Statuimus
1957 1385 2023 1439 de

448 1479 767 1534 mulieribus
808 1495 930 1548 qua:
959 1486 1304 1547 pepererunt,
1333 1486 1387 1532 et
1425 1477 1493 1531 de
1528 1476 1596 1531 iis
1628 1490 1750 1545 qua:
1789 1474 2020 1528 naturali

448 1571 770 1641 purgatione
795 1570 1125 1635 detinentur,
1153 1568 1420 1637 siquidem
1452 1582 1639 1622 earum
1667 1567 1774 1620 vita
1810 1581 1840 1619 a
1871 1565 2021 1619 nulla

448 1663 553 1716 alia
594 1661 849 1715 morbosa
899 1659 1185 1714 aﬂ'ectione
1231 1657 1600 1727 perturbatur,
1637 1666 1696 1711 ut
1741 1672 1862 1725 qum
1908 1670 2016 1708 non

2126 483 2499 553 ἀφορίζεσθαι,
2530 484 2668 537 ὥστε
2711 486 3187 556 ἀποκριματίστως
3214 487 3451 542 ἵστασθαι
3478 491 3528 541 ὲν
3573 494 3656 545 αὐτ

2126 575 2235 635 τοῖς
2262 572 2359 635 τὰς
2392 574 2731 645 ἀκαθάρτους
2785 578 3066 644 γυναῖκας.
3124 576 3263 645 Ἐγὼ
3318 578 3373 630 δὲ
3423 575 3549 632 εἶδον
3578 586 3657 639 καὶ

2124 662 2379 733 τοιαύτην
2406 667 2639 731 γυναῖκα
2691 666 2785 719 ἐπὶ
2831 666 3067 736 προνάου
3110 666 3372 731 ἑστῶσαν,
3405 669 3492 735 καὶ
3515 670 3658 740 εὐχήν

2126 752 2441 822 ἀῤῥαϐὦνος
2488 754 2638 824 παρὰ
2684 755 2983 826 ἀρχιερέως
3047 755 3357 827 δεξαμένην·
3405 759 3532 829 ὅπερ
3579 761 3659 813 καὶ

2127 842 2429 913 ἐθαύμασα.
2504 844 2590 909 Ὠς
2618 845 2762 898 ἕοικε
2788 846 2866 912 δὲ,
2899 845 2959 897 τὸ
2998 847 3225 900 παλαιὸν
3254 848 3553 918 εἰσήρχοντο
3579 867 3659 918 γυ-

2125 935 2306 996 ναῖκες
2335 935 2413 996 εἰς
2433 934 2494 987 τὸ
2542 935 2944 1006 θυσιαστήριον,
2995 937 3088 990 καὶ
3120 937 3227 990 ἀπὸ
3255 939 3348 1008 τῆς
3374 939 3522 1006 ἁγίας
3549 958 3660 1010 τρα-

2127 1021 2296 1091 πέζης
2330 1022 2751 1092 μετελάμϐανον.
2785 1024 2883 1077 Διά
2928 1024 3084 1078 τοῦτο
3111 1025 3216 1097 γὰρ
3249 1026 3339 1079 καὶ
3384 1027 3472 1080 τοῦ
3499 1027 3661 1083 θυσια-

2128 1106 2346 1176 στηρίου
2378 1108 2647 1179 μέμνηται
2679 1111 2707 1162 ὁ
2752 1109 2949 1164 κανών.
3004 1113 3114 1165 Καὶ
3171 1114 3437 1180 ἀνάγνωθι
3468 1116 3549 1168 τὸν
3593 1116 3662 1186 μδ⁴

2125 1196 2322 1248 κανόνα
2347 1196 2445 1267 τῆς
2498 1200 2553 1251 έν
2582 1199 2866 1269 Λαοδικείᾳ
2901 1202 3138 1265 συνόδου,
3182 1202 3277 1255 καὶ
3326 1204 3413 1255 τὸν
3462 1202 3532 1267 EG’
3579 1204 3663 1274 τῆς

2127 1291 2179 1349 ς’
2230 1287 2465 1340 συνόδου.
2516 1289 2789 1353 Ὡσαύτως
2822 1290 3091 1359 ἀνάγνωθι
3119 1292 3210 1344 καὶ
3261 1292 3358 1364 τὴν
3384 1292 3443 1357 te
3489 1295 3664 1364 νεαρὰν

2125 1374 2218 1427 τοῦ
2236 1375 2502 1445 βασιλέως
2531 1379 2723 1449 κυρίου
2753 1379 2977 1442 Λέοντος
2996 1379 3086 1432 τοῦ
3113 1380 3423 1450 Φιλοσόφου,
3455 1384 3509 1434 ὲν
3531 1383 3664 1453 μέρει

2123 1466 2292 1519 ταῦτα
2323 1467 2807 1539 διαλαμϐάνουσαν·
2827 1472 3108 1542 Ὀρίζομεν
3134 1473 3260 1545 περὶ
3292 1474 3556 1528 τεκουσῶν
3579 1492 3663 1544 γυ-

2121 1558 2322 1610 ναικῶν
2344 1561 2436 1612 καὶ
2465 1562 2591 1632 περὶ
2622 1560 2730 1615 τῶν
2778 1563 2896 1615 ὅσαι
2925 1565 2991 1634 τῇ
3046 1566 3247 1635 φυσικῇ
3305 1564 3557 1635 καθάρσει
3584 1583 3668 1618 κα-

2121 1648 2571 1719 ταλαμϐάνονται,
2619 1652 2967 1725 ἀνενοχλήτου
3007 1653 3104 1724 μὲν
3136 1652 3195 1718 ἐξ
3218 1653 3384 1725 ἄλλης
3417 1655 3554 1717 τινὸς
3571 1654 3667 1708 δια-

447 1764 575 1809 sunt
599 1754 817 1824 quidem
853 1752 1096 1814 initiatae,
1128 1764 1239 1803 non
1268 1748 1377 1803 sint
1402 1747 1816 1802 illuminationis
1844 1745 2015 1816 parti—

2124 1717 2323 1802 θέσεως
2356 1743 2582 1813 νοσερᾶς
2611 1743 2708 1813 τῆς
2918 1717 3094 1797 αὐτῶν
3133 1717 3505 1821 συντελούσης,
3529 1744 3669 1814 ἀμετ-

446 1847 624 1914 eipes;
666 1848 1011 1913 quaz'autem
1054 1849 1183 1895 sunt
1218 1841 1272 1894 in
1314 1840 1513 1895 divinis
1551 1838 1868 1893 ministeriis
1911 1837 2016 1890 ini-

448 1938 611 2001 tiatae,
655 1934 934 2004 impolluta
986 1932 1238 2003 mysteria
1286 1946 1396 1986 non
1442 1929 1800 2000 participent,
1848 1942 2019 1996 usque

444 2026 509 2079 ad
539 2024 896 2094 quadraginta
928 2024 1139 2077 dierum
1170 2020 1486 2077 terminum.
1532 2018 1689 2085 Quod
1719 2017 1764 2073 si
1793 2016 2018 2070 morbus

444 2116 723 2179 invaserit,
756 2125 810 2169 et
838 2130 897 2169 se
929 2115 1095 2169 vitam
1128 2115 1486 2182 abrupturum
1520 2111 1781 2171 minetur,
1813 2118 1873 2162 ut
1904 2108 2016 2161 sint

443 2208 668 2262 omnino
722 2205 1047 2261 sacramenti
1106 2203 1416 2274 participes.
1477 2197 1542 2253 Et
1583 2207 1706 2267 post
1734 2196 2014 2262 nonnulla,

444 2298 561 2377 ipsa
592 2311 785 2349 rursus
824 2294 978 2362 jubet
1017 2294 1083 2349 de
1115 2292 1416 2347 infantibus
1455 2290 1687 2354 novella,
1736 2297 1796 2341 ut
1827 2289 2017 2344 morbo

443 2378 662 2458 quidem
707 2402 816 2440 non
852 2394 1077 2455 urgente
1125 2385 1161 2438 ii
1200 2391 1325 2454 post
1358 2392 1608 2438 octavum
1649 2379 1796 2434 diem
1842 2378 2019 2449 bapti-

443 2490 635 2537 zentur
683 2496 696 2532 :
743 2479 891 2548 quod
939 2478 985 2532 si
1037 2491 1184 2531 mors
1230 2473 1549 2538 immineat,
1602 2471 1641 2525 ii
1681 2470 1843 2525 etiam
1895 2478 2018 2523 ante

441 2581 692 2627 octavum
740 2570 1101 2639 baptizentur.
1158 2564 1267 2619 Sed
1319 2564 1444 2632 quia
1491 2561 1673 2616 audivi
1726 2561 2016 2631 quemdam

440 2664 708 2718 dicentem
741 2674 849 2715 non
893 2659 1091 2713 debere
1121 2664 1432 2724 segregatos
1478 2653 1647 2707 laicos
1675 2659 1828 2706 extra
1853 2649 2019 2705 vesti-

440 2748 627 2806 bulum
656 2759 862 2804 stantes
888 2748 1099 2802 divinas
1125 2744 1458 2816 psalmodias
1481 2742 1687 2806 audire,
1721 2742 1814 2799 sed
1841 2755 2017 2810 neque

440 2842 700 2913 psallere;
730 2841 778 2894 ei
816 2838 1141 2908 respondeo,
1167 2836 1312 2906 quod
1347 2853 1358 2887 :
1390 2832 1520 2899 Quae
1547 2833 1606 2888 in
1644 2825 1897 2902 praisenti
1926 2846 2017 2885 ca-

439 2948 582 2987 none
626 2933 826 3001 scripta
867 2939 1012 2996 sunt,
1045 2928 1163 2993 tibi,
1201 2942 1234 2981 0
1265 2927 1428 2980 homo
1489 2925 1584 2995 qui
1613 2924 1728 2978 haec
1753 2921 1916 2990 dicis,
1950 2937 2014 2977 os

438 3025 753 3080 occludunt.
803 3018 1280 3087 Quemadmodum
1326 3017 1470 3071 enim
1514 3029 1637 3083 qua:
1685 3014 1739 3068 in
1782 3011 2011 3067 ecclesia
2040 3048 2085 3111 ο

439 3115 647 3171 versari
682 3128 790 3167 non
819 3112 1072 3167 sinuntur
1105 3108 1378 3171 mulieres,
1403 3121 1560 3160 orare
1587 3120 1694 3159 non
1728 3110 2007 3166 vetantur;

439 3207 517 3263 ita
557 3220 656 3259 nec
693 3202 786 3272 qui
830 3210 957 3255 sunt
1005 3199 1292 3269 segregati,
1324 3214 1421 3266 per
1461 3211 1520 3250 se
1564 3210 1722 3248 orare
1755 3193 2009 3262 prohibe-

440 3296 677 3358 buntur;
738 3293 831 3346 sed
875 3298 928 3344 et
971 3299 1122 3343 extra
1167 3287 1412 3342 ecclesiae
1461 3282 1791 3339 vestibulum
1843 3290 2007 3342 stare,

439 3393 492 3439 et
532 3384 743 3439 divinas
791 3379 1118 3447 psalmodias
1172 3379 1391 3442 audire;
1433 3385 1487 3430 et
1529 3375 1634 3429 hoc
1673 3373 1816 3426 enim
1859 3372 1917 3425 tit
1944 3370 2010 3423 ad

440 3473 703 3543 majorem
734 3487 919 3526 eorum
946 3469 1414 3525 exercitationem.

2118 1827 2275 1895 όχους
2320 1825 2454 1884 εἶναι
2481 1848 2493 1860 ·
2526 1831 2623 1893 τὰς
2652 1832 2749 1901 μὲν
2779 1831 3112 1897 ἀτελέστους,
3147 1832 3240 1886 τοῦ
3272 1833 3563 1904 φωτισμοῦ·
3587 1834 3670 1899 τὰς

2116 1923 2172 1976 δὲ
2208 1922 2809 1993 μεμυσταγωγημένας,
2866 1921 2973 1975 τῶν
3033 1922 3320 1994 ἀχράντων
3383 1925 3672 1995 μυστηρίων

2117 2014 2217 2083 τῆς
2253 2011 2627 2083 μεταλήψεως,
2683 2012 2844 2084 μέχρι
2877 2011 2978 2081 τῆς
3029 2013 3137 2068 τῶν
3191 2021 3242 2085 μ’
3298 2014 3514 2087 ήμερῶν
3562 2030 3672 2085 προ-

2119 2103 2379 2173 θεσμίας·
2426 2102 2729 2172 νοσήματος
2777 2102 2834 2154 δέ
2884 2118 3043 2167 τινος,
3083 2105 3448 2174 κατασχόντος
3479 2105 3568 2158 καὶ
3589 2105 3674 2175 τὴν

2117 2192 2379 2264 διακοπὴν
2410 2193 2510 2264 τῆς
2543 2190 2686 2263 ζωῆς
2711 2190 3079 2257 ἀπειλοῦντος,
3131 2196 3296 2249 παντὶ
3320 2195 3502 2266 τρόπῳ
3528 2211 3673 2265 μεταο

2076 2304 2081 2311 ο
2117 2282 2414 2352 λαμϐάνειν
2439 2280 2607 2345 αὑτὰς
2628 2281 2721 2333 τοῦ
2758 2281 3110 2352 ἀγιάσματος.
3145 2284 3253 2336 Καὶ
3285 2285 3422 2355 μετά
3443 2301 3556 2337 τινα
3580 2284 3675 2336 πά-

2117 2374 2198 2427 λιν
2229 2373 2658 2448 παρακελεύεται
2692 2373 2884 2444 ήαύτὴ
2906 2375 3073 2444 νεαρὰ
3103 2376 3231 2446 περὶ
3260 2374 3500 2446 βρεφῶν,
3530 2375 3674 2443 νοσή-

2121 2480 2287 2532 ματος
2324 2463 2420 2533 μὲν
2447 2463 2520 2532 μὴ
2555 2462 2993 2529 κατεπείγοντος,
3024 2460 3161 2531 μετά
3186 2461 3291 2531 τὴν
3342 2461 3528 2532 ὀγδόην
3549 2459 3675 2531 ήμέ-

2122 2569 2220 2624 ραν
2250 2552 2423 2607 ταῦτα
2455 2550 2828 2621 βαπτίζεσθαι·
2867 2552 3092 2605 θανάτου
3122 2552 3178 2604 δὲ
3196 2551 3677 2622 ὲφισταμένου,καὶ

2116 2643 2216 2713 τῆς
2247 2643 2437 2713 ὀγδόης
2469 2642 2685 2713 ἡμέρας
2726 2642 2874 2704 ὲντὺς
2923 2642 3061 2695 αὑτά
3108 2642 3487 2711 βαπτίζεσθαι.
3544 2640 3678 2694 Ἐπεὶ

2115 2734 2172 2787 δὲ
2210 2734 2419 2802 ήκουσά
2452 2749 2593 2794 τινος
2621 2732 2867 2799 λέγοντος
2898 2733 2972 2794 ὡς
3016 2734 3115 2786 οὐκ
3146 2734 3457 2802 ὀφείλουσιν
3477 2734 3525 2786 οἱ
3547 2734 3679 2801 ἀερω-

2120 2824 2361 2898 ρισμένοι
2390 2823 2565 2875 λαῖκοὶ
2598 2823 2629 2892 ἣ
2661 2822 2967 2892 ἀκροᾶσθαι
3022 2822 3179 2875 θείων
3212 2821 3679 2895 ψαλμωδημάτων,

2117 2916 2314 2981 ἔξωθεν
2359 2913 2453 2966 τοῦ
2484 2912 2718 2983 προνάου
2769 2913 3076 2982 ἱστάμενοι,
3126 2913 3238 2965 ἀλλ’
3292 2913 3412 2966 ούδὲ
3452 2912 3675 2983 ψάλλεινο

2117 3006 2488 3076 ἀπολογοῦμαι
2522 3005 2658 3076 πρὸς
2700 3004 2861 3058 αὑτὸν
2890 3005 2992 3056 ὅτι·
3025 3004 3106 3056 Τὰ
3138 3007 3194 3058 ὲν
3233 3005 3314 3076 τῷ
3343 3006 3564 3078 παρόντι
3590 3018 3675 3056 κα-

2115 3098 2225 3152 νόνι
2251 3095 2609 3167 γεγραμμένα
2660 3095 3069 3166 ὲπιστομίζουσί
3112 3113 3191 3159 σε,
3244 3097 3521 3168 ἄνθρωπε,
3575 3111 3675 3147 τοι·

2114 3186 2257 3241 αῦτα
2306 3186 2552 3253 λέγοντα.
2586 3187 2797 3256 Ὥσπερ
2826 3185 2937 3255 γάρ
2968 3186 3024 3238 αἱ
3057 3186 3130 3256 μὴ
3194 3184 3676 3259 παραχωρούμεναι

2114 3275 2493 3347 ἐκκλησιάζειν
2521 3278 2774 3345 γυναῖκες
2808 3275 3201 3347 προσεύχεσθαι
3256 3278 3318 3330 ού
3376 3276 3676 3339 κωλύονται,

2114 3365 2285 3428 οὕτως
2314 3365 2434 3417 οὐδὲ
2474 3365 2524 3416 οἱ
2551 3364 2923 3435 ἀφωρισμένοι
2973 3365 3380 3436 κωλυθήσονται
3420 3364 3538 3419 καθ’
3563 3366 3675 3416 ἐαυ-

2113 3456 2239 3519 τοὺς
2272 3454 2551 3524 εῦχεσθαι·
2587 3455 2837 3508 ἵστασθαι
2865 3455 2920 3509 δὲ
2959 3456 3052 3508 καὶ
3098 3455 3299 3519 ἔξωθεν
3328 3455 3422 3509 τοῦ
3457 3454 3676 3526 προνάου

439 3567 536 3637 τῆς
577 3565 889 3635 ἐκκλησίας,
939 3563 1035 3618 καὶ⁸
1067 3560 1369 3634 ἀκροᾶσθαι
1413 3559 1520 3612 τῶν
1575 3559 1734 3613 θείων
1784 3553 2254 3626 ψαλμωδημάτων.
2320 3550 2462 3602 Διότι
2512 3549 2669 3603 τοῦτο
2713 3550 2849 3622 πρὸς
2894 3550 3112 3605 πλείονα
3170 3550 3466 3621 συντριϐήν
3507 3546 3675 3602 αὐτῶν

442 3660 610 3712 ἐστίν.

512 3778 712 3833 Zomn.
785 3776 1137 3832 Hebraeorum
1216 3776 1471 3831 mulieres
1534 3790 1657 3831 cum
1728 3772 2010 3845 sanguinis

2182 3766 2425 3820 ΖΩΝΑΡ.
2489 3764 2767 3835 Ἑϐραῖδες
2799 3768 3053 3833 γυναῖκες
3100 3766 3189 3818 ὅτε
3242 3767 3472 3837 γένηται
3501 3764 3675 3827 αὑταῖς

441 3864 702 3918 menstrui
727 3863 904 3918 ﬂuxus
937 3864 1079 3933 ipsis
1092 3865 1377 3934 contingit,
1407 3864 1460 3919 in
1491 3864 1736 3920 solitario
1763 3863 2010 3918 sedentes

2118 3861 2143 3928 ή
2176 3857 2283 3910 τῶν
2312 3855 2573 3926 ἐμμήνων
2606 3855 2779 3925 ρῦσις,
2831 3858 2888 3908 ὲν
2935 3856 3084 3926 τόπῳ
3119 3857 3493 3928 μεμονωμένῳ
3522 3853 3677 3922 καθή-

441 3956 584 4019 loco,
623 3955 893 4010 neminem
935 3956 1042 4009 nisi
1082 3964 1203 4025 post
1237 3964 1443 4025 septem
1484 3954 1698 4024 elapsos
1730 3954 1847 4009 dies
1876 3953 2009 4007 allo-

2118 3965 2290 4019 μεναι,
2318 3946 2702 4017 ἡσυχάζουσιν,
2732 3944 2837 4008 ἕως
2868 3945 2933 3999 ἂν
2981 3945 3119 3998 ἐπτά
3147 3946 3355 4017 ἡμέραι
3405 3943 3674 4017 παρέλθω-

438 4056 683 4115 quuntur
720 4064 732 4099 :
773 4047 916 4100 unde
949 4046 1172 4101 verbum
1215 4046 1368 4110 illud,
1409 4046 1463 4098 in
1493 4044 1759 4109 abscessu,
1790 4043 2008 4097 desum-

2118 4055 2211 4093 τιν’
2247 4037 2367 4092 ὅθεν
2394 4036 2644 4107 εἴληπται
2677 4037 2740 4088 τὸ
2764 4036 2834 4089 ἐν
2866 4035 3120 4105 ἀφέδρῳ,
3178 4036 3378 4107 δηλοῦν
3412 4036 3472 4089 τὸ
3514 4052 3674 4104 κεχω-

439 4144 589 4203 ptum
630 4144 732 4199 est,
764 4136 1012 4191 indicans
1040 4151 1132 4190 eas
1164 4135 1233 4191 ab
1265 4136 1495 4188 aliarum
1539 4148 1825 4196 consessu,
1859 4131 2005 4184 velut

2118 4128 2292 4200 ρίσθαι
2326 4127 2497 4190 αὐτὰς
2539 4128 2647 4181 ἀπὸ
2704 4127 2805 4197 τῆς
2855 4129 2962 4180 τῶν
3009 4126 3207 4180 λοιπῶν
3237 4129 3403 4200 ἔδρας
3435 4122 3510 4190 ὡς
3547 4127 3675 4179 ἀκα-

441 4231 684 4298 impuras
717 4228 885 4284 fuisse
916 4237 1243 4299 segregatas.
1277 4225 1520 4297 Rogatus
1545 4240 1707 4295 porro
1732 4225 1820 4277 hic
1845 4222 2005 4277 Pater

2118 4218 2356 4289 θάρτους.
2402 4216 2727 4288 Ἐρωτηθεὶς
2776 4217 2833 4270 δὲ
2867 4218 2894 4271 ό
2944 4217 3135 4289 Πατὴρ
3187 4211 3347 4281 οὗτος
3401 4217 3529 4288 περὶ
3575 4214 3675 4269 τῶν

438 4319 507 4374 de
541 4320 789 4375 ﬁdelibus
831 4320 1188 4385 mulieribus,
1224 4332 1353 4372 num
1393 4331 1486 4370 eas
1527 4331 1648 4369 cum
1692 4323 2003 4368 menstruo-

2118 4309 2315 4363 πιστῶν
2342 4309 2632 4378 γυναικῶν,
2668 4310 2715 4360 εἰ
2738 4307 2841 4379 χρὴ
2873 4309 3073 4374 ταύτας
3103 4310 3190 4362 ὅτε
3217 4311 3252 4381 ἡ
3280 4309 3391 4363 τῶν
3423 4309 3676 4379 ἐμμήνων

439 4424 558 4461 rum
590 4407 737 4462 ﬂuxu
768 4408 1112 4474 divexantur,
1156 4409 1213 4460 in
1255 4406 1539 4461 ecclesiam
1588 4405 1796 4474 ingredi
1840 4417 2001 4472 opor-

2118 4400 2260 4464 ὁῦσις
2293 4402 2482 4462 αὑταῖς
2514 4398 2737 4469 ἐνοχλεῖ,
2789 4399 3011 4454 εἰσιέναι
3066 4403 3145 4464 είς
3188 4401 3514 4472 ἐκκλησίαν,
3549 4401 3675 4453 άπερ

440 4507 570 4563 teat,
611 4499 755 4553 baud
790 4506 1042 4567 oportere
1076 4497 1374 4565 respondit,
1417 4493 1725 4563 profertque
1771 4491 2002 4560 exempli

2118 4489 2266 4561 κρίθη
2323 4489 2396 4560 μὴ
2423 4489 2551 4552 δεῖν,
2576 4491 2671 4543 καὶ
2691 4490 2788 4560 τὴν
2817 4491 2875 4543 ὲν
2903 4489 2981 4560 τῷ
3014 4490 3334 4563 Εὐαγγελίῳ
3364 4486 3676 4562 αἱμορροοῦ-

439 4590 559 4644 loco
607 4589 754 4643 illam
799 4604 865 4642 ex
907 4586 1196 4657 Evanger
1248 4585 1531 4639 mulierem
1560 4598 1683 4654 quae
1722 4583 2002 4653 sanguinis

2118 4596 2205 4633 ταν
2235 4580 2554 4649 παρήγαγεν
2575 4580 2652 4641 εἰς
2674 4580 3044 4651 παράδειγμα,
3069 4578 3142 4650 μὴ
3162 4579 3518 4650 τολμήσασαν
3539 4576 3673 4639 θίξαι

436 4680 643 4735 ﬂuxum
687 4679 1011 4750 patiebatur,
1069 4692 1190 4748 quae
1225 4676 1515 4730 Dominum
1572 4675 1748 4744 ipsum
1799 4688 2002 4741 nequa-

436 4786 599 4840 quam
641 4786 774 4825 ausa
805 4779 889 4824 est
920 4768 1249 4837 contingere,
1289 4766 1380 4821 sed
1406 4765 1574 4820 vestis
1609 4765 1724 4834 ejus
1760 4771 1998 4817 tantum-

437 4867 600 4920 modo
646 4865 893 4919 limbum.
958 4860 1176 4917 Precari
1223 4875 1385 4931 porro
1437 4875 1501 4915 ac
1541 4857 1756 4913 Domini
1805 4855 1999 4910 memi-

434 4955 602 5020 uisse,
633 4955 828 5024 inquit,
859 4967 1201 5023 nequaquam
1231 4966 1296 5006 eo
1325 4958 1565 5019 tempore
1608 4946 1996 5017 prohibentur;

435 5060 625 5099 verum
676 5044 730 5096 in
780 5043 1038 5111 templum
1084 5041 1180 5095 Dei
1214 5041 1362 5110 ipsas
1411 5039 1640 5108 ingredi,
1690 5045 1782 5091 aut
1828 5034 1999 5091 sacris
2040 5058 2047 5064 -

438 5133 709 5206 mysteriis
738 5132 1166 5199 communicare,
1197 5130 1344 5185 baud
1378 5130 1527 5183 licet.

986 5253 1286 5325 GCANON
1327 5259 1421 5315 ιιι.

507 5392 674 5447 Porro
713 5394 803 5463 qui
839 5393 970 5446 satis
1013 5391 1082 5445 ad
1120 5391 1174 5445 id
1206 5390 1455 5444 instructi
1481 5399 1599 5442 sunt
1638 5397 1689 5440 et
1717 5400 1996 5439 consenue-

437 5490 583 5549 runt,
614 5481 795 5536 debent
829 5498 937 5536 esse
969 5483 1051 5535 sui
1076 5480 1310 5549 judices.
1343 5479 1496 5544 Quod
1535 5479 1671 5534 enim
1711 5496 1743 5531 a
1776 5493 1828 5531 se
1858 5477 1992 5530 invi-

438 5592 544 5633 cem
579 5590 645 5631 οε
680 5591 933 5631 consensu
968 5575 1228 5629 abstinere
1261 5574 1552 5629 conveniat.
1591 5582 1649 5624 ut
1688 5571 1756 5624 ad
1792 5580 1992 5637 tempus

2100 4668 2197 4723 τοῦ
2232 4668 2455 4740 Κυρίου,
2488 4667 2601 4722 ἀλλ’
2636 4668 2669 4737 ἢ
2704 4669 2866 4739 μόνου
2888 4668 2981 4722 τοῦ
3008 4668 3318 4741 κρασπέδου
3348 4667 3536 4721 αὑτοῦ.
3572 4663 3674 4718 Εὔι-

2102 4758 2294 4828 χεσθαι
2322 4759 2421 4829 μὲν
2448 4758 2557 4830 γὰρ
2608 4759 2817 4813 καὶτοῦ
2858 4760 3063 4832 Κυρίου
3112 4760 3449 4831 μεμνῆσθαι,
3494 4757 3669 4829 φησὶν,

2101 4853 2208 4905 οὐδ’
2236 4854 2293 4904 ὲν
2317 4852 2396 4922 τῷ
2427 4852 2653 4923 τοιούτῳ
2684 4851 2861 4922 καιρῷ
2882 4850 3313 4921 κωλυθήσονται·
3352 4852 3435 4913 εἰς
3468 4849 3593 4901 ναὸν
3616 4846 3672 4899 δὲ

2099 4942 2235 4996 Θεοῦ
2268 4943 2512 5009 εἰσιέναι,
2538 4942 2570 5013 ἢ
2604 4942 3033 5014 μεταλαμϐάνειν
3063 4940 3234 5008 αὐτὰς
3263 4941 3381 4998 τῶν
3406 4937 3672 5011 ἁγιασμά-

2097 5052 2207 5089 των
2237 5035 2296 5088 οὐ
2322 5035 2419 5088 δεῖ.

2709 5257 2945 5315 KANQN
2978 5258 3048 5309 1".

2167 5390 2490 5459 Αὐτάρκεις
2519 5391 2587 5443 δὲ
2615 5390 2715 5445 καὶ
2745 5395 2800 5447 ot
2823 5393 3233 5462 γεγηρακότες,
3256 5374 3497 5448 ἑαυτῶν
3520 5392 3667 5463 ὀφει-

2094 5485 2312 5535 λουσιν
2329 5477 2481 5535 εἶναι
2508 5483 2701 5549 κριταί
2704 5524 2718 5536 .
2753 5484 2869 5536 Ὅτι
2902 5483 3009 5552 γὰρ
3028 5484 3359 5551 ἀπέχεσθαι
3378 5485 3666 5553 ἀλλήλων

2096 5572 2408 5641 προσῆκον
2439 5574 2506 5626 ἐκ
2536 5575 2902 5642 συμφωνίας,
2939 5575 3038 5628 ἵνα
3071 5574 3217 5642 πρὸς
3260 5575 3481 5647 καιρὸν
3521 5592 3661 5644 σχο-
