3944 6384
246 322 343 386 4.“)

1297 311 1382 375 IN
1412 310 1654 372 EPIST.
1699 310 1763 372 S.
1808 304 2155 366 DIONYSII
2197 305 2423 368 ALEX.

3389 297 3491 359 [ιτθ

249 450 477 493 ,ιιασωσι
530 437 608 508 τῇ
663 433 993 505 προσευχῇ,
1029 433 1125 487 καὶ
1182 433 1370 487 πάλιν
1413 431 1512 486 ἐπὶ
1562 430 1627 484 τὸ
1681 428 1823 483 αὐτὸ

1953 436 2109 479 ιαοειιι
2145 424 2395 484 orationi,
2422 431 2472 475 et
2502 435 2683 474 rursus
2714 418 3044 484 conveniant,
3075 414 3303 470 Paulum
3326 413 3499 466 dicer.-

247 530 416 597 ὦσιν,
450 533 749 601 ἀκηκόασι
775 529 1020 583 Παύλου
1049 524 1397 596 γράφοντος.

317 626 511 680 ΒΑΛΣ.
555 624 641 687 Ὠς
685 621 880 686 ἔοικεν,
911 617 1169 690 ἠρωτήθη
1204 618 1232 668 6
1266 615 1419 684 ἅγιος
1464 614 1558 668 ἐὰν
1606 612 1825 683 ἐνδέχη-

248 736 334 771 ται
358 719 486 781 τοὺς
540 714 807 783 συξύγους
858 709 1260 782 γεγηρακότας,
1305 707 1424 761 καθ’
1452 706 1545 770 οὓς
1599 706 1825 776 καιροὺς

252 809 524 880 οφείλουσι
558 803 981 878 προσεύχεσθαι,
1031 803 1131 872 τῆς
1179 799 1457 871 ἐπιμιξίας
1502 797 1822 869 ἀπέχεσθαι’

252 903 344 956 καί
375 918 539 972 φησιν
569 900 646 962 ὡς
700 900 749 951 οἱ
782 894 1035 962 τοιοῦτοι,
1085 892 1291 947 ἑαυτῶν
1342 891 1527 962 κριταὶ
1574 889 1830 960 γινέσθω-

254 1012 369 1051 σαν⁸
401 993 496 1048 καί
530 1009 659 1045 ποτε
689 989 935 1060 ἀλλήλων
957 989 1021 1041 ὲκ
1052 985 1339 1058 συμφώνου
1370 985 1537 1056 ’ήγουν
1563 986 1626 1037 ὲκ
1648 981 1828 1036 κοινοῦ

254 1086 573 1158 θελήματος,
623 1080 998 1151 ἀπεχέτωσαν,
1023 1077 1191 1147 ήγουν
1236 1074 1377 1130 κατά
1434 1074 1562 1136 τοὺς
1604 1071 1830 1143 καιροὺς

254 1177 371 1232 καθ’
429 1176 525 1240 οὒς
579 1172 945 1243 ἐνετάλθησαν
1002 1168 1399 1241 προσεύχεσθαι
1423 1204 1436 1229 ,
1496 1164 1830 1233 διαγέτωσαν

258 1268 394 1340 μετά
428 1268 613 1338 πάσης
668 1261 1038 1336 σωφροσύνης,
1088 1260 1183 1314 καὶ
1236 1257 1396 1311 πάλιν
1453 1256 1545 1309 ἐπὶ
1587 1254 1648 1308 τὸ
1702 1255 1833 1308 αὐτὸ

254 1362 518 1416 ἔστωσαν.
557 1361 678 1413 Ὀτι
708 1359 803 1412 καὶ
848 1358 878 1410 6
908 1354 1079 1426 μέγας
1108 1351 1316 1414 Παῦλος
1345 1348 1502 1403 τοῦτο
1533 1346 1830 1413 διετάξατο.

255 1452 365 1505 Καὶ
393 1453 422 1504 6
457 1450 554 1520 μὲν
587 1448 765 1503 κανὼν
791 1446 919 1519 περὶ
950 1443 1337 1515 γεγηρακότων
1361 1440 1541 1511 φησίν*
1583 1438 1836 1502 Ἐξακου-

259 1541 412 1594 στέον
441 1541 496 1593 δὲ
529 1539 599 1593 τά
618 1541 675 1592 ὲν
700 1536 849 1608 αὐτῷ
871 1536 964 1591 καὶ
995 1537 1074 1600 είς
1119 1534 1326 1595 πάντας
1356 1534 1481 1596 τοὺς
1512 1529 1831 1602 όμοξύγους.

258 1633 453 1697 Καλῶς
479 1632 536 1686 δὲ
561 1628 682 1685 εἷπε
717 1630 778 1684 τὸ
806 1630 875 1684 ἐκ
898 1628 1244 1699 συμφώνου.
1304 1625 1451 1679 Οὔτε
1480 1622 1588 1693 γὰρ
1620 1624 1653 1675 ὁ
1684 1619 1837 1689 ἀνὴρ

255 1721 589 1790 ἐξουσιάζει
614 1723 721 1776 τοῦ
765 1721 918 1776 ἰδίου
950 1719 1242 1790 σώματος’
1270 1717 1409 1772 οὔτε
1437 1716 1476 1783 ἡ
1504 1713 1679 1784 γυνὴ,
1699 1713 1838 1767 κατά

1929 530 2029 573 tem
2058 518 2371 570 audiverunt
2421 516 2459 566 ⁸.

1997 609 2153 662 Βιιιε.
2193 604 2263 660 Ut
2303 614 2386 660 est
2420 602 2738 666 verisimile,
2774 600 2954 655 fuerat
3000 608 3222 654 sanctus
3271 598 3502 650 interre-

1927 709 2117 767 gatus,
2162 714 2231 752 an
2283 696 2554 761 admittat,
2612 693 2876 763 conjuges
2927 690 3020 761 qui
3076 698 3497 749 consenuerunt,

1928 806 2038 861 quo
2077 800 2320 859 tempore
2360 789 2559 843 debent
2606 800 2788 850 orare,
2839 799 2870 839 a
2907 782 3289 852 conjunctione
3334 780 3504 834 absti-

1929 897 2100 937 nere:
2140 889 2196 936 et
2234 880 2386 945 dicit,
2431 878 2577 949 quod
2622 877 2717 948 qui
2766 876 2901 930 tales
2949 883 3095 940 sunt,
3140 872 3337 927 debent
3384 886 3505 924 esse

1929 972 2013 1028 sui
2037 972 2280 1042 judices,
2308 979 2363 1025 et
2388 968 2680 1040 aliquando
2710 983 2741 1022 a
2771 981 2829 1023 se
2858 966 3089 1021 invicem
3115 979 3180 1019 ex
3208 978 3506 1028 consensu,

1931 1080 2029 1120 seu
2069 1079 2136 1119 ex
2185 1063 2463 1117 communi
2505 1062 2804 1123 voluntate,
2842 1057 3160 1123 abstinere;
3197 1056 3272 1110 ita
3308 1064 3366 1110 ut
3398 1050 3509 1125 quo

1933 1164 2176 1224 tempore
2222 1168 2382 1209 orare
2433 1160 2764 1215 statuerunt,
2812 1166 2934 1205 cum
2973 1149 3131 1204 omni
3170 1146 3509 1203 continentia

1933 1254 2216 1300 versentur
2245 1290 2258 1310 ,
2320 1253 2374 1298 et
2421 1259 2614 1299 rursus
2659 1243 2822 1297 simul
2871 1240 3220 1297 conveniant.
3273 1236 3407 1291 Nam
3457 1246 3510 1291 et

1934 1354 2167 1409 magnus
2200 1336 2404 1392 Paulus
2438 1337 2542 1391 hoc
2579 1334 2787 1389 statuit.
2820 1332 2884 1387 Et
2918 1347 3090 1387 canon
3121 1331 3340 1400 quidem
3378 1328 3511 1383 dicit

1935 1428 2004 1482 de
2040 1429 2108 1482 iis
2135 1427 2230 1495 qui
2276 1425 2663 1481 consenuerint
2697 1440 2710 1477 :
2756 1432 2839 1479 est
2880 1431 3062 1476 autem
3101 1421 3265 1476 etiam
3311 1420 3513 1474 intelli~

1942 1519 2149 1588 gendus
2175 1518 2240 1573 de
2271 1518 2526 1572 omnibus
2574 1516 2921 1586 conjugibus.
2954 1513 3118 1568 Recte
3164 1523 3345 1567 autem
3376 1512 3515 1567 dixit

1940 1610 2100 1673 illud,
2144 1625 2208 1663 ea:
2238 1625 2489 1684 consensu
2528 1626 2544 1663 :
2586 1607 2766 1678 Neque
2787 1608 2923 1660 enim
2966 1606 3044 1660 vir
3075 1605 3227 1659 habet
3273 1606 3357 1658 sui
3397 1621 3514 1658 cor-

1942 1703 2085 1770 poris
2111 1710 2420 1771 potestatem
2443 1744 2456 1766 ,
2495 1716 2585 1754 nec
2614 1700 2800 1752 mulier
2840 1696 2890 1763 ¹,
2919 1698 3219 1752 secundum
3256 1712 3512 1767 magnum

256 1765 589 1790 υννυνυυυυνη
619 1765 716 1776 νυν
765 1765 912 1776 υν-νν
951 1765 1216 1790 νν-ενν--νι
1273 1765 1402 1772 ννν-
1443 1765 1473 1783 -ι
1510 1765 1522 1784 ι
1548 1765 1590 1768 -ν
1626 1765 1678 1781 “11

256 1818 348 1871 τὺν
379 1816 552 1889 μέγαν
585 1813 926 1873 Ἀπόστολον.
981 1812 1078 1865 Διά
1123 1810 1282 1864 τοῦτο
1334 1804 1426 1861 οὖν
1469 1806 1728 1877 ἀλλήλους
1760 1805 1841 1858 δεῖ

1953 1765 2281 1864 Apostolum.
2326 1792 2614 1861 Propterea
2649 1806 2778 1860 ergo
2811 1805 2904 1845 eos
2934 1798 3149 1860 oportet
3188 1790 3327 1844 inter
3354 1765 3417 1843 se
3448 1788 3516 1842 de

259 1910 573 1980 συμφωνεῖν
607 1907 733 1978 περὶ
762 1905 994 1977 ἀποχῆς,
1019 1905 1105 1958 ἵνα
1142 1902 1442 1973 σχολάσωσι
1470 1902 1536 1971 τῇ
1562 1899 1837 1971 προσευχῇ

258 2001 355 2055 καὶ
387 2004 454 2072 τῇ
490 1999 730 2072 νηστείᾳ.
763 2000 826 2052 Εἰ
871 1997 979 2069 γὰρ
1006 1996 1080 2068 μὴ
1113 1998 1177 2049 ὲκ
1222 1994 1537 2065 συμφωνίας
1581 1992 1839 2062 γίνοιτοὴ

259 2092 773 2164 ἀποχὴ,ἀποστερεῖ
798 2089 1014 2152 πάντως
1037 2088 1096 2140 τὸ
1139 2087 1211 2157 μὴ
1244 2084 1563 2155 βουλόμενον
1596 2084 1694 2154 τὴν
1729 2099 1843 2134 συν-

258 2185 451 2238 ουσίαν
510 2182 695 2254 μέρος,
751 2182 811 2234 τδ
851 2180 1055 2250 ταύτην
1109 2175 1421 2247 ὲπιζητοῦν.
1470 2177 1580 2229 Καὶ
1632 2174 1749 2236 πῶς
1778 2173 1841 2226 ἂν

260 2274 465 2342 δόξειεν
496 2273 829 2339 ἐξουσιάζειν
852 2270 944 2324 τοῦ
996 2268 1244 2339 σώματος
1267 2267 1358 2320 τοῦ
1391 2266 1464 2338 μὴ
1499 2264 1842 2336 συγχιιψοῦν-

261 2384 353 2430 τος
406 2366 606 2437 μέρους
635 2365 696 2417 τὸ
720 2364 818 2435 τὴν
854 2363 1146 2431 συνάφειαν
1174 2358 1368 2428 ζητοῦν
1402 2359 1497 2413 καὶ
1530 2359 1602 2429 μὴ
1633 2373 1816 2427 συγχω

267 2457 561 2529 ρούμενον;
601 2455 895 2527 Συμϐαίνει
920 2454 976 2507 δὲ
1022 2452 1113 2506 καὶ
1137 2450 1235 2522 τὴν
1269 2449 1360 2503 τοῦ
1396 2450 1622 2518 θατέρου
1652 2447 1848 2518 ἐγκρά-

264 2566 417 2604 τειαν
444 2551 522 2612 είς
549 2547 755 2619 βλάϐην
799 2547 930 2609 ἴσως
975 2543 1290 2598 ἀποϐαίνειν
1338 2541 1585 2609 θατέρου.
1632 2539 1694 2591 Εἰ
1737 2537 1846 2608 γὰρ

267 2643 486 2697 νικᾶται
512 2640 616 2693 ὑπὸ
638 2640 737 2711 τῆς
761 2635 1054 2707 ἐπιθυμίας
1076 2636 1171 2688 καὶ
1196 2634 1253 2687 οὐ
1280 2632 1711 2704 παραχωρεῐται,
1760 2647 1848 2681 πε-

270 2734 580 2807 ριπεσεῖται
606 2730 750 2801 μίξει
776 2728 1019 2799 ἀθέσμῳ.
1074 2727 1221 2798 Ἐρεῖ
1243 2725 1298 2777 δέ
1325 2742 1427 2788 τις,
1452 2723 1527 2785 ὡς
1554 2722 1675 2775 ὲ.πεὶ
1695 2723 1723 2773 6
1752 2739 1848 2772 κα-

268 2826 378 2878 νών
408 2841 573 2895 φησιν
596 2820 1006 2876 ἀποδιῖστασθαι
1033 2820 1157 2881 τοὺς
1201 2816 1500 2888 ὁμοζύγους
1540 2814 1626 2868 ἵνα
1654 2811 1847 2883 σχολά-

270 2933 408 2971 σωσι
432 2917 499 2985 τῇ
528 2913 824 2985 προσευχῇ,
854 2912 881 2964 6
944 2908 1266 2970 Ἀπόστολος
1298 2907 1354 2959 δὲ
1381 2905 1670 2976 διορίζεται
1702 2903 1851 2956 ἀδια-

269 3008 508 3069 λείπτως
529 3006 678 3077 ἡμᾶς
704 2996 1123 3075 προσεύχεσθαι,
1149 3000 1235 3052 ἀεὶ⁹
1257 2998 1362 3070 χρὴ
1389 2999 1480 3051 καὶ
1526 2999 1648 3060 τοὺς
1678 3013 1850 3049 συνοι-

270 3097 506 3160 κοῦντας
550 3096 796 3166 ἀλλήλων
839 3091 1140 3163 ἀπέχεσθαι
1161 3107 1175 3157 ;

270 3188 592 3263 προσευχῆς
615 3189 643 3241 6
666 3186 822 3254 λόγος
855 3184 992 3237 ἐστί’
1047 3183 1172 3255 περὶ
1209 3182 1264 3236 δὲ
1308 3182 1406 3252 τῆς
1434 3180 1854 3250 σπουδαιοτέροις

271 3281 445 3353 ήγουν
469 3278 567 3349 τῆς
591 3276 701 3330 τῶν
733 3275 903 3343 ἁγίων
951 3272 1233 3345 νηστειῶν,
1262 3272 1343 3324 ὅτι
1379 3272 1471 3324 καὶ
1496 3271 1582 3324 διὰ
1614 3268 1705 3322 τοῦ
1730 3271 1858 3322 Μω-

277 3373 417 3436 σέως
436 3374 466 3425 ό
505 3370 638 3433 Θεὸς
662 3367 1092 3440 παρηγγυήσατο
1114 3366 1225 3428 τοῖς
1263 3362 1535 3425 Ἰουδαίοις
1578 3361 1856 3430 μέλλουσιν

273 3463 510 3518 ἀκοῦσαι
534 3460 641 3514 τῶν
664 3461 722 3514 ὲν
746 3459 825 3529 τῷ
848 3456 964 3528 ὅρει
986 3455 1146 3508 θείων
1168 3452 1380 3522 φωνῶν,
1411 3450 1712 3522 ἀπέχεσθαι
1750 3450 1857 3504 τῶν

274 3555 494 3609 οἰκείων
523 3548 798 3624 γαμετῶν.
825 3548 937 3603 Καὶ
962 3550 988 3600 6
1014 3545 1296 3617 προφήτης
1320 3543 1494 3613 Ἰωήλ·
1534 3540 1857 3611 Ἀγιάσατε,

277 3646 435 3717 φησὶ,
488 3641 797 3711 νηστείαν,
854 3637 951 3691 καὶ
1008 3632 1295 3699 ἐξελθέτω
1353 3633 1611 3700 νυμφίος
1656 3633 1722 3685 ἐκ
1754 3631 1860 3685 τοῦ

279 3736 568 3800 κοιτῶνος
593 3732 802 3794 αὑτοῦ,
831 3730 929 3784 καὶ
962 3730 1164 3797 νύμφη
1216 3725 1284 3778 ἐκ
1335 3723 1440 3777 τοῦ
1465 3723 1700 3776 παστοῦ
1757 3724 1862 3776 αὺ-

278 3826 409 3897 τηῆς.
442 3826 662 3880 Τούτων
708 3823 765 3876 δὲ
817 3821 988 3884 οὕτως
1036 3820 1288 3890 ἐχόντων,
1339 3816 1398 3869 οὐ
1446 3813 1652 3893 συνορῶ
1688 3814 1863 3877 ποίοις

280 3919 581 3990 ἐπιτιμίοις
606 3912 1181 3982 καθυποόληθήσονται
1230 3909 1277 3960 οἱ
1316 3905 1488 3960 ταῦτα
1539 3905 1617 3976 μὴ
1663 3903 1864 3973 φυλάτα-

281 4028 487 4074 τοντες.
518 4007 743 4079 Νομίζω
785 4006 841 4058 δὲ
884 4005 965 4057 ὅτι
1007 4000 1149 4056 κατά
1190 4000 1287 4070 τὴν
1329 3996 1601 4067 διάκρισιν
1627 3993 1719 4048 τοῦ
1765 3993 1863 4065 τὴν

284 4102 605 4176 ὲξαγορείαν
629 4096 921 4170 δεχομένου
948 4097 981 4166 ἡ
1006 4091 1270 4164 θεραπεία
1312 4090 1600 4160 γενήσεται
1626 4087 1760 4160 πρὸς
1797 4087 1865 4140 τὰ

285 4196 555 4267 πρόσωπα
576 4191 671 4246 καὶ
694 4191 792 4260 τὴν
814 4188 1057 4256 ἀνάγκην
1078 4184 1174 4254 τῆς
1198 4181 1430 4251 φύσεως.
1462 4180 1570 4233 Καὶ
1595 4177 1863 4247 ἀνάγνωθι

283 4287 376 4339 τὸν
406 4287 483 4359 ρβ¹
542 4281 741 4336 κανόνα
761 4279 862 4350 τῆς
883 4280 941 4331 ὲν
962 4275 1039 4347 τῷ
1062 4273 1315 4346 Τρούλλῳ
1348 4269 1582 4324 συνόδου.

357 4376 604 4431 ΖΩΝΑΡ.
647 4373 781 4444 Περὶ
806 4368 913 4424 τῶν
939 4370 994 4422 ὲν
1020 4367 1182 4438 γάμῳ
1202 4365 1419 4436 νομίμῳ
1451 4362 1705 4434 βιούντων
1731 4362 1868 4432 ἐρω-

1940 1884 2269 1940 continendo
2312 1883 2649 1947 consentire,
2691 1892 2749 1935 ut
2786 1889 2976 1935 vacent
3024 1880 3258 1934 orationi
3292 1890 3344 1934 et
3376 1879 3521 1950 jeju-

1942 1974 2054 2029 nio.
2109 1972 2223 2028 Nisi
2268 1972 2411 2027 enim
2456 1986 2520 2024 ex
2566 1986 2835 2025 consensu
2873 1970 3211 2032 abstineant,
3242 1985 3367 2038 pars
3397 1984 3521 2036 quae

1941 2079 2048 2119 non
2085 2065 2204 2117 vult
2255 2064 2480 2117 omnino
2527 2062 3006 2130 conjunctionem,
3058 2060 3354 2115 frustratur
3395 2076 3516 2114 eam

1944 2171 2064 2226 quze
2093 2156 2327 2224 postulat
2359 2172 2371 2207 :
2403 2162 2456 2206 et
2486 2154 2763 2223 quomodo
2796 2167 2858 2207 ea
2891 2169 3014 2221 pars
3041 2168 3162 2222 qua:
3185 2151 3520 2222 conjunctio-

1945 2262 2067 2301 nem
2101 2246 2293 2315 quaerit
2334 2255 2386 2297 et
2415 2260 2521 2297 non
2553 2244 2899 2313 permittitur,
2941 2244 3059 2312 ejus
3100 2260 3221 2313 quae
3260 2258 3367 2298 non
3398 2259 3521 2313 per-

1945 2324 2109 2390 mittit
2154 2342 2473 2405 potestatem
2509 2334 2709 2389 habere
2753 2335 3037 2387 videatur?
3078 2333 3287 2388 Accidit
3337 2341 3519 2387 autem

1946 2437 2006 2481 ut
2031 2426 2193 2480 etiam
2235 2426 2460 2479 alterius
2504 2424 2837 2478 continentia
2877 2424 3101 2477 alterius
3126 2425 3293 2493 partis
3321 2426 3517 2479 danme

1947 2519 2121 2572 cedat.
2176 2516 2231 2570 Si
2282 2520 2427 2570 enim
2484 2532 2515 2569 a
2564 2517 2860 2586 cupiditate
2910 2516 3163 2581 vincitur,
3219 2524 3271 2571 et
3319 2533 3427 2571 non
3465 2518 3520 2575 ﬁt

1947 2610 1995 2664 ei
2045 2618 2301 2678 potestas,
2355 2609 2407 2661 in
2456 2611 2658 2662 coitum
2714 2608 3051 2677 illegitimum
3114 2607 3337 2662 incidet.
3384 2607 3521 2664 Dicit

1949 2710 2127 2754 autem
2182 2700 2450 2768 quispiam
2503 2718 2515 2753 :
2567 2698 2702 2752 Cum
2748 2714 2924 2753 canon
2987 2698 3132 2751 dicat
3188 2701 3522 2767 separandos

1949 2804 2068 2843 esse
2115 2791 2376 2857 conjuges
2432 2799 2491 2843 ut
2549 2789 2781 2843 orationi
2834 2797 3055 2854 vacent,
3100 2787 3289 2842 definit
3340 2797 3520 2843 autem

1949 2881 2243 2949 Apostolus
2294 2897 2393 2934 nos
2431 2881 2627 2934 debere
2668 2881 2785 2933 sine
2817 2879 3228 2934 intermissione
3266 2895 3425 2935 orare
3458 2888 3477 2919 ³
3510 2894 3521 2935 ;

1952 2989 2235 3041 Semperne
2300 2981 2512 3040 Oportet
2539 2989 2633 3027 eos
2661 2972 2752 3041 qui
2783 2972 3117 3038 collabitant,
3152 2987 3180 3026 a
3211 2987 3268 3026 se
3295 2971 3523 3025 invicem

1241 3063 1378 3147 ’Χλὶθ
1406 3090 1466 3142 οὐ
1522 3088 1646 3160 περὶ
1670 3088 1849 3158 πάσης

1954 3064 2264 3117 abstinere?
2302 3064 2395 3117 sed
2437 3080 2542 3118 non
2575 3064 2639 3118 de
2667 3064 2862 3133 quavis
2903 3064 3151 3118 oratione
3193 3063 3392 3132 agitur,
3435 3064 3525 3117 sed

1954 3156 2020 3209 (le
2067 3156 2484 3223 praestantiore,
2535 3165 2849 3209 sanctorum
2908 3154 3120 3209 scilicet
3168 3153 3526 3222 jejuniorum.

1956 3246 2089 3300 Nam
2120 3256 2175 3300 et
2206 3262 2299 3315 per
2326 3246 2565 3316 Moysem
2603 3245 2746 3300 Deus
2776 3244 2979 3301 Judmis
3001 3246 3215 3300 divinas
3256 3259 3420 3302 voces
3471 3247 3527 3300 in

1958 3348 2142 3393 monte
2199 3339 2469 3393 audituris
2516 3339 2775 3408 prtecepit
2818 3349 2876 3393 ut
2925 3355 2955 3393 a
2996 3340 3234 3409 propriis
3264 3341 3527 3395 uxoribus

1960 3432 2298 3487 abstinerent
2348 3431 2393 3484 ⁸.
2439 3430 2504 3485 Et
2537 3433 2800 3501 propheta
2835 3430 2952 3486 Joel
2984 3450 2997 3486 :
3032 3430 3397 3501 Sanctiﬁcate,
3442 3433 3527 3488 in-

1960 3527 2107 3595 quit,
2143 3524 2431 3593 jeiunium,
2466 3534 2515 3578 et
2554 3534 2703 3578 exeat
2744 3541 2963 3594 sponsus
3002 3540 3067 3580 ea:
3110 3525 3275 3579 cubili
3309 3542 3439 3597 suo,
3479 3534 3531 3580 et

1961 3634 2151 3688 sponsa
2187 3634 2252 3673 ea:
2284 3634 2378 3671 suo
2414 3618 2646 3672 thalamo
2700 3621 2744 3673 '.
2793 3618 2932 3673 Cum
2977 3619 3092 3673 haec
3136 3627 3316 3674 autem
3357 3619 3433 3674 ita
3473 3634 3533 3674 se

1962 3712 2218 3774 habeant,
2249 3726 2356 3766 non
2400 3709 2561 3765 video
2593 3710 2917 3776 quibusnam
2953 3711 3131 3780 pcenis
3172 3710 3533 3782 subjicientur

1963 3800 2056 3870 qui
2108 3801 2221 3854 haec
2269 3814 2376 3852 non
2431 3806 2671 3853 servant.
2732 3798 2996 3852 Existimo
3032 3808 3211 3852 autem
3256 3799 3398 3868 quod
3435 3815 3534 3868 pro

1961 3890 2170 3962 judicio
2204 3891 2322 3958 ejus
2351 3889 2444 3958 qui
2487 3890 2638 3943 audit
2674 3889 3098 3955 confessionem,
3128 3889 3400 3943 medicina
3438 3889 3534 3943 ad-

1966 3983 2181 4036 hibetur
2214 3981 2485 4052 personis,
2532 3988 2586 4036 et
2635 3982 2942 4037 necessitati
2991 3992 3217 4034 naturm.
3271 3980 3409 4050 Lege
3438 3980 3535 4033 102

1966 4089 2089 4129 can.
2115 4089 2232 4145 syn.
2267 4074 2321 4127 in
2348 4071 2557 4127 Trullo.

2041 4347 2239 4403 ZONAR.
2280 4347 2354 4401 De
2398 4346 2465 4402 iis
2502 4347 2594 4416 qui
2641 4346 2880 4415 legitimo
2919 4344 3060 4399 inter
3094 4358 3153 4398 se
3189 4341 3540 4397 matrimonio

287 4426 555 4541 τηθεῖςεί
588 4465 692 4537 χρὴ
724 4426 1312 4535 ἀπέχεσθαι-ἀλλήλων,
1334 4426 1548 4526 ιὲφηυσεν
1598 4453 1673 4516 ὡς
1716 4426 1849 4521 ὀφεί-

1973 4440 2210 4509 copulati
2243 4447 2390 4503 sunt,
2434 4445 2659 4508 rogatus
2696 4452 2831 4492 num
2872 4437 3146 4491 abstinere
3185 4433 3414 4487 invicem
3444 4432 3541 4486 de-

288 4560 470 4615 λουσιν
520 4560 570 4612 οἱ
622 4557 850 4611 τοιοῦτοι
893 4553 1047 4607 αὐτοὶ
1094 4548 1298 4605 ἑαυτῶν
1352 4545 1489 4602 εἶναι
1520 4547 1725 4617 κριταὶ,
1773 4543 1866 4597 καί

292 4665 422 4703 ποτε
474 4646 719 4717 ἀλλήλων
765 4640 1063 4713 ἀπέχεσθαι
1117 4642 1181 4692 ὲκ
1233 4633 1543 4707 συμφώνου,
1583 4635 1748 4704 ’ήγουν
1803 4633 1867 4683 ὲκ

289 4736 472 4791 κοινοῦ
504 4733 825 4805 θελήματος.
863 4730 999 4785 Οὔτε
1030 4730 1137 4802 γὰρ
1170 4730 1198 4782 6
1241 4725 1379 4798 ἀνὴρ
1428 4723 1727 4791 ἐξουσιάζει
1772 4720 1865 4773 τοῦ

294 4825 425 4878 ἰδίου
456 4821 726 4893 σώματος,
759 4818 883 4873 οὔτε
926 4821 958 4889 ὴ
1006 4816 1163 4887 γυνὴ,
1198 4813 1341 4869 κατά
1366 4813 1456 4868 τὸν
1493 4812 1664 4883 μέγαν
1709 4810 1869 4862 Ἀπό-

293 4916 500 4971 στολον.
531 4912 629 4965 Διά
659 4910 818 4964 τοῦτο
869 4905 961 4963 οὖν
1013 4907 1321 4978 συμφωνεῖν
1351 4902 1610 4974 ἀλλήλους
1637 4901 1717 4954 δεῖ
1746 4901 1873 4970 περὶ

293 5006 508 5077 ἀποχῆς
540 5004 627 5057 ἵνα
654 5000 956 5073 σχολάσωσι
988 5001 1055 5070 τῇ
1090 4998 1385 5068 προσευχῇ,
1409 4994 1502 5047 καὶ
1535 4995 1600 5066 τῇ
1629 4992 1870 5064 νηστεία.

295 5099 360 5152 Et
396 5098 471 5168 μὴ
503 5096 613 5165 γὰρ
645 5096 710 5146 ὲκ
740 5090 1028 5163 συμφώνου
1061 5089 1261 5158 γίνοιτο
1289 5090 1321 5159 ή
1351 5087 1549 5157 ἀποχὴ,
1585 5087 1876 5156 ἀποστερεῖ

298 5190 518 5251 πάντως
554 5185 616 5239 τὸ
663 5184 737 5257 μὴ
772 5182 1093 5255 βουλόμενον
1128 5181 1228 5251 τὴν
1262 5178 1547 5232 συνουσίαν
1596 5177 1778 5248 μέρος,
1812 5174 1874 5227 τὸ

297 5280 503 5350 ταύτην
537 5274 850 5349 ὲπιζητοῦν.
880 5274 991 5329 Καὶ
1018 5272 1135 5337 πῶς
1174 5271 1238 5326 ἂν
1272 5269 1398 5344 δόξῃ
1425 5269 1756 5335 ὲξουσιάζειν
1784 5265 1875 5320 τοῦ

1972 4530 2154 4593 beant,
2171 4527 2739 4598 respondit,oportere
2758 4527 3026 4595 ipsosmet
3053 4525 3139 4581 sui
3164 4539 3285 4581 esse
3306 4523 3540 4593 judices,

1972 4629 2026 4676 et
2064 4619 2358 4690 aliquando
2400 4618 2674 4673 abstinere
2712 4617 2980 4681 invicem,
3019 4632 3084 4671 ex
3114 4631 3406 4681 consensu,
3439 4614 3545 4669 hoc

1974 4720 2055 4767 est
2084 4711 2360 4767 communi
2401 4708 2690 4778 utriusque
2717 4707 3021 4762 voluntate.
3068 4707 3254 4778 Neque
3284 4707 3429 4762 enim
3461 4707 3545 4760 vir

1950 4806 2296 4875 “potestatem
2342 4801 2505 4856 habet
2557 4800 2642 4856 sui
2695 4799 2962 4868 corporis,
3013 4814 3190 4868 neque
3236 4798 3452 4864 mulier,
3486 4805 3546 4852 ut

1978 4910 2210 4965 magnus
2238 4893 2533 4962 Apostolus
2568 4891 2662 4946 ait.
2698 4890 2934 4945 Proinde
2971 4904 3102 4960 ergo
3134 4888 3427 4945 convenire
3464 4889 3549 4942 in-

1934 5058 1939 5069 ‘
1980 4995 2060 5041 ter
2086 5002 2145 5041 se
2176 4985 2403 5039 invicem
2432 4992 2645 5052 oportet
2673 4984 2738 5038 de
2763 4981 3110 5045 abstinentia,
3143 4988 3205 5036 ut
3244 4980 3547 5050 precationi

1983 5095 2046 5135 ac
2080 5078 2287 5149 jejunio
2311 5084 2518 5131 vacent.
2552 5073 2762 5131 Etenim
2803 5076 2849 5131 si
2882 5089 2989 5130 non
3024 5088 3091 5129 ex
3119 5086 3391 5129 consensu
3421 5073 3549 5127 abs-

1979 5171 2206 5235 tineant,
2260 5166 2535 5222 fraudabit
2596 5166 2753 5237 plane
2786 5181 2852 5222 ea
2885 5181 3012 5237 pars
3041 5181 3164 5236 quae
3193 5179 3550 5236 congressum

1977 5260 2178 5327 renuit,
2213 5260 2437 5313 alteram
2478 5274 2601 5328 quae
2638 5259 2784 5315 hunc
2818 5260 3081 5330 deposcit.
3115 5257 3280 5330 Atqui
3309 5271 3548 5328 quonam

303 5348 555 5444 σώματος
582 5348 786 5439 τοῦμὴ
822 5364 1228 5437 συγχωροῦντος
1258 5362 1474 5433 μέρους,
1502 5360 1564 5414 τὸ
1588 5360 1685 5431 τὴν
1721 5359 1849 5412 συνά

1983 5355 2142 5411 modo
2203 5352 2355 5408 dicas
2411 5358 2732 5421 potestatem
2793 5350 2990 5405 habere
3056 5350 3109 5405 in
3170 5364 3371 5420 corpus
3431 5348 3551 5419 ejus

303 5440 464 5535 φειαν
495 5459 693 5532 ζητοῦν
723 5460 814 5513 καὶ
860 5454 930 5529 μὴ
975 5454 1452 5526 συγχωρούμενονς
1500 5452 1795 5522 Συμὸαίνει
1824 5450 1849 5502 δ

1982 5447 2151 5516 partis
2176 5459 2299 5515 quae
2332 5458 2683 5513 congressum
2733 5442 2945 5509 abnuit,
2981 5442 3205 5497 alteram
3259 5440 3348 5496 cui
3385 5441 3553 5510 depo-

307 5528 406 5608 κσὶ
445 5528 563 5624 τὴνν
591 5550 817 5622 θατέρου
861 5528 1208 5618 ἐγκράτειαν,
1242 5545 1322 5608 εἰς
1352 5543 1555 5615 βλάϐην
1588 5542 1718 5606 ἴσως
1745 5542 1849 5595 ἀπο

1985 5536 2155 5594 scentl
2213 5535 2303 5589 ille
2352 5533 2774 5604 haudquaquam
2840 5532 3212 5603 permittitur?
3270 5528 3553 5600 Contingit

298 5767 312 5778 -
405 5738 418 5767 ³
456 5740 472 5793 l
504 5739 630 5795 Cor.
668 5754 763 5800 vn,
800 5737 852 5791 5.
947 5728 966 5756 ¹
1013 5734 1141 5789 ΙιιὶιΙ.
1178 5733 1227 5786 ί.
1327 5725 1345 5755 ³
1387 5729 1408 5784 Ι
1440 5728 1631 5784 Thess.
1665 5745 1713 5795 ιι,
1750 5728 1832 5781 l7.

1953 5733 1956 5742 ’
1998 5725 2163 5778 Exod.
2204 5741 2313 5786 xix,
2345 5724 2429 5779 l5.
2528 5720 2546 5749 ⁵
2584 5722 2719 5776 Joel.
2748 5739 2805 5787 ιι,
2841 5722 2928 5781 15.
2966 5720 3047 5776 16.
