3944 6382
382 307 486 371 473

1404 362 1421 372 .
1469 304 1550 366 ΙΝ
1590 306 1829 366 ΕΡΙΞΤ.
1872 304 1934 366 S.
1975 304 2317 365 DlONYsll
2364 302 2577 366 ALEX.

3515 299 3619 366 474

386 437 530 487 κεῖον
563 429 799 496 συνειδὸς
823 431 1011 504 κριτὴν
1040 429 1308 501 ἐχέτωσαν
1332 443 1345 459 ·
1380 429 1521 483 ὥστε
1554 429 1602 481 εἰ
1640 426 1738 499 μὲν
1768 428 1840 499 μή
1874 444 1942 480 τι-

2050 424 2284 495 judicent
2335 426 2568 480 habeant
2630 426 2902 496 propriam
2958 424 3387 484 conscientiam;
3449 431 3507 477 ut
3561 423 3607 477 si

383 538 472 584 νος
504 520 806 591 ἐμπαθείας
837 519 1321 592 προϋποκειμένης,
1346 518 1540 589 συνέϐη
1566 519 1746 581 αὐτοῖς
1766 518 1942 584 τοῦτο,

382 612 700 682 αὐτομάτως
750 613 847 682 τῆς
888 610 1097 680 φύσεως
1146 611 1470 681 ὲκκρινάσης
1510 611 1584 673 ὡς
1631 611 1945 680 περίττωμα

382 701 478 774 τὴν
530 703 746 772 ὲκροὴν,
779 703 877 753 οὐκ
925 701 1403 770 ὲμποδισθήσονται
1446 699 1553 750 τῶν
1594 699 1945 766 ἁγιασμάτων

386 792 724 862 μεταλαϐεῖν.
764 793 824 843 Εἰ
856 791 911 843 δέ
942 808 1050 842 τισι
1084 790 1427 860 προῦπῆρξεν
1469 790 1525 853 ἐξ
1555 790 1826 858 ἐμπαθῶς
1860 790 1946 842 λο-

381 879 578 948 γισμοῦ
612 880 894 948 ἐπιθυμία,
922 882 1012 933 καὶ
1037 880 1209 950 ταύτῃ
1242 879 1668 949 ἐπηκολούθησεν
1701 878 1883 949 ἐκροὴ,
1910 880 1942 950 ἢ

386 967 441 1033 ἐξ
469 971 734 1039 ἀκρασίας
758 971 1056 1040 βρωμάτων
1094 973 1186 1024 καὶ
1221 974 1428 1033 πόσεως
1464 972 1654 1041 συνέϐη
1699 972 1873 1035 τοῦτο,
1897 974 1944 1025 οἱ

387 1058 610 1111 τοιοῦτοι
631 1062 730 1111 οὐκ
752 1061 856 1111 εἰσὶ
876 1062 1100 1131 καθαροί
1122 1078 1134 1089 ·
1166 1061 1226 1112 οὐ
1255 1061 1339 1111 διὰ
1362 1062 1458 1129 τὴν
1485 1060 1636 1129 ρῦσιν
1661 1061 1751 1113 τοῦ
1781 1064 1945 1133 σπέρ-

386 1166 548 1218 ματος
584 1148 680 1218 (οὐ
716 1151 821 1219 γὰρ
852 1151 1154 1220 ἀκάθαρτον
1199 1149 1373 1212 τοῦτο,
1409 1150 1528 1200 ἐπεὶ
1574 1151 1703 1219 μηδὲ
1738 1152 1769 1218 ἡ
1811 1150 1945 1220 σὰρξ

381 1239 441 1304 ἐξ
462 1233 529 1308 ἦς
558 1241 728 1291 ἐκεῖνο
755 1240 1070 1310 περίττευμα
1094 1242 1131 1305 ),
1166 1240 1301 1292 ἀλλὰ
1330 1240 1416 1291 διὰ
1445 1240 1504 1291 τὸ
1536 1240 1763 1309 πονηρὸν
1794 1240 1944 1290 ἐνθύ-

383 1345 504 1397 μιον
534 1331 669 1401 ὅπερ
696 1331 917 1399 ὲμόλυνε
941 1333 1036 1401 τὴν
1061 1330 1313 1383 διάνοιαν.
1333 1331 1390 1382 '0
1419 1329 1545 1397 γοῦν
1576 1329 1827 1390 τοιοῦτος,
1846 1330 1944 1381 οὐκ

380 1419 767 1490 εὐσυνείδητος,
806 1421 1093 1473 κάντεῦθεν
1124 1421 1227 1473 οὐδ’
1261 1422 1724 1490 εὐπαρῤησίαστος
1764 1423 1841 1482 εις
1884 1420 1944 1473 τὸ

380 1508 696 1578 προσελθεῖν
718 1510 794 1579 τῷ
815 1510 950 1579 Θεῷ.
969 1512 1188 1578 Ἐπάγει
1212 1511 1265 1563 δὲ
1291 1512 1383 1563 καὶ
1410 1512 1507 1578 τὴν
1538 1511 1730 1581 χρῆσιν
1760 1512 1823 1562 ἐκ
1849 1512 1941 1564 τοῦ

382 1599 621 1668 μεγάλου
654 1600 866 1652 Παύλου
900 1600 1204 1670 γράψαντος
1248 1601 1371 1670 περὶ
1412 1600 1519 1652 τῶν
1558 1601 1940 1665 εἰδωλοθύτων,

377 1690 461 1742 ὅτι
493 1693 526 1744 ὁ
557 1690 1017 1758 διακρινόμενος,
1049 1692 1156 1744 ἐὰν
1175 1691 1355 1760 φάγῃ,
1388 1691 1811 1758 κατακέκριται.
1839 1694 1944 1743 Πε-

2051 518 2196 569 nulla
2225 518 2561 586 prazcedente
2596 518 2763 571 animi
2796 517 3197 587 perturbatione
3227 517 3329 570 hoc
3353 515 3432 570 eis
3462 517 3609 568 arei-

2049 606 2220 670 derit,
2257 615 2449 660 natura
2482 622 2581 662 sua
2614 617 2804 676 sponte
2841 607 2979 660 hanc
3014 606 3306 659 ﬂuxionem
3350 614 3605 672 tanquam

2049 706 2450 751 excrementum
2508 709 2868 756 excernente.
2929 712 3037 750 non
3084 695 3441 763 impediantur
3489 710 3609 748 esse

2050 797 2510 841 sacramentorum
2566 788 2879 857 participes.
2933 785 3244 853 Si.quibus
3309 797 3486 837 autem
3542 798 3607 836 ex

2052 878 2281 932 rationis
2332 881 2732 946 perturbatione
2774 878 3090 945 praeexstitit
3132 878 3419 944 cupiditas,
3469 891 3605 928 eam-

2050 982 2155 1035 que
2189 969 2405 1022 emuxio
2435 978 2724 1023 consecuta
2758 969 2847 1031 sit,
2881 970 2958 1020 vel
2985 985 3048 1021 ex
3079 969 3321 1021 ciborum
3348 978 3611 1035 potusque

2051 1059 2463 1125 intemperantia
2498 1063 2597 1113 hoc
2635 1060 2894 1119 evenerit,
2950 1058 2983 1110 ii
3015 1060 3130 1125 puri
3165 1074 3270 1110 non
3306 1068 3467 1119 sunt;
3504 1073 3609 1110 non

2056 1159 2271 1214 propter
2304 1150 2505 1202 ﬂuxum
2540 1152 2762 1204 seminis
2794 1151 2921 1217 (non
2953 1158 3035 1203 est
3066 1149 3206 1201 enim
3243 1148 3342 1201 hoc
3376 1150 3611 1200 ittllltu21~

2049 1238 2199 1300 dum,
2231 1240 2367 1291 sicut
2407 1256 2504 1293 nec
2531 1257 2689 1299 caro,
2724 1242 2879 1308 cujus
2922 1250 3006 1293 est
3031 1240 3481 1297 excrementum),
3515 1238 3608 1290 sed

2050 1338 2265 1393 propter
2297 1330 2490 1381 malam
2533 1332 2935 1398 cogitationem,
2962 1346 3083 1396 qua:
3120 1338 3350 1382 mentem
3396 1330 3604 1395 polluit.

2048 1412 2151 1480 Qui
2202 1417 2364 1485 igitur
2412 1427 2493 1472 est
2533 1420 2821 1486 ejusmodi,
2868 1436 2974 1473 non
3019 1421 3177 1472 habet
3230 1420 3423 1471 bonam
3472 1434 3607 1471 con-

2049 1505 2357 1569 scientiam,
2409 1515 2462 1559 et
2500 1523 2604 1558 non
2647 1507 2807 1559 habet
2852 1507 2970 1560 ideo
2998 1515 3312 1574 potestatem
3346 1504 3410 1557 ad
3438 1503 3604 1556 Deum

2049 1597 2358 1649 accedendi.
2415 1597 2704 1665 Suhjnngit
2750 1608 2931 1651 autem
2983 1607 3035 1650 et
3085 1612 3148 1650 ex
3201 1610 3396 1663 magno
3439 1594 3608 1648 Paulo

2050 1690 2393 1753 sententiam,
2439 1689 2533 1757 qui
2584 1690 2798 1765 scripsit
2846 1690 2912 1743 de
2956 1689 3285 1756 idolothytis,
3331 1687 3475 1755 quod
3521 1688 3611 1755 qui

384 1777 435 1848 ρὶ
462 1777 517 1829 δὲ
550 1778 646 1847 τῆς
670 1778 762 1830 τοῦ
796 1779 1107 1849 σπέρματος
1134 1780 1389 1851 ρεύσεως,
1423 1779 1574 1848 ζήτει
1602 1779 1694 1832 καὶ
1725 1780 1818 1832 τοῦ
1857 1798 1942 1850 με-

2047 1777 2287 1839 dubitat,
2333 1778 2377 1830 si
2423 1778 2741 1839 comederit,
2782 1779 3157 1830 condemnatus
3201 1787 3299 1830 est.
3345 1775 3419 1829 De
3462 1776 3609 1829 ﬂuxu

376 1868 544 1935 γάλου
589 1868 902 1922 Ἀθανασίου
956 1870 1238 1940 ἐπιστολὴν
1292 1870 1427 1940 πρὸς
1479 1871 1715 1941 Ἀμμοῦν
1775 1871 1941 1941 μονά-

380 1957 561 2020 ζοντα.

446 2049 687 2100 ΖΩΝΑΡ.
729 2049 837 2101 Καὶ
862 2049 1031 2102 ταῦτα
1070 2049 1205 2119 πρὸς
1237 2047 1501 2119 ἐρώτησιν
1529 2049 1556 2101 ὁ
1590 2050 1776 2121 Πατὴρ
1810 2050 1944 2104 ἁπο-

377 2137 981 2209 κρίνεται.Ἐρωτηθεὶς
1011 2138 1118 2209 γάρ
1144 2141 1191 2191 εἰ
1216 2139 1295 2191 δεῖ
1322 2141 1448 2201 τοὺς
1488 2140 1544 2191 ὲν
1586 2139 1735 2210 ῥύσει
1780 2140 1942 2211 σπέρ-

380 2243 548 2295 ματος
573 2228 893 2296 γενομένους
908 2230 1300 2300 ἀπροαιρέτως,
1318 2229 1422 2282 τῶν
1438 2230 1786 2299 ἁγιασμάτων
1813 2248 1941 2301 μετ-

377 2317 539 2386 έχειν,
573 2318 674 2389 ἔφη
707 2319 809 2381 ὅτι,
840 2321 901 2371 Οἱ
931 2319 1088 2372 τοῦτο
1120 2320 1400 2383 παθόντες,
1457 2320 1532 2391 τῷ
1559 2321 1742 2391 οἰκείῳ
1771 2338 1943 2374 συνει-

374 2407 484 2460 οότι
517 2408 1077 2463 κατακολουθείτωσαν
1106 2427 1117 2441 ’
1152 2411 1317 2480 ἤγουν
1361 2410 1420 2464 τὸ
1463 2411 1696 2474 συνειδὸς
1746 2412 1942 2482 ἐχέτω-

377 2515 477 2550 σαν
526 2498 618 2551 τοῦ
674 2500 991 2570 πράγματος
1024 2501 1301 2572 δικαστὴν,
1331 2503 1428 2573 τὴν
1460 2502 1663 2557 οἰκείαν
1703 2504 1940 2575 δηλονότι

372 2588 796 2642 διάνοιαν.”Ωστε
829 2592 876 2643 εἰ
911 2591 982 2661 μή
1019 2608 1162 2655 τινος
1204 2593 1503 2663 ὲμπαθείας
1544 2596 1942 2666 προϋποκειμέ-

374 2695 473 2748 νης
504 2679 841 2749 συμϐέϐηκεν
873 2681 1189 2751 αὐτομάτως
1231 2684 1263 2753 ἡ
1308 2685 1403 2754 τῆς
1435 2684 1597 2753 γονῆς
1626 2685 1809 2756 ἐκροὴ,
1843 2685 1940 2755 τῆς

374 2762 587 2827 φύσεως
607 2764 772 2834 αὐτὴν
806 2766 879 2829 ὡς
913 2767 1230 2837 περίττωμα
1261 2770 1587 2841 ὲκκρινάσης
1609 2788 1621 2801 ·
1645 2772 1677 2843 ἢ
1701 2776 1747 2825 εἰ
1876 2774 1941 2826 ὲκ

373 2851 657 2921 παροινίας
681 2855 773 2906 καὶ
802 2855 861 2918 ἐξ
887 2857 1222 2926 ἀδδηφαγίας
1243 2860 1474 2928 ἐγένετο,
1497 2862 1593 2913 οὐκ
1616 2862 1942 2935 ὲμποδισθή-

375 2953 524 2991 σεται
564 2942 593 2993 ὁ
625 2942 778 2995 τοῦτο
809 2943 994 2998 παθὼν
1024 2945 1099 3016 τῷ
1124 2948 1262 3016 άγίερ
1299 2950 1612 3021 προσελθεῖν
1645 2951 1939 3025 θυσιαστη-

373 3027 475 3111 ρίῳ
497 3046 510 3059 ’
564 3031 610 3082 εί
663 3031 719 3084 δέ
767 3050 849 3096 τις
883 3036 1229 3106 προῦπῆρξεν
1258 3040 1504 3111 ἐμπαθὴς
1536 3040 1809 3111 λογισμὸς,
1846 3043 1940 3097 καὶ

2048 1874 2228 1918 autem
2278 1867 2545 1929 seminis,
2597 1881 2779 1934 qumre
2832 1866 3013 1935 magni
3064 1880 3282 1935 quoque
3326 1865 3610 1920 Athanasii

2047 1953 2330 2022 epistolam
2369 1956 2435 2007 ad
2464 1938 3102 2009 Ammum‘monactium.

2123 2045 2323 2099 Zomn.
2369 2045 2462 2099 llic
2497 2061 2716 2115 quoque
2744 2044 3041 2113 praeposita:
3086 2045 3495 2114 interrogationi
3527 2062 3614 2102 re-

2049 2136 2278 2205 spondet
2308 2135 2484 2188 Pater.
2534 2135 2774 2204 Rogatus
2807 2150 3043 2202 namque
3076 2150 3142 2187 an
3179 2135 3336 2191 liceat
3383 2137 3450 2192 iis
3489 2139 3613 2207 qui-

2049 2226 2151 2280 bus
2196 2227 2419 2280 seminis
2473 2228 2651 2280 ﬂuxus
2699 2241 2808 2280 non
2854 2234 3047 2293 sponte
3092 2227 3392 2297 contingit,
3441 2232 3612 2287 sacris

2047 2316 2450 2370 communicare
2480 2316 2784 2384 mysteriis,
2831 2316 3111 2383 respondit
3155 2332 3169 2369 :
3213 2316 3315 2382 Qui
3365 2319 3468 2374 hoc
3518 2336 3612 2389 pa-

2048 2406 2287 2470 tiuntur,
2347 2406 2621 2475 propriam
2672 2413 2971 2474 sequantur
3021 2408 3439 2474 conscientiam,
3507 2411 3613 2465 hoc

2046 2506 2150 2560 est,
2201 2496 2325 2551 facti
2375 2498 2612 2566 judiccm
2666 2504 2907 2550 statuant
2959 2498 3388 2563 conscientiam,
3448 2517 3608 2554 suum

2014 2588 2293 2641 .videlieet
2345 2588 2585 2641 animum
2648 2602 2712 2641 ac
2771 2596 3044 2653 mentem;
3100 2592 3174 2644 ita
3213 2599 3272 2644 ut
3316 2592 3360 2646 si
3394 2593 3610 2661 quidem

2046 2678 2194 2732 nulla
2240 2677 2526 2731 aﬂ‘ectione
2566 2678 2972 2746 prregrediente,
3007 2681 3149 2733 ultro
3182 2681 3405 2735 seminis
3433 2682 3610 2739 ﬂuxus

2047 2768 2248 2830 evenit,
2297 2768 2461 2820 veluti
2512 2768 2845 2835 superﬂuum
2894 2771 3021 2839 quid
3073 2771 3250 2839 ipsum
3289 2786 3614 2829 excernente

2047 2867 2243 2913 natura
2271 2898 2284 2920 ,
2344 2874 2520 2928 neque
2557 2860 2629 2912 illi
2667 2876 2883 2914 causam
2912 2862 3204 2917 vinolentia
3240 2864 3320 2917 vel
3352 2865 3612 2934 gulositas

2046 2949 2297 3019 prtebuit,
2327 2950 2394 3003 ad
2421 2958 2669 3002 sanctum
2709 2951 2877 3004 altare
2926 2953 3181 3006 accedere
3207 2955 3298 3022 qui
3333 2955 3380 3006 id
3414 2970 3613 3023 passus

2046 3048 2148 3101 est.
2184 3037 2606 3107 haudquaquam
2650 3040 2953 3105 vetabitur;
3006 3040 3052 3093 si
3096 3055 3225 3094 vero
3260 3041 3474 3094 mollior
3510 3042 3610 3095 ali-

373 3110 530 3181 οὗτος
580 3102 1027 3195 ἐμφιλοχωρήσας
1174 3102 1379 3199 διανοίᾳ
1425 3102 1619 3193 αυτοῦ,
1646 3102 1942 3199 φαντασίαν

2048 3142 2154 3197 qua
2195 3102 2806 3197 c'ogitatio'prmccssit,
2846 3102 3019 3199 caque
3064 3130 3228 3183 menti
3264 3131 3468 3185 diutius
3515 3131 3615 3185 ob-

371 3208 645 3279 ἀπήνεγκε
665 3216 1002 3285 νυκτερινὴν,
1021 3218 1112 3269 καὶ
1141 3218 1307 3289 ταύτῃ
1333 3221 1765 3293 ἐπηκολούθησεν
1787 3226 1818 3294 ή
1846 3227 1944 3296 τῆς

370 3299 538 3368 γονῆς
570 3301 753 3372 ἐκροὴ,
790 3305 882 3356 καὶ
906 3304 965 3368 ἐξ
997 3306 1261 3376 ἀκρασίας
1295 3309 1593 3379 βρωμάτων
1623 3314 1714 3365 καὶ
1737 3314 1944 3376 πόσεως

376 3388 572 3458 συνέϐη
593 3406 605 3418 ο
641 3391 669 3441 ὁ
702 3392 936 3455 τοιοῦτος
966 3394 1024 3446 οὐ
1059 3395 1305 3464 καθαρός
1329 3400 1494 3459 ἐστιν,
1530 3401 1586 3451 οὐ
1621 3400 1706 3452 διὰ
1733 3402 1828 3471 τὴν
1858 3403 1945 3472 ῥῦ-

376 3494 460 3532 σιν
511 3480 605 3532 τοῦ
657 3482 967 3552 σπέρματος
1015 3486 1111 3555 (οὐ
1145 3488 1250 3557 γὰρ
1282 3490 1584 3559 ἀκάθαρτον
1613 3490 1786 3554 τοῦτο,
1821 3493 1943 3545 ἐπεὶ

379 3573 477 3643 μὲν
511 3574 631 3626 οὐδὲ
662 3576 695 3645 ἡ
722 3576 856 3648 σὰρξ
886 3574 953 3652 ἦς
985 3579 1157 3632 ἐκεῖνο
1192 3581 1567 3653 περίττωμα),
1604 3583 1736 3637 ἀλλὰ
1764 3583 1850 3638 διὰ
1881 3586 1943 3639 τὸ

372 3665 612 3735 πονηρὸν
645 3667 910 3739 ἐνθύμιον,
938 3670 1071 3741 ὅπερ
1105 3670 1326 3741 ὲμόλυνε
1344 3673 1440 3741 τὴν
1455 3673 1709 3727 διάνοιαν.
1728 3675 1783 3727 '0
1814 3675 1942 3743 γοῦν

372 3754 612 3819 τοιοῦτος
642 3759 740 3810 οὐκ
777 3762 1162 3832 εὐσυνείδητος,
1199 3763 1487 3816 κάντεῦθεν
1524 3765 1628 3818 οὐδ’
1662 3767 1943 3838 εὐπαρρη-

375 3846 592 3911 σίαστος
623 3848 710 3902 διὰ
740 3850 799 3901 τὸ
834 3849 962 3903 ῖδιον
990 3852 1255 3922 ἐνθύμιον.
1291 3853 1414 3916 Πῶς
1452 3850 1543 3907 οὖν
1587 3857 1942 3926 προσελεύσε-

374 3954 462 3991 ται
485 3936 564 4007 τῷ
592 3937 710 4008 Θεῷ
740 3939 1170 4012 διακρινόμενος;
1208 3943 1429 4009 Ἐπάγει
1453 3944 1508 3999 δὲ
1540 3945 1631 3998 καὶ
1660 3948 1853 4018 χρῆσιν
1879 3950 1943 4003 ὲκ

371 4026 467 4080 τοῦ
514 4028 750 4098 μεγάλου
782 4030 994 4085 Παύλου
1032 4032 1337 4102 γράψαντος
1368 4037 1493 4105 περὶ
1522 4036 1631 4089 τῶν
1666 4038 1944 4093 εἰδωλοθύ-

374 4134 503 4181 των,
530 4118 611 4170 ὄτι
660 4119 1101 4189 διακρινόμενος
1144 4123 1252 4177 ἐὰν
1291 4122 1473 4195 φάγῃ,
1508 4128 1939 4198 κατακέκριται.

374 4208 509 4278 Περὶ
557 4209 616 4262 δὲ
662 4209 762 4280 τῆς
804 4211 896 4264 τοῦ
946 4213 1252 4285 σπέρματος
1283 4215 1515 4285 ρεύσεως
1554 4220 1645 4272 καὶ
1688 4223 1716 4274 ὁ
1768 4221 1943 4292 μέγας

386 4298 699 4363 Ἀθανάσιος
750 4301 998 4368 πλατέως
1038 4304 1269 4377 ἔγραψεν
1319 4308 1455 4379 πρὸς
1499 4309 1737 4381 Ἀμμοῢν
1779 4314 1942 4383 μονά-

376 4386 547 4453 ζοντα.

2045 3229 2260 3275 versata
2312 3230 2631 3273 nocturnam
2684 3221 2916 3289 speciem
2966 3222 3198 3286 induxit,
3232 3239 3394 3292 quam
3425 3235 3612 3293 postea

2046 3316 2271 3371 seminis
2312 3314 2491 3369 ﬂuxus
2534 3324 2617 3369 est
2651 3326 2998 3381 consecutus,
3049 3326 3209 3384 atque
3261 3332 3327 3372 ex
3380 3317 3615 3371 inconti-

2044 3408 2227 3462 nentia
2277 3407 2523 3461 ciborum
2567 3416 2619 3461 et
2650 3409 2882 3477 potionis
2933 3410 3129 3475 evenit,
3173 3411 3313 3463 haud
3359 3411 3612 3481 CSlt‘jllS-

2043 3498 2186 3551 modi
2224 3499 2385 3551 homo
2426 3515 2593 3568 purus
2619 3541 2634 3565 ,
2674 3516 2779 3554 non
2828 3501 2898 3555 ob
2927 3501 3199 3555 deﬂuxnm
3241 3504 3462 3558 seminis
3499 3504 3614 3575 (ne-

2043 3602 2148 3655 que
2174 3586 2317 3639 enim
2348 3587 2452 3643 hoc
2481 3589 2774 3657 impurum,
2802 3591 3239 3660 quandoquidem
3268 3608 3367 3645 nec
3400 3595 3612 3662 impura

2044 3692 2192 3741 caro,
2226 3680 2383 3746 cujus
2412 3679 2514 3733 hoc
2536 3682 2984 3749 excrementum),
3015 3682 3106 3736 sed
3130 3683 3199 3735 ob
3226 3682 3610 3752 cogitationem

2042 3782 2288 3836 pravam,
2331 3783 2450 3836 quae
2493 3769 2734 3821 animum
2786 3770 3111 3839 inquinavit.
3167 3769 3285 3825 Non
3319 3782 3402 3826 est
3430 3774 3613 3842 itaque

2045 3856 2134 3911 hic
2183 3857 2385 3910 nullius
2441 3857 2544 3911 sibi
2591 3859 2846 3913 conscius
2896 3860 3069 3923 labis,
3120 3861 3457 3930 proindeque
3513 3879 3614 3918 nec

2041 3947 2198 4015 plena
2255 3948 2333 4000 illi
2382 3948 2596 4013 ﬁducia,
2649 3949 2720 4003 ob
2753 3965 2904 4003 suam
2951 3952 3322 4020 cupiditatem.
3369 3953 3484 4017 Qua
3522 3969 3613 4007 ra-

2044 4038 2190 4092 tione
2230 4037 2392 4108 igitur
2421 4037 2531 4092 Deo
2564 4041 3018 4109 apprOpinquabit
3053 4042 3347 4095 dubitans?
3378 4041 3613 4111 Suhjicit

2044 4146 2263 4201 quoque
2318 4131 2500 4201 magni
2554 4130 2709 4185 Pauli
2763 4134 3126 4199 sententiam,
3173 4132 3241 4187 de
3299 4135 3610 4206 idolothytis

2042 4222 2351 4285 scribentis,
2389 4223 2533 4291 quod
2568 4224 2617 4277 si
2644 4224 2891 4277 dubitans
2931 4225 3187 4290 comedat,
3234 4230 3609 4279 condemnatus

2041 4322 2139 4366 est.
2188 4311 2357 4368 Porro
2402 4314 2470 4369 de
2512 4315 2736 4369 seminis
2786 4314 3054 4381 ﬂuxione,
3110 4330 3339 4387 magnus
3391 4330 3612 4385 quoque

2040 4403 2372 4458 Athanasius
2420 4405 2606 4460 multis
2653 4405 2832 4460 verbis
2873 4406 2936 4460 ad
2969 4406 3226 4460 Ammum
3278 4403 3607 4460 monachum

2041 4503 2249 4528 στὶν-ῖνδήῖο
