3944 6386
415 322 519 383 4ῗό
1476 394 1479 397 _
1703 320 1984 384 'J'UEOD.

2079 323 2430 386 ALSAMON
3519 334 3612 398 476

2272 504 2439 512 ..ν-..-
2446 506 2447 509 η

1268 592 2036 909 SANCTI
2123 735 2770 906 PETRI

847 1059 1388 1155 EPISCOPI
1461 1061 2294 1152 ALEXANDRINI
2372 1064 2522 1154 ET
2593 1061 3213 1154 MARTYRIS

1271 1292 1961 1408 EPISTOLA
2055 1292 2835 1442 CANONIGA,

434 495 3593 534 mw

482 1694 570 1761 (8.
593 1693 737 1745 Petri
758 1693 1079 1746 Alexandrini
1100 1694 1323 1766 Canones
1351 1688 1797 1766 postpeveregium
1815 1691 1970 1766 edidit
1997 1693 2112 1766 _Ang
2142 1693 2470 1766 Μειῇηεηὶεἰί.
2508 1698 2641 1766 itam.
2677 1708 2760 1766 χιι,
2795 1697 2907 1766 ut.
2928 1728 2989 1736 —
3010 1700 3081 1751 Ex
3108 1705 3255 1754 variis
3287 1703 3571 1756 lectionibus

1185 1756 1402 1818 potiores
1421 1756 1725 1816 admisimus;
1755 1756 1972 1815 reliquas
1996 1758 2153 1804 textui
2178 1756 2488 1823 subjecimus.
2520 1762 2649 1809 Εοιτ.
2676 1759 2914 1823 Paeon.)

416 2048 646 2107 ΒΕΑΊἾ
715 2048 937 2104 PETRI
998 2048 1586 2106 ARCHIEPISCOPI
1650 2049 2025 2112 ΑιΕΧΑλμέ

2085 2053 2206 2105 ΤΟΥ
2260 2055 2627 2106 ΜᾹΚΛΡῘΟΥ
2674 2057 3274 2111 ΑΡΧΙΕΠΙΣΚΟΠΟΥ
3327 2060 3628 2114 ΑΛΕΞΑΝ-

488 2118 707 2189 enim
784 2118 872 2172 ET
943 2119 1317 2189 MARTYRIS
1385 2119 1775 2189 cumras.
1843 2121 1973 2183 om

2148 2125 2415 2174 ΔΡΕΙΑΣ
2436 2125 2526 2173 IIE
2538 2126 2722 2188 ΤΡΟΥ,
2739 2128 2870 2179 ΚΑΙ
2890 2130 3295 2189 ΜΑΡΤΥΡΟΣ,
3316 2131 3632 2182 ΚΑΝΟΝΕΣ

494 2185 887 2264 ζτξὶίῖδίζέγῖζὶβ
935 2188 1016 2243 IN
1055 2189 1420 2246 sumam
1469 2188 1646 2242 mes
1690 2189 1782 2241 oe
1824 2191 1982 2242 νοε-

2141 2193 2671 2264 ΕΜΨΕΡΟΜΕΝΟῙ
2713 2185 2813 2248 EN
2864 2197 2946 2264 Ta
2997 2200 3175 2251 Περι
3221 2185 3633 2253 ΜΕΤΑΝΟΙΑΣ

490 2256 883 2313 ΝΙΤΕΝΤΙΑ.

2146 2265 2191 2314 Α
2208 2263 2337 2314 rm
2352 2263 2395 2313 Υ
2429 2267 2473 2315 Α
2486 2264 2644 2338 orn.

977 2430 1275 2499 BCANON
1302 2440 1343 2495 ι.
1440 2442 1454 2453 ·

494 2551 512 2581 ι
558 2529 823 2597 Quoniam
857 2540 1037 2586 autem
1082 2540 1336 2603 quartum
1394 2533 1599 2588 Pascha
1645 2535 1981 2603 persecutis.-

416 2637 440 2670 ι
490 2636 607 2675 nem
635 2622 744 2689 jam
775 2623 1147 2691 apprehendit,
1186 2624 1317 2678 satis
1350 2631 1432 2678 est
1484 2626 1537 2678 in
1583 2625 1649 2679 iis
1694 2625 1786 2694 qui
1815 2624 1976 2677 delati

418 2728 441 2760 ι
489 2711 703 2780 quidem
739 2723 860 2766 sunt
886 2713 936 2765 in
958 2714 1370 2783 custodiamque
1401 2716 1653 2784 conjecti,
1682 2723 1979 2768 tormenta-

420 2819 443 2851 ι
488 2817 591 2870 que
653 2817 757 2855 non
792 2804 1115 2867 sufferenda,
1148 2814 1201 2860 et
1246 2806 1605 2860 intolerabilia
1666 2805 1872 2876 ﬂagella
1924 2816 1978 2859 et

424 2909 439 2938 ι
490 2892 685 2945 multas
730 2894 864 2946 alias
918 2909 1110 2963 graves
1164 2897 1517 2952 necessitates
1574 2898 1973 2961 sustinuerunt,

420 2998 440 3031 ι
490 2993 674 3050 postea
702 2991 879 3037 autem
913 2993 1041 3038 sunt
1072 3000 1101 3038 a
1140 2989 1322 3041 carnis
1354 2987 1723 3041 imbecillitate
1755 2987 1973 3056 proditi,

420 3090 444 3126 ε
478 3064 700 3129 etiamsi
738 3090 843 3128 non
872 3075 939 3128 ab
968 3076 1122 3129 initio
1153 3077 1390 3145 suscepti
1442 3086 1566 3131 sunt
1614 3087 1834 3146 propter
1856 3094 1979 3147 gra-

416 3180 444 3216 «
485 3179 604 3219 vem
640 3164 847 3233 lapsum
907 3176 1258 3221 consecutum
1294 3185 1306 3219 :
1337 3174 1515 3220 tamen
1565 3167 1691 3235 quia
1748 3169 1975 3223 multum

425 3272 447 3304 ι
494 3253 841 3307 dcccrtarunt
863 3260 915 3308 et
949 3255 1040 3308 diu
1071 3256 1386 3310 restiterunt
1416 3275 1427 3309 :
1462 3272 1569 3309 non
1609 3257 1751 3311 enim
1786 3266 1977 3327 sponte

424 3362 444 3394 ‹
492 3344 558 3397 ad
593 3359 653 3397 ea
677 3343 1030 3407 devenerunt,
1067 3345 1159 3398 sed
1189 3361 1216 3398 a
1244 3346 1425 3400 carnis
1456 3345 1826 3403 imbecillitate
1851 3364 1977 3419 pro-

2703 2440 2941 2494 ΚΑΝΩΝ
2971 2442 3047 2494 A'.

2152 2547 2167 2579 ι
2202 2528 2335 2580 Επεὶ
2368 2530 2545 2582 τοίνυν
2582 2530 2839 2602 τέταρτον
2882 2532 2979 2602 ἤδη
3034 2532 3222 2601 Πάσχα
3262 2531 3637 2601 ἑπικατείληςιςε

2082 2637 2099 2668 ί
2139 2619 2226 2671 τὸν
2248 2618 2502 2688 διωγμὸν,
2525 2621 2808 2692 αὐτάρκως
2825 2621 2934 2691 ἔχει
2954 2625 3065 2685 τοῖς
3096 2623 3191 2692 μὲν
3218 2621 3634 2695 προσενεχθείσι,

2081 2728 2099 2761 ι
2143 2711 2236 2764 καὶ
2270 2711 2665 2780 φυλακισθεῖσι,
2702 2714 2962 2784 βασάνους
2993 2732 3049 2767 τε
3092 2715 3449 2777 ἀνυποίστους
3474 2716 3488 2744 ¹
3519 2714 3639 2765 ὑπο-

2082 2821 2099 2851 (
2147 2801 2498 2873 μεμενηκόσι,
2537 2805 2629 2857 καὶ
2657 2806 2961 2876 ἀφορήτους
2996 2806 3288 2875 μάστιγας,
3325 2805 3418 2858 καὶ
3451 2803 3634 2865 πολλὰς

2081 2912 2098 2943 ‹
2136 2893 2321 2964 ἐτέρας
2353 2894 2596 2963 ἀνάγκας
2628 2893 2824 2959 δεινὰς,
2854 2896 3076 2967 ὕστερον
3100 2898 3155 2950 δὲ
3182 2895 3583 2967 προδεδομένοις
3601 2894 3635 2924 ¹⁹

2081 3004 2098 3035 ι
2142 2983 2244 3037 ὑπὸ
2287 2984 2385 3054 τῆς
2422 2985 2702 3047 ἀσθενείας
2744 2986 2843 3055 τῆς
2875 2987 3094 3054 σαρκὸς,
3139 2988 3187 3038 εί
3232 2987 3326 3040 καὶ
3354 2987 3428 3057 μὴ
3461 2985 3637 3056 ἐξάρ-

2082 3094 2099 3126 ι
2139 3074 2240 3146 χῆς
2276 3075 2681 3148 παρεδέχθησαν
2713 3077 2800 3130 διὰ
2848 3077 2943 3147 τὴν
2965 3077 3518 3150 παρακολουθήσασαν
3548 3094 3637 3147 με·

2081 3180 2098 3211 ¢
2140 3163 2330 3231 γίστην
2386 3163 2609 3227 πτῶσιν,
2668 3164 2816 3235 ὅμως
2847 3164 2934 3217 διὰ
2973 3166 3032 3217 τὸ
3060 3166 3226 3219 πολλὰ
3265 3168 3461 3229 αὐτοὺς
3486 3166 3638 3235 ἠθλη-

2082 3271 2101 3304 ‹
2141 3253 2291 3307 κέναι
2320 3253 2413 3307 καὶ
2441 3255 2532 3307 ἐπὶ
2557 3255 2689 3309 πολὺ
2717 3257 3178 3326 ἀντιμαχέσασθαι
3208 3260 3229 3289 ³
3266 3259 3347 3329 (οὐ
3378 3259 3484 3329 γὰρ
3510 3255 3639 3311 κατὰ

2084 3364 2100 3394 ι
2144 3344 2457 3415 προαίρεσιν
2497 3347 2554 3399 ὲν
2598 3346 2773 3417 τούτῳ
2818 3346 3158 3417 ἐληλύθασιν,
3204 3348 3344 3401 ἀλλὰ
3372 3364 3638 3419 καταπρο-

422 3454 441 3484 ι
484 3435 582 3487 diti
610 3454 623 3488 :
654 3449 776 3487 nam
831 3444 882 3489 et
926 3436 1178 3505 stigmata
1217 3434 1346 3491 Iesu
1395 3436 1448 3490 in
1500 3438 1615 3493 suis
1657 3440 1976 3508 corporibus
2007 3434 2025 3444 ’

2081 3455 2098 3484 ‹
2136 3434 2375 3498 δοθέντες
2405 3436 2509 3488 ὑπὸ
2527 3437 2623 3507 τῆς
2651 3437 2933 3501 ἀσθενείας
2956 3438 3053 3509 τῆς
3078 3438 3324 3509 σαρκὸς),
3349 3438 3532 3507 ἐπειδὴ
3554 3436 3641 3489 καὶ

419 3544 439 3575 ι
486 3535 776 3587 ostentant,
809 3534 862 3580 et
910 3528 1150 3581 nonnulli
1200 3542 1343 3581 anno
1383 3528 1494 3597 jam
1539 3529 1699 3582 tertio
1729 3530 1920 3584 deﬂent
1959 3550 1972 3585 :

422 3632 440 3663 ‹
488 3616 660 3671 eisab
696 3616 932 3672 adventu
963 3634 1057 3687 per
1110 3619 1508 3673 rev'ocationem
1556 3620 1610 3674 in
1657 3623 1974 3675 memoriam

420 3723 441 3754 ι
489 3706 578 3760 alii
613 3708 973 3779 quadraginta
1004 3710 1119 3764 dies
1154 3711 1527 3781 injungantur,
1562 3728 1698 3781 quos
1726 3728 1849 3767 cum
1884 3713 1969 3783 je-

417 3814 437 3848 ‹
480 3797 725 3866 junasset
753 3799 1012 3856 Dominus
1042 3808 1095 3854 et
1125 3799 1382 3856 Servator
1411 3810 1597 3858 noster
1626 3802 1785 3860 Jesus
1813 3804 1973 3858 Cbri—

418 3907 436 3938 ι
484 3896 621 3951 stus,
647 3897 932 3960 postquam
966 3892 1271 3961 baptizatus
1312 3893 1509 3960 fuerat,
1546 3903 1785 3949 tentatus
1817 3903 1900 3950 est
1939 3911 1969 3949 a

418 3998 436 4028 ‹
484 3979 718 4035 diabolo.
752 3980 809 4034 ln
844 3983 1042 4051 quibus
1073 3991 1125 4039 et
1171 3984 1271 4054 ipsi
1321 3999 1447 4039 cum
1492 3985 1648 4040 valde
1689 3985 1971 4040 exercitati

415 4086 435 4119 ε
485 4066 703 4129 fuerint.
737 4077 791 4123 et
823 4072 1164 4128 constantius
1182 4073 1550 4143 jejunaverint
1579 4093 1590 4128 :
1620 4073 1875 4144 deinceps
1912 4075 1967 4129 in

415 4172 435 4205 ι
478 4157 817 4211 orationibus
851 4161 1521 4229 vigilabuntzmeditantes
1571 4164 1714 4232 quod
1764 4163 1969 4218 dictum

414 4263 433 4295 ‹
478 4255 561 4300 est
587 4262 615 4299 a
643 4245 870 4302 Domino
898 4249 963 4303 ad
995 4264 1117 4304 eum
1160 4251 1253 4321 qui
1286 4252 1433 4306 illum
1458 4260 1643 4315 tentat,
1676 4259 1735 4306 ut
1790 4253 1969 4322 ipsum

413 4353 434 4386 ι
478 4336 667 4390 adoret
695 4355 707 4390 :
735 4336 833 4390 Abi
892 4353 1041 4407 pone,
1086 4339 1288 4395 Satana
1328 4357 1346 4396 :
1384 4343 1637 4410 scriptum
1680 4353 1756 4397 est
1805 4345 1975 4401 enim:

414 4445 432 4475 ι
484 4424 761 4480 Dominum
796 4438 942 4482 tuum
972 4430 1243 4498 adorabis,
1280 4442 1326 4486 et
1360 4432 1442 4484 illi
1464 4431 1566 4485 soli
1589 4434 1775 4487 servies
1810 4445 1858 4490 ι.
1908 4454 1927 4487 ι

2078 3545 2095 3576 ι
2141 3525 2411 3596 στίγματα
2440 3525 2531 3579 τοῦ
2575 3527 2750 3599 Ἰησοῦ
2785 3528 3143 3582 ἐνδείκνυνται
3168 3531 3224 3583 ὲν
3270 3532 3384 3593 τοῖς
3406 3527 3640 3599 σώμασιν

2077 3636 2095 3667 ι
2135 3615 2340 3670 ἑαυτῶν
2360 3619 2425 3684 ’⁸,
2447 3618 2540 3671 καὶ
2561 3617 2659 3688 ἤδη
2676 3618 2819 3681 τινες
2834 3617 3012 3689 τρίτον
3032 3618 3149 3683 ἔτος
3172 3618 3358 3689 ἔχουσι
3383 3630 3647 3672 καταπενέ

2077 3728 2096 3758 ι
2135 3708 2349 3771 θοῦντες
2370 3724 2383 3738 ⁸
2436 3709 2960 3781 προσεπιτιμηθῆναι
2990 3710 3170 3772 αὐτοῖς
3203 3711 3315 3764 ἀπὸ
3352 3710 3454 3779 τῆς
3488 3722 3642 3779 προσ-

2077 3818 2095 3850 (
2132 3796 2394 3862 ελεύσεως
2450 3799 2570 3853 καθ’
2633 3800 2937 3871 ὑπόμνησιν
3005 3800 3171 3863 ἄλλας
3241 3798 3641 3870 τεσσαράκοντα

2079 3911 2095 3942 ‘
2137 3890 2365 3963 ἡμέρας,
2394 3891 2481 3954 ἃς.
2506 3893 2705 3964 καίπερ
2728 3890 3027 3971 νηστεύσας
3056 3894 3084 3945 ὁ
3113 3892 3320 3965 Κύριος
3345 3893 3437 3945 καὶ
3461 3888 3641 3958 Σωτὴρ

2078 3999 2096 4032 ‹
2136 3981 2292 4052 ἡμῶν
2349 3978 2555 4052 Ἰησοῦς
2608 3978 2869 4051 Χριστὸς,
2943 3979 3081 4050 μετὰ
3128 3979 3187 4032 τὸ
3245 3976 3640 4050 βαπτισθῆναι,

2078 4091 2095 4123 ι
2134 4071 2430 4142 ὲπειράσθη
2479 4070 2584 4123 ὑπὸ
2631 4069 2724 4124 τοῦ
2770 4069 3012 4123 διαϐόλου
3040 4087 3052 4099 ·
3118 4070 3197 4132 εἰς
3238 4070 3308 4133 ἃς
3360 4069 3455 4122 καὶ
3494 4063 3638 4119 αὐτοὶ

2078 4184 2096 4216 ι
2134 4163 2272 4217 κατὰ
2297 4162 2357 4217 τὸ
2386 4163 2637 4233 περισσὸν
2664 4162 3167 4232 διαγυμνασθέντες,
3191 4159 3552 4230 εύτονώτερόν
3579 4156 3638 4186 ²⁹”

2080 4275 2097 4307 ι
2137 4273 2196 4307 τε
2246 4254 2534 4325 νήψαντες,
2574 4254 3010 4325 γρηγορήσουσιν
3072 4255 3150 4316 είς
3203 4251 3514 4325 προσευχὰς
3552 4244 3639 4300 τοῦ

2078 4364 2097 4399 ι
2134 4345 2341 4408 λοιποῦ,
2367 4343 2838 4416 καταμελετῶντες
2866 4344 2928 4397 τὸ
2953 4343 3277 4414 λελεγμένον
3303 4345 3393 4375 ¹⁶⁶⁹
3422 4341 3525 4395 ὑπὸ
3551 4337 3639 4389 τοῦ

2080 4453 2098 4486 ι
2134 4433 2336 4504 Κυρίου
2367 4433 2500 4503 πρὸς
2520 4432 2609 4485 τὸν
2630 4430 2955 4499 πειράζοντα
2980 4432 3159 4495 αὐτὸν,
3183 4432 3270 4484 ἵνα
3293 4431 3638 4503 προσκυνήσῃ

413 4538 432 4574 ι
467 4520 646 4591 αὐτῷ·
690 4522 904 4593 Ὕπαγε
946 4526 1136 4579 ὀπίσω
1182 4544 1324 4596 μου,
1355 4526 1614 4582 Σατανᾶ·
1661 4527 1977 4597 γέγραπται
2031 4528 2161 4599 γὰρ,
2204 4528 2421 4596 Κύριον
2488 4526 2593 4579 τὸν
2638 4525 2785 4578 Θεόν
2837 4541 2953 4579 σου
3008 4524 3481 4611 προσκυνήσεις,
3548 4520 3638 4575 καὶ

415 4632 433 4663 ι
474 4614 633 4679 αὐτῴ
655 4616 820 4683 μόνῳ
845 4620 1215 4686 λατρεύσεις.
1253 4638 1273 4671 ι

481 4709 638 4765 Βλιε.
667 4710 969 4771 Praescntes
999 4730 1239 4770 canones
1258 4722 1495 4771 tractant
1524 4717 1590 4773 de
1618 4717 1686 4774 iis
1719 4719 1810 4788 qui
1839 4733 1965 4789 pro-
1990 4723 2025 4781 C

2135 4716 2331 4769 ΒΑΛΣ.
2365 4715 2427 4768 Ol.
2458 4714 2722 4784 παρόντες
2754 4714 2973 4778 κανόνες
3004 4715 3133 4785 περὶ
3164 4713 3272 4768 τῶν
3302 4714 3361 4766 ὲν
3387 4710 3638 4782 διωγμοῖς

409 4797 583 4869 priam
619 4799 774 4856 [idem
808 4804 861 4857 in
889 4806 1361 4873 persecutionibus
1395 4816 1749 4878 negaverunt,
1771 4816 1824 4862 et
1847 4823 1967 4877 pce»

409 4888 692 4944 nitentiam
716 4892 961 4961 egerunt.
998 4893 1062 4947 Et
1090 4895 1245 4964 jubet
1281 4896 1498 4965 quidem
1530 4898 1739 4967 primus
1768 4914 1964 4962 canon,

405 4980 488 5036 eis
534 4981 628 5049 qui
674 4990 795 5051 post
840 4985 1010 5038 multa
1044 4994 1309 5041 tormenta
1338 4988 1735 5053 sacriﬁcarunt,
1767 4996 1825 5041 ut
1873 4990 1966 5057 qui

408 5079 631 5139 propter
669 5071 1089 5129 imbecillitatem
1139 5092 1486 5147 perseverare
1524 5096 1631 5135 non
1672 5083 1964 5151 potuerint,

408 5166 462 5211 et
487 5160 539 5212 in
566 5159 883 5228 paenitentia
916 5172 1025 5218 tres
1055 5180 1227 5222 annos
1256 5170 1641 5240 transegerint,
1669 5172 1805 5226 alios
1832 5189 1964 5241 quo-

411 5264 516 5318 que
543 5249 901 5321 quadraginta
949 5254 1064 5311 dies
1107 5256 1336 5328 injungi,
1368 5266 1421 5314 et
1443 5260 1523 5315 sic
1564 5262 1795 5315 admitti.
1831 5262 1964 5316 Nota

413 5348 706 5413 praesentes
729 5356 989 5410 canones,
1033 5347 1126 5416 qui
1159 5338 1307 5404 varia
1342 5350 1585 5420 quaedam
1616 5359 1668 5406 et
1696 5352 1847 5405 utilia
1874 5352 1969 5407 de-

517 5507 541 5535 ο
568 5494 759 5552 Matth.
788 5511 861 5559 IV,
897 5495 984 5551 l0.

2069 4805 2460 4879 ἀρνησαμένων
2513 4806 2616 4875 τὴν
2653 4803 2860 4858 οἰκείαν
2908 4805 3107 4869 πίστιν,
3138 4804 3231 4858 καὶ⁵
3280 4795 3636 4875 μετανοησάνο

2067 4914 2195 4960 των,
2246 4896 2686 4967 διαλαμϐάνουσι.
2742 4896 2852 4948 Καὶ⁹
2912 4896 3109 4948 αὐτίκα
3142 4898 3170 4948 ὁ
3196 4894 3415 4965 πρῶτος
3465 4888 3636 4946 κανὼν

2068 4987 2458 5052 διακελεύεται,
2487 4987 2613 5049 τοὺς
2646 4985 2912 5049 θύσαντας
2941 4985 3078 5056 μετὰ
3127 4985 3392 5055 βασάνους
3423 4982 3638 5044 πολλὰς,

2069 5078 2144 5141 ὡς
2206 5078 2279 5149 μὴ
2316 5076 2639 5147 δυνηθέντας
2664 5076 2752 5129 διὰ
2781 5076 3063 5130 ἀσθένειαν
3100 5075 3527 5146 ἐγκαρτερῆσαι,
3549 5071 3634 5124 καὶ

2069 5170 2486 5233 διαϐιϐάσαντας
2525 5170 2653 5242 τρία
2696 5169 2789 5240 ἐτη
2814 5170 2871 5221 ὲν
2900 5171 2965 5239 τῇ
3015 5168 3291 5238 μετανοίᾳ,
3325 5179 3630 5238 προσεπιτιο

2074 5261 2308 5332 μηθῆναι
2341 5261 2430 5314 καὶ⁵
2455 5261 2644 5333 ἑτέρας
2685 5248 3346 5330 τεσσαράκοντίήμέρας,
3380 5255 3476 5308 καὶ
3500 5252 3635 5305 οὕτω

2072 5352 2342 5422 δεχθῆναι.
2371 5352 2682 5423 Σημείωσαι
2708 5350 2833 5414 τοὺς
2862 5349 3134 5419 παρόντας
3155 5347 3389 5411 κανόνας
3415 5340 3633 5416 διοριζο-

1684 5610 1915 5665 νΑιὶιιΕ
1950 5610 2349 5668 LECTIONES.

517 5739 528 5766 ‘
568 5739 911 5803 ἀνῃκέττους.

996 5742 1033 5771 ¹⁴
1071 5741 1490 5810 προδιδομένοις.

1566 5747 1583 5775 ³
1609 5744 2016 5813 ἀντιμάχεσθαι.
2094 5749 2132 5778 ²⁶
2163 5746 2358 5799 αὐτῶν.

2438 5749 2501 5777 ¹⁴⁶
2537 5744 2905 5813 ἐντονώτερον.
2975 5746 3063 5776 ¹⁹⁶⁶
3097 5743 3406 5812 λεγόμενον.
