  <div class='ocr_page' id='page_1' title='image "/cluster/home/n/w/nwhite01/storage/ocr_20150623/138:no.2/coo.31924054870435/246.png"; bbox 0 0 3944 6386; ppageno 0'>
   <div class='ocr_carea' id='block_1_1' title="bbox 301 294 402 358">
    <p class='ocr_par' dir='ltr' id='par_1_1' title="bbox 301 294 402 358">
     <span class='ocr_line' id='line_1_1' title="bbox 301 294 402 358; baseline 0 0"><span class='ocrx_word' id='word_1_1' title='bbox 301 294 402 358; x_wconf 73' lang='grc'><strong>477</strong></span> 
     </span>
    </p>
   </div>
   <div class='ocr_carea' id='block_1_2' title="bbox 1450 303 2444 376">
    <p class='ocr_par' dir='ltr' id='par_1_2' title="bbox 1450 303 2444 376">
     <span class='ocr_line' id='line_1_2' title="bbox 1450 303 2444 376; baseline 0.011 -12"><span class='ocrx_word' id='word_1_2' title='bbox 1450 303 1533 365; x_wconf 82' lang='grc' dir='ltr'><strong>ΙΝ</strong></span> <span class='ocrx_word' id='word_1_3' title='bbox 1563 305 1804 366; x_wconf 83' lang='lat' dir='ltr'><strong>EPlST.</strong></span> <span class='ocrx_word' id='word_1_4' title='bbox 1838 308 1901 370; x_wconf 88' lang='lat' dir='ltr'><strong>S.</strong></span> <span class='ocrx_word' id='word_1_5' title='bbox 1942 305 2171 369; x_wconf 81' lang='lat' dir='ltr'><strong>PETRI</strong></span> <span class='ocrx_word' id='word_1_6' title='bbox 2227 309 2444 376; x_wconf 83' lang='lat' dir='ltr'><strong>ALEX.</strong></span> 
     </span>
    </p>
   </div>
   <div class='ocr_carea' id='block_1_3' title="bbox 3428 313 3532 374">
    <p class='ocr_par' dir='ltr' id='par_1_3' title="bbox 3428 313 3532 374">
     <span class='ocr_line' id='line_1_3' title="bbox 3428 313 3532 374; baseline 0 0"><span class='ocrx_word' id='word_1_7' title='bbox 3428 313 3532 374; x_wconf 73' lang='grc' dir='ltr'>ιτε</span> 
     </span>
    </p>
   </div>
   <div class='ocr_carea' id='block_1_4' title="bbox 301 424 1860 502">
    <p class='ocr_par' dir='ltr' id='par_1_4' title="bbox 301 425 1860 502">
     <span class='ocr_line' id='line_1_4' title="bbox 301 425 1860 502; baseline -0.001 -21"><span class='ocrx_word' id='word_1_8' title='bbox 301 427 494 502; x_wconf 77' lang='grc' dir='ltr'>μένους</span> <span class='ocrx_word' id='word_1_9' title='bbox 539 425 772 497; x_wconf 83' lang='grc' dir='ltr'>διάφορά</span> <span class='ocrx_word' id='word_1_10' title='bbox 803 442 924 480; x_wconf 88' lang='grc' dir='ltr'>τινα</span> <span class='ocrx_word' id='word_1_11' title='bbox 949 427 1042 479; x_wconf 79' lang='grc' dir='ltr'>καὶ</span> <span class='ocrx_word' id='word_1_12' title='bbox 1063 425 1354 494; x_wconf 79' lang='grc' dir='ltr'>ἀναγκαῖα,</span> <span class='ocrx_word' id='word_1_13' title='bbox 1378 426 1536 497; x_wconf 88' lang='grc' dir='ltr'>χάριν</span> <span class='ocrx_word' id='word_1_14' title='bbox 1567 425 1675 479; x_wconf 82' lang='grc' dir='ltr'><strong>τῶν</strong></span> <span class='ocrx_word' id='word_1_15' title='bbox 1701 427 1860 497; x_wconf 82' lang='grc' dir='ltr'>ἀρνη-</span> 
     </span>
    </p>
   </div>
   <div class='ocr_carea' id='block_1_5' title="bbox 1966 424 3524 502">
    <p class='ocr_par' dir='ltr' id='par_1_5' title="bbox 1975 424 3524 498">
     <span class='ocr_line' id='line_1_5' title="bbox 1975 424 3524 498; baseline 0.003 -20"><span class='ocrx_word' id='word_1_16' title='bbox 1975 425 2168 479; x_wconf 73' lang='lat' dir='ltr'><strong>finiunt</strong></span> <span class='ocrx_word' id='word_1_17' title='bbox 2193 426 2247 479; x_wconf 90' lang='lat' dir='ltr'><strong>in</strong></span> <span class='ocrx_word' id='word_1_18' title='bbox 2276 425 2505 495; x_wconf 79' lang='lat' dir='ltr'><strong>gratiam</strong></span> <span class='ocrx_word' id='word_1_19' title='bbox 2530 439 2716 478; x_wconf 83' lang='lat' dir='ltr'><strong>eorum</strong></span> <span class='ocrx_word' id='word_1_20' title='bbox 2752 425 2846 495; x_wconf 87' lang='lat' dir='ltr'><strong>qui</strong></span> <span class='ocrx_word' id='word_1_21' title='bbox 2894 424 3064 480; x_wconf 88' lang='lat' dir='ltr'><strong>Deum</strong></span> <span class='ocrx_word' id='word_1_22' title='bbox 3093 427 3448 498; x_wconf 84' lang='lat' dir='ltr'><strong>abnegarunt,</strong></span> <span class='ocrx_word' id='word_1_23' title='bbox 3469 439 3524 484; x_wconf 87' lang='lat' dir='ltr'><strong>et</strong></span> 
     </span>
    </p>
   </div>
   <div class='ocr_carea' id='block_1_6' title="bbox 299 515 1865 588">
    <p class='ocr_par' dir='ltr' id='par_1_6' title="bbox 299 515 1865 588">
     <span class='ocr_line' id='line_1_6' title="bbox 299 515 1865 588; baseline -0.002 -15"><span class='ocrx_word' id='word_1_24' title='bbox 299 519 491 575; x_wconf 73' lang='grc' dir='ltr'>σιθέων</span> <span class='ocrx_word' id='word_1_25' title='bbox 518 517 822 588; x_wconf 80' lang='grc' dir='ltr'><strong>ζητούντων</strong></span> <span class='ocrx_word' id='word_1_26' title='bbox 867 516 1177 587; x_wconf 76' lang='grc' dir='ltr'>μετάνοιαν,</span> <span class='ocrx_word' id='word_1_27' title='bbox 1211 516 1306 571; x_wconf 56' lang='grc' dir='ltr'><strong>καὶ⁵</strong></span> <span class='ocrx_word' id='word_1_28' title='bbox 1344 518 1472 587; x_wconf 79' lang='grc' dir='ltr'>περὶ</span> <span class='ocrx_word' id='word_1_29' title='bbox 1499 515 1606 569; x_wconf 86' lang='grc' dir='ltr'><strong>τῶν</strong></span> <span class='ocrx_word' id='word_1_30' title='bbox 1636 517 1865 587; x_wconf 72' lang='grc' dir='ltr'>αὐτομοο</span> 
     </span>
    </p>
   </div>
   <div class='ocr_carea' id='block_1_7' title="bbox 296 606 1867 681">
    <p class='ocr_par' dir='ltr' id='par_1_7' title="bbox 296 606 1867 681">
     <span class='ocr_line' id='line_1_7' title="bbox 296 606 1867 681; baseline -0.001 -20"><span class='ocrx_word' id='word_1_31' title='bbox 296 609 577 680; x_wconf 75' lang='grc' dir='ltr'>λησάντων</span> <span class='ocrx_word' id='word_1_32' title='bbox 622 610 703 671; x_wconf 89' lang='grc' dir='ltr'><strong>είς</strong></span> <span class='ocrx_word' id='word_1_33' title='bbox 756 606 818 659; x_wconf 85' lang='grc' dir='ltr'>τὸ</span> <span class='ocrx_word' id='word_1_34' title='bbox 851 607 1146 681; x_wconf 89' lang='grc' dir='ltr'>μαρτύριον</span> <span class='ocrx_word' id='word_1_35' title='bbox 1174 609 1268 660; x_wconf 79' lang='grc' dir='ltr'>καὶ</span> <span class='ocrx_word' id='word_1_36' title='bbox 1300 608 1747 669; x_wconf 76' lang='grc' dir='ltr'>ἐκπεπτωκότων,</span> <span class='ocrx_word' id='word_1_37' title='bbox 1773 607 1867 661; x_wconf 65' lang='grc' dir='ltr'><strong>καλ⁵</strong></span> 
     </span>
    </p>
   </div>
   <div class='ocr_carea' id='block_1_8' title="bbox 295 697 1865 769">
    <p class='ocr_par' dir='ltr' id='par_1_8' title="bbox 295 697 1865 769">
     <span class='ocr_line' id='line_1_8' title="bbox 295 697 1865 769; baseline 0.001 -18"><span class='ocrx_word' id='word_1_38' title='bbox 295 699 454 754; x_wconf 79' lang='grc' dir='ltr'>πάλιν</span> <span class='ocrx_word' id='word_1_39' title='bbox 503 698 953 769; x_wconf 74' lang='grc' dir='ltr'><strong>ὁμολογησάντων</strong></span> <span class='ocrx_word' id='word_1_40' title='bbox 1008 697 1105 769; x_wconf 76' lang='grc' dir='ltr'><strong>τὴν</strong></span> <span class='ocrx_word' id='word_1_41' title='bbox 1154 697 1354 761; x_wconf 87' lang='grc' dir='ltr'>πίστιν,</span> <span class='ocrx_word' id='word_1_42' title='bbox 1394 698 1489 750; x_wconf 77' lang='grc' dir='ltr'><strong>καὶ</strong></span> <span class='ocrx_word' id='word_1_43' title='bbox 1523 699 1651 769; x_wconf 75' lang='grc' dir='ltr'>περὶ</span> <span class='ocrx_word' id='word_1_44' title='bbox 1693 697 1865 752; x_wconf 74' lang='grc' dir='ltr'>ἄλλων</span> 
     </span>
    </p>
   </div>
   <div class='ocr_carea' id='block_1_9' title="bbox 294 785 1866 853">
    <p class='ocr_par' dir='ltr' id='par_1_9' title="bbox 294 785 1866 853">
     <span class='ocr_line' id='line_1_9' title="bbox 294 785 1866 853; baseline -0.001 -15"><span class='ocrx_word' id='word_1_45' title='bbox 294 787 453 839; x_wconf 81' lang='grc' dir='ltr'>τινῶν</span> <span class='ocrx_word' id='word_1_46' title='bbox 514 785 792 839; x_wconf 80' lang='grc' dir='ltr'><strong>τοιούτων.</strong></span> <span class='ocrx_word' id='word_1_47' title='bbox 843 786 1005 852; x_wconf 82' lang='grc' dir='ltr'>Ζήτει</span> <span class='ocrx_word' id='word_1_48' title='bbox 1038 785 1349 853; x_wconf 78' lang='grc' dir='ltr'><strong>ἀναγκαίως</strong></span> <span class='ocrx_word' id='word_1_49' title='bbox 1374 786 1467 838; x_wconf 73' lang='grc' dir='ltr'>καὶ</span> <span class='ocrx_word' id='word_1_50' title='bbox 1499 788 1624 848; x_wconf 83' lang='grc' dir='ltr'>τοὺς</span> <span class='ocrx_word' id='word_1_51' title='bbox 1653 785 1866 847; x_wconf 73' lang='grc' dir='ltr'>πλείους</span> 
     </span>
    </p>
   </div>
   <div class='ocr_carea' id='block_1_10' title="bbox 293 875 1287 947">
    <p class='ocr_par' dir='ltr' id='par_1_10' title="bbox 293 875 1287 947">
     <span class='ocr_line' id='line_1_10' title="bbox 293 875 1287 947; baseline -0.002 -16"><span class='ocrx_word' id='word_1_52' title='bbox 293 878 522 939; x_wconf 78' lang='grc' dir='ltr'>κανόνας</span> <span class='ocrx_word' id='word_1_53' title='bbox 548 876 651 945; x_wconf 77' lang='grc' dir='ltr'>τῆς</span> <span class='ocrx_word' id='word_1_54' title='bbox 674 879 732 930; x_wconf 81' lang='grc' dir='ltr'><strong>ὲν</strong></span> <span class='ocrx_word' id='word_1_55' title='bbox 778 875 1020 947; x_wconf 67' lang='grc' dir='ltr'>Ἀγκύρςι</span> <span class='ocrx_word' id='word_1_56' title='bbox 1049 876 1287 930; x_wconf 87' lang='grc' dir='ltr'>συνόδου.</span> 
     </span>
    </p>
   </div>
   <div class='ocr_carea' id='block_1_11' title="bbox 362 959 1866 1037">
    <p class='ocr_par' dir='ltr' id='par_1_11' title="bbox 362 959 1866 1037">
     <span class='ocr_line' id='line_1_11' title="bbox 362 959 1866 1037; baseline -0.002 -16"><span class='ocrx_word' id='word_1_57' title='bbox 362 969 606 1021; x_wconf 82' lang='grc' dir='ltr'><strong>ΖΩΝΑΡ.</strong></span> <span class='ocrx_word' id='word_1_58' title='bbox 654 967 956 1037; x_wconf 77' lang='grc' dir='ltr'><strong>Διαιρέσεις</strong></span> <span class='ocrx_word' id='word_1_59' title='bbox 997 969 1229 1020; x_wconf 85' lang='grc' dir='ltr'>ποιεῖται</span> <span class='ocrx_word' id='word_1_60' title='bbox 1256 969 1283 1019; x_wconf 99' lang='lat'><strong>6</strong></span> <span class='ocrx_word' id='word_1_61' title='bbox 1321 968 1474 1035; x_wconf 78' lang='grc' dir='ltr'>ἅγιος</span> <span class='ocrx_word' id='word_1_62' title='bbox 1510 959 1661 1029; x_wconf 74' lang='grc' dir='ltr'>οὗτος</span> <span class='ocrx_word' id='word_1_63' title='bbox 1679 966 1866 1037; x_wconf 76' lang='grc' dir='ltr'>Πατὴρ</span> 
     </span>
    </p>
   </div>
   <div class='ocr_carea' id='block_1_12' title="bbox 293 1059 1866 1129">
    <p class='ocr_par' dir='ltr' id='par_1_12' title="bbox 293 1059 1866 1129">
     <span class='ocr_line' id='line_1_12' title="bbox 293 1059 1866 1129; baseline -0.003 -16"><span class='ocrx_word' id='word_1_64' title='bbox 293 1061 396 1113; x_wconf 75' lang='grc' dir='ltr'>τῶν</span> <span class='ocrx_word' id='word_1_65' title='bbox 428 1062 486 1113; x_wconf 81' lang='grc' dir='ltr'>ὲν</span> <span class='ocrx_word' id='word_1_66' title='bbox 544 1059 802 1129; x_wconf 77' lang='grc' dir='ltr'><strong>διωγμοῖς</strong></span> <span class='ocrx_word' id='word_1_67' title='bbox 849 1059 1243 1129; x_wconf 75' lang='grc' dir='ltr'>ἀρνησαμένων</span> <span class='ocrx_word' id='word_1_68' title='bbox 1293 1059 1392 1128; x_wconf 81' lang='grc' dir='ltr'><strong>τὴν</strong></span> <span class='ocrx_word' id='word_1_69' title='bbox 1443 1059 1623 1111; x_wconf 88' lang='grc' dir='ltr'>πίστιν</span> <span class='ocrx_word' id='word_1_70' title='bbox 1653 1062 1750 1127; x_wconf 80' lang='grc' dir='ltr'><strong>τὴν</strong></span> <span class='ocrx_word' id='word_1_71' title='bbox 1789 1059 1866 1109; x_wconf 87' lang='grc' dir='ltr'><strong>οἰ-</strong></span> 
     </span>
    </p>
   </div>
   <div class='ocr_carea' id='block_1_13' title="bbox 292 1147 1864 1219">
    <p class='ocr_par' dir='ltr' id='par_1_13' title="bbox 292 1147 1864 1219">
     <span class='ocr_line' id='line_1_13' title="bbox 292 1147 1864 1219; baseline -0.001 -16"><span class='ocrx_word' id='word_1_72' title='bbox 292 1150 465 1212; x_wconf 82' lang='grc' dir='ltr'>κείαν,</span> <span class='ocrx_word' id='word_1_73' title='bbox 500 1149 594 1201; x_wconf 85' lang='grc' dir='ltr'><strong>καί</strong></span> <span class='ocrx_word' id='word_1_74' title='bbox 639 1165 823 1218; x_wconf 78' lang='grc' dir='ltr'>φησιν,</span> <span class='ocrx_word' id='word_1_75' title='bbox 853 1150 934 1202; x_wconf 84' lang='grc' dir='ltr'>ὅτι</span> <span class='ocrx_word' id='word_1_76' title='bbox 976 1153 1087 1211; x_wconf 84' lang='grc' dir='ltr'>τοῖς</span> <span class='ocrx_word' id='word_1_77' title='bbox 1120 1147 1328 1219; x_wconf 77' lang='grc' dir='ltr'>ἀχθεῖσι</span> <span class='ocrx_word' id='word_1_78' title='bbox 1370 1149 1502 1218; x_wconf 75' lang='grc' dir='ltr'>πρὸς</span> <span class='ocrx_word' id='word_1_79' title='bbox 1526 1150 1648 1211; x_wconf 80' lang='grc' dir='ltr'>τοὺς</span> <span class='ocrx_word' id='word_1_80' title='bbox 1670 1150 1864 1219; x_wconf 79' lang='grc' dir='ltr'>τυράν-</span> 
     </span>
    </p>
   </div>
   <div class='ocr_carea' id='block_1_14' title="bbox 292 1240 1867 1311">
    <p class='ocr_par' dir='ltr' id='par_1_14' title="bbox 292 1240 1867 1311">
     <span class='ocr_line' id='line_1_14' title="bbox 292 1240 1867 1311; baseline -0.001 -18"><span class='ocrx_word' id='word_1_81' title='bbox 292 1258 432 1305; x_wconf 83' lang='grc' dir='ltr'>νους,</span> <span class='ocrx_word' id='word_1_82' title='bbox 463 1242 558 1293; x_wconf 58' lang='grc' dir='ltr'><strong>καὶ⁶</strong></span> <span class='ocrx_word' id='word_1_83' title='bbox 582 1243 660 1303; x_wconf 91' lang='grc' dir='ltr'><strong>είς</strong></span> <span class='ocrx_word' id='word_1_84' title='bbox 685 1240 930 1311; x_wconf 84' lang='grc' dir='ltr'>φυλακὴν</span> <span class='ocrx_word' id='word_1_85' title='bbox 960 1240 1296 1310; x_wconf 76' lang='grc' dir='ltr'>ὲμῧληθεῖσι,</span> <span class='ocrx_word' id='word_1_86' title='bbox 1318 1240 1576 1310; x_wconf 77' lang='grc' dir='ltr'>βασάνους</span> <span class='ocrx_word' id='word_1_87' title='bbox 1599 1258 1655 1293; x_wconf 87' lang='grc' dir='ltr'><strong>τε</strong></span> <span class='ocrx_word' id='word_1_88' title='bbox 1678 1240 1867 1309; x_wconf 85' lang='grc' dir='ltr'>ἀνηκέ-</span> 
     </span>
    </p>
   </div>
   <div class='ocr_carea' id='block_1_15' title="bbox 293 1328 1865 1401">
    <p class='ocr_par' dir='ltr' id='par_1_15' title="bbox 293 1328 1865 1401">
     <span class='ocr_line' id='line_1_15' title="bbox 293 1328 1865 1401; baseline -0.002 -18"><span class='ocrx_word' id='word_1_89' title='bbox 293 1347 447 1392; x_wconf 88' lang='grc' dir='ltr'>στους</span> <span class='ocrx_word' id='word_1_90' title='bbox 468 1332 643 1400; x_wconf 83' lang='grc' dir='ltr'>ύπομε</span> <span class='ocrx_word' id='word_1_91' title='bbox 654 1331 930 1401; x_wconf 87' lang='grc' dir='ltr'>μενηκόσι,</span> <span class='ocrx_word' id='word_1_92' title='bbox 957 1331 1053 1383; x_wconf 73' lang='grc' dir='ltr'>καὶ</span> <span class='ocrx_word' id='word_1_93' title='bbox 1082 1331 1419 1401; x_wconf 78' lang='grc' dir='ltr'>ἀφρονήτους</span> <span class='ocrx_word' id='word_1_94' title='bbox 1442 1330 1504 1399; x_wconf 78' lang='lat' dir='ltr'><strong>(f.</strong></span> <span class='ocrx_word' id='word_1_95' title='bbox 1541 1328 1865 1400; x_wconf 82' lang='grc' dir='ltr'>ἀφορήτους)</span> 
     </span>
    </p>
   </div>
   <div class='ocr_carea' id='block_1_16' title="bbox 292 1419 1865 1491">
    <p class='ocr_par' dir='ltr' id='par_1_16' title="bbox 292 1419 1865 1491">
     <span class='ocr_line' id='line_1_16' title="bbox 292 1419 1865 1491; baseline -0.001 -20"><span class='ocrx_word' id='word_1_96' title='bbox 292 1420 583 1490; x_wconf 86' lang='grc' dir='ltr'>μάστιγας,</span> <span class='ocrx_word' id='word_1_97' title='bbox 600 1419 692 1471; x_wconf 77' lang='grc' dir='ltr'>καὶ</span> <span class='ocrx_word' id='word_1_98' title='bbox 718 1420 897 1488; x_wconf 84' lang='grc' dir='ltr'>σχεδὸν</span> <span class='ocrx_word' id='word_1_99' title='bbox 919 1420 1165 1481; x_wconf 75' lang='grc' dir='ltr'>ἀνιάτους</span> <span class='ocrx_word' id='word_1_100' title='bbox 1188 1421 1282 1473; x_wconf 81' lang='grc' dir='ltr'><strong>καὶ</strong></span> <span class='ocrx_word' id='word_1_101' title='bbox 1298 1420 1391 1473; x_wconf 77' lang='grc' dir='ltr'>αΘε</span> <span class='ocrx_word' id='word_1_102' title='bbox 1401 1419 1695 1491; x_wconf 85' lang='grc' dir='ltr'>ραπεύτους</span> <span class='ocrx_word' id='word_1_103' title='bbox 1718 1419 1865 1488; x_wconf 75' lang='grc' dir='ltr'>(ἄκος</span> 
     </span>
    </p>
   </div>
   <div class='ocr_carea' id='block_1_17' title="bbox 292 1507 1862 1580">
    <p class='ocr_par' dir='ltr' id='par_1_17' title="bbox 292 1507 1862 1580">
     <span class='ocr_line' id='line_1_17' title="bbox 292 1507 1862 1580; baseline -0.002 -18"><span class='ocrx_word' id='word_1_104' title='bbox 292 1510 399 1579; x_wconf 77' lang='grc' dir='ltr'>γὰρ</span> <span class='ocrx_word' id='word_1_105' title='bbox 424 1511 458 1579; x_wconf 78' lang='grc' dir='ltr'><strong>ἡ</strong></span> <span class='ocrx_word' id='word_1_106' title='bbox 483 1508 745 1579; x_wconf 74' lang='grc' dir='ltr'>θεραπεία</span> <span class='ocrx_word' id='word_1_107' title='bbox 772 1509 906 1571; x_wconf 71' lang='grc' dir='ltr'>ἐστὶ,</span> <span class='ocrx_word' id='word_1_108' title='bbox 934 1510 1027 1562; x_wconf 70' lang='grc' dir='ltr'><strong>καὶ¹</strong></span> <span class='ocrx_word' id='word_1_109' title='bbox 1053 1510 1345 1576; x_wconf 84' lang='grc' dir='ltr'>ἀνήκεστον</span> <span class='ocrx_word' id='word_1_110' title='bbox 1365 1510 1424 1561; x_wconf 79' lang='grc' dir='ltr'>τὸ</span> <span class='ocrx_word' id='word_1_111' title='bbox 1455 1507 1862 1580; x_wconf 80' lang='grc' dir='ltr'>ἀθεράπευτον),</span> 
     </span>
    </p>
   </div>
   <div class='ocr_carea' id='block_1_18' title="bbox 291 1598 1868 1670">
    <p class='ocr_par' dir='ltr' id='par_1_18' title="bbox 291 1598 1868 1670">
     <span class='ocr_line' id='line_1_18' title="bbox 291 1598 1868 1670; baseline -0.003 -15"><span class='ocrx_word' id='word_1_112' title='bbox 291 1603 384 1655; x_wconf 78' lang='grc' dir='ltr'>καὶ</span> <span class='ocrx_word' id='word_1_113' title='bbox 400 1601 564 1663; x_wconf 83' lang='grc' dir='ltr'>ἄλλας</span> <span class='ocrx_word' id='word_1_114' title='bbox 585 1600 845 1668; x_wconf 82' lang='grc' dir='ltr'>ἀνάγκας,</span> <span class='ocrx_word' id='word_1_115' title='bbox 863 1600 958 1653; x_wconf 74' lang='grc' dir='ltr'>καὶ</span> <span class='ocrx_word' id='word_1_116' title='bbox 983 1599 1120 1670; x_wconf 86' lang='grc' dir='ltr'><strong>μετά</strong></span> <span class='ocrx_word' id='word_1_117' title='bbox 1146 1600 1313 1654; x_wconf 77' lang='grc' dir='ltr'>ταῦτα</span> <span class='ocrx_word' id='word_1_118' title='bbox 1342 1599 1647 1668; x_wconf 67' lang='grc' dir='ltr'>ὑποκύψασι</span> <span class='ocrx_word' id='word_1_119' title='bbox 1669 1600 1761 1653; x_wconf 84' lang='grc' dir='ltr'><strong>καὶ</strong></span> <span class='ocrx_word' id='word_1_120' title='bbox 1781 1598 1868 1652; x_wconf 75' lang='grc' dir='ltr'><strong>Θύο</strong></span> 
     </span>
    </p>
   </div>
   <div class='ocr_carea' id='block_1_19' title="bbox 290 1689 1861 1763">
    <p class='ocr_par' dir='ltr' id='par_1_19' title="bbox 290 1689 1861 1763">
     <span class='ocr_line' id='line_1_19' title="bbox 290 1689 1861 1763; baseline -0.001 -19"><span class='ocrx_word' id='word_1_121' title='bbox 290 1707 467 1753; x_wconf 84' lang='grc' dir='ltr'>σασιν,</span> <span class='ocrx_word' id='word_1_122' title='bbox 494 1690 568 1753; x_wconf 81' lang='grc' dir='ltr'><strong>ὡς</strong></span> <span class='ocrx_word' id='word_1_123' title='bbox 605 1690 708 1742; x_wconf 79' lang='grc' dir='ltr'>ὑπὸ</span> <span class='ocrx_word' id='word_1_124' title='bbox 739 1691 837 1760; x_wconf 82' lang='grc' dir='ltr'><strong>τῆς</strong></span> <span class='ocrx_word' id='word_1_125' title='bbox 864 1689 1142 1753; x_wconf 79' lang='grc' dir='ltr'>ἀσθενείας</span> <span class='ocrx_word' id='word_1_126' title='bbox 1166 1691 1263 1760; x_wconf 83' lang='grc' dir='ltr'><strong>τῆς</strong></span> <span class='ocrx_word' id='word_1_127' title='bbox 1294 1690 1492 1761; x_wconf 84' lang='grc' dir='ltr'>σαρκὸς</span> <span class='ocrx_word' id='word_1_128' title='bbox 1538 1690 1861 1763; x_wconf 81' lang='grc' dir='ltr'>προδοθεῖσι,</span> 
     </span>
    </p>
   </div>
   <div class='ocr_carea' id='block_1_20' title="bbox 1967 516 3522 589">
    <p class='ocr_par' dir='ltr' id='par_1_20' title="bbox 1967 516 3522 589">
     <span class='ocr_line' id='line_1_20' title="bbox 1967 516 3522 589; baseline 0.003 -20"><span class='ocrx_word' id='word_1_129' title='bbox 1967 516 2337 585; x_wconf 64' lang='lat' dir='ltr'><strong>paenitentiam</strong></span> <span class='ocrx_word' id='word_1_130' title='bbox 2360 523 2569 585; x_wconf 86' lang='lat' dir='ltr'><strong>petunt,</strong></span> <span class='ocrx_word' id='word_1_131' title='bbox 2599 523 2653 571; x_wconf 86' lang='lat' dir='ltr'><strong>et</strong></span> <span class='ocrx_word' id='word_1_132' title='bbox 2676 517 2742 573; x_wconf 88' lang='lat' dir='ltr'><strong>de</strong></span> <span class='ocrx_word' id='word_1_133' title='bbox 2773 519 2839 573; x_wconf 90' lang='lat' dir='ltr'><strong>iis</strong></span> <span class='ocrx_word' id='word_1_134' title='bbox 2871 518 2963 589; x_wconf 85' lang='lat' dir='ltr'><strong>qui</strong></span> <span class='ocrx_word' id='word_1_135' title='bbox 2993 518 3061 571; x_wconf 91' lang='lat' dir='ltr'><strong>ad</strong></span> <span class='ocrx_word' id='word_1_136' title='bbox 3092 521 3407 589; x_wconf 75' lang='lat' dir='ltr'><strong>martyrium</strong></span> <span class='ocrx_word' id='word_1_137' title='bbox 3444 521 3522 574; x_wconf 90' lang='lat' dir='ltr'><strong>ul-</strong></span> 
     </span>
    </p>
   </div>
   <div class='ocr_carea' id='block_1_21' title="bbox 1967 606 3523 680">
    <p class='ocr_par' dir='ltr' id='par_1_21' title="bbox 1967 606 3523 680">
     <span class='ocr_line' id='line_1_21' title="bbox 1967 606 3523 680; baseline 0.003 -17"><span class='ocrx_word' id='word_1_138' title='bbox 1967 618 2049 663; x_wconf 89' lang='lat' dir='ltr'><strong>tro</strong></span> <span class='ocrx_word' id='word_1_139' title='bbox 2082 608 2427 675; x_wconf 79' lang='lat' dir='ltr'><strong>advolarunt,</strong></span> <span class='ocrx_word' id='word_1_140' title='bbox 2461 618 2513 663; x_wconf 89' lang='lat' dir='ltr'><strong>et</strong></span> <span class='ocrx_word' id='word_1_141' title='bbox 2533 606 2680 680; x_wconf 69' lang='grc' dir='ltr'>τοι)ςὶ</span> <span class='ocrx_word' id='word_1_142' title='bbox 2720 619 2869 678; x_wconf 84' lang='lat' dir='ltr'><strong>sunt,</strong></span> <span class='ocrx_word' id='word_1_143' title='bbox 2902 620 2955 666; x_wconf 91' lang='lat' dir='ltr'><strong>et</strong></span> <span class='ocrx_word' id='word_1_144' title='bbox 2986 628 3176 667; x_wconf 82' lang='lat' dir='ltr'><strong>rursus</strong></span> <span class='ocrx_word' id='word_1_145' title='bbox 3207 613 3363 667; x_wconf 76' lang='lat' dir='ltr'><strong>[idem</strong></span> <span class='ocrx_word' id='word_1_146' title='bbox 3394 623 3523 669; x_wconf 84' lang='lat' dir='ltr'><strong>sunt</strong></span> 
     </span>
    </p>
   </div>
   <div class='ocr_carea' id='block_1_22' title="bbox 1965 697 3525 770">
    <p class='ocr_par' dir='ltr' id='par_1_22' title="bbox 1965 697 3525 770">
     <span class='ocr_line' id='line_1_22' title="bbox 1965 697 3525 770; baseline 0.005 -19"><span class='ocrx_word' id='word_1_147' title='bbox 1965 697 2223 762; x_wconf 80' lang='lat' dir='ltr'><strong>confessi,</strong></span> <span class='ocrx_word' id='word_1_148' title='bbox 2246 706 2300 752; x_wconf 88' lang='lat' dir='ltr'><strong>ct</strong></span> <span class='ocrx_word' id='word_1_149' title='bbox 2333 698 2400 753; x_wconf 91' lang='lat' dir='ltr'><strong>de</strong></span> <span class='ocrx_word' id='word_1_150' title='bbox 2452 700 2573 754; x_wconf 87' lang='lat' dir='ltr'><strong>aliis</strong></span> <span class='ocrx_word' id='word_1_151' title='bbox 2624 701 2944 769; x_wconf 84' lang='lat' dir='ltr'><strong>quibusdam</strong></span> <span class='ocrx_word' id='word_1_152' title='bbox 2992 702 3280 770; x_wconf 87' lang='lat' dir='ltr'><strong>ejusmodi.</strong></span> <span class='ocrx_word' id='word_1_153' title='bbox 3335 702 3525 768; x_wconf 75' lang='lat' dir='ltr'><strong>Quzere</strong></span> 
     </span>
    </p>
   </div>
   <div class='ocr_carea' id='block_1_23' title="bbox 1966 784 3525 865">
    <p class='ocr_par' dir='ltr' id='par_1_23' title="bbox 1966 784 3525 865">
     <span class='ocr_line' id='line_1_23' title="bbox 1966 784 3525 865; baseline 0.002 -20"><span class='ocrx_word' id='word_1_154' title='bbox 1966 791 2125 845; x_wconf 85' lang='lat' dir='ltr'><strong>etiam</strong></span> <span class='ocrx_word' id='word_1_155' title='bbox 2157 784 2277 844; x_wconf 83' lang='lat' dir='ltr'><strong>non</strong></span> <span class='ocrx_word' id='word_1_156' title='bbox 2309 791 2513 860; x_wconf 72' lang='lat' dir='ltr'><strong>abSqne</strong></span> <span class='ocrx_word' id='word_1_157' title='bbox 2545 790 2723 844; x_wconf 76' lang='lat' dir='ltr'><strong>fructu</strong></span> <span class='ocrx_word' id='word_1_158' title='bbox 2754 792 3017 861; x_wconf 88' lang='lat' dir='ltr'><strong>plurimos</strong></span> <span class='ocrx_word' id='word_1_159' title='bbox 3051 808 3288 849; x_wconf 87' lang='lat' dir='ltr'><strong>canones</strong></span> <span class='ocrx_word' id='word_1_160' title='bbox 3329 796 3525 865; x_wconf 76' lang='lat' dir='ltr'><strong>synodi</strong></span> 
     </span>
    </p>
   </div>
   <div class='ocr_carea' id='block_1_24' title="bbox 1965 879 2288 952">
    <p class='ocr_par' dir='ltr' id='par_1_24' title="bbox 1965 879 2288 952">
     <span class='ocr_line' id='line_1_24' title="bbox 1965 879 2288 952; baseline 0.003 -21"><span class='ocrx_word' id='word_1_161' title='bbox 1965 879 2288 952; x_wconf 69' lang='lat' dir='ltr'><strong>Ancyranm.</strong></span> 
     </span>
    </p>
   </div>
   <div class='ocr_carea' id='block_1_25' title="bbox 2038 970 3528 1044">
    <p class='ocr_par' dir='ltr' id='par_1_25' title="bbox 2038 970 3528 1044">
     <span class='ocr_line' id='line_1_25' title="bbox 2038 970 3528 1044; baseline 0.004 -21"><span class='ocrx_word' id='word_1_162' title='bbox 2038 970 2236 1024; x_wconf 64' lang='lat' dir='ltr'><strong>Zama.</strong></span> <span class='ocrx_word' id='word_1_163' title='bbox 2274 971 2420 1024; x_wconf 87' lang='lat' dir='ltr'><strong>inter</strong></span> <span class='ocrx_word' id='word_1_164' title='bbox 2443 987 2536 1026; x_wconf 85' lang='lat' dir='ltr'><strong>eos</strong></span> <span class='ocrx_word' id='word_1_165' title='bbox 2555 973 2645 1041; x_wconf 87' lang='lat' dir='ltr'><strong>qui</strong></span> <span class='ocrx_word' id='word_1_166' title='bbox 2675 971 3001 1028; x_wconf 79' lang='lat' dir='ltr'><strong>turbulentis</strong></span> <span class='ocrx_word' id='word_1_167' title='bbox 3030 974 3364 1044; x_wconf 83' lang='lat' dir='ltr'><strong>temporibus</strong></span> <span class='ocrx_word' id='word_1_168' title='bbox 3401 990 3528 1044; x_wconf 85' lang='lat' dir='ltr'><strong>pro-</strong></span> 
     </span>
    </p>
   </div>
   <div class='ocr_carea' id='block_1_26' title="bbox 1966 1059 3527 1130">
    <p class='ocr_par' dir='ltr' id='par_1_26' title="bbox 1966 1059 3527 1130">
     <span class='ocr_line' id='line_1_26' title="bbox 1966 1059 3527 1130; baseline 0.004 -18"><span class='ocrx_word' id='word_1_169' title='bbox 1966 1061 2137 1130; x_wconf 86' lang='lat' dir='ltr'><strong>priam</strong></span> <span class='ocrx_word' id='word_1_170' title='bbox 2174 1059 2326 1113; x_wconf 80' lang='lat' dir='ltr'><strong>{idem</strong></span> <span class='ocrx_word' id='word_1_171' title='bbox 2359 1062 2714 1128; x_wconf 84' lang='lat' dir='ltr'><strong>abnegarunt,</strong></span> <span class='ocrx_word' id='word_1_172' title='bbox 2734 1061 3025 1116; x_wconf 86' lang='lat' dir='ltr'><strong>discrimen</strong></span> <span class='ocrx_word' id='word_1_173' title='bbox 3050 1072 3273 1117; x_wconf 88' lang='lat' dir='ltr'><strong>sanctus</strong></span> <span class='ocrx_word' id='word_1_174' title='bbox 3300 1065 3388 1117; x_wconf 90' lang='lat' dir='ltr'><strong>bic</strong></span> <span class='ocrx_word' id='word_1_175' title='bbox 3424 1064 3527 1118; x_wconf 86' lang='lat' dir='ltr'><strong>Pa-</strong></span> 
     </span>
    </p>
   </div>
   <div class='ocr_carea' id='block_1_27' title="bbox 1967 1151 3522 1222">
    <p class='ocr_par' dir='ltr' id='par_1_27' title="bbox 1967 1151 3522 1222">
     <span class='ocr_line' id='line_1_27' title="bbox 1967 1151 3522 1222; baseline 0.002 -17"><span class='ocrx_word' id='word_1_176' title='bbox 1967 1161 2048 1206; x_wconf 88' lang='lat' dir='ltr'><strong>ter</strong></span> <span class='ocrx_word' id='word_1_177' title='bbox 2089 1151 2300 1213; x_wconf 81' lang='lat' dir='ltr'><strong>statuit,</strong></span> <span class='ocrx_word' id='word_1_178' title='bbox 2345 1152 2547 1220; x_wconf 84' lang='lat' dir='ltr'><strong>aitque,</strong></span> <span class='ocrx_word' id='word_1_179' title='bbox 2580 1152 2672 1220; x_wconf 90' lang='lat' dir='ltr'><strong>qui</strong></span> <span class='ocrx_word' id='word_1_180' title='bbox 2705 1152 2771 1205; x_wconf 91' lang='lat' dir='ltr'><strong>ad</strong></span> <span class='ocrx_word' id='word_1_181' title='bbox 2803 1161 3062 1222; x_wconf 83' lang='lat' dir='ltr'><strong>tyrannos</strong></span> <span class='ocrx_word' id='word_1_182' title='bbox 3105 1156 3183 1207; x_wconf 89' lang='lat' dir='ltr'><strong>rei</strong></span> <span class='ocrx_word' id='word_1_183' title='bbox 3227 1155 3334 1209; x_wconf 86' lang='lat' dir='ltr'><strong>acti</strong></span> <span class='ocrx_word' id='word_1_184' title='bbox 3376 1165 3522 1220; x_wconf 89' lang='lat' dir='ltr'><strong>sunt,</strong></span> 
     </span>
    </p>
   </div>
   <div class='ocr_carea' id='block_1_28' title="bbox 1965 1241 3528 1314">
    <p class='ocr_par' dir='ltr' id='par_1_28' title="bbox 1965 1241 3528 1314">
     <span class='ocr_line' id='line_1_28' title="bbox 1965 1241 3528 1314; baseline 0.003 -19"><span class='ocrx_word' id='word_1_185' title='bbox 1965 1257 2029 1295; x_wconf 89' lang='lat' dir='ltr'><strong>ac</strong></span> <span class='ocrx_word' id='word_1_186' title='bbox 2054 1244 2108 1295; x_wconf 90' lang='lat' dir='ltr'><strong>in</strong></span> <span class='ocrx_word' id='word_1_187' title='bbox 2140 1241 2355 1295; x_wconf 80' lang='lat' dir='ltr'><strong>vincula</strong></span> <span class='ocrx_word' id='word_1_188' title='bbox 2391 1242 2645 1309; x_wconf 70' lang='lat' dir='ltr'><strong>coniecti,</strong></span> <span class='ocrx_word' id='word_1_189' title='bbox 2682 1249 3056 1312; x_wconf 87' lang='lat' dir='ltr'><strong>tormentaque</strong></span> <span class='ocrx_word' id='word_1_190' title='bbox 3090 1245 3410 1314; x_wconf 77' lang='lat' dir='ltr'><strong>gravissima</strong></span> <span class='ocrx_word' id='word_1_191' title='bbox 3432 1247 3528 1300; x_wconf 86' lang='lat' dir='ltr'><strong>lla-</strong></span> 
     </span>
    </p>
   </div>
   <div class='ocr_carea' id='block_1_29' title="bbox 1967 1333 3525 1407">
    <p class='ocr_par' dir='ltr' id='par_1_29' title="bbox 1967 1333 3525 1407">
     <span class='ocr_line' id='line_1_29' title="bbox 1967 1333 3525 1407; baseline 0.004 -21"><span class='ocrx_word' id='word_1_192' title='bbox 1967 1334 2211 1402; x_wconf 84' lang='lat' dir='ltr'><strong>gcllaqne</strong></span> <span class='ocrx_word' id='word_1_193' title='bbox 2248 1333 2390 1385; x_wconf 83' lang='lat' dir='ltr'><strong>haud</strong></span> <span class='ocrx_word' id='word_1_194' title='bbox 2422 1333 2747 1397; x_wconf 78' lang='lat' dir='ltr'><strong>tolerabilia,</strong></span> <span class='ocrx_word' id='word_1_195' title='bbox 2782 1349 3009 1403; x_wconf 73' lang='lat' dir='ltr'><strong>quaeque</strong></span> <span class='ocrx_word' id='word_1_196' title='bbox 3044 1337 3190 1389; x_wconf 89' lang='lat' dir='ltr'><strong>nulla</strong></span> <span class='ocrx_word' id='word_1_197' title='bbox 3236 1353 3525 1407; x_wconf 89' lang='lat' dir='ltr'><strong>propemo-</strong></span> 
     </span>
    </p>
   </div>
   <div class='ocr_carea' id='block_1_30' title="bbox 1966 1420 3531 1492">
    <p class='ocr_par' dir='ltr' id='par_1_30' title="bbox 1966 1420 3531 1492">
     <span class='ocr_line' id='line_1_30' title="bbox 1966 1420 3531 1492; baseline 0 -17"><span class='ocrx_word' id='word_1_198' title='bbox 1966 1421 2093 1475; x_wconf 89' lang='lat' dir='ltr'><strong>dum</strong></span> <span class='ocrx_word' id='word_1_199' title='bbox 2125 1435 2277 1482; x_wconf 89' lang='lat' dir='ltr'><strong>cura,</strong></span> <span class='ocrx_word' id='word_1_200' title='bbox 2311 1430 2403 1472; x_wconf 89' lang='lat' dir='ltr'><strong>aut</strong></span> <span class='ocrx_word' id='word_1_201' title='bbox 2431 1420 2697 1473; x_wconf 82' lang='lat' dir='ltr'><strong>medicina</strong></span> <span class='ocrx_word' id='word_1_202' title='bbox 2731 1421 2910 1473; x_wconf 88' lang='lat' dir='ltr'><strong>sanari</strong></span> <span class='ocrx_word' id='word_1_203' title='bbox 2946 1430 3166 1490; x_wconf 87' lang='lat' dir='ltr'><strong>possent</strong></span> <span class='ocrx_word' id='word_1_204' title='bbox 3197 1421 3347 1492; x_wconf 78' lang='grc' dir='ltr'>(ἄκος</span> <span class='ocrx_word' id='word_1_205' title='bbox 3373 1439 3531 1476; x_wconf 83' lang='lat' dir='ltr'><strong>nam-</strong></span> 
     </span>
    </p>
   </div>
   <div class='ocr_carea' id='block_1_31' title="bbox 1965 1510 3525 1582">
    <p class='ocr_par' dir='ltr' id='par_1_31' title="bbox 1965 1510 3525 1582">
     <span class='ocr_line' id='line_1_31' title="bbox 1965 1510 3525 1582; baseline 0.002 -19"><span class='ocrx_word' id='word_1_206' title='bbox 1965 1527 2069 1581; x_wconf 90' lang='lat' dir='ltr'><strong>que</strong></span> <span class='ocrx_word' id='word_1_207' title='bbox 2111 1512 2433 1563; x_wconf 84' lang='lat' dir='ltr'><strong>curationem</strong></span> <span class='ocrx_word' id='word_1_208' title='bbox 2476 1510 2780 1579; x_wconf 79' lang='lat' dir='ltr'><strong>signiﬁcat,</strong></span> <span class='ocrx_word' id='word_1_209' title='bbox 2826 1519 3016 1580; x_wconf 86' lang='lat' dir='ltr'><strong>estque</strong></span> <span class='ocrx_word' id='word_1_210' title='bbox 3054 1513 3348 1582; x_wconf 81' lang='grc' dir='ltr'>ἀνήκεστον</span> <span class='ocrx_word' id='word_1_211' title='bbox 3384 1514 3525 1568; x_wconf 90' lang='lat' dir='ltr'><strong>idem</strong></span> 
     </span>
    </p>
   </div>
   <div class='ocr_carea' id='block_1_32' title="bbox 1965 1598 3529 1671">
    <p class='ocr_par' dir='ltr' id='par_1_32' title="bbox 1965 1598 3529 1671">
     <span class='ocr_line' id='line_1_32' title="bbox 1965 1598 3529 1671; baseline 0.002 -18"><span class='ocrx_word' id='word_1_212' title='bbox 1965 1600 2109 1670; x_wconf 89' lang='lat' dir='ltr'><strong>quod</strong></span> <span class='ocrx_word' id='word_1_213' title='bbox 2131 1598 2557 1665; x_wconf 76' lang='lat' dir='ltr'><strong>immedicabile),</strong></span> <span class='ocrx_word' id='word_1_214' title='bbox 2589 1600 2832 1668; x_wconf 87' lang='lat' dir='ltr'><strong>aliasque</strong></span> <span class='ocrx_word' id='word_1_215' title='bbox 2863 1602 3217 1658; x_wconf 84' lang='lat' dir='ltr'><strong>necessitates</strong></span> <span class='ocrx_word' id='word_1_216' title='bbox 3252 1604 3529 1671; x_wconf 78' lang='lat' dir='ltr'><strong>sustinue-</strong></span> 
     </span>
    </p>
   </div>
   <div class='ocr_carea' id='block_1_33' title="bbox 1968 1689 3528 1757">
    <p class='ocr_par' dir='ltr' id='par_1_33' title="bbox 1968 1689 3528 1757">
     <span class='ocr_line' id='line_1_33' title="bbox 1968 1689 3528 1757; baseline 0.001 -15"><span class='ocrx_word' id='word_1_217' title='bbox 1968 1699 2131 1754; x_wconf 87' lang='lat' dir='ltr'><strong>runt;</strong></span> <span class='ocrx_word' id='word_1_218' title='bbox 2170 1704 2230 1742; x_wconf 92' lang='lat' dir='ltr'><strong>ac</strong></span> <span class='ocrx_word' id='word_1_219' title='bbox 2260 1695 2447 1757; x_wconf 87' lang='lat' dir='ltr'><strong>postea</strong></span> <span class='ocrx_word' id='word_1_220' title='bbox 2476 1689 2895 1743; x_wconf 87' lang='lat' dir='ltr'><strong>succumbentes</strong></span> <span class='ocrx_word' id='word_1_221' title='bbox 2931 1690 3301 1754; x_wconf 86' lang='lat' dir='ltr'><strong>immolarunt,</strong></span> <span class='ocrx_word' id='word_1_222' title='bbox 3337 1692 3528 1744; x_wconf 80' lang='lat' dir='ltr'><strong>velata</strong></span> 
     </span>
    </p>
   </div>
   <div class='ocr_carea' id='block_1_34' title="bbox 292 1777 1860 1853">
    <p class='ocr_par' dir='ltr' id='par_1_34' title="bbox 292 1781 1860 1853">
     <span class='ocr_line' id='line_1_34' title="bbox 292 1781 1860 1853; baseline 0.001 -19"><span class='ocrx_word' id='word_1_223' title='bbox 292 1783 367 1853; x_wconf 76' lang='grc' dir='ltr'>μὴ</span> <span class='ocrx_word' id='word_1_224' title='bbox 418 1782 737 1851; x_wconf 78' lang='grc' dir='ltr'><strong>δυνηθείσης</strong></span> <span class='ocrx_word' id='word_1_225' title='bbox 783 1782 944 1852; x_wconf 87' lang='grc' dir='ltr'>μέχρι</span> <span class='ocrx_word' id='word_1_226' title='bbox 985 1781 1169 1844; x_wconf 80' lang='grc' dir='ltr'>τέλους</span> <span class='ocrx_word' id='word_1_227' title='bbox 1199 1783 1598 1853; x_wconf 76' lang='grc' dir='ltr'>ἐγκαρτερῆσαι</span> <span class='ocrx_word' id='word_1_228' title='bbox 1624 1786 1733 1847; x_wconf 82' lang='grc' dir='ltr'>τοῖς</span> <span class='ocrx_word' id='word_1_229' title='bbox 1767 1783 1860 1835; x_wconf 81' lang='grc' dir='ltr'>ἀλ-</span> 
     </span>
    </p>
   </div>
   <div class='ocr_carea' id='block_1_35' title="bbox 1966 1777 3529 1853">
    <p class='ocr_par' dir='ltr' id='par_1_35' title="bbox 1966 1779 3529 1850">
     <span class='ocr_line' id='line_1_35' title="bbox 1966 1779 3529 1850; baseline 0 -15"><span class='ocrx_word' id='word_1_230' title='bbox 1966 1781 2145 1836; x_wconf 86' lang='lat' dir='ltr'><strong>carnis</strong></span> <span class='ocrx_word' id='word_1_231' title='bbox 2186 1779 2555 1833; x_wconf 85' lang='lat' dir='ltr'><strong>imbecillitate</strong></span> <span class='ocrx_word' id='word_1_232' title='bbox 2599 1779 2820 1848; x_wconf 86' lang='lat' dir='ltr'><strong>proditi,</strong></span> <span class='ocrx_word' id='word_1_233' title='bbox 2867 1795 2986 1849; x_wconf 73' lang='lat' dir='ltr'><strong>qua:</strong></span> <span class='ocrx_word' id='word_1_234' title='bbox 3025 1781 3092 1834; x_wconf 91' lang='lat' dir='ltr'><strong>ad</strong></span> <span class='ocrx_word' id='word_1_235' title='bbox 3146 1780 3306 1834; x_wconf 82' lang='lat' dir='ltr'><strong>ﬁnem</strong></span> <span class='ocrx_word' id='word_1_236' title='bbox 3357 1797 3529 1850; x_wconf 90' lang='lat' dir='ltr'><strong>usque</strong></span> 
     </span>
    </p>
   </div>
   <div class='ocr_carea' id='block_1_36' title="bbox 288 1871 1865 1944">
    <p class='ocr_par' dir='ltr' id='par_1_36' title="bbox 288 1871 1865 1944">
     <span class='ocr_line' id='line_1_36' title="bbox 288 1871 1865 1944; baseline 0 -21"><span class='ocrx_word' id='word_1_237' title='bbox 288 1874 504 1940; x_wconf 83' lang='grc' dir='ltr'>γεινοῖς,</span> <span class='ocrx_word' id='word_1_238' title='bbox 539 1873 699 1943; x_wconf 77' lang='grc' dir='ltr'>ἀρκεῖ</span> <span class='ocrx_word' id='word_1_239' title='bbox 714 1874 743 1925; x_wconf 91' lang='lat'><strong>6</strong></span> <span class='ocrx_word' id='word_1_240' title='bbox 775 1871 1056 1940; x_wconf 83' lang='grc' dir='ltr'>παρελθὼν</span> <span class='ocrx_word' id='word_1_241' title='bbox 1088 1872 1276 1942; x_wconf 85' lang='grc' dir='ltr'>χρόνος</span> <span class='ocrx_word' id='word_1_242' title='bbox 1297 1874 1375 1935; x_wconf 82' lang='grc' dir='ltr'><strong>είς</strong></span> <span class='ocrx_word' id='word_1_243' title='bbox 1401 1873 1739 1944; x_wconf 76' lang='grc' dir='ltr'>ἐπιτίμησιν.</span> <span class='ocrx_word' id='word_1_244' title='bbox 1761 1874 1865 1924; x_wconf 73' lang='grc' dir='ltr'>Τέ-</span> 
     </span>
    </p>
   </div>
   <div class='ocr_carea' id='block_1_37' title="bbox 288 1961 1857 2032">
    <p class='ocr_par' dir='ltr' id='par_1_37' title="bbox 288 1961 1857 2032">
     <span class='ocr_line' id='line_1_37' title="bbox 288 1961 1857 2032; baseline 0.001 -19"><span class='ocrx_word' id='word_1_245' title='bbox 288 1977 486 2032; x_wconf 87' lang='grc' dir='ltr'>ταρτον</span> <span class='ocrx_word' id='word_1_246' title='bbox 513 1961 621 2032; x_wconf 88' lang='grc' dir='ltr'><strong>γάρ</strong></span> <span class='ocrx_word' id='word_1_247' title='bbox 643 1977 805 2031; x_wconf 71' lang='grc' dir='ltr'>φησιν</span> <span class='ocrx_word' id='word_1_248' title='bbox 836 1962 936 2031; x_wconf 71' lang='grc' dir='ltr'>ἤδη</span> <span class='ocrx_word' id='word_1_249' title='bbox 985 1961 1172 2031; x_wconf 80' lang='grc' dir='ltr'>Πάσχα</span> <span class='ocrx_word' id='word_1_250' title='bbox 1203 1963 1621 2032; x_wconf 77' lang='grc' dir='ltr'>ὲπικατείληφεν</span> <span class='ocrx_word' id='word_1_251' title='bbox 1639 2003 1653 2026; x_wconf 95' lang='grc'><strong>,</strong></span> <span class='ocrx_word' id='word_1_252' title='bbox 1677 1964 1857 2029; x_wconf 81' lang='grc' dir='ltr'>ὲξότου</span> 
     </span>
    </p>
   </div>
   <div class='ocr_carea' id='block_1_38' title="bbox 291 2051 1864 2124">
    <p class='ocr_par' dir='ltr' id='par_1_38' title="bbox 291 2051 1864 2124">
     <span class='ocr_line' id='line_1_38' title="bbox 291 2051 1864 2124; baseline 0.001 -19"><span class='ocrx_word' id='word_1_253' title='bbox 291 2051 609 2105; x_wconf 78' lang='grc' dir='ltr'>πεπτώκασι</span> <span class='ocrx_word' id='word_1_254' title='bbox 652 2052 749 2123; x_wconf 79' lang='grc' dir='ltr'><strong>τὴν</strong></span> <span class='ocrx_word' id='word_1_255' title='bbox 804 2052 1062 2122; x_wconf 85' lang='grc' dir='ltr'>μεγίστην</span> <span class='ocrx_word' id='word_1_256' title='bbox 1113 2052 1337 2107; x_wconf 80' lang='grc' dir='ltr'>πτῶσιν.</span> <span class='ocrx_word' id='word_1_257' title='bbox 1377 2055 1484 2106; x_wconf 75' lang='grc' dir='ltr'>Καὶ</span> <span class='ocrx_word' id='word_1_258' title='bbox 1512 2056 1558 2106; x_wconf 85' lang='grc' dir='ltr'><strong>εί</strong></span> <span class='ocrx_word' id='word_1_259' title='bbox 1600 2055 1740 2124; x_wconf 84' lang='grc' dir='ltr'>τάχα</span> <span class='ocrx_word' id='word_1_260' title='bbox 1771 2056 1864 2109; x_wconf 63' lang='grc' dir='ltr'><strong>καὶ¹</strong></span> 
     </span>
    </p>
   </div>
   <div class='ocr_carea' id='block_1_39' title="bbox 290 2139 1862 2211">
    <p class='ocr_par' dir='ltr' id='par_1_39' title="bbox 290 2139 1862 2211">
     <span class='ocr_line' id='line_1_39' title="bbox 290 2139 1862 2211; baseline -0.001 -17"><span class='ocrx_word' id='word_1_261' title='bbox 290 2140 351 2205; x_wconf 79' lang='grc' dir='ltr'>ἐξ</span> <span class='ocrx_word' id='word_1_262' title='bbox 371 2140 567 2211; x_wconf 74' lang='grc' dir='ltr'>ἀρχῆς,</span> <span class='ocrx_word' id='word_1_263' title='bbox 600 2142 687 2192; x_wconf 77' lang='grc' dir='ltr'><strong>ὅτε</strong></span> <span class='ocrx_word' id='word_1_264' title='bbox 716 2139 1016 2210; x_wconf 82' lang='grc' dir='ltr'>προσῆλθον</span> <span class='ocrx_word' id='word_1_265' title='bbox 1048 2139 1492 2210; x_wconf 83' lang='grc' dir='ltr'>μεταμελόμενοι,</span> <span class='ocrx_word' id='word_1_266' title='bbox 1513 2143 1612 2193; x_wconf 78' lang='grc' dir='ltr'><strong>οὐκ</strong></span> <span class='ocrx_word' id='word_1_267' title='bbox 1639 2141 1862 2211; x_wconf 69' lang='grc' dir='ltr'>ἐδέχθη-</span> 
     </span>
    </p>
   </div>
   <div class='ocr_carea' id='block_1_40' title="bbox 292 2227 1863 2306">
    <p class='ocr_par' dir='ltr' id='par_1_40' title="bbox 292 2227 1863 2306">
     <span class='ocr_line' id='line_1_40' title="bbox 292 2227 1863 2306; baseline -0.001 -22"><span class='ocrx_word' id='word_1_268' title='bbox 292 2248 419 2294; x_wconf 83' lang='grc' dir='ltr'>σαν,</span> <span class='ocrx_word' id='word_1_269' title='bbox 450 2234 599 2303; x_wconf 82' lang='grc' dir='ltr'>ὅμως</span> <span class='ocrx_word' id='word_1_270' title='bbox 635 2234 715 2285; x_wconf 83' lang='grc' dir='ltr'><strong>ὅτι</strong></span> <span class='ocrx_word' id='word_1_271' title='bbox 743 2234 804 2285; x_wconf 87' lang='grc' dir='ltr'><strong>ού</strong></span> <span class='ocrx_word' id='word_1_272' title='bbox 839 2233 978 2285; x_wconf 84' lang='grc' dir='ltr'>κατὰ</span> <span class='ocrx_word' id='word_1_273' title='bbox 1037 2233 1353 2306; x_wconf 80' lang='grc' dir='ltr'>προαίρεσιν</span> <span class='ocrx_word' id='word_1_274' title='bbox 1376 2227 1539 2302; x_wconf 83' lang='grc' dir='ltr'>ἦλθον</span> <span class='ocrx_word' id='word_1_275' title='bbox 1573 2233 1652 2295; x_wconf 88' lang='grc' dir='ltr'><strong>είς</strong></span> <span class='ocrx_word' id='word_1_276' title='bbox 1678 2233 1738 2284; x_wconf 86' lang='grc' dir='ltr'><strong>τὸ</strong></span> <span class='ocrx_word' id='word_1_277' title='bbox 1771 2230 1863 2283; x_wconf 81' lang='grc' dir='ltr'><strong>θῦ-</strong></span> 
     </span>
    </p>
   </div>
   <div class='ocr_carea' id='block_1_41' title="bbox 292 2319 1864 2392">
    <p class='ocr_par' dir='ltr' id='par_1_41' title="bbox 292 2319 1864 2392">
     <span class='ocr_line' id='line_1_41' title="bbox 292 2319 1864 2392; baseline 0 -19"><span class='ocrx_word' id='word_1_278' title='bbox 292 2337 404 2384; x_wconf 71' lang='lat' dir='ltr'><strong>cm,</strong></span> <span class='ocrx_word' id='word_1_279' title='bbox 440 2321 533 2374; x_wconf 78' lang='grc' dir='ltr'><strong>καὶ</strong></span> <span class='ocrx_word' id='word_1_280' title='bbox 562 2321 895 2390; x_wconf 78' lang='grc' dir='ltr'>ἀντέστησαν</span> <span class='ocrx_word' id='word_1_281' title='bbox 920 2322 1171 2384; x_wconf 77' lang='grc' dir='ltr'>ἐπιπολὺ,</span> <span class='ocrx_word' id='word_1_282' title='bbox 1202 2322 1301 2375; x_wconf 71' lang='grc' dir='ltr'><strong>καῖ</strong></span> <span class='ocrx_word' id='word_1_283' title='bbox 1331 2321 1604 2390; x_wconf 83' lang='grc' dir='ltr'>στίγματα</span> <span class='ocrx_word' id='word_1_284' title='bbox 1635 2319 1727 2374; x_wconf 79' lang='grc' dir='ltr'>τοῦ</span> <span class='ocrx_word' id='word_1_285' title='bbox 1763 2322 1864 2392; x_wconf 87' lang='grc' dir='ltr'><strong>Ἰη-</strong></span> 
     </span>
    </p>
   </div>
   <div class='ocr_carea' id='block_1_42' title="bbox 292 2404 1862 2482">
    <p class='ocr_par' dir='ltr' id='par_1_42' title="bbox 292 2404 1862 2482">
     <span class='ocr_line' id='line_1_42' title="bbox 292 2404 1862 2482; baseline 0.002 -20"><span class='ocrx_word' id='word_1_286' title='bbox 292 2408 409 2473; x_wconf 83' lang='grc' dir='ltr'>σοῦ,</span> <span class='ocrx_word' id='word_1_287' title='bbox 436 2410 602 2481; x_wconf 84' lang='grc' dir='ltr'>ἧγουν</span> <span class='ocrx_word' id='word_1_288' title='bbox 640 2409 910 2480; x_wconf 84' lang='grc' dir='ltr'>μώλωπας</span> <span class='ocrx_word' id='word_1_289' title='bbox 936 2411 1044 2463; x_wconf 84' lang='grc' dir='ltr'>τῶν</span> <span class='ocrx_word' id='word_1_290' title='bbox 1068 2411 1417 2482; x_wconf 83' lang='grc' dir='ltr'>τραυμάτων,</span> <span class='ocrx_word' id='word_1_291' title='bbox 1452 2404 1525 2464; x_wconf 82' lang='grc' dir='ltr'><strong>ὧν</strong></span> <span class='ocrx_word' id='word_1_292' title='bbox 1554 2411 1862 2481; x_wconf 78' lang='grc' dir='ltr'>ὑπέστησαν</span> 
     </span>
    </p>
   </div>
   <div class='ocr_carea' id='block_1_43' title="bbox 291 2502 1861 2578">
    <p class='ocr_par' dir='ltr' id='par_1_43' title="bbox 291 2502 1861 2578">
     <span class='ocr_line' id='line_1_43' title="bbox 291 2502 1861 2578; baseline 0.002 -22"><span class='ocrx_word' id='word_1_293' title='bbox 291 2503 431 2574; x_wconf 68' lang='grc' dir='ltr'>ὑπὲρ</span> <span class='ocrx_word' id='word_1_294' title='bbox 459 2502 552 2557; x_wconf 84' lang='grc' dir='ltr'>τοῦ</span> <span class='ocrx_word' id='word_1_295' title='bbox 580 2503 835 2573; x_wconf 79' lang='grc' dir='ltr'>Χριστοῦ,</span> <span class='ocrx_word' id='word_1_296' title='bbox 869 2503 1070 2574; x_wconf 76' lang='grc' dir='ltr'>έχουσι.</span> <span class='ocrx_word' id='word_1_297' title='bbox 1108 2506 1200 2558; x_wconf 74' lang='grc' dir='ltr'>καὶ</span> <span class='ocrx_word' id='word_1_298' title='bbox 1233 2505 1331 2576; x_wconf 67' lang='grc' dir='ltr'>ἤδη</span> <span class='ocrx_word' id='word_1_299' title='bbox 1361 2505 1541 2577; x_wconf 85' lang='grc' dir='ltr'>τρίτον</span> <span class='ocrx_word' id='word_1_300' title='bbox 1572 2506 1689 2568; x_wconf 73' lang='grc' dir='ltr'>ἔτος</span> <span class='ocrx_word' id='word_1_301' title='bbox 1719 2524 1861 2578; x_wconf 88' lang='grc' dir='ltr'>παρ-</span> 
     </span>
    </p>
   </div>
   <div class='ocr_carea' id='block_1_44' title="bbox 289 2592 1860 2667">
    <p class='ocr_par' dir='ltr' id='par_1_44' title="bbox 289 2592 1860 2667">
     <span class='ocr_line' id='line_1_44' title="bbox 289 2592 1860 2667; baseline 0.004 -24"><span class='ocrx_word' id='word_1_302' title='bbox 289 2592 454 2661; x_wconf 76' lang='grc' dir='ltr'>ῆλθεν</span> <span class='ocrx_word' id='word_1_303' title='bbox 484 2593 820 2647; x_wconf 81' lang='grc' dir='ltr'>πενθούντων</span> <span class='ocrx_word' id='word_1_304' title='bbox 854 2595 1031 2647; x_wconf 77' lang='grc' dir='ltr'>αὐτῶν</span> <span class='ocrx_word' id='word_1_305' title='bbox 1063 2595 1148 2648; x_wconf 72' lang='grc' dir='ltr'><strong>διὰ</strong></span> <span class='ocrx_word' id='word_1_306' title='bbox 1172 2595 1267 2666; x_wconf 83' lang='grc' dir='ltr'><strong>τὴν</strong></span> <span class='ocrx_word' id='word_1_307' title='bbox 1299 2596 1523 2659; x_wconf 82' lang='grc' dir='ltr'>πτῶσιν,</span> <span class='ocrx_word' id='word_1_308' title='bbox 1544 2613 1860 2667; x_wconf 83' lang='grc' dir='ltr'>προσεπιτι-</span> 
     </span>
    </p>
   </div>
   <div class='ocr_carea' id='block_1_45' title="bbox 295 2682 1857 2757">
    <p class='ocr_par' dir='ltr' id='par_1_45' title="bbox 295 2682 1857 2757">
     <span class='ocr_line' id='line_1_45' title="bbox 295 2682 1857 2757; baseline 0.003 -23"><span class='ocrx_word' id='word_1_309' title='bbox 295 2682 531 2754; x_wconf 76' lang='grc' dir='ltr'>μηθῆναι</span> <span class='ocrx_word' id='word_1_310' title='bbox 578 2683 792 2754; x_wconf 83' lang='grc' dir='ltr'>ὥρισεν,</span> <span class='ocrx_word' id='word_1_311' title='bbox 830 2684 949 2737; x_wconf 75' lang='grc' dir='ltr'>ἀντὶ</span> <span class='ocrx_word' id='word_1_312' title='bbox 975 2684 1090 2747; x_wconf 74' lang='grc' dir='ltr'>τοῦ,</span> <span class='ocrx_word' id='word_1_313' title='bbox 1137 2688 1228 2738; x_wconf 76' lang='grc' dir='ltr'>ἐπὶ</span> <span class='ocrx_word' id='word_1_314' title='bbox 1268 2686 1424 2739; x_wconf 89' lang='grc' dir='ltr'>πλέον</span> <span class='ocrx_word' id='word_1_315' title='bbox 1452 2687 1857 2757; x_wconf 78' lang='grc' dir='ltr'>ὲπιτιμηθῆναι,</span> 
     </span>
    </p>
   </div>
   <div class='ocr_carea' id='block_1_46' title="bbox 288 2773 1859 2846">
    <p class='ocr_par' dir='ltr' id='par_1_46' title="bbox 288 2773 1859 2846">
     <span class='ocr_line' id='line_1_46' title="bbox 288 2773 1859 2846; baseline 0.001 -18"><span class='ocrx_word' id='word_1_316' title='bbox 288 2773 455 2836; x_wconf 77' lang='grc' dir='ltr'>ἄλλας</span> <span class='ocrx_word' id='word_1_317' title='bbox 525 2773 934 2845; x_wconf 87' lang='grc' dir='ltr'>τεσσαράκοντα</span> <span class='ocrx_word' id='word_1_318' title='bbox 1003 2776 1214 2845; x_wconf 61' lang='grc' dir='ltr'>ἡμέρας</span> <span class='ocrx_word' id='word_1_319' title='bbox 1304 2775 1484 2839; x_wconf 82' lang='grc' dir='ltr'>ἐξότου</span> <span class='ocrx_word' id='word_1_320' title='bbox 1558 2776 1859 2846; x_wconf 75' lang='grc' dir='ltr'>προσῆλθον</span> 
     </span>
    </p>
   </div>
   <div class='ocr_carea' id='block_1_47' title="bbox 289 2861 1859 2936">
    <p class='ocr_par' dir='ltr' id='par_1_47' title="bbox 289 2861 1859 2936">
     <span class='ocr_line' id='line_1_47' title="bbox 289 2861 1859 2936; baseline 0.003 -21"><span class='ocrx_word' id='word_1_321' title='bbox 289 2862 580 2932; x_wconf 75' lang='grc' dir='ltr'>ζητοῦντες</span> <span class='ocrx_word' id='word_1_322' title='bbox 634 2864 925 2934; x_wconf 77' lang='grc' dir='ltr'>δεχθῆναι·</span> <span class='ocrx_word' id='word_1_323' title='bbox 968 2867 1027 2916; x_wconf 86' lang='grc' dir='ltr'>ὲν</span> <span class='ocrx_word' id='word_1_324' title='bbox 1071 2861 1158 2929; x_wconf 71' lang='grc' dir='ltr'>αἷς</span> <span class='ocrx_word' id='word_1_325' title='bbox 1217 2868 1308 2919; x_wconf 73' lang='grc' dir='ltr'>ἐπὶ</span> <span class='ocrx_word' id='word_1_326' title='bbox 1357 2866 1516 2921; x_wconf 78' lang='grc' dir='ltr'>πλέον</span> <span class='ocrx_word' id='word_1_327' title='bbox 1557 2868 1859 2936; x_wconf 86' lang='grc' dir='ltr'>γυμνασίαν</span> 
     </span>
    </p>
   </div>
   <div class='ocr_carea' id='block_1_48' title="bbox 289 2950 1861 3027">
    <p class='ocr_par' dir='ltr' id='par_1_48' title="bbox 289 2950 1861 3027">
     <span class='ocr_line' id='line_1_48' title="bbox 289 2950 1861 3027; baseline 0.001 -20"><span class='ocrx_word' id='word_1_328' title='bbox 289 2955 673 3020; x_wconf 73' lang='grc' dir='ltr'>ἐπιδείξαντες,</span> <span class='ocrx_word' id='word_1_329' title='bbox 700 2959 790 3009; x_wconf 75' lang='grc' dir='ltr'>καὶ</span> <span class='ocrx_word' id='word_1_330' title='bbox 816 2950 1173 3026; x_wconf 76' lang='grc' dir='ltr'>ἔύτονώτερον</span> <span class='ocrx_word' id='word_1_331' title='bbox 1193 2957 1478 3027; x_wconf 69' lang='grc' dir='ltr'>νήψαντες,</span> <span class='ocrx_word' id='word_1_332' title='bbox 1502 2958 1666 3026; x_wconf 77' lang='grc' dir='ltr'>ἥγουν</span> <span class='ocrx_word' id='word_1_333' title='bbox 1698 2974 1861 3010; x_wconf 82' lang='grc' dir='ltr'>σπου-</span> 
     </span>
    </p>
   </div>
   <div class='ocr_carea' id='block_1_49' title="bbox 286 3044 1857 3118">
    <p class='ocr_par' dir='ltr' id='par_1_49' title="bbox 286 3044 1857 3118">
     <span class='ocr_line' id='line_1_49' title="bbox 286 3044 1857 3118; baseline 0.003 -22"><span class='ocrx_word' id='word_1_334' title='bbox 286 3044 565 3116; x_wconf 80' lang='grc' dir='ltr'>δαιότερον</span> <span class='ocrx_word' id='word_1_335' title='bbox 619 3046 945 3117; x_wconf 81' lang='grc' dir='ltr'>προσχόντες</span> <span class='ocrx_word' id='word_1_336' title='bbox 1006 3049 1237 3111; x_wconf 77' lang='grc' dir='ltr'>ἑαυτοῖς,</span> <span class='ocrx_word' id='word_1_337' title='bbox 1294 3049 1730 3118; x_wconf 82' lang='grc' dir='ltr'>γρηγορήσουσιν</span> <span class='ocrx_word' id='word_1_338' title='bbox 1779 3049 1857 3110; x_wconf 88' lang='grc' dir='ltr'><strong>είς</strong></span> 
     </span>
    </p>
   </div>
   <div class='ocr_carea' id='block_1_50' title="bbox 1966 1868 3530 1938">
    <p class='ocr_par' dir='ltr' id='par_1_50' title="bbox 1966 1868 3530 1938">
     <span class='ocr_line' id='line_1_50' title="bbox 1966 1868 3530 1938; baseline 0.001 -14"><span class='ocrx_word' id='word_1_339' title='bbox 1966 1869 2234 1924; x_wconf 85' lang='lat' dir='ltr'><strong>obdurare</strong></span> <span class='ocrx_word' id='word_1_340' title='bbox 2278 1870 2333 1921; x_wconf 90' lang='lat' dir='ltr'><strong>in</strong></span> <span class='ocrx_word' id='word_1_341' title='bbox 2381 1868 2663 1922; x_wconf 85' lang='lat' dir='ltr'><strong>doloribus</strong></span> <span class='ocrx_word' id='word_1_342' title='bbox 2716 1868 2860 1920; x_wconf 88' lang='lat' dir='ltr'><strong>haud</strong></span> <span class='ocrx_word' id='word_1_343' title='bbox 2910 1870 3168 1938; x_wconf 88' lang='lat' dir='ltr'><strong>potuerit,</strong></span> <span class='ocrx_word' id='word_1_344' title='bbox 3203 1871 3271 1926; x_wconf 89' lang='lat' dir='ltr'><strong>iis</strong></span> <span class='ocrx_word' id='word_1_345' title='bbox 3313 1872 3530 1925; x_wconf 69' lang='lat' dir='ltr'><strong>mulclae</strong></span> 
     </span>
    </p>
   </div>
   <div class='ocr_carea' id='block_1_51' title="bbox 1964 1946 3527 2028">
    <p class='ocr_par' dir='ltr' id='par_1_51' title="bbox 1964 1946 3527 2028">
     <span class='ocr_line' id='line_1_51' title="bbox 1964 1946 3527 2028; baseline 0.001 -15"><span class='ocrx_word' id='word_1_346' title='bbox 1964 1960 2185 2014; x_wconf 85' lang='lat' dir='ltr'><strong>nomine</strong></span> <span class='ocrx_word' id='word_1_347' title='bbox 2230 1959 2521 2013; x_wconf 89' lang='lat' dir='ltr'><strong>decursum</strong></span> <span class='ocrx_word' id='word_1_348' title='bbox 2570 1959 2685 2028; x_wconf 87' lang='lat' dir='ltr'><strong>jam</strong></span> <span class='ocrx_word' id='word_1_349' title='bbox 2718 1966 2933 2027; x_wconf 87' lang='lat' dir='ltr'><strong>tempus</strong></span> <span class='ocrx_word' id='word_1_350' title='bbox 2969 1946 3233 2015; x_wconf 67' lang='lat' dir='ltr'><strong>subicere.</strong></span> <span class='ocrx_word' id='word_1_351' title='bbox 3262 1959 3527 2025; x_wconf 86' lang='lat' dir='ltr'><strong>Quartum</strong></span> 
     </span>
    </p>
   </div>
   <div class='ocr_carea' id='block_1_52' title="bbox 1965 2049 3528 2121">
    <p class='ocr_par' dir='ltr' id='par_1_52' title="bbox 1965 2049 3528 2121">
     <span class='ocr_line' id='line_1_52' title="bbox 1965 2049 3528 2121; baseline -0.002 -15"><span class='ocrx_word' id='word_1_352' title='bbox 1965 2052 2255 2121; x_wconf 84' lang='lat' dir='ltr'><strong>siquidem,</strong></span> <span class='ocrx_word' id='word_1_353' title='bbox 2291 2051 2488 2119; x_wconf 87' lang='lat' dir='ltr'><strong>inquit,</strong></span> <span class='ocrx_word' id='word_1_354' title='bbox 2525 2050 2732 2104; x_wconf 85' lang='lat' dir='ltr'><strong>Pascha</strong></span> <span class='ocrx_word' id='word_1_355' title='bbox 2762 2049 2873 2117; x_wconf 88' lang='lat' dir='ltr'><strong>jam</strong></span> <span class='ocrx_word' id='word_1_356' title='bbox 2905 2058 3157 2105; x_wconf 80' lang='lat' dir='ltr'><strong>exactum</strong></span> <span class='ocrx_word' id='word_1_357' title='bbox 3203 2061 3305 2115; x_wconf 90' lang='lat' dir='ltr'><strong>est,</strong></span> <span class='ocrx_word' id='word_1_358' title='bbox 3329 2066 3395 2104; x_wconf 84' lang='lat' dir='ltr'><strong>ex</strong></span> <span class='ocrx_word' id='word_1_359' title='bbox 3418 2066 3528 2120; x_wconf 88' lang='lat' dir='ltr'><strong>quo</strong></span> 
     </span>
    </p>
   </div>
   <div class='ocr_carea' id='block_1_53' title="bbox 1964 2141 3528 2213">
    <p class='ocr_par' dir='ltr' id='par_1_53' title="bbox 1964 2141 3528 2213">
     <span class='ocr_line' id='line_1_53' title="bbox 1964 2141 3528 2213; baseline -0.002 -16"><span class='ocrx_word' id='word_1_360' title='bbox 1964 2144 2019 2197; x_wconf 90' lang='lat' dir='ltr'><strong>in</strong></span> <span class='ocrx_word' id='word_1_361' title='bbox 2045 2144 2426 2213; x_wconf 84' lang='lat' dir='ltr'><strong>gravissimum</strong></span> <span class='ocrx_word' id='word_1_362' title='bbox 2463 2143 2606 2195; x_wconf 89' lang='lat' dir='ltr'><strong>hunc</strong></span> <span class='ocrx_word' id='word_1_363' title='bbox 2658 2142 2898 2195; x_wconf 89' lang='lat' dir='ltr'><strong>incidere</strong></span> <span class='ocrx_word' id='word_1_364' title='bbox 2951 2156 3160 2196; x_wconf 90' lang='lat' dir='ltr'><strong>casum.</strong></span> <span class='ocrx_word' id='word_1_365' title='bbox 3202 2141 3278 2195; x_wconf 84' lang='lat' dir='ltr'><strong>Ac</strong></span> <span class='ocrx_word' id='word_1_366' title='bbox 3313 2142 3528 2197; x_wconf 87' lang='lat' dir='ltr'><strong>etiamsi</strong></span> 
     </span>
    </p>
   </div>
   <div class='ocr_carea' id='block_1_54' title="bbox 1965 2230 3529 2300">
    <p class='ocr_par' dir='ltr' id='par_1_54' title="bbox 1965 2230 3529 2300">
     <span class='ocr_line' id='line_1_54' title="bbox 1965 2230 3529 2300; baseline -0.001 -14"><span class='ocrx_word' id='word_1_367' title='bbox 1965 2232 2103 2287; x_wconf 83' lang='lat' dir='ltr'><strong>forte</strong></span> <span class='ocrx_word' id='word_1_368' title='bbox 2136 2232 2291 2286; x_wconf 91' lang='lat' dir='ltr'><strong>initio</strong></span> <span class='ocrx_word' id='word_1_369' title='bbox 2325 2247 2448 2285; x_wconf 91' lang='lat' dir='ltr'><strong>cum</strong></span> <span class='ocrx_word' id='word_1_370' title='bbox 2481 2230 2801 2300; x_wconf 74' lang='lat' dir='ltr'><strong>pmnitentia</strong></span> <span class='ocrx_word' id='word_1_371' title='bbox 2832 2230 2979 2284; x_wconf 87' lang='lat' dir='ltr'><strong>ducti</strong></span> <span class='ocrx_word' id='word_1_372' title='bbox 3015 2239 3387 2293; x_wconf 85' lang='lat' dir='ltr'><strong>accesserunt,</strong></span> <span class='ocrx_word' id='word_1_373' title='bbox 3417 2246 3529 2284; x_wconf 83' lang='lat' dir='ltr'><strong>non</strong></span> 
     </span>
    </p>
   </div>
   <div class='ocr_carea' id='block_1_55' title="bbox 1964 2321 3530 2393">
    <p class='ocr_par' dir='ltr' id='par_1_55' title="bbox 1964 2321 3530 2393">
     <span class='ocr_line' id='line_1_55' title="bbox 1964 2321 3530 2393; baseline -0.004 -14"><span class='ocrx_word' id='word_1_374' title='bbox 1964 2332 2091 2380; x_wconf 87' lang='lat' dir='ltr'><strong>sunt</strong></span> <span class='ocrx_word' id='word_1_375' title='bbox 2121 2323 2381 2393; x_wconf 88' lang='lat' dir='ltr'><strong>suscepti,</strong></span> <span class='ocrx_word' id='word_1_376' title='bbox 2420 2330 2600 2376; x_wconf 88' lang='lat' dir='ltr'><strong>tamen</strong></span> <span class='ocrx_word' id='word_1_377' title='bbox 2635 2321 2763 2390; x_wconf 89' lang='lat' dir='ltr'><strong>quia</strong></span> <span class='ocrx_word' id='word_1_378' title='bbox 2812 2337 2919 2374; x_wconf 92' lang='lat' dir='ltr'><strong>non</strong></span> <span class='ocrx_word' id='word_1_379' title='bbox 2973 2329 3167 2389; x_wconf 89' lang='lat' dir='ltr'><strong>sponte</strong></span> <span class='ocrx_word' id='word_1_380' title='bbox 3212 2335 3530 2390; x_wconf 84' lang='lat' dir='ltr'><strong>processere</strong></span> 
     </span>
    </p>
   </div>
   <div class='ocr_carea' id='block_1_56' title="bbox 1964 2412 3525 2483">
    <p class='ocr_par' dir='ltr' id='par_1_56' title="bbox 1964 2412 3525 2483">
     <span class='ocr_line' id='line_1_56' title="bbox 1964 2412 3525 2483; baseline -0.002 -16"><span class='ocrx_word' id='word_1_381' title='bbox 1964 2412 2029 2467; x_wconf 87' lang='lat' dir='ltr'><strong>ad</strong></span> <span class='ocrx_word' id='word_1_382' title='bbox 2076 2412 2466 2467; x_wconf 87' lang='lat' dir='ltr'><strong>immolandum</strong></span> <span class='ocrx_word' id='word_1_383' title='bbox 2497 2412 2701 2481; x_wconf 90' lang='lat' dir='ltr'><strong>diuque</strong></span> <span class='ocrx_word' id='word_1_384' title='bbox 2745 2420 3131 2483; x_wconf 76' lang='lat' dir='ltr'><strong>repugnarunt,</strong></span> <span class='ocrx_word' id='word_1_385' title='bbox 3177 2426 3241 2464; x_wconf 90' lang='lat' dir='ltr'><strong>ac</strong></span> <span class='ocrx_word' id='word_1_386' title='bbox 3274 2413 3525 2480; x_wconf 79' lang='lat' dir='ltr'><strong>stigmata</strong></span> 
     </span>
    </p>
   </div>
   <div class='ocr_carea' id='block_1_57' title="bbox 1961 2502 3526 2573">
    <p class='ocr_par' dir='ltr' id='par_1_57' title="bbox 1961 2502 3526 2573">
     <span class='ocr_line' id='line_1_57' title="bbox 1961 2502 3526 2573; baseline -0.003 -11"><span class='ocrx_word' id='word_1_387' title='bbox 1961 2506 2111 2567; x_wconf 86' lang='lat' dir='ltr'><strong>Jesu,</strong></span> <span class='ocrx_word' id='word_1_388' title='bbox 2141 2505 2426 2559; x_wconf 81' lang='lat' dir='ltr'><strong>vulnerum</strong></span> <span class='ocrx_word' id='word_1_389' title='bbox 2452 2519 2644 2573; x_wconf 89' lang='lat' dir='ltr'><strong>nempe</strong></span> <span class='ocrx_word' id='word_1_390' title='bbox 2683 2520 2802 2572; x_wconf 82' lang='lat' dir='ltr'><strong>quae</strong></span> <span class='ocrx_word' id='word_1_391' title='bbox 2833 2519 2931 2573; x_wconf 88' lang='lat' dir='ltr'><strong>pro</strong></span> <span class='ocrx_word' id='word_1_392' title='bbox 2965 2502 3181 2557; x_wconf 86' lang='lat' dir='ltr'><strong>Christo</strong></span> <span class='ocrx_word' id='word_1_393' title='bbox 3213 2505 3526 2558; x_wconf 86' lang='lat' dir='ltr'><strong>sustinuere</strong></span> 
     </span>
    </p>
   </div>
   <div class='ocr_carea' id='block_1_58' title="bbox 1961 2593 3523 2663">
    <p class='ocr_par' dir='ltr' id='par_1_58' title="bbox 1961 2593 3523 2663">
     <span class='ocr_line' id='line_1_58' title="bbox 1961 2593 3523 2663; baseline -0.001 -15"><span class='ocrx_word' id='word_1_394' title='bbox 1961 2595 2244 2649; x_wconf 87' lang='lat' dir='ltr'><strong>cicatrices</strong></span> <span class='ocrx_word' id='word_1_395' title='bbox 2274 2603 2505 2663; x_wconf 81' lang='lat' dir='ltr'><strong>gerunt:</strong></span> <span class='ocrx_word' id='word_1_396' title='bbox 2542 2594 2841 2662; x_wconf 87' lang='lat' dir='ltr'><strong>tertiusque</strong></span> <span class='ocrx_word' id='word_1_397' title='bbox 2866 2593 2976 2662; x_wconf 84' lang='lat' dir='ltr'><strong>jam</strong></span> <span class='ocrx_word' id='word_1_398' title='bbox 3011 2593 3212 2647; x_wconf 81' lang='lat' dir='ltr'><strong>eﬂluxit</strong></span> <span class='ocrx_word' id='word_1_399' title='bbox 3245 2608 3418 2647; x_wconf 90' lang='lat' dir='ltr'><strong>annus</strong></span> <span class='ocrx_word' id='word_1_400' title='bbox 3456 2610 3523 2647; x_wconf 74' lang='lat' dir='ltr'><strong>ex</strong></span> 
     </span>
    </p>
   </div>
   <div class='ocr_carea' id='block_1_59' title="bbox 1960 2683 3524 2756">
    <p class='ocr_par' dir='ltr' id='par_1_59' title="bbox 1960 2683 3524 2756">
     <span class='ocr_line' id='line_1_59' title="bbox 1960 2683 3524 2756; baseline -0.003 -17"><span class='ocrx_word' id='word_1_401' title='bbox 1960 2703 2068 2756; x_wconf 84' lang='lat' dir='ltr'><strong>quo</strong></span> <span class='ocrx_word' id='word_1_402' title='bbox 2097 2686 2280 2754; x_wconf 83' lang='lat' dir='ltr'><strong>lugent</strong></span> <span class='ocrx_word' id='word_1_403' title='bbox 2313 2684 2525 2753; x_wconf 86' lang='lat' dir='ltr'><strong>lapsum</strong></span> <span class='ocrx_word' id='word_1_404' title='bbox 2555 2684 2726 2746; x_wconf 89' lang='lat' dir='ltr'><strong>illum,</strong></span> <span class='ocrx_word' id='word_1_405' title='bbox 2749 2684 2971 2751; x_wconf 87' lang='lat' dir='ltr'><strong>insuper</strong></span> <span class='ocrx_word' id='word_1_406' title='bbox 2995 2683 3267 2746; x_wconf 90' lang='lat' dir='ltr'><strong>mulctari,</strong></span> <span class='ocrx_word' id='word_1_407' title='bbox 3297 2684 3396 2737; x_wconf 89' lang='lat' dir='ltr'><strong>hoc</strong></span> <span class='ocrx_word' id='word_1_408' title='bbox 3422 2696 3524 2746; x_wconf 77' lang='grc' dir='ltr'>εει,</span> 
     </span>
    </p>
   </div>
   <div class='ocr_carea' id='block_1_60' title="bbox 1960 2771 3526 2842">
    <p class='ocr_par' dir='ltr' id='par_1_60' title="bbox 1960 2771 3526 2842">
     <span class='ocr_line' id='line_1_60' title="bbox 1960 2771 3526 2842; baseline -0.003 -13"><span class='ocrx_word' id='word_1_409' title='bbox 1960 2774 2096 2829; x_wconf 87' lang='lat' dir='ltr'><strong>alios</strong></span> <span class='ocrx_word' id='word_1_410' title='bbox 2115 2775 2291 2828; x_wconf 87' lang='lat' dir='ltr'><strong>adhuc</strong></span> <span class='ocrx_word' id='word_1_411' title='bbox 2318 2771 2676 2842; x_wconf 82' lang='lat' dir='ltr'><strong>quadraginta</strong></span> <span class='ocrx_word' id='word_1_412' title='bbox 2711 2772 2826 2826; x_wconf 86' lang='lat' dir='ltr'><strong>dies</strong></span> <span class='ocrx_word' id='word_1_413' title='bbox 2858 2788 2923 2825; x_wconf 77' lang='lat' dir='ltr'><strong>cx</strong></span> <span class='ocrx_word' id='word_1_414' title='bbox 2952 2787 3057 2840; x_wconf 90' lang='lat' dir='ltr'><strong>quo</strong></span> <span class='ocrx_word' id='word_1_415' title='bbox 3088 2773 3154 2825; x_wconf 89' lang='lat' dir='ltr'><strong>ad</strong></span> <span class='ocrx_word' id='word_1_416' title='bbox 3187 2772 3526 2824; x_wconf 81' lang='lat' dir='ltr'><strong>communio-</strong></span> 
     </span>
    </p>
   </div>
   <div class='ocr_carea' id='block_1_61' title="bbox 1961 2862 3523 2931">
    <p class='ocr_par' dir='ltr' id='par_1_61' title="bbox 1961 2862 3523 2931">
     <span class='ocr_line' id='line_1_61' title="bbox 1961 2862 3523 2931; baseline -0.003 -14"><span class='ocrx_word' id='word_1_417' title='bbox 1961 2879 2082 2918; x_wconf 90' lang='lat' dir='ltr'><strong>nem</strong></span> <span class='ocrx_word' id='word_1_418' title='bbox 2118 2863 2328 2917; x_wconf 89' lang='lat' dir='ltr'><strong>admitti</strong></span> <span class='ocrx_word' id='word_1_419' title='bbox 2379 2863 2718 2931; x_wconf 89' lang='lat' dir='ltr'><strong>postnlantes</strong></span> <span class='ocrx_word' id='word_1_420' title='bbox 2763 2870 3143 2924; x_wconf 80' lang='lat' dir='ltr'><strong>accesserunt,</strong></span> <span class='ocrx_word' id='word_1_421' title='bbox 3177 2862 3392 2913; x_wconf 70' lang='lat' dir='ltr'><strong>mulctee</strong></span> <span class='ocrx_word' id='word_1_422' title='bbox 3422 2876 3523 2913; x_wconf 84' lang='lat' dir='ltr'><strong>no-</strong></span> 
     </span>
    </p>
   </div>
   <div class='ocr_carea' id='block_1_62' title="bbox 1960 2950 3523 3022">
    <p class='ocr_par' dir='ltr' id='par_1_62' title="bbox 1960 2950 3523 3022">
     <span class='ocr_line' id='line_1_62' title="bbox 1960 2950 3523 3022; baseline -0.003 -15"><span class='ocrx_word' id='word_1_423' title='bbox 1960 2955 2105 3008; x_wconf 88' lang='lat' dir='ltr'><strong>mine</strong></span> <span class='ocrx_word' id='word_1_424' title='bbox 2136 2952 2501 3022; x_wconf 83' lang='lat' dir='ltr'><strong>injungendos</strong></span> <span class='ocrx_word' id='word_1_425' title='bbox 2522 2967 2642 3007; x_wconf 84' lang='lat' dir='ltr'><strong>esse</strong></span> <span class='ocrx_word' id='word_1_426' title='bbox 2665 2952 2927 3007; x_wconf 70' lang='lat' dir='ltr'><strong>decernit.</strong></span> <span class='ocrx_word' id='word_1_427' title='bbox 2954 2950 3009 3004; x_wconf 90' lang='lat' dir='ltr'><strong>ln</strong></span> <span class='ocrx_word' id='word_1_428' title='bbox 3040 2951 3238 3021; x_wconf 86' lang='lat' dir='ltr'><strong>quibus</strong></span> <span class='ocrx_word' id='word_1_429' title='bbox 3262 2950 3523 3019; x_wconf 82' lang='lat' dir='ltr'><strong>majorem</strong></span> 
     </span>
    </p>
   </div>
   <div class='ocr_carea' id='block_1_63' title="bbox 1961 3041 3524 3111">
    <p class='ocr_par' dir='ltr' id='par_1_63' title="bbox 1961 3041 3524 3111">
     <span class='ocr_line' id='line_1_63' title="bbox 1961 3041 3524 3111; baseline -0.004 -14"><span class='ocrx_word' id='word_1_430' title='bbox 1961 3044 2137 3097; x_wconf 83' lang='lat' dir='ltr'><strong>adimo</strong></span> <span class='ocrx_word' id='word_1_431' title='bbox 2180 3042 2531 3097; x_wconf 84' lang='lat' dir='ltr'><strong>ostendentes</strong></span> <span class='ocrx_word' id='word_1_432' title='bbox 2580 3042 2905 3111; x_wconf 68' lang='lat' dir='ltr'><strong>poenitentia:</strong></span> <span class='ocrx_word' id='word_1_433' title='bbox 2944 3041 3411 3106; x_wconf 73' lang='lat' dir='ltr'><strong>exercitationem,</strong></span> <span class='ocrx_word' id='word_1_434' title='bbox 3469 3046 3524 3092; x_wconf 86' lang='lat' dir='ltr'><strong>et</strong></span> 
     </span>
    </p>
   </div>
   <div class='ocr_carea' id='block_1_64' title="bbox 286 3112 1860 3209">
    <p class='ocr_par' dir='ltr' id='par_1_64' title="bbox 286 3137 1854 3209">
     <span class='ocr_line' id='line_1_64' title="bbox 286 3137 1854 3209; baseline 0.003 -22"><span class='ocrx_word' id='word_1_435' title='bbox 286 3137 595 3206; x_wconf 83' lang='grc' dir='ltr'>προσευχὰς</span> <span class='ocrx_word' id='word_1_436' title='bbox 621 3177 634 3201; x_wconf 91' lang='grc'><strong>,</strong></span> <span class='ocrx_word' id='word_1_437' title='bbox 684 3138 1191 3208; x_wconf 81' lang='grc' dir='ltr'>καταμελετῶντες,</span> <span class='ocrx_word' id='word_1_438' title='bbox 1257 3138 1422 3209; x_wconf 73' lang='grc' dir='ltr'>ἤγουν</span> <span class='ocrx_word' id='word_1_439' title='bbox 1505 3139 1741 3209; x_wconf 84' lang='grc' dir='ltr'>συνεχῶς</span> <span class='ocrx_word' id='word_1_440' title='bbox 1798 3141 1854 3193; x_wconf 78' lang='grc' dir='ltr'><strong>ἐν</strong></span> 
     </span>
    </p>
   </div>
   <div class='ocr_carea' id='block_1_65' title="bbox 1966 3112 3522 3209">
    <p class='ocr_par' dir='ltr' id='par_1_65' title="bbox 1966 3130 3522 3199">
     <span class='ocr_line' id='line_1_65' title="bbox 1966 3130 3522 3199; baseline -0.003 -12"><span class='ocrx_word' id='word_1_441' title='bbox 1966 3135 2241 3197; x_wconf 85' lang='lat' dir='ltr'><strong>intentius,</strong></span> <span class='ocrx_word' id='word_1_442' title='bbox 2279 3133 2381 3187; x_wconf 89' lang='lat' dir='ltr'><strong>hoc</strong></span> <span class='ocrx_word' id='word_1_443' title='bbox 2425 3140 2528 3193; x_wconf 87' lang='lat' dir='ltr'><strong>cst,</strong></span> <span class='ocrx_word' id='word_1_444' title='bbox 2567 3132 2855 3185; x_wconf 88' lang='lat' dir='ltr'><strong>attentiore</strong></span> <span class='ocrx_word' id='word_1_445' title='bbox 2899 3146 3029 3184; x_wconf 88' lang='lat' dir='ltr'><strong>cura</strong></span> <span class='ocrx_word' id='word_1_446' title='bbox 3077 3130 3409 3199; x_wconf 85' lang='lat' dir='ltr'><strong>jejunantcs,</strong></span> <span class='ocrx_word' id='word_1_447' title='bbox 3436 3138 3522 3182; x_wconf 75' lang='lat' dir='ltr'><strong>at-</strong></span> 
     </span>
    </p>
   </div>
   <div class='ocr_carea' id='block_1_66' title="bbox 287 3226 1855 3301">
    <p class='ocr_par' dir='ltr' id='par_1_66' title="bbox 287 3226 1855 3301">
     <span class='ocr_line' id='line_1_66' title="bbox 287 3226 1855 3301; baseline 0.002 -23"><span class='ocrx_word' id='word_1_448' title='bbox 287 3227 527 3296; x_wconf 75' lang='grc' dir='ltr'>φροντίδι</span> <span class='ocrx_word' id='word_1_449' title='bbox 577 3226 906 3297; x_wconf 83' lang='grc' dir='ltr'>ποιούμενοι,</span> <span class='ocrx_word' id='word_1_450' title='bbox 938 3229 1032 3280; x_wconf 68' lang='grc' dir='ltr'>καὶ</span> <span class='ocrx_word' id='word_1_451' title='bbox 1073 3227 1337 3293; x_wconf 84' lang='grc' dir='ltr'>λέγοντες,</span> <span class='ocrx_word' id='word_1_452' title='bbox 1365 3229 1399 3283; x_wconf 81' lang='grc' dir='ltr'>ἃ</span> <span class='ocrx_word' id='word_1_453' title='bbox 1425 3231 1452 3282; x_wconf 93' lang='lat'><strong>6</strong></span> <span class='ocrx_word' id='word_1_454' title='bbox 1485 3229 1687 3301; x_wconf 82' lang='grc' dir='ltr'>Κύριος</span> <span class='ocrx_word' id='word_1_455' title='bbox 1720 3230 1855 3300; x_wconf 72' lang='grc' dir='ltr'>πρὸς</span> 
     </span>
    </p>
   </div>
   <div class='ocr_carea' id='block_1_67' title="bbox 284 3313 1850 3390">
    <p class='ocr_par' dir='ltr' id='par_1_67' title="bbox 284 3313 1850 3390">
     <span class='ocr_line' id='line_1_67' title="bbox 284 3313 1850 3390; baseline 0.003 -22"><span class='ocrx_word' id='word_1_456' title='bbox 284 3315 377 3369; x_wconf 72' lang='grc' dir='ltr'><strong>τὸν</strong></span> <span class='ocrx_word' id='word_1_457' title='bbox 399 3316 723 3390; x_wconf 77' lang='grc' dir='ltr'>πειράζοντα</span> <span class='ocrx_word' id='word_1_458' title='bbox 761 3313 931 3371; x_wconf 79' lang='grc' dir='ltr'>εἶπεν·</span> <span class='ocrx_word' id='word_1_459' title='bbox 964 3318 1180 3387; x_wconf 72' lang='grc' dir='ltr'>Ὕπαγε</span> <span class='ocrx_word' id='word_1_460' title='bbox 1203 3321 1393 3373; x_wconf 79' lang='grc' dir='ltr'>ὀπίσω</span> <span class='ocrx_word' id='word_1_461' title='bbox 1415 3337 1552 3389; x_wconf 84' lang='grc' dir='ltr'>μου,</span> <span class='ocrx_word' id='word_1_462' title='bbox 1583 3319 1812 3374; x_wconf 79' lang='grc' dir='ltr'>Σατανᾶ</span> <span class='ocrx_word' id='word_1_463' title='bbox 1836 3337 1850 3352; x_wconf 82' lang='grc'><em>’</em></span> 
     </span>
    </p>
   </div>
   <div class='ocr_carea' id='block_1_68' title="bbox 288 3403 1857 3477">
    <p class='ocr_par' dir='ltr' id='par_1_68' title="bbox 288 3403 1857 3477">
     <span class='ocr_line' id='line_1_68' title="bbox 288 3403 1857 3477; baseline -0.014 6"><span class='ocrx_word' id='word_1_464' title='bbox 288 3403 603 3475; x_wconf 71' lang='grc' dir='ltr'><strong>τέτραπται</strong></span> <span class='ocrx_word' id='word_1_465' title='bbox 630 3404 773 3474; x_wconf 66' lang='grc' dir='ltr'>γάρ’</span> <span class='ocrx_word' id='word_1_466' title='bbox 813 3408 1029 3475; x_wconf 78' lang='grc' dir='ltr'>Κύριον</span> <span class='ocrx_word' id='word_1_467' title='bbox 1056 3409 1161 3460; x_wconf 75' lang='grc' dir='ltr'><strong>τὸν</strong></span> <span class='ocrx_word' id='word_1_468' title='bbox 1193 3410 1340 3462; x_wconf 69' lang='grc' dir='ltr'>Θεόν</span> <span class='ocrx_word' id='word_1_469' title='bbox 1370 3424 1485 3462; x_wconf 88' lang='grc' dir='ltr'><strong>σου</strong></span> <span class='ocrx_word' id='word_1_470' title='bbox 1522 3408 1857 3477; x_wconf 73' lang='grc' dir='ltr'>προσκυνή-</span> 
     </span>
    </p>
   </div>
   <div class='ocr_carea' id='block_1_69' title="bbox 287 3488 1336 3566">
    <p class='ocr_par' dir='ltr' id='par_1_69' title="bbox 287 3488 1336 3566">
     <span class='ocr_line' id='line_1_69' title="bbox 287 3488 1336 3566; baseline 0.002 -17"><span class='ocrx_word' id='word_1_471' title='bbox 287 3510 439 3562; x_wconf 79' lang='grc' dir='ltr'>σεις,</span> <span class='ocrx_word' id='word_1_472' title='bbox 470 3495 566 3549; x_wconf 80' lang='grc' dir='ltr'><strong>καί</strong></span> <span class='ocrx_word' id='word_1_473' title='bbox 595 3495 752 3560; x_wconf 79' lang='grc' dir='ltr'>αὐτῷ</span> <span class='ocrx_word' id='word_1_474' title='bbox 777 3488 1336 3566; x_wconf 57' lang='grc' dir='ltr'>μόνῳαατρεύσεις.</span> 
     </span>
    </p>
   </div>
   <div class='ocr_carea' id='block_1_70' title="bbox 895 3680 1236 3734">
    <p class='ocr_par' dir='ltr' id='par_1_70' title="bbox 895 3680 1236 3734">
     <span class='ocr_line' id='line_1_70' title="bbox 895 3680 1236 3734; baseline -0.003 -1"><span class='ocrx_word' id='word_1_475' title='bbox 895 3680 1133 3734; x_wconf 77' lang='grc' dir='ltr'><strong>ΚΑΝΩΝ</strong></span> <span class='ocrx_word' id='word_1_476' title='bbox 1161 3681 1236 3732; x_wconf 88' lang='lat' dir='ltr'><strong>B&#39;.</strong></span> 
     </span>
    </p>
   </div>
   <div class='ocr_carea' id='block_1_71' title="bbox 365 3769 1852 3841">
    <p class='ocr_par' dir='ltr' id='par_1_71' title="bbox 365 3769 1852 3841">
     <span class='ocr_line' id='line_1_71' title="bbox 365 3769 1852 3841; baseline 0.003 -21"><span class='ocrx_word' id='word_1_477' title='bbox 365 3787 384 3820; x_wconf 76' lang='grc' dir='ltr'><strong>ι</strong></span> <span class='ocrx_word' id='word_1_478' title='bbox 428 3769 554 3833; x_wconf 83' lang='grc' dir='ltr'>Τοῖς</span> <span class='ocrx_word' id='word_1_479' title='bbox 577 3770 633 3823; x_wconf 82' lang='grc' dir='ltr'>δὲ</span> <span class='ocrx_word' id='word_1_480' title='bbox 663 3770 798 3840; x_wconf 82' lang='grc' dir='ltr'>μετὰ</span> <span class='ocrx_word' id='word_1_481' title='bbox 828 3770 886 3823; x_wconf 83' lang='grc' dir='ltr'><strong>τὸ</strong></span> <span class='ocrx_word' id='word_1_482' title='bbox 921 3772 1313 3841; x_wconf 74' lang='grc' dir='ltr'>φυλακισθῆναι</span> <span class='ocrx_word' id='word_1_483' title='bbox 1359 3774 1516 3837; x_wconf 81' lang='grc' dir='ltr'>μόνον</span> <span class='ocrx_word' id='word_1_484' title='bbox 1550 3774 1569 3805; x_wconf 83' lang='grc'><em>³</em></span> <span class='ocrx_word' id='word_1_485' title='bbox 1594 3774 1687 3826; x_wconf 57' lang='grc' dir='ltr'><strong>καὶ⁵</strong></span> <span class='ocrx_word' id='word_1_486' title='bbox 1720 3774 1852 3825; x_wconf 79' lang='grc' dir='ltr'>ὑπο-</span> 
     </span>
    </p>
   </div>
   <div class='ocr_carea' id='block_1_72' title="bbox 295 3860 1854 3934">
    <p class='ocr_par' dir='ltr' id='par_1_72' title="bbox 295 3860 1854 3934">
     <span class='ocr_line' id='line_1_72' title="bbox 295 3860 1854 3934; baseline 0.004 -24"><span class='ocrx_word' id='word_1_487' title='bbox 295 3875 315 3909; x_wconf 75' lang='grc' dir='ltr'><strong>ι</strong></span> <span class='ocrx_word' id='word_1_488' title='bbox 348 3860 711 3930; x_wconf 82' lang='grc' dir='ltr'>μεμενηκέναι</span> <span class='ocrx_word' id='word_1_489' title='bbox 752 3861 852 3924; x_wconf 81' lang='grc' dir='ltr'>τὰς</span> <span class='ocrx_word' id='word_1_490' title='bbox 876 3863 933 3914; x_wconf 83' lang='grc' dir='ltr'><strong>ὲν</strong></span> <span class='ocrx_word' id='word_1_491' title='bbox 964 3861 1041 3933; x_wconf 83' lang='grc' dir='ltr'>τῷ</span> <span class='ocrx_word' id='word_1_492' title='bbox 1076 3863 1448 3934; x_wconf 81' lang='grc' dir='ltr'>δεσμωτηρίῳ,</span> <span class='ocrx_word' id='word_1_493' title='bbox 1483 3864 1556 3926; x_wconf 79' lang='grc' dir='ltr'>ὡς</span> <span class='ocrx_word' id='word_1_494' title='bbox 1581 3863 1645 3916; x_wconf 86' lang='grc' dir='ltr'>ἂν</span> <span class='ocrx_word' id='word_1_495' title='bbox 1676 3867 1731 3916; x_wconf 82' lang='grc' dir='ltr'><strong>ἐν</strong></span> <span class='ocrx_word' id='word_1_496' title='bbox 1757 3882 1854 3916; x_wconf 82' lang='grc' dir='ltr'>πο-</span> 
     </span>
    </p>
   </div>
   <div class='ocr_carea' id='block_1_73' title="bbox 295 3946 1854 4025">
    <p class='ocr_par' dir='ltr' id='par_1_73' title="bbox 295 3946 1854 4025">
     <span class='ocr_line' id='line_1_73' title="bbox 295 3946 1854 4025; baseline 0.005 -25"><span class='ocrx_word' id='word_1_497' title='bbox 295 3964 313 3999; x_wconf 78' lang='lat' dir='ltr'><strong>t</strong></span> <span class='ocrx_word' id='word_1_498' title='bbox 348 3946 585 4020; x_wconf 77' lang='grc' dir='ltr'>λιορκία,</span> <span class='ocrx_word' id='word_1_499' title='bbox 654 3948 860 4019; x_wconf 80' lang='grc' dir='ltr'>Θλίψεις</span> <span class='ocrx_word' id='word_1_500' title='bbox 915 3968 971 4003; x_wconf 85' lang='grc' dir='ltr'><strong>τε</strong></span> <span class='ocrx_word' id='word_1_501' title='bbox 1027 3953 1121 4005; x_wconf 74' lang='grc' dir='ltr'>καὶ</span> <span class='ocrx_word' id='word_1_502' title='bbox 1177 3952 1463 4017; x_wconf 83' lang='grc' dir='ltr'>δυσωδίας,</span> <span class='ocrx_word' id='word_1_503' title='bbox 1523 3954 1745 4025; x_wconf 77' lang='grc' dir='ltr'>ὕστερον</span> <span class='ocrx_word' id='word_1_504' title='bbox 1797 3955 1854 4009; x_wconf 83' lang='grc' dir='ltr'>δὲ</span> 
     </span>
    </p>
   </div>
   <div class='ocr_carea' id='block_1_74' title="bbox 294 4039 1850 4117">
    <p class='ocr_par' dir='ltr' id='par_1_74' title="bbox 294 4039 1850 4117">
     <span class='ocr_line' id='line_1_74' title="bbox 294 4039 1850 4117; baseline 0.008 -28"><span class='ocrx_word' id='word_1_505' title='bbox 294 4055 312 4089; x_wconf 77' lang='grc' dir='ltr'><strong>ι</strong></span> <span class='ocrx_word' id='word_1_506' title='bbox 350 4039 521 4110; x_wconf 77' lang='grc' dir='ltr'>χωρὶς</span> <span class='ocrx_word' id='word_1_507' title='bbox 543 4040 776 4111; x_wconf 83' lang='grc' dir='ltr'>πολέμου</span> <span class='ocrx_word' id='word_1_508' title='bbox 806 4041 1051 4111; x_wconf 84' lang='grc' dir='ltr'>βασάνων</span> <span class='ocrx_word' id='word_1_509' title='bbox 1069 4044 1378 4115; x_wconf 78' lang='grc' dir='ltr'>γενομένοις</span> <span class='ocrx_word' id='word_1_510' title='bbox 1399 4047 1440 4076; x_wconf 73' lang='grc' dir='ltr'><strong>δ’</strong></span> <span class='ocrx_word' id='word_1_511' title='bbox 1467 4046 1850 4117; x_wconf 75' lang='grc' dir='ltr'>αἰχμαλώτοις,</span> 
     </span>
    </p>
   </div>
   <div class='ocr_carea' id='block_1_75' title="bbox 294 4129 1899 4205">
    <p class='ocr_par' dir='ltr' id='par_1_75' title="bbox 294 4129 1899 4205">
     <span class='ocr_line' id='line_1_75' title="bbox 294 4129 1899 4205; baseline 0.008 -25"><span class='ocrx_word' id='word_1_512' title='bbox 294 4148 313 4180; x_wconf 75' lang='grc' dir='ltr'><strong>ι</strong></span> <span class='ocrx_word' id='word_1_513' title='bbox 347 4129 489 4185; x_wconf 87' lang='grc' dir='ltr'><strong>κατά</strong></span> <span class='ocrx_word' id='word_1_514' title='bbox 542 4132 738 4204; x_wconf 77' lang='grc' dir='ltr'>πολλὴν</span> <span class='ocrx_word' id='word_1_515' title='bbox 793 4136 1060 4204; x_wconf 82' lang='grc' dir='ltr'>πτωχείαν</span> <span class='ocrx_word' id='word_1_516' title='bbox 1098 4129 1395 4205; x_wconf 76' lang='grc' dir='ltr'>δυνάμεως,</span> <span class='ocrx_word' id='word_1_517' title='bbox 1428 4139 1518 4190; x_wconf 73' lang='grc' dir='ltr'>καὶ</span> <span class='ocrx_word' id='word_1_518' title='bbox 1555 4139 1696 4192; x_wconf 87' lang='grc' dir='ltr'>κατά</span> <span class='ocrx_word' id='word_1_519' title='bbox 1738 4156 1855 4192; x_wconf 86' lang='grc' dir='ltr'>τινα</span> <span class='ocrx_word' id='word_1_520' title='bbox 1892 4170 1899 4177; x_wconf 82' lang='grc'><strong>-</strong></span> 
     </span>
    </p>
   </div>
   <div class='ocr_carea' id='block_1_76' title="bbox 294 4219 1854 4298">
    <p class='ocr_par' dir='ltr' id='par_1_76' title="bbox 294 4219 1854 4298">
     <span class='ocr_line' id='line_1_76' title="bbox 294 4219 1854 4298; baseline 0.007 -27"><span class='ocrx_word' id='word_1_521' title='bbox 294 4237 312 4271; x_wconf 73' lang='grc' dir='ltr'><strong>ι</strong></span> <span class='ocrx_word' id='word_1_522' title='bbox 349 4219 656 4291; x_wconf 74' lang='grc' dir='ltr'>τυφλότητα</span> <span class='ocrx_word' id='word_1_523' title='bbox 730 4224 1182 4294; x_wconf 82' lang='grc' dir='ltr'>τεθραυσμένοις,</span> <span class='ocrx_word' id='word_1_524' title='bbox 1252 4227 1542 4298; x_wconf 78' lang='grc' dir='ltr'>ἐπαρκέσει</span> <span class='ocrx_word' id='word_1_525' title='bbox 1612 4229 1854 4293; x_wconf 77' lang='grc' dir='ltr'>ἐνιαυτὸς</span> 
     </span>
    </p>
   </div>
   <div class='ocr_carea' id='block_1_77' title="bbox 293 4310 1855 4385">
    <p class='ocr_par' dir='ltr' id='par_1_77' title="bbox 293 4310 1855 4385">
     <span class='ocr_line' id='line_1_77' title="bbox 293 4310 1855 4385; baseline 0.006 -23"><span class='ocrx_word' id='word_1_526' title='bbox 293 4328 311 4359; x_wconf 77' lang='grc' dir='ltr'>ί</span> <span class='ocrx_word' id='word_1_527' title='bbox 352 4311 487 4380; x_wconf 83' lang='grc' dir='ltr'>πρὸς</span> <span class='ocrx_word' id='word_1_528' title='bbox 533 4310 611 4381; x_wconf 84' lang='grc' dir='ltr'><strong>τῷ</strong></span> <span class='ocrx_word' id='word_1_529' title='bbox 653 4313 823 4384; x_wconf 79' lang='grc' dir='ltr'>ἑτέρῳ</span> <span class='ocrx_word' id='word_1_530' title='bbox 854 4314 1057 4385; x_wconf 84' lang='grc' dir='ltr'>χρόνῳ·</span> <span class='ocrx_word' id='word_1_531' title='bbox 1102 4315 1222 4367; x_wconf 71' lang='grc' dir='ltr'>ἐπεὶ</span> <span class='ocrx_word' id='word_1_532' title='bbox 1259 4316 1392 4379; x_wconf 78' lang='grc' dir='ltr'>ὅλως</span> <span class='ocrx_word' id='word_1_533' title='bbox 1431 4317 1522 4370; x_wconf 75' lang='grc' dir='ltr'><strong>καὶ</strong></span> <span class='ocrx_word' id='word_1_534' title='bbox 1553 4318 1703 4371; x_wconf 72' lang='grc' dir='ltr'>αὐτοὶ</span> <span class='ocrx_word' id='word_1_535' title='bbox 1733 4320 1855 4371; x_wconf 82' lang='grc' dir='ltr'>ὲπι-</span> 
     </span>
    </p>
   </div>
   <div class='ocr_carea' id='block_1_78' title="bbox 1962 3219 3524 3291">
    <p class='ocr_par' dir='ltr' id='par_1_78' title="bbox 1962 3219 3524 3291">
     <span class='ocr_line' id='line_1_78' title="bbox 1962 3219 3524 3291; baseline -0.005 -13"><span class='ocrx_word' id='word_1_536' title='bbox 1962 3225 2242 3280; x_wconf 82' lang='lat' dir='ltr'><strong>tcndentes</strong></span> <span class='ocrx_word' id='word_1_537' title='bbox 2273 3222 2650 3291; x_wconf 85' lang='lat' dir='ltr'><strong>sibimetipsis,</strong></span> <span class='ocrx_word' id='word_1_538' title='bbox 2671 3222 2893 3291; x_wconf 81' lang='lat' dir='ltr'><strong>vigiient</strong></span> <span class='ocrx_word' id='word_1_539' title='bbox 2930 3220 2982 3273; x_wconf 92' lang='lat' dir='ltr'><strong>in</strong></span> <span class='ocrx_word' id='word_1_540' title='bbox 3016 3219 3375 3284; x_wconf 79' lang='lat' dir='ltr'><strong>orationibus,</strong></span> <span class='ocrx_word' id='word_1_541' title='bbox 3409 3233 3524 3271; x_wconf 80' lang='lat' dir='ltr'><strong>me-</strong></span> 
     </span>
    </p>
   </div>
   <div class='ocr_carea' id='block_1_79' title="bbox 1959 3313 3523 3382">
    <p class='ocr_par' dir='ltr' id='par_1_79' title="bbox 1959 3313 3523 3382">
     <span class='ocr_line' id='line_1_79' title="bbox 1959 3313 3523 3382; baseline -0.006 -9"><span class='ocrx_word' id='word_1_542' title='bbox 1959 3319 2214 3381; x_wconf 78' lang='lat' dir='ltr'><strong>ditantes,</strong></span> <span class='ocrx_word' id='word_1_543' title='bbox 2249 3316 2352 3369; x_wconf 86' lang='lat' dir='ltr'><strong>hoc</strong></span> <span class='ocrx_word' id='word_1_544' title='bbox 2403 3322 2485 3370; x_wconf 88' lang='lat' dir='ltr'><strong>est</strong></span> <span class='ocrx_word' id='word_1_545' title='bbox 2519 3313 2702 3366; x_wconf 90' lang='lat' dir='ltr'><strong>animo</strong></span> <span class='ocrx_word' id='word_1_546' title='bbox 2739 3322 2997 3382; x_wconf 86' lang='lat' dir='ltr'><strong>perpetuo</strong></span> <span class='ocrx_word' id='word_1_547' title='bbox 3030 3320 3331 3373; x_wconf 85' lang='lat' dir='ltr'><strong>versantes,</strong></span> <span class='ocrx_word' id='word_1_548' title='bbox 3364 3326 3523 3365; x_wconf 77' lang='lat' dir='ltr'><strong>voce-</strong></span> 
     </span>
    </p>
   </div>
   <div class='ocr_carea' id='block_1_80' title="bbox 1958 3401 3518 3479">
    <p class='ocr_par' dir='ltr' id='par_1_80' title="bbox 1958 3401 3518 3479">
     <span class='ocr_line' id='line_1_80' title="bbox 1958 3401 3518 3479; baseline -0.001 -20"><span class='ocrx_word' id='word_1_549' title='bbox 1958 3426 2063 3479; x_wconf 74' lang='lat' dir='ltr'><strong>quc</strong></span> <span class='ocrx_word' id='word_1_550' title='bbox 2090 3416 2417 3476; x_wconf 79' lang='lat' dir='ltr'><strong>usurpantes</strong></span> <span class='ocrx_word' id='word_1_551' title='bbox 2451 3420 2571 3475; x_wconf 69' lang='lat' dir='ltr'><strong>quae</strong></span> <span class='ocrx_word' id='word_1_552' title='bbox 2604 3402 2868 3457; x_wconf 89' lang='lat' dir='ltr'><strong>Dominus</strong></span> <span class='ocrx_word' id='word_1_553' title='bbox 2899 3401 2965 3455; x_wconf 87' lang='lat' dir='ltr'><strong>ad</strong></span> <span class='ocrx_word' id='word_1_554' title='bbox 2997 3409 3318 3455; x_wconf 89' lang='lat' dir='ltr'><strong>tentatorem</strong></span> <span class='ocrx_word' id='word_1_555' title='bbox 3345 3402 3474 3455; x_wconf 74' lang='lat' dir='ltr'><strong>dixit</strong></span> <span class='ocrx_word' id='word_1_556' title='bbox 3504 3420 3518 3457; x_wconf 91' lang='lat'><strong>:</strong></span> 
     </span>
    </p>
   </div>
   <div class='ocr_carea' id='block_1_81' title="bbox 1958 3492 3522 3567">
    <p class='ocr_par' dir='ltr' id='par_1_81' title="bbox 1958 3492 3522 3567">
     <span class='ocr_line' id='line_1_81' title="bbox 1958 3492 3522 3567; baseline -0.004 -14"><span class='ocrx_word' id='word_1_557' title='bbox 1958 3502 2057 3553; x_wconf 86' lang='lat' dir='ltr'><strong>Abi</strong></span> <span class='ocrx_word' id='word_1_558' title='bbox 2087 3516 2216 3567; x_wconf 85' lang='lat' dir='ltr'><strong>pone</strong></span> <span class='ocrx_word' id='word_1_559' title='bbox 2247 3514 2345 3559; x_wconf 85' lang='lat' dir='ltr'><strong>me,</strong></span> <span class='ocrx_word' id='word_1_560' title='bbox 2389 3496 2637 3560; x_wconf 86' lang='lat' dir='ltr'><strong>Satana;</strong></span> <span class='ocrx_word' id='word_1_561' title='bbox 2674 3495 2923 3561; x_wconf 84' lang='lat' dir='ltr'><strong>scriptum</strong></span> <span class='ocrx_word' id='word_1_562' title='bbox 2949 3505 3023 3546; x_wconf 83' lang='lat' dir='ltr'><strong>est</strong></span> <span class='ocrx_word' id='word_1_563' title='bbox 3054 3494 3221 3546; x_wconf 83' lang='lat' dir='ltr'><strong>enim:</strong></span> <span class='ocrx_word' id='word_1_564' title='bbox 3243 3492 3522 3546; x_wconf 81' lang='lat' dir='ltr'><strong>Dominum</strong></span> 
     </span>
    </p>
   </div>
   <div class='ocr_carea' id='block_1_82' title="bbox 1960 3584 3145 3651">
    <p class='ocr_par' dir='ltr' id='par_1_82' title="bbox 1960 3584 3145 3651">
     <span class='ocr_line' id='line_1_82' title="bbox 1960 3584 3145 3651; baseline -0.004 -7"><span class='ocrx_word' id='word_1_565' title='bbox 1960 3592 2123 3645; x_wconf 78' lang='lat' dir='ltr'><strong>Deum</strong></span> <span class='ocrx_word' id='word_1_566' title='bbox 2157 3601 2300 3643; x_wconf 84' lang='lat' dir='ltr'><strong>tuum</strong></span> <span class='ocrx_word' id='word_1_567' title='bbox 2324 3587 2595 3651; x_wconf 79' lang='lat' dir='ltr'><strong>adorabis,</strong></span> <span class='ocrx_word' id='word_1_568' title='bbox 2624 3596 2672 3638; x_wconf 84' lang='lat' dir='ltr'><strong>et</strong></span> <span class='ocrx_word' id='word_1_569' title='bbox 2698 3586 2780 3638; x_wconf 87' lang='lat' dir='ltr'><strong>illi</strong></span> <span class='ocrx_word' id='word_1_570' title='bbox 2806 3586 2907 3638; x_wconf 85' lang='lat' dir='ltr'><strong>soli</strong></span> <span class='ocrx_word' id='word_1_571' title='bbox 2936 3584 3145 3639; x_wconf 80' lang='lat' dir='ltr'><strong>servies.</strong></span> 
     </span>
    </p>
   </div>
   <div class='ocr_carea' id='block_1_83' title="bbox 2498 3668 2900 3736">
    <p class='ocr_par' dir='ltr' id='par_1_83' title="bbox 2498 3668 2900 3736">
     <span class='ocr_line' id='line_1_83' title="bbox 2498 3668 2900 3736; baseline -0.015 0"><span class='ocrx_word' id='word_1_572' title='bbox 2498 3668 2795 3736; x_wconf 81' lang='lat' dir='ltr'><strong>9CANON</strong></span> <span class='ocrx_word' id='word_1_573' title='bbox 2838 3675 2900 3730; x_wconf 88' lang='grc' dir='ltr'>ιι.</span> 
     </span>
    </p>
   </div>
   <div class='ocr_carea' id='block_1_84' title="bbox 2033 3763 3520 3837">
    <p class='ocr_par' dir='ltr' id='par_1_84' title="bbox 2033 3763 3520 3837">
     <span class='ocr_line' id='line_1_84' title="bbox 2033 3763 3520 3837; baseline -0.005 -15"><span class='ocrx_word' id='word_1_574' title='bbox 2033 3789 2053 3822; x_wconf 82' lang='grc' dir='ltr'><strong>ι</strong></span> <span class='ocrx_word' id='word_1_575' title='bbox 2094 3769 2164 3824; x_wconf 89' lang='lat' dir='ltr'><strong>lis</strong></span> <span class='ocrx_word' id='word_1_576' title='bbox 2193 3781 2369 3823; x_wconf 83' lang='lat' dir='ltr'><strong>autem</strong></span> <span class='ocrx_word' id='word_1_577' title='bbox 2416 3770 2509 3837; x_wconf 90' lang='lat' dir='ltr'><strong>qui</strong></span> <span class='ocrx_word' id='word_1_578' title='bbox 2555 3778 2841 3836; x_wconf 84' lang='lat' dir='ltr'><strong>postquam</strong></span> <span class='ocrx_word' id='word_1_579' title='bbox 2890 3768 2947 3819; x_wconf 87' lang='lat' dir='ltr'><strong>in</strong></span> <span class='ocrx_word' id='word_1_580' title='bbox 2986 3767 3288 3821; x_wconf 71' lang='lat' dir='ltr'><strong>custodiam</strong></span> <span class='ocrx_word' id='word_1_581' title='bbox 3340 3763 3520 3818; x_wconf 89' lang='lat' dir='ltr'><strong>traditi</strong></span> 
     </span>
    </p>
   </div>
   <div class='ocr_carea' id='block_1_85' title="bbox 1963 3857 3521 3927">
    <p class='ocr_par' dir='ltr' id='par_1_85' title="bbox 1963 3857 3521 3927">
     <span class='ocr_line' id='line_1_85' title="bbox 1963 3857 3521 3927; baseline -0.003 -14"><span class='ocrx_word' id='word_1_582' title='bbox 1963 3882 1981 3913; x_wconf 80' lang='grc' dir='ltr'><strong>ι</strong></span> <span class='ocrx_word' id='word_1_583' title='bbox 2031 3873 2178 3927; x_wconf 89' lang='lat' dir='ltr'><strong>sunt,</strong></span> <span class='ocrx_word' id='word_1_584' title='bbox 2207 3861 2349 3916; x_wconf 88' lang='lat' dir='ltr'><strong>etin</strong></span> <span class='ocrx_word' id='word_1_585' title='bbox 2382 3875 2620 3920; x_wconf 85' lang='lat' dir='ltr'><strong>carcere,</strong></span> <span class='ocrx_word' id='word_1_586' title='bbox 2672 3866 2927 3927; x_wconf 84' lang='lat' dir='ltr'><strong>tanquam</strong></span> <span class='ocrx_word' id='word_1_587' title='bbox 2982 3859 3037 3912; x_wconf 88' lang='lat' dir='ltr'><strong>in</strong></span> <span class='ocrx_word' id='word_1_588' title='bbox 3088 3858 3392 3920; x_wconf 87' lang='lat' dir='ltr'><strong>obsidione,</strong></span> <span class='ocrx_word' id='word_1_589' title='bbox 3439 3857 3521 3909; x_wconf 83' lang='lat' dir='ltr'><strong>af-</strong></span> 
     </span>
    </p>
   </div>
   <div class='ocr_carea' id='block_1_86' title="bbox 1965 3946 3520 4018">
    <p class='ocr_par' dir='ltr' id='par_1_86' title="bbox 1965 3946 3520 4018">
     <span class='ocr_line' id='line_1_86' title="bbox 1965 3946 3520 4018; baseline -0.003 -15"><span class='ocrx_word' id='word_1_590' title='bbox 1965 3970 1982 4003; x_wconf 84' lang='grc' dir='ltr'><strong>ι</strong></span> <span class='ocrx_word' id='word_1_591' title='bbox 2031 3950 2298 4003; x_wconf 77' lang='lat' dir='ltr'><strong>dictiones</strong></span> <span class='ocrx_word' id='word_1_592' title='bbox 2329 3962 2630 4018; x_wconf 80' lang='lat' dir='ltr'><strong>gravesque</strong></span> <span class='ocrx_word' id='word_1_593' title='bbox 2672 3946 2870 4002; x_wconf 81' lang='lat' dir='ltr'><strong>fetores</strong></span> <span class='ocrx_word' id='word_1_594' title='bbox 2920 3948 3065 4018; x_wconf 89' lang='lat' dir='ltr'><strong>passi</strong></span> <span class='ocrx_word' id='word_1_595' title='bbox 3123 3955 3279 4012; x_wconf 88' lang='lat' dir='ltr'><strong>sunt;</strong></span> <span class='ocrx_word' id='word_1_596' title='bbox 3332 3952 3520 4014; x_wconf 88' lang='lat' dir='ltr'><strong>postea</strong></span> 
     </span>
    </p>
   </div>
   <div class='ocr_carea' id='block_1_87' title="bbox 1964 4037 3517 4105">
    <p class='ocr_par' dir='ltr' id='par_1_87' title="bbox 1964 4037 3517 4105">
     <span class='ocr_line' id='line_1_87' title="bbox 1964 4037 3517 4105; baseline -0.002 -12"><span class='ocrx_word' id='word_1_597' title='bbox 1964 4061 1981 4093; x_wconf 82' lang='grc' dir='ltr'><strong>ι</strong></span> <span class='ocrx_word' id='word_1_598' title='bbox 2030 4049 2212 4095; x_wconf 87' lang='lat' dir='ltr'><strong>autem</strong></span> <span class='ocrx_word' id='word_1_599' title='bbox 2246 4040 2363 4094; x_wconf 89' lang='lat' dir='ltr'><strong>sine</strong></span> <span class='ocrx_word' id='word_1_600' title='bbox 2396 4039 2536 4093; x_wconf 86' lang='lat' dir='ltr'><strong>bello</strong></span> <span class='ocrx_word' id='word_1_601' title='bbox 2562 4046 2959 4091; x_wconf 90' lang='lat' dir='ltr'><strong>tormentorum</strong></span> <span class='ocrx_word' id='word_1_602' title='bbox 2991 4037 3193 4105; x_wconf 78' lang='lat' dir='ltr'><strong>captivi</strong></span> <span class='ocrx_word' id='word_1_603' title='bbox 3218 4037 3345 4090; x_wconf 83' lang='lat' dir='ltr'><strong>lacti</strong></span> <span class='ocrx_word' id='word_1_604' title='bbox 3369 4043 3517 4098; x_wconf 80' lang='lat' dir='ltr'><strong>sunt,</strong></span> 
     </span>
    </p>
   </div>
   <div class='ocr_carea' id='block_1_88' title="bbox 1964 4128 3517 4200">
    <p class='ocr_par' dir='ltr' id='par_1_88' title="bbox 1964 4128 3517 4200">
     <span class='ocr_line' id='line_1_88' title="bbox 1964 4128 3517 4200; baseline -0.003 -14"><span class='ocrx_word' id='word_1_605' title='bbox 1964 4153 1982 4186; x_wconf 89' lang='grc'><strong>‹</strong></span> <span class='ocrx_word' id='word_1_606' title='bbox 2028 4133 2192 4187; x_wconf 87' lang='lat' dir='ltr'><strong>nimia</strong></span> <span class='ocrx_word' id='word_1_607' title='bbox 2217 4132 2411 4187; x_wconf 80' lang='lat' dir='ltr'><strong>virium</strong></span> <span class='ocrx_word' id='word_1_608' title='bbox 2433 4133 2614 4200; x_wconf 86' lang='lat' dir='ltr'><strong>inopia</strong></span> <span class='ocrx_word' id='word_1_609' title='bbox 2636 4140 2687 4184; x_wconf 89' lang='lat' dir='ltr'><strong>et</strong></span> <span class='ocrx_word' id='word_1_610' title='bbox 2712 4128 2945 4199; x_wconf 90' lang='lat' dir='ltr'><strong>quadam</strong></span> <span class='ocrx_word' id='word_1_611' title='bbox 2968 4131 3212 4184; x_wconf 73' lang='lat' dir='ltr'><strong>czecitate</strong></span> <span class='ocrx_word' id='word_1_612' title='bbox 3231 4128 3517 4194; x_wconf 80' lang='lat' dir='ltr'><strong>confracti,</strong></span> 
     </span>
    </p>
   </div>
   <div class='ocr_carea' id='block_1_89' title="bbox 1963 4221 3518 4290">
    <p class='ocr_par' dir='ltr' id='par_1_89' title="bbox 1963 4221 3518 4290">
     <span class='ocr_line' id='line_1_89' title="bbox 1963 4221 3518 4290; baseline -0.003 -13"><span class='ocrx_word' id='word_1_613' title='bbox 1963 4243 1981 4277; x_wconf 81' lang='grc' dir='ltr'><strong>ι</strong></span> <span class='ocrx_word' id='word_1_614' title='bbox 2028 4239 2205 4278; x_wconf 90' lang='lat' dir='ltr'><strong>annus</strong></span> <span class='ocrx_word' id='word_1_615' title='bbox 2234 4223 2302 4278; x_wconf 90' lang='lat' dir='ltr'><strong>ad</strong></span> <span class='ocrx_word' id='word_1_616' title='bbox 2344 4223 2488 4277; x_wconf 88' lang='lat' dir='ltr'><strong>aliud</strong></span> <span class='ocrx_word' id='word_1_617' title='bbox 2532 4230 2746 4290; x_wconf 88' lang='lat' dir='ltr'><strong>tempus</strong></span> <span class='ocrx_word' id='word_1_618' title='bbox 2777 4221 3055 4290; x_wconf 80' lang='lat' dir='ltr'><strong>injum-tus</strong></span> <span class='ocrx_word' id='word_1_619' title='bbox 3091 4221 3318 4279; x_wconf 81' lang='lat' dir='ltr'><strong>suﬂiciet</strong></span> <span class='ocrx_word' id='word_1_620' title='bbox 3351 4240 3364 4275; x_wconf 86' lang='lat'><strong>:</strong></span> <span class='ocrx_word' id='word_1_621' title='bbox 3394 4236 3518 4273; x_wconf 84' lang='lat' dir='ltr'><strong>nam</strong></span> 
     </span>
    </p>
   </div>
   <div class='ocr_carea' id='block_1_90' title="bbox 1964 4311 3521 4386">
    <p class='ocr_par' dir='ltr' id='par_1_90' title="bbox 1964 4311 3521 4386">
     <span class='ocr_line' id='line_1_90' title="bbox 1964 4311 3521 4386; baseline -0.003 -18"><span class='ocrx_word' id='word_1_622' title='bbox 1964 4335 1981 4368; x_wconf 81' lang='grc' dir='ltr'><strong>ι</strong></span> <span class='ocrx_word' id='word_1_623' title='bbox 2031 4317 2136 4386; x_wconf 89' lang='lat' dir='ltr'><strong>ipsi</strong></span> <span class='ocrx_word' id='word_1_624' title='bbox 2158 4330 2374 4385; x_wconf 91' lang='lat' dir='ltr'><strong>quoque</strong></span> <span class='ocrx_word' id='word_1_625' title='bbox 2403 4330 2462 4370; x_wconf 93' lang='lat' dir='ltr'><strong>se</strong></span> <span class='ocrx_word' id='word_1_626' title='bbox 2498 4315 2721 4369; x_wconf 88' lang='lat' dir='ltr'><strong>omnino</strong></span> <span class='ocrx_word' id='word_1_627' title='bbox 2749 4329 2846 4383; x_wconf 88' lang='lat' dir='ltr'><strong>pro</strong></span> <span class='ocrx_word' id='word_1_628' title='bbox 2880 4313 3099 4367; x_wconf 90' lang='lat' dir='ltr'><strong>nomine</strong></span> <span class='ocrx_word' id='word_1_629' title='bbox 3153 4312 3355 4366; x_wconf 76' lang='lat' dir='ltr'><strong>Christi</strong></span> <span class='ocrx_word' id='word_1_630' title='bbox 3385 4311 3521 4365; x_wconf 79' lang='lat' dir='ltr'><strong>allii—</strong></span> 
     </span>
    </p>
   </div>
   <div class='ocr_carea' id='block_1_91' title="bbox 292 4399 1860 4498">
    <p class='ocr_par' dir='ltr' id='par_1_91' title="bbox 292 4399 1853 4481">
     <span class='ocr_line' id='line_1_91' title="bbox 292 4399 1853 4481; baseline 0.007 -29"><span class='ocrx_word' id='word_1_631' title='bbox 292 4419 312 4451; x_wconf 73' lang='grc' dir='ltr'><strong>ι</strong></span> <span class='ocrx_word' id='word_1_632' title='bbox 343 4399 639 4457; x_wconf 80' lang='grc' dir='ltr'>δεδώκασιν</span> <span class='ocrx_word' id='word_1_633' title='bbox 693 4406 919 4469; x_wconf 79' lang='grc' dir='ltr'>ἑαυτοὺς</span> <span class='ocrx_word' id='word_1_634' title='bbox 967 4406 1108 4477; x_wconf 78' lang='grc' dir='ltr'>ὑπὲρ</span> <span class='ocrx_word' id='word_1_635' title='bbox 1132 4405 1226 4459; x_wconf 81' lang='grc' dir='ltr'>τοῦ</span> <span class='ocrx_word' id='word_1_636' title='bbox 1283 4408 1544 4478; x_wconf 88' lang='grc' dir='ltr'>ὀνόματος</span> <span class='ocrx_word' id='word_1_637' title='bbox 1582 4408 1674 4462; x_wconf 82' lang='grc' dir='ltr'>τοῦ</span> <span class='ocrx_word' id='word_1_638' title='bbox 1716 4411 1853 4481; x_wconf 85' lang='grc' dir='ltr'>Χρι-</span> 
     </span>
    </p>
   </div>
   <div class='ocr_carea' id='block_1_92' title="bbox 1966 4399 3520 4498">
    <p class='ocr_par' dir='ltr' id='par_1_92' title="bbox 1966 4402 3520 4473">
     <span class='ocr_line' id='line_1_92' title="bbox 1966 4402 3520 4473; baseline 0.001 -18"><span class='ocrx_word' id='word_1_639' title='bbox 1966 4423 1981 4455; x_wconf 87' lang='grc' dir='ltr'><strong>ι</strong></span> <span class='ocrx_word' id='word_1_640' title='bbox 2023 4404 2228 4473; x_wconf 84' lang='lat' dir='ltr'><strong>gendos</strong></span> <span class='ocrx_word' id='word_1_641' title='bbox 2267 4402 2506 4459; x_wconf 89' lang='lat' dir='ltr'><strong>dedere:</strong></span> <span class='ocrx_word' id='word_1_642' title='bbox 2554 4405 2599 4458; x_wconf 92' lang='lat' dir='ltr'><strong>si</strong></span> <span class='ocrx_word' id='word_1_643' title='bbox 2630 4404 2793 4459; x_wconf 91' lang='lat' dir='ltr'><strong>etiam</strong></span> <span class='ocrx_word' id='word_1_644' title='bbox 2826 4417 2856 4456; x_wconf 86' lang='lat' dir='ltr'><strong>a</strong></span> <span class='ocrx_word' id='word_1_645' title='bbox 2903 4403 3162 4457; x_wconf 77' lang='lat' dir='ltr'><strong>fratribus</strong></span> <span class='ocrx_word' id='word_1_646' title='bbox 3206 4403 3261 4456; x_wconf 90' lang='lat' dir='ltr'><strong>in</strong></span> <span class='ocrx_word' id='word_1_647' title='bbox 3301 4418 3520 4457; x_wconf 89' lang='lat' dir='ltr'><strong>carcere</strong></span> 
     </span>
    </p>
   </div>
   <div class='ocr_carea' id='block_1_93' title="bbox 291 4492 1856 4571">
    <p class='ocr_par' dir='ltr' id='par_1_93' title="bbox 291 4492 1856 4571">
     <span class='ocr_line' id='line_1_93' title="bbox 291 4492 1856 4571; baseline 0.005 -26"><span class='ocrx_word' id='word_1_648' title='bbox 291 4512 311 4544; x_wconf 78' lang='grc' dir='ltr'>ί</span> <span class='ocrx_word' id='word_1_649' title='bbox 347 4492 475 4547; x_wconf 84' lang='grc' dir='ltr'>στοῦ</span> <span class='ocrx_word' id='word_1_650' title='bbox 502 4493 525 4526; x_wconf 72' lang='grc'>⁸</span> <span class='ocrx_word' id='word_1_651' title='bbox 551 4493 831 4564; x_wconf 66' lang='grc' dir='ltr'>θλιὸἦναυ</span> <span class='ocrx_word' id='word_1_652' title='bbox 873 4498 920 4550; x_wconf 88' lang='grc' dir='ltr'><strong>εί</strong></span> <span class='ocrx_word' id='word_1_653' title='bbox 962 4498 1057 4551; x_wconf 77' lang='grc' dir='ltr'><strong>καὶ</strong></span> <span class='ocrx_word' id='word_1_654' title='bbox 1093 4497 1402 4551; x_wconf 84' lang='grc' dir='ltr'>ἀπέλαυσαν</span> <span class='ocrx_word' id='word_1_655' title='bbox 1453 4499 1511 4550; x_wconf 76' lang='grc' dir='ltr'><strong>ἐν</strong></span> <span class='ocrx_word' id='word_1_656' title='bbox 1549 4499 1626 4570; x_wconf 83' lang='grc' dir='ltr'>τῷ</span> <span class='ocrx_word' id='word_1_657' title='bbox 1648 4501 1856 4571; x_wconf 85' lang='grc' dir='ltr'>δεσμω-</span> 
     </span>
    </p>
   </div>
   <div class='ocr_carea' id='block_1_94' title="bbox 291 4585 1856 4660">
    <p class='ocr_par' dir='ltr' id='par_1_94' title="bbox 291 4585 1856 4660">
     <span class='ocr_line' id='line_1_94' title="bbox 291 4585 1856 4660; baseline 0.004 -24"><span class='ocrx_word' id='word_1_658' title='bbox 291 4602 309 4634; x_wconf 78' lang='grc' dir='ltr'><strong>ι</strong></span> <span class='ocrx_word' id='word_1_659' title='bbox 343 4585 516 4656; x_wconf 83' lang='grc' dir='ltr'>τηρίῳ</span> <span class='ocrx_word' id='word_1_660' title='bbox 554 4587 654 4656; x_wconf 83' lang='grc' dir='ltr'>τῆς</span> <span class='ocrx_word' id='word_1_661' title='bbox 702 4586 852 4658; x_wconf 80' lang='grc' dir='ltr'><strong>παρά</strong></span> <span class='ocrx_word' id='word_1_662' title='bbox 908 4588 1016 4641; x_wconf 86' lang='grc' dir='ltr'>τῶν</span> <span class='ocrx_word' id='word_1_663' title='bbox 1067 4589 1306 4658; x_wconf 70' lang='grc' dir='ltr'>ἀδελφῶν</span> <span class='ocrx_word' id='word_1_664' title='bbox 1363 4589 1565 4660; x_wconf 83' lang='grc' dir='ltr'>πολλῆς</span> <span class='ocrx_word' id='word_1_665' title='bbox 1612 4590 1856 4647; x_wconf 81' lang='grc' dir='ltr'>ἀναπαύ-</span> 
     </span>
    </p>
   </div>
   <div class='ocr_carea' id='block_1_95' title="bbox 292 4678 1858 4750">
    <p class='ocr_par' dir='ltr' id='par_1_95' title="bbox 292 4678 1858 4750">
     <span class='ocr_line' id='line_1_95' title="bbox 292 4678 1858 4750; baseline 0.006 -22"><span class='ocrx_word' id='word_1_666' title='bbox 292 4694 311 4728; x_wconf 79' lang='grc' dir='ltr'><strong>ι</strong></span> <span class='ocrx_word' id='word_1_667' title='bbox 347 4692 504 4740; x_wconf 75' lang='grc' dir='ltr'>σεως.</span> <span class='ocrx_word' id='word_1_668' title='bbox 533 4678 709 4750; x_wconf 71' lang='lat' dir='ltr'><strong>&quot;Amp</strong></span> <span class='ocrx_word' id='word_1_669' title='bbox 742 4679 1176 4734; x_wconf 85' lang='grc' dir='ltr'>πολλαπλασίονα</span> <span class='ocrx_word' id='word_1_670' title='bbox 1219 4680 1589 4749; x_wconf 84' lang='grc' dir='ltr'>ἀποδώσουσι,</span> <span class='ocrx_word' id='word_1_671' title='bbox 1632 4682 1858 4737; x_wconf 72' lang='grc' dir='ltr'>ποθοῦν-</span> 
     </span>
    </p>
   </div>
   <div class='ocr_carea' id='block_1_96' title="bbox 295 4768 1855 4844">
    <p class='ocr_par' dir='ltr' id='par_1_96' title="bbox 295 4768 1855 4844">
     <span class='ocr_line' id='line_1_96' title="bbox 295 4768 1855 4844; baseline 0.006 -26"><span class='ocrx_word' id='word_1_672' title='bbox 295 4783 315 4817; x_wconf 72' lang='grc' dir='ltr'><strong>ι</strong></span> <span class='ocrx_word' id='word_1_673' title='bbox 349 4782 441 4831; x_wconf 88' lang='grc' dir='ltr'><strong>τες</strong></span> <span class='ocrx_word' id='word_1_674' title='bbox 492 4768 830 4840; x_wconf 84' lang='grc' dir='ltr'>λυτρωθῆναι</span> <span class='ocrx_word' id='word_1_675' title='bbox 878 4770 985 4823; x_wconf 80' lang='grc' dir='ltr'><strong>ἀπὸ</strong></span> <span class='ocrx_word' id='word_1_676' title='bbox 1036 4772 1135 4841; x_wconf 75' lang='grc' dir='ltr'>τῆς</span> <span class='ocrx_word' id='word_1_677' title='bbox 1187 4774 1521 4843; x_wconf 86' lang='grc' dir='ltr'>πικροτάτης</span> <span class='ocrx_word' id='word_1_678' title='bbox 1577 4774 1855 4844; x_wconf 80' lang='grc' dir='ltr'>αἰχμαλω-</span> 
     </span>
    </p>
   </div>
   <div class='ocr_carea' id='block_1_97' title="bbox 291 4859 1851 4936">
    <p class='ocr_par' dir='ltr' id='par_1_97' title="bbox 291 4859 1851 4936">
     <span class='ocr_line' id='line_1_97' title="bbox 291 4859 1851 4936; baseline 0.007 -27"><span class='ocrx_word' id='word_1_679' title='bbox 291 4877 310 4909; x_wconf 88' lang='lat' dir='ltr'>l</span> <span class='ocrx_word' id='word_1_680' title='bbox 349 4859 473 4922; x_wconf 86' lang='grc' dir='ltr'>σίας</span> <span class='ocrx_word' id='word_1_681' title='bbox 496 4859 589 4912; x_wconf 75' lang='grc' dir='ltr'>τοῦ</span> <span class='ocrx_word' id='word_1_682' title='bbox 616 4859 879 4924; x_wconf 74' lang='grc' dir='ltr'>διαϐόλου,</span> <span class='ocrx_word' id='word_1_683' title='bbox 925 4865 1255 4934; x_wconf 81' lang='grc' dir='ltr'>μεμνημένοι</span> <span class='ocrx_word' id='word_1_684' title='bbox 1293 4865 1524 4936; x_wconf 84' lang='grc' dir='ltr'>μάλιστα</span> <span class='ocrx_word' id='word_1_685' title='bbox 1550 4865 1643 4919; x_wconf 81' lang='grc' dir='ltr'>τοῦ</span> <span class='ocrx_word' id='word_1_686' title='bbox 1665 4867 1851 4934; x_wconf 88' lang='grc' dir='ltr'>λέγον-</span> 
     </span>
    </p>
   </div>
   <div class='ocr_carea' id='block_1_98' title="bbox 288 4946 1854 5027">
    <p class='ocr_par' dir='ltr' id='par_1_98' title="bbox 288 4946 1854 5027">
     <span class='ocr_line' id='line_1_98' title="bbox 288 4946 1854 5027; baseline -0.015 -20"><span class='ocrx_word' id='word_1_687' title='bbox 288 4966 309 5002; x_wconf 71' lang='grc'><strong>(</strong></span> <span class='ocrx_word' id='word_1_688' title='bbox 345 4966 459 5015; x_wconf 84' lang='grc' dir='ltr'>τος·</span> <span class='ocrx_word' id='word_1_689' title='bbox 482 4952 725 5022; x_wconf 80' lang='grc' dir='ltr'>Πνεῦμα</span> <span class='ocrx_word' id='word_1_690' title='bbox 754 4954 861 5008; x_wconf 75' lang='grc' dir='ltr'>τοῦ</span> <span class='ocrx_word' id='word_1_691' title='bbox 884 4953 927 4985; x_wconf 72' lang='grc'><strong>⁸⁸</strong></span> <span class='ocrx_word' id='word_1_692' title='bbox 954 4956 1176 5023; x_wconf 82' lang='grc' dir='ltr'>Κυρίου</span> <span class='ocrx_word' id='word_1_693' title='bbox 1198 4946 1288 5010; x_wconf 82' lang='grc' dir='ltr'><strong>ἐπ’</strong></span> <span class='ocrx_word' id='word_1_694' title='bbox 1314 4958 1438 5027; x_wconf 80' lang='grc' dir='ltr'>ἐμὲ,</span> <span class='ocrx_word' id='word_1_695' title='bbox 1464 4953 1536 5014; x_wconf 79' lang='grc' dir='ltr'>οὗ</span> <span class='ocrx_word' id='word_1_696' title='bbox 1562 4958 1766 5013; x_wconf 70' lang='grc' dir='ltr'><strong>ἕνεκεν</strong></span> <span class='ocrx_word' id='word_1_697' title='bbox 1786 4961 1854 4991; x_wconf 66' lang='grc' dir='ltr'><strong>ι..</strong></span> 
     </span>
    </p>
   </div>
   <div class='ocr_carea' id='block_1_99' title="bbox 291 5039 1854 5116">
    <p class='ocr_par' dir='ltr' id='par_1_99' title="bbox 291 5039 1854 5116">
     <span class='ocr_line' id='line_1_99' title="bbox 291 5039 1854 5116; baseline 0.006 -24"><span class='ocrx_word' id='word_1_698' title='bbox 291 5058 311 5091; x_wconf 80' lang='grc' dir='ltr'><strong>ι</strong></span> <span class='ocrx_word' id='word_1_699' title='bbox 347 5039 558 5110; x_wconf 78' lang='grc' dir='ltr'>ἔχρισέ</span> <span class='ocrx_word' id='word_1_700' title='bbox 573 5057 650 5110; x_wconf 84' lang='grc' dir='ltr'><strong>με</strong></span> <span class='ocrx_word' id='word_1_701' title='bbox 673 5058 687 5072; x_wconf 91' lang='grc'><strong>·</strong></span> <span class='ocrx_word' id='word_1_702' title='bbox 714 5045 1213 5112; x_wconf 74' lang='grc' dir='ltr'>εὐαγγελίσασθαι</span> <span class='ocrx_word' id='word_1_703' title='bbox 1231 5047 1486 5116; x_wconf 81' lang='grc' dir='ltr'>πτωχοῖς</span> <span class='ocrx_word' id='word_1_704' title='bbox 1512 5047 1854 5103; x_wconf 74' lang='grc' dir='ltr'>ἀπέσταλκέ</span> 
     </span>
    </p>
   </div>
   <div class='ocr_carea' id='block_1_100' title="bbox 291 5130 1854 5207">
    <p class='ocr_par' dir='ltr' id='par_1_100' title="bbox 291 5130 1854 5207">
     <span class='ocr_line' id='line_1_100' title="bbox 291 5130 1854 5207; baseline 0.005 -27"><span class='ocrx_word' id='word_1_705' title='bbox 291 5147 310 5179; x_wconf 75' lang='grc' dir='ltr'><strong>ι</strong></span> <span class='ocrx_word' id='word_1_706' title='bbox 343 5146 441 5197; x_wconf 75' lang='grc' dir='ltr'><strong>με,</strong></span> <span class='ocrx_word' id='word_1_707' title='bbox 474 5130 727 5198; x_wconf 79' lang='grc' dir='ltr'>κηρύξαι</span> <span class='ocrx_word' id='word_1_708' title='bbox 765 5131 1159 5201; x_wconf 73' lang='grc' dir='ltr'>αἰχμαλώτοις</span> <span class='ocrx_word' id='word_1_709' title='bbox 1200 5133 1437 5204; x_wconf 60' lang='grc' dir='ltr'>ἄφεσιν,</span> <span class='ocrx_word' id='word_1_710' title='bbox 1473 5138 1571 5192; x_wconf 77' lang='grc' dir='ltr'><strong>καί</strong></span> <span class='ocrx_word' id='word_1_711' title='bbox 1603 5137 1854 5207; x_wconf 76' lang='grc' dir='ltr'>τυφλοῖς</span> 
     </span>
    </p>
   </div>
   <div class='ocr_carea' id='block_1_101' title="bbox 287 5215 1853 5295">
    <p class='ocr_par' dir='ltr' id='par_1_101' title="bbox 287 5215 1853 5295">
     <span class='ocr_line' id='line_1_101' title="bbox 287 5215 1853 5295; baseline 0.007 -26"><span class='ocrx_word' id='word_1_712' title='bbox 287 5232 311 5269; x_wconf 73' lang='grc' dir='ltr'>«ι</span> <span class='ocrx_word' id='word_1_713' title='bbox 348 5215 704 5286; x_wconf 68' lang='grc' dir='ltr'>ἀνάϐλεψιν,</span> <span class='ocrx_word' id='word_1_714' title='bbox 730 5220 1080 5275; x_wconf 70' lang='grc' dir='ltr'>ἀποστεῖλαι</span> <span class='ocrx_word' id='word_1_715' title='bbox 1109 5225 1586 5293; x_wconf 72' lang='grc' dir='ltr'>τεθραυσμένους</span> <span class='ocrx_word' id='word_1_716' title='bbox 1614 5226 1683 5280; x_wconf 76' lang='grc' dir='ltr'><em>ἐν</em></span> <span class='ocrx_word' id='word_1_717' title='bbox 1709 5225 1853 5295; x_wconf 66' lang='grc' dir='ltr'><strong>ἀφέ-</strong></span> 
     </span>
    </p>
   </div>
   <div class='ocr_carea' id='block_1_102' title="bbox 1963 4492 3520 4562">
    <p class='ocr_par' dir='ltr' id='par_1_102' title="bbox 1963 4492 3520 4562">
     <span class='ocr_line' id='line_1_102' title="bbox 1963 4492 3520 4562; baseline -0.002 -13"><span class='ocrx_word' id='word_1_718' title='bbox 1963 4516 1981 4549; x_wconf 83' lang='grc' dir='ltr'><strong>ι</strong></span> <span class='ocrx_word' id='word_1_719' title='bbox 2029 4496 2250 4549; x_wconf 89' lang='lat' dir='ltr'><strong>multam</strong></span> <span class='ocrx_word' id='word_1_720' title='bbox 2274 4495 2700 4550; x_wconf 79' lang='lat' dir='ltr'><strong>consolationem</strong></span> <span class='ocrx_word' id='word_1_721' title='bbox 2746 4493 2981 4548; x_wconf 86' lang='lat' dir='ltr'><strong>assecuti</strong></span> <span class='ocrx_word' id='word_1_722' title='bbox 3034 4502 3180 4547; x_wconf 89' lang='lat' dir='ltr'><strong>sunt.</strong></span> <span class='ocrx_word' id='word_1_723' title='bbox 3236 4492 3365 4557; x_wconf 71' lang='lat' dir='ltr'><strong>Qua:</strong></span> <span class='ocrx_word' id='word_1_724' title='bbox 3398 4494 3520 4562; x_wconf 89' lang='lat' dir='ltr'><strong>qui—</strong></span> 
     </span>
    </p>
   </div>
   <div class='ocr_carea' id='block_1_103' title="bbox 1963 4585 3519 4656">
    <p class='ocr_par' dir='ltr' id='par_1_103' title="bbox 1963 4585 3519 4656">
     <span class='ocr_line' id='line_1_103' title="bbox 1963 4585 3519 4656; baseline 0.001 -18"><span class='ocrx_word' id='word_1_725' title='bbox 1963 4606 1981 4638; x_wconf 82' lang='grc' dir='ltr'><strong>ι</strong></span> <span class='ocrx_word' id='word_1_726' title='bbox 2030 4587 2151 4641; x_wconf 88' lang='lat' dir='ltr'><strong>dem</strong></span> <span class='ocrx_word' id='word_1_727' title='bbox 2183 4587 2541 4656; x_wconf 87' lang='lat' dir='ltr'><strong>multiplicata</strong></span> <span class='ocrx_word' id='word_1_728' title='bbox 2582 4586 2841 4649; x_wconf 84' lang='lat' dir='ltr'><strong>reddent,</strong></span> <span class='ocrx_word' id='word_1_729' title='bbox 2876 4586 3094 4638; x_wconf 87' lang='lat' dir='ltr'><strong>liberari</strong></span> <span class='ocrx_word' id='word_1_730' title='bbox 3143 4587 3424 4654; x_wconf 84' lang='lat' dir='ltr'><strong>cupientes</strong></span> <span class='ocrx_word' id='word_1_731' title='bbox 3450 4585 3519 4639; x_wconf 92' lang='lat' dir='ltr'><strong>ab</strong></span> 
     </span>
    </p>
   </div>
   <div class='ocr_carea' id='block_1_104' title="bbox 1963 4677 3517 4748">
    <p class='ocr_par' dir='ltr' id='par_1_104' title="bbox 1963 4677 3517 4748">
     <span class='ocr_line' id='line_1_104' title="bbox 1963 4677 3517 4748; baseline -0.001 -17"><span class='ocrx_word' id='word_1_732' title='bbox 1963 4699 1980 4731; x_wconf 79' lang='grc' dir='ltr'><strong>ι</strong></span> <span class='ocrx_word' id='word_1_733' title='bbox 2028 4679 2383 4734; x_wconf 78' lang='lat' dir='ltr'><strong>acerbissima</strong></span> <span class='ocrx_word' id='word_1_734' title='bbox 2405 4678 2721 4748; x_wconf 83' lang='lat' dir='ltr'><strong>captivitate</strong></span> <span class='ocrx_word' id='word_1_735' title='bbox 2747 4677 2971 4741; x_wconf 89' lang='lat' dir='ltr'><strong>diaboli,</strong></span> <span class='ocrx_word' id='word_1_736' title='bbox 3007 4677 3125 4745; x_wconf 87' lang='lat' dir='ltr'><strong>ejus</strong></span> <span class='ocrx_word' id='word_1_737' title='bbox 3168 4678 3398 4730; x_wconf 83' lang='lat' dir='ltr'><strong>maxime</strong></span> <span class='ocrx_word' id='word_1_738' title='bbox 3432 4691 3517 4729; x_wconf 87' lang='lat' dir='ltr'><strong>re-</strong></span> 
     </span>
    </p>
   </div>
   <div class='ocr_carea' id='block_1_105' title="bbox 1964 4766 3517 4837">
    <p class='ocr_par' dir='ltr' id='par_1_105' title="bbox 1964 4766 3517 4837">
     <span class='ocr_line' id='line_1_105' title="bbox 1964 4766 3517 4837; baseline -0.002 -16"><span class='ocrx_word' id='word_1_739' title='bbox 1964 4788 1982 4821; x_wconf 82' lang='grc' dir='ltr'><strong>ι</strong></span> <span class='ocrx_word' id='word_1_740' title='bbox 2029 4769 2319 4823; x_wconf 82' lang='lat' dir='ltr'><strong>cordantes</strong></span> <span class='ocrx_word' id='word_1_741' title='bbox 2351 4771 2442 4837; x_wconf 90' lang='lat' dir='ltr'><strong>qui</strong></span> <span class='ocrx_word' id='word_1_742' title='bbox 2479 4768 2610 4823; x_wconf 89' lang='lat' dir='ltr'><strong>dicit</strong></span> <span class='ocrx_word' id='word_1_743' title='bbox 2644 4787 2656 4822; x_wconf 89' lang='lat'>:</span> <span class='ocrx_word' id='word_1_744' title='bbox 2695 4767 2927 4837; x_wconf 76' lang='lat' dir='ltr'><strong>Spiritus</strong></span> <span class='ocrx_word' id='word_1_745' title='bbox 2973 4766 3186 4820; x_wconf 82' lang='lat' dir='ltr'><strong>Domini</strong></span> <span class='ocrx_word' id='word_1_746' title='bbox 3227 4781 3381 4833; x_wconf 85' lang='lat' dir='ltr'><strong>super</strong></span> <span class='ocrx_word' id='word_1_747' title='bbox 3411 4780 3517 4828; x_wconf 78' lang='lat' dir='ltr'><strong>me,</strong></span> 
     </span>
    </p>
   </div>
   <div class='ocr_carea' id='block_1_106' title="bbox 1960 4854 3514 4929">
    <p class='ocr_par' dir='ltr' id='par_1_106' title="bbox 1960 4854 3514 4929">
     <span class='ocr_line' id='line_1_106' title="bbox 1960 4854 3514 4929; baseline -0.003 -19"><span class='ocrx_word' id='word_1_748' title='bbox 1960 4878 1979 4910; x_wconf 77' lang='grc' dir='ltr'><strong>ι</strong></span> <span class='ocrx_word' id='word_1_749' title='bbox 2026 4875 2184 4929; x_wconf 88' lang='lat' dir='ltr'><strong>quam</strong></span> <span class='ocrx_word' id='word_1_750' title='bbox 2229 4858 2291 4913; x_wconf 86' lang='lat' dir='ltr'><strong>ob</strong></span> <span class='ocrx_word' id='word_1_751' title='bbox 2323 4874 2542 4911; x_wconf 83' lang='lat' dir='ltr'><strong>causam</strong></span> <span class='ocrx_word' id='word_1_752' title='bbox 2570 4860 2723 4911; x_wconf 71' lang='lat' dir='ltr'><strong>unxit</strong></span> <span class='ocrx_word' id='word_1_753' title='bbox 2766 4874 2846 4911; x_wconf 85' lang='lat' dir='ltr'><strong>me</strong></span> <span class='ocrx_word' id='word_1_754' title='bbox 2876 4873 2895 4910; x_wconf 91' lang='lat'><strong><em>:</em></strong></span> <span class='ocrx_word' id='word_1_755' title='bbox 2923 4866 2981 4910; x_wconf 86' lang='lat' dir='ltr'><strong>ut</strong></span> <span class='ocrx_word' id='word_1_756' title='bbox 3012 4854 3326 4925; x_wconf 81' lang='lat' dir='ltr'><strong>pauperibus</strong></span> <span class='ocrx_word' id='word_1_757' title='bbox 3354 4870 3514 4907; x_wconf 80' lang='lat' dir='ltr'><strong>evan-</strong></span> 
     </span>
    </p>
   </div>
   <div class='ocr_carea' id='block_1_107' title="bbox 1961 4943 3514 5018">
    <p class='ocr_par' dir='ltr' id='par_1_107' title="bbox 1961 4943 3514 5018">
     <span class='ocr_line' id='line_1_107' title="bbox 1961 4943 3514 5018; baseline -0.003 -18"><span class='ocrx_word' id='word_1_758' title='bbox 1961 4967 1980 5000; x_wconf 85' lang='grc' dir='ltr'><strong>ι</strong></span> <span class='ocrx_word' id='word_1_759' title='bbox 2025 4951 2307 5018; x_wconf 72' lang='lat' dir='ltr'><strong>gelizarem</strong></span> <span class='ocrx_word' id='word_1_760' title='bbox 2335 4948 2477 5001; x_wconf 79' lang='lat' dir='ltr'><strong>misit</strong></span> <span class='ocrx_word' id='word_1_761' title='bbox 2510 4964 2611 5011; x_wconf 87' lang='lat' dir='ltr'><strong>me,</strong></span> <span class='ocrx_word' id='word_1_762' title='bbox 2645 4956 2692 5001; x_wconf 84' lang='lat' dir='ltr'><strong>et</strong></span> <span class='ocrx_word' id='word_1_763' title='bbox 2730 4948 3102 5001; x_wconf 84' lang='lat' dir='ltr'><strong>annuntiarem</strong></span> <span class='ocrx_word' id='word_1_764' title='bbox 3138 4946 3354 5015; x_wconf 75' lang='lat' dir='ltr'><strong>captivis</strong></span> <span class='ocrx_word' id='word_1_765' title='bbox 3388 4943 3514 4997; x_wconf 82' lang='lat' dir='ltr'><strong>libe—</strong></span> 
     </span>
    </p>
   </div>
   <div class='ocr_carea' id='block_1_108' title="bbox 1960 5037 3515 5108">
    <p class='ocr_par' dir='ltr' id='par_1_108' title="bbox 1960 5037 3515 5108">
     <span class='ocr_line' id='line_1_108' title="bbox 1960 5037 3515 5108; baseline -0.007 -14"><span class='ocrx_word' id='word_1_766' title='bbox 1960 5061 1978 5094; x_wconf 75' lang='grc' dir='ltr'><strong>ι</strong></span> <span class='ocrx_word' id='word_1_767' title='bbox 2029 5043 2303 5103; x_wconf 76' lang='lat' dir='ltr'><strong>rationem,</strong></span> <span class='ocrx_word' id='word_1_768' title='bbox 2340 5049 2387 5093; x_wconf 85' lang='lat' dir='ltr'><strong>et</strong></span> <span class='ocrx_word' id='word_1_769' title='bbox 2418 5039 2569 5093; x_wconf 66' lang='lat' dir='ltr'><strong>ca’cis</strong></span> <span class='ocrx_word' id='word_1_770' title='bbox 2597 5040 2737 5093; x_wconf 78' lang='lat' dir='ltr'><strong>visus</strong></span> <span class='ocrx_word' id='word_1_771' title='bbox 2776 5041 3237 5108; x_wconf 78' lang='lat' dir='ltr'><strong>recuperationem,</strong></span> <span class='ocrx_word' id='word_1_772' title='bbox 3271 5046 3318 5091; x_wconf 84' lang='lat' dir='ltr'><strong>et</strong></span> <span class='ocrx_word' id='word_1_773' title='bbox 3344 5037 3515 5089; x_wconf 66' lang='lat' dir='ltr'><strong>mitte.</strong></span> 
     </span>
    </p>
   </div>
   <div class='ocr_carea' id='block_1_109' title="bbox 1963 5130 3519 5200">
    <p class='ocr_par' dir='ltr' id='par_1_109' title="bbox 1963 5130 3519 5200">
     <span class='ocr_line' id='line_1_109' title="bbox 1963 5130 3519 5200; baseline -0.001 -16"><span class='ocrx_word' id='word_1_774' title='bbox 1963 5152 1980 5184; x_wconf 78' lang='grc' dir='ltr'><strong>ι</strong></span> <span class='ocrx_word' id='word_1_775' title='bbox 2024 5149 2131 5188; x_wconf 88' lang='lat' dir='ltr'><strong>rem</strong></span> <span class='ocrx_word' id='word_1_776' title='bbox 2185 5133 2383 5200; x_wconf 80' lang='lat' dir='ltr'><strong>fractos</strong></span> <span class='ocrx_word' id='word_1_777' title='bbox 2441 5130 2497 5182; x_wconf 85' lang='lat' dir='ltr'><strong>in</strong></span> <span class='ocrx_word' id='word_1_778' title='bbox 2548 5130 2927 5194; x_wconf 79' lang='lat' dir='ltr'><strong>remissionem,</strong></span> <span class='ocrx_word' id='word_1_779' title='bbox 2981 5132 3267 5197; x_wconf 69' lang='lat' dir='ltr'><strong>praedicare</strong></span> <span class='ocrx_word' id='word_1_780' title='bbox 3319 5141 3519 5183; x_wconf 75' lang='lat' dir='ltr'><strong>annum</strong></span> 
     </span>
    </p>
   </div>
   <div class='ocr_carea' id='block_1_110' title="bbox 1963 5220 3414 5290">
    <p class='ocr_par' dir='ltr' id='par_1_110' title="bbox 1963 5220 3414 5290">
     <span class='ocr_line' id='line_1_110' title="bbox 1963 5220 3414 5290; baseline -0.001 -14"><span class='ocrx_word' id='word_1_781' title='bbox 1963 5244 1980 5276; x_wconf 80' lang='grc' dir='ltr'><strong>ι</strong></span> <span class='ocrx_word' id='word_1_782' title='bbox 2029 5224 2243 5278; x_wconf 85' lang='lat' dir='ltr'><strong>Domini</strong></span> <span class='ocrx_word' id='word_1_783' title='bbox 2277 5220 2668 5290; x_wconf 78' lang='lat' dir='ltr'><strong>acceptabilem,</strong></span> <span class='ocrx_word' id='word_1_784' title='bbox 2691 5231 2739 5275; x_wconf 86' lang='lat' dir='ltr'><strong>et</strong></span> <span class='ocrx_word' id='word_1_785' title='bbox 2762 5222 2899 5277; x_wconf 86' lang='lat' dir='ltr'><strong>diem</strong></span> <span class='ocrx_word' id='word_1_786' title='bbox 2934 5223 3288 5278; x_wconf 78' lang='lat' dir='ltr'><strong>retributionis</strong></span> <span class='ocrx_word' id='word_1_787' title='bbox 3313 5234 3359 5277; x_wconf 75' lang='grc' dir='ltr'><strong>ι.</strong></span> <span class='ocrx_word' id='word_1_788' title='bbox 3392 5238 3414 5273; x_wconf 68' lang='grc' dir='ltr'>ν</span> 
     </span>
    </p>
   </div>
   <div class='ocr_carea' id='block_1_111' title="bbox 288 5310 2481 5390">
    <p class='ocr_par' dir='ltr' id='par_1_111' title="bbox 288 5310 2481 5390">
     <span class='ocr_line' id='line_1_111' title="bbox 288 5310 2481 5390; baseline 0.005 -30"><span class='ocrx_word' id='word_1_789' title='bbox 288 5324 309 5359; x_wconf 77' lang='grc' dir='ltr'><strong>ι</strong></span> <span class='ocrx_word' id='word_1_790' title='bbox 343 5323 462 5373; x_wconf 76' lang='grc' dir='ltr'>σει,</span> <span class='ocrx_word' id='word_1_791' title='bbox 496 5310 749 5378; x_wconf 77' lang='grc' dir='ltr'>κηρύξαι</span> <span class='ocrx_word' id='word_1_792' title='bbox 775 5312 1050 5369; x_wconf 80' lang='grc' dir='ltr'>ἐνιαυτὸν</span> <span class='ocrx_word' id='word_1_793' title='bbox 1075 5317 1294 5384; x_wconf 82' lang='grc' dir='ltr'>Κυρίου</span> <span class='ocrx_word' id='word_1_794' title='bbox 1324 5317 1555 5385; x_wconf 81' lang='grc' dir='ltr'>δεκτόν,</span> <span class='ocrx_word' id='word_1_795' title='bbox 1589 5321 1686 5375; x_wconf 76' lang='grc' dir='ltr'>καὶ</span> <span class='ocrx_word' id='word_1_796' title='bbox 1714 5319 1942 5390; x_wconf 77' lang='grc' dir='ltr'>ἡμέραν</span> <span class='ocrx_word' id='word_1_797' title='bbox 1960 5318 2434 5383; x_wconf 79' lang='grc' dir='ltr'>ἀνταποδόσεως.</span> <span class='ocrx_word' id='word_1_798' title='bbox 2463 5336 2481 5368; x_wconf 75' lang='grc' dir='ltr'><strong>ι</strong></span> 
     </span>
    </p>
   </div>
   <div class='ocr_carea' id='block_1_112' title="bbox 354 5460 1359 5536">
    <p class='ocr_par' dir='ltr' id='par_1_112' title="bbox 354 5460 1359 5536">
     <span class='ocr_line' id='line_1_112' title="bbox 354 5460 1359 5536; baseline 0.011 -20"><span class='ocrx_word' id='word_1_799' title='bbox 354 5474 383 5503; x_wconf 81' lang='grc' dir='ltr'>ι</span> <span class='ocrx_word' id='word_1_800' title='bbox 412 5460 529 5519; x_wconf 87' lang='lat' dir='ltr'><strong>Isa.</strong></span> <span class='ocrx_word' id='word_1_801' title='bbox 562 5480 676 5532; x_wconf 77' lang='lat' dir='ltr'><strong>ut,</strong></span> <span class='ocrx_word' id='word_1_802' title='bbox 711 5466 762 5536; x_wconf 78' lang='grc'>1,</span> <span class='ocrx_word' id='word_1_803' title='bbox 784 5468 849 5535; x_wconf 71' lang='lat'><strong>2;</strong></span> <span class='ocrx_word' id='word_1_804' title='bbox 875 5467 1004 5524; x_wconf 87' lang='lat' dir='ltr'><strong>Luc.</strong></span> <span class='ocrx_word' id='word_1_805' title='bbox 1036 5485 1110 5534; x_wconf 81' lang='grc' dir='ltr'><strong>ιν,</strong></span> <span class='ocrx_word' id='word_1_806' title='bbox 1148 5470 1239 5536; x_wconf 76' lang='grc'><strong>18,</strong></span> <span class='ocrx_word' id='word_1_807' title='bbox 1272 5472 1359 5526; x_wconf 72' lang='grc'><strong>19.</strong></span> 
     </span>
    </p>
   </div>
   <div class='ocr_carea' id='block_1_113' title="bbox 1528 5578 2193 5638">
    <p class='ocr_par' dir='ltr' id='par_1_113' title="bbox 1528 5578 2193 5638">
     <span class='ocr_line' id='line_1_113' title="bbox 1528 5578 2193 5638; baseline -0.008 0"><span class='ocrx_word' id='word_1_808' title='bbox 1528 5582 1758 5638; x_wconf 74' lang='lat' dir='ltr'><strong>VARle</strong></span> <span class='ocrx_word' id='word_1_809' title='bbox 1795 5578 2193 5636; x_wconf 84' lang='lat' dir='ltr'><strong>LECTIONES.</strong></span> 
     </span>
    </p>
   </div>
   <div class='ocr_carea' id='block_1_114' title="bbox 390 5715 1814 5785">
    <p class='ocr_par' dir='ltr' id='par_1_114' title="bbox 390 5715 1814 5785">
     <span class='ocr_line' id='line_1_114' title="bbox 390 5715 1814 5785; baseline 0 -9"><span class='ocrx_word' id='word_1_810' title='bbox 390 5715 413 5748; x_wconf 79' lang='grc'>⁸</span> <span class='ocrx_word' id='word_1_811' title='bbox 435 5716 593 5776; x_wconf 70' lang='grc' dir='ltr'>μόνον</span> <span class='ocrx_word' id='word_1_812' title='bbox 615 5733 725 5773; x_wconf 83' lang='lat' dir='ltr'><strong>om.</strong></span> <span class='ocrx_word' id='word_1_813' title='bbox 797 5721 837 5752; x_wconf 83' lang='grc'><strong><em>³⁸</em></strong></span> <span class='ocrx_word' id='word_1_814' title='bbox 871 5723 1193 5777; x_wconf 73' lang='grc' dir='ltr'>γενομένων.</span> <span class='ocrx_word' id='word_1_815' title='bbox 1272 5726 1292 5757; x_wconf 64' lang='grc'>⁸</span> <span class='ocrx_word' id='word_1_816' title='bbox 1321 5726 1411 5778; x_wconf 73' lang='grc' dir='ltr'>τοῦ</span> <span class='ocrx_word' id='word_1_817' title='bbox 1445 5723 1678 5785; x_wconf 73' lang='grc' dir='ltr'>Χριστοῦ</span> <span class='ocrx_word' id='word_1_818' title='bbox 1707 5738 1814 5776; x_wconf 83' lang='lat' dir='ltr'><strong>mn.</strong></span> 
     </span>
    </p>
   </div>
   <div class='ocr_carea' id='block_1_115' title="bbox 1894 5721 2200 5774">
    <p class='ocr_par' dir='ltr' id='par_1_115' title="bbox 1894 5721 2200 5774">
     <span class='ocr_line' id='line_1_115' title="bbox 1894 5721 2200 5774; baseline 0.007 -2"><span class='ocrx_word' id='word_1_819' title='bbox 1894 5721 1934 5753; x_wconf 63' lang='grc' dir='ltr'><strong>δ’</strong></span> <span class='ocrx_word' id='word_1_820' title='bbox 1967 5721 2059 5773; x_wconf 67' lang='grc' dir='ltr'>τοῦ</span> <span class='ocrx_word' id='word_1_821' title='bbox 2092 5736 2200 5774; x_wconf 87' lang='lat' dir='ltr'><strong>om.</strong></span> 
     </span>
    </p>
   </div>
   <div class='ocr_carea' id='block_1_116' title="bbox 2260 5710 2595 5773">
    <p class='ocr_par' dir='ltr' id='par_1_116' title="bbox 2260 5710 2595 5773">
     <span class='ocr_line' id='line_1_116' title="bbox 2260 5710 2595 5773; baseline 0.006 -2"><span class='ocrx_word' id='word_1_822' title='bbox 2260 5710 2342 5771; x_wconf 73' lang='lat'><strong>.&quot;‘</strong></span> <span class='ocrx_word' id='word_1_823' title='bbox 2367 5721 2595 5773; x_wconf 79' lang='grc' dir='ltr'>εἵνεκεν.</span> 
     </span>
    </p>
   </div>
  </div>
