3944 6396
460 308 562 372 479

1745 314 2020 373 TIIEUD.
2068 313 2154 371 BA
2165 313 2297 372 LSA
2308 312 2464 372 ΜοΝ

3541 314 3636 380 480
3700 354 3701 357 η

532 429 689 481 nam.
718 426 816 482 llic
842 444 1015 481 canon
1047 428 1238 482 statuit
1268 434 1324 480 ut
1354 427 1445 495 qui
1473 426 1526 478 in
1559 424 1803 479 custodia
1837 428 1993 479 solun

2185 425 2372 476 ΒΑΛΣ.
2408 417 2572 486 (ὶῦτος
2602 426 2627 476 ὁ
2649 424 2823 476 κανὼν
2848 423 3200 494 διαλαμϐάνει
3231 424 3350 488 τοὺς
3385 426 3527 495 μόνον
3544 447 3631 483 κα-

457 523 592 572 male
624 519 798 573 all‘eeii
832 526 979 578 sunt,
1015 530 1062 571 et
1089 519 1207 571 sine
1231 518 1514 571 tormentis
1540 517 1675 584 lapsi
1708 524 1851 581 sunt,
1889 527 2011 585 post

407 648 417 673 ἲ
454 608 744 659 triennium
784 607 920 658 alius
954 620 1167 673 quoque
1206 605 1331 657 anni
1388 602 1544 671 pinna
1609 604 1918 671 puniantur.
1952 602 2009 656 Si

413 680 419 715 θ
457 697 591 746 forte
622 695 1001 761 euim.inqnit.
1030 692 1452 745 consolationem
1486 692 1719 743 assecuti
1753 700 1900 753 sunt,
1924 700 2008 743 ut-

457 789 578 847 pote
608 782 882 848 aliquibus
920 781 1160 833 fidelibus
1190 780 1309 832 vitre
1335 781 1577 832 subsidia
1620 781 2009 846 Suppeditami-

455 873 574 927 bus,
606 870 638 921 ii
675 886 887 937 quoque
922 871 1117 923 debent
1152 871 1357 924 veniam
1391 869 1650 931 oblinere,
1690 877 1741 919 nt
1770 870 1853 937 qui
1888 886 2009 939 gra-

454 960 535 1011 via
564 977 659 1029 pro
694 962 794 1014 lide
825 962 966 1028 passi
1004 968 1148 1013 sunt.

422 1206 425 1209 .
523 1158 723 1212 Zama.
768 1157 824 1211 ln
862 1158 1101 1212 secundo
1136 1159 1327 1210 ordine
1361 1172 1452 1210 cos
1477 1158 1616 1209 locat
1644 1158 1733 1225 qui
1771 1167 2006 1209 tantum-

453 1251 610 1301 modo
643 1251 695 1302 in
730 1250 942 1301 vincula
979 1248 1229 1315 conjecti,
1250 1257 1409 1316 atque
1440 1249 1491 1300 in
1520 1264 1737 1300 carcere
1764 1250 1900 1300 male
1934 1249 2008 1300 af-

452 1337 574 1390 fecti
614 1347 759 1400 sunt,
796 1349 905 1389 tum
943 1338 1106 1389 trullis
1136 1338 1312 1389 vexati
1357 1336 1686 1390 cruciatibus
1742 1352 2002 1404 peccave-

452 1436 608 1480 runt:
640 1429 837 1496 quibus
881 1435 1073 1497 prmter
1103 1427 1394 1480 decursum
1432 1434 1666 1492 tempus,
1711 1427 2002 1479 triennium

447 1516 699 1569 videlicet
746 1517 812 1570 de
853 1533 958 1585 quo
1011 1533 1175 1585 supra
1226 1517 1427 1570 dictum
1479 1526 1582 1579 est,
1623 1518 1748 1569 anni
1790 1532 2004 1586 quoque

448 1615 708 1677 przeterca
740 1607 900 1659 llltillS
932 1608 1186 1659 muletam
1225 1607 1450 1675 irrogari
1478 1608 1671 1675 placet.
1736 1606 2001 1671 Quoniam

446 1706 500 1750 et
533 1698 655 1766 ipsi,
690 1696 885 1763 inquit,
919 1712 1014 1764 pro
1046 1696 1247 1771 Christi
1295 1699 1511 1750 nomine
1556 1696 1788 1750 divexuti
1841 1704 2000 1761 sunt;

2112 514 2522 583 κοπαθήσαντας
2553 514 2610 563 ἐν
2642 515 2703 581 τῇ
2743 512 2952 582 φυλακῇ
2981 513 3072 564 καὶ
3092 514 3257 581 χωρὶς
3284 513 3513 581 βασάνων
3541 535 3633 570 πα-

2112 600 2553 670 ραπεπτωκότας,
2601 598 2949 667 ἐπιτιμᾶσθαι
2984 598 3120 667 μετὰ
3146 598 3236 650 τὸν
3269 600 3443 669 τριετῆ
3467 602 3634 670 χρόνον

2109 691 2199 742 καὶ
2231 690 2321 741 ἐπὶ
2344 690 2525 758 ἕτερον
2546 689 2805 740 ἐνιαυτόν.
2842 690 2903 740 Εἰ
2937 689 3076 758 τάχα
3095 687 3378 759 γάρνφησὶ,
3416 691 3503 742 καὶ⁵
3544 694 3636 745 ἀπ-

2108 780 2336 833 έλαυσαν
2383 781 2773 851 παρακλήσεως
2797 818 2811 842 ,
2845 780 2920 842 ὥς
2945 798 3103 833 τινων
3139 781 3341 833 πιστῶν
3366 783 3635 853 χορηγούν-

2106 886 2212 920 των
2245 872 2424 933 αὐτοῖς
2467 872 2532 924 τὰ
2569 871 2701 941 πρὸς
2728 872 3013 942 διοίκησιν,
3059 871 3192 924 ἀλλά
3229 873 3320 924 καὶ
3346 867 3480 925 οὗτοι
3502 874 3636 941 ὀφεί-

2105 959 2253 1011 λουσι
2289 959 2611 1030 συγγνώμης
2642 962 2918 1027 ἀξιοῦσθαι
2945 962 3018 1024 ὡς
3042 962 3178 1032 ὑπὲρ
3202 962 3298 1030 τῆς
3313 961 3532 1026 πίστεως
3549 980 3638 1016 κα-

2106 1048 2313 1117 κοπαθή
2324 1065 2527 1110 σαντες.

2175 1140 2413 1191 ΖΩΝΑΡ.
2455 1140 2542 1191 Ἐν
2580 1138 2807 1208 δευτέρᾳ
2851 1138 3001 1202 τάξει
3034 1138 3213 1206 τίθησι
3233 1139 3356 1199 τοὺς
3382 1136 3530 1207 μόνον
3556 1155 3642 1206 quo

2102 1226 2470 1291 λακισθέντας,
2501 1229 2593 1281 καὶ
2638 1229 3120 1298 κακοπαθήσαντας
3143 1229 3199 1279 ὲν
3220 1230 3284 1298 τῇ
3310 1228 3533 1297 φυλακῇ,
3559 1229 3641 1281 καὶ

2102 1321 2268 1388 χωρὶς
2298 1319 2540 1387 βασάνων
2574 1319 3089 1387 παραπεπτωκότας·
3112 1313 3191 1380 οἷς
3212 1319 3449 1371 ἐνιαυτὸν
3467 1318 3640 1382 ἔταξαν

2104 1409 2163 1476 (f.
2195 1408 2400 1478 ἔταξεν)
2420 1410 2498 1471 εἰς
2525 1410 2791 1478 ἐπιτίμιον
2821 1409 2957 1479 μετά
2985 1409 3072 1461 τὸν
3097 1408 3430 1477 παρελθόντα
3449 1409 3640 1479 χρόνοι,

2102 1500 2264 1568 ἤγουν
2296 1499 2392 1569 τὴν
2426 1500 2664 1569 τριετίαν
2688 1501 2752 1568 ἣν
2781 1500 2998 1570 εἴρηκεν
3028 1501 3154 1553 ἄνω.
3186 1501 3328 1552 Διότι
3355 1500 3448 1553 καὶ
3480 1499 3640 1561 αὐτοὶ,

2103 1588 2281 1656 φησιν,
2298 1590 2326 1640 ὑ
2338 1590 2436 1659 πὲρ
2451 1591 2541 1641 τοῦ
2559 1593 2811 1659 ὀνόματος
2827 1590 3111 1660 ὲθλίόησαν
3130 1590 3218 1642 τοῦ
3233 1589 3484 1661 Χριστοῦ,
3500 1593 3545 1642 εἰ
3559 1593 3645 1644 καὶ

2100 1680 2237 1746 τάχα
2263 1678 2568 1731 ἀπέλαυσαν
2606 1680 2663 1731 ὲν
2690 1680 2766 1749 τῷ
2802 1680 3152 1750 δεσμωτηρίῳ
3181 1676 3563 1750 παρακλήσεως
3586 1681 3643 1733 ὲκ

446 1764 655 1841 etiamsi
687 1785 823 1841 forte
853 1787 1030 1839 solatii
1060 1764 1335 1855 quidpiam
1369 1787 1420 1839 in
1444 1802 1659 1840 carcere
1688 1802 1716 1839 a
1744 1786 1993 1840 fratribus

2102 1770 2207 1821 τῶν
2239 1771 2495 1837 ἀδελφῶν.
2532 1772 2617 1833 Ὠς
2639 1770 2779 1823 ἔοικε
2812 1772 2939 1840 γὰρ,
2972 1772 3022 1823 οἱ
3052 1773 3251 1832 πιστοὶ,
3287 1772 3398 1824 ὅσοι
3435 1771 3494 1823 οὐ
3529 1788 3646 1825 συν·

446 1885 721 1931 consecuti
752 1884 898 1931 sunt.
935 1876 1222 1930 Probabile
1260 1879 1399 1931 enim
1424 1889 1505 1931 est
1538 1878 1740 1943 ﬁdeles,
1765 1880 1998 1947 quicun—

344 2030 347 2033 _
445 1983 550 2037 que
583 1967 730 2020 nulla
753 1966 998 2019 custodia
1037 1967 1440 2028 detinebantur,
1474 1969 1525 2021 in
1572 1969 1785 2022 vincula
1816 1970 2003 2036 conje-

444 2056 548 2109 ctis
573 2057 696 2109 vita:
729 2055 969 2109 subsidia
1017 2056 1389 2120 ministrasse,
1428 2057 1601 2126 iisque
1652 2057 1873 2126 proinde
1925 2058 2000 2111 le-

444 2146 678 2200 vationis
704 2145 902 2213 aliquid
930 2146 1198 2199 attulisse.
1225 2145 1352 2210 Quae
1381 2145 1596 2214 quidem
1642 2147 1999 2215 multiplicata

444 2236 692 2296 reddent.
734 2251 830 2303 pro
858 2236 927 2288 iis
962 2236 1218 2288 nimirum
1256 2237 1456 2304 quibus
1489 2236 1541 2287 in
1571 2236 1816 2289 custodia
1852 2237 2000 2289 oble-

443 2328 575 2379 ctati
600 2335 746 2384 sunt.
775 2325 1148 2394 pmnitentiam
1186 2333 1404 2395 agentes
1437 2327 1711 2379 vexabunt
1739 2341 1795 2379 se
1829 2326 1995 2395 ipsos,

447 2430 512 2469 ac
563 2416 749 2469 multis
783 2415 960 2469 modis
986 2416 1346 2481 aﬂlictabunt;
1384 2418 1429 2470 si
1462 2432 1524 2469 ex
1557 2432 1621 2470 eo
1651 2417 1794 2485 quod
1838 2418 1997 2470 Chri-

446 2516 586 2560 stum
619 2506 987 2575 abnegarunt,
1020 2522 1047 2558 ιι
1078 2505 1277 2559 diaboli
1309 2508 1617 2576 captivitate
1656 2508 1873 2560 liberari
1907 2524 1997 2560 ve-

446 2596 564 2655 lint,
599 2595 744 2649 illius
775 2594 972 2664 captivi
1013 2603 1065 2649 et
1101 2596 1242 2649 servi
1281 2595 1428 2648 facti.
1470 2595 1701 2664 Snlijicit
1727 2612 1847 2649 mox
1874 2611 1998 2664 pro-

444 2685 616 2753 pheta:
645 2686 828 2745 verba,
862 2702 979 2753 quae
1010 2695 1211 2742 suntex
1244 2686 1380 2738 Isaia
1412 2687 1745 2756 dcprompta,
1768 2702 1997 2756 quorum

444 2774 755 2827 meminisse
784 2783 1033 2844 oportere
1055 2776 1203 2843 ipsos
1238 2776 1489 2830 allirmat.

1046 2865 1273 2919 CANON
1314 2866 1401 2919 lll.

517 2972 535 3002 ι
582 2953 654 3009 lis
694 2962 871 3007 autem
914 2954 1006 3023 qui
1055 2955 1186 3007 nihil
1219 2956 1483 3023 ejusmodi
1531 2960 1676 3027 passi
1719 2970 1864 3026 sunt,
1895 2978 1996 3016 nec

446 3061 467 3092 ιι
513 3044 629 3097 lidci
676 3043 909 3097 fructum
957 3046 1342 3109 ostenderunt,
1374 3049 1467 3102 sed
1501 3050 1564 3102 ad
1608 3052 1796 3104 vitium
1854 3054 1994 3107 ultro
2021 3084 2064 3145 ε

441 3149 466 3186 σι
512 3132 941 3202 transfugerunt,
976 3148 1004 3185 a
1032 3143 1171 3187 metu
1204 3143 1255 3187 et
1278 3136 1790 3208 timiditateproditi
1812 3158 1825 3207 ;
1847 3157 1991 3196 nunc

446 3242 464 3273 ι
516 3230 693 3276 autem
730 3224 951 3278 veniunt
996 3224 1060 3277 ad
1100 3225 1495 3292 paenitentiam,
1532 3243 1755 3283 necesse
1810 3238 1888 3284 est
1940 3239 1992 3285 et

444 3334 464 3366 ι
510 3315 835 3368 conveniens
867 3314 1195 3384 infrugilera:
1246 3316 1379 3371 ﬁcus
1428 3320 1738 3385 parabolam
1789 3337 1990 3392 propo-

445 3427 461 3454 ι
510 3421 658 3468 nere,
714 3413 773 3457 ut
822 3405 1081 3458 Dominus
1132 3405 1262 3458 dicit
1314 3424 1327 3459 :
1388 3407 1622 3462 Habebat
1677 3413 1791 3478 quis
1832 3412 1990 3478 ﬁcum

442 3516 459 3545 ο
507 3497 803 3563 plantalam
832 3496 883 3547 in
914 3512 1008 3549 suo
1040 3496 1208 3549 vineta
1238 3514 1256 3551 :
1288 3508 1335 3552 et
1379 3501 1511 3552 venit
1553 3518 1787 3570 quwrens
1837 3504 1889 3557 in
1930 3521 1991 3558 ea

443 3608 460 3637 ι
507 3589 757 3656 fructum,
804 3595 853 3640 et
896 3603 996 3639 non
1048 3589 1263 3645 invenit.
1313 3590 1457 3643 Dixit
1512 3602 1682 3645 autem
1728 3595 1988 3650 vinitori:

443 3697 461 3727 ι
508 3676 640 3730 Ecce
665 3687 766 3729 tres
798 3695 981 3740 annos,
1028 3694 1092 3732 ea:
1130 3697 1229 3749 quo
1282 3698 1371 3750 ego
1430 3684 1575 3737 venio
1608 3700 1840 3752 qua’rens
1871 3687 1988 3755 fru—

440 3787 460 3819 ιι
507 3776 651 3822 clum
681 3770 732 3821 in
760 3768 856 3821 hac
898 3770 1021 3837 ﬁcu,
1064 3778 1112 3822 et
1145 3787 1246 3824 non
1285 3774 1520 3837 invenio;
1551 3776 1791 3829 exscinde
1824 3794 1937 3831 eam
1969 3794 1987 3830 :

440 3879 457 3907 ι
505 3876 599 3912 cur
632 3868 823 3912 terram
847 3862 1075 3914 inaniter
1097 3867 1357 3931 occupat?
1387 3862 1488 3918 Ille
1518 3882 1632 3918 vero
1674 3869 1985 3936 respondens

440 3971 457 4001 ι
498 3952 623 4005 dicit
649 3954 731 4006 illi
752 3970 770 4006 :
812 3953 1044 4018 Domine,
1070 3955 1273 4009 dimitte
1299 3956 1446 4009 illam
1477 3957 1570 4011 hoc
1594 3976 1794 4029 quoque
1824 3978 1981 4028 anno,

439 4062 456 4093 ι
500 4043 661 4096 donec
697 4045 839 4098 circa
884 4062 1000 4099 eam
1029 4045 1229 4114 fodero,
1273 4057 1322 4100 et
1363 4048 1602 4102 (attamen
1646 4050 1907 4117 injecero;
1939 4055 1987 4107 si

439 4153 455 4182 ι
502 4134 708 4203 quidem
738 4136 967 4203 fructum
1003 4137 1217 4205 fecerit;
1257 4139 1339 4191 sin
1385 4140 1577 4203 minus,
1613 4157 1727 4195 eam
1761 4143 1814 4195 in
1839 4142 1986 4210 futu-

438 4244 456 4275 ι
503 4241 618 4277 rum
647 4228 914 4281 exscinde;
945 4242 970 4269 α
998 4248 1010 4283 :
1043 4245 1149 4298 qua
1181 4236 1307 4283 ante
1327 4231 1517 4283 oculos
1543 4240 1784 4301 accepta,
1810 4240 1863 4286 et
1890 4250 1982 4289 os-

437 4335 455 4364 ι
504 4323 659 4370 tenso
685 4318 845 4387 digno
874 4318 1050 4373 fructu
1081 4320 1433 4389 poenitentiae,
1461 4321 1517 4373 in
1556 4329 1704 4376 tanto
1724 4326 1981 4394 temporis

436 4426 452 4455 ι
502 4406 783 4462 intervallo
815 4409 1353 4479 magisjuvabuntur.
1402 4427 1421 4461 ι

499 4655 655 4710 ΒΑιε,
701 4657 807 4712 Eos
834 4658 926 4727 qui
951 4666 1173 4727 propter
1202 4657 1376 4711 solum
1407 4665 1609 4712 metum
1638 4668 1691 4712 et
1721 4661 1981 4715 timidita-

432 4761 537 4799 tem
564 4746 993 4817 transfugerunt,
1028 4748 1094 4802 ad
1124 4748 1495 4817 paenitentiam
1526 4758 1703 4805 autem
1727 4767 1977 4821 respexe—

433 4845 575 4902 runt,
602 4839 835 4892 triennio
864 4839 1020 4906 punit
1049 4852 1223 4892 canon
1249 4839 1544 4893 secundum
1576 4841 1886 4909 parabolam
1920 4843 1979 4895 li-

433 4941 526 4980 cus
551 4943 669 4997 quas
703 4936 788 4981 est
820 4929 877 4981 in
911 4927 1239 4997 Evangeliis.
1269 4928 1529 4985 Dominus
1574 4931 1718 4985 enim
1750 4932 1924 5001 inquit
1958 4952 1972 4987 :

434 5020 547 5074 iam
568 5023 728 5074 tribus
759 5024 912 5074 annis
936 5021 1039 5089 ιο
1060 5021 1128 5074 ad
1153 5020 1289 5073 hanc
1306 5020 1452 5075 venio
1468 5035 1707 5089 quwrens
1737 5019 1989 5089 fructum,

432 5120 472 5166 ιι
505 5129 606 5165 non
632 5116 856 5167 invenio.
886 5114 1100 5168 Vinitor
1122 5122 1325 5179 autem,
1354 5111 1569 5166 Dimitte
1587 5112 1761 5177 illam,
1789 5115 1989 5183 inquit,

327 5243 333 5248 .
432 5210 473 5255 tt
498 5202 590 5253 hoc
609 5220 771 5256 anno.

492 5281 700 5345 Zama.
740 5282 1057 5353 Quicunque
1101 5300 1249 5348 vero,
1304 5287 1500 5355 inquit,
1551 5290 1681 5343 nihil
1731 5293 1972 5361 perpessi

429 5370 701 5435 acerbum,
731 5372 799 5426 ob
821 5382 1021 5426 metum
1060 5374 1230 5427 solum
1260 5389 1321 5428 ac
1354 5377 1694 5432 timiditatem
1730 5381 1969 5434 transfu-

430 5469 637 5524 gerunt,
666 5475 764 5529 pro
794 5477 858 5515 eo
885 5464 1028 5531 quod
1081 5464 1180 5531 ipsi
1237 5474 1431 5532 Sponte
1481 5471 1793 5536 pravitatem
1844 5481 1968 5525 sunt

428 5551 755 5615 consectati;
783 5566 901 5603 mox
923 5552 1158 5605 animum
1190 5554 1255 5607 ad
1298 5559 1665 5623 pmnitentiam
1698 5560 1957 5627 adjeccre.

495 5697 516 5721 ἰ
571 5683 673 5735 Luc
725 5701 838 5735 xm.
876 5685 982 5737 6-9.

2012 4433 2059 4490 D

2100 1860 2414 1929 εσχέθησαν,
2442 1862 2552 1922 τοῖς
2582 1862 2988 1930 κατειργμένοις
3018 1862 3316 1933 ἐχορήγουν
3339 1861 3407 1914 τά
3436 1863 3512 1923 είς
3530 1860 3648 1913 διοί-

2100 1964 2278 2017 κησιν,
2319 1947 2410 2000 καὶ
2446 1947 2714 1999 ἀνέπαυον
2764 1947 2977 2010 αὐτούς.
3015 1948 3189 2017 "Amp
3229 1946 3647 1999 πολλαπλασίονα

2100 2039 2483 2102 ἀποδώσουσιν,
2512 2040 2628 2091 ἀντὶ
2649 2039 2762 2101 τοῦ,
2784 2038 2897 2091 ἀνθ’
2920 2033 2993 2090 ὧν
3028 2037 3345 2106 ἀπήλαυσαν
3377 2040 3434 2090 ὲν
3461 2038 3525 2106 τῇ
3557 2053 3648 2104 φυ-

2099 2126 2233 2198 λακῇ
2290 2128 2668 2197 μετανοοῦντες
2720 2128 2989 2196 θλίψουσιν
3051 2128 3276 2189 ἑαυτοὺς
3331 2127 3424 2180 καὶ
3477 2124 3649 2178 κακώσ-

2100 2232 2250 2269 σουσι
2275 2217 2700 2279 πολλαπλασίως,
2737 2218 2781 2268 εί
2824 2216 3031 2268 θέλουσι
3054 2217 3393 2286 λυτρωθῆναι
3429 2216 3535 2269 ἀπὸ
3558 2215 3647 2284 τῆς

2098 2308 2466 2377 αἰχμαλωσίας
2513 2306 2605 2360 τοῦ
2653 2308 2917 2369 διαϐόλου,
2975 2308 3308 2376 αἰχμάλωτοι
3349 2306 3445 2359 καὶ
3486 2302 3650 2357 δοῦλοι

2097 2399 2376 2466 γεγονότες
2410 2397 2555 2467 αὐτῷ
2604 2398 2690 2450 διὰ
2730 2399 2827 2468 τὴν
2857 2399 3080 2469 ἄρνησιν
3107 2398 3199 2450 τοῦ
3243 2394 3498 2467 Χριστοῦ.
3527 2388 3650 2445 Εἶτα

2097 2491 2288 2559 ἐπάγει
2315 2491 2381 2542 τὰ
2416 2489 2723 2560 προφητικὰ
2773 2490 3008 2558 ῥήματα,
3046 2489 3186 2557 ἅπερ
3217 2488 3280 2541 ὲκ
3314 2485 3410 2541 τοῦ
3442 2481 3651 2539 Ἡσαΐου

2097 2581 2222 2645 εἰσὶ,
2255 2580 2422 2646 λέγων
2449 2580 2557 2632 δεῖν
2578 2578 2880 2649 μεμνῆσθαι
2915 2577 3129 2641 αὐτούς.

2698 2847 2934 2899 ΚΑΝΩΝ
2963 2845 3014 2896 Γ¹

2171 2958 2189 2985 ‹
2230 2937 2352 2999 Τοῖς
2390 2936 2446 2988 δὲ
2490 2936 2609 3006 μηδ’
2641 2937 2775 2998 ὅλως
2807 2935 2971 3007 μηδέν
2993 2952 3042 2988 τι
3080 2933 3320 2987 τοιοῦτον
3350 2930 3652 3001 πεπονθόσι,

2102 3047 2119 3079 ι
2165 3029 2294 3097 μηδὲ
2332 3027 2721 3096 ὲνδειξαμένοις
2760 3025 2964 3095 καρπὸν
2996 3025 3252 3088 πίστεως,
3288 3024 3403 3079 ἀλλ’
3432 3024 3651 3095 αὐτομο-

2101 3138 2117 3169 ι
2156 3119 2350 3188 λήσασι
2394 3118 2526 3187 πρὸς
2567 3118 2663 3187 τὴν
2715 3117 2928 3183 κακίαν,
2985 3115 3397 3188 προδεδομένοις
3432 3114 3533 3168 ὑπὸ
3562 3113 3656 3166 δίι·

2098 3229 2116 3261 ι
2153 3210 2270 3272 λίας
2289 3209 2380 3261 καί
2396 3209 2577 3277 φόϐου,
2598 3208 2690 3262 νῦν
2706 3209 2761 3261 δὲ
2778 3210 2856 3271 είς
2875 3208 3156 3277 μετάνοιαν
3177 3207 3514 3278 ἐρχομένοις,
3531 3205 3654 3258 ἀνα-

2097 3320 2115 3352 ι
2157 3301 2342 3369 γκαῖὗν
2358 3303 2470 3353 ὲστι
2487 3301 2576 3353 καὶ
2591 3299 2823 3369 ἁρμόζον
2856 3299 2954 3368 τὴν
2979 3299 3075 3368 τῆς
3090 3297 3341 3368 ἀκάρπου
3371 3299 3539 3367 συκῆς
3554 3312 3652 3348 πα-

2097 3412 2114 3443 ι
2157 3392 2383 3463 ραόολὴν
2424 3391 2782 3462 παραθέσθαι,
2822 3390 2895 3453 ὡς
2923 3392 2951 3443 ὁ
2980 3389 3180 3460 Κύριος
3217 3390 3398 3456 λέγει·
3456 3385 3651 3452 Συκῆν

2097 3501 2113 3532 ι
2149 3478 2274 3549 εἷχέ
2299 3500 2387 3547 τις
2428 3479 2877 3549 πεφυτευμένην
2906 3481 2975 3534 ὲν
3005 3479 3084 3544 τῷ
3116 3481 3427 3549 ἀμπελῶνι
3449 3477 3648 3534 αὐτοῦ·

2097 3590 2114 3622 ι
2159 3572 2253 3624 καὶ
2291 3569 2434 3641 ἦλθε
2449 3570 2633 3637 ζητῶν
2660 3569 2891 3638 καρπὸν
2916 3568 3175 3636 ἐναὺτῇ,
3200 3571 3301 3623 καὶ
3328 3572 3440 3638 οὺχ
3457 3564 3646 3634 εὗρεν.

2095 3680 2112 3712 ι
2152 3662 2295 3714 Εἷπε
2305 3661 2371 3713 δὲ
2387 3662 2533 3727 πρὸς
2550 3661 2654 3713 τὸν·
2667 3660 3095 3728 ἀμπελουργόν·
3123 3659 3271 3712 Ἰδοὺ
3291 3661 3423 3727 τρία
3439 3658 3541 3725 ἐτη
3557 3655 3651 3723 ἀφ’

2093 3772 2111 3803 ι
2145 3749 2214 3806 οὗ
2243 3752 2483 3820 ἔρχομαι
2503 3750 2683 3817 ("nar
2702 3750 2930 3818 καρπὸν
2949 3750 3017 3803 ἐν
3045 3748 3117 3817 τῇ
3136 3750 3303 3819 συκῇ
3328 3752 3534 3816 ταύτῃ,
3555 3747 3647 3800 καὶ

2093 3862 2111 3894 ι
2152 3846 2262 3911 οὐχ
2294 3844 2582 3909 εὑρίσκω·
2637 3842 2901 3909 ἔκκοψον
2936 3839 3158 3905 αὑτήν
3210 3842 3374 3894 ὶνατι
3411 3840 3509 3895 καὶ
3545 3838 3655 3905 τὴν

2092 3954 2109 3986 ι
2144 3935 2257 4003 γῆν
2299 3934 2606 4002 καταργεῖς
2641 3934 2692 3984 '0
2739 3931 2806 3984 δὲ
2852 3931 3192 3998 ἀποκριθεὶς
3252 3932 3422 4001 λέγει
3461 3927 3649 3993 αὐτῷ’

2091 4046 2109 4077 ι
2148 4028 2343 4093 Κύριε,
2364 4026 2511 4094 ἄφες
2533 4023 2725 4091 αὐτὴν
2762 4022 2860 4076 καὶ
2892 4021 3066 4074 τοῦτο
3093 4020 3156 4072 τὸ
3183 4021 3346 4089 ἔτος,
3369 4022 3482 4086 ἓως
3519 4020 3655 4073 ὅτου

2090 4134 2108 4168 ι
2150 4116 2363 4183 σκάψω
2413 4116 2484 4167 τὰ
2520 4114 2649 4181 περὶ
2680 4111 2889 4179 αὐτὴν,
2922 4110 3019 4163 καὶ
3055 4108 3228 4174 ,ϐάλω
3254 4113 3508 4179 κόπριιν
3544 4108 3657 4163 κᾶν

2089 4224 2107 4257 ι
2140 4205 2256 4274 μὲν
2284 4202 2507 4269 ποιήσῃ
2538 4202 2767 4269 καρπόν
2787 4217 2800 4230 ⁸
2825 4203 2875 4253 εί
2907 4199 2973 4252 δὲ
2995 4198 3079 4268 μή
3103 4217 3190 4268 γε,
3219 4202 3311 4265 εὶς
3342 4200 3409 4253 τὸ
3424 4198 3656 4268 μέαλον

2088 4317 2106 4349 ι
2144 4298 2419 4363 ἐκκόψεις
2445 4294 2633 4360 αὐτήν
2655 4310 2668 4323 ο
2703 4294 2767 4362 ἢν
2797 4293 2902 4363 πρὸ
2937 4290 3227 4360 ὀφθαλμῶν
3271 4292 3551 4354 λαϐόντες,
3575 4291 3655 4341 ὲν·

2089 4406 2107 4437 ι
2141 4386 2438 4456 δειξάμενοί
2470 4402 2528 4437 τε
2581 4384 2786 4454 καρπὸν
2819 4382 2966 4446 ἀξιον
3004 4382 3098 4451 τῆς
3141 4382 3461 4452 μετανοίας,
3500 4383 3557 4435 ὲν
3581 4377 3656 4451 τῷ

2091 4498 2109 4531 ι
2146 4479 2466 4547 διαστήματι
2518 4476 2611 4528 τοῦ
2653 4475 2905 4529 τοσούτου
2945 4475 3139 4549 χρόνον
3174 4474 3382 4545 μᾶλλον
3438 4474 3652 4543 ὠφελη-

2089 4587 2107 4619 ι
2145 4569 2414 4638 θήσονται.
2448 4586 2466 4618 ι

2151 4659 2341 4711 ΒΑΛΣ.
2366 4659 2502 4721 Τοὺς
2530 4658 2709 4728 μέντοι
2734 4656 2819 4711 διὰ
2843 4656 3002 4726 φόϐον
3025 4656 3182 4726 μόνον
3205 4656 3302 4708 καὶ
3325 4654 3530 4708 δειλίαν
3556 4652 3651 4708 αὐ·

2079 4751 2498 4821 τομολήσαντας,
2555 4746 2672 4802 εἶτα
2717 4750 2795 4810 εἰς
2850 4748 3129 4817 μετάνοιαν
3185 4742 3508 4807 ἀπιδόντας,
3565 4741 3653 4796 διὰ

2079 4844 2318 4915 τριετίας
2356 4842 2582 4910 ἐπιτιμᾷ
2612 4843 2639 4893 ὁ
2676 4839 2876 4905 κανὼν,
2908 4847 3045 4890 κατα
3071 4839 3167 4907 τὴν
3197 4838 3255 4889 ὲν
3293 4832 3648 4904 Εὑαγγελίοις

2080 4932 2387 5003 παραϐολὴν
2408 4933 2503 5001 τῆς
2523 4931 2708 5000 συκῆς.
2728 4930 2784 4981 Ὀ
2812 4928 2919 4999 γὰρ
2941 4927 3162 4996 Κύριος,
3199 4928 3341 4994 Τρία
3355 4926 3488 4994 ἐτη,
3515 4925 3648 4996 ἔφη-

2073 5038 2185 5084 σεν,
2235 5022 2476 5089 ἔρχομαι
2507 5020 2655 5088 πρὸς
2679 5018 2874 5085 αὐτὴν
2904 5016 3085 5084 ζητῶν
3116 5017 3375 5083 καρπὸν,
3404 5017 3503 5069 καὶ
3538 5018 3646 5080 οὐχ

2068 5114 2353 5179 εὑρίσκω·
2398 5111 2427 5163 ὁ
2461 5111 2516 5163 δὲ
2543 5109 2938 5180 ἀμπελουργὸς,
2987 5110 3179 5176 Ἄφες,
3211 5102 3394 5169 εἶπεν,
3429 5105 3645 5174 αὐτὴν,

2070 5206 2260 5269 Κύριε,
2293 5203 2390 5255 καὶ
2426 5203 2599 5261 τοῦτο
2625 5204 2689 5254 τὸ
2718 5203 2870 5265 ἔτος.

2138 5295 2375 5346 ΖΩΝΑΡ.
2431 5295 2604 5357 Ὅσοι,
2647 5292 2723 5358 δὲ,
2781 5290 2932 5361 φησὶ,
2971 5289 3043 5358 μή
3082 5305 3135 5339 τι
3172 5287 3518 5349 ὑποστάντες
3555 5284 3646 5337 ἀλ-

2068 5383 2263 5451 γεινὸν,
2324 5382 2410 5434 διὰ
2461 5381 2620 5449 φόϐον
2665 5380 2819 5449 μόνον
2867 5379 2959 5431 καὶ
2999 5376 3197 5429 δειλίαν
3228 5376 3641 5444 ηὐτομόλησαν.

2066 5472 2184 5522 ἀντὶ
2229 5471 2342 5532 τοῦ,
2375 5469 2526 5522 αὐτοὶ
2577 5467 2789 5529 ἑκόντες
2830 5464 3127 5534 προσῆλθον
3173 5464 3234 5531 τῇ
3282 5462 3479 5533 κακίᾳ,
3525 5455 3643 5514 εἶτα

2065 5562 2143 5620 είς
2194 5560 2475 5628 μετάνοιαν
2531 5558 2766 5620 ἀπεῖδον,
2817 5557 2925 5618 τοῖς
2965 5553 3216 5616 τοιούτοις
3250 5555 3286 5622 ἡ
3330 5553 3433 5623 τῆς
3475 5550 3645 5621 συκῆς
