3944 6390
442 386 548 450 483

1704 386 1978 450 ΤΠΕυυ.

2114 388 2432 449 ,1.5ΑΜΟΝ
3548 400 3635 461 Li

438 537 466 577 1
503 527 653 585 sunt,
690 519 773 573 vel
805 526 865 574 ut
896 516 988 590 qui
1023 516 1605 588 altaria\pervaserint,
1628 519 1711 572 vel
1742 525 2000 588 tanquam

2114 534 2127 565 1
2164 515 2347 577 θόντες
2379 515 2420 546 ¹⁶
2457 514 2689 584 βωμοὺς,
2723 516 2839 587 ἦτοι
2874 520 2949 579 ὡς
2982 516 3509 588 χειρογραφήσαντες,
3530 524 3632 593 ἦτοι

440 628 464 665 1
507 610 1057 680 quicliirograpbum
1087 609 1357 672 dederint,
1400 609 1486 663 vel
1539 617 1597 662 ut
1652 608 1744 678 qui
1800 624 1896 678 pro
1942 622 2002 663 se

440 719 462 755 1
506 702 760 757 ethnicos
814 698 1176 765 immiserint;
1210 699 1374 752 etiam
1421 698 1469 752 si
1519 697 1765 752 nonnulli
1809 712 1999 752 eorum

440 812 464 847 1
505 794 600 864 qui
639 791 878 847 confessi
928 800 1079 853 sunt,
1129 798 1187 844 ut
1244 790 1448 854 audivi,
1499 791 1771 859 aliquibus
1812 804 2000 844 eorum

442 902 464 935 1
511 884 856 955 ignoverunt,
902 882 1162 951 quoniam
1194 881 1430 934 maxima
1457 883 1709 934 cautione
1737 881 1999 946 vitarunt,

440 995 465 1027 1
507 991 574 1029 ne
606 974 708 1043 ipsi
744 974 859 1028 suis
891 973 1140 1026 manibus
1165 974 1338 1041 ignem
1364 972 1624 1034 facerent,
1650 980 1703 1025 et
1728 971 2002 1025 daemonas

445 1082 464 1114 1
511 1062 753 1131 impuros
788 1060 1031 1114 sulIirent
1064 1078 1076 1113 :
1113 1061 1237 1112 licet
1293 1075 1420 1114 vero
1480 1076 1545 1113 ex
1597 1060 1807 1127 agentis
1851 1059 2003 1127 igno-

445 1171 463 1203 1
510 1152 684 1206 rantia
736 1167 832 1205 eos
882 1150 1059 1216 latuit,
1115 1151 1396 1205 semestris
1440 1159 1621 1203 tamen
1673 1150 2004 1218 pmnitentia:

446 1264 464 1295 1
508 1259 666 1313 poma
698 1244 804 1297 illis
828 1244 1155 1311 imponetur.
1190 1241 1280 1295 Sic
1322 1244 1464 1295 enim
1499 1242 1598 1310 ipsi
1629 1256 1844 1309 quoque
1888 1253 2005 1290 ma-

445 1353 465 1385 1
511 1337 591 1403 gis
618 1336 984 1403 juvabuntur,
1030 1337 1304 1405 prophetae
1334 1336 1533 1388 dictum
1567 1334 1915 1393 meditantes,
1951 1340 2005 1386 et

443 1442 464 1473 1
510 1424 751 1477 dicentes
785 1443 797 1477 :
836 1423 1050 1476 Puellus
1072 1425 1275 1492 genitus
1305 1433 1380 1475 est
1405 1423 1575 1482 nobis,
1599 1423 1744 1490 ﬁlius
1775 1430 1822 1474 et
1848 1420 2003 1474 datus

446 1534 464 1564 1
510 1524 586 1568 est
614 1515 785 1577 nobis,
818 1514 967 1576 cuius
1007 1515 1336 1582 principatus
1368 1514 1521 1565 estin
1558 1511 1771 1564 humero
1816 1528 1930 1571 suo,
1955 1519 2003 1563 et

446 1623 465 1656 1
512 1616 725 1658 vocatur
749 1622 931 1658 nomen
956 1606 1090 1673 ejus,
1114 1604 1289 1673 magni
1323 1603 1530 1655 consilii
1555 1603 1779 1670 Angelus
1804 1614 1850 1652 ει.
1877 1601 2001 1666 Qui,
2044 1629 2059 1644 -

446 1712 467 1745 1
512 1702 572 1747 ut
602 1694 774 1757 scitis,
801 1695 854 1745 in
878 1701 1031 1745 sexto
1068 1708 1253 1745 mense
1282 1691 1677 1759 cmiceptionis,
1711 1706 1832 1743 cum
1864 1691 2003 1744 alius

446 1806 464 1836 ο
514 1786 696 1839 infans
745 1785 1093 1855 praedicasset
1135 1795 1255 1835 ante
1284 1783 1557 1835 adventum
1598 1783 1709 1850 ejus
1754 1783 2004 1850 pirniten-

442 1892 463 1926 1
514 1877 643 1928 tiam
668 1875 718 1926 in
748 1875 951 1927 remissi
974 1888 1105 1924 mem
1158 1868 1486 1938 peccatorum
1512 1872 1561 1934 ι),
1592 1880 1887 1941 conceptus
1919 1881 2002 1926 cst
2036 1844 2074 1901 Β

444 1984 465 2016 1
512 1972 565 2019 et
620 1967 734 2033 ipse
792 1964 858 2016 ad
912 1962 1315 2032 praedicandam
1362 1962 1755 2029 paruitentiam.
1793 1962 2000 2015 Etenim

446 2074 467 2108 1
513 2064 776 2125 utrosque
808 2054 1058 2110 audimus
1087 2055 1139 2107 in
1179 2053 1367 2122 primis
1391 2042 1745 2122 praedicantes
1780 2068 1885 2106 non
1917 2068 2006 2105 so-

447 2165 466 2198 1
514 2148 624 2200 lum
658 2148 724 2200 dc
758 2144 1103 2214 pcenitcntia,
1136 2142 1230 2197 sed
1272 2152 1323 2197 ct
1378 2142 1459 2197 de’
1492 2159 1657 2213 regno
1690 2143 1948 2196 caelorum
1989 2162 2001 2196 :

448 2258 466 2288 1
512 2238 655 2307 quod
691 2238 931 2307 quidem,
968 2243 1026 2288 ut
1059 2234 1370 2301 didicimus,
1406 2237 1669 2287 intra'nos
1694 2243 1837 2299 este,
1862 2234 2006 2303 quod

446 2346 467 2380 1
518 2343 675 2398 prope
699 2345 791 2380 nos
816 2328 882 2379 sit
910 2326 1118 2379 verbum
1154 2324 1302 2395 quod
1334 2326 1609 2379 credimus
1639 2326 1689 2377 in
1714 2343 1800 2379 ore
1827 2337 2003 2380 nostro

448 2438 468 2469 ε
514 2431 571 2475 et
599 2420 761 2475 corde
809 2426 1020 2481 nostro,
1056 2418 1202 2487 quod
1241 2416 1399 2472 Jesus
1429 2426 1511 2471 est
1542 2418 1793 2473 Christus
1833 2437 1844 2472 :
1894 2436 2006 2473 cre-

449 2530 470 2563 1
514 2512 691 2565 dentes
713 2513 765 2563 in
797 2510 951 2564 corde
975 2520 1174 2572 nostra,
1205 2509 1342 2579 quod
1376 2509 1510 2561 Deus
1540 2509 1706 2576 ipsum
1737 2511 2005 2563 suscitavit

446 2620 467 2655 1
513 2620 577 2657 ea:
608 2604 868 2655 mortuis:
901 2611 958 2655 ut
989 2601 1079 2670 qui
1122 2602 1346 2654 audiant
1400 2600 1541 2670 quod
1595 2600 1750 2653 corde
1800 2603 2005 2670 quidem

445 2711 467 2745 1
514 2692 748 2745 creditur
781 2690 848 2744 ad
871 2690 1167 2759 justitiam,
1195 2706 1283 2743 ore
1331 2697 1505 2742 autem
1546 2678 1813 2757 confessio
1842 2692 1903 2758 ﬁt
1935 2690 2004 2743 ad

442 2799 466 2832 1
507 2784 731 2836 salutem
755 2781 801 2836 ά.
852 2802 872 2834 ›

2109 625 2125 657 1
2162 606 2237 669 ὡς
2296 606 2411 659 ἀνθ’
2466 606 2673 659 ἑαυτῶν
2709 608 2960 677 βαλόντες
3010 607 3272 670 ὲθνικοὺς,
3306 611 3351 661 εἰ
3395 610 3481 663 καί
3512 629 3634 667 τισιν

2108 715 2126 746 1
2167 697 2343 749 αὑτῶν
2383 695 2762 767 συνεχώρησάν
2795 715 2937 760 τινες
2971 698 3080 751 τῶν
3112 698 3536 769 ὁμολογησάντων
3560 704 3635 767 '°‘,

2108 803 2125 834 1
2168 785 2241 847 ὡς
2265 786 2470 855 ἥκουσα
2506 787 2649 855 (ἐπεὶ
2678 786 2909 856 μάλιστα
2968 789 3107 842 κατὰ
3147 788 3342 859 πολλὴν
3386 788 3637 843 εὐλάϐειαν

2109 893 2126 924 1
2167 874 2426 943 ἐξέφυγον
2469 876 2779 945 αὐτόχειρες
2821 876 3071 944 γενέσθαι
3100 878 3192 931 τοῦ
3228 878 3391 949 πυρὸς
3428 880 3513 931 καὶ
3554 880 3638 949 τῆς

2110 985 2127 1016 1
2168 967 2575 1036 ἀναθυμιάσεως
2602 967 2708 1020 τῶν
2741 968 3060 1039 ἀκαθάρτων
3080 968 3383 1039 δαιμόνων)·
3415 971 3527 1022 ἐπεὶ
3548 970 3641 1022 τοί-

2109 1074 2126 1105 1
2168 1073 2261 1105 wv
2288 1055 2474 1108 ἔλαθεν
2506 1056 2699 1117 αὐτοὺς
2727 1055 2882 1126 ἀνοίᾳ
2903 1056 3058 1108 τοῦτο
3093 1054 3399 1126 πράξαντας
3426 1057 3486 1116 ¹¹,
3513 1055 3641 1123 iam;

2110 1164 2126 1195 1
2166 1145 2430 1215 ἑξάμηνος
2460 1146 2641 1207 αὑτοῖς
2670 1146 3042 1214 ὲπιτεθήσεται
3066 1146 3164 1216 τῆς
3191 1148 3247 1198 ὲν
3274 1143 3520 1215 μετανοίᾳ
3541 1145 3643 1195 ἐπι-

2109 1254 2127 1286 1
2166 1237 2419 1306 στροφῆς.
2454 1236 2606 1287 Οὖτω
2631 1235 2735 1307 γὰρ
2768 1236 2965 1305 μᾶλλον
2996 1237 3089 1288 καὶ
3124 1237 3275 1288 αὑτοὶ
3294 1234 3644 1303 ὼῳεληθήσον-

2109 1347 2128 1379 1
2163 1346 2272 1391 ται,
2337 1326 2811 1396 καταμελετῶντες
2859 1325 2919 1378 τὸ
2973 1326 3307 1398 προῳητικὸν
3362 1323 3534 1394 ῥητὸν,
3565 1321 3645 1372 καὶ

2110 1441 2127 1471 1
2162 1420 2439 1486 λέγοντες·
2472 1417 2717 1471 Παιδίον
2747 1415 3035 1485 ἐγεννήθη
3096 1415 3240 1485 ml},-
3282 1414 3426 1478 υίὸς,
3484 1411 3645 1465 καιιιι

2111 1532 2128 1563 1
2168 1512 2343 1577 ἐδόθη
2375 1509 2537 1579 ἡμῖν,
2560 1505 2631 1563 οὗ
2666 1510 2700 1576 ἡ
2726 1507 2880 1576 ἀρχὴ
2909 1508 3004 1561 ἐπὶ
3037 1506 3143 1560 τοῦ
3170 1505 3329 1576 ὤμου
3350 1501 3647 1563 αὐτοῦ,καὶ

2111 1626 2128 1657 1
2172 1604 2431 1660 καλεῖται
2460 1603 2524 1656 τὸ
2559 1603 2740 1671 ὄνομα
2768 1599 2954 1655 αὐτοῦ
2977 1599 3244 1668 μεγάλης
3273 1595 3505 1663 βουλῆς
3539 1595 3650 1661 Ἀγ-

2112 1717 2130 1749 1
2169 1701 2360 1766 γελος.
2402 1697 2575 1765 Ὅπερ
2608 1695 2718 1758 ¹¹⁶’,
2749 1694 2824 1757 ὡς
2862 1694 2993 1756 ἴστε,
3028 1694 3085 1745 ἐν
3117 1691 3193 1761 τῷ
3232 1691 3372 1758 ἓκτῳ
3408 1686 3530 1757 μηνὶ
3565 1685 3650 1753 τῆς

2113 1809 2131 1841 1
2170 1787 2481 1857 συλλήψεως
2515 1785 2607 1838 τοῦ
2640 1786 2824 1856 ἐτέρου
2851 1784 3082 1847 παιδίου,
3118 1781 3211 1835 τοῦ
3236 1776 3650 1852 προκηρύξαντος

2112 1898 2130 1931 1
2176 1879 2287 1945 πρὸ
2313 1875 2633 1945 προσώπου
2654 1873 2758 1941 τῆς
2779 1874 3019 1927 εἰσόδου
3040 1873 3226 1926 αὑτοῦ
3246 1870 3556 1941 μετάνοιαν
3576 1867 3650 1928 είς

2114 1988 2131 2021 1
2168 1970 2386 2037 ἄφεσιν
2426 1966 2737 2036 ἁμαρτιῶν,
2773 1965 3073 2036 συνελήφθη
3104 1965 3195 2018 κα)⁸
3228 1961 3357 2017 αὑτὸ
3383 1957 3655 2029 ¹¹⁶⁶θκηρύο

2114 2079 2132 2112 1
2178 2060 2264 2126 ξαι
2291 2059 2592 2130 μετάνοιαν.
2627 2057 2736 2110 Καὶ
2765 2056 2872 2129 γὰρ
2899 2056 3114 2109 καὶτῶν
3141 2054 3461 2127 ἀμφοτέρων
3480 2048 3653 2104 ἀκούο-

2116 2173 2133 2205 1
2171 2170 2269 2224 μεν
2314 2155 2368 2204 ὲν
2407 2150 2641 2221 πρώτοις
2674 2150 3046 2220 κηρυττόντων
3078 2149 3118 2180 ¹²
3148 2150 3209 2203 οὑ
3246 2147 3401 2219 μόνον
3424 2142 3544 2213 περὶ
3573 2156 3658 2210 με·

2118 2264 2136 2297 1
2171 2245 2408 2306 τανοίας,
2459 2242 2593 2295 ἀλλά
2626 2242 2718 2294 καὶ¹
2765 2242 2893 2312 περὶ
2925 2241 3197 2311 βασιλείας
3230 2237 3489 2311 οὐρανῶν,
3527 2234 3653 2303 ἦτιςι

2118 2354 2134 2385 1
2174 2334 2352 2398 καθὼς
2385 2334 2800 2405 μεμαθήκαμεν,
2823 2332 2994 2398 ἐντὸς
3014 2332 3181 2401 ἡμῶν
3207 2332 3363 2394 ἐστι,
3403 2327 3476 2399 τῷ
3498 2323 3657 2394 ἐγγὺς

2120 2444 2136 2476 t
2173 2422 2507 2493 ἡμῶνεῖναι
2536 2425 2600 2479 τὸ
2617 2424 2779 2495 ῥῆμα
2814 2424 2842 2476 ὃ
2880 2424 3205 2494 πιστεύομεν
3240 2424 3308 2477 ἐν
3330 2421 3407 2486 τῷ
3431 2419 3658 2486 στόματι

2119 2534 2137 2564 1
2173 2512 2398 2566 ἑαυτῶν
2444 2513 2538 2566 καὶ
2593 2516 2650 2566 ὲν
2681 2516 2744 2584 τῇ
2791 2513 2982 2587 καρδίᾳ
3020 2512 3265 2566 ἑαυτῶνο
3303 2510 3426 2581 περὶ
3471 2502 3533 2578 ἧς
3577 2504 3660 2557 καὶ

2118 2623 2134 2656 1
2177 2603 2328 2656 αὑτοὶ
2355 2604 2810 2674 ὑπομνησθέντες,
2840 2604 3171 2675 μαθήσονται
3202 2603 3480 2673 ὁμολογεῖν
3506 2600 3559 2651 ὲν
3590 2594 3658 2664 τῷ

2119 2717 2135 2748 1
2180 2697 2407 2766 στόματι
2437 2696 2642 2750 ἑαυτῶν
2688 2697 2765 2762 ¹³,·
2800 2698 2880 2750 ὅτι
2927 2696 3131 2766 Ἰησοῦς
3184 2695 3417 2768 Χριστός
3448 2691 3549 2761 (5)·
3579 2704 3661 2740 ὕει’

2120 2805 2137 2837 1
2178 2790 2496 2853 στεύοντες
2523 2788 2591 2840 ἐυν
2623 2786 2697 2854 τῇ
2719 2788 2928 2855 καρδίᾳ
2948 2784 3196 2849 ἑαυτῶν,
3228 2786 3316 2837 ὅτι
3345 2788 3377 2838 ό
3405 2782 3541 2845 Θεὸς
3570 2779 3662 2831 αὺ-

449 2892 465 2925 ι
504 2874 609 2926 τὸν
631 2873 865 2942 ἤγειρεν
889 2872 957 2926 ἐκ
990 2870 1229 2938 νεκρῶν·
1265 2868 1357 2923 ἅτε
1390 2869 1453 2941 δὴ
1522 2862 1567 2897 ¹¹⁵
1611 2871 1916 2939 ἀκούοντες,
1944 2876 2024 2929 ὅτι
2051 2878 2261 2945 καρδίᾳ
2285 2879 2401 2949 μὲν
2433 2882 2768 2933 πιστεύεται
2802 2879 2845 2910 ⁸⁵
2877 2880 2963 2943 είς
2988 2877 3404 2944 δικαιοσύνην,
3434 2872 3662 2939 στόματι

445 2984 468 3017 1
504 2965 571 3018 δὲ
601 2965 966 3033 ὁμολογεῖται
991 2967 1076 3028 είς
1098 2963 1416 3029 σωτηρίαν.
1455 2981 1474 3014 ι

510 3058 669 3111 Βλιε.
714 3056 769 3110 Si
801 3058 892 3124 qui
927 3065 1103 3108 autem
1135 3056 1461 3108 simularunt
1512 3069 1571 3109 se
1623 3055 1689 3109 ad
1730 3070 1853 3110 aras
1880 3054 2000 3123 qui-

2177 3057 2369 3113 ΒΑΛΣ.
2416 3059 2478 3111 Εἰ
2535 3056 2591 3112 δέ
2648 3074 2790 3122 τινες
2825 3057 3201 3131 ὑπεκρίθησαν
3254 3061 3355 3132 μὲν
3398 3056 3661 3131 προσιέναι

442 3152 564 3206 dem
589 3150 868 3214 accedere,
905 3149 986 3201 vel
1014 3148 1252 3200 scribere
1268 3147 1408 3215 quod
1448 3146 1603 3199 fidem
1637 3155 1865 3216 negant;
1890 3162 1999 3199 non

2114 3148 2219 3209 τοῖς
2254 3146 2475 3217 βωμοῖς,
2505 3148 2622 3217 ἦτοι
2646 3147 2875 3218 γράψαι,
2911 3147 2992 3201 ὅτι
3025 3131 3315 3219 ἀρνοῦνται
3348 3148 3444 3219 τὴν
3476 3146 3658 3202 πίστιν,

443 3241 585 3296 unde
619 3249 799 3293 autem
829 3246 881 3291 et
913 3246 1097 3305 aperte
1130 3238 1230 3289 hoc
1259 3237 1526 3299 fecerunt,
1554 3236 1645 3290 scd
1671 3245 1785 3296 ante
1818 3237 2000 3305 aliqua

443 3347 538 3387 eos
570 3331 660 3399 qui
696 3330 801 3382 vim
824 3327 1144 3388 aﬂ'erebant,
1179 3327 1499 3391 illuseruut;
1538 3325 1679 3380 sicut
1714 3325 1879 3379 David
1911 3327 2003 3395 qui

443 3438 504 3478 se
530 3421 791 3491 epilepsia
819 3426 1132 3487 correptum
1164 3418 1440 3471 simulavit
1466 3432 1587 3470 cum
1613 3415 1819 3485 fugeret
1868 3416 2005 3469 Sau-

444 3516 571 3579 lem,
601 3520 653 3566 ct
680 3520 824 3565 esset
847 3509 988 3578 apud
1018 3510 1386 3577 alienigenas;
1413 3516 1465 3561 et
1496 3508 1566 3560 ita
1613 3515 1837 3560 mortem
1882 3522 2007 3561 eva-

443 3603 516 3657 sit
544 3619 558 3655 :
588 3601 875 3653 illuscrunt
909 3607 1089 3652 autem
1118 3598 1462 3650 inimicorum
1488 3598 1735 3660 insidias,
1768 3605 1825 3651 ut
1845 3596 2003 3665 puelli

442 3693 676 3749 consilio
730 3692 1126 3761 prudentiaque
1187 3688 1393 3758 pra'diti
1443 3704 1641 3757 pueros
1690 3688 2006 3756 insipientes

441 3784 668 3839 eludunt
701 3801 713 3835 :
752 3782 946 3849 impios
969 3781 1110 3834 enim
1143 3780 1465 3841 fefellerunt,
1502 3779 1643 3847 quod
1696 3778 2007 3832 sacrificare

441 3874 657 3943 quidem
702 3872 805 3924 visi
857 3878 1003 3933 sunt,
1036 3884 1143 3922 non
1187 3878 1364 3923 tamen
1395 3870 1815 3923 Sacrificaruut:
1868 3866 2006 3920 forte

440 3964 583 4019 enim
621 3979 718 4033 pro
760 3978 817 4017 se
849 3961 1095 4015 ethnicos
1138 3961 1221 4014 vel
1251 3960 1493 4014 infideles
1528 3959 1919 4018 submiserunt,
1952 3964 2005 4011 et

442 4070 538 4124 per
590 4056 713 4107 illos
760 4052 1071 4108 sacrificare
1114 4052 1262 4121 ipsos
1295 4051 1678 4105 existimarunt
1716 4067 1729 4101 :
1763 4049 1862 4112 eis,
1921 4049 2004 4102 in-

440 4146 582 4216 quit,
629 4154 892 4200 semcstre
941 4152 1153 4211 tempus
1196 4141 1421 4197 sullicict
1474 4124 1548 4194 ad
1606 4141 2002 4209 pmnitentiam.

442 4237 559 4291 Etsi
585 4238 728 4289 enim
760 4249 868 4287 non
898 4233 1288 4291 sacriﬁcarunt,
1325 4231 1451 4299 quia
1486 4237 1664 4283 tamen
1697 4230 2007 4284 sacrificare

445 4326 670 4395 polliciti
721 4331 870 4385 sunt,
912 4323 995 4377 vel
1045 4322 1179 4377 alios
1236 4320 1629 4383 submiseruut,
1670 4320 2005 4388 “paenitentia

444 4412 692 4481 indigere
723 4420 852 4465 sunt
883 4410 1214 4477 existimati;
1248 4409 1465 4463 etiamsi
1508 4410 1784 4463 nonnullis
1814 4426 2001 4463 eorum

443 4507 766 4575 ignoverunt
820 4504 1062 4572 quidam,
1106 4503 1197 4571 qui
1243 4518 1342 4572 pro
1374 4503 1474 4556 fide
1514 4500 1882 4554 testimonium
1914 4502 2005 4553 ile--

443 4596 597 4651 dere.
622 4592 728 4650 Eos
756 4602 932 4648 autem
972 4593 1156 4662 pueris
1186 4582 1402 4662 quidem
1432 4590 1661 4653 confert,
1697 4599 1756 4643 ut
1777 4594 1868 4659 qui
1896 4605 2004 4643 non

441 4689 668 4744 viriliter
696 4687 998 4740 idololatris
1026 4685 1378 4748 restiterunt;
1401 4682 1758 4752 prudentibus
1784 4690 2007 4749 vero,ut

442 4779 534 4849 qui
569 4777 800 4830 artiﬁcio
825 4775 1094 4829 sacriﬁcia
1115 4773 1479 4828 declinarunt.

515 4867 718 4922 Ζοιωι.
762 4865 819 4920 Si
862 4866 953 4935 qui
1004 4879 1135 4918 vero
1164 4862 1231 4917 ad
1261 4878 1385 4917 aras
1414 4865 1634 4933 quidem
1662 4879 1721 4920 se
1747 4862 2005 4918 accedere

445 4959 794 5023 simularunt,
821 4965 915 5010 aut
940 4955 1180 5009 scribere
1202 4954 1347 5025 quod
1370 4954 1526 5010 (idem
1560 4966 1778 5026 negant,
1812 4970 2002 5009 verum

2111 3236 2172 3287 οὐ
2199 3236 2415 3306 γυμνῶς
2437 3235 2492 3289 δὲ
2534 3236 2625 3291 καὶ
2658 3236 2906 3308 φανερῶς
2932 3237 3089 3291 τοῦτο
3120 3240 3404 3311 ἐποίησαν,
3437 3235 3565 3291 ἀλλά
3586 3231 3663 3285 διά

2111 3343 2254 3389 τινος
2303 3327 2521 3397 μεθόδου
2549 3327 2828 3394 διέπαιξαν
2870 3330 2994 3392 τοὺς
3042 3328 3328 3399 βιάζοντας
3365 3327 3571 3390 αὑτοὺς,
3597 3324 3663 3383 ὡς

2111 3415 2137 3465 ὁ
2174 3415 2336 3469 Δαϐὶδ
2368 3417 2455 3469 ὅτε
2494 3417 2581 3470 τὸν
2610 3418 2905 3489 ἐπίληπτον
2961 3420 3253 3492 ὑπεκρίθη,
3306 3421 3517 3491 φεύγων
3585 3414 3665 3467 τὸν

2109 3507 2299 3569 Σαοὺλ,
2335 3509 2429 3560 καὶ
2474 3509 2608 3579 πρὸς
2649 3511 2773 3572 τοὺς
2836 3509 3161 3579 ἀλλοφύλους
3215 3512 3532 3581 γενόμενος,
3584 3503 3666 3558 καὶ

2108 3596 2248 3649 οὕτω
2276 3598 2365 3651 τὸν
2394 3598 2618 3651 θάνατον
2652 3600 2977 3669 διαπέφευγε
2998 3618 3011 3631 ·
3046 3602 3332 3668 διέπαιξαν
3362 3602 3418 3653 δὲ
3449 3599 3542 3662 τὰς
3568 3595 3666 3648 τῶν

2108 3687 2315 3758 ἐχθρῶν
2359 3688 2666 3753 ἐπιϐουλάς,
2718 3690 2791 3753 ὡς
2844 3689 3027 3744 παιδία
3078 3691 3401 3761 βουλευτικά
3440 3689 3667 3758 ἔμφρονα

2107 3776 2475 3842 διαπαίζουσιν
2527 3778 2766 3849 ἄφρονας
2823 3779 3048 3842 παῖδας*
3079 3781 3371 3851 ἠπάτησαν
3416 3777 3521 3848 γὰρ
3552 3772 3667 3833 τοὺς

2108 3868 2343 3933 ἀσεϐεῖς,
2393 3869 2480 3921 διά
2518 3870 2577 3922 τὸ
2620 3871 2768 3937 δόξαι
2828 3870 2926 3940 μὲν
2956 3871 3124 3935 θύειν,
3164 3871 3238 3942 μὴ
3275 3871 3433 3925 Οὕσαι
3462 3868 3551 3921 δέ·
3583 3881 3668 3916 τυ*

2107 3959 2200 4029 χόν
2232 3960 2341 4031 γὰρ
2369 3960 2483 4012 ἀνθ’
2535 3961 2742 4014 ἑαυτῶν
2766 3961 3028 4016 ὑπέϐαλον
3059 3961 3304 4027 ἑθνικοὺς
3338 3961 3371 4032 ἣ
3401 3959 3665 4019 ἀπίστους,

2108 4051 2200 4102 καὶ
2228 4050 2294 4102 δι’
2328 4050 2548 4104 ἐκείνων
2598 4051 2851 4121 ἐνόμισαν
2899 4052 3214 4105 τεθυκέναι·
3252 4054 3365 4114 τοῖς
3403 4046 3667 4107 τοιούτοις,

2108 4140 2296 4209 φησὶν,
2356 4139 2624 4211 ἑξάμηνος
2668 4141 2858 4212 καιρὸς
2884 4142 3091 4213 ἀρκέσῃ
3116 4143 3193 4205 είς
3222 4140 3530 4212 μετάνοιαν.
3562 4132 3669 4188 Κᾶν

2106 4233 2213 4301 γὰρ
2244 4233 2341 4284 οὑκ
2366 4224 2582 4297 ἐθυὰαν,
2619 4231 2731 4284 ἀλλ’
2765 4232 2846 4284 ὅτι
2880 4232 3158 4286 συνέθεντο
3202 4234 3363 4287 θῦσαι
3396 4234 3429 4304 ἦ
3466 4228 3669 4299 ἐτέρους

2108 4324 2394 4388 ὑπέϐαλον,
2422 4324 2776 4395 ἐλογίσθησαν
2792 4324 2997 4377 δεῖσθαι
3023 4326 3333 4395 μετανοίας,
3360 4327 3408 4378 εἰ
3432 4321 3521 4376 καί
3540 4334 3668 4372 τισιν

2107 4414 2283 4467 αὑτῶν
2332 4413 2713 4485 συνεχώρησάν
2750 4431 2893 4477 τινες
2922 4415 3029 4468 τῶν
3060 4416 3522 4487 μαρτυρησάντων
3543 4408 3668 4476 ὑπὲρ

2109 4508 2207 4577 τῆς
2266 4507 2518 4569 πίστεως.
2588 4506 2900 4570 Ἀπεικάζει
2951 4507 3006 4559 δὲ
3051 4507 3269 4571 τούτους
3296 4507 3450 4564 ταισί
3478 4503 3569 4574 μὲν
3601 4499 3668 4559 ὠς

2113 4597 2186 4668 μὴ
2229 4597 2495 4668 ἀνδρικῶς
2552 4597 3049 4663 ἀντικαταστάντας
3089 4602 3200 4663 τοῖς
3250 4598 3668 4665 εἰδωλολάτραις,

2109 4688 2340 4758 ἐμφροσι
2400 4688 2457 4741 δὲ
2502 4688 2576 4754 ὡς
2614 4689 2918 4759 εὑμεθόδως
2965 4692 3062 4761 τὴν
3095 4691 3284 4745 θυσίαν
3310 4690 3668 4746 ὲκκλίναντας-

2179 4865 2422 4918 ΖΩΝΑΡ.
2445 4866 2508 4918 El
2560 4866 2616 4920 δέ
2669 4885 2812 4931 τινες
2850 4867 3226 4940 ὑπεκρίθησαν
3263 4867 3362 4938 μὲν
3403 4860 3671 4937 προσιέναι

2109 4959 2219 5019 τοῖς
2247 4956 2467 5027 βωμοῖς,
2495 4958 2612 5029 ἦτοι
2650 4959 2880 5031 γράψαι,
2916 4961 2999 5013 ὅτι
3032 4959 3317 5029 ἀρνοῦνται
3350 4956 3447 5028 τὴν
3479 4954 3672 5014 πίστιν,

516 5124 544 5155 α
569 5110 682 5168 Isa.
717 5126 793 5176 ix,
818 5109 872 5165 6.
946 5110 975 5148 δ
1004 5107 1132 5165 Luc.
1161 5124 1200 5175 ι,
1243 5109 1330 5174 76,
1368 5108 1452 5164 77.
1532 5119 1554 5149 ο
1579 5106 1708 5163 Luc.
1742 5107 1986 5169 xvu,2|.

2119 5108 2269 5164 Rom.
2297 5126 2349 5175 χ,
2380 5110 2530 5165 8-10.
2582 5097 2593 5100 ⁴

1705 5248 1938 5305 ἺΑΒΙᾹΞ
1975 5250 2374 5309 LECTIONES.

544 5389 589 5421 ¹⁰
622 5387 991 5459 διελθόντας...
1057 5391 1661 5459 χειρογραφήσαντας...
1717 5387 1992 5459 βαλόντας.

444 5459 596 5530 ᾑμῖν,
630 5459 745 5521 υἱὸς
766 5458 896 5530 καί.Δ
958 5458 1041 5530 ⁸¹⁹έ
1068 5458 1257 5530 ὅσπερ.

938 5509 1163 5597 στόματι
1194 5509 1399 5582 ἑαυτῶν
1438 5509 1662 5584 oni—75
1690 5528 1766 5583 δέ.

513 5667 584 5739 (ες)
618 5668 733 5720 ’Ότι
764 5668 1001 5739 Ἰησοῦς
1033 5671 1305 5739 Χριστός.
1334 5668 1643 5725 Harduinus
1663 5671 1714 5724 in
1749 5684 1845 5725 sua
1872 5670 2008 5722 Con-

450 5738 949 5810 cilinrnnizeditione
1000 5755 1081 5810 cx_
1115 5755 1215 5810 ms.
1263 5738 1431 5807 Regio
1480 5740 1639 5801 2038,
1682 5742 1762 5792 ὅτι
1808 5740 2007 5810 Κύριος

454 5807 775 5867 'lr.s~.3;.Sic
810 5806 1029 5865 llom.x.
1062 5808 1110 5862 9.
1146 5805 1288 5863 Idem
1322 5805 1480 5877 paulo
1510 5819 1647 5876 post,
1678 5811 1766 5862 at:
1802 5805 2007 5873 erfllic

2095 5387 2160 5422 1οο

1339 5392 1661 5490 ἰξπσαντας...
1717 5392 1992 5459 βαλόντας.
2095 5392 2160 5422 ’θ’
2198 5392 2569 5462 ὁμολογητῶν,
2679 5394 2721 5426 ιι
2770 5392 2864 5446 τοῦ
2916 5392 3238 5465 πράξαντος.
3354 5392 3418 5421 η.
3449 5392 3671 5457 ἐγενήθη

1339 5460 1662 5561 τ..ἷ’ῖ,ῗ,υτ⁶ῗ;
1818 5459 2217 5561 “21923593333-
2294 5458 2681 5561 ζ’]ἷὶίίἱῇτὶἓίαῖ
2704 5464 2857 5517 αὐτοὶ
2886 5463 3319 5535 ὑπομνησθέντες
3350 5458 3672 5532 μαθήσονται

1915 5535 2264 5588 πιστεύετε...
2300 5535 2624 5603 ὁμολογεῖτε.

2440 5394 2569 5465 τῶν.
2657 5394 2721 5465 Διί
2752 5391 2864 5465 soi}
2900 5392 3238 5465 πράξαντος.
3354 5383 3671 5465 ¹¹⁶Δὲγενήθη

2113 5683 2291 5728 autem
2342 5673 2491 5726 locus
2536 5685 2699 5741 pauto
2748 5672 2901 5727 aliter
2942 5670 3165 5727 eﬂ‘ertur
3210 5670 3265 5726 in
3323 5667 3454 5723 edit.
3507 5659 3673 5717 Paris.

2114 5742 2336 5799 Zonara:
2363 5752 2416 5798 et
2444 5741 2799 5797 Balsamonis.
