3944 6390
307 357 411 419 485

1448 357 1525 418 ΙΝ
1561 357 1777 418 EPIST
1846 356 1909 419 S.
1950 353 2183 416 PETRI
2224 354 2445 415 ALEX.

3441 357 3549 421 436

311 487 372 538 οὐ
414 485 637 556 γυμνῶς
684 486 741 537 δὲ
778 485 835 538 τὰ
858 484 989 555 πρὸς
1028 484 1256 555 ἄρνησιν
1294 484 1559 557 ἔγραψαν,
1611 486 1734 540 ἀντὶ
1784 486 1876 537 τοῦ

2001 503 2102 557 [uae
2126 487 2192 541 ad
2232 486 2645 557 abnegationem
2692 493 2941 557 spectant
2973 502 3081 541 non
3113 486 3255 543 nude
3302 486 3547 558 scripw

308 574 411 628 οὐκ
455 574 967 646 ἀπαρακαλύπτως,
1002 573 1060 627 ού
1115 576 1384 647 φανερῶς,
1433 576 1568 630 ἀλλὰ
1610 578 1697 630 διά
1744 587 1889 633 τινος

313 660 536 732 μεθόδου
565 660 841 726 διέπαιξαν
872 662 996 724 τοὺς
1040 661 1323 731 βιάζοντας
1352 664 1566 729 αὐτοὺς,
1604 665 1679 728 ὡς
1717 668 1743 719 ό
1780 668 1886 718 Δα-

313 750 400 801 ϐίδ
440 750 528 802 ὅτε
554 750 645 802 τὸν
670 750 963 822 ἐπίληπτον
1010 750 1274 823 ὑπεκρίθη
1328 752 1543 820 φεύγων
1573 753 1663 806 τὸν
1696 754 1884 817 Σαοὺλ,

312 841 407 894 καὶ
437 841 574 910 πρὸς
613 842 738 903 τοὺς
790 841 1118 910 ἀλλοφύλους
1146 842 1454 911 γενόμενος,
1490 844 1582 896 καὶ
1624 843 1766 897 οὕτω
1797 845 1887 897 τὸν

313 931 543 984 θάνατον
593 931 949 1001 διαπέφευγε·
1009 933 1290 999 διέπαιξαν
1345 933 1423 999 δὲ,
1461 935 1613 1005 φησὶ,
1650 935 1743 997 τὰς
1780 935 1886 989 τῶν

312 1021 522 1093 ἐχθρῶν
566 1022 875 1087 ἐπιϐουλὰς,
918 1024 993 1088 ὼς
1021 1024 1206 1078 παιδία
1245 1023 1586 1095 βουλευτικὰ,
1619 1014 1883 1095 ἑμιρρονα,

315 1112 570 1184 φρόνιμα,
593 1114 684 1166 καὶ
709 1112 943 1176 συνετῶς
959 1114 1159 1184 δηλαδὴ
1183 1115 1560 1185 βουλευόμενα,
1585 1114 1889 1179 διαπαίζου-

313 1218 399 1258 σιν
414 1205 471 1256 ἑν
487 1202 682 1275 ἄφροσι
699 1204 948 1266 παιδίοις.
961 1206 1231 1276 Ἔμιρροσι
1244 1207 1300 1259 δὲ
1315 1205 1601 1270 ἀπεικάζει
1616 1208 1740 1270 τοὺς
1753 1208 1890 1259 ἁπα-

312 1297 584 1365 τήσαντας
600 1296 725 1359 τοὺς
741 1296 974 1360 ἀσεϐεῖς,
998 1299 1090 1350 καὶ
1105 1298 1360 1364 δόξαντας
1384 1300 1480 1369 μὲν
1500 1298 1667 1362 θύειν,
1696 1299 1769 1369 μὴ
1797 1298 1888 1351 θύ-

316 1402 512 1447 σαντας
529 1385 606 1437 δέ·
639 1385 912 1457 ἔμφρονας
931 1388 1027 1458 μὲν
1040 1388 1115 1451 ὡς
1134 1389 1230 1459 τὴν
1252 1390 1438 1442 θυσίαν
1456 1390 1589 1452 τέως
1610 1389 1889 1443 ἐκκλίναν-

314 1492 412 1538 ea;
429 1476 490 1506 ¹⁵⁶
514 1492 527 1504 ·
555 1475 826 1540 παιδείους
842 1478 917 1541 δὲ,
940 1479 1014 1542 ὡς
1036 1478 1108 1550 μὴ
1128 1480 1327 1532 τέλειον
1346 1482 1436 1534 καὶ
1446 1481 1708 1552 ἀνδρῶδες
1721 1482 1887 1534 ἐνδει-

317 1566 382 1631 ξα
390 1567 578 1636 μένους
597 1566 866 1638 φρόνημα,
891 1570 983 1621 καὶ
999 1571 1257 1638 γενναίως
1271 1572 1762 1636 ἀντικαταστάντας
1778 1576 1889 1636 τοῖς

318 1658 746 1729 εἰδωλολάτραις,
783 1660 894 1712 ἀλλ’
921 1661 1067 1730 ὅμως
1113 1662 1472 1733 συνθεμένους
1504 1665 1684 1730 θῦσαι,
1720 1667 1767 1717 εί
1797 1664 1888 1719 καί

314 1766 459 1812 τινες
484 1752 573 1781 ¹⁸“
604 1750 718 1803 ἀνθ’
747 1750 955 1805 ἑαυτῶν
977 1752 1241 1806 ὑπέϐαλον
1269 1754 1533 1819 ὲθνικοὺς,
1565 1757 1729 1825 ἤγουν
1758 1757 1886 1810 ἀπί-

1991 586 2140 638 runt,
2168 579 2270 632 hoc
2301 584 2385 633 est
2408 594 2516 632 non
2540 577 2848 642 manifeste,
2874 593 2983 632 non
3009 586 3227 648 aperte;
3259 578 3352 634 sed
3380 578 3551 632 artiﬁ-

1990 668 2076 722 cio
2103 666 2340 737 quodam
2369 682 2463 721 eos
2491 667 2585 736 qui
2612 667 2718 721 vim
2753 665 3060 721 inferebant
3092 666 3352 721 ludiﬁcati
3375 672 3504 720 sunt
3529 682 3546 720 :

1990 771 2048 816 ιιι
2079 760 2266 826 David,
2300 760 2392 830 qui
2420 761 2546 814 dum
2578 758 2795 815 Saulem
2824 759 3051 830 fugeret,
3089 774 3152 813 ac
3195 759 3262 813 ad
3304 759 3551 829 alienige-

1988 870 2088 908 nas
2118 852 2446 913 devcnisset,
2498 867 2557 906 se
2607 852 2953 921 epilepticum
2989 851 3162 915 ﬁnxit,
3192 865 3363 920 eoque
3394 856 3551 920 pacto

1987 953 2217 1015 mortem
2245 943 2487 997 evitavit.
2514 941 2803 996 Ludiﬁcati
2832 957 2991 1011 porro
3022 951 3171 1005 sunt,
3206 943 3403 1011 inquit,
3443 941 3550 994 ini-

1987 1032 2253 1086 micorum
2285 1032 2512 1086 insidias
2536 1049 2550 1097 ;
2578 1032 2745 1085 veluti
2779 1031 2930 1099 pueri
2966 1030 3284 1099 prudentes,
3318 1030 3550 1086 consilio

1987 1117 2244 1173 nimirum
2276 1134 2339 1173 ac
2362 1119 2649 1190 prudentia
2684 1119 2919 1188 praediti,
2956 1119 3159 1187 quique
3208 1119 3418 1173 scilicet
3463 1134 3554 1174 so-

1987 1209 2152 1264 lerter
2184 1212 2473 1267 consilium
2507 1213 2807 1281 capientes,
2845 1211 3162 1278 insipientes
3188 1226 3387 1280 pueros
3426 1212 3554 1264 illu-

1988 1301 2145 1354 dunt.
2177 1300 2543 1356 Prudentibus
2590 1310 2769 1355 autem
2819 1307 3097 1369 comparat
3131 1316 3225 1355 eos
3276 1316 3306 1354 a
3354 1301 3553 1371 quibus

1988 1393 2198 1461 decepti
2234 1401 2359 1447 sunt
2381 1393 2556 1461 impii,
2582 1395 2785 1463 quique
2808 1409 2930 1449 cum
2961 1410 3069 1447 non
3098 1392 3550 1454 sacriﬁeaverint,

1990 1481 2304 1536 sacriﬁcare
2332 1481 2689 1536 nihilominus
2718 1482 2819 1536 visi
2867 1489 3031 1546 sunt;
3088 1481 3385 1550 prudentes
3432 1480 3554 1549 qui-

1989 1556 2135 1633 dem,
2171 1571 2338 1639 utqui
2373 1570 2704 1624 sacriﬁcium
2738 1586 2979 1638 eousque
3021 1570 3337 1622 evitavcrint
3373 1587 3386 1621 :
3421 1583 3554 1637 pue-

1989 1678 2080 1717 ros
2115 1672 2315 1726 autem,
2350 1663 2495 1730 (ιιιοᾰ
2533 1662 2829 1731 perfectum
2860 1676 2923 1714 ac
2958 1662 3168 1713 virilem
3200 1674 3418 1713 sensum
3454 1660 3555 1712 ini-

1989 1754 2134 1806 nime
2161 1752 2453 1815 induerint,
2495 1768 2595 1806 nec
2628 1765 2888 1820 generose
2934 1750 3201 1803 idolorum
3250 1749 3555 1804 cultoribus

320 1857 508 1905 στους,
563 1840 657 1893 καὶ
719 1840 941 1894 ἐκείνων
1009 1842 1283 1896 θυσάντων
1335 1846 1692 1915 ἐνομίσθησαν
1741 1847 1891 1899 αὐτοὶ

2001 1844 2383 1912 repugnarint;
2420 1858 2605 1896 verum
2657 1857 2714 1895 se
2750 1840 3157 1896 sacriticaturos
3211 1845 3339 1892 sunt
3387 1840 3552 1908 pacti,

316 1931 618 1986 τεθυκέναι.
685 1933 809 1994 Τοῖς
841 1933 1119 2000 τοιούτοις,
1181 1937 1363 2004 φησιν,
1394 1936 1661 2007 ἑξάμηνος
1701 1938 1889 2008 καιρὸς

320 2021 602 2094 ἐξαρκέσει
635 2024 715 2085 είς
768 2024 1072 2093 μετάνοιαν.
1115 2026 1235 2078 Κᾶν
1264 2026 1371 2098 γὰρ
1409 2028 1507 2080 οὐκ
1531 2028 1748 2091 ἔθυσαν,
1773 2028 1888 2081 ἀλλ’

1990 1934 2151 1987 etiam
2170 1933 2492 2002 siquosdam
2531 1946 2627 2001 pro
2671 1946 2729 1985 se
2761 1930 3134 1994 submiserint,
3159 1930 3430 1991 ethnicos,
3451 1929 3555 1982 hoc

1982 2027 2083 2079 est,
2113 2018 2376 2076 inﬁdeles,
2402 2018 2575 2084 iisque
2612 2014 3070 2079 sacrificantibus,
3111 2016 3212 2085 ipsi
3247 2016 3348 2085 12
3381 2018 3548 2072 sacri-

318 2114 399 2167 ὅτι
450 2114 728 2167 συνέθεντο
781 2115 959 2179 θῦσαι,
1005 2117 1036 2187 ἢ
1100 2119 1180 2171 ὅτι
1219 2119 1435 2190 ἑτέρους
1485 2119 1890 2184 ὑπέϐαλον,καὶ

2001 2110 2175 2165 ἰσομεε
2193 2109 2490 2162 existimati
2511 2119 2658 2161 sunt.
2689 2107 2988 2175 Ejusmodi,
3016 2106 3216 2175 inquit,
3240 2106 3561 2161 hominibus

318 2202 503 2269 ἔδοξαν
535 2203 688 2256 αὐτοὶ
724 2203 902 2268 θῦσαι,
942 2205 1295 2285 ἐλογίσθησαν
1332 2208 1538 2261 δεῖσθαι
1583 2210 1887 2279 μετανοίας,

320 2292 369 2343 εί
395 2290 489 2343 καί
514 2308 655 2344 τισιν
693 2292 871 2345 αὐτῶν
903 2294 1281 2366 συνεχώρησάν
1308 2313 1450 2359 τινες
1485 2297 1591 2350 τῶν
1625 2298 1890 2369 ὁμολογη-

324 2380 550 2435 σάντων.
584 2382 738 2445 Τινὲς
762 2382 868 2454 γὰρ
886 2384 993 2437 τῶν
1021 2388 1478 2458 μαρτυρησάντων
1501 2389 1593 2440 καὶ
1615 2388 1890 2442 παθόντων

321 2471 463 2542 ὑπὲρ
492 2472 588 2539 τῆς
642 2472 877 2537 πίστεως
918 2475 1299 2547 συνεχώρησαν
1340 2482 1452 2542 τοῖς
1494 2478 1582 2533 διὰ
1633 2480 1889 2549 μεθόδων,

320 2561 398 2625 ὡς
442 2561 675 2632 εἴρηται,
725 2564 800 2634 μὴ
832 2564 1045 2629 θύσασι,
1085 2567 1178 2620 καὶ
1211 2566 1453 2633 ἐδέξαντο
1501 2570 1695 2634 αὐτοὺς
1757 2570 1893 2640 μετά

321 2651 431 2706 τῶν
483 2652 708 2717 πιστῶν,
760 2656 842 2707 ότι
880 2655 1139 2725 ἐξέφυγον
1172 2659 1521 2730 πολυτρόπως
1548 2662 1608 2714 τὸ
1641 2662 1893 2716 θυσιάσαι
1920 2696 1930 2710 κ

321 2743 436 2804 τοῖς
462 2740 696 2810 δαίμοσι.
728 2742 823 2795 Διά
851 2743 907 2795 δὲ
926 2743 1024 2814 τὴν
1065 2744 1331 2815 ἑξάμηνον
1369 2746 1704 2817 προθεσμίαν
1726 2748 1896 2818 ὲμνή-

327 2831 429 2903 σθη
478 2833 572 2886 τοῦ
635 2834 721 2887 διά
769 2834 1006 2905 Γαϐριὴλ
1053 2837 1383 2907 μηνύματος,
1425 2837 1518 2890 τοῦ
1553 2840 1609 2891 ὲν
1634 2838 1711 2908 τῷ
1753 2839 1894 2908 ἕκτῳ

327 2926 457 2996 μηνὶ
515 2926 615 2996 τῆς
670 2926 978 2997 συλλήψεως
1023 2927 1115 2980 τοῦ
1162 2928 1505 2999 Προδρόμου,
1574 2930 1630 2983 ἑν
1679 2924 1722 2997 ᾧ
1770 2947 1894 2983 συν-

323 3016 533 3087 ελήφθη
588 3020 617 3072 ό
667 3016 887 3089 Κύριος.
949 3018 1226 3089 Ἐπιιρέρει
1273 3019 1328 3071 δὲ
1371 3020 1463 3072 καὶ⁹
1505 3021 1727 3091 ῥήματα
1754 3022 1892 3073 ἀπο-

326 3107 566 3160 πολικάθ
1283 3103 1292 3111 ’

1987 2210 2253 2256 semestre
2275 2209 2487 2267 tempus
2516 2199 2578 2251 ad
2619 2199 2994 2268 pmnitentiam
3026 2196 3280 2253 suﬁiciet.
3299 2198 3435 2253 Nam
3455 2199 3558 2254 etsi

1990 2292 2217 2344 minime
2252 2288 2637 2352 immolarunt;
2684 2296 2866 2340 tamen
2921 2284 3050 2354 quia
3083 2299 3144 2341 se
3179 2286 3559 2342 immolaturos

1991 2386 2118 2436 sunt
2148 2379 2312 2450 pacti,
2347 2379 2427 2434 vel
2476 2377 2622 2449 quod
2678 2377 2816 2431 alios
2866 2375 3189 2441 submisere,
3221 2375 3435 2444 ipsique
3463 2374 3559 2425 im-

1992 2471 2227 2525 molasse
2283 2479 2411 2524 sunt
2470 2468 2595 2529 visi,
2653 2465 2973 2537 prenitentia
3024 2464 3266 2532 indigere
3326 2461 3559 2531 judicati

1994 2569 2121 2616 sunt
2159 2580 2172 2615 :
2209 2561 2313 2615 etsi
2346 2560 2673 2636 quihusdam
2709 2574 2773 2613 ex
2818 2557 2952 2627 ipsis
3001 2554 3247 2608 nonnulli
3277 2553 3559 2608 confesso-

1991 2668 2112 2707 rum
2143 2655 2418 2722 ignovere;
2451 2651 2653 2706 Eorum
2684 2664 2875 2718 nempe
2915 2646 3136 2717 quidam
3187 2648 3279 2714 qui
3331 2659 3390 2699 se
3435 2641 3559 2696 ﬁdei

1994 2753 2161 2802 testes
2194 2745 2559 2799 exhibucrunt
2605 2757 2668 2795 ac
2703 2756 2800 2811 pro
2835 2740 2939 2794 ﬁde
2984 2745 3112 2794 sunt
3144 2737 3313 2805 passi,
3367 2735 3434 2790 iis
3464 2734 3556 2804 qui

1996 2835 2227 2891 artiﬁcio
2259 2835 2519 2905 quodam,
2545 2841 2603 2886 ut
2640 2833 2844 2886 dictum
2874 2836 2978 2892 est,
3009 2844 3119 2882 non
3150 2826 3556 2887 sacriﬁcarunt,

1996 2926 2277 2995 ignovere,
2310 2938 2372 2977 ac
2404 2923 2526 2976 illos
2559 2936 2683 2975 cum
2736 2919 2986 2973 ﬁdelibus
3017 2917 3082 2969 ad
3117 2914 3558 2969 communionem

1997 3016 2286 3076 admisere,
2346 3011 2491 3082 quod
2543 3026 2611 3064 ne
2664 3009 2999 3063 daimonihus
3055 3005 3394 3059 immolarent
3445 3011 3561 3056 stu-

1997 3109 2150 3163 diose
2172 3108 2500 3161 vitaverunt.
2533 3102 2702 3155 Purro
2725 3100 2888 3168 hujus
2920 3096 3197 3152 semestris
3227 3092 3446 3148 termini
3466 3106 3561 3146 oc-

326 3197 570 3260 casione,
609 3197 1052 3253 Annuntiationis
1088 3215 1183 3269 per
1210 3199 1513 3256 Gabrielcm
1576 3202 1731 3257 factae
1774 3201 2039 3265 meminit,
2079 3206 2234 3255 sexto
2266 3210 2451 3251 mense
2478 3191 2855 3261 conccptionis
2886 3185 3268 3249 Prsecursoris,
3299 3198 3406 3253 quo
3426 3197 3560 3237 cono

326 3298 517 3361 ceptus
547 3301 627 3347 est
651 3290 929 3347 Dominus.
953 3292 1102 3346 Tum
1140 3295 1437 3362 apostolica
1464 3296 1625 3350 verba
1649 3294 1964 3366 subjungit:

930 3384 1167 3437 ΚΑΝΩΝ
1206 3386 1297 3450 ς’.

406 3489 425 3523 ι
460 3472 584 3535 Τοῖς
627 3471 683 3524 δὲ
713 3472 929 3537 δούλους
972 3475 1328 3547 Χριστιανοὺς
1366 3474 1480 3528 ave
1518 3475 1724 3529 ἑαυτῶν
1770 3464 1901 3529 tina-

332 3582 355 3613 ιι
387 3560 729 3630 ϐεϐληκόσιν,
766 3563 815 3616 οί
852 3563 947 3634 μὲν
969 3562 1163 3627 δοῦλοι,
1198 3564 1273 3628 ὡς
1297 3565 1362 3619 ἂν
1387 3566 1688 3636 ὑποχείριοι
1720 3565 1893 3629 ὄντες,

333 3673 354 3704 ‹
391 3656 484 3708 καὶ
503 3654 699 3726 τρόπον
714 3654 836 3708 τινὰ
852 3656 944 3709 καὶ
965 3657 1116 3709 αὐτοὶ
1131 3655 1551 3725 φυλακισθέντες
1574 3659 1676 3711 ὑπὸ
1692 3659 1798 3711 τῶν
1820 3659 1900 3712 δε-

335 3768 352 3795 ¢
383 3746 615 3809 σποτῶν,
630 3746 1115 3817 καταπειληθέντες
1129 3749 1396 3801 τε¹⁸⁴“ύπ’
1411 3748 1587 3801 αὐτῶν
1604 3751 1696 3801 καὶ
1709 3749 1795 3802 διά
1811 3749 1899 3803 τὸν

335 3856 354 3887 ι
394 3837 556 3905 φόϐον
577 3837 754 3890 αὐτῶν
775 3838 854 3900 εἰς
872 3837 1029 3890 τοῦτο
1051 3837 1363 3907 ἐληλυθότες
1388 3839 1482 3890 καὶ
1498 3838 1897 3910 όλισθήσαντες,

334 3946 351 3975 ι
389 3927 447 3978 ἑν
483 3926 615 3956 ¹⁵¹⁴⁶⁶
646 3924 875 3996 ἑνιαυτῷ
901 3926 968 3979 τά
1002 3926 1100 3996 τῆς
1150 3927 1433 3996 μετανοίας
1466 3926 1603 4001 ἔργα
1646 3927 1899 3991 δείξουσι,

333 4034 353 4064 ‹
397 4017 754 4085 μανθάνοντες
775 4015 868 4069 τοῦ
884 4016 1091 4080 λοιποῦ,
1111 4016 1182 4080 ὡς
1206 4016 1378 4069 δοῦλοι
1395 4017 1630 4089 Χριστοῦ
1654 4021 1821 4071 ποιεῖν
1840 4019 1901 4072 τὸ

335 4127 354 4159 ι
396 4107 607 4178 θέλημα
642 4106 736 4160 τοῦ
770 4106 1003 4178 Χριστοῦ
1037 4106 1216 4173 ¹⁸·““,
1252 4111 1343 4161 καὶ
1390 4108 1668 4177 φοϐεῖσθαι
1703 4109 1897 4163 αὐτόν’

334 4217 353 4248 ε
390 4195 675 4260 ἀκούοντες
712 4195 964 4266 μάλιστα,
994 4197 1074 4248 ὅτι
1106 4194 1363 4261 ἕκαστος
1386 4195 1495 4249 ἐάν
1542 4195 1604 4267 [1.
1650 4196 1677 4250 ὃ
1709 4197 1799 4269 ἄν]
1847 4214 1903 4249 τι

334 4306 354 4339 ι
389 4287 616 4356 ποιήσῃ
647 4285 889 4354 ἀγαθόν,
925 4285 1097 4339 τοῦτο
1124 4287 1428 4356 κομίσεται
1463 4287 1620 4354 παρὰ
1658 4288 1898 4356 Κυρίου,

334 4396 353 4427 ι
391 4376 512 4430 alte
544 4374 761 4441 δοῦλος
787 4375 906 4428 εἴτε
935 4375 1248 4443 ἐλεύθερός
1271 4377 1403 4430 ἐστι
1447 4378 1510 4430 ³³.
1550 4396 1568 4429 ι

398 4467 595 4521 ΒΔΛΣ.
623 4466 762 4529 Τοὺς
803 4465 946 4520 κατά
975 4467 1218 4522 κέλευσιν
1267 4471 1359 4522 καὶ⁴
1399 4469 1627 4540 ἀπειλὴν
1669 4469 1776 4525 τῶν
1816 4471 1902 4524 δε-

329 4556 544 4611 σποτῶν
591 4555 855 4620 θύσαντας
897 4557 1115 4622 δούλους
1161 4559 1253 4612 ἑπι
1304 4559 1545 4612 ἐνιαυτὸν
1597 4562 1826 4632 ἐπιτιμᾷ
1874 4562 1903 4614 ὁ

328 4649 517 4720 Πατὴρ
553 4643 739 4713 οὗτος·
773 4648 848 4713 ὡς
891 4650 987 4720 μὲν
1014 4650 1121 4722 γὰρ
1153 4650 1418 4704 πεισθεῖσι
1465 4655 1579 4715 τοῖς
1617 4652 1902 4716 δεσπόταις

2606 3372 2833 3430 ΟΛΝΟΝ
2864 3373 2953 3428 Ἢ.

2078 3492 2094 3524 ι
2135 3471 2172 3526 li
2197 3479 2375 3525 autem
2411 3470 2501 3540 qui
2550 3484 2738 3524 servos
2766 3465 3106 3520 Christianos
3159 3476 3257 3531 pro
3280 3475 3338 3515 se
3366 3459 3567 3516 submi-

2006 3585 2025 3617 ‹
2060 3571 2267 3628 serunt,
2301 3562 2441 3616 servi
2495 3560 2740 3629 quidem,
2800 3565 2858 3611 ut
2889 3555 2981 3625 qui
3007 3554 3108 3625 ipsi
3149 3553 3251 3609 sub
3283 3566 3444 3605 manu
3477 3566 3568 3605 es-

2007 3676 2025 3707 ‹
2058 3663 2197 3715 sent,
2228 3662 2281 3706 et
2311 3649 2712 3719 quodammodo
2736 3647 2838 3715 ipsi
2875 3659 3093 3713 quoque
3123 3644 3177 3697 in
3221 3641 3568 3695 dominorum

2007 3766 2025 3797 ‹
2065 3742 2314 3798 custodia
2337 3746 2541 3802 essent,
2573 3739 2844 3805 minisque
2875 3736 2947 3789 ab
2984 3735 3117 3803 ipsis
3140 3733 3334 3792 territi,
3358 3739 3411 3785 et
3441 3744 3571 3799 pro-

2008 3854 2026 3885 ‹
2062 3844 2179 3903 pter
2206 3845 2396 3886 eorum
2450 3835 2653 3881 metum
2706 3841 2770 3880 eo
2815 3823 3083 3893 compulsi
3118 3830 3172 3877 et
3224 3821 3381 3891 lapsi,
3423 3834 3567 3872 anno

2008 3944 2026 3976 ‹
2061 3937 2223 3994 opera
2257 3919 2588 3990 poenitentiae
2631 3917 2938 3980 ostendent,
2969 3925 3021 3969 et
3065 3914 3322 3982 deinceps
3352 3911 3569 3966 discen-

2008 4035 2025 4068 ι
2059 4025 2160 4081 tes,
2185 4020 2244 4066 ut
2276 4010 2415 4066 servi
2442 3997 2670 4071 Christi,
2706 4006 2883 4061 facere
2912 4005 3116 4060 Christi
3154 4005 3487 4058 voluntatem
3511 4007 3567 4057 et

2009 4124 2027 4157 ι
2062 4119 2184 4160 eum
2223 4102 2412 4154 timere
2446 4118 2458 4152 :
2490 4097 2774 4153 audientes
2831 4095 3085 4158 maxime,
3110 4093 3251 4163 quod
3288 4091 3569 4158 unusquis-

2009 4214 2026 4245 ι
2068 4210 2186 4265 que,
2228 4191 2431 4261 siquid
2481 4187 2601 4242 boni
2635 4187 2838 4255 fecerit,
2889 4185 2985 4238 hoc
3041 4185 3169 4254 feret
3219 4200 3252 4236 a
3318 4181 3565 4245 Domino,

2009 4305 2026 4336 ι
2063 4285 2167 4338 sive
2187 4297 2365 4336 servus
2391 4280 2498 4333 sive
2530 4277 2659 4331 liber
2693 4278 2761 4331 sit
2788 4289 2836 4332 α.
2874 4295 2893 4328 ι

2072 4459 2234 4514 Βλιε.
2263 4456 2462 4513 Servos
2484 4455 2574 4525 qui
2611 4453 2950 4509 dominorum
2983 4452 3143 4522 jussu
3172 4466 3235 4506 ac
3289 4449 3452 4504 minis
3477 4465 3570 4505 sa-

2004 4542 2339 4617 criﬁcarunt,
2367 4564 2509 4604 anno
2534 4547 2688 4617 punit
2718 4545 2807 4598 hic
2834 4543 2997 4597 Pater
3032 4560 3046 4596 :
3085 4549 3142 4595 ut
3180 4540 3271 4610 qui
3296 4541 3440 4595 enim
3467 4539 3570 4593 do-

2004 4644 2153 4698 mino
2183 4640 2484 4712 paruerint,
2519 4636 2771 4707 isnoscit,
2820 4643 2871 4689 et
2917 4649 3080 4704 grave
3105 4633 3430 4702 supplicium
3462 4646 3573 4686 non

329 4742 723 4810 συγγνωμονεῖ,
745 4739 837 4793 καὶ
869 4721 1097 4811 βαρεῖαν
1124 4742 1225 4794 οὐκ
1246 4741 1438 4809 ἐπάγει
1463 4742 1678 4795 κόλασιν
1699 4759 1712 4772 ο
1744 4743 1819 4806 ὡς
1844 4742 1894 4796 δὲ

2006 4734 2198 4804 inﬂigit
2230 4750 2243 4787 :
2277 4738 2337 4786 ut
2371 4731 2460 4798 qui
2493 4737 2672 4783 autem
2719 4726 2831 4781 sint
2853 4728 3025 4793 magis
3059 4721 3266 4776 Christi
3321 4721 3484 4784 servi,
3517 4729 3573 4775 et

326 4830 531 4893 δούλοις
546 4830 780 4901 Χριστοῦ
800 4830 997 4901 μᾶλλον
1016 4826 1152 4896 οὖσι,
1172 4832 1419 4886 κάκεῖνον
1442 4832 1600 4885 πλέον
1620 4831 1896 4902 φοϐεῖσθαι

326 4921 619 4991 ὀφείλουσι,
635 4922 868 4993 μετρίως
884 4922 1129 4993 ἐπιτιμᾷ.
1148 4925 1437 4990 Ἕκαστος
1453 4924 1584 4993 γὰρ,
1604 4923 1736 4995 φησι
1757 4923 1897 4978 κατὰ

327 5013 417 5067 τὸν
439 5013 612 5084 μέγαν
639 5014 868 5078 Παῦλον,
904 5013 935 5067 ὃ
961 5012 1070 5068 ἐὰν
1093 5013 1318 5083 ποιήσῃ
1342 5016 1585 5079 ἀγαθὸν,
1616 5015 1900 5084 κομιεῖται

325 5105 504 5160 τοῦτο
531 5106 690 5173 παρὰ
721 5106 962 5173 Κυρίου,
990 5105 1110 5159 εἴτε
1142 5105 1362 5172 δοῦλος
1398 5107 1518 5160 εἴτε
1562 5106 1897 5174 ἐλεύθερος.

399 5196 642 5250 ΖΩΝΑΡ.
683 5197 836 5261 Τινὲς
868 5196 1085 5261 δούλους
1117 5198 1350 5262 οἰκείους
1385 5198 1742 5268 Χριστιανοὺς
1784 5196 1900 5251 ἀνθ’

326 5287 534 5361 ἑαυτῷ
559 5289 655 5341 καὶ⁴
680 5287 920 5344 ἀκόντων
938 5289 990 5362 [1⁵
989 5289 1269 5361 .’άκοντας]
1284 5288 1550 5343 ὑπέϐαλον
1577 5289 1743 5344 θύειν.
1767 5289 1904 5352 Τοὺς

400 5450 426 5480 ι
454 5436 645 5510 Ephes.
670 5457 746 5506 vr,
776 5441 830 5498 8.

2005 4843 2128 4882 eum
2152 4826 2351 4881 debent
2378 4822 2551 4891 magis
2578 4830 2842 4882 metuere,
2868 4816 3193 4871 mediocrem
3225 4828 3441 4883 pcenam
3476 4812 3574 4866 im-

1998 4918 2169 4987 ponit.
2207 4914 2567 4984 Unusquisque
2581 4912 2740 4973 enim,
2766 4908 2964 4979 inquit,
2995 4906 3294 4962 secundum
3318 4919 3570 4973 magnum

2001 5008 2251 5069 Paulum,
2280 5003 2414 5076 quod
2442 5003 2617 5072 fecerit
2647 5000 2837 5055 bonum
2865 5017 2898 5061 ιι
2929 4998 3153 5052 Domino
3205 4995 3435 5065 recipiet,
3468 4997 3574 5049 sive

2002 5118 2179 5156 servus
2198 5100 2300 5153 sive
2328 5097 2476 5151 liber.

2076 5191 2282 5247 Zama.
2308 5185 2566 5244 Nonnulli
2601 5199 2790 5240 servos
2824 5198 2954 5238 suos
2994 5181 3362 5242 Christianos,
3395 5191 3494 5248 pro
3516 5190 3576 5232 se

2008 5285 2179 5356 ipsis,
2232 5283 2395 5338 etiam
2444 5278 2643 5332 invitos
2689 5274 2758 5329 ad
2817 5273 3205 5328 immolandum
3251 5270 3575 5328 submisere.

1664 5572 1901 5630 νΑῐιιιΕ
1952 5567 2356 5627 LECTIONES.

438 5739 502 5772 "‘
538 5738 898 5806 ἑκκλίνοντας.

979 5742 1066 5774 ¹⁵“
1094 5741 1127 5809 ἢ
1158 5740 1249 5794 καὶ
1282 5741 1512 5804 εἴτινες.
1590 5738 1699 5773 ¹³⁹”⁶
1724 5759 1779 5795 τε
1812 5756 1920 5796 om.

2651 5732 2804 5786 Θεοῦ.
2883 5733 2925 5762 ¹⁶
2958 5728 3102 5784 deest
3135 5723 3269 5781 ἐστι.

2024 5740 2155 5771 “an
2185 5738 2244 5791 ἐν
2276 5751 2382 5792 οἵη.
2466 5733 2549 5765 18η
