3944 6396
453 377 558 442 487

1727 379 1824 438 'l'li
1840 380 1930 438 130
1943 381 2003 441 D.
2053 380 2142 438 BA
2155 382 2284 439 ΒΕΑ
2297 383 2345 440 Μ
2358 382 2456 444 ΟΝ

3560 385 3648 448 483

443 499 621 556 Hocce
647 499 814 571 igitur
851 515 1060 566 servos,
1091 503 1340 570 quamvis
1396 505 1737 560 dominorum
1767 507 2005 577 jussiont

2122 503 2361 567 δούλους,
2402 506 2450 558 εἱ
2477 506 2572 561 καὶ
2603 504 2851 559 κελεύσει
2885 503 2992 556 τῶν
3021 503 3286 556 δεσποτῶν
3325 503 3521 569 ἔθυσαν,
3547 507 3650 576 βια-

441 591 643 658 cnacti,
676 607 780 647 non
819 598 1000 646 autem
1059 607 1159 646 sua
1205 593 1502 656 voluntate.
1567 598 2015 662 sacriﬁcaverint,

441 697 643 737 annum
673 683 728 737 in
760 683 1078 753 poenitentia
1117 683 1313 752 degere
1349 684 1434 738 hic
1480 683 1640 740 Pater
1663 687 1816 755 jubet
1851 707 1864 741 :
1901 703 2014 742 me-

443 771 776 840 minisseque
811 787 870 825 se
905 787 1028 824 cum
1055 771 1163 825 sint
1191 772 1394 836 ﬁdeles,
1419 788 1538 828 esse
1569 773 1776 828 Christi
1806 791 2014 841 servos,

443 871 683 926 eumque
717 859 889 926 magis
915 860 1106 912 timere
1128 867 1381 926 oportere
1420 877 1433 913 :
1487 875 1549 913 ac
1581 878 2014 932 unumquemque,

443 953 502 1000 ut
534 961 762 1016 magnus
791 949 865 1000 ait
899 947 1212 1017 Apostolus,
1249 953 1355 1005 sive
1377 968 1606 1018 servum,
1637 953 1740 1006 sive
1772 953 2014 1022 liberum,

439 1018 557 1102 quin
589 1038 767 1106 fecerit
794 1049 1204 1107 reportaturum.

1041 1130 1272 1184 CANON
1301 1131 1413 1188 VII.

519 1235 539 1268 ι
581 1217 758 1270 Liberi
796 1226 979 1272 autem
1024 1221 1200 1276 tribus
1233 1223 1397 1277 annis
1448 1223 1501 1276 in
1551 1227 1869 1294 pmnitcntia
1895 1245 2016 1284 exa-

446 1323 466 1354 ‹
511 1305 866 1358 minabuntur
899 1347 912 1372 ,
971 1315 1084 1360 tum
1148 1311 1296 1378 quod
1344 1311 1844 1377 dissimulaverinl,
1900 1326 2014 1373 tum

445 1411 465 1445 ι
502 1395 648 1464 quod
678 1396 956 1452 eﬁ'ecerint
991 1405 1048 1450 ut
1083 1403 1335 1455 conservi
1399 1405 1792 1468 sacriﬁcarent,
1837 1417 1892 1460 ut
1923 1410 2015 1478 qui

445 1501 464 1535 ι
499 1487 760 1554 Apostolo
791 1503 900 1541 non
941 1490 1272 1555 obedierint,
1306 1493 1399 1562 qui
1439 1495 1552 1548 vult
1585 1507 1610 1534 ι
1653 1497 1892 1552 dominos
1925 1516 2016 1552 ea-

445 1594 465 1626 ‹
506 1575 622 1630 dem
651 1577 820 1643 facere
843 1597 960 1649 qua:
981 1584 1134 1646 servi,
1177 1587 1496 1640 remittentes
1525 1589 1715 1643 minas.
1758 1591 2010 1659 Scientes,

447 1685 464 1717 ι
508 1668 702 1738 inquit,
734 1671 872 1739 quod
898 1683 1074 1725 noster
1099 1691 1301 1744 quoque
1325 1687 1374 1730 et
1395 1679 1625 1746 ipsorum
1655 1681 1909 1736 Dominus
1935 1693 2014 1737 est

443 1771 464 1804 ι
502 1755 559 1808 in
594 1757 758 1820 cretis,
792 1768 968 1812 etnon
1002 1771 1078 1814 est
1116 1763 1256 1831 apud
1314 1781 1429 1819 eum
1466 1783 1809 1835 personarum
1860 1788 2010 1826 acce-

2123 593 2370 657 σθέντες,
2421 595 2532 648 ἀλλ’
2575 597 2676 648 ούκ
2717 593 2777 659 ἐξ
2817 593 3019 646 οἰκείου
3068 591 3391 662 θελήματος,
3438 595 3650 650 ἐνιαυτὸν

2119 683 2177 735 ἑν
2200 682 2454 753 μετανοίᾳ
2481 683 2683 750 διάγειν
2699 685 2726 736 ὁ
2743 682 2932 753 Πατὴρ
2957 676 3111 743 οὗτος
3138 680 3432 750 διορίζεται,
3458 683 3542 736 καὶ
3564 702 3652 753 μα-

2119 773 2250 836 θεῖν,
2279 775 2379 838 ὅτι,
2416 776 2596 828 πιστοὶ
2625 775 2796 838 ὄντες,
2826 773 3062 846 Χριστοῦ
3087 771 3258 825 δοῦλοί
3291 775 3411 837 εἰσι,
3435 775 3654 831 κάκεῖνον

2122 865 2322 933 μᾶλλον
2353 864 2635 934 φοϐεῖσθαι
2669 865 2970 934 ὀφείλουσι·
3003 863 3096 917 καὶ
3137 863 3218 915 ὅτι
3255 863 3510 929 ἕκαστος,
3536 870 3655 920 κατὰ

2116 952 2207 1004 τὸν
2232 955 2402 1022 μέγαν
2446 955 2784 1018 Ἀπόστολον,
2805 954 2834 1008 ὃ
2865 955 2972 1008 ἐὰν
2995 953 3220 1021 ποιήσῃ
3247 953 3530 1022 κομιεῖται,
3555 958 3658 1009 εἴτε

2117 1043 2338 1111 δοῦλος
2371 1046 2490 1099 εἴτε
2523 1047 2856 1114 ἐλεύθερος.

2729 1137 2968 1190 ΚΑΝΩΝ
3007 1139 3078 1190 Z'.

2193 1243 2210 1274 ι
2251 1225 2311 1276 0i
2352 1225 2407 1277 δὲ
2439 1225 2711 1296 ἐλεύθεροι
2748 1227 2804 1278 ἑν
2831 1227 3005 1297 τρισὶν
3039 1225 3214 1278 ἔτεσιν
3247 1223 3662 1294 ἐξετασθήσονται

2122 1332 2139 1364 ι
2181 1316 2240 1367 ἑν
2266 1315 2542 1388 μετανοίᾳ,
2567 1319 2660 1372 καὶ
2682 1319 2756 1380 ὡς
2778 1318 3203 1388 ὑποκρινάμενοι
3223 1317 3307 1380 ¹⁶”,
3327 1315 3499 1378 καὶὼς
3515 1333 3663 1368 κατα-

2122 1423 2140 1454 ι
2176 1406 2547 1472 ναγκάσαντες
2574 1409 2696 1469 τοὺς
2727 1406 3047 1478 ὁμοδούλους
3071 1405 3248 1468 θῦσαι,
3275 1406 3366 1460 ἆτε
3393 1406 3474 1437 ⁸⁸⁸·
3499 1405 3556 1475 δὴ
3577 1422 3665 1457 παν

2121 1514 2138 1546 ι
2184 1498 2547 1567 ρακούσαντες
2591 1499 2684 1551 τοῦ
2743 1498 3062 1551 Ἀποστόλου
3117 1497 3188 1550 τὰ
3246 1499 3395 1552 αὐτὰ
3443 1494 3664 1557 Θέλοντος

2121 1607 2137 1638 ι
2177 1589 2368 1642 ποιεῖν
2413 1589 2552 1654 τοὺς
2598 1588 2896 1652 δεσπότας
2948 1587 3072 1652 τοῖς
3112 1586 3371 1651 δούλοις,
3417 1586 3668 1652 ἀιιιιέντας

2121 1699 2138 1730 ι
2179 1680 2292 1746 τὴν
2323 1679 2616 1744 ἀπειλήν·
2665 1679 2890 1744 εἰδότες
2930 1679 2992 1742 ¹⁷,
3038 1678 3221 1746 φησιν,
3269 1677 3356 1730 ὅτι
3393 1679 3487 1730 καὶ
3519 1677 3668 1746 ἡμῶν

2121 1786 2137 1817 ι
2181 1767 2277 1820 καὶ
2311 1767 2506 1820 αὐτῶν
2538 1769 2601 1798 ¹⁷⁶
2625 1771 2656 1820 ό
2679 1769 2892 1834 Κύριός
2917 1767 3086 1819 ἐστιν
3111 1766 3152 1797 ⁸⁸
3177 1766 3247 1818 ἐν
3273 1766 3556 1832 οὐρανοῖς,
3583 1766 3667 1818 καί

442 1862 464 1894 ι
500 1847 630 1914 ptio.
662 1845 718 1900 Si
745 1863 912 1902 unum
939 1861 1120 1906 autem
1179 1871 1370 1910 omnes
1399 1858 1662 1914 habemus
1697 1861 2005 1929 Dominum,

2121 1879 2138 1910 ι
2177 1860 2660 1928 προσωποληψία
2693 1859 2826 1926 παρ’
2860 1856 3019 1923 αὐτῷ
3047 1861 3157 1912 οὐκ
3189 1859 3378 1911 ἔστιν.
3417 1859 3476 1910 Ei
3512 1859 3562 1911 δὲ
3585 1857 3670 1909 ἕνα

444 1951 464 1986 ι
501 1936 638 2003 apud
688 1953 839 2007 quem
869 1957 971 1994 non
1023 1951 1100 1994 est
1137 1959 1484 2012 personarum
1517 1953 1748 2018 acceptio
1781 1953 1841 2020 b;
1876 1970 2012 2024 quoe

441 2041 463 2075 ι
501 2026 648 2080 niam
671 2039 718 2081 et
750 2033 950 2093 omnia,
985 2042 1034 2086 et
1064 2034 1117 2088 in
1143 2037 1380 2090 omnibus
1407 2049 1484 2092 est
1509 2040 1772 2107 Christus,
1799 2046 1850 2098 in
1884 2047 2014 2100 Bar-

444 2132 463 2164 ¢
506 2115 651 2172 buris
689 2129 738 2173 et
767 2119 1002 2192 Scythis,
1035 2127 1196 2180 servis
1231 2139 1278 2180 et
1311 2129 1485 2184 liberis
1527 2143 1548 2170 ο
1586 2153 1598 2186 :
1651 2135 1849 2190 debent
1877 2153 2010 2192 cou-

445 2224 465 2256 ι
507 2199 752 2266 siderare
807 2214 952 2282 quod
983 2213 1254 2281 fecerunt,
1285 2221 1528 2277 volentes
1581 2241 1736 2279 suam
1765 2228 2008 2298 ipsorum

444 2317 462 2350 ι
502 2302 741 2356 animam
795 2319 1048 2375 servare;
1085 2312 1178 2379 qui
1236 2327 1530 2371 conservos
1570 2330 1790 2374 nostros
1828 2329 2008 2380 traxe~

445 2407 468 2442 ‹
497 2400 626 2446 runt
649 2395 714 2448 ad
747 2395 1128 2464 idololatriam,
1147 2401 1239 2470 qui
1266 2412 1515 2472 poterant
1539 2419 1592 2461 et
1614 2409 1715 2478 ipsi
1748 2411 2004 2483 effugere,

444 2496 464 2529 ι
495 2481 540 2535 si
567 2481 659 2550 jus
690 2491 743 2536 et
770 2486 1131 2554 aequalitatem
1156 2489 1290 2559 ipsis
1311 2493 1672 2560 praebuissent
1716 2503 1774 2552 ut
1812 2481 2007 2557 rursus

441 2586 461 2620 ι
497 2570 629 2625 dicit
651 2573 964 2643 Apostolus.
1003 2595 1022 2628 ι

505 2743 666 2800 ΒΑιε.
715 2745 930 2806 Liberis
961 2758 1144 2808 autem
1178 2769 1276 2809 seu
1318 2731 1554 2829 dominis
1595 2777 1878 2820 servorum
1911 2781 2003 2822 sa-

435 2835 684 2892 criﬁcare
708 2849 1047 2907 coactorum,
1082 2846 1304 2901 triennii
1329 2864 1544 2918 paznam
1575 2852 1830 2925 injungit,
1858 2859 2004 2926 quod

434 2933 490 2980 ct
520 2928 830 2985 sacriﬁcare
881 2933 1229 3003 simularunt,
1287 2950 1337 2994 et
1375 2943 1598 2997 omnino
1633 2959 1873 3001 annuere
1903 2949 2004 3003 visi

436 3025 587 3080 sunt,
623 3028 678 3073 et
727 3024 870 3090 quod
907 3040 1200 3084 conservos
1233 3032 1543 3088 sacriﬁcare
1590 3027 1907 3106 coc’gerunt,
1950 3049 2006 3095 et

437 3109 585 3177 quod
615 3108 878 3179 Apostolo
903 3131 1011 3170 non
1057 3132 1356 3188 paruerunt
1380 3122 1595 3191 jubenti
1640 3131 1801 3182 servis
1833 3133 2003 3186 minas

435 3199 732 3266 remittere;
763 3213 950 3275 utpote
985 3223 1107 3264 cum
1141 3211 1244 3280 ipsi
1275 3229 1491 3284 quoque
1521 3215 1727 3272 domini
1771 3219 1860 3274 Dei
1891 3239 2007 3277 ser-

437 3286 490 3340 vi
513 3288 644 3351 sint,
681 3301 734 3343 et
767 3291 1093 3351 famulorum
1128 3301 1400 3356 conservi.
1437 3302 1612 3372 Atque
1643 3305 1744 3375 ipsi
1788 3309 2005 3376 quidem

437 3374 762 3436 festinarunt
793 3399 946 3439 suam
971 3403 1190 3444 servare
1223 3391 1478 3456 animam,
1509 3409 1804 3452 conservos
1824 3408 2004 3454 autem

437 3489 566 3530 suos
597 3473 665 3528 ad
685 3476 1046 3535 idololatriam
1061 3486 1460 3552 compulerunt,
1476 3489 1569 3558 qui
1602 3499 1850 3559 poterant
1873 3493 2009 3549 eﬁ‘u-

433 3579 577 3635 gere.

510 3655 610 3724 13
637 3657 838 3715 Zomn.
865 3662 1079 3722 Liberis
1097 3679 1300 3736 autem,
1324 3674 1426 3729 hoc
1453 3688 1534 3732 est
1565 3677 1800 3734 dominis
1817 3694 2003 3734 servo-

436 3761 556 3799 rum
583 3750 676 3818 qui
703 3755 1018 3812 sacrilicare
1041 3773 1168 3817 sunt
1193 3765 1388 3833 coacti,
1409 3770 1629 3825 triennii
1655 3788 1875 3840 poenam
1921 3773 2007 3826 in-

429 3837 613 3910 iungit
649 3861 662 3897 :
697 3855 812 3902 tum
843 3849 970 3918 quia
999 3854 1311 3912 sacriﬁcare
1329 3875 1388 3913 se
1407 3861 1756 3924 simularunt.
1783 3879 1850 3918 ac
1875 3882 2003 3922 suc-

429 3928 688 3981 cumbere
739 3931 965 3986 omnino
997 3933 1098 3989 visi
1147 3943 1322 3991 sunt:
1359 3945 1472 3992 tum
1532 3943 1660 4010 quia
1707 3959 2002 4004 conservos

428 4027 722 4084 coegerunt
747 4027 805 4074 ut
834 4021 1205 4093 immolarent;
1234 4044 1334 4082 nec
1393 4030 1834 4101 obtemperat-unt
1865 4038 2006 4107 Apo-

429 4107 569 4160 stolo
589 4107 803 4176 jubenti
835 4115 1001 4168 servis
1051 4117 1220 4170 minas
1245 4121 1539 4184 remittere;
1574 4137 1696 4177 cum
1735 4126 1835 4194 ipsi
1869 4145 2005 4196 quo—

433 4211 539 4264 que
559 4197 764 4253 domini
821 4205 930 4257 sint
958 4205 1049 4259 Dei
1076 4209 1238 4272 servi,
1273 4219 1327 4264 et
1358 4209 1684 4268 faniulorum
1725 4221 1998 4274 conservi.

428 4285 509 4338 Ac
535 4287 636 4356 ipsi
669 4291 889 4360 quidem
930 4295 1259 4352 festinarunt
1308 4316 1462 4356 suam
1497 4317 1716 4360 servare
1739 4309 1996 4375 animam,

427 4388 722 4432 conservos
747 4392 948 4447 autem,
996 4386 1088 4454 qui
1113 4385 1350 4458 eﬂ‘ugere
1371 4399 1620 4460 poterant
1667 4394 1736 4448 ad
1769 4396 1999 4453 idolola-

429 4467 587 4520 triam
623 4471 1026 4540 compulerunt.
1099 4508 1109 4516 -

1019 4564 1244 4621 cauos
1285 4567 1419 4625 VIII.
1525 4641 1534 4647 _

505 4669 523 4699 ι
563 4650 633 4704 lis
659 4661 836 4704 autem
864 4655 954 4722 qui
980 4655 1178 4724 proditi
1210 4669 1355 4728 sunt,
1387 4671 1440 4718 et
1461 4665 1800 4732 exciderunt,
1830 4673 1920 4740 qui
1948 4683 2002 4728 et

429 4761 448 4792 ι
485 4741 584 4812 ipsi
611 4744 677 4796 ad
721 4755 993 4801 certamen
1025 4764 1393 4818 accesserunt,
1425 4771 1483 4810 se
1515 4773 1635 4812 esse
1660 4759 2000 4821 Christianos

430 4850 448 4883 ι
483 4835 823 4898 conﬁtentes,
845 4846 898 4890 et
921 4837 973 4891 in
999 4842 1294 4896 custodiam
1323 4860 1444 4898 cum
1469 4851 1751 4906 tormentis
1769 4855 1995 4923 coniecti

428 4942 447 4974 ‹
479 4935 640 4980 sunt:
683 4942 897 4995 aequum
939 4937 1023 4984 cst
1062 4932 1114 4986 in
1146 4937 1504 4994 exsultatione
1535 4943 1716 5000 cordis
1741 4946 1881 5002 vires
1916 4951 1994 5004 si-

427 5035 448 5069 ι
478 5019 590 5071 mul
617 5019 831 5084 addere,
861 5032 914 5076 et
936 5024 1014 5079 eis
1041 5025 1093 5078 in
1122 5030 1376 5085 omnibus
1401 5038 1818 5103 communicare,
1855 5051 1906 5096 et
1938 5045 1991 5098 in

430 5123 448 5154 ι
481 5106 840 5174 orationibus,
876 5122 928 5164 et
977 5113 1030 5166 in
1062 5118 1470 5186 participatione
1509 5127 1752 5192 corporis
1786 5138 1839 5182 ct
1867 5147 1994 5185 san-

430 5195 660 5264 «guinis
711 5197 950 5264 Clu-isti,
1005 5214 1055 5256 et
1112 5209 1378 5262 sermonis
1430 5211 1804 5271 adhortatione
1863 5233 1875 5268 :
1933 5231 1992 5275 ut

495 5344 522 5374 ι
554 5331 742 5406 Ephes.
779 5358 851 5407 v1,
887 5345 940 5400 9.
1017 5349 1044 5388 ι)
1069 5348 1220 5404 Rom.
1247 5368 1308 5418 ll,
1349 5354 1432 5408 Η.
1513 5369 1533 5395 ο
1561 5329 1766 5415 Coloss.
1800 5377 1882 5428 ιιι,
1919 5364 2002 5416 Η.

2121 1973 2138 2004 ‹
2182 1953 2382 2024 Κύριον
2433 1952 2643 2023 ἔχωμεν
2674 1953 2716 1983 ⁸⁸
2747 1953 2794 2004 ot
2831 1952 3050 2014 πάντες,
3096 1951 3672 2017 ἀπροσωπόληπτον,

2121 2063 2139 2094 ι
2180 2045 2298 2096 ἐπεὶ
2329 2044 2420 2097 καὶ
2460 2042 2656 2096 πάντα
2695 2043 2793 2096 καὶ
2847 2043 2917 2095 ἐν
2943 2041 3134 2095 πᾶσίν
3159 2042 3331 2095 ἐστιν
3355 2043 3387 2094 ό
3420 2039 3670 2108 Χριστὸς,

2119 2154 2136 2185 ι
2175 2136 2246 2189 ἐν
2299 2153 2363 2188 τε
2405 2134 2734 2202 βαρϐάροις
2786 2134 2882 2186 καὶ
2943 2133 3234 2198 Σκύθαις,
3294 2132 3531 2198 δούλοις
3587 2131 3672 2184 καὶ

2117 2244 2136 2276 ι
2176 2225 2543 2294 ἐλευθέροις,
2587 2228 2807 2278 σκοπεῖν
2859 2225 3162 2293 ὀφείλουσιν
3191 2223 3218 2276 ὃ
3271 2223 3675 2294 κατειργάσαντο

2118 2336 2136 2368 ι
2175 2316 2496 2386 θελήσαντες
2529 2316 2626 2386 τὴν
2655 2315 2830 2386 ψυχὴν
2859 2315 3062 2370 ἑαυτῶν
3095 2315 3270 2368 σῶσαι
3292 2313 3362 2378 ’θ’
3386 2318 3506 2380 τοὺς
3546 2316 3674 2368 δέω

2117 2427 2134 2458 ι
2175 2407 2488 2470 συνδούλους
2507 2407 2711 2461 ἑαυτῶν
2724 2408 2766 2438 ²¹
2780 2407 3104 2470 ἑλκύσαντες
3119 2405 3210 2460 ἐπὶ
3230 2405 3674 2476 είδωλολατρείαν,

2117 2515 2136 2546 ι
2175 2496 2507 2567 δυναμένους
2535 2497 2627 2549 καὶ
2656 2497 2850 2560 αὐτοὺς
2879 2499 3157 2565 ἐκφυγεῖν,
3190 2499 3243 2550 εἰ
3277 2497 3337 2550 τὸ
3364 2497 3562 2550 δίκαιον
3593 2497 3676 2547 καὶ

2117 2604 2135 2636 ι
2177 2585 2274 2657 τὴν
2313 2587 2532 2654 ἰσότητα
2563 2582 2703 2656 ἦσαν
2751 2587 2931 2651 αὐτοῖς
2966 2586 3348 2658 παρασχόντες
3373 2626 3386 2650 ,
3429 2587 3502 2650 ὡς
3536 2584 3679 2638 πάλιν

2117 2696 2134 2728 ι
2173 2679 2201 2730 ό
2237 2677 2554 2740 ’Λπόστολος
2585 2678 2754 2746 λέγει.
2789 2697 2806 2728 ι

2179 2770 2373 2822 ΒΑΛΣ.
2408 2771 2532 2832 Τοῖς
2563 2769 2618 2822 δὲ
2649 2770 2972 2842 ἐλευθέροις,
2993 2772 3110 2841 ἦτοι
3132 2773 3247 2834 τοῖς
3275 2771 3557 2832 δεσπόταις
3583 2767 3680 2819 τῶν

2110 2862 2440 2931 βιασθέντων
2469 2861 2627 2916 θῦσαι
2655 2863 2874 2926 δούλων,
2909 2864 3002 2916 ἑπὶ
3035 2865 3277 2934 τριετίαν
3317 2859 3574 2933 ἑπιτιμᾷέ
3602 2860 3676 2914 ’ὅτι

2107 2967 2168 3002 τε
2202 2952 2574 3022 ὑπεκρίθησαν
2606 2951 2788 3014 θῦσαι,
2823 2953 2916 3006 καὶ
2945 2953 3080 3015 ὅλως
3113 2953 3302 3018 ἔδοξαν
3337 2951 3674 3012 κατανεῦσαι,

2109 3043 2204 3096 καὶ
2233 3045 2314 3096 ὅτι
2346 3046 2471 3108 τοὺς
2519 3043 2836 3107 συνδούλους
2888 3045 3205 3114 ἠνάγκασαν
3238 3045 3400 3097 θῦσαι
3422 3084 3435 3108 ,
3471 3043 3562 3096 καὶ
3603 3041 3678 3094 ὅτι

2111 3135 2464 3204 παρήκουσαν
2493 3139 2584 3188 τοῦ
2621 3138 2675 3188 Ἀ
2686 3136 2940 3188 ποστόλου
2969 3134 3286 3199 κελεύοντος
3311 3135 3540 3190 ἀνιέναι
3569 3131 3680 3196 τοῖς

2111 3221 2353 3290 δούλοις
2383 3227 2494 3294 τὴν
2528 3227 2806 3295 ἀπειλὴν,
2859 3228 2932 3290 ὡς
2977 3229 3070 3280 καὶ
3116 3227 3224 3280 τῶν
3265 3228 3538 3282 δεσποτῶν
3573 3224 3682 3280 δού-

2111 3311 2217 3365 λων
2263 3314 2430 3368 ὅντων
2464 3317 2540 3386 τῷ
2574 3319 2783 3389 Κυρίῳ,
2823 3319 2916 3372 καὶ
2947 3321 3060 3381 τοῖς
3086 3319 3332 3384 οἰκέταις
3373 3319 3677 3374 συνδούλων.

2110 3405 2220 3458 Καὶ
2262 3407 2414 3460 αὐτοὶ
2453 3409 2550 3478 μὲν
2591 3408 2860 3462 ἔσπευσαν
2891 3411 2987 3480 τὴν
3025 3409 3232 3462 οἰκείαν
3265 3398 3444 3464 σῶσαι
3479 3408 3680 3481 ψυχὴν,

2109 3497 2234 3561 τοὺς
2265 3499 2321 3552 δὲ
2356 3499 2670 3562 συνδούλους
2715 3501 2806 3554 ἐπὶ
2840 3500 3286 3573 εἰδωλολατρείαν
3336 3505 3680 3574 κατήπειγον,

2109 3585 2437 3656 δυναμένους
2465 3590 2740 3656 ἐκφυγεῖν.

2178 3679 2418 3731 ΖΩΝΑΡ.
2473 3680 2595 3743 Τοῖς
2635 3681 2691 3732 δὲ
2735 3681 3055 3754 ἐλευθέροις,
3105 3683 3224 3754 ἦτοι
3256 3689 3370 3749 τοῖς
3410 3684 3684 3746 δεσπόταις

2106 3768 2214 3822 τῶν
2234 3769 2560 3838 βιασθέντων
2585 3770 2742 3824 θῦσαι
2771 3772 2993 3836 δούλων,
3028 3774 3120 3826 ἐπὶ
3147 3777 3396 3845 τριετίαν
3425 3775 3680 3846 ἐπιτιμᾷ·

2105 3859 2186 3913 ὅτι
2213 3879 2272 3914 τε
2295 3861 2662 3934 ὑπεκρίθησαν
2686 3863 2864 3929 θῦσαι,
2895 3867 2989 3918 καὶ
3013 3865 3149 3928 ὅλως
3171 3868 3364 3934 ἔδοξαν
3397 3869 3683 3938 ύποκύψαι,

2105 3955 2203 4008 καὶ
2235 3955 2316 4006 ὅτι
2355 3955 2448 4006 καὶ
2495 3955 2620 4016 τοὺς
2665 3954 2978 4018 συνδούλους
3024 3957 3350 4026 ἠνάγκασαν
3385 3959 3567 4044 θῦσαι,
3600 3957 3688 4010 xci.

2106 4046 2186 4098 ὅτι
2216 4047 2570 4116 παρήκουσαν
2597 4043 2692 4097 τοῦ
2740 4045 3060 4100 Ἀποστὸλου
3101 4048 3426 4114 κελεύοντος
3467 4043 3689 4104 ἀνιέναι

2105 4135 2228 4200 τοῖς
2264 4135 2504 4201 δούλοις
2536 4135 2650 4202 τὴν
2697 4135 2984 4204 ἀπειλὴν,
3021 4138 3096 4201 ὡς
3134 4139 3232 4192 καὶ
3273 4141 3386 4193 τῶν
3419 4138 3688 4192 δεσποτῶν

2105 4226 2305 4278 δούλων
2347 4227 2514 4280 ὄντων
2553 4227 2766 4298 Κυρίῳ,
2803 4229 3034 4292 καὶτοῖς
3082 4231 3330 4296 οἰκέταις
3371 4231 3685 4286 συνδούλων.

2105 4313 2215 4365 Καὶ
2241 4313 2393 4366 αὐτοὶ
2435 4314 2532 4383 μὲν
2573 4313 2841 4368 ἔσπευσαν
2890 4317 2988 4389 τὴν
3022 4319 3228 4372 οἰκείαν
3266 4321 3443 4374 σῶσαι
3493 4319 3685 4391 ψυχὴν,

2101 4403 2228 4465 τοὺς
2275 4403 2330 4456 δὲ
2365 4404 2678 4469 συνδούλους
2707 4407 2799 4460 ἐπὶ
2848 4409 3294 4480 είδωλολατρείαν
3339 4410 3688 4476 κατέπειξαν,

2030 4519 2074 4574 D
2102 4494 2432 4565 δυναμένους
2455 4496 2731 4567 ἐκφυγεῖν.

2699 4590 2937 4642 ΚΑΝΩΝ
2989 4591 3072 4642 Π¹.

2173 4695 2192 4728 ‹
2230 4678 2353 4741 Τοῖς
2373 4677 2428 4730 δὲ
2463 4678 2913 4750 παραδεδομένοις
2942 4685 3034 4735 καὶ
3057 4685 3101 4714 “
3126 4685 3547 4753 ἐκπεπτωκόσι,
3581 4687 3686 4750 τοῖς

2100 4783 2119 4814 ι
2153 4782 2213 4818 τε
2239 4765 2416 4829 αὐτοῖς
2439 4767 2484 4798 ’³
2507 4768 2960 4840 προσεληλυθόσιν
2990 4774 3069 4836 εἰς
3097 4775 3185 4826 τὸν
3217 4776 3416 4844 ἀγῶνα
3442 4780 3539 4832 καὶ
3567 4783 3692 4850 ὀμο-

2098 4871 2116 4902 ι
2156 4851 2405 4920 λογοῦσιν
2430 4849 2568 4906 εἶναι
2599 4856 2960 4924 Χριστιανοῖς,
2989 4859 3429 4929 ἐμϐεϐλημένας
3455 4881 3516 4915 τε
3544 4865 3601 4915 ἐν
3623 4864 3684 4931 τῇ

2099 4962 2117 4993 ι
2159 4943 2368 5014 φυλακῇ
2397 4944 2534 5012 μετὰ
2566 4945 2833 5015 βασάνων,
2863 4947 3078 5016 εύλογόν
3103 4951 3250 5003 ἐστιν
3281 4954 3342 5004 ἑν
3369 4953 3690 5022 ἀγαλλιάσει

2097 5053 2114 5084 ι
2157 5035 2377 5104 καρδίας
2407 5039 2782 5109 συνεπισχύειν
2813 5044 2906 5092 καὶ
2935 5045 3207 5094 κοινωνεῖν
3241 5045 3302 5096 ἑν
3332 5047 3524 5109 πᾶσιν,
3553 5046 3608 5097 ἑν
3630 5059 3686 5096 τε

2095 5145 2114 5176 ι
2152 5131 2269 5190 ταῖς
2296 5133 2625 5200 προσευχαῖς
2653 5131 2748 5184 καὶ
2777 5134 2840 5202 τῇ
2870 5132 3164 5204 μεταλήψει
3185 5133 3286 5188 τοῦ
3312 5135 3573 5206 σώματος
3594 5133 3689 5188 καὶ

2093 5235 2110 5268 ι
2153 5217 2246 5270 τοῦ
2271 5219 2496 5289 αἵματος
2525 5221 2620 5274 τοῦ
2655 5223 2890 5294 Χριστοῦ
2915 5223 2980 5288 ⁸⁸,
3003 5225 3097 5278 καὶ
3120 5227 3184 5296 τῇ
3208 5226 3570 5298 παρακλήσει
3598 5222 3684 5278 τοῦ

1657 5511 1889 5570 VARIE
1926 5516 2328 5577 LECTZONES.

403 5668 463 5748 κη
491 5649 554 5738 ’ξ’
585 5653 1016 5748 ὑποκρινόμενοι.

473 5723 482 5737 ⁸
513 5723 566 5748 ΑΞ
598 5741 677 5748 Α-.-
813 5732 850 5748 ἰι
885 5745 931 5748 ,ν
976 5731 992 5737 ””

511 5729 565 5774 δὲ
594 5741 704 5778 om.
813 5732 853 5758 '“
883 5729 1054 5790 ἡμων.

1114 5661 1198 5690 ⁸⁸⁸·
1227 5663 1344 5714 ὅτι(

1131 5733 1174 5761 ²²
1203 5733 1292 5782 καί
1323 5749 1430 5788 om.

1443 5667 1483 5696 ¹“’
1513 5667 1740 5732 εἰδότας.

1857 5673 1922 5744 ¹⁷έ
1955 5674 2105 5744 ὑμῶν
2135 5678 2334 5731 αὐτῶν.

1511 5738 1554 5767 ³³
1583 5739 1812 5804 ἑαυτοῖς.
1880 5743 1924 5774 ’⁵
1953 5738 2043 5796 του
2080 5747 2314 5813 Χριστοῦ
2347 5763 2456 5802 om.

2451 5679 2666 5736 “dces:
2709 5683 2876 5738 ἐστιν.
2981 5687 3021 5718 ¹⁹
3054 5684 3272 5756 ἔχομεν.
3365 5686 3414 5718 ²⁰
3446 5681 3575 5741 add.
3616 5688 3682 5742 εἰ·
