3944 6388
277 341 376 404 489

1388 343 1470 413 ΙΝ
1508 354 1749 417 EPlS'l'.
1791 360 1832 415 S
1900 354 2127 422 PETRI
2180 358 2402 428 ALEX.

3412 358 3518 440 Hii

271 491 291 528 ι
331 474 508 543 λόγου·
539 476 625 530 ἴνα
648 476 1001 548 εὐτονώτερον
1028 483 1444 552 ἀγωνισάμενοι,
1470 486 1823 549 καταξιωθῶσ

1954 505 1973 538 ι
2016 488 2110 557 qui
2138 491 2482 547 constantius
2523 490 2946 555 deccrtaverint,
2979 494 3080 565 ipsi
3109 512 3324 567 quoque
3345 516 3521 566 super-

270 584 291 620 ι
330 566 424 621 καὶ
461 568 615 621 αὐτοὶ
650 569 754 622 τοῦ
779 570 1064 637 ,βραδεῖαν
1101 571 1209 639 τῆς
1237 574 1358 627 ἅνω
1399 575 1694 644 κλήσεως.
1735 581 1842 635 Καὶ

270 677 291 711 ι
326 658 437 730 γὰρ
469 659 734 721 ἑπτάκις,
769 662 920 732 φησὶ,
954 663 1219 717 πεσεῖται
1249 668 1283 719 o'
1311 666 1537 734 δίκαιος
1563 669 1661 722 καὶ
1698 671 1841 724 ἀνα-

269 768 291 802 (
329 754 652 816 στήσεται·
698 752 834 822 ὅπερ
872 753 919 803 εί
954 752 1049 805 καὶ
1091 753 1292 819 πάντες
1332 757 1382 809 οἱ
1426 759 1842 826 ἐκπεπτωκότες

269 860 288 895 ι
329 845 720 912 πεποιήκεσαν,
751 844 1091 914 τελειοτάτην
1125 845 1274 917 {adt}.
1303 846 1392 920 ἂν]
1417 851 1510 901 καὶ
1533 850 1841 923 όλοκάρδιον

266 953 287 988 ι
330 936 617 1006 μετάνοιαν
648 936 999 1001 ἐνεδείξαντο.
1037 957 1054 987 ι

332 1025 527 1078 ΒΛᾹΣ.
570 1028 725 1090 Τινὲς
780 1027 1260 1099 προσηγγέλθησαν
1320 1031 1413 1083 καὶ
1470 1034 1840 1105 παρεδόθησαν
1901 1071 1908 1080 ι

258 1117 371 1177 τοῖς
399 1117 699 1187 τυράννοις,
732 1117 763 1187 ἢ
799 1117 891 1170 καὶ
916 1118 1179 1182 ἑκουσίως
1208 1120 1392 1183 αὐτοῖς
1431 1123 1655 1188 ἑαυτοὺς
1706 1143 1840 1196 παρ-

263 1205 490 1269 έδωκαν,
518 1207 840 1278 ἡττηθέντες
869 1208 925 1260 δὲ
949 1208 1053 1260 ὑπὸ
1085 1208 1193 1261 τῶν
1220 1210 1513 1275 κολάσεων,
1549 1215 1837 1268 ἐκπεπτώ-

263 1313 388 1350 κασι
415 1296 516 1366 τῆς
548 1297 881 1368 μαρτυρίαςο
927 1294 1044 1352 εἶτα
1090 1302 1554 1371 μεταμεληθέντες
1586 1306 1680 1357 καὶ
1720 1308 1839 1360 ἐπι-

259 1387 573 1465 γνόντεςλτὸ
616 1389 853 1456 ἀγαθὸν,
894 1389 1250 1461 ὡμολόγησαν
1297 1388 1436 1446 εἶναι
1487 1396 1832 1465 Χριστιανοὶ,

260 1476 400 1529 ὥστε
433 1460 527 1530 καὶ
547 1479 627 1540 είς
657 1477 900 1547 φυλακὰς
927 1460 1258 1549 ἐμϐληθῆναι
1288 1481 1381 1533 καὶ
1415 1460 1676 1550 βασάνους

261 1570 472 1638 στῆναι.
509 1569 648 1631 Τοὺς
684 1569 956 1633 τοιούτους
996 1566 1087 1623 οὗν
1127 1569 1347 1640 εὔλογον
1392 1574 1567 1645 κρίνει
1618 1578 1646 1626 ό
1680 1578 1834 1645 ἅγιος

262 1658 400 1729 μετὰ
433 1656 697 1730 θυμηδίας
729 1660 978 1731 δέχεσθαι
1011 1662 1103 1714 καὶ
1142 1663 1530 1735 ὲπιρῤωννύειν
1569 1656 1706 1735 πρδς
1734 1667 1832 1738 τὴν

256 1754 536 1825 όρθόδοξον
567 1755 765 1821 πίστιν,
798 1756 891 1809 καὶ
931 1762 1204 1810 κοινωνεῖν
1246 1759 1428 1820 αὐτοῖς
1471 1759 1527 1811 ἔν
1563 1777 1622 1811 τε
1664 1778 1831 1832 προσ-

1959 596 1978 630 ι
2016 594 2098 631 me
2159 581 2446 635 vocationis
2503 581 2687 633 brabio
2759 593 2784 622 α
2841 583 3151 652 dignentur.
3208 585 3419 642 Etenim
3444 607 3519 644 st.-

1950 687 1968 719 ι
2005 670 2160 736 ριὶεε,
2192 671 2390 739 inquit,
2418 672 2569 724 cadet
2588 672 2769 741 justus
2786 682 2833 726 et
2866 685 3100 743 resurget
3134 676 3189 741 ὃς
3227 678 3372 746 quod
3401 697 3517 749 ιιυι⁸

1948 776 1964 809 ι
2008 761 2130 815 dem
2163 761 2209 814 si
2232 776 2421 815 omnes
2454 777 2671 831 quoque
2704 763 2843 831 lapsi
2872 763 3152 828 fecissent,
3184 768 3515 834 perfectissia

1947 868 1965 898 ι
1999 864 2140 903 mam
2167 862 2218 904 et
2248 860 2360 905 toto
2391 844 2556 906 corde
2579 860 2888 923 susceptam
2916 858 3292 924 pwnitentiam
3323 870 3511 915 osten-

1947 958 1964 989 ι
2006 940 2237 995 disserit.
2280 960 2299 992 ›
3104 930 3109 935 ’

2012 1031 2171 1086 bus.
2204 1031 2433 1097 Quidam
2459 1034 2708 1103 tyrannis
2739 1034 2904 1089 delati
2955 1044 3007 1089 et
3039 1038 3239 1106 proditi
3275 1039 3510 1106 fuerant,

1937 1123 2022 1175 vel
2079 1124 2242 1176 etiam
2290 1124 2390 1199 ipsi
2424 1125 2662 1194 seipsos
2723 1127 2831 1181 illis
2883 1136 3078 1197 sponte
3126 1132 3511 1188 tradiderant:

1937 1212 2063 1264 victi
2089 1221 2267 1265 autem
2293 1214 2582 1267 tormentis
2603 1215 2920 1269 testimonio
2950 1216 3270 1271 exciderunt
3303 1237 3315 1271 :
3359 1220 3514 1274 dein-

1940 1302 2004 1354 de
2035 1316 2158 1354 cum
2219 1303 2540 1370 paenitentia
2574 1304 2721 1359 ducti
2766 1314 2967 1367 essent,
3027 1316 3079 1361 et
3132 1307 3275 1378 quod
3308 1310 3509 1364 bonum

1935 1404 2040 1454 est,
2069 1393 2439 1462 agnovissent,
2469 1409 2527 1448 se
2547 1410 2670 1450 esse
2698 1394 3045 1453 Christianos
3068 1399 3308 1455 confessi
3342 1411 3505 1469 sunt;

1937 1483 2071 1537 adeo
2101 1491 2159 1536 ut
2213 1483 2267 1536 in
2298 1484 2605 1538 custodiam
2664 1487 2925 1555 conjecti,
2992 1499 3259 1545 tormenta
3292 1509 3509 1563 quoque

1936 1573 2317 1628 sustinuerint.
2344 1572 2453 1629 Eos
2488 1589 2619 1643 ergo
2654 1564 2872 1644 aequum
2915 1589 3103 1634 censet
3144 1591 3368 1635 sanctus
3409 1582 3503 1636 la:-

1936 1663 2072 1716 tanti
2108 1664 2289 1717 animo
2340 1663 2642 1732 suscipere,
2701 1674 2757 1720 et
2816 1667 2883 1719 ad
2937 1668 3093 1723 fidem
3145 1670 3504 1726 orthodoxam

1934 1752 2279 1816 conﬁrmare,
2315 1761 2367 1808 et
2400 1755 2482 1809 eis
2545 1759 2953 1812 communicare
2983 1766 3038 1812 ct
3081 1759 3137 1812 in
3163 1762 3505 1817 orationibus

257 1847 445 1913 τυχαϊς
476 1844 569 1897 καὶ
608 1847 672 1915 τῇ
709 1845 1006 1915 μεταλήψει
1051 1846 1156 1898 τῶν
1189 1846 1562 1915 ἀγιασμάτων,
1599 1849 1691 1900 καὶ
1740 1849 1823 1902 διὰ

1936 1849 1989 1895 et
2019 1851 2489 1898 sacramentorum
2515 1845 2954 1914 participatione,
2995 1847 3282 1916 verbisque
3312 1848 3506 1902 adboro

257 1932 416 2002 λόγου
450 1936 813 2004 παρακαλεῖν,
846 1937 931 1988 ἵνα
974 1937 1108 2007 πρὸς
1142 1939 1232 1990 τὸν
1263 1937 1447 2003 ἀγῶνα
1480 1938 1826 2012 εὐτονώτεροι

258 2026 560 2090 γένωνται,
607 2026 699 2078 καὶ
741 2024 1115 2090 καταξιωθῶσι
1158 2027 1256 2096 τῆς
1306 2028 1625 2098 ἐπουρανίου
1671 2030 1826 2099 βασι-

255 2115 425 2178 λείας.
459 2117 574 2168 Ἵνα
602 2116 658 2169 δὲ
689 2116 783 2187 μὴ,
812 2116 944 2169 διότι
972 2117 1311 2183 πεπτώκασι,
1338 2116 1661 2189 νομίζωνται
1687 2133 1827 2174 τισιν

255 2206 492 2269 αδεκτοι,
527 2205 720 2274 ἐπάγει
748 2207 841 2258 καὶ
883 2206 1184 2275 μαρτυρίαν
1212 2208 1317 2260 ἀπὺ
1346 2206 1443 2278 τῆς
1478 2209 1717 2280 Γραφῆς,
1743 2211 1822 2261 τόο

266 2294 564 2359 Ἑπτάκις,
592 2294 711 2348 ἀντὶ
746 2296 863 2358 τοῦ,
899 2295 1175 2359 πολλάκις,
1209 2299 1473 2351 πεσεῖται
1507 2303 1540 2352 ὁ
1576 2298 1822 2365 δίκαιος,

257 2385 358 2437 καὶ
394 2384 821 2448 ἀναστήσεται.
851 2384 1020 2437 Τοῦτο
1050 2385 1137 2447 δὲ,
1184 2389 1346 2456 φησὶν
1365 2427 1378 2449 ,
1410 2391 1458 2441 εί
1507 2391 1599 2443 καὶ
1627 2390 1827 2454 πάντες

254 2476 307 2527 οἱ
334 2476 432 2543 τῆς
460 2473 746 2545 ὁμολογίας
778 2476 1192 2542 ἐκπεπτωκότες
1216 2480 1497 2550 ἐποίησαν,
1526 2482 1585 2534 τὸ
1613 2482 1826 2535 ἀναπαι-

254 2564 439 2619 λαῖσαι
462 2566 561 2635 τὴν
592 2565 817 2629 πτῶσιν,
849 2567 941 2618 καὶ
968 2566 1195 2620 ἐνώπιον
1237 2568 1345 2622 τῶν
1387 2573 1664 2642 τυράννων
1694 2573 1827 2643 Χριο

256 2656 506 2719 στιανοὺς
533 2656 862 2731 ὁμολογῆσαι
896 2657 1138 2721 ἑαυτοὺς,
1180 2659 1506 2726 ἐνεδείξαντο
1533 2659 1599 2714 ἂν
1620 2660 1825 2714 τελειοι·

253 2747 427 2818 τάτην
456 2748 758 2818 μετάνοιαν.
791 2749 1030 2820 Διαφορὰ
1059 2749 1189 2817 γοῦν
1213 2751 1326 2802 ἐστι
1357 2750 1465 2803 τῶν
1488 2752 1546 2803 ὲν
1572 2750 1650 2821 τῷ
1681 2770 1824 2823 παρ-ο

252 2840 367 2892 όντι
420 2839 607 2893 κανόνι
663 2839 1055 2910 διειλημμένων
1107 2840 1200 2893 καὶ
1245 2842 1353 2893 τῶν
1396 2844 1453 2896 ὲν
1495 2842 1570 2911 τῷ
1624 2842 1824 2914 πρώτῳ

252 2932 442 2985 κανόνι
475 2932 877 3003 περιεχομένων
920 2932 1055 3003 αὕτη
1077 2973 1091 2995 ,
1135 2933 1213 2984 ὃτι
1246 2934 1360 2985 ἐκεῖ
1386 2933 1481 3003 μὲν
1519 2936 1566 2985 οἱ
1607 2933 1694 2987 διὰ
1724 2934 1823 2998 τὰς

254 3020 524 3091 βασάνους
568 3020 981 3083 ἐκπεπτωκότες
1025 3021 1085 3072 οὐ
1122 3022 1568 3091 μετεστράφησαν
1596 3020 1823 3076 ἐνώπιον

249 3112 364 3166 τῶν
398 3112 675 3182 τυράννων
721 3113 799 3174 είς
833 3111 929 3181 τὴν
963 3111 1248 3181 ὁμολογίαν
1298 3111 1397 3181 τῆς
1429 3113 1695 3176 πίστεως·
1734 3116 1821 3167 ὲν-
1849 3152 1891 3210 C

250 3202 430 3256 ταῦθα
459 3203 519 3255 δὲ
556 3204 603 3255 οἱ
649 3201 1059 3264 ἐκπεπτωκότες
1100 3202 1187 3255 διὰ
1216 3201 1498 3271 βασάνους,
1529 3204 1589 3269 ἐξ
1615 3205 1818 3271 ἀγαθοῦ

255 3292 563 3376 μεταμέλοι)
608 3294 702 3345 ἐπὶ
730 3293 837 3346 τῶν
870 3294 1142 3362 τυράννων
1183 3295 1275 3345 τὸν
1307 3293 1508 3365 Κύριον
1544 3296 1823 3368 ὡμολόγη-

253 3400 373 3449 σαν,
404 3384 499 3437 καὶ
528 3383 615 3436 διὰ
640 3382 797 3436 τοῦτο
829 3382 950 3435 οὐδὲ
986 3382 1288 3451 λογίζονται
1318 3386 1592 3439 ἐκπεσεῖν.

322 3496 564 3550 ΖΩΝΛΡ.
606 3494 673 3549 Εἴ
710 3512 851 3558 τινες
881 3496 957 3561 δὲ,
999 3496 1150 3565 φησι,
1197 3496 1680 3567 προσηγγέλθησαν
1728 3498 1820 3549 καὶ

250 3585 625 3659 παρεδόθησαν
648 3587 762 3649 τοῖς
795 3582 1166 3656 τυραννοῦσιν,
1190 3584 1223 3655 ἦ
1252 3586 1402 3637 αὐτοὶ
1431 3586 1656 3649 ἑαυτοὺς
1679 3595 1818 3656 παρ-

249 3672 457 3731 έδωκαν
476 3714 492 3739 ,
547 3675 640 3729 καὶ
667 3673 1052 3728 ὲκπεπτώκασι
1081 3676 1176 3746 τῆς
1211 3676 1529 3746 μαρτυρίας,
1563 3672 1820 3746 ἡττηθέν-

245 3781 339 3831 τες
374 3767 485 3822 τῶν
543 3766 849 3831 κολάσεων,
907 3767 1000 3819 καὶ
1050 3765 1124 3837 μὴ
1151 3765 1407 3837 φέροντες
1453 3765 1552 3829 τὰς
1594 3766 1652 3818 ὲν
1701 3762 1819 3830 ταῖς

246 3857 519 3928 φυλακαῖς
558 3856 852 3926 κακουχίας
891 3857 985 3909 καὶ
1024 3856 1123 3919 τὰς
1154 3855 1438 3924 βασάνους,
1467 3851 1583 3908 εἶτα
1614 3856 1816 3909 ἀνεπά-

242 3949 440 4004 λαισαν
464 3949 565 4019 τὴν
599 3947 823 4011 πτῶσιν,
860 3947 955 4000 καὶ
994 3945 1351 4016 ὡμολόγησαν
1396 3941 1532 3998 εἶναι
1562 3946 1818 4015 Χριστια-

242 4041 344 4106 νοὶ,
387 4039 531 4094 ὥστε
564 4039 657 4092 καὶ
683 4039 761 4101 εἰς
791 4037 1035 4107 φυλακὰς
1065 4036 1399 4106 ἐμϐληθῆναι
1427 4038 1521 4090 καὶ
1555 4036 1816 4106 βασάνους

241 4130 573 4197 ὑποστῆναι·
621 4130 747 4193 τοὺς
802 4127 1074 4191 τοιούτους
1121 4125 1339 4195 εὔλογον
1390 4128 1564 4198 κρίνει
1594 4130 1622 4181 ό
1664 4129 1815 4197 ἅγιος

243 4218 386 4289 μετὰ
425 4216 692 4288 θυμηδίας
733 4215 1015 4286 δέχεσθαι,
1063 4215 1157 4268 καὶ
1189 4214 1497 4285 ἐπισχύειν,
1549 4216 1668 4269 ἀντὶ
1696 4217 1811 4282 τοῦ,

236 4306 654 4381 ὲπιρρωννύειν,
689 4305 1016 4376 ἐνδυναμοω
1063 4306 1156 4359 καὶ
1202 4306 1639 4379 παραθαρρύνειν
1679 4311 1814 4382 πρὸς

236 4399 338 4472 τὴν
364 4398 652 4469 ὁμολογίαν
671 4414 684 4426 ·
725 4397 819 4450 καὶ
849 4398 1121 4449 κοινωνεῖν
1158 4398 1341 4460 αὐτοῖς
1367 4400 1423 4451 ἐν
1452 4401 1636 4464 πᾶσιν,
1668 4401 1724 4454 ἕν
1752 4419 1837 4459 τε,

1936 1934 2037 1987 tari
2071 1942 2131 1989 ut
2160 1935 2272 1990 sint
2314 1936 2381 1991 ad
2414 1945 2691 1990 certamen
2736 1939 3158 2005 constantiores,
3209 1946 3261 1992 et
3292 1940 3501 1994 cielesti

1932 2039 2100 2094 regno
2157 2024 2307 2096 digni
2352 2027 2681 2082 habeantur.
2742 2026 2819 2082 Ne
2875 2036 3053 2082 autem
3087 2044 3153 2083 eo
3184 2028 3329 2097 quod
3362 2029 3501 2098 lapsi

1932 2123 2095 2179 sunt,
2140 2117 2366 2172 minime
2396 2119 2737 2189 suscipiendi
2781 2118 3088 2181 videantur,
3132 2120 3499 2173 testimonium

1930 2221 2149 2276 quoque
2180 2222 2248 2262 ex
2281 2206 2563 2309 Scripturat
2591 2210 2824 2274 inducit,
2855 2211 3002 2279 quod
3044 2219 3144 2309 est,
3179 2210 3403 2277 Septies,
3443 2211 3498 2309 id

1929 2304 2012 2350 est
2045 2311 2206 2365 saepe,
2247 2298 2398 2351 cadet
2426 2298 2602 2361 justus
2641 2309 2691 2352 et
2741 2309 2994 2369 resurget.
3052 2298 3167 2355 Hoc
3198 2309 3427 2365 autem,
3450 2299 3499 2354 si

1928 2386 2116 2450 etiam,
2150 2387 2349 2457 inquit,
2381 2405 2572 2445 onmes
2599 2390 2691 2459 qui
2723 2405 2752 2443 a
2777 2389 3121 2445 confessione
3148 2389 3490 2451 exciderunt,

1928 2475 2208 2540 fecissent,
2240 2485 2298 2531 ut
2319 2479 2531 2533 scilicet
2586 2480 2723 2548 lapsi
2765 2481 3187 2544 reluctarentur,
3223 2488 3277 2534 et
3308 2494 3368 2535 se
3396 2495 3492 2535 co-

1928 2580 2045 2618 ram
2092 2568 2346 2638 tyrannis
2395 2568 2738 2623 Christianos
2775 2569 3099 2633 faterentur,
3155 2569 3495 2638 perfectissi-

1926 2671 2071 2709 mam
2097 2636 2469 2725 pmniten‘iam
2496 2660 2886 2714 ostendissent.
2914 2636 3180 2714 Differunt
3221 2676 3350 2730 ergo
3373 2680 3493 2733 qua:

1925 2743 1981 2796 in
2033 2742 2136 2798 hoc
2188 2760 2398 2800 canone
2438 2747 2833 2815 comprehensa
2889 2756 3039 2810 sunt,
3091 2751 3159 2802 ab
3198 2750 3266 2805 iis
3292 2768 3410 2821 qua-
3435 2754 3490 2808 in

1927 2833 2099 2901 primo
2152 2848 2363 2890 canone
2391 2835 2761 2901 continentur,
2806 2839 2951 2906 quod
2996 2839 3107 2892 illic
3131 2842 3348 2908 quidem
3397 2846 3490 2913 qui

1923 2928 2140 2989 propter
2168 2931 2435 2977 tormenta
2468 2924 2603 2993 lapsi
2636 2936 2782 2991 sunt,
2821 2926 2889 2980 ad
2918 2928 3275 2983 confitendam
3306 2946 3490 2984 coram

1922 3013 2169 3080 tyrannis
2213 3014 2370 3066 fidem
2402 3028 2745 3084 nequaquam
2775 3018 3024 3072 conversi
3075 3026 3240 3073 sunt:
3278 3021 3363 3075 hic
3392 3037 3490 3075 au-

1923 3108 2031 3156 tem
2058 3103 2151 3171 qui
2178 3103 2397 3173 propter
2453 3111 2725 3160 tormenta
2772 3107 2909 3176 lapsi
2944 3119 3093 3172 sunt,
3116 3126 3184 3162 ex
3210 3111 3349 3164 bona
3372 3126 3491 3181 pm-

1922 3192 2151 3246 nitentia
2175 3193 2278 3247 sub
2307 3196 2553 3264 tyrannis
2579 3194 2867 3250 Dominum
2890 3196 3125 3252 confessi
3154 3208 3319 3265 sunt;
3358 3215 3487 3269 pte-

1923 3291 2103 3352 pterea
2132 3299 2308 3355 neque
2362 3287 2628 3342 cecidisse
2651 3287 2986 3356 iudicantur.-

1990 3485 2192 3539 Zousu.
2228 3486 2285 3541 Si
2319 3488 2409 3555 qui
2444 3502 2594 3553 vero,
2654 3489 2849 3558 inquit,
2899 3491 2962 3547 ad
3025 3500 3286 3564 tyrannos
3321 3493 3485 3549 delati

1919 3589 1982 3629 ac
2006 3578 2203 3644 proditi
2236 3587 2384 3641 sunt,
2417 3580 2501 3632 vel
2529 3580 2632 3647 ipsi
2665 3596 2785 3635 sese
2820 3584 2954 3650 ipsis
3017 3584 3363 3650 dediderunt,
3390 3601 3486 3640 ex-

1920 3665 2276 3736 cideruntque
2309 3683 2338 3720 a
2368 3668 2683 3724 testimonio
2712 3671 2763 3724 vi
2793 3681 3193 3728 tormentorum
3218 3678 3482 3745 superati,

1916 3770 2019 3811 nec
2047 3771 2317 3812 aerumnas
2342 3759 2542 3827 quibus
2581 3759 2639 3813 in
2686 3775 2908 3816 carcere
2932 3762 3330 3819 atllictabantur
3362 3782 3485 3822 cru-

1916 3849 2202 3918 ciatusque
2229 3849 2600 3918 perferentes;
2640 3868 2765 3906 mox
2814 3865 3067 3909 revocato
3096 3858 3394 3913 certamine
3422 3874 3483 3914 se

1915 3939 2254 3996 Christianos
2283 3955 2407 3996 esse
2441 3941 2682 3996 confessi
2712 3950 2859 4005 sunt,
2879 3959 2943 3998 ex
2972 3958 3080 4011 quo
3103 3951 3157 3997 et
3182 3945 3237 3997 in
3267 3946 3482 4000 vincula

1915 4031 2171 4100 coniecti,
2204 4038 2257 4085 et
2288 4032 2628 4088 cruciatibus
2660 4041 2790 4088 sunt
2816 4033 2991 4088 affecti
3025 4052 3039 4087 :
3074 4035 3341 4103 ejusmodi
3377 4037 3480 4090 ho-

1915 4123 2090 4178 mines
2113 4136 2237 4176 cum
2296 4124 2661 4179 exsultatione
2701 4126 2876 4193 excipi
2922 4134 3145 4180 sanctus
3169 4125 3258 4179 hic
3282 4127 3480 4180 rationi

1914 4220 2341 4268 censentaneum
2361 4213 2572 4282 iudicat
2598 4232 2611 4269 :
2636 4222 2751 4269 tum
2779 4215 3037 4287 roborare
3060 4216 3230 4284 ipsos,
3251 4216 3353 4269 hoc
3371 4225 3476 4279 est,

1916 4302 2083 4365 vires,
2111 4304 2342 4368 animos,
2373 4304 2729 4374 fiduciamque
2751 4305 2949 4360 addere
2963 4321 3070 4375 quo
3100 4306 3485 4375 profiterentur

1914 4391 2107 4456 ﬁdem;
2136 4404 2199 4445 ac
2216 4383 2424 4447 eisdem
2454 4394 2509 4447 in
2532 4393 2788 4448 omnibus
2811 4393 3238 4456 communicare,
3276 4400 3389 4447 tam
3424 4393 3483 4447 in

238 4493 569 4563 προσευχαῖς
598 4489 691 4542 καὶ
724 4490 790 4558 τῇ
837 4486 1132 4557 μεταλήψει
1159 4486 1265 4539 τῶν
1300 4489 1669 4559 άγιασμάτων,
1717 4492 1810 4545 καὶ

1928 4483 2344 4550 precationibus,
2363 4494 2477 4537 tum
2504 4485 2560 4539 in
2589 4484 2939 4555 perceptione
2972 4494 3475 4550 sacramentorum,

236 4581 327 4636 δια
377 4578 540 4645 λόγου
592 4575 960 4648 παρακαλεῖν,
1004 4575 1119 4644 ἦτοι
1169 4575 1451 4647 διεγείρειν
1490 4578 1685 4642 αὐτοὺς
1731 4581 1811 4642 εἰς

234 4673 335 4745 τὴν
379 4669 723 4745 μαρτυρίαν,
775 4666 863 4718 ἵνα
915 4665 1051 4736 πρὸς
1094 4665 1184 4717 τὸν
1233 4664 1418 4733 ἀγῶνα
1463 4668 1808 4740 εὑτονώτεροι

236 4740 522 4830 γένωνται,
560 4740 669 4810 καί
694 4755 793 4824 τῆς
821 4753 1147 4824 ἐπουρανίου
1183 4751 1455 4823 βασιλείας
1482 4754 1800 4816 ἀξιωθῶσιν.

239 4853 357 4908 Ἵνα
390 4851 447 4904 δὲ
486 4847 581 4920 μὴ,
614 4846 745 4899 διότι
794 4842 1113 4897 πεπτώκασι
1162 4843 1454 4906 θύσαντες,
1482 4844 1805 4915 νομίζωνται

235 4961 375 4998 τισιν
402 4942 636 5003 ἄδεκτοι,
668 4937 861 5005 ἐπάγει
888 4936 981 4989 καὶ
1015 4935 1317 5006 μαρτυρίαν
1346 4937 1408 4987 ὲκ
1434 4935 1534 5004 τῆς
1560 4936 1802 5007 Γραφῆς,

237 5034 314 5088 τό·
341 5029 634 5095 Ἐπτάκις,
656 5027 775 5080 ἀντὶ
799 5025 914 5087 τοῦ,
928 5025 1207 5089 πολλάκις,
1226 5025 1491 5078 πεσεῖται
1511 5025 1802 5094 όδίκαιος,

237 5124 333 5180 καὶ
370 5119 797 5186 ἀναστήσεται.
828 5115 999 5170 Τοῦτο
1037 5114 1115 5178 δὲ,
1155 5115 1347 5187 φησὶν,
1380 5117 1431 5168 εί
1479 5117 1573 5168 καὶ
1605 5116 1802 5180 πάντες

231 5218 281 5269 at
313 5214 414 5285 τῆς
440 5210 727 5282 ὁμολογίας
754 5206 1165 5270 ἐκπεπτωκότες
1192 5206 1472 5277 ἐποίησαν,
1503 5206 1563 5258 τὸ
1595 5208 1789 5262 ἀναπα-

232 5306 417 5359 λαίσαι
448 5301 546 5372 τὴν
581 5300 807 5365 πτιῖισιν,
846 5298 939 5352 καὶ
962 5295 1190 5350 ἐνώπιον
1219 5297 1324 5348 τῶν
1350 5296 1626 5365 τυράννων
1664 5299 1801 5370 Χρι-

237 5392 483 5455 στιανοὺς
520 5388 850 5460 ὁμολογῆσαι
883 5372 1501 5449 ἑαυτοὺςίάνεδείξαντο
1537 5384 1602 5458 [Ῑ.
1634 5387 1800 5459 heir]

234 5487 299 5540 ἂν
322 5480 671 5549 τελεωτάτην
706 5478 1016 5549 μετάνοιαν.

336 5716 360 5744 ⁸
390 5715 617 5780 Philipp.
646 5729 729 5777 ιιι,
768 5714 850 5769 Η.
929 5708 956 5755 Β
994 5709 1146 5770 Prov.
1181 5734 1322 5775 xxnv.
1360 5719 1441 5774 l6.

523 5815 793 5873 l’s'ruoc.
836 5818 951 5875 (in.
1004 5815 1416 5880 CXXXHH.

1916 4573 2210 4640 verbisque
2240 4573 2537 4639 adhortari,
2570 4574 2675 4627 hoc
2703 4580 2806 4634 est,
2850 4574 3004 4642 ipsos
3023 4574 3089 4628 ad
3110 4574 3474 4629 exhibendum

1917 4661 2039 4717 ﬁdei
2069 4664 2440 4717 testimonium
2471 4664 2728 4726 excitare,
2759 4670 2818 4716 ut
2852 4667 3254 4720 constantiores
3279 4667 3390 4719 sint
3418 4666 3475 4719 in

1911 4755 2228 4819 certamine,
2261 4768 2326 4808 ac
2345 4753 2558 4808 cmlesti
2588 4767 2753 4822 regno
2786 4754 2933 4823 digni
2947 4752 3471 4808 babeanturNerum

1910 4859 1980 4897 ne
2009 4855 2075 4897 ex
2114 4857 2179 4898 eo
2211 4844 2355 4917 quod
2381 4844 2518 4913 lapsi
2540 4852 2668 4897 sunt
2705 4844 3102 4905 sacriﬁcantes,
3134 4845 3282 4897 nullo
3313 4846 3474 4900 modo
3514 4870 3519 4875 ·

1911 4934 2226 4991 admittendi
2251 4936 2320 4991 ab
2352 4936 2629 5004 aliquibus
2657 4936 3055 5002 existimentur,
3099 4935 3473 4990 testimonium

1911 5040 2130 5096 quoque
2157 5027 2289 5082 illud
2314 5042 2381 5081 ex
2409 5027 2582 5081 sacris
2613 5027 2810 5082 litteris
2838 5026 3043 5097 profert
3069 5044 3082 5081 :
3112 5025 3333 5093 Septies,
3367 5026 3473 5080 hoc

1912 5123 1994 5170 est
2029 5118 2248 5186 sacpius,
2280 5118 2429 5171 cadet
2448 5117 2648 5185 justus,
2685 5135 2747 5172 ac
2780 5127 3032 5188 resurget.
3058 5117 3169 5173 lloc
3197 5132 3346 5179 vero,
3391 5117 3471 5170 in-

1910 5207 2050 5275 quit,
2105 5208 2153 5262 si
2210 5206 2300 5260 alii
2350 5223 2541 5263 omnes
2587 5209 2747 5277 quia
2775 5208 3123 5264 confessione
3152 5208 3476 5261 exciderint

1911 5296 2190 5362 fecissent,
2228 5306 2288 5351 ut
2316 5307 2439 5367 post
2489 5299 2698 5368 lapsum
2734 5307 3012 5353 certamen
3055 5306 3375 5368 repeterent,
3408 5312 3473 5353 ac

1911 5403 1969 5443 se
2002 5388 2148 5456 ipsos
2179 5404 2359 5442 coram
2385 5398 2631 5460 tyrannis
2683 5391 3022 5445 Christianos
3069 5390 3470 5460 profiterentur,

1911 5479 2217 5534 absolutam
2254 5481 2627 5550 paenitentiam
2662 5480 3078 5537 iudicavissent.

2411 5576 2437 5603 κ

3081 5817 3154 5879 18
