3944 6418
344 350 450 415 495

1568 361 1845 421 TlIEOD.
1879 358 2111 420 BALSA
2123 359 2278 422 MON
2482 357 2516 375 “’

3461 370 3558 434 496

351 496 618 551 calorum,
644 496 911 544 tormenta
930 490 1188 545 nimirum
1211 507 1331 562 qua:
1355 507 1383 544 a
1400 492 1643 563 tyrannis
1671 491 1911 546 inferun-

2016 492 2105 555 τὰς
2136 492 2199 545 ἐκ
2224 491 2330 546 τῶν
2352 494 2621 563 τυράννων
2656 492 2895 563 δηλονότι
2925 491 3189 553 κολάσεις.
3228 491 3364 545 Ἀλλ’
3396 497 3444 546 εί
3468 495 3556 548 καὶ

341 592 458 636 tur.
492 581 596 635 Sed
618 583 871 651 quamvis
896 593 1119 637 accuset
1150 597 1245 637 eos
1276 584 1368 651 qui
1406 584 1505 636 hoc
1538 582 1695 635 modo
1727 598 1784 636 se
1816 597 1908 652 ge-

351 679 498 733 runt,
533 672 666 741 ipsis
688 679 870 727 tamen
895 686 924 726 a
956 672 1207 728 ﬁdelibus
1238 672 1752 727 communicandum
1786 686 1909 726 esse

346 762 611 825 decernit,
643 762 788 832 quod
821 763 876 817 in
910 764 1129 818 nomine
1158 762 1357 817 Christi
1379 763 1445 817 ad
1471 762 1572 815 hoc
1598 760 1865 831 prodeunt
1891 779 1902 814 :

348 849 575 906 ﬁdentes
603 851 853 906 videlicet
890 851 1130 916 Christo,
1167 859 1260 905 aut
1296 851 1350 905 in
1380 851 1499 918 ejus
1544 848 1765 903 nomine
1803 848 1906 903 sibi

348 946 622 995 certamen
651 941 1008 1011 deposcentes
1042 960 1056 1007 ;
1106 940 1318 997 etiamsi
1351 940 1490 994 forte
1529 939 1672 992 illius
1704 953 1906 1006 prince-

348 1031 521 1101 ptioni
545 1031 725 1087 minus
758 1033 1148 1101 obtemperent,
1171 1032 1419 1085 docentis
1437 1037 1616 1098 petere
1647 1044 1713 1083 ne
1735 1036 1908 1081 tente-

346 1135 487 1184 mur,
528 1123 611 1175 vel
639 1122 800 1175 etiam
825 1122 1075 1191 ignorent
1100 1121 1384 1175 Dominum
1418 1119 1712 1175 secessisse
1734 1119 1801 1172 ab
1824 1119 1908 1171 iu-

345 1214 696 1268 sidiatoribus
719 1213 855 1280 suis,
889 1215 1216 1282 solitumque
1269 1211 1562 1281 aliquando
1591 1226 1699 1263 non
1729 1210 1907 1279 palam

344 1302 712 1369 deambulare,
745 1318 844 1357 nec
883 1319 941 1358 se
981 1303 1157 1373 ipsum
1180 1302 1486 1373 prodidisse
1523 1309 1581 1354 ut
1611 1292 1907 1369 pateretur,

342 1409 528 1449 verum
555 1396 622 1449 ab
646 1395 769 1449 aliis
794 1396 1070 1465 proditum
1098 1411 1113 1461 ;
1148 1394 1579 1463 praecepisseque
1605 1391 1903 1461 discipulis,

343 1492 401 1539 ut
429 1500 539 1555 quo
571 1492 815 1555 tempore
868 1486 994 1539 illos
1039 1484 1246 1538 inimici
1298 1485 1726 1545 insectarentur,
1759 1481 1909 1550 fuge-

344 1581 462 1629 rent
489 1589 519 1628 e
545 1573 769 1629 civitate
804 1574 857 1627 in
884 1574 1298 1635 eivitatem,nec
1314 1587 1374 1626 se
1401 1572 1548 1641 ipsos
1575 1572 1719 1625 ultro
1738 1577 1910 1624 torto-

345 1662 495 1716 ribus
535 1661 835 1723 traderent,
893 1675 962 1715 ne
1011 1660 1261 1729 pluribus
1291 1674 1351 1714 se
1376 1656 1617 1712 caedibus
1645 1656 1910 1710 contami-

344 1752 507 1806 nandi
536 1766 758 1807 causam
785 1750 920 1821 ipsis
980 1750 1305 1821 praeberent,
1336 1763 1431 1804 eos
1457 1750 1603 1804 velut
1632 1747 1932 1816 irritantes.

2012 583 2249 636 αἰτιᾶται
2270 583 2394 645 τοὺς
2415 582 2585 647 οὕτως
2611 583 2907 645 ποιοῦντας,
2928 585 3197 635 κοινωνεῖν
3222 583 3355 647 τέως
3381 584 3555 649 αὐτοῖς

2010 672 2135 735 τοὺς
2162 674 2383 737 πιστοὺς
2410 673 2765 735 διατάττεται,
2790 675 2871 727 ὅτι
2900 675 2954 726 ἐν
2978 674 3195 744 ὀνόματι
3213 673 3304 725 τοῦ
3333 675 3557 744 Χριστου

2013 764 2371 835 παρέρχονται
2407 766 2485 826 είς
2516 766 2706 828 τοῦτο,
2738 765 3062 835 θαρροῦντες
3091 763 3288 832 δηλαδὴ
3321 763 3398 833 τῷ
3434 765 3562 835 Χριισ

2012 852 2139 923 στῷ,
2172 854 2204 923 ἤ
2234 854 2370 923 ὑπὲρ
2410 851 2502 905 τοῦ
2546 853 2804 923 ὀνόματος
2842 852 2933 905 τοῦ
2983 852 3216 923 Χριστοῦ
3260 852 3559 921 αἱρούμενοι

2010 943 2102 995 τὸν
2133 942 2348 1011 ἀγῶνα,
2381 944 2427 995 εί
2456 944 2594 1013 τάχα
2622 943 2716 995 καὶ
2742 944 2801 996 οὐ
2828 942 2966 995 κατά
2997 942 3093 1012 τὴν
3116 944 3323 994 ἐκείνου
3355 943 3559 996 ποιοῦσι

2008 1033 2370 1097 διδασκαλίαν,
2418 1034 2758 1097 διδάσκοντος
2802 1036 2970 1086 αἰτεῖν
3013 1034 3085 1103 μὴ
3129 1033 3557 1105 πειρασθῆναι,ἢ

2010 1124 2102 1175 καὶ
2133 1122 2438 1190 ἀγνοοῦσιν,
2470 1123 2596 1176 ὅτιό
2616 1123 2815 1193 Κύριος
2847 1123 3115 1192 ὑπεχώρει
3156 1122 3263 1174 ἀπὸ
3308 1122 3414 1174 τῶν
3444 1125 3560 1174 ὲπι-

2010 1213 2366 1267 δουλευόντων
2402 1212 2586 1282 αὐτῷ,
2633 1213 2727 1264 καὶ¹
2771 1212 2915 1265 ἐστιν
2952 1213 3039 1264 ὅτε
3083 1213 3174 1265 καὶ
3209 1212 3268 1264 ού
3323 1211 3562 1281 φανερῶς

2010 1306 2348 1377 περιεπάτει,
2390 1305 2484 1357 καὶ
2518 1306 2599 1357 ὅτι
2636 1304 2757 1357 οὐδὲ
2801 1304 2989 1357 ἑαυτὸν
3036 1304 3314 1374 παρέδωκε
3355 1302 3561 1367 παθεῖν,

2009 1398 2142 1450 ἀλλά
2172 1395 2438 1467 παρεδόθη
2459 1412 2471 1425 ·
2510 1397 2600 1448 καὶ
2642 1397 2699 1448 ὲν
2730 1394 2808 1465 τῷ
2838 1393 3127 1448 διώκεσθαι
3169 1396 3295 1456 τοὺς
3327 1392 3565 1463 μαθητὰς

2009 1487 2192 1551 αὐτοῦ,
2227 1487 2504 1552 διετάξατο
2552 1486 2771 1554 φεύγειν
2816 1486 2894 1549 εἰς
2945 1485 3096 1538 πόλιν
3121 1488 3186 1537 ἐκ
3224 1486 3451 1547 πόλεως,
3477 1484 3565 1537 καὶ

2013 1579 2086 1650 μὴ
2117 1578 2431 1647 αὐτομολεῖν
2475 1576 2609 1648 πρὸς
2652 1577 2778 1639 τοὺς
2818 1574 3104 1639 κολαστὰς,
3154 1575 3240 1626 ἵνα
3292 1574 3366 1644 μὴ
3410 1574 3565 1626 αῖτιοι

1986 1672 2187 1733 ἀὐτοῖς
2236 1670 2468 1736 γίνοιντο
2520 1667 2776 1720 πλειόνων
2829 1665 3037 1734 φόνων,
3080 1664 3266 1737 ῶσπερ
3322 1662 3562 1735 παραθή-

2007 1779 2192 1831 γοντες
2219 1760 2414 1822 αὐτοὺς
2444 1760 2523 1822 είς
2556 1757 2653 1821 τὰς
2699 1756 2840 1810 κατά
2864 1757 2972 1808 τῶν
3012 1754 3251 1807 εὐσεϐῶν
3283 1752 3564 1823 τιμωρίας.

344 1842 409 1895 ad
443 1842 709 1911 supplicia
740 1841 846 1910 piis
899 1840 1212 1895 hominibus
1270 1838 1582 1909 irroganda.
1633 1835 1909 1907 Aﬂertque

2016 1855 2117 1908 Καὶ
2146 1854 2269 1914 τοὺς
2311 1850 2639 1910 ἀποστόλους
2689 1847 2924 1917 παράγει
2975 1846 3050 1909 είς
3105 1844 3443 1919 ὑπόδειγμα,
3479 1841 3565 1893 τὸν

343 1935 714 2004 apostolorum
771 1933 1101 2001 exemplum,
1136 1930 1417 2001 Stephani,
1457 1928 1668 1995 Jacobi,
1716 1943 1781 1983 ac
1811 1945 1907 1984 su-

345 2040 650 2095 premorum
678 2023 886 2078 ordinis
918 2024 1000 2078 sui
1036 2037 1323 2092 procerum
1348 2020 1497 2077 Petri
1525 2029 1579 2074 et
1599 2018 1773 2074 Pauli.

958 2112 1186 2170 CANON
1225 2111 1294 2165 Χ.

419 2225 436 2252 ι
480 2204 634 2260 Unde
667 2221 774 2260 non
818 2215 901 2260 est
958 2219 1208 2273 arquum,
1250 2210 1308 2257 ut
1341 2203 1426 2258 vel
1470 2201 1651 2256 clerici
1682 2201 1773 2271 qui
1808 2215 1908 2255 sua

350 2317 367 2348 ι
419 2306 612 2366 sponte
634 2296 982 2366 aufugerunt,
1016 2295 1154 2364 lapsi
1181 2301 1359 2349 autem
1392 2302 1445 2349 et
1482 2293 1730 2347 reluctati
1759 2299 1907 2356 sunt,

350 2407 369 2439 ι
417 2388 651 2457 amplius
675 2387 727 2439 in
758 2401 917 2442 sacro
955 2386 1258 2438 ministerio
1291 2391 1567 2449 maneant,
1604 2390 1661 2436 ut
1684 2383 1776 2452 qui
1804 2380 1910 2434 Do-

352 2497 373 2529 ι
421 2478 559 2532 mini
611 2493 824 2548 gregem
856 2476 1198 2546 reliquerint,
1222 2483 1275 2529 et
1301 2490 1358 2530 se
1383 2475 1531 2543 ipsos
1570 2474 1910 2543 vituperave—

352 2590 371 2623 ι
418 2571 558 2625 rint:
589 2570 732 2640 quod
760 2570 945 2625 nullus
973 2567 1099 2622 fecit
1128 2583 1195 2621 ex
1226 2567 1510 2636 apostolis.
1551 2565 1763 2620 Etenim
1783 2578 1907 2617 cum

351 2680 373 2716 ι
417 2664 616 2717 multas
667 2661 1074 2731 persecutiones
1129 2659 1376 2723 obiisset,
1411 2668 1463 2713 et
1506 2658 1679 2712 multa
1733 2662 1910 2711 certa-

352 2771 372 2805 ι
400 2752 623 2813 ,minum
649 2751 868 2820 praemia
890 2750 1225 2806 ostendisset
1251 2749 1444 2804 beatus
1471 2748 1748 2818 apostolus
1765 2746 1910 2801 Pau-

350 2860 372 2894 ι
418 2842 524 2905 lus,
558 2843 737 2897 sciens
771 2857 892 2896 esse
913 2842 1069 2912 longe
1091 2841 1286 2896 melius
1338 2839 1554 2893 dissolvi
1582 2849 1631 2893 et
1653 2855 1765 2893 esse
1792 2854 1910 2891 cum

350 2953 371 2987 ι
420 2934 633 2990 Christo
682 2947 732 2998 ι,
766 2934 929 2988 infert
964 2942 1018 2987 et
1059 2932 1231 2986 dicit:
1273 2931 1338 2986 In
1365 2948 1523 2985 carne
1575 2939 1749 2984 autem
1795 2947 1911 2984 ma-

348 3043 371 3077 ε
418 3042 556 3089 nere,
592 3026 761 3095 magis
790 3025 1141 3080 necessarium
1159 3034 1372 3092 propter
1392 3039 1501 3079 vos.
1540 3022 1909 3080 Cousiderans

352 3132 372 3165 ι
414 3118 557 3169 enim
587 3130 694 3168 non
724 3129 900 3178 suam,
939 3115 1031 3168 sed
1056 3115 1348 3168 multorum
1380 3116 1690 3180 utilitatem,
1718 3123 1777 3171 ut
1797 3131 1912 3191 ser-

349 3221 371 3255 ι
415 3211 631 3267 ventur,
666 3204 840 3275 magis
869 3219 1032 3273 quam
1057 3219 1211 3258 suam
1242 3205 1501 3274 quietem,
1532 3210 1909 3260 necessarium

2020 3231 2037 3263 ι
2078 3210 2210 3264 άλλά
2245 3211 2306 3263 τὸ
2334 3209 2440 3262 τῶν
2480 3208 2688 3261 πολλῶν
2733 3208 2819 3259 ἵνα
2851 3203 3092 3257 σωθῶσιν
3112 3242 3125 3266 ,
3156 3198 3570 3267 ἀναγκαιότερον
3653 3230 3656 3234 λ

353 3313 372 3346 ι
420 3295 772 3358 existimavit,
805 3295 945 3363 apud
976 3293 1171 3351 fratres
1229 3311 1468 3357 manere,
1510 3305 1564 3350 et
1598 3311 1785 3350 eorum
1815 3313 1912 3350 cu-

352 3404 373 3437 ι
418 3401 533 3441 ram
563 3402 770 3457 gerere.
798 3385 899 3452 Qui
939 3387 1100 3441 etiam
1128 3388 1243 3440 vult
1292 3402 1414 3442 eum
1445 3390 1536 3457 qui
1561 3387 1737 3451 docet,
1790 3402 1913 3443 esse

355 3497 373 3529 ι
423 3479 478 3532 in
512 3477 755 3531 doctrina
801 3477 1091 3546 exemplum
1127 3478 1153 3517 ιι
1188 3478 1456 3532 fidelibus.
1505 3470 1659 3531 Unde
1711 3482 1803 3546 qui
1856 3479 1912 3532 in

352 3588 373 3621 ι
423 3584 645 3645 carcere
670 3569 1081 3632 contendentes,
1106 3583 1135 3621 a
1164 3568 1470 3623 ministerio
1492 3569 1829 3628 exciderunt.
1859 3576 1915 3623 et

353 3682 373 3716 ι
416 3664 661 3719 reluctati
694 3672 839 3730 sunt,
872 3678 1067 3717 sensus
1097 3662 1257 3731 plane
1291 3668 1417 3715 sunt
1466 3668 1736 3731 expertes.
1768 3660 1915 3725 Quo-

354 3771 374 3805 ι
420 3752 580 3806 modo
605 3752 748 3806 enim
784 3758 973 3820 petunt
1025 3749 1170 3819 quod
1214 3749 1570 3819 reliquerunt,
1610 3765 1733 3803 cum
1768 3751 1821 3803 in
1851 3764 1912 3803 ea

355 3862 373 3895 ι
424 3850 742 3913 tempestate
790 3857 911 3895 esse
959 3847 1184 3910 possent
1232 3838 1494 3894 fratribus
1546 3838 1661 3894 suis
1704 3838 1919 3893 utiles?

356 3950 374 3983 ι
421 3930 672 3998 Quandiu
700 3928 883 3999 itaque
909 3928 1047 3982 firmi
1083 3928 1417 3996 stabilesque
1443 3926 1916 3992 manserunt,ejus

357 4042 375 4073 ι
425 4023 570 4093 quod
596 4030 790 4092 praeter
814 4020 1082 4073 rationem
1115 4020 1377 4078 fecerant,
1398 4020 1477 4074 eis
1490 4019 1645 4073 venia
1665 4019 1913 4072 dabatur.

358 4135 374 4161 ε
425 4113 655 4180 Quando
701 4120 883 4166 autem
936 4110 1071 4179 lapsi
1112 4121 1260 4173 sunt,
1297 4120 1356 4163 ut
1384 4111 1478 4178 qui
1530 4123 1811 4179 perperam
1859 4125 1918 4161 se

359 4228 376 4254 ι
430 4209 717 4273 gesserunt
739 4208 793 4256 et
816 4215 875 4255 se
896 4201 1045 4269 ipsos
1066 4200 1533 4269 vituperaverunt,
1565 4216 1670 4251 non
1691 4207 1919 4267 possunt

361 4315 384 4349 ι
418 4296 653 4365 amplius
682 4308 836 4349 sacra
861 4294 966 4364 ιθ
993 4291 1294 4345 ministeria
1325 4288 1585 4344 obire.Et
1618 4288 1738 4341 ideo
1764 4289 1933 4355 magis

364 4406 385 4440 ι
415 4403 600 4444 curam
633 4397 844 4457 gerant,
862 4382 1140 4455 quomodo
1170 4382 1222 4436 in
1256 4379 1567 4435 humilitate
1587 4378 1751 4432 vitam
1773 4393 1927 4446 pera—

2009 1946 2275 2012 Στέφανον
2298 1984 2312 2007 ,
2359 1942 2448 1994 τὸν
2489 1938 2775 2002 Ἰάκωΰον,
2809 1939 2904 1992 καὶ
2943 1938 3067 1998 τοὺς
3116 1931 3579 2007 κορυφαιοτάτους⁴

2008 2036 2214 2107 Πέτρον
2241 2034 2334 2088 καὶ
2357 2031 2587 2085 Παῦλον.

2623 2120 2862 2173 ΚΑΝΩΝ
2898 2122 2955 2173 I'.

2083 2237 2101 2269 ι
2139 2217 2296 2270 Ὅθεν
2320 2216 2394 2285 (5)
2422 2216 2520 2269 οὐκ
2542 2215 2685 2266 ἔστιν
2715 2212 2929 2279 εὔλογον
2958 2211 3077 2263 οὐδὲ
3099 2211 3221 2272 τοὺς
3246 2206 3353 2261 ἀπὸ
3376 2206 3566 2275 κλήρου

2016 2326 2032 2357 ι
2070 2306 2557 2377 αὐτομολήσαντας,
2605 2302 3023 2362 ἐκπεπτωκότας
3052 2318 3109 2352 τε
3149 2300 3245 2351 καὶ
3281 2295 3567 2351 ἀναπαλαί-

2013 2415 2033 2449 ι
2074 2413 2291 2460 σαντας,
2320 2397 2398 2449 ἔτι
2436 2398 2494 2449 ὲν
2526 2397 2590 2464 τῇ
2635 2392 2942 2463 λειτουργίᾳ
2977 2387 3110 2443 εἶναι
3131 2429 3144 2454 ,
3181 2390 3280 2443 ἅτε
3314 2388 3377 2458 δὴ
3409 2403 3568 2440 κατα·-

2014 2506 2033 2539 ‹
2070 2487 2361 2557 λείψαντας
2392 2485 2452 2538 τὸ
2478 2485 2727 2554 ποίμνιον
2760 2483 2966 2552 Κυρίου
3002 2482 3093 2533 καὶ
3139 2479 3569 2549 μωμησαμένους

2015 2598 2033 2630 ι
2072 2578 2290 2640 ἑαυτούς
2309 2594 2323 2607 ·
2348 2578 2483 2647 ὅπερ
2501 2574 2672 2637 οὐδεὶς
2692 2573 2799 2625 τῶν
2822 2571 3125 2625 ἀποστόλων
3154 2570 3445 2640 πεποίηκε.
3469 2567 3570 2618 Καὶ

2017 2686 2036 2717 ι
2075 2666 2183 2737 γὰρ
2213 2668 2241 2720 ὁ
2271 2665 2494 2726 πολλοὺς
2533 2662 2805 2733 διωγμοὺς
2842 2661 3102 2727 ἐξανύσας
3144 2660 3239 2727 (6),
3303 2655 3469 2710 πολλά
3497 2663 3569 2705 *σε

2016 2776 2035 2808 ι
2076 2753 2210 2810 ἆθλα
2236 2756 2626 2826 ἀγωνισμάτων
2656 2752 3043 2823 ἐνδειξάμενος,
3080 2753 3108 2802 ὁ
3140 2750 3411 2819 μακάριος
3441 2747 3569 2799 ἀπό·

2015 2869 2035 2903 ⁴
2073 2850 2254 2912 στολος
2276 2848 2321 2880 ⁸⁸
2358 2847 2601 2912 Παῦλος,
2645 2843 2898 2916 ἐγνωκώς
2928 2861 2987 2896 τε
3032 2843 3112 2895 ὃτι
3160 2840 3378 2893 κάλλιόν
3431 2839 3569 2889 ἐστιν

2016 2958 2037 2992 ι
2073 2938 2370 2994 ἀναλῦσαι
2416 2937 2509 2989 καὶ
2546 2936 2667 2989 σὺν
2709 2933 2938 3003 Χριστῷ
2970 2928 3143 2993 εἶναι,
3187 2929 3434 2996 ἐπιφέρει
3479 2923 3567 2975 καὶ

2018 3051 2037 3084 ι
2072 3031 2245 3098 λέγει·
2277 3029 2348 3083 Τὸ
2374 3028 2442 3081 δὲ
2468 3022 2757 3097 ἐπίμεῖναι
2794 3025 2868 3093 τῇ
2890 3023 3087 3092 σαρκὶ,
3116 3020 3569 3089 ἀναγκαιότερον

2019 3143 2037 3174 ι
2076 3124 2149 3176 δι’
2182 3122 2351 3191 ὑμᾶς.
2404 3119 2625 3172 Σκοπῶν
2656 3119 2764 3191 γὰρ
2813 3117 2872 3170 οὐ
2925 3115 2985 3168 τὸ
3030 3112 3221 3167 ἑαυτοῦ
3265 3107 3567 3178 συμφέρον,

2018 3320 2036 3353 ι
2075 3303 2172 3371 τῆς
2219 3298 2408 3353 ἑαυτοῦ
2460 3299 2816 3358 ἀναπαύσεως
2861 3295 3102 3365 ἡγήσατο
3139 3291 3199 3343 τὸ
3247 3286 3570 3360 παραμένειν

2018 3410 2035 3442 ι
2076 3395 2189 3455 τοῖς
2215 3390 2460 3458 ἀδελφοῖς
2485 3389 2579 3442 καὶ
2611 3385 2981 3458 ἐπιμελεῖσθαι
3008 3381 3204 3435 αὐτῶν.
3248 3382 3342 3442 Ὃς
3375 3374 3568 3431 καὶτὸν

2018 3501 2035 3534 ι
2072 3481 2385 3535 διδάσκοντα
2431 3480 2570 3533 θέλει
2604 3476 2738 3533 εἶναι
2784 3480 2853 3531 ὲν
2892 3476 2964 3544 τῇ
2998 3475 3359 3538 διδασκαλίᾳ
3390 3473 3569 3523 τύπον

2019 3593 2036 3625 ι
2073 3574 2354 3645 γινόμενον
2379 3572 2486 3625 τῶν
2516 3570 2737 3625 πιστῶν.
2765 3568 2927 3623 Ὅθεν
2964 3569 3012 3619 οἱ
3047 3568 3104 3618 ὲν
3133 3568 3199 3635 τῇ
3244 3565 3431 3634 εἱρκτῇ
3461 3563 3570 3612 ἐπι-

2019 3684 2037 3716 ι
2076 3662 2414 3734 δικαζόμενοι
2462 3662 2562 3731 τῆς
2607 3659 2945 3731 λειτουργίας
2995 3655 3438 3715 ἐκπεπτωκότες,
3485 3650 3572 3701 καὶ

2021 3776 2040 3808 ι
2082 3755 2583 3817 ἀναπαλαίσαντες,
2640 3751 2780 3805 πάνυ
2840 3746 3241 3818 ἀναισθητοῦσι.
3306 3744 3427 3806 Πῶς
3472 3742 3571 3808 γὰρ

2021 3868 2039 3900 ι
2076 3847 2311 3901 αἰτοῦσιν
2356 3846 2385 3899 ὃ
2436 3843 2791 3912 κατέλειψαν,
2840 3842 3123 3909 δυνάμενοι
3166 3841 3281 3901 τοῖς
3340 3834 3573 3902 ἀδελφοῖς

2020 3958 2039 3990 ι
2078 3938 2361 4009 εῦχρηστοι
2395 3932 2530 3989 εἶναι
2582 3937 2639 3988 ὲν
2682 3933 2858 4004 καιρῷ
2896 3931 3146 3999 τοιούτῳς
3184 3929 3328 3990 Ἕως
3364 3925 3457 3994 μὲν
3487 3917 3573 3974 οὖν

2023 4045 2040 4078 ι
2080 4026 2364 4079 ἀπταιστοι
2389 4020 2556 4095 ἦσαν,
2606 4021 2929 4092 συγγνώμην
2970 4015 3111 4087 εἶχον
3156 4017 3250 4068 ἐπὶ
3299 4018 3364 4084 τῇ
3407 4027 3574 4081 παρα-

2023 4138 2040 4168 ι
2078 4116 2221 4186 λόγῳ
2254 4116 2298 4147 ³⁸
2332 4113 2511 4169 αὐτῶν
2560 4112 2787 4184 πράξει·
2846 4111 2933 4162 ὅτε
2973 4109 3027 4161 δὲ
3070 4108 3333 4159 ἔπταισαν
3356 4143 3370 4168 ,
3399 4106 3471 4165 ὼς
3513 4098 3574 4153 ἂν

2023 4225 2041 4257 ι
2082 4205 2577 4277 περπερευσάμενοι
2600 4203 2692 4254 καὶ
2716 4202 2938 4261 ἑαυτοὺς
2962 4198 3373 4268 μωμησάμενοι,
3403 4190 3575 4245 οὐκέτι

2024 4315 2041 4345 ι
2082 4295 2331 4348 δύνανται
2375 4293 2723 4363 λειτουργεῖν.
2778 4290 2867 4342 Διὸ
2906 4286 3335 4358 φροντιζέτωσαν
3387 4278 3574 4352 μᾶλλον
3659 4352 3667 4363 ι

2025 4404 2043 4435 ι
2085 4387 2142 4437 ὲν
2172 4368 2665 4453 ταπεινοφροσύνῃ,
2699 4380 2813 4442 πῶς
2854 4376 3190 4431 έκτελέσουσι
3249 4371 3575 4438 παυσάμενοι

365 4498 384 4530 ι
425 4487 553 4549 gant
593 4494 623 4533 a
650 4493 788 4532 vana
813 4476 981 4549 gloria
1042 4482 1340 4530 cessantes.
1382 4469 1474 4525 Eis
1521 4470 1666 4525 enim
1725 4467 1911 4522 sufﬁci1

2029 4494 2045 4524 ι
2085 4476 2183 4544 τῆς
2241 4473 2562 4538 κενοδοξίας.
2617 4473 2800 4542 Ἀρκεῖ
2859 4469 2966 4539 γὰρ
3014 4467 3192 4526 αὐτοῖς
3254 4468 3287 4533 ὴ
3336 4456 3576 4515 κοινωνία

364 4588 383 4619 ι
416 4526 753 4635 ἔοηιιιιιιηίο,
781 4526 905 4636 qum
933 4566 1221 4632 diligenter
1240 4571 1296 4616 et
1328 4566 1585 4615 accurate
1618 4560 1677 4613 fit
1709 4557 1911 4613 duabus

2028 4585 2047 4616 ι
2092 4526 2207 4636 μετ’
2229 4526 2564 4627 ἐπιστάσεως
2586 4563 2630 4594 ³⁸
2647 4526 2739 4615 καὶ
2756 4526 3035 4639 ἀκριϐείας
3053 4558 3187 4627 πρὸς
3212 4526 3491 4639 ἀμφότερα
3507 4547 3574 4639 λ³⁶⁶

363 4675 385 4710 ι
431 4657 499 4711 de
521 4656 704 4710 causis
725 4694 740 4720 ,
788 4662 903 4707 tum
927 4667 995 4708 ne
1022 4651 1313 4707 videantur
1335 4649 1580 4703 molestia
1605 4649 1762 4714 affici,
1794 4650 1911 4706 hinc

2018 4672 2048 4707 -ι
2087 4654 2363 4725 γινομένη,
2396 4654 2491 4707 καὶ
2537 4655 2623 4707 ἵνα
2656 4652 2729 4723 μὴ
2769 4637 2959 4715 δόξωσι
2988 4644 3267 4699 λυπεῖσθαι
3301 4641 3434 4713 μετά
3468 4637 3576 4708 βίας

367 4770 385 4799 ι
433 4748 851 4803 dissolutionem
871 4745 924 4799 vi
957 4742 1281 4811 arripientes
1307 4759 1319 4795 :
1355 4748 1470 4794 tum
1498 4757 1567 4796 ne
1590 4742 1726 4811 lapsi
1757 4744 1911 4811 aliqui

2030 4766 2049 4798 ι
2086 4746 2567 4818 περιδρασσόμενοι
2600 4745 2699 4813 τῆς
2746 4740 2993 4796 ἐντεῦθεν
3027 4736 3335 4796 ἀναλύσεως
3365 4730 3457 4801 (7),
3492 4726 3576 4818 καλ

366 4858 389 4890 ι
431 4846 800 4892 eausenturse
825 4842 1048 4905 prepter
1074 4847 1246 4901 poenae
1275 4833 1620 4887 occasionem
1650 4833 1818 4888 fuisse
1845 4849 1911 4887 re

2031 4855 2050 4887 ι
2092 4836 2177 4890 ἵνα
2205 4838 2277 4907 μή
2302 4853 2446 4899 τινες
2482 4834 2821 4896 ἐκπεσόντες,
2852 4828 3288 4903 προφασίζωνται
3309 4826 3350 4857 ³⁷
3373 4820 3516 4875 ὼσάν
3538 4816 3578 4848 ³⁸

366 4950 390 4986 ι
430 4932 665 4987 missos:
700 4927 803 4994 Qui
850 4926 1065 4996 quidem
1102 4924 1386 4993 plusquam
1419 4939 1608 4979 omnes
1662 4925 1911 4994 probrum

2030 4946 2049 4978 ι
2087 4927 2175 4982 διὰ
2225 4928 2321 4998 τὴν
2368 4926 2618 5000 ἀφορμὴν
2662 4928 2760 4999 τῆς
2808 4922 3085 4993 ἐπιτιμίας
3129 4911 3576 4986 ὑπεκλελυμένοι⁸

433 5099 461 5128 ίι
493 5085 725 5151 Philipp.
770 5098 807 5143 ι,
842 5080 932 5143 ‘23,
966 5081 1051 5133 24.
1132 5079 1158 5118 δ
1190 5078 1296 5131 Tit.
1324 5092 1383 5138 tt,
1422 5076 1471 5128 Ἰ.

1656 5208 1886 5263 VARUE
1920 5207 2208 5265 LECTION
2217 5207 2318 5263 ES.

436 5354 481 5386 ³⁸
503 5352 651 5407 deest
675 5349 984 5413 ἀπόστολος.
1021 5350 1064 5380 ³⁸
1095 5348 1244 5415 παρὰ
1264 5345 1440 5413 λόγον.
1516 5344 1561 5376 ⁸⁸
1596 5344 1917 5407 ὲπιτάσεως.
1993 5344 2059 5377 ³⁵·
2088 5345 2414 5417 ἀμφότερον.
2494 5347 2537 5377 ³⁷
2566 5348 3026 5417 προφασίσωνται,
3099 5345 3143 5375 ³⁸
3169 5344 3261 5406 ὡς.

2108 5527 2183 5596 (7)
2244 5530 2356 5597 Τῆς
2383 5528 2660 5582 ἐντεῦθεν
2692 5529 2867 5581 dmi.
2922 5522 3162 5597 Zonaras
3210 5528 3259 5597 et
3310 5512 3579 5597 Balsatﬁtt

2037 5573 2459 5653 videiilurl'liunc
2486 5573 2660 5650 locum
2687 5583 3464 5665 perperam_interpret:n'is_cl
3488 5573 3580 5644 τὴν

2038 5668 2284 5723 ἐντεῦθεν
2309 5668 2564 5721 ἀνάλυσιν
2591 5668 2656 5722 de
2686 5656 2858 5720 inerte
2883 5656 3427 5730 accipere.ﬂltnnttm.

438 5545 513 5603 tri)
548 5542 735 5603 Ὅθεν,
766 5553 819 5589 κ.
849 5552 897 5588 τ.
933 5533 981 5586 λ.
1033 5533 1232 5590 Confer
1264 5548 1385 5588 cum
1432 5532 1516 5584 his
1561 5536 1928 5603 narrationem

370 5596 651 5681 Epipliauii
682 5596 749 5664 de
794 5607 1108 5669 lleletianis,
1171 5605 1299 5657 haer.
1356 5616 1545 5663 vam,
1594 5615 1648 5651 ιι.
1715 5596 1750 5651 τὶ
1795 5604 1848 5651 ct
1874 5596 1928 5651 5.

371 5682 912 5812 Ηλῶῗυίὲέανύσας.
948 5744 1045 5800 Ms.
1074 5744 1197 5800 cod.
1228 5740 1347 5795 Nan
1397 5738 1744 5804 έξαντλήσας.
