3944 6390
391 335 489 398 497

1504 338 1585 399 ΙΝ
1621 340 1858 403 EPIST.
1891 342 1953 404 S.
1993 341 2223 403 PETRI
2260 343 2486 405 ALEX.

3520 336 3625 399 433

391 483 413 518 ι
451 466 645 529 οἵτινες
668 464 825 520 πλέον
854 466 1106 520 ἁπάντων
1126 461 1388 538 αἰσχύνην
1412 463 1503 516 καὶ
1533 463 1728 525 ὄνειδος
1747 463 1946 528 ἕξουσι,

2062 479 2076 512 ι
2121 468 2173 516 et
2199 460 2547 532 ignominiam
2567 457 3137 522 habebuntzsicutille
3167 462 3263 529 qui
3292 460 3612 514 fundamen-

392 574 412 608 ε
454 557 571 608 κατ’
604 557 808 609 ἐκεῖνον
840 555 930 609 τὸν
962 555 1242 609 τεθεικότα
1267 552 1533 624 θεμέλιον,
1561 553 1653 607 καὶ
1697 554 1770 625 μὴ
1801 553 1950 624 ἰσχύ-

392 664 413 699 ι
451 664 620 703 σαντα
664 648 969 713 ἐκτελέσαιο,
996 647 1308 717 Ἀρξονται
1335 644 1464 718 γὰρ,
1505 647 1697 718 φησὶν,
1731 647 1953 714 πάντες

391 759 412 791 ι
451 743 504 794 οι
534 742 1078 809 παραπορευόμενοι
1107 740 1407 811 ἐμπαίζειν
1423 743 1625 806 αὐτὸν,
1650 740 1948 811 λέγοντες·

391 848 413 880 ς
454 827 642 897 Οὗτος
663 834 696 882 d
720 830 1026 899 ἅνθρωπος
1074 831 1350 902 θεμέλιον
1390 831 1568 900 ἔθηκε
1606 831 1672 899 ³⁸,
1714 832 1810 886 καὶ
1841 833 1952 886 οὐκ

394 937 416 971 ι
457 921 714 990 ἴσχυσεν
741 922 1070 975 ἐκτελέσαι.
1106 942 1124 974 ι
1684 910 1691 913 μ

459 1010 652 1062 ΒΔΛΣ.
696 1011 831 1081 Περὶ
878 1012 1358 1084 αὐτομολησάντων
1390 1017 1468 1079 είς
1504 1015 1595 1068 τὸν
1626 1013 1718 1068 τοῦ
1752 1031 1956 1087 μαρτυ·

389 1101 507 1173 ρίου
536 1101 722 1170 ἀγῶνα
748 1102 1046 1174 διαλεχθεὶς
1076 1107 1104 1157 ὁ
1132 1105 1343 1176 Πατὴρ,
1380 1106 1474 1162 νῦν
1513 1108 1606 1160 καὶ
1648 1107 1774 1178 περὶ
1821 1108 1956 1179 κλη-

390 1192 559 1262 ρικῶν
585 1192 839 1246 τοιούτων
865 1193 955 1245 τὸν
980 1193 1137 1262 λόγον
1164 1200 1420 1249 ποιεῖται·
1454 1199 1546 1255 καί
1577 1215 1757 1269 φησιν,
1783 1201 1876 1263 ὡς,
1907 1201 1955 1253 εί

388 1281 648 1350 κληρικὺς
666 1283 1058 1354 ηὐτομόλησεν,
1088 1281 1206 1340 εἶτα
1232 1286 1304 1359 μὴ
1332 1288 1536 1355 στέγων
1564 1289 1659 1353 τὰς
1690 1291 1957 1362 τιμωρίας

389 1370 732 1433 ἐκπέπτωκε,
763 1372 858 1424 καὶ
888 1370 1044 1436 αὖθις
1083 1375 1160 1438 είς
1197 1376 1387 1430 ἑαυτὸν
1412 1378 1718 1448 γενόμενος,
1752 1379 1956 1432 ἀνεπά-

388 1460 542 1512 λαισε
589 1460 687 1531 τὴν
732 1461 937 1515 οἰκείαν
971 1462 1210 1530 πτῶσιν,
1260 1465 1354 1519 καὶ
1396 1466 1719 1535 Χριστιανὸν
1768 1467 1956 1520 ἑαυτὸν

350 1548 733 1623 *ὡμολόγησεν
758 1550 986 1605 ἐνώπιον
1013 1552 1118 1605 τῶν
1148 1554 1442 1625 τυράννων,
1469 1557 1496 1607 ό
1517 1555 1754 1619 τοιοῦτος
1776 1557 1957 1610 οὐκέτι

390 1641 448 1693 ὲν
473 1641 536 1710 τῇ
570 1639 877 1712 λειτουργίᾳ
902 1641 1072 1704 ἔσται,
1097 1643 1231 1697 διότι
1254 1644 1605 1698 καταλέλοιπε
1628 1646 1686 1699 τὸ
1710 1647 1957 1718 ποίμνιον

391 1731 484 1783 τοῦ
515 1730 750 1802 Κυρίου·
788 1733 883 1785 καὶ
906 1732 995 1786 διὰ
1022 1734 1082 1786 τὸ
1109 1735 1478 1805 αὐτομολῆσαι
1523 1739 1615 1790 καὶ
1655 1739 1727 1808 μὴ
1758 1756 1951 1809 καρτε·

2060 571 2079 604 ι
2125 562 2227 606 tun
2267 551 2485 624 posuit,
2533 559 2724 604 etnon
2767 553 2940 621 potuit
2986 552 3242 621 perficere
3277 572 3288 605 :
3351 551 3611 619 Incipient

2060 662 2077 695 ι
2117 643 2496 712 enim,inquit,
2530 658 2704 695 omnes
2737 643 3348 712 quiprurtergredicntur,
3376 660 3492 695 eum
3543 644 3608 695 il-

2058 751 2077 784 ι
2125 732 2319 798 ludere,
2349 732 2608 785 dicentes:
2641 731 2741 785 llic
2756 734 2906 785 homo
2928 735 3100 803 posuit
3125 732 3540 801 fundamentum,
3560 742 3610 785 et

2059 841 2078 874 ι
2123 840 2226 879 non
2247 822 2414 893 potuit
2441 823 2686 891 perﬁcere
2722 834 2767 874 ο.
2813 840 2830 872 ι

2123 997 2285 1053 ΒΑιε.
2330 996 2403 1052 De
2434 996 2501 1051 iis
2531 995 2621 1065 qui
2661 1010 2752 1050 sua
2801 1006 2990 1063 sponte
3031 992 3095 1045 ad
3148 992 3393 1062 martyrii
3434 1000 3613 1045 certa-

2055 1105 2177 1144 men
2205 1087 2543 1159 confugiunt,
2570 1088 2783 1144 locutus
2801 1086 2872 1141 Pa
2882 1096 2979 1149 ter,
2998 1097 3145 1139 nunc
3159 1084 3225 1138 de
3242 1081 3457 1137 clericis
3475 1097 3613 1151 quo-

2055 1197 2160 1252 que
2188 1181 2279 1250 qui
2317 1188 2445 1236 sunt
2476 1178 2743 1248 ejusmodi
2794 1177 3034 1246 loquitur
3071 1193 3084 1230 :
3139 1182 3195 1229 et
3224 1175 3356 1228 dicit
3387 1173 3531 1243 quod
3567 1173 3614 1225 si

2057 1272 2288 1326 clericus
2330 1271 2394 1324 ad
2429 1277 2699 1324 certamen
2748 1283 2844 1323 sua
2883 1273 3076 1336 sponte
3124 1264 3387 1335 profugit,
3420 1263 3616 1318 deinde

2057 1377 2179 1416 cum
2212 1374 2320 1416 non
2342 1369 2519 1431 posset
2553 1358 2693 1412 ferre
2708 1366 2997 1419 tormenta,
3020 1356 3243 1422 excidit,
3265 1363 3319 1410 et
3345 1370 3467 1408 cum
3493 1368 3617 1407 rur—

2057 1468 2155 1509 sus
2183 1452 2247 1506 ad
2279 1468 2338 1507 se.
2365 1450 2640 1512 rediisset,
2689 1451 2895 1517 lapsum
2932 1463 3089 1501 suum
3142 1447 3436 1511 revocavit,
3470 1451 3524 1499 et
3555 1460 3615 1498 se

2056 1559 2241 1598 coram
2279 1541 2526 1613 tyrannis
2556 1539 2930 1593 Christianum
2964 1538 3250 1597 confessus
3284 1546 3395 1605 est;
3427 1538 3475 1591 is
3505 1553 3614 1590 non

2056 1633 2288 1700 amplius
2317 1646 2471 1684 sacra
2489 1630 2786 1683 ministeria
2809 1629 2998 1691 obibit,
3026 1642 3091 1680 eo
3106 1626 3248 1696 quod
3280 1641 3492 1695 gregem
3513 1625 3618 1678 llo-

2059 1722 2189 1776 mini
2219 1722 2497 1790 reliquerit
2522 1739 2537 1786 ;
2574 1728 2625 1773 et
2653 1736 2716 1774 eo
2745 1720 2889 1788 quod
2916 1734 3038 1771 cum
3071 1733 3168 1771 sua
3191 1717 3409 1787 quidem
3424 1725 3621 1786 sponte

399 1822 557 1891 ρῆσαι
586 1822 682 1885 τὰς
712 1821 996 1891 βασάνους,
1031 1824 1218 1894 μῶμον
1258 1831 1623 1898 προσήνεγκεν
1657 1805 1858 1900 ’ἑαυτᾷ
1887 1831 1958 1883 Τὸ

2062 1807 2381 1875 confugerit,
2411 1817 2459 1860 et
2487 1813 2754 1860 tormenta
2787 1805 3015 1859 sufferre
3058 1820 3164 1862 non
3202 1807 3461 1873 potuerit,
3513 1805 3617 1859 sibi

394 1913 449 1966 δὲ
479 1913 888 1984 καταφρονῆσαι
919 1915 1018 1985 τῆς
1048 1915 1394 1980 διδασκαλίας
1427 1918 1519 1971 τοῦ
1548 1918 1676 1972 λαοῦ
1708 1923 1798 1974 καὶ
1827 1939 1960 1991 προ-

392 2004 727 2075 τιμήσασθαι
775 2005 836 2059 τὸ
874 2004 1051 2076 ἐαυτῷ
1078 2006 1386 2078 συμφέρον,
1438 2010 1556 2062 οὐδὲ
1589 2014 1635 2063 οί
1676 2013 1958 2067 ἀπόστολοι

395 2095 783 2164 πεποιήκασιν.-
809 2096 868 2149 '0
899 2096 1008 2168 γὰρ
1036 2096 1208 2167 μέγας
1240 2098 1467 2162 Παῦλος,
1498 2101 1635 2169 μετὰ
1675 2101 1734 2154 τὸ
1763 2103 1960 2167 πολλὰς

399 2183 665 2252 βασάνους
703 2186 1012 2256 ὑπομεῖναι,
1038 2189 1382 2258 κατανοήσας
1410 2194 1656 2262 κρεῖττον
1689 2188 1824 2247 εἶναι
1870 2194 1959 2248 τὸν

398 2270 510 2340 βίον
541 2273 826 2328 ἀπολιπεῖν
847 2313 862 2338 ,
898 2279 1299 2351 προετιμήσατο
1331 2276 1428 2349 ζῇν
1459 2280 1551 2333 καὶ
1583 2281 1959 2350 βασανίζεεθαι

394 2359 484 2414 διὰ
512 2363 610 2434 τὴν
644 2365 914 2435 σωτηρίαν
945 2367 1036 2419 κοιλ⁹
1071 2366 1415 2422 διδασκαλίαν
1443 2369 1533 2423 τοῦ
1581 2371 1731 2425 λαοῦ.
1789 2374 1961 2427 Ἀναί-

399 2449 585 2521 σθητοι
619 2452 750 2521 γοῦν
784 2457 920 2507 εἰσιν
953 2457 1002 2507 οἱ
1039 2456 1313 2521 αἰτοῦντες
1359 2458 1454 2530 τὴν
1496 2460 1852 2531 λειτουργίαν,
1892 2458 1956 2533 ἦς

396 2539 672 2596 εὐελονταὶ
716 2540 1122 2601 ὲκπεπτώκασι.
1158 2547 1282 2611 Πῶς
1324 2548 1431 2620 γὰρ
1470 2551 1709 2603 αἰτοῦσιν
1762 2550 1960 2621 δικατ-

396 2631 616 2696 ἔλιπον,
647 2632 931 2705 δυνάμενοι
977 2638 1088 2699 τοῖς
1128 2636 1687 2708 ἀδελφοῖςεΰχρηστοι
1717 2637 1853 2694 εἶναι
1902 2642 1960 2696 ἐν

398 2720 578 2790 καιρῷ
624 2720 882 2793 τοιούτῳ,
933 2722 1171 2795 διωγμοῦ
1227 2725 1462 2797 δηλαδή;
1502 2727 1564 2780 El
1615 2729 1712 2797 μὲν
1759 2726 1852 2783 οὖν
1899 2731 1957 2784 ού

402 2810 737 2874 πεπτώκασι,
775 2813 956 2884 φησὶν,
992 2808 1137 2884 εἶχον
1165 2813 1232 2869 ἂν
1266 2815 1595 2887 συγγνώμην
1627 2819 1718 2870 ἐπὶ
1748 2821 1813 2890 τῇ
1853 2838 1960 2873 ιτα--

402 2900 614 2971 ραλόγῳ
643 2902 820 2955 αὐτῶν
862 2903 1076 2974 πράξει,
1104 2906 1203 2976 τῆς
1228 2905 1639 2977 αύτομολήσεως
1670 2908 1888 2981 δηλαδὴ,
1925 2908 1958 2980 ἢ

398 2992 500 3060 τῆς
542 2993 669 3063 περὶ
704 2994 765 3047 τὺ
792 2993 1060 3048 διδάσκειν
1095 2996 1189 3049 καὶ
1230 2994 1503 3068 στηρίζειν
1547 2999 1670 3062 τοὺς
1701 3000 1961 3070 ἀδελφοὺς

402 3081 707 3153 ῥᾳθυμίας·
743 3085 792 3136 εἰ
844 3084 900 3137 δὲ
953 3086 1304 3142 πεπτώκασιν
1351 3090 1415 3142 ἐκ
1461 3091 1807 3161 περπερείας,
1842 3093 1960 3162 ἦτοι

398 3171 734 3238 ἀλαζονείας,
766 3172 1026 3244 [τοιοῦτον
1048 3176 1153 3247 γάρ
1173 3179 1287 3231 ἐστι
1315 3178 1374 3231 τὸ
1397 3181 1799 3251 κατατολμῆσαι
1830 3199 1963 3253 προ-

400 3261 579 3324 πετῶς
608 3260 714 3314 τῶν
744 3263 989 3332 βασάνων
1023 3267 1115 3318 καὶ
1151 3267 1223 3335 μὴ
1255 3269 1530 3337 ἐμμεῖναι.
1568 3270 1660 3321 καὶ
1687 3270 1773 3323 διὰ
1807 3269 1963 3322 τοῦτο

400 3352 931 3427 ἑθριαμϐεύθησαν
962 3357 1141 3410 οὐκέτι
1184 3358 1435 3412 δύνανται
1479 3362 1827 3431 λειτουργεῖν.
1872 3363 1962 3415 Διὸ

400 3443 828 3515 φροντιζέτωσαν
869 3448 1064 3517 μᾶλλον
1104 3449 1220 3512 πῶς
1264 3452 1601 3505 ὲκτελέσουσι
1643 3454 1740 3524 τὴν
1773 3455 1961 3524 ὁμολο-

398 3536 526 3603 γίαν
564 3537 621 3588 ὲν
665 3539 1147 3609 ταπεινοφροσύνῃ,
1203 3542 1538 3612 παυσάμενοι
1568 3543 1667 3611 τῆς
1714 3545 1819 3596 ἀπὸ
1867 3545 1960 3596 τοῦ

399 3623 582 3694 ζητεῖν
606 3626 706 3696 τὴν
734 3627 1071 3696 λειτουργίαν
1098 3628 1401 3693 κενοδοξίας
1418 3648 1431 3661 ·
1465 3634 1624 3701 ἀρκεῖ
1648 3633 1753 3704 γὰρ
1782 3635 1964 3697 αὐτοῖς

398 3717 434 3785 ἡ
468 3715 605 3785 μετὰ
629 3716 736 3769 τῶν
775 3718 976 3770 πιστῶν
1009 3721 1259 3773 κοινωνία
1289 3721 1378 3774 διὰ
1418 3721 1509 3774 δύο
1550 3724 1805 3794 γινομένη
1843 3726 1963 3779 τινὰ

402 3806 540 3877 μετὰ
581 3808 896 3872 ἐπιστασίας
941 3810 1200 3879 ἀκριϐοῦς
1236 3813 1328 3866 καὶ
1372 3813 1701 3883 οἰκονομίας.
1746 3816 1807 3867 Et
1855 3818 1962 3887 γὰρ

398 3896 640 3966 εἴπωμεν
668 3898 740 3968 μὴ
786 3898 930 3967 ἔχειν
975 3897 1169 3963 αὐτοὺς
1212 3904 1591 3966 κοινωνικοὺς,
1639 3905 1857 3969 τούτους
1903 3923 1961 3958 τε

398 3986 730 4058 λυπήσομεν,
760 3989 835 4051 ὡς
858 3989 1279 4061 ἀποφαινόμενοι
1310 3991 1446 4062 μετὰ
1480 3993 1618 4063 βίας.
1645 3996 1812 4064 ἤγουν
1845 3998 1964 4050 ἑπι-

396 4079 791 4149 τετιμημένονς
816 4119 830 4141 ,
885 4080 1130 4135 ἐντεῦθεν
1196 4082 1458 4137 ἀναλῦσαι
1514 4085 1709 4148 αὐτοὺς
1733 4125 1747 4148 ,
1795 4088 1961 4157 ῆγουν

399 4168 688 4222 ἀποθανεῖν
710 4185 724 4199 ⁸
761 4171 854 4223 καὶ
881 4172 1007 4234 τοὺς
1033 4171 1223 4235 ἄλλους
1257 4172 1312 4226 δὲ
1345 4175 1675 4239 ἐκπεσόντας
1712 4177 1840 4242 ἴσως
1871 4180 1963 4233 καὶ

401 4259 752 4330 βουλομένους
775 4262 1108 4332 ὑποστρέψαι
1140 4265 1221 4328 είς
1241 4264 1303 4318 τὸ
1323 4265 1549 4334 ἀγαθὸν,
1580 4267 1963 4339 ἐκλελυμένους

400 4350 538 4421 πρὸς
564 4350 721 4403 τοῦτο
747 4352 839 4404 καὶ
868 4353 1089 4422 ἀμελεῖς
1113 4356 1430 4425 ποιήσομεν,
1467 4358 1962 4429 προφασιζομένους

2061 1898 2162 1967 ipsi
2194 1898 2365 1951 labem
2406 1898 2606 1951 attulit.
2644 1898 2711 1951 Ut
2740 1906 2917 1951 autem
2973 1897 3156 1967 populi
3190 1897 3491 1951 doctrinam
3523 1912 3620 1951 ne-

2059 1988 2344 2057 gligercnt,
2376 1996 2428 2038 et
2452 2001 2604 2040 suam
2644 1987 2929 2040 utilitatem
2967 1985 3302 2053 praeferrent,
3357 2001 3456 2039 nec
3490 2001 3621 2055 apo-

2061 2080 2184 2133 stoli
2210 2079 2470 2133 fecerunt.
2494 2078 2874 2148 Magnusemn.
2898 2075 3115 2139 Paulus.
3142 2085 3425 2147 postquam
3451 2079 3620 2132 multa

2060 2178 2327 2222 tormenta
2377 2168 2655 2230 subiisset,
2717 2168 3025 2236 intelligens
3054 2168 3227 2221 multo
3250 2182 3373 2221 esse
3424 2168 3620 2222 melius

2060 2262 2224 2314 vitam
2256 2263 2583 2331 relinquere,
2614 2261 2802 2312 maluit
2824 2260 3003 2313 vivere
3033 2267 3086 2312 et
3117 2260 3355 2328 torqueri
3398 2268 3621 2329 propter

2061 2350 2288 2403 salutem
2321 2358 2374 2403 et
2404 2350 2703 2403 doctrinam
2732 2350 2935 2420 pOpuli.
2993 2345 3167 2403 Seusu
3220 2364 3349 2417 ergo
3397 2348 3621 2401 omnino

2060 2448 2268 2503 carent,
2293 2441 2385 2508 qui
2419 2448 2607 2507 petunt
2638 2436 2855 2494 sacrum
2897 2439 3285 2501 ministerium,
3325 2452 3352 2490 a
3386 2454 3494 2508 quo
3521 2453 3620 2492 sua

2062 2541 2254 2600 sponte
2284 2532 2618 2585 exciderunt.
2651 2531 2931 2598 Quomodo
2962 2531 3105 2585 enim
3152 2537 3340 2599 petunt
3368 2530 3509 2599 quod
3538 2546 3624 2583 re-

2061 2621 2357 2689 liquerunt,
2391 2638 2515 2676 cum
2548 2623 2758 2691 possint
2784 2623 2838 2675 in
2864 2622 2963 2676 bac
2990 2627 3332 2688 tempestate,
3361 2634 3619 2689 persecu—

2061 2713 2224 2766 tionis
2253 2714 2480 2775 scilicet,
2514 2712 2777 2767 fratribns
2807 2729 2931 2767 esse
2957 2711 3162 2767 utiles?
3195 2710 3252 2764 Si
3280 2711 3463 2781 itaque
3509 2727 3619 2766 non

2061 2803 2404 2867 cecidissent,
2443 2804 2639 2873 inquit,
2673 2805 2794 2873 ejus
2829 2804 2971 2871 quod
3003 2813 3201 2865 praeter
3243 2803 3507 2856 rationem
3538 2803 3614 2857 fe—

2060 2898 2285 2968 cissent,
2318 2896 2398 2952 eis
2431 2897 2654 2951 daretur
2670 2897 2852 2962 venia,
2879 2905 3193 2964 spontaneze
3232 2892 3440 2947 scilicet
3459 2891 3617 2961 fugae,

2060 2987 2143 3040 vel
2178 2986 2233 3040 in
2260 2984 2524 3042 fratribus
2547 2984 2808 3040 docendis
2833 2992 2887 3038 et
2916 2983 3306 3037 conﬁrmandis
3334 2983 3616 3036 socordiae.

2064 3076 2160 3132 Sin
2188 3085 2365 3133 autem
2390 3084 2611 3147 propter
2626 3090 2780 3131 suam
2812 3075 3154 3130 insolentiam
3181 3083 3233 3128 et
3255 3075 3621 3143 arrogantiam

1988 3144 2033 3205 (ἶ
2062 3170 2201 3239 lapsi
2236 3178 2361 3224 sunt
2437 3144 2541 3222 tale
2580 3168 2722 3223 enim
2747 3176 2829 3222 est
2857 3183 2916 3222 se
2946 3174 3148 3222 temere
3176 3167 3459 3221 tormentis
3484 3166 3626 3235 obji-

2061 3276 2186 3317 cere
2208 3259 2426 3324 audere,
2456 3274 2558 3313 nec
2588 3272 2748 3328 posse
2766 3259 3020 3321 tolerare,
3047 3266 3101 3312 et
3130 3266 3414 3327 propterea
3444 3258 3510 3313 de
3538 3259 3620 3313 eis

2062 3351 2371 3420 triumphus
2402 3360 2554 3405 actus
2604 3347 2731 3420 est),
2776 3363 2886 3402 non
2938 3357 3170 3418 possunt
3205 3349 3438 3418 amplius
3464 3361 3619 3403 sacra

2062 3441 2363 3497 ministeria
2380 3441 2551 3495 obire.
2568 3439 2929 3507 Quamobrem
2951 3440 3123 3510 magis
3140 3449 3332 3494 curent
3348 3442 3624 3511 quomodo

2062 3531 2460 3586 confessionem
2490 3528 2543 3582 in
2580 3529 2886 3583 humilitate
2940 3537 3221 3600 peragant,
3282 3537 3563 3585 cessantes
3591 3547 3621 3584 a

2061 3636 2201 3675 vana
2229 3621 2399 3691 gloria
2443 3635 2658 3675 sacrum
2689 3614 3054 3675 ministerium
3109 3620 3324 3689 petendi
3359 3639 3374 3676 :
3428 3619 3626 3675 sufficit

2062 3713 2206 3767 cnim
2248 3713 2327 3766 eis
2360 3725 2483 3764 cum
2517 3708 2769 3765 ﬁdelibus
2792 3710 3126 3773 communio,
3157 3725 3278 3781 quae
3312 3710 3372 3765 fit
3405 3721 3626 3781 propter

2063 3804 2191 3866 duo,
2222 3802 2467 3872 diligenti
2496 3800 2748 3854 cautione
2780 3809 3038 3869 rectoque
3064 3802 3317 3856 consilio.
3371 3799 3426 3855 Si
3478 3805 3622 3856 enim

2062 3895 2359 3950 dixerimus
2409 3908 2509 3947 nos
2555 3908 2652 3946 eos
2686 3908 2793 3946 non
2819 3892 3019 3947 habere
3045 3907 3141 3961 pro
3172 3893 3628 3946 communicanti-

2062 3987 2184 4051 bus,
2215 3994 2269 4039 et
2292 4000 2387 4039 eos
2415 3984 2665 4038 molestia
2695 3983 2992 4038 aﬂicieuius
3013 3992 3268 4053 tanquam
3299 3984 3625 4037 sententiam

2065 4079 2321 4146 ferentes,
2351 4095 2469 4143 eos,
2505 4079 2576 4144 vi,
2616 4092 2711 4132 seu
2740 4078 3053 4139 mulctatos,
3084 4077 3214 4130 hinc
3250 4077 3494 4141 dissolvi,
3528 4094 3625 4133 seu

2064 4170 2236 4236 mori;
2266 4180 2321 4224 et
2349 4169 2487 4224 alios
2522 4183 2740 4237 quoque
2770 4168 2862 4236 qui
2922 4168 3155 4223 fortasse
3198 4167 3335 4237 lapsi
3385 4175 3541 4231 sunt,
3572 4175 3628 4222 et

2063 4263 2250 4316 volunt
2278 4260 2344 4315 ad
2377 4259 2522 4331 quod
2555 4259 2755 4314 bonum
2785 4267 2867 4313 est
2897 4257 3099 4321 redire,
3137 4259 3398 4314 remissos
3426 4260 3493 4313 ad
3524 4260 3627 4315 hoc

2062 4359 2115 4406 et
2137 4352 2467 4422 negligentes
2494 4349 2812 4414 efﬁciemus,
2845 4358 3137 4405 causantes
3158 4365 3217 4405 se
3247 4349 3494 4404 fidelibus
3517 4367 3627 4404 nou

356 4442 457 4527 ξτδ
491 4443 564 4513 μὴ
595 4443 805 4510 μέλλειν
828 4444 1023 4507 αὐτοὺς
1050 4442 1194 4499 εἶναι
1220 4449 1567 4512 κοινωνικοὺς
1591 4452 1705 4512 τοῖς
1730 4454 1958 4516 πιστοῖς,

2065 4457 2188 4497 esse
2216 4441 2718 4495 communicaturos
2746 4479 2761 4503 ,
2807 4441 3035 4495 etiamsi
3070 4450 3193 4509 post
3225 4441 3433 4510 lapsura
3467 4442 3627 4497 fidem

397 4531 500 4584 κᾶν
549 4532 916 4603 ὁμολογήσωσι
963 4536 1063 4606 τὴν
1111 4536 1292 4591 πίστιν
1336 4538 1472 4606 μετὰ
1520 4541 1617 4609 τὴν
1654 4540 1956 4596 ἔκπτωσιν

397 4621 611 4684 οἵτινες,
644 4622 716 4692 μὴ
746 4624 1183 4694 ἐπιστρέφοντες,
1226 4626 1386 4680 πλέον
1415 4629 1670 4682 ἁπάντων
1708 4630 1794 4683 ἵνα
1824 4633 1962 4684 ὀνει-

396 4711 617 4768 δισθῶσι
635 4714 728 4765 καὶ⁵
748 4713 1104 4783 αἰσχυνθῶσιί
1129 4717 1272 4771 καθὰ
1293 4717 1353 4788 (f.
1375 4718 1535 4789 κατὰ)
1548 4720 1638 4772 τὸν
1660 4722 1959 4792 ποιήσαντα

399 4802 498 4871 μὲν
523 4801 802 4871 θεμέλιον,
835 4803 908 4874 μὴ
942 4804 1301 4875 πληρώσαντα
1326 4806 1619 4878 δὲοτκημα.
1641 4809 1826 4880 Τούτῳ
1853 4811 1959 4881 γὰρ

396 4892 634 4945 ἐοίκασιν
669 4894 717 4944 ot
759 4894 894 4963 πρὸς
928 4895 1191 4964 βασάνους
1220 4897 1682 4969 αὐτομολήσαντες
1732 4901 1830 4971 μὲν
1871 4902 1958 4956 διὰ

396 4979 629 5051 Χριστὸν
670 4982 763 5034 καὶ
803 4983 964 5035 elevet
996 4983 1158 5037 καλὸν
1208 4984 1423 5054 θέμενοι
1451 4985 1726 5055 θεμέλιον,
1761 4987 1836 5058 μὴ
1864 4988 1958 5040 δυ-

395 5072 646 5142 νηθέντες
673 5071 729 5125 δὲ
771 5073 1054 5127 τελειῶσαι
1082 5074 1142 5127 τὸ
1185 5075 1348 5129 καλὸν
1394 5077 1481 5131 διὰ
1528 5080 1627 5149 τὴν
1667 5077 1955 5132 ἔκπτωσιν.

396 5163 704 5231 Σημείωσαι
755 5160 880 5229 οὖν,
909 5165 990 5217 ὅτι
1034 5164 1154 5219 οὐδὲ
1199 5168 1231 5237 ἠ
1283 5167 1371 5220 διὰ
1427 5169 1658 5237 Χριστὸν
1701 5168 1958 5239 ὁμολογία

395 5252 730 5323 ἀποκαθιστᾷ
760 5255 852 5309 τὸν
892 5254 1038 5320 ἅπαξ
1080 5257 1148 5309 ἐκ
1188 5257 1283 5311 τοῦ
1317 5258 1515 5329 κλήρου
1555 5259 1957 5326 ἀποξενωθέντα

397 5344 481 5396 διὰ
509 5346 609 5416 τὴν
639 5345 929 5400 ἔκπτωσιν,

468 5511 492 5539 ι
527 5497 654 5551 Luc.
691 5501 904 5557 Μιχᾶς),
940 5504 1027 5555 Sit).

500 5728 544 5761 ”
580 5728 803 5783 :s'flzx-z.

2064 4532 2301 4589 confessi
2335 4534 2564 4589 fuerint:
2597 4535 2689 4604 qui
2724 4534 2768 4588 si
2793 4549 2912 4591 non
2930 4540 3337 4596 convertantur,
3362 4533 3483 4603 plus
3502 4548 3628 4602 prcr

2064 4626 2148 4678 bri
2181 4635 2235 4679 et
2268 4624 2577 4694 ignominiae
2600 4638 2760 4692 quam
2776 4638 2964 4676 omnes
2983 4622 3343 4691 susceperint,
3363 4639 3558 4692 quema
3581 4626 3618 4676 l-

2065 4716 2283 4772 modum
2312 4726 2366 4769 et
2395 4714 2484 4784 qui
2517 4713 2643 4767 fecit
2675 4712 3109 4775 fundamentum,
3169 4713 3391 4765 domum
3444 4723 3625 4767 autent

2065 4821 2174 4861 non
2199 4805 2441 4876 perfecit.
2464 4802 2523 4856 Ei
2546 4803 2691 4858 enim
2726 4808 2854 4856 sunt
2881 4802 3108 4863 similes,
3137 4802 3228 4870 qui
3254 4802 3317 4855 ad
3357 4810 3626 4860 tormenta

2064 4896 2282 4967 quidem
2328 4903 2546 4964 propter
2598 4892 2877 4948 Christum
2930 4890 3311 4959 confugerunt,
3362 4901 3410 4943 et
3460 4895 3624 4946 veluti

2065 4987 2292 5055 pulchro
2315 4986 2462 5054 jacto
2510 4982 2883 5045 fundamento,
2921 4981 2972 5035 id
3000 4980 3144 5050 quod
3197 4981 3483 5034 honestum
3518 4994 3621 5040 est.

2065 5076 2323 5146 perﬁcere
2348 5081 2566 5144 propter
2593 5075 2805 5142 lapsum
2831 5088 2939 5126 non
2975 5078 3288 5140 potuerunt.
3317 5070 3451 5125 Nota
3472 5087 3623 5140 ergo,

2065 5164 2206 5235 quod
2250 5180 2317 5219 ne
2361 5161 2635 5217 confessio
2669 5162 2883 5231 quidem
2914 5169 3131 5230 propter
3158 5162 3434 5216 Christum
3470 5165 3620 5214 ιρειξο

2064 5262 2167 5309 tuit
2194 5270 2339 5319 enin,
2364 5254 2456 5331 qui
2482 5253 2647 5310 semel
2684 5267 2712 5305 a
2753 5253 2900 5305 clero
2934 5252 3271 5315 abalienatus
3300 5261 3381 5308 est
3405 5261 3625 5324 propter

2066 5349 2296 5420 lapsuuh

1694 5618 1918 5671 VARI/€71
1960 5616 2354 5676 LECTIONES.
