3944 6394
348 272 457 338 499

1599 286 1875 351 THEOD.
1912 258 2001 346 in
2018 285 2311 346 LSAMON

3471 287 3562 354 500

414 386 621 454 Ζοπιιι.
656 398 730 454 De
760 399 828 455 iis
853 400 947 470 qui
979 415 1040 457 se
1064 401 1208 455 ultro
1224 402 1474 473 martyrii
1496 404 1785 458 certamini
1813 404 1898 457 ob-

2082 400 2327 456 ZQNAP.
2367 401 2504 474 Περὶ
2545 372 3027 475 αὐτομολησάντων
3068 405 3149 470 είς
3192 404 3279 459 τὸν
3311 407 3397 461 τοῦ
3428 426 3556 485 μαρ-

341 490 589 563 lecerunt
619 491 834 545 locutus
861 490 1042 556 Pater,
1094 508 1243 547 nunc
1286 492 1353 547 de
1384 494 1603 550 clericis
1649 495 1742 565 qui
1771 495 1911 549 idem

345 580 589 636 fecerunt
612 582 910 637 orationem
931 583 1166 637 instituit
1193 603 1206 638 :
1240 591 1401 654 atque
1431 585 1688 640 clericum
1720 586 1767 639 si
1788 585 1913 655 quis

343 690 402 730 se
432 676 576 727 ultro
629 674 857 737 dedidit,
907 690 1030 728 mox
1075 676 1184 728 vim
1236 683 1634 730 tormentorum
1690 678 1913 731 minime

345 764 622 833 perferens
650 766 837 833 lapsus
870 772 974 821 est.
1009 780 1073 819 ac
1103 780 1323 819 rursum
1343 781 1401 821 se
1435 765 1613 835 ipsum
1648 766 1911 836 colligens

343 856 523 909 denuo
553 872 612 909 se
637 855 703 908 ad
736 863 1012 909 certamen
1037 856 1230 918 erexit,
1253 870 1317 909 ac
1346 871 1406 911 se
1419 856 1791 911 Christianum
1818 872 1915 911 co-

342 966 460 1005 ram
485 947 732 1018 tyrannis
762 954 846 1000 est
870 946 1169 1016 professus,
1203 960 1310 999 non
1342 960 1465 1000 esse
1498 946 1768 1015 ejusmodi
1815 946 1914 1001 ho-

343 1039 542 1093 minem
584 1036 649 1090 ad
682 1050 839 1090 sacra
872 1035 1172 1090 ministeria
1205 1036 1438 1105 amplius
1491 1034 1906 1090 admittendum.

340 1131 681 1199 Causamque
706 1127 987 1197 subjungit
1018 1146 1031 1181 :
1086 1127 1211 1196 quia
1245 1126 1505 1181 nimirum
1541 1126 1756 1181 Domini
1788 1142 1912 1197 gre-

339 1238 457 1292 gem
482 1222 740 1285 deseruit,
774 1236 835 1274 ac
867 1236 931 1275 ex
974 1236 1037 1275 eo
1067 1220 1211 1289 quod
1261 1228 1457 1289 sponte
1494 1234 1552 1275 se
1583 1219 1786 1286 objecit
1815 1218 1911 1273 Ιιο-

340 1314 538 1377 stibus,
577 1327 751 1381 neque
802 1318 1120 1365 constanter
1166 1317 1437 1365 tormenta
1469 1311 1715 1379 pertulit,
1759 1310 1912 1381 igno—

339 1406 561 1458 mimam
593 1404 694 1472 sibi
720 1402 820 1473 ipsi
846 1401 1176 1456 conciliavit.
1215 1400 1284 1455 Ut
1311 1409 1491 1455 autem
1519 1404 1701 1472 pepuli
1748 1401 1910 1456 insti—

339 1496 602 1548 tutionem
625 1500 1059 1558 contemnerent,
1093 1507 1357 1561 suamque
1371 1492 1668 1546 utilitatem
1697 1493 1909 1548 caeteris

335 1586 593 1639 tinnitibus
628 1583 981 1645 anteferrent,
1013 1582 1113 1652 l7
1150 1596 1218 1636 ne
1249 1582 1479 1651 apostoli
1509 1580 1729 1650 quidem
1761 1581 1905 1637 fece-

336 1689 484 1730 runt.
506 1675 728 1743 Magnus
747 1687 980 1740 namque
999 1671 1218 1733 Paulus,
1238 1686 1358 1724 cum
1378 1670 1578 1724 multos
1592 1670 1908 1740 pertulisset

340 1768 643 1826 cruciatus,
675 1764 1015 1831 sentiretque
1045 1763 1240 1817 utilius
1264 1779 1386 1817 esse
1409 1763 1514 1817 sibi
1549 1763 1716 1818 vitam
1738 1764 1907 1818 relin-
1941 1739 1982 1797 Β

338 1872 526 1928 qnere,
557 1864 615 1910 ut
642 1855 824 1924 pepuli
858 1854 1018 1909 saluti
1073 1852 1136 1906 ac
1192 1855 1522 1908 institutioni
1576 1858 1908 1921 consuleret,

336 1949 499 2001 vitam
552 1947 655 2000 sibi
695 1961 759 1999 ac
802 1951 1069 2000 tormenta
1111 1945 1322 2014 potiora
1358 1945 1535 2000 duxit.
1587 1944 1825 2001 Promdc
1856 1956 1911 2001 et

336 2036 764 2094 seususomnino
796 2043 1043 2105 expertes
1059 2052 1154 2090 eos
1181 2037 1541 2100 demonstrat,
1567 2038 1658 2108 qui
1689 2053 1927 2093 sacrum-

335 2126 438 2180 sibi
471 2124 836 2179 ministerium
866 2123 1190 2193 deposcunt,
1219 2139 1249 2177 a
1282 2141 1392 2194 quo
1419 2127 1662 2181 volentes
1693 2127 1909 2196 ipsimct

333 2218 670 2274 exciderunt.
706 2215 842 2269 Nam
875 2230 983 2284 quo
1017 2216 1198 2278 modo,
1256 2217 1471 2285 inquit,
1520 2218 1572 2271 id
1607 2219 1904 2286 postulant,

332 2311 476 2382 quod
536 2302 827 2378 reliquere,
854 2323 978 2361 cum
997 2306 1266 2374 ejusmodi
1292 2315 1552 2377 tempore,
1571 2310 1818 2363 excitata!
1832 2310 1908 2364 vi-

333 2404 526 2456 delicet
541 2401 955 2471 persecutionis,
971 2414 1166 2469 magno
1183 2399 1440 2453 fratribus
1457 2401 1769 2468 adiumento
1784 2417 1905 2455 esse

333 2496 598 2568 possent?
629 2494 880 2560 Quandiu
913 2493 1074 2564 igitur
1103 2508 1132 2546 a
1164 2495 1316 2563 lapsu
1350 2494 1620 2550 immunes
1647 2496 1901 2557 fuissent,

331 2589 543 2642 veniam
567 2586 931 2641 obtinuissent
960 2585 1192 2640 actionis
1248 2594 1451 2640 temere
1499 2598 1789 2656 susceptae,
1842 2606 1902 2641 se

328 2679 586 2746 nimirum
612 2675 942 2732 adversariis
958 2676 1100 2728 ultro
1131 2674 1415 2738 ollerendi,
1451 2676 1534 2729 vel
1566 2676 1619 2728 in
1639 2675 1811 2729 erudit
1832 2692 1899 2729 n-

327 2772 411 2825 dts
448 2770 707 2825 fratribus
724 2767 1008 2824 socordiae.
1027 2767 1163 2821 Cum
1195 2782 1326 2821 vero
1354 2768 1671 2829 ceciderint,
1699 2768 1900 2837 quippe

328 2863 420 2933 qui
447 2876 724 2931 perperam
740 2858 968 2930 egerint,
1001 2871 1159 2912 sacra
1176 2856 1476 2911 ministeria
1496 2857 1647 2909 obire
1664 2856 1898 2925 amplius

326 2954 470 3012 haud
527 2953 937 3024 permittuntur.
976 2948 1034 3004 Si
1070 2963 1222 3018 ergo,
1260 2948 1458 3017 inquit,
1494 2947 1717 3001 minime
1752 2947 1896 3000 ccci-

2012 494 2198 567 τυρίου
2251 493 2469 562 ἀγῶνα,
2521 493 2817 564 διαλεχθεὶς
2845 496 2874 547 ὁ
2927 495 3150 568 Πατὴρ,
3192 496 3282 551 νῦν
3325 499 3413 561 καὶ
3441 503 3556 573 περὶ

2014 582 2291 655 κληρικῶν
2340 582 2595 635 τοιούτων
2627 583 2717 636 τὸν
2763 583 2918 652 λόγον
2951 588 3217 653 ποιεῖται·
3256 589 3346 641 καί
3388 606 3556 661 φησιν,

2011 673 2108 737 ὡς,
2145 676 2193 726 εί
2233 672 2490 745 κληρικδς
2529 672 2916 744 ηὐτομόλησεν,
2968 671 3087 730 εἶτα
3126 675 3199 747 μὴ
3248 679 3442 746 στέγων
3470 680 3559 744 τὰς

2011 762 2281 832 τιμωρίας
2310 762 2653 825 ὲκπέπτωκε,
2680 762 2773 816 καὶ
2800 757 2955 826 αὖθις
2982 764 3061 825 είς
3086 764 3273 817 ἑαυτὸν
3296 766 3560 838 γενόμενος

2012 852 2341 906 ἀνεπάλαισε
2356 851 2454 922 τὴν
2480 852 2685 905 οἰκείαν
2704 851 2930 915 πτῶσιν,
2949 852 3043 904 καὶ
3061 853 3374 923 Χριστιανὸν
3390 855 3562 908 ἑαυτὸν

2011 942 2359 1014 ὡμολόγησεν
2378 942 2608 995 ἐνώπιον
2627 942 2735 995 τῶν
2762 944 3059 1014 τυράννων.
3084 945 3111 997 ὁ
3138 943 3373 1008 τοιοῦτος
3398 948 3565 1000 οὐκέτι

2012 1034 2070 1087 tv
2097 1037 2162 1105 τῇ
2188 1032 2497 1105 λειτουργίᾳ
2535 1033 2706 1089 ἔσται.
2732 1035 2842 1087 Καὶ
2884 1036 2983 1105 τὴν
3013 1035 3189 1088 αἰτίαν
3218 1036 3407 1104 ὲπάγει
3426 1053 3439 1066 ³
3481 1038 3565 1107 ἥδε

2011 1124 2191 1178 ἐστίν·
2221 1125 2303 1178 ὃτι
2330 1125 2589 1178 κατέλιπε
2620 1125 2680 1177 τὸ
2711 1126 2959 1196 ποίμνιον
2994 1127 3087 1180 τοῦ
3118 1128 3341 1200 Κυρίου,
3379 1130 3468 1183 καὶ
3488 1129 3568 1182 διὰ

2010 1218 2072 1270 τὸ
2103 1217 2471 1307 αὐτομολῆσαι
2513 1218 2607 1271 κα)⁸
2643 1218 2717 1290 μὴ
2770 1218 3105 1291 καρτερῆσαι
3157 1217 3254 1283 τὰς
3284 1219 3568 1289 βασάνους,

2014 1308 2205 1379 μῶμον
2240 1311 2609 1381 προσήνεγκεν
2634 1308 2826 1379 ἑαυτῷ.
2858 1308 2931 1362 Τὸ
2966 1309 3021 1362 δὲ
3051 1311 3454 1380 καταφρονῆσαι
3480 1311 3569 1380 τῆς

2009 1400 2355 1464 διδασκαλίας
2382 1400 2474 1453 τοῦ
2509 1401 2658 1466 λαοῦ,
2695 1403 2789 1454 καὶ
2820 1402 3257 1474 προτιμήσασθαι
3283 1402 3343 1454 τὸ
3375 1404 3570 1464 ἑαυτοῖς

2012 1491 2308 1563 συμφέρον,
2357 1492 2474 1545 ούδὲ
2524 1494 2574 1545 οί
2626 1491 2909 1546 ἀπόστολοι
2953 1480 3428 1563 πεποιήκασιν.ίύ
3474 1492 3571 1563 γὰρ

2013 1581 2184 1651 μέγας
2217 1581 2449 1647 Παῦλος,
2482 1582 2618 1654 μετά
2656 1583 2717 1636 τὸ
2745 1583 2944 1648 πολλὰς
2975 1582 3240 1653 βασάνους
3280 1587 3572 1654 ὑπομεῖναι,

2011 1675 2353 1744 κατανοήσας
2382 1678 2626 1745 κρεῖττον
2659 1670 2799 1729 εἶναι
2826 1676 2917 1728 τὸν
2954 1675 3065 1745 βίον
3097 1675 3399 1739 ἀπολιπεῖν,
3452 1692 3572 1746 προ-

2013 1767 2309 1836 ετιμήσατο
2339 1768 2436 1837 ζῇν
2481 1768 2575 1819 καὶ
2622 1765 3008 1837 βασανίζεσθαι
3040 1765 3130 1820 διὰ
3171 1766 3271 1838 τὴν
3319 1767 3573 1837 σωτηρίαν

2013 1856 2105 1907 καὶ
2145 1841 2489 1911 διδασκαλίαν
2532 1856 2626 1909 τοῦ
2658 1856 2807 1909 λαοῦ.
2846 1854 2953 1919 Οὓς
2999 1856 3095 1909 καὶ
3142 1856 3284 1909 πάνυ
3331 1854 3573 1927 ἀναισθή-

2011 1964 2136 2009 τους
2190 1948 2543 2015 ἀποςιαίνεται
2570 1987 2583 2009 ,
2624 1946 2908 2011 αἰτοῦντας
2952 1947 3050 2018 τὴν
3099 1947 3468 2017 λειτουργίαν,
3515 1943 3575 2017 ἧς

2011 2037 2284 2091 ἐθελονταὶ
2312 2039 2726 2093 ἐκπεπτώκασι.
2763 2039 2888 2102 Πῶς
2912 2038 3039 2109 γὰρ,
3072 2041 3260 2109 φησὶν,
3292 2038 3525 2091 αἰτοῦσιν
3551 2038 3575 2090 ὃ

2009 2129 2318 2191 κατέλιπον,
2365 2129 2651 2200 δυνάμενοι
2680 2133 2789 2194 τοῖς
2827 2130 3072 2198 ἀδελφοῖς
3114 2128 3401 2200 εὖχρηστοι
3447 2125 3575 2181 εἶναι

2007 2221 2064 2272 tv
2097 2219 2272 2289 καιρῷ
2311 2220 2562 2289 τοιούτῳ,
2610 2218 2846 2289 διωγμοῦ
2893 2220 3131 2291 δηλαδή;
3166 2222 3313 2284 Ἕως
3356 2224 3449 2291 μὲν
3492 2217 3575 2273 οὖν

2006 2311 2292 2364 ἆπταιστοι
2326 2306 2484 2380 ἦσαν,
2520 2311 2848 2381 συγγνώμην
2881 2309 3023 2382 εἶχον
3057 2314 3154 2364 ἐπὶ
3181 2315 3248 2383 τῇ
3284 2312 3576 2384 παραλόγῳ

2005 2402 2185 2455 αὐτῶν
2230 2404 2447 2473 πράξει,
2492 2406 2556 2474 τῇ
2596 2404 2952 2474 αύτομολήσει
2997 2403 3215 2475 δηλαδὴ,
3264 2406 3296 2476 ἢ
3340 2406 3404 2475 τῇ
3458 2408 3575 2472 περὶ

2002 2494 2064 2547 τὸ
2101 2495 2368 2550 διδάσκειν
2406 2494 2533 2556 τοὺς
2566 2494 2827 2563 ἀδελφοὺς
2861 2494 3133 2566 ῥᾳθυμία·
3181 2496 3273 2548 ὅτε
3300 2494 3355 2547 δὲ
3400 2494 3576 2546 ἔπται-

2005 2604 2124 2649 σαν,
2164 2587 2238 2650 ὠς
2272 2587 2336 2640 ἂν
2386 2589 2913 2659 περπερευσάμενοι,
2958 2587 3139 2641 οὐκέτι
3182 2586 3438 2640 δύνανται
3479 2583 3574 2636 λει-

2003 2681 2267 2749 τουργεῖν.
2313 2680 2375 2732 Εἰ
2413 2668 2509 2749 μὲν
2550 2677 2642 2733 οὖν
2682 2680 2743 2733 οὐ
2791 2677 3140 2743 πεπτώκασι,
3195 2679 3397 2749 φησὶν,
3443 2671 3575 2746 εἶχον

2002 2769 2069 2823 ἂν
2122 2769 2449 2841 συγγνώμην
2508 2771 2600 2846 ἐπὶ
2644 2773 2711 2841 τῇ
2762 2769 3083 2841 παραλόγως
3120 2769 3303 2822 αὐτῶν
3353 2766 3573 2840 πράξει·

2001 2860 2309 2932 παράλογον
2344 2860 2540 2931 πρᾶξιν
2587 2862 2646 2914 οὐ
2676 2861 2737 2914 τὸ
2774 2860 3139 2932 αὐτομολῆσαι
3177 2862 3339 2931 μόνον
3384 2858 3574 2921 καλῶν,

2001 2954 2135 3009 ἀλλά
2175 2954 2371 3024 μᾶλλον
2404 2954 2464 3007 τὸ
2497 2956 2813 3007 καταλιπεῖν
2844 2953 2905 3006 τὸ
2945 2954 3192 3025 ποίμνιον
3218 2954 3318 3007 τοῦ
3355 2953 3574 3024 Κυρίου,

324 3047 556 3108 dissent,
589 3044 802 3099 veniam
829 3044 1214 3111 impetrassent
1243 3040 1312 3094 ob
1344 3055 1585 3109 lpSOl‘lllll
1623 3055 1652 3091 a
1686 3041 1897 3092 ratione

2003 3046 2096 3098 καὶ
2124 3044 2197 3116 μὴ
2242 3044 2582 3116 παραμένειν
2620 3045 2765 3115 αὐτῷ
2801 3047 2893 3099 καὶ
2945 3045 3216 3116 στηρίζειν
3264 3047 3393 3108 τοὺς
3433 3042 3574 3098 ἅδε).-

323 3140 554 3193 ulienam
590 3124 854 3188 actionem
881 3150 897 3198 °,
943 3132 1212 3186 actionem
1242 3146 1271 3183 a
1303 3131 1513 3184 ratione
1543 3130 1772 3181 alienam
1804 3146 1896 3182 γο-

320 3249 477 3296 cans,
515 3246 622 3283 non
657 3228 835 3283 solum
866 3224 1007 3295 quod
1041 3241 1100 3280 se
1129 3224 1382 3278 hostibus
1412 3221 1744 3284 dediderint,
1801 3221 1896 3277 sed

318 3323 503 3395 potius
531 3319 676 3391 quod
705 3317 1046 3373 deseruerint
1072 3330 1292 3385 gregem
1315 3314 1552 3375 Domini,
1590 3328 1691 3367 nec
1716 3313 1893 3381 ipsum

323 3413 700 3477 custodierint,
733 3426 797 3465 ac
834 3410 1030 3464 fratres
1057 3409 1151 3479 qui
1200 3407 1598 3476 persecutionis
1652 3414 1895 3475 tempore

326 3508 661 3563 vexabantur
681 3503 1081 3559 confirmarint.
1120 3500 1178 3555 Si
1207 3515 1337 3554 vero
1367 3500 1686 3554 ceciderunt
1720 3516 1786 3553 ex
1830 3513 1895 3553 eo

317 3603 463 3672 quod
486 3619 545 3659 se
576 3616 859 3672 perperam
897 3599 1190 3668 gesserint,
1233 3598 1545 3667 superbiam
1578 3597 1686 3660 hic,
1721 3604 1775 3653 et
1806 3612 1892 3649 ar—

318 3695 657 3765 rogantiam;
706 3692 804 3762 τὴν
834 3689 1168 3760 περπερείαν
1220 3703 1444 3752 vocans,
1471 3687 1612 3756 quod
1642 3702 1705 3740 ex
1739 3701 1893 3739 arro-

317 3788 502 3860 gantia
534 3785 785 3841 ﬁduciam
813 3784 867 3837 in
900 3799 961 3839 se
1000 3785 1134 3853 ipsis
1169 3797 1399 3851 posuere
1420 3821 1435 3845 ,
1491 3780 1889 3836 dissolverant-

316 3894 424 3949 que
452 3885 751 3942 certamen,
783 3890 847 3929 ac
881 3891 941 3930 se
993 3875 1143 3945 ipsos
1172 3874 1553 3944 vituperarunt
1585 3889 1600 3938 ;
1652 3871 1755 3925 hoc
1781 3879 1887 3931 est,

318 3973 424 4026 sibi
446 3969 581 4040 ipsis
615 3969 881 4023 inaculam
914 3968 987 4021 ob
1013 3968 1226 4038 lapsum
1265 3969 1613 4027 inusserunt,
1643 3965 1697 4019 in
1732 3977 1890 4018 sacro

316 4061 624 4117 ministerio
654 4058 861 4117 versari
907 4058 1040 4127 ipsis
1089 4057 1324 4126 amplius
1373 4055 1518 4109 haud
1567 4055 1713 4109 licet.
1750 4052 1893 4113 Ρι·ο-,

315 4163 501 4227 pterea
524 4154 800 4216 studeant,
827 4149 1023 4217 inquit,
1048 4148 1232 4219 potius
1254 4148 1310 4202 in
1338 4146 1645 4201 humilitate
1672 4143 1889 4198 confes-

315 4244 524 4296 sionem
549 4252 831 4308 peragere,
851 4243 1133 4292 cessantes
1153 4237 1406 4292 videlicet
1429 4236 1498 4291 ab
1518 4235 1664 4289 inani
1688 4232 1887 4304 gloria.

313 4331 470 4398 Quod
514 4330 661 4385 enim
712 4342 870 4384 sacro
911 4326 1217 4382 ministerio
1261 4323 1466 4380 ascribi
1505 4324 1803 4394 postulent,
1855 4337 1889 4376 ι

2001 3139 2131 3205 (ρους
2175 3137 2558 3207 κλονουμένους
2588 3139 2644 3190 tv
2672 3136 2749 3206 τῷ
2783 3135 2960 3208 καιρῷ
2991 3135 3085 3189 τοῦ
3123 3136 3390 3208 διωγμοῦ.
3432 3137 3494 3189 Et
3522 3134 3574 3188 δὲ

2000 3230 2347 3283 πεπτώκασιν
2378 3232 2441 3282 ὲκ
2478 3229 2811 3300 περπερείας
2834 3268 2847 3291 ,
2886 3229 3216 3299 περπερείαν
3262 3229 3310 3282 δ’
3352 3226 3575 3282 ἐνταῦθα

1995 3323 2093 3393 τὴν
2140 3321 2313 3391 οἴησιν
2366 3322 2458 3374 καὶ
2511 3320 2607 3390 τὴν
2655 3318 2968 3383 ἀλαζονείαν
3011 3318 3198 3371 καλεῖ’
3233 3319 3319 3373 ὃτι
3361 3319 3418 3385 ἐξ
3452 3317 3575 3371 ἀλα·
3649 3357 3657 3367 .

1996 3413 2204 3476 ζονείας
2238 3414 2546 3484 ἐθάρρησαν
2574 3414 2803 3473 ἑαυτοῖς,
2836 3411 2930 3464 καὶ
2960 3410 3050 3464 τὸν
3084 3410 3273 3478 ἀγῶνα
3307 3410 3575 3463 ὑπέλυσαν

1997 3506 2087 3556 καὶ
2120 3506 2344 3566 ἑαυτοὺς
2368 3504 2750 3574 ὲμιυμήσαντο,
2791 3502 2910 3554 ἀντὶ
2949 3500 3065 3563 τοῦ,
3108 3500 3196 3554 διὰ
3227 3502 3333 3571 τὴν
3375 3499 3576 3559 πτῶσιν

1999 3597 2187 3667 μῶμον
2217 3598 2521 3667 ἐπήνεγκαν
2550 3596 2793 3656 ἑαυτοῖς,
2828 3593 3010 3646 οὐκέτι
3048 3592 3307 3647 δύνανται
3339 3593 3574 3661 λειτουρ-

1993 3693 2128 3757 γεῖν.
2165 3688 2255 3741 Διὸ
2297 3684 2748 3758 φροπιζέτωσαν,
2785 3684 2952 3752 λέγει,
2997 3683 3195 3754 μᾶλλον
3230 3685 3293 3738 tv
3324 3668 3575 3737 ταπεινο-

1995 3780 2268 3851 φροσύνῃ,
2323 3779 2439 3842 πῶς
2481 3778 2819 3833 ὲκτελέσουσι
2868 3775 2967 3845 τὴν
3000 3774 3324 3845 ὁμολογίαν,
3377 3772 3574 3844 δηλαδὴ

1991 3870 2326 3939 παυσάμενοι
2379 3869 2477 3938 τῆς
2546 3864 2868 3930 κενοδοξίας.
2928 3865 3000 3916 Τὸ
3070 3863 3175 3936 γὰρ
3225 3862 3574 3933 λειτουργίαν

1991 3961 2192 4031 ζητεῖν,
2245 3958 2331 4013 διὰ
2376 3958 2710 4024 κενοδοξίαν,
2766 3957 2931 4026 φησὶ,
2966 3956 3193 4023 γίνεται.
3230 3956 3421 4025 Ἀρκεῖ
3467 3952 3572 4024 γὰρ

1990 4051 2171 4113 αὐτοῖς
2211 4051 2243 4120 ἡ
2287 4048 2540 4101 κοινωνία
2567 4086 2581 4108 ,
2632 4048 2796 4114 ἤγουν
2843 4046 2905 4098 τὸ
2960 4047 3345 4112 συγκοινωνεῖν
3393 4043 3572 4103 αὐτοῖς

1988 4141 2113 4203 τοὺς
2147 4137 2404 4202 πιστοὺς,
2445 4139 2563 4208 ἢτοι
2609 4135 2997 4207 συνεύχεσθαι,
3044 4137 3076 4206 ἢ
3113 4136 3206 4188 καὶ
3246 4135 3359 4187 τῶν
3412 4133 3572 4187 θείων

1993 4230 2304 4301 μυστηρίων
2357 4229 2675 4299 μετάληψις.
2725 4228 2833 4281 Καὶ
2883 4224 3056 4278 ταῦτα
3089 4223 3205 4294 μετ’
3246 4223 3573 4284 ἐπιστασίας

1989 4322 2084 4374 καὶ
2104 4319 2384 4391 ἀκριϐείας
2405 4320 2690 4391 γενόμενα,
2712 4319 2807 4373 καὶ
2828 4317 2915 4370 ἵνα
2941 4316 3016 4388 μὴ
3040 4315 3231 4383 δόξωσι
3254 4313 3569 4373 λυπεῖσθαι,

310 4425 498 4485 studio
520 4420 833 4478 ambitionis
864 4417 1252 4489 proﬁciscitur.
1279 4408 1886 4479 Sulﬁcitnamqueipsis

2001 4412 2130 4482 μετά
2156 4412 2276 4482 βίας
2305 4412 2791 4482 περιδρασσόμενοι
2817 4411 2914 4478 τῆς
2958 4407 3204 4461 ἐντεῦθεν
3231 4407 3569 4466 ἀναλύσεως.

309 4514 647 4599 communio,
670 4520 728 4567 ut
759 4526 883 4567 cum
905 4509 1042 4579 ipsis
1066 4508 1329 4563 nimirum
1357 4505 1543 4561 ﬁdeles
1576 4506 1884 4557 communi-

309 4617 457 4672 cent,
487 4622 552 4662 ac
579 4592 687 4661 una
713 4611 1003 4675 precentur
1020 4640 1037 4666 ,
1088 4600 1175 4656 vel
1190 4606 1473 4652 sacrorum
1498 4592 1882 4662 mysteriorum

311 4699 609 4775 perceptio.
640 4701 820 4767 Atque
850 4695 966 4749 hac
992 4691 1215 4763 quidem
1264 4697 1419 4746 certo
1447 4689 1682 4747 consilio
1710 4688 1880 4745 sedu-

312 4794 471 4863 laque
500 4787 977 4845 administratione
1006 4783 1175 4848 ﬁunt,
1208 4788 1323 4836 tum
1351 4798 1421 4838 ne
1447 4781 1734 4841 videantur
1760 4794 1881 4834 mo~

312 4885 463 4939 testia
519 4880 689 4942 allici,
727 4879 855 4933 hine
899 4874 1316 4930 dissolutionem
1354 4874 1479 4928 vitae
1512 4874 1878 4953 arripientes,

313 4990 378 5027 ne
404 4971 614 5026 scilicet
645 4964 921 5028 molestia,
948 4961 1145 5032 inquit,
1197 4960 1410 5027 allecti,
1444 4960 1711 5017 decedant
1763 4956 1878 5016 sel-

310 5072 518 5126 ventes,
548 5077 576 5115 a
601 5073 831 5129 corpore
851 5055 1103 5110 videlicet
1134 5054 1511 5116 abscedentes,
1550 5053 1620 5108 ob
1644 5053 1751 5106 vim
1768 5062 1881 5106 tor-

307 5167 638 5213 mentorum,
694 5150 1214 5216 alﬁictationumque
1250 5161 1387 5215 quas
1435 5146 1490 5199 in
1540 5159 1758 5199 carcere
1784 5158 1877 5212 pa-

1989 4504 2081 4557 καί
2123 4503 2209 4556 ἵνα
2236 4502 2310 4574 μὴ
2344 4501 2701 4572 λυπούμενοι,
2750 4500 2911 4570 φησὶν
2934 4539 2948 4563 ,
2981 4498 3288 4551 ἀπέλθωσιν
3320 4494 3569 4551 ἐντεῦθεν

1988 4596 2328 4660 ἀναλύοντες,
2356 4594 2574 4648 ἀπὸτοῦ
2609 4593 2859 4665 σώματος
2904 4591 3143 4661 δηλονότι
3192 4588 3567 4660 ἐξερχόμενοι,

1989 4688 2128 4760 μετά
2174 4688 2294 4759 βίας
2325 4690 2424 4759 τῆς
2472 4688 2538 4742 ἐκ
2578 4686 2682 4740 τῶν
2729 4685 3003 4742 κολάσεων
3054 4684 3147 4738 καὶ
3183 4682 3285 4750 τῆς
3336 4685 3395 4734 ὲν
3449 4681 3568 4740 ταῖς

1985 4782 2226 4852 εἱρκταῖς
2276 4780 2674 4844 κακοπαθείας
2721 4780 2815 4833 καὶ
2857 4779 2943 4832 ἴνα
2993 4777 3067 4848 μή
3101 4792 3243 4837 τινες
3290 4772 3570 4844 πρόφασιν

1986 4872 2154 4944 σχῶσι
2178 4872 2272 4925 τοῦ
2300 4871 2588 4944 ἐκλυθῆναι
2619 4872 2713 4926 καὶ
2738 4868 3079 4942 χαυνωϐῆναι
3107 4866 3239 4938 πρὸς
3258 4865 3352 4916 τὸν
3377 4861 3567 4929 ἀγῶνα

1981 4963 2082 5033 τῆς
2104 4962 2422 5034 ὁμολογίας,
2465 4964 2558 5016 καὶ
2601 4960 2689 5016 διὰ
2726 4959 2883 5014 τοῦτο
2914 4959 3165 5012 ἐκπεσεῖν
3187 4994 3201 5017 ,
3239 4954 3340 5023 τὴν
3395 4949 3556 5004 ἐπιτί-

1985 5073 2168 5127 μησιν.
2208 5055 2415 5117 Οἶτινες
2468 5053 2667 5122 μᾶλλον
2711 5050 3179 5121 αίσχυνΟήσονται,
3224 5044 3367 5099 κατά
3413 5042 3474 5095 τὸ
3505 5041 3564 5093 tv

1982 5145 2335 5216 Εὑαγγελίοις
2365 5144 2682 5216 εἰρημένονο
2720 5146 2824 5211 ⁸ος
2849 5141 3125 5212 θεμέλιον
3155 5141 3266 5193 οὐκ
3296 5138 3565 5205 ἴσχυσεν

1979 5237 2311 5292 ἐκτελέσαι.

304 5246 548 5307 titmtur;
598 5255 661 5293 ac
689 5255 757 5293 ne
782 5239 872 5307 qui
903 5237 1313 5292 excusationem
1338 5234 1629 5305 prmferant
1661 5234 1877 5287 “IUlCUP.

301 5344 490 5410 hujus,
523 5338 592 5391 ob
614 5351 777 5406 quam
808 5336 862 5389 in
891 5332 1259 5389 confessionis
1294 5332 1597 5386 certamine
1636 5329 1940 5385 dissolutos
1964 5346 2028 5387 ac
2070 5334 2296 5404 ignavos
2348 5350 2407 5389 se
2464 5341 2774 5405 gesserunt,
2824 5340 2987 5401 atque
3040 5330 3163 5384 ideo
3217 5322 3560 5381 ceciderunt.

300 5433 401 5497 Qui
459 5429 642 5500 potius
693 5427 893 5483 rubore
929 5425 1332 5490 suﬂ‘undcntur,
1377 5423 1531 5493 juxta
1567 5421 1696 5477 illud
1732 5422 1874 5491 quod
1913 5424 1965 5478 in
1999 5424 2290 5499 Evangelio
2320 5428 2520 5482 dicitur
2567 5446 2581 5482 :
2638 5428 2740 5493 Qui
2785 5425 3183 5492 fundamentum
3231 5432 3335 5473 non
3390 5420 3560 5484 potui!

200 5520 203 5523 ’
297 5525 564 5597 perfice".

1921 5653 1985 5666 ..Ω
