3944 6386
360 299 457 363 501

1463 310 1550 373 ΙΝ
1601 309 1842 373 EPIST.
1879 311 1938 373 S.
1975 310 2210 371 PETRI
2246 310 2473 373 ALEX.

3470 307 3572 370 502

365 438 763 511 ἐπεξήτησις
807 440 1097 515 φερομένη
1153 443 1304 497 κατὰ
1366 442 1475 499 τοῦ
1532 441 1918 508 Nautium-oc

2018 436 2286 507 Digressio
2319 448 2437 505 qua:
2463 441 2575 488 tota
2613 444 2861 488 adversus
2899 431 3233 489 Mazalonem
3262 435 3570 493 intenditur.

1013 512 1237 568 ἅπασα.

436 619 909 692 Ἐπιστησάτωσαν
932 620 991 700 δέ
1023 621 1114 674 τὸν
1145 619 1268 674 νοῦν
1305 622 1414 684 τοῖς
1443 620 1594 692 παρά
1624 619 1717 674 τοῦ
1755 619 1920 691 μεγά-

351 710 442 763 λου
482 711 636 765 τοῦδε
672 712 884 784 Πατρδς
916 712 1008 765 καλ⁵
1057 711 1447 783 ἰερομάρτυρος
1490 712 1794 783 εἰρημένοις
1829 712 1918 764 ἐν·

349 800 525 856 ταῦθα
564 802 614 855 οἰ
657 802 904 871 λέγοντες
937 802 1191 858 δύνασθαι
1234 803 1391 865 τοῦ(
1404 803 1677 875 ἀρχιερεῖς
1719 819 1919 874 παραι-

349 890 558 944 τεῖσθαι
601 891 700 956 τὰς
726 893 1016 964 ἐκκλησίας
1057 893 1255 958 αύτῶν,
1298 896 1391 949 καὶ
1427 896 1798 965 παρακρατεῖν
1820 892 1918 964 τὴν

354 981 667 1053 ἐρωσύνην.
702 984 763 1035 Εἰ
791 984 897 1054 γὰρ
927 986 975 1036 οἱ
1015 984 1148 1056 πρὸς
1173 985 1455 1058 ὁμολογίας
1484 984 1668 1054 ἀγῶνα
1704 985 1919 1048 ἑκόντες

349 1074 687 1142 ὁρμήσαντες
741 1073 1010 1145 κληρικοί,
1045 1076 1138 1128 καὶ
1182 1076 1529 1140 κολασθέντες
1566 1079 1659 1131 καὶ
1695 1078 1769 1148 μὴ
1808 1078 1920 1131 ἐπι-

268 1200 273 1203 τ
352 1165 650 1232 μείναντες,
681 1165 814 1220 ἀλλὰ
840 1166 1094 1231 ἐνδόντες,
1132 1165 1249 1222 εἶτα
1274 1168 1733 1232 ἀναπαλαίσαντες
1767 1169 1917 1238 μόλις

349 1253 623 1320 ἀξιοῦνται
653 1255 996 1328 συγγνώμης,
1025 1261 1103 1322 εἰς
1139 1259 1198 1311 τὸ
1232 1260 1331 1330 τὴν
1352 1260 1687 1330 λειτουργίαν
1716 1259 1918 1314 ἀναϐα-

347 1347 479 1399 λείν’
509 1346 651 1400 κατὰ
678 1346 769 1400 τὸν
804 1347 943 1400 θεῖον
969 1349 1423 1425 τοῦτονλΠατέρα,
1449 1350 1599 1402 οὐδὲν
1627 1350 1808 1420 ἕτερον
1834 1352 1919 1417 ἐγ-

350 1435 689 1506 καλούμενοι,
729 1437 761 1507 ἢ
798 1438 856 1489 τὸ
905 1438 1219 1491 καταλιπεῖν
1262 1438 1386 1502 τοὺς
1440 1439 1719 1508 ἀδελφοὺς,
1760 1439 1919 1493 δυνά-

350 1542 500 1593 μενοι
532 1526 712 1589 αὐτοῖς
754 1530 811 1580 ἐν
846 1528 1019 1598 καιρῷ
1063 1527 1428 1597 περιστάσεως
1467 1528 1753 1598 εῦχρηστοι
1780 1523 1916 1580 εἶναι

348 1619 427 1680 είς
455 1617 515 1671 τὸ
549 1619 819 1689 στηρίζειν
848 1621 1062 1689 αὐτοὺς,
1092 1620 1185 1673 καὶ
1210 1618 1379 1672 ταῦτα
1414 1618 1714 1690 μαρτυρίας
1752 1617 1917 1683 ἀξιω-

346 1708 548 1773 θέντες,
574 1710 664 1761 καὶ
686 1710 753 1762 τὰ
776 1711 1042 1781 στίγματα
1067 1712 1157 1764 τοῦ
1191 1710 1425 1782 Χριστοῦ
1449 1712 1506 1762 ἐν
1530 1713 1597 1781 τῇ
1627 1711 1787 1780 σαρκὶ
1819 1710 1917 1762 αύ-

2084 612 2356 680 Adjiciant
2386 624 2550 681 porro
2591 610 2830 664 animum
2877 609 2946 665 iis
2972 626 3092 680 quae
3129 612 3198 667 ab
3246 612 3348 667 hoc
3378 626 3573 683 magno

2015 699 2198 765 Patre,
2229 715 2293 755 ac
2323 708 2512 755 sancto
2544 706 2781 770 martyre
2811 698 2915 752 hoc
2945 698 3066 753 loco
3093 700 3257 753 allata
3286 710 3437 764 sunt,
3477 705 3569 771 qui

2016 792 2206 847 dicunt
2232 792 2506 863 episcopis
2536 782 2699 846 licere
2741 790 3002 847 ecclesias
3031 807 3159 847 suas
3188 792 3483 855 dimittere,
3509 808 3576 846 ac

2017 883 2305 938 sacerdotii
2335 881 2652 952 dignitatem
2701 881 2957 935 retinere.
3012 880 3225 936 Etenim
3275 885 3321 938 si
3362 885 3574 939 clericis

2017 973 2110 1044 qui
2134 980 2327 1044 sponte
2356 988 2415 1027 se
2446 971 2730 1027 certamini
2757 971 3120 1028 confessionis
3152 975 3484 1044 objecerant,
3512 992 3574 1028 ac

2016 1062 2300 1119 tormentis
2330 1061 2510 1115 allecti
2544 1061 2725 1115 minus
2756 1068 3074 1115 constanter
3101 1064 3446 1130 obstiterant,
3480 1065 3573 1119 sed

2018 1160 2303 1223 postquam
2349 1159 2649 1215 cesserant,
2684 1151 2739 1207 in
2784 1159 3057 1207 certamen
3097 1153 3446 1210 redeuntibus
3485 1156 3572 1208 vix

2016 1242 2335 1298 conceditur
2362 1243 2539 1306 venia,
2563 1241 2708 1312 quod
2757 1256 2974 1297 sacrum
3020 1243 3383 1299 ministerium
3424 1247 3574 1300 obire

2017 1332 2392 1400 distulissent;
2440 1347 2542 1388 nec
2567 1347 2634 1387 ex
2683 1332 2846 1400 hujus
2888 1333 3058 1387 divini
3091 1331 3268 1388 Patris
3306 1337 3575 1391 sententis

2016 1424 2311 1494 quidquam
2339 1422 2485 1477 aliud
2514 1424 2647 1493 ipsis
2676 1425 2956 1492 objicitur,
2993 1441 3155 1495 quam
3192 1426 3342 1495 quod
3379 1425 3574 1482 fratres

2016 1514 2405 1577 deseruissent,
2439 1530 2563 1568 cum
2592 1515 2834 1569 adversis
2859 1530 2923 1569 ac
2960 1516 3290 1573 turbulentis
3320 1520 3578 1588 tempori-

2019 1606 2121 1660 bus
2153 1618 2372 1675 possent
2405 1606 2532 1675 ipsis
2569 1607 2623 1659 in
2671 1605 2774 1660 ﬁde
2801 1608 3187 1662 conlirmandis
3227 1623 3350 1664 esse
3380 1610 3574 1673 utiles;

2019 1692 2180 1762 idque
2208 1709 2333 1748 cum
2388 1704 2440 1748 et
2468 1694 2614 1763 digni
2654 1693 2822 1747 habiti
2873 1705 3057 1749 essent
3085 1697 3175 1762 qui
3209 1698 3574 1752 testimonium

345 1798 454 1851 τῶν
502 1800 1086 1870 περιφέροντεςθπῶς
1136 1802 1421 1873 ἀρχιερεὺς
1461 1802 1553 1853 καὶ
1598 1799 1818 1870 ποιμὴν,
1858 1799 1917 1862 ὃς

2018 1783 2363 1853 perhiberent
2393 1783 2535 1848 ﬁdei,
2567 1791 2617 1837 et
2651 1784 2905 1853 stigmata
2954 1785 3156 1841 Christi
3186 1788 3240 1841 in
3281 1803 3380 1843 sua
3411 1804 3577 1844 carne

342 1886 547 1952 ὀφείλει
571 1887 773 1942 τιθέναι
795 1888 892 1959 τὴν
920 1889 1094 1961 ψυχὴν
1124 1891 1261 1961 ὑπὲρ
1286 1889 1391 1943 τῶν
1426 1888 1727 1957 προϐάτων,
1750 1904 1917 1941 κατα-

345 1975 519 2031 λιπὼν
545 1977 640 2049 τὴν
669 1978 1117 2048 ἐμπιστευθεῖσαν
1145 1981 1375 2050 ποίμνην
1406 1976 1573 2048 αὐτῷ,
1603 1978 1694 2030 καὶ
1717 1995 1916 2050 παραι-

344 2068 648 2138 τησάμενος
685 2070 784 2140 τὴν
826 2072 993 2142 αὐτῆς
1032 2071 1286 2143 φροντίδα
1327 2072 1420 2125 καὶ
1460 2069 1792 2140 ἐπιμέλειαν,
1822 2065 1916 2122 καὶ

344 2162 468 2213 ὅσον
516 2159 577 2213 τὸ
625 2163 743 2214 κατ’
785 2163 945 2216 αὐτὸν
986 2166 1098 2227 τοῖς
1140 2163 1322 2227 λύκοις
1352 2151 1552 2233 ταύτην
1587 2157 1913 2220 ἐκδεδωκὼς,

344 2248 664 2320 ἀντέχεσθαι
694 2252 790 2322 τῆς
818 2248 1155 2324 λειτουργίας
1175 2252 1381 2316 δίκαιος
1402 2250 1799 2322 λογισθήσεται,
1825 2247 1917 2300 καί⁸

343 2339 406 2392 ού
443 2337 640 2408 μᾶλλον
695 2340 1007 2412 βαρυτάτων
1051 2342 1337 2412 ἐπιτιμίων
1382 2342 1698 2413 κριθήσεται
1748 2338 1916 2403 ἄξιος.

342 2434 432 2489 διά
464 2438 562 2509 τὴν
603 2434 697 2490 τοῦ
742 2433 1087 2498 ἀνατεθέντος
1131 2433 1278 2505 αὐτῷ
1325 2434 1453 2488 λαοῦ
1507 2435 1915 2507 ἐγκατάλειψινς

357 2526 517 2581 Ἀλλὰ
542 2527 635 2580 καὶ
658 2527 825 2596 γέρας
855 2525 993 2597 ὑπὲρ
1036 2524 1236 2595 ταύτης
1263 2526 1494 2596 αἰτήσει,
1522 2526 1554 2598 ἦ
1593 2526 1790 2597 μᾶλλον
1823 2528 1919 2580 αῦ-

344 2615 437 2678 τὺς
462 2616 638 2687 ἐαυτῷ
670 2616 926 2688 παρέξει·
967 2615 1028 2668 τὺ
1078 2614 1175 2686 μὲν
1221 2615 1387 2669 κόπον
1438 2616 1728 2688 πρυξενοῦν
1770 2615 1918 2687 αὺτῷ

345 2707 795 2778 παραιτούμενος,
829 2706 928 2775 τὴν
954 2705 1297 2761 διδασκαλίαν
1339 2707 1480 2777 φημὶ
1528 2709 1621 2760 καὶ
1667 2708 1765 2779 τήν
1808 2708 1918 2760 τῶν

347 2800 727 2871 σφαλλομένων
756 2800 1057 2872 διόρθωσιν,
1082 2799 1140 2852 τὸ
1177 2799 1232 2852 δὲ
1265 2798 1417 2862 δόξαν
1452 2799 1545 2853 καὶ
1574 2801 1736 2871 τιμὴν
1762 2817 1919 2872 περι-

345 2893 533 2949 ποιοῦν
579 2893 988 2964 παρακατέχων,
1039 2892 1131 2943 καὶ
1174 2889 1559 2960 οἰκειούμενος,
1611 2891 1703 2943 καὶ
1731 2891 1917 2944 τούτου

344 2986 513 3059 ἀπρὶξ
543 2986 816 3057 ἐχόμενος,
843 2984 936 3038 καί
972 2983 1135 3053 μηδὲν
1167 2981 1572 3053 μεθιστάμενος.
1607 2984 1667 3034 Ei
1696 2983 1802 3054 γὰρ
1828 2983 1919 3036 ἐπὶ

2015 1872 2428 1926 circumferrem
2459 1893 2470 1928 :
2504 1888 2738 1944 quonam
2773 1874 2935 1928 modo
2965 1891 3215 1934 summus
3245 1879 3502 1934 sacerdos
3524 1892 3578 1935 ct

2017 1975 2221 2036 pastor,
2254 1965 2344 2035 qui
2394 1980 2490 2035 pro
2532 1967 2724 2020 ovibus
2760 1965 2918 2020 debet
2949 1970 3185 2024 animam
3218 1985 3440 2041 ponere,
3482 1972 3577 2027 de-

2017 2065 2163 2109 serto
2194 2071 2354 2126 grege
2393 2058 2493 2110 sibi
2535 2060 2852 2124 commisso,
2888 2063 3115 2131 ejusque
3156 2078 3287 2116 cura
3316 2072 3370 2118 et
3398 2065 3578 2119 admi—

2018 2147 2342 2202 nistratione
2386 2150 2686 2216 repudiata,
2722 2162 2776 2205 et
2807 2162 3071 2221 quantum
3112 2154 3329 2223 quidem
3372 2156 3425 2210 in
3458 2156 3576 2229 ipso

2016 2248 2099 2291 est
2127 2253 2191 2292 eo
2218 2241 2356 2307 lup‘s
2383 2241 2619 2308 prodito,
2655 2242 2848 2313 dignus
2874 2245 3150 2313 pulabitur
3176 2247 3266 2314 qui
3301 2248 3577 2301 sacri'mio

2018 2331 2228 2383 nisterii
2284 2331 2602 2400 dignitatem
2662 2336 2927 2398 retineat,
2976 2352 3039 2390 ac
3077 2353 3185 2390 non
3240 2339 3577 2401 gravissimis

2019 2422 2200 2490 potius
2230 2423 2405 2491 paruis
2434 2424 2577 2491 quod
2611 2426 2711 2478 sibi
2735 2428 3170 2482 commendatum
3200 2431 3458 2498 populum
3483 2431 3577 2485 de-

2019 2513 2273 2575 seruerit,
2308 2513 2654 2569 mulctandus
2683 2530 2805 2569 esse
2826 2517 3198 2584 judicabitur?
3229 2520 3370 2584 Quin
3397 2522 3577 2590 potius
3636 2566 3643 2571 .

1963 2627 1971 2631 κ
2017 2601 2086 2656 ob
2118 2618 2237 2657 eam
2284 2619 2396 2658 rem
2433 2608 2715 2674 praemium
2758 2608 3037 2677 deposcet,
3070 2611 3178 2663 imo
3210 2611 3312 2665 sibi
3350 2611 3579 2681 ipsemet

2019 2691 2418 2761 suppeditabit;
2463 2696 2605 2765 quod
2631 2697 2847 2765 quidem
2892 2699 3127 2754 laborem
3160 2700 3261 2769 ipsi
3294 2700 3447 2756 allen
3490 2718 3587 2766 re;
3616 2708 3619 2713 ’

2019 2796 2242 2846 eusans,
2297 2782 2524 2838 docendi
2572 2787 2823 2841 videlicet
2875 2804 3073 2843 munus
3119 2791 3358 2860 vitiaque
3403 2794 3580 2846 corri-

2011 2870 2211 2938 gendi;
2274 2870 2422 2940 quod
2468 2888 2598 2928 vero
2643 2875 2870 2943 gloriam
2900 2877 3006 2947 18
3040 2894 3103 2934 ac
3126 2882 3293 2935 decus
3322 2881 3577 2937 conciliat

2011 2963 2362 3028 amplectens,
2402 2962 2619 3032 sibique
2651 2966 2952 3028 asciscens,
2974 2968 3360 3041 mordicusque
3382 2974 3435 3028 id
3457 2990 3583 3029 reue

345 3055 978 3149 xkqptxdarrmpﬂoyo;
1020 3072 1309 3143 ὠνομάσθη
1353 3073 1566 3143 πρᾶξις,
1604 3073 1663 3124 τὸ
1707 3074 1918 3129 καταλι-

2022 3070 2177 3113 nens,
2227 3069 2403 3124 neque
2433 3055 2516 3109 vel
2543 3055 2814 3111 tantillum
2865 3058 3169 3114 remittens.
3209 3057 3442 3149 Si_enim
3489 3061 3574 3113 ubi

346 3171 467 3222 πεῖν
489 3168 578 3222 τὸν
622 3167 767 3229 λαὸν,
802 3168 894 3219 καὶ
934 3164 1069 3235 πρὸς
1100 3163 1190 3217 τὸν
1220 3163 1358 3234 ὑπὲρ
1380 3162 1655 3225 εὐσεϐείας
1692 3165 1920 3232 αὐτομο-

344 3260 503 3329 λῆσαι
532 3257 716 3327 ἀγῶνα
734 3274 747 3287 ο
777 3257 926 3327 πόσῳ
952 3253 1112 3308 πλέον
1138 3253 1587 3325 παραλογώτερον
1616 3255 1678 3307 ἂν
1707 3254 1917 3325 κριθείη

345 3350 440 3401 ἐπὶ
486 3348 784 3402 ἐπισκόπου
829 3346 1214 3409 καταλιπόντος
1269 3344 1361 3398 τὸν
1404 3346 1599 3397 οἰκεῖον
1632 3344 1777 3404 λαὸν,
1825 3347 1918 3397 καὶ

342 3439 406 3492 οὐ
440 3437 576 3509 πρὸς
619 3436 803 3505 ἀγῶνα
855 3433 1174 3506 χωροῦντος,
1230 3434 1363 3505 πρὸς
1406 3433 1684 3505 ῥᾳστώνην
1726 3433 1780 3485 δὲ
1828 3435 1920 3485 καὶ

343 3529 665 3590 ἀνάπαυσιν,
684 3527 777 3581 καὶ
798 3524 1093 3597 φροντίδων
1118 3524 1256 3595 ὑπὲρ
1275 3523 1540 3593 ὠφελείας
1567 3523 1753 3594 ψυχῶν
1788 3524 1920 3577 ἀπόο

344 3619 494 3672 θεσιν
520 3620 615 3673 καὶ
639 3618 968 3688 ἀπόδρασιν;
993 3617 1104 3670 Καὶ
1135 3618 1163 3669 ὁ
1188 3621 1263 3680 ις’
1289 3615 1345 3667 δὲ
1370 3614 1548 3669 κανὼν
1567 3615 1665 3685 τῆς
1686 3614 1917 3685 ἑϐδόμης

344 3712 724 3782 οἰκουμενικῆς
771 3708 986 3764 συνόδου
1029 3707 1226 3779 πολλὴν
1258 3706 1583 3778 ἀϐελτηρίαν
1630 3709 1921 3778 κατηγορεῖ

342 3801 452 3854 τῶν
482 3798 863 3871 ψηφιζομένων
885 3798 1140 3853 δύνασθαι
1191 3797 1317 3860 τοὺς
1367 3799 1641 3869 ἀρχιερεῖς
1680 3798 1774 3861 τὰς
1810 3800 1921 3849 ἐπι-

346 3893 555 3956 σκοπὰς
578 3890 975 3962 παραιτεῖσθαι,
1000 3890 1098 3961 τὴν
1119 3891 1177 3945 δὲ
1205 3889 1502 3961 ἱερωσύνην
1527 3894 1914 3967 παρακρατεῖν.

348 3988 409 4040 Ei
434 3986 541 4057 γὰρ
563 3986 703 4040 κατά
729 3986 820 4040 τὸν
844 3987 1128 4057 εἰρημένον
1155 3987 1353 4039 κανόνα
1380 3988 1409 4039 ό
1431 3987 1743 4051 ἐπίσκοπος,
1780 3987 1918 4058 ὑπὲρ

346 4076 405 4128 τὸ
437 4076 700 4146 ἑξάμηνον
733 4076 830 4146 τῆς
862 4074 1068 4139 οἰκείας
1105 4075 1460 4147 ἀποδημήσας
1500 4076 1802 4146 ἐπισκοπῆς
1827 4075 1918 4146 [av

350 4167 447 4237 μή]
485 4168 613 4238 μιᾶς
648 4167 755 4220 τῶν
790 4166 1259 4239 ἀπηριθμημένων
1298 4168 1356 4220 ὲν
1392 4166 1540 4237 αὐτῷ
1586 4167 1795 4232 αἰτιῶν,
1825 4168 1919 4221 καὶ

343 4261 444 4329 τῆς
474 4261 774 4332 δπισκοπῆς
804 4261 899 4314 καὶ
931 4261 1028 4332 τῆς
1071 4260 1477 4331 ἀρχιερωσύνης
1521 4261 1795 4325 ἐκπίπτει,
1826 4263 1920 4314 καὶ

345 4350 548 4418 ἀμφοῖν
572 4348 923 4421 ἠλλοτρίωται
941 4365 953 4379 ·
984 4348 1099 4413 πῶς
1121 4351 1150 4402 ό
1173 4349 1643 4420 παραιτησάμενος
1672 4349 1770 4420 τὴν
1802 4351 1921 4403 ἐπι-

348 4440 576 4510 σκοπὴν,
600 4440 693 4493 καὶ
718 4439 1098 4510 ἀπαγορεύσας
1128 4438 1321 4509 μηκέτι
1353 4437 1655 4508 ποιμαίνειν
1680 4438 1738 4490 τὸ
1757 4439 1918 4508 ἐμπι-

347 4530 568 4587 σπυθέν
621 4530 768 4602 αὐτῷ
822 4531 1088 4600 ποίμνιον,
1122 4532 1215 4584 καὶ
1262 4530 1362 4599 τῆς
1406 4528 1594 4581 τούτου
1644 4528 1918 4599 φροντίδος

344 4621 436 4677 διὰ
468 4621 583 4692 βίου
617 4623 1051 4692 καταφρονήσας,
1081 4620 1167 4692 εἴη
1208 4620 1274 4674 ἂν
1314 4618 1631 4691 ἀρχιερεύςς
1668 4620 1731 4672 Εἰ
1758 4618 1865 4690 γὰρ
1890 4621 1920 4673 ό

345 4712 408 4764 τὸ
432 4706 594 4784 ἦττον
621 4711 965 4781 ἁμαρτάνων,
997 4711 1056 4763 τὸ
1088 4710 1178 4763 ἐπὶ
1217 4710 1375 4762 πλέον
1411 4708 1759 4778 ἐξαμηνιαίου
1800 4726 1920 4761 και-

352 4801 445 4873 ροῦ
486 4801 802 4856 καταλιπεῖν
846 4801 937 4854 τὸν
990 4802 1080 4855 ὑπ’
1116 4800 1276 4854 αὐτὸν
1322 4798 1448 4853 λαὸν
1491 4799 1820 4883 ἀποίμαντόν
1861 4815 1919 4851 τε

348 4895 441 4948 καὶ
456 4893 812 4964 ἀτημέλητον,
832 4892 1100 4946 ἐκπτώσει
1146 4893 1240 4945 καὶ
1263 4892 1360 4960 τῆς
1386 4889 1688 4959 ἐπισκοπῆς
1718 4890 1808 4941 καὶ
1822 4889 1920 4957 τῆς

349 4984 647 5057 ἱερωσύνης
672 4987 958 5061 ἀφίσταται
996 5003 1009 5014 θ
1038 4987 1065 5038 ὁ
1095 4985 1155 5038 τὸ
1181 4983 1372 5054 μᾶλλον
1403 4982 1495 5035 καί
1536 4981 1596 5034 τὸ
1620 4980 1922 5034 πολλαπλά-

352 5092 463 5128 σιον
501 5075 856 5145 πλημμελῶν,
905 5075 965 5128 τὸ
1008 5075 1072 5127 δι’
1101 5074 1221 5127 ὅλου
1255 5071 1571 5127 καταλιπεῖν
1612 5070 1680 5123 τὰ
1721 5070 1918 5139 πλήθη,

351 5165 493 5233 άπερ
527 5163 676 5233 αὐτῷ
701 5165 1013 5217 ἐπισκοπεῖν
1040 5181 1100 5216 τε
1123 5164 1215 5216 καὶ
1239 5165 1371 5234 όρᾷν
1395 5164 1427 5232 ή
1456 5161 1549 5214 τοῦ
1579 5161 1718 5213 θείου
1751 5161 1922 5214 Πνεύσ-

356 5274 522 5324 ματος
565 5256 724 5328 χάρις
770 5256 1006 5319 ἀνέθετο,
1062 5255 1258 5326 μᾶλλον
1291 5252 1356 5306 ἂν
1405 5251 1490 5322 εἴη
1536 5251 1743 5315 δίκαιος
1792 5264 1922 5317 epo-

351 5344 598 5414 δρότερον
629 5342 1074 5412 κολασθήσεσθαι,
1107 5341 1200 5393 καὶ
1251 5338 1468 5410 μείζονα
1517 5335 1781 5407 τιμωρίαν
1820 5336 1920 5403 ὑφ-

354 5433 494 5497 έξειν
512 5434 612 5503 τῆς
630 5436 751 5488 ὅσον
780 5433 866 5484 ἐπ’
890 5431 1079 5501 ἐκείνῳ
1106 5429 1375 5492 ἀπωλείας
1406 5427 1676 5496 ποιμνίου,
1711 5420 1770 5479 οὗ
1800 5442 1923 5494 προ-

353 5525 626 5593 εχειρίσθη
657 5523 853 5598 ποιμὴν
880 5521 1028 5594 παρὰ
1050 5521 1141 5574 τοῦ
1188 5520 1400 5592 πρώτου
1427 5520 1520 5572 καὶ
1553 5516 1783 5588 μεγάλου
1820 5519 1921 5585 ἀρ-

354 5617 579 5688 χιεερέωι
601 5616 692 5669 καί
723 5614 1121 5687 ἀρχιποιμένος.
1147 5614 1208 5665 Οἱ
1239 5611 1294 5665 δέ
1325 5611 1418 5664 καὶ
1444 5611 1610 5680 γέρας
1647 5608 1792 5678 αὑτῷ
1830 5610 1922 5661 καὶ

362 5709 598 5779 ἀμοιϐὴν
613 5705 708 5775 τῆς
740 5706 1115 5777 παραιτήσεως
1150 5701 1596 5771 ἐπιψηφιξόμενοι
1640 5699 1734 5768 τὴν
1770 5701 1921 5766 ἱερως

2019 3144 2086 3198 de
2118 3146 2332 3216 clericis
2372 3152 2456 3201 est
2502 3161 2702 3210 sermo,
2741 3148 2885 3203 actio
2932 3150 3129 3205 rationi
3169 3133 3373 3207 absona
3405 3153 3581 3206 nomi-

2020 3242 2142 3286 nata
2173 3236 2239 3288 sit
2269 3234 2516 3288 deserere
2557 3236 2836 3304 pupulum,
2869 3244 3032 3306 atque
3061 3238 3127 3291 ad
3161 3247 3435 3293 certamen
3468 3243 3584 3310 pie:

2019 3325 2145 3376 tntis
2179 3339 2344 3376 causa
2390 3324 2806 3392 lransmigrare;
2847 3336 3054 3394 quanto
3100 3327 3150 3379 id
3196 3328 3365 3398 magis
3410 3347 3442 3383 a
3494 3345 3581 3382 ru.

2018 3413 2165 3467 tione
2198 3413 2433 3468 alienum
2480 3416 2535 3469 in
2571 3417 2828 3486 episcopo
2862 3417 3217 3485 judicabitur,
3265 3421 3354 3488 qui
3410 3435 3581 3490 popu-

2020 3505 2129 3557 lum
2158 3520 2317 3559 suum
2358 3506 2580 3571 deserit,
2614 3522 2723 3561 non
2755 3515 2814 3562 ut
2847 3507 2913 3561 ad
2939 3517 3214 3563 certamen
3247 3508 3453 3574 tendat,
3487 3514 3579 3566 sed

2020 3601 2079 3647 ut
2108 3594 2274 3664 quieti
2298 3609 2357 3650 se
2394 3610 2456 3649 ac
2497 3595 2805 3650 remissioni
2836 3596 3037 3655 tradat.
3071 3612 3342 3668 curasque
3369 3614 3465 3668 pro
3494 3617 3582 3653 Sn-

2021 3688 2135 3743 lute
2163 3687 2467 3742 animarum
2496 3687 2731 3757 deponat
2754 3702 2817 3741 ac
2845 3686 3086 3758 eﬂ‘ugiat.
3114 3687 3367 3744 Decimus
3394 3702 3578 3745 serius

2019 3794 2238 3850 quoque
2267 3793 2443 3833 canon
2489 3777 2733 3846 septimae
2767 3779 3116 3832 meumenirte
3156 3781 3369 3849 synodi,
3403 3782 3582 3833 stulti-

2022 3872 2114 3925 tia!
2136 3869 2373 3941 graviter
2405 3878 2625 3923 accusat
2648 3884 2743 3923 eos
2771 3868 2863 3938 qui
2898 3868 2965 3922 ab
2987 3870 3266 3940 episcopo,
3300 3871 3584 3940 repudiato

2020 3962 2362 4031 episcOpatu,
2388 3959 2529 4013 sacri
2549 3959 2835 4013 ministerii
2857 3958 3173 4028 dignitatem
3192 3960 3411 4014 retineri
3422 3976 3583 4031 pos~e

2019 4054 2337 4108 decernunt.
2368 4048 2433 4104 Si
2471 4064 2706 4119 namque
2737 4064 2803 4102 ex
2835 4049 3062 4105 canonis
3107 4049 3255 4103 allati
3287 4054 3579 4114 sententia,

2019 4143 2308 4213 episcOpus
2337 4141 2432 4211 qui
2461 4141 2601 4195 ultra
2634 4148 2896 4195 semestre
2927 4146 3143 4210 tempus
3181 4156 3210 4194 a
3243 4156 3343 4195 suo
3368 4140 3584 4211 episco-

2020 4243 2146 4306 patu
2183 4235 2438 4298 abfuerit,
2474 4233 2578 4289 nisi
2615 4246 2722 4286 una
2770 4232 2952 4302 aliqua
2980 4246 3047 4287 ex
3091 4230 3159 4288 iis
3194 4248 3314 4303 quae
3361 4233 3432 4287 ibi
3480 4250 3583 4287 nu-

2020 4335 2323 4390 merantur,
2377 4340 2544 4380 causa
2600 4323 3002 4391 intercesserit,
3051 4333 3105 4379 et
3162 4327 3481 4395 episcopatu
3528 4334 3582 4377 tl

1948 4440 1993 4495 Β
2022 4413 2217 4470 summi
2243 4411 2536 4467 sacerdotii
2566 4411 2830 4483 dignitate
2860 4411 3084 4477 excidit,
3126 4429 3189 4468 ac
3219 4422 3450 4484 utroque
3472 4419 3586 4484 pri-

2020 4515 2216 4560 vatur:
2243 4520 2479 4574 quonam
2509 4507 2672 4561 modo
2703 4509 2794 4576 qui
2838 4505 3143 4576 repudiavit
3186 4506 3581 4576 episcopatum,

2020 4597 2394 4667 creditumque
2421 4598 2526 4652 sibi
2551 4614 2767 4668 gregem
2797 4598 2974 4652 adhuc
2995 4612 3219 4666 pascere
3238 4600 3459 4652 omnino
3487 4599 3585 4652 ab-

2020 4690 2159 4756 nuit,
2190 4689 2419 4758 ejusque
2446 4704 2633 4744 curam
2668 4690 2859 4745 inertis
2884 4691 3004 4744 vita:
3039 4690 3220 4745 studio
3259 4696 3580 4752 conteanI,

2021 4781 2199 4836 adhuc
2238 4783 2291 4836 in
2327 4784 2706 4852 episcoporum
2745 4795 2977 4835 numero
3016 4780 3341 4836 habebitur?
3366 4763 3606 4836 Etenim"

2022 4873 2065 4926 si
2100 4872 2193 4940 qui
2233 4873 2414 4927 minus
2455 4871 2742 4940 delinquit,
2786 4879 2845 4925 ut
2893 4872 3033 4925 ultra
3064 4877 3328 4925 semestre
3369 4878 3585 4940 tempus

2022 4965 2323 5027 subiectum
2373 4962 2478 5018 sibi
2522 4962 2776 5032 populum
2821 4961 3050 5031 pastoris
3095 4976 3227 5015 cura
3259 4970 3313 5015 et
3348 4960 3586 5015 admini-

2022 5055 2284 5108 stratione
2313 5055 2634 5108 destitutum
2680 5053 2970 5120 relinquat,
3002 5053 3358 5122 episcopatus
3402 5059 3457 5105 et
3495 5068 3586 5106 sa-

2020 5161 2128 5199 (τι-ω
2155 5145 2435 5214 dignitatis
2466 5145 2818 5212 privationem
2840 5144 3107 5210 incurrit;
3139 5145 3230 5214 qui
3263 5143 3314 5196 iu
3353 5157 3416 5197 eo
3437 5144 3581 5211 quod

2021 5236 2200 5305 majus
2240 5245 2294 5291 ct
2334 5235 2518 5289 multis
2564 5235 2809 5304 partibus
2852 5236 3078 5305 gravius
3125 5243 3229 5297 est,
3269 5240 3477 5305 peccat,
3525 5243 3586 5287 ut

2023 5329 2425 5383 multitudinem
2450 5343 2612 5398 quam
2634 5330 2735 5397 ipsi
2766 5328 3063 5383 curandam
3093 5337 3146 5383 et
3166 5325 3581 5382 custodiendam

2023 5419 2196 5474 sancti
2236 5418 2474 5488 Spiritus
2514 5418 2688 5488 gratia
2734 5417 3028 5477 commisit,
3074 5417 3298 5470 omnino
3337 5416 3582 5471 deserat:

2021 5511 2217 5566 merito
2238 5511 2404 5580 plane
2444 5509 2700 5578 punietur
2726 5508 3124 5567 vehementius,
3172 5505 3587 5575 gravioremqtze

2023 5617 2236 5672 pmnam
2269 5602 2561 5672 persolvet,
2589 5599 2803 5670 perditi,
2835 5598 2979 5665 quod
3009 5598 3062 5651 iu
3097 5597 3216 5666 ipse
3244 5602 3351 5656 est,
3382 5606 3583 5664 gregis.

2016 5697 2179 5763 rujlts
2208 5696 2318 5763 ipse
2341 5705 2532 5763 .pasltu‘
2555 5709 2581 5746 a
2612 5692 2875 5763 primario
2911 5690 3002 5744 illo
3027 5704 3088 5743 ac
3117 5703 3373 5757 supremo
3399 5699 3588 5740 sacer-
