3944 6386
264 318 364 379 ἴίῶ

1396 318 1469 377 tN
1502 316 1735 378 EPIS'l‘.
1770 316 1827 378 S.
1861 315 2094 376 PETRI
2132 316 2349 380 ALEX.

3380 308 3484 370 £06

266 450 506 511 νάμενοι,
540 440 657 509 ἤτοι
703 439 776 509 μὴ
819 434 1196 496 τελειώσαντες
1244 433 1304 486 τὸ
1355 433 1546 487 καλόν·
1598 431 1693 484 νῦν
1740 433 1820 486 καῖ

1932 441 2168 484 mentum
2203 440 2402 486 tectum
2424 447 2639 502 quoque
2665 430 3065 511 fabricaverint,
3092 446 3185 491 seu
3209 432 3354 502 quod
3385 433 3478 485 lio-

267 532 606 603 κατασκευὴν
633 531 818 584 τούτου
846 547 904 582 τε
925 528 1018 582 καὶ
1043 527 1148 579 τῶν
1176 525 1375 578 λοιπῶν
1400 518 1610 593 ἐπάγει,
1637 524 1826 591 λέγων’

266 627 329 679 Οἱ
358 625 465 695 γάρ
491 626 550 678 ἐν
582 624 659 694 τῷ
688 624 977 694 βράσματι,
1008 622 1172 690 ἤγουν
1217 622 1273 673 ἐν
1317 622 1382 688 τῇ
1414 620 1563 687 ἀκμῇ
1593 617 1685 669 τοῦ
1711 619 1832 673 διω-

266 716 408 785 γμοῦ
434 718 726 785 ἱστάμενοι,
749 714 841 767 καὶ
869 713 1096 783 ὁρῶντες
1119 711 1185 765 τά
1217 710 1486 780 μαρτύρια
1508 709 1617 761 τῶν
1642 708 1827 773 ἁγίων,

267 807 363 861 καὶ
418 807 566 869 ὅπως
625 805 909 859 σπεύδουσι
958 804 1083 866 τοὺς
1137 803 1195 865 ἐξ
1251 801 1490 872 οὐρανῶν
1542 802 1831 870 στεφάνους

265 895 448 950 λαϐεῖν
497 897 634 950 κατά
661 896 822 964 ζῆλον
871 895 1030 957 θεῖον,
1084 892 1353 945 ἐπεδίδουν
1403 891 1627 951 ἑαυτοὺς
1657 893 1735 952 εἰς
1771 891 1829 942 τὸ

269 987 566 1057 μαρτύρων
618 987 754 1056 μετὰ
794 985 1100 1054 παρρησίας
1163 983 1394 1051 πολλῆς,
1457 981 1552 1033 καὶ
1602 980 1831 1050 μάλιστα

266 1075 349 1129 ὅτι
370 1075 593 1127 ἐϐλεπόν
607 1092 758 1137 τινας
780 1072 1229 1142 ὐποσυρομένους,
1252 1071 1371 1136 ἀντι⁹
1398 1070 1512 1132 τοῦ,
1539 1069 1831 1138 κλεπτομέ-

267 1182 389 1227 νους
416 1166 507 1217 καὶ
551 1165 936 1233 ἀπατωμένους
969 1162 1072 1215 ὑπὸ
1113 1162 1204 1214 τοῦ
1250 1161 1514 1222 διαϐόλου,
1552 1162 1644 1214 καὶ
1673 1162 1829 1213 ἐκπῖ-

269 1274 517 1319 πτοντας,
552 1257 667 1325 ἢτοι
702 1255 1059 1326 ἀρνουμένους
1092 1254 1188 1323 τὴν
1222 1252 1498 1304 εὐσέϐειαν
1518 1268 1531 1280 ο
1559 1247 1633 1302 ὧν
1672 1251 1829 1322 χάριν

264 1348 783 1418 ὐποθερμαινόμενοι
805 1345 1020 1406 ἔσωθεν,
1046 1345 1162 1413 ῆτοι
1182 1343 1277 1411 τὴν
1304 1342 1524 1413 καρδίαν
1553 1342 1827 1411 πυρούμε-

267 1455 366 1500 νοι,
391 1436 464 1499 ὡς
505 1438 596 1489 καὶ
638 1436 921 1497 ἀκούοντες
963 1434 1561 1503 καταπολεμῆσαι,ἧτοι
1608 1434 1826 1501 νικῆσαι

263 1526 351 1579 διὰ
379 1525 568 1578 τούτου
614 1526 701 1578 τὸν
753 1524 981 1588 ἀλαζόνα
1024 1526 1116 1576 καὶ
1154 1523 1524 1591 ἀντικείμενον
1563 1522 1823 1583 διάϐολον,

264 1613 595 1667 ἐσπούδασαν
629 1614 882 1666 ὐποδΣναι
914 1612 973 1664 τὸ
1001 1612 1314 1682 μαρτύριον,
1342 1612 1426 1663 ἵνα
1456 1610 1527 1680 μὴ
1552 1611 1828 1681 καυχήση-

264 1722 349 1757 ται
378 1707 405 1758 ὁ
444 1705 682 1768 διάϐολος
734 1704 828 1758 καὶ
874 1702 1217 1774 δόξηκέαυτῷ
1262 1702 1520 1773 φρόνιμος
1565 1699 1719 1763 εἶναι,
1752 1702 1826 1765 ὡς

262 1797 487 1866 νικήσας
502 1795 639 1848 κατά
657 1794 986 1864 πανουργίαν
1007 1795 1129 1856 τοὺς
1149 1794 1620 1864 αὐτομολήσαντας
1634 1810 1647 1823 ο
1665 1796 1713 1845 εἰ
1733 1794 1825 1847 καὶ

259 1887 515 1940 ἐλάνθανε
539 1887 732 1957 μᾶλλον
762 1886 1008 1939 νικᾶσθαι
1036 1886 1139 1938 ὐπὸ
1168 1885 1272 1938 τῶν
1308 1884 1551 1955 ἀθλητῶν
1571 1884 1675 1937 τῶν
1701 1901 1827 1953 καρ-

261 1979 601 2049 τερησάντων
640 1978 736 2042 τάς
786 1979 1061 2047 βασάνους.
1109 1979 1231 2039 Τοῖς
1277 1975 1404 2043 γοῦν
1436 1978 1643 2039 πιστοῖς
1679 1975 1824 2041 ἄξιόν

257 2070 426 2132 ἐστιν,
462 2058 771 2138 εὐχομένοις
790 2070 929 2138 ὑπὲρ
958 2068 1133 2120 αὐτῶν
1158 2067 1264 2120 τῶν
1290 2066 1705 2137 τιμωρηθέντων
1731 2065 1824 2118 καὶ

255 2159 616 2228 ἡττηθέντων,
646 2159 928 2221 ἐπινεύειν,
962 2161 1078 2228 ἦτοι
1112 2157 1436 2228 συντρέχειν,
1469 2158 1497 2209 ὃ
1530 2174 1582 2209 τι
1623 2158 1714 2209 καὶ
1738 2157 1824 2209 δέ·-

235 2249 462 2312 ’δοκται,
494 2249 586 2302 καὶ
617 2251 757 2303 κατά
792 2267 842 2302 τι
881 2251 940 2302 οὐ
971 2249 1194 2319 βλάπτει
1244 2247 1584 2322 συμπάσχειν
1616 2248 1709 2300 καὶ
1736 2247 1826 2299 λυ-

260 2338 478 2392 πεῖσθαι
507 2338 645 2408 μετὰ
674 2340 782 2392 τῶν
803 2341 1000 2407 γονέων
1022 2340 1055 2408 ἢ
1080 2340 1185 2391 τῶν
1214 2339 1384 2400 ἄλλως
1415 2338 1825 2408 προσῳκειωμέ-

257 2445 365 2480 νων
398 2427 536 2499 ὑπὲρ
585 2430 693 2482 τῶν
726 2429 1209 2501 μαρτυρησάντων,
1254 2430 1347 2482 καὶ
1392 2429 1824 2482 ἐκπεπτωκότων

257 2518 368 2572 ἀπὸ
399 2518 647 2589 μηχανῆς
674 2518 766 2571 τοῦ
786 2518 1049 2573 διαϐόλου.
1082 2517 1419 2587 Γινώσκομεν
1443 2515 1568 2585 γὰρ,
1600 2516 1674 2579 ὡς
1700 2516 1825 2569 πολ-

258 2608 343 2660 λοὶ
375 2611 692 2680 ἀπήλαυσαν
736 2610 827 2663 τοῦ
861 2610 1041 2672 ἐλέους
1084 2611 1178 2663 καὶ
1209 2610 1307 2679 τῆς
1354 2608 1687 2678 ἀγαθότητος
1728 2605 1822 2660 τοῦ

258 2699 395 2752 Θεοῦ
425 2699 513 2752 διά
541 2702 702 2771 εὐχῆς
749 2701 969 2773 ἐτέρων.
1000 2700 1098 2753 Διά
1125 2717 1203 2752 τοι
1235 2698 1390 2755 τοῦτο
1432 2699 1613 2760 αὐτοῖς
1643 2714 1704 2750 τε
1735 2699 1823 2750 δο-

257 2789 416 2858 θῆναι
450 2788 642 2857 ἄφεσιν
687 2790 834 2860 παρὰ
876 2788 968 2841 τοῦ
1018 2788 1152 2841 Θεοῦ
1184 2788 1556 2857 ἐξαιτήσομεν,
1583 2789 1677 2840 καὶ
1712 2790 1824 2851 τοῖς

258 2880 439 2942 ἄλλοις
464 2882 574 2942 τοῖς
605 2879 1002 2941 ἐκπεπτωκόσι,
1030 2880 1120 2932 καὶ
1144 2880 1277 2949 μετά
1304 2878 1473 2931 ταῦτα
1501 2878 1596 2948 τὴν
1620 2877 1824 2948 πλάνην

255 2969 748 3039 ἀνακαλεσαμένοις
802 2969 895 3022 καὶ
950 2969 1312 3038 ὀμολογήσασι
1358 2969 1457 3039 τὴν
1509 2967 1821 3029 εὐσέϐειαν,

260 3061 790 3129 συγκοινωνήσομεν,
840 3059 1170 3130 μεμνημένοι
1196 3058 1302 3112 τῶν
1346 3058 1451 3129 πρὸ
1499 3058 1595 3125 τῆς
1620 3055 1826 3110 ἐκπτώ-
1850 3099 1891 3153 c

1931 537 2058 574 num
2090 528 2176 576 est
2224 537 2333 577 non
2376 522 2702 590 perfecerint
2728 543 2741 578 :
2769 537 2916 576 nunc
2951 522 3115 589 hujus
3159 534 3212 577 et
3240 522 3475 590 reliquo-

1931 624 2051 660 rum
2081 608 2546 662 conﬁrmationem
2586 609 2813 672 inducit,
2849 609 3035 664 dicens
3063 608 3202 672 :Qui
3242 609 3385 662 enim
3423 609 3480 661 in

1931 696 2325 764 persecutionis
2368 695 2600 760 fervore,
2649 713 2743 753 seu
2778 697 3117 751 vehementia
3158 706 3383 757 stantes,
3426 705 3481 749 et

1931 786 2171 839 videntes
2200 795 2508 840 sanctorum
2538 788 2816 856 martyria,
2851 795 2905 839 et
2934 787 3204 854 quomodo
3232 786 3482 839 etelestes

1929 888 2158 950 coronas
2187 876 2370 929 divino
2402 877 2517 930 zelo
2559 878 2803 945 accipere
2850 877 3196 938 contendant,
3243 892 3301 931 se
3335 877 3483 946 ipsos

1930 963 2133 1015 dabant
2187 964 2445 1033 martyrio
2476 981 2598 1018 cum
2651 966 2818 1019 multa
2860 966 3128 1022 libertate.
3160 976 3214 1018 et
3251 966 3484 1019 maxime

1929 1055 2055 1122 quia
2082 1056 2334 1109 videbant
2363 1057 2627 1124 quosdam
2653 1058 2982 1119 subtractos,
3013 1058 3115 1110 hoc
3145 1064 3228 1110 est
3257 1055 3483 1109 eductos

1929 1137 1981 1197 et
2015 1144 2270 1213 deceptos
2300 1160 2330 1198 a
2374 1147 2615 1208 diabolo,
2646 1154 2701 1200 et
2732 1147 2915 1215 lapsos
2954 1162 3050 1200 seu
3082 1153 3339 1214 negantes
3371 1146 3482 1214 pie-

1929 1243 2093 1288 tatem
2122 1255 2136 1290 :
2170 1238 2517 1305 quamobrem
2551 1238 2780 1292 interius
2822 1238 3035 1293 accensi
3067 1254 3160 1292 seu
3200 1240 3364 1293 corde
3395 1239 3481 1292 in-

1928 1324 2207 1388 llannnati,
2237 1328 2411 1396 utqui
2451 1327 2700 1382 audirent
2732 1344 2790 1384 se
2815 1343 2912 1397 per
2948 1328 3051 1381 hoc
3092 1327 3393 1382 debellasse
3419 1342 3482 1382 ac

1929 1417 2121 1469 vicisse
2173 1417 2465 1485 superbum
2509 1418 2881 1474 adversarium
2921 1418 3214 1477 diabolum,
3254 1419 3480 1472 studue-

1929 1516 2055 1559 runt
2085 1507 2269 1562 subire
2291 1511 2630 1578 martyrium,
2663 1525 2731 1563 ne
2752 1509 3013 1579 glorietur
3033 1508 3280 1562 diabolus
3305 1515 3357 1561 et
3381 1507 3482 1561 sibi

1928 1598 2168 1666 prudens
2198 1613 2320 1654 esse
2350 1599 2617 1663 videatur,
2648 1609 2709 1653 ιιι
2731 1601 2821 1668 qui
2848 1599 3146 1662 calliditate
3176 1614 3274 1653 sua
3294 1606 3346 1652 et
3371 1615 3482 1652 ma-

1928 1690 2038 1741 litia
2069 1704 2161 1743 eos
2193 1690 2384 1744 vicerit
2414 1692 2506 1758 qui
2546 1705 2646 1745 sua
2670 1697 2864 1759 sponte
2902 1690 2970 1744 ad
3009 1690 3329 1759 martyrium
3352 1703 3482 1743 cono

1858 1766 1896 1819 Β
1926 1778 2219 1848 fugerunt:
2258 1781 2419 1835 etiam
2470 1780 2515 1834 si
2544 1796 2666 1834 eum
2715 1781 2871 1834 latuit
2909 1795 2969 1836 se
3013 1781 3186 1849 magis
3230 1778 3373 1832 vinci
3415 1778 3487 1831 ab

1925 1868 2163 1929 athletis,
2195 1870 2288 1937 qui
2323 1876 2590 1923 tormenta
2623 1868 2835 1923 fortiter
2867 1870 3109 1938 perpessi
3139 1875 3286 1923 sunt.
3328 1865 3481 1921 Fide.

1925 1957 2070 2010 libus
2103 1968 2232 2027 ergo
2255 1959 2538 2013 orantibus
2568 1973 2782 2028 aequum
2814 1967 2898 2012 est
2927 1973 3025 2028 pro
3057 1958 3188 2027 ipsis
3217 1958 3481 2026 supplicio

1925 2046 2130 2101 allectis
2151 2056 2204 2102 et
2231 2048 2458 2118 punitis,
2490 2063 2750 2111 annuere,
2788 2048 2902 2102 sive
2928 2050 2981 2102 in
3008 2047 3112 2103 hoc
3136 2062 3481 2110 concurrere,

1923 2137 2068 2205 quod
2096 2138 2259 2192 etiam
2292 2138 2466 2192 visum
2506 2144 2610 2203 est,
2657 2146 2711 2193 et
2743 2139 2925 2207 aliquo
2957 2137 3119 2192 modo
3151 2140 3283 2191 nihil
3319 2138 3480 2200 laedit,

1925 2243 2029 2280 una
2059 2244 2182 2281 cum
2213 2230 2530 2299 parentibus
2556 2228 2640 2283 vel
2666 2229 2790 2284 aliis
2821 2228 3222 2284 necessitudine
3255 2229 3479 2298 conjun-

1874 2343 1881 2350 -
1923 2320 2049 2382 etis,
2080 2335 2178 2388 pro
2213 2319 2280 2374 iis
2306 2321 2400 2389 qui
2431 2320 2804 2376 testimonium
2841 2321 3107 2375 dederunt
3136 2322 3480 2390 martyrium-

1924 2425 2029 2478 que
2058 2413 2368 2475 subierunt,
2402 2413 2494 2468 sed
2539 2413 2679 2482 lapsi
2713 2421 2843 2468 sunt
2873 2412 3073 2467 diaboli
3104 2420 3219 2466 arte
3256 2424 3307 2466 et
3347 2412 3481 2466 insi-

1923 2501 2048 2562 diis,
2096 2501 2279 2557 dolere
2321 2511 2375 2557 et
2427 2505 2649 2559 tristitia
2700 2503 2856 2557 allici.
2893 2502 3108 2557 Scimus
3151 2504 3295 2558 enim
3338 2505 3480 2573 quod

1923 2589 2079 2642 multi
2129 2591 2425 2645 bonitatem
2473 2601 2527 2647 et
2574 2592 3004 2648 misericordiam
3068 2592 3162 2647 Dei
3201 2593 3479 2647 consecuti

1925 2688 2052 2733 sunt
2082 2696 2179 2748 per
2208 2681 2436 2735 aliorum
2465 2684 2761 2738 orationes.
2798 2682 3029 2752 Ideoque
3055 2693 3108 2738 et
3137 2685 3270 2752 ipsis
3302 2684 3418 2737 dari
3449 2704 3479 2736 ει

1925 2768 2033 2823 Deo
2061 2779 2409 2839 peccatorum
2440 2773 2813 2828 remissionem
2834 2774 3252 2842 postnlabimus,
3282 2781 3337 2828 et
3356 2774 3478 2827 aliis

1923 2863 2016 2932 qui
2049 2864 2182 2933 lapsi
2224 2874 2371 2925 sunt,
2401 2871 2454 2918 et
2485 2873 2671 2933 postea
2703 2880 2945 2920 errorem
2991 2873 3383 2920 revocaverunt
3414 2872 3479 2920 oet

1924 2952 2175 3021 pietatem
2212 2953 2450 3007 confessi
2484 2960 2633 3017 sunt,
2685 2954 3228 3017 communicabimus,
3271 2968 3479 3009 memo-

1923 3058 2013 3095 res
2040 3058 2229 3097 eorum
2264 3059 2383 3113 quae
2412 3053 2556 3098 ante
2594 3045 2803 3114 lapsum
2836 3053 3055 3115 propter
3091 3044 3258 3098 Deum
3309 3048 3479 3099 sustiv

256 3167 397 3211 σεως
447 3150 668 3216 ἀγώνων
699 3149 895 3212 αὐτῶν,
945 3142 1019 3201 ὧν
1053 3149 1363 3217 ὐπήνεγκαν
1404 3148 1493 3201 διὰ
1520 3148 1611 3200 τὸν
1662 3148 1818 3213 Θεὸν,

1920 3142 2160 3189 nuerunt
2194 3137 2572 3205 certaminum,
2602 3146 2655 3193 et
2681 3140 2841 3192 etiam
2881 3141 3031 3193 bona:
3059 3155 3246 3194 eorum
3292 3150 3479 3208 postea

253 3238 393 3293 ἀλλὰ
423 3240 535 3309 μὴν
555 3239 648 3291 καὶ
676 3238 770 3292 τοῦ
801 3239 938 3308 μετὰ
963 3237 1130 3292 ταῦτα
1153 3239 1353 3306 ἀγαθοῦ
1379 3238 1679 3309 μεταμέλοι)
1710 3238 1825 3292 τού-

252 3344 383 3389 των,
417 3328 512 3380 καὶ
546 3329 624 3381 ὅτι
658 3327 1067 3398 μεμαρτύρηται
1110 3327 1487 3391 ἀπολιτεύτους
1515 3328 1821 3397 λογίζεσθαι

252 3418 479 3480 ἑαυτοὺς
512 3418 596 3472 διά
628 3419 953 3489 ἁμάρτημα·
994 3418 1086 3471 καὶ
1111 3419 1171 3471 οὐ
1204 3418 1361 3488 μόνον
1397 3419 1823 3490 συγκοινωνήσο-

257 3525 360 3577 μεν
385 3509 587 3572 αὐτοῖς.
619 3507 752 3563 ἀλλά
782 3508 874 3561 καὶ
901 3507 1263 3578 συνευξάμεθα
1290 3507 1429 3577 ὑπὲρ
1465 3505 1692 3577 ἱλασμοῦ
1724 3509 1821 3560 αὐ-

254 3599 365 3651 τῶν
402 3601 537 3668 μετά
561 3600 665 3652 τῶν
709 3599 880 3652 ἄλλων
912 3599 1017 3651 τῶν
1059 3599 1436 3667 καθηκόντων,
1484 3598 1650 3668 ἤγουν
1683 3598 1821 3669 μετά

253 3688 364 3741 τῶν
390 3689 713 3756 ὁφειλουσῶν
738 3689 974 3757 γίνεσθαι
996 3688 1247 3742 εὐποιιῶν
1281 3689 1407 3759 περὶ
1436 3689 1675 3753 τούτους,
1736 3708 1822 3760 νη-

254 3778 439 3839 στείας
468 3778 724 3847 δηλονότι,
773 3778 1133 3848 ἐλεημοσύνης
1162 3779 1255 3831 καὶ
1299 3778 1583 3848 μετανοίας
1604 3794 1618 3807 ο
1655 3779 1722 3831 δι’
1745 3773 1818 3831 ὧν

251 3870 281 3920 δ
314 3868 596 3936 γινόμενος
645 3868 985 3939 παράκλητος
1031 3870 1170 3938 ὑπὲρ
1216 3871 1369 3938 ἡμῶν
1419 3869 1818 3939 ἐξευμενίςεται

254 3961 388 4028 ἡμῖν
421 3959 513 4010 τὸν
555 3959 788 4030 Πατέρα.
832 3944 1104 4012 Εἷταξκαὶ
1149 3965 1341 4029 χρήσει
1379 3958 1640 4029 κέχρηται
1683 3975 1817 4029 γρα-

252 4050 412 4118 φικῇ.
460 4048 523 4100 Ἡ
559 4048 616 4101 δέ
647 4050 791 4101 ἐστιν
837 4050 899 4100 ἐκ
941 4048 1038 4118 τῆς
1085 4047 1307 4119 πρώτης
1354 4047 1644 4115 ωθολικῆς
1700 4046 1819 4100 ἐπι-

253 4142 446 4211 στολῆς
473 4140 565 4193 τοῦ
595 4141 748 4209 ἁγίου
778 4140 1070 4194 ἀποστόλου
1100 4141 1192 4192 καὶ
1219 4138 1598 4207 εὐαγγελιστοῦ
1640 4139 1817 4196 Ἰωάν-

250 4249 344 4284 νου
352 4273 365 4286 .
1208 4282 1215 4287 .

321 4323 563 4377 ΖΩΝΑΡ.
616 4324 672 4376 Ὀ
712 4324 835 4387 νοῦς
874 4323 967 4376 τοῦ
1009 4322 1272 4394 παρόντος
1309 4322 1530 4385 κανόνος
1575 4320 1815 4384 τοιοῦτός

1922 3227 2277 3296 ρωιιὶιοῐιιὶσι,
2321 3237 2376 3282 et
2422 3229 2565 3299 quod
2590 3245 2648 3284 se
2690 3230 2838 3298 ipsos
2885 3230 3064 3284 testati
3117 3237 3242 3286 sunt
3285 3244 3407 3285 esse
3448 3244 3478 3283 ει

1921 3318 2142 3372 civitate
2182 3320 2389 3375 alienos
2417 3328 2638 3389 propter
2668 3329 2947 3389 peceatum
2983 3338 2995 3374 :
3047 3328 3101 3376 et
3148 3336 3257 3374 non
3302 3320 3479 3374 solum

1920 3407 2055 3478 ipsis
2084 3412 2629 3476 communicabimus,
2676 3414 2770 3469 sed
2797 3423 2845 3468 et
2877 3427 2975 3482 pro
3003 3428 3189 3466 eorum
3229 3413 3479 3466 reconci-

1921 3499 2141 3555 liatione
2179 3503 2482 3569 orabimus,
2517 3518 2640 3558 cum
2692 3505 2813 3558 aliis
2843 3519 2963 3568 qua:
2990 3504 3166 3566 decet,
3211 3518 3306 3557 seu
3352 3518 3475 3556 eum

1918 3591 2078 3645 bonis
2122 3592 2379 3661 operibus
2428 3608 2549 3662 quae
2587 3592 2786 3665 debent
2835 3593 2903 3647 ab
2944 3591 3077 3662 ipsis
3108 3592 3243 3654 fieri,
3272 3590 3478 3660 jejunio

1921 3682 2150 3743 scilicet,
2200 3683 2543 3755 eleemosyna
2593 3691 2647 3739 et
2675 3684 3024 3753 paenitentia;
3064 3698 3159 3751 per
3199 3697 3339 3751 quae,
3385 3681 3480 3751 qui

1919 3788 2018 3841 pro
2062 3774 2219 3827 nobis
2252 3782 2334 3827 est
2368 3774 2684 3837 advocatus,
2717 3772 2931 3828 Patrem
2982 3773 3139 3827 nobis
3183 3772 3475 3841 propitium

1919 3862 2345 3933 benevolumque
2386 3863 2564 3920 efficit.
2609 3864 2814 3919 Deinde
2858 3872 2911 3919 et
2954 3879 3123 3919 sacrm
3178 3864 3477 3930 Scriptura:

1919 3954 2186 4007 sententia
2223 3970 2354 4008 usus
2384 3962 2487 4009 est.
2527 3955 2602 4008 Ea
2633 3971 2762 4010 vero
2790 3963 2873 4010 est
2896 3971 2959 4008 ex
2993 3955 3162 4024 prima
3192 3955 3465 4008 catholica

1917 4044 2143 4111 cpistola
2172 4045 2345 4099 sancti
2376 4046 2603 4114 apostoli
2637 4055 2688 4099 ct
2713 4045 3054 4114 evangelista:
3082 4041 3329 4100 Joannis.

1988 4306 2188 4360 Zomn.
2225 4305 2398 4374 liujns
2450 4309 2677 4364 canonis
2733 4310 2997 4364 sententia
3051 4309 3319 4378 ejusmodi
3371 4316 3471 4366 est.

251 4415 398 4466 ἐστιν
417 4429 431 4443 ·
459 4415 520 4466 Οἱ
550 4415 606 4466 ἐν
634 4413 710 4484 τῷ
741 4413 1032 4485 βράσματι,
1058 4414 1209 4484 φησὶ,
1233 4412 1327 4465 τοῦ
1356 4412 1619 4483 διωγμοῦ,
1645 4413 1809 4482 ἤγουν

1920 4396 2020 4461 Qui
2056 4396 2109 4448 in
2163 4394 2400 4457 fervore.
2444 4399 2640 4468 inquit,
2688 4401 3104 4470 persecutionis,
3136 4401 3240 4454 hoc
3287 4409 3372 4455 est
3422 4403 3475 4454 in

250 4506 307 4557 ἐν
338 4507 404 4575 τῇ
440 4506 631 4575 ἀκμῇ,
673 4507 738 4574 τῇ
782 4503 927 4568 ζέσει
971 4504 1284 4572 ἱστάμενοι,
1333 4503 1426 4555 καὶ
1465 4503 1699 4574 ὁρῶντες
1744 4504 1811 4556 τὰ

254 4594 526 4665 μαρτύρια
552 4594 658 4646 τῶν
688 4595 892 4662 ἁγίων,
936 4595 1030 4646 καὶ
1070 4594 1216 4656 ὅπως
1257 4592 1543 4645 σπεύδουσι
1592 4595 1717 4657 τοὺς
1753 4595 1810 4657 ἐξ

248 4683 478 4754 οὐρανοῦ
508 4685 801 4752 στεφάνους
831 4682 1011 4735 λαϐεῖν
1035 4721 1050 4745 ,
1077 4683 1216 4736 κατά
1252 4681 1411 4751 ζῆλον
1457 4681 1600 4739 θεῖον
1632 4683 1812 4736 ἐπεδί-

248 4774 371 4827 δουν
403 4775 630 4837 ἑαυτοὺς
658 4777 734 4836 είς
754 4773 821 4826 τὰ
851 4773 1140 4844 μαρτύρια,
1178 4772 1316 4842 μετὰ
1343 4772 1652 4844 παρρησίας
1680 4772 1779 4825 πολ

248 4864 346 4935 λῆς
390 4867 728 4937 ὁρμήσαντες
776 4866 855 4926 είς
899 4864 988 4916 τὸν
1035 4863 1256 4932 ἀγῶνα,
1300 4860 1639 4932 ζηλώσαντες
1686 4864 1809 4925 τοὺς

247 4953 434 5018 ἁγίους
458 4953 765 5022 πάσχοντας
784 4993 798 5017 ,
831 4953 924 5008 καὶ
956 4952 1228 5014 ἐπιδόντες
1252 4952 1478 5014 ἑαυτοὺς
1515 4950 1810 5022 προθύμως

245 5047 310 5114 τῇ
366 5044 642 5114 μαρτυρίᾳ
665 5083 679 5107 ,
730 5045 821 5097 καὶ
856 5042 1084 5113 μάλιστα
1115 5043 1195 5094 ὅτι
1237 5041 1458 5094 ἕϐλεπόν
1486 5059 1637 5104 τινας
1682 5042 1812 5094 ὐπο-

248 5135 605 5205 συρομένους,
654 5136 774 5187 ἀντὶ
805 5135 919 5196 τοῦ,
939 5132 1332 5201 κλεπτομένους
1352 5171 1366 5193 ,
1411 5132 1810 5201 ἀπατωμένους

245 5228 338 5278 κει
382 5226 746 5299 ἀρνουμένους
778 5227 875 5296 τὴν
904 5224 1179 5277 εὐσέϐειαν
1202 5262 1217 5283 .
1249 5222 1767 5293 ὐποθερμαινόμενοι
1791 5264 1806 5289 ,

245 5321 359 5386 ἦτοι
406 5318 736 5389 πυρούμενοι
774 5318 872 5388 τὴν
921 5314 1179 5385 καρδίαν,
1210 5313 1468 5365 ἔσπευδον
1503 5312 1807 5366 καταπολε-

250 5408 419 5476 μῆσαι
444 5407 534 5461 τὸν
567 5409 762 5470 αὐτοὺς
786 5406 1123 5476 ὐποσύροντα
1156 5403 1410 5476 πονηρὸν,
1439 5404 1527 5457 ἵνα
1562 5402 1634 5473 μὴ
1669 5420 1806 5455 καυ-

243 5502 434 5573 χιῖται,
467 5498 543 5563 ὡς
572 5500 746 5571 ήττῶν
794 5499 920 5562 τοὺς
966 5498 1212 5561 εὐσεϐεῖς
1235 5512 1250 5528 ⁶
1296 5498 1344 5549 εἰ
1380 5496 1473 5549 καὶ
1520 5495 1807 5549 ἐλάνθανεν

245 5588 431 5644 ἑαυτὸν
459 5590 701 5657 ἀγνοῶν,
740 5593 819 5643 ὅτι
865 5589 1061 5660 μᾶλλον
1105 5590 1329 5657 ἡττᾶται
1350 5627 1365 5650 ,
1398 5586 1606 5639 πολλῶν
1647 5585 1806 5656 μέχρι

247 5679 474 5733 Θανάτου
509 5681 604 5751 τὴν
640 5684 772 5753 ὑπὲρ
822 5683 916 5749 τῆς
957 5680 1186 5744 πίστεως
1220 5679 1468 5733 ἔνστασιν
1502 5676 1801 5746 ἐνδειξαμέ-

1916 4500 2129 4536 saiiitmo
2166 4485 2311 4541 illius
2340 4488 2654 4543 discrimine
2695 4489 3277 4559 vehementissimaque
3317 4490 3475 4544 dimi-

1914 4576 2127 4629 ratione
2176 4578 2479 4641 constituti,
2522 4594 2586 4632 ac
2617 4581 2875 4649 martyria
2915 4589 3226 4635 sanctorum
3261 4582 3473 4635 intuen-

1915 4676 2016 4728 tes,
2054 4678 2106 4720 et
2131 4683 2293 4734 quam
2349 4669 2693 4723 vehementer
2737 4670 2803 4724 ad
2834 4671 3182 4738 accipiendas
3222 4670 3474 4725 caelestes

1912 4774 2145 4813 coronas
2197 4757 2548 4821 festinarent,
2594 4759 2777 4813 divina
2828 4761 3171 4814 aemulatione
3220 4775 3279 4814 se
3327 4761 3474 4829 ipsos

1913 4850 2172 4918 niurtyrio
2199 4850 2675 4915 tradidere,tnulta
2702 4836 3092 4905 eumlibertate
3120 4852 3174 4905 in
3197 4860 3473 4908 certamen

1911 4941 2244 5007 desilientes,
2275 4952 2585 4997 sanctomm
2625 4943 2718 5013 qui
2764 4943 3110 5013 patiebantur
3151 4944 3473 5010 imitatione,

1912 5047 2076 5100 seque
2103 5043 2382 5101 promptos
2413 5033 2477 5087 ad
2507 5034 2663 5089 ﬁdem
2705 5034 3014 5089 testimonio
3046 5034 3471 5087 eonfirmamiam

1910 5127 2178 5188 obtulere,
2217 5135 2330 5178 tum
2361 5125 2433 5179 ob
2464 5125 2514 5178 id
2538 5126 2772 5180 maxime
2796 5127 2921 5195 quia
2956 5126 3157 5179 multos
3187 5136 3475 5178 cernerent

1909 5217 2000 5291 qui
2039 5206 2522 5282 subtrahebantur,
2554 5217 2657 5271 hoc
2707 5225 2789 5272 est
2844 5215 3288 5279 traducebantur,
3324 5216 3474 5271 deci-

1911 5309 2493 5379 piebantur,pietatz-m
2543 5309 2831 5378 negabant,
2868 5309 3156 5371 ferventes,
3212 5310 3312 5362 hoc
3365 5317 3469 5371 est,

1909 5400 2183 5454 ﬂammato
2208 5403 2392 5465 corde,
2432 5400 2685 5455 infestum
2715 5400 2848 5469 ipsis
2879 5401 3249 5456 adversarium
3288 5399 3474 5457 debel-

1909 5492 2021 5547 lare
2050 5494 2398 5558 studuerunt,
2434 5508 2500 5547 ne
2541 5490 2700 5545 veluti
2745 5490 2956 5559 piorum
2998 5494 3172 5545 victor
3212 5492 3474 5561 gloriare--

1911 5592 2028 5649 tur;
2065 5586 2315 5655 quamvis
2371 5602 2492 5639 eum
2547 5587 2782 5647 latuerit,
2817 5585 2957 5638 \‘ittt‘i
3006 5600 3064 5638 se
3111 5584 3313 5652 potius,
3344 5597 3472 5637 cum

1915 5677 2068 5733 multi
2104 5674 2170 5731 ad
2202 5684 2426 5735 mortem
2459 5692 2628 5752 usque
2663 5692 2760 5742 pro
2820 5673 2921 5733 ﬁde
2966 5674 3327 5728 constantiam
3364 5688 3473 5749 pra;
