3944 6396
1259 265 1294 292 δ

489 335 593 401 519

1739 337 2017 399 TllEOl).
2055 339 2460 402 nussum
2533 307 2538 312 ’

3595 347 3688 412 620

479 477 497 508 σ
536 473 751 513 summa
781 458 1115 513 continentia
1149 459 1362 524 \ixcrit,
1393 471 1444 514 et
1473 475 1660 528 puram
1687 460 1754 512 ab
1788 463 2042 528 omnique

2149 474 2170 510 I
2208 457 2482 510 κοινωνεῖν
2511 457 2618 510 τῶν
2647 449 2846 527 εὑχῶνξ
2905 457 2965 510 Εἰ
3009 457 3192 528 μέντοι
3233 459 3314 523 τὶς
3340 463 3396 514 ἐν
3432 464 3566 538 ἄκρᾳ
3595 485 3686 521 σω-

474 567 492 599 σ
529 547 843 617 suspicione
902 549 1135 600 alienam
1199 547 1436 614 priorem
1487 547 1654 601 vitam
1723 550 2040 617 ostenderit,

471 656 491 689 σ
531 654 678 692 nunc
704 639 753 693 vi
775 647 830 693 et
861 639 1186 693 necessitate
1204 639 1268 692 ad
1301 640 1560 708 probrum
1591 642 2046 697 contumeliamve

472 749 490 780 ς
532 730 682 798 lapsa
716 731 820 794 sit;
846 731 1108 784 habemus
1156 730 1467 798 exernplnm
1511 731 1656 800 quod
1684 741 1766 786 est
1815 733 1868 784 in
1909 733 2046 786 Deu-

472 839 489 868 ι
537 821 863 886 teronomio,
895 821 961 873 de
986 819 1409 883 adulescentula,
1441 835 1604 888 quam
1632 822 1797 876 homo
1829 821 1882 873 in
1913 839 2044 889 agro

474 929 493 960 ι
531 911 758 976 invenit,
808 921 860 964 et
891 925 955 964 ea
997 911 1047 964 vi
1090 927 1403 979 compressa
1445 926 1571 966 cum
1619 911 1734 980 ipsa
1782 912 2041 965 dormiit:

474 1020 493 1053 α
533 1002 966 1066 Adolescentulte,
1012 1003 1207 1072 inquit,
1232 1001 1363 1055 nihil
1390 1002 1619 1072 facietis.
1647 1018 1748 1055 non
1769 1011 1844 1056 est
1865 1005 2044 1056 adm'e—

475 1112 495 1146 σ
536 1094 784 1148 scentqu
803 1103 1073 1161 peccatum
1104 1095 1324 1148 mortis:
1373 1094 1498 1163 quia
1528 1095 1966 1164 quemadmodum
1999 1098 2046 1149 si

474 1203 494 1236 ι
531 1186 647 1255 quis
671 1186 820 1238 homo
853 1186 1100 1238 adversus
1133 1185 1431 1252 proximum
1478 1202 1630 1238 suum
1674 1181 2043 1254 insurrexei’it,

473 1296 492 1328 ι
527 1287 574 1330 et
607 1276 772 1344 ipsius
815 1276 1047 1328 animam
1089 1285 1254 1329 morte
1281 1276 1538 1344 effecerit,
1568 1277 1646 1330 sic
1677 1278 1788 1332 [uec
1829 1295 1911 1332 res
1933 1289 2046 1344 est;

472 1384 491 1417 ι
531 1367 922 1420 adulescentula
953 1367 1270 1421 exclamavit
1295 1409 1310 1433 ,
1335 1377 1384 1421 et
1413 1385 1515 1422 non
1546 1380 1662 1422 erat
1689 1372 1779 1439 qui
1811 1371 1859 1424 ei
1899 1385 2047 1440 opem

471 1475 492 1510 ε
531 1459 690 1528 ferret
723 1456 765 1511 ³.
794 1455 920 1514 Haec
942 1459 1160 1529 quidem
1193 1469 1340 1514 certe
1371 1461 1444 1514 ita
1479 1477 1536 1516 se
1561 1462 1785 1516 habent.
1823 1481 1842 1513 ι

537 1639 696 1696 Βλιε.
740 1639 974 1696 Sanctus
1019 1640 1385 1710 interrogatus
1434 1643 1564 1710 quid
1623 1651 1871 1712 oporteat
1926 1643 2040 1698 fieri

473 1731 812 1797 Chrisﬁanis,
845 1734 938 1802 qui
983 1749 1013 1787 a
1043 1734 1289 1788 barbaris
1319 1735 1456 1802 capti
1505 1745 1651 1798 sunt,
1685 1745 1736 1788 et
1762 1751 1882 1805 qua:
1914 1736 2046 1803 ipsis

2152 569 2170 604 ι
2211 551 2452 622 φροσύνῃ
2483 549 2714 621 ζήσασα,
2752 551 2846 603 καὶ
2876 551 3112 622 καθαρὸν
3142 553 3235 606 καὶ
3263 552 3362 617 ἔξω
3390 551 3555 628 πάσης
3577 560 3688 614 ὕπο-

2145 658 2165 692 ι
2202 639 2349 702 vota;
2380 638 2790 710 ὲπιδεδειγμένη
2829 639 2942 708 βίον
2966 641 3058 693 τὸν
3086 641 3379 712 πρότερον,
3423 643 3512 696 νῦν
3551 663 3684 717 περι-

2147 748 2167 781 a
2209 731 2492 783 πέπτωκεν
2517 731 2578 782 ὲκ
2607 729 2724 799 βίας
2751 731 2844 783 καὶ
2880 729 3126 800 ἀνάγκης
3160 730 3309 802 ὕϐρει
3333 773 3347 796 ,
3375 734 3556 803 ἔχομεν
3599 754 3680 788 πα-

2146 839 2164 870 ι
2210 821 2474 891 ράδειγμα
2501 819 2560 871 τὸ
2594 822 2650 873 ὲν
2680 821 2758 890 τῷ
2789 823 3220 890 Δευτερονομίῳ
3261 823 3319 874 τὸ
3355 824 3441 876 ἐπὶ
3483 827 3544 895 τῇ
3575 827 3688 880 νεά-

2147 928 2166 960 ‹
2205 911 2328 974 νιδι,
2354 912 2419 981 ἢν
2441 913 2498 964 ὲν
2528 911 2605 980 τῷ
2631 912 2794 982 πεδίῳ
2819 907 2974 984 εὗρεν
3007 913 3307 985 ἄνθρωπος,
3335 915 3426 969 καὶ
3453 915 3691 987 βιασάμε-

2146 1021 2165 1052 ‹
2203 1019 2293 1066 νος
2319 1002 2516 1072 αὐτὴν.
2559 1004 2824 1074 ἐκοιμήθη
2861 1005 2976 1074 μετ’
3015 1005 3216 1075 αὐτ-ἦς’
3277 1005 3354 1074 Τῇ
3382 1006 3595 1061 redi-tot
3627 1011 3690 1062 οὐ

2146 1109 2164 1140 ι
2207 1090 2511 1157 ποιήσετε,
2568 1093 2766 1163 φησὶν,
2815 1092 3027 1148 οὐδέν·⁶
3068 1095 3180 1146 οὐκ
3208 1093 3340 1148 ἔστι
3381 1095 3453 1164 τῇ
3490 1095 3692 1151 νεάνιδι

2145 1199 2164 1230 ι
2201 1181 2513 1251 ἁμάρτημα
2536 1181 2794 1237 θανάτου
2815 1201 2826 1214 ·
2854 1183 2941 1238 ὅτι
2979 1185 3079 1251 ὡς,
3133 1185 3190 1238 ετ
3217 1202 3306 1250 τις
3337 1184 3564 1254 ἀναστῇ
3597 1187 3690 1240 ἄν·

2145 1289 2165 1322 ι
2207 1275 2436 1340 θρωπος
2455 1272 2554 1326 ἐπὶ
2577 1273 2686 1327 τὸν
2703 1275 2971 1342 πλησίον
2995 1275 3183 1328 αὑτοῦ
3204 1315 3218 1340 ,
3263 1275 3363 1328 καὶ
3401 1274 3690 1343 θανατώσῃ

2145 1380 2166 1414 ι
2207 1363 2392 1416 αὐτοῦ
2448 1363 2564 1432 τὴν
2609 1363 2861 1433 ⁸ψυχὴν,
2905 1365 3059 1418 οὕτω
3107 1364 3172 1419 τὸ
3220 1363 3456 1434 πρᾶγμα
3501 1365 3688 1418 τοῦτο’

2144 1471 2166 1506 ι
2203 1452 2457 1522 ἐϐόησεν
2484 1455 2522 1524 ἠ
2545 1453 2769 1521 νεᾶνις,
2801 1456 2897 1511 καὶ
2931 1459 2964 1510 ό
2986 1455 3236 1524 ,βοηθῶν
3284 1457 3395 1510 οὐκ
3429 1452 3506 1527 ἦν
3536 1458 3688 1524 αὐτῇ.

2146 1541 2329 1597 Ταῦτα
2356 1543 2535 1614 μέντοι
2566 1547 2806 1604 τοιαῦτα.
2823 1567 2840 1599 ι

2212 1637 2406 1691 ΒΔΛΣ.
2454 1639 2780 1712 Ἐρωτηθεὶς
2821 1641 2850 1694 ό
2895 1640 3050 1708 ἅγιος
3110 1642 3241 1711 περὶ
3282 1635 3375 1693 τοῦ
3425 1638 3476 1693 τί
3512 1636 3692 1706 ὀφείλει

2139 1729 2385 1796 γίνεσθαι
2423 1731 2502 1793 είς
2540 1731 2666 1794 τοὺς
2703 1731 3064 1800 Χριστιανοὺς
3095 1731 3222 1796 τοὺς
3257 1727 3694 1801 αἰχμαλωτισθέν-

473 1824 538 1879 ab
561 1825 639 1879 eis
663 1825 1072 1893 opponebantur
1097 1825 1390 1896 idolothyta
1413 1826 1795 1892 comederunt;
1823 1841 2045 1894 respon-

2146 1837 2245 1885 τας
2277 1820 2426 1890 παρὰ
2457 1820 2767 1895 βαρϐάρων,
2796 1821 2889 1875 καὶ
2920 1822 3191 1890 φαγόντας
3221 1820 3290 1874 τὰ
3331 1819 3479 1891 παρὰ
3514 1817 3696 1870 τούτων

473 1916 549 1971 dit
573 1935 586 1970 :
614 1915 678 1970 lli
710 1917 812 1971 cibi
847 1932 952 1969 non
977 1929 1221 1986 gravant,
1259 1916 1309 1969 id
1340 1927 1441 1980 est,
1468 1932 1573 1969 non
1597 1933 1758 1986 grave
1783 1917 2044 1970 damnum

471 2007 736 2074 afferunt;
768 2016 821 2061 et
844 2009 1075 2061 maxime
1099 2008 1241 2074 quod
1264 2021 1404 2061 tutus
1437 2015 1517 2062 est
1547 2021 1729 2060 sermo
1759 2008 1899 2076 apud
1927 2020 2048 2062 om-

471 2117 583 2164 nes,
619 2101 733 2154 sive
763 2101 906 2168 quod
933 2114 1123 2152 omnes
1145 2099 1349 2161 dicunt,
1389 2099 1546 2152 idolis
1575 2114 1680 2152 non
1710 2100 2050 2154 sacriﬁcasse

471 2193 754 2255 barbaros,
783 2193 874 2262 qui
903 2193 956 2244 in
987 2200 1170 2246 nostra
1201 2191 1544 2246 incursiones
1587 2191 1783 2256 fecere.
1818 2192 2050 2245 Adducivt

471 2291 647 2336 autem
697 2292 750 2334 et
801 2297 866 2334 ex
902 2282 1164 2350 Apostolo
1196 2290 1248 2335 rt
1277 2298 1342 2335 ex
1379 2281 1676 2352 Evangelio
1727 2283 2043 2338 sententias.

472 2370 549 2424 Ex
580 2371 843 2439 Apostolo
876 2371 1093 2438 quidem
1131 2388 1143 2424 :
1177 2370 1326 2423 Esca:
1371 2373 1556 2436 uentri,
1585 2381 1634 2423 et
1670 2382 1846 2426 venter
1879 2375 2046 2436 escis;

476 2458 611 2512 Deus
640 2468 814 2511 autem
855 2467 903 2511 et
945 2475 1061 2511 eum
1089 2467 1139 2510 et
1162 2457 1256 2511 has
1287 2458 1540 2514 destruet.
1582 2459 1684 2525 Qui
1715 2461 1932 2529 quidem
1963 2461 2048 2515 lo-

475 2565 570 2604 cus
618 2549 950 2618 apostolicus
991 2548 1230 2616 loquitur
1265 2549 1331 2603 de
1362 2550 1656 2618 repletione
1687 2560 1739 2604 et
1767 2551 2000 2622 ingluvie
2033 2571 2047 2608 :

474 2645 524 2694 et
545 2654 700 2693 escas
727 2639 940 2708 quidem
970 2639 1214 2692 nominat
1233 2655 1295 2691 ea
1327 2654 1447 2708 qua:
1471 2648 1598 2693 sunt
1624 2655 2048 2709 supervacanea,

475 2745 536 2785 ac
559 2731 812 2796 delicias;
844 2735 1084 2784 ventrem
1119 2741 1323 2795 autem,
1360 2731 1712 2785 voracitatem
1743 2733 1898 2796 dixit,
1937 2751 2044 2786 lmlt

474 2839 599 2878 vero
638 2823 1018 2876 ventriculum.
1052 2821 1154 2875 Per
1197 2822 1310 2877 lucc
1341 2832 1520 2876 autem
1568 2823 1702 2878 dicit
1739 2823 2049 2891 Apostolus,

474 2909 612 2976 quod
639 2912 968 2962 exsaturatio
999 2918 1051 2961 ct
1080 2908 1236 2962 luxus
1263 2909 1330 2962 ad
1365 2909 1657 2978 ingluviem
1683 2913 2048 2979 pertinet,sed

473 3016 647 3066 neque
677 2999 741 3053 ad
788 2999 953 3053 Deum
984 3000 1204 3054 deducit
1234 3019 1247 3054 :
1287 3001 1437 3054 luxui
1471 3011 1651 3056 autem
1684 3003 1936 3072 ingluviei
1968 3004 2040 3056 vi.

475 3089 610 3143 tium
664 3088 930 3143 familiare
982 3091 1245 3153 redditur,
1285 3099 1338 3144 et
1390 3091 1620 3145 alterum
1666 3092 1818 3146 alteri
1865 3093 2048 3148 servit.

477 3176 620 3232 Deus
651 3191 832 3233 autem
869 3195 931 3234 ea
959 3181 1131 3234 otiosa
1165 3190 1218 3233 et
1247 3179 1542 3235 inefﬁcacia
1577 3182 1789 3248 efficiet,
1817 3195 1876 3238 ut
1917 3185 2048 3238 nulli
2072 3194 2113 3247 (1

474 3269 544 3323 ab
572 3269 652 3330 eis
681 3269 964 3324 laedantur.
1006 3269 1086 3324 Ex
1113 3269 1403 3339 Evangelio
1435 3282 1617 3326 autem
1656 3290 1788 3330 usus
1820 3285 1904 3330 est
1933 3293 2053 3332 ver-

476 3360 562 3414 bis
593 3358 865 3430 Evangelii
895 3377 1018 3430 qua:
1045 3360 1235 3416 dicunt
1269 3378 1282 3415 :
1312 3361 1466 3427 Quod
1509 3364 1676 3417 intrat
1704 3381 1796 3433 per
1825 3382 1902 3431 os,
1949 3384 2053 3422 non

474 3452 780 3521 coinquinat
802 3453 1084 3508 hominem.
1114 3453 1314 3508 Deinde
1343 3455 1408 3508 de
1440 3456 1666 3524 captivis
1689 3473 1903 3527 quoque
1934 3477 2052 3514 mu-

477 3545 720 3607 lieribus,
757 3545 957 3614 quibus
989 3546 1202 3600 barbari
1231 3558 1479 3616 stuprum
1511 3547 1808 3604 intulerunt
1836 3565 1852 3602 :
1885 3562 1936 3606 et
1965 3552 2050 3606 di-

476 3635 572 3700 cit,
613 3635 754 3704 quod
803 3636 848 3690 si
905 3637 1076 3705 prima
1107 3638 1322 3706 quidem
1358 3654 1546 3692 eorum
1587 3639 1695 3693 vita
1737 3652 1877 3694 esset
1914 3656 2044 3696 con-

476 3726 748 3792 demnata,
795 3739 1079 3796 suspicias
1136 3744 1232 3784 eas
1279 3727 1408 3784 facit
1462 3729 1788 3784 fomicarius
1836 3731 2053 3786 habitus

473 3817 637 3871 etiam
667 3827 908 3886 tempore
937 3819 1284 3886 captivitatis.
1323 3820 1387 3874 Et
1411 3831 1696 3890 propterea
1738 3837 1844 3875 non
1889 3838 2051 3892 opor-

475 3919 551 3964 tet
587 3907 742 3963 facile
773 3925 896 3964 cum
927 3909 1008 3964 eis
1039 3926 1217 3975 orare,
1249 3908 1343 3967 'sed
1385 3924 1671 3982 postquam
1698 3913 1876 3983 poenis
1910 3915 2053 3969 vide—
2081 3909 2087 3915 ’

450 4001 601 4056 'licet
633 4001 903 4070 impositis
937 4018 996 4056 se
1043 4003 1447 4059 sublnisissent.
1483 4004 1578 4060 Est
1617 4017 1796 4060 autem
1831 4007 2049 4062 habitus

477 4090 635 4160 longa
669 4092 1026 4156 consuetudo,
1067 4109 1186 4159 qua:
1215 4101 1455 4161 tempore
1487 4109 1704 4162 quoque
1732 4079 2050 4150 confirmata

471 4189 593 4243 est,
656 4195 777 4248 qua:
831 4179 897 4233 ad
957 4191 1208 4234 naturam
1263 4183 1423 4235 etiam
1481 4183 1836 4238 similitudine
1887 4201 2049 4254 quam

477 4269 724 4336 proxime
749 4270 1170 4336 accedit.Quare
1199 4288 1317 4340 qua:
1347 4273 1481 4328 tales
1508 4290 1615 4327 non
1641 4285 1785 4340 sunt,
1817 4277 2048 4343 violata),

479 4374 588 4413 non
623 4371 932 4428 peccat-unt.
975 4359 1235 4431 Exemplo
1282 4374 1463 4417 autem
1500 4381 1630 4420 usus
1665 4376 1748 4420 est
1781 4367 1896 4438 lege
1932 4383 2053 4438 qua:

2141 1911 2326 1972 αὐτοῖς
2373 1911 2786 1982 παρατιθέμενα
2841 1912 3192 1966 εἰδωλόθυτα·
3246 1911 3607 1980 ἀπελογήσατο
3633 1907 3696 1972 ὼς

2138 2001 2207 2056 τά
2255 2000 2518 2074 βρώματα
2554 2003 2727 2058 ταῦτα
2772 2005 2830 2058 οὐ
2887 2004 3062 2076 βαρεῖ,
3094 2005 3213 2058 ἀντὶ
3244 2005 3357 2071 τοῦ,
3392 2005 3450 2058 οὐ
3499 2001 3696 2074 βαρεῖαν

2139 2093 2361 2164 ἐμποιεῖ
2396 2094 2629 2166 βλάϐηνο
2665 2097 2760 2149 καὶ
2789 2097 2986 2168 μᾶλλον
3015 2099 3097 2150 ὃτι
3122 2092 3203 2160 εἷς
3233 2099 3390 2165 λόγος
3416 2095 3559 2167 παρὰ
3587 2095 3693 2148 πᾶν·

2138 2203 2267 2248 των,
2297 2187 2463 2256 ἧγουν
2493 2188 2578 2242 ὅτι
2607 2189 2807 2252 πάντες
2840 2188 3060 2256 λέγουσι
3097 2189 3170 2260 μὴ
3221 2189 3380 2242 θῦσαι
3426 2191 3533 2252 τοῖς
3561 2187 3692 2240 εἶδέ).

2138 2276 2251 2341 λοις
2300 2279 2427 2342 τοὺς
2474 2277 2543 2332 τά
2591 2279 2836 2350 ἡμέτερα
2891 2279 3343 2351 καταδραμόντας
3398 2278 3697 2350 βαρϐάρουςο

2142 2368 2383 2438 Παράγει
2433 2369 2485 2421 δὲ
2521 2371 2614 2423 καὶ⁵
2646 2371 2710 2422 ὲκ
2751 2369 2845 2424 τοῦ
2892 2371 3214 2423 Ἀποστόλου
3255 2371 3497 2442 χρήσεις,
3526 2367 3614 2422 καὶ
3642 2369 3700 2420 ὲκ

2139 2458 2232 2512 τοῦ
2267 2459 2624 2528 Εὐαγγελίου·
2659 2463 2724 2514 ὲκ
2758 2462 2855 2532 μὲν
2883 2463 2975 2516 τοῦ
3015 2463 3342 2515 Ἀποστὸλου
3371 2461 3450 2527 τὸ,
3469 2461 3542 2515 Τά
3561 2457 3702 2527 ,βρώ-

2138 2567 2294 2618 ματα
2313 2550 2386 2619 τῇ
2412 2553 2608 2619 κοιλίᾳ
2635 2553 2733 2606 καὶ
2763 2555 2800 2620 ή
2827 2554 3024 2606 κοιλία
3055 2553 3179 2618 τοῖς
3197 2552 3516 2622 ,ϐρώμασιν
3537 2567 3552 2580 ⁸
3585 2552 3614 2604 ὁ
3645 2548 3704 2602 δὲ

2143 2642 2286 2708 Θεὸς
2311 2642 2410 2696 καὶ
2425 2647 2651 2712 ταύτην
2675 2644 2773 2696 καὶ
2805 2643 2992 2697 ταῦτα
3024 2643 3490 2712 καταργιὶσει.“0
3505 2641 3566 2712 δὴ
3583 2641 3704 2694 ἀπο-

2143 2733 2388 2788 στολικδν
2435 2736 2631 2806 χωρίον
2667 2735 2794 2806 περὶ
2829 2735 3144 2806 πλησμονῆς
3180 2736 3334 2804 λέγει
3389 2735 3480 2789 καὶ
3507 2748 3706 2803 γαστρι-

2147 2825 2414 2896 μαργίας·
2441 2828 2536 2880 καὶ
2563 2827 2826 2900 βρώματα
2859 2829 2976 2898 μὲν,
3006 2827 3074 2881 τά
3095 2828 3338 2898 περιττά
3364 2823 3602 2898 ὀνομάζει
3626 2821 3708 2876 καὶ

2141 2919 2241 2986 τὴν
2267 2920 2480 2990 τρυφήν
2497 2935 2512 2952 ο
2539 2920 2744 2974 κοιλίαν
2769 2921 2826 2974 δὲ
2849 2919 2948 2990 τὴν
2975 2920 3444 2992 γαστριμαργίαν,
3472 2917 3578 2971 ἀλλ’
3601 2913 3705 2982 οὐχὶ

2142 3006 2240 3078 τὴν
2262 3009 2522 3082 γαστέρα.
2557 3010 2656 3064 Διὰ
2685 3011 2742 3065 δὲ
2773 3011 2979 3063 τούτων
3007 3011 3047 3063 ·ό
3092 3011 3418 3074 Ἀπόστολος
3445 3008 3600 3075 λέγει,
3632 3003 3702 3056 ὃτι

2144 3099 2177 3171 ἡ
2224 3100 2502 3172 ἀδηφαγία
2541 3102 2636 3156 καὶ
2684 3103 2717 3174 ἡ
2767 3101 2944 3173 τρυφὴ
2977 3104 3042 3172 τῇ
3070 3104 3482 3172 γαστριμαργίᾳ
3511 3097 3697 3168 ἀνήκει,

2144 3190 2259 3246 ἀλλ’
2285 3193 2346 3246 οὐ
2393 3193 2529 3263 πρὸς
2561 3192 2692 3245 Θεὸν
2737 3193 2919 3264 φέρει·
2954 3193 3047 3245 καὶ
3077 3194 3144 3262 τῇ
3179 3194 3360 3270 τρυφῇ
3403 3190 3462 3243 τὺ
3503 3188 3594 3258 τῆς
3621 3201 3704 3252 γα.

2145 3281 2506 3352 στριμαργίας
2547 3282 2716 3345 πάθος
2747 3281 3044 3352 ᾠκείωται,
3081 3282 3173 3336 καὶ
3229 3280 3456 3352 θάτερον
3510 3274 3702 3345 θατέρῳ

2141 3370 2398 3426 δουλεύει.
2417 3372 2474 3426 Ὀ
2504 3372 2560 3426 δὲ
2592 3372 2724 3434 Θεὸς
2768 3371 3024 3444 ἄπρακτα
3056 3372 3150 3425 καὶ
3183 3373 3332 3444 ἀργὰ
3363 3356 3568 3440 ποιήσει
3597 3363 3706 3418 ταῦο

2143 3479 2235 3526 τα,
2265 3461 2406 3516 ὥστε
2444 3463 2517 3534 μὴ
2551 3463 2611 3528 ἐξ
2651 3464 2829 3518 αὐτῶν
2865 3480 3018 3527 τινας
3051 3463 3407 3534 βλάπτεσθαι.
3427 3463 3516 3515 Ἐκ
3543 3457 3596 3512 δὲ
3625 3451 3704 3508 τοῦ

2147 3553 2478 3621 Εὐαγγελίου
2531 3556 2798 3626 ἐχρήσατο
2848 3557 2961 3620 τοῖς
3009 3554 3102 3607 τοῦ
3143 3549 3488 3625 Εὐαγγελίου’
3519 3553 3704 3622 ῥήμασι

2145 3645 2258 3707 τοῖς
2309 3643 2578 3712 λέγουσιν,
2613 3646 2714 3709 ὅτι,
2756 3646 2838 3698 Οὐ
2887 3643 2954 3698 τὸ
2997 3648 3503 3716 εἰσπορευόμενον
3539 3635 3709 3696 κοινοῖ

2146 3733 2250 3786 τὸν
2278 3735 2611 3804 ἄνθρωπον.
2640 3733 2771 3790 Εἶτα
2804 3737 2898 3790 καὶ
2923 3737 3052 3808 περὶ
3073 3737 3352 3806 γυναικῶν
3372 3729 3706 3804 αἰχμαλώτων

2145 3820 2234 3888 αἷς
2287 3828 2336 3880 οἱ
2392 3829 2657 3900 βάρϐαροι
2713 3829 3156 3900 ωνεφθὰρησαν·
3197 3827 3294 3884 καί
3334 3845 3514 3898 φησιν,
3545 3825 3638 3884 ὅτι,
3665 3819 3708 3872 εί

2148 3917 2248 3987 μιν
2268 3920 2298 3972 ό
2325 3918 2514 3991 πρώην
2545 3921 2724 3974 αὐτῶν
2741 3921 2853 3992 βίος
2881 3921 3327 3991 κατεγνωσμένος
3350 3917 3436 3991 ἦν,
3459 3916 3708 3973 ὑπόπτους

2142 4009 2312 4074 αὐτας
2364 4014 2506 4064 ποιεί
2555 4015 2588 4082 ἡ
2645 4013 2878 4084 πορνικὴ
2921 4013 3032 4080 agt;
3067 4015 3160 4066 καὶ
3203 4017 3264 4068 ἐν
3318 4011 3397 4082 τῷ
3429 4003 3597 4080 καιρῷ
3625 4003 3708 4072 τῆς

2145 4100 2540 4170 αἱχμαλωσὶας.
2593 4103 2704 4156 Καὶ
2749 4103 2836 4156 διὰ
2878 4104 3036 4159 τοῦτο
3077 4088 3387 4176 προχείρως
3433 4098 3613 4160 αὑταῖς
3654 4091 3704 4144 οὗ

2148 4189 2500 4260 συνεύχεσθαι
2527 4191 2624 4256 δεῖ,
2649 4193 2782 4248 ἀλλά
2819 4195 2956 4266 μετά
2983 4195 3042 4248 τὸ
3067 4196 3354 4250 δουλεῦσαι
3381 4190 3576 4264 δηλαδὴ
3602 4190 3708 4241 ἐπι-

2147 4281 2528 4352 τιμίοις.”Εξις
2555 4284 2614 4337 δέ
2644 4287 2788 4338 ἐστιν
2824 4287 2856 4356 ἡ
2894 4286 3076 4357 μακρά
3107 4286 3370 4358 συνήθεια
3399 4281 3489 4338 καὶ
3516 4279 3585 4350 τῷ
3607 4273 3709 4348 χρό-

2146 4390 2221 4443 νῳ
2256 4373 2608 4441 παγιωθεῖσα.
2644 4377 2764 4446 ἥτις
2798 4377 2891 4430 καὶ
2926 4375 3080 4446 φύσει
3114 4379 3463 4448 προσέοικεν
3499 4372 3628 4426 ὥστε
3658 4365 3707 4420 αἶ

481 4449 536 4502 in
575 4449 990 4504 Deuteronomio
1021 4451 1266 4517 habetur,
1301 4453 1366 4505 de
1407 4453 1614 4523 virgine
1647 4457 1734 4508 cui
1768 4457 1819 4510 in
1861 4458 2048 4512 solitu-

2150 4466 2222 4536 μὴ
2277 4464 2518 4520 τοιαῦται
2581 4467 2680 4536 οὐχ
2722 4468 2968 4538 ἥμαρτον
3017 4467 3343 4538 βιασθεῖσαι.
3395 4463 3504 4518 Καὶ
3553 4473 3712 4528 παρα-

475 4540 607 4595 dine
635 4557 730 4610 per
763 4543 870 4596 vim
905 4543 1164 4610 probrum
1198 4541 1406 4596 illatum
1439 4553 1540 4599 est.
1585 4545 1652 4598 Et
1680 4562 1800 4616 quae
1833 4548 2048 4616 quidem

473 4631 544 4686 ad
577 4647 838 4685 canoncm
874 4641 1122 4702 spectant
1151 4631 1202 4682 in
1237 4631 1319 4686 his
1351 4633 1676 4688 consistunt.
1707 4635 1928 4691 Videtur
1958 4654 2052 4690 au-

477 4733 582 4778 tem
618 4733 839 4778 sanctus
887 4740 954 4777 ex
1003 4738 1068 4776 eo
1119 4722 1263 4792 quod
1309 4723 1462 4789 dixit,
1496 4741 1600 4780 non
1653 4727 1840 4782 inferri
1891 4746 2054 4798 grave

479 4813 862 4884 damnumzs
889 4814 952 4868 iis
997 4814 1092 4882 qui
1141 4813 1449 4883 idolotliyta
1491 4814 1876 4878 comederunt,
1913 4816 1995 4868 eis
2020 4829 2049 4868 a

479 4908 730 4962 barbaris
751 4908 1019 4974 apposita,
1048 4917 1102 4962 et
1137 4922 1205 4960 ex
1227 4921 1292 4960 eo
1317 4905 1464 4976 quod
1488 4905 1640 4968 dicit,
1665 4919 1860 4960 omnes
1890 4909 2052 4974 plene

475 5002 818 5062 compertum
850 4991 1071 5053 habere,
1098 4991 1356 5046 barbaros
1383 4991 1540 5046 idolis
1562 5008 1668 5046 non
1690 4994 2048 5063 sacriﬁcasse,

475 5095 528 5138 et
562 5100 626 5138 ex
660 5099 726 5136 eo
759 5081 902 5150 quod
939 5083 1105 5134 utitur
1132 5082 1288 5135 dictis
1321 5083 1634 5151 apostolicis
1667 5100 1791 5154 quae
1817 5087 1884 5141 de
1917 5087 2048 5142 luxu

477 5184 532 5228 et
565 5172 800 5240 ingluvie
828 5173 1120 5235 disserunt,
1159 5171 1408 5224 similiter
1453 5182 1506 5228 et
1555 5175 1902 5244 evangelicis,
1929 5154 2052 5246 quae

477 5265 668 5318 eadem
719 5271 970 5328 tractant,
1013 5279 1120 5316 non
1166 5262 1356 5318 fecisse
1405 5264 1702 5333 simplicem
1735 5269 2050 5336 responsio-

484 5370 632 5418 nem,
663 5354 755 5408 sed
791 5369 911 5418 quae
941 5353 1200 5408 dividitur
1245 5355 1300 5408 in
1348 5371 1442 5409 eos
1493 5357 1583 5424 qui
1632 5357 1922 5430 idolutliyta
1958 5376 2054 5428 per

482 5444 703 5498 delicias
730 5459 826 5498 sua
857 5455 1048 5512 sponte
1073 5447 1455 5510 comederunt;
1479 5446 1531 5498 in
1556 5462 1649 5500 eos
1669 5449 1762 5516 qui
1796 5449 1844 5502 vi
1869 5465 1899 5504 a
1929 5450 2054 5503 liar-

481 5533 632 5590 baris
667 5537 838 5590 c0acti
869 5525 1250 5602 eoatéderuut;
1281 5537 1332 5590 in
1359 5551 1450 5590 eos
1477 5538 1568 5606 qui
1597 5549 1812 5608 pmptcr
1848 5549 2053 5594 natura»

539 5678 560 5708 ³
600 5696 752 5753 Deut.
805 5712 938 5761 uti,
975 5695 1077 5762 96,
1117 5696 1208 5752 27.

2147 4555 2396 4626 δείγματι
2427 4557 2692 4629 κέχρηται
2735 4561 2801 4630 τῇ
2847 4562 2905 4613 ὲν
2933 4558 3011 4624 τῷ
3039 4557 3442 4630 Δευτερονομίῳ
3471 4548 3712 4622 θεσμοθε-

2147 4651 2238 4722 σία
2270 4653 2335 4721 τῇ
2366 4651 2496 4722 περὶ
2529 4651 2628 4720 τῆς
2660 4649 3008 4720 ὑϐρισθείσης
3043 4629 3312 4722 παρθένου
3348 4647 3487 4703 κατὰ
3521 4643 3634 4715 βίαν
3661 4640 3710 4690 ἐν

2146 4743 2370 4814 ἐρημίᾳ.
2401 4742 2510 4797 Καὶ
2559 4741 2625 4795 τὰ
2671 4743 2768 4812 μὲν
2818 4744 2912 4796 τοῦ
2961 4745 3180 4806 κανόνος
3215 4745 3272 4795 ἐν
3306 4732 3709 4800 τούτοις.’Έοικε

2145 4832 2202 4886 δὲ
2225 4835 2253 4886 ό
2278 4832 2430 4901 ἅγιος
2457 4832 2567 4887 ἀπὸ
2597 4829 2690 4886 τοῦ
2717 4833 2890 4886 εἰπεῖν
2921 4833 2994 4904 μὴ
3020 4832 3322 4902 ἐπάγεσθαι
3352 4831 3567 4902 βαρεῖαν
3596 4820 3711 4894 βλάσ

2148 4924 2248 4995 ϐην
2279 4927 2390 4990 τοῖς
2429 4921 2662 4993 φαγοῦσι
2695 4925 2762 4978 τά
2793 4923 3114 4978 εἰδωλόθυτα
3155 4921 3566 4994 παρατιθέμενα
3597 4909 3708 4966 τοὺ·

2148 5033 2262 5079 τοις
2289 5016 2437 5086 παρὰ
2461 5013 2568 5068 τῶν
2603 5015 2912 5088 βαρϐάρων,
2949 5015 3042 5069 καὶ
3063 5015 3169 5069 ἀπὸ
3198 5016 3294 5068 τοῦ
3324 5015 3501 5082 λέγειν
3528 5012 3709 5074 πληρο-

2149 5103 2430 5176 φορεῖσθαι
2460 5105 2667 5170 πάντας
2703 5105 2776 5176 μὴ
2808 5105 3059 5173 γενέσθαι
3091 5106 3216 5170 τοὺς
3249 5103 3558 5177 βαρϐάρους
3583 5097 3712 5150 εἰδω-

2147 5196 2392 5262 λοθύτας,
2437 5197 2532 5251 καὶ
2573 5196 2684 5250 ἀπὸ
2725 5196 2820 5250 τοῦ
2861 5195 3164 5268 χρήσασθαι
3204 5199 3320 5260 τοῖς
3359 5187 3713 5248 ἀποστολικοῑς

2153 5289 2356 5359 ῥήμασι
2403 5291 2515 5350 τοῖς
2557 5285 2954 5357 διαλεγομένοις
2991 5289 3118 5356 περ)⁵
3151 5286 3366 5356 τρυφῆς
3405 5280 3498 5338 καὶ
3525 5278 3712 5348 ἀδηφα’

2153 5379 2301 5446 γίας,
2334 5378 2596 5440 ὡσαύτως
2629 5379 2722 5432 καὶ
2763 5383 2876 5442 τοῖς
2921 5379 3294 5448 εὐαγγελικοῖς
3322 5377 3390 5431 τὰ
3431 5371 3567 5429 αὐτὰ
3607 5368 3710 5420 δια-

2148 5468 2504 5538 λαμϐάνουσι,
2536 5469 2610 5540 μὴ
2655 5469 2834 5541 ἁπλῆν
2875 5471 3098 5541 ποιῆσαι
3125 5471 3222 5540 τὴν
3253 5468 3560 5538 ἀπόκρισιν,
3591 5454 3712 5512 ἀλλά

2147 5559 2527 5632 διαιρουμένην
2555 5561 2636 5626 είς
2662 5561 2932 5628 φαγόντας
2976 5557 3300 5613 είδωλόθυτα
3347 5553 3485 5609 κατὰ
3518 5545 3713 5623 τρυφὴν

2872 5733 2947 5764 ηιξ

2847 5759 2884 5790 ἰζ
2932 5759 2949 5791 ι
