3944 6418
338 353 436 421 ετειι

1340 360 1416 425 ιΝ
1448 360 1690 425 EPIST.
1728 363 1790 425 5.
1831 360 2216 425 GREGORU
2260 358 2691 423 NEOCLSAR.
3475 357 3575 420 5ἓὲ

337 482 535 548 ἑκοντὶ,
565 484 643 547 είς
677 485 800 548 τοὺς
840 482 977 537 κατὰ
1019 481 1136 551 βίαν
1167 481 1272 535 τῶν
1312 480 1597 555 βαρϐάρων
1635 483 1896 552 φαγόντας

2004 482 2379 539 necessitatem
2409 497 2505 539 eas
2542 498 2698 537 escas
2744 480 3006 545 fecerunt,
3042 492 3094 538 et
3136 483 3190 538 in
3234 462 3331 539 eos
3376 484 3472 555 qui
3499 486 3568 540 ad

336 573 526 640 ταῦτα,
548 576 627 639 εἰς
652 575 777 638 τοὺς
808 575 876 627 δι’
900 573 1143 643 ἀνάγκην
1160 573 1259 643 τῆς
1285 573 1496 642 φύσεως
1531 573 1720 645 βρῶμα
1741 590 1901 646 ποιη-

335 664 603 735 σαμένους
632 665 790 729 αὐτὰ,
819 664 913 718 καὶ
945 666 1024 727 εἰς
1065 663 1189 728 τοὺς
1223 663 1538 733 βιασθέντας
1570 665 1703 736 πρὸς
1746 666 1905 720 τοῦτο

335 755 484 827 παρὰ
521 756 829 827 βαρϐάρων,
859 756 933 826 μὴ
982 753 1279 807 τεθυκότων
1326 757 1438 818 τοῖς
1482 753 1903 819 εἰδώλοις.”Οθεν

334 846 444 909 καὶ,
467 845 543 909 ὡς
575 848 697 915 ἐμοὶ
724 847 887 905 δοκεῖ,
917 844 1032 898 οὐδὲ
1067 839 1146 909 εἷς
1183 846 1248 897 ἐκ
1288 845 1488 899 τούτων
1520 845 1902 915 ἀνεπιτίμητος

332 937 505 990 ἔσται.
548 938 609 990 Οί
649 936 757 1007 γὰρ
795 935 883 988 διὰ
910 935 1120 1007 τρυφὴν
1153 936 1415 1004 φαγόντες
1450 934 1622 989 ταῦτα
1664 934 1902 1005 μείζοσιν

332 1026 624 1096 ἐπιτιμίοις
657 1024 1147 1096 ὑποϐληθήσονται·
1183 1029 1230 1080 οί
1266 1025 1332 1078 δι’
1371 1027 1616 1098 ἀνάγκην
1649 1026 1739 1079 καὶ
1768 1026 1903 1079 ἁπο-

331 1115 533 1187 τροφὴν
564 1115 657 1168 τοῦ
687 1114 955 1186 σώματος,
977 1116 1052 1180 ὡς
1078 1115 1151 1186 μὴ
1185 1115 1396 1186 ἔχοντες
1423 1115 1596 1180 άλλως
1627 1116 1742 1176 πῶς
1767 1117 1903 1170 άποι-

331 1190 621 1279 τραφῆναι,
657 1208 893 1277 ἡττόνως
918 1207 1361 1279 κολασθήσονται.
1392 1208 1502 1261 Καὶ
1532 1209 1582 1261 ot
1611 1207 1786 1262 λοιποὶ
1813 1207 1903 1261 διὰ

330 1299 427 1369 τὴν
469 1299 840 1370 μιαροφαγίαν
885 1298 1244 1371 μετριώτερον
1284 1300 1785 1371 ἐπιτιμηθήσονται,
1819 1301 1900 1353 ὅτι

320 1391 426 1463 καὶ
462 1392 492 1443 ό
521 1391 675 1459 ἅγιος
702 1391 762 1444 οὐ
795 1389 931 1462 βαρύ
959 1407 1120 1463 φησιν
1147 1386 1288 1445 εἶναι
1318 1392 1378 1445 τὸ
1408 1394 1599 1466 φαγεῖν
1631 1391 1903 1446 είδωλόθυ-

308 1490 397 1535 ’τα
431 1483 583 1552 παρὰ
614 1481 720 1535 τῶν
750 1482 823 1553 μὴ
848 1482 1123 1537 θυσάντων
1147 1486 1257 1547 τοῖς
1280 1484 1515 1547 εἰδώλοις
1544 1482 1902 1555 παρατιθέμε-

330 1589 417 1637 να,
446 1572 508 1624 οὑ
536 1573 640 1643 μὴν
670 1572 764 1628 καὶ
788 1573 962 1645 πάντη
988 1575 1409 1647 άκατέγκλητον.
1427 1576 1717 1647 Ἐρωτήσει
1734 1574 1790 1628 δέ
1815 1591 1900 1638 τις

330 1664 426 1729 ὡς,
457 1664 550 1718 τοῦ
586 1665 647 1718 ιδ’
680 1666 902 1730 κανόνος
924 1669 1019 1723 τοῦ
1043 1667 1310 1738 μακαρίου
1332 1666 1538 1738 Πέτρου
1562 1664 1902 1738 άρχιεπισκό-

330 1772 434 1809 που
470 1756 871 1828 ⁹Δλεξανδρείιις
890 1757 983 1811 καὶ
1012 1738 1757 1829 μάρτυροςἚιαλαμϐάνοντος
1775 1755 1901 1818 τοὺς

331 1846 472 1900 κατὰ
531 1846 650 1917 βίαν
701 1847 1028 1920 τυραννικὴν
1081 1846 1353 1917 φαγόντας
1413 1846 1752 1916 εἰδωλόθυτα,
1805 1845 1901 1900 καὶ

325 1938 756 2009 ,τοιουτοτρὸπως
783 1938 1068 2002 θύσαντας,
1093 1939 1166 2011 μὴ
1193 1932 1566 2009 ἐπιτιμᾶσθαι,
1602 1937 1735 1992 ἀλλὰ
1770 1937 1901 2008 μάλα

331 2027 421 2081 λον
458 2027 551 2082 καὶ
588 2028 648 2081 ἐν
677 2026 755 2098 τῷ
779 2028 964 2100 κλήρῳ
993 2024 1151 2091 εἶναι,
1193 2027 1483 2099 κληρικοὺς
1506 2027 1683 2092 ὄντας,
1714 2026 1832 2090 πῶς
1862 2028 1896 2098 ὴ

331 2117 578 2189 παροῦσα
617 2119 871 2191 ἐπιστολὴ
897 2106 1187 2190 διορίζεται
1227 2119 1352 2182 τοὺς
1388 2119 1657 2186 φαγόντας
1686 2117 1897 2172 εἰδωλό-

330 2209 465 2264 θυτα
481 2209 569 2278 μὴ
592 2211 830 2279 ,βαρέως
864 2198 1215 2281 βλάπτεσθαί,
1240 2209 1315 2273 ὡς
1341 2210 1404 2263 ὲκ
1431 2209 1619 2264 τούτου
1646 2209 1898 2280 ἐκφαίνε-

331 2299 451 2352 σθαι
474 2298 801 2369 βλάπτεσθαι
834 2301 1026 2364 αὐτοὺς
1044 2301 1324 2369 μετρίως;
1356 2301 1542 2364 Λύσις.
1562 2301 1618 2354 '0
1644 2301 1900 2373 ίερομάρ-

330 2409 426 2455 τυς
458 2390 665 2462 Πέτρος
699 2391 756 2444 ἐν
784 2378 949 2462 eque
977 2392 1161 2445 κανόνι
1199 2391 1364 2447 αὐτοῦ
1395 2393 1485 2447 καὶ
1523 2392 1650 2464 περὶ
1682 2392 1811 2445 αὐτὸ
1837 2391 1898 2445 τὸ

262 2550 265 2557 ,
331 2484 519 2551 φαγεῖν
547 2482 616 2536 τὰ
644 2482 961 2536 εἰδωλόθυτα
994 2483 1337 2555 μαρτυρῆσαι
1371 2485 1497 2548 τοὺς
1522 2483 1757 2554 ἀθλητάς
1778 2484 1896 2537 δια-

330 2574 611 2645 λαμϐάνει.
639 2575 777 2645 Φησὶ
809 2576 936 2647 γὰρ,
970 2575 1051 2629 ὅτι
1082 2575 1174 2628 καὶ
1199 2577 1359 2646 χάνος
1384 2575 1642 2647 ἐνεϐλήθη
1671 2575 1747 2646 τῷ
1779 2575 1897 2629 στό-

330 2681 461 2736 ματι
497 2665 675 2720 αὐτῶν
719 2667 810 2720 καὶ
842 2666 900 2720 αἰ
942 2669 1121 2738 χεῖρες
1164 2665 1368 2721 τούτων
1408 2666 1772 2738 κατεκάησαν,
1803 2667 1897 2720 καὶ

330 2756 510 2820 ἁπλῶς
540 2756 646 2809 οὐδ’
669 2757 807 2821 ὅλως
837 2757 1115 2811 συνέθεντο
1148 2759 1226 2822 εἰς
1262 2756 1323 2810 τὺ
1357 2756 1678 2811 εἰδωλόθυτα
1703 2759 1896 2826 φαγεῖν

328 2847 356 2918 ἢ
382 2848 462 2911 είς
493 2847 553 2901 τὸ
585 2846 744 2902 θῦσαι
776 2851 886 2911 τοῖς
919 2847 1175 2915 εἰδώλοις.
1193 2849 1257 2901 Ἡ
1283 2848 1340 2901 δὲ
1371 2848 1616 2920 παροῦσα
1638 2847 1894 2918 κανονικὴ

328 2938 576 3012 ἐπιστολὴ
603 2939 954 3013 διαλαμϐάνει
982 2938 1121 2993 κατὰ
1148 2938 1245 3001 τὰς
1265 2939 1459 3012 ἀρχὰς,
1482 2938 1623 2993 κατὰ
1651 2939 1770 3009 βίαν
1798 2939 1895 3009 μὲν

327 3034 517 3100 ⁴ραγείν
547 3034 673 3097 τοὺς
694 3031 1068 3105 αἰχμαλώτους
1090 3028 1160 3084 τὰ
1194 3031 1597 3102 παρατιθέμενα
1619 3031 1799 3094 αὐτοῖς
1819 3031 1897 3083 εί-

2003 574 2117 628 haec
2153 572 2205 624 vi
2237 573 2501 642 compulsi
2525 582 2652 630 sunt
2679 590 2709 628 a
2741 574 3008 633 barbaris.
3038 575 3129 645 qui
3161 575 3319 631 idolis
3349 590 3456 630 non
3477 591 3568 629 sa~

2000 661 2337 719 crillcarunt.
2367 662 2539 727 Unde.
2568 672 2628 718 ut
2655 664 2787 719 mihi
2815 666 3046 732 videtur,
3079 667 3261 721 nullus
3284 682 3468 721 eorum
3499 665 3567 721 ab

1999 754 2146 807 oznni
2207 756 2363 824 cttlpa
2424 756 2683 812 immunTs
2743 757 2865 811 erit.
2897 757 2999 822 Qui
3050 773 3109 812 ea
3164 760 3306 812 enim
3354 771 3567 827 propter

1999 846 2189 898 luxum
2240 855 2294 899 et
2342 846 2565 900 delicias
2606 848 2981 913 comederunt,
3038 850 3334 917 majoribus
3391 851 3566 917 poenis

1999 935 2383 1002 subjicientur;
2411 937 2504 1006 qui
2533 948 2753 1006 propter
2783 941 3179 1000 necessitatem.
3217 949 3273 993 et
3315 943 3565 1009 corporis

1999 1023 2415 1091 nutrimentum,
2447 1033 2500 1079 et
2533 1036 2588 1078 ut
2618 1026 2709 1094 qui
2759 1041 2865 1080 non
2912 1028 3123 1095 possint
3152 1030 3309 1083 aliter
3342 1032 3561 1090 nutriri.

1997 1112 2178 1167 minus
2208 1115 2520 1182 punientur.
2556 1114 2769 1184 Reliqui
2801 1130 3018 1184 quoque
3046 1125 3263 1186 propter
3293 1134 3446 1174 esum
3475 1134 3566 1173 ex-

1995 1206 2314 1261 secrabilcm
2346 1207 2528 1263 mitius
2555 1208 2867 1276 punientur,
2902 1223 2966 1262 eo
2994 1209 3138 1277 quod
3173 1218 3397 1264 sanctus
3428 1227 3564 1278 quo-

1994 1309 2099 1362 que
2125 1295 2254 1351 dicit
2286 1312 2393 1351 non
2426 1313 2585 1367 grave
2621 1312 2742 1353 esse
2790 1296 3083 1368 idolothyta
3113 1301 3412 1361 comedere,
3442 1316 3563 1370 qua}

1995 1386 2062 1439 ab
2118 1386 2185 1441 iis
2236 1398 2584 1457 apponuntur
2633 1389 2725 1456 qui
2777 1388 2935 1442 idolis
2983 1404 3087 1442 non
3137 1389 3556 1445 sacrificarunt:

1993 1490 2099 1530 non
2139 1484 2219 1531 est
2253 1486 2429 1533 tamen
2448 1478 2534 1533 “ab
2571 1479 2717 1535 omni
2749 1481 2960 1548 penitus
2987 1480 3405 1548 reprehensione
3433 1481 3563 1536 alie—

1994 1583 2144 1622 num.
2192 1567 2607 1639 lnterrogaverit
2635 1580 2810 1627 autem
2841 1573 3109 1642 quispiam
3146 1591 3159 1627 :
3185 1571 3322 1627 Cum
3352 1574 3444 1629 ἐιν
3471 1591 3561 1628 ca-

1992 1674 2101 1714 non
2135 1661 2276 1715 beati
2302 1660 2447 1718 Petri
2480 1663 2871 1734 archiepisc0pi
2900 1665 3247 1720 Alexandrini
3274 1676 3328 1721 et
3358 1676 3561 1736 marty-

1990 1751 2068 1806 ris
2096 1754 2387 1827 contineat,
2419 1770 2515 1811 eos
2544 1756 2637 1826 qui
2682 1757 2735 1811 vi
2786 1759 3065 1829 tyrannica
3097 1760 3362 1829 compulsi
3391 1760 3560 1816 idolo-

1989 1845 2141 1916 thyta
2171 1847 2525 1901 comederunt
2570 1856 2626 1902 et
2674 1848 2856 1903 itidem
2893 1849 3289 1912 sacriﬁcarunt.
3322 1865 3428 1905 non
3461 1867 3560 1918 pu-

1988 1937 2118 2001 niri,
2147 1937 2240 1993 sed
2272 1937 2451 2006 potius
2481 1952 2602 1994 esse
2630 1940 2791 1994 etiam
2824 1940 2878 1995 in
2907 1940 3073 2002 clero,
3106 1941 3148 1995 si
3190 1940 3301 1995 sint
3334 1939 3516 1996 clerici
3542 1957 3556 1999 ;

1989 2030 2264 2098 quomodo
2310 2032 2552 2099 decernit
2594 2046 2830 2102 praesens
2884 2032 2999 2086 haec
3044 2032 3414 2100 epistola,eos
3464 2033 3560 2102 qui

1990 2117 2288 2190 idolothyta
2317 2122 2687 2187 comederunt,
2718 2137 2819 2179 non
2847 2124 3073 2191 graviter
3096 2122 3218 2175 lwdi
3248 2137 3265 2174 :
3297 2132 3355 2176 ut
3387 2137 3449 2174 ex
3492 2137 3558 2173 eo

1991 2218 2277 2278 appareat,
2310 2210 2457 2279 ipsos
2495 2210 2829 2266 mediocriter
2862 2213 3019 2267 hodi?
3052 2212 3279 2266 Solutio.
3328 2210 3560 2266 Sanctus

1987 2311 2194 2370 martyr
2239 2299 2453 2369 Petrus,
2492 2303 2543 2358 in
2576 2318 2662 2356 xiv
2706 2318 2807 2360 suo
2850 2318 3078 2368 canone,
3117 2303 3279 2357 etiam
3330 2304 3382 2357 in
3441 2303 3558 2371 ipso

1987 2389 2389 2445 immolatarum
2422 2406 2515 2447 esu
2552 2392 2779 2447 athlrtas
2823 2401 3088 2464 martyres
3114 2391 3281 2448 fuisse
3318 2401 3371 2446 et
3403 2394 3559 2447 testi-

1988 2480 2229 2534 monium
2262 2480 2555 2550 praebuisse
2589 2482 2851 2551 perhibet.
2882 2482 3018 2538 Dicit
3044 2483 3188 2538 enim
3222 2484 3364 2553 quod
3390 2484 3552 2539 etiam

1987 2567 2375 2631 ferramentum
2416 2570 2469 2625 in
2501 2587 2563 2627 os
2594 2572 2836 2642 ipsorum
2870 2573 3123 2643 injectum
3150 2582 3254 2637 est,
3281 2582 3335 2627 ct
3362 2589 3556 2627 manus

1986 2676 2174 2715 eorum
2200 2670 2337 2717 usta:
2374 2669 2522 2729 sunt,
2551 2672 2623 2729 et,
2655 2674 2712 2718 ut
2745 2665 2909 2720 semel
2937 2666 3136 2731 dicam,
3164 2664 3230 2719 ad
3263 2665 3557 2720 immolatis

1984 2755 2308 2809 vescendum
2339 2753 2488 2806 nullo
2519 2754 2681 2810 modo
2706 2766 3126 2822 consenserunt,
3158 2771 3258 2812 nec
3295 2757 3456 2811 etiam
3484 2758 3552 2810 ad

1986 2843 2147 2901 idolis
2177 2847 2614 2904 sacrificandum.
2644 2848 2889 2904 Praesens
2918 2857 3096 2902 autem
3143 2848 3403 2903 (anonica
3439 2851 3555 2916 epi-

1985 2924 2124 2991 stola
2157 2946 2351 2993 tractat
2383 2940 2439 2994 in
2473 2941 2760 3011 principio,
2790 2939 3033 3011 captivos
3062 2942 3278 3011 quidem
3309 2940 3549 3011 apposita

1984 3025 2088 3081 sibi
2120 3027 2417 3098 idolothyta
2444 3029 2495 3082 vi
2523 3029 2847 3095 comedisse,
2884 3031 2977 3085 sed
3008 3045 3116 3083 non
3143 3030 3304 3084 etiam
3333 3045 3399 3084 eo
3432 3029 3551 3099 ipso

327 3121 613 3187 δωλόθυτα,
647 3123 707 3175 οὐ
740 3124 845 3194 μὴν
875 3124 968 3176 καὶ
995 3126 1115 3178 κατ’
1147 3122 1281 3178 αὐτὸ
1309 3120 1370 3178 τὺ
1406 3123 1598 3194 φαγεῖν
1633 3137 1896 3196 τυραννη-

1987 3125 2227 3187 tempore
2263 3134 2373 3188 quo
2401 3119 2772 3184 comedebant,
2804 3110 3084 3190 tyrannica
3124 3119 3375 3174 violentia
3400 3135 3547 3174 com-

330 3211 509 3283 θῆναι,
538 3214 632 3267 καὶ
661 3213 748 3267 διὰ
776 3214 931 3267 τοῦτο
961 3214 1104 3270 θέλει
1129 3220 1204 3281 ὡς
1226 3215 1362 3279 ὅλως
1397 3215 1778 3285 ύποκύψαντας
1817 3215 1895 3287 τῷ

1987 3209 2169 3279 pulsos
2200 3209 2402 3277 fuisse;
2431 3221 2482 3266 et
2526 3213 2648 3268 ideo
2678 3212 2793 3267 vult
2834 3227 2949 3279 eos,
2975 3222 3036 3268 ut
3081 3215 3173 3283 qui
3220 3214 3444 3269 omnino
3475 3226 3556 3286 ty-

327 3303 592 3374 θελήματι
640 3304 733 3358 τοῦ
780 3305 1062 3377 τυράννου,
1097 3307 1329 3380 μετρίως
1358 3307 1756 3379 τιμωρηθῆναι.
1788 3308 1895 3360 Νο-

329 3394 472 3466 μίζω
500 3396 555 3449 δὲ
585 3394 715 3465 ἐγὼ,
748 3397 852 3460 ὄτι,
880 3394 1066 3469 ὥσπερ
1095 3399 1197 3453 οὐκ
1222 3399 1337 3452 ἐστι
1366 3400 1540 3470 πάντη
1567 3399 1894 3469 ἀνεπιτίμη-

326 3505 417 3541 τον
464 3488 526 3542 τδ
565 3491 760 3559 φαγεῖν
784 3488 1113 3544 ἐἰδωλόθυτα
1155 3490 1299 3544 κατὰ
1342 3490 1461 3561 βίαν
1497 3489 1786 3561 βαρϐάρων
1820 3488 1895 3561 μὴ

324 3575 718 3643 ἐπιθυσάντων,
746 3576 919 3642 οὕτως
941 3579 1060 3633 οὐδὲ
1093 3580 1153 3634 τδ
1184 3580 1485 3651 ὑποστῆναι
1529 3580 1732 3652 φθοράν
1762 3579 1885 3650 βαρ-

327 3668 561 3744 ϐαρικὴν
584 3669 724 3725 κατὰ
749 3669 895 3740 βίαν·
927 3670 1026 3726 καὶ
1046 3670 1204 3724 τοῦτο
1230 3672 1340 3744 γάρ
1378 3672 1611 3744 μετρίως
1641 3674 1897 3744 ἐπιτιμη-

325 3757 568 3830 θήσεται.
620 3759 740 3814 Κᾶν
784 3761 894 3833 γάρ
946 3763 1041 3815 καὶ
1079 3764 1108 3816 ό
1142 3763 1416 3828 πολιτικὸς
1453 3754 1614 3835 νόμος
1646 3764 1811 3836 φησὶν
1838 3767 1896 3820 ἐν

325 3847 513 3921 βιϐλίῳ
563 3849 607 3916 ξ’,
632 3850 808 3904 τίτλου
855 3850 936 3925 λη’
965 3852 1157 3922 κεφαλ.
1195 3854 1258 3926 ιβ’
1282 3853 1477 3924 θέματι
1517 3854 1691 3924 ἐκτῳο
1725 3855 1893 3927 Καίή

325 3941 491 4017 παρά
516 3943 628 4004 τοῖς
676 3940 950 4012 πολεμιοις
993 3942 1336 4013 μοιχευθεῖσα
1373 3944 1467 3997 καὶ
1513 3944 1896 4017 ὑποστρέψασα

324 4014 707 4103 κατηγορεῖται
741 4031 890 4102 παρὰ
916 4031 1010 4086 τοῦ
1042 4032 1253 4104 ἀνδρὸς,
1281 4033 1341 4088 οὐ
1367 4034 1556 4105 δικαίῳ
1594 4014 1804 4106 ἀνδρὸς,
1844 4039 1894 4093 εἰ

325 4122 400 4194 μὴ
434 4122 524 4194 βίᾳ
562 4123 718 4176 τοῦτο
765 4122 1019 4202 πέπονθε,
1046 4124 1139 4177 καὶ
1182 4125 1603 4196 τοιουτοτρόπως
1629 4119 1896 4195 συγγινώ-

324 4231 443 4268 σκει
475 4215 574 4285 τὴν
603 4213 934 4285 βιασθεῖσαν,
965 4218 1059 4269 καὶ
1095 4216 1186 4270 τὸν
1224 4218 1400 4288 γάμον
1431 4218 1491 4271 οὐ
1517 4218 1749 4290 διασπᾷ·
1778 4218 1892 4272 ἀλλ’

319 4305 350 4358 ό
377 4305 827 4376 ἐκκλησιαστικὸς
857 4306 1016 4377 νόμος
1059 4308 1157 4379 τὴν
1205 4307 1340 4372 ὅλως
1367 4308 1472 4363 ὑπὸ
1496 4307 1771 4383 βαρϐάρου
1805 4304 1919 4381 μο-’

322 4397 599 4451 λυνθεῖσαν
633 4397 707 4469 μὴ
729 4398 1085 4471 καθαριεῦσαι
1110 4400 1175 4452 δι’
1204 4399 1476 4470 ἐπιτιμίου
1500 4403 1599 4456 οὐκ
1625 4402 1888 4468 ἀνέξεται.

1984 3316 2282 3359 rannorum
2336 3305 2601 3361 voluntati
2649 3303 2949 3371 cesserint,
3016 3305 3293 3360 moderate
3351 3307 3550 3376 puniri.

1985 3392 2253 3451 Existimo
2299 3406 2479 3453 autem
2531 3412 2652 3469 ego,
2681 3398 2826 3469 quod
2873 3389 3332 3468 quemadmodum
3386 3400 3555 3457 idolo-

1986 3488 2135 3558 thyta
2164 3489 2465 3553 comedere,
2494 3505 2525 3544 a
2557 3490 2807 3546 barbaris
2855 3489 2949 3560 qui
2994 3504 3104 3544 non
3157 3491 3553 3549 sacriﬁcarunt.

1983 3580 2348 3650 compulsum,
2382 3597 2491 3638 non
2530 3591 2613 3638 est
2663 3582 2732 3638 ab
2780 3582 2928 3638 omni
2962 3574 3391 3653 reprehensione
3426 3581 3556 3635 libe-

1983 3685 2140 3738 rum;
2174 3670 2248 3727 ita
2279 3687 2379 3728 nec
2396 3673 2741 3729 barbaricum
2772 3680 3020 3744 stuprum
3049 3674 3097 3728 vi
3127 3688 3441 3744 perpessum
3475 3687 3557 3726 cs-

1984 3776 2044 3817 se
2076 3780 2090 3816 :
2121 3778 2248 3818 nam
2294 3764 2397 3819 hoc
2448 3779 2666 3835 quoque
2712 3766 2932 3833 moJiee,
2964 3766 3237 3836 punietur.
3273 3764 3383 3819 Etsi
3409 3766 3556 3818 enim

1983 3851 2069 3907 lex
2094 3853 2270 3911 civilis
2303 3856 2432 3910 dicit
2459 3857 2512 3910 in
2540 3855 2634 3911 lib.
2666 3871 2755 3922 ιχ,
2786 3859 2868 3911 tit.
2898 3855 3056 3924 58,c.
3090 3857 3177 3921 12,
3211 3858 3447 3912 themate
3477 3858 3508 3909 6
3540 3876 3552 3908 :

1984 3940 2159 3996 Etiam
2193 3959 2258 4000 ea
2284 3960 2406 4015 quae
2438 3947 2508 4000 ab
2537 3946 2787 4001 hostibus
2809 3954 2893 4001 est
2925 3945 3250 4014 adulterata,
3282 3963 3346 4002 ac
3374 3963 3555 4002 rever-

1983 4046 2066 4099 sa,
2095 4048 2124 4087 a
2150 4035 2265 4088 viro
2291 4035 2420 4106 (non
2445 4037 2546 4091 rite
2569 4035 2708 4106 viro)
2736 4045 3043 4103 accusatur,
3067 4037 3167 4092 nisi
3196 4038 3301 4093 hoc
3324 4028 3372 4091 vi
3396 4052 3553 4107 passa

1982 4131 2088 4188 est,
2138 4134 2193 4179 et
2224 4126 2328 4181 hoc
2354 4126 2517 4182 modo
2559 4128 2607 4182 ei
2646 4128 2733 4182 cui
2765 4128 2848 4184 vis
2891 4129 3054 4182 allata
3100 4138 3203 4195 est,
3233 4129 3555 4200 ignoscitur,

1984 4228 2085 4269 nec
2112 4213 2164 4268 id
2190 4223 2246 4269 et
2276 4216 2683 4279 matrimonium
2708 4217 2913 4272 dirimit
2943 4236 2957 4272 :
2984 4219 3076 4272 sed
3108 4217 3558 4272 lex'ecclesiasti-

1982 4318 2068 4369 ea,
2093 4316 2213 4358 eam
2244 4319 2365 4374 qua:
2393 4300 2617 4360 omnino
2641 4321 2672 4361 a
2699 4306 2933 4361 barbaro
2963 4306 3168 4375 polluta
3198 4316 3301 4373 est,
3331 4306 3434 4361 nisi
3465 4323 3557 4377 per

1981 4409 2198 4464 poenam
2246 4411 2383 4466 pura
2431 4398 2521 4464 sit,
2550 4413 2660 4453 non
2695 4398 2853 4453 sinet.
2886 4396 3026 4469 Lege
3056 4407 3109 4452 et
3141 4412 3234 4451 cm
3287 4397 3554 4451 novellam

327 4487 622 4556 Ἀνάγνωθι
650 4489 746 4543 καὶ
778 4488 876 4560 τὴν
907 4496 988 4562 ργ¹
1019 4487 1217 4562 νεαρὰν
1245 4491 1341 4545 τοῦ
1393 4490 1653 4562 βασιλέως
1694 4495 1890 4566 κυρίου

1987 4486 2326 4556 imperatoris
2356 4488 2560 4544 domini
2591 4488 2790 4544 Leonis
2823 4488 3114 4558 Sapientis,
3163 4504 3286 4559 quae
3338 4489 3451 4543 haec
3497 4490 3553 4542 in

314 4579 543 4643 Λέοντος
585 4580 679 4633 τοῦ
711 4581 911 4650 Σοφοῦ,
954 4581 1216 4650 λέγουσαν
1254 4584 1383 4654 περὶ
1408 4585 1470 4637 τὸ
1499 4584 1649 4649 τέλος
1685 4586 1888 4640 ταῦτα’

312 4668 579 4740 Οὐδαμῶς
605 4667 699 4724 οὖν
732 4670 1058 4743 θεσπίζομεν
1091 4672 1172 4726 ἔτι
1200 4673 1337 4744 πρὸς
1358 4674 1649 4743 συνάφειαν
1677 4677 1886 4748 ἐτέρου,

311 4760 404 4814 τὸν
459 4761 753 4831 ἀπείρατον
803 4763 1148 4833 μεμενηκότα
1181 4764 1279 4832 τῆς
1316 4763 1686 4833 αἰχμαλωσίας
1735 4766 1892 4837 ἔρχε-

316 4851 463 4917 σθαι,
493 4853 589 4906 καὶ
617 4852 686 4906 τὰ
732 4852 877 4923 ἑξῆς.
896 4853 1135 4924 Ἀναιρεῐ
1166 4853 1222 4907 δὲ
1270 4854 1305 4925 ἡ
1342 4855 1561 4927 τοιαύτη
1595 4856 1763 4927 νεαρὰ
1789 4858 1890 4929 τὴν

325 4941 749 4995 ’1ουστινιάνειον
776 4941 877 5013 ριξ¹
899 4941 1099 5014 νεαρὰν
1122 4941 1219 5013 τὴν
1249 4942 1509 5013 κειμένην
1534 4946 1591 4997 ἐν
1614 4943 1777 5017 βίϐλῳ
1803 4952 1887 5017 κη’

312 5032 492 5086 τίτλον
521 5030 564 5096 ζ’
590 5033 683 5086 καὶ
710 5033 1009 5102 λέγουσαν,
1048 5035 1238 5091 Ἔστιν
1253 5039 1341 5092 ὅτε
1355 5039 1576 5094 λύεσθαι
1600 5036 1689 5089 τὸν
1714 5037 1890 5090 τοιοῦ-

312 5139 403 5177 τον
434 5123 612 5194 γάμον
634 5140 648 5153 ·
693 5124 833 5195 πλὴν
868 5125 902 5195 ἡ
934 5128 1155 5197 τοιαύτη
1185 5124 1354 5196 νεαρὰ
1380 5124 1562 5196 χώραν
1595 5126 1725 5197 ἔχει,
1763 5128 1888 5182 ὅταν

321 5217 349 5286 ἠ
378 5214 877 5286 αἰχμαλωτισθεῖσα
902 5217 1002 5270 οὐκ
1024 5216 1254 5287 ἐμιάνθη
1279 5218 1430 5288 παρὰ
1447 5218 1552 5271 τῶν
1578 5219 1884 5292 βαρϐάρων.

312 5304 571 5358 Τοιούτου
595 5304 651 5358 δέ
682 5321 825 5368 τινος
871 5305 1172 5373 γεγονότος,
1202 5305 1385 5378 χώραν
1415 5307 1595 5379 ἔχουσι
1624 5309 1692 5363 τά
1727 5313 1784 5363 ἐν
1814 5309 1889 5383 τῷ

318 5392 536 5465 ῥηθέντι
564 5393 844 5465 κεφαλαίῳ
872 5393 967 5447 τοῦ
995 5393 1038 5460 ξ’
1064 5392 1289 5464 βιϐλίου.
1474 5393 1477 5397 ⁴

384 5485 629 5539 ΖΩΝΔΡ.
691 5485 989 5559 Βαρϐάρων
1028 5486 1363 5542 ἐπελθόντων
1406 5489 1611 5562 χώραις
1651 5491 1889 5563 Ῥωμαῖ-

319 5578 459 5639 καῖς,
481 5577 576 5628 καὶ
601 5576 946 5648 ληῖσαμένων
975 5577 1167 5642 αὑτάς,
1188 5580 1237 5632 oi
1266 5582 1393 5651 παρ’
1415 5581 1591 5634 αὐτῶν
1622 5583 1888 5653 αἰχμαλω-
1918 5576 1923 5583 ’

319 5666 586 5730 τισθέντες
613 5666 902 5735 ἐγεύσαντο
941 5668 1321 5733 εἰδωλοθύτων,
1354 5669 1386 5741 ἦ
1416 5671 1508 5723 καὶ
1537 5671 1885 5746 sumam-

318 5761 662 5831 γορευμένων
701 5760 1021 5832 βρωμάτων.
1040 5764 1321 5834 Ἦρωτήθη
1372 5761 1464 5817 οὖν
1514 5767 1637 5836 περὶ
1681 5767 1884 5824 τούτων

626 5868 895 5928 PATRUL.
930 5866 1047 5927 GR.
1093 5865 1195 5927 CX
1210 5866 1499 5929 XXVIII.

1982 4577 2089 4635 ﬁne
2140 4580 2491 4649 prosequitur
2533 4598 2548 4635 :
2584 4579 2743 4635 Nullo
2798 4596 2928 4650 ergo
2978 4580 3141 4634 modo
3184 4580 3547 4641 decernimus,

1980 4683 2105 4723 eum
2135 4669 2226 4739 qui
2256 4670 2619 4741 captivitatem
2653 4686 2760 4724 non
2787 4680 3042 4738 expertus
3071 4658 3289 4735 mansit,
3316 4671 3384 4724 ad
3412 4671 3551 4725 alte~

1983 4760 2099 4814 rius
2145 4761 2586 4830 conjunctionem
2617 4761 2822 4826 venire,
2847 4769 2901 4814 et
2947 4769 3160 4814 caetera.
3195 4758 3320 4815 Haec
3368 4772 3551 4814 autem

1980 4851 2189 4905 novella
2216 4850 2355 4906 tollit
2383 4849 2674 4906 Iustiniani
2703 4866 2848 4906 cxvu
2878 4850 3166 4917 novellam,
3194 4866 3314 4920 qua:
3344 4853 3447 4906 sita
3471 4862 3555 4906 est

1980 4941 2035 4996 in
2080 4942 2217 5019 libro
2248 4958 2439 5008 xxvzn,
2492 4943 2574 4998 tit.
2607 4942 2658 5009 7,
2695 4951 2748 4996 et
2793 4942 2945 5009 dicit,
2990 4956 3383 5010 nonnunquam
3414 4944 3554 4996 solvi

1978 5033 2386 5088 matrimonium
2430 5024 2447 5088 ’ς
2491 5049 2677 5087 verum
2726 5033 2843 5088 haec
2887 5032 3098 5088 novella
3146 5033 3325 5086 locum
3371 5032 3551 5097 habet,

1978 5127 2198 5197 quando
2229 5126 2435 5194 captiva
2466 5141 2495 5178 a
2524 5123 2773 5179 barbaris
2802 5139 2912 5179 non
2943 5133 3025 5179 est
3059 5122 3286 5195 polluta.
3328 5124 3385 5177 Si
3421 5126 3553 5193 quid

1979 5226 2160 5271 autem
2193 5216 2459 5285 ejusmodi
2484 5215 2685 5270 factum
2713 5215 2802 5282 sit,
2822 5216 3002 5271 locum
3026 5217 3249 5283 habent,
3276 5234 3397 5288 quae
3426 5232 3555 5271 sunt

1983 5308 2038 5361 in
2067 5309 2212 5363 dicto
2239 5309 2413 5377 capite
2440 5323 2509 5361 ut
2538 5306 2684 5362 libri.

2016 5489 2250 5566 Jonas.
2288 5490 2426 5547 Cum
2454 5492 2510 5546 in
2542 5491 2820 5549 Romanas
2847 5494 3093 5562 regiones
3122 5492 3337 5549 barbari
3365 5479 3555 5549 irruis-

1983 5597 2124 5652 st-nt,
2168 5580 2368 5654 easque
2400 5587 2628 5641 fuissent
2657 5572 2994 5655 depopulati,
3030 5588 3122 5656 qui
3172 5589 3240 5642 ab
3286 5588 3420 5656 ipsis
3466 5601 3557 5638 ca—

1985 5680 2113 5748 ptivi
2159 5689 2282 5732 sunt
2334 5678 2485 5743 fat-ti,
2515 5678 2830 5749 idolothyta,
2865 5681 2944 5732 vel
2974 5681 3110 5733 alios
3156 5692 3375 5748 quoque
3406 5677 3548 5733 cibo:

1984 5769 2180 5824 vetitos
2207 5770 2579 5835 degustaruut.
2618 5768 2689 5828 De
2735 5771 2797 5825 iis
2844 5772 3026 5840 itavjue
3074 5780 3292 5841 rogatus
3332 5768 3431 5825 fuit
3477 5772 3558 5823 vir

3191 5872 3262 5933 Π
