3944 6402
369 341 477 404 5'23

1599 330 1888 393 "i‘illiOD.
1929 331 2159 391 B.\LSA
2173 330 2333 393 MON

3472 337 3569 401 514·

343 468 605 531 ’δουρί-οε,
639 460 822 533 aitque
844 464 887 518 si
923 475 1042 532 qua:
1069 478 1098 517 a
1133 463 1369 517 dominis
1396 462 1528 532 ipsis
1548 462 1791 531 apposita
1816 461 1926 514 fue-

2022 463 2051 516 6
2074 463 2250 530 ἆτιος,
2278 459 2370 514 καί
2402 476 2583 530 φησιν,
2619 460 2697 511 ὅτι
2732 461 2780 513 εί
2808 458 3008 528 ἔφαγον
3057 458 3105 511 cl
3146 457 3465 528 αἰχμάλωτοι
3499 462 3560 515 τὰ

365 566 487 611 rant
533 555 728 625 captivi
773 555 1143 617 comederunt,
1190 555 1240 608 id
1279 570 1384 609 non
1428 565 1672 623 gravare,
1710 552 1813 606 hoc
1845 561 1927 606 cst

363 663 526 717 grave
553 648 807 700 damnum
835 646 1057 699 minimc
1081 646 1307 711 afferre;
1339 644 1635 715 praesertim
1652 644 1793 713 quod
1818 658 1924 698 una

363 738 505 807 apud
535 753 722 791 omnes
751 747 833 792 est
866 737 1028 797 fama.
1078 738 1190 792 sive
1235 737 1603 806 quod-omnes
1636 736 1776 790 idem
1820 735 1924 791 hoc

362 826 650 889 afﬁrmant,
684 826 946 880 barbaros
974 827 1064 894 qui
1096 835 1308 879 nostras
1331 826 1578 894 regiones
1608 825 1924 880 incursioni-

369 911 472 963 bus
488 918 793 972 vastarunt,
814 924 1158 979 nequaquam
1179 910 1339 965 idolis
1353 913 1708 977 sacrificasse,
1740 927 1801 972 ut
1818 934 1945 987 pro-

367 1001 495 1055 inde
518 1002 910 1070 nequecaptivi
951 1001 1250 1078 idolothyta
1284 1004 1648 1061 comederint.
1671 1008 1780 1078 26
1811 1010 1932 1065 Pro-

369 1091 477 1143 fert
508 1105 637 1144 vero
664 1106 788 1144 cum
819 1107 885 1145 ex
913 1092 1195 1161 Apostolo,
1246 1100 1358 1147 tum
1397 1107 1466 1147 ex
1509 1094 1798 1166 Evangelia
1833 1102 1930 1154 de-

366 1189 619 1250 prompta
651 1182 894 1236 oraeula.
923 1184 995 1237 Ex
1028 1183 1290 1252 Apostolo
1327 1184 1551 1253 quidem
1580 1187 1736 1252 illud,
1796 1190 1935 1245 Esca

360 1270 541 1330 rcntri,
569 1277 617 1321 et
664 1279 836 1321 venter
880 1272 1034 1335 escis;
1063 1280 1116 1324 et
1143 1286 1264 1341 qua:
1306 1282 1624 1340 sequuntur.
1658 1272 1761 1339 Qui
1790 1288 1921 1329 sane

359 1359 511 1412 lucus
550 1360 614 1413 de
645 1360 877 1429 ingluvie
906 1377 970 1415 ac
1008 1362 1332 1416 helluatione
1357 1372 1440 1417 est
1461 1364 1824 1432 accipiendus.
1846 1367 1922 1419 Ac

359 1463 496 1501 escae
530 1451 745 1517 quidem
796 1452 1035 1515 nomine,
1067 1467 1521 1521 supervacaneam
1553 1455 1660 1508 cibi
1691 1456 1922 1524 copiam,

358 1542 658 1609 lusumque
714 1543 961 1611 intelligit
993 1561 1005 1596 :
1039 1558 1134 1612 per
1175 1556 1415 1599 ventrem
1447 1557 1625 1601 autem
1658 1547 1925 1602 voracita-

340 1641 491 1694 tem,
522 1647 627 1705 non
659 1633 834 1700 ipsum
866 1634 1247 1687 ventriculum.
1276 1633 1481 1691 lndicat
1511 1638 1673 1706 igitur
1701 1638 1787 1693 bis
1810 1654 1929 1692 vera

361 1720 446 1774 liis
491 1722 798 1789 Apostolus,
838 1725 1059 1777 nimiam
1115 1725 1220 1779 cibi
1266 1728 1477 1795 copiam
1526 1737 1581 1782 et
1630 1730 1815 1783 luxum
1857 1729 1926 1785 ad

2023 552 2174 624 παρὰ
2203 552 2313 604 τῶν
2345 550 2869 621 αἰχμαλωτησέιντων
2920 549 3114 613 αὐτοὺς
3158 549 3558 620 παρατιθέμενα,

2019 645 2178 699 τοῦτο
2205 644 2264 696 οὐ
2302 643 2471 713 βαρεῖ,
2503 642 2623 696 ἀντὶ
2646 640 2759 705 τοῦ,
2787 642 2846 693 οὐ
2879 640 3098 711 βαρεῖαν
3121 642 3334 709 ἐμποιεῖ
3356 640 3558 712 βλάϐην⁶

2022 737 2116 791 καὶ
2158 735 2354 806 μᾶλλον
2397 735 2479 787 ὃτι
2527 729 2606 797 εἷς
2653 733 2807 800 λόγος
2850 731 2998 802 παρὰ
3031 730 3447 803 πάντων,’ῆγουν
3487 734 3562 787 ὅτι

2023 826 2304 889 πάντες¹τὸ
2328 824 2459 878 αὐτὸ
2490 824 2755 893 λέγουσιν,
2777 825 2858 878 ὅτι
2886 825 2935 877 οἱ
2954 824 3022 876 τὰ
3050 824 3290 893 ἡμέτερα
3320 823 3568 897 καταδραο

2024 916 2213 986 μόντες
2245 914 2508 985 βάρϐαροι
2533 912 2769 974 εἰδώλοις
2799 914 2897 966 οὐκ
2920 913 3136 971 ἔθυσαν,
3165 910 3304 964 ὥστε
3344 911 3457 965 οὐδὲ
3493 915 3564 965 sl-

2020 1005 2288 1060 δωλόθυτα
2319 1004 2517 1072 ἔφαγον
2558 1004 2607 1055 οἱ
2650 1002 2998 1072 αἰχμάλωτοι.
3040 1002 3282 1071 Παράγει
3309 1001 3364 1054 δέ
3393 1002 3481 1054 καὶ
3505 1002 3564 1054 ἐκ

2017 1095 2112 1149 τοῦ
2153 1094 2472 1149 ’Δποστόλου
2502 1096 2723 1165 χρήσεις
2764 1094 2857 1147 καὶ
2901 1095 2965 1146 ἐκ
3004 1092 3095 1146 τοῦ
3130 1092 3476 1159 Εὑαγγελίου·
3506 1094 3564 1146 ἐκ

2024 1187 2122 1257 μέν
2140 1186 2234 1239 τοῦ
2279 1186 2593 1239 ’Δποστόλου
2621 1184 2703 1248 τὸ,
2727 1184 2800 1238 Τὰ
2810 1183 3093 1252 ,ϐρώματα
3135 1181 3210 1251 τῇ
3242 1182 3448 1248 κοιλίᾳ,
3476 1182 3565 1234 καὶ

2019 1279 2058 1344 ἠ
2099 1277 2297 1329 κοιλία
2338 1275 2462 1341 τοῖς
2496 1274 2801 1343 ,ϐρώμασισ
2836 1275 2926 1327 καὶ
2953 1272 3022 1327 τὰ
3052 1273 3275 1342 ἐξῆς.”⁹0
3303 1272 3357 1325 δὲ
3385 1272 3566 1344 χωρίον

2021 1366 2148 1436 περὶ
2179 1365 2492 1437 πλησμονῆς
2520 1365 2665 1433 λέγει
2702 1366 2796 1418 καὶ
2817 1367 3275 1436 γαστριμαργίας.
3306 1367 3413 1419 Καὶ
3441 1365 3571 1437 βρώ-

2022 1473 2166 1526 ματα
2189 1455 2290 1526 μὲν
2313 1455 2382 1509 τὰ
2405 1457 2634 1526 περιττὰ
2663 1455 2916 1525 ὀνομάζει
2950 1458 3042 1510 καὶ
3072 1458 3172 1526 τὴν
3197 1459 3406 1528 τρυφήν
3424 1474 3437 1487 ·
3465 1475 3569 1511 κοι-

2019 1545 2138 1600 λίαν
2177 1545 2233 1600 δέ
2266 1545 2364 1617 τὴν
2392 1548 2850 1619 γαστριμαργίαν,
2881 1548 2995 1602 ἀλλ’
3032 1548 3153 1617 οὐχὶ
3191 1549 3292 1618 τὴν
3322 1549 3568 1619 γαστέρα.

2018 1635 2186 1691 Διὰϐἐ
2204 1636 2405 1691 τούτων
2427 1640 2454 1691 ὁ
2469 1639 2783 1704 Ἀπόστολος
2822 1639 3005 1708 λέγει,
3029 1640 3163 1709 ὅτιή
3191 1638 3462 1709 ἀδηφαγία
3486 1638 3572 1692 καὶ

2019 1727 2053 1797 ἡ
2085 1728 2261 1799 τρυφὴ
2293 1730 2359 1800 τῇ
2389 1729 2796 1800 γαστριμαργίᾳ
2819 1731 3030 1800 ἀνήκει,
3054 1729 3168 1782 ἀλλ’
3194 1730 3255 1783 οὐ
3289 1728 3420 1800 πρὸς
3451 1728 3572 1782 Θεὸν

364 1812 750 1867 lielluationem
774 1815 1085 1883 perducere,
1105 1831 1209 1869 non
1234 1818 1298 1871 ad
1324 1817 1490 1872 Deum
1520 1819 1693 1887 ferre;
1720 1822 1926 1878 luxum-

2020 1819 2192 1890 φέροι,
2224 1820 2330 1873 ’καὶ
2376 1822 2442 1892 τῇ
2489 1825 2668 1893 τρυφῇ
2713 1822 2775 1875 τὸ
2818 1822 2918 1893 τῆς
2946 1820 3386 1893 γαστριμαργίας
3419 1820 3577 1886 πάθος

364 1918 470 1971 que
502 1904 819 1973 plerumque
843 1908 1036 1961 vitium
1072 1908 1415 1965 helluationis
1450 1914 1823 1983 consequitur,
1849 1915 1930 1968 al-

365 1998 834 2066 terumquealteri
865 1998 1133 2065 deservit;
1165 1999 1308 2055 Deus
1343 2012 1521 2057 autem
1555 2005 1708 2060 irrita
1736 2006 1849 2062 hate
1875 2016 1930 2065 et

364 2099 517 2138 cassa
549 2088 752 2151 reddet,
789 2098 847 2142 ut
874 2088 1011 2143 nihil
1043 2105 1108 2145 ex
1143 2092 1276 2159 ipsis
1301 2092 1486 2148 damni
1515 2096 1770 2166 cuiquam
1798 2113 1928 2153 con-

364 2175 790 2245 tingat.\’idctur
815 2194 979 2248 porro
1010 2182 1099 2237 hic
1122 2191 1345 2237 sanctus
1369 2184 1472 2239 hoc
1499 2186 1621 2241 loco
1646 2202 1779 2243 usus
1804 2205 1929 2260 apo-

365 2270 573 2324 stulicis
606 2270 807 2333 verbis,
840 2281 900 2325 ut
940 2273 1338 2329 demonstraret
1364 2291 1486 2345 quae
1518 2278 1589 2332 ob
1624 2279 1810 2333 luxum
1864 2296 1929 2336 ac

363 2360 682 2415 cidacitatem
717 2361 871 2426 ﬁunt,
902 2363 1156 2437 damnata
1185 2380 1307 2421 esse
1351 2381 1415 2421 ac
1460 2370 1635 2437 poenis
1669 2370 1925 2436 obnoxia,

366 2465 473 2504 non
505 2452 632 2505 item
664 2468 725 2507 ea
755 2469 874 2524 quae
900 2444 949 2508 vi
983 2470 1047 2508 ac
1076 2455 1398 2511 necessitate
1429 2461 1673 2527 corporis
1702 2472 1929 2530 cogente

366 2539 746 2595 admittuntur.
777 2540 1010 2597 Proinde
1051 2543 1263 2599 etiamsi
1308 2545 1462 2600 cibos
1488 2546 1700 2617 aliquos
1731 2550 1929 2604 vetitos

364 2628 560 2697 captivi
611 2632 964 2693 comederint.
996 2647 1120 2685 cum
1169 2634 1309 2687 servi
1357 2645 1559 2699 essent,
1590 2637 1662 2692 ob
1703 2639 1928 2694 alterius

364 2720 603 2775 alimenti
637 2724 896 2792 inopiam,
929 2724 1109 2778 cibum
1156 2726 1464 2781 necessario
1491 2728 1739 2798 exigente
1770 2741 1931 2786 natu-

365 2826 459 2874 ra;
486 2825 590 2863 non
625 2821 707 2865 est
736 2813 837 2865 hoc
862 2827 1103 2882 eousque
1134 2828 1315 2881 grave,
1351 2823 1411 2869 ut
1445 2824 1499 2871 et
1531 2818 1777 2875 criminis
1809 2820 1929 2876 loco

364 2904 613 2956 ducatur.
653 2904 726 2957 Ex
760 2902 1050 2974 Evangelio
1076 2915 1259 2961 autem
1301 2922 1436 2962 usus
1463 2916 1547 2963 est
1582 2909 1687 2964 illis
1714 2908 1929 2966 Domini

368 2995 591 3048 \erbis:
634 2992 758 3047 Non
799 2998 939 3064 quod
966 2998 1130 3051 intrat
1170 3014 1263 3066 per
1306 3014 1386 3063 os,
1416 3001 1719 3069 coinquinat
1762 3001 1927 3054 homi-

365 3098 523 3147 nem;
567 3094 619 3137 et
646 3086 711 3138 ad
737 3086 983 3141 eamdem
1030 3088 1145 3142 haec
1185 3102 1404 3160 quoque
1432 3094 1752 3148 sententiam
1799 3094 1934 3150 rele-

2017 1907 2305 1979 ῲκείωται,
2334 1911 2428 1964 καὶ
2473 1910 2697 1984 θάτερον
2730 1913 2940 1983 Θατέρῳ
2971 1911 3237 1965 δουλεύει·
3288 1914 3318 1965 ὁ
3364 1911 3418 1965 δὲ
3454 1912 3577 1974 Θεὸς

2017 1998 2271 2068 ἄπρακτα
2305 2000 2399 2053 καὶ
2422 2002 2566 2071 ἀργὰ
2592 2003 2808 2073 ποιήσει
2840 2002 3027 2065 ταῦτα,
3054 2002 3194 2056 ὥστε
3225 2003 3303 2074 μὴ
3324 2004 3383 2070 ἐξ
3411 2003 3578 2057 αὐτῶν

2018 2089 2172 2153 τινὰς
2205 2088 2747 2159 βλάπτεσθαι.Ἔοικε
2781 2095 2837 2146 δὲ
2867 2096 2897 2148 ὁ
2925 2094 3077 2162 ἅγιος
3105 2088 3256 2158 οὗτος
3290 2092 3580 2166 χρήσασθαι

2017 2182 2127 2242 τοῖς
2172 2182 2541 2246 ἁποστολικοῖς
2593 2185 2825 2254 ῥήμασιν
2857 2184 3084 2238 ἐνταῦθα
3106 2184 3388 2248 ,-δεικνὺς,
3414 2186 3492 2239 ὅτι
3520 2185 3583 2238 τὰ

2017 2271 2157 2324 κατὰ
2183 2272 2390 2344 τρυφὴν
2422 2275 2513 2327 καὶ
2557 2274 2863 2345 ἀδηφαγίαν
2892 2275 3150 2344 γινόμενα
3185 2275 3580 2346 διαϐέϐληνται,

2021 2359 2113 2411 καὶ
2149 2361 2435 2430 ἐπιτιμίων
2471 2362 2606 2415 είσὶν
2628 2360 2772 2425 ἄξια,
2802 2362 2862 2415 οὐ
2883 2362 2953 2415 τὰ
2978 2362 3044 2415 δι’
3070 2363 3323 2434 ἀνάγκην
3352 2365 3445 2417 καὶ
3473 2358 3584 2434 βίαν

2019 2451 2365 2521 σωματικήνο
2419 2450 2559 2505 ὥστε
2611 2451 2713 2505 κᾶν
2761 2451 2960 2521 ἔφαγον
3006 2454 3053 2506 oi
3100 2453 3438 2524 αἰχμάλωτοι
3474 2470 3586 2507 τινα

2020 2539 2281 2612 βρώματα
2300 2541 2409 2595 τῶν
2435 2543 2916 2613 ἀπηγορευμένων,
2941 2543 3115 2598 δοῦλοι
3145 2545 3330 2612 ὄντες,
3370 2547 3437 2600 δι’
3461 2547 3588 2600 ἀπο-

2020 2632 2142 2702 ρίαν
2170 2631 2360 2703 ἐτέρας
2390 2632 2616 2704 τροφῆς,
2647 2633 2745 2703 τῆς
2788 2633 2999 2702 φύσεως
3042 2635 3325 2706 τραφῆναι
3355 2635 3590 2706 βιαζομέ-

2016 2740 2132 2794 ν-ης,
2166 2724 2228 2776 οὐ
2277 2724 2412 2796 βαρὺ
2457 2724 2634 2789 τοῦτο,
2667 2725 2742 2789 ὼς
2778 2726 2871 2779 καὶ
2915 2727 3214 2797 ἁμάρτημα
3246 2727 3583 2799 λογισθῆναι.
3676 2733 3695 2743 ’

2028 2814 2122 2867 Ἐκ
2147 2815 2203 2867 δὲ
2228 2814 2322 2867 τοῦ
2348 2816 2684 2885 Εὑαγγελίου
2707 2817 2974 2888 ἐχρήσατο
2998 2820 3107 2881 τοῖς
3132 2816 3224 2870 τοῦ
3254 2812 3460 2890 Κυρίου
3492 2820 3583 2891 ῥή-

2004 2922 2152 2976 μασι
2177 2909 2291 2969 τοῖς
2319 2907 2586 2975 λέγουσιν,
2618 2908 2720 2971 ὅτι,
2760 2911 2842 2962 Οὐ
2866 2908 2929 2962 τὸ
2952 2912 3456 2981 εἰσπορευόμενον
3478 2928 3586 2966 κοι-

2012 2998 2111 3051 νοῖ
2134 2998 2241 3050 τὸν
2262 2998 2571 3066 ἄνθρωπον
2590 3018 2601 3029 ·
2618 3001 2723 3052 οιαὶ
2747 3001 2918 3054 ταῦτα
2940 3000 2996 3054 δὲ
3022 3002 3155 3072 πρὸς
3171 3002 3275 3073 τὴν
3295 3003 3581 3075 εἰρημένην

2013 3087 2277 3143 τείνουσιν
2320 3089 2544 3145 ἔννοιαν.
2593 3090 2726 3144 Εἶτα
2776 3091 2872 3144 καὶ
2922 3093 3051 3163 περὶ
3096 3094 3376 3160 γυναικῶν
3427 3111 3583 3165 φησιν

358 3184 571 3228 runtur.
614 3174 749 3231 Hinc
779 3178 846 3231 de
892 3179 1212 3234 mulieribus
1243 3196 1459 3252 quoque
1482 3185 1709 3252 captivis
1750 3201 1872 3256 qua:
1898 3202 1926 3241 a

2019 3178 2370 3249 αἰχμαλώτων
2394 3176 2481 3243 αἷς
2510 3183 2557 3234 oi
2597 3180 2862 3254 βάρϐαροι
2902 3182 3339 3254 συνεφθάρησαν.
3370 3185 3479 3237 Καὶ
3504 3183 3579 3236 δίο

348 3266 612 3321 "barbaris
643 3279 912 3338 corrupta:
941 3278 1087 3336 sunt,
1116 3272 1366 3341 disserit;
1398 3284 1559 3344 atque
1588 3276 1659 3329 ita
1687 3292 1926 3348 pronun-

2019 3269 2142 3323 δωσι
2175 3271 2417 3341 γνώμην,
2447 3273 2547 3336 ὅτι,
2570 3275 2625 3325 εί
2653 3272 2749 3342 μὲν
2779 3274 2808 3325 ὀ
2844 3270 3032 3345 πρώην
3060 3272 3240 3326 αὐτῶν
3283 3275 3396 3345 βίος
3422 3291 3582 3327 κατε-

364 3358 457 3410 tiat
496 3376 508 3411 :
543 3358 587 3413 si
619 3360 837 3427 quidem
865 3362 1079 3417 illarum
1115 3374 1356 3420 anteacta
1387 3368 1507 3423 vita’
1532 3368 1786 3427 damnata
1816 3375 1926 3430 lite-

2019 3357 2321 3428 γνωσμένος
2350 3352 2438 3429 ἧν,
2468 3359 2737 3422 ὑπόπτους
2765 3358 2934 3422 αὑτὰς
2969 3362 3110 3412 ποιεί
3139 3362 3171 3431 ἡ
3196 3362 3435 3433 πορνικῆ
3457 3360 3582 3425 ἕξις,

364 3459 467 3513 rat,
505 3464 599 3504 cas
626 3450 788 3504 etiam
825 3453 1154 3520 captivitatis
1185 3464 1427 3525 tempore
1469 3458 1791 3519 fornicarius
1840 3466 1926 3521 ha-

2019 3451 2108 3504 καὶ
2150 3451 2208 3504 ἐν
2251 3449 2329 3519 τῷ
2367 3448 2542 3522 καιρῷ
2586 3449 2685 3520 τῆς
2704 3448 3124 3520 αἰχμαλωσίας’
3175 3453 3273 3506 καὶ
3318 3452 3408 3509 διὰ
3436 3451 3586 3506 τοῦτο

350 3541 510 3593 bitus
540 3550 823 3610 suspectas
855 3544 1005 3607 facit,
1043 3546 1376 3618 proindeque
1415 3549 1558 3606 haud
1607 3552 1765 3609 facile
1797 3556 1926 3626 ipsis

2019 3540 2317 3612 προχείρως
2356 3541 2546 3604 αὐταῖς
2578 3540 2638 3593 οὐ
2679 3539 3028 3611 συνερχεσθαι
3056 3541 3154 3603 δεῖ,
3181 3541 3322 3596 ἀλλὰ
3358 3542 3494 3614 μετὰ
3529 3541 3586 3596 τὸ

366 3633 416 3685 in
447 3635 754 3701 precatione
780 3638 1191 3693 communicare
1234 3650 1466 3710 Oportet,
1494 3643 1597 3698 nisi
1644 3647 1821 3701 debita
1851 3649 1926 3703 vi-

2019 3632 2292 3685 δουλεῦσαι
2337 3631 2536 3702 δηλαδὴ
2569 3631 3043 3702 ἐπιτιμίοις.Ἔξ.ις
3078 3632 3120 3685 δ’
3151 3634 3325 3699 ἐστὶν,
3358 3635 3393 3705 ἡ
3421 3633 3590 3704 χρονί-

362 3724 554 3778 delicet
601 3727 929 3793 paenitentiae
977 3738 1217 3799 tempora
1250 3731 1604 3802 eapleverint.
1630 3734 1731 3793 Est
1764 3754 1926 3808 porro

2019 3740 2154 3776 σασα
2186 3722 2467 3793 συνήθεια,
2505 3724 2599 3776 καὶ
2627 3722 2706 3794 τῷ
2733 3724 2908 3795 χρόνῳ
2940 3723 3305 3791 παγιωθεῖσα,
3350 3727 3472 3795 ἥτις
3499 3722 3590 3776 καὶ

365 3817 599 3879 habitus,
633 3817 889 3873 diuturna
917 3834 984 3875 ac
1013 3827 1252 3890 tempore
1277 3824 1595 3882 conﬁrmata
1636 3838 1930 3884 consuetu-

361 3909 450 3972 du,
481 3923 604 3977 qua:
633 3918 843 3965 naturae
888 3911 1082 3967 similis
1108 3922 1219 3979 est,
1256 3922 1315 3969 ut
1347 3926 1630 3986 propterea
1659 3919 1927 3989 ejusmodi

364 3998 618 4053 mulieres
649 4015 993 4071 nequaquam
1021 4003 1071 4057 vi
1104 4014 1323 4059 coactas
1347 4021 1600 4074 peccasse
1624 4011 1927 4079 putandum

354 4092 450 4145 sit.
483 4089 637 4157 Quod
669 4092 712 4146 si
744 4093 976 4160 priorem
1006 4094 1172 4148 vitam
1205 4106 1354 4151 caste
1396 4113 1463 4153 ac
1489 4099 1626 4154 citra
1672 4101 1928 4158 offensio-

352 4196 484 4234 .nem
524 4191 771 4250 egerunt,
801 4191 914 4236 tum
945 4183 1192 4238 abducta:
1222 4186 1279 4239 in
1306 4188 1620 4243 servitutem
1655 4191 1726 4244 ob
1748 4193 1928 4260 capti-

361 4272 601 4334 vitatem,
636 4286 699 4326 ex
727 4274 979 4328 vicientia
1010 4275 1366 4329 barbarorum
1398 4280 1783 4335 contumeliam
1810 4297 1929 4351 pas-

362 4378 435 4417 sa:
460 4371 605 4423 sunt,
643 4363 913 4418 immunes
944 4376 1071 4420 sunt
1100 4381 1130 4420 a
1164 4367 1320 4434 culpa
1351 4384 1363 4419 :
1392 4368 1804 4440 exemplumque
1828 4372 1926 4427 ad-

365 4455 530 4517 hibet,
560 4455 704 4523 quod
741 4455 795 4508 in
824 4453 1225 4510 Deuteronomii
1255 4457 1734 4517 constitutionibus
1759 4460 1927 4517 refer-

2015 3814 2173 3884 φύσει
2202 3815 2539 3886 προσέοικεν,
2569 3813 2707 3867 ὥστε
2743 3817 2796 3867 αἱ
2825 3814 2930 3885 μὴν
2955 3814 3197 3868 τοιαῦται
3219 3817 3323 3886 οὐχ
3348 3816 3589 3887 ἥμαρτον

2015 3902 2334 3974 βιασθεῖσαι.
2365 3904 2430 3957 El
2457 3903 2514 3956 δὲ
2543 3906 2570 3957 ὀ
2600 3903 2859 3974 πρότερος
2889 3902 3067 3956 αὐτῶν
3099 3902 3211 3972 βίος
3242 3904 3478 3976 σώφρων
3502 3903 3592 3956 καὶ

2016 3976 2770 4069 ἀνεπίληπτος,’δουλωοεισαι
2814 3996 2871 4048 δὲ
2913 3995 3007 4048 καὶ
3047 3993 3133 4048 διὰ
3178 3992 3279 4066 τῆς
3298 3994 3594 4067 ,αιχμαλω-

2017 4083 2159 4148 σίας,
2200 4085 2265 4137 ἐκ
2298 4084 2417 4154 βίας
2449 4085 2747 4155 ὑπέμειναν
2790 4087 2887 4156 τὴν
2931 4083 3039 4138 τῶν
3087 4083 3386 4157 βαρϐάρων
3416 4085 3590 4156 ὓϐριν,

2015 4174 2333 4246 ἀνέγκλητοί
2366 4176 2491 4227 εισι.
2541 4175 2651 4227 Καὶ
2701 4175 3103 4247 παραδείγματι
3136 4175 3409 4247 κέχρηται
3440 4177 3506 4245 τῇ
3537 4175 3592 4228 ἐν

2012 4263 2093 4335 τῷ
2119 4265 2516 4336 Δευτερονομίῳ
2543 4266 2867 4338 θεσμοθεσία
2887 4268 2954 4337 τῇ
2984 4266 3110 4338 napi.
3142 4266 3241 4336 τῆς
3278 4266 3595 4337 βιασθείσης

2020 4354 2309 4425 παρθένου,
2337 4355 2405 4425 ἢν
2429 4356 2486 4407 ἐν
2510 4355 2715 4425 ἐρημίᾳ.
2738 4357 2768 4408 ὁ
2784 4353 3115 4425 βιασάμενος
3144 4352 3392 4426 ἔφθειρε,
3417 4352 3598 4422 λεγούο

2023 4467 2093 4523 σῃ
2115 4469 2128 4481 ·
2159 4455 2270 4507 Οὐκ
2300 4450 2450 4504 ἔσται
2481 4455 2546 4523 τῇ
2580 4452 2777 4507 νεάνιδι
2811 4453 3113 4522 ἁμάρτημα
3143 4451 3405 4506 θανάτου.

363 4564 468 4611 ιητ,
502 4552 569 4604 de
602 4550 808 4618 virgine
868 4550 975 4603 vim
1033 4564 1212 4618 passa,
1260 4564 1423 4639 quam
1478 4551 1531 4604 in
1581 4555 1871 4611 solitudine
1903 4558 2172 4627 quispiam
2226 4556 2449 4611 violavit
2500 4575 2513 4610 :
2563 4555 2678 4610 Non
2740 4557 2866 4621 erit,
2922 4555 3121 4625 inquit,
3176 4551 3600 4610 aloiesccntulat

216 4670 250 4689 ι-
352 4656 643 4714 ,peecatum
668 4645 881 4699 mortis.

898 4772 1127 4831 CANON
1166 4772 1228 4826 ﬂ.

2627 4760 2861 4813 ΚΔΝΩΝ
2908 4761 2981 4814 Β’.

428 4888 450 4919 ι
499 4866 689 4921 Gravis
721 4875 802 4921 est
848 4864 1072 4919 avaritia
1099 4902 1115 4927 ,
1165 4879 1265 4918 nec
1296 4872 1524 4932 possunt
1555 4879 1662 4919 una
1683 4866 1914 4934 epistola

2092 4871 2113 4902 ‹
2151 4851 2365 4924 Δεινὴή
2400 4850 2678 4917 πλεονεξία
2702 4889 2717 4914 ,
2748 4853 2843 4906 καὶ
2887 4853 2988 4905 οὒκ
3037 4852 3152 4906 ἔστι
3191 4853 3261 4907 δι’
3308 4856 3599 4925 ἐπιστολῆς

348 4979 373 5008 4
422 4959 646 5029 proponi
680 4956 994 5026 Scriptura),
1031 4956 1085 5009 in
1115 4956 1315 5025 quibus
1344 4954 1449 5009 non
1482 4956 1657 5011 solum
1689 4958 1916 5025 praedari

350 5071 372 5100 ι
424 5051 735 5119 fugiendum
768 5047 1207 5116 horrendumque
1234 5044 1594 5115 praedicatur,
1627 5045 1721 5100 sed
1762 5048 1915 5117 plura

355 5163 371 5193 ι
418 5142 580 5196 etiam
623 5139 1033 5207 concupiscere,
1083 5146 1137 5192 et
1177 5136 1352 5192 aliena
1383 5144 1602 5205 propter
1646 5150 1801 5206 turpe
1837 5138 1919 5191 luv

346 5230 373 5281 “‹
422 5248 575 5286 crum
603 5232 900 5300 attingere:
937 5239 989 5285 et
1013 5230 1320 5299 quicunque
1343 5240 1428 5284 est
1445 5227 1735 5296 ejusmodi,
1771 5229 1815 5283 is
1837 5238 1918 5284 est

358 5345 377 5375 ε
424 5341 455 5377 a
493 5322 584 5376 Dei
627 5322 863 5377 Ecclesia
899 5321 1201 5376 abdicatus.
1234 5317 1295 5375 lu
1326 5329 1568 5391 tempore
1612 5327 1789 5373 autem
1837 5318 1921 5371 in—

361 5436 377 5465 ‹
427 5414 728 5479 rnrsiouis,
763 5413 816 5467 in
845 5421 992 5466 tanto
1027 5413 1172 5466 luctu
1198 5412 1474 5481 tantisque
1490 5408 1728 5472 ﬂetibus,
1757 5423 1921 5463 ausos

244 5483 276 5551 θ
362 5526 378 5557 ι
425 5522 543 5560 esse
584 5504 797 5574 aliquos
830 5512 1038 5572 tempus
1067 5502 1210 5572 quod
1249 5498 1501 5555 omnibus
1533 5499 1760 5553 exitium
1792 5494 1921 5552 alle-

360 5618 379 5648 ι
423 5597 576 5651 rebat
595 5638 608 5661 ,
639 5595 951 5650 existimare
974 5608 1095 5648 esse
1127 5593 1228 5647 sibi
1257 5592 1404 5653 lucri.
1423 5598 1634 5662 tempus
1659 5630 1675 5657 ,
1719 5599 1800 5643 est
1828 5589 1924 5642 lio-

361 5707 380 5739 ι
428 5687 634 5741 minum
679 5686 968 5755 impiorum
1001 5694 1053 5739 et
1090 5682 1197 5738 Deo
1243 5683 1572 5745 invisorum,
1603 5692 1652 5734 et
1689 5693 1920 5748 quorum

366 5799 382 5830 |
427 5777 755 5839 improbitati
784 5777 916 5831 nibil
942 5785 1113 5839 potest
1141 5775 1320 5836 adjici.
1350 5772 1499 5828 Unde
1528 5786 1715 5827 omnes
1746 5768 1923 5825 istius-

2022 4962 2045 4994 ι
2089 4944 2218 5014 μιᾶς
2242 4942 2583 5014 παραθέσθαι
2618 4942 2687 4996 τὰ
2716 4943 2834 4997 θεῖα
2858 4945 3191 5015 γράμματα,
3223 4948 3284 4999 ἐν
3326 4944 3414 5013 οἷς
3441 4949 3504 5002 οὐ
3539 4948 3599 5002 τὸ

2027 5053 2043 5084 ι
2079 5032 2355 5105 λῃστεύειν
2382 5034 2539 5104 μόνον
2564 5034 2788 5104 φρικτὸν
2809 5034 2901 5087 καὶ
2928 5035 3193 5106 φρικῶδες
3226 5039 3599 5108 καταγγέλλε-

2026 5142 2045 5175 ι
2081 5142 2169 5179 ται
2195 5167 2209 5190 ,
2251 5125 2386 5180 ἀλλὰ
2424 5126 2650 5180 καθόλου
2687 5126 2747 5179 τὸ
2785 5125 3126 5181 πλεονεκτεῖν
3159 5128 3253 5181 καὶ
3295 5128 3598 5201 ἀλλοτρίου

2026 5237 2043 5268 ι
2079 5217 2410 5287 ἐφάπτεσθαι
2452 5219 2547 5272 ἐπὶ
2586 5218 3025 5289 αἱσχροκερδείᾳ-
3071 5218 3167 5272 καὶ
3213 5221 3324 5283 πῶς
3355 5221 3600 5282 τοιοῦτος

2026 5327 2045 5360 ι
2080 5309 2411 5379 ἐκκήρυκτος
2445 5309 2769 5378 Ἐκκλησίας
2815 5309 2967 5363 Θεοῦ.
2998 5310 3072 5362 Τὸ
3098 5309 3156 5363 δὲ
3189 5311 3246 5363 ἐν
3278 5310 3463 5381 καιρῷ
3499 5310 3599 5380 τῆς

2027 5417 2045 5447 ι
2082 5398 2447 5469 καταδρομῆς,
2472 5401 2528 5452 ἐν
2566 5400 2798 5473 τοσαύτῃ
2820 5402 3030 5472 οἰμωγῇ
3052 5402 3144 5453 καὶ
3170 5400 3448 5466 τοσούτοις
3465 5394 3601 5472 θρή-

2025 5507 2046 5540 ι
2081 5506 2191 5553 νοις
2208 5490 2471 5561 τολμῆσαί
2504 5504 2654 5554 τινας
2675 5492 2766 5545 τὸν
2791 5493 2978 5562 καιρὸν
3022 5493 3111 5545 τὸν
3158 5494 3327 5544 πᾶσιν
3373 5491 3599 5563 ὄλεθρον

2026 5597 2048 5632 ι
2081 5581 2309 5652 φέροντα
2328 5583 2544 5651 νομίσαι
2570 5582 2783 5647 ἑαυτοῖς
2809 5584 2997 5655 καιρὸν
3030 5580 3165 5637 εἶναι
3192 5582 3423 5651 κέρδους
3441 5623 3456 5647 ,
3504 5584 3598 5635 ἀν-

2024 5682 2045 5725 e'
2080 5672 2312 5743 θρώπων
2333 5675 2477 5727 ἐστὶν
2496 5675 2705 5728 ἀσεϐῶν
2730 5676 2823 5729 καὶ
2848 5675 3154 5744 θεοστυγῶν
3172 5718 3184 5741 ,
3207 5676 3329 5729 οὐδὲ
3360 5674 3595 5747 ὑπερϐο-

2026 5781 2048 5818 ι
2079 5764 2175 5834 λὴν
2218 5766 2444 5829 ἀτοπίας
2489 5768 2735 5835 ἐχόντων.
2773 5767 2933 5821 Ὅθεν
2956 5767 3095 5832 ἔδοξε
3145 5769 3268 5830 τοὺς
3313 5767 3593 5827 τοιούτους
