  <div class='ocr_page' id='page_1' title='image "/cluster/home/n/w/nwhite01/storage/ocr_20150623/138:no.2/coo.31924054870435/272.png"; bbox 0 0 4076 6424; ppageno 0'>
   <div class='ocr_carea' id='block_1_1' title="bbox 461 401 563 473">
    <p class='ocr_par' dir='ltr' id='par_1_1' title="bbox 461 401 563 473">
     <span class='ocr_line' id='line_1_1' title="bbox 461 401 563 473; baseline -0.01 0"><span class='ocrx_word' id='word_1_1' title='bbox 461 401 563 473; x_wconf 66' lang='lat'><strong>529</strong></span> 
     </span>
    </p>
   </div>
   <div class='ocr_carea' id='block_1_2' title="bbox 1385 400 2740 468">
    <p class='ocr_par' dir='ltr' id='par_1_2' title="bbox 1385 400 2740 468">
     <span class='ocr_line' id='line_1_2' title="bbox 1385 400 2740 468; baseline -0.001 -2"><span class='ocrx_word' id='word_1_2' title='bbox 1385 403 1462 466; x_wconf 73' lang='lat' dir='ltr'><strong>IN</strong></span> <span class='ocrx_word' id='word_1_3' title='bbox 1503 400 1748 466; x_wconf 77' lang='lat' dir='ltr'><strong>EPIST.</strong></span> <span class='ocrx_word' id='word_1_4' title='bbox 1778 403 1838 468; x_wconf 91' lang='lat' dir='ltr'><strong>S.</strong></span> <span class='ocrx_word' id='word_1_5' title='bbox 1881 401 2258 466; x_wconf 77' lang='lat' dir='ltr'><strong>GREGORII</strong></span> <span class='ocrx_word' id='word_1_6' title='bbox 2301 403 2740 466; x_wconf 58' lang='lat' dir='ltr'><strong>NEOCJESAR&#39;.</strong></span> 
     </span>
    </p>
   </div>
   <div class='ocr_carea' id='block_1_3' title="bbox 3581 401 3704 466">
    <p class='ocr_par' dir='ltr' id='par_1_3' title="bbox 3581 401 3704 466">
     <span class='ocr_line' id='line_1_3' title="bbox 3581 401 3704 466; baseline -0.016 0"><span class='ocrx_word' id='word_1_7' title='bbox 3581 401 3704 466; x_wconf 80' lang='lat'><strong>530&#39;</strong></span> 
     </span>
    </p>
   </div>
   <div class='ocr_carea' id='block_1_4' title="bbox 464 528 2017 615">
    <p class='ocr_par' dir='ltr' id='par_1_4' title="bbox 464 534 2017 615">
     <span class='ocr_line' id='line_1_4' title="bbox 464 534 2017 615; baseline 0.002 -22"><span class='ocrx_word' id='word_1_8' title='bbox 464 562 483 593; x_wconf 71' lang='grc' dir='ltr'>ς</span> <span class='ocrx_word' id='word_1_9' title='bbox 521 543 683 615; x_wconf 81' lang='grc' dir='ltr'>λησεν</span> <span class='ocrx_word' id='word_1_10' title='bbox 716 542 821 596; x_wconf 75' lang='grc' dir='ltr'>ἀπὸ</span> <span class='ocrx_word' id='word_1_11' title='bbox 853 539 942 595; x_wconf 76' lang='grc' dir='ltr'><strong>τοῦ</strong></span> <span class='ocrx_word' id='word_1_12' title='bbox 986 540 1352 612; x_wconf 79' lang='grc' dir='ltr'>άναοέματος,</span> <span class='ocrx_word' id='word_1_13' title='bbox 1399 544 1490 596; x_wconf 68' lang='grc' dir='ltr'><strong>καὶ</strong></span> <span class='ocrx_word' id='word_1_14' title='bbox 1539 543 1629 596; x_wconf 70' lang='grc' dir='ltr'><strong>ἐπὶ</strong></span> <span class='ocrx_word' id='word_1_15' title='bbox 1679 534 1856 596; x_wconf 76' lang='grc' dir='ltr'>πᾶσαν</span> <span class='ocrx_word' id='word_1_16' title='bbox 1899 561 2017 597; x_wconf 76' lang='grc' dir='ltr'>συν·</span> 
     </span>
    </p>
   </div>
   <div class='ocr_carea' id='block_1_5' title="bbox 2114 528 3681 615">
    <p class='ocr_par' dir='ltr' id='par_1_5' title="bbox 2118 528 3681 609">
     <span class='ocr_line' id='line_1_5' title="bbox 2118 528 3681 609; baseline -0.006 -8"><span class='ocrx_word' id='word_1_17' title='bbox 2118 564 2138 599; x_wconf 72' lang='lat' dir='ltr'><strong>c</strong></span> <span class='ocrx_word' id='word_1_18' title='bbox 2174 546 2480 600; x_wconf 82' lang='lat' dir='ltr'><strong>dedicatum</strong></span> <span class='ocrx_word' id='word_1_19' title='bbox 2529 551 2662 604; x_wconf 72' lang='lat' dir='ltr'><strong>erat,</strong></span> <span class='ocrx_word' id='word_1_20' title='bbox 2697 528 2963 609; x_wconf 31' lang='lat' dir='ltr'><strong>‘psccavit</strong></span> <span class='ocrx_word' id='word_1_21' title='bbox 3009 549 3105 593; x_wconf 72' lang='grc' dir='ltr'>ιρι</span> <span class='ocrx_word' id='word_1_22' title='bbox 3157 540 3208 592; x_wconf 88' lang='lat' dir='ltr'><strong>in</strong></span> <span class='ocrx_word' id='word_1_23' title='bbox 3258 555 3470 592; x_wconf 69' lang='lat' dir='ltr'><strong>onlnem</strong></span> <span class='ocrx_word' id='word_1_24' title='bbox 3518 540 3681 592; x_wconf 71' lang='lat' dir='ltr'><strong>lsrael</strong></span> 
     </span>
    </p>
   </div>
   <div class='ocr_carea' id='block_1_6' title="bbox 463 628 2021 706">
    <p class='ocr_par' dir='ltr' id='par_1_6' title="bbox 463 628 2021 706">
     <span class='ocr_line' id='line_1_6' title="bbox 463 628 2021 706; baseline 0.003 -21"><span class='ocrx_word' id='word_1_25' title='bbox 463 652 480 684; x_wconf 75' lang='grc' dir='ltr'><strong>ι</strong></span> <span class='ocrx_word' id='word_1_26' title='bbox 524 634 741 705; x_wconf 77' lang='grc' dir='ltr'>ἀγωγὴν</span> <span class='ocrx_word' id='word_1_27' title='bbox 819 634 1031 705; x_wconf 81' lang='grc' dir='ltr'>Ἰσραὴλ</span> <span class='ocrx_word' id='word_1_28' title='bbox 1067 633 1294 703; x_wconf 80' lang='grc' dir='ltr'>ἐγενήθη</span> <span class='ocrx_word' id='word_1_29' title='bbox 1337 635 1368 705; x_wconf 74' lang='grc' dir='ltr'>ἡ</span> <span class='ocrx_word' id='word_1_30' title='bbox 1402 634 1573 704; x_wconf 70' lang='grc' dir='ltr'>ὀργῆς</span> <span class='ocrx_word' id='word_1_31' title='bbox 1631 635 1741 687; x_wconf 80' lang='grc' dir='ltr'><strong>Καὶ</strong></span> <span class='ocrx_word' id='word_1_32' title='bbox 1787 628 1865 696; x_wconf 76' lang='grc' dir='ltr'><strong>εἷς</strong></span> <span class='ocrx_word' id='word_1_33' title='bbox 1927 637 2021 706; x_wconf 87' lang='grc' dir='ltr'>μό-</span> 
     </span>
    </p>
   </div>
   <div class='ocr_carea' id='block_1_7' title="bbox 463 717 2021 793">
    <p class='ocr_par' dir='ltr' id='par_1_7' title="bbox 463 717 2021 793">
     <span class='ocr_line' id='line_1_7' title="bbox 463 717 2021 793; baseline 0.002 -21"><span class='ocrx_word' id='word_1_34' title='bbox 463 740 482 772; x_wconf 71' lang='grc'><strong>(</strong></span> <span class='ocrx_word' id='word_1_35' title='bbox 519 739 606 785; x_wconf 87' lang='grc' dir='ltr'><strong>νος</strong></span> <span class='ocrx_word' id='word_1_36' title='bbox 635 717 788 784; x_wconf 76' lang='grc' dir='ltr'>οὗτος</span> <span class='ocrx_word' id='word_1_37' title='bbox 816 723 1049 792; x_wconf 79' lang='grc' dir='ltr'><strong>ἥμαρτε,</strong></span> <span class='ocrx_word' id='word_1_38' title='bbox 1083 722 1156 791; x_wconf 79' lang='grc' dir='ltr'>μὴ</span> <span class='ocrx_word' id='word_1_39' title='bbox 1193 721 1350 790; x_wconf 93' lang='grc' dir='ltr'>μόνος</span> <span class='ocrx_word' id='word_1_40' title='bbox 1374 721 1640 773; x_wconf 79' lang='grc' dir='ltr'><strong>ἀπέθανεν</strong></span> <span class='ocrx_word' id='word_1_41' title='bbox 1670 720 1726 772; x_wconf 79' lang='grc' dir='ltr'>ὲν</span> <span class='ocrx_word' id='word_1_42' title='bbox 1756 724 1820 793; x_wconf 76' lang='grc' dir='ltr'>τῇ</span> <span class='ocrx_word' id='word_1_43' title='bbox 1845 723 2021 793; x_wconf 75' lang='grc' dir='ltr'><strong>ἁμαρ⁹</strong></span> 
     </span>
    </p>
   </div>
   <div class='ocr_carea' id='block_1_8' title="bbox 463 809 2022 884">
    <p class='ocr_par' dir='ltr' id='par_1_8' title="bbox 463 809 2022 884">
     <span class='ocr_line' id='line_1_8' title="bbox 463 809 2022 884; baseline -0.001 -20"><span class='ocrx_word' id='word_1_44' title='bbox 463 832 482 864; x_wconf 78' lang='grc' dir='ltr'><strong>ι</strong></span> <span class='ocrx_word' id='word_1_45' title='bbox 522 813 613 884; x_wconf 79' lang='grc' dir='ltr'><strong>τίᾳ</strong></span> <span class='ocrx_word' id='word_1_46' title='bbox 652 810 835 865; x_wconf 83' lang='grc' dir='ltr'>αὐτοῦ.</span> <span class='ocrx_word' id='word_1_47' title='bbox 897 813 1055 881; x_wconf 83' lang='grc' dir='ltr'>Ἡμῖν</span> <span class='ocrx_word' id='word_1_48' title='bbox 1093 809 1150 862; x_wconf 86' lang='grc' dir='ltr'>δὲ</span> <span class='ocrx_word' id='word_1_49' title='bbox 1198 811 1304 862; x_wconf 78' lang='grc' dir='ltr'><strong>πᾶν</strong></span> <span class='ocrx_word' id='word_1_50' title='bbox 1335 809 1394 862; x_wconf 76' lang='grc' dir='ltr'>τὸ</span> <span class='ocrx_word' id='word_1_51' title='bbox 1429 810 1503 881; x_wconf 82' lang='grc' dir='ltr'>μὴ</span> <span class='ocrx_word' id='word_1_52' title='bbox 1541 810 1840 881; x_wconf 79' lang='grc' dir='ltr'>ἡμέτερον,</span> <span class='ocrx_word' id='word_1_53' title='bbox 1886 809 2022 864; x_wconf 80' lang='grc' dir='ltr'>ἀλλα</span> 
     </span>
    </p>
   </div>
   <div class='ocr_carea' id='block_1_9' title="bbox 464 899 2020 974">
    <p class='ocr_par' dir='ltr' id='par_1_9' title="bbox 464 899 2020 974">
     <span class='ocr_line' id='line_1_9' title="bbox 464 899 2020 974; baseline 0.001 -21"><span class='ocrx_word' id='word_1_54' title='bbox 464 924 481 953; x_wconf 72' lang='grc' dir='ltr'>ς</span> <span class='ocrx_word' id='word_1_55' title='bbox 524 903 813 974; x_wconf 82' lang='grc' dir='ltr'>ἀλλότριον,</span> <span class='ocrx_word' id='word_1_56' title='bbox 850 902 924 972; x_wconf 84' lang='grc' dir='ltr'><strong>τῷ</strong></span> <span class='ocrx_word' id='word_1_57' title='bbox 951 901 1123 973; x_wconf 82' lang='grc' dir='ltr'>καιρῷ</span> <span class='ocrx_word' id='word_1_58' title='bbox 1148 900 1320 970; x_wconf 79' lang='grc' dir='ltr'>τούτῳ</span> <span class='ocrx_word' id='word_1_59' title='bbox 1358 899 1566 972; x_wconf 86' lang='grc' dir='ltr'><strong>κέρδος,</strong></span> <span class='ocrx_word' id='word_1_60' title='bbox 1600 901 1845 972; x_wconf 75' lang='grc' dir='ltr'><strong>ἀνάθεμα</strong></span> <span class='ocrx_word' id='word_1_61' title='bbox 1873 918 2020 955; x_wconf 65' lang='grc' dir='ltr'>νενοον</span> 
     </span>
    </p>
   </div>
   <div class='ocr_carea' id='block_1_10' title="bbox 463 991 2022 1068">
    <p class='ocr_par' dir='ltr' id='par_1_10' title="bbox 463 991 2022 1068">
     <span class='ocr_line' id='line_1_10' title="bbox 463 991 2022 1068; baseline -0.001 -19"><span class='ocrx_word' id='word_1_62' title='bbox 463 1017 482 1048; x_wconf 71' lang='grc' dir='ltr'><strong>ο</strong></span> <span class='ocrx_word' id='word_1_63' title='bbox 528 996 709 1068; x_wconf 83' lang='grc' dir='ltr'>μίσθαι</span> <span class='ocrx_word' id='word_1_64' title='bbox 753 997 1030 1068; x_wconf 76' lang='grc' dir='ltr'>προσήκει.</span> <span class='ocrx_word' id='word_1_65' title='bbox 1079 995 1340 1057; x_wconf 82' lang='grc' dir='ltr'>Κάκεῖνος</span> <span class='ocrx_word' id='word_1_66' title='bbox 1395 995 1492 1064; x_wconf 88' lang='grc' dir='ltr'><strong>μὲν</strong></span> <span class='ocrx_word' id='word_1_67' title='bbox 1527 991 1636 1065; x_wconf 84' lang='grc' dir='ltr'>γὰρ</span> <span class='ocrx_word' id='word_1_68' title='bbox 1674 994 1702 1046; x_wconf 80' lang='grc' dir='ltr'>ὁ</span> <span class='ocrx_word' id='word_1_69' title='bbox 1755 993 1929 1064; x_wconf 78' lang='grc' dir='ltr'>Ἀχαρ</span> <span class='ocrx_word' id='word_1_70' title='bbox 1956 995 2022 1047; x_wconf 78' lang='grc' dir='ltr'>ὲκ</span> 
     </span>
    </p>
   </div>
   <div class='ocr_carea' id='block_1_11' title="bbox 463 1081 2017 1157">
    <p class='ocr_par' dir='ltr' id='par_1_11' title="bbox 463 1081 2017 1157">
     <span class='ocr_line' id='line_1_11' title="bbox 463 1081 2017 1157; baseline -0.001 -21"><span class='ocrx_word' id='word_1_71' title='bbox 463 1105 483 1136; x_wconf 74' lang='grc' dir='ltr'><strong>σ</strong></span> <span class='ocrx_word' id='word_1_72' title='bbox 523 1087 622 1157; x_wconf 84' lang='grc' dir='ltr'><strong>τῆς</strong></span> <span class='ocrx_word' id='word_1_73' title='bbox 655 1087 929 1156; x_wconf 81' lang='grc' dir='ltr'><strong>προνομῆς</strong></span> <span class='ocrx_word' id='word_1_74' title='bbox 961 1084 1147 1138; x_wconf 72' lang='grc' dir='ltr'>ἔλαϐε·</span> <span class='ocrx_word' id='word_1_75' title='bbox 1187 1085 1278 1136; x_wconf 74' lang='grc' dir='ltr'><strong>καὶ</strong></span> <span class='ocrx_word' id='word_1_76' title='bbox 1310 1083 1461 1136; x_wconf 72' lang='grc' dir='ltr'>αὐτοὶ</span> <span class='ocrx_word' id='word_1_77' title='bbox 1491 1081 1585 1135; x_wconf 86' lang='grc' dir='ltr'><strong>νῦν</strong></span> <span class='ocrx_word' id='word_1_78' title='bbox 1617 1083 1681 1136; x_wconf 83' lang='grc' dir='ltr'>ὲκ</span> <span class='ocrx_word' id='word_1_79' title='bbox 1715 1083 2017 1152; x_wconf 84' lang='grc' dir='ltr'>προνομῆς·</span> 
     </span>
    </p>
   </div>
   <div class='ocr_carea' id='block_1_12' title="bbox 463 1171 2020 1247">
    <p class='ocr_par' dir='ltr' id='par_1_12' title="bbox 463 1171 2020 1247">
     <span class='ocr_line' id='line_1_12' title="bbox 463 1171 2020 1247; baseline -0.004 -17"><span class='ocrx_word' id='word_1_80' title='bbox 463 1197 480 1230; x_wconf 75' lang='grc' dir='ltr'><strong>ι</strong></span> <span class='ocrx_word' id='word_1_81' title='bbox 521 1180 766 1240; x_wconf 87' lang='grc' dir='ltr'>κάκεῖνος</span> <span class='ocrx_word' id='word_1_82' title='bbox 803 1178 898 1247; x_wconf 79' lang='grc' dir='ltr'><strong>μὲν</strong></span> <span class='ocrx_word' id='word_1_83' title='bbox 927 1175 996 1229; x_wconf 76' lang='grc' dir='ltr'>τὰ</span> <span class='ocrx_word' id='word_1_84' title='bbox 1022 1175 1128 1229; x_wconf 87' lang='grc' dir='ltr'><strong>τῶν</strong></span> <span class='ocrx_word' id='word_1_85' title='bbox 1172 1173 1466 1245; x_wconf 81' lang='grc' dir='ltr'>πολεμίων,</span> <span class='ocrx_word' id='word_1_86' title='bbox 1501 1173 1550 1226; x_wconf 80' lang='lat' dir='ltr'><strong>oi</strong></span> <span class='ocrx_word' id='word_1_87' title='bbox 1593 1171 1650 1225; x_wconf 80' lang='grc' dir='ltr'><strong>δὲ</strong></span> <span class='ocrx_word' id='word_1_88' title='bbox 1685 1171 1780 1224; x_wconf 85' lang='grc' dir='ltr'><strong>νῦν</strong></span> <span class='ocrx_word' id='word_1_89' title='bbox 1808 1172 1875 1225; x_wconf 85' lang='grc' dir='ltr'>τὰ</span> <span class='ocrx_word' id='word_1_90' title='bbox 1915 1171 2020 1224; x_wconf 83' lang='grc' dir='ltr'><strong>τῶν</strong></span> 
     </span>
    </p>
   </div>
   <div class='ocr_carea' id='block_1_13' title="bbox 462 1264 1744 1340">
    <p class='ocr_par' dir='ltr' id='par_1_13' title="bbox 462 1264 1744 1340">
     <span class='ocr_line' id='line_1_13' title="bbox 462 1264 1744 1340; baseline -0.005 -19"><span class='ocrx_word' id='word_1_91' title='bbox 462 1289 480 1321; x_wconf 72' lang='grc' dir='ltr'><strong>ι</strong></span> <span class='ocrx_word' id='word_1_92' title='bbox 524 1269 785 1338; x_wconf 80' lang='grc' dir='ltr'><strong>ἀδελφῶν,</strong></span> <span class='ocrx_word' id='word_1_93' title='bbox 823 1267 1191 1340; x_wconf 81' lang='grc' dir='ltr'>κερδαίνοντες</span> <span class='ocrx_word' id='word_1_94' title='bbox 1220 1265 1458 1337; x_wconf 84' lang='grc' dir='ltr'>ὀλέθριον</span> <span class='ocrx_word' id='word_1_95' title='bbox 1489 1264 1692 1337; x_wconf 81' lang='grc' dir='ltr'><strong>κέρδος.</strong></span> <span class='ocrx_word' id='word_1_96' title='bbox 1728 1284 1744 1316; x_wconf 76' lang='grc' dir='ltr'><strong>ι</strong></span> 
     </span>
    </p>
   </div>
   <div class='ocr_carea' id='block_1_14' title="bbox 529 1444 2017 1517">
    <p class='ocr_par' dir='ltr' id='par_1_14' title="bbox 529 1444 2017 1517">
     <span class='ocr_line' id='line_1_14' title="bbox 529 1444 2017 1517; baseline -0.005 -15"><span class='ocrx_word' id='word_1_97' title='bbox 529 1451 719 1504; x_wconf 72' lang='grc' dir='ltr'><strong>ΒΛΛΣ.</strong></span> <span class='ocrx_word' id='word_1_98' title='bbox 771 1446 951 1502; x_wconf 80' lang='grc' dir='ltr'>Εἰπὼν</span> <span class='ocrx_word' id='word_1_99' title='bbox 995 1451 1020 1500; x_wconf 82' lang='grc' dir='ltr'>ὁ</span> <span class='ocrx_word' id='word_1_100' title='bbox 1079 1445 1746 1517; x_wconf 37' lang='grc' dir='ltr'>ἅγιος-ἀποκηρύττεσθαι</span> <span class='ocrx_word' id='word_1_101' title='bbox 1795 1447 1858 1497; x_wconf 83' lang='grc' dir='ltr'>ὲκ</span> <span class='ocrx_word' id='word_1_102' title='bbox 1913 1444 2017 1496; x_wconf 85' lang='grc' dir='ltr'><strong>τῶν</strong></span> 
     </span>
    </p>
   </div>
   <div class='ocr_carea' id='block_1_15' title="bbox 2122 631 3680 709">
    <p class='ocr_par' dir='ltr' id='par_1_15' title="bbox 2122 631 3680 709">
     <span class='ocr_line' id='line_1_15' title="bbox 2122 631 3680 709; baseline -0.007 -17"><span class='ocrx_word' id='word_1_103' title='bbox 2122 656 2141 691; x_wconf 78' lang='grc' dir='ltr'><strong>ι</strong></span> <span class='ocrx_word' id='word_1_104' title='bbox 2183 650 2514 709; x_wconf 78' lang='lat' dir='ltr'><strong>synagogam</strong></span> <span class='ocrx_word' id='word_1_105' title='bbox 2566 634 2644 688; x_wconf 87' lang='lat' dir='ltr'><strong>ira</strong></span> <span class='ocrx_word' id='word_1_106' title='bbox 2693 631 2972 701; x_wconf 69' lang='lat' dir='ltr'><strong>pervenit?</strong></span> <span class='ocrx_word' id='word_1_107' title='bbox 3016 633 3187 700; x_wconf 88' lang='lat' dir='ltr'><strong>Atque</strong></span> <span class='ocrx_word' id='word_1_108' title='bbox 3230 633 3314 684; x_wconf 90' lang='lat' dir='ltr'><strong>hic</strong></span> <span class='ocrx_word' id='word_1_109' title='bbox 3357 648 3497 685; x_wconf 81' lang='lat' dir='ltr'><strong>unus</strong></span> <span class='ocrx_word' id='word_1_110' title='bbox 3533 632 3680 685; x_wconf 78' lang='lat' dir='ltr'><strong>solus</strong></span> 
     </span>
    </p>
   </div>
   <div class='ocr_carea' id='block_1_16' title="bbox 2121 722 3678 799">
    <p class='ocr_par' dir='ltr' id='par_1_16' title="bbox 2121 722 3678 799">
     <span class='ocr_line' id='line_1_16' title="bbox 2121 722 3678 799; baseline -0.007 -17"><span class='ocrx_word' id='word_1_111' title='bbox 2121 747 2141 782; x_wconf 73' lang='grc' dir='ltr'><strong>ι</strong></span> <span class='ocrx_word' id='word_1_112' title='bbox 2183 728 2446 799; x_wconf 86' lang='lat' dir='ltr'><strong>peccavit,</strong></span> <span class='ocrx_word' id='word_1_113' title='bbox 2477 725 2570 779; x_wconf 84' lang='lat' dir='ltr'><strong>sed</strong></span> <span class='ocrx_word' id='word_1_114' title='bbox 2610 739 2716 777; x_wconf 91' lang='lat' dir='ltr'><strong>non</strong></span> <span class='ocrx_word' id='word_1_115' title='bbox 2750 723 2898 776; x_wconf 86' lang='lat' dir='ltr'><strong>solus</strong></span> <span class='ocrx_word' id='word_1_116' title='bbox 2934 722 2986 775; x_wconf 91' lang='lat' dir='ltr'><strong>in</strong></span> <span class='ocrx_word' id='word_1_117' title='bbox 3023 736 3123 777; x_wconf 88' lang='lat' dir='ltr'><strong>suo</strong></span> <span class='ocrx_word' id='word_1_118' title='bbox 3157 731 3374 791; x_wconf 72' lang='lat' dir='ltr'><strong>peccato</strong></span> <span class='ocrx_word' id='word_1_119' title='bbox 3405 731 3487 775; x_wconf 83' lang='lat' dir='ltr'><strong>est</strong></span> <span class='ocrx_word' id='word_1_120' title='bbox 3533 737 3678 775; x_wconf 66' lang='lat' dir='ltr'><strong>mou-</strong></span> 
     </span>
    </p>
   </div>
   <div class='ocr_carea' id='block_1_17' title="bbox 2123 802 3783 892">
    <p class='ocr_par' dir='ltr' id='par_1_17' title="bbox 2123 802 3783 892">
     <span class='ocr_line' id='line_1_17' title="bbox 2123 802 3783 892; baseline -0.004 -22"><span class='ocrx_word' id='word_1_121' title='bbox 2123 837 2142 870; x_wconf 70' lang='grc' dir='ltr'><strong>ι</strong></span> <span class='ocrx_word' id='word_1_122' title='bbox 2178 828 2324 874; x_wconf 82' lang='lat' dir='ltr'><strong>tuus.</strong></span> <span class='ocrx_word' id='word_1_123' title='bbox 2371 815 2545 892; x_wconf 67' lang='lat' dir='ltr'><strong>liobis</strong></span> <span class='ocrx_word' id='word_1_124' title='bbox 2582 821 2761 868; x_wconf 81' lang='lat' dir='ltr'><strong>autent</strong></span> <span class='ocrx_word' id='word_1_125' title='bbox 2812 812 3076 882; x_wconf 85' lang='lat' dir='ltr'><strong>quidquid</strong></span> <span class='ocrx_word' id='word_1_126' title='bbox 3116 828 3221 865; x_wconf 92' lang='lat' dir='ltr'><strong>nou</strong></span> <span class='ocrx_word' id='word_1_127' title='bbox 3261 821 3542 875; x_wconf 88' lang='lat' dir='ltr'><strong>nostrum,</strong></span> <span class='ocrx_word' id='word_1_128' title='bbox 3586 812 3680 866; x_wconf 86' lang='lat' dir='ltr'><strong>sed</strong></span> <span class='ocrx_word' id='word_1_129' title='bbox 3767 802 3783 818; x_wconf 80' lang='grc'><em>”</em></span> 
     </span>
    </p>
   </div>
   <div class='ocr_carea' id='block_1_18' title="bbox 2123 900 3682 973">
    <p class='ocr_par' dir='ltr' id='par_1_18' title="bbox 2123 900 3682 973">
     <span class='ocr_line' id='line_1_18' title="bbox 2123 900 3682 973; baseline -0.004 -12"><span class='ocrx_word' id='word_1_130' title='bbox 2123 927 2142 961; x_wconf 72' lang='grc' dir='ltr'><em>ς</em></span> <span class='ocrx_word' id='word_1_131' title='bbox 2183 908 2418 963; x_wconf 89' lang='lat' dir='ltr'><strong>alienum</strong></span> <span class='ocrx_word' id='word_1_132' title='bbox 2461 915 2562 971; x_wconf 85' lang='lat' dir='ltr'><strong>est,</strong></span> <span class='ocrx_word' id='word_1_133' title='bbox 2599 909 2704 960; x_wconf 88' lang='lat' dir='ltr'><strong>hoc</strong></span> <span class='ocrx_word' id='word_1_134' title='bbox 2747 915 2988 973; x_wconf 89' lang='lat' dir='ltr'><strong>tempore</strong></span> <span class='ocrx_word' id='word_1_135' title='bbox 3031 903 3266 966; x_wconf 89' lang='lat' dir='ltr'><strong>lucrum,</strong></span> <span class='ocrx_word' id='word_1_136' title='bbox 3316 900 3426 954; x_wconf 88' lang='lat' dir='ltr'><strong>Deo</strong></span> <span class='ocrx_word' id='word_1_137' title='bbox 3464 901 3682 954; x_wconf 80' lang='lat' dir='ltr'><strong>dedica-</strong></span> 
     </span>
    </p>
   </div>
   <div class='ocr_carea' id='block_1_19' title="bbox 2122 990 3697 1060">
    <p class='ocr_par' dir='ltr' id='par_1_19' title="bbox 2122 990 3697 1060">
     <span class='ocr_line' id='line_1_19' title="bbox 2122 990 3697 1060; baseline -0.004 -8"><span class='ocrx_word' id='word_1_138' title='bbox 2122 1016 2141 1052; x_wconf 69' lang='grc' dir='ltr'><em>ς</em></span> <span class='ocrx_word' id='word_1_139' title='bbox 2182 1008 2295 1054; x_wconf 91' lang='lat' dir='ltr'><strong>tum</strong></span> <span class='ocrx_word' id='word_1_140' title='bbox 2332 1014 2451 1054; x_wconf 82' lang='lat' dir='ltr'><strong>esse</strong></span> <span class='ocrx_word' id='word_1_141' title='bbox 2483 996 2900 1052; x_wconf 86' lang='lat' dir='ltr'><strong>existimandum</strong></span> <span class='ocrx_word' id='word_1_142' title='bbox 2941 1003 3040 1049; x_wconf 86' lang='lat' dir='ltr'><strong>est.</strong></span> <span class='ocrx_word' id='word_1_143' title='bbox 3073 991 3207 1046; x_wconf 85' lang='lat' dir='ltr'><strong>Nam</strong></span> <span class='ocrx_word' id='word_1_144' title='bbox 3251 1003 3303 1046; x_wconf 84' lang='lat' dir='ltr'><strong>et</strong></span> <span class='ocrx_word' id='word_1_145' title='bbox 3326 992 3429 1050; x_wconf 81' lang='lat' dir='ltr'><strong>ille</strong></span> <span class='ocrx_word' id='word_1_146' title='bbox 3460 990 3697 1060; x_wconf 85' lang='lat' dir='ltr'><strong>quidem.</strong></span> 
     </span>
    </p>
   </div>
   <div class='ocr_carea' id='block_1_20' title="bbox 2125 1082 3700 1157">
    <p class='ocr_par' dir='ltr' id='par_1_20' title="bbox 2125 1082 3700 1157">
     <span class='ocr_line' id='line_1_20' title="bbox 2125 1082 3700 1157; baseline -0.008 -15"><span class='ocrx_word' id='word_1_147' title='bbox 2125 1109 2144 1142; x_wconf 86' lang='grc'><strong><em>‹</em></strong></span> <span class='ocrx_word' id='word_1_148' title='bbox 2186 1089 2364 1144; x_wconf 83' lang='lat' dir='ltr'><strong>Achar</strong></span> <span class='ocrx_word' id='word_1_149' title='bbox 2403 1103 2470 1142; x_wconf 75' lang='lat' dir='ltr'><strong>ex</strong></span> <span class='ocrx_word' id='word_1_150' title='bbox 2516 1087 2696 1157; x_wconf 78' lang='lat' dir='ltr'><strong>przeda</strong></span> <span class='ocrx_word' id='word_1_151' title='bbox 2731 1084 2959 1154; x_wconf 88' lang='lat' dir='ltr'><strong>accepit,</strong></span> <span class='ocrx_word' id='word_1_152' title='bbox 3003 1093 3055 1138; x_wconf 88' lang='lat' dir='ltr'><strong>et</strong></span> <span class='ocrx_word' id='word_1_153' title='bbox 3096 1083 3194 1152; x_wconf 81' lang='lat' dir='ltr'><strong>ipsi</strong></span> <span class='ocrx_word' id='word_1_154' title='bbox 3229 1099 3371 1136; x_wconf 92' lang='lat' dir='ltr'><strong>nunc</strong></span> <span class='ocrx_word' id='word_1_155' title='bbox 3405 1098 3468 1136; x_wconf 79' lang='lat' dir='ltr'><strong>ex</strong></span> <span class='ocrx_word' id='word_1_156' title='bbox 3501 1082 3700 1151; x_wconf 69' lang='lat' dir='ltr'><strong>praeda.</strong></span> 
     </span>
    </p>
   </div>
   <div class='ocr_carea' id='block_1_21' title="bbox 2121 1174 3674 1250">
    <p class='ocr_par' dir='ltr' id='par_1_21' title="bbox 2121 1174 3674 1250">
     <span class='ocr_line' id='line_1_21' title="bbox 2121 1174 3674 1250; baseline -0.005 -17"><span class='ocrx_word' id='word_1_157' title='bbox 2121 1199 2141 1233; x_wconf 74' lang='grc' dir='ltr'><strong>σ</strong></span> <span class='ocrx_word' id='word_1_158' title='bbox 2182 1180 2468 1250; x_wconf 88' lang='lat' dir='ltr'><strong>accipiunt.</strong></span> <span class='ocrx_word' id='word_1_159' title='bbox 2502 1179 2578 1233; x_wconf 83' lang='lat' dir='ltr'><strong>Ac</strong></span> <span class='ocrx_word' id='word_1_160' title='bbox 2609 1179 2696 1232; x_wconf 86' lang='lat' dir='ltr'><strong>ille</strong></span> <span class='ocrx_word' id='word_1_161' title='bbox 2712 1178 2954 1247; x_wconf 90' lang='lat' dir='ltr'><strong>quidem,</strong></span> <span class='ocrx_word' id='word_1_162' title='bbox 2980 1191 3040 1231; x_wconf 87' lang='lat' dir='ltr'><strong>ea</strong></span> <span class='ocrx_word' id='word_1_163' title='bbox 3072 1192 3191 1244; x_wconf 69' lang='lat' dir='ltr'><strong>qua:</strong></span> <span class='ocrx_word' id='word_1_164' title='bbox 3216 1185 3371 1228; x_wconf 85' lang='lat' dir='ltr'><strong>erant</strong></span> <span class='ocrx_word' id='word_1_165' title='bbox 3401 1174 3636 1228; x_wconf 90' lang='lat' dir='ltr'><strong>hostium</strong></span> <span class='ocrx_word' id='word_1_166' title='bbox 3664 1193 3674 1226; x_wconf 93' lang='lat'>:</span> 
     </span>
    </p>
   </div>
   <div class='ocr_carea' id='block_1_22' title="bbox 2123 1264 3766 1341">
    <p class='ocr_par' dir='ltr' id='par_1_22' title="bbox 2123 1264 3766 1341">
     <span class='ocr_line' id='line_1_22' title="bbox 2123 1264 3766 1341; baseline -0.002 -20"><span class='ocrx_word' id='word_1_167' title='bbox 2123 1288 2142 1321; x_wconf 74' lang='grc' dir='ltr'><strong>ι</strong></span> <span class='ocrx_word' id='word_1_168' title='bbox 2166 1271 2258 1341; x_wconf 91' lang='lat' dir='ltr'><strong>qui</strong></span> <span class='ocrx_word' id='word_1_169' title='bbox 2277 1285 2400 1324; x_wconf 84' lang='lat' dir='ltr'><strong>vero</strong></span> <span class='ocrx_word' id='word_1_170' title='bbox 2419 1284 2559 1323; x_wconf 88' lang='lat' dir='ltr'><strong>nunc</strong></span> <span class='ocrx_word' id='word_1_171' title='bbox 2588 1275 2733 1325; x_wconf 79' lang='lat' dir='ltr'><strong>sunt.</strong></span> <span class='ocrx_word' id='word_1_172' title='bbox 2754 1283 2814 1322; x_wconf 86' lang='lat' dir='ltr'><strong>ea</strong></span> <span class='ocrx_word' id='word_1_173' title='bbox 2840 1284 2958 1335; x_wconf 83' lang='lat' dir='ltr'><strong>quae</strong></span> <span class='ocrx_word' id='word_1_174' title='bbox 2976 1279 3098 1320; x_wconf 86' lang='lat' dir='ltr'><strong>sunt</strong></span> <span class='ocrx_word' id='word_1_175' title='bbox 3117 1264 3703 1334; x_wconf 66' lang='lat' dir='ltr'><strong>fratrum,pcrnici0so~</strong></span> <span class='ocrx_word' id='word_1_176' title='bbox 3764 1307 3766 1310; x_wconf 50' lang='grc' dir='ltr'>μ</span> 
     </span>
    </p>
   </div>
   <div class='ocr_carea' id='block_1_23' title="bbox 2111 1359 2845 1416">
    <p class='ocr_par' dir='ltr' id='par_1_23' title="bbox 2111 1359 2845 1416">
     <span class='ocr_line' id='line_1_23' title="bbox 2111 1359 2845 1416; baseline -0.003 -4"><span class='ocrx_word' id='word_1_177' title='bbox 2111 1378 2142 1412; x_wconf 48' lang='grc' dir='ltr'><strong>ν(</strong></span> <span class='ocrx_word' id='word_1_178' title='bbox 2182 1362 2335 1415; x_wconf 90' lang='lat' dir='ltr'><strong>lucro</strong></span> <span class='ocrx_word' id='word_1_179' title='bbox 2364 1359 2786 1416; x_wconf 67' lang='lat' dir='ltr'><strong>lucrifacieucs.</strong></span> <span class='ocrx_word' id='word_1_180' title='bbox 2828 1378 2845 1410; x_wconf 74' lang='grc' dir='ltr'><strong>ι</strong></span> 
     </span>
    </p>
   </div>
   <div class='ocr_carea' id='block_1_24' title="bbox 2190 1446 3676 1507">
    <p class='ocr_par' dir='ltr' id='par_1_24' title="bbox 2190 1446 3676 1507">
     <span class='ocr_line' id='line_1_24' title="bbox 2190 1446 3676 1507; baseline -0.006 -3"><span class='ocrx_word' id='word_1_181' title='bbox 2190 1451 2344 1507; x_wconf 68' lang='grc' dir='ltr'>Βλιε.</span> <span class='ocrx_word' id='word_1_182' title='bbox 2383 1453 2515 1506; x_wconf 84' lang='lat' dir='ltr'><strong>Cum</strong></span> <span class='ocrx_word' id='word_1_183' title='bbox 2566 1451 2795 1505; x_wconf 79' lang='lat' dir='ltr'><strong>dixisset</strong></span> <span class='ocrx_word' id='word_1_184' title='bbox 2827 1457 3045 1504; x_wconf 83' lang='lat' dir='ltr'><strong>sanctus</strong></span> <span class='ocrx_word' id='word_1_185' title='bbox 3094 1465 3120 1500; x_wconf 92' lang='lat' dir='ltr'><strong>a</strong></span> <span class='ocrx_word' id='word_1_186' title='bbox 3159 1447 3404 1500; x_wconf 81' lang='lat' dir='ltr'><strong>lidelibus</strong></span> <span class='ocrx_word' id='word_1_187' title='bbox 3437 1446 3676 1500; x_wconf 81' lang='lat' dir='ltr'><strong>abdicari</strong></span> 
     </span>
    </p>
   </div>
   <div class='ocr_carea' id='block_1_25' title="bbox 459 1537 2017 1627">
    <p class='ocr_par' dir='ltr' id='par_1_25' title="bbox 459 1537 2017 1610">
     <span class='ocr_line' id='line_1_25' title="bbox 459 1537 2017 1610; baseline -0.004 -13"><span class='ocrx_word' id='word_1_188' title='bbox 459 1543 662 1597; x_wconf 82' lang='grc' dir='ltr'>πιστῶν</span> <span class='ocrx_word' id='word_1_189' title='bbox 711 1543 836 1605; x_wconf 83' lang='grc' dir='ltr'>τοὺς</span> <span class='ocrx_word' id='word_1_190' title='bbox 887 1541 1236 1610; x_wconf 79' lang='grc' dir='ltr'>ἁρπάσαντας</span> <span class='ocrx_word' id='word_1_191' title='bbox 1289 1540 1355 1592; x_wconf 79' lang='grc' dir='ltr'>τὰ</span> <span class='ocrx_word' id='word_1_192' title='bbox 1396 1542 1505 1602; x_wconf 85' lang='grc' dir='ltr'>τοῖς</span> <span class='ocrx_word' id='word_1_193' title='bbox 1547 1537 2017 1609; x_wconf 80' lang='grc' dir='ltr'>αἰχμαλωτισθεῖσι</span> 
     </span>
    </p>
   </div>
   <div class='ocr_carea' id='block_1_26' title="bbox 2114 1537 3673 1627">
    <p class='ocr_par' dir='ltr' id='par_1_26' title="bbox 2117 1539 3673 1612">
     <span class='ocr_line' id='line_1_26' title="bbox 2117 1539 3673 1612; baseline -0.004 -15"><span class='ocrx_word' id='word_1_194' title='bbox 2117 1558 2209 1597; x_wconf 87' lang='lat' dir='ltr'><strong>eos</strong></span> <span class='ocrx_word' id='word_1_195' title='bbox 2239 1543 2328 1612; x_wconf 86' lang='lat' dir='ltr'><strong>qui</strong></span> <span class='ocrx_word' id='word_1_196' title='bbox 2380 1543 2597 1612; x_wconf 87' lang='lat' dir='ltr'><strong>rapiunt</strong></span> <span class='ocrx_word' id='word_1_197' title='bbox 2641 1557 2760 1612; x_wconf 65' lang='lat' dir='ltr'><strong>quae</strong></span> <span class='ocrx_word' id='word_1_198' title='bbox 2790 1541 2853 1594; x_wconf 87' lang='lat' dir='ltr'><strong>ad</strong></span> <span class='ocrx_word' id='word_1_199' title='bbox 2889 1541 3132 1609; x_wconf 79' lang='lat' dir='ltr'><strong>captivos</strong></span> <span class='ocrx_word' id='word_1_200' title='bbox 3181 1539 3469 1608; x_wconf 85' lang='lat' dir='ltr'><strong>pertinent,</strong></span> <span class='ocrx_word' id='word_1_201' title='bbox 3512 1547 3564 1591; x_wconf 86' lang='lat' dir='ltr'><strong>et</strong></span> <span class='ocrx_word' id='word_1_202' title='bbox 3610 1553 3673 1590; x_wconf 67' lang='lat' dir='ltr'><strong>ex</strong></span> 
     </span>
    </p>
   </div>
   <div class='ocr_carea' id='block_1_27' title="bbox 455 1629 2017 1705">
    <p class='ocr_par' dir='ltr' id='par_1_27' title="bbox 455 1629 2017 1705">
     <span class='ocr_line' id='line_1_27' title="bbox 455 1629 2017 1705; baseline -0.004 -18"><span class='ocrx_word' id='word_1_203' title='bbox 455 1636 796 1705; x_wconf 70' lang='grc' dir='ltr'>διιφέροντα,</span> <span class='ocrx_word' id='word_1_204' title='bbox 842 1635 932 1686; x_wconf 80' lang='grc' dir='ltr'>καὶ</span> <span class='ocrx_word' id='word_1_205' title='bbox 966 1631 1070 1684; x_wconf 81' lang='grc' dir='ltr'><strong>ἀπὸ</strong></span> <span class='ocrx_word' id='word_1_206' title='bbox 1100 1632 1194 1702; x_wconf 88' lang='grc' dir='ltr'><strong>τῆς</strong></span> <span class='ocrx_word' id='word_1_207' title='bbox 1240 1630 1576 1701; x_wconf 75' lang='grc' dir='ltr'>βαρϐαρικῆς</span> <span class='ocrx_word' id='word_1_208' title='bbox 1603 1629 1891 1700; x_wconf 73' lang='grc' dir='ltr'>λεηλασίας</span> <span class='ocrx_word' id='word_1_209' title='bbox 1925 1646 2017 1681; x_wconf 87' lang='grc' dir='ltr'>πε-</span> 
     </span>
    </p>
   </div>
   <div class='ocr_carea' id='block_1_28' title="bbox 2114 1629 3678 1705">
    <p class='ocr_par' dir='ltr' id='par_1_28' title="bbox 2118 1629 3678 1703">
     <span class='ocr_line' id='line_1_28' title="bbox 2118 1629 3678 1703; baseline -0.005 -15"><span class='ocrx_word' id='word_1_210' title='bbox 2118 1633 2399 1688; x_wconf 87' lang='lat' dir='ltr'><strong>barbarica</strong></span> <span class='ocrx_word' id='word_1_211' title='bbox 2448 1633 2625 1703; x_wconf 71' lang='lat' dir='ltr'><strong>praeda</strong></span> <span class='ocrx_word' id='word_1_212' title='bbox 2675 1633 2857 1686; x_wconf 81' lang='lat' dir='ltr'><strong>relicta</strong></span> <span class='ocrx_word' id='word_1_213' title='bbox 2906 1629 3157 1694; x_wconf 82' lang='lat' dir='ltr'><strong>fuerunt;</strong></span> <span class='ocrx_word' id='word_1_214' title='bbox 3189 1631 3414 1697; x_wconf 89' lang='lat' dir='ltr'><strong>etquod</strong></span> <span class='ocrx_word' id='word_1_215' title='bbox 3463 1636 3678 1698; x_wconf 87' lang='lat' dir='ltr'><strong>preptcr</strong></span> 
     </span>
    </p>
   </div>
   <div class='ocr_carea' id='block_1_29' title="bbox 461 1719 2017 1796">
    <p class='ocr_par' dir='ltr' id='par_1_29' title="bbox 461 1719 2017 1796">
     <span class='ocr_line' id='line_1_29' title="bbox 461 1719 2017 1796; baseline -0.004 -18"><span class='ocrx_word' id='word_1_216' title='bbox 461 1725 818 1796; x_wconf 73' lang='grc' dir='ltr'>ριλειςρθέντα,</span> <span class='ocrx_word' id='word_1_217' title='bbox 866 1724 959 1776; x_wconf 76' lang='grc' dir='ltr'>καὶ</span> <span class='ocrx_word' id='word_1_218' title='bbox 993 1724 1074 1774; x_wconf 86' lang='grc' dir='ltr'><strong>ὅτι</strong></span> <span class='ocrx_word' id='word_1_219' title='bbox 1106 1721 1193 1774; x_wconf 84' lang='grc' dir='ltr'><strong>διὰ</strong></span> <span class='ocrx_word' id='word_1_220' title='bbox 1233 1723 1356 1784; x_wconf 77' lang='grc' dir='ltr'>τοὺς</span> <span class='ocrx_word' id='word_1_221' title='bbox 1388 1721 1528 1774; x_wconf 77' lang='grc' dir='ltr'>οὕτω</span> <span class='ocrx_word' id='word_1_222' title='bbox 1567 1719 1821 1782; x_wconf 84' lang='grc' dir='ltr'>πολλάκις</span> <span class='ocrx_word' id='word_1_223' title='bbox 1866 1720 2017 1773; x_wconf 85' lang='grc' dir='ltr'>πταί-</span> 
     </span>
    </p>
   </div>
   <div class='ocr_carea' id='block_1_30' title="bbox 2114 1719 3676 1796">
    <p class='ocr_par' dir='ltr' id='par_1_30' title="bbox 2115 1719 3676 1792">
     <span class='ocr_line' id='line_1_30' title="bbox 2115 1719 3676 1792; baseline -0.005 -14"><span class='ocrx_word' id='word_1_224' title='bbox 2115 1740 2209 1779; x_wconf 88' lang='lat' dir='ltr'><strong>eos</strong></span> <span class='ocrx_word' id='word_1_225' title='bbox 2234 1724 2323 1792; x_wconf 86' lang='lat' dir='ltr'><strong>qui</strong></span> <span class='ocrx_word' id='word_1_226' title='bbox 2367 1725 2444 1777; x_wconf 93' lang='lat' dir='ltr'><strong>sic</strong></span> <span class='ocrx_word' id='word_1_227' title='bbox 2486 1738 2625 1791; x_wconf 69' lang='lat' dir='ltr'><strong>saepe</strong></span> <span class='ocrx_word' id='word_1_228' title='bbox 2653 1723 2787 1792; x_wconf 87' lang='lat' dir='ltr'><strong>lapsi</strong></span> <span class='ocrx_word' id='word_1_229' title='bbox 2828 1731 2880 1775; x_wconf 83' lang='lat' dir='ltr'><strong>et</strong></span> <span class='ocrx_word' id='word_1_230' title='bbox 2908 1720 3129 1774; x_wconf 88' lang='lat' dir='ltr'><strong>minime</strong></span> <span class='ocrx_word' id='word_1_231' title='bbox 3164 1719 3400 1788; x_wconf 79' lang='lat' dir='ltr'><strong>carrepti</strong></span> <span class='ocrx_word' id='word_1_232' title='bbox 3436 1726 3585 1780; x_wconf 89' lang='lat' dir='ltr'><strong>sunt,</strong></span> <span class='ocrx_word' id='word_1_233' title='bbox 3625 1719 3676 1770; x_wconf 90' lang='lat' dir='ltr'><strong>iu</strong></span> 
     </span>
    </p>
   </div>
   <div class='ocr_carea' id='block_1_31' title="bbox 459 1810 2017 1886">
    <p class='ocr_par' dir='ltr' id='par_1_31' title="bbox 459 1811 2015 1886">
     <span class='ocr_line' id='line_1_31' title="bbox 459 1811 2015 1886; baseline -0.003 -18"><span class='ocrx_word' id='word_1_234' title='bbox 459 1833 653 1879; x_wconf 86' lang='grc' dir='ltr'>σαντας</span> <span class='ocrx_word' id='word_1_235' title='bbox 696 1817 790 1869; x_wconf 73' lang='grc' dir='ltr'><strong>καὶ</strong></span> <span class='ocrx_word' id='word_1_236' title='bbox 839 1814 912 1886; x_wconf 82' lang='grc' dir='ltr'>μὴ</span> <span class='ocrx_word' id='word_1_237' title='bbox 961 1812 1366 1884; x_wconf 82' lang='grc' dir='ltr'>διοροωθέντας,</span> <span class='ocrx_word' id='word_1_238' title='bbox 1420 1813 1512 1864; x_wconf 68' lang='grc' dir='ltr'><strong>καὶ</strong></span> <span class='ocrx_word' id='word_1_239' title='bbox 1553 1813 1632 1875; x_wconf 85' lang='grc' dir='ltr'><strong>είς</strong></span> <span class='ocrx_word' id='word_1_240' title='bbox 1684 1812 1773 1864; x_wconf 74' lang='grc' dir='ltr'>τὸν</span> <span class='ocrx_word' id='word_1_241' title='bbox 1813 1811 1938 1864; x_wconf 78' lang='grc' dir='ltr'>λαὸν</span> <span class='ocrx_word' id='word_1_242' title='bbox 1982 1813 2015 1883; x_wconf 70' lang='grc' dir='ltr'>ἡ</span> 
     </span>
    </p>
   </div>
   <div class='ocr_carea' id='block_1_32' title="bbox 2114 1810 3672 1886">
    <p class='ocr_par' dir='ltr' id='par_1_32' title="bbox 2118 1810 3672 1886">
     <span class='ocr_line' id='line_1_32' title="bbox 2118 1810 3672 1886; baseline -0.005 -17"><span class='ocrx_word' id='word_1_243' title='bbox 2118 1816 2373 1886; x_wconf 89' lang='lat' dir='ltr'><strong>p0pulum</strong></span> <span class='ocrx_word' id='word_1_244' title='bbox 2407 1830 2621 1884; x_wconf 85' lang='lat' dir='ltr'><strong>quoque</strong></span> <span class='ocrx_word' id='word_1_245' title='bbox 2651 1815 2727 1867; x_wconf 87' lang='lat' dir='ltr'><strong>ira</strong></span> <span class='ocrx_word' id='word_1_246' title='bbox 2761 1812 2850 1866; x_wconf 89' lang='lat' dir='ltr'><strong>Dei</strong></span> <span class='ocrx_word' id='word_1_247' title='bbox 2886 1812 3219 1866; x_wconf 79' lang='lat' dir='ltr'><strong>acctnnulata</strong></span> <span class='ocrx_word' id='word_1_248' title='bbox 3251 1812 3354 1876; x_wconf 89' lang='lat' dir='ltr'><strong>sit;</strong></span> <span class='ocrx_word' id='word_1_249' title='bbox 3389 1810 3454 1865; x_wconf 87' lang='lat' dir='ltr'><strong>ad</strong></span> <span class='ocrx_word' id='word_1_250' title='bbox 3485 1825 3672 1864; x_wconf 86' lang='lat' dir='ltr'><strong>eorum</strong></span> 
     </span>
    </p>
   </div>
   <div class='ocr_carea' id='block_1_33' title="bbox 456 1901 2017 1977">
    <p class='ocr_par' dir='ltr' id='par_1_33' title="bbox 456 1901 2017 1977">
     <span class='ocr_line' id='line_1_33' title="bbox 456 1901 2017 1977; baseline -0.004 -21"><span class='ocrx_word' id='word_1_251' title='bbox 456 1905 591 1977; x_wconf 73' lang='grc' dir='ltr'>ὀργὴ</span> <span class='ocrx_word' id='word_1_252' title='bbox 602 1905 694 1958; x_wconf 91' lang='grc' dir='ltr'><strong>τοῦ</strong></span> <span class='ocrx_word' id='word_1_253' title='bbox 719 1905 852 1957; x_wconf 76' lang='grc' dir='ltr'>Θεοῦ</span> <span class='ocrx_word' id='word_1_254' title='bbox 876 1903 1237 1975; x_wconf 78' lang='grc' dir='ltr'>ὲπισωρευθῇ,</span> <span class='ocrx_word' id='word_1_255' title='bbox 1258 1901 1504 1972; x_wconf 77' lang='grc' dir='ltr'>ἐπιφέρει</span> <span class='ocrx_word' id='word_1_256' title='bbox 1532 1901 1664 1972; x_wconf 79' lang='grc' dir='ltr'>πρὸς</span> <span class='ocrx_word' id='word_1_257' title='bbox 1683 1901 2017 1972; x_wconf 80' lang='grc' dir='ltr'>κατασκευὴν</span> 
     </span>
    </p>
   </div>
   <div class='ocr_carea' id='block_1_34' title="bbox 2114 1901 3749 1977">
    <p class='ocr_par' dir='ltr' id='par_1_34' title="bbox 2118 1902 3749 1961">
     <span class='ocr_line' id='line_1_34' title="bbox 2118 1902 3749 1961; baseline -0.003 0"><span class='ocrx_word' id='word_1_258' title='bbox 2118 1905 2584 1961; x_wconf 74' lang='lat' dir='ltr'><strong>confirmationem</strong></span> <span class='ocrx_word' id='word_1_259' title='bbox 2642 1905 2851 1958; x_wconf 76' lang='lat' dir='ltr'><strong>inducit</strong></span> <span class='ocrx_word' id='word_1_260' title='bbox 2892 1904 3070 1957; x_wconf 80' lang='lat' dir='ltr'><strong>Achar</strong></span> <span class='ocrx_word' id='word_1_261' title='bbox 3119 1902 3400 1956; x_wconf 86' lang='lat' dir='ltr'><strong>historiam</strong></span> <span class='ocrx_word' id='word_1_262' title='bbox 3437 1902 3489 1956; x_wconf 88' lang='lat' dir='ltr'><strong>iu</strong></span> <span class='ocrx_word' id='word_1_263' title='bbox 3539 1902 3676 1956; x_wconf 78' lang='lat' dir='ltr'><strong>libro</strong></span> <span class='ocrx_word' id='word_1_264' title='bbox 3737 1903 3749 1914; x_wconf 89' lang='lat'><strong><em>&#39;</em></strong></span> 
     </span>
    </p>
   </div>
   <div class='ocr_carea' id='block_1_35' title="bbox 455 1989 2017 2064">
    <p class='ocr_par' dir='ltr' id='par_1_35' title="bbox 455 1989 2017 2064">
     <span class='ocr_line' id='line_1_35' title="bbox 455 1989 2017 2064; baseline -0.003 -17"><span class='ocrx_word' id='word_1_265' title='bbox 455 1996 658 2047; x_wconf 83' lang='grc' dir='ltr'>τούτων</span> <span class='ocrx_word' id='word_1_266' title='bbox 691 1993 786 2064; x_wconf 83' lang='grc' dir='ltr'><strong>τὴν</strong></span> <span class='ocrx_word' id='word_1_267' title='bbox 816 1995 874 2046; x_wconf 79' lang='grc' dir='ltr'><strong>έν</strong></span> <span class='ocrx_word' id='word_1_268' title='bbox 914 1996 977 2064; x_wconf 83' lang='grc' dir='ltr'>τῇ</span> <span class='ocrx_word' id='word_1_269' title='bbox 1029 1991 1194 2062; x_wconf 80' lang='grc' dir='ltr'>βίϐλῳ</span> <span class='ocrx_word' id='word_1_270' title='bbox 1229 1989 1322 2042; x_wconf 88' lang='grc' dir='ltr'><strong>τοῦ</strong></span> <span class='ocrx_word' id='word_1_271' title='bbox 1375 1989 1545 2060; x_wconf 87' lang='grc' dir='ltr'><strong>Ἰησοῦ</strong></span> <span class='ocrx_word' id='word_1_272' title='bbox 1589 1991 1681 2043; x_wconf 89' lang='grc' dir='ltr'><strong>τοῦ</strong></span> <span class='ocrx_word' id='word_1_273' title='bbox 1725 1990 1882 2059; x_wconf 83' lang='grc' dir='ltr'>Ναυῆ</span> <span class='ocrx_word' id='word_1_274' title='bbox 1923 2006 2017 2056; x_wconf 74' lang='grc' dir='ltr'>γεν</span> 
     </span>
    </p>
   </div>
   <div class='ocr_carea' id='block_1_36' title="bbox 457 2077 2019 2154">
    <p class='ocr_par' dir='ltr' id='par_1_36' title="bbox 457 2077 2019 2154">
     <span class='ocr_line' id='line_1_36' title="bbox 457 2077 2019 2154; baseline -0.004 -18"><span class='ocrx_word' id='word_1_275' title='bbox 457 2083 780 2154; x_wconf 85' lang='grc' dir='ltr'>γραμμένην</span> <span class='ocrx_word' id='word_1_276' title='bbox 810 2081 1046 2151; x_wconf 77' lang='grc' dir='ltr'>ἱστορίαν</span> <span class='ocrx_word' id='word_1_277' title='bbox 1069 2077 1307 2149; x_wconf 72' lang='grc' dir='ltr'>περὶτοῦ</span> <span class='ocrx_word' id='word_1_278' title='bbox 1342 2079 1536 2150; x_wconf 79' lang='grc' dir='ltr'>’Δχαρ.</span> <span class='ocrx_word' id='word_1_279' title='bbox 1587 2080 1894 2149; x_wconf 85' lang='grc' dir='ltr'>ἰστορεῖται</span> <span class='ocrx_word' id='word_1_280' title='bbox 1913 2079 2019 2148; x_wconf 82' lang='grc' dir='ltr'><strong>γάρ</strong></span> 
     </span>
    </p>
   </div>
   <div class='ocr_carea' id='block_1_37' title="bbox 455 2164 2019 2242">
    <p class='ocr_par' dir='ltr' id='par_1_37' title="bbox 455 2164 2019 2242">
     <span class='ocr_line' id='line_1_37' title="bbox 455 2164 2019 2242; baseline -0.004 -16"><span class='ocrx_word' id='word_1_281' title='bbox 455 2174 529 2236; x_wconf 79' lang='grc' dir='ltr'>ὡς</span> <span class='ocrx_word' id='word_1_282' title='bbox 555 2172 648 2226; x_wconf 87' lang='grc' dir='ltr'><strong>τοῦ</strong></span> <span class='ocrx_word' id='word_1_283' title='bbox 685 2171 856 2242; x_wconf 82' lang='grc' dir='ltr'>Ἰησοῦ</span> <span class='ocrx_word' id='word_1_284' title='bbox 880 2171 1340 2241; x_wconf 75' lang='grc' dir='ltr'>ἐπαγγειλαμένου</span> <span class='ocrx_word' id='word_1_285' title='bbox 1369 2168 1758 2240; x_wconf 84' lang='grc' dir='ltr'>ἀνατεθειμένα</span> <span class='ocrx_word' id='word_1_286' title='bbox 1787 2164 1920 2223; x_wconf 73' lang='grc' dir='ltr'>εἶναι</span> <span class='ocrx_word' id='word_1_287' title='bbox 1944 2168 2019 2240; x_wconf 85' lang='grc' dir='ltr'>τῷ</span> 
     </span>
    </p>
   </div>
   <div class='ocr_carea' id='block_1_38' title="bbox 452 2258 2019 2334">
    <p class='ocr_par' dir='ltr' id='par_1_38' title="bbox 452 2258 2019 2334">
     <span class='ocr_line' id='line_1_38' title="bbox 452 2258 2019 2334; baseline -0.003 -17"><span class='ocrx_word' id='word_1_288' title='bbox 452 2265 571 2333; x_wconf 81' lang='grc' dir='ltr'><strong>Θεῷ</strong></span> <span class='ocrx_word' id='word_1_289' title='bbox 621 2263 798 2317; x_wconf 89' lang='grc' dir='ltr'>πάντα</span> <span class='ocrx_word' id='word_1_290' title='bbox 845 2262 913 2315; x_wconf 81' lang='grc' dir='ltr'>τὰ</span> <span class='ocrx_word' id='word_1_291' title='bbox 963 2263 1069 2316; x_wconf 82' lang='grc' dir='ltr'>ἀπὸ</span> <span class='ocrx_word' id='word_1_292' title='bbox 1113 2263 1211 2331; x_wconf 90' lang='grc' dir='ltr'><strong>τῆς</strong></span> <span class='ocrx_word' id='word_1_293' title='bbox 1266 2258 1611 2334; x_wconf 84' lang='grc' dir='ltr'>Ἱεριχοῦντος</span> <span class='ocrx_word' id='word_1_294' title='bbox 1655 2259 2019 2331; x_wconf 77' lang='grc' dir='ltr'>σκυλευθησόο</span> 
     </span>
    </p>
   </div>
   <div class='ocr_carea' id='block_1_39' title="bbox 366 2348 2020 2426">
    <p class='ocr_par' dir='ltr' id='par_1_39' title="bbox 366 2348 2020 2426">
     <span class='ocr_line' id='line_1_39' title="bbox 366 2348 2020 2426; baseline -0.002 -18"><span class='ocrx_word' id='word_1_295' title='bbox 366 2348 380 2360; x_wconf 43' lang='grc'>⁸</span> <span class='ocrx_word' id='word_1_296' title='bbox 457 2372 610 2426; x_wconf 87' lang='grc' dir='ltr'>μενα,</span> <span class='ocrx_word' id='word_1_297' title='bbox 657 2357 686 2408; x_wconf 88' lang='grc' dir='ltr'><strong>ὁ</strong></span> <span class='ocrx_word' id='word_1_298' title='bbox 721 2356 896 2426; x_wconf 83' lang='grc' dir='ltr'>Ἀχαρ</span> <span class='ocrx_word' id='word_1_299' title='bbox 933 2353 1070 2424; x_wconf 86' lang='grc' dir='ltr'><strong>μετά</strong></span> <span class='ocrx_word' id='word_1_300' title='bbox 1105 2353 1202 2424; x_wconf 81' lang='grc' dir='ltr'>τὴν</span> <span class='ocrx_word' id='word_1_301' title='bbox 1249 2353 1444 2407; x_wconf 72' lang='grc' dir='ltr'>ἅλωσιν</span> <span class='ocrx_word' id='word_1_302' title='bbox 1489 2352 1587 2423; x_wconf 92' lang='grc' dir='ltr'><strong>τῆς</strong></span> <span class='ocrx_word' id='word_1_303' title='bbox 1619 2350 1822 2416; x_wconf 84' lang='grc' dir='ltr'>πόλεως</span> <span class='ocrx_word' id='word_1_304' title='bbox 1862 2353 2020 2424; x_wconf 79' lang='grc' dir='ltr'>Ἱερι-</span> 
     </span>
    </p>
   </div>
   <div class='ocr_carea' id='block_1_40' title="bbox 453 2442 2016 2517">
    <p class='ocr_par' dir='ltr' id='par_1_40' title="bbox 453 2442 2016 2517">
     <span class='ocr_line' id='line_1_40' title="bbox 453 2442 2016 2517; baseline -0.003 -18"><span class='ocrx_word' id='word_1_305' title='bbox 453 2447 693 2517; x_wconf 79' lang='grc' dir='ltr'>χοῦντος,</span> <span class='ocrx_word' id='word_1_306' title='bbox 743 2445 986 2514; x_wconf 88' lang='grc' dir='ltr'>γλῶτταν</span> <span class='ocrx_word' id='word_1_307' title='bbox 1031 2443 1236 2514; x_wconf 78' lang='grc' dir='ltr'>χρυσῆν</span> <span class='ocrx_word' id='word_1_308' title='bbox 1281 2443 1375 2497; x_wconf 74' lang='grc' dir='ltr'>καὶ</span> <span class='ocrx_word' id='word_1_309' title='bbox 1405 2442 1632 2513; x_wconf 76' lang='grc' dir='ltr'>ὕφασμά</span> <span class='ocrx_word' id='word_1_310' title='bbox 1665 2459 1717 2495; x_wconf 91' lang='grc' dir='ltr'><strong>τι</strong></span> <span class='ocrx_word' id='word_1_311' title='bbox 1751 2442 2016 2513; x_wconf 78' lang='grc' dir='ltr'>ὑφελόμε-</span> 
     </span>
    </p>
   </div>
   <div class='ocr_carea' id='block_1_41' title="bbox 452 2518 2022 2605">
    <p class='ocr_par' dir='ltr' id='par_1_41' title="bbox 452 2518 2022 2605">
     <span class='ocr_line' id='line_1_41' title="bbox 452 2518 2022 2605; baseline -0.003 -16"><span class='ocrx_word' id='word_1_312' title='bbox 452 2518 560 2600; x_wconf 80' lang='grc' dir='ltr'>νος,</span> <span class='ocrx_word' id='word_1_313' title='bbox 613 2536 919 2605; x_wconf 78' lang='grc' dir='ltr'>κατέχωσεν</span> <span class='ocrx_word' id='word_1_314' title='bbox 972 2533 1107 2587; x_wconf 74' lang='grc' dir='ltr'>αὐτὰ</span> <span class='ocrx_word' id='word_1_315' title='bbox 1163 2535 1220 2585; x_wconf 81' lang='grc' dir='ltr'>ὲν</span> <span class='ocrx_word' id='word_1_316' title='bbox 1257 2536 1322 2604; x_wconf 80' lang='grc' dir='ltr'>τῇ</span> <span class='ocrx_word' id='word_1_317' title='bbox 1376 2535 1550 2604; x_wconf 82' lang='grc' dir='ltr'>σκηνῇ</span> <span class='ocrx_word' id='word_1_318' title='bbox 1591 2532 1776 2587; x_wconf 81' lang='grc' dir='ltr'>αὑτοῦ.</span> <span class='ocrx_word' id='word_1_319' title='bbox 1844 2533 2022 2604; x_wconf 78' lang='grc' dir='ltr'>Ὀργιιο</span> 
     </span>
    </p>
   </div>
   <div class='ocr_carea' id='block_1_42' title="bbox 455 2622 2022 2695">
    <p class='ocr_par' dir='ltr' id='par_1_42' title="bbox 455 2622 2022 2695">
     <span class='ocr_line' id='line_1_42' title="bbox 455 2622 2022 2695; baseline -0.004 -14"><span class='ocrx_word' id='word_1_320' title='bbox 455 2629 669 2691; x_wconf 78' lang='grc' dir='ltr'>σθέντος</span> <span class='ocrx_word' id='word_1_321' title='bbox 708 2627 765 2680; x_wconf 82' lang='grc' dir='ltr'>δὲ</span> <span class='ocrx_word' id='word_1_322' title='bbox 813 2625 906 2679; x_wconf 86' lang='grc' dir='ltr'><strong>τοῦ</strong></span> <span class='ocrx_word' id='word_1_323' title='bbox 956 2624 1091 2678; x_wconf 86' lang='grc' dir='ltr'>Θεοῦ</span> <span class='ocrx_word' id='word_1_324' title='bbox 1140 2623 1228 2678; x_wconf 76' lang='grc' dir='ltr'>διὰ</span> <span class='ocrx_word' id='word_1_325' title='bbox 1260 2623 1435 2689; x_wconf 90' lang='grc' dir='ltr'>τοῦτο,</span> <span class='ocrx_word' id='word_1_326' title='bbox 1485 2622 1794 2695; x_wconf 74' lang='grc' dir='ltr'>ἡττήθησαν</span> <span class='ocrx_word' id='word_1_327' title='bbox 1849 2625 1904 2675; x_wconf 77' lang='grc' dir='ltr'>ὲν</span> <span class='ocrx_word' id='word_1_328' title='bbox 1944 2622 2022 2692; x_wconf 82' lang='grc' dir='ltr'>τῷ</span> 
     </span>
    </p>
   </div>
   <div class='ocr_carea' id='block_1_43' title="bbox 455 2710 2021 2795">
    <p class='ocr_par' dir='ltr' id='par_1_43' title="bbox 455 2710 2021 2795">
     <span class='ocr_line' id='line_1_43' title="bbox 455 2710 2021 2795; baseline -0.003 -23"><span class='ocrx_word' id='word_1_329' title='bbox 455 2719 673 2790; x_wconf 84' lang='grc' dir='ltr'>πολέμῳ</span> <span class='ocrx_word' id='word_1_330' title='bbox 717 2720 764 2771; x_wconf 85' lang='lat' dir='ltr'><strong>oi</strong></span> <span class='ocrx_word' id='word_1_331' title='bbox 823 2717 1167 2789; x_wconf 83' lang='grc' dir='ltr'>Ἰσραηλῖται.</span> <span class='ocrx_word' id='word_1_332' title='bbox 1215 2716 1334 2768; x_wconf 85' lang='grc' dir='ltr'><strong>Ὅτι</strong></span> <span class='ocrx_word' id='word_1_333' title='bbox 1373 2715 1428 2768; x_wconf 81' lang='grc' dir='ltr'>δὲ</span> <span class='ocrx_word' id='word_1_334' title='bbox 1466 2714 1658 2784; x_wconf 77' lang='grc' dir='ltr'>ἄδηλος</span> <span class='ocrx_word' id='word_1_335' title='bbox 1875 2713 2021 2768; x_wconf 78' lang='grc' dir='ltr'>αἰτία</span> 
     </span>
    </p>
   </div>
   <div class='ocr_carea' id='block_1_44' title="bbox 453 2801 2020 2879">
    <p class='ocr_par' dir='ltr' id='par_1_44' title="bbox 453 2801 2020 2879">
     <span class='ocr_line' id='line_1_44' title="bbox 453 2801 2020 2879; baseline -0.004 -19"><span class='ocrx_word' id='word_1_336' title='bbox 453 2807 551 2878; x_wconf 88' lang='grc' dir='ltr'><strong>τῆς</strong></span> <span class='ocrx_word' id='word_1_337' title='bbox 582 2806 750 2879; x_wconf 85' lang='grc' dir='ltr'>ὀργῆς</span> <span class='ocrx_word' id='word_1_338' title='bbox 782 2806 874 2860; x_wconf 87' lang='grc' dir='ltr'><strong>τοῦ</strong></span> <span class='ocrx_word' id='word_1_339' title='bbox 900 2805 1057 2868; x_wconf 89' lang='grc' dir='ltr'>Θεοῦ,</span> <span class='ocrx_word' id='word_1_340' title='bbox 1089 2807 1278 2876; x_wconf 88' lang='grc' dir='ltr'>γέγονε</span> <span class='ocrx_word' id='word_1_341' title='bbox 1312 2803 1531 2874; x_wconf 84' lang='grc' dir='ltr'>κλῆρος,</span> <span class='ocrx_word' id='word_1_342' title='bbox 1567 2803 1660 2857; x_wconf 74' lang='grc' dir='ltr'>καὶ</span> <span class='ocrx_word' id='word_1_343' title='bbox 1704 2802 1898 2855; x_wconf 78' lang='grc' dir='ltr'>ἔπεσεν</span> <span class='ocrx_word' id='word_1_344' title='bbox 1930 2801 2020 2855; x_wconf 72' lang='grc' dir='ltr'><strong>ἐπὶ</strong></span> 
     </span>
    </p>
   </div>
   <div class='ocr_carea' id='block_1_45' title="bbox 454 2890 2021 2969">
    <p class='ocr_par' dir='ltr' id='par_1_45' title="bbox 454 2890 2021 2969">
     <span class='ocr_line' id='line_1_45' title="bbox 454 2890 2021 2969; baseline -0.004 -18"><span class='ocrx_word' id='word_1_345' title='bbox 454 2897 544 2950; x_wconf 74' lang='grc' dir='ltr'><strong>τὸν</strong></span> <span class='ocrx_word' id='word_1_346' title='bbox 576 2898 770 2969; x_wconf 83' lang='grc' dir='ltr'>Ἀχαρ.</span> <span class='ocrx_word' id='word_1_347' title='bbox 802 2897 1085 2960; x_wconf 85' lang='grc' dir='ltr'>Κάκεῖνος,</span> <span class='ocrx_word' id='word_1_348' title='bbox 1139 2896 1576 2967; x_wconf 83' lang='grc' dir='ltr'>ἀνακρινόμενος,</span> <span class='ocrx_word' id='word_1_349' title='bbox 1618 2892 1931 2964; x_wconf 86' lang='grc' dir='ltr'>ὡμολόγησε</span> <span class='ocrx_word' id='word_1_350' title='bbox 1961 2890 2021 2944; x_wconf 80' lang='grc' dir='ltr'>τὸ</span> 
     </span>
    </p>
   </div>
   <div class='ocr_carea' id='block_1_46' title="bbox 457 2979 2018 3063">
    <p class='ocr_par' dir='ltr' id='par_1_46' title="bbox 457 2979 2018 3063">
     <span class='ocr_line' id='line_1_46' title="bbox 457 2979 2018 3063; baseline -0.004 -23"><span class='ocrx_word' id='word_1_351' title='bbox 457 2986 675 3059; x_wconf 84' lang='grc' dir='ltr'>κλέμμα</span> <span class='ocrx_word' id='word_1_352' title='bbox 705 2986 799 3039; x_wconf 77' lang='grc' dir='ltr'><strong>καὶ</strong></span> <span class='ocrx_word' id='word_1_353' title='bbox 828 2986 896 3038; x_wconf 85' lang='grc' dir='ltr'>τὰ</span> <span class='ocrx_word' id='word_1_354' title='bbox 927 2984 1202 3038; x_wconf 86' lang='grc' dir='ltr'>κλαπέντα</span> <span class='ocrx_word' id='word_1_355' title='bbox 1235 2984 1601 3063; x_wconf 82' lang='grc' dir='ltr'>προσήνεγκε·</span> <span class='ocrx_word' id='word_1_356' title='bbox 1643 2981 1735 3034; x_wconf 75' lang='grc' dir='ltr'><strong>καὶ</strong></span> <span class='ocrx_word' id='word_1_357' title='bbox 1782 2979 2018 3035; x_wconf 75' lang='grc' dir='ltr'>ὲλιθοδο-</span> 
     </span>
    </p>
   </div>
   <div class='ocr_carea' id='block_1_47' title="bbox 453 3070 2017 3149">
    <p class='ocr_par' dir='ltr' id='par_1_47' title="bbox 453 3070 2017 3149">
     <span class='ocr_line' id='line_1_47' title="bbox 453 3070 2017 3149; baseline -0.002 -19"><span class='ocrx_word' id='word_1_358' title='bbox 453 3077 592 3149; x_wconf 79' lang='grc' dir='ltr'>λήθη</span> <span class='ocrx_word' id='word_1_359' title='bbox 637 3076 797 3139; x_wconf 77' lang='grc' dir='ltr'>αὐτός</span> <span class='ocrx_word' id='word_1_360' title='bbox 831 3093 890 3130; x_wconf 87' lang='grc' dir='ltr'><strong>τε</strong></span> <span class='ocrx_word' id='word_1_361' title='bbox 930 3076 1022 3128; x_wconf 72' lang='grc' dir='ltr'>καὶ</span> <span class='ocrx_word' id='word_1_362' title='bbox 1064 3073 1263 3136; x_wconf 82' lang='grc' dir='ltr'>πάντες</span> <span class='ocrx_word' id='word_1_363' title='bbox 1305 3073 1354 3126; x_wconf 84' lang='grc' dir='ltr'>οἱ</span> <span class='ocrx_word' id='word_1_364' title='bbox 1405 3073 1534 3142; x_wconf 72' lang='grc' dir='ltr'>περὶ</span> <span class='ocrx_word' id='word_1_365' title='bbox 1574 3070 1769 3137; x_wconf 82' lang='grc' dir='ltr'>αὐτὸν,</span> <span class='ocrx_word' id='word_1_366' title='bbox 1814 3071 1908 3125; x_wconf 78' lang='grc' dir='ltr'>καὶ</span> <span class='ocrx_word' id='word_1_367' title='bbox 1946 3071 2017 3128; x_wconf 74' lang='grc' dir='ltr'>τὰ</span> 
     </span>
    </p>
   </div>
   <div class='ocr_carea' id='block_1_48' title="bbox 454 3164 2018 3238">
    <p class='ocr_par' dir='ltr' id='par_1_48' title="bbox 454 3164 2018 3238">
     <span class='ocr_line' id='line_1_48' title="bbox 454 3164 2018 3238; baseline -0.001 -18"><span class='ocrx_word' id='word_1_368' title='bbox 454 3169 591 3232; x_wconf 78' lang='grc' dir='ltr'>ζῶα,</span> <span class='ocrx_word' id='word_1_369' title='bbox 619 3169 712 3222; x_wconf 76' lang='grc' dir='ltr'>καὶ</span> <span class='ocrx_word' id='word_1_370' title='bbox 739 3169 885 3220; x_wconf 79' lang='grc' dir='ltr'>πᾶσα</span> <span class='ocrx_word' id='word_1_371' title='bbox 927 3167 958 3237; x_wconf 68' lang='lat' dir='ltr'><strong>ﬂ</strong></span> <span class='ocrx_word' id='word_1_372' title='bbox 987 3165 1258 3238; x_wconf 79' lang='grc' dir='ltr'>ὑποσκευὴ</span> <span class='ocrx_word' id='word_1_373' title='bbox 1292 3164 1474 3219; x_wconf 81' lang='grc' dir='ltr'>αὐτοῦ.</span> <span class='ocrx_word' id='word_1_374' title='bbox 1515 3165 1624 3218; x_wconf 85' lang='grc' dir='ltr'><strong>Καί</strong></span> <span class='ocrx_word' id='word_1_375' title='bbox 1658 3181 1842 3234; x_wconf 85' lang='grc' dir='ltr'>φησιν,</span> <span class='ocrx_word' id='word_1_376' title='bbox 1887 3164 2018 3218; x_wconf 73' lang='grc' dir='ltr'>Ἰδοὺ</span> 
     </span>
    </p>
   </div>
   <div class='ocr_carea' id='block_1_49' title="bbox 2113 1989 3702 2062">
    <p class='ocr_par' dir='ltr' id='par_1_49' title="bbox 2113 1989 3702 2062">
     <span class='ocr_line' id='line_1_49' title="bbox 2113 1989 3702 2062; baseline -0.003 -16"><span class='ocrx_word' id='word_1_377' title='bbox 2113 1991 2239 2046; x_wconf 84' lang='lat' dir='ltr'><strong>Jesu</strong></span> <span class='ocrx_word' id='word_1_378' title='bbox 2270 1991 2412 2047; x_wconf 84' lang='lat' dir='ltr'><strong>Nave</strong></span> <span class='ocrx_word' id='word_1_379' title='bbox 2434 1993 2780 2062; x_wconf 83' lang='lat' dir='ltr'><strong>descriptam.</strong></span> <span class='ocrx_word' id='word_1_380' title='bbox 2811 1990 3006 2045; x_wconf 78' lang='lat' dir='ltr'><strong>Narrat</strong></span> <span class='ocrx_word' id='word_1_381' title='bbox 3029 1991 3169 2045; x_wconf 86' lang='lat' dir='ltr'><strong>enim</strong></span> <span class='ocrx_word' id='word_1_382' title='bbox 3199 1992 3341 2060; x_wconf 82' lang='lat' dir='ltr'><strong>quod</strong></span> <span class='ocrx_word' id='word_1_383' title='bbox 3373 2007 3493 2045; x_wconf 91' lang='lat' dir='ltr'><strong>cum</strong></span> <span class='ocrx_word' id='word_1_384' title='bbox 3519 1989 3702 2046; x_wconf 50' lang='lat' dir='ltr'><strong>Jesua</strong></span> 
     </span>
    </p>
   </div>
   <div class='ocr_carea' id='block_1_50' title="bbox 2115 2082 3676 2153">
    <p class='ocr_par' dir='ltr' id='par_1_50' title="bbox 2115 2082 3676 2153">
     <span class='ocr_line' id='line_1_50' title="bbox 2115 2082 3676 2153; baseline -0.001 -17"><span class='ocrx_word' id='word_1_385' title='bbox 2115 2084 2518 2152; x_wconf 82' lang='lat' dir='ltr'><strong>pronuntiasset</strong></span> <span class='ocrx_word' id='word_1_386' title='bbox 2545 2083 2726 2138; x_wconf 73' lang='lat' dir='ltr'><strong>omnia</strong></span> <span class='ocrx_word' id='word_1_387' title='bbox 2763 2082 2872 2137; x_wconf 84' lang='lat' dir='ltr'><strong>Deo</strong></span> <span class='ocrx_word' id='word_1_388' title='bbox 2905 2098 3025 2137; x_wconf 89' lang='lat' dir='ltr'><strong>esse</strong></span> <span class='ocrx_word' id='word_1_389' title='bbox 3052 2083 3296 2138; x_wconf 82' lang='lat' dir='ltr'><strong>dedicata</strong></span> <span class='ocrx_word' id='word_1_390' title='bbox 3325 2084 3519 2153; x_wconf 89' lang='lat' dir='ltr'><strong>spolia,</strong></span> <span class='ocrx_word' id='word_1_391' title='bbox 3553 2099 3676 2153; x_wconf 62' lang='lat' dir='ltr'><strong>qum</strong></span> 
     </span>
    </p>
   </div>
   <div class='ocr_carea' id='block_1_51' title="bbox 2114 2171 3677 2243">
    <p class='ocr_par' dir='ltr' id='par_1_51' title="bbox 2114 2171 3677 2243">
     <span class='ocr_line' id='line_1_51' title="bbox 2114 2171 3677 2243; baseline 0.001 -15"><span class='ocrx_word' id='word_1_392' title='bbox 2114 2189 2177 2228; x_wconf 83' lang='lat' dir='ltr'><strong>ex</strong></span> <span class='ocrx_word' id='word_1_393' title='bbox 2209 2171 2426 2228; x_wconf 88' lang='lat' dir='ltr'><strong>Jericho</strong></span> <span class='ocrx_word' id='word_1_394' title='bbox 2461 2183 2614 2242; x_wconf 86' lang='lat' dir='ltr'><strong>capta</strong></span> <span class='ocrx_word' id='word_1_395' title='bbox 2646 2185 2848 2234; x_wconf 84' lang='lat' dir='ltr'><strong>essent.</strong></span> <span class='ocrx_word' id='word_1_396' title='bbox 2895 2174 3073 2227; x_wconf 82' lang='lat' dir='ltr'><strong>Achar</strong></span> <span class='ocrx_word' id='word_1_397' title='bbox 3109 2183 3395 2243; x_wconf 80' lang='lat' dir='ltr'><strong>postquam</strong></span> <span class='ocrx_word' id='word_1_398' title='bbox 3433 2176 3562 2229; x_wconf 87' lang='lat' dir='ltr'><strong>urbs</strong></span> <span class='ocrx_word' id='word_1_399' title='bbox 3589 2173 3677 2230; x_wconf 81' lang='lat' dir='ltr'><strong>Je-</strong></span> 
     </span>
    </p>
   </div>
   <div class='ocr_carea' id='block_1_52' title="bbox 2115 2263 3679 2337">
    <p class='ocr_par' dir='ltr' id='par_1_52' title="bbox 2115 2263 3679 2337">
     <span class='ocr_line' id='line_1_52' title="bbox 2115 2263 3679 2337; baseline 0.002 -19"><span class='ocrx_word' id='word_1_400' title='bbox 2115 2263 2268 2318; x_wconf 91' lang='lat' dir='ltr'><strong>richo</strong></span> <span class='ocrx_word' id='word_1_401' title='bbox 2301 2275 2455 2334; x_wconf 89' lang='lat' dir='ltr'><strong>capta</strong></span> <span class='ocrx_word' id='word_1_402' title='bbox 2477 2275 2650 2328; x_wconf 81' lang='lat' dir='ltr'><strong>esset,</strong></span> <span class='ocrx_word' id='word_1_403' title='bbox 2687 2280 2847 2319; x_wconf 86' lang='lat' dir='ltr'><strong>aurea</strong></span> <span class='ocrx_word' id='word_1_404' title='bbox 2881 2265 3061 2337; x_wconf 81' lang='lat' dir='ltr'><strong>lingua</strong></span> <span class='ocrx_word' id='word_1_405' title='bbox 3093 2275 3144 2320; x_wconf 88' lang='lat' dir='ltr'><strong>et</strong></span> <span class='ocrx_word' id='word_1_406' title='bbox 3172 2267 3353 2337; x_wconf 87' lang='lat' dir='ltr'><strong>aliqua</strong></span> <span class='ocrx_word' id='word_1_407' title='bbox 3383 2277 3530 2321; x_wconf 82' lang='lat' dir='ltr'><strong>veste</strong></span> <span class='ocrx_word' id='word_1_408' title='bbox 3559 2282 3679 2322; x_wconf 88' lang='lat' dir='ltr'><strong>sur-</strong></span> 
     </span>
    </p>
   </div>
   <div class='ocr_carea' id='block_1_53' title="bbox 2118 2354 3700 2426">
    <p class='ocr_par' dir='ltr' id='par_1_53' title="bbox 2118 2354 3700 2426">
     <span class='ocr_line' id='line_1_53' title="bbox 2118 2354 3700 2426; baseline 0.001 -17"><span class='ocrx_word' id='word_1_409' title='bbox 2118 2364 2286 2426; x_wconf 77' lang='lat' dir='ltr'><strong>repta,</strong></span> <span class='ocrx_word' id='word_1_410' title='bbox 2323 2371 2385 2411; x_wconf 84' lang='lat' dir='ltr'><strong>ea</strong></span> <span class='ocrx_word' id='word_1_411' title='bbox 2414 2354 2606 2410; x_wconf 85' lang='lat' dir='ltr'><strong>inl‘odit</strong></span> <span class='ocrx_word' id='word_1_412' title='bbox 2639 2357 2692 2410; x_wconf 91' lang='lat' dir='ltr'><strong>iu</strong></span> <span class='ocrx_word' id='word_1_413' title='bbox 2718 2372 2818 2411; x_wconf 91' lang='lat' dir='ltr'><strong>suo</strong></span> <span class='ocrx_word' id='word_1_414' title='bbox 2854 2359 3103 2412; x_wconf 90' lang='lat' dir='ltr'><strong>tentorio.</strong></span> <span class='ocrx_word' id='word_1_415' title='bbox 3141 2358 3276 2412; x_wconf 87' lang='lat' dir='ltr'><strong>Cum</strong></span> <span class='ocrx_word' id='word_1_416' title='bbox 3318 2367 3497 2412; x_wconf 87' lang='lat' dir='ltr'><strong>autem</strong></span> <span class='ocrx_word' id='word_1_417' title='bbox 3535 2357 3700 2411; x_wconf 65' lang='lat' dir='ltr'><strong>Deus</strong></span> 
     </span>
    </p>
   </div>
   <div class='ocr_carea' id='block_1_54' title="bbox 2113 2447 3672 2518">
    <p class='ocr_par' dir='ltr' id='par_1_54' title="bbox 2113 2447 3672 2518">
     <span class='ocr_line' id='line_1_54' title="bbox 2113 2447 3672 2518; baseline 0.002 -18"><span class='ocrx_word' id='word_1_418' title='bbox 2113 2456 2395 2518; x_wconf 88' lang='lat' dir='ltr'><strong>propterea</strong></span> <span class='ocrx_word' id='word_1_419' title='bbox 2432 2449 2850 2514; x_wconf 84' lang='lat' dir='ltr'><strong>succensuisset,</strong></span> <span class='ocrx_word' id='word_1_420' title='bbox 2885 2450 2936 2502; x_wconf 92' lang='lat' dir='ltr'><strong>in</strong></span> <span class='ocrx_word' id='word_1_421' title='bbox 2972 2465 3035 2501; x_wconf 84' lang='lat' dir='ltr'><strong>eo</strong></span> <span class='ocrx_word' id='word_1_422' title='bbox 3082 2449 3221 2502; x_wconf 87' lang='lat' dir='ltr'><strong>bello</strong></span> <span class='ocrx_word' id='word_1_423' title='bbox 3258 2447 3510 2504; x_wconf 73' lang='lat' dir='ltr'><strong>ISraclitaa</strong></span> <span class='ocrx_word' id='word_1_424' title='bbox 3547 2452 3672 2503; x_wconf 81' lang='lat' dir='ltr'><strong>victi</strong></span> 
     </span>
    </p>
   </div>
   <div class='ocr_carea' id='block_1_55' title="bbox 2115 2535 3680 2602">
    <p class='ocr_par' dir='ltr' id='par_1_55' title="bbox 2115 2535 3680 2602">
     <span class='ocr_line' id='line_1_55' title="bbox 2115 2535 3680 2602; baseline 0.001 -12"><span class='ocrx_word' id='word_1_425' title='bbox 2115 2545 2261 2590; x_wconf 81' lang='lat' dir='ltr'><strong>sunt.</strong></span> <span class='ocrx_word' id='word_1_426' title='bbox 2292 2535 2429 2602; x_wconf 83' lang='lat' dir='ltr'><strong>Quia</strong></span> <span class='ocrx_word' id='word_1_427' title='bbox 2453 2546 2630 2591; x_wconf 89' lang='lat' dir='ltr'><strong>autem</strong></span> <span class='ocrx_word' id='word_1_428' title='bbox 2664 2554 2767 2592; x_wconf 82' lang='lat' dir='ltr'><strong>non</strong></span> <span class='ocrx_word' id='word_1_429' title='bbox 2802 2537 3086 2593; x_wconf 76' lang='lat' dir='ltr'><strong>manifesta</strong></span> <span class='ocrx_word' id='word_1_430' title='bbox 3113 2547 3228 2593; x_wconf 88' lang='lat' dir='ltr'><strong>erat</strong></span> <span class='ocrx_word' id='word_1_431' title='bbox 3263 2541 3352 2591; x_wconf 60' lang='lat' dir='ltr'><strong>irae</strong></span> <span class='ocrx_word' id='word_1_432' title='bbox 3374 2539 3465 2592; x_wconf 88' lang='lat' dir='ltr'><strong>Dei</strong></span> <span class='ocrx_word' id='word_1_433' title='bbox 3489 2554 3680 2601; x_wconf 76' lang='lat' dir='ltr'><strong>causa,</strong></span> 
     </span>
    </p>
   </div>
   <div class='ocr_carea' id='block_1_56' title="bbox 2117 2628 3706 2698">
    <p class='ocr_par' dir='ltr' id='par_1_56' title="bbox 2117 2628 3706 2698">
     <span class='ocr_line' id='line_1_56' title="bbox 2117 2628 3706 2698; baseline 0.001 -18"><span class='ocrx_word' id='word_1_434' title='bbox 2117 2628 2282 2681; x_wconf 82' lang='lat' dir='ltr'><strong>missa</strong></span> <span class='ocrx_word' id='word_1_435' title='bbox 2320 2637 2402 2687; x_wconf 80' lang='lat' dir='ltr'><strong>est</strong></span> <span class='ocrx_word' id='word_1_436' title='bbox 2433 2643 2573 2691; x_wconf 81' lang='lat' dir='ltr'><strong>sors,</strong></span> <span class='ocrx_word' id='word_1_437' title='bbox 2611 2637 2661 2680; x_wconf 82' lang='lat' dir='ltr'><strong>et</strong></span> <span class='ocrx_word' id='word_1_438' title='bbox 2696 2629 2890 2683; x_wconf 80' lang='lat' dir='ltr'><strong>cecidit</strong></span> <span class='ocrx_word' id='word_1_439' title='bbox 2935 2644 3097 2698; x_wconf 82' lang='lat' dir='ltr'><strong>super</strong></span> <span class='ocrx_word' id='word_1_440' title='bbox 3129 2630 3327 2683; x_wconf 81' lang='lat' dir='ltr'><strong>Achar.</strong></span> <span class='ocrx_word' id='word_1_441' title='bbox 3365 2630 3454 2685; x_wconf 89' lang='lat' dir='ltr'><strong>llle</strong></span> <span class='ocrx_word' id='word_1_442' title='bbox 3495 2639 3706 2694; x_wconf 72' lang='lat' dir='ltr'><strong>autem,</strong></span> 
     </span>
    </p>
   </div>
   <div class='ocr_carea' id='block_1_57' title="bbox 2117 2715 3696 2791">
    <p class='ocr_par' dir='ltr' id='par_1_57' title="bbox 2117 2715 3696 2791">
     <span class='ocr_line' id='line_1_57' title="bbox 2117 2715 3696 2791; baseline 0.005 -25"><span class='ocrx_word' id='word_1_443' title='bbox 2117 2715 2504 2785; x_wconf 83' lang='lat' dir='ltr'><strong>interroga-tus,</strong></span> <span class='ocrx_word' id='word_1_444' title='bbox 2530 2715 2732 2770; x_wconf 79' lang='lat' dir='ltr'><strong>furtum</strong></span> <span class='ocrx_word' id='word_1_445' title='bbox 2762 2717 3046 2772; x_wconf 76' lang='lat' dir='ltr'><strong>confessus</strong></span> <span class='ocrx_word' id='word_1_446' title='bbox 3071 2727 3173 2781; x_wconf 82' lang='lat' dir='ltr'><strong>est,</strong></span> <span class='ocrx_word' id='word_1_447' title='bbox 3211 2729 3259 2772; x_wconf 88' lang='lat' dir='ltr'><strong>et</strong></span> <span class='ocrx_word' id='word_1_448' title='bbox 3292 2735 3411 2788; x_wconf 75' lang='lat' dir='ltr'><strong>qua:</strong></span> <span class='ocrx_word' id='word_1_449' title='bbox 3429 2731 3696 2791; x_wconf 76' lang='lat' dir='ltr'><strong>surrepta-</strong></span> 
     </span>
    </p>
   </div>
   <div class='ocr_carea' id='block_1_58' title="bbox 2114 2806 3678 2881">
    <p class='ocr_par' dir='ltr' id='par_1_58' title="bbox 2114 2806 3678 2881">
     <span class='ocr_line' id='line_1_58' title="bbox 2114 2806 3678 2881; baseline 0.003 -23"><span class='ocrx_word' id='word_1_450' title='bbox 2114 2813 2262 2870; x_wconf 88' lang='lat' dir='ltr'><strong>sunt,</strong></span> <span class='ocrx_word' id='word_1_451' title='bbox 2306 2806 2559 2876; x_wconf 88' lang='lat' dir='ltr'><strong>protulit;</strong></span> <span class='ocrx_word' id='word_1_452' title='bbox 2615 2816 2668 2862; x_wconf 91' lang='lat' dir='ltr'><strong>et</strong></span> <span class='ocrx_word' id='word_1_453' title='bbox 2707 2808 2976 2878; x_wconf 85' lang='lat' dir='ltr'><strong>lapidibus</strong></span> <span class='ocrx_word' id='word_1_454' title='bbox 3030 2808 3257 2865; x_wconf 90' lang='lat' dir='ltr'><strong>obrutus</strong></span> <span class='ocrx_word' id='word_1_455' title='bbox 3309 2820 3391 2865; x_wconf 85' lang='lat' dir='ltr'><strong>est</strong></span> <span class='ocrx_word' id='word_1_456' title='bbox 3435 2811 3545 2881; x_wconf 87' lang='lat' dir='ltr'><strong>ipse</strong></span> <span class='ocrx_word' id='word_1_457' title='bbox 3574 2851 3586 2875; x_wconf 88' lang='lat'><strong>,</strong></span> <span class='ocrx_word' id='word_1_458' title='bbox 3625 2822 3678 2863; x_wconf 82' lang='lat' dir='ltr'><strong>ct</strong></span> 
     </span>
    </p>
   </div>
   <div class='ocr_carea' id='block_1_59' title="bbox 2113 2897 3678 2970">
    <p class='ocr_par' dir='ltr' id='par_1_59' title="bbox 2113 2897 3678 2970">
     <span class='ocr_line' id='line_1_59' title="bbox 2113 2897 3678 2970; baseline 0.005 -22"><span class='ocrx_word' id='word_1_459' title='bbox 2113 2909 2303 2951; x_wconf 79' lang='lat' dir='ltr'><strong>omnes</strong></span> <span class='ocrx_word' id='word_1_460' title='bbox 2336 2897 2439 2959; x_wconf 89' lang='lat' dir='ltr'><strong>sui,</strong></span> <span class='ocrx_word' id='word_1_461' title='bbox 2468 2907 2518 2951; x_wconf 89' lang='lat' dir='ltr'><strong>et</strong></span> <span class='ocrx_word' id='word_1_462' title='bbox 2550 2900 2824 2964; x_wconf 85' lang='lat' dir='ltr'><strong>animalia,</strong></span> <span class='ocrx_word' id='word_1_463' title='bbox 2853 2910 2906 2953; x_wconf 90' lang='lat' dir='ltr'><strong>et</strong></span> <span class='ocrx_word' id='word_1_464' title='bbox 2935 2909 3040 2954; x_wconf 91' lang='lat' dir='ltr'><strong>tota</strong></span> <span class='ocrx_word' id='word_1_465' title='bbox 3073 2901 3190 2970; x_wconf 89' lang='lat' dir='ltr'><strong>ejus</strong></span> <span class='ocrx_word' id='word_1_466' title='bbox 3216 2901 3476 2970; x_wconf 80' lang='lat' dir='ltr'><strong>supellex.</strong></span> <span class='ocrx_word' id='word_1_467' title='bbox 3505 2899 3567 2955; x_wconf 87' lang='lat' dir='ltr'><strong>Et</strong></span> <span class='ocrx_word' id='word_1_468' title='bbox 3595 2899 3678 2956; x_wconf 84' lang='lat' dir='ltr'><strong>di-</strong></span> 
     </span>
    </p>
   </div>
   <div class='ocr_carea' id='block_1_60' title="bbox 2113 2985 3675 3060">
    <p class='ocr_par' dir='ltr' id='par_1_60' title="bbox 2113 2985 3675 3060">
     <span class='ocr_line' id='line_1_60' title="bbox 2113 2985 3675 3060; baseline 0.006 -22"><span class='ocrx_word' id='word_1_469' title='bbox 2113 2987 2187 3040; x_wconf 83' lang='lat' dir='ltr'><strong>cit</strong></span> <span class='ocrx_word' id='word_1_470' title='bbox 2222 3003 2235 3039; x_wconf 88' lang='lat'><strong>:</strong></span> <span class='ocrx_word' id='word_1_471' title='bbox 2263 2985 2399 3041; x_wconf 86' lang='lat' dir='ltr'><strong>Ecce</strong></span> <span class='ocrx_word' id='word_1_472' title='bbox 2427 3003 2568 3041; x_wconf 90' lang='lat' dir='ltr'><strong>unus</strong></span> <span class='ocrx_word' id='word_1_473' title='bbox 2600 2989 2867 3059; x_wconf 78' lang='lat' dir='ltr'><strong>peccavit,</strong></span> <span class='ocrx_word' id='word_1_474' title='bbox 2901 2999 3035 3044; x_wconf 65' lang='grc' dir='ltr'>εισι</span> <span class='ocrx_word' id='word_1_475' title='bbox 3063 3005 3127 3044; x_wconf 90' lang='lat' dir='ltr'><strong>eo</strong></span> <span class='ocrx_word' id='word_1_476' title='bbox 3159 2991 3300 3060; x_wconf 87' lang='lat' dir='ltr'><strong>quod</strong></span> <span class='ocrx_word' id='word_1_477' title='bbox 3335 2989 3442 3046; x_wconf 88' lang='lat' dir='ltr'><strong>Deo</strong></span> <span class='ocrx_word' id='word_1_478' title='bbox 3462 2991 3675 3047; x_wconf 87' lang='lat' dir='ltr'><strong>dedica-</strong></span> 
     </span>
    </p>
   </div>
   <div class='ocr_carea' id='block_1_61' title="bbox 2113 3079 3675 3151">
    <p class='ocr_par' dir='ltr' id='par_1_61' title="bbox 2113 3079 3675 3151">
     <span class='ocr_line' id='line_1_61' title="bbox 2113 3079 3675 3151; baseline 0.004 -22"><span class='ocrx_word' id='word_1_479' title='bbox 2113 3087 2225 3131; x_wconf 89' lang='lat' dir='ltr'><strong>tum</strong></span> <span class='ocrx_word' id='word_1_480' title='bbox 2255 3087 2356 3142; x_wconf 89' lang='lat' dir='ltr'><strong>est,</strong></span> <span class='ocrx_word' id='word_1_481' title='bbox 2388 3079 2634 3145; x_wconf 84' lang='lat' dir='ltr'><strong>sustulit;</strong></span> <span class='ocrx_word' id='word_1_482' title='bbox 2665 3088 2717 3133; x_wconf 89' lang='lat' dir='ltr'><strong>et</strong></span> <span class='ocrx_word' id='word_1_483' title='bbox 2748 3089 2968 3150; x_wconf 85' lang='lat' dir='ltr'><strong>propter</strong></span> <span class='ocrx_word' id='word_1_484' title='bbox 2993 3080 3140 3136; x_wconf 90' lang='lat' dir='ltr'><strong>illius</strong></span> <span class='ocrx_word' id='word_1_485' title='bbox 3183 3091 3484 3151; x_wconf 85' lang='lat' dir='ltr'><strong>peccatum,</strong></span> <span class='ocrx_word' id='word_1_486' title='bbox 3517 3082 3675 3137; x_wconf 88' lang='lat' dir='ltr'><strong>multi</strong></span> 
     </span>
    </p>
   </div>
   <div class='ocr_carea' id='block_1_62' title="bbox 2113 3169 3675 3241">
    <p class='ocr_par' dir='ltr' id='par_1_62' title="bbox 2113 3169 3675 3241">
     <span class='ocr_line' id='line_1_62' title="bbox 2113 3169 3675 3241; baseline 0 -18"><span class='ocrx_word' id='word_1_487' title='bbox 2113 3169 2389 3240; x_wconf 85' lang='lat' dir='ltr'><strong>perierunt</strong></span> <span class='ocrx_word' id='word_1_488' title='bbox 2416 3171 2468 3222; x_wconf 92' lang='lat' dir='ltr'><strong>in</strong></span> <span class='ocrx_word' id='word_1_489' title='bbox 2495 3169 2654 3235; x_wconf 87' lang='lat' dir='ltr'><strong>bello,</strong></span> <span class='ocrx_word' id='word_1_490' title='bbox 2689 3183 2751 3223; x_wconf 79' lang='lat' dir='ltr'><strong>ex</strong></span> <span class='ocrx_word' id='word_1_491' title='bbox 2783 3185 3052 3241; x_wconf 79' lang='lat' dir='ltr'><strong>synagoga</strong></span> <span class='ocrx_word' id='word_1_492' title='bbox 3085 3188 3178 3226; x_wconf 89' lang='lat' dir='ltr'><strong>seu</strong></span> <span class='ocrx_word' id='word_1_493' title='bbox 3221 3179 3361 3227; x_wconf 74' lang='lat' dir='ltr'><strong>cmtu</strong></span> <span class='ocrx_word' id='word_1_494' title='bbox 3402 3171 3675 3226; x_wconf 71' lang='lat' dir='ltr'><strong>Israelita-</strong></span> 
     </span>
    </p>
   </div>
   <div class='ocr_carea' id='block_1_63' title="bbox 455 3251 2017 3332">
    <p class='ocr_par' dir='ltr' id='par_1_63' title="bbox 455 3251 2017 3328">
     <span class='ocr_line' id='line_1_63' title="bbox 455 3251 2017 3328; baseline -0.004 -18"><span class='ocrx_word' id='word_1_495' title='bbox 455 3255 533 3321; x_wconf 71' lang='grc' dir='ltr'>εἷς</span> <span class='ocrx_word' id='word_1_496' title='bbox 564 3259 798 3328; x_wconf 71' lang='grc' dir='ltr'>ἥμαρτε,</span> <span class='ocrx_word' id='word_1_497' title='bbox 852 3257 945 3310; x_wconf 79' lang='grc' dir='ltr'>καὶ</span> <span class='ocrx_word' id='word_1_498' title='bbox 992 3255 1237 3324; x_wconf 80' lang='grc' dir='ltr'>ὑφείλετο</span> <span class='ocrx_word' id='word_1_499' title='bbox 1275 3254 1384 3308; x_wconf 85' lang='grc' dir='ltr'>ἀπὸ</span> <span class='ocrx_word' id='word_1_500' title='bbox 1419 3252 1513 3306; x_wconf 88' lang='grc' dir='ltr'><strong>τοῦ</strong></span> <span class='ocrx_word' id='word_1_501' title='bbox 1561 3252 1896 3322; x_wconf 82' lang='grc' dir='ltr'>ἀναθέματος</span> <span class='ocrx_word' id='word_1_502' title='bbox 1941 3251 2017 3324; x_wconf 81' lang='grc' dir='ltr'><strong>τῷ</strong></span> 
     </span>
    </p>
   </div>
   <div class='ocr_carea' id='block_1_64' title="bbox 2114 3251 3696 3332">
    <p class='ocr_par' dir='ltr' id='par_1_64' title="bbox 2114 3259 3696 3327">
     <span class='ocr_line' id='line_1_64' title="bbox 2114 3259 3696 3327; baseline 0.001 -14"><span class='ocrx_word' id='word_1_503' title='bbox 2114 3273 2236 3313; x_wconf 88' lang='lat' dir='ltr'><strong>rum</strong></span> <span class='ocrx_word' id='word_1_504' title='bbox 2267 3277 2278 3312; x_wconf 90' lang='lat'><strong>:</strong></span> <span class='ocrx_word' id='word_1_505' title='bbox 2311 3268 2362 3314; x_wconf 88' lang='lat' dir='ltr'><strong>et</strong></span> <span class='ocrx_word' id='word_1_506' title='bbox 2393 3275 2584 3314; x_wconf 85' lang='lat' dir='ltr'><strong>rursus</strong></span> <span class='ocrx_word' id='word_1_507' title='bbox 2617 3260 2749 3314; x_wconf 85' lang='lat' dir='ltr'><strong>ultio</strong></span> <span class='ocrx_word' id='word_1_508' title='bbox 2781 3259 2918 3315; x_wconf 85' lang='lat' dir='ltr'><strong>facta</strong></span> <span class='ocrx_word' id='word_1_509' title='bbox 2949 3271 3048 3327; x_wconf 91' lang='lat' dir='ltr'><strong>est,</strong></span> <span class='ocrx_word' id='word_1_510' title='bbox 3072 3269 3177 3314; x_wconf 85' lang='lat' dir='ltr'><strong>non</strong></span> <span class='ocrx_word' id='word_1_511' title='bbox 3208 3261 3260 3314; x_wconf 92' lang='lat' dir='ltr'><strong>in</strong></span> <span class='ocrx_word' id='word_1_512' title='bbox 3291 3261 3442 3316; x_wconf 90' lang='lat' dir='ltr'><strong>illum</strong></span> <span class='ocrx_word' id='word_1_513' title='bbox 3475 3262 3696 3323; x_wconf 55' lang='lat' dir='ltr'><strong>soluun,</strong></span> 
     </span>
    </p>
   </div>
   <div class='ocr_carea' id='block_1_65' title="bbox 453 3341 2021 3418">
    <p class='ocr_par' dir='ltr' id='par_1_65' title="bbox 453 3341 2021 3418">
     <span class='ocr_line' id='line_1_65' title="bbox 453 3341 2021 3418; baseline -0.004 -18"><span class='ocrx_word' id='word_1_514' title='bbox 453 3348 590 3417; x_wconf 84' lang='grc' dir='ltr'>Θεῷ,</span> <span class='ocrx_word' id='word_1_515' title='bbox 624 3349 713 3401; x_wconf 72' lang='grc' dir='ltr'>καὶ</span> <span class='ocrx_word' id='word_1_516' title='bbox 745 3347 832 3401; x_wconf 82' lang='grc' dir='ltr'>διὰ</span> <span class='ocrx_word' id='word_1_517' title='bbox 869 3346 966 3418; x_wconf 83' lang='grc' dir='ltr'>τὴν</span> <span class='ocrx_word' id='word_1_518' title='bbox 992 3345 1262 3417; x_wconf 80' lang='grc' dir='ltr'>ἁμαρτίαν</span> <span class='ocrx_word' id='word_1_519' title='bbox 1300 3344 1506 3398; x_wconf 76' lang='grc' dir='ltr'>ἐκείνου</span> <span class='ocrx_word' id='word_1_520' title='bbox 1542 3341 1819 3397; x_wconf 83' lang='grc' dir='ltr'>ἀπώλοντο</span> <span class='ocrx_word' id='word_1_521' title='bbox 1860 3346 1916 3395; x_wconf 82' lang='grc' dir='ltr'>ὲν</span> <span class='ocrx_word' id='word_1_522' title='bbox 1943 3341 2021 3413; x_wconf 81' lang='grc' dir='ltr'><strong>τῷ</strong></span> 
     </span>
    </p>
   </div>
   <div class='ocr_carea' id='block_1_66' title="bbox 453 3429 2014 3508">
    <p class='ocr_par' dir='ltr' id='par_1_66' title="bbox 453 3429 2014 3508">
     <span class='ocr_line' id='line_1_66' title="bbox 453 3429 2014 3508; baseline -0.005 -18"><span class='ocrx_word' id='word_1_523' title='bbox 453 3438 672 3508; x_wconf 84' lang='grc' dir='ltr'>πολέμῳ</span> <span class='ocrx_word' id='word_1_524' title='bbox 706 3437 888 3490; x_wconf 74' lang='grc' dir='ltr'>πολλοὶ</span> <span class='ocrx_word' id='word_1_525' title='bbox 920 3437 984 3489; x_wconf 83' lang='grc' dir='ltr'>ὲκ</span> <span class='ocrx_word' id='word_1_526' title='bbox 1019 3436 1114 3505; x_wconf 87' lang='grc' dir='ltr'><strong>τῆς</strong></span> <span class='ocrx_word' id='word_1_527' title='bbox 1145 3434 1464 3503; x_wconf 82' lang='grc' dir='ltr'>συναγωγῆς</span> <span class='ocrx_word' id='word_1_528' title='bbox 1492 3431 1598 3485; x_wconf 84' lang='grc' dir='ltr'><strong>τῶν</strong></span> <span class='ocrx_word' id='word_1_529' title='bbox 1639 3429 2014 3502; x_wconf 83' lang='grc' dir='ltr'>Ἰσραηλιτῶν·</span> 
     </span>
    </p>
   </div>
   <div class='ocr_carea' id='block_1_67' title="bbox 453 3519 2016 3595">
    <p class='ocr_par' dir='ltr' id='par_1_67' title="bbox 453 3519 2016 3595">
     <span class='ocr_line' id='line_1_67' title="bbox 453 3519 2016 3595; baseline -0.006 -16"><span class='ocrx_word' id='word_1_530' title='bbox 453 3528 544 3580; x_wconf 77' lang='grc' dir='ltr'><strong>καὶ</strong></span> <span class='ocrx_word' id='word_1_531' title='bbox 573 3525 732 3588; x_wconf 80' lang='grc' dir='ltr'>αὖθις</span> <span class='ocrx_word' id='word_1_532' title='bbox 760 3527 793 3595; x_wconf 86' lang='grc' dir='ltr'><strong>ἡ</strong></span> <span class='ocrx_word' id='word_1_533' title='bbox 823 3523 1096 3594; x_wconf 73' lang='grc' dir='ltr'>ἐκδίκησις</span> <span class='ocrx_word' id='word_1_534' title='bbox 1124 3523 1344 3591; x_wconf 81' lang='grc' dir='ltr'>γέγονεν</span> <span class='ocrx_word' id='word_1_535' title='bbox 1365 3522 1465 3575; x_wconf 77' lang='grc' dir='ltr'><strong>οὐκ</strong></span> <span class='ocrx_word' id='word_1_536' title='bbox 1497 3521 1575 3582; x_wconf 87' lang='grc' dir='ltr'><strong>είς</strong></span> <span class='ocrx_word' id='word_1_537' title='bbox 1601 3520 1803 3572; x_wconf 74' lang='grc' dir='ltr'>ἐκεῖνον</span> <span class='ocrx_word' id='word_1_538' title='bbox 1839 3519 2016 3590; x_wconf 86' lang='grc' dir='ltr'>μόνον,</span> 
     </span>
    </p>
   </div>
   <div class='ocr_carea' id='block_1_68' title="bbox 451 3608 2017 3681">
    <p class='ocr_par' dir='ltr' id='par_1_68' title="bbox 451 3608 2017 3681">
     <span class='ocr_line' id='line_1_68' title="bbox 451 3608 2017 3681; baseline -0.004 -11"><span class='ocrx_word' id='word_1_539' title='bbox 451 3617 584 3671; x_wconf 80' lang='grc' dir='ltr'>ἀλλὰ</span> <span class='ocrx_word' id='word_1_540' title='bbox 616 3617 705 3669; x_wconf 70' lang='grc' dir='ltr'><strong>καὶ</strong></span> <span class='ocrx_word' id='word_1_541' title='bbox 731 3618 810 3679; x_wconf 85' lang='grc' dir='ltr'><strong>εἰς</strong></span> <span class='ocrx_word' id='word_1_542' title='bbox 844 3615 1047 3677; x_wconf 86' lang='grc' dir='ltr'>πάντας</span> <span class='ocrx_word' id='word_1_543' title='bbox 1087 3613 1210 3676; x_wconf 77' lang='grc' dir='ltr'>τοὺς</span> <span class='ocrx_word' id='word_1_544' title='bbox 1243 3611 1473 3665; x_wconf 66' lang='grc' dir='ltr'>ἐκείνου.</span> <span class='ocrx_word' id='word_1_545' title='bbox 1499 3608 1642 3681; x_wconf 72' lang='grc' dir='ltr'>Πρὸς</span> <span class='ocrx_word' id='word_1_546' title='bbox 1679 3609 1735 3662; x_wconf 75' lang='grc' dir='ltr'>δὲ</span> <span class='ocrx_word' id='word_1_547' title='bbox 1762 3608 1852 3661; x_wconf 81' lang='grc' dir='ltr'><strong>τὸν</strong></span> <span class='ocrx_word' id='word_1_548' title='bbox 1889 3609 2017 3673; x_wconf 74' lang='grc' dir='ltr'>ἴσως</span> 
     </span>
    </p>
   </div>
   <div class='ocr_carea' id='block_1_69' title="bbox 452 3698 2017 3776">
    <p class='ocr_par' dir='ltr' id='par_1_69' title="bbox 452 3698 2017 3776">
     <span class='ocr_line' id='line_1_69' title="bbox 452 3698 2017 3776; baseline -0.009 -13"><span class='ocrx_word' id='word_1_549' title='bbox 452 3709 672 3763; x_wconf 75' lang='grc' dir='ltr'>εἰπόντα</span> <span class='ocrx_word' id='word_1_550' title='bbox 701 3703 962 3776; x_wconf 65' lang='grc' dir='ltr'>διαφορὶν</span> <span class='ocrx_word' id='word_1_551' title='bbox 996 3700 1132 3756; x_wconf 72' lang='grc' dir='ltr'>εἶναι</span> <span class='ocrx_word' id='word_1_552' title='bbox 1167 3701 1275 3756; x_wconf 84' lang='grc' dir='ltr'><strong>τῶν</strong></span> <span class='ocrx_word' id='word_1_553' title='bbox 1319 3699 1748 3768; x_wconf 84' lang='grc' dir='ltr'>ἀνατεθειμένων</span> <span class='ocrx_word' id='word_1_554' title='bbox 1781 3698 1860 3769; x_wconf 81' lang='grc' dir='ltr'>τῷ</span> <span class='ocrx_word' id='word_1_555' title='bbox 1898 3698 2017 3768; x_wconf 84' lang='grc' dir='ltr'><strong>Θεῷ</strong></span> 
     </span>
    </p>
   </div>
   <div class='ocr_carea' id='block_1_70' title="bbox 452 3799 2014 3873">
    <p class='ocr_par' dir='ltr' id='par_1_70' title="bbox 452 3799 2014 3873">
     <span class='ocr_line' id='line_1_70' title="bbox 452 3799 2014 3873; baseline -0.004 -14"><span class='ocrx_word' id='word_1_556' title='bbox 452 3807 547 3859; x_wconf 73' lang='grc' dir='ltr'>καὶ</span> <span class='ocrx_word' id='word_1_557' title='bbox 578 3805 686 3858; x_wconf 87' lang='grc' dir='ltr'><strong>τῶν</strong></span> <span class='ocrx_word' id='word_1_558' title='bbox 717 3803 1078 3873; x_wconf 69' lang='grc' dir='ltr'>διαφερόντων</span> <span class='ocrx_word' id='word_1_559' title='bbox 1115 3800 1370 3864; x_wconf 74' lang='grc' dir='ltr'>ἰδιώταις,</span> <span class='ocrx_word' id='word_1_560' title='bbox 1407 3799 1850 3852; x_wconf 82' lang='grc' dir='ltr'>ἀντικαθίσταται</span> <span class='ocrx_word' id='word_1_561' title='bbox 1879 3799 1906 3850; x_wconf 85' lang='grc' dir='ltr'><strong>ὁ</strong></span> <span class='ocrx_word' id='word_1_562' title='bbox 1951 3800 2014 3852; x_wconf 79' lang='grc' dir='ltr'><strong>ὄι-</strong></span> 
     </span>
    </p>
   </div>
   <div class='ocr_carea' id='block_1_71' title="bbox 452 3888 2016 3966">
    <p class='ocr_par' dir='ltr' id='par_1_71' title="bbox 452 3888 2016 3966">
     <span class='ocr_line' id='line_1_71' title="bbox 452 3888 2016 3966; baseline -0.006 -14"><span class='ocrx_word' id='word_1_563' title='bbox 452 3915 589 3966; x_wconf 86' lang='grc' dir='ltr'>γιος,</span> <span class='ocrx_word' id='word_1_564' title='bbox 637 3897 728 3950; x_wconf 77' lang='grc' dir='ltr'><strong>καὶ</strong></span> <span class='ocrx_word' id='word_1_565' title='bbox 760 3892 1157 3957; x_wconf 79' lang='grc' dir='ltr'>κατασκευάζει</span> <span class='ocrx_word' id='word_1_566' title='bbox 1199 3890 1418 3963; x_wconf 85' lang='grc' dir='ltr'>χείρονα</span> <span class='ocrx_word' id='word_1_567' title='bbox 1456 3889 1670 3960; x_wconf 77' lang='grc' dir='ltr'>ἐκείνης</span> <span class='ocrx_word' id='word_1_568' title='bbox 1708 3889 1806 3959; x_wconf 87' lang='grc' dir='ltr'><strong>τῆς</strong></span> <span class='ocrx_word' id='word_1_569' title='bbox 1859 3888 2016 3943; x_wconf 88' lang='grc' dir='ltr'>πλεο-</span> 
     </span>
    </p>
   </div>
   <div class='ocr_carea' id='block_1_72' title="bbox 451 3979 2017 4058">
    <p class='ocr_par' dir='ltr' id='par_1_72' title="bbox 451 3979 2017 4058">
     <span class='ocr_line' id='line_1_72' title="bbox 451 3979 2017 4058; baseline -0.007 -14"><span class='ocrx_word' id='word_1_570' title='bbox 451 3991 628 4056; x_wconf 79' lang='grc' dir='ltr'>νεξίας</span> <span class='ocrx_word' id='word_1_571' title='bbox 661 3984 800 4042; x_wconf 75' lang='grc' dir='ltr'>εἴναι</span> <span class='ocrx_word' id='word_1_572' title='bbox 827 3987 924 4058; x_wconf 78' lang='grc' dir='ltr'>τὴν</span> <span class='ocrx_word' id='word_1_573' title='bbox 955 3983 1232 4057; x_wconf 88' lang='grc' dir='ltr'>παροῦσαν</span> <span class='ocrx_word' id='word_1_574' title='bbox 1252 3983 1534 4054; x_wconf 66' lang='grc' dir='ltr'>ἁρπαγήν</span> <span class='ocrx_word' id='word_1_575' title='bbox 1564 3982 1646 4035; x_wconf 80' lang='grc' dir='ltr'>ὅτι</span> <span class='ocrx_word' id='word_1_576' title='bbox 1673 3997 1733 4034; x_wconf 89' lang='grc' dir='ltr'><strong>τε</strong></span> <span class='ocrx_word' id='word_1_577' title='bbox 1761 3979 1917 4034; x_wconf 72' lang='grc' dir='ltr'>τὰσέν</span> <span class='ocrx_word' id='word_1_578' title='bbox 1939 3979 2017 4052; x_wconf 85' lang='grc' dir='ltr'>τῷ</span> 
     </span>
    </p>
   </div>
   <div class='ocr_carea' id='block_1_73' title="bbox 450 4071 2016 4154">
    <p class='ocr_par' dir='ltr' id='par_1_73' title="bbox 450 4071 2016 4154">
     <span class='ocr_line' id='line_1_73' title="bbox 450 4071 2016 4154; baseline -0.006 -18"><span class='ocrx_word' id='word_1_579' title='bbox 450 4080 627 4154; x_wconf 79' lang='grc' dir='ltr'>καιρῷ</span> <span class='ocrx_word' id='word_1_580' title='bbox 658 4081 754 4150; x_wconf 83' lang='grc' dir='ltr'><strong>τῆς</strong></span> <span class='ocrx_word' id='word_1_581' title='bbox 793 4077 1082 4148; x_wconf 83' lang='grc' dir='ltr'>λεηλασίας</span> <span class='ocrx_word' id='word_1_582' title='bbox 1113 4075 1220 4130; x_wconf 88' lang='grc' dir='ltr'><strong>τῶν</strong></span> <span class='ocrx_word' id='word_1_583' title='bbox 1272 4073 1559 4146; x_wconf 80' lang='grc' dir='ltr'>βαρδάρων</span> <span class='ocrx_word' id='word_1_584' title='bbox 1608 4071 2016 4142; x_wconf 69' lang='grc' dir='ltr'>περιλειφθέντα</span> 
     </span>
    </p>
   </div>
   <div class='ocr_carea' id='block_1_74' title="bbox 451 4165 2015 4243">
    <p class='ocr_par' dir='ltr' id='par_1_74' title="bbox 451 4165 2015 4243">
     <span class='ocr_line' id='line_1_74' title="bbox 451 4165 2015 4243; baseline -0.004 -20"><span class='ocrx_word' id='word_1_585' title='bbox 451 4172 750 4243; x_wconf 81' lang='grc' dir='ltr'>πράγματα</span> <span class='ocrx_word' id='word_1_586' title='bbox 807 4169 914 4222; x_wconf 86' lang='grc' dir='ltr'><strong>τῶν</strong></span> <span class='ocrx_word' id='word_1_587' title='bbox 976 4166 1216 4237; x_wconf 78' lang='grc' dir='ltr'>ἀδελφῶν</span> <span class='ocrx_word' id='word_1_588' title='bbox 1248 4207 1262 4234; x_wconf 88' lang='grc'><strong>,</strong></span> <span class='ocrx_word' id='word_1_589' title='bbox 1345 4167 1420 4230; x_wconf 85' lang='grc' dir='ltr'>ὡς</span> <span class='ocrx_word' id='word_1_590' title='bbox 1487 4165 1876 4235; x_wconf 83' lang='grc' dir='ltr'>ἁνατεθειμένα</span> <span class='ocrx_word' id='word_1_591' title='bbox 1937 4165 2015 4236; x_wconf 82' lang='grc' dir='ltr'><strong>τῷ</strong></span> 
     </span>
    </p>
   </div>
   <div class='ocr_carea' id='block_1_75' title="bbox 450 4255 2016 4334">
    <p class='ocr_par' dir='ltr' id='par_1_75' title="bbox 450 4255 2016 4334">
     <span class='ocr_line' id='line_1_75' title="bbox 450 4255 2016 4334; baseline -0.004 -18"><span class='ocrx_word' id='word_1_592' title='bbox 450 4261 569 4334; x_wconf 85' lang='grc' dir='ltr'>Θεῴ</span> <span class='ocrx_word' id='word_1_593' title='bbox 599 4261 900 4330; x_wconf 74' lang='grc' dir='ltr'>λογίζονται</span> <span class='ocrx_word' id='word_1_594' title='bbox 919 4277 931 4290; x_wconf 87' lang='grc'><strong>·</strong></span> <span class='ocrx_word' id='word_1_595' title='bbox 970 4259 1063 4313; x_wconf 69' lang='grc' dir='ltr'><strong>καὶ</strong></span> <span class='ocrx_word' id='word_1_596' title='bbox 1091 4259 1171 4312; x_wconf 85' lang='grc' dir='ltr'><strong>ὃτι</strong></span> <span class='ocrx_word' id='word_1_597' title='bbox 1201 4258 1302 4312; x_wconf 71' lang='grc' dir='ltr'>κᾶν</span> <span class='ocrx_word' id='word_1_598' title='bbox 1336 4258 1554 4328; x_wconf 87' lang='grc' dir='ltr'>ἰσότητα</span> <span class='ocrx_word' id='word_1_599' title='bbox 1583 4255 1744 4328; x_wconf 71' lang='grc' dir='ltr'>ἔχωσι</span> <span class='ocrx_word' id='word_1_600' title='bbox 1773 4256 1843 4310; x_wconf 84' lang='grc' dir='ltr'>τὰ</span> <span class='ocrx_word' id='word_1_601' title='bbox 1867 4257 2016 4328; x_wconf 80' lang='grc' dir='ltr'>παρὰ</span> 
     </span>
    </p>
   </div>
   <div class='ocr_carea' id='block_1_76' title="bbox 451 4335 2015 4425">
    <p class='ocr_par' dir='ltr' id='par_1_76' title="bbox 451 4335 2015 4425">
     <span class='ocr_line' id='line_1_76' title="bbox 451 4335 2015 4425; baseline -0.004 -17"><span class='ocrx_word' id='word_1_602' title='bbox 451 4355 556 4408; x_wconf 87' lang='grc' dir='ltr'><strong>τῶν</strong></span> <span class='ocrx_word' id='word_1_603' title='bbox 605 4355 781 4425; x_wconf 78' lang='grc' dir='ltr'>Ἀχαρ</span> <span class='ocrx_word' id='word_1_604' title='bbox 816 4335 1243 4421; x_wconf 75' lang='grc' dir='ltr'>ἀποσυληθέντα’</span> <span class='ocrx_word' id='word_1_605' title='bbox 1267 4350 1358 4404; x_wconf 68' lang='grc' dir='ltr'><strong>καὶ</strong></span> <span class='ocrx_word' id='word_1_606' title='bbox 1395 4349 1464 4402; x_wconf 75' lang='grc' dir='ltr'>τὰ</span> <span class='ocrx_word' id='word_1_607' title='bbox 1505 4349 1652 4420; x_wconf 74' lang='grc' dir='ltr'>παρὰ</span> <span class='ocrx_word' id='word_1_608' title='bbox 1683 4347 1887 4402; x_wconf 82' lang='grc' dir='ltr'>τούτων</span> <span class='ocrx_word' id='word_1_609' title='bbox 1917 4349 2015 4420; x_wconf 87' lang='grc' dir='ltr'>ἀρ-</span> 
     </span>
    </p>
   </div>
   <div class='ocr_carea' id='block_1_77' title="bbox 451 4438 2014 4514">
    <p class='ocr_par' dir='ltr' id='par_1_77' title="bbox 451 4438 2014 4514">
     <span class='ocr_line' id='line_1_77' title="bbox 451 4438 2014 4514; baseline -0.006 -14"><span class='ocrx_word' id='word_1_610' title='bbox 451 4445 712 4514; x_wconf 78' lang='grc' dir='ltr'>παγέντα,</span> <span class='ocrx_word' id='word_1_611' title='bbox 739 4443 826 4496; x_wconf 88' lang='grc' dir='ltr'><strong>διά</strong></span> <span class='ocrx_word' id='word_1_612' title='bbox 861 4442 922 4495; x_wconf 69' lang='grc' dir='ltr'>τὸ</span> <span class='ocrx_word' id='word_1_613' title='bbox 953 4443 1018 4495; x_wconf 84' lang='grc' dir='ltr'>ὲκ</span> <span class='ocrx_word' id='word_1_614' title='bbox 1052 4441 1330 4513; x_wconf 88' lang='grc' dir='ltr'>προνομῆς</span> <span class='ocrx_word' id='word_1_615' title='bbox 1365 4440 1482 4512; x_wconf 77' lang='grc' dir='ltr'>ἢτοι</span> <span class='ocrx_word' id='word_1_616' title='bbox 1521 4438 1893 4510; x_wconf 85' lang='grc' dir='ltr'>αἰχμαλωσίας</span> <span class='ocrx_word' id='word_1_617' title='bbox 1922 4439 2014 4494; x_wconf 73' lang='grc' dir='ltr'><strong>καὶ</strong></span> 
     </span>
    </p>
   </div>
   <div class='ocr_carea' id='block_1_78' title="bbox 2114 3349 3670 3420">
    <p class='ocr_par' dir='ltr' id='par_1_78' title="bbox 2114 3349 3670 3420">
     <span class='ocr_line' id='line_1_78' title="bbox 2114 3349 3670 3420; baseline 0.001 -17"><span class='ocrx_word' id='word_1_618' title='bbox 2114 3349 2208 3404; x_wconf 82' lang='lat' dir='ltr'><strong>sed</strong></span> <span class='ocrx_word' id='word_1_619' title='bbox 2240 3353 2291 3402; x_wconf 82' lang='lat' dir='ltr'><strong>in</strong></span> <span class='ocrx_word' id='word_1_620' title='bbox 2326 3363 2516 3404; x_wconf 89' lang='lat' dir='ltr'><strong>omnes</strong></span> <span class='ocrx_word' id='word_1_621' title='bbox 2552 3365 2702 3404; x_wconf 85' lang='lat' dir='ltr'><strong>suos.</strong></span> <span class='ocrx_word' id='word_1_622' title='bbox 2750 3350 2840 3404; x_wconf 86' lang='lat' dir='ltr'><strong>Eis</strong></span> <span class='ocrx_word' id='word_1_623' title='bbox 2869 3361 3044 3405; x_wconf 90' lang='lat' dir='ltr'><strong>autem</strong></span> <span class='ocrx_word' id='word_1_624' title='bbox 3092 3351 3183 3420; x_wconf 84' lang='lat' dir='ltr'><strong>qui</strong></span> <span class='ocrx_word' id='word_1_625' title='bbox 3230 3349 3366 3404; x_wconf 81' lang='lat' dir='ltr'><strong>forte</strong></span> <span class='ocrx_word' id='word_1_626' title='bbox 3394 3350 3670 3412; x_wconf 61' lang='lat' dir='ltr'><strong>dixerant...</strong></span> 
     </span>
    </p>
   </div>
   <div class='ocr_carea' id='block_1_79' title="bbox 2113 3439 3670 3512">
    <p class='ocr_par' dir='ltr' id='par_1_79' title="bbox 2113 3439 3670 3512">
     <span class='ocr_line' id='line_1_79' title="bbox 2113 3439 3670 3512; baseline 0.001 -20"><span class='ocrx_word' id='word_1_627' title='bbox 2113 3453 2234 3494; x_wconf 88' lang='lat' dir='ltr'><strong>esse</strong></span> <span class='ocrx_word' id='word_1_628' title='bbox 2262 3439 2616 3494; x_wconf 83' lang='lat' dir='ltr'><strong>diﬂ&#39;erentiam</strong></span> <span class='ocrx_word' id='word_1_629' title='bbox 2647 3456 2832 3495; x_wconf 86' lang='lat' dir='ltr'><strong>eorum</strong></span> <span class='ocrx_word' id='word_1_630' title='bbox 2867 3457 2987 3512; x_wconf 65' lang='lat' dir='ltr'><strong>quae</strong></span> <span class='ocrx_word' id='word_1_631' title='bbox 3021 3440 3129 3495; x_wconf 88' lang='lat' dir='ltr'><strong>Deo</strong></span> <span class='ocrx_word' id='word_1_632' title='bbox 3160 3441 3404 3496; x_wconf 85' lang='lat' dir='ltr'><strong>dedicata</strong></span> <span class='ocrx_word' id='word_1_633' title='bbox 3437 3439 3670 3504; x_wconf 79' lang='lat' dir='ltr'><strong>fuerant,</strong></span> 
     </span>
    </p>
   </div>
   <div class='ocr_carea' id='block_1_80' title="bbox 2112 3529 3672 3601">
    <p class='ocr_par' dir='ltr' id='par_1_80' title="bbox 2112 3529 3672 3601">
     <span class='ocr_line' id='line_1_80' title="bbox 2112 3529 3672 3601; baseline 0.001 -19"><span class='ocrx_word' id='word_1_634' title='bbox 2112 3538 2167 3582; x_wconf 85' lang='lat' dir='ltr'><strong>et</strong></span> <span class='ocrx_word' id='word_1_635' title='bbox 2196 3544 2382 3583; x_wconf 89' lang='lat' dir='ltr'><strong>eorum</strong></span> <span class='ocrx_word' id='word_1_636' title='bbox 2414 3545 2532 3599; x_wconf 69' lang='lat' dir='ltr'><strong>qua:</strong></span> <span class='ocrx_word' id='word_1_637' title='bbox 2572 3529 2635 3582; x_wconf 88' lang='lat' dir='ltr'><strong>ad</strong></span> <span class='ocrx_word' id='word_1_638' title='bbox 2671 3531 2908 3600; x_wconf 84' lang='lat' dir='ltr'><strong>privatos</strong></span> <span class='ocrx_word' id='word_1_639' title='bbox 2948 3531 3158 3601; x_wconf 91' lang='lat' dir='ltr'><strong>aliquos</strong></span> <span class='ocrx_word' id='word_1_640' title='bbox 3197 3531 3499 3600; x_wconf 86' lang='lat' dir='ltr'><strong>pertinent,</strong></span> <span class='ocrx_word' id='word_1_641' title='bbox 3535 3531 3672 3584; x_wconf 66' lang='lat' dir='ltr'><strong>resi~</strong></span> 
     </span>
    </p>
   </div>
   <div class='ocr_carea' id='block_1_81' title="bbox 2113 3619 3673 3690">
    <p class='ocr_par' dir='ltr' id='par_1_81' title="bbox 2113 3619 3673 3690">
     <span class='ocr_line' id='line_1_81' title="bbox 2113 3619 3673 3690; baseline 0.002 -19"><span class='ocrx_word' id='word_1_642' title='bbox 2113 3619 2203 3671; x_wconf 83' lang='lat' dir='ltr'><strong>stit</strong></span> <span class='ocrx_word' id='word_1_643' title='bbox 2230 3629 2482 3685; x_wconf 86' lang='lat' dir='ltr'><strong>sanctus;</strong></span> <span class='ocrx_word' id='word_1_644' title='bbox 2509 3628 2562 3673; x_wconf 91' lang='lat' dir='ltr'><strong>et</strong></span> <span class='ocrx_word' id='word_1_645' title='bbox 2586 3620 2822 3674; x_wconf 90' lang='lat' dir='ltr'><strong>ostendit</strong></span> <span class='ocrx_word' id='word_1_646' title='bbox 2847 3621 2984 3675; x_wconf 91' lang='lat' dir='ltr'><strong>hanc</strong></span> <span class='ocrx_word' id='word_1_647' title='bbox 3012 3621 3257 3690; x_wconf 86' lang='lat' dir='ltr'><strong>rapinam</strong></span> <span class='ocrx_word' id='word_1_648' title='bbox 3286 3631 3409 3676; x_wconf 86' lang='lat' dir='ltr'><strong>esse</strong></span> <span class='ocrx_word' id='word_1_649' title='bbox 3437 3620 3528 3674; x_wconf 93' lang='lat' dir='ltr'><strong>illa</strong></span> <span class='ocrx_word' id='word_1_650' title='bbox 3553 3635 3673 3674; x_wconf 81' lang='lat' dir='ltr'><strong>ava-</strong></span> 
     </span>
    </p>
   </div>
   <div class='ocr_carea' id='block_1_82' title="bbox 2113 3707 3675 3784">
    <p class='ocr_par' dir='ltr' id='par_1_82' title="bbox 2113 3707 3675 3784">
     <span class='ocr_line' id='line_1_82' title="bbox 2113 3707 3675 3784; baseline -0.001 -23"><span class='ocrx_word' id='word_1_651' title='bbox 2113 3707 2234 3761; x_wconf 89' lang='lat' dir='ltr'><strong>ritia</strong></span> <span class='ocrx_word' id='word_1_652' title='bbox 2285 3707 2607 3762; x_wconf 82' lang='lat' dir='ltr'><strong>deteriorem</strong></span> <span class='ocrx_word' id='word_1_653' title='bbox 2638 3726 2663 3784; x_wconf 3' lang='lat' dir='ltr'><strong>:p</strong></span> <span class='ocrx_word' id='word_1_654' title='bbox 2689 3716 2740 3760; x_wconf 90' lang='lat' dir='ltr'><strong>et</strong></span> <span class='ocrx_word' id='word_1_655' title='bbox 2771 3707 2915 3776; x_wconf 83' lang='lat' dir='ltr'><strong>quod</strong></span> <span class='ocrx_word' id='word_1_656' title='bbox 2949 3722 3014 3763; x_wconf 88' lang='lat' dir='ltr'><strong>eo</strong></span> <span class='ocrx_word' id='word_1_657' title='bbox 3058 3717 3302 3778; x_wconf 87' lang='lat' dir='ltr'><strong>tempore</strong></span> <span class='ocrx_word' id='word_1_658' title='bbox 3331 3723 3440 3779; x_wconf 87' lang='lat' dir='ltr'><strong>quo</strong></span> <span class='ocrx_word' id='word_1_659' title='bbox 3482 3707 3675 3776; x_wconf 68' lang='lat' dir='ltr'><strong>praeda:</strong></span> 
     </span>
    </p>
   </div>
   <div class='ocr_carea' id='block_1_83' title="bbox 2113 3795 3672 3869">
    <p class='ocr_par' dir='ltr' id='par_1_83' title="bbox 2113 3795 3672 3869">
     <span class='ocr_line' id='line_1_83' title="bbox 2113 3795 3672 3869; baseline 0.002 -21"><span class='ocrx_word' id='word_1_660' title='bbox 2113 3795 2182 3849; x_wconf 84' lang='lat' dir='ltr'><strong>ab</strong></span> <span class='ocrx_word' id='word_1_661' title='bbox 2208 3796 2456 3852; x_wconf 87' lang='lat' dir='ltr'><strong>hostibus</strong></span> <span class='ocrx_word' id='word_1_662' title='bbox 2486 3808 2736 3867; x_wconf 77' lang='lat' dir='ltr'><strong>aguntur,</strong></span> <span class='ocrx_word' id='word_1_663' title='bbox 2767 3813 2854 3853; x_wconf 87' lang='lat' dir='ltr'><strong>res</strong></span> <span class='ocrx_word' id='word_1_664' title='bbox 2887 3798 3116 3853; x_wconf 80' lang='lat' dir='ltr'><strong>fratrum</strong></span> <span class='ocrx_word' id='word_1_665' title='bbox 3149 3801 3372 3864; x_wconf 66' lang='lat' dir='ltr'><strong>relictae,</strong></span> <span class='ocrx_word' id='word_1_666' title='bbox 3413 3806 3672 3869; x_wconf 86' lang='lat' dir='ltr'><strong>tanquam</strong></span> 
     </span>
    </p>
   </div>
   <div class='ocr_carea' id='block_1_84' title="bbox 2111 3884 3674 3962">
    <p class='ocr_par' dir='ltr' id='par_1_84' title="bbox 2111 3884 3674 3962">
     <span class='ocr_line' id='line_1_84' title="bbox 2111 3884 3674 3962; baseline 0.001 -22"><span class='ocrx_word' id='word_1_667' title='bbox 2111 3884 2222 3942; x_wconf 83' lang='lat' dir='ltr'><strong>Deo</strong></span> <span class='ocrx_word' id='word_1_668' title='bbox 2249 3887 2507 3942; x_wconf 70' lang='lat' dir='ltr'><strong>dedicata:</strong></span> <span class='ocrx_word' id='word_1_669' title='bbox 2541 3897 2861 3958; x_wconf 86' lang='lat' dir='ltr'><strong>reputantur</strong></span> <span class='ocrx_word' id='word_1_670' title='bbox 2891 3907 2902 3942; x_wconf 90' lang='lat'><strong>:</strong></span> <span class='ocrx_word' id='word_1_671' title='bbox 2928 3898 2980 3945; x_wconf 91' lang='lat' dir='ltr'><strong>et</strong></span> <span class='ocrx_word' id='word_1_672' title='bbox 3013 3890 3180 3959; x_wconf 90' lang='lat' dir='ltr'><strong>quod,</strong></span> <span class='ocrx_word' id='word_1_673' title='bbox 3221 3890 3472 3960; x_wconf 86' lang='lat' dir='ltr'><strong>quamvis</strong></span> <span class='ocrx_word' id='word_1_674' title='bbox 3494 3895 3674 3962; x_wconf 68' lang='lat' dir='ltr'><strong>atqua-</strong></span> 
     </span>
    </p>
   </div>
   <div class='ocr_carea' id='block_1_85' title="bbox 2113 3977 3674 4050">
    <p class='ocr_par' dir='ltr' id='par_1_85' title="bbox 2113 3977 3674 4050">
     <span class='ocr_line' id='line_1_85' title="bbox 2113 3977 3674 4050; baseline 0.001 -18"><span class='ocrx_word' id='word_1_675' title='bbox 2113 3978 2315 4032; x_wconf 83' lang='lat' dir='ltr'><strong>litatem</strong></span> <span class='ocrx_word' id='word_1_676' title='bbox 2361 3977 2625 4046; x_wconf 87' lang='lat' dir='ltr'><strong>habeant,</strong></span> <span class='ocrx_word' id='word_1_677' title='bbox 2659 3995 2778 4048; x_wconf 64' lang='lat' dir='ltr'><strong>quae</strong></span> <span class='ocrx_word' id='word_1_678' title='bbox 2825 3979 2894 4034; x_wconf 91' lang='lat' dir='ltr'><strong>ab</strong></span> <span class='ocrx_word' id='word_1_679' title='bbox 2927 3980 3106 4035; x_wconf 86' lang='lat' dir='ltr'><strong>Achar</strong></span> <span class='ocrx_word' id='word_1_680' title='bbox 3146 3980 3357 4050; x_wconf 88' lang='lat' dir='ltr'><strong>direpta</strong></span> <span class='ocrx_word' id='word_1_681' title='bbox 3391 3979 3541 4036; x_wconf 81' lang='lat' dir='ltr'><strong>fuere</strong></span> <span class='ocrx_word' id='word_1_682' title='bbox 3564 4021 3578 4044; x_wconf 91' lang='lat'><strong>,</strong></span> <span class='ocrx_word' id='word_1_683' title='bbox 3623 3993 3674 4034; x_wconf 86' lang='lat' dir='ltr'><strong>ct</strong></span> 
     </span>
    </p>
   </div>
   <div class='ocr_carea' id='block_1_86' title="bbox 2112 4068 3675 4142">
    <p class='ocr_par' dir='ltr' id='par_1_86' title="bbox 2112 4068 3675 4142">
     <span class='ocr_line' id='line_1_86' title="bbox 2112 4068 3675 4142; baseline 0.002 -20"><span class='ocrx_word' id='word_1_684' title='bbox 2112 4084 2232 4139; x_wconf 72' lang='lat' dir='ltr'><strong>qua:</strong></span> <span class='ocrx_word' id='word_1_685' title='bbox 2258 4068 2324 4123; x_wconf 90' lang='lat' dir='ltr'><strong>ab</strong></span> <span class='ocrx_word' id='word_1_686' title='bbox 2353 4069 2436 4123; x_wconf 88' lang='lat' dir='ltr'><strong>eis</strong></span> <span class='ocrx_word' id='word_1_687' title='bbox 2466 4079 2612 4138; x_wconf 88' lang='lat' dir='ltr'><strong>rapta</strong></span> <span class='ocrx_word' id='word_1_688' title='bbox 2651 4079 2777 4124; x_wconf 90' lang='lat' dir='ltr'><strong>sunt</strong></span> <span class='ocrx_word' id='word_1_689' title='bbox 2799 4110 2812 4134; x_wconf 89' lang='lat'><strong>,</strong></span> <span class='ocrx_word' id='word_1_690' title='bbox 2849 4079 3128 4140; x_wconf 87' lang='lat' dir='ltr'><strong>propterea</strong></span> <span class='ocrx_word' id='word_1_691' title='bbox 3177 4071 3318 4142; x_wconf 90' lang='lat' dir='ltr'><strong>quod</strong></span> <span class='ocrx_word' id='word_1_692' title='bbox 3362 4081 3415 4125; x_wconf 90' lang='lat' dir='ltr'><strong>et</strong></span> <span class='ocrx_word' id='word_1_693' title='bbox 3447 4080 3675 4141; x_wconf 82' lang='lat' dir='ltr'><strong>utraque</strong></span> 
     </span>
    </p>
   </div>
   <div class='ocr_carea' id='block_1_87' title="bbox 2112 4161 3669 4234">
    <p class='ocr_par' dir='ltr' id='par_1_87' title="bbox 2112 4161 3669 4234">
     <span class='ocr_line' id='line_1_87' title="bbox 2112 4161 3669 4234; baseline 0.001 -18"><span class='ocrx_word' id='word_1_694' title='bbox 2112 4176 2175 4216; x_wconf 83' lang='lat' dir='ltr'><strong>ex</strong></span> <span class='ocrx_word' id='word_1_695' title='bbox 2229 4163 2558 4232; x_wconf 84' lang='lat' dir='ltr'><strong>praedatione</strong></span> <span class='ocrx_word' id='word_1_696' title='bbox 2624 4161 2706 4216; x_wconf 83' lang='lat' dir='ltr'><strong>vel</strong></span> <span class='ocrx_word' id='word_1_697' title='bbox 2756 4164 3063 4232; x_wconf 85' lang='lat' dir='ltr'><strong>captivitate</strong></span> <span class='ocrx_word' id='word_1_698' title='bbox 3141 4174 3454 4234; x_wconf 84' lang='lat' dir='ltr'><strong>comparata</strong></span> <span class='ocrx_word' id='word_1_699' title='bbox 3515 4176 3669 4229; x_wconf 77' lang='lat' dir='ltr'><strong>sunt,</strong></span> 
     </span>
    </p>
   </div>
   <div class='ocr_carea' id='block_1_88' title="bbox 2113 4252 3674 4323">
    <p class='ocr_par' dir='ltr' id='par_1_88' title="bbox 2113 4252 3674 4323">
     <span class='ocr_line' id='line_1_88' title="bbox 2113 4252 3674 4323; baseline 0.001 -17"><span class='ocrx_word' id='word_1_700' title='bbox 2113 4265 2302 4307; x_wconf 87' lang='lat' dir='ltr'><strong>eorum</strong></span> <span class='ocrx_word' id='word_1_701' title='bbox 2352 4261 2533 4306; x_wconf 86' lang='lat' dir='ltr'><strong>tamen</strong></span> <span class='ocrx_word' id='word_1_702' title='bbox 2587 4252 2742 4322; x_wconf 88' lang='lat' dir='ltr'><strong>culpa</strong></span> <span class='ocrx_word' id='word_1_703' title='bbox 2798 4253 2976 4323; x_wconf 85' lang='lat' dir='ltr'><strong>major</strong></span> <span class='ocrx_word' id='word_1_704' title='bbox 3031 4264 3131 4309; x_wconf 85' lang='lat' dir='ltr'><strong>est.</strong></span> <span class='ocrx_word' id='word_1_705' title='bbox 3180 4255 3356 4308; x_wconf 86' lang='lat' dir='ltr'><strong>Achar</strong></span> <span class='ocrx_word' id='word_1_706' title='bbox 3399 4255 3542 4310; x_wconf 86' lang='lat' dir='ltr'><strong>enim</strong></span> <span class='ocrx_word' id='word_1_707' title='bbox 3591 4271 3674 4308; x_wconf 84' lang='lat' dir='ltr'><strong>res</strong></span> 
     </span>
    </p>
   </div>
   <div class='ocr_carea' id='block_1_89' title="bbox 2113 4342 3670 4415">
    <p class='ocr_par' dir='ltr' id='par_1_89' title="bbox 2113 4342 3670 4415">
     <span class='ocr_line' id='line_1_89' title="bbox 2113 4342 3670 4415; baseline 0.001 -19"><span class='ocrx_word' id='word_1_708' title='bbox 2113 4342 2348 4397; x_wconf 81' lang='lat' dir='ltr'><strong>hostium</strong></span> <span class='ocrx_word' id='word_1_709' title='bbox 2383 4342 2644 4399; x_wconf 88' lang='lat' dir='ltr'><strong>abstulit:</strong></span> <span class='ocrx_word' id='word_1_710' title='bbox 2675 4345 2712 4398; x_wconf 88' lang='lat' dir='ltr'><strong>ii</strong></span> <span class='ocrx_word' id='word_1_711' title='bbox 2742 4352 2922 4399; x_wconf 88' lang='lat' dir='ltr'><strong>autem</strong></span> <span class='ocrx_word' id='word_1_712' title='bbox 2964 4359 3104 4415; x_wconf 90' lang='lat' dir='ltr'><strong>quos</strong></span> <span class='ocrx_word' id='word_1_713' title='bbox 3140 4344 3297 4415; x_wconf 88' lang='lat' dir='ltr'><strong>plura</strong></span> <span class='ocrx_word' id='word_1_714' title='bbox 3331 4344 3564 4399; x_wconf 86' lang='lat' dir='ltr'><strong>habendi</strong></span> <span class='ocrx_word' id='word_1_715' title='bbox 3605 4347 3670 4399; x_wconf 86' lang='lat' dir='ltr'><strong>li—</strong></span> 
     </span>
    </p>
   </div>
   <div class='ocr_carea' id='block_1_90' title="bbox 2114 4433 3670 4508">
    <p class='ocr_par' dir='ltr' id='par_1_90' title="bbox 2114 4433 3670 4508">
     <span class='ocr_line' id='line_1_90' title="bbox 2114 4433 3670 4508; baseline 0 -20"><span class='ocrx_word' id='word_1_716' title='bbox 2114 4433 2239 4490; x_wconf 82' lang='lat' dir='ltr'><strong>bido</strong></span> <span class='ocrx_word' id='word_1_717' title='bbox 2267 4449 2413 4490; x_wconf 90' lang='lat' dir='ltr'><strong>nunc</strong></span> <span class='ocrx_word' id='word_1_718' title='bbox 2442 4434 2660 4500; x_wconf 85' lang='lat' dir='ltr'><strong>invasit,</strong></span> <span class='ocrx_word' id='word_1_719' title='bbox 2695 4433 2836 4489; x_wconf 89' lang='lat' dir='ltr'><strong>bona</strong></span> <span class='ocrx_word' id='word_1_720' title='bbox 2872 4433 3097 4490; x_wconf 82' lang='lat' dir='ltr'><strong>fratrum</strong></span> <span class='ocrx_word' id='word_1_721' title='bbox 3127 4443 3458 4508; x_wconf 86' lang='lat' dir='ltr'><strong>rapuerunt;</strong></span> <span class='ocrx_word' id='word_1_722' title='bbox 3485 4451 3670 4489; x_wconf 85' lang='lat' dir='ltr'><strong>eorum</strong></span> 
     </span>
    </p>
   </div>
   <div class='ocr_carea' id='block_1_91' title="bbox 453 4525 2017 4609">
    <p class='ocr_par' dir='ltr' id='par_1_91' title="bbox 453 4529 2014 4609">
     <span class='ocr_line' id='line_1_91' title="bbox 453 4529 2014 4609; baseline -0.004 -18"><span class='ocrx_word' id='word_1_723' title='bbox 453 4539 734 4609; x_wconf 76' lang='grc' dir='ltr'>ἀμφότερα</span> <span class='ocrx_word' id='word_1_724' title='bbox 781 4532 1264 4605; x_wconf 77' lang='grc' dir='ltr'>ἀποκερδανθῆναι,</span> <span class='ocrx_word' id='word_1_725' title='bbox 1311 4531 1422 4586; x_wconf 80' lang='grc' dir='ltr'>ἀλλ’</span> <span class='ocrx_word' id='word_1_726' title='bbox 1455 4532 1489 4603; x_wconf 76' lang='grc' dir='ltr'>ἡ</span> <span class='ocrx_word' id='word_1_727' title='bbox 1519 4532 1581 4584; x_wconf 80' lang='grc' dir='ltr'>ὲκ</span> <span class='ocrx_word' id='word_1_728' title='bbox 1628 4531 1830 4585; x_wconf 80' lang='grc' dir='ltr'>τούτων</span> <span class='ocrx_word' id='word_1_729' title='bbox 1871 4529 2014 4584; x_wconf 85' lang='grc' dir='ltr'>αἰτία</span> 
     </span>
    </p>
   </div>
   <div class='ocr_carea' id='block_1_92' title="bbox 2114 4525 3673 4609">
    <p class='ocr_par' dir='ltr' id='par_1_92' title="bbox 2114 4525 3673 4597">
     <span class='ocr_line' id='line_1_92' title="bbox 2114 4525 3673 4597; baseline 0.002 -18"><span class='ocrx_word' id='word_1_730' title='bbox 2114 4526 2496 4592; x_wconf 83' lang='lat' dir='ltr'><strong>calamitatem,</strong></span> <span class='ocrx_word' id='word_1_731' title='bbox 2530 4527 2740 4581; x_wconf 87' lang='lat' dir='ltr'><strong>lucrum</strong></span> <span class='ocrx_word' id='word_1_732' title='bbox 2784 4526 3147 4596; x_wconf 88' lang='lat' dir='ltr'><strong>perniciosum</strong></span> <span class='ocrx_word' id='word_1_733' title='bbox 3185 4528 3308 4583; x_wconf 87' lang='lat' dir='ltr'><strong>rati.</strong></span> <span class='ocrx_word' id='word_1_734' title='bbox 3348 4525 3488 4582; x_wconf 85' lang='lat' dir='ltr'><strong>Nota</strong></span> <span class='ocrx_word' id='word_1_735' title='bbox 3536 4543 3673 4597; x_wconf 68' lang='lat' dir='ltr'><strong>prm-</strong></span> 
     </span>
    </p>
   </div>
   <div class='ocr_carea' id='block_1_93' title="bbox 457 4618 2014 4694">
    <p class='ocr_par' dir='ltr' id='par_1_93' title="bbox 457 4618 2014 4694">
     <span class='ocr_line' id='line_1_93' title="bbox 457 4618 2014 4694; baseline -0.003 -18"><span class='ocrx_word' id='word_1_736' title='bbox 457 4624 658 4694; x_wconf 79' lang='grc' dir='ltr'>μείζων</span> <span class='ocrx_word' id='word_1_737' title='bbox 680 4621 844 4675; x_wconf 74' lang='grc' dir='ltr'>ἐστίν.</span> <span class='ocrx_word' id='word_1_738' title='bbox 893 4619 950 4674; x_wconf 89' lang='lat'><strong>&#39;0</strong></span> <span class='ocrx_word' id='word_1_739' title='bbox 974 4621 1071 4691; x_wconf 80' lang='grc' dir='ltr'><strong>μὲν</strong></span> <span class='ocrx_word' id='word_1_740' title='bbox 1096 4619 1206 4690; x_wconf 75' lang='grc' dir='ltr'>γὰρ</span> <span class='ocrx_word' id='word_1_741' title='bbox 1235 4620 1412 4692; x_wconf 81' lang='grc' dir='ltr'>’Δχαρ</span> <span class='ocrx_word' id='word_1_742' title='bbox 1437 4618 1547 4672; x_wconf 83' lang='grc' dir='ltr'><strong>τῶν</strong></span> <span class='ocrx_word' id='word_1_743' title='bbox 1577 4618 1847 4690; x_wconf 89' lang='grc' dir='ltr'>πολεμίων</span> <span class='ocrx_word' id='word_1_744' title='bbox 1870 4619 2014 4689; x_wconf 82' lang='grc' dir='ltr'>ὑφεί-</span> 
     </span>
    </p>
   </div>
   <div class='ocr_carea' id='block_1_94' title="bbox 453 4709 2014 4782">
    <p class='ocr_par' dir='ltr' id='par_1_94' title="bbox 453 4709 2014 4782">
     <span class='ocr_line' id='line_1_94' title="bbox 453 4709 2014 4782; baseline -0.002 -15"><span class='ocrx_word' id='word_1_745' title='bbox 453 4714 604 4767; x_wconf 85' lang='grc' dir='ltr'>λετο·</span> <span class='ocrx_word' id='word_1_746' title='bbox 651 4714 700 4765; x_wconf 87' lang='grc' dir='ltr'><strong>οἰ</strong></span> <span class='ocrx_word' id='word_1_747' title='bbox 748 4712 804 4767; x_wconf 82' lang='grc' dir='ltr'>δὲ</span> <span class='ocrx_word' id='word_1_748' title='bbox 850 4711 944 4765; x_wconf 89' lang='grc' dir='ltr'><strong>νῦν</strong></span> <span class='ocrx_word' id='word_1_749' title='bbox 990 4710 1477 4781; x_wconf 87' lang='grc' dir='ltr'>πλεονεκτήσαντες</span> <span class='ocrx_word' id='word_1_750' title='bbox 1523 4709 1592 4762; x_wconf 80' lang='grc' dir='ltr'>τὰ</span> <span class='ocrx_word' id='word_1_751' title='bbox 1625 4711 1733 4764; x_wconf 83' lang='grc' dir='ltr'><strong>τῶν</strong></span> <span class='ocrx_word' id='word_1_752' title='bbox 1773 4709 2014 4782; x_wconf 80' lang='grc' dir='ltr'>ἀδελφῶν</span> 
     </span>
    </p>
   </div>
   <div class='ocr_carea' id='block_1_95' title="bbox 453 4799 2013 4876">
    <p class='ocr_par' dir='ltr' id='par_1_95' title="bbox 453 4799 2013 4876">
     <span class='ocr_line' id='line_1_95' title="bbox 453 4799 2013 4876; baseline -0.003 -19"><span class='ocrx_word' id='word_1_753' title='bbox 453 4801 720 4876; x_wconf 67' lang='grc' dir='ltr'>ἥρπαζον,</span> <span class='ocrx_word' id='word_1_754' title='bbox 755 4803 850 4874; x_wconf 79' lang='grc' dir='ltr'>τὴν</span> <span class='ocrx_word' id='word_1_755' title='bbox 881 4799 1161 4874; x_wconf 76' lang='grc' dir='ltr'>συμφορὰν</span> <span class='ocrx_word' id='word_1_756' title='bbox 1182 4801 1382 4855; x_wconf 84' lang='grc' dir='ltr'>τούτων</span> <span class='ocrx_word' id='word_1_757' title='bbox 1404 4801 1588 4873; x_wconf 85' lang='grc' dir='ltr'>κέρδος</span> <span class='ocrx_word' id='word_1_758' title='bbox 1621 4801 1856 4873; x_wconf 77' lang='grc' dir='ltr'>ὀλέθριον</span> <span class='ocrx_word' id='word_1_759' title='bbox 1881 4808 2013 4873; x_wconf 77' lang='grc' dir='ltr'>ηγηο</span> 
     </span>
    </p>
   </div>
   <div class='ocr_carea' id='block_1_96' title="bbox 457 4890 2014 4966">
    <p class='ocr_par' dir='ltr' id='par_1_96' title="bbox 457 4890 2014 4966">
     <span class='ocr_line' id='line_1_96' title="bbox 457 4890 2014 4966; baseline -0.003 -17"><span class='ocrx_word' id='word_1_760' title='bbox 457 4897 700 4966; x_wconf 83' lang='grc' dir='ltr'>σάμενοι.</span> <span class='ocrx_word' id='word_1_761' title='bbox 732 4893 1044 4965; x_wconf 80' lang='grc' dir='ltr'>Σημείωσαι</span> <span class='ocrx_word' id='word_1_762' title='bbox 1066 4890 1136 4963; x_wconf 80' lang='grc' dir='ltr'>τᾲ</span> <span class='ocrx_word' id='word_1_763' title='bbox 1156 4892 1395 4963; x_wconf 86' lang='grc' dir='ltr'>παρόντα</span> <span class='ocrx_word' id='word_1_764' title='bbox 1415 4891 1502 4946; x_wconf 81' lang='grc' dir='ltr'>διὰ</span> <span class='ocrx_word' id='word_1_765' title='bbox 1523 4893 1648 4954; x_wconf 70' lang='grc' dir='ltr'>τοὺς</span> <span class='ocrx_word' id='word_1_766' title='bbox 1672 4892 2014 4955; x_wconf 79' lang='grc' dir='ltr'>ἁρπάζοντας</span> 
     </span>
    </p>
   </div>
   <div class='ocr_carea' id='block_1_97' title="bbox 2111 4618 3669 4688">
    <p class='ocr_par' dir='ltr' id='par_1_97' title="bbox 2111 4618 3669 4688">
     <span class='ocr_line' id='line_1_97' title="bbox 2111 4618 3669 4688; baseline 0.002 -16"><span class='ocrx_word' id='word_1_767' title='bbox 2111 4627 2319 4672; x_wconf 78' lang='lat' dir='ltr'><strong>sentem</strong></span> <span class='ocrx_word' id='word_1_768' title='bbox 2358 4631 2622 4671; x_wconf 89' lang='lat' dir='ltr'><strong>canonem</strong></span> <span class='ocrx_word' id='word_1_769' title='bbox 2670 4624 2888 4686; x_wconf 89' lang='lat' dir='ltr'><strong>propter</strong></span> <span class='ocrx_word' id='word_1_770' title='bbox 2916 4632 3010 4673; x_wconf 89' lang='lat' dir='ltr'><strong>eos</strong></span> <span class='ocrx_word' id='word_1_771' title='bbox 3044 4619 3136 4688; x_wconf 86' lang='lat' dir='ltr'><strong>qui</strong></span> <span class='ocrx_word' id='word_1_772' title='bbox 3177 4635 3263 4676; x_wconf 83' lang='lat' dir='ltr'><strong>res</strong></span> <span class='ocrx_word' id='word_1_773' title='bbox 3311 4618 3669 4675; x_wconf 79' lang='lat' dir='ltr'><strong>Ecclesiarum</strong></span> 
     </span>
    </p>
   </div>
   <div class='ocr_carea' id='block_1_98' title="bbox 2111 4705 3673 4783">
    <p class='ocr_par' dir='ltr' id='par_1_98' title="bbox 2111 4705 3673 4783">
     <span class='ocr_line' id='line_1_98' title="bbox 2111 4705 3673 4783; baseline 0.005 -23"><span class='ocrx_word' id='word_1_774' title='bbox 2111 4715 2166 4760; x_wconf 90' lang='lat' dir='ltr'><strong>et</strong></span> <span class='ocrx_word' id='word_1_775' title='bbox 2192 4705 2647 4762; x_wconf 85' lang='lat' dir='ltr'><strong>monasteriorum</strong></span> <span class='ocrx_word' id='word_1_776' title='bbox 2678 4707 2916 4777; x_wconf 85' lang='lat' dir='ltr'><strong>rapiunt,</strong></span> <span class='ocrx_word' id='word_1_777' title='bbox 2942 4718 3018 4774; x_wconf 86' lang='lat' dir='ltr'><strong>et,</strong></span> <span class='ocrx_word' id='word_1_778' title='bbox 3050 4719 3106 4762; x_wconf 92' lang='lat' dir='ltr'><strong>ut</strong></span> <span class='ocrx_word' id='word_1_779' title='bbox 3131 4710 3294 4765; x_wconf 85' lang='lat' dir='ltr'><strong>semel</strong></span> <span class='ocrx_word' id='word_1_780' title='bbox 3325 4710 3523 4776; x_wconf 87' lang='lat' dir='ltr'><strong>dicam,</strong></span> <span class='ocrx_word' id='word_1_781' title='bbox 3547 4726 3673 4783; x_wconf 78' lang='lat' dir='ltr'><strong>pru-</strong></span> 
     </span>
    </p>
   </div>
   <div class='ocr_carea' id='block_1_99' title="bbox 2112 4787 3670 4873">
    <p class='ocr_par' dir='ltr' id='par_1_99' title="bbox 2112 4787 3670 4873">
     <span class='ocr_line' id='line_1_99' title="bbox 2112 4787 3670 4873; baseline 0.004 -22"><span class='ocrx_word' id='word_1_782' title='bbox 2112 4807 2230 4868; x_wconf 84' lang='lat' dir='ltr'><strong>pter</strong></span> <span class='ocrx_word' id='word_1_783' title='bbox 2259 4811 2354 4851; x_wconf 89' lang='lat' dir='ltr'><strong>eos</strong></span> <span class='ocrx_word' id='word_1_784' title='bbox 2382 4796 2476 4866; x_wconf 91' lang='lat' dir='ltr'><strong>qui</strong></span> <span class='ocrx_word' id='word_1_785' title='bbox 2500 4810 2620 4866; x_wconf 58' lang='lat' dir='ltr'><strong>qua}</strong></span> <span class='ocrx_word' id='word_1_786' title='bbox 2658 4805 2787 4852; x_wconf 84' lang='lat' dir='ltr'><strong>sunt</strong></span> <span class='ocrx_word' id='word_1_787' title='bbox 2814 4795 2938 4853; x_wconf 88' lang='lat' dir='ltr'><strong>Deo-</strong></span> <span class='ocrx_word' id='word_1_788' title='bbox 2954 4797 3219 4864; x_wconf 82' lang='lat' dir='ltr'><strong>dedicata,</strong></span> <span class='ocrx_word' id='word_1_789' title='bbox 3259 4811 3516 4869; x_wconf 79' lang='lat' dir='ltr'><strong>tanquam</strong></span> <span class='ocrx_word' id='word_1_790' title='bbox 3545 4787 3670 4873; x_wconf 74' lang='lat' dir='ltr'><strong>prd-</strong></span> 
     </span>
    </p>
   </div>
   <div class='ocr_carea' id='block_1_100' title="bbox 2111 4886 3642 4956">
    <p class='ocr_par' dir='ltr' id='par_1_100' title="bbox 2111 4886 3642 4956">
     <span class='ocr_line' id='line_1_100' title="bbox 2111 4886 3642 4956; baseline 0.003 -16"><span class='ocrx_word' id='word_1_791' title='bbox 2111 4887 2228 4956; x_wconf 82' lang='lat' dir='ltr'><strong>pria</strong></span> <span class='ocrx_word' id='word_1_792' title='bbox 2261 4886 2554 4942; x_wconf 83' lang='lat' dir='ltr'><strong>vindicant.</strong></span> <span class='ocrx_word' id='word_1_793' title='bbox 3631 4894 3642 4912; x_wconf 93' lang='lat'><strong><em>&#39;</em></strong></span> 
     </span>
    </p>
   </div>
   <div class='ocr_carea' id='block_1_101' title="bbox 456 4971 3672 5076">
    <p class='ocr_par' dir='ltr' id='par_1_101' title="bbox 456 4971 3672 5076">
     <span class='ocr_line' id='line_1_101' title="bbox 456 4971 3672 5076; baseline 0.005 -34"><span class='ocrx_word' id='word_1_794' title='bbox 456 4991 523 5044; x_wconf 68' lang='grc' dir='ltr'><strong>τά</strong></span> <span class='ocrx_word' id='word_1_795' title='bbox 565 4991 672 5045; x_wconf 86' lang='grc' dir='ltr'><strong>τῶν</strong></span> <span class='ocrx_word' id='word_1_796' title='bbox 723 4990 1056 5062; x_wconf 82' lang='grc' dir='ltr'>Ἐκκλησιῶν</span> <span class='ocrx_word' id='word_1_797' title='bbox 1104 4996 1196 5050; x_wconf 78' lang='grc' dir='ltr'><strong>καὶ</strong></span> <span class='ocrx_word' id='word_1_798' title='bbox 1229 4999 1297 5049; x_wconf 77' lang='grc' dir='ltr'>τὰ</span> <span class='ocrx_word' id='word_1_799' title='bbox 1343 4996 1450 5050; x_wconf 78' lang='grc' dir='ltr'><strong>τῶν</strong></span> <span class='ocrx_word' id='word_1_800' title='bbox 1490 5001 1889 5072; x_wconf 85' lang='grc' dir='ltr'>μοναστηρίων,</span> <span class='ocrx_word' id='word_1_801' title='bbox 1925 5006 2017 5057; x_wconf 68' lang='grc' dir='ltr'><strong>καὶ</strong></span> <span class='ocrx_word' id='word_1_802' title='bbox 2043 5001 2225 5068; x_wconf 83' lang='grc' dir='ltr'>ἁπλῶς</span> <span class='ocrx_word' id='word_1_803' title='bbox 2249 5003 2332 5056; x_wconf 76' lang='grc' dir='ltr'>διὰ</span> <span class='ocrx_word' id='word_1_804' title='bbox 2348 5003 2469 5067; x_wconf 77' lang='grc' dir='ltr'>τοὺς</span> <span class='ocrx_word' id='word_1_805' title='bbox 2495 4999 2819 5072; x_wconf 78' lang='grc' dir='ltr'>ίδιουμένους</span> <span class='ocrx_word' id='word_1_806' title='bbox 2859 4999 3034 5054; x_wconf 71' lang='grc' dir='ltr'>πάντα</span> <span class='ocrx_word' id='word_1_807' title='bbox 3075 4999 3142 5055; x_wconf 71' lang='grc' dir='ltr'>τὰ</span> <span class='ocrx_word' id='word_1_808' title='bbox 3172 4986 3558 5074; x_wconf 59' lang='grc' dir='ltr'>ἀνατεθειμένα</span> 
     </span>
    </p>
   </div>
   <div class='ocr_carea' id='block_1_102' title="bbox 459 5081 594 5138">
    <p class='ocr_par' dir='ltr' id='par_1_102' title="bbox 459 5081 594 5138">
     <span class='ocr_line' id='line_1_102' title="bbox 459 5081 594 5138; baseline 0 -5"><span class='ocrx_word' id='word_1_809' title='bbox 459 5081 594 5138; x_wconf 77' lang='grc' dir='ltr'><strong>Θεῶ.</strong></span> 
     </span>
    </p>
   </div>
   <div class='ocr_carea' id='block_1_103' title="bbox 529 5177 2018 5254">
    <p class='ocr_par' dir='ltr' id='par_1_103' title="bbox 529 5177 2018 5254">
     <span class='ocr_line' id='line_1_103' title="bbox 529 5177 2018 5254; baseline 0.003 -20"><span class='ocrx_word' id='word_1_810' title='bbox 529 5181 771 5247; x_wconf 69' lang='lat' dir='ltr'><strong>ZQNAP.</strong></span> <span class='ocrx_word' id='word_1_811' title='bbox 821 5180 910 5234; x_wconf 83' lang='grc' dir='ltr'>Ἐν</span> <span class='ocrx_word' id='word_1_812' title='bbox 947 5183 1013 5253; x_wconf 80' lang='grc' dir='ltr'>τῇ</span> <span class='ocrx_word' id='word_1_813' title='bbox 1056 5179 1224 5253; x_wconf 82' lang='grc' dir='ltr'>βίϐλῳ</span> <span class='ocrx_word' id='word_1_814' title='bbox 1281 5177 1454 5250; x_wconf 80' lang='grc' dir='ltr'>Ἰησοῦ</span> <span class='ocrx_word' id='word_1_815' title='bbox 1487 5179 1578 5234; x_wconf 87' lang='grc' dir='ltr'><strong>τοῦ</strong></span> <span class='ocrx_word' id='word_1_816' title='bbox 1619 5180 1778 5254; x_wconf 84' lang='grc' dir='ltr'>Ναυῆ</span> <span class='ocrx_word' id='word_1_817' title='bbox 1818 5181 2018 5254; x_wconf 80' lang='grc' dir='ltr'>γέγρα-</span> 
     </span>
    </p>
   </div>
   <div class='ocr_carea' id='block_1_104' title="bbox 459 5262 2016 5346">
    <p class='ocr_par' dir='ltr' id='par_1_104' title="bbox 459 5262 2016 5346">
     <span class='ocr_line' id='line_1_104' title="bbox 459 5262 2016 5346; baseline 0.003 -22"><span class='ocrx_word' id='word_1_818' title='bbox 459 5287 608 5333; x_wconf 83' lang='grc' dir='ltr'>πται,</span> <span class='ocrx_word' id='word_1_819' title='bbox 652 5271 734 5324; x_wconf 79' lang='grc' dir='ltr'>ὅτι</span> <span class='ocrx_word' id='word_1_820' title='bbox 778 5270 1083 5342; x_wconf 84' lang='grc' dir='ltr'>πολιορκῶν</span> <span class='ocrx_word' id='word_1_821' title='bbox 1128 5271 1156 5324; x_wconf 83' lang='grc' dir='ltr'>ὁ</span> <span class='ocrx_word' id='word_1_822' title='bbox 1209 5271 1415 5342; x_wconf 81' lang='grc' dir='ltr'>Ἰησοῦς</span> <span class='ocrx_word' id='word_1_823' title='bbox 1454 5262 1608 5336; x_wconf 71' lang='grc' dir='ltr'>οὗτος</span> <span class='ocrx_word' id='word_1_824' title='bbox 1643 5275 1740 5346; x_wconf 76' lang='grc' dir='ltr'><strong>τὴν</strong></span> <span class='ocrx_word' id='word_1_825' title='bbox 1783 5267 2016 5346; x_wconf 71' lang='grc' dir='ltr'>Ἰεριχῶ,</span> 
     </span>
    </p>
   </div>
   <div class='ocr_carea' id='block_1_105' title="bbox 458 5359 2015 5438">
    <p class='ocr_par' dir='ltr' id='par_1_105' title="bbox 458 5359 2015 5438">
     <span class='ocr_line' id='line_1_105' title="bbox 458 5359 2015 5438; baseline 0.006 -24"><span class='ocrx_word' id='word_1_826' title='bbox 458 5363 632 5415; x_wconf 80' lang='grc' dir='ltr'>πάντα</span> <span class='ocrx_word' id='word_1_827' title='bbox 661 5359 730 5414; x_wconf 75' lang='grc' dir='ltr'>τὰ</span> <span class='ocrx_word' id='word_1_828' title='bbox 759 5362 817 5415; x_wconf 76' lang='grc' dir='ltr'>ὲν</span> <span class='ocrx_word' id='word_1_829' title='bbox 854 5361 990 5434; x_wconf 79' lang='grc' dir='ltr'>αὐτῇ</span> <span class='ocrx_word' id='word_1_830' title='bbox 1025 5360 1272 5434; x_wconf 78' lang='grc' dir='ltr'>ἀνάθεμα</span> <span class='ocrx_word' id='word_1_831' title='bbox 1314 5361 1674 5434; x_wconf 73' lang='grc' dir='ltr'>ἐπηγγείλατο</span> <span class='ocrx_word' id='word_1_832' title='bbox 1711 5359 1846 5419; x_wconf 79' lang='grc' dir='ltr'>εἶναι</span> <span class='ocrx_word' id='word_1_833' title='bbox 1878 5365 2015 5438; x_wconf 82' lang='grc' dir='ltr'>Θεῷ.</span> 
     </span>
    </p>
   </div>
   <div class='ocr_carea' id='block_1_106' title="bbox 470 5452 2017 5527">
    <p class='ocr_par' dir='ltr' id='par_1_106' title="bbox 470 5452 2017 5527">
     <span class='ocr_line' id='line_1_106' title="bbox 470 5452 2017 5527; baseline 0.002 -22"><span class='ocrx_word' id='word_1_834' title='bbox 470 5452 797 5516; x_wconf 83' lang='grc' dir='ltr'>Ἐαλωκυίας</span> <span class='ocrx_word' id='word_1_835' title='bbox 823 5452 879 5507; x_wconf 79' lang='grc' dir='ltr'><strong>δὲ</strong></span> <span class='ocrx_word' id='word_1_836' title='bbox 903 5453 1003 5524; x_wconf 86' lang='grc' dir='ltr'><strong>τῆς</strong></span> <span class='ocrx_word' id='word_1_837' title='bbox 1036 5453 1260 5518; x_wconf 83' lang='grc' dir='ltr'>πόλεως,</span> <span class='ocrx_word' id='word_1_838' title='bbox 1292 5455 1321 5508; x_wconf 83' lang='grc' dir='ltr'>ὁ</span> <span class='ocrx_word' id='word_1_839' title='bbox 1356 5453 1553 5527; x_wconf 82' lang='grc' dir='ltr'>Ἀχαρ,</span> <span class='ocrx_word' id='word_1_840' title='bbox 1592 5454 1790 5526; x_wconf 85' lang='grc' dir='ltr'>χρυσὸν</span> <span class='ocrx_word' id='word_1_841' title='bbox 1831 5455 1923 5509; x_wconf 86' lang='grc' dir='ltr'><strong>καί</strong></span> <span class='ocrx_word' id='word_1_842' title='bbox 1965 5472 2017 5508; x_wconf 85' lang='grc' dir='ltr'><strong>τι</strong></span> 
     </span>
    </p>
   </div>
   <div class='ocr_carea' id='block_1_107' title="bbox 458 5529 2012 5616">
    <p class='ocr_par' dir='ltr' id='par_1_107' title="bbox 458 5529 2012 5616">
     <span class='ocr_line' id='line_1_107' title="bbox 458 5529 2012 5616; baseline 0.001 -20"><span class='ocrx_word' id='word_1_843' title='bbox 458 5543 682 5614; x_wconf 75' lang='grc' dir='ltr'>ὕφασμα</span> <span class='ocrx_word' id='word_1_844' title='bbox 732 5542 1090 5614; x_wconf 81' lang='grc' dir='ltr'>ἀφελόμενος,</span> <span class='ocrx_word' id='word_1_845' title='bbox 1126 5543 1430 5614; x_wconf 87' lang='grc' dir='ltr'>κατέχωσεν</span> <span class='ocrx_word' id='word_1_846' title='bbox 1473 5543 1613 5598; x_wconf 82' lang='grc' dir='ltr'>αὐτὰ</span> <span class='ocrx_word' id='word_1_847' title='bbox 1644 5546 1702 5598; x_wconf 79' lang='grc' dir='ltr'>ὲν</span> <span class='ocrx_word' id='word_1_848' title='bbox 1732 5547 1796 5616; x_wconf 77' lang='grc' dir='ltr'>τῇ</span> <span class='ocrx_word' id='word_1_849' title='bbox 1845 5529 2012 5616; x_wconf 77' lang='grc' dir='ltr'>σκηνῇ</span> 
     </span>
    </p>
   </div>
   <div class='ocr_carea' id='block_1_108' title="bbox 458 5631 2013 5704">
    <p class='ocr_par' dir='ltr' id='par_1_108' title="bbox 458 5631 2013 5704">
     <span class='ocr_line' id='line_1_108' title="bbox 458 5631 2013 5704; baseline 0 -18"><span class='ocrx_word' id='word_1_850' title='bbox 458 5631 641 5687; x_wconf 76' lang='grc' dir='ltr'>αὑτοῦ.</span> <span class='ocrx_word' id='word_1_851' title='bbox 690 5632 1058 5704; x_wconf 82' lang='grc' dir='ltr'>Ὀργισϐέντος</span> <span class='ocrx_word' id='word_1_852' title='bbox 1079 5632 1136 5686; x_wconf 81' lang='grc' dir='ltr'><strong>δὲ</strong></span> <span class='ocrx_word' id='word_1_853' title='bbox 1167 5631 1272 5700; x_wconf 71' lang='grc' dir='ltr'>τοῦ,</span> <span class='ocrx_word' id='word_1_854' title='bbox 1291 5631 1424 5685; x_wconf 90' lang='grc' dir='ltr'>Θεοῦ</span> <span class='ocrx_word' id='word_1_855' title='bbox 1452 5633 1538 5686; x_wconf 68' lang='grc' dir='ltr'>διὰ</span> <span class='ocrx_word' id='word_1_856' title='bbox 1569 5632 1744 5697; x_wconf 83' lang='grc' dir='ltr'>τοῦτο,</span> <span class='ocrx_word' id='word_1_857' title='bbox 1780 5633 2013 5704; x_wconf 66' lang='grc' dir='ltr'>ἡττήθης</span> 
     </span>
    </p>
   </div>
   <div class='ocr_carea' id='block_1_109' title="bbox 460 5723 2015 5795">
    <p class='ocr_par' dir='ltr' id='par_1_109' title="bbox 460 5723 2015 5795">
     <span class='ocr_line' id='line_1_109' title="bbox 460 5723 2015 5795; baseline 0.004 -22"><span class='ocrx_word' id='word_1_858' title='bbox 460 5739 554 5774; x_wconf 78' lang='grc' dir='ltr'><strong>σαν</strong></span> <span class='ocrx_word' id='word_1_859' title='bbox 599 5723 733 5792; x_wconf 84' lang='grc' dir='ltr'><strong>μετὰ</strong></span> <span class='ocrx_word' id='word_1_860' title='bbox 761 5723 931 5775; x_wconf 89' lang='grc' dir='ltr'>ταῦτα</span> <span class='ocrx_word' id='word_1_861' title='bbox 960 5724 1018 5776; x_wconf 81' lang='grc' dir='ltr'><strong>ἐν</strong></span> <span class='ocrx_word' id='word_1_862' title='bbox 1046 5723 1262 5793; x_wconf 84' lang='grc' dir='ltr'>πολέμῳ</span> <span class='ocrx_word' id='word_1_863' title='bbox 1293 5726 1341 5776; x_wconf 79' lang='lat' dir='ltr'><strong>oi</strong></span> <span class='ocrx_word' id='word_1_864' title='bbox 1388 5725 1733 5795; x_wconf 81' lang='grc' dir='ltr'>Ἰσραηλῖται,</span> <span class='ocrx_word' id='word_1_865' title='bbox 1778 5723 1872 5779; x_wconf 72' lang='grc' dir='ltr'>καὶ</span> <span class='ocrx_word' id='word_1_866' title='bbox 1891 5725 2015 5779; x_wconf 73' lang='grc' dir='ltr'>ἐπε-</span> 
     </span>
    </p>
   </div>
   <div class='ocr_carea' id='block_1_110' title="bbox 460 5813 2014 5884">
    <p class='ocr_par' dir='ltr' id='par_1_110' title="bbox 460 5813 2014 5884">
     <span class='ocr_line' id='line_1_110' title="bbox 460 5813 2014 5884; baseline 0.003 -18"><span class='ocrx_word' id='word_1_867' title='bbox 460 5829 546 5866; x_wconf 68' lang='grc' dir='ltr'><strong>σοι</strong></span> <span class='ocrx_word' id='word_1_868' title='bbox 582 5813 780 5866; x_wconf 78' lang='grc' dir='ltr'>πολλοί.</span> <span class='ocrx_word' id='word_1_869' title='bbox 828 5814 1162 5883; x_wconf 73' lang='grc' dir='ltr'>Ζητουμένου</span> <span class='ocrx_word' id='word_1_870' title='bbox 1204 5813 1257 5869; x_wconf 73' lang='grc' dir='ltr'>δέ</span> <span class='ocrx_word' id='word_1_871' title='bbox 1288 5818 1456 5869; x_wconf 66' lang='grc' dir='ltr'>αἰτίου</span> <span class='ocrx_word' id='word_1_872' title='bbox 1492 5817 1583 5884; x_wconf 81' lang='grc' dir='ltr'><strong>τῆς</strong></span> <span class='ocrx_word' id='word_1_873' title='bbox 1629 5817 1715 5870; x_wconf 80' lang='grc' dir='ltr'><strong>τοῦ</strong></span> <span class='ocrx_word' id='word_1_874' title='bbox 1749 5816 1878 5870; x_wconf 80' lang='grc' dir='ltr'>Θεοῦ</span> <span class='ocrx_word' id='word_1_875' title='bbox 1924 5818 2014 5884; x_wconf 58' lang='grc' dir='ltr'><strong>ὸρρ</strong></span> 
     </span>
    </p>
   </div>
   <div class='ocr_carea' id='block_1_111' title="bbox 2182 5174 3674 5254">
    <p class='ocr_par' dir='ltr' id='par_1_111' title="bbox 2182 5174 3674 5254">
     <span class='ocr_line' id='line_1_111' title="bbox 2182 5174 3674 5254; baseline 0.009 -24"><span class='ocrx_word' id='word_1_876' title='bbox 2182 5174 2381 5231; x_wconf 68' lang='lat' dir='ltr'><strong>Zama.</strong></span> <span class='ocrx_word' id='word_1_877' title='bbox 2433 5175 2702 5246; x_wconf 85' lang='lat' dir='ltr'><strong>Scriptum</strong></span> <span class='ocrx_word' id='word_1_878' title='bbox 2743 5186 2824 5231; x_wconf 79' lang='lat' dir='ltr'><strong>est</strong></span> <span class='ocrx_word' id='word_1_879' title='bbox 2855 5179 2907 5232; x_wconf 88' lang='lat' dir='ltr'><strong>in</strong></span> <span class='ocrx_word' id='word_1_880' title='bbox 2954 5180 3094 5236; x_wconf 88' lang='lat' dir='ltr'><strong>libro</strong></span> <span class='ocrx_word' id='word_1_881' title='bbox 3141 5180 3267 5238; x_wconf 72' lang='lat' dir='ltr'><strong>Je&#39;su</strong></span> <span class='ocrx_word' id='word_1_882' title='bbox 3317 5179 3484 5250; x_wconf 76' lang='lat' dir='ltr'><strong>Nave,</strong></span> <span class='ocrx_word' id='word_1_883' title='bbox 3523 5187 3674 5254; x_wconf 85' lang='lat' dir='ltr'><strong>quod</strong></span> 
     </span>
    </p>
   </div>
   <div class='ocr_carea' id='block_1_112' title="bbox 2114 5260 3673 5349">
    <p class='ocr_par' dir='ltr' id='par_1_112' title="bbox 2114 5260 3673 5349">
     <span class='ocr_line' id='line_1_112' title="bbox 2114 5260 3673 5349; baseline 0.008 -27"><span class='ocrx_word' id='word_1_884' title='bbox 2114 5283 2236 5322; x_wconf 85' lang='lat' dir='ltr'><strong>cum</strong></span> <span class='ocrx_word' id='word_1_885' title='bbox 2294 5269 2568 5324; x_wconf 86' lang='lat' dir='ltr'><strong>obsideret</strong></span> <span class='ocrx_word' id='word_1_886' title='bbox 2609 5267 2770 5326; x_wconf 81' lang='lat' dir='ltr'><strong>Jesus</strong></span> <span class='ocrx_word' id='word_1_887' title='bbox 2813 5268 3052 5349; x_wconf 78' lang='lat' dir='ltr'><strong>Jeticho,</strong></span> <span class='ocrx_word' id='word_1_888' title='bbox 3095 5260 3454 5346; x_wconf 50' lang='lat' dir='ltr'><strong>quaecunque</strong></span> <span class='ocrx_word' id='word_1_889' title='bbox 3485 5277 3538 5332; x_wconf 88' lang='lat' dir='ltr'><strong>in</strong></span> <span class='ocrx_word' id='word_1_890' title='bbox 3582 5278 3673 5335; x_wconf 85' lang='lat' dir='ltr'><strong>illa</strong></span> 
     </span>
    </p>
   </div>
   <div class='ocr_carea' id='block_1_113' title="bbox 2111 5357 3672 5437">
    <p class='ocr_par' dir='ltr' id='par_1_113' title="bbox 2111 5357 3672 5437">
     <span class='ocr_line' id='line_1_113' title="bbox 2111 5357 3672 5437; baseline 0.008 -26"><span class='ocrx_word' id='word_1_891' title='bbox 2111 5368 2288 5424; x_wconf 84' lang='lat' dir='ltr'><strong>erant,</strong></span> <span class='ocrx_word' id='word_1_892' title='bbox 2317 5357 2426 5414; x_wconf 90' lang='lat' dir='ltr'><strong>Deo</strong></span> <span class='ocrx_word' id='word_1_893' title='bbox 2458 5360 2703 5416; x_wconf 86' lang='lat' dir='ltr'><strong>dedicata</strong></span> <span class='ocrx_word' id='word_1_894' title='bbox 2730 5363 3116 5432; x_wconf 85' lang='lat' dir='ltr'><strong>pronuntiavit.</strong></span> <span class='ocrx_word' id='word_1_895' title='bbox 3152 5364 3468 5437; x_wconf 75' lang='lat' dir='ltr'><strong>Expugnata</strong></span> <span class='ocrx_word' id='word_1_896' title='bbox 3491 5378 3672 5424; x_wconf 86' lang='lat' dir='ltr'><strong>autem</strong></span> 
     </span>
    </p>
   </div>
   <div class='ocr_carea' id='block_1_114' title="bbox 2114 5448 3669 5523">
    <p class='ocr_par' dir='ltr' id='par_1_114' title="bbox 2114 5448 3669 5523">
     <span class='ocr_line' id='line_1_114' title="bbox 2114 5448 3669 5523; baseline 0.006 -25"><span class='ocrx_word' id='word_1_897' title='bbox 2114 5448 2266 5512; x_wconf 83' lang='lat' dir='ltr'><strong>urbe,</strong></span> <span class='ocrx_word' id='word_1_898' title='bbox 2306 5448 2488 5502; x_wconf 82' lang='lat' dir='ltr'><strong>Achar</strong></span> <span class='ocrx_word' id='word_1_899' title='bbox 2521 5450 2738 5505; x_wconf 88' lang='lat' dir='ltr'><strong>sublato</strong></span> <span class='ocrx_word' id='word_1_900' title='bbox 2778 5465 2912 5506; x_wconf 87' lang='lat' dir='ltr'><strong>auro</strong></span> <span class='ocrx_word' id='word_1_901' title='bbox 2947 5466 3010 5506; x_wconf 90' lang='lat' dir='ltr'><strong>ac</strong></span> <span class='ocrx_word' id='word_1_902' title='bbox 3050 5453 3283 5523; x_wconf 86' lang='lat' dir='ltr'><strong>quodam</strong></span> <span class='ocrx_word' id='word_1_903' title='bbox 3313 5454 3669 5522; x_wconf 88' lang='lat' dir='ltr'><strong>indumento,</strong></span> 
     </span>
    </p>
   </div>
   <div class='ocr_carea' id='block_1_115' title="bbox 2113 5528 3672 5609">
    <p class='ocr_par' dir='ltr' id='par_1_115' title="bbox 2113 5528 3672 5609">
     <span class='ocr_line' id='line_1_115' title="bbox 2113 5528 3672 5609; baseline 0.004 -18"><span class='ocrx_word' id='word_1_904' title='bbox 2113 5537 2200 5591; x_wconf 76' lang='lat' dir='ltr'><strong>illa</strong></span> <span class='ocrx_word' id='word_1_905' title='bbox 2223 5537 2273 5591; x_wconf 91' lang='lat' dir='ltr'><strong>in</strong></span> <span class='ocrx_word' id='word_1_906' title='bbox 2302 5542 2400 5592; x_wconf 81' lang='lat' dir='ltr'><strong>sn‘o</strong></span> <span class='ocrx_word' id='word_1_907' title='bbox 2415 5539 2762 5594; x_wconf 86' lang='lat' dir='ltr'><strong>tabernaculo</strong></span> <span class='ocrx_word' id='word_1_908' title='bbox 2773 5528 2868 5594; x_wconf 77' lang='lat' dir='ltr'><strong>del</strong></span> <span class='ocrx_word' id='word_1_909' title='bbox 2869 5539 3174 5609; x_wconf 86' lang='lat' dir='ltr'><strong>odit.Qnam</strong></span> <span class='ocrx_word' id='word_1_910' title='bbox 3194 5544 3264 5599; x_wconf 88' lang='lat' dir='ltr'><strong>ob</strong></span> <span class='ocrx_word' id='word_1_911' title='bbox 3285 5555 3506 5599; x_wconf 80' lang='lat' dir='ltr'><strong>oausam</strong></span> <span class='ocrx_word' id='word_1_912' title='bbox 3532 5545 3672 5598; x_wconf 88' lang='lat' dir='ltr'><strong>irato</strong></span> 
     </span>
    </p>
   </div>
   <div class='ocr_carea' id='block_1_116' title="bbox 2112 5610 3672 5700">
    <p class='ocr_par' dir='ltr' id='par_1_116' title="bbox 2112 5610 3672 5700">
     <span class='ocr_line' id='line_1_116' title="bbox 2112 5610 3672 5700; baseline 0.004 -21"><span class='ocrx_word' id='word_1_913' title='bbox 2112 5623 2239 5690; x_wconf 86' lang='lat' dir='ltr'><strong>Deo,</strong></span> <span class='ocrx_word' id='word_1_914' title='bbox 2278 5627 2404 5700; x_wconf 78' lang='lat' dir='ltr'><strong>victi</strong></span> <span class='ocrx_word' id='word_1_915' title='bbox 2438 5640 2564 5683; x_wconf 85' lang='lat' dir='ltr'><strong>sunt</strong></span> <span class='ocrx_word' id='word_1_916' title='bbox 2606 5629 2657 5682; x_wconf 91' lang='lat' dir='ltr'><strong>in</strong></span> <span class='ocrx_word' id='word_1_917' title='bbox 2693 5629 2831 5683; x_wconf 86' lang='lat' dir='ltr'><strong>bello</strong></span> <span class='ocrx_word' id='word_1_918' title='bbox 2863 5639 2986 5700; x_wconf 89' lang='lat' dir='ltr'><strong>post</strong></span> <span class='ocrx_word' id='word_1_919' title='bbox 3029 5633 3144 5688; x_wconf 65' lang='lat' dir='ltr'><strong>haec</strong></span> <span class='ocrx_word' id='word_1_920' title='bbox 3173 5630 3452 5696; x_wconf 65' lang='lat' dir='ltr'><strong>lsraelitw,</strong></span> <span class='ocrx_word' id='word_1_921' title='bbox 3488 5610 3672 5688; x_wconf 48' lang='lat' dir='ltr'><strong>multi:</strong></span> 
     </span>
    </p>
   </div>
   <div class='ocr_carea' id='block_1_117' title="bbox 2111 5717 3667 5783">
    <p class='ocr_par' dir='ltr' id='par_1_117' title="bbox 2111 5717 3667 5783">
     <span class='ocr_line' id='line_1_117' title="bbox 2111 5717 3667 5783; baseline 0.006 -14"><span class='ocrx_word' id='word_1_922' title='bbox 2111 5732 2215 5783; x_wconf 87' lang='lat' dir='ltr'><strong>que</strong></span> <span class='ocrx_word' id='word_1_923' title='bbox 2260 5717 2518 5774; x_wconf 77' lang='lat' dir='ltr'><strong>cecidere.</strong></span> <span class='ocrx_word' id='word_1_924' title='bbox 2558 5718 2725 5775; x_wconf 82' lang='lat' dir='ltr'><strong>Porro</strong></span> <span class='ocrx_word' id='word_1_925' title='bbox 2778 5737 2900 5776; x_wconf 58' lang='lat' dir='ltr'><strong>cugn</strong></span> <span class='ocrx_word' id='word_1_926' title='bbox 2938 5721 3133 5777; x_wconf 76' lang='lat' dir='ltr'><strong>divina:</strong></span> <span class='ocrx_word' id='word_1_927' title='bbox 3179 5724 3469 5779; x_wconf 69' lang='lat' dir='ltr'><strong>iracundiae</strong></span> <span class='ocrx_word' id='word_1_928' title='bbox 3503 5741 3667 5781; x_wconf 74' lang='lat' dir='ltr'><strong>enisa</strong></span> 
     </span>
    </p>
   </div>
   <div class='ocr_carea' id='block_1_118' title="bbox 2112 5812 3668 5886">
    <p class='ocr_par' dir='ltr' id='par_1_118' title="bbox 2112 5812 3668 5886">
     <span class='ocr_line' id='line_1_118' title="bbox 2112 5812 3668 5886; baseline 0.006 -24"><span class='ocrx_word' id='word_1_929' title='bbox 2112 5817 2457 5878; x_wconf 69' lang='lat' dir='ltr'><strong>qmereretur.</strong></span> <span class='ocrx_word' id='word_1_930' title='bbox 2479 5812 2660 5868; x_wconf 84' lang='lat' dir='ltr'><strong>missis</strong></span> <span class='ocrx_word' id='word_1_931' title='bbox 2690 5815 2924 5870; x_wconf 63' lang='lat' dir='ltr'><strong>Senibus</strong></span> <span class='ocrx_word' id='word_1_932' title='bbox 2947 5813 3120 5869; x_wconf 77' lang='lat' dir='ltr'><strong>Achar</strong></span> <span class='ocrx_word' id='word_1_933' title='bbox 3143 5827 3220 5870; x_wconf 79' lang='lat' dir='ltr'><strong>est</strong></span> <span class='ocrx_word' id='word_1_934' title='bbox 3243 5815 3552 5886; x_wconf 57' lang='lat' dir='ltr'><strong>designatus</strong></span> <span class='ocrx_word' id='word_1_935' title='bbox 3573 5838 3582 5872; x_wconf 88' lang='lat'>:</span> <span class='ocrx_word' id='word_1_936' title='bbox 3607 5833 3668 5873; x_wconf 83' lang='lat' dir='ltr'><strong>ac</strong></span> 
     </span>
    </p>
   </div>
  </div>
