4076 6406
477 368 578 429 535

1711 367 1987 430 ἸἩΕΟΙ).
2025 369 2112 427 BA
2125 367 2420 428 LSAMON

3580 363 3671 427 536

483 499 603 554 ﬁdei
633 514 944 570 possessore
980 499 1096 566 ejus
1125 497 1421 551 dominium
1447 493 1758 560 acquiritur.
1795 489 1918 546 Haec
1943 505 2039 544 au-

2156 495 2396 566 τχολάζον
2426 495 2567 566 ψυχῇ
2595 495 2886 565 νεμόμεθα,
2917 495 3016 548 κᾶν
3052 493 3288 563 φυσικῶς
3317 491 3441 546 αὐτὸ
3470 493 3525 546 οὺ
3559 511 3675 548 κατ-

485 603 590 645 tem
635 594 814 645 locum
845 605 951 644 non
983 588 1180 642 habent
1217 588 1267 640 in
1308 587 1372 640 iis
1403 600 1521 654 «illa:
1548 586 1612 638 ad
1642 584 1884 652 captivos
1915 597 2037 650 pero

487 684 686 747 tinent;
725 689 780 734 et
817 680 938 734 ideo
967 679 1059 747 qui
1103 693 1164 731 ea
1194 677 1464 740 detinent,
1509 683 1564 729 et
1591 689 1696 728 non
1730 673 2036 735 restituunt,

492 781 548 823 nt
580 772 831 841 superius
868 773 1092 832 dictum,
1146 771 1280 821 citra
1314 767 1477 819 ullam
1530 765 1956 827 distinctionem,
1987 772 2038 816 et

488 871 758 923 tenentur,
789 871 840 913 et
868 860 1181 928 puniuntur.

2145 587 2338 656 ἔχομεν
2360 604 2372 616 ·
2421 586 2481 639 τὸ
2513 586 2568 639 δὲ
2595 586 3002 657 πρώερὲλικτον
3034 586 3156 639 οὐδὲ
3183 585 3422 656 νομίμως
3448 585 3559 638 οὐδὲ
3585 603 3673 653 φυ-

2146 676 2309 740 σικῶς
2336 677 2633 747 κατέχομεν
2656 694 2669 706 ·
2727 678 2820 729 καὶ
2869 676 2956 728 διά
2999 675 3152 728 τοῦτο
3196 675 3504 738 δεσπόζεται
3539 676 3674 744 παρά

2151 766 2235 819 εοῦ
2261 768 2395 837 καλῇ
2424 766 2601 818 πίστει
2648 765 2972 836 νεμηθέντος
3003 767 3151 819 αὑτό.
3202 766 3384 820 Ταῦτα
3429 766 3482 818 δὲ
3509 763 3677 834 χώραν

2141 857 2242 910 ούκ
2269 857 2477 927 ἔχουσιν
2506 856 2596 908 ἐπὶ
2619 857 2724 910 τῶν
2753 857 3056 927 ἀνηκόντων
3077 859 3184 918 τοῖς
3203 853 3674 926 αἰχμαλωτισθεϊσι·

493 959 587 1011 καὶ
633 959 720 1011 διὰ
770 959 928 1012 τοῦτο
958 961 1006 1012 οἱ
1071 961 1391 1029 κατέχοντες
1441 959 1577 1012 αύτά
1632 959 1724 1012 καὶ
1774 957 1846 1027 μὴ
1889 951 2379 1014 ἀποκαθιστῶντες,
2436 951 2508 1012 ὡς
2535 949 2737 1002 ἀνωθεν
2781 947 3010 1018 εἴρηται,
3050 948 3403 1012 ἀδιαστίκτως
3451 950 3538 1002 καὶ
3583 951 3682 1004 ἐνέ-

445 1107 448 1110 ,
494 1067 677 1118 χονται
707 1053 800 1104 καὶ
831 1052 1162 1114 κολάζονται.

563 1159 760 1211 Zona.
802 1154 876 1209 Ne
904 1153 1168 1223 quispiam
1202 1167 1259 1206 se
1290 1152 1462 1218 ipsum
1491 1147 1733 1208 sedueat,
1758 1143 1910 1212 quasi
1936 1155 2049 1195 rem

497 1250 677 1302 fratris
705 1248 994 1316 proiectam
1031 1243 1262 1297 fortasse
1293 1241 1553 1308 planeque
1580 1236 1874 1304 neglectam
1901 1235 2052 1286 inve-

494 1341 650 1394 nerit.
686 1340 816 1392 h’am
838 1336 942 1389 etsi
969 1335 1044 1388 ita
1075 1333 1312 1386 inveniat
1345 1331 1538 1399 ipsam,
1569 1327 1767 1381 lucrari
1805 1323 1946 1378 haud
1972 1321 2055 1378 fas

496 1441 595 1493 cst,
649 1429 861 1496 sibique
909 1439 1019 1478 rem
1072 1423 1304 1477 alienam
1348 1419 1642 1479 vindicare,
1672 1416 1886 1470 etiamst
1917 1413 2054 1467 forte

499 1524 710 1588 ignoret
751 1518 1066 1580 dominum;
1113 1512 1208 1568 sed
1257 1512 1403 1565 illam
1446 1524 1660 1564 sumere
1704 1515 1936 1576 oportet,
1990 1520 2054 1558 ae

499 1624 667 1678 usque
719 1609 864 1662 illam
913 1605 1168 1661 dominus
1214 1603 1358 1655 norit
1403 1616 1466 1654 ac
1505 1599 1775 1668 requirat,
1816 1609 2052 1652 servare.

499 1702 636 1753 Tum
679 1695 1078 1770 Deutcronomii
1113 1709 1175 1748 ac
1206 1692 1376 1748 Exodi
1402 1692 1548 1745 locos
1578 1688 1799 1759 profert,
1836 1688 1906 1742 ita
1940 1687 2060 1742 dis-'

500 1804 686 1843 sciens
721 1809 731 1840 :
763 1786 815 1841 Si
849 1787 996 1856 pacis
1029 1794 1266 1853 tempore
1303 1782 1468 1836 frater
1494 1791 1640 1844 tuus,
1679 1788 1772 1834 aut
1805 1778 2057 1833 inimicus

2214 1158 2452 1214 ΖΩΝΑΡ.
2483 1161 2600 1212 Ὅτι
2627 1159 2699 1230 μὴ
2736 1158 3054 1224 ἐξαπατάτω
3075 1158 3156 1220 τὶς
3181 1157 3389 1219 ἑαυτὸν,
3420 1156 3490 1219 ὼς
3522 1152 3682 1225 εὑρὼν

2145 1253 2204 1302 τὸ
2229 1250 2319 1305 τοῦ
2356 1237 2579 1320 ἀδελφοῦ
2616 1253 2842 1322 πρᾶγμα
2886 1250 3212 1320 ἐρριμμένον
3244 1249 3370 1310 ἴσως
3401 1248 3491 1300 καὶ
3515 1248 3684 1300 ἀνεπι-
3705 1241 3725 1262 ’

2148 1341 2375 1410 μέλητον
2407 1333 2674 1412 κείμενον.
2708 1342 2824 1396 Κᾶν
2875 1340 2982 1412 γάρ
3015 1341 3185 1403 οὓτως
3217 1340 3351 1412 εὕρῃ
3394 1339 3540 1399 αὐτὸ,
3594 1340 3684 1390 οὐκ

2145 1429 2318 1494 ἔξεστι
2348 1430 2604 1502 κερδῆσαι
2636 1431 2766 1484 αὐτὸ
2794 1431 2886 1484 καὶ
2915 1427 3296 1482 οἰκειώσασθαι
3323 1427 3384 1480 τὸ
3406 1425 3681 1495 ἀλλότριον·

2145 1524 2247 1577 κᾶν
2287 1524 2415 1586 ἴσως
2439 1525 2604 1594 ἀγνοῇ
2649 1525 2739 1576 τὸν
2759 1524 3022 1593 δεσπότην
3049 1521 3142 1574 τοῦ
3167 1519 3506 1591 πράγματος·
3533 1532 3688 1586 χρεω-

2149 1617 2261 1665 στεῖ
2285 1613 2392 1684 γὰρ
2419 1614 2601 1666 λαϐεῖν
2625 1613 2773 1674 αὐτὸ,
2801 1614 2893 1665 καὶ
2922 1611 3150 1682 φυλάξαι
3185 1611 3290 1673 ἐως
3315 1613 3342 1662 6
3388 1609 3569 1680 κύριος
3603 1607 3691 1657 αύ-

2145 1703 2237 1758 τοῦ
2265 1704 2376 1774 γνῷ
2408 1705 2499 1758 καὶ
2524 1703 2733 1777 ζητήσῃ
2769 1704 2918 1758 αύτό.
2946 1704 3053 1756 Kal.
3082 1702 3151 1755 τὰ
3177 1701 3268 1754 τοῦ
3295 1697 3690 1769 Δευτερονομίου

2147 1795 2239 1850 καὶ
2263 1794 2329 1848 τά
2372 1795 2471 1864 τῆς
2510 1794 2720 1860 Ἐξόδου
2751 1795 2941 1862 ἐπάγει
2973 1793 3146 1860 λέγων
3175 1793 3275 1856 ὅτι,
3308 1789 3436 1843 Ἐὰν
3460 1791 3514 1841 ἐν
3535 1786 3694 1856 καιρῷ

503 1897 628 1934 tuus
658 1895 721 1932 ex
753 1877 1071 1946 negligentia
1099 1889 1210 1927 rem
1252 1888 1405 1927 suam
1439 1872 1644 1941 perdat,
1665 1868 1806 1924 haud
1831 1868 1914 1923 fas
1951 1876 2054 1929 est.

2156 1884 2367 1954 εἰρήνης
2393 1886 2421 1936 6
2453 1882 2676 1951 ἀδελφός
2703 1899 2792 1935 σου
2822 1884 2856 1954 ἢ
2900 1885 2928 1936 6
2981 1881 3171 1953 ἐχθρός
3203 1896 3296 1932 σου
3338 1879 3406 1931 ἐκ
3446 1876 3697 1948 ῥᾳθυμίας

500 1973 541 2024 si
591 1984 708 2022 eam
756 1966 1043 2030 inveneris,
1089 1963 1182 2017 tibi
1230 1961 1501 2030 propriam
1549 1956 1839 2022 vindicare,
1884 1955 1978 2012 sed
2006 1956 2054 2010 ei

497 2063 586 2130 qui
618 2060 848 2130 perdidit
881 2059 1084 2112 servari
1117 2057 1336 2126 antiqua
1373 2055 1452 2108 lex
1480 2055 1664 2122 jubet;
1705 2061 1909 2122 quanto
1938 2065 2058 2105 nia-

500 2154 580 2219 gis
613 2153 656 2205 si
695 2167 779 2204 res
823 2149 1095 2203 inveneris
1136 2146 1322 2202 fratris
1351 2147 1428 2199 tui
1465 2147 1556 2214 qui
1601 2143 1828 2213 aufugit,
1875 2152 1967 2196 aut
2003 2143 2056 2195 in

503 2243 816 2295 servitutem
865 2240 1128 2294 abductus
1175 2250 1275 2303 est,
1310 2238 1376 2292 ab
1407 2240 1524 2306 ipso
1565 2237 1802 2299 relictas,
1843 2249 2060 2288 servare

506 2333 623 2387 illas
653 2346 713 2385 ac
749 2330 1057 2387 infortuniis
1085 2345 1271 2400 presso
1298 2328 1518 2386 reddere
1550 2315 1854 2395 oportebit?

1093 2601 1319 2655 CANUN
1365 2602 1424 2654 Υ.

586 2711 600 2740 ι
643 2691 743 2744 Alii
794 2703 970 2745 autem
1005 2693 1210 2760 scipsos
1248 2693 1530 2755 seducunt,
1566 2705 1663 2758 pro
1689 2691 1918 2758 propriis
1943 2705 2061 2760 qua

515 2801 529 2831 ι
575 2784 864 2850 perierunt,
919 2783 1092 2836 aliena
1143 2798 1262 2851 qua:
1322 2783 1662 2848 invenerunt,
1714 2781 2058 2838 detinentes:

511 2894 530 2919 ι
577 2881 632 2925 ut
661 2871 1136 2950 quoniam_Boradi
1167 2883 1218 2925 et
1259 2870 1422 2926 Gothi
1452 2872 1531 2926 eis
1559 2871 1776 2925 hostilia
1801 2871 2060 2936 fecerunt,

516 2985 531 3014 ι
577 2966 677 3031 ipsi
720 2966 828 3018 sint
862 2965 982 3019 aliis
1019 2963 1215 3018 Boradi
1270 2973 1322 3016 et
1375 2961 1555 3016 Gothi.
1601 2961 1889 3032 Propterea
1937 2977 2066 3032 ergo

518 3077 534 3104 ι
576 3055 795 3109 fratrem
827 3066 875 3109 et
917 3070 1205 3110 consenem
1249 3064 1495 3108 nostrum
1539 3051 1954 3124 Euphrosynum
1997 3053 2063 3107 ad

521 3167 535 3194 ε
578 3160 673 3200 vos
709 3146 979 3212 misimus,
1013 3155 1069 3199 ut
1098 3145 1392 3200 secundum
1428 3143 1656 3197 formam
1689 3159 1810 3213 quae
1844 3143 1932 3196 hic
1962 3153 2062 3209 est,

2149 1973 2410 2046 dnoléoq
2435 1973 2492 2026 τὸ
2533 1973 2681 2036 ἴδιον,
2714 1976 2812 2026 ούκ
2847 1972 3020 2037 ἔξεστι
3074 1988 3154 2024 σοι
3184 1970 3401 2041 εὑρόντι
3429 1967 3554 2021 αὐτὸ
3579 1965 3696 2036 κέρ-

2147 2066 2236 2128 δος
2266 2065 2392 2117 ἴδιον
2441 2064 2786 2136 ποιήσασθαι,
2817 2063 2953 2118 ἀλλά
2999 2060 3345 2116 ἐπανασῶσαι
3403 2059 3479 2129 τῷ
3522 2055 3702 2110 ἀπολέ-

2152 2173 2302 2209 σαντι
2349 2155 2477 2208 αὐτὸ
2530 2156 2729 2226 ἀπαιτῇ
2780 2154 2922 2209 κατά
2971 2155 3059 2207 τὸν
3108 2154 3271 2222 νόμον
3314 2151 3411 2204 τὸν
3464 2147 3700 2201 παλαιόν·

2151 2245 2301 2316 πόσῳ
2343 2247 2559 2316 μᾶλλον,
2600 2245 2692 2299 ἐὰν
2717 2246 2808 2298 τοῦ
2845 2245 3132 2314 φεύγοντος
3163 2241 3397 2312 ἀδελφοῦ
3437 2257 3527 2293 σου
3556 2239 3588 2310 ἢ
3616 2235 3702 2288 τοῦ

2151 2337 2672 2406 αἰχμαλωτισθέντος
2711 2337 2959 2408 εὑρήσεις
3011 2335 3306 2406 πράγματα
3355 2333 3490 2402 παρ’
3545 2329 3706 2382 αὐτῶν

2151 2425 2664 2494 ἐγκαταλειφθέντα,
2700 2427 2800 2496 χρή
2834 2442 2890 2478 σε
2933 2423 3162 2494 φυλάξαι
3195 2421 3330 2475 αύτά
3364 2421 3462 2474 καὶ
3495 2416 3705 2472 ἀποδοῦ-

2154 2530 2236 2568 va:
2265 2514 2339 2584 τῷ
2379 2514 2767 2584 δυσπραγοῦντι
2789 2531 2802 2578 ;

2782 2605 3013 2658 ΚΑΝΩΝ
3047 2605 3119 2657 E'.
3144 2647 3152 2654 .

2229 2695 2450 2748 «Ἄλλοι
2477 2695 2532 2749 δὲ
2574 2697 2796 2759 ἑαυτοὺς
2844 2695 3204 2759 ἐξαπατῶσιν,
3248 2693 3379 2746 αντὶ
3426 2693 3530 2745 τῶν
3580 2690 3712 2744 ἰδίων

2159 2805 2177 2838 ι
2217 2787 2323 2839 τῶν
2350 2786 2698 2855 ἀπολομένων
2723 2786 2758 2840 ἃ.
2789 2780 2942 2856 εὗρον
2981 2785 3231 2855 ἀλλότρια
3260 2785 3602 2854 κατέχοντεςο
3634 2781 3709 2832 ἵνα

2160 2897 2177 2929 ι
2226 2877 2412 2946 ἐπειδὴ
2462 2878 2644 2938 αὐτοῖς
2685 2877 2906 2946 Βοράδοι
2940 2875 3033 2928 καὶ
3055 2873 3240 2926 Γότθοι
3267 2874 3337 2928 τὰ
3370 2873 3463 2925 τοῦ
3488 2869 3709 2940 πολέμου

2159 2987 2177 3019 ι
2219 2969 2559 3036 εἰργάσαντο,
2611 2968 2762 3019 αὐτοὶ
2809 2966 2984 3027 ἄλλοις
3038 2964 3259 3034 Βοράδοι
3292 2964 3392 3016 καὶ
3420 2961 3599 3015 Γότθοι
3631 2959 3709 3026 γί-

2160 3078 2178 3109 ι
2222 3075 2434 3112 νωνται.
2474 3056 2890 3126 Ἀπεστείλαμεν
2919 3051 3009 3108 οὖν
3029 3055 3118 3106 τὸν
3143 3053 3374 3123 ἀδελφὸν
3402 3054 3494 3106 καὶ
3528 3048 3709 3118 συγγέ-

2161 3167 2180 3200 ι
2222 3166 2384 3221 ροντα
2432 3148 2771 3218 Εύφρόσυνον
2797 3146 2884 3199 διὰ
2913 3144 3084 3199 ταῦτα
3139 3143 3274 3214 πρὸς
3309 3145 3476 3216 ὑμᾶς,
3513 3143 3598 3218 ⁴ἶνα
3625 3157 3712 3193 κα-

517 3256 538 3288 4
582 3247 629 3288 et
659 3237 770 3304 ipse
802 3237 890 3290 det
920 3237 1186 3299 similiter,
1218 3246 1271 3291 et
1307 3249 1540 3306 quorum
1573 3236 1944 3290 accusationes
1972 3237 2062 3290 ad-

2161 3261 2178 3293 t
2219 3242 2287 3294 τὰ
2317 3242 2405 3294 τδν
2444 3239 2628 3294 ἐνθάδε
2657 3239 2825 3292 τύπον
2877 3239 2970 3290 καὶ
3011 3236 3172 3299 αὐτὸς
3215 3233 3330 3306 δώῃ
3385 3236 3583 3306 ὁμοίως
3626 3233 3712 3286 καὶ

518 3351 534 3378 ι
579 3329 788 3381 mittere
821 3339 1081 3400 oporteat,
1114 3339 1164 3382 et
1197 3343 1334 3401 quos
1364 3345 1393 3382 a
1417 3327 1667 3398 precibus
1701 3327 1965 3382 abdicare.
2006 3347 2022 3378 ι

581 3507 738 3560 Βλις.
773 3505 1066 3578 Postquam
1099 3521 1344 3572 sanctus,
1373 3525 1490 3578 qua
1515 3519 1672 3562 erant
1705 3519 2066 3562 consentanea

512 3598 788 3667 respondit
823 3601 892 3654 iis
929 3602 1022 3670 qui
1063 3601 1308 3654 dicebant
1335 3617 1392 3654 se
1427 3610 1482 3654 ut
1515 3601 1771 3669 disjectas
1797 3610 1847 3653 et
1884 3599 2068 3667 negle-

510 3692 618 3743 ctui
649 3689 866 3744 habitas
902 3707 986 3748 res
1019 3693 1355 3761 captivorum
1385 3692 1655 3746 invenisse
1693 3702 1743 3744 et
1785 3700 2066 3760 propterea

513 3798 572 3832 ea
601 3780 702 3834 sibi
733 3781 1032 3834 vindicasse
1057 3799 1072 3844 ;
1104 3796 1245 3835 nunc
1277 3782 1342 3834 iis
1372 3781 1676 3850 respondet,
1711 3781 1823 3850 qui,
1853 3796 1974 3849 qua:
2002 3781 2068 3835 ad

515 3871 752 3937 captivos
784 3871 1146 3938 pertinebant,
1196 3885 1292 3940 pro
1324 3871 1388 3926 iis
1427 3884 1548 3939 quae
1580 3871 1678 3924 sibi
1712 3870 1780 3924 ab
1820 3869 2068 3924 hostibus

514 3955 663 4018 prius
682 3954 862 4011 ablata
881 3955 1122 4019 fuerant,
1145 3955 1520 4014 vindicabant.
1566 3957 1705 4014 Dicit
1725 3961 1869 4013 enim
1895 3971 1950 4016 et
1989 3961 2090 4018 hoc

509 4065 628 4105 esse
649 4047 895 4104 fraudem
915 4059 969 4103 et
986 4047 1088 4118 31
1109 4048 1327 4105 inanem
1360 4062 1706 4120 praetextum.
1734 4053 1923 4122 Neque
1940 4055 2087 4110 enim

511 4147 724 4202 aquom
755 4144 856 4194 est,
886 4146 943 4190 ut
980 4137 1071 4204 qui
1110 4154 1174 4192 ex
1209 4137 1348 4193 bello
1373 4138 1656 4194 barbarico
1683 4141 2066 4196 detrimentum

512 4225 835 4293 :.CC('perint,
865 4240 968 4278 non
993 4229 1282 4281 toleranter
1303 4226 1495 4293 ferant,
1518 4228 1610 4282 sed
1633 4230 1742 4282 sint
1763 4229 1862 4298 ipsi
1885 4231 2068 4288 hostes

514 4318 546 4364 t1
565 4325 762 4379 atrum,
800 4326 850 4369 et
889 4316 980 4370 alii
1019 4317 1069 4370 in
1113 4318 1259 4386 ipsos
1285 4317 1502 4372 barbari
1549 4319 1900 4387 appellentur.
1935 4319 2068 4375 Pro-

517 4417 715 4474 pterea,
754 4409 947 4476 inquit,
984 4409 1228 4462 misimus
1282 4409 1347 4462 ad
1378 4423 1475 4463 vos
1505 4407 1723 4462 fratrem
1759 4407 2068 4482 Euphrosy-

2165 3348 2183 3380 ι
2221 3326 2294 3386 ὧν
2323 3331 2402 3384 δεῖ
2430 3331 2526 3393 τὰς
2543 3330 2895 3407 ⁴κςιιτηγορδξας
2920 3327 3259 3399 προσίεσθαι,
3284 3327 3383 3381 καὶ
3410 3326 3504 3393 οὓς
3533 3325 3608 3378 δεῖ
3633 3325 3713 3376 ἐκ·

2159 3441 2176 3474 ι
2217 3422 2448 3494 κηρύξαι
2480 3421 2586 3473 τῶν
2617 3419 2843 3490 εὐχῶν.»

2232 3493 2426 3564 ΒᾹΛΣ.
2473 3493 2971 3580 Ἀπολογησάμενος
3022 3509 3050 3558 ό
3076 3507 3227 3575 ἀγιος
3262 3507 3334 3559 τὰ
3375 3510 3556 3560 εἰκοτα
3593 3501 3717 3573 πρὸς

2157 3606 2282 3666 τοὺς
2305 3603 2583 3670 λέγοντας,
2615 3601 2690 3664 ὡς
2734 3598 3040 3672 ἐρριμμένα
3085 3597 3177 3651 καὶ
3207 3597 3527 3669 ἀτημέλητα
3550 3593 3718 3664 εὑρεῖν

2157 3697 2224 3748 τὰ
2252 3694 2360 3748 τῶν
2386 3691 2926 3764 αἰχμαλωτισθέντων
2981 3689 3301 3760 πράγματα,
3329 3688 3426 3742 καὶ
3457 3686 3544 3740 διὰ
3573 3683 3718 3738 τοῦτο

2164 3784 2652 3841 Ξδιώσασθαιναὺτά·
2709 3784 2831 3853 ἀρτι
2860 3781 3200 3849 ἀπολογεῖται
3232 3780 3370 3852 πρὸς
3414 3781 3538 3841 τοὺς
3579 3777 3718 3830 ἀντι-

2163 3877 2514 3947 ποιουμένους
2542 3874 2648 3928 τῶν
2681 3873 3042 3942 διαφερόντων
3079 3872 3189 3933 τοῖς
3217 3867 3721 3939 αἰχμαλωτισθεῖσιν
3789 3909 3810 3918 -

2159 3967 2278 4024 ἀντὶ
2303 3966 2409 4020 τῶν
2432 3966 2745 4036 φθασάντων
2767 3961 2913 4033 παρὰ
2933 3960 3041 4014 τῶν
3071 3960 3348 4030 πολεμίων
3370 3957 3722 4030 ἀφαιρεθῆναι

2162 4059 2501 4128 πραγμάτων
2525 4053 2718 4108 αὐτῶν.
2772 4053 2909 4122 Φησὶ
2963 4050 3070 4121 γάρ
3109 4049 3184 4112 ὼς
3223 4049 3315 4102 καὶ
3365 4051 3524 4103 τοῦτο
3549 4048 3718 4115 ἀπάτη

2161 4148 2277 4201 ἐστὶ
2299 4149 2393 4198 καὶ
2452 4144 2652 4215 ματαία
2699 4144 2989 4213 πρόφασις.
3019 4138 3150 4192 Οὐδὲ
3205 4138 3312 4207 γὰρ
3362 4138 3570 4192 δίκαιόν
3613 4138 3720 4188 ἐστι

2159 4237 2378 4299 τούτους
2407 4235 2694 4303 γεγονότας
2717 4233 3087 4303 παρανάλωμα
3114 4229 3373 4298 πολεμίου
3397 4226 3721 4300 βαρϐαρικοῦ

2165 4329 2239 4402 μὴ
2293 4327 2647 4398 καρτερῆσαι,
2695 4323 2825 4376 ἀλλά
2871 4319 3117 4390 γενέσθαι
3186 4320 3385 4382 αὐτοὺς
3440 4317 3720 4388 πολεμίους

2161 4417 2267 4468 τῶν
2295 4416 2568 4485 ἀδελφῶν,
2619 4417 2709 4467 καὶ
2751 4413 3088 4485 χρηματίσαι
3137 4414 3212 4472 εἰς
3259 4413 3485 4473 τούτους
3541 4408 3722 4468 ἄλλους

517 4513 667 4562 num,
703 4510 758 4552 ut
787 4500 938 4566 juxta
976 4499 1202 4553 formam
1233 4500 1319 4552 hic
1352 4499 1624 4563 traditam,
1671 4515 1765 4554 seu
1805 4504 2062 4570 quemad-

2161 4505 2485 4579 βαρϐάρους.
2515 4507 2610 4558 Διά
2633 4506 2804 4560 ταῦτα
2831 4506 3243 4574 ἀπεστείλαμεν,
3268 4504 3440 4571 λέγει,
3468 4501 3558 4552 τὸν
3578 4495 3718 4551 ἀδελ-

514 4588 730 4642 modum
769 4588 852 4642 hic
897 4588 1152 4654 fecimus,
1191 4589 1347 4642 isthic
1382 4605 1597 4659 quoque
1627 4591 1715 4645 det
1748 4591 1975 4646 formam
2011 4603 2062 4647 ut

2163 4599 2258 4666 φὺν
2283 4598 2629 4669 Εὑφρόσυνον
2660 4597 2793 4668 πρὸς
2830 4597 2992 4667 ὑμᾶς,
3037 4598 3124 4649 ἵνα
3156 4595 3294 4647 κατά
3353 4593 3446 4646 τδν
3496 4587 3722 4644 ἐνταῦθα

513 4681 589 4734 sic
619 4695 714 4733 vos
745 4678 974 4733 faciatis.
1010 4677 1204 4733 Deinde
1230 4680 1358 4733 dicit
1387 4699 1397 4733 :
1432 4679 1821 4752 Euphrosynus
1849 4699 1944 4736 vos
1968 4683 2068 4736 do-

513 4771 652 4824 cebit
680 4786 948 4838 quosnam
981 4781 1033 4824 et
1064 4771 1322 4825 adversus
1355 4786 1492 4839 quos
1521 4783 1840 4828 accusantes
1873 4775 2069 4827 admit-

514 4875 645 4927 tere,
679 4875 728 4914 et
763 4877 1028 4930 quosnam
1073 4862 1140 4914 ab
1177 4859 1413 4914 Ecclesia
1454 4872 1505 4914 et
1553 4851 1787 4920 fidelium
1821 4880 2068 4923 commu-

517 4955 674 5006 nione
700 4954 947 5006 abdicare
981 4963 1245 5026 oporteat.

586 5224 788 5277 Zona.
835 5223 1106 5288 Nonnulli.
1159 5230 1348 5296 inquit,
1401 5231 1620 5283 amissis
1649 5231 1811 5284 rebus
1839 5231 1972 5296 suis,
2011 5246 2073 5286 2e

517 5317 690 5369 aliena
737 5316 1090 5374 invenientes.
1124 5333 1222 5387 pro
1253 5321 1315 5373 iis
1355 5336 1472 5390 quo:
1514 5323 1812 5376 amiserunt
1843 5337 1907 5376 ea
1936 5322 2074 5376 deti-

517 5424 644 5460 nere
677 5421 735 5458 se
760 5418 1029 5470 asserunt,
1094 5413 1301 5480 seipsos
1328 5408 1679 5480 decipientes.
1714 5409 1872 5476 Quod
1901 5412 2072 5477 enim,

520 5505 611 5563 ait,
641 5499 749 5554 lllis
777 5495 936 5555 fuere
977 5502 1158 5555 hoSIes
1190 5503 1423 5564 barbari,
1454 5501 1553 5554 hoc
1589 5504 1686 5570 ipsi
1727 5505 1860 5556 liunt
1892 5499 2076 5554 fratri-

519 5596 636 5650 ιω.
665 5595 884 5649 Barbari
929 5611 1009 5648 res
1047 5597 1257 5647 illorum
1286 5605 1597 5661 rapuerunt,
1628 5609 1687 5645 ac
1719 5593 1793 5645 illi
1824 5592 2070 5646 fratrum.

519 5687 825 5754 Propterea.
862 5687 1055 5755 inquit,
1093 5685 1557 5758 [ihtpliroszynum]
1587 5687 1650 5736 ad
1681 5699 1773 5735 vos
1809 5685 2078 5746 misimus,

2163 4689 2348 4750 τύπον,
2390 4689 2575 4757 ἡγουν,
2627 4686 2808 4748 καθὼς
2865 4689 3024 4756 ἡμεῖς
3083 4684 3314 4737 ἐνταῦθα
3372 4683 3721 4752 ἐποιήσαμεν.

2161 4778 2270 4850 δώῃ
2293 4779 2456 4831 τύπον
2494 4779 2583 4830 καὶ
2621 4776 2802 4829 αὐτόθι
2839 4776 2978 4829 ὥστε
3018 4775 3158 4830 οὓτω
3188 4777 3360 4827 ποιεῖν
3394 4774 3558 4844 ὑμᾶς.
3599 4765 3726 4822 Εἶτά

2163 4885 2326 4940 φηςιν
2364 4869 2437 4931 ὡς
2478 4871 2505 4920 6
2537 4868 2694 4930 αὐτὸς
2743 4867 3085 4936 Εύφρόσυνος
3117 4865 3418 4928 ἀναδιδάξει
3459 4864 3608 4923 τίνας
3649 4859 3725 4910 δεῖ

2166 4959 2552 5030 προσδέχεσθαι
2585 4957 3019 5030 κατηγοροῦντας
3063 4957 3205 5010 κατά
3250 4971 3426 5016 τινων,
3459 4953 3554 5006 καὶ
3584 4951 3725 5010 τίνας

2165 5051 2268 5119 χρὴ
2295 5049 2689 5119 ἀποκηρύττειν
2722 5048 2819 5116 τῆς
2859 5048 3178 5116 Ἐκκλησξας
3204 5047 3294 5098 καὶ
3321 5045 3422 5112 τῆς
3453 5038 3726 5096 κοινωνίας

2161 5140 2269 5190 τῶν
2297 5140 2518 5190 πιστῶν.

2233 5225 2470 5281 ΖΩΝΑΡ.
2503 5226 2677 5288 Τινὲς,
2725 5227 2909 5298 φησιν,
2943 5223 3304 5284 ἀπολέσαντες
3350 5221 3525 5272 οἰκεῖα
3565 5216 3729 5286 πράγ-

2167 5336 2331 5392 ματα,
2352 5322 2446 5372 καὶ
2467 5319 2715 5388 εὑρόντες
2750 5316 3026 5386 ἀλλότρια,
3060 5315 3274 5381 λέγουσι
3302 5311 3555 5380 κατέχειν
3571 5304 3724 5364 αὐτὰ,

2161 5409 2274 5465 ἀνθ’
2295 5402 2369 5463 ὧν
2398 5409 2702 5473 ἀπώλεσαν,
2729 5406 3102 5471 ἐξαπατῶντες
3127 5404 3370 5464 ἑαυτούς.
3401 5402 3581 5470 Ὅπερ
3603 5396 3725 5466 γὰρ,

2164 5503 2612 5573 φησὶν,ὲγένοντο
2639 5503 2869 5562 ἐκείνοις
2896 5501 2942 5551 ol
2974 5499 3219 5566 πολέμιοι
3255 5491 3546 5565 βάρϐαροι,
3578 5486 3726 5540 τοῦτο

2165 5596 2398 5662 γίνονται
2434 5593 2585 5644 αὐτοὶ
2611 5595 2722 5653 τοῖς
2757 5590 3019 5656 ἀδελφοῖς.
3059 5588 3348 5652 Ἤρπασαν
3383 5585 3431 5634 οἱ
3469 5579 3725 5650 βάρῢαρνιι

2164 5689 2226 5739 τὰ
2278 5688 2518 5744 ἐκείνων.
2574 5687 2810 5738 κάκεῖνοι
2847 5683 2910 5733 τὰ
2975 5681 3079 5732 τῶν
3137 5675 3376 5743 ἀδελφῶν
3435 5674 3532 5724 Διά
3561 5669 3725 5722 ταῦτα

640 5779 904 5833 crumina:
960 5778 1188 5832 l'-.:r:'.;.2m
1238 5778 1317 5830 ille
1363 5777 1697 5831 t;i;»r‘l'i'.l.l:llli
1739 5792 1828 5826 Vos
1867 5789 2062 5842 quoquc

2165 5780 2577 5845 amsteZ/ayw,
2618 5776 2781 5841 λέγω,

2813 5776 2892 5823 ἵνα
2954 5771 3088 5822 κατὰ
3140 5770 3224 5820 τὸν
3275 5764 3506 5816 ivra-20.1
3545 5763 3730 5813 τότε-κ,
