4076 6398
392 383 492 447 537
556 396 578 401 “

1340 375 1417 435 1N
1478 377 1711 437 EPIST.
1751 378 1808 438 S.
1843 377 2231 438 GREGORII
2277 378 2712 440 NEOCJSSAR.

3541 383 3642 449 538

389 517 482 569 καὶ
515 515 707 571 αὐτόθι
755 515 898 570 ὥστε
931 514 1101 579 οὕτως
1131 517 1275 586 ὑμᾶς
1326 519 1519 580 ποιεῖν,
1575 518 1669 569 καὶ
1714 516 1865 579 τίνας
1893 517 1967 571 δεῖ

2070 511 2181 567 illic
2205 511 2434 575 faciatis,
2465 519 2520 565 et
2538 527 2770 580 quorum
2798 515 3180 571 accusationes
3205 525 3258 570 et
3279 525 3466 571 contra
3493 531 3634 586 quos

397 606 840 677 κατηγοροῦντάς
877 623 1038 659 τινων
1077 605 1487 676 προσδέχεσθαι,
1549 606 1639 659 καὶ
1667 605 1760 670 οὓς
1807 609 1974 678 ἐκκη-

399 697 580 768 ρύξαι,
615 699 780 767 ήγουν
806 697 957 760 τίνας
987 696 1086 765 τῆς
1124 696 1447 767 Ἐκκλησίας
1485 697 1704 762 ἐξῶσαι,
1753 699 1976 753 καὶτῶν

396 789 611 842 πιστῶν
669 789 923 861 χωρίσαι,
958 788 1098 841 ὥστε
1132 789 1206 858 μὴ
1242 788 1594 858 συνεύχεσθαι
1651 791 1849 854 αὐτοῖς.
1881 785 1972 845 Τί·

397 897 493 944 νας
527 881 583 933 δὲ
623 880 703 933 δεῖ
757 879 1200 952 κατηγοροῦντας
1252 880 1665 951 προσδέχεσθαι,
1713 883 1773 934 τὸ
1817 883 1974 936 ἕκτον

397 971 688 1039 κεφάλαιον
735 972 836 1040 τῆς
887 971 1148 1039 δευτέρας
1209 971 1592 1040 οίκουμενικῆς
1645 971 1859 1024 συνόδου
1895 971 1973 1026 δι-

394 1063 603 1117 δάσκει.
666 1064 1061 1131 Ἀναγνωστέον
1088 1067 1180 1119 καὶ
1209 1067 1280 1121 τὰ
1311 1066 1426 1120 ἐκεῖ
1451 1064 1830 1136 γεγραμμένα.

995 1157 1234 1209 ΚΛΝΩΝ
1265 1160 1356 1224 ς’.
1857 1217 1866 1224 ,

473 1265 489 1297 ι
524 1247 659 1316 Περί
679 1245 787 1298 τῶν
812 1247 901 1318 βίᾳ
934 1248 1270 1316 κατεχόντων
1304 1249 1430 1310 τοὺς
1461 1249 1524 1300 ἐκ
1552 1249 1658 1299 τῶν
1684 1246 1974 1318 βαρϐάρων

401 1357 420 1388 ι
461 1337 859 1408 αἰχμαλώτους.
911 1337 1254 1410 Ἀπηγγέλθη
1285 1339 1341 1391 δέ
1369 1356 1421 1391 τι
1449 1340 1579 1408 ἡμῖν
1607 1339 1700 1392 καὶ
1747 1337 1973 1390 ἄπιστον

403 1448 420 1480 ι
463 1432 520 1482 ἐν
554 1433 620 1500 τῇ
669 1429 822 1501 χώρᾳ
879 1430 1032 1500 ὑμῶν
1077 1431 1387 1499 γενόμενον,
1449 1429 1664 1492 πάντως
1718 1445 1816 1480 που
1868 1419 1974 1481 ὑπὸ

402 1539 420 1571 ι
464 1520 708 1573 ἀπίστων
762 1521 854 1574 καὶ
907 1521 1118 1573 ἀσεϐῶν
1147 1521 1242 1574 καὶ
1284 1520 1357 1590 μὴ
1387 1521 1602 1572 εἰδότων
1636 1520 1766 1590 μηδέ
1802 1520 1972 1590 ὄνομα

403 1631 420 1662 ι
459 1613 685 1683 Κυρίου,
723 1615 804 1666 ὅτι
862 1615 969 1685 ἄρα
999 1615 1078 1676 είς
1114 1613 1364 1666 τοσοῦτόν
1406 1630 1549 1676 τινες
1573 1611 1854 1682 ὠμότητος
1880 1612 1973 1665 καὶ

403 1721 420 1752 ι
465 1703 862 1774 ἀπανθρωπίας
897 1701 1312 1774 προεχώρησαν,
1341 1702 1480 1754 ὣστε
1509 1702 1663 1764 τινὰς
1705 1703 1830 1764 τοὺς
1855 1701 1972 1754 δια--

403 1813 420 1844 ι
460 1796 724 1862 φυγόντας
757 1794 1135 1866 αἰχμαλώτους
1165 1794 1255 1865 βίᾳ
1278 1794 1551 1863 κατέχειν.
1592 1792 1972 1847 Ἀποστείλατέ

2067 613 2310 674 Oporteat
2334 603 2652 668 admittatis,
2677 617 2730 660 et
2755 621 2894 674 quos
2920 606 3072 660 decet
3093 606 3357 662 abdicatis
3377 645 3392 668 .
3418 607 3524 661 hoc
3561 615 3639 661 est

2068 695 2300 764 ejiciatis
2327 694 2394 748 ab
2423 695 2682 761 Ecclesia,
2713 706 2873 765 atque
2901 712 2930 749 a
2960 696 3209 749 fidelibus
3239 698 3552 766 segregetis,
3579 712 3640 752 ne

2069 799 2194 837 eum
2225 783 2358 851 ipsis
2399 800 2504 837 una
2539 795 2846 854 precentur.
2883 782 3054 838 Porro
3085 799 3448 854 quorumnam
3479 802 3641 840 accu-

2069 875 2312 929 sationes
2337 875 2684 928 a‘lmittendaa
2717 877 2846 939 sint,
2874 885 3086 929 sextum
3120 877 3374 929 secundae
3400 892 3641 931 (BCUllle-

2067 965 2203 1020 nicre
2247 966 2438 1036 synodi
2473 976 2636 1036 caput
2666 967 2845 1021 docet.
2903 966 3174 1036 Legantur
3217 967 3380 1020 etiam
3413 984 3534 1036 qua:
3568 968 3640 1020 ibi

2055 1049 2407 1126 scripsimus.

2570 1137 2577 1143 ’
2667 1145 2895 1202 CANON
2950 1145 3039 1200 VI.

2042 1252 2054 1265 ·
2141 1256 2161 1290 ι
2201 1237 2277 1292 De
2306 1239 2373 1294 iis
2397 1238 2487 1308 qui
2507 1239 2753 1307 captivos
2768 1253 2830 1292 ex
2859 1238 3102 1291 barbaris
3127 1237 3396 1306 fugientes
3428 1238 3480 1290 vi
3507 1239 3641 1291 deti-

2073 1348 2093 1380 ι
2133 1338 2284 1382 nent.
2317 1329 2704 1383 Denuntiatum
2737 1338 2914 1382 autem
2941 1336 3022 1382 est
3056 1329 3214 1382 nobis
3243 1330 3521 1396 quidpiam
3554 1331 3640 1381 in-

2067 1437 2089 1470 ‹
2132 1419 2388 1474 credibile
2431 1421 2483 1472 in
2510 1431 2688 1473 vestra
2734 1419 2956 1488 regione
2997 1417 3198 1471 factum
3230 1434 3371 1482 eSse,
3416 1420 3640 1472 omnino

2069 1528 2088 1561 ι
2127 1512 2194 1563 ab
2229 1510 2538 1564 infidelibus
2569 1519 2621 1564 et
2649 1510 2850 1578 impiis,
2875 1520 2928 1563 et
2956 1511 3046 1577 qui
3079 1525 3144 1562 ne
3180 1525 3376 1562 nomen
3417 1510 3638 1577 quidem

2070 1617 2086 1648 ι
2129 1597 2346 1652 Domini
2376 1613 2609 1664 novere;
2667 1598 2811 1668 quod
2855 1599 3101 1652 nonnulli
3131 1613 3195 1652 eo
3226 1599 3639 1654 inbumanitatis

2067 1708 2087 1740 ι
2127 1691 2574 1758 crudelitatisque
2602 1703 2936 1757 processere,
2963 1697 3020 1742 nt
3046 1688 3288 1756 captivos
3309 1688 3522 1755 aliquos
3545 1689 3639 1757 qui

2069 1799 2088 1832 ι
2131 1781 2455 1850 effugerunt,
2496 1782 2547 1834 vi
2604 1781 2891 1835 retineant.
2947 1778 3142 1832 Mittite
3197 1781 3412 1848 aliquos
3459 1781 3511 1833 in
3556 1797 3638 1834 re-

403 1906 420 1936 ι
457 1903 606 1949 τινας
633 1888 713 1948 εἰς
740 1887 838 1956 τὴν
864 1885 1068 1955 χώραν,
1105 1887 1178 1955 μὴ
1210 1886 1304 1938 καὶ
1349 1884 1580 1954 σκηπτοὶ
1613 1884 1853 1938 πέσωσιν
1877 1885 1967 1937 ἐπὶ

2066 1889 2085 1922 ι
2127 1871 2366 1940 gioncm,
2421 1887 2488 1926 ne
2543 1870 2626 1926 vel
2675 1871 2899 1924 fulmina
2934 1870 2988 1923 in
3029 1886 3126 1925 eos
3157 1871 3353 1924 cadant
3387 1872 3481 1941 qui
3527 1873 3638 1926 lia-3c

401 1993 424 2044 ς
460 1977 586 2038 τοὺς
615 1974 684 2027 τά
710 1978 934 2028 τοιαῦτα
966 1976 1329 2046 πράσσοντας.
1347 1993 1364 2024 ι

405 2049 410 2056 ’
469 2067 659 2118 ΒΑΛΣ.
702 2065 940 2136 Ἐμαθεν
965 2067 993 2116 ὁ
1040 2065 1193 2132 ἅγιος
1216 2065 1290 2128 ῶς
1310 2082 1454 2128 τινες
1472 2062 1738 2135 όρθόδοξοι
1778 2063 1974 2133 αἰχμά-

394 2159 575 2221 λωτοι,
626 2159 724 2219 τάς
783 2156 1122 2227 βαρϐαρικὰς
1173 2159 1361 2227 χεῖρας
1415 2155 1785 2224 διαφυγόντες,
1821 2154 1973 2207 κατέ-

395 2264 579 2317 χονται
601 2245 706 2298 ὑπό
733 2262 892 2300 τινων
923 2246 1060 2298 κατά
1086 2246 1231 2315 βίαν,
1279 2248 1374 2300 καὶ
1425 2249 1486 2300 οὐ
1522 2245 1972 2318 παραχωροῦνται

392 2338 575 2390 οἴκαδε
606 2336 965 2407 ὑποστρέψαι.
989 2337 1157 2406 Φησίν
1185 2333 1276 2390 οὖν
1311 2337 1447 2410 πρὸς
1476 2337 1568 2400 οὓς
1597 2336 1879 2406 ἀπεστάλη
1909 2335 1971 2388 τὸ

394 2426 802 2497 ἐπιστολιμαῖον
835 2426 990 2479 τοῦτο
1021 2426 1274 2497 γράμμα,
1307 2427 1380 2489 ὡς
1437 2426 1594 2480 τοῦτο
1622 2427 1714 2479 καὶ
1742 2426 1972 2480 ἄπιστον

395 2518 645 2588 ἐλογίσθη
698 2517 866 2588 αὐτῷ’
905 2515 1062 2589 ἔργον
1111 2519 1219 2588 γάρ
1252 2520 1397 2572 ἐστιν
1451 2519 1693 2572 ἀπίστων
1726 2520 1821 2573 καὶ
1847 2519 1971 2571 ἀσε-

395 2609 523 2662 ϐῶν.
557 2610 620 2661 Εἰ
648 2609 704 2661 δὲ
736 2610 982 2677 γέγονεν,
1013 2610 1364 2680 ἀνεκδίκητον
1391 2611 1490 2662 οὐκ
1519 2609 1690 2663 ἔσται.
1745 2608 1842 2662 Διὸ
1877 2607 1969 2662 καὶ

392 2699 663 2766 ὀφείλουσι
687 2698 754 2750 τὰ
786 2698 913 2768 περὶ
968 2697 1154 2750 τούτου
1211 2698 1823 2770 πολυπραγμονηθῆναι,
1876 2699 1969 2752 καὶ

352 2862 354 2864 τ
392 2789 707 2841 ἀποστεῖλαι
770 2789 849 2850 είς
876 2789 974 2857 τὴν
1004 2787 1186 2858 χώραν
1244 2790 1340 2843 καὶ
1395 2789 1704 2862 ἐρευνῆσαι.
1738 2790 1968 2860 Νομίζει

391 2879 500 2949 γάρ
528 2878 603 2940 ὡς
637 2878 730 2930 καὶ
786 2879 1047 2947 σκηπτὸς,
1102 2879 1268 2947 ἤγουν
1325 2879 1456 2947 πῦρ,
1490 2881 1554 2932 ἐκ
1601 2880 1695 2932 τοῦ
1743 2878 1970 2952 ούρανοῦ

389 2968 574 3028 ἔπεσε,
601 2969 693 3020 καὶ
721 2965 1014 3036 κατέφλεξε
1045 2970 1170 3031 τοὺς
1202 2968 1373 3022 ταῦτα
1399 2971 1760 3040 πράσσοντας.

463 3057 702 3108 ΖΩΝΑΡ.
733 3057 908 3120 Τινὲς,
940 3059 1126 3128 φησὶν,
1157 3061 1231 3123 ὡς
1265 3059 1559 3130 ἐμάθομεν,
1593 3059 1971 3130 αἰχμαλώτους

387 3147 748 3215 διαφυγόντας
776 3149 902 3211 τοὺς
928 3149 1240 3219 πολεμίους,
1275 3150 1366 3222 βίᾳ
1393 3151 1715 3219 κατέχουσιν
1734 3167 1747 3181 ·
1778 3152 1970 3214 οἵτινες

2067 1980 2087 2013 ι
2128 1970 2315 2030 agunt.
2359 1981 2378 2013 ι

2130 2052 2294 2107 Βιιε.
2328 2052 2548 2122 Accepit
2578 2062 2800 2107 sanctus
2823 2053 2966 2121 quod
2997 2052 3218 2122 quidam
3243 2053 3435 2122 captivi
3462 2054 3636 2108 ortho-

2059 2144 2204 2211 doxi,
2235 2154 2528 2214 postquam
2560 2161 2754 2199 manus
2783 2137 3096 2199 barbaricas
3123 2159 3364 2207 evasere,
3395 2144 3443 2196 vi
3471 2159 3499 2197 a
3522 2145 3636 2213 qni-

2059 2237 2288 2291 buadam
2319 2238 2653 2301 detinentur,
2691 2251 2789 2290 nec
2837 2237 3060 2289 domum
3110 2235 3306 2288 reverti
3353 2235 3634 2289 sinuntur.

2057 2326 2200 2382 Dicit
2239 2343 2368 2397 ergo
2396 2327 2480 2391 iis,
2514 2327 2578 2380 ad
2613 2342 2748 2396 quos
2777 2326 3036 2394 scriptum
3067 2328 3168 2380 hoc
3194 2326 3482 2394 epistolare
3506 2326 3637 2381 mis-

2057 2431 2179 2472 sum
2225 2426 2329 2479 est,
2368 2407 2515 2485 quod
2565 2417 2668 2472 hoc
2700 2417 2746 2470 ei
2803 2416 3119 2470 incredibile
3168 2417 3344 2470 visum
3397 2429 3516 2471 est:
3555 2425 3636 2473 est

2057 2511 2203 2563 enim
2253 2509 2549 2561 infidelium
2581 2516 2636 2561 et
2664 2508 2954 2576 impiorum
2998 2521 3158 2574 opus.
3191 2507 3285 2560 Sin
3327 2517 3508 2562 autem
3547 2508 3631 2563 fa-

1983 2606 1987 2611 '
2057 2607 2205 2652 ctum
2229 2605 2332 2659 est,
2367 2612 2474 2650 non
2505 2598 2804 2651 remanebit
2828 2598 3176 2665 impttnitum.
3204 2598 3270 2651 Et
3293 2600 3412 2652 ideo
3437 2599 3638 2653 debent

2057 2688 2172 2743 haec
2201 2689 2485 2757 diligenter
2508 2689 2731 2757 inquiri,
2757 2697 2810 2742 et
2843 2690 2985 2742 mitti
3016 2691 3069 2743 in
3097 2691 3372 2760 regionem
3399 2690 3637 2758 qni'lnec

2054 2787 2488 2847 perscrutcntur.
2522 2777 2810 2832 Existimat
2833 2781 3000 2844 enim,
3041 2782 3184 2849 quod
3223 2785 3383 2835 etiam
3427 2782 3632 2836 fulmen

2054 2881 2150 2921 seu
2196 2868 2338 2938 ignis
2386 2869 2456 2923 sit
2502 2883 2752 2936 casurus,
2797 2879 2851 2925 et
2893 2886 2990 2926 eos
3033 2873 3128 2941 qui
3168 2874 3281 2926 haec
3315 2883 3636 2944 aguntexu-

2051 2967 2260 3015 Sllll‘lls.

2122 3048 2321 3104 Zorun.
2364 3048 2639 3115 Nonnulli,
2677 3051 2876 3120 inquit,
2935 3063 2992 3106 ut
3025 3054 3347 3116 didicimus.
3391 3057 3634 3125 captivos

2051 3154 2119 3196 ex.
2152 3140 2398 3195 hostibus
2427 3141 2769 3210 diﬂugientes
2800 3144 2848 3195 vi
2886 3145 3122 3199 retinent
3169 3163 3183 3198 :
3229 3147 3321 3215 qui
3357 3159 3482 3201 sunt
3512 3163 3632 3202 om-

389 3239 610 3301 πάντως
639 3239 856 3291 ἄπιστοί
883 3241 988 3292 είσι
1019 3240 1114 3292 καὶ
1148 3241 1385 3305 ἀσεϐεῖς,
1419 3243 1512 3294 καὶ
1542 3241 1662 3293 ούδέ
1695 3241 1828 3294 Θεοῦ
1853 3240 1967 3293 ἐπί-

2053 3232 2182 3286 ηἰηο
2226 3231 2470 3286 infideles
2517 3241 2572 3286 et
2626 3234 2799 3302 impii,
2857 3250 3032 3304 neque
3063 3237 3144 3290 vel
3191 3236 3358 3291 Deum
3406 3249 3625 3294 norunt.

387 3346 588 3397 γνωσιν
616 3329 846 3399 ἔχουσιν.
892 3331 1139 3383 Ἀπαιτεῖ
1167 3327 1260 3384 οὖν
1289 3333 1316 3384 ὁ
1344 3332 1497 3399 ἀγιος
1530 3333 1654 3395 τοὺς
1699 3332 1836 3403 πρὸς
1875 3329 1967 3395 οὓς

2053 3319 2286 3378 Proinde
2309 3337 2533 3379 sanctus
2563 3325 2641 3380 vir
2667 3327 2736 3379 ab
2773 3326 2840 3381 iis
2882 3329 2947 3381 ad
2981 3344 3118 3397 quos
3151 3329 3359 3391 scribit,
3393 3331 3631 3398 postulat

389 3422 624 3492 γράφει,
669 3422 987 3475 ἀποστεῖλαι
1036 3425 1115 3486 εἰς
1159 3423 1254 3493 τὴν
1317 3422 1498 3494 χώραν
1545 3423 1638 3475 καὶ
1678 3422 1968 3494 ἐρευνῆσαι

389 3513 638 3584 περὶτοῦ
673 3514 1012 3584 πράγματος,
1044 3515 1130 3570 ἵνα
1165 3514 1239 3586 μὴ
1262 3515 1394 3586 πῦρ,
1426 3514 1612 3586 φησὶν,
1648 3514 1710 3579 ἐξ
1738 3514 1966 3586 ούρανοῦ

388 3605 532 3674 πέσῃ
561 3604 656 3656 καὶ
677 3606 988 3678 καταφλέξῃ
1025 3608 1145 3668 τοὺς
1184 3605 1352 3660 ταῦτα
1391 3607 1754 3677 πράσσοντας.
1800 3606 1969 3661 Τοῦτο

387 3694 445 3747 δὲ
479 3692 620 3759 εἷπε,
650 3695 746 3766 τὴν
774 3697 1003 3750 ἀτοπίαν
1034 3697 1288 3750 δεικνύων
1322 3698 1420 3765 τῆς
1447 3697 1714 3768 πράξεως.

1013 3790 1250 3842 ΚΑΝΩΝ
1284 3792 1354 3842 Z'.

470 3897 488 3929 ι
526 3863 661 3948 Περὶ
692 3879 800 3932 τῶν
827 3880 1333 3951 ἐγκαταλεχθέντων
1366 3883 1478 3945 τοῖς
1503 3880 1797 3952 βαρϐάροις
1817 3921 1830 3945 ,
1874 3883 1968 3936 καὶ

2047 3416 2190 3470 mitti
2226 3418 2278 3468 in
2304 3417 2576 3486 regionem
2600 3417 2855 3473 homines
2884 3420 2973 3488 qui
2997 3421 3062 3474 de
3097 3422 3196 3474 bac
3223 3437 3282 3474 re
3318 3419 3627 3490 inquirant;

2048 3521 2156 3572 ne,
2200 3507 2410 3574 inquit,
2459 3507 2598 3576 ignis
2646 3509 2804 3562 cadat
2855 3511 3109 3573 ccelitus,
3151 3525 3214 3564 ac
3257 3526 3350 3565 eos
3391 3513 3484 3580 qui
3515 3513 3632 3568 haec

2049 3606 2217 3666 agunt
2245 3597 2518 3652 absumat.
2563 3596 2676 3653 Hoc
2708 3607 2884 3652 autent
2919 3600 3073 3665 dixit,
3105 3600 3364 3655 facinoris
3393 3604 3629 3670 gravita-

1953 3691 2156 3763 ⁸βψς-ελεγι
2192 3686 2461 3741 indicans.

2523 3770 2629 3841 32
2646 3777 2875 3832 CANON
2909 3777 3020 3831 VII.

2124 3888 2141 3918 ι
2187 3868 2261 3923 De
2297 3870 2362 3924 iis
2391 3869 2483 3938 qui
2518 3869 2657 3923 inter
2690 3870 2952 3924 barbaros
2985 3871 3326 3923 annnmerati
3363 3879 3526 3934 sunt,
3572 3881 3628 3925 et

395 3985 414 4017 ι
457 3967 633 4020 ἄτοπά
655 3985 774 4020 τινα
801 3969 940 4021 κατά
956 3969 1064 4020 τῶν
1081 3969 1365 4039 ὁμοφύλων
1397 3969 1802 4041 τολμησάντων.
1828 3973 1966 4036 Τοὺς

2054 3978 2072 4012 ι
2117 3962 2352 4014 absurda
2380 3961 2624 4030 quaedam
2661 3960 2713 4013 in
2743 3976 2836 4013 eos
2865 3961 2956 4027 qui
2985 3969 3112 4013 sunt
3135 3960 3216 4012 sui
3249 3961 3462 4028 gent-ris
3493 3961 3630 4014 fece-

396 4079 416 4108 ¢
461 4060 558 4129 μὲν
586 4055 677 4112 οὖν
710 4057 1208 4128 ἐγκαταλεχθέντας
1235 4063 1347 4122 τοῖς
1397 4058 1688 4131 βαρϐάροις
1723 4063 1816 4115 καὶ
1850 4063 1966 4132 μετ’

2054 4068 2073 4101 ι
2121 4063 2269 4103 runt.
2324 4049 2431 4102 Eos
2477 4049 2654 4118 itaque
2684 4050 2775 4118 qui
2823 4047 2962 4101 inter
3015 4047 3277 4101 barbaros
3324 4051 3625 4101 enumerati

396 4169 415 4200 ι
450 4150 630 4204 αὐτῶν
661 4152 718 4203 ἐν
755 4150 1102 4221 αἰχμαλωσίᾳ
1134 4150 1490 4216 ἐπελθόντας,
1522 4137 1963 4223 ἐπιλαθομένους,

2053 4159 2073 4194 ι
2116 4150 2275 4203 sunt,
2306 4150 2504 4194 etcum
2535 4142 2614 4194 eis
2644 4141 2696 4193 in
2746 4140 3054 4209 captivitate
3085 4140 3433 4203 invaserunt,
3473 4139 3624 4193 obliti

395 4259 415 4291 ι
457 4241 538 4293 ὅτι
564 4235 703 4311 ἦσαν
736 4239 988 4292 Ποντικοὶ
1023 4240 1115 4293 καὶ
1147 4240 1486 4311 Χριστιανοὶ,
1517 4240 1967 4312 ἐκϐαρϐαρωθένο

2053 4251 2070 4283 ι
2117 4247 2175 4286 se
2221 4247 2340 4286 esse
2379 4231 2632 4285 Ponticos
2676 4241 2729 4285 et
2773 4231 3151 4294 Christianos,
3195 4230 3398 4284 eﬂei'ati
3444 4242 3626 4283 autem

394 4351 414 4384 ι
449 4349 549 4395 τας
582 4331 637 4384 δὲ
663 4331 738 4393 ὡς
765 4330 858 4384 καὶ
893 4329 1142 4398 φονεύειν
1170 4331 1295 4394 τοὺς
1337 4329 1636 4400 ὁμοφύλους
1677 4331 1711 4400 ἢ
1760 4330 1898 4399 ξύλῳ
1928 4330 1962 4401 ἢ

2053 4342 2069 4375 ι
2116 4324 2440 4394 barbarique
2467 4324 2680 4389 redditi,
2713 4333 2769 4377 ut
2798 4332 2851 4376 et
2877 4338 2972 4378 eos
2997 4322 3090 4392 qui
3123 4323 3205 4376 sui
3233 4329 3360 4376 sunt
3387 4322 3625 4390 generis,

395 4440 414 4474 ι
452 4420 675 4494 ἀγχόνῃ,
711 4421 1091 4474 ὑποδεικνύναι
1113 4420 1170 4473 δέ
1203 4421 1235 4490 ἢ
1265 4421 1463 4491 ὁδοὺςῆ
1504 4422 1678 4484 οἰκίας
1713 4419 1966 4488 ἀγνοοῦσι

2053 4433 2069 4466 ι
2117 4417 2199 4470 vel
2237 4417 2382 4486 ligno
2414 4417 2492 4470 vel
2521 4407 2876 4472 suffocatione
2907 4415 3267 4478 interfietant,
3295 4416 3410 4468 vias
3443 4424 3625 4467 autem

397 4530 416 4562 ι
456 4513 566 4575 τοῖς
609 4510 931 4580 βαρϐάροις’
964 4511 1058 4562 καὶ
1088 4510 1184 4578 τῆς
1225 4511 1538 4579 ἀκροάσεως
1574 4509 1828 4580 ἀπεῖρξαι
1864 4511 1964 4580 δεῖ,

2053 4527 2069 4561 ι
2115 4510 2197 4563 vel
2228 4510 2420 4563 domos
2446 4510 2809 4566 nescientibus
2835 4509 3078 4563 barbaris
3103 4508 3424 4570 ostendant;
3457 4516 3622 4560 etiam

390 4620 406 4650 ο
453 4599 645 4669 μέχρις
669 4598 734 4651 ἂν
765 4601 916 4668 κοινῇ
936 4599 1064 4668 περὶ
1079 4597 1258 4651 αὐτῶν
1284 4615 1336 4650 τι
1364 4597 1489 4667 δόξῃ
1522 4596 1829 4649 συνελθοῦσι
1854 4601 1965 4661 τοῖς

2053 4618 2068 4652 ι
2115 4601 2183 4654 ab
2216 4599 2494 4654 auditione
2534 4614 2720 4653 arcere
2767 4607 3011 4666 oportet,
3057 4597 3230 4651 donec
3276 4599 3343 4650 de
3381 4597 3446 4651 iis
3489 4613 3621 4649 cou-

389 4711 408 4741 ι
445 4690 642 4758 ἁγίοις,
678 4690 770 4745 καὶ
797 4690 902 4762 πρὸ
933 4690 1110 4744 αὐτῶν
1142 4688 1218 4760 τῷ
1242 4689 1380 4758 ἁγίῳ
1411 4689 1706 4759 Πνεύματι.
1749 4708 1767 4740 ι

457 4873 648 4925 ΒΑΛΣ.
687 4870 1036 4940 Τοὺς-μέντοι
1073 4871 1210 4940 μετά
1237 4871 1295 4926 τὸ
1316 4870 1809 4940 αἰχμαλωτισθῆναι
1853 4875 1961 4936 τοῖς

387 4964 682 5034 βαρϐάροις
702 4963 1202 5034 ὁμοφρονήσαντας.
1235 4963 1326 5016 καὶ
1361 4963 1477 5032 μετ’
1498 4961 1674 5014 αὐτῶν
1701 4956 1810 5013 οἷον
1840 4960 1965 5031 βαρ-

385 5053 750 5123 ϐαρωθέντας,
785 5054 877 5106 καὶ
908 5054 1033 5116 τοὺς
1069 5051 1370 5121 ὁμοφύλους
1391 5051 1747 5122 Χριστιανοὺς
1775 5050 1964 5120 φονεύ-

387 5162 608 5207 σαντας,
643 5145 676 5214 ἢ
731 5145 883 5207 ὁδοὺς
925 5144 1289 5211 ἀγνοουμένας
1326 5145 1438 5202 τοῖς
1490 5141 1782 5213 βαρϐάροις
1806 5182 1821 5204 ,
1871 5141 1958 5193 κα¹ί

386 5234 703 5297 ἀπαγούσας
736 5235 815 5299 είς
858 5233 1212 5304 Χριστιανοὺς
1257 5231 1670 5294 ὑποδείξαντας,
1714 5230 1747 5300 ἢ
1788 5230 1962 5296 οἰκίας

386 5325 588 5378 τούτων
615 5324 945 5395 καταδήλους
971 5327 1080 5386 τοῖς
1110 5321 1385 5393 πολεμίοις
1429 5322 1755 5392 ποιήσαντας
1774 5358 1789 5383 ,
1826 5319 1960 5390 μηδὲ

387 5417 465 5478 εἰς
497 5416 758 5486 ἀκρόασιν
787 5414 892 5467 τῶν
910 5414 1070 5467 θείων
1095 5411 1409 5481 δοξολογιῶν
1435 5409 1840 5481 παραδεχθῑψαι
1857 5410 1958 5463 διο-

390 5507 623 5578 ρίζεται·
661 5506 795 5560 ἀλλά
854 5507 958 5571 ἔξω
997 5503 1274 5566 παντελῶς
1333 5502 1432 5570 τῆς
1472 5501 1764 5568 ἐκκλησίας
1811 5501 1952 5554 ἵστα·

389 5595 512 5649 σθαι
560 5598 756 5659 αὐτοὺς
805 5600 860 5649 ἐν
901 5598 1049 5666 τόπῳ
1088 5593 1520 5666 προσκλαιόντων
1569 5592 1782 5654 πάντως
1826 5589 1958 5661 μετὰ

388 5691 484 5759 τὴν
515 5689 901 5760 ἐξομολόγησιν
931 5689 961 5758 ἣ
990 5687 1086 5754 τήν
1114 5685 1431 5755 καταδίκην,
1456 5685 1568 5746 ,ἕως
1597 5683 1660 5736 ἂν
1680 5684 1957 5752 σκοπήσω-

392 5783 543 5832 armi
575 5783 716 5848 ἆγιοι
754 5781 877 5848 περὶ
908 5778 1085 5830 αὐτῶν
1132 5779 1283 5847 κοινῇ
1331 5775 1688 5841 συνελθόντες.
1750 5775 1954 5842 Ἀγξους

2048 4707 2068 4741 ι
2116 4690 2349 4758 gregalis
2377 4689 2580 4743 sanctis
2609 4687 2810 4755 aliquid
2841 4687 3202 4740 communiter
3235 4688 3406 4739 visunt
3435 4685 3619 4749 fuerit,

2050 4800 2067 4831 ι
2115 4789 2167 4834 et
2192 4789 2316 4833 ante
2347 4794 2442 4833 eos
2473 4787 2662 4832 saneto
2693 4776 2939 4845 Spiritui.
2981 4794 3000 4826 ι

2125 4870 2284 4924 ΒΑιε.
2327 4868 2433 4922 Eos
2492 4869 2708 4937 quidem
2761 4867 2851 4936 qui
2897 4874 3181 4934 postquam
3236 4865 3430 4934 captivi
3488 4863 3621 4918 facti

2043 4970 2206 5026 sunt,
2256 4959 2500 5014 barbaris
2545 4967 2981 5020 consenserunt,
3029 4966 3082 5009 et
3143 4971 3268 5010 enm
3326 4956 3407 5009 eis
3451 4955 3616 5009 veluti

2047 5052 2262 5106 barbari
2295 5050 2468 5105 eﬂccti
2502 5058 2661 5115 sunt,
2700 5059 2753 5103 et
2794 5049 2875 5104 sui
2903 5047 3116 5118 generis
3156 5045 3498 5100 Christianos
3535 5047 3618 5098 in-

2045 5143 2372 5200 terfecerunt
2396 5181 2410 5204 ,
2447 5144 2528 5196 vel
2567 5144 2683 5196 vias
2722 5142 2966 5196 barbaris
3013 5142 3226 5209 ignotas
3257 5147 3311 5192 et
3343 5139 3408 5192 ad
3459 5137 3617 5192 Clui-

2044 5235 2250 5288 stianos
2296 5233 2556 5287 ducentes
2601 5234 2973 5292 ostenderunt,
3000 5230 3079 5283 vel
3123 5243 3310 5282 eorum
3347 5229 3489 5282 aedes
3521 5229 3619 5280 ho-

2042 5326 2218 5380 stibus
2243 5323 2557 5380 manifestas
2592 5323 2850 5385 fecerunt,
2883 5338 2947 5376 ne
2969 5321 3034 5374 ad
3065 5323 3371 5377 divinarum
3399 5320 3620 5388 quidem

2042 5415 2262 5471 laudum
2298 5415 2625 5469 auditionem
2661 5413 3022 5467 admittendos
3061 5427 3182 5466 esse
3213 5410 3487 5464 decernit:
3522 5410 3620 5462 sed

2042 5523 2138 5563 eos
2166 5509 2389 5562 omnino
2434 5517 2581 5562 extra
2643 5506 2928 5560 ecclesiam
2961 5503 3124 5558 statui
3169 5505 3220 5556 in
3263 5501 3382 5555 loco
3417 5499 3622 5553 deﬂen-

2042 5606 2176 5656 tium
2199 5642 2213 5667 ,
2271 5612 2391 5672 post
2419 5601 2819 5656 confessionem
2853 5600 3058 5655 scilicet
3089 5598 3168 5652 vel
3211 5593 3623 5651 condemnatio-

2043 5708 2207 5759 nem,
2257 5694 2430 5746 donec
2471 5693 2639 5745 sancti
2689 5691 2864 5744 sitnul'
2897 5688 3204 5757 congregati
3257 5687 3324 5738 de
3365 5683 3429 5735 iis
3470 5682 3618 5734 cout-

2042 5785 2278 5842 munitcr
2305 5786 2606 5838 statuerint.
2646 5783 2874 5836 Sanctus
2909 5789 3085 5834 autem
3119 5778 3401 5847 episcopo»
3436 5774 3612 5844 ίιυλιυὶ-
