  <div class='ocr_page' id='page_1' title='image "/cluster/home/n/w/nwhite01/storage/ocr_20150623/138:no.2/coo.31924054870435/277.png"; bbox 0 0 4076 6390; ppageno 0'>
   <div class='ocr_carea' id='block_1_1' title="bbox 498 324 603 390">
    <p class='ocr_par' dir='ltr' id='par_1_1' title="bbox 498 324 603 390">
     <span class='ocr_line' id='line_1_1' title="bbox 498 324 603 390; baseline -0.029 0"><span class='ocrx_word' id='word_1_1' title='bbox 498 324 603 390; x_wconf 79' lang='lat'><strong>539</strong></span> 
     </span>
    </p>
   </div>
   <div class='ocr_carea' id='block_1_2' title="bbox 1795 342 2519 416">
    <p class='ocr_par' dir='ltr' id='par_1_2' title="bbox 1795 342 2519 416">
     <span class='ocr_line' id='line_1_2' title="bbox 1795 342 2519 416; baseline 0.015 -11"><span class='ocrx_word' id='word_1_2' title='bbox 1795 342 1891 405; x_wconf 85' lang='grc' dir='ltr'><strong>ΤΗ</strong></span> <span class='ocrx_word' id='word_1_3' title='bbox 1902 344 2089 411; x_wconf 79' lang='grc' dir='ltr'><strong>ΕΟΙ).·</strong></span> <span class='ocrx_word' id='word_1_4' title='bbox 2116 345 2203 410; x_wconf 76' lang='grc' dir='ltr'><strong>ΒΑ</strong></span> <span class='ocrx_word' id='word_1_5' title='bbox 2215 353 2351 413; x_wconf 79' lang='lat' dir='ltr'><strong>LSA</strong></span> <span class='ocrx_word' id='word_1_6' title='bbox 2361 350 2519 416; x_wconf 68' lang='grc' dir='ltr'><strong>ΜΘΝ</strong></span> 
     </span>
    </p>
   </div>
   <div class='ocr_carea' id='block_1_3' title="bbox 3656 363 3762 434">
    <p class='ocr_par' dir='ltr' id='par_1_3' title="bbox 3656 363 3762 434">
     <span class='ocr_line' id='line_1_3' title="bbox 3656 363 3762 434; baseline 0.019 -2"><span class='ocrx_word' id='word_1_7' title='bbox 3656 363 3762 434; x_wconf 67' lang='grc'><strong>540</strong></span> 
     </span>
    </p>
   </div>
   <div class='ocr_carea' id='block_1_4' title="bbox 503 467 2067 568">
    <p class='ocr_par' dir='ltr' id='par_1_4' title="bbox 503 467 2067 541">
     <span class='ocr_line' id='line_1_4' title="bbox 503 467 2067 541; baseline 0.004 -18"><span class='ocrx_word' id='word_1_8' title='bbox 503 470 599 524; x_wconf 98' lang='lat' dir='ltr'><strong>lat.</strong></span> <span class='ocrx_word' id='word_1_9' title='bbox 648 467 783 526; x_wconf 90' lang='lat' dir='ltr'><strong>lllud</strong></span> <span class='ocrx_word' id='word_1_10' title='bbox 832 482 1033 533; x_wconf 84' lang='lat' dir='ltr'><strong>autem,</strong></span> <span class='ocrx_word' id='word_1_11' title='bbox 1064 484 1189 526; x_wconf 70' lang='lat' dir='ltr'><strong>ante</strong></span> <span class='ocrx_word' id='word_1_12' title='bbox 1241 470 1384 538; x_wconf 68' lang='lat' dir='ltr'><strong>ipso:</strong></span> <span class='ocrx_word' id='word_1_13' title='bbox 1429 480 1611 524; x_wconf 68' lang='lat' dir='ltr'><strong>cancro</strong></span> <span class='ocrx_word' id='word_1_14' title='bbox 1665 472 1914 541; x_wconf 70' lang='lat' dir='ltr'><strong>Spiritui.</strong></span> <span class='ocrx_word' id='word_1_15' title='bbox 1951 474 2067 535; x_wconf 73' lang='lat' dir='ltr'><strong>sub</strong></span> 
     </span>
    </p>
   </div>
   <div class='ocr_carea' id='block_1_5' title="bbox 2162 467 3754 568">
    <p class='ocr_par' dir='ltr' id='par_1_5' title="bbox 2183 480 3754 568">
     <span class='ocr_line' id='line_1_5' title="bbox 2183 480 3754 568; baseline 0.013 -33"><span class='ocrx_word' id='word_1_16' title='bbox 2183 480 2241 535; x_wconf 79' lang='grc' dir='ltr'><strong>δέ</strong></span> <span class='ocrx_word' id='word_1_17' title='bbox 2262 482 2388 545; x_wconf 75' lang='grc' dir='ltr'>τοὺς</span> <span class='ocrx_word' id='word_1_18' title='bbox 2414 484 2739 550; x_wconf 78' lang='grc' dir='ltr'>ἐπισκόπους</span> <span class='ocrx_word' id='word_1_19' title='bbox 2759 488 2928 542; x_wconf 81' lang='grc' dir='ltr'>καλεῖ.</span> <span class='ocrx_word' id='word_1_20' title='bbox 2955 489 3027 545; x_wconf 78' lang='grc' dir='ltr'>Τὸ</span> <span class='ocrx_word' id='word_1_21' title='bbox 3040 491 3118 553; x_wconf 79' lang='grc' dir='ltr'>δὲ,</span> <span class='ocrx_word' id='word_1_22' title='bbox 3145 492 3259 562; x_wconf 76' lang='grc' dir='ltr'>πρὸ</span> <span class='ocrx_word' id='word_1_23' title='bbox 3282 493 3478 551; x_wconf 77' lang='grc' dir='ltr'>αὐτῶν</span> <span class='ocrx_word' id='word_1_24' title='bbox 3500 496 3579 563; x_wconf 84' lang='grc' dir='ltr'>τῷ</span> <span class='ocrx_word' id='word_1_25' title='bbox 3606 499 3754 568; x_wconf 71' lang='grc' dir='ltr'><strong>ἁγίῳ</strong></span> 
     </span>
    </p>
   </div>
   <div class='ocr_carea' id='block_1_6' title="bbox 419 559 2082 643">
    <p class='ocr_par' dir='ltr' id='par_1_6' title="bbox 419 559 2082 643">
     <span class='ocr_line' id='line_1_6' title="bbox 419 559 2082 643; baseline 0.004 -31"><span class='ocrx_word' id='word_1_26' title='bbox 419 572 441 643; x_wconf 31' lang='grc' dir='ltr'><strong>’ὲ</strong></span> <span class='ocrx_word' id='word_1_27' title='bbox 500 559 718 628; x_wconf 79' lang='lat' dir='ltr'><strong>junxit,</strong></span> <span class='ocrx_word' id='word_1_28' title='bbox 760 561 1085 626; x_wconf 83' lang='lat' dir='ltr'><strong>ostendens,</strong></span> <span class='ocrx_word' id='word_1_29' title='bbox 1136 562 1282 630; x_wconf 87' lang='lat' dir='ltr'><strong>quod</strong></span> <span class='ocrx_word' id='word_1_30' title='bbox 1322 575 1658 631; x_wconf 59' lang='lat' dir='ltr'><strong>quiscunque</strong></span> <span class='ocrx_word' id='word_1_31' title='bbox 1704 563 1756 616; x_wconf 86' lang='lat' dir='ltr'><strong>in</strong></span> <span class='ocrx_word' id='word_1_32' title='bbox 1805 565 2082 619; x_wconf 87' lang='lat' dir='ltr'><strong>communi</strong></span> 
     </span>
    </p>
   </div>
   <div class='ocr_carea' id='block_1_7' title="bbox 432 648 2083 723">
    <p class='ocr_par' dir='ltr' id='par_1_7' title="bbox 432 648 2083 723">
     <span class='ocr_line' id='line_1_7' title="bbox 432 648 2083 723; baseline 0.004 -21"><span class='ocrx_word' id='word_1_33' title='bbox 432 662 441 723; x_wconf 68' lang='grc' dir='ltr'>ξ</span> <span class='ocrx_word' id='word_1_34' title='bbox 503 648 945 705; x_wconf 89' lang='lat' dir='ltr'><strong>consideratione</strong></span> <span class='ocrx_word' id='word_1_35' title='bbox 970 651 1039 704; x_wconf 88' lang='lat' dir='ltr'><strong>ab</strong></span> <span class='ocrx_word' id='word_1_36' title='bbox 1062 650 1331 720; x_wconf 83' lang='lat' dir='ltr'><strong>episcopis</strong></span> <span class='ocrx_word' id='word_1_37' title='bbox 1352 651 1732 718; x_wconf 84' lang='lat' dir='ltr'><strong>dispensantur</strong></span> <span class='ocrx_word' id='word_1_38' title='bbox 1759 660 1814 707; x_wconf 89' lang='lat' dir='ltr'><strong>et</strong></span> <span class='ocrx_word' id='word_1_39' title='bbox 1838 661 2083 709; x_wconf 82' lang='lat' dir='ltr'><strong>statuun-</strong></span> 
     </span>
    </p>
   </div>
   <div class='ocr_carea' id='block_1_8' title="bbox 422 725 2079 814">
    <p class='ocr_par' dir='ltr' id='par_1_8' title="bbox 422 725 2079 814">
     <span class='ocr_line' id='line_1_8' title="bbox 422 725 2079 814; baseline 0.006 -22"><span class='ocrx_word' id='word_1_40' title='bbox 422 725 439 737; x_wconf 73' lang='grc'><em>’</em></span> <span class='ocrx_word' id='word_1_41' title='bbox 505 748 630 804; x_wconf 90' lang='lat' dir='ltr'><strong>tur,</strong></span> <span class='ocrx_word' id='word_1_42' title='bbox 663 737 904 808; x_wconf 76' lang='lat' dir='ltr'><strong>Spiritus</strong></span> <span class='ocrx_word' id='word_1_43' title='bbox 949 750 1171 797; x_wconf 86' lang='lat' dir='ltr'><strong>sanctus</strong></span> <span class='ocrx_word' id='word_1_44' title='bbox 1216 756 1278 796; x_wconf 88' lang='lat' dir='ltr'><strong>ea</strong></span> <span class='ocrx_word' id='word_1_45' title='bbox 1325 744 1582 811; x_wconf 73' lang='lat' dir='ltr'><strong>suggerit.</strong></span> <span class='ocrx_word' id='word_1_46' title='bbox 1634 741 1700 797; x_wconf 87' lang='lat' dir='ltr'><strong>Et</strong></span> <span class='ocrx_word' id='word_1_47' title='bbox 1742 743 1826 799; x_wconf 78' lang='lat' dir='ltr'><strong>lex</strong></span> <span class='ocrx_word' id='word_1_48' title='bbox 1859 746 2079 814; x_wconf 80' lang='lat' dir='ltr'><strong>quidem</strong></span> 
     </span>
    </p>
   </div>
   <div class='ocr_carea' id='block_1_9' title="bbox 501 832 2079 904">
    <p class='ocr_par' dir='ltr' id='par_1_9' title="bbox 501 832 2079 904">
     <span class='ocr_line' id='line_1_9' title="bbox 501 832 2079 904; baseline 0.005 -18"><span class='ocrx_word' id='word_1_49' title='bbox 501 832 874 889; x_wconf 87' lang='lat' dir='ltr'><strong>ecclesiastica</strong></span> <span class='ocrx_word' id='word_1_50' title='bbox 918 836 1066 904; x_wconf 87' lang='lat' dir='ltr'><strong>ipsos</strong></span> <span class='ocrx_word' id='word_1_51' title='bbox 1107 836 1188 889; x_wconf 90' lang='lat' dir='ltr'><strong>sic</strong></span> <span class='ocrx_word' id='word_1_52' title='bbox 1233 838 1408 903; x_wconf 89' lang='lat' dir='ltr'><strong>punit.</strong></span> <span class='ocrx_word' id='word_1_53' title='bbox 1450 833 1563 890; x_wconf 80' lang='lat' dir='ltr'><strong>Lex</strong></span> <span class='ocrx_word' id='word_1_54' title='bbox 1607 850 1739 891; x_wconf 89' lang='lat' dir='ltr'><strong>vero</strong></span> <span class='ocrx_word' id='word_1_55' title='bbox 1777 838 1951 893; x_wconf 82' lang='lat' dir='ltr'><strong>civilis</strong></span> <span class='ocrx_word' id='word_1_56' title='bbox 1984 853 2079 894; x_wconf 86' lang='lat' dir='ltr'><strong>eoa</strong></span> 
     </span>
    </p>
   </div>
   <div class='ocr_carea' id='block_1_10' title="bbox 502 924 2079 997">
    <p class='ocr_par' dir='ltr' id='par_1_10' title="bbox 502 924 2079 997">
     <span class='ocr_line' id='line_1_10' title="bbox 502 924 2079 997; baseline 0.004 -19"><span class='ocrx_word' id='word_1_57' title='bbox 502 925 807 995; x_wconf 86' lang='lat' dir='ltr'><strong>majestatis</strong></span> <span class='ocrx_word' id='word_1_58' title='bbox 844 928 1060 982; x_wconf 88' lang='lat' dir='ltr'><strong>crimini</strong></span> <span class='ocrx_word' id='word_1_59' title='bbox 1092 929 1330 997; x_wconf 88' lang='lat' dir='ltr'><strong>subjicit.</strong></span> <span class='ocrx_word' id='word_1_60' title='bbox 1367 927 1508 982; x_wconf 87' lang='lat' dir='ltr'><strong>Dicit</strong></span> <span class='ocrx_word' id='word_1_61' title='bbox 1536 928 1680 981; x_wconf 90' lang='lat' dir='ltr'><strong>enim</strong></span> <span class='ocrx_word' id='word_1_62' title='bbox 1719 924 2079 997; x_wconf 69' lang='lat' dir='ltr'><strong>primum&#39;cao</strong></span> 
     </span>
    </p>
   </div>
   <div class='ocr_carea' id='block_1_11' title="bbox 500 1016 2079 1093">
    <p class='ocr_par' dir='ltr' id='par_1_11' title="bbox 500 1016 2079 1093">
     <span class='ocr_line' id='line_1_11' title="bbox 500 1016 2079 1093; baseline 0.002 -20"><span class='ocrx_word' id='word_1_63' title='bbox 500 1026 618 1087; x_wconf 85' lang='lat' dir='ltr'><strong>put.</strong></span> <span class='ocrx_word' id='word_1_64' title='bbox 661 1018 729 1073; x_wconf 79' lang='lat'><strong>36</strong></span> <span class='ocrx_word' id='word_1_65' title='bbox 759 1019 865 1081; x_wconf 89' lang='lat' dir='ltr'><strong>tit.,</strong></span> <span class='ocrx_word' id='word_1_66' title='bbox 899 1031 965 1072; x_wconf 68' lang='grc' dir='ltr'><strong>ιιι</strong></span> <span class='ocrx_word' id='word_1_67' title='bbox 1003 1019 1093 1073; x_wconf 93' lang='lat' dir='ltr'><strong>lib.</strong></span> <span class='ocrx_word' id='word_1_68' title='bbox 1133 1038 1146 1073; x_wconf 92' lang='lat'>:</span> <span class='ocrx_word' id='word_1_69' title='bbox 1183 1016 1293 1073; x_wconf 81' lang='lat' dir='ltr'><strong>Lex</strong></span> <span class='ocrx_word' id='word_1_70' title='bbox 1321 1018 1620 1087; x_wconf 88' lang='lat' dir='ltr'><strong>majestatis</strong></span> <span class='ocrx_word' id='word_1_71' title='bbox 1644 1018 1838 1075; x_wconf 83' lang='lat' dir='ltr'><strong>similis</strong></span> <span class='ocrx_word' id='word_1_72' title='bbox 1866 1028 1949 1075; x_wconf 88' lang='lat' dir='ltr'><strong>est</strong></span> <span class='ocrx_word' id='word_1_73' title='bbox 1972 1019 2079 1093; x_wconf 85' lang='lat' dir='ltr'><strong>legi</strong></span> 
     </span>
    </p>
   </div>
   <div class='ocr_carea' id='block_1_12' title="bbox 499 1094 2074 1179">
    <p class='ocr_par' dir='ltr' id='par_1_12' title="bbox 499 1094 2074 1179">
     <span class='ocr_line' id='line_1_12' title="bbox 499 1094 2074 1179; baseline 0.002 -18"><span class='ocrx_word' id='word_1_74' title='bbox 499 1109 567 1161; x_wconf 88' lang='lat' dir='ltr'><strong>de</strong></span> <span class='ocrx_word' id='word_1_75' title='bbox 592 1108 897 1176; x_wconf 87' lang='lat' dir='ltr'><strong>sacrilegio.</strong></span> <span class='ocrx_word' id='word_1_76' title='bbox 928 1107 994 1161; x_wconf 87' lang='lat' dir='ltr'><strong>Et</strong></span> <span class='ocrx_word' id='word_1_77' title='bbox 1031 1117 1244 1163; x_wconf 91' lang='lat' dir='ltr'><strong>tenetur</strong></span> <span class='ocrx_word' id='word_1_78' title='bbox 1268 1125 1352 1174; x_wconf 90' lang='lat' dir='ltr'><strong>ea,</strong></span> <span class='ocrx_word' id='word_1_79' title='bbox 1377 1103 1479 1179; x_wconf 85' lang='lat' dir='ltr'><strong>qui</strong></span> <span class='ocrx_word' id='word_1_80' title='bbox 1502 1094 1765 1174; x_wconf 59' lang='lat' dir='ltr'><strong>adversus</strong></span> <span class='ocrx_word' id='word_1_81' title='bbox 1817 1110 2074 1179; x_wconf 76' lang='lat' dir='ltr'><strong>pupulum</strong></span> 
     </span>
    </p>
   </div>
   <div class='ocr_carea' id='block_1_13' title="bbox 499 1195 2079 1267">
    <p class='ocr_par' dir='ltr' id='par_1_13' title="bbox 499 1195 2079 1267">
     <span class='ocr_line' id='line_1_13' title="bbox 499 1195 2079 1267; baseline 0.004 -17"><span class='ocrx_word' id='word_1_82' title='bbox 499 1195 806 1250; x_wconf 77' lang='lat' dir='ltr'><strong>Romanum</strong></span> <span class='ocrx_word' id='word_1_83' title='bbox 852 1197 1167 1259; x_wconf 88' lang='lat' dir='ltr'><strong>commisit,</strong></span> <span class='ocrx_word' id='word_1_84' title='bbox 1228 1206 1283 1252; x_wconf 90' lang='lat' dir='ltr'><strong>et</strong></span> <span class='ocrx_word' id='word_1_85' title='bbox 1320 1198 1414 1267; x_wconf 85' lang='lat' dir='ltr'><strong>qui</strong></span> <span class='ocrx_word' id='word_1_86' title='bbox 1480 1198 1608 1252; x_wconf 86' lang='lat' dir='ltr'><strong>dolo</strong></span> <span class='ocrx_word' id='word_1_87' title='bbox 1671 1198 1815 1254; x_wconf 88' lang='lat' dir='ltr'><strong>malo</strong></span> <span class='ocrx_word' id='word_1_88' title='bbox 1869 1202 2079 1256; x_wconf 84' lang='lat' dir='ltr'><strong>curavit</strong></span> 
     </span>
    </p>
   </div>
   <div class='ocr_carea' id='block_1_14' title="bbox 496 1280 2073 1356">
    <p class='ocr_par' dir='ltr' id='par_1_14' title="bbox 496 1280 2073 1356">
     <span class='ocr_line' id='line_1_14' title="bbox 496 1280 2073 1356; baseline 0.003 -15"><span class='ocrx_word' id='word_1_89' title='bbox 496 1286 706 1356; x_wconf 88' lang='lat' dir='ltr'><strong>injussu</strong></span> <span class='ocrx_word' id='word_1_90' title='bbox 746 1280 1006 1356; x_wconf 77' lang='lat' dir='ltr'><strong>principis</strong></span> <span class='ocrx_word' id='word_1_91' title='bbox 1055 1287 1272 1343; x_wconf 79' lang='lat' dir='ltr'><strong>obsides</strong></span> <span class='ocrx_word' id='word_1_92' title='bbox 1317 1288 1591 1353; x_wconf 82' lang='lat' dir='ltr'><strong>interimi;</strong></span> <span class='ocrx_word' id='word_1_93' title='bbox 1645 1289 1726 1343; x_wconf 86' lang='lat' dir='ltr'><strong>vel</strong></span> <span class='ocrx_word' id='word_1_94' title='bbox 1779 1296 1838 1344; x_wconf 88' lang='lat' dir='ltr'><strong>ut</strong></span> <span class='ocrx_word' id='word_1_95' title='bbox 1880 1292 2073 1346; x_wconf 79' lang='lat' dir='ltr'><strong>armati</strong></span> 
     </span>
    </p>
   </div>
   <div class='ocr_carea' id='block_1_15' title="bbox 495 1377 2076 1447">
    <p class='ocr_par' dir='ltr' id='par_1_15' title="bbox 495 1377 2076 1447">
     <span class='ocr_line' id='line_1_15' title="bbox 495 1377 2076 1447; baseline 0.003 -15"><span class='ocrx_word' id='word_1_96' title='bbox 495 1377 748 1433; x_wconf 85' lang='lat' dir='ltr'><strong>homines</strong></span> <span class='ocrx_word' id='word_1_97' title='bbox 777 1378 830 1430; x_wconf 92' lang='lat' dir='ltr'><strong>in</strong></span> <span class='ocrx_word' id='word_1_98' title='bbox 862 1380 997 1433; x_wconf 90' lang='lat' dir='ltr'><strong>urbe</strong></span> <span class='ocrx_word' id='word_1_99' title='bbox 1023 1379 1132 1434; x_wconf 88' lang='lat' dir='ltr'><strong>sint</strong></span> <span class='ocrx_word' id='word_1_100' title='bbox 1155 1379 1418 1434; x_wconf 85' lang='lat' dir='ltr'><strong>adversus</strong></span> <span class='ocrx_word' id='word_1_101' title='bbox 1452 1378 1875 1447; x_wconf 84' lang='lat' dir='ltr'><strong>rempublicam,</strong></span> <span class='ocrx_word' id='word_1_102' title='bbox 1906 1380 1990 1435; x_wconf 88' lang='lat' dir='ltr'><strong>vel</strong></span> <span class='ocrx_word' id='word_1_103' title='bbox 2017 1389 2076 1436; x_wconf 88' lang='lat' dir='ltr'><strong>ut</strong></span> 
     </span>
    </p>
   </div>
   <div class='ocr_carea' id='block_1_16' title="bbox 493 1462 2077 1539">
    <p class='ocr_par' dir='ltr' id='par_1_16' title="bbox 493 1462 2077 1539">
     <span class='ocr_line' id='line_1_16' title="bbox 493 1462 2077 1539; baseline 0.002 -18"><span class='ocrx_word' id='word_1_104' title='bbox 493 1468 614 1523; x_wconf 86' lang='lat' dir='ltr'><strong>loca</strong></span> <span class='ocrx_word' id='word_1_105' title='bbox 649 1462 743 1522; x_wconf 73' lang='lat' dir='ltr'><strong>aut</strong></span> <span class='ocrx_word' id='word_1_106' title='bbox 767 1469 963 1539; x_wconf 81' lang='lat' dir='ltr'><strong>templa</strong></span> <span class='ocrx_word' id='word_1_107' title='bbox 994 1478 1348 1539; x_wconf 87' lang='lat' dir='ltr'><strong>occupentur,</strong></span> <span class='ocrx_word' id='word_1_108' title='bbox 1383 1469 1464 1524; x_wconf 91' lang='lat' dir='ltr'><strong>vel</strong></span> <span class='ocrx_word' id='word_1_109' title='bbox 1497 1462 1790 1525; x_wconf 76' lang='lat' dir='ltr'><strong>seditiosus</strong></span> <span class='ocrx_word' id='word_1_110' title='bbox 1822 1470 1913 1524; x_wconf 86' lang='lat' dir='ltr'><strong>liat</strong></span> <span class='ocrx_word' id='word_1_111' title='bbox 1944 1485 2077 1527; x_wconf 75' lang='lat' dir='ltr'><strong>ccu-</strong></span> 
     </span>
    </p>
   </div>
   <div class='ocr_carea' id='block_1_17' title="bbox 493 1561 2075 1631">
    <p class='ocr_par' dir='ltr' id='par_1_17' title="bbox 493 1561 2075 1631">
     <span class='ocr_line' id='line_1_17' title="bbox 493 1561 2075 1631; baseline 0.003 -17"><span class='ocrx_word' id='word_1_112' title='bbox 493 1570 710 1625; x_wconf 90' lang='lat' dir='ltr'><strong>ventus,</strong></span> <span class='ocrx_word' id='word_1_113' title='bbox 746 1561 827 1614; x_wconf 86' lang='lat' dir='ltr'><strong>vel</strong></span> <span class='ocrx_word' id='word_1_114' title='bbox 871 1570 928 1614; x_wconf 90' lang='lat' dir='ltr'><strong>ut</strong></span> <span class='ocrx_word' id='word_1_115' title='bbox 968 1561 1248 1616; x_wconf 83' lang='lat' dir='ltr'><strong>occidatur</strong></span> <span class='ocrx_word' id='word_1_116' title='bbox 1279 1561 1665 1631; x_wconf 82' lang='lat' dir='ltr'><strong>magistratus,</strong></span> <span class='ocrx_word' id='word_1_117' title='bbox 1696 1570 1750 1617; x_wconf 91' lang='lat' dir='ltr'><strong>et</strong></span> <span class='ocrx_word' id='word_1_118' title='bbox 1780 1562 1847 1617; x_wconf 89' lang='lat' dir='ltr'><strong>ad</strong></span> <span class='ocrx_word' id='word_1_119' title='bbox 1888 1562 2075 1619; x_wconf 82' lang='lat' dir='ltr'><strong>hostes</strong></span> 
     </span>
    </p>
   </div>
   <div class='ocr_carea' id='block_1_18' title="bbox 495 1653 2075 1724">
    <p class='ocr_par' dir='ltr' id='par_1_18' title="bbox 495 1653 2075 1724">
     <span class='ocr_line' id='line_1_18' title="bbox 495 1653 2075 1724; baseline 0.005 -21"><span class='ocrx_word' id='word_1_120' title='bbox 495 1653 744 1706; x_wconf 88' lang='lat' dir='ltr'><strong>nuntium</strong></span> <span class='ocrx_word' id='word_1_121' title='bbox 770 1654 852 1707; x_wconf 88' lang='lat' dir='ltr'><strong>vel</strong></span> <span class='ocrx_word' id='word_1_122' title='bbox 880 1654 1089 1708; x_wconf 78' lang='lat' dir='ltr'><strong>litteras</strong></span> <span class='ocrx_word' id='word_1_123' title='bbox 1111 1653 1279 1717; x_wconf 87' lang='lat' dir='ltr'><strong>misit,</strong></span> <span class='ocrx_word' id='word_1_124' title='bbox 1308 1654 1389 1708; x_wconf 89' lang='lat' dir='ltr'><strong>vel</strong></span> <span class='ocrx_word' id='word_1_125' title='bbox 1420 1654 1572 1724; x_wconf 80' lang='lat' dir='ltr'><strong>signa</strong></span> <span class='ocrx_word' id='word_1_126' title='bbox 1600 1656 1682 1710; x_wconf 89' lang='lat' dir='ltr'><strong>eis</strong></span> <span class='ocrx_word' id='word_1_127' title='bbox 1704 1655 1869 1720; x_wconf 89' lang='lat' dir='ltr'><strong>dedit,</strong></span> <span class='ocrx_word' id='word_1_128' title='bbox 1898 1655 2075 1711; x_wconf 80' lang='lat' dir='ltr'><strong>aliove</strong></span> 
     </span>
    </p>
   </div>
   <div class='ocr_carea' id='block_1_19' title="bbox 495 1742 2076 1813">
    <p class='ocr_par' dir='ltr' id='par_1_19' title="bbox 495 1742 2076 1813">
     <span class='ocr_line' id='line_1_19' title="bbox 495 1742 2076 1813; baseline 0.004 -20"><span class='ocrx_word' id='word_1_129' title='bbox 495 1742 659 1795; x_wconf 88' lang='lat' dir='ltr'><strong>modo</strong></span> <span class='ocrx_word' id='word_1_130' title='bbox 692 1742 771 1797; x_wconf 89' lang='lat' dir='ltr'><strong>eis</strong></span> <span class='ocrx_word' id='word_1_131' title='bbox 801 1744 923 1797; x_wconf 86' lang='lat' dir='ltr'><strong>tulit</strong></span> <span class='ocrx_word' id='word_1_132' title='bbox 947 1744 1208 1798; x_wconf 80' lang='lat' dir='ltr'><strong>auxilium</strong></span> <span class='ocrx_word' id='word_1_133' title='bbox 1231 1785 1247 1809; x_wconf 95' lang='lat'><strong>,</strong></span> <span class='ocrx_word' id='word_1_134' title='bbox 1282 1753 1335 1798; x_wconf 91' lang='lat' dir='ltr'><strong>et</strong></span> <span class='ocrx_word' id='word_1_135' title='bbox 1362 1745 1456 1813; x_wconf 88' lang='lat' dir='ltr'><strong>qui</strong></span> <span class='ocrx_word' id='word_1_136' title='bbox 1488 1745 1798 1800; x_wconf 83' lang='lat' dir='ltr'><strong>sollicitavit</strong></span> <span class='ocrx_word' id='word_1_137' title='bbox 1828 1745 1911 1801; x_wconf 90' lang='lat' dir='ltr'><strong>vel</strong></span> <span class='ocrx_word' id='word_1_138' title='bbox 1942 1761 2076 1800; x_wconf 84' lang='lat' dir='ltr'><strong>eon-</strong></span> 
     </span>
    </p>
   </div>
   <div class='ocr_carea' id='block_1_20' title="bbox 2183 569 3755 658">
    <p class='ocr_par' dir='ltr' id='par_1_20' title="bbox 2183 569 3755 658">
     <span class='ocr_line' id='line_1_20' title="bbox 2183 569 3755 658; baseline 0.014 -36"><span class='ocrx_word' id='word_1_139' title='bbox 2183 569 2501 638; x_wconf 72' lang='grc' dir='ltr'>Πνεύματι,</span> <span class='ocrx_word' id='word_1_140' title='bbox 2528 573 2796 643; x_wconf 80' lang='grc' dir='ltr'>ἐπήγαγε,</span> <span class='ocrx_word' id='word_1_141' title='bbox 2815 578 3044 642; x_wconf 79' lang='grc' dir='ltr'>δεικνὺς,</span> <span class='ocrx_word' id='word_1_142' title='bbox 3065 582 3146 636; x_wconf 81' lang='grc' dir='ltr'>ὅτι</span> <span class='ocrx_word' id='word_1_143' title='bbox 3172 584 3270 637; x_wconf 85' lang='grc' dir='ltr'>ὃσα</span> <span class='ocrx_word' id='word_1_144' title='bbox 3288 585 3346 637; x_wconf 83' lang='grc' dir='ltr'><strong>ἐν</strong></span> <span class='ocrx_word' id='word_1_145' title='bbox 3369 589 3521 658; x_wconf 77' lang='grc' dir='ltr'>κοινῇ</span> <span class='ocrx_word' id='word_1_146' title='bbox 3537 587 3755 643; x_wconf 79' lang='grc' dir='ltr'>διασκέ-</span> 
     </span>
    </p>
   </div>
   <div class='ocr_carea' id='block_1_21' title="bbox 2181 658 3757 747">
    <p class='ocr_par' dir='ltr' id='par_1_21' title="bbox 2181 658 3757 747">
     <span class='ocr_line' id='line_1_21' title="bbox 2181 658 3757 747; baseline 0.015 -36"><span class='ocrx_word' id='word_1_147' title='bbox 2181 658 2272 725; x_wconf 76' lang='grc' dir='ltr'><strong>ψτι</strong></span> <span class='ocrx_word' id='word_1_148' title='bbox 2315 662 2717 733; x_wconf 82' lang='grc' dir='ltr'>οίκονομοῦνται</span> <span class='ocrx_word' id='word_1_149' title='bbox 2765 666 2914 737; x_wconf 76' lang='grc' dir='ltr'>παρὰ</span> <span class='ocrx_word' id='word_1_150' title='bbox 2960 669 3069 724; x_wconf 84' lang='grc' dir='ltr'><strong>τῶν</strong></span> <span class='ocrx_word' id='word_1_151' title='bbox 3119 673 3448 741; x_wconf 83' lang='grc' dir='ltr'>ἐπισκόπων,</span> <span class='ocrx_word' id='word_1_152' title='bbox 3498 676 3561 731; x_wconf 74' lang='grc' dir='ltr'><strong>τδ</strong></span> <span class='ocrx_word' id='word_1_153' title='bbox 3604 679 3757 747; x_wconf 71' lang='grc' dir='ltr'>ἅγιον</span> 
     </span>
    </p>
   </div>
   <div class='ocr_carea' id='block_1_22' title="bbox 2181 747 3756 839">
    <p class='ocr_par' dir='ltr' id='par_1_22' title="bbox 2181 747 3756 839">
     <span class='ocr_line' id='line_1_22' title="bbox 2181 747 3756 839; baseline 0.015 -39"><span class='ocrx_word' id='word_1_154' title='bbox 2181 747 2402 821; x_wconf 80' lang='grc' dir='ltr'>Πνεῦμα</span> <span class='ocrx_word' id='word_1_155' title='bbox 2431 753 2748 826; x_wconf 75' lang='grc' dir='ltr'><strong>ὑποτίθησιν</strong></span> <span class='ocrx_word' id='word_1_156' title='bbox 2773 759 2933 813; x_wconf 82' lang='grc' dir='ltr'>αὐτά.</span> <span class='ocrx_word' id='word_1_157' title='bbox 2962 762 3076 814; x_wconf 83' lang='grc' dir='ltr'><strong>Καὶ</strong></span> <span class='ocrx_word' id='word_1_158' title='bbox 3095 765 3123 817; x_wconf 88' lang='grc' dir='ltr'><strong>ό</strong></span> <span class='ocrx_word' id='word_1_159' title='bbox 3171 764 3268 834; x_wconf 77' lang='grc' dir='ltr'>μὲν</span> <span class='ocrx_word' id='word_1_160' title='bbox 3305 766 3756 839; x_wconf 79' lang='grc' dir='ltr'>ἐκκλησιαστικὸς</span> 
     </span>
    </p>
   </div>
   <div class='ocr_carea' id='block_1_23' title="bbox 2179 841 3754 940">
    <p class='ocr_par' dir='ltr' id='par_1_23' title="bbox 2179 841 3754 940">
     <span class='ocr_line' id='line_1_23' title="bbox 2179 841 3754 940; baseline 0.017 -46"><span class='ocrx_word' id='word_1_161' title='bbox 2179 841 2343 940; x_wconf 68' lang='grc' dir='ltr'>νόμος</span> <span class='ocrx_word' id='word_1_162' title='bbox 2364 843 2507 940; x_wconf 50' lang='grc' dir='ltr'>ουτω</span> <span class='ocrx_word' id='word_1_163' title='bbox 2531 848 2750 940; x_wconf 69' lang='grc' dir='ltr'>τούτους</span> <span class='ocrx_word' id='word_1_164' title='bbox 2794 852 3041 918; x_wconf 76' lang='grc' dir='ltr'>κολάζει·</span> <span class='ocrx_word' id='word_1_165' title='bbox 3072 859 3101 910; x_wconf 89' lang='grc' dir='ltr'><strong>ό</strong></span> <span class='ocrx_word' id='word_1_166' title='bbox 3139 857 3196 911; x_wconf 85' lang='grc' dir='ltr'>δὲ</span> <span class='ocrx_word' id='word_1_167' title='bbox 3225 859 3499 925; x_wconf 79' lang='grc' dir='ltr'>πολιτικὸς</span> <span class='ocrx_word' id='word_1_168' title='bbox 3522 864 3600 935; x_wconf 82' lang='grc' dir='ltr'>τῷ</span> <span class='ocrx_word' id='word_1_169' title='bbox 3626 868 3754 940; x_wconf 73' lang='grc' dir='ltr'>περὶ</span> 
     </span>
    </p>
   </div>
   <div class='ocr_carea' id='block_1_24' title="bbox 2179 929 3747 1020">
    <p class='ocr_par' dir='ltr' id='par_1_24' title="bbox 2179 929 3747 1020">
     <span class='ocr_line' id='line_1_24' title="bbox 2179 929 3747 1020; baseline 0.017 -39"><span class='ocrx_word' id='word_1_170' title='bbox 2179 929 2555 1020; x_wconf 81' lang='grc' dir='ltr'>καθοσιώσεως</span> <span class='ocrx_word' id='word_1_171' title='bbox 2570 937 2735 1020; x_wconf 72' lang='grc' dir='ltr'>ἐγκλῄ</span> <span class='ocrx_word' id='word_1_172' title='bbox 2745 957 2874 1010; x_wconf 89' lang='grc' dir='ltr'>ματι</span> <span class='ocrx_word' id='word_1_173' title='bbox 2901 942 3297 1000; x_wconf 83' lang='grc' dir='ltr'>καθυποϐάλλει</span> <span class='ocrx_word' id='word_1_174' title='bbox 3314 950 3442 1013; x_wconf 82' lang='grc' dir='ltr'>τοὺς</span> <span class='ocrx_word' id='word_1_175' title='bbox 3458 929 3747 1020; x_wconf 62' lang='grc' dir='ltr'>τοιουτους.</span> 
     </span>
    </p>
   </div>
   <div class='ocr_carea' id='block_1_25' title="bbox 2174 1010 3747 1113">
    <p class='ocr_par' dir='ltr' id='par_1_25' title="bbox 2174 1010 3747 1113">
     <span class='ocr_line' id='line_1_25' title="bbox 2174 1010 3747 1113; baseline 0.018 -43"><span class='ocrx_word' id='word_1_176' title='bbox 2174 1019 2312 1113; x_wconf 50' lang='grc' dir='ltr'>φησι</span> <span class='ocrx_word' id='word_1_177' title='bbox 2337 1022 2445 1113; x_wconf 81' lang='grc' dir='ltr'><strong>γάρ</strong></span> <span class='ocrx_word' id='word_1_178' title='bbox 2475 1026 2668 1095; x_wconf 79' lang='grc' dir='ltr'>κεφάλ.</span> <span class='ocrx_word' id='word_1_179' title='bbox 2692 1010 2753 1081; x_wconf 81' lang='lat' dir='ltr'><strong>la&#39;</strong></span> <span class='ocrx_word' id='word_1_180' title='bbox 2784 1030 2876 1084; x_wconf 83' lang='grc' dir='ltr'><strong>τοῦ</strong></span> <span class='ocrx_word' id='word_1_181' title='bbox 2929 1032 3015 1097; x_wconf 75' lang='grc' dir='ltr'>λς’</span> <span class='ocrx_word' id='word_1_182' title='bbox 3059 1035 3243 1089; x_wconf 87' lang='grc' dir='ltr'>τίτλου</span> <span class='ocrx_word' id='word_1_183' title='bbox 3284 1022 3378 1094; x_wconf 63' lang='grc' dir='ltr'>τοί)</span> <span class='ocrx_word' id='word_1_184' title='bbox 3502 1010 3747 1113; x_wconf 44' lang='grc' dir='ltr'>βιϐλίου.-</span> 
     </span>
    </p>
   </div>
   <div class='ocr_carea' id='block_1_26' title="bbox 2187 1111 3750 1205">
    <p class='ocr_par' dir='ltr' id='par_1_26' title="bbox 2187 1111 3750 1205">
     <span class='ocr_line' id='line_1_26' title="bbox 2187 1111 3750 1205; baseline 0.017 -43"><span class='ocrx_word' id='word_1_185' title='bbox 2187 1111 2244 1205; x_wconf 61' lang='grc' dir='ltr'>ξο</span> <span class='ocrx_word' id='word_1_186' title='bbox 2430 1113 2538 1167; x_wconf 83' lang='grc' dir='ltr'><strong>τῶν</strong></span> <span class='ocrx_word' id='word_1_187' title='bbox 2583 1117 2882 1175; x_wconf 88' lang='grc' dir='ltr'>ἐπιϐούλων</span> <span class='ocrx_word' id='word_1_188' title='bbox 2909 1122 3074 1193; x_wconf 89' lang='grc' dir='ltr'>νόμος</span> <span class='ocrx_word' id='word_1_189' title='bbox 3117 1126 3300 1196; x_wconf 83' lang='grc' dir='ltr'>ὅμοιός</span> <span class='ocrx_word' id='word_1_190' title='bbox 3344 1131 3457 1183; x_wconf 85' lang='grc' dir='ltr'>ἐστι</span> <span class='ocrx_word' id='word_1_191' title='bbox 3498 1111 3577 1203; x_wconf 81' lang='grc' dir='ltr'>τῷ</span> <span class='ocrx_word' id='word_1_192' title='bbox 3623 1136 3750 1205; x_wconf 80' lang='grc' dir='ltr'>περὶ</span> 
     </span>
    </p>
   </div>
   <div class='ocr_carea' id='block_1_27' title="bbox 2176 1199 3749 1295">
    <p class='ocr_par' dir='ltr' id='par_1_27' title="bbox 2176 1199 3749 1295">
     <span class='ocr_line' id='line_1_27' title="bbox 2176 1199 3749 1295; baseline 0.017 -41"><span class='ocrx_word' id='word_1_193' title='bbox 2176 1199 2494 1295; x_wconf 68' lang='grc' dir='ltr'>ίεροσυλίας.</span> <span class='ocrx_word' id='word_1_194' title='bbox 2520 1207 2630 1262; x_wconf 85' lang='lat' dir='ltr'><strong>Kal</strong></span> <span class='ocrx_word' id='word_1_195' title='bbox 2657 1212 2899 1282; x_wconf 86' lang='grc' dir='ltr'>ἐνέχεται</span> <span class='ocrx_word' id='word_1_196' title='bbox 2924 1208 3073 1287; x_wconf 72' lang='grc' dir='ltr'>αὐτῷ</span> <span class='ocrx_word' id='word_1_197' title='bbox 3092 1219 3121 1271; x_wconf 84' lang='grc' dir='ltr'><strong>ό</strong></span> <span class='ocrx_word' id='word_1_198' title='bbox 3149 1220 3291 1274; x_wconf 83' lang='grc' dir='ltr'>κατὰ</span> <span class='ocrx_word' id='word_1_199' title='bbox 3316 1222 3408 1275; x_wconf 79' lang='grc' dir='ltr'>τοῦ</span> <span class='ocrx_word' id='word_1_200' title='bbox 3443 1199 3749 1295; x_wconf 81' lang='grc' dir='ltr'>Ῥωμαῖκοῦ</span> 
     </span>
    </p>
   </div>
   <div class='ocr_carea' id='block_1_28' title="bbox 2171 1289 3750 1391">
    <p class='ocr_par' dir='ltr' id='par_1_28' title="bbox 2171 1289 3750 1391">
     <span class='ocr_line' id='line_1_28' title="bbox 2171 1289 3750 1391; baseline 0.02 -47"><span class='ocrx_word' id='word_1_201' title='bbox 2171 1289 2343 1391; x_wconf 23' lang='grc' dir='ltr'>δημμου</span> <span class='ocrx_word' id='word_1_202' title='bbox 2372 1295 2793 1391; x_wconf 74' lang='grc' dir='ltr'>πλημμελήσας,</span> <span class='ocrx_word' id='word_1_203' title='bbox 2816 1305 2909 1359; x_wconf 77' lang='grc' dir='ltr'>καὶ</span> <span class='ocrx_word' id='word_1_204' title='bbox 2933 1309 3237 1379; x_wconf 78' lang='grc' dir='ltr'><strong>σπουδάσας</strong></span> <span class='ocrx_word' id='word_1_205' title='bbox 3266 1315 3406 1368; x_wconf 83' lang='grc' dir='ltr'>κατὰ</span> <span class='ocrx_word' id='word_1_206' title='bbox 3431 1289 3582 1371; x_wconf 79' lang='grc' dir='ltr'>δόλον</span> <span class='ocrx_word' id='word_1_207' title='bbox 3601 1321 3750 1391; x_wconf 83' lang='grc' dir='ltr'>παρὰ</span> 
     </span>
    </p>
   </div>
   <div class='ocr_carea' id='block_1_29' title="bbox 2172 1384 3751 1481">
    <p class='ocr_par' dir='ltr' id='par_1_29' title="bbox 2172 1384 3751 1481">
     <span class='ocr_line' id='line_1_29' title="bbox 2172 1384 3751 1481; baseline 0.019 -44"><span class='ocrx_word' id='word_1_208' title='bbox 2172 1384 2418 1481; x_wconf 70' lang='grc' dir='ltr'>κέλευσιν</span> <span class='ocrx_word' id='word_1_209' title='bbox 2438 1389 2708 1459; x_wconf 83' lang='grc' dir='ltr'>βασιλέως</span> <span class='ocrx_word' id='word_1_210' title='bbox 2734 1396 3089 1469; x_wconf 78' lang='grc' dir='ltr'>ἀναιρεθῆναι</span> <span class='ocrx_word' id='word_1_211' title='bbox 3118 1405 3242 1466; x_wconf 85' lang='grc' dir='ltr'>τοὺς</span> <span class='ocrx_word' id='word_1_212' title='bbox 3281 1406 3555 1477; x_wconf 76' lang='grc' dir='ltr'>όμήρους’</span> <span class='ocrx_word' id='word_1_213' title='bbox 3598 1384 3751 1481; x_wconf 72' lang='grc' dir='ltr'>ἦ-ἴνα</span> 
     </span>
    </p>
   </div>
   <div class='ocr_carea' id='block_1_30' title="bbox 2169 1474 3746 1568">
    <p class='ocr_par' dir='ltr' id='par_1_30' title="bbox 2169 1474 3746 1568">
     <span class='ocr_line' id='line_1_30' title="bbox 2169 1474 3746 1568; baseline 0.016 -38"><span class='ocrx_word' id='word_1_214' title='bbox 2169 1474 2381 1533; x_wconf 70' lang='grc' dir='ltr'>ἔνοπλοι</span> <span class='ocrx_word' id='word_1_215' title='bbox 2406 1482 2681 1555; x_wconf 73' lang='grc' dir='ltr'>ἂνθρωποι</span> <span class='ocrx_word' id='word_1_216' title='bbox 2710 1489 2768 1541; x_wconf 89' lang='grc' dir='ltr'><strong>ἐν</strong></span> <span class='ocrx_word' id='word_1_217' title='bbox 2797 1489 2948 1545; x_wconf 84' lang='grc' dir='ltr'>πόλει</span> <span class='ocrx_word' id='word_1_218' title='bbox 2976 1492 3116 1547; x_wconf 79' lang='grc' dir='ltr'>κατὰ</span> <span class='ocrx_word' id='word_1_219' title='bbox 3142 1493 3241 1564; x_wconf 83' lang='grc' dir='ltr'>τῆς</span> <span class='ocrx_word' id='word_1_220' title='bbox 3286 1474 3560 1563; x_wconf 75' lang='grc' dir='ltr'>πολίτείας</span> <span class='ocrx_word' id='word_1_221' title='bbox 3592 1474 3746 1568; x_wconf 62' lang='lat' dir='ltr'><strong>dictv,</strong></span> 
     </span>
    </p>
   </div>
   <div class='ocr_carea' id='block_1_31' title="bbox 2168 1568 3737 1660">
    <p class='ocr_par' dir='ltr' id='par_1_31' title="bbox 2168 1568 3737 1660">
     <span class='ocr_line' id='line_1_31' title="bbox 2168 1568 3737 1660; baseline 0.016 -38"><span class='ocrx_word' id='word_1_222' title='bbox 2168 1568 2202 1641; x_wconf 70' lang='grc' dir='ltr'>ἢ</span> <span class='ocrx_word' id='word_1_223' title='bbox 2233 1569 2320 1625; x_wconf 74' lang='grc' dir='ltr'>ἵνα</span> <span class='ocrx_word' id='word_1_224' title='bbox 2350 1571 2513 1638; x_wconf 82' lang='grc' dir='ltr'>τόπος</span> <span class='ocrx_word' id='word_1_225' title='bbox 2542 1575 2575 1646; x_wconf 77' lang='grc' dir='ltr'>ἢ</span> <span class='ocrx_word' id='word_1_226' title='bbox 2613 1578 2732 1649; x_wconf 80' lang='grc' dir='ltr'>ιερὰ</span> <span class='ocrx_word' id='word_1_227' title='bbox 2757 1582 3188 1652; x_wconf 82' lang='grc' dir='ltr'>κατασχεθῶσιν.</span> <span class='ocrx_word' id='word_1_228' title='bbox 3227 1586 3261 1657; x_wconf 76' lang='grc' dir='ltr'>ἢ</span> <span class='ocrx_word' id='word_1_229' title='bbox 3313 1588 3613 1660; x_wconf 82' lang='grc' dir='ltr'><strong>στασιώδης</strong></span> <span class='ocrx_word' id='word_1_230' title='bbox 3652 1593 3737 1660; x_wconf 67' lang='grc' dir='ltr'>γὲε</span> 
     </span>
    </p>
   </div>
   <div class='ocr_carea' id='block_1_32' title="bbox 2167 1662 3746 1752">
    <p class='ocr_par' dir='ltr' id='par_1_32' title="bbox 2167 1662 3746 1752">
     <span class='ocr_line' id='line_1_32' title="bbox 2167 1662 3746 1752; baseline 0.016 -40"><span class='ocrx_word' id='word_1_231' title='bbox 2167 1675 2324 1730; x_wconf 86' lang='grc' dir='ltr'>νηται</span> <span class='ocrx_word' id='word_1_232' title='bbox 2358 1662 2594 1730; x_wconf 80' lang='grc' dir='ltr'>σύνοδος,</span> <span class='ocrx_word' id='word_1_233' title='bbox 2624 1667 2656 1737; x_wconf 76' lang='grc' dir='ltr'>ἦ</span> <span class='ocrx_word' id='word_1_234' title='bbox 2690 1668 2777 1723; x_wconf 74' lang='grc' dir='ltr'>ἵνα</span> <span class='ocrx_word' id='word_1_235' title='bbox 2809 1672 3038 1744; x_wconf 81' lang='grc' dir='ltr'><strong>φονευθῇ</strong></span> <span class='ocrx_word' id='word_1_236' title='bbox 3080 1675 3109 1727; x_wconf 88' lang='grc' dir='ltr'><strong>ό</strong></span> <span class='ocrx_word' id='word_1_237' title='bbox 3148 1675 3329 1747; x_wconf 81' lang='grc' dir='ltr'>ἄρχων</span> <span class='ocrx_word' id='word_1_238' title='bbox 3349 1694 3362 1708; x_wconf 85' lang='grc'><em>’</em></span> <span class='ocrx_word' id='word_1_239' title='bbox 3407 1680 3502 1734; x_wconf 71' lang='grc' dir='ltr'>καὶ</span> <span class='ocrx_word' id='word_1_240' title='bbox 3538 1682 3566 1733; x_wconf 78' lang='grc' dir='ltr'><strong><em>ὁ</em></strong></span> <span class='ocrx_word' id='word_1_241' title='bbox 3610 1684 3746 1752; x_wconf 83' lang='grc' dir='ltr'>πρὸς</span> 
     </span>
    </p>
   </div>
   <div class='ocr_carea' id='block_1_33' title="bbox 2165 1753 3747 1843">
    <p class='ocr_par' dir='ltr' id='par_1_33' title="bbox 2165 1753 3747 1843">
     <span class='ocr_line' id='line_1_33' title="bbox 2165 1753 3747 1843; baseline 0.014 -38"><span class='ocrx_word' id='word_1_242' title='bbox 2165 1753 2292 1843; x_wconf 83' lang='grc' dir='ltr'>τοὺς</span> <span class='ocrx_word' id='word_1_243' title='bbox 2323 1754 2613 1826; x_wconf 81' lang='grc' dir='ltr'>πολεμίους</span> <span class='ocrx_word' id='word_1_244' title='bbox 2639 1759 2871 1832; x_wconf 85' lang='grc' dir='ltr'>γράμμα</span> <span class='ocrx_word' id='word_1_245' title='bbox 2891 1762 2923 1835; x_wconf 79' lang='grc' dir='ltr'>ἢ</span> <span class='ocrx_word' id='word_1_246' title='bbox 2946 1763 3174 1833; x_wconf 77' lang='grc' dir='ltr'>ἄγγελον</span> <span class='ocrx_word' id='word_1_247' title='bbox 3204 1768 3423 1839; x_wconf 72' lang='grc' dir='ltr'>πέμψας</span> <span class='ocrx_word' id='word_1_248' title='bbox 3452 1770 3483 1841; x_wconf 78' lang='grc' dir='ltr'><strong>ἦ</strong></span> <span class='ocrx_word' id='word_1_249' title='bbox 3521 1775 3747 1843; x_wconf 83' lang='grc' dir='ltr'>σημεῖον</span> 
     </span>
    </p>
   </div>
   <div class='ocr_carea' id='block_1_34' title="bbox 491 1831 2067 1928">
    <p class='ocr_par' dir='ltr' id='par_1_34' title="bbox 491 1833 2067 1903">
     <span class='ocr_line' id='line_1_34' title="bbox 491 1833 2067 1903; baseline 0.004 -16"><span class='ocrx_word' id='word_1_250' title='bbox 491 1833 681 1887; x_wconf 84' lang='lat' dir='ltr'><strong>citavit</strong></span> <span class='ocrx_word' id='word_1_251' title='bbox 732 1835 933 1903; x_wconf 78' lang='lat' dir='ltr'><strong>milites</strong></span> <span class='ocrx_word' id='word_1_252' title='bbox 980 1835 1047 1889; x_wconf 89' lang='lat' dir='ltr'><strong>ad</strong></span> <span class='ocrx_word' id='word_1_253' title='bbox 1090 1836 1415 1891; x_wconf 87' lang='lat' dir='ltr'><strong>seditionem</strong></span> <span class='ocrx_word' id='word_1_254' title='bbox 1467 1837 1551 1892; x_wconf 87' lang='lat' dir='ltr'><strong>vel</strong></span> <span class='ocrx_word' id='word_1_255' title='bbox 1614 1839 1828 1893; x_wconf 80' lang='lat' dir='ltr'><strong>turbam</strong></span> <span class='ocrx_word' id='word_1_256' title='bbox 1876 1845 2067 1895; x_wconf 85' lang='lat' dir='ltr'><strong>contra</strong></span> 
     </span>
    </p>
   </div>
   <div class='ocr_carea' id='block_1_35' title="bbox 2162 1831 3747 1928">
    <p class='ocr_par' dir='ltr' id='par_1_35' title="bbox 2164 1831 3747 1928">
     <span class='ocr_line' id='line_1_35' title="bbox 2164 1831 3747 1928; baseline 0.016 -33"><span class='ocrx_word' id='word_1_257' title='bbox 2164 1842 2352 1907; x_wconf 83' lang='grc' dir='ltr'>αὐτοῖς</span> <span class='ocrx_word' id='word_1_258' title='bbox 2382 1844 2650 1913; x_wconf 84' lang='grc' dir='ltr'>δεδωκὼς,</span> <span class='ocrx_word' id='word_1_259' title='bbox 2674 1851 2706 1920; x_wconf 85' lang='grc' dir='ltr'>ἢ</span> <span class='ocrx_word' id='word_1_260' title='bbox 2947 1831 3220 1928; x_wconf 78' lang='grc' dir='ltr'>βοηθήσας</span> <span class='ocrx_word' id='word_1_261' title='bbox 3248 1831 3453 1925; x_wconf 76' lang='grc' dir='ltr'>αὐτοῖς,</span> <span class='ocrx_word' id='word_1_262' title='bbox 3473 1831 3747 1919; x_wconf 31' lang='lat' dir='ltr'><strong>Iuli-tirno-</strong></span> 
     </span>
    </p>
   </div>
   <div class='ocr_carea' id='block_1_36' title="bbox 490 1925 2071 1998">
    <p class='ocr_par' dir='ltr' id='par_1_36' title="bbox 490 1925 2071 1998">
     <span class='ocr_line' id='line_1_36' title="bbox 490 1925 2071 1998; baseline 0.005 -22"><span class='ocrx_word' id='word_1_263' title='bbox 490 1925 902 1993; x_wconf 82' lang='lat' dir='ltr'><strong>rempublicam.</strong></span> <span class='ocrx_word' id='word_1_264' title='bbox 956 1925 1021 1980; x_wconf 87' lang='lat' dir='ltr'><strong>Et</strong></span> <span class='ocrx_word' id='word_1_265' title='bbox 1064 1942 1184 1997; x_wconf 90' lang='lat' dir='ltr'><strong>cap.</strong></span> <span class='ocrx_word' id='word_1_266' title='bbox 1231 1928 1265 1983; x_wconf 79' lang='lat'><strong>3</strong></span> <span class='ocrx_word' id='word_1_267' title='bbox 1307 1929 1550 1998; x_wconf 88' lang='lat' dir='ltr'><strong>ejusdem</strong></span> <span class='ocrx_word' id='word_1_268' title='bbox 1581 1930 1663 1984; x_wconf 92' lang='lat' dir='ltr'><strong>tit.</strong></span> <span class='ocrx_word' id='word_1_269' title='bbox 1708 1938 1762 1984; x_wconf 88' lang='lat' dir='ltr'><strong>et</strong></span> <span class='ocrx_word' id='word_1_270' title='bbox 1795 1930 1890 1984; x_wconf 88' lang='lat' dir='ltr'><strong>lib.</strong></span> <span class='ocrx_word' id='word_1_271' title='bbox 1919 1947 1933 1984; x_wconf 88' lang='lat'><strong>:</strong></span> <span class='ocrx_word' id='word_1_272' title='bbox 1963 1928 2071 1997; x_wconf 86' lang='lat' dir='ltr'><strong>Qui</strong></span> 
     </span>
    </p>
   </div>
   <div class='ocr_carea' id='block_1_37' title="bbox 491 2009 2070 2086">
    <p class='ocr_par' dir='ltr' id='par_1_37' title="bbox 491 2009 2070 2086">
     <span class='ocr_line' id='line_1_37' title="bbox 491 2009 2070 2086; baseline 0.007 -23"><span class='ocrx_word' id='word_1_273' title='bbox 491 2009 678 2065; x_wconf 83' lang='lat' dir='ltr'><strong>hostes</strong></span> <span class='ocrx_word' id='word_1_274' title='bbox 702 2012 1041 2079; x_wconf 88' lang='lat' dir='ltr'><strong>sollicitavit,</strong></span> <span class='ocrx_word' id='word_1_275' title='bbox 1067 2025 1121 2069; x_wconf 91' lang='lat' dir='ltr'><strong>et</strong></span> <span class='ocrx_word' id='word_1_276' title='bbox 1146 2015 1226 2070; x_wconf 85' lang='lat' dir='ltr'><strong>eis</strong></span> <span class='ocrx_word' id='word_1_277' title='bbox 1259 2017 1645 2086; x_wconf 80' lang='lat' dir='ltr'><strong>rempublicam</strong></span> <span class='ocrx_word' id='word_1_278' title='bbox 1677 2019 1932 2083; x_wconf 85' lang='lat' dir='ltr'><strong>tradidit,</strong></span> <span class='ocrx_word' id='word_1_279' title='bbox 1973 2033 2070 2074; x_wconf 84' lang='lat' dir='ltr'><strong>ca-</strong></span> 
     </span>
    </p>
   </div>
   <div class='ocr_carea' id='block_1_38' title="bbox 488 2099 2069 2174">
    <p class='ocr_par' dir='ltr' id='par_1_38' title="bbox 488 2099 2069 2174">
     <span class='ocr_line' id='line_1_38' title="bbox 488 2099 2069 2174; baseline 0.006 -23"><span class='ocrx_word' id='word_1_280' title='bbox 488 2099 600 2168; x_wconf 90' lang='lat' dir='ltr'><strong>pite</strong></span> <span class='ocrx_word' id='word_1_281' title='bbox 647 2100 889 2168; x_wconf 87' lang='lat' dir='ltr'><strong>punitur.</strong></span> <span class='ocrx_word' id='word_1_282' title='bbox 947 2099 1013 2155; x_wconf 86' lang='lat' dir='ltr'><strong>Et</strong></span> <span class='ocrx_word' id='word_1_283' title='bbox 1052 2102 1308 2172; x_wconf 85' lang='lat' dir='ltr'><strong>deinceps</strong></span> <span class='ocrx_word' id='word_1_284' title='bbox 1356 2104 1577 2158; x_wconf 82' lang='lat' dir='ltr'><strong>disserit</strong></span> <span class='ocrx_word' id='word_1_285' title='bbox 1617 2113 1782 2174; x_wconf 88' lang='lat' dir='ltr'><strong>caput</strong></span> <span class='ocrx_word' id='word_1_286' title='bbox 1829 2105 1897 2162; x_wconf 78' lang='lat' dir='ltr'><strong>de</strong></span> <span class='ocrx_word' id='word_1_287' title='bbox 1947 2104 2069 2160; x_wconf 79' lang='lat' dir='ltr'><strong>aliis</strong></span> 
     </span>
    </p>
   </div>
   <div class='ocr_carea' id='block_1_39' title="bbox 487 2187 2066 2264">
    <p class='ocr_par' dir='ltr' id='par_1_39' title="bbox 487 2187 2066 2264">
     <span class='ocr_line' id='line_1_39' title="bbox 487 2187 2066 2264; baseline 0.008 -25"><span class='ocrx_word' id='word_1_288' title='bbox 487 2187 818 2256; x_wconf 88' lang='lat' dir='ltr'><strong>quihusdam</strong></span> <span class='ocrx_word' id='word_1_289' title='bbox 852 2190 1145 2246; x_wconf 87' lang='lat' dir='ltr'><strong>similibus.</strong></span> <span class='ocrx_word' id='word_1_290' title='bbox 1196 2191 1260 2246; x_wconf 74' lang='lat' dir='ltr'><strong>Et</strong></span> <span class='ocrx_word' id='word_1_291' title='bbox 1291 2193 1404 2249; x_wconf 61' lang='lat' dir='ltr'><strong>hac</strong></span> <span class='ocrx_word' id='word_1_292' title='bbox 1433 2194 1651 2262; x_wconf 85' lang='lat' dir='ltr'><strong>quidem</strong></span> <span class='ocrx_word' id='word_1_293' title='bbox 1690 2194 1759 2249; x_wconf 87' lang='lat' dir='ltr'><strong>de</strong></span> <span class='ocrx_word' id='word_1_294' title='bbox 1792 2195 1859 2250; x_wconf 90' lang='lat' dir='ltr'><strong>iis</strong></span> <span class='ocrx_word' id='word_1_295' title='bbox 1886 2197 1979 2264; x_wconf 80' lang='lat' dir='ltr'><strong>qui</strong></span> <span class='ocrx_word' id='word_1_296' title='bbox 2011 2197 2066 2251; x_wconf 91' lang='lat' dir='ltr'><strong>in</strong></span> 
     </span>
    </p>
   </div>
   <div class='ocr_carea' id='block_1_40' title="bbox 487 2281 2065 2355">
    <p class='ocr_par' dir='ltr' id='par_1_40' title="bbox 487 2281 2065 2355">
     <span class='ocr_line' id='line_1_40' title="bbox 487 2281 2065 2355; baseline 0.004 -21"><span class='ocrx_word' id='word_1_297' title='bbox 487 2281 854 2348; x_wconf 82' lang='lat' dir='ltr'><strong>captivitatem</strong></span> <span class='ocrx_word' id='word_1_298' title='bbox 885 2282 1103 2338; x_wconf 86' lang='lat' dir='ltr'><strong>abducti</strong></span> <span class='ocrx_word' id='word_1_299' title='bbox 1132 2295 1280 2346; x_wconf 89' lang='lat' dir='ltr'><strong>sunt,</strong></span> <span class='ocrx_word' id='word_1_300' title='bbox 1307 2293 1363 2339; x_wconf 90' lang='lat' dir='ltr'><strong>et</strong></span> <span class='ocrx_word' id='word_1_301' title='bbox 1385 2286 1628 2341; x_wconf 82' lang='lat' dir='ltr'><strong>hostibus</strong></span> <span class='ocrx_word' id='word_1_302' title='bbox 1652 2296 2065 2355; x_wconf 78' lang='lat' dir='ltr'><strong>consenserunt,</strong></span> 
     </span>
    </p>
   </div>
   <div class='ocr_carea' id='block_1_41' title="bbox 486 2373 2066 2446">
    <p class='ocr_par' dir='ltr' id='par_1_41' title="bbox 486 2373 2066 2446">
     <span class='ocr_line' id='line_1_41' title="bbox 486 2373 2066 2446; baseline 0.004 -20"><span class='ocrx_word' id='word_1_303' title='bbox 486 2382 541 2426; x_wconf 86' lang='lat' dir='ltr'><strong>et</strong></span> <span class='ocrx_word' id='word_1_304' title='bbox 566 2373 635 2427; x_wconf 84' lang='lat' dir='ltr'><strong>de</strong></span> <span class='ocrx_word' id='word_1_305' title='bbox 684 2373 751 2428; x_wconf 87' lang='lat' dir='ltr'><strong>iis</strong></span> <span class='ocrx_word' id='word_1_306' title='bbox 796 2375 979 2428; x_wconf 84' lang='lat' dir='ltr'><strong>itidem</strong></span> <span class='ocrx_word' id='word_1_307' title='bbox 1035 2378 1129 2446; x_wconf 90' lang='lat' dir='ltr'><strong>qui</strong></span> <span class='ocrx_word' id='word_1_308' title='bbox 1169 2392 1275 2430; x_wconf 81' lang='lat' dir='ltr'><strong>non</strong></span> <span class='ocrx_word' id='word_1_309' title='bbox 1320 2377 1372 2430; x_wconf 89' lang='lat' dir='ltr'><strong>in</strong></span> <span class='ocrx_word' id='word_1_310' title='bbox 1424 2378 1790 2446; x_wconf 83' lang='lat' dir='ltr'><strong>captivitatem</strong></span> <span class='ocrx_word' id='word_1_311' title='bbox 1846 2380 2066 2437; x_wconf 76' lang='lat' dir='ltr'><strong>abtlttcti</strong></span> 
     </span>
    </p>
   </div>
   <div class='ocr_carea' id='block_1_42' title="bbox 488 2468 2068 2532">
    <p class='ocr_par' dir='ltr' id='par_1_42' title="bbox 488 2468 2068 2532">
     <span class='ocr_line' id='line_1_42' title="bbox 488 2468 2068 2532; baseline 0.003 -15"><span class='ocrx_word' id='word_1_312' title='bbox 488 2473 639 2527; x_wconf 87' lang='lat' dir='ltr'><strong>sunt,</strong></span> <span class='ocrx_word' id='word_1_313' title='bbox 669 2480 795 2519; x_wconf 90' lang='lat' dir='ltr'><strong>cum</strong></span> <span class='ocrx_word' id='word_1_314' title='bbox 831 2468 1074 2522; x_wconf 84' lang='lat' dir='ltr'><strong>hostibus</strong></span> <span class='ocrx_word' id='word_1_315' title='bbox 1109 2479 1287 2522; x_wconf 88' lang='lat' dir='ltr'><strong>tamen</strong></span> <span class='ocrx_word' id='word_1_316' title='bbox 1313 2479 1732 2532; x_wconf 88' lang='lat' dir='ltr'><strong>consenserunt,</strong></span> <span class='ocrx_word' id='word_1_317' title='bbox 1773 2477 1828 2522; x_wconf 93' lang='lat' dir='ltr'><strong>et</strong></span> <span class='ocrx_word' id='word_1_318' title='bbox 1874 2469 2068 2523; x_wconf 82' lang='lat' dir='ltr'><strong>adver-</strong></span> 
     </span>
    </p>
   </div>
   <div class='ocr_carea' id='block_1_43' title="bbox 488 2555 2063 2641">
    <p class='ocr_par' dir='ltr' id='par_1_43' title="bbox 488 2555 2063 2641">
     <span class='ocr_line' id='line_1_43' title="bbox 488 2555 2063 2641; baseline 0.003 -32"><span class='ocrx_word' id='word_1_319' title='bbox 488 2570 585 2610; x_wconf 87' lang='lat' dir='ltr'><strong>sus</strong></span> <span class='ocrx_word' id='word_1_320' title='bbox 628 2555 933 2612; x_wconf 86' lang='lat' dir='ltr'><strong>Romanum</strong></span> <span class='ocrx_word' id='word_1_321' title='bbox 981 2560 1267 2641; x_wconf 73' lang='lat' dir='ltr'><strong>imperium</strong></span> <span class='ocrx_word' id='word_1_322' title='bbox 1302 2561 1703 2628; x_wconf 83' lang='lat' dir='ltr'><strong>eonspirarnnt.</strong></span> <span class='ocrx_word' id='word_1_323' title='bbox 1749 2559 1853 2624; x_wconf 85' lang='lat' dir='ltr'><strong>Qui</strong></span> <span class='ocrx_word' id='word_1_324' title='bbox 1883 2567 2063 2615; x_wconf 75' lang='lat' dir='ltr'><strong>autem</strong></span> 
     </span>
    </p>
   </div>
   <div class='ocr_carea' id='block_1_44' title="bbox 487 2647 2064 2718">
    <p class='ocr_par' dir='ltr' id='par_1_44' title="bbox 487 2647 2064 2718">
     <span class='ocr_line' id='line_1_44' title="bbox 487 2647 2064 2718; baseline 0.002 -19"><span class='ocrx_word' id='word_1_325' title='bbox 487 2658 612 2699; x_wconf 89' lang='lat' dir='ltr'><strong>cum</strong></span> <span class='ocrx_word' id='word_1_326' title='bbox 659 2647 725 2700; x_wconf 83' lang='lat' dir='ltr'><strong>iis</strong></span> <span class='ocrx_word' id='word_1_327' title='bbox 775 2648 866 2717; x_wconf 92' lang='lat' dir='ltr'><strong>qui</strong></span> <span class='ocrx_word' id='word_1_328' title='bbox 924 2658 1120 2704; x_wconf 87' lang='lat' dir='ltr'><strong>terram</strong></span> <span class='ocrx_word' id='word_1_329' title='bbox 1174 2664 1429 2718; x_wconf 86' lang='lat' dir='ltr'><strong>mareque</strong></span> <span class='ocrx_word' id='word_1_330' title='bbox 1479 2649 1910 2718; x_wconf 82' lang='lat' dir='ltr'><strong>depopulantur,</strong></span> <span class='ocrx_word' id='word_1_331' title='bbox 1957 2665 2064 2705; x_wconf 84' lang='lat' dir='ltr'><strong>una</strong></span> 
     </span>
    </p>
   </div>
   <div class='ocr_carea' id='block_1_45' title="bbox 485 2736 2063 2809">
    <p class='ocr_par' dir='ltr' id='par_1_45' title="bbox 485 2736 2063 2809">
     <span class='ocr_line' id='line_1_45' title="bbox 485 2736 2063 2809; baseline 0.002 -19"><span class='ocrx_word' id='word_1_332' title='bbox 485 2736 777 2806; x_wconf 60' lang='lat' dir='ltr'><strong>depraedati</strong></span> <span class='ocrx_word' id='word_1_333' title='bbox 807 2748 969 2804; x_wconf 88' lang='lat' dir='ltr'><strong>sunt,</strong></span> <span class='ocrx_word' id='word_1_334' title='bbox 999 2739 1201 2809; x_wconf 80' lang='lat' dir='ltr'><strong>magis,</strong></span> <span class='ocrx_word' id='word_1_335' title='bbox 1237 2749 1295 2793; x_wconf 91' lang='lat' dir='ltr'><strong>ut</strong></span> <span class='ocrx_word' id='word_1_336' title='bbox 1327 2740 1458 2795; x_wconf 90' lang='lat' dir='ltr'><strong>mihi</strong></span> <span class='ocrx_word' id='word_1_337' title='bbox 1485 2740 1711 2805; x_wconf 84' lang='lat' dir='ltr'><strong>videtur,</strong></span> <span class='ocrx_word' id='word_1_338' title='bbox 1740 2740 2063 2808; x_wconf 80' lang='lat' dir='ltr'><strong>punientur,</strong></span> 
     </span>
    </p>
   </div>
   <div class='ocr_carea' id='block_1_46' title="bbox 484 2828 2066 2897">
    <p class='ocr_par' dir='ltr' id='par_1_46' title="bbox 484 2828 2066 2897">
     <span class='ocr_line' id='line_1_46' title="bbox 484 2828 2066 2897; baseline 0.004 -17"><span class='ocrx_word' id='word_1_339' title='bbox 484 2828 614 2896; x_wconf 86' lang='lat' dir='ltr'><strong>quia</strong></span> <span class='ocrx_word' id='word_1_340' title='bbox 660 2829 835 2896; x_wconf 83' lang='lat' dir='ltr'><strong>major</strong></span> <span class='ocrx_word' id='word_1_341' title='bbox 864 2838 949 2885; x_wconf 83' lang='lat' dir='ltr'><strong>est</strong></span> <span class='ocrx_word' id='word_1_342' title='bbox 989 2846 1176 2884; x_wconf 91' lang='lat' dir='ltr'><strong>eorum</strong></span> <span class='ocrx_word' id='word_1_343' title='bbox 1215 2831 1555 2897; x_wconf 75' lang='lat' dir='ltr'><strong>improbitas.</strong></span> <span class='ocrx_word' id='word_1_344' title='bbox 1590 2831 1783 2886; x_wconf 86' lang='lat' dir='ltr'><strong>llostes</strong></span> <span class='ocrx_word' id='word_1_345' title='bbox 1819 2832 1965 2887; x_wconf 88' lang='lat' dir='ltr'><strong>enim</strong></span> <span class='ocrx_word' id='word_1_346' title='bbox 2004 2847 2066 2887; x_wconf 90' lang='lat' dir='ltr'><strong>a-</strong></span> 
     </span>
    </p>
   </div>
   <div class='ocr_carea' id='block_1_47' title="bbox 486 2918 2062 2992">
    <p class='ocr_par' dir='ltr' id='par_1_47' title="bbox 486 2918 2062 2992">
     <span class='ocr_line' id='line_1_47' title="bbox 486 2918 2062 2992; baseline 0.004 -21"><span class='ocrx_word' id='word_1_347' title='bbox 486 2927 639 2987; x_wconf 77' lang='lat' dir='ltr'><strong>perta</strong></span> <span class='ocrx_word' id='word_1_348' title='bbox 674 2918 871 2981; x_wconf 77' lang='lat' dir='ltr'><strong>fronte.</strong></span> <span class='ocrx_word' id='word_1_349' title='bbox 905 2929 958 2975; x_wconf 91' lang='lat' dir='ltr'><strong>et</strong></span> <span class='ocrx_word' id='word_1_350' title='bbox 989 2922 1157 2987; x_wconf 91' lang='lat' dir='ltr'><strong>nudo,</strong></span> <span class='ocrx_word' id='word_1_351' title='bbox 1190 2931 1246 2975; x_wconf 91' lang='lat' dir='ltr'><strong>ut</strong></span> <span class='ocrx_word' id='word_1_352' title='bbox 1282 2923 1452 2987; x_wconf 89' lang='lat' dir='ltr'><strong>aiunt,</strong></span> <span class='ocrx_word' id='word_1_353' title='bbox 1488 2924 1661 2992; x_wconf 90' lang='lat' dir='ltr'><strong>capite</strong></span> <span class='ocrx_word' id='word_1_354' title='bbox 1681 2923 1878 2976; x_wconf 79' lang='lat' dir='ltr'><strong>bellum</strong></span> <span class='ocrx_word' id='word_1_355' title='bbox 1907 2937 2062 2977; x_wconf 83' lang='lat' dir='ltr'><strong>com-</strong></span> 
     </span>
    </p>
   </div>
   <div class='ocr_carea' id='block_1_48' title="bbox 486 2994 2060 3081">
    <p class='ocr_par' dir='ltr' id='par_1_48' title="bbox 486 2994 2060 3081">
     <span class='ocr_line' id='line_1_48' title="bbox 486 2994 2060 3081; baseline 0.003 -20"><span class='ocrx_word' id='word_1_356' title='bbox 486 3018 716 3077; x_wconf 88' lang='lat' dir='ltr'><strong>parant;</strong></span> <span class='ocrx_word' id='word_1_357' title='bbox 747 3010 984 3064; x_wconf 86' lang='lat' dir='ltr'><strong>latrones</strong></span> <span class='ocrx_word' id='word_1_358' title='bbox 1011 3021 1190 3064; x_wconf 90' lang='lat' dir='ltr'><strong>autem</strong></span> <span class='ocrx_word' id='word_1_359' title='bbox 1228 3011 1364 3065; x_wconf 87' lang='lat' dir='ltr'><strong>clam</strong></span> <span class='ocrx_word' id='word_1_360' title='bbox 1396 2994 1692 3066; x_wconf 38' lang='lat' dir='ltr'><strong>et&#39;oc&#39;cnlte</strong></span> <span class='ocrx_word' id='word_1_361' title='bbox 1728 3012 2060 3081; x_wconf 84' lang='lat' dir='ltr'><strong>inepinatam</strong></span> 
     </span>
    </p>
   </div>
   <div class='ocr_carea' id='block_1_49' title="bbox 487 3100 2060 3171">
    <p class='ocr_par' dir='ltr' id='par_1_49' title="bbox 487 3100 2060 3171">
     <span class='ocr_line' id='line_1_49' title="bbox 487 3100 2060 3171; baseline 0.002 -17"><span class='ocrx_word' id='word_1_362' title='bbox 487 3100 687 3154; x_wconf 56' lang='lat' dir='ltr'><strong>eadem</strong></span> <span class='ocrx_word' id='word_1_363' title='bbox 738 3100 1057 3154; x_wconf 87' lang='lat' dir='ltr'><strong>moliuntur.</strong></span> <span class='ocrx_word' id='word_1_364' title='bbox 1115 3100 1330 3165; x_wconf 85' lang='lat' dir='ltr'><strong>Quanto</strong></span> <span class='ocrx_word' id='word_1_365' title='bbox 1380 3116 1508 3171; x_wconf 89' lang='lat' dir='ltr'><strong>ergo</strong></span> <span class='ocrx_word' id='word_1_366' title='bbox 1575 3103 1787 3171; x_wconf 64' lang='lat' dir='ltr'><strong>praevisi</strong></span> <span class='ocrx_word' id='word_1_367' title='bbox 1835 3103 2060 3171; x_wconf 82' lang='lat' dir='ltr'><strong>periculi</strong></span> 
     </span>
    </p>
   </div>
   <div class='ocr_carea' id='block_1_50' title="bbox 2165 1932 3748 2024">
    <p class='ocr_par' dir='ltr' id='par_1_50' title="bbox 2165 1932 3748 2024">
     <span class='ocr_line' id='line_1_50' title="bbox 2165 1932 3748 2024; baseline 0.017 -40"><span class='ocrx_word' id='word_1_368' title='bbox 2165 1932 2421 2024; x_wconf 74' lang='grc' dir='ltr'>νοθεύσας</span> <span class='ocrx_word' id='word_1_369' title='bbox 2465 1938 2799 2009; x_wconf 81' lang='grc' dir='ltr'><strong>στρατιώτας</strong></span> <span class='ocrx_word' id='word_1_370' title='bbox 2847 1944 2983 2015; x_wconf 78' lang='grc' dir='ltr'>πρδς</span> <span class='ocrx_word' id='word_1_371' title='bbox 3026 1948 3212 2003; x_wconf 83' lang='grc' dir='ltr'>στάσιν</span> <span class='ocrx_word' id='word_1_372' title='bbox 3251 1950 3282 2020; x_wconf 80' lang='grc' dir='ltr'><strong>ἢ</strong></span> <span class='ocrx_word' id='word_1_373' title='bbox 3347 1950 3574 2024; x_wconf 82' lang='grc' dir='ltr'>θόρυϐον</span> <span class='ocrx_word' id='word_1_374' title='bbox 3604 1957 3748 2011; x_wconf 73' lang='grc' dir='ltr'>κατὰ</span> 
     </span>
    </p>
   </div>
   <div class='ocr_carea' id='block_1_51' title="bbox 2162 2020 3747 2102">
    <p class='ocr_par' dir='ltr' id='par_1_51' title="bbox 2162 2020 3747 2102">
     <span class='ocr_line' id='line_1_51' title="bbox 2162 2020 3747 2102; baseline 0.016 -29"><span class='ocrx_word' id='word_1_375' title='bbox 2162 2020 2263 2089; x_wconf 81' lang='grc' dir='ltr'>τῆς</span> <span class='ocrx_word' id='word_1_376' title='bbox 2292 2023 2582 2090; x_wconf 78' lang='grc' dir='ltr'><strong>πολιτείας.</strong></span> <span class='ocrx_word' id='word_1_377' title='bbox 2622 2028 2732 2083; x_wconf 80' lang='lat' dir='ltr'><strong>Kal</strong></span> <span class='ocrx_word' id='word_1_378' title='bbox 2758 2031 2954 2100; x_wconf 80' lang='grc' dir='ltr'>κεφάλ.</span> <span class='ocrx_word' id='word_1_379' title='bbox 2989 2040 3059 2102; x_wconf 71' lang='grc' dir='ltr'><strong>γ’,</strong></span> <span class='ocrx_word' id='word_1_380' title='bbox 3104 2036 3197 2091; x_wconf 84' lang='grc' dir='ltr'>τοῦ</span> <span class='ocrx_word' id='word_1_381' title='bbox 3232 2020 3617 2098; x_wconf 35' lang='grc' dir='ltr'>αὐτοῦ-τίτλον</span> <span class='ocrx_word' id='word_1_382' title='bbox 3652 2047 3747 2098; x_wconf 79' lang='grc' dir='ltr'>καὶ</span> 
     </span>
    </p>
   </div>
   <div class='ocr_carea' id='block_1_52' title="bbox 2163 2109 3745 2203">
    <p class='ocr_par' dir='ltr' id='par_1_52' title="bbox 2163 2109 3745 2203">
     <span class='ocr_line' id='line_1_52' title="bbox 2163 2109 3745 2203; baseline 0.016 -40"><span class='ocrx_word' id='word_1_383' title='bbox 2163 2109 2368 2181; x_wconf 85' lang='grc' dir='ltr'>βιϐλίου</span> <span class='ocrx_word' id='word_1_384' title='bbox 2388 2131 2401 2145; x_wconf 82' lang='grc'><em>’</em></span> <span class='ocrx_word' id='word_1_385' title='bbox 2444 2116 2501 2170; x_wconf 87' lang='lat'><strong>&#39;0</strong></span> <span class='ocrx_word' id='word_1_386' title='bbox 2527 2119 2652 2182; x_wconf 79' lang='grc' dir='ltr'>τοὺς</span> <span class='ocrx_word' id='word_1_387' title='bbox 2682 2121 2970 2192; x_wconf 84' lang='grc' dir='ltr'>πολεμίους</span> <span class='ocrx_word' id='word_1_388' title='bbox 2992 2126 3263 2196; x_wconf 75' lang='grc' dir='ltr'><strong>ἐρεθίσας,</strong></span> <span class='ocrx_word' id='word_1_389' title='bbox 3287 2129 3319 2199; x_wconf 81' lang='grc' dir='ltr'>ἤ</span> <span class='ocrx_word' id='word_1_390' title='bbox 3348 2134 3619 2203; x_wconf 82' lang='grc' dir='ltr'>παραδοὺς</span> <span class='ocrx_word' id='word_1_391' title='bbox 3643 2135 3745 2188; x_wconf 81' lang='grc' dir='ltr'><strong>αὗ·-</strong></span> 
     </span>
    </p>
   </div>
   <div class='ocr_carea' id='block_1_53' title="bbox 2161 2205 3745 2301">
    <p class='ocr_par' dir='ltr' id='par_1_53' title="bbox 2161 2205 3745 2301">
     <span class='ocr_line' id='line_1_53' title="bbox 2161 2205 3745 2301; baseline 0.018 -48"><span class='ocrx_word' id='word_1_392' title='bbox 2161 2206 2272 2301; x_wconf 63' lang='grc' dir='ltr'>τοῖς</span> <span class='ocrx_word' id='word_1_393' title='bbox 2291 2205 2561 2301; x_wconf 72' lang='grc' dir='ltr'>πολίτην,</span> <span class='ocrx_word' id='word_1_394' title='bbox 2604 2212 2684 2275; x_wconf 82' lang='grc' dir='ltr'><strong>είς</strong></span> <span class='ocrx_word' id='word_1_395' title='bbox 2727 2214 2965 2286; x_wconf 76' lang='grc' dir='ltr'>κεφαλὴν</span> <span class='ocrx_word' id='word_1_396' title='bbox 3016 2221 3357 2289; x_wconf 83' lang='grc' dir='ltr'><strong>τιμωρεῖται.</strong></span> <span class='ocrx_word' id='word_1_397' title='bbox 3393 2223 3504 2277; x_wconf 81' lang='lat' dir='ltr'><strong>Kal</strong></span> <span class='ocrx_word' id='word_1_398' title='bbox 3546 2227 3745 2301; x_wconf 74' lang='grc' dir='ltr'>ἐφεξῆς</span> 
     </span>
    </p>
   </div>
   <div class='ocr_carea' id='block_1_54' title="bbox 2161 2295 3741 2388">
    <p class='ocr_par' dir='ltr' id='par_1_54' title="bbox 2161 2295 3741 2388">
     <span class='ocr_line' id='line_1_54' title="bbox 2161 2295 3741 2388; baseline 0.018 -41"><span class='ocrx_word' id='word_1_399' title='bbox 2161 2295 2462 2388; x_wconf 72' lang='grc' dir='ltr'>διαλέγεται</span> <span class='ocrx_word' id='word_1_400' title='bbox 2496 2301 2559 2354; x_wconf 86' lang='grc' dir='ltr'>τὸ</span> <span class='ocrx_word' id='word_1_401' title='bbox 2593 2304 2884 2372; x_wconf 76' lang='grc' dir='ltr'>κεφάλαιον</span> <span class='ocrx_word' id='word_1_402' title='bbox 2929 2309 3056 2380; x_wconf 73' lang='grc' dir='ltr'>περὶ</span> <span class='ocrx_word' id='word_1_403' title='bbox 3102 2310 3278 2366; x_wconf 75' lang='grc' dir='ltr'>ἄλλων</span> <span class='ocrx_word' id='word_1_404' title='bbox 3311 2316 3474 2371; x_wconf 81' lang='grc' dir='ltr'>τινῶν</span> <span class='ocrx_word' id='word_1_405' title='bbox 3520 2295 3741 2388; x_wconf 74' lang='grc' dir='ltr'>ὁμοίων.</span> 
     </span>
    </p>
   </div>
   <div class='ocr_carea' id='block_1_55' title="bbox 2163 2384 3744 2476">
    <p class='ocr_par' dir='ltr' id='par_1_55' title="bbox 2163 2384 3744 2476">
     <span class='ocr_line' id='line_1_55' title="bbox 2163 2384 3744 2476; baseline 0.016 -40"><span class='ocrx_word' id='word_1_406' title='bbox 2163 2384 2273 2437; x_wconf 78' lang='lat' dir='ltr'><strong>Kal</strong></span> <span class='ocrx_word' id='word_1_407' title='bbox 2296 2386 2468 2442; x_wconf 77' lang='grc' dir='ltr'>ταῦτα</span> <span class='ocrx_word' id='word_1_408' title='bbox 2497 2390 2595 2461; x_wconf 54' lang='grc' dir='ltr'><strong>ων</strong></span> <span class='ocrx_word' id='word_1_409' title='bbox 2625 2394 2753 2464; x_wconf 79' lang='grc' dir='ltr'>περὶ</span> <span class='ocrx_word' id='word_1_410' title='bbox 2780 2394 2887 2449; x_wconf 85' lang='grc' dir='ltr'><strong>τῶν</strong></span> <span class='ocrx_word' id='word_1_411' title='bbox 2920 2397 3462 2467; x_wconf 72' lang='grc' dir='ltr'>αἰχμαλωτισθέντων</span> <span class='ocrx_word' id='word_1_412' title='bbox 3609 2409 3744 2476; x_wconf 82' lang='grc' dir='ltr'>ὁμο-</span> 
     </span>
    </p>
   </div>
   <div class='ocr_carea' id='block_1_56' title="bbox 2161 2476 3747 2567">
    <p class='ocr_par' dir='ltr' id='par_1_56' title="bbox 2161 2476 3747 2567">
     <span class='ocr_line' id='line_1_56' title="bbox 2161 2476 3747 2567; baseline 0.017 -42"><span class='ocrx_word' id='word_1_413' title='bbox 2161 2476 2523 2567; x_wconf 56' lang='grc' dir='ltr'>φωνησάντων</span> <span class='ocrx_word' id='word_1_414' title='bbox 2554 2484 2664 2546; x_wconf 84' lang='grc' dir='ltr'>τοῖς</span> <span class='ocrx_word' id='word_1_415' title='bbox 2699 2484 2998 2557; x_wconf 87' lang='grc' dir='ltr'>πολεμίοις,</span> <span class='ocrx_word' id='word_1_416' title='bbox 3031 2489 3124 2543; x_wconf 71' lang='grc' dir='ltr'>καὶ</span> <span class='ocrx_word' id='word_1_417' title='bbox 3156 2491 3284 2561; x_wconf 73' lang='grc' dir='ltr'>περὶ</span> <span class='ocrx_word' id='word_1_418' title='bbox 3314 2491 3424 2546; x_wconf 85' lang='grc' dir='ltr'><strong>τῶν</strong></span> <span class='ocrx_word' id='word_1_419' title='bbox 3448 2495 3522 2566; x_wconf 75' lang='grc' dir='ltr'>μὴ</span> <span class='ocrx_word' id='word_1_420' title='bbox 3548 2498 3747 2567; x_wconf 72' lang='grc' dir='ltr'>αἰχμα-</span> 
     </span>
    </p>
   </div>
   <div class='ocr_carea' id='block_1_57' title="bbox 2158 2563 3746 2658">
    <p class='ocr_par' dir='ltr' id='par_1_57' title="bbox 2158 2563 3746 2658">
     <span class='ocr_line' id='line_1_57' title="bbox 2158 2563 3746 2658; baseline 0.016 -41"><span class='ocrx_word' id='word_1_421' title='bbox 2158 2563 2548 2635; x_wconf 83' lang='grc' dir='ltr'>λωτισθέντων,</span> <span class='ocrx_word' id='word_1_422' title='bbox 2582 2572 2732 2642; x_wconf 81' lang='grc' dir='ltr'>ὅμως</span> <span class='ocrx_word' id='word_1_423' title='bbox 2767 2575 2947 2646; x_wconf 79' lang='grc' dir='ltr'>μέντοι</span> <span class='ocrx_word' id='word_1_424' title='bbox 2975 2581 3086 2642; x_wconf 81' lang='grc' dir='ltr'>τοῖς</span> <span class='ocrx_word' id='word_1_425' title='bbox 3120 2579 3394 2651; x_wconf 80' lang='grc' dir='ltr'>πολεμίοις</span> <span class='ocrx_word' id='word_1_426' title='bbox 3422 2563 3746 2658; x_wconf 59' lang='grc' dir='ltr'>ὁμογνωμο-</span> 
     </span>
    </p>
   </div>
   <div class='ocr_carea' id='block_1_58' title="bbox 2158 2658 3742 2749">
    <p class='ocr_par' dir='ltr' id='par_1_58' title="bbox 2158 2658 3742 2749">
     <span class='ocr_line' id='line_1_58' title="bbox 2158 2658 3742 2749; baseline 0.015 -40"><span class='ocrx_word' id='word_1_427' title='bbox 2158 2658 2436 2727; x_wconf 83' lang='grc' dir='ltr'>νησάντων</span> <span class='ocrx_word' id='word_1_428' title='bbox 2461 2701 2475 2725; x_wconf 91' lang='grc'><strong>,</strong></span> <span class='ocrx_word' id='word_1_429' title='bbox 2518 2663 2613 2718; x_wconf 77' lang='grc' dir='ltr'>καὶ</span> <span class='ocrx_word' id='word_1_430' title='bbox 2661 2668 3044 2736; x_wconf 83' lang='grc' dir='ltr'>φρονησάντων</span> <span class='ocrx_word' id='word_1_431' title='bbox 3087 2671 3229 2729; x_wconf 80' lang='grc' dir='ltr'>κατὰ</span> <span class='ocrx_word' id='word_1_432' title='bbox 3276 2674 3374 2743; x_wconf 83' lang='grc' dir='ltr'><strong>τῆς</strong></span> <span class='ocrx_word' id='word_1_433' title='bbox 3428 2676 3742 2749; x_wconf 82' lang='grc' dir='ltr'>Ῥωμαῖκῆς</span> 
     </span>
    </p>
   </div>
   <div class='ocr_carea' id='block_1_59' title="bbox 2160 2749 3744 2841">
    <p class='ocr_par' dir='ltr' id='par_1_59' title="bbox 2160 2749 3744 2841">
     <span class='ocr_line' id='line_1_59' title="bbox 2160 2749 3744 2841; baseline 0.005 -38"><span class='ocrx_word' id='word_1_434' title='bbox 2160 2749 2426 2841; x_wconf 75' lang='grc' dir='ltr'>ἐξουσίας.</span> <span class='ocrx_word' id='word_1_435' title='bbox 2460 2757 2521 2808; x_wconf 81' lang='grc' dir='ltr'><strong>οι</strong></span> <span class='ocrx_word' id='word_1_436' title='bbox 2561 2756 2618 2809; x_wconf 80' lang='grc' dir='ltr'>δὲ</span> <span class='ocrx_word' id='word_1_437' title='bbox 2648 2760 2758 2821; x_wconf 80' lang='grc' dir='ltr'>τοῖς</span> <span class='ocrx_word' id='word_1_438' title='bbox 2787 2760 2928 2813; x_wconf 80' lang='grc' dir='ltr'>κατὰ</span> <span class='ocrx_word' id='word_1_439' title='bbox 2966 2760 3161 2832; x_wconf 81' lang='grc' dir='ltr'>χέρσον</span> <span class='ocrx_word' id='word_1_440' title='bbox 3204 2764 3297 2819; x_wconf 79' lang='grc' dir='ltr'>καὶ</span> <span class='ocrx_word' id='word_1_441' title='bbox 3339 2764 3604 2841; x_wconf 80' lang='grc' dir='ltr'>θάλατταν</span> <span class='ocrx_word' id='word_1_442' title='bbox 3647 2769 3744 2841; x_wconf 68' lang='grc' dir='ltr'><strong>λῃ-</strong></span> 
     </span>
    </p>
   </div>
   <div class='ocr_carea' id='block_1_60' title="bbox 2161 2838 3738 2928">
    <p class='ocr_par' dir='ltr' id='par_1_60' title="bbox 2161 2838 3738 2928">
     <span class='ocr_line' id='line_1_60' title="bbox 2161 2838 3738 2928; baseline 0.013 -35"><span class='ocrx_word' id='word_1_443' title='bbox 2161 2838 2406 2896; x_wconf 80' lang='grc' dir='ltr'>στεύουσι</span> <span class='ocrx_word' id='word_1_444' title='bbox 2430 2845 2944 2918; x_wconf 78' lang='grc' dir='ltr'>συλλῃστεύσαντες,</span> <span class='ocrx_word' id='word_1_445' title='bbox 2985 2852 3265 2920; x_wconf 81' lang='grc' dir='ltr'>πλειόνως,</span> <span class='ocrx_word' id='word_1_446' title='bbox 3296 2856 3372 2919; x_wconf 85' lang='grc' dir='ltr'>ὡς</span> <span class='ocrx_word' id='word_1_447' title='bbox 3411 2838 3533 2928; x_wconf 70' lang='grc' dir='ltr'>ἐμοὶ</span> <span class='ocrx_word' id='word_1_448' title='bbox 3572 2838 3738 2926; x_wconf 71' lang='grc' dir='ltr'>δοκεί,</span> 
     </span>
    </p>
   </div>
   <div class='ocr_carea' id='block_1_61' title="bbox 2158 2929 3738 3013">
    <p class='ocr_par' dir='ltr' id='par_1_61' title="bbox 2158 2929 3738 3013">
     <span class='ocr_line' id='line_1_61' title="bbox 2158 2929 3738 3013; baseline 0.011 -31"><span class='ocrx_word' id='word_1_449' title='bbox 2158 2929 2713 3002; x_wconf 65' lang='grc' dir='ltr'>κολασθήσονταιθιότι</span> <span class='ocrx_word' id='word_1_450' title='bbox 2744 2937 2838 2991; x_wconf 79' lang='grc' dir='ltr'>καὶ</span> <span class='ocrx_word' id='word_1_451' title='bbox 2864 2939 3063 3007; x_wconf 77' lang='grc' dir='ltr'>μείζων</span> <span class='ocrx_word' id='word_1_452' title='bbox 3095 2941 3211 2994; x_wconf 59' lang='grc' dir='ltr'><strong>ἐστὶ⁵</strong></span> <span class='ocrx_word' id='word_1_453' title='bbox 3250 2945 3454 2995; x_wconf 86' lang='grc' dir='ltr'>τούτων</span> <span class='ocrx_word' id='word_1_454' title='bbox 3486 2945 3518 3013; x_wconf 79' lang='grc' dir='ltr'>ὴ</span> <span class='ocrx_word' id='word_1_455' title='bbox 3550 2945 3738 3000; x_wconf 79' lang='grc' dir='ltr'>κακία.</span> 
     </span>
    </p>
   </div>
   <div class='ocr_carea' id='block_1_62' title="bbox 2158 3021 3737 3105">
    <p class='ocr_par' dir='ltr' id='par_1_62' title="bbox 2158 3021 3737 3105">
     <span class='ocr_line' id='line_1_62' title="bbox 2158 3021 3737 3105; baseline 0.01 -33"><span class='ocrx_word' id='word_1_456' title='bbox 2158 3021 2221 3073; x_wconf 78' lang='lat' dir='ltr'><strong>Ol</strong></span> <span class='ocrx_word' id='word_1_457' title='bbox 2251 3021 2349 3091; x_wconf 80' lang='grc' dir='ltr'>μὲν</span> <span class='ocrx_word' id='word_1_458' title='bbox 2375 3022 2483 3094; x_wconf 82' lang='grc' dir='ltr'>γὰρ</span> <span class='ocrx_word' id='word_1_459' title='bbox 2516 3024 2760 3096; x_wconf 84' lang='grc' dir='ltr'>πολέμιοι</span> <span class='ocrx_word' id='word_1_460' title='bbox 2803 3027 2942 3083; x_wconf 78' lang='grc' dir='ltr'>κατὰ</span> <span class='ocrx_word' id='word_1_461' title='bbox 2973 3029 3262 3101; x_wconf 80' lang='grc' dir='ltr'>πρόσωπον</span> <span class='ocrx_word' id='word_1_462' title='bbox 3306 3032 3395 3086; x_wconf 77' lang='grc' dir='ltr'>καὶ</span> <span class='ocrx_word' id='word_1_463' title='bbox 3420 3037 3598 3105; x_wconf 76' lang='grc' dir='ltr'>γυμνῇ</span> <span class='ocrx_word' id='word_1_464' title='bbox 3630 3043 3737 3087; x_wconf 49' lang='grc' dir='ltr'>’κε’</span> 
     </span>
    </p>
   </div>
   <div class='ocr_carea' id='block_1_63' title="bbox 2158 3110 3739 3190">
    <p class='ocr_par' dir='ltr' id='par_1_63' title="bbox 2158 3110 3739 3190">
     <span class='ocr_line' id='line_1_63' title="bbox 2158 3110 3739 3190; baseline 0.011 -28"><span class='ocrx_word' id='word_1_465' title='bbox 2158 3110 2324 3183; x_wconf 74' lang='grc' dir='ltr'>φαλῇ,</span> <span class='ocrx_word' id='word_1_466' title='bbox 2356 3111 2418 3166; x_wconf 81' lang='grc' dir='ltr'>τὸ</span> <span class='ocrx_word' id='word_1_467' title='bbox 2445 3114 2756 3185; x_wconf 82' lang='grc' dir='ltr'>λεγόμενον,</span> <span class='ocrx_word' id='word_1_468' title='bbox 2781 3116 2872 3170; x_wconf 83' lang='grc' dir='ltr'><strong>τὸν</strong></span> <span class='ocrx_word' id='word_1_469' title='bbox 2900 3119 3135 3190; x_wconf 87' lang='grc' dir='ltr'>πόλεμον</span> <span class='ocrx_word' id='word_1_470' title='bbox 3187 3123 3505 3179; x_wconf 86' lang='grc' dir='ltr'>συνιστῶσιν</span> <span class='ocrx_word' id='word_1_471' title='bbox 3527 3140 3542 3155; x_wconf 81' lang='grc'><em>’</em></span> <span class='ocrx_word' id='word_1_472' title='bbox 3588 3125 3637 3180; x_wconf 77' lang='lat' dir='ltr'><strong>al</strong></span> <span class='ocrx_word' id='word_1_473' title='bbox 3679 3126 3739 3180; x_wconf 75' lang='grc' dir='ltr'>δὲ</span> 
     </span>
    </p>
   </div>
   <div class='ocr_carea' id='block_1_64' title="bbox 491 3189 2067 3301">
    <p class='ocr_par' dir='ltr' id='par_1_64' title="bbox 491 3189 2063 3301">
     <span class='ocr_line' id='line_1_64' title="bbox 491 3189 2063 3259; baseline 0.004 -19"><span class='ocrx_word' id='word_1_474' title='bbox 491 3204 671 3259; x_wconf 88' lang='lat' dir='ltr'><strong>pugna</strong></span> <span class='ocrx_word' id='word_1_475' title='bbox 702 3189 872 3243; x_wconf 83' lang='lat' dir='ltr'><strong>levior</strong></span> <span class='ocrx_word' id='word_1_476' title='bbox 903 3198 987 3243; x_wconf 89' lang='lat' dir='ltr'><strong>est</strong></span> <span class='ocrx_word' id='word_1_477' title='bbox 1017 3189 1295 3258; x_wconf 86' lang='lat' dir='ltr'><strong>inopinato</strong></span> <span class='ocrx_word' id='word_1_478' title='bbox 1322 3192 1483 3254; x_wconf 88' lang='lat' dir='ltr'><strong>malo,</strong></span> <span class='ocrx_word' id='word_1_479' title='bbox 1520 3200 1671 3246; x_wconf 86' lang='lat' dir='ltr'><strong>tanto</strong></span> <span class='ocrx_word' id='word_1_480' title='bbox 1701 3191 1938 3251; x_wconf 84' lang='lat' dir='ltr'><strong>hostium</strong></span> <span class='ocrx_word' id='word_1_481' title='bbox 1972 3193 2063 3249; x_wconf 84' lang='lat' dir='ltr'><strong>in-</strong></span> 
     </span>
     <span class='ocr_line' id='line_1_65' title="bbox 491 3276 1673 3301; baseline 0 0"><span class='ocrx_word' id='word_1_482' title='bbox 491 3276 663 3301; x_wconf 73' lang='grc' dir='ltr'><strong>-..1ι..-</strong></span> <span class='ocrx_word' id='word_1_483' title='bbox 698 3288 773 3301; x_wconf 72' lang='grc' dir='ltr'><strong>-.-ι</strong></span> <span class='ocrx_word' id='word_1_484' title='bbox 805 3279 1133 3301; x_wconf 61' lang='grc'><strong>...1-..-1-212-..</strong></span> <span class='ocrx_word' id='word_1_485' title='bbox 1164 3280 1426 3301; x_wconf 55' lang='grc' dir='ltr'><strong>ΙΑι--..--μ-</strong></span> <span class='ocrx_word' id='word_1_486' title='bbox 1465 3281 1673 3301; x_wconf 66' lang='lat' dir='ltr'><strong>:__:.l::-</strong></span> 
     </span>
    </p>
   </div>
   <div class='ocr_carea' id='block_1_65' title="bbox 2162 3189 3735 3301">
    <p class='ocr_par' dir='ltr' id='par_1_65' title="bbox 2162 3189 3735 3301">
     <span class='ocr_line' id='line_1_66' title="bbox 2162 3189 3735 3301; baseline 0.013 -50"><span class='ocrx_word' id='word_1_487' title='bbox 2162 3196 2351 3301; x_wconf 67' lang='grc' dir='ltr'>λησταὶ</span> <span class='ocrx_word' id='word_1_488' title='bbox 2381 3202 2628 3301; x_wconf 47' lang='grc' dir='ltr'>ἀοράτως</span> <span class='ocrx_word' id='word_1_489' title='bbox 2661 3205 2755 3257; x_wconf 78' lang='grc' dir='ltr'>καὶ</span> <span class='ocrx_word' id='word_1_490' title='bbox 2788 3206 3004 3275; x_wconf 78' lang='grc' dir='ltr'>ἀφανῶς</span> <span class='ocrx_word' id='word_1_491' title='bbox 3037 3189 3440 3281; x_wconf 74' lang='grc' dir='ltr'>ἀπροσδόκητον</span> <span class='ocrx_word' id='word_1_492' title='bbox 3471 3214 3735 3281; x_wconf 73' lang='grc' dir='ltr'>μελετῶσι</span> 
     </span>
    </p>
   </div>
   <div class='ocr_carea' id='block_1_66' title="bbox 482 3276 1695 3353">
    <p class='ocr_par' dir='ltr' id='par_1_66' title="bbox 482 3276 1695 3353">
     <span class='ocr_line' id='line_1_67' title="bbox 482 3276 1695 3353; baseline -0.001 -18"><span class='ocrx_word' id='word_1_493' title='bbox 482 3276 667 3335; x_wconf 77' lang='lat' dir='ltr'><strong>sultus</strong></span> <span class='ocrx_word' id='word_1_494' title='bbox 694 3288 777 3347; x_wconf 71' lang='lat' dir='ltr'><strong>est</strong></span> <span class='ocrx_word' id='word_1_495' title='bbox 805 3279 1134 3334; x_wconf 75' lang='lat' dir='ltr'><strong>tolerabilior</strong></span> <span class='ocrx_word' id='word_1_496' title='bbox 1163 3280 1439 3353; x_wconf 59' lang='lat' dir='ltr'><strong>latronum</strong></span> <span class='ocrx_word' id='word_1_497' title='bbox 1464 3281 1695 3338; x_wconf 78' lang='lat' dir='ltr'><strong>insidiis.</strong></span> 
     </span>
    </p>
   </div>
   <div class='ocr_carea' id='block_1_67' title="bbox 2156 3288 3732 3369">
    <p class='ocr_par' dir='ltr' id='par_1_67' title="bbox 2156 3288 3732 3369">
     <span class='ocr_line' id='line_1_68' title="bbox 2156 3288 3732 3369; baseline 0.011 -27"><span class='ocrx_word' id='word_1_498' title='bbox 2156 3288 2333 3356; x_wconf 81' lang='grc' dir='ltr'>φόνον.</span> <span class='ocrx_word' id='word_1_499' title='bbox 2365 3291 2525 3344; x_wconf 89' lang='grc' dir='ltr'>Ὅσον</span> <span class='ocrx_word' id='word_1_500' title='bbox 2551 3288 2645 3347; x_wconf 77' lang='grc' dir='ltr'><strong>οὖν</strong></span> <span class='ocrx_word' id='word_1_501' title='bbox 2668 3293 2762 3348; x_wconf 81' lang='grc' dir='ltr'>τοῦ</span> <span class='ocrx_word' id='word_1_502' title='bbox 2798 3299 3155 3369; x_wconf 79' lang='grc' dir='ltr'>προκειμένου</span> <span class='ocrx_word' id='word_1_503' title='bbox 3186 3301 3307 3359; x_wconf 79' lang='grc' dir='ltr'>κατ’</span> <span class='ocrx_word' id='word_1_504' title='bbox 3339 3302 3395 3362; x_wconf 58' lang='grc' dir='ltr'>τις</span> <span class='ocrx_word' id='word_1_505' title='bbox 3411 3319 3462 3357; x_wconf 87' lang='grc' dir='ltr'><strong>ιν</strong></span> <span class='ocrx_word' id='word_1_506' title='bbox 3488 3303 3732 3363; x_wconf 69' lang='grc' dir='ltr'>κινδύνου</span> 
     </span>
    </p>
   </div>
   <div class='ocr_carea' id='block_1_68' title="bbox 483 3381 3728 3474">
    <p class='ocr_par' dir='ltr' id='par_1_68' title="bbox 483 3381 3728 3474">
     <span class='ocr_line' id='line_1_69' title="bbox 483 3381 3728 3474; baseline 0.006 -36"><span class='ocrx_word' id='word_1_507' title='bbox 483 3381 521 3455; x_wconf 64' lang='grc' dir='ltr'>ἡ</span> <span class='ocrx_word' id='word_1_508' title='bbox 569 3383 718 3455; x_wconf 81' lang='grc' dir='ltr'>μάχη</span> <span class='ocrx_word' id='word_1_509' title='bbox 764 3384 1071 3457; x_wconf 72' lang='grc' dir='ltr'>κουφοτέρα</span> <span class='ocrx_word' id='word_1_510' title='bbox 1105 3387 1222 3439; x_wconf 78' lang='grc' dir='ltr'>ἐστὶ</span> <span class='ocrx_word' id='word_1_511' title='bbox 1258 3385 1351 3439; x_wconf 83' lang='grc' dir='ltr'><strong>τοῦ</strong></span> <span class='ocrx_word' id='word_1_512' title='bbox 1402 3388 1809 3461; x_wconf 79' lang='grc' dir='ltr'>ἀπροσδοκήτου</span> <span class='ocrx_word' id='word_1_513' title='bbox 1857 3396 2059 3462; x_wconf 77' lang='grc' dir='ltr'>κακοῦ,</span> <span class='ocrx_word' id='word_1_514' title='bbox 2107 3396 2356 3450; x_wconf 82' lang='grc' dir='ltr'>τοσοῦτον</span> <span class='ocrx_word' id='word_1_515' title='bbox 2384 3399 2477 3451; x_wconf 72' lang='grc' dir='ltr'>καὶ</span> <span class='ocrx_word' id='word_1_516' title='bbox 2504 3402 2537 3471; x_wconf 78' lang='grc' dir='ltr'><strong>ἡ</strong></span> <span class='ocrx_word' id='word_1_517' title='bbox 2565 3397 2671 3451; x_wconf 86' lang='grc' dir='ltr'>τῶν</span> <span class='ocrx_word' id='word_1_518' title='bbox 2706 3398 2975 3470; x_wconf 82' lang='grc' dir='ltr'>πολεμίων</span> <span class='ocrx_word' id='word_1_519' title='bbox 3018 3402 3204 3471; x_wconf 78' lang='grc' dir='ltr'>ἔφοδος</span> <span class='ocrx_word' id='word_1_520' title='bbox 3257 3403 3583 3474; x_wconf 74' lang='grc' dir='ltr'>ἀνεκτοτέρα</span> <span class='ocrx_word' id='word_1_521' title='bbox 3607 3398 3728 3453; x_wconf 71' lang='grc' dir='ltr'>ἐστὶ</span> 
     </span>
    </p>
   </div>
   <div class='ocr_carea' id='block_1_69' title="bbox 483 3474 1449 3550">
    <p class='ocr_par' dir='ltr' id='par_1_69' title="bbox 483 3474 1449 3550">
     <span class='ocr_line' id='line_1_70' title="bbox 483 3474 1449 3550; baseline 0.009 -24"><span class='ocrx_word' id='word_1_522' title='bbox 483 3474 584 3546; x_wconf 77' lang='grc' dir='ltr'>τῆς</span> <span class='ocrx_word' id='word_1_523' title='bbox 606 3476 712 3528; x_wconf 84' lang='grc' dir='ltr'>τῶν</span> <span class='ocrx_word' id='word_1_524' title='bbox 738 3476 1108 3549; x_wconf 82' lang='grc' dir='ltr'>λῃστευόντων</span> <span class='ocrx_word' id='word_1_525' title='bbox 1142 3479 1449 3550; x_wconf 84' lang='grc' dir='ltr'>ἐπιϐουλῆς.</span> 
     </span>
    </p>
   </div>
   <div class='ocr_carea' id='block_1_70' title="bbox 564 3574 2062 3648">
    <p class='ocr_par' dir='ltr' id='par_1_70' title="bbox 564 3574 2062 3648">
     <span class='ocr_line' id='line_1_71' title="bbox 564 3574 2062 3648; baseline 0.005 -21"><span class='ocrx_word' id='word_1_526' title='bbox 564 3574 766 3630; x_wconf 71' lang='lat' dir='ltr'><strong>Zumn.</strong></span> <span class='ocrx_word' id='word_1_527' title='bbox 807 3576 1129 3646; x_wconf 87' lang='lat' dir='ltr'><strong>Quicunque</strong></span> <span class='ocrx_word' id='word_1_528' title='bbox 1172 3576 1428 3647; x_wconf 88' lang='lat' dir='ltr'><strong>quidem,</strong></span> <span class='ocrx_word' id='word_1_529' title='bbox 1478 3577 1596 3646; x_wconf 91' lang='lat' dir='ltr'><strong>ait,</strong></span> <span class='ocrx_word' id='word_1_530' title='bbox 1659 3579 1957 3648; x_wconf 89' lang='lat' dir='ltr'><strong>aliquando</strong></span> <span class='ocrx_word' id='word_1_531' title='bbox 2006 3579 2062 3634; x_wconf 85' lang='lat' dir='ltr'><strong>in</strong></span> 
     </span>
    </p>
   </div>
   <div class='ocr_carea' id='block_1_71' title="bbox 492 3666 2060 3738">
    <p class='ocr_par' dir='ltr' id='par_1_71' title="bbox 492 3666 2060 3738">
     <span class='ocr_line' id='line_1_72' title="bbox 492 3666 2060 3738; baseline 0.002 -17"><span class='ocrx_word' id='word_1_532' title='bbox 492 3669 805 3721; x_wconf 88' lang='lat' dir='ltr'><strong>servitutem</strong></span> <span class='ocrx_word' id='word_1_533' title='bbox 825 3666 1051 3725; x_wconf 85' lang='lat' dir='ltr'><strong>abducti</strong></span> <span class='ocrx_word' id='word_1_534' title='bbox 1090 3684 1150 3723; x_wconf 88' lang='lat' dir='ltr'><strong>se</strong></span> <span class='ocrx_word' id='word_1_535' title='bbox 1180 3668 1426 3723; x_wconf 88' lang='lat' dir='ltr'><strong>barbaris</strong></span> <span class='ocrx_word' id='word_1_536' title='bbox 1457 3670 1840 3738; x_wconf 76' lang='lat' dir='ltr'><strong>adjunxerunt,</strong></span> <span class='ocrx_word' id='word_1_537' title='bbox 1876 3676 1930 3725; x_wconf 88' lang='lat' dir='ltr'><strong>et</strong></span> <span class='ocrx_word' id='word_1_538' title='bbox 1955 3685 2060 3725; x_wconf 85' lang='lat' dir='ltr'><strong>una</strong></span> 
     </span>
    </p>
   </div>
   <div class='ocr_carea' id='block_1_72' title="bbox 489 3756 2063 3825">
    <p class='ocr_par' dir='ltr' id='par_1_72' title="bbox 489 3756 2063 3825">
     <span class='ocr_line' id='line_1_73' title="bbox 489 3756 2063 3825; baseline 0.001 -17"><span class='ocrx_word' id='word_1_539' title='bbox 489 3770 615 3808; x_wconf 89' lang='lat' dir='ltr'><strong>cum</strong></span> <span class='ocrx_word' id='word_1_540' title='bbox 653 3756 720 3810; x_wconf 90' lang='lat' dir='ltr'><strong>iis</strong></span> <span class='ocrx_word' id='word_1_541' title='bbox 763 3756 996 3825; x_wconf 79' lang='lat' dir='ltr'><strong>grassati</strong></span> <span class='ocrx_word' id='word_1_542' title='bbox 1045 3766 1172 3811; x_wconf 81' lang='lat' dir='ltr'><strong>sunt</strong></span> <span class='ocrx_word' id='word_1_543' title='bbox 1220 3772 1431 3811; x_wconf 89' lang='lat' dir='ltr'><strong>morum</strong></span> <span class='ocrx_word' id='word_1_544' title='bbox 1480 3758 1783 3812; x_wconf 89' lang='lat' dir='ltr'><strong>barbariem</strong></span> <span class='ocrx_word' id='word_1_545' title='bbox 1834 3758 2063 3812; x_wconf 90' lang='lat' dir='ltr'><strong>induen-</strong></span> 
     </span>
    </p>
   </div>
   <div class='ocr_carea' id='block_1_73' title="bbox 490 3834 2058 3915">
    <p class='ocr_par' dir='ltr' id='par_1_73' title="bbox 490 3834 2058 3915">
     <span class='ocr_line' id='line_1_74' title="bbox 490 3834 2058 3915; baseline 0.003 -16"><span class='ocrx_word' id='word_1_546' title='bbox 490 3857 608 3909; x_wconf 88' lang='lat' dir='ltr'><strong>tes,</strong></span> <span class='ocrx_word' id='word_1_547' title='bbox 650 3860 714 3900; x_wconf 90' lang='lat' dir='ltr'><strong>ac</strong></span> <span class='ocrx_word' id='word_1_548' title='bbox 742 3848 889 3899; x_wconf 88' lang='lat' dir='ltr'><strong>velut</strong></span> <span class='ocrx_word' id='word_1_549' title='bbox 921 3846 1071 3902; x_wconf 85' lang='lat' dir='ltr'><strong>obliti</strong></span> <span class='ocrx_word' id='word_1_550' title='bbox 1112 3861 1170 3902; x_wconf 83' lang='lat' dir='ltr'><strong>se</strong></span> <span class='ocrx_word' id='word_1_551' title='bbox 1210 3862 1277 3901; x_wconf 77' lang='lat' dir='ltr'><strong>ex</strong></span> <span class='ocrx_word' id='word_1_552' title='bbox 1326 3846 1499 3902; x_wconf 87' lang='lat' dir='ltr'><strong>Ponto</strong></span> <span class='ocrx_word' id='word_1_553' title='bbox 1522 3834 1863 3903; x_wconf 86' lang='lat' dir='ltr'><strong>Christianos</strong></span> <span class='ocrx_word' id='word_1_554' title='bbox 1902 3863 2058 3915; x_wconf 85' lang='lat' dir='ltr'><strong>esse,</strong></span> 
     </span>
    </p>
   </div>
   <div class='ocr_carea' id='block_1_74' title="bbox 479 3936 2062 4007">
    <p class='ocr_par' dir='ltr' id='par_1_74' title="bbox 479 3936 2062 4007">
     <span class='ocr_line' id='line_1_75' title="bbox 479 3936 2062 4007; baseline 0.001 -16"><span class='ocrx_word' id='word_1_555' title='bbox 479 3950 584 3991; x_wconf 77' lang='lat' dir='ltr'><strong>eos</strong></span> <span class='ocrx_word' id='word_1_556' title='bbox 621 3937 713 4006; x_wconf 90' lang='lat' dir='ltr'><strong>qui</strong></span> <span class='ocrx_word' id='word_1_557' title='bbox 740 3936 984 4005; x_wconf 85' lang='lat' dir='ltr'><strong>ejusdem</strong></span> <span class='ocrx_word' id='word_1_558' title='bbox 1015 3946 1144 3992; x_wconf 89' lang='lat' dir='ltr'><strong>sunt</strong></span> <span class='ocrx_word' id='word_1_559' title='bbox 1175 3938 1389 4007; x_wconf 76' lang='lat' dir='ltr'><strong>generis</strong></span> <span class='ocrx_word' id='word_1_560' title='bbox 1418 3937 1735 3992; x_wconf 74' lang='lat' dir='ltr'><strong>interfecere</strong></span> <span class='ocrx_word' id='word_1_561' title='bbox 1754 3978 1769 4002; x_wconf 90' lang='lat'><strong>,</strong></span> <span class='ocrx_word' id='word_1_562' title='bbox 1820 3938 1903 3991; x_wconf 84' lang='lat' dir='ltr'><strong>vel</strong></span> <span class='ocrx_word' id='word_1_563' title='bbox 1936 3939 2062 3993; x_wconf 81' lang='lat' dir='ltr'><strong>bar-</strong></span> 
     </span>
    </p>
   </div>
   <div class='ocr_carea' id='block_1_75' title="bbox 488 4026 2062 4097">
    <p class='ocr_par' dir='ltr' id='par_1_75' title="bbox 488 4026 2062 4097">
     <span class='ocr_line' id='line_1_76' title="bbox 488 4026 2062 4097; baseline 0.003 -17"><span class='ocrx_word' id='word_1_564' title='bbox 488 4026 636 4081; x_wconf 85' lang='lat' dir='ltr'><strong>baris</strong></span> <span class='ocrx_word' id='word_1_565' title='bbox 671 4028 883 4097; x_wconf 78' lang='lat' dir='ltr'><strong>ignOtas</strong></span> <span class='ocrx_word' id='word_1_566' title='bbox 927 4037 1298 4084; x_wconf 83' lang='lat' dir='ltr'><strong>monstravere</strong></span> <span class='ocrx_word' id='word_1_567' title='bbox 1339 4029 1475 4092; x_wconf 86' lang='lat' dir='ltr'><strong>vias,</strong></span> <span class='ocrx_word' id='word_1_568' title='bbox 1511 4029 1769 4083; x_wconf 88' lang='lat' dir='ltr'><strong>domosve</strong></span> <span class='ocrx_word' id='word_1_569' title='bbox 1808 4028 1943 4097; x_wconf 87' lang='lat' dir='ltr'><strong>ipsis</strong></span> <span class='ocrx_word' id='word_1_570' title='bbox 1973 4042 2062 4084; x_wconf 86' lang='lat' dir='ltr'><strong>oc-</strong></span> 
     </span>
    </p>
   </div>
   <div class='ocr_carea' id='block_1_76' title="bbox 481 4116 2056 4187">
    <p class='ocr_par' dir='ltr' id='par_1_76' title="bbox 481 4116 2056 4187">
     <span class='ocr_line' id='line_1_77' title="bbox 481 4116 2056 4187; baseline -0.001 -15"><span class='ocrx_word' id='word_1_571' title='bbox 481 4116 698 4180; x_wconf 74' lang='lat' dir='ltr'><strong>cultas;</strong></span> <span class='ocrx_word' id='word_1_572' title='bbox 744 4117 799 4170; x_wconf 88' lang='lat' dir='ltr'><strong>hi</strong></span> <span class='ocrx_word' id='word_1_573' title='bbox 837 4132 905 4171; x_wconf 89' lang='lat' dir='ltr'><strong>ne</strong></span> <span class='ocrx_word' id='word_1_574' title='bbox 943 4117 1007 4171; x_wconf 89' lang='lat' dir='ltr'><strong>ad</strong></span> <span class='ocrx_word' id='word_1_575' title='bbox 1041 4119 1375 4173; x_wconf 88' lang='lat' dir='ltr'><strong>auditionem</strong></span> <span class='ocrx_word' id='word_1_576' title='bbox 1407 4118 1625 4187; x_wconf 86' lang='lat' dir='ltr'><strong>quidem</strong></span> <span class='ocrx_word' id='word_1_577' title='bbox 1660 4117 2016 4172; x_wconf 76' lang='lat' dir='ltr'><strong>admittuntur</strong></span> <span class='ocrx_word' id='word_1_578' title='bbox 2039 4156 2056 4183; x_wconf 89' lang='lat'><strong>,</strong></span> 
     </span>
    </p>
   </div>
   <div class='ocr_carea' id='block_1_77' title="bbox 486 4206 2058 4277">
    <p class='ocr_par' dir='ltr' id='par_1_77' title="bbox 486 4206 2058 4277">
     <span class='ocr_line' id='line_1_78' title="bbox 486 4206 2058 4277; baseline -0.001 -16"><span class='ocrx_word' id='word_1_579' title='bbox 486 4207 859 4276; x_wconf 75' lang='lat' dir='ltr'><strong>ptentitentiam</strong></span> <span class='ocrx_word' id='word_1_580' title='bbox 903 4218 1158 4277; x_wconf 82' lang='lat' dir='ltr'><strong>agentes;</strong></span> <span class='ocrx_word' id='word_1_581' title='bbox 1212 4209 1317 4263; x_wconf 88' lang='lat' dir='ltr'><strong>hoc</strong></span> <span class='ocrx_word' id='word_1_582' title='bbox 1379 4216 1500 4271; x_wconf 90' lang='lat' dir='ltr'><strong>est,</strong></span> <span class='ocrx_word' id='word_1_583' title='bbox 1558 4217 1711 4260; x_wconf 83' lang='lat' dir='ltr'><strong>extra</strong></span> <span class='ocrx_word' id='word_1_584' title='bbox 1771 4206 2058 4261; x_wconf 87' lang='lat' dir='ltr'><strong>ecclesiam</strong></span> 
     </span>
    </p>
   </div>
   <div class='ocr_carea' id='block_1_78' title="bbox 2214 3573 3731 3656">
    <p class='ocr_par' dir='ltr' id='par_1_78' title="bbox 2214 3573 3731 3656">
     <span class='ocr_line' id='line_1_79' title="bbox 2214 3573 3731 3656; baseline 0.01 -30"><span class='ocrx_word' id='word_1_585' title='bbox 2214 3573 2456 3629; x_wconf 81' lang='grc' dir='ltr'><strong>ΖΩΝΔΡ.</strong></span> <span class='ocrx_word' id='word_1_586' title='bbox 2496 3575 2649 3631; x_wconf 86' lang='grc' dir='ltr'>Ὅσοι</span> <span class='ocrx_word' id='word_1_587' title='bbox 2685 3576 2786 3647; x_wconf 78' lang='grc' dir='ltr'>μὲν</span> <span class='ocrx_word' id='word_1_588' title='bbox 2816 3573 2932 3640; x_wconf 76' lang='grc' dir='ltr'>οὖν,</span> <span class='ocrx_word' id='word_1_589' title='bbox 2961 3576 3159 3651; x_wconf 78' lang='grc' dir='ltr'>φησὶν,</span> <span class='ocrx_word' id='word_1_590' title='bbox 3202 3582 3731 3656; x_wconf 75' lang='grc' dir='ltr'>αἰχμαλωτισθέντες</span> 
     </span>
    </p>
   </div>
   <div class='ocr_carea' id='block_1_79' title="bbox 2145 3666 3733 3746">
    <p class='ocr_par' dir='ltr' id='par_1_79' title="bbox 2145 3666 3733 3746">
     <span class='ocr_line' id='line_1_80' title="bbox 2145 3666 3733 3746; baseline 0.008 -27"><span class='ocrx_word' id='word_1_591' title='bbox 2145 3666 2296 3731; x_wconf 83' lang='grc' dir='ltr'>ποτέ,</span> <span class='ocrx_word' id='word_1_592' title='bbox 2330 3669 2817 3738; x_wconf 85' lang='grc' dir='ltr'>συγκατετάγησαν</span> <span class='ocrx_word' id='word_1_593' title='bbox 2846 3672 2957 3734; x_wconf 83' lang='grc' dir='ltr'>τοῖς</span> <span class='ocrx_word' id='word_1_594' title='bbox 3002 3670 3329 3743; x_wconf 83' lang='grc' dir='ltr'>βαρϐάροις,</span> <span class='ocrx_word' id='word_1_595' title='bbox 3365 3674 3459 3727; x_wconf 77' lang='grc' dir='ltr'>καὶ</span> <span class='ocrx_word' id='word_1_596' title='bbox 3488 3677 3605 3746; x_wconf 89' lang='grc' dir='ltr'>μετ’</span> <span class='ocrx_word' id='word_1_597' title='bbox 3630 3680 3733 3732; x_wconf 78' lang='grc' dir='ltr'><strong>αὐ-</strong></span> 
     </span>
    </p>
   </div>
   <div class='ocr_carea' id='block_1_80' title="bbox 2143 3757 3733 3839">
    <p class='ocr_par' dir='ltr' id='par_1_80' title="bbox 2143 3757 3733 3839">
     <span class='ocr_line' id='line_1_81' title="bbox 2143 3757 3733 3839; baseline 0.005 -26"><span class='ocrx_word' id='word_1_598' title='bbox 2143 3757 2252 3813; x_wconf 83' lang='grc' dir='ltr'><strong>τῶν</strong></span> <span class='ocrx_word' id='word_1_599' title='bbox 2284 3758 2519 3829; x_wconf 76' lang='grc' dir='ltr'>ἐπῆλθον</span> <span class='ocrx_word' id='word_1_600' title='bbox 2548 3759 2994 3832; x_wconf 55' lang='grc' dir='ltr'>βαρϐαρωθὼτες</span> <span class='ocrx_word' id='word_1_601' title='bbox 3021 3762 3088 3815; x_wconf 82' lang='grc' dir='ltr'>τὰ</span> <span class='ocrx_word' id='word_1_602' title='bbox 3115 3764 3210 3835; x_wconf 81' lang='grc' dir='ltr'>ἔθη</span> <span class='ocrx_word' id='word_1_603' title='bbox 3230 3780 3245 3795; x_wconf 77' lang='grc' dir='ltr'><strong>ο</strong></span> <span class='ocrx_word' id='word_1_604' title='bbox 3276 3767 3370 3819; x_wconf 72' lang='grc' dir='ltr'>καὶ</span> <span class='ocrx_word' id='word_1_605' title='bbox 3397 3766 3585 3839; x_wconf 82' lang='grc' dir='ltr'>ὥσπερ</span> <span class='ocrx_word' id='word_1_606' title='bbox 3612 3769 3733 3822; x_wconf 87' lang='grc' dir='ltr'>ἐπι-</span> 
     </span>
    </p>
   </div>
   <div class='ocr_carea' id='block_1_81' title="bbox 2143 3846 3731 3930">
    <p class='ocr_par' dir='ltr' id='par_1_81' title="bbox 2143 3846 3731 3930">
     <span class='ocr_line' id='line_1_82' title="bbox 2143 3846 3731 3930; baseline 0.008 -30"><span class='ocrx_word' id='word_1_607' title='bbox 2143 3846 2450 3919; x_wconf 76' lang='grc' dir='ltr'>λαθόμενοι,</span> <span class='ocrx_word' id='word_1_608' title='bbox 2480 3851 2563 3905; x_wconf 81' lang='grc' dir='ltr'>ὅτι</span> <span class='ocrx_word' id='word_1_609' title='bbox 2591 3852 2655 3906; x_wconf 85' lang='grc' dir='ltr'><strong>ἐκ</strong></span> <span class='ocrx_word' id='word_1_610' title='bbox 2677 3852 2772 3906; x_wconf 82' lang='grc' dir='ltr'><strong>τοῦ</strong></span> <span class='ocrx_word' id='word_1_611' title='bbox 2804 3853 3011 3907; x_wconf 83' lang='grc' dir='ltr'>Πόντου</span> <span class='ocrx_word' id='word_1_612' title='bbox 3042 3849 3184 3924; x_wconf 81' lang='grc' dir='ltr'>ἦσαν</span> <span class='ocrx_word' id='word_1_613' title='bbox 3212 3858 3558 3928; x_wconf 76' lang='grc' dir='ltr'>Χριστιανοὶ.</span> <span class='ocrx_word' id='word_1_614' title='bbox 3596 3860 3731 3930; x_wconf 88' lang='grc' dir='ltr'>όμο-</span> 
     </span>
    </p>
   </div>
   <div class='ocr_carea' id='block_1_82' title="bbox 2145 3937 3726 4020">
    <p class='ocr_par' dir='ltr' id='par_1_82' title="bbox 2145 3937 3726 4020">
     <span class='ocr_line' id='line_1_83' title="bbox 2145 3937 3726 4020; baseline 0.006 -28"><span class='ocrx_word' id='word_1_615' title='bbox 2145 3937 2344 4007; x_wconf 82' lang='grc' dir='ltr'>φύλους</span> <span class='ocrx_word' id='word_1_616' title='bbox 2359 3941 2674 4009; x_wconf 67' lang='grc' dir='ltr'>ἐφόνευσαν,</span> <span class='ocrx_word' id='word_1_617' title='bbox 2692 3943 2724 4013; x_wconf 80' lang='grc' dir='ltr'>ἢ</span> <span class='ocrx_word' id='word_1_618' title='bbox 2751 3943 2904 4007; x_wconf 79' lang='grc' dir='ltr'>ὁδοὺς</span> <span class='ocrx_word' id='word_1_619' title='bbox 2925 3944 3273 4000; x_wconf 80' lang='grc' dir='ltr'>ὑπεδείκνυον</span> <span class='ocrx_word' id='word_1_620' title='bbox 3302 3950 3412 4011; x_wconf 84' lang='grc' dir='ltr'>τοῖς</span> <span class='ocrx_word' id='word_1_621' title='bbox 3433 3947 3726 4020; x_wconf 84' lang='grc' dir='ltr'>βαρϐάροις</span> 
     </span>
    </p>
   </div>
   <div class='ocr_carea' id='block_1_83' title="bbox 2144 4029 3729 4104">
    <p class='ocr_par' dir='ltr' id='par_1_83' title="bbox 2144 4029 3729 4104">
     <span class='ocr_line' id='line_1_84' title="bbox 2144 4029 3729 4104; baseline 0.008 -21"><span class='ocrx_word' id='word_1_622' title='bbox 2144 4029 2513 4101; x_wconf 80' lang='grc' dir='ltr'>ἀγνοουμένας</span> <span class='ocrx_word' id='word_1_623' title='bbox 2531 4033 2779 4104; x_wconf 83' lang='grc' dir='ltr'>αὑτοῖς,ἢ</span> <span class='ocrx_word' id='word_1_624' title='bbox 2807 4036 2984 4100; x_wconf 71' lang='grc' dir='ltr'>οἰκίας</span> <span class='ocrx_word' id='word_1_625' title='bbox 3008 4035 3370 4102; x_wconf 79' lang='grc' dir='ltr'>λανθανούσας</span> <span class='ocrx_word' id='word_1_626' title='bbox 3388 4039 3604 4104; x_wconf 75' lang='grc' dir='ltr'>αὐτούς’</span> <span class='ocrx_word' id='word_1_627' title='bbox 3637 4033 3729 4094; x_wconf 75' lang='grc' dir='ltr'>οὗ·</span> 
     </span>
    </p>
   </div>
   <div class='ocr_carea' id='block_1_84' title="bbox 2144 4122 3718 4201">
    <p class='ocr_par' dir='ltr' id='par_1_84' title="bbox 2144 4122 3718 4201">
     <span class='ocr_line' id='line_1_85' title="bbox 2144 4122 3718 4201; baseline 0.007 -27"><span class='ocrx_word' id='word_1_628' title='bbox 2144 4138 2226 4175; x_wconf 87' lang='grc' dir='ltr'><strong>τοι</strong></span> <span class='ocrx_word' id='word_1_629' title='bbox 2258 4122 2391 4194; x_wconf 76' lang='grc' dir='ltr'>μηδὲ</span> <span class='ocrx_word' id='word_1_630' title='bbox 2418 4126 2497 4186; x_wconf 85' lang='grc' dir='ltr'><strong>είς</strong></span> <span class='ocrx_word' id='word_1_631' title='bbox 2513 4125 2774 4196; x_wconf 84' lang='grc' dir='ltr'>ἀκρόασιν</span> <span class='ocrx_word' id='word_1_632' title='bbox 2790 4128 3287 4199; x_wconf 83' lang='grc' dir='ltr'>παραδεχθήτωσαν</span> <span class='ocrx_word' id='word_1_633' title='bbox 3308 4131 3718 4201; x_wconf 79' lang='grc' dir='ltr'>μετανοοῦντες·</span> 
     </span>
    </p>
   </div>
   <div class='ocr_carea' id='block_1_85' title="bbox 2143 4212 3725 4293">
    <p class='ocr_par' dir='ltr' id='par_1_85' title="bbox 2143 4212 3725 4293">
     <span class='ocr_line' id='line_1_86' title="bbox 2143 4212 3725 4293; baseline 0.008 -30"><span class='ocrx_word' id='word_1_634' title='bbox 2143 4212 2423 4267; x_wconf 84' lang='grc' dir='ltr'>τουτέστιν</span> <span class='ocrx_word' id='word_1_635' title='bbox 2459 4214 2565 4277; x_wconf 71' lang='grc' dir='ltr'><strong>ἔξω</strong></span> <span class='ocrx_word' id='word_1_636' title='bbox 2613 4215 2889 4280; x_wconf 85' lang='grc' dir='ltr'>παντελῶς</span> <span class='ocrx_word' id='word_1_637' title='bbox 2937 4218 3039 4287; x_wconf 84' lang='grc' dir='ltr'>τῆς</span> <span class='ocrx_word' id='word_1_638' title='bbox 3076 4219 3372 4291; x_wconf 78' lang='grc' dir='ltr'>ἐκκλησίας</span> <span class='ocrx_word' id='word_1_639' title='bbox 3422 4222 3725 4293; x_wconf 61' lang='grc' dir='ltr'>ἐστηκέτωέ</span> 
     </span>
    </p>
   </div>
   <div class='ocr_carea' id='block_1_86' title="bbox 476 4297 2067 4384">
    <p class='ocr_par' dir='ltr' id='par_1_86' title="bbox 476 4297 2060 4365">
     <span class='ocr_line' id='line_1_87' title="bbox 476 4297 2060 4365; baseline 0 -12"><span class='ocrx_word' id='word_1_640' title='bbox 476 4299 715 4353; x_wconf 70' lang='lat' dir='ltr'><strong>umninu</strong></span> <span class='ocrx_word' id='word_1_641' title='bbox 744 4301 1079 4365; x_wconf 86' lang='lat' dir='ltr'><strong>consistant,</strong></span> <span class='ocrx_word' id='word_1_642' title='bbox 1130 4300 1183 4352; x_wconf 90' lang='lat' dir='ltr'><strong>in</strong></span> <span class='ocrx_word' id='word_1_643' title='bbox 1217 4299 1336 4354; x_wconf 90' lang='lat' dir='ltr'><strong>loco</strong></span> <span class='ocrx_word' id='word_1_644' title='bbox 1360 4299 1608 4352; x_wconf 86' lang='lat' dir='ltr'><strong>videlicet</strong></span> <span class='ocrx_word' id='word_1_645' title='bbox 1647 4297 1923 4361; x_wconf 84' lang='lat' dir='ltr'><strong>ﬂentium,</strong></span> <span class='ocrx_word' id='word_1_646' title='bbox 1960 4298 2060 4353; x_wconf 89' lang='lat' dir='ltr'><strong>do-</strong></span> 
     </span>
    </p>
   </div>
   <div class='ocr_carea' id='block_1_87' title="bbox 2162 4297 3726 4384">
    <p class='ocr_par' dir='ltr' id='par_1_87' title="bbox 2162 4305 3726 4384">
     <span class='ocr_line' id='line_1_88' title="bbox 2162 4305 3726 4384; baseline 0.006 -28"><span class='ocrx_word' id='word_1_647' title='bbox 2162 4320 2267 4367; x_wconf 82' lang='lat' dir='ltr'><strong>rav,</strong></span> <span class='ocrx_word' id='word_1_648' title='bbox 2304 4305 2361 4357; x_wconf 82' lang='grc' dir='ltr'><strong>ἐν</strong></span> <span class='ocrx_word' id='word_1_649' title='bbox 2392 4305 2543 4375; x_wconf 86' lang='grc' dir='ltr'>τόπῳ</span> <span class='ocrx_word' id='word_1_650' title='bbox 2571 4305 2769 4377; x_wconf 83' lang='grc' dir='ltr'>δηλαδὴ</span> <span class='ocrx_word' id='word_1_651' title='bbox 2798 4309 3252 4378; x_wconf 83' lang='grc' dir='ltr'>προσκλαιόντων,</span> <span class='ocrx_word' id='word_1_652' title='bbox 3282 4310 3387 4373; x_wconf 81' lang='grc' dir='ltr'>ἓως</span> <span class='ocrx_word' id='word_1_653' title='bbox 3412 4310 3479 4364; x_wconf 85' lang='grc' dir='ltr'>ἂν</span> <span class='ocrx_word' id='word_1_654' title='bbox 3515 4312 3726 4384; x_wconf 79' lang='grc' dir='ltr'>σκοπή-</span> 
     </span>
    </p>
   </div>
   <div class='ocr_carea' id='block_1_88' title="bbox 480 4388 2067 4470">
    <p class='ocr_par' dir='ltr' id='par_1_88' title="bbox 480 4388 2057 4457">
     <span class='ocr_line' id='line_1_89' title="bbox 480 4388 2057 4457; baseline 0.002 -15"><span class='ocrx_word' id='word_1_655' title='bbox 480 4403 588 4443; x_wconf 75' lang='lat' dir='ltr'><strong>nec</strong></span> <span class='ocrx_word' id='word_1_656' title='bbox 612 4389 665 4442; x_wconf 92' lang='lat' dir='ltr'><strong>in</strong></span> <span class='ocrx_word' id='word_1_657' title='bbox 695 4391 970 4443; x_wconf 87' lang='lat' dir='ltr'><strong>communi</strong></span> <span class='ocrx_word' id='word_1_658' title='bbox 1015 4398 1280 4444; x_wconf 89' lang='lat' dir='ltr'><strong>conventu</strong></span> <span class='ocrx_word' id='word_1_659' title='bbox 1328 4389 1501 4443; x_wconf 88' lang='lat' dir='ltr'><strong>sancti</strong></span> <span class='ocrx_word' id='word_1_660' title='bbox 1534 4388 1602 4443; x_wconf 90' lang='lat' dir='ltr'><strong>de</strong></span> <span class='ocrx_word' id='word_1_661' title='bbox 1646 4388 1817 4457; x_wconf 90' lang='lat' dir='ltr'><strong>ipsius</strong></span> <span class='ocrx_word' id='word_1_662' title='bbox 1854 4388 2057 4445; x_wconf 76' lang='lat' dir='ltr'><strong>delibe-</strong></span> 
     </span>
    </p>
   </div>
   <div class='ocr_carea' id='block_1_89' title="bbox 2162 4388 3723 4470">
    <p class='ocr_par' dir='ltr' id='par_1_89' title="bbox 2162 4395 3723 4470">
     <span class='ocr_line' id='line_1_90' title="bbox 2162 4395 3723 4470; baseline 0.004 -24"><span class='ocrx_word' id='word_1_663' title='bbox 2162 4411 2312 4447; x_wconf 74' lang='lat' dir='ltr'><strong>rcuatv</strong></span> <span class='ocrx_word' id='word_1_664' title='bbox 2340 4397 2391 4448; x_wconf 87' lang='grc' dir='ltr'><strong>οί</strong></span> <span class='ocrx_word' id='word_1_665' title='bbox 2414 4395 2557 4463; x_wconf 70' lang='grc' dir='ltr'>ἅγιοι</span> <span class='ocrx_word' id='word_1_666' title='bbox 2585 4397 2712 4468; x_wconf 72' lang='grc' dir='ltr'>περὶ</span> <span class='ocrx_word' id='word_1_667' title='bbox 2737 4399 2917 4451; x_wconf 82' lang='grc' dir='ltr'>αὐτῶν</span> <span class='ocrx_word' id='word_1_668' title='bbox 2934 4403 3085 4470; x_wconf 84' lang='grc' dir='ltr'>κοινῇ</span> <span class='ocrx_word' id='word_1_669' title='bbox 3112 4400 3474 4463; x_wconf 74' lang='grc' dir='ltr'>συνελθόντες.</span> <span class='ocrx_word' id='word_1_670' title='bbox 3511 4403 3723 4469; x_wconf 81' lang='grc' dir='ltr'>’Δγίους</span> 
     </span>
    </p>
   </div>
   <div class='ocr_carea' id='block_1_90' title="bbox 486 4479 2067 4560">
    <p class='ocr_par' dir='ltr' id='par_1_90' title="bbox 486 4479 2061 4550">
     <span class='ocr_line' id='line_1_91' title="bbox 486 4479 2061 4550; baseline 0.003 -19"><span class='ocrx_word' id='word_1_671' title='bbox 486 4488 628 4532; x_wconf 83' lang='lat' dir='ltr'><strong>rent.</strong></span> <span class='ocrx_word' id='word_1_672' title='bbox 681 4479 912 4535; x_wconf 83' lang='lat' dir='ltr'><strong>Sanctus</strong></span> <span class='ocrx_word' id='word_1_673' title='bbox 947 4496 1109 4550; x_wconf 90' lang='lat' dir='ltr'><strong>porro</strong></span> <span class='ocrx_word' id='word_1_674' title='bbox 1136 4491 1230 4535; x_wconf 89' lang='lat' dir='ltr'><strong>aut</strong></span> <span class='ocrx_word' id='word_1_675' title='bbox 1261 4482 1548 4550; x_wconf 80' lang='lat' dir='ltr'><strong>episcopos</strong></span> <span class='ocrx_word' id='word_1_676' title='bbox 1581 4490 1768 4543; x_wconf 84' lang='lat' dir='ltr'><strong>vocat,</strong></span> <span class='ocrx_word' id='word_1_677' title='bbox 1802 4488 1896 4534; x_wconf 88' lang='lat' dir='ltr'><strong>aut</strong></span> <span class='ocrx_word' id='word_1_678' title='bbox 1926 4479 2061 4535; x_wconf 79' lang='lat' dir='ltr'><strong>sint-</strong></span> 
     </span>
    </p>
   </div>
   <div class='ocr_carea' id='block_1_91' title="bbox 2162 4479 3728 4560">
    <p class='ocr_par' dir='ltr' id='par_1_91' title="bbox 2162 4485 3728 4560">
     <span class='ocr_line' id='line_1_92' title="bbox 2162 4485 3728 4560; baseline 0.004 -24"><span class='ocrx_word' id='word_1_679' title='bbox 2162 4485 2203 4537; x_wconf 74' lang='grc' dir='ltr'><strong>ῑέ</strong></span> <span class='ocrx_word' id='word_1_680' title='bbox 2231 4485 2264 4556; x_wconf 79' lang='grc' dir='ltr'>ἢ</span> <span class='ocrx_word' id='word_1_681' title='bbox 2298 4486 2422 4549; x_wconf 80' lang='grc' dir='ltr'>τοὺς</span> <span class='ocrx_word' id='word_1_682' title='bbox 2453 4489 2782 4552; x_wconf 77' lang='grc' dir='ltr'>ἐπισκόπους</span> <span class='ocrx_word' id='word_1_683' title='bbox 2813 4489 3004 4553; x_wconf 82' lang='grc' dir='ltr'>καλεῖ,</span> <span class='ocrx_word' id='word_1_684' title='bbox 3036 4490 3069 4560; x_wconf 80' lang='grc' dir='ltr'>ἢ</span> <span class='ocrx_word' id='word_1_685' title='bbox 3109 4492 3237 4554; x_wconf 77' lang='grc' dir='ltr'>τοὺς</span> <span class='ocrx_word' id='word_1_686' title='bbox 3273 4492 3498 4555; x_wconf 84' lang='grc' dir='ltr'>πιστοὺς</span> <span class='ocrx_word' id='word_1_687' title='bbox 3541 4491 3728 4556; x_wconf 83' lang='grc' dir='ltr'>ἁπλῶς</span> 
     </span>
    </p>
   </div>
   <div class='ocr_carea' id='block_1_92' title="bbox 475 4540 2067 4650">
    <p class='ocr_par' dir='ltr' id='par_1_92' title="bbox 475 4540 2053 4641">
     <span class='ocr_line' id='line_1_93' title="bbox 475 4540 2053 4641; baseline 0.003 -19"><span class='ocrx_word' id='word_1_688' title='bbox 475 4568 697 4640; x_wconf 77' lang='lat' dir='ltr'><strong>pliciter</strong></span> <span class='ocrx_word' id='word_1_689' title='bbox 758 4540 980 4635; x_wconf 57' lang='lat' dir='ltr'><strong>ﬁdeles,</strong></span> <span class='ocrx_word' id='word_1_690' title='bbox 1049 4572 1231 4641; x_wconf 78' lang='lat' dir='ltr'><strong>magni</strong></span> <span class='ocrx_word' id='word_1_691' title='bbox 1292 4540 2053 4640; x_wconf 30' lang='lat' dir='ltr'><strong>l’anlivapostoli&#39;exemplo.</strong></span> 
     </span>
    </p>
   </div>
   <div class='ocr_carea' id='block_1_93' title="bbox 2162 4540 3727 4650">
    <p class='ocr_par' dir='ltr' id='par_1_93' title="bbox 2162 4540 3727 4650">
     <span class='ocr_line' id='line_1_94' title="bbox 2162 4540 3727 4650; baseline 0.003 -17"><span class='ocrx_word' id='word_1_692' title='bbox 2162 4540 2289 4633; x_wconf 57' lang='lat' dir='ltr'><strong>ma</strong></span> <span class='ocrx_word' id='word_1_693' title='bbox 2319 4540 2420 4632; x_wconf 68' lang='grc' dir='ltr'><strong>τὸν⁷</strong></span> <span class='ocrx_word' id='word_1_694' title='bbox 2441 4580 2612 4649; x_wconf 78' lang='grc' dir='ltr'>μέγαν</span> <span class='ocrx_word' id='word_1_695' title='bbox 2973 4540 3319 4637; x_wconf 39' lang='grc' dir='ltr'>Ιλαίῖλονῗτὸ</span> <span class='ocrx_word' id='word_1_696' title='bbox 3344 4582 3421 4647; x_wconf 83' lang='grc' dir='ltr'>δὲ,</span> <span class='ocrx_word' id='word_1_697' title='bbox 3455 4540 3570 4650; x_wconf 44' lang='grc' dir='ltr'>πρὸ</span> <span class='ocrx_word' id='word_1_698' title='bbox 3618 4540 3727 4636; x_wconf 65' lang='lat' dir='ltr'><strong>ab:</strong></span> 
     </span>
    </p>
   </div>
   <div class='ocr_carea' id='block_1_94' title="bbox 477 4660 2067 4746">
    <p class='ocr_par' dir='ltr' id='par_1_94' title="bbox 477 4660 2056 4742">
     <span class='ocr_line' id='line_1_95' title="bbox 477 4660 2056 4742; baseline 0.003 -29"><span class='ocrx_word' id='word_1_699' title='bbox 477 4660 576 4714; x_wconf 69' lang='lat' dir='ltr'><strong>Illa</strong></span> <span class='ocrx_word' id='word_1_700' title='bbox 622 4673 801 4716; x_wconf 86' lang='lat' dir='ltr'><strong>autem</strong></span> <span class='ocrx_word' id='word_1_701' title='bbox 848 4663 1046 4724; x_wconf 84' lang='lat' dir='ltr'><strong>verba,</strong></span> <span class='ocrx_word' id='word_1_702' title='bbox 1094 4676 1217 4716; x_wconf 82' lang='lat' dir='ltr'><strong>ante</strong></span> <span class='ocrx_word' id='word_1_703' title='bbox 1260 4664 1402 4733; x_wconf 76' lang='lat' dir='ltr'><strong>ipsos</strong></span> <span class='ocrx_word' id='word_1_704' title='bbox 1433 4663 1657 4732; x_wconf 79' lang='lat' dir='ltr'><strong>Spiritui</strong></span> <span class='ocrx_word' id='word_1_705' title='bbox 1682 4678 1898 4742; x_wconf 76' lang='lat' dir='ltr'><strong>sancto,</strong></span> <span class='ocrx_word' id='word_1_706' title='bbox 1934 4665 2056 4719; x_wconf 87' lang='lat' dir='ltr'><strong>ideo</strong></span> 
     </span>
    </p>
   </div>
   <div class='ocr_carea' id='block_1_95' title="bbox 2162 4660 3729 4746">
    <p class='ocr_par' dir='ltr' id='par_1_95' title="bbox 2162 4668 3729 4746">
     <span class='ocr_line' id='line_1_96' title="bbox 2162 4668 3729 4746; baseline 0.004 -21"><span class='ocrx_word' id='word_1_707' title='bbox 2162 4669 2266 4725; x_wconf 72' lang='grc' dir='ltr'><strong>τῶν</strong></span> <span class='ocrx_word' id='word_1_708' title='bbox 2283 4668 2362 4734; x_wconf 83' lang='grc' dir='ltr'>τῷ</span> <span class='ocrx_word' id='word_1_709' title='bbox 2391 4672 2539 4740; x_wconf 74' lang='grc' dir='ltr'><strong>ἁγίῳ</strong></span> <span class='ocrx_word' id='word_1_710' title='bbox 2563 4675 2901 4742; x_wconf 76' lang='grc' dir='ltr'>Πνεύματι,.</span> <span class='ocrx_word' id='word_1_711' title='bbox 2932 4676 3202 4746; x_wconf 78' lang='grc' dir='ltr'>ἐπήγαγε,</span> <span class='ocrx_word' id='word_1_712' title='bbox 3237 4676 3484 4739; x_wconf 78' lang='grc' dir='ltr'>δεικνὺς,</span> <span class='ocrx_word' id='word_1_713' title='bbox 3512 4677 3594 4729; x_wconf 81' lang='grc' dir='ltr'>ὅτι</span> <span class='ocrx_word' id='word_1_714' title='bbox 3625 4677 3729 4731; x_wconf 79' lang='grc' dir='ltr'>ὅσα</span> 
     </span>
    </p>
   </div>
   <div class='ocr_carea' id='block_1_96' title="bbox 475 4751 2067 4837">
    <p class='ocr_par' dir='ltr' id='par_1_96' title="bbox 475 4751 2057 4820">
     <span class='ocr_line' id='line_1_97' title="bbox 475 4751 2057 4820; baseline 0.003 -17"><span class='ocrx_word' id='word_1_715' title='bbox 475 4751 764 4819; x_wconf 73' lang='lat' dir='ltr'><strong>adjunxit,</strong></span> <span class='ocrx_word' id='word_1_716' title='bbox 811 4759 870 4805; x_wconf 84' lang='lat' dir='ltr'><strong>ut</strong></span> <span class='ocrx_word' id='word_1_717' title='bbox 913 4767 1247 4820; x_wconf 66' lang='lat' dir='ltr'><strong>quaecunque</strong></span> <span class='ocrx_word' id='word_1_718' title='bbox 1297 4754 1350 4806; x_wconf 90' lang='lat' dir='ltr'><strong>in</strong></span> <span class='ocrx_word' id='word_1_719' title='bbox 1404 4753 1682 4807; x_wconf 81' lang='lat' dir='ltr'><strong>communi</strong></span> <span class='ocrx_word' id='word_1_720' title='bbox 1720 4755 1947 4809; x_wconf 83' lang='lat' dir='ltr'><strong>consilio</strong></span> <span class='ocrx_word' id='word_1_721' title='bbox 1987 4753 2057 4808; x_wconf 86' lang='lat' dir='ltr'><strong>ab</strong></span> 
     </span>
    </p>
   </div>
   <div class='ocr_carea' id='block_1_97' title="bbox 2162 4751 3724 4837">
    <p class='ocr_par' dir='ltr' id='par_1_97' title="bbox 2162 4763 3724 4837">
     <span class='ocr_line' id='line_1_98' title="bbox 2162 4763 3724 4837; baseline 0.005 -26"><span class='ocrx_word' id='word_1_722' title='bbox 2162 4763 2206 4812; x_wconf 69' lang='grc' dir='ltr'>ὲν</span> <span class='ocrx_word' id='word_1_723' title='bbox 2235 4765 2387 4834; x_wconf 79' lang='grc' dir='ltr'>κοινῇ</span> <span class='ocrx_word' id='word_1_724' title='bbox 2427 4763 2708 4834; x_wconf 73' lang='grc' dir='ltr'>διασκέψει</span> <span class='ocrx_word' id='word_1_725' title='bbox 2746 4766 3153 4837; x_wconf 79' lang='grc' dir='ltr'>οίκονομοῦνται</span> <span class='ocrx_word' id='word_1_726' title='bbox 3201 4767 3352 4837; x_wconf 76' lang='grc' dir='ltr'>παρὰ</span> <span class='ocrx_word' id='word_1_727' title='bbox 3388 4766 3724 4832; x_wconf 86' lang='grc' dir='ltr'>ἐπισκόπων,</span> 
     </span>
    </p>
   </div>
   <div class='ocr_carea' id='block_1_98' title="bbox 475 4845 2067 4930">
    <p class='ocr_par' dir='ltr' id='par_1_98' title="bbox 475 4845 2057 4915">
     <span class='ocr_line' id='line_1_99' title="bbox 475 4845 2057 4915; baseline 0.001 -15"><span class='ocrx_word' id='word_1_728' title='bbox 475 4846 774 4915; x_wconf 70' lang='lat' dir='ltr'><strong>episcopis,</strong></span> <span class='ocrx_word' id='word_1_729' title='bbox 806 4846 885 4899; x_wconf 91' lang='lat' dir='ltr'><strong>vel</strong></span> <span class='ocrx_word' id='word_1_730' title='bbox 908 4845 1068 4899; x_wconf 87' lang='lat' dir='ltr'><strong>etiam</strong></span> <span class='ocrx_word' id='word_1_731' title='bbox 1097 4860 1126 4899; x_wconf 94' lang='lat' dir='ltr'><strong>a</strong></span> <span class='ocrx_word' id='word_1_732' title='bbox 1156 4846 1573 4915; x_wconf 86' lang='lat' dir='ltr'><strong>quibuseunque</strong></span> <span class='ocrx_word' id='word_1_733' title='bbox 1597 4846 1843 4900; x_wconf 87' lang='lat' dir='ltr'><strong>tidelihus</strong></span> <span class='ocrx_word' id='word_1_734' title='bbox 1866 4847 2057 4901; x_wconf 88' lang='lat' dir='ltr'><strong>decer-</strong></span> 
     </span>
    </p>
   </div>
   <div class='ocr_carea' id='block_1_99' title="bbox 2162 4845 3731 4930">
    <p class='ocr_par' dir='ltr' id='par_1_99' title="bbox 2162 4854 3731 4930">
     <span class='ocr_line' id='line_1_100' title="bbox 2162 4854 3731 4930; baseline 0.003 -22"><span class='ocrx_word' id='word_1_735' title='bbox 2162 4854 2180 4924; x_wconf 61' lang='grc' dir='ltr'>ἢ</span> <span class='ocrx_word' id='word_1_736' title='bbox 2215 4856 2308 4908; x_wconf 75' lang='grc' dir='ltr'>καὶ</span> <span class='ocrx_word' id='word_1_737' title='bbox 2336 4856 2519 4919; x_wconf 83' lang='grc' dir='ltr'>ἁπλῶς</span> <span class='ocrx_word' id='word_1_738' title='bbox 2546 4856 2654 4911; x_wconf 84' lang='grc' dir='ltr'><strong>τῶν</strong></span> <span class='ocrx_word' id='word_1_739' title='bbox 2677 4858 2903 4920; x_wconf 82' lang='grc' dir='ltr'>πιστῶν,</span> <span class='ocrx_word' id='word_1_740' title='bbox 2938 4858 2999 4911; x_wconf 82' lang='grc' dir='ltr'>τὸ</span> <span class='ocrx_word' id='word_1_741' title='bbox 3018 4858 3171 4926; x_wconf 82' lang='grc' dir='ltr'>ἆγιον</span> <span class='ocrx_word' id='word_1_742' title='bbox 3202 4858 3428 4929; x_wconf 81' lang='grc' dir='ltr'>Πνεῦμα</span> <span class='ocrx_word' id='word_1_743' title='bbox 3470 4858 3731 4930; x_wconf 82' lang='grc' dir='ltr'>ὑποτίθη-</span> 
     </span>
    </p>
   </div>
   <div class='ocr_carea' id='block_1_100' title="bbox 479 4935 2067 5021">
    <p class='ocr_par' dir='ltr' id='par_1_100' title="bbox 479 4935 2058 5008">
     <span class='ocr_line' id='line_1_101' title="bbox 479 4935 2058 5008; baseline 0.001 -19"><span class='ocrx_word' id='word_1_744' title='bbox 479 4946 709 4999; x_wconf 81' lang='lat' dir='ltr'><strong>nuntur,</strong></span> <span class='ocrx_word' id='word_1_745' title='bbox 741 4935 1001 5005; x_wconf 88' lang='lat' dir='ltr'><strong>Spiritum</strong></span> <span class='ocrx_word' id='word_1_746' title='bbox 1025 4947 1273 4993; x_wconf 83' lang='lat' dir='ltr'><strong>sanctum</strong></span> <span class='ocrx_word' id='word_1_747' title='bbox 1318 4952 1381 4990; x_wconf 90' lang='lat' dir='ltr'><strong>ea</strong></span> <span class='ocrx_word' id='word_1_748' title='bbox 1404 4936 1826 4991; x_wconf 85' lang='lat' dir='ltr'><strong>deliberantibus</strong></span> <span class='ocrx_word' id='word_1_749' title='bbox 1862 4952 2058 5008; x_wconf 79' lang='lat' dir='ltr'><strong>sugge-</strong></span> 
     </span>
    </p>
   </div>
   <div class='ocr_carea' id='block_1_101' title="bbox 2162 4935 3440 5021">
    <p class='ocr_par' dir='ltr' id='par_1_101' title="bbox 2162 4946 3440 5021">
     <span class='ocr_line' id='line_1_102' title="bbox 2162 4946 3440 5021; baseline 0.002 -20"><span class='ocrx_word' id='word_1_750' title='bbox 2162 4963 2233 5001; x_wconf 77' lang='grc' dir='ltr'><strong>τιν</strong></span> <span class='ocrx_word' id='word_1_751' title='bbox 2261 4946 2401 5003; x_wconf 75' lang='grc' dir='ltr'>αὐτὰ</span> <span class='ocrx_word' id='word_1_752' title='bbox 2430 4950 2543 5012; x_wconf 76' lang='grc' dir='ltr'>τοῖς</span> <span class='ocrx_word' id='word_1_753' title='bbox 2571 4949 2699 5020; x_wconf 76' lang='grc' dir='ltr'>περὶ</span> <span class='ocrx_word' id='word_1_754' title='bbox 2730 4949 2909 5004; x_wconf 78' lang='grc' dir='ltr'>αὐτῶν</span> <span class='ocrx_word' id='word_1_755' title='bbox 2939 4949 3440 5021; x_wconf 75' lang='grc' dir='ltr'>διασκεπτομένοις.</span> 
     </span>
    </p>
   </div>
   <div class='ocr_carea' id='block_1_102' title="bbox 482 5024 985 5093">
    <p class='ocr_par' dir='ltr' id='par_1_102' title="bbox 482 5024 985 5093">
     <span class='ocr_line' id='line_1_103' title="bbox 482 5024 985 5093; baseline 0.006 -16"><span class='ocrx_word' id='word_1_756' title='bbox 482 5038 607 5079; x_wconf 86' lang='lat' dir='ltr'><strong>rere</strong></span> <span class='ocrx_word' id='word_1_757' title='bbox 634 5024 985 5093; x_wconf 79' lang='lat' dir='ltr'><strong>demonstret.</strong></span> 
     </span>
    </p>
   </div>
   <div class='ocr_carea' id='block_1_103' title="bbox 945 5105 2067 5191">
    <p class='ocr_par' dir='ltr' id='par_1_103' title="bbox 945 5105 1463 5176">
     <span class='ocr_line' id='line_1_104' title="bbox 945 5105 1463 5176; baseline 0.006 -10"><span class='ocrx_word' id='word_1_758' title='bbox 945 5105 1052 5176; x_wconf 82' lang='lat'><strong>33</strong></span> <span class='ocrx_word' id='word_1_759' title='bbox 1065 5113 1292 5168; x_wconf 81' lang='lat' dir='ltr'><strong>CANON</strong></span> <span class='ocrx_word' id='word_1_760' title='bbox 1327 5109 1463 5169; x_wconf 76' lang='lat' dir='ltr'><strong>Vill.</strong></span> 
     </span>
    </p>
   </div>
   <div class='ocr_carea' id='block_1_104' title="bbox 2162 5105 3115 5191">
    <p class='ocr_par' dir='ltr' id='par_1_104' title="bbox 2469 5133 3115 5191">
     <span class='ocr_line' id='line_1_105' title="bbox 2469 5133 3115 5191; baseline -0.011 0"><span class='ocrx_word' id='word_1_761' title='bbox 2469 5162 2490 5191; x_wconf 60' lang='grc' dir='ltr'>κ</span> <span class='ocrx_word' id='word_1_762' title='bbox 2762 5133 2999 5186; x_wconf 68' lang='grc' dir='ltr'><strong>ΚΑΝΩΝ</strong></span> <span class='ocrx_word' id='word_1_763' title='bbox 3034 5133 3115 5185; x_wconf 80' lang='lat' dir='ltr'><strong>H’.</strong></span> 
     </span>
    </p>
   </div>
   <div class='ocr_carea' id='block_1_105' title="bbox 494 5204 2057 5277">
    <p class='ocr_par' dir='ltr' id='par_1_105' title="bbox 494 5204 2057 5277">
     <span class='ocr_line' id='line_1_106' title="bbox 494 5204 2057 5277; baseline 0.003 -21"><span class='ocrx_word' id='word_1_764' title='bbox 494 5224 508 5235; x_wconf 89' lang='lat'><em>-</em></span> <span class='ocrx_word' id='word_1_765' title='bbox 559 5223 578 5256; x_wconf 76' lang='grc' dir='ltr'><strong>ι</strong></span> <span class='ocrx_word' id='word_1_766' title='bbox 624 5204 701 5261; x_wconf 88' lang='lat' dir='ltr'><strong>De</strong></span> <span class='ocrx_word' id='word_1_767' title='bbox 740 5207 808 5262; x_wconf 90' lang='lat' dir='ltr'><strong>iis</strong></span> <span class='ocrx_word' id='word_1_768' title='bbox 840 5208 933 5277; x_wconf 91' lang='lat' dir='ltr'><strong>qui</strong></span> <span class='ocrx_word' id='word_1_769' title='bbox 962 5207 1167 5261; x_wconf 80' lang='lat' dir='ltr'><strong>alienas</strong></span> <span class='ocrx_word' id='word_1_770' title='bbox 1196 5207 1386 5261; x_wconf 88' lang='lat' dir='ltr'><strong>domos</strong></span> <span class='ocrx_word' id='word_1_771' title='bbox 1411 5205 1677 5261; x_wconf 88' lang='lat' dir='ltr'><strong>hostiliter</strong></span> <span class='ocrx_word' id='word_1_772' title='bbox 1703 5206 1908 5276; x_wconf 84' lang='lat' dir='ltr'><strong>ingredi</strong></span> <span class='ocrx_word' id='word_1_773' title='bbox 1935 5207 2057 5261; x_wconf 87' lang='lat' dir='ltr'><strong>ausi</strong></span> 
     </span>
    </p>
   </div>
   <div class='ocr_carea' id='block_1_106' title="bbox 481 5293 2057 5366">
    <p class='ocr_par' dir='ltr' id='par_1_106' title="bbox 481 5293 2057 5366">
     <span class='ocr_line' id='line_1_107' title="bbox 481 5293 2057 5366; baseline 0.004 -23"><span class='ocrx_word' id='word_1_774' title='bbox 481 5311 508 5343; x_wconf 65' lang='grc' dir='ltr'><strong>τ</strong></span> <span class='ocrx_word' id='word_1_775' title='bbox 556 5307 685 5350; x_wconf 90' lang='lat' dir='ltr'><strong>sunt</strong></span> <span class='ocrx_word' id='word_1_776' title='bbox 733 5297 786 5349; x_wconf 90' lang='lat' dir='ltr'><strong>in</strong></span> <span class='ocrx_word' id='word_1_777' title='bbox 836 5296 1191 5350; x_wconf 86' lang='lat' dir='ltr'><strong>barbarorum</strong></span> <span class='ocrx_word' id='word_1_778' title='bbox 1229 5296 1558 5349; x_wconf 81' lang='lat' dir='ltr'><strong>incursione.</strong></span> <span class='ocrx_word' id='word_1_779' title='bbox 1602 5293 1710 5349; x_wconf 88' lang='lat' dir='ltr'><strong>Eos</strong></span> <span class='ocrx_word' id='word_1_780' title='bbox 1753 5306 1931 5350; x_wconf 86' lang='lat' dir='ltr'><strong>autem</strong></span> <span class='ocrx_word' id='word_1_781' title='bbox 1961 5295 2057 5366; x_wconf 86' lang='lat' dir='ltr'><strong>qui</strong></span> 
     </span>
    </p>
   </div>
   <div class='ocr_carea' id='block_1_107' title="bbox 482 5383 2057 5450">
    <p class='ocr_par' dir='ltr' id='par_1_107' title="bbox 482 5383 2057 5450">
     <span class='ocr_line' id='line_1_108' title="bbox 482 5383 2057 5450; baseline 0.003 -15"><span class='ocrx_word' id='word_1_782' title='bbox 482 5405 507 5435; x_wconf 65' lang='lat'>1</span> <span class='ocrx_word' id='word_1_783' title='bbox 555 5386 762 5440; x_wconf 91' lang='lat' dir='ltr'><strong>alienas</strong></span> <span class='ocrx_word' id='word_1_784' title='bbox 797 5386 988 5441; x_wconf 91' lang='lat' dir='ltr'><strong>domos</strong></span> <span class='ocrx_word' id='word_1_785' title='bbox 1031 5385 1286 5438; x_wconf 85' lang='lat' dir='ltr'><strong>invadere</strong></span> <span class='ocrx_word' id='word_1_786' title='bbox 1314 5383 1433 5438; x_wconf 82' lang='lat' dir='ltr'><strong>ausi</strong></span> <span class='ocrx_word' id='word_1_787' title='bbox 1464 5384 1698 5450; x_wconf 81' lang='lat' dir='ltr'><strong>fuerint,</strong></span> <span class='ocrx_word' id='word_1_788' title='bbox 1739 5385 1784 5439; x_wconf 89' lang='lat' dir='ltr'><strong>si</strong></span> <span class='ocrx_word' id='word_1_789' title='bbox 1816 5384 2057 5439; x_wconf 76' lang='lat' dir='ltr'><strong>accusati</strong></span> 
     </span>
    </p>
   </div>
   <div class='ocr_carea' id='block_1_108' title="bbox 362 5475 2054 5547">
    <p class='ocr_par' dir='ltr' id='par_1_108' title="bbox 362 5475 2054 5547">
     <span class='ocr_line' id='line_1_109' title="bbox 362 5475 2054 5547; baseline 0.002 -19"><span class='ocrx_word' id='word_1_790' title='bbox 362 5538 369 5541; x_wconf 98' lang='lat'>_</span> <span class='ocrx_word' id='word_1_791' title='bbox 482 5494 506 5528; x_wconf 66' lang='grc' dir='ltr'><strong>ι</strong></span> <span class='ocrx_word' id='word_1_792' title='bbox 554 5478 774 5546; x_wconf 82' lang='lat' dir='ltr'><strong>quidem</strong></span> <span class='ocrx_word' id='word_1_793' title='bbox 814 5476 1049 5532; x_wconf 87' lang='lat' dir='ltr'><strong>convicti</strong></span> <span class='ocrx_word' id='word_1_794' title='bbox 1103 5475 1341 5541; x_wconf 80' lang='lat' dir='ltr'><strong>iuerint,</strong></span> <span class='ocrx_word' id='word_1_795' title='bbox 1406 5491 1506 5530; x_wconf 89' lang='lat' dir='ltr'><strong>nec</strong></span> <span class='ocrx_word' id='word_1_796' title='bbox 1548 5476 1825 5531; x_wconf 83' lang='lat' dir='ltr'><strong>auditione</strong></span> <span class='ocrx_word' id='word_1_797' title='bbox 1860 5476 2054 5547; x_wconf 87' lang='lat' dir='ltr'><strong>dignos</strong></span> 
     </span>
    </p>
   </div>
   <div class='ocr_carea' id='block_1_109' title="bbox 478 5566 2060 5636">
    <p class='ocr_par' dir='ltr' id='par_1_109' title="bbox 478 5566 2060 5636">
     <span class='ocr_line' id='line_1_110' title="bbox 478 5566 2060 5636; baseline 0.001 -16"><span class='ocrx_word' id='word_1_798' title='bbox 478 5591 505 5620; x_wconf 66' lang='grc' dir='ltr'>«ε</span> <span class='ocrx_word' id='word_1_799' title='bbox 552 5569 883 5624; x_wconf 71' lang='lat' dir='ltr'><strong>existimare.</strong></span> <span class='ocrx_word' id='word_1_800' title='bbox 911 5566 1008 5623; x_wconf 88' lang='lat' dir='ltr'><strong>Sin</strong></span> <span class='ocrx_word' id='word_1_801' title='bbox 1037 5575 1233 5621; x_wconf 84' lang='lat' dir='ltr'><strong>autem</strong></span> <span class='ocrx_word' id='word_1_802' title='bbox 1256 5567 1546 5621; x_wconf 87' lang='lat' dir='ltr'><strong>iudicarint</strong></span> <span class='ocrx_word' id='word_1_803' title='bbox 1576 5582 1634 5620; x_wconf 87' lang='lat' dir='ltr'><strong>se</strong></span> <span class='ocrx_word' id='word_1_804' title='bbox 1667 5567 1813 5636; x_wconf 85' lang='lat' dir='ltr'><strong>ipsos</strong></span> <span class='ocrx_word' id='word_1_805' title='bbox 1844 5582 1909 5622; x_wconf 83' lang='lat' dir='ltr'><strong>ac</strong></span> <span class='ocrx_word' id='word_1_806' title='bbox 1936 5567 2060 5621; x_wconf 78' lang='lat' dir='ltr'><strong>red-</strong></span> 
     </span>
    </p>
   </div>
   <div class='ocr_carea' id='block_1_110' title="bbox 480 5657 2053 5729">
    <p class='ocr_par' dir='ltr' id='par_1_110' title="bbox 480 5657 2053 5729">
     <span class='ocr_line' id='line_1_111' title="bbox 480 5657 2053 5729; baseline -0.003 -13"><span class='ocrx_word' id='word_1_807' title='bbox 480 5679 505 5709; x_wconf 69' lang='grc' dir='ltr'><strong>ι</strong></span> <span class='ocrx_word' id='word_1_808' title='bbox 552 5661 827 5719; x_wconf 86' lang='lat' dir='ltr'><strong>diderint,</strong></span> <span class='ocrx_word' id='word_1_809' title='bbox 896 5661 948 5715; x_wconf 89' lang='lat' dir='ltr'><strong>in</strong></span> <span class='ocrx_word' id='word_1_810' title='bbox 997 5674 1185 5713; x_wconf 90' lang='lat' dir='ltr'><strong>eorum</strong></span> <span class='ocrx_word' id='word_1_811' title='bbox 1234 5659 1324 5729; x_wconf 81' lang='lat' dir='ltr'><strong>qui</strong></span> <span class='ocrx_word' id='word_1_812' title='bbox 1374 5668 1762 5714; x_wconf 83' lang='lat' dir='ltr'><strong>convertuntur</strong></span> <span class='ocrx_word' id='word_1_813' title='bbox 1808 5657 2053 5713; x_wconf 80' lang='lat' dir='ltr'><strong>ordinem</strong></span> 
     </span>
    </p>
   </div>
   <div class='ocr_carea' id='block_1_111' title="bbox 442 5755 896 5823">
    <p class='ocr_par' dir='ltr' id='par_1_111' title="bbox 442 5755 896 5823">
     <span class='ocr_line' id='line_1_112' title="bbox 442 5755 896 5823; baseline 0.004 -20"><span class='ocrx_word' id='word_1_814' title='bbox 442 5814 454 5823; x_wconf 39' lang='lat'><strong><em>‘</em></strong></span> <span class='ocrx_word' id='word_1_815' title='bbox 484 5772 506 5803; x_wconf 81' lang='grc'>‹</span> <span class='ocrx_word' id='word_1_816' title='bbox 555 5755 845 5810; x_wconf 80' lang='lat' dir='ltr'><strong>substerni.</strong></span> <span class='ocrx_word' id='word_1_817' title='bbox 876 5773 896 5805; x_wconf 72' lang='grc' dir='ltr'><strong><em>ο</em></strong></span> 
     </span>
    </p>
   </div>
   <div class='ocr_carea' id='block_1_112' title="bbox 2223 5220 3727 5294">
    <p class='ocr_par' dir='ltr' id='par_1_112' title="bbox 2223 5220 3727 5294">
     <span class='ocr_line' id='line_1_113' title="bbox 2223 5220 3727 5294; baseline 0.003 -21"><span class='ocrx_word' id='word_1_818' title='bbox 2223 5239 2244 5273; x_wconf 73' lang='grc' dir='ltr'><strong>ι</strong></span> <span class='ocrx_word' id='word_1_819' title='bbox 2285 5221 2420 5294; x_wconf 74' lang='grc' dir='ltr'>Περὶ</span> <span class='ocrx_word' id='word_1_820' title='bbox 2447 5220 2555 5274; x_wconf 82' lang='grc' dir='ltr'><strong>τῶν</strong></span> <span class='ocrx_word' id='word_1_821' title='bbox 2585 5222 2752 5286; x_wconf 71' lang='grc' dir='ltr'>οἴκοις</span> <span class='ocrx_word' id='word_1_822' title='bbox 2790 5223 3087 5293; x_wconf 79' lang='grc' dir='ltr'>ἀλλοτρίοις</span> <span class='ocrx_word' id='word_1_823' title='bbox 3131 5222 3376 5277; x_wconf 79' lang='grc' dir='ltr'>ἐπελθεῖν</span> <span class='ocrx_word' id='word_1_824' title='bbox 3420 5223 3727 5293; x_wconf 82' lang='grc' dir='ltr'>τολμησάν-</span> 
     </span>
    </p>
   </div>
   <div class='ocr_carea' id='block_1_113' title="bbox 2153 5314 3729 5387">
    <p class='ocr_par' dir='ltr' id='par_1_113' title="bbox 2153 5314 3729 5387">
     <span class='ocr_line' id='line_1_114' title="bbox 2153 5314 3729 5387; baseline 0.002 -23"><span class='ocrx_word' id='word_1_825' title='bbox 2153 5331 2172 5363; x_wconf 75' lang='grc' dir='ltr'><strong>ι</strong></span> <span class='ocrx_word' id='word_1_826' title='bbox 2208 5330 2317 5366; x_wconf 82' lang='grc' dir='ltr'><strong>των</strong></span> <span class='ocrx_word' id='word_1_827' title='bbox 2354 5316 2409 5366; x_wconf 87' lang='grc' dir='ltr'><strong>ἐν</strong></span> <span class='ocrx_word' id='word_1_828' title='bbox 2439 5316 2504 5383; x_wconf 81' lang='grc' dir='ltr'>τῇ</span> <span class='ocrx_word' id='word_1_829' title='bbox 2534 5314 2642 5367; x_wconf 87' lang='grc' dir='ltr'>τῶν</span> <span class='ocrx_word' id='word_1_830' title='bbox 2674 5314 2963 5387; x_wconf 85' lang='grc' dir='ltr'>βαρϐάρων</span> <span class='ocrx_word' id='word_1_831' title='bbox 2982 5315 3269 5387; x_wconf 76' lang='grc' dir='ltr'>ἐπιδρομῇ.</span> <span class='ocrx_word' id='word_1_832' title='bbox 3298 5316 3439 5378; x_wconf 78' lang='grc' dir='ltr'>Τοὺς</span> <span class='ocrx_word' id='word_1_833' title='bbox 3468 5314 3524 5367; x_wconf 85' lang='grc' dir='ltr'><strong>δέ</strong></span> <span class='ocrx_word' id='word_1_834' title='bbox 3555 5315 3729 5377; x_wconf 78' lang='grc' dir='ltr'>οἰκοις</span> 
     </span>
    </p>
   </div>
   <div class='ocr_carea' id='block_1_114' title="bbox 2155 5404 3728 5478">
    <p class='ocr_par' dir='ltr' id='par_1_114' title="bbox 2155 5404 3728 5478">
     <span class='ocr_line' id='line_1_115' title="bbox 2155 5404 3728 5478; baseline 0 -21"><span class='ocrx_word' id='word_1_835' title='bbox 2155 5423 2174 5458; x_wconf 79' lang='lat' dir='ltr'><strong>r</strong></span> <span class='ocrx_word' id='word_1_836' title='bbox 2211 5404 2509 5478; x_wconf 78' lang='grc' dir='ltr'>ἀλλοτρίοις</span> <span class='ocrx_word' id='word_1_837' title='bbox 2539 5406 2783 5459; x_wconf 81' lang='grc' dir='ltr'>ἐπελθεῖν</span> <span class='ocrx_word' id='word_1_838' title='bbox 2809 5406 3187 5477; x_wconf 82' lang='grc' dir='ltr'>τολμήσαντας</span> <span class='ocrx_word' id='word_1_839' title='bbox 3210 5447 3223 5472; x_wconf 93' lang='grc'><strong>,</strong></span> <span class='ocrx_word' id='word_1_840' title='bbox 3274 5407 3367 5461; x_wconf 84' lang='grc' dir='ltr'>ἐὰν</span> <span class='ocrx_word' id='word_1_841' title='bbox 3414 5406 3511 5475; x_wconf 75' lang='grc' dir='ltr'>μὲν</span> <span class='ocrx_word' id='word_1_842' title='bbox 3555 5421 3728 5474; x_wconf 75' lang='grc' dir='ltr'>κατη-</span> 
     </span>
    </p>
   </div>
   <div class='ocr_carea' id='block_1_115' title="bbox 2155 5493 3728 5570">
    <p class='ocr_par' dir='ltr' id='par_1_115' title="bbox 2155 5493 3728 5570">
     <span class='ocr_line' id='line_1_116' title="bbox 2155 5493 3728 5570; baseline -0.001 -22"><span class='ocrx_word' id='word_1_843' title='bbox 2155 5513 2175 5548; x_wconf 81' lang='lat' dir='ltr'><strong>r</strong></span> <span class='ocrx_word' id='word_1_844' title='bbox 2216 5494 2536 5568; x_wconf 66' lang='grc' dir='ltr'>γορηθὲντες</span> <span class='ocrx_word' id='word_1_845' title='bbox 2567 5496 2885 5568; x_wconf 70' lang='grc' dir='ltr'>ἐλεγχθῶσι,</span> <span class='ocrx_word' id='word_1_846' title='bbox 2915 5498 3049 5569; x_wconf 81' lang='grc' dir='ltr'><strong>μηδέ</strong></span> <span class='ocrx_word' id='word_1_847' title='bbox 3073 5497 3174 5568; x_wconf 82' lang='grc' dir='ltr'>τῆς</span> <span class='ocrx_word' id='word_1_848' title='bbox 3201 5498 3518 5570; x_wconf 79' lang='grc' dir='ltr'>ἀκροάσεως</span> <span class='ocrx_word' id='word_1_849' title='bbox 3557 5493 3728 5561; x_wconf 81' lang='grc' dir='ltr'><strong>ἀξιῶ-</strong></span> 
     </span>
    </p>
   </div>
   <div class='ocr_carea' id='block_1_116' title="bbox 2157 5586 3726 5654">
    <p class='ocr_par' dir='ltr' id='par_1_116' title="bbox 2157 5586 3726 5654">
     <span class='ocr_line' id='line_1_117' title="bbox 2157 5586 3726 5654; baseline -0.001 -15"><span class='ocrx_word' id='word_1_850' title='bbox 2157 5605 2176 5638; x_wconf 84' lang='grc' dir='ltr'><strong>ι</strong></span> <span class='ocrx_word' id='word_1_851' title='bbox 2216 5604 2334 5640; x_wconf 87' lang='grc' dir='ltr'>σαι·</span> <span class='ocrx_word' id='word_1_852' title='bbox 2365 5586 2457 5640; x_wconf 80' lang='grc' dir='ltr'><strong>ἐὰν</strong></span> <span class='ocrx_word' id='word_1_853' title='bbox 2501 5586 2558 5640; x_wconf 75' lang='grc' dir='ltr'>δὲ</span> <span class='ocrx_word' id='word_1_854' title='bbox 2583 5588 2782 5650; x_wconf 71' lang='grc' dir='ltr'>αὐτοὺς</span> <span class='ocrx_word' id='word_1_855' title='bbox 2815 5586 3069 5651; x_wconf 79' lang='grc' dir='ltr'>ἐξείπωσι</span> <span class='ocrx_word' id='word_1_856' title='bbox 3103 5587 3196 5641; x_wconf 75' lang='grc' dir='ltr'>καὶ</span> <span class='ocrx_word' id='word_1_857' title='bbox 3230 5586 3499 5641; x_wconf 79' lang='grc' dir='ltr'>ἀποδῶσιν</span> <span class='ocrx_word' id='word_1_858' title='bbox 3520 5625 3533 5649; x_wconf 84' lang='grc'><strong>,</strong></span> <span class='ocrx_word' id='word_1_859' title='bbox 3566 5587 3627 5639; x_wconf 80' lang='grc' dir='ltr'><strong>ἐν</strong></span> <span class='ocrx_word' id='word_1_860' title='bbox 3658 5587 3726 5654; x_wconf 67' lang='grc' dir='ltr'><strong>τῇ</strong></span> 
     </span>
    </p>
   </div>
   <div class='ocr_carea' id='block_1_117' title="bbox 2158 5677 3400 5751">
    <p class='ocr_par' dir='ltr' id='par_1_117' title="bbox 2158 5677 3400 5751">
     <span class='ocr_line' id='line_1_118' title="bbox 2158 5677 3400 5751; baseline 0.001 -19"><span class='ocrx_word' id='word_1_861' title='bbox 2158 5695 2179 5731; x_wconf 74' lang='grc' dir='ltr'><strong>ι</strong></span> <span class='ocrx_word' id='word_1_862' title='bbox 2213 5677 2320 5733; x_wconf 84' lang='grc' dir='ltr'><strong>τῶν</strong></span> <span class='ocrx_word' id='word_1_863' title='bbox 2348 5680 2788 5751; x_wconf 65' lang='grc' dir='ltr'>ὑποστρεφόντων</span> <span class='ocrx_word' id='word_1_864' title='bbox 2816 5679 2965 5745; x_wconf 80' lang='grc' dir='ltr'>τάξει</span> <span class='ocrx_word' id='word_1_865' title='bbox 2997 5681 3340 5734; x_wconf 77' lang='grc' dir='ltr'>ὑποπίπτειν.</span> <span class='ocrx_word' id='word_1_866' title='bbox 3384 5700 3400 5733; x_wconf 78' lang='grc' dir='ltr'><strong>ι</strong></span> 
     </span>
    </p>
   </div>
  </div>
