4076 6422
337 392 441 458 ιιι

1284 351 1365 455 ni
1395 395 1629 460 EPIST.
1663 397 1720 461 s.
1752 395 2138 460 GREGORII
2193 396 2628 457 umquam.

3461 389 3568 454 [42

391 522 587 578 ΒΑΔΣ.
616 521 954 593 Παχυμερῶς
980 520 1245 575 διαλαϐὼν
1266 523 1294 575 6
1316 521 1466 589 ἅγιος
1499 523 1624 592 περὶ
1656 522 1761 575 τῶν
1793 523 1887 594 ἁρ-

2055 520 2215 579 Bam.
2252 518 2550 592 Postquam
2586 531 2806 578 sanctus
2837 514 3014 583 fusius
3046 484 3355 581 traetavei-it
3381 523 3450 581 de
3488 527 3556 582 iis

321 613 614 670 πασάντων
641 613 680 685 ἢ
709 612 1016 684 εὑρηκότων
1049 610 1346 683 πράγματά
1372 628 1530 665 τινων
1557 612 1889 683 αἰχμαλωτι-

321 705 594 769 σθέντων,
642 704 763 757 ὅσον
805 702 942 765 τέως
970 705 1049 765 εἰς
1089 701 1179 755 τὸν
1207 702 1362 770 λόγον
1414 702 1524 756 τῶν
1571 703 1883 774 ἐπιτιμίωνο

320 796 447 868 ἄρτι
473 794 568 848 καὶ
590 794 660 848 τὰ
693 794 805 864 εἴδη
846 794 946 862 τῆς
983 793 1266 864 μετανοίας
1300 796 1416 864 ἦτοι
1449 793 1558 847 τῶν
1601 794 1882 866 ἐκκλησιαο

320 884 519 938 στικῶν
552 885 839 955 ἐπιτιμίων
865 884 1087 955 ἄρχεται
1112 883 1317 951 λέγεινν
1349 885 1458 937 Καὶ
1491 884 1684 938 αὐτίκα
1725 884 1890 956 διορί·

324 976 496 1039 ζεται,
552 975 638 1027 ἵνα
698 974 828 1044 μηδὲ
882 972 1019 1043 μετὰ
1056 972 1162 1025 τῶν
1195 974 1559 1043 ἀκροωμένων
1608 974 1879 1040 ἱστῶνται,

319 1065 454 1119 ἀλλά
502 1066 639 1136 μετὰ
678 1065 786 1118 τῶν
829 1065 1260 1136 προσκλαιόντων
1316 1064 1513 1130 ἔξωθεν
1548 1065 1644 1136 τῆς
1696 1067 1892 1138 ἐκκλη-

323 1158 442 1220 σίας
465 1197 480 1220 ,
498 1158 559 1209 οἰ-
577 1156 918 1226 ἁρπάσαντες
944 1154 1182 1208 τοιοῦτόν
1196 1172 1248 1208 τι
1275 1158 1503 1242 πρςγμα
1522 1155 1886 1225 αἰχμαλώτου,

321 1250 415 1301 καὶ
451 1249 524 1318 μὴ
550 1247 1000 1318 ἀντιστρέψαντες
1016 1246 1165 1308 αὐτὸ,
1192 1246 1325 1299 ἀλλά
1341 1247 1729 1317 ἀναμείναντες
1746 1263 1885 1301 κατ-

327 1338 560 1410 ηγορίᾳν
606 1339 698 1391 καὶ
723 1337 940 1406 ἔλεγχον
958 1336 1046 1389 διὰ
1073 1336 1170 1407 τὴν
1215 1336 1460 1409 ἄρνησιν.
1499 1338 1636 1402 Τοὺς
1677 1338 1732 1390 δὲ
1762 1339 1888 1393 ἑαυ-

322 1432 446 1494 τοὺς
476 1428 970 1501 προσαγγείλαντας
995 1431 1089 1482 καὶ
1114 1429 1302 1492 δόντας
1328 1428 1631 1494 καλοθελῶς
1648 1428 1751 1500 πρὸ
1769 1429 1890 1483 ἀνα-

321 1518 516 1586 γωγῆς
540 1516 582 1569 δέ
610 1515 921 1584 ἀφείλοντο,
963 1516 1255 1588 διορίζεται
1284 1516 1372 1570 διὰ
1404 1517 1500 1587 τὴν
1531 1518 1892 1588 μεταμέλειαν

325 1604 695 1677 συνεύχεσθαι,
724 1605 889 1674 ἡγουν
920 1605 1300 1671 συνίστασθαι,
1339 1606 1482 1676 μετὰ
1503 1607 1612 1661 τῶν
1650 1608 1893 1663 πιστῶνν

324 1696 650 1750 ὑποπίπτειν
677 1694 733 1748 δὲ
759 1694 936 1748 αὐτῶν
957 1695 1042 1748 διὰ
1070 1695 1132 1748 τὸ
1154 1695 1555 1764 ἀναγκάζεσθαι
1576 1696 1892 1770 ἐξέρχεσθαι

328 1804 464 1859 μετα
491 1786 599 1840 τῶν
632 1786 1071 1858 κατηχουμένων.
1108 1788 1216 1840 Καὶ
1255 1790 1285 1840 6
1310 1791 1406 1859 μὲν
1441 1788 1892 1861 ἐκκλησιαστικὸς

1982 614 2077 683 qui
2117 621 2430 681 rapuerunt,
2470 612 2554 668 vel
2598 614 2954 683 quorumdam
2986 615 3318 684 captivorum
3349 631 3435 671 res
3467 616 3554 671 in-

1981 711 2289 769 venerunt,
2340 701 2484 772 quod
2548 704 2613 756 ad
2668 717 2950 771 poenarum
3003 705 3266 758 rationem
3314 706 3550 768 attinet;

1984 810 2129 849 nunc
2157 807 2376 863 quoque
2402 793 2611 861 species
2636 793 2982 862 paenitentia},
3016 793 3130 848 sive
3162 794 3555 849 ecclesiastica-

1990 880 2112 939 rum
2151 900 2432 953 ptenarum
2479 883 2667 951 incipit
2699 884 2898 939 dicere.
2949 883 3015 937 Et
3075 885 3260 939 statim
3309 877 3552 937 decernit

1985 986 2050 1030 ut
2090 991 2189 1031 nec
2233 983 2377 1032 stent
2408 990 2528 1028 cum
2564 975 2909 1031 audientibus
2934 1017 2948 1039 ,
2998 976 3090 1030 sed
3139 991 3261 1029 cum
3311 975 3555 1028 ιιοίιυιιιί-

1984 1066 2106 1129 bus,
2142 1073 2293 1119 extra
2325 1064 2639 1128 ecclesiam,
2684 1065 2775 1134 qui
2823 1080 2933 1118 rem
2981 1065 3179 1133 captivi
3214 1075 3549 1133 rapuerunt,
3598 1110 3603 1115 .

1981 1164 2037 1211 et
2067 1171 2185 1210 eam
2215 1170 2322 1210 non
2365 1161 2736 1217 restituerunt,
2767 1156 2861 1209 sed
2893 1156 3290 1208 accusationem
3335 1165 3389 1209 et
3428 1172 3556 1224 pro-

1984 1246 2255 1302 bationem
2293 1255 2672 1315 exspectarunt
2719 1254 2934 1315 propter
2997 1244 3394 1298 inﬁtiationem.
3448 1245 3552 1297 Eos

1955 1347 2161 1392 autem
2201 1337 2294 1406 qui
2337 1351 2396 1390 se
2440 1336 2588 1405 ipsos
2614 1335 2938 1398 detulerunt,
2969 1340 3022 1388 et
3059 1350 3158 1388 sua
3202 1344 3393 1402 sponte
3432 1350 3554 1402 quae

1982 1426 2276 1490 abstulere,
2318 1432 2442 1479 ante
2473 1426 2741 1480 actionem
2792 1424 3078 1489 dederunt,
3112 1425 3302 1478 statuit
3332 1434 3390 1478 ut
3422 1441 3553 1493 pro-

1982 1526 2102 1587 pter
2125 1516 2493 1586 pmnitentiam
2519 1524 2950 1589 comprecentur,
2983 1531 3077 1569 seu
3102 1519 3400 1571 consistant
3427 1531 3551 1571 cum

1984 1605 2261 1671 fidelibus;
2294 1605 2709 1659 substernantur
2763 1613 2942 1657 autem
2989 1604 3130 1666 illis,
3179 1619 3242 1657 eo
3281 1606 3422 1673 quod
3455 1620 3551 1658 co-

1983 1705 2185 1767 guntur
2226 1696 2407 1766 egredi
2444 1711 2566 1749 cum
2607 1695 3032 1751 catechumenis.
3077 1696 3154 1749 Ac
3199 1695 3278 1747 lex
3332 1694 3549 1762 quidem

1982 1785 2343 1842 ecclesiastica
2380 1800 2474 1840 eos
2512 1786 2593 1841 sic
2623 1789 2799 1854 punit.
2842 1783 2952 1838 Lex
2992 1798 3120 1839 vero
3164 1785 3338 1838 civilis
3371 1792 3554 1852 rapto-

325 1878 490 1948 νόμος
512 1876 652 1931 οὑτω
681 1878 902 1940 τούτους
931 1877 1147 1942 κολάζει
1166 1895 1179 1908 ·
1207 1878 1235 1931 ό
1263 1878 1320 1931 δέ
1348 1859 1619 1945 πολιτικὸς
1644 1882 1768 1945 τοὺς
1795 1881 1895 1953 ἆρ-

1989 1892 2071 1932 res
2100 1877 2241 1946 quod
2266 1876 2333 1930 ab
2360 1876 2493 1944 ipsis
2525 1887 2736 1944 raptum
2770 1884 2851 1929 est
2877 1876 3038 1928 etiam
3068 1883 3190 1928 ante
3222 1875 3552 1928 condemna-

324 1985 506 2037 παγας
535 1970 626 2022 καὶ
656 1969 763 2040 πρὸ
788 1969 1080 2039 καταδίκης
1113 1969 1482 2040 προσάγοντας
1510 1969 1570 2023 τδ
1596 1970 1688 2025 ὑπ’
1713 1971 1893 2025 αὑτῶν

326 2061 573 2134 ἀρπαγέν
604 2060 663 2112 οὑ
696 2059 1081 2131 προσδέχεται.
1130 2059 1243 2114 ἀλλ’
1291 2062 1371 2123 εἰς
1408 2060 1468 2113 τὸ
1503 2060 1894 2131 τετραπλάσιον

326 2150 691 2214 καταδικάζει.
721 2151 857 2220 Φησὶ
883 2150 990 2219 γὰρ
1013 2167 1139 2220 κεφ.
1165 2157 1240 2216 ς’,
1270 2150 1361 2204 τοῦ
1390 2151 1453 2215 ιζ’
1502 2150 1700 2214 τίτλον,
1733 2150 1890 2219 mag:

329 2244 532 2314 βιϐλίου
551 2261 568 2274 ο
609 2245 669 2296 '0
694 2242 877 2315 ἅρπαξ
907 2243 1007 2296 οὑκ
1033 2243 1543 2314 ἀπαλλάπεταιτῆς
1575 2243 1764 2314 ποινῆς
1788 2244 1895 2316 πρὸ

327 2335 426 2405 τῆς
451 2334 606 2405 δίκης
635 2336 924 2406 προσάγων
965 2335 1026 2388 τὸ
1073 2337 1324 2406 πρᾶγμα.
1366 2336 1474 2389 Καὶ
1515 2336 1656 2406 θεμα
1700 2335 1767 2401 ζ’,
1799 2335 1893 2389 τοῦ

332 2423 375 2503 β’
422 2423 613 2492 κεφαλ.
656 2422 751 2477 τοῦ
785 2422 947 2478 αὑτοῦ
975 2424 1178 2494 βιϐλίου
1196 2425 1289 2478 καλ.
1304 2424 1511 2503 τίτλον·
1539 2425 1684 2478 Εἵσω
1714 2426 1893 2479 ἐνιαυα

328 2498 422 2568 τοῦ
452 2514 513 2567 τὸ
544 2513 741 2583 ἀληθὲς
787 2512 881 2567 τοῦ
917 2515 1237 2585 πράγματος
1270 2498 1898 2587 τίμημῖτετραπλασιά-

331 2605 503 2671 (erat.
525 2606 585 2660 οὑ
613 2607 718 2677 μὴν
741 2606 802 2659 τὺ
829 2605 1104 2678 διαφέρον.
1134 2606 1308 2676 Ὅπερ
1327 2606 1382 2659 δέ
1410 2622 1574 2676 φησιν
1610 2605 1840 2661 ἐνταῦθα
1869 2608 1897 2660 ὁ

331 2696 487 2763 ἅγιος
509 2694 666 2767 χάριν
703 2693 812 2747 τῶν
845 2693 951 2763 πρὸ
981 2692 1274 2764 καταδίκης
1306 2695 1400 2747 καὶ
1446 2692 1775 2763 κατηγορίας
1817 2692 1896 2746 δι-

330 2786 526 2841 δόντων
549 2786 612 2840 τδ
639 2785 961 2855 ἀφαιρεθὲν,
994 2784 1152 2838 τοῦτο
1188 2785 1218 2836 ὁ
1256 2784 1421 2855 νόμος
1467 2782 1895 2854 παρακελεύεται

332 2875 585 2944 γίνεσθαι
606 2878 685 2939 εἰς
714 2876 841 2939 τοὺς
875 2874 1013 2931 κατὰ
1046 2875 1209 2943 φόϐον
1237 2875 1497 2936 λαϐόντας
1537 2892 1589 2927 τι
1628 2875 1692 2927 ἐκ
1734 2872 1896 2936 τινός.

331 2968 468 3039 Φησὶ
500 2967 690 3038 γὰρτὸ
721 2971 758 3018 ε’
787 2965 947 3035 θέμα,
993 2965 1087 3019 τοῦ
1117 2971 1184 3032 ιγ’
1226 2964 1443 3034 κεφαλ.,
1477 2961 1577 3017 τοῦ
1612 2963 1653 3034 β’
1688 2964 1891 3026 τίτλου,

333 3059 429 3113 τοῦ
461 3058 685 3112 δεκάτου
719 3057 950 3127 βιϐλίον’
1016 3058 1081 3111 Ἦ
1118 3057 1206 3111 διὰ
1247 3056 1409 3127 φόϐον
1438 3056 1672 3120 αἰτίασις
1706 3055 1895 3126 αἱρετή

1983 1970 2182 2024 tionem
2231 1968 2557 2033 offerentes,
2615 1981 2722 2019 non
2757 1966 3034 2030 admittit,
3082 1965 3174 2019 sed
3232 1966 3555 2019 condemnat

1984 2058 2037 2113 in
2083 2059 2466 2129 quadruplum.
2538 2056 2675 2111 Dicit
2715 2057 2858 2111 enim
2905 2071 3028 2125 cap.
3079 2054 3132 2119 6,
3192 2055 3258 2109 i7
3312 2057 3433 2119 tit.,
3484 2070 3553 2109 ιι

1982 2149 2077 2210 lib.
2110 2167 2131 2203 ι
2158 2147 2367 2217 Raptor
2405 2163 2564 2218 poena
2596 2162 2702 2200 non
2725 2147 2986 2201 liberatur
3016 2148 3284 2203 oblatione
3308 2149 3380 2202 rei
3428 2157 3554 2204 ante

1981 2242 2157 2296 litem.
2210 2239 2273 2294 Et
2319 2239 2494 2293 thema
2545 2238 2618 2302 7,
2663 2253 2779 2307 cap.
2822 2238 2857 2292 2
2902 2239 3143 2307 ejusdem
3208 2238 3298 2292 lib.
3332 2248 3386 2293 et
3417 2240 3496 2293 tit.
3534 2254 3550 2292 :

1981 2330 2123 2387 Intra
2169 2346 2372 2385 annum
2427 2344 2613 2383 verum
2663 2329 2894 2397 pretium
2960 2330 3393 2398 quazlrttplatur,
3445 2344 3550 2383 non

1981 2430 2159 2476 autem
2210 2421 2264 2475 id
2319 2420 2462 2490 quod
2525 2419 2770 2473 interest.
2836 2420 2991 2485 Quod
3037 2427 3217 2472 autem
3280 2419 3368 2473 hic
3422 2420 3554 2474 dicit

1981 2526 2202 2568 sanctus
2233 2510 2300 2564 de
2341 2510 2409 2565 iis
2452 2510 2544 2579 qui
2595 2521 2720 2564 ante
2756 2511 3262 2564 condemnationem
3307 2518 3357 2564 et
3394 2526 3554 2564 accu-

1981 2602 2242 2655 sationem
2292 2617 2405 2654 rem
2445 2604 2766 2667 restituunt,
2810 2603 2893 2656 lex
2941 2603 3093 2672 jubet
3124 2604 3173 2656 id
3209 2603 3321 2657 fieri
3364 2603 3415 2656 in
3461 2619 3553 2659 eos

1981 2692 2075 2760 qui
2133 2691 2335 2760 aliquid
2402 2708 2468 2746 ex
2534 2695 2717 2762 aliquo
2782 2704 2929 2748 metu
3006 2706 3346 2764 acceperunt.
3418 2697 3556 2753 Dicit

1979 2782 2124 2836 enim
2156 2781 2191 2834 5
2230 2782 2445 2849 thema,
2493 2783 2560 2838 15
2602 2784 2805 2853 cap.,2
2846 2786 2955 2854 tit.,
2978 2803 3009 2840 ι
3056 2787 3185 2840 lih.:
3219 2786 3373 2841 Aetio
3398 2789 3554 2856 cujus

1982 2884 2158 2926 metus
2194 2888 2389 2940 causa,
2432 2884 2513 2928 est
2541 2875 2748 2940 libera;
2782 2885 2836 2930 et
2873 2877 2995 2931 licet
3032 2878 3078 2931 ei
3107 2878 3367 2932 adversus
3392 2894 3552 2947 quem

1984 2963 2182 3034 agitur,
2213 2963 2278 3017 ad
2312 2965 2631 3019 sententiam
2666 2981 2837 3034 usque
2864 2982 2976 3021 rem
3021 2968 3324 3025 restituere.
3360 2976 3415 3022 ct
3445 2983 3550 3020 non

1984 3059 2113 3112 dare
2161 3057 2545 3127 quadruplum.
2602 3057 2696 3110 Est
2758 3066 2938 3110 autem
2995 3066 3050 3111 et
3100 3057 3199 3111 alia
3254 3056 3554 3111 diﬂ‘ereutia

332 3152 483 3205 ἐστι·
513 3151 607 3205 καὶ
633 3149 809 3214 ἔξεστι
833 3149 909 3220 τῷ
941 3148 1252 3220 ἐναγομένῳ
1283 3148 1443 3220 μέχρι
1472 3148 1650 3218 ψήφου
1689 3148 1898 3200 ἀποκα-

1989 3162 2172 3201 eorum
2206 3148 2299 3216 qui
2338 3149 2390 3201 vi
2448 3163 2534 3202 res
2582 3146 2858 3209 auferunt.
2907 3156 2962 3202 et
3005 3163 3193 3202 eorum
3228 3149 3318 3216 qui
3349 3148 3550 3215 aliquid

333 3240 595 3309 ταστῆσαι
621 3239 681 3291 τὸ
707 3239 956 3308 πρᾶγμα,
986 3239 1080 3292 καὶ
1109 3238 1194 3308 μὴ·
1224 3236 1406 3293 δοῦναι
1440 3236 1502 3290 τὸ
1526 3234 1897 3309 τετραπλοῦν.

1989 3238 2056 3293 ab
2081 3239 2266 3308 aliquo
2291 3247 2436 3294 metu
2464 3239 2761 3308 accipiunt.
2812 3239 3071 3307 Raptores
3116 3239 3257 3291 enim
3291 3255 3395 3293 una
3426 3254 3548 3293 cum
3605 3274 3613 3301 χ

336 3303 502 3383 Ἐστι·
519 3328 577 3382 δὲ
601 3331 694 3383 καὶ
905 3303 1135 3400 διαφορά
1152 3303 1257 3382 τῶν
1279 3328 1462 3398 βιαίως
1488 3303 1901 3397 ἀξαιρουμένων

335 3422 633 3492 πράγματα
655 3421 876 3475 καὶτῶν
915 3421 1057 3475 κατὰ
1087 3420 1247 3489 φόϐον
1279 3420 1656 3491 λαμϐανόντων
1698 3436 1750 3472 τι
1787 3417 1899 3475 ἀπό

334 3528 478 3575 τινος
502 3529 515 3542 ·
540 3512 591 3565 oi
621 3511 717 3582 μὲν
741 3512 848 3581 γὰρ
873 3511 1117 3582 ἅρπαγες
1160 3512 1257 3564 σὺν
1295 3514 1362 3580 τῇ
1398 3509 1648 3589 ἀποδόσει
1685 3506 1780 3562 τοῦ
1803 3525 1900 3567 τε·

335 3600 576 3671 τραπλοῦ
614 3601 708 3654 καὶ
753 3600 1098 3671 ἀτιμοῦνταιο
1144 3602 1192 3654 οἰ
1229 3600 1286 3655 δὲ
1332 3599 1494 3668 φόϐον
1514 3598 1909 3667 ἐπαγαγόντες,

340 3691 652 3745 σπιλοῦνται
683 3691 838 3762 μόνον
866 3690 1005 3745 κατὰ
1028 3691 1123 3761 τὴν
1152 3690 1437 3759 ὑπόληψιν.

413 3781 655 3833 ΖΩΝΑΡ.
685 3780 751 3834 Οἵ
776 3797 918 3843 τινες
945 3778 1002 3833 δὲ
1028 3779 1260 3849 ἐπῆλθον
1286 3779 1455 3842 οἴκοις
1478 3778 1772 3851 ἀλλοτρίοις
1812 3779 1905 3832 καὶ

339 3871 592 3941 ῇρπασαν
619 3870 824 3925 ἐκεῖθεν
853 3871 1126 3941 χρήματα,
1167 3862 1330 3933 οὗτοι,
1361 3870 1544 3939 φησιν,
1564 3871 1613 3922 εἰ
1633 3875 1751 3941 μὲν,
1770 3887 1903 3923 κατ-

341 3960 702 4031 ηγορηθέντες
763 3961 856 4015 καὶ
895 3960 1247 4032 ἀρνούμενοι,
1301 3958 1665 4030 ἐλεγχθῶσιν,
1706 3961 1906 4031 ὁμοίως

340 4057 454 4116 τοῖς
486 4054 899 4124 προειρημένοις
918 4053 1011 4109 καὶ
1038 4054 1138 4124 τῆς
1163 4052 1475 4126 ἀκροάσεως
1498 4051 1904 4117 κωλυέσθωσαν,

343 4145 437 4197 καὶ
473 4143 610 4214 μετά
642 4145 749 4196 τῶν
778 4144 1210 4215 προσκλαιόντων
1236 4143 1605 4214 τετάχθωσαν’
1637 4144 1684 4195 εἰ
1706 4142 1763 4196 δέ
1789 4142 1907 4195 ἐαυ-

341 4228 472 4295 τοὺς
503 4231 809 4296 ἐξείπωσιν,
835 4233 867 4304 ἢ
897 4232 1000 4304 πρὸ
1031 4232 1123 4286 τοῦ
1168 4234 1609 4305 κατηγορηθῆναι
1657 4232 1910 4303 ὁμολογή-

344 4338 514 4375 σωσιν
542 4322 895 4392 ἀγνοούμενον
916 4322 976 4375 τὸ
995 4324 1315 4393 ἁμάρτημα,
1334 4324 1426 4376 καὶ
1447 4322 1737 4377 ἀποδοῖενᾶ
1759 4321 1901 4390 ἀφεί-

342 4414 516 4478 λοντο,
544 4415 782 4468 ἔστωσαν
809 4416 866 4468 ἐν
898 4417 1008 4477 τοϊς
1036 4416 1464 4486 ὑποστρέφουσιν
1493 4415 1601 4468 ἀπὸ
1617 4413 1907 4486 ἁμαρτίας,

1966 3329 2273 3399 ‘quadrupli
2300 3330 2653 3383 retributione
2676 3329 2835 3383 etiam
2860 3329 3220 3394 infamantur;
3255 3330 3346 3397 qui
3374 3340 3551 3383 autem

1986 3427 2191 3472 metum
2233 3419 2551 3484 intulerunt,
2601 3419 2655 3472 in
2688 3419 3087 3474 existimatione
3134 3428 3338 3474 tantum
3379 3420 3552 3473 labem

1989 3506 2228 3577 aliquam
2255 3510 2604 3565 contrahunt.

2061 3787 2260 3842 Zama.
2293 3788 2393 3854 Qui
2417 3804 2543 3842 vero
2562 3789 2765 3843 alienas
2791 3788 2985 3842 domos
3017 3787 3328 3841 invaserunt
3363 3786 3558 3856 resque

1993 3881 2116 3936 inde
2150 3882 2488 3950 surripuere,
2530 3880 2627 3945 illi,
2665 3881 2858 3949 inquit,
2892 3881 2936 3935 si
2966 3880 3182 3949 quidem
3210 3880 3447 3933 accusati
3493 3895 3560 3933 ac

1995 3979 2348 4040 pernegantes
2391 3971 2620 4026 convicti
2664 3971 2883 4038 fuerint,
2914 3987 3036 4026 cum
3084 3970 3150 4024 iis
3193 3971 3395 4039 pariter
3421 3986 3575 4037 quos

1995 4078 2158 4132 supra
2192 4063 2431 4118 diximus
2465 4065 2533 4118 ab
2571 4065 2848 4119 auditione
2882 4079 3097 4134 quoque
3137 4062 3570 4131 prohibeantur,

1995 4163 2156 4222 atque
2181 4155 2233 4207 in
2258 4153 2500 4208 tlentium
2525 4156 2768 4209 ordinem
2801 4156 3140 4224 relegantur;
3173 4155 3255 4209 sin
3289 4164 3465 4208 autem
3503 4170 3571 4209 se

1998 4244 2146 4312 ipsos
2174 4243 2504 4309 detexeriut,
2546 4255 2640 4299 aut
2682 4256 2808 4301 ante
2849 4246 3247 4301 accusationem
3287 4245 3571 4299 occultum

1998 4334 2202 4387 crimen
2233 4333 2467 4389 confessi
2498 4333 2718 4400 fuerint,
2747 4351 2939 4406 resque
2965 4336 3170 4390 ablatas
3201 4335 3573 4398 reddiderint,

1998 4422 2398 4477 constituantur
2445 4424 2500 4477 in
2546 4439 2733 4479 eorum
2764 4426 2952 4481 ordine
2986 4426 3076 4495 qui
3108 4442 3138 4479 a
3173 4434 3394 4494 peccatu
3439 4441 3581 4478 con-—
3662 4474 3665 4479 .

350 4505 596 4559 τουτέστι
620 4506 716 4577 τῆς
751 4505 956 4572 τάξεως
976 4506 1082 4560 τῶν
1104 4506 1534 4568 ὑποπιπτόντων,
1558 4506 1749 4570 οἵτινες
1778 4505 1898 4558 ὑπο·

2001 4519 2303 4576 vertuntur,
2347 4513 2449 4568 hoc
2489 4522 2593 4579 est,
2634 4515 2821 4569 ordine
2864 4516 3283 4580 substratorum,
3313 4514 3405 4589 qui
3440 4529 3583 4567 cum:

354 4595 701 4667 συνεύχονται
735 4597 832 4668 μὲν
854 4600 966 4660 τοῖς
991 4599 1198 4660 πιστοῖς
1241 4598 1497 4662 εἰσιόντες
1525 4594 1605 4661 εἰς
1639 4597 1729 4650 τὸν
1766 4596 1908 4664 ναὸν,

350 4689 661 4761 ἐξέρχονται
681 4674 745 4742 δέ
766 4690 841 4754 ὡς
863 4691 912 4742 οἱ
945 4691 1353 4761 κατηχούμενοι.

951 4782 1189 4835 ΚΑΝΩΝ
1238 4781 1316 4836 8'.

427 4891 448 4925 ι
484 4873 622 4944 Περὶ
662 4873 771 4931 τῶν
816 4874 873 4926 ἐν
901 4872 978 4944 τῷ
1022 4873 1188 4943 πεδίῳ
1215 4872 1251 4943 ﬁ
1295 4873 1354 4925 ἐν
1389 4872 1502 4935 τοῖς
1554 4868 1703 4933 ίδίοις
1746 4868 1915 4931 οἴκοις

359 4982 378 5013 ι
415 4963 680 5034 εὑρόντων
722 4963 791 5018 τὰ
840 4964 945 5017 ὑπὸ
994 4964 1102 5018 τῶν
1140 4962 1425 5034 βαρϐάρων
1472 4959 1915 5028 καταλειφθέντα.

358 5073 380 5106 ε
415 5056 555 5119 Τοὺς
579 5054 636 5108 δὲ
679 5056 737 5108 ἐν
785 5056 949 5126 πεδίῳ
976 5055 1232 5127 εὑρόντας
1276 5071 1328 5107 τι
1370 5053 1404 5125 ἢ
1444 5052 1503 5105 ἐν
1544 5054 1664 5115 ταῖς
1708 5049 1913 5104 ἑαυτῶν

361 5162 391 5195 ιη
415 5144 617 5208 οἰκίαις
646 5144 996 5213 καταλειφθὲν
1035 5144 1138 5198 ὑπὸ
1181 5143 1290 5196 τῶν
1330 5140 1647 5217 βαρϐάρων,
1676 5139 1770 5192 ἐὰν
1819 5139 1913 5209 μὲν

362 5250 382 5285 ι
420 5233 886 5305 κατηγορηθέντες
928 5231 1253 5303 ἐλεγχθῶσιν
1275 5270 1289 5294 ,
1317 5231 1517 5301 ὁμοίως
1544 5231 1602 5283 ἐν
1641 5232 1752 5292 τοῖς
1782 5230 1914 5282 ὑπο-

363 5339 393 5372 ι
424 5323 741 5375 πίπτουσιν*
773 5320 868 5376 ἐὰν
907 5321 963 5375 δὲ
993 5321 1217 5383 ἑαυτοὺς
1242 5319 1497 5386 ἐξείπωσι
1526 5318 1618 5371 καλ⁸
1642 5316 1877 5370 ἀποδῶσι
1896 5354 1910 5380 ,

362 5431 384 5464 ‹
423 5413 516 5467 καὶ
543 5412 641 5483 τῆς
669 5413 832 5482 εὑχης
860 5411 1105 5476 ἀξιῶσαι.
1138 5431 1156 5463 ι

434 5505 624 5557 ΒΑΛΣ.
655 5504 879 5574 Εἴρηται
909 5501 1123 5555 ὄπισθεν
1153 5502 1278 5571 περί
1308 5497 1414 5551 τῶν
1454 5497 1713 5566 λεγόντων
1741 5494 1915 5564 εὑρεῖν

358 5593 727 5665 ἀνεπιμέλητα
758 5593 826 5646 τὰ
857 5591 962 5645 τῶν
1008 5589 1543 5661 αἰχμαλωτισθέντων
1598 5587 1913 5657 πράγματα,

361 5685 453 5737 καὶ
482 5683 795 5737 ἰδιώσασθαι
824 5682 979 5735 αὐτά.
1013 5683 1121 5735 Καὶ
1161 5680 1254 5733 νῦν
1282 5681 1337 5733 δὲ
1381 5680 1666 5751 διορίζεται
1708 5681 1736 5730 6
1764 5670 1916 5744 ἀγίος

361 5777 486 5840 τοὺς
519 5776 575 5828 ἐν
603 5776 721 5836 ταῖς
748 5774 943 5835 οἰκίαις
968 5772 1072 5838 τῶν
1101 5769 1634 5841 αἰχμαλωτισθέντων
1661 5766 1913 5837 εὑρόντας

2002 4601 2257 4657 ίίύειίἰιιιεα
2292 4603 2506 4672 quidem
2541 4613 2826 4673 precantur
2861 4607 3115 4673 templqu
3147 4607 3428 4669 intrantes,
3464 4619 3587 4659 cut-rt

2003 4700 2177 4747 terum
2203 4708 2352 4748 more
2375 4696 2886 4768 catechumennrum
2919 4696 3288 4764 egrediuntur.

2605 4785 2831 4865 uisos
2877 4786 2968 4842 ix.

2081 4892 2107 4928 ι
2138 4873 2212 4930 De
2242 4875 2308 4929 iis
2333 4875 2499 4944 quiin
2533 4891 2662 4944 agro
2693 4877 2775 4931 vel
2803 4878 2854 4930 in
2878 4877 3082 4931 uadibus
3111 4877 3225 4933 suis
3265 4892 3351 4936 ea,
3382 4891 3502 4944 quae
3535 4892 3584 4930 ιι

2011 4981 2034 5019 α
2078 4965 2326 5021 barbaris
2355 4967 2534 5020 relicta
2560 4977 2706 5029 sunt,
2747 4969 3087 5023 invenerunt.
3127 4966 3233 5022 Eos
3268 4977 3444 5022 autem
3473 4968 3580 5035 qui»

2012 5074 2034 5110 ι
2078 5056 2134 5112 in
2169 5073 2360 5128 campo
2397 5058 2600 5129 aliquid
2650 5060 2991 5122 invenerunt,
3018 5059 3102 5113 vel
3144 5059 3197 5112 iu
3226 5059 3341 5113 suis
3363 5060 3587 5112 aedibus-

2012 5167 2037 5202 ι
2080 5164 2111 5203 a
2140 5149 2385 5206 barbaris
2419 5151 2692 5223 relictum,
2727 5152 2771 5206 si
2805 5152 3042 5206 accusati
3074 5150 3290 5220 quidem
3338 5153 3587 5206 convicti:

2015 5257 2035 5292 ι
2079 5239 2298 5306 fuerint,
2329 5243 2438 5297 sint
2460 5243 2711 5298 similiter
2737 5245 2876 5297 inter
2893 5259 2985 5298 eos
3008 5243 3098 5313 qui
3123 5232 3581 5308 substernunttu--,.

2016 5350 2037 5384 ι
2079 5334 2163 5389 sin
2191 5343 2373 5388 autem
2401 5349 2457 5388 se
2480 5334 2627 5403 ipsos
2656 5333 2945 5409 detulerint
2963 5342 3016 5388 et
3036 5333 3384 5398 reddiderint,
3409 5334 3579 5388 etiam

2016 5440 2039 5473 ι
2081 5422 2332 5490 precibus
2359 5423 2507 5492 digni
2548 5422 2869 5475 habeantur.
2920 5440 2937 5472 ι

2083 5508 2241 5565 Βιιιε.
2290 5508 2499 5564 Dictum
2542 5521 2624 5565 est
2671 5509 2920 5578 superius
2946 5510 3011 5565 de
3041 5510 3106 5565 iis
3143 5510 3235 5579 qui
3289 5509 3476 5564 dicunt
3514 5525 3582 5561 se

2015 5599 2283 5654 invenisse
2297 5613 2382 5654 res
2394 5599 2730 5668 captivorum
2759 5598 3022 5669 neglectui
3047 5599 3283 5664 habitas,
3308 5608 3359 5651 et
3385 5612 3591 5650 canum

2013 5687 2115 5741 sibi
2158 5687 2539 5758 proprietatem
2566 5689 2890 5743 vindicasse.
2924 5687 3077 5742 Nunc
3124 5697 3302 5742 autem
3333 5686 3589 5740 decerniu

2014 5784 2368 5843 sa’nctus,.eos
2393 5779 2485 5849 qui
2506 5796 2590 5835 res
2625 5781 2959 5849 captivorum
2989 5780 3041 5834 in
3069 5779 3320 5833 domibus
3345 5778 3568 5831 iuvenc-

3356 36 3903 49 -ιιι-ῐ--Ι-Η--υ-ι--ο--ς-ψ-ο-ω-ῌφ
3932 44 3941 47 Ὗ
