4076 6394
514 417 622 483 543

504 644 691 711 jectas,
716 642 944 696 fortasse
960 649 1173 710 propter
1190 638 1419 707 pondus,
1439 638 1682 690 inventas
1697 632 1912 702 quidem
1925 631 2064 686 bona

514 734 616 786 tide
650 735 1019 790 restituentes.
1050 732 1101 784 in
1122 729 1229 801 34
1249 728 1489 798 perferto
1510 727 1676 797 gradu
1708 735 1853 780 stare
1884 723 2088 780 debere

510 832 645 871 cum
659 817 927 871 ﬁdelibus.
943 818 1037 872 Sin
1055 829 1234 871 autem
1253 816 1598 871 condemnati
1612 813 1839 872 fuerint.
1859 813 2083 868 colloca-

512 908 560 962 ri
575 923 703 962 eum
722 910 788 963 iis
804 910 896 979 qui
914 910 1363 973 substernuntur,
1381 906 1588 962 scilicet
1602 905 1785 975 egredi
1800 920 1922 960 cum
1942 916 2086 960 cate-

509 997 816 1051 chumenis.
836 994 957 1048 Haec
972 1009 1093 1047 cum
1116 994 1186 1047 ita
1212 1009 1267 1047 se
1294 994 1545 1058 habeam,
1568 993 1763 1046 dixerit
1779 994 2067 1063 quispiam,

510 1106 604 1144 eos
639 1091 715 1143 sic
745 1089 941 1157 puniri,
972 1089 1063 1157 qui
1098 1102 1194 1157 pro
1224 1103 1281 1141 re
1310 1087 1525 1141 inventa
1558 1087 1886 1141 restituenda
1938 1102 2069 1141 con-

511 1179 910 1235 demnationem
953 1186 1293 1247 exspectant,
1336 1192 1456 1232 esse
1485 1177 1849 1246 justissimum
1874 1218 1889 1243 ,
1928 1193 2069 1248 quo-

512 1271 659 1324 niam
692 1269 819 1323 furti
849 1284 1063 1337 quoque
1094 1268 1308 1322 actione
1337 1278 1621 1333 tenentur,
1652 1266 1950 1323 secundum
1989 1268 2069 1323 le-

509 1376 652 1431 gem,
682 1375 802 1429 quae
834 1359 999 1413 dicit:
1029 1357 1137 1411 Fur
1162 1358 1357 1425 estqui
1386 1374 1497 1411 rem
1523 1359 1752 1412 alienam
1776 1365 2072 1413 contrectat

512 1459 704 1518 praeter
735 1449 939 1504 domini
968 1447 1324 1511 voluntatem,
1369 1449 1619 1502 sciensid
1658 1448 1732 1501 illi
1784 1448 2069 1503 molestum

511 1556 649 1595 esse.
681 1540 817 1594 Cum
848 1538 1094 1593 lidelibus
1115 1548 1294 1592 autem
1320 1539 1640 1601 consistere,
1668 1547 1721 1601 et
1755 1554 2069 1593 sacramen-

513 1630 582 1683 tis
635 1638 845 1683 tantum
870 1643 977 1681 non
1011 1628 1220 1697 dignari
1247 1643 1370 1681 cum
1398 1629 1489 1697 qui
1519 1643 1575 1682 se
1601 1629 1774 1697 ipsum
1799 1629 2068 1693 detulerit,

512 1730 567 1773 et
589 1721 754 1788 probe
773 1734 883 1773 rem
911 1719 1183 1772 inventam
1208 1717 1433 1781 dederit,
1460 1735 1655 1772 novum
1683 1730 1795 1783 est;
1826 1729 1907 1774 cst
1928 1720 2071 1775 enim

513 1810 696 1877 potius
728 1807 1066 1863 Eucharistia
1092 1808 1306 1877 dignus,
1331 1809 1499 1878 utqui
1526 1825 1637 1863 rem
1668 1810 1862 1878 captivi
1892 1825 2075 1864 serva-

1781 406 2051 468 TIlEOD.
2100 404 2188 466 BA
2199 404 2498 469 LSAMON

511 562 658 617 runt,
683 560 866 621 utpote
891 566 1000 605 non
1037 564 1067 604 a
1108 547 1349 602 barbaris
1379 545 1603 608 ablatas,
1631 542 1711 597 vel
1741 542 1792 595 in
1819 542 1920 596 viis
1969 541 2053 595 al)-

2183 538 2499 610 πράγματα,
2520 538 2595 602 ὡς
2620 538 2695 610 μὴ
2730 537 2879 610 παρὰ
2908 538 3011 592 τῶν
3041 534 3328 611 βαρϐάρων
3358 537 3740 611 ἀφαιρεθέντα,

2776 381 2847 395 οη-.
2868 393 2874 398 .
2912 383 2919 389 .
2950 387 2961 395 ,

2908 396 2949 405 ιι

3638 404 3744 472 5H

2177 630 2211 702 ἢ
2241 629 2333 685 καὶ
2366 629 2505 684 κατὰ
2531 630 2627 693 τάς
2673 630 2823 693 ὁδοὺς
2865 630 3105 700 ῥιφέντα,
3140 631 3229 685 διά
3261 633 3321 686 τὸ
3354 632 3519 705 βάρος
3557 632 3737 702 τυχὸν,

2176 721 2654 783 ἀποκαθιστῶντας
2684 721 2781 791 μὲν
2824 721 3176 791 εὐγνωμόνως
3219 722 3286 777 τά
3327 724 3635 794 εὑρεθέντα,
3663 725 3743 787 εἰς

2176 813 2266 867 τὸν
2312 812 2474 865 τόπον
2521 813 2767 866 ἵστασθαι
2811 812 2900 866 τὸν
2937 813 3136 867 τέλειον
3172 813 3308 884 μετά
3345 815 3457 884 τῶν,
3497 814 3701 868 πιστῶν
3724 832 3737 845 ·

2177 905 2225 957 εἰ
2254 903 2309 956 δὲ
2338 903 2791 966 καταδικασθῶσι,
2821 904 3107 958 τάττεσθαι
3138 906 3233 958 σὺν
3263 908 3374 969 τοῖς
3408 905 3742 959 ὑποπίπτου-

2178 1010 2282 1057 σιν,
2309 994 2473 1062 ἧγουν
2499 993 2811 1063 ὲξέρχεσθαι
2843 994 2978 1065 μετά
3008 995 3114 1048 τῶν
3146 996 3587 1065 κατηχουμένων.
3612 993 3745 1049 Τού-

2175 1103 2283 1139 των
2310 1083 2481 1148 οῦτως
2525 1086 2753 1155 ἑχόντων
2776 1126 2789 1151 ,
2822 1086 2964 1138 εῖποι
3004 1104 3108 1151 τις,
3139 1086 3214 1149 ὡς
3244 1086 3306 1139 τὸ
3348 1085 3489 1140 οῦτω
3526 1072 3745 1150 κολάζε-

2179 1176 2302 1230 σθαι
2341 1177 2468 1240 τούς
2502 1176 2869 1247 ἀναμένοντας
2920 1178 3218 1248 καταδίκην
3260 1178 3419 1249 χάριν
3462 1178 3743 1247 ἀντιστρο-

2178 1268 2282 1338 φῆς
2329 1268 2421 1321 τοῦ
2446 1268 2770 1339 εὐρέματος,
2800 1267 3132 1321 δικαιότατόν
3188 1270 3334 1321 ἐστιν
3358 1307 3372 1332 ,
3425 1268 3506 1320 ὅτι
3555 1266 3645 1320 καί
3676 1270 3743 1337 τῇ

2179 1358 2307 1428 περὶ
2348 1357 2554 1428 κλοπῆς
2585 1359 3113 1430 ἀγωγῇενέχονται,
3148 1357 3289 1411 κατὰ
3335 1358 3423 1411 τὸν
3464 1356 3628 1427 νόμον
3654 1356 3745 1409 τὸν

2178 1449 2431 1517 λέγοντα·
2496 1449 2746 1521 κλέπτης
2805 1452 2951 1503 ἐστὶν
3004 1452 3033 1504 ό
3073 1450 3135 1502 τὸ
3179 1448 3457 1520 ἀλλάτριον
3514 1450 3747 1521 πρᾶγμα

2176 1538 2439 1609 ψηλαφῶν
2471 1539 2621 1611 παρὰ
2651 1538 2874 1610 γνώμην
2907 1538 3001 1593 τοῦ
3031 1539 3289 1593 δεσπότου
3331 1541 3389 1592 ὲν
3426 1540 3625 1609 εἰδήσει
3652 1539 3745 1592 τοῦ

2178 1630 2415 1699 λυπῆσαι
2457 1631 2639 1684 αὐτόν.
2677 1632 2749 1683 Τὸ
2779 1631 2836 1684 δὲ
2879 1630 3227 1684 συνίστασθαι
3258 1631 3370 1692 τοῖς
3393 1632 3623 1693 πιστοῖς,
3655 1631 3748 1683 καί

2180 1722 2340 1787 μόνον
2376 1722 2449 1794 μὴ
2494 1722 2772 1787 ἀξιοῦσθαι
2811 1723 2867 1776 δὲ
2910 1722 3018 1775 τῶν
3070 1722 3424 1792 ἀγιασμάτων
3460 1721 3549 1774 τὸν
3581 1738 3748 1792 προσ-

2178 1813 2505 1881 αγγείλαντα
2530 1813 2721 1867 ἑαυτὸν
2741 1814 2833 1866 καί
2862 1813 3215 1883 εὐγνωμόνως
3241 1813 3400 1867 δόντα
3428 1812 3488 1865 τὸ
3519 1812 3745 1882 εὕρεμα,

515 1900 673 1962 verit,
705 1909 758 1953 et
788 1903 957 1967 ipsam
982 1899 1300 1953 restituerit.
1341 1898 1408 1953 Et
1450 1900 1569 1954 ideo
1592 1900 1777 1954 dicunt
1805 1901 2070 1969 nonnulli,

2183 1905 2362 1959 καινόν
2395 1908 2573 1959 ἐστιν’
2604 1905 2750 1969 ἄξιος
2784 1904 2892 1975 γάρ
2940 1904 3136 1974 μᾶλλον
3175 1904 3539 1975 Εὐχαριστίας
3578 1903 3745 1967 ἐστὶν,

513 2007 640 2044 cum
665 1989 910 2046 ﬁdelibus
934 1990 1363 2056 consistentiam,
1379 2001 1842 2046 sacramentorum
1861 2007 2074 2063 quoque

516 2084 978 2153 participationem
1009 2085 1171 2140 tacite
1206 2086 1483 2154 consequi.

587 2356 784 2411 Ζοιωι.
822 2354 1067 2417 Barbari,
1096 2371 1216 2410 cum
1272 2356 1722 2425 depopularentur
1770 2356 2074 2426 regionem,

519 2465 606 2504 res
638 2449 901 2516 quasdam
960 2457 1293 2517 rapuerunt;
1352 2462 1585 2516 moxque
1637 2447 1720 2500 vel
1745 2446 1886 2500 obvii
1948 2446 2077 2503 facti

520 2542 860 2603 melioribus,
887 2540 970 2594 vel
996 2540 1199 2610 gravati
1228 2540 1481 2609 pondere,
1498 2556 1619 2595 cum
1644 2555 1765 2608 quae
1789 2547 2080 2608 rapuerant

522 2632 663 2687 ferre
688 2632 910 2685 minime
948 2640 1193 2701 possent,
1224 2631 1421 2701 partim
1450 2647 1545 2700 per
1572 2646 1790 2700 campos
1811 2630 2074 2700 abiecere,

520 2720 714 2787 partim
770 2718 823 2771 in
858 2718 1165 2787 aliquorum
1225 2720 1448 2783 aedibus,
1503 2720 1555 2772 in
1607 2720 1806 2789 quibus
1854 2719 2078 2775 meliora

520 2808 653 2863 forte
680 2818 1011 2878 repererant,
1041 2809 1359 2877 deposuere.
1416 2808 1735 2878 Quicunque
1770 2810 1952 2880 igitur,
1988 2810 2076 2865 in-

518 2899 656 2969 quit,
685 2910 775 2954 aut
808 2900 860 2953 in
885 2900 1092 2968 campis
1124 2909 1218 2955 aut
1260 2901 1313 2954 in
1351 2900 1465 2955 suis
1513 2901 1760 2975 domibus
1781 2901 1962 2967 aliqua
1991 2899 2076 2954 in-

521 3000 802 3055 venerunt,
821 2991 895 3045 illi
921 2992 965 3045 si
1000 2992 1219 3060 quidem
1251 2992 1488 3046 accusati
1515 2999 1567 3045 et
1598 2991 1826 3046 convicti
1857 2989 2077 3054 fuerint,

521 3082 659 3133 inter
679 3095 773 3135 eos
796 3080 888 3149 qui
907 3080 1332 3135 substernuntur
1356 3082 1533 3137 locum
1554 3081 1837 3151 accipiant.
1868 3078 1926 3134 Si
1951 3094 2080 3134 vero

2176 1996 2253 2060 ὡς
2297 1997 2357 2051 τὸ
2389 1998 2619 2068 πρᾶγμα
2671 1995 2765 2049 τοῦ
2814 1994 3338 2066 αἰχμαλωτισθέντος
3364 1993 3604 2064 φυλάξας
3654 1996 3749 2047 καὶ

2177 2087 2635 2156 ἀποκαταστήσας
2664 2085 2815 2139 αὐτό.
2852 2086 2942 2138 Διὸ
2970 2085 3063 2139 καί
3095 2085 3312 2153 λέγουσί
3337 2102 3485 2148 τινες
3520 2083 3747 2138 συνὲπε-

2182 2177 2301 2231 σθαι
2338 2180 2404 2249 τῇ
2441 2177 2578 2248 μετά
2626 2176 2735 2229 τῶν
2778 2177 2982 2230 πιστῶν
3029 2177 3315 2243 συστάσει,
3362 2176 3457 2230 καὶ
3501 2175 3597 2247 τὴν
3642 2175 3751 2228 τῶν

2181 2268 2533 2339 ἀγιασμάτων
2570 2267 2780 2338 μέθεξιν
2815 2285 2989 2338 σιωπη
2999 2267 3126 2340 ρῶς.

2251 2360 2491 2413 ΖΩΝΑΡ.
2540 2360 2605 2412 Ol.
2639 2359 2929 2431 βάρϐαροι,
2976 2358 3360 2429 λεηλατοῦντες
3399 2357 3498 2429 τὴν
3542 2356 3748 2431 χώραν,

2180 2451 2422 2521 ἥρπαζον
2476 2451 2805 2522 πράγματα*
2856 2451 2951 2505 καὶ
3006 2450 3038 2521 ἢ
3088 2450 3360 2521 κρείττοσι
3408 2450 3543 2521 μετά
3583 2452 3751 2505 ταῦτα

2182 2543 2616 2612 ἐντυγχάνοντες,
2646 2544 2678 2613 ἢ
2708 2543 2793 2596 διὰ
2826 2543 2989 2615 βάρος
3021 2542 3096 2614 μὴ
3123 2544 3403 2613 δυνάμενοι
3435 2543 3623 2614 φέρειν
3651 2544 3751 2596 ὅσα

2181 2634 2453 2703 ἥρπασαν,
2488 2633 2556 2686 τά
2591 2635 2684 2703 μὲν
2729 2636 2786 2687 ἐν
2815 2634 2892 2705 τῷ
2924 2634 3088 2704 πεδίῳ
3133 2633 3420 2705 ἕρῤιπτον,
3457 2634 3526 2687 τὰ
3555 2635 3612 2689 δὲ
3657 2636 3752 2688 καί

2180 2723 2239 2775 έν
2281 2723 2475 2786 οἰκίαις
2522 2724 2720 2789 τινῶν,
2767 2726 2823 2776 ὲν
2872 2720 2959 2788 αἷς
3012 2724 3140 2789 ἴσως
3185 2725 3437 2780 καλλίονα
3477 2724 3747 2796 εὕρισκον.

2186 2815 2338 2868 Ὅσοι
2384 2814 2548 2883 γοῦν,
2602 2817 2797 2884 φησιν,
2843 2810 2997 2887 εὗρόν
3040 2833 3163 2871 τινα
3207 2820 3264 2871 ὲν
3302 2817 3379 2887 τῷ
3430 2816 3593 2886 πεδίῳ
3628 2815 3660 2886 ἦ
3694 2817 3752 2869 εν

2182 2908 2301 2969 ταῖς
2334 2906 2542 2959 ἑαυτῶν
2595 2906 2829 2971 οἰκίαις,
2880 2900 3059 2971 οὗτοι,
3090 2909 3138 2960 εἰ
3194 2908 3290 2977 μὲν
3336 2905 3751 2978 κατηγορηθῶσι

2184 2996 2277 3050 καί
2308 2996 2623 3066 ἐλεγχθῶσι,
2664 2998 3042 3051 ταττέσθωσαν
3084 3001 3141 3052 ὲν
3170 3001 3282 3060 τοῖς
3324 2997 3747 3051 ὑποπίπτουσιν

2184 3086 2280 3140 ὲάν
2330 3087 2388 3140 δὲ
2444 3087 2669 3151 ἑαυτοὺς
2718 3087 3189 3159 προσαγγείλωσι,
3246 3088 3340 3141 καὶ
3391 3087 3660 3140 ἀποδῶσιν
3717 3085 3755 3139 ἃ

521 3186 579 3224 se
612 3170 759 3238 ipsos
787 3171 1101 3236 detulerint,
1126 3186 1187 3225 ac
1210 3186 1272 3224 ea
1305 3188 1425 3239 qua!
1450 3173 1700 3225 invenere
1730 3170 2078 3237 reddiderint,

2184 3170 2377 3249 εὖρον,
2427 3179 2519 3232 καί
2552 3179 2652 3248 τῆς
2699 3180 2863 3250 εὐχῆς
2910 3179 3315 3245 ἀξιούσθωσαν*
3373 3179 3539 3247 ἦγουν
3590 3177 3751 3248 μέχρι

524 3261 837 3328 precatione
867 3277 1085 3330 quoque
1106 3261 1254 3332 digni
1286 3261 1588 3315 habeantur
1616 3281 1628 3314 :
1664 3262 1766 3316 hoc
1791 3270 1892 3324 est,
1920 3261 1986 3315 ad
2010 3259 2079 3314 li-

524 3366 647 3403 nem
672 3367 843 3419 usque
873 3352 1203 3420 precationis
1233 3369 1357 3407 cum
1388 3352 1634 3407 ﬁdelibus
1660 3353 1983 3417 consistant,
2016 3365 2081 3407 ac

524 3455 553 3491 a
590 3448 775 3493 sancta
810 3439 1195 3494 communione
1243 3439 1619 3493 tantummodo
1647 3445 1966 3502 arceantur;
1993 3436 2078 3489 vi-

524 3528 713 3581 delicet
755 3528 1056 3595 usquedum
1094 3529 1466 3597 paenitentiam
1511 3528 1947 3595 ostenderint,et
1977 3525 2081 3582 hac

524 3634 741 3687 quoque
764 3618 913 3688 digni
945 3619 1344 3673 existimentur.

1136 3707 1363 3763 CANON
1394 3708 1463 3763 Χ.

601 3819 619 3852 ι
664 3799 771 3856 Eos
800 3807 980 3854 autem
1014 3799 1103 3869 qui
1136 3810 1355 3855 servant
1381 3800 1650 3866 mandata,
1699 3798 1905 3870 absque
1934 3796 2083 3851 omni

528 3909 547 3942 ι
592 3892 734 3961 turpi
785 3891 939 3945 lucro
968 3905 1184 3944 servare
1213 3900 1457 3959 oportet;
1512 3905 1610 3945 nec
1642 3890 1822 3944 indicii
1856 3888 1939 3941 vel
1984 3902 2083 3942 cu-

527 4001 547 4035 ι
588 3982 797 4047 stodize,
838 3980 921 4035 vel
963 3979 1291 4033 inventionis
1321 3980 1575 4048 pretium,
1621 3979 1703 4034 vel
1760 3993 2085 4049 quocunque

528 4092 551 4125 ι
596 4073 815 4127 nomine
844 4072 949 4126 hoc
987 4070 1276 4139 appellant,
1307 4070 1600 4139 exigentes.
1644 4086 1663 4119 ι

594 4162 756 4217 Rus.
782 4162 917 4215 Cum
960 4160 1270 4214 admisisset
1303 4167 1523 4213 sanctus
1547 4158 1743 4212 bonam
1775 4172 1964 4212 eorum
1990 4173 2085 4212 vo-

527 4256 811 4315 luntatem,
834 4250 924 4319 qui
959 4263 1017 4303 se
1046 4248 1197 4317 ipsos
1219 4247 1530 4301 detulerunt
1574 4255 1626 4300 et
1682 4246 1958 4302 inventum
1987 4247 2082 4301 be-

526 4340 719 4397 nevole
740 4340 1114 4399 reddiderunt,
1135 4338 1340 4407 adjicit,
1359 4339 1501 4408 quod
1527 4339 1569 4393 si
1598 4337 1635 4391 ii
1660 4338 1823 4391 velint
1849 4333 2085 4389 mandati

531 4432 622 4486 Dei
648 4432 1026 4487 observatores
1048 4428 1243 4493 videri,
1275 4431 1471 4484 debent
1495 4431 1699 4499 absque
1728 4413 1919 4498 quovis
1944 4424 2086 4495 turpi

528 4522 684 4576 luero
712 4538 825 4577 rem
866 4522 1136 4577 inventam
1169 4521 1410 4576 reddere.
1454 4519 1738 4575 Deﬁnitum
1774 4527 1951 4573 autem
1981 4524 2083 4583 est,

528 4629 635 4668 non
672 4615 883 4684 exigere
910 4625 1158 4684 oportere
1187 4628 1310 4667 eum
1342 4612 1434 4681 qui
1479 4612 1704 4674 invenit,
1753 4611 1820 4664 ab
1876 4624 1942 4664 eo
1992 4609 2084 4678 qui

526 4704 773 4772 captivus
812 4702 936 4769 fuit,
961 4705 1041 4758 vel
1066 4703 1273 4769 indicii,
1304 4702 1381 4757 vel
1408 4701 1688 4767 custodiae,
1716 4700 1796 4755 vel
1824 4700 2088 4753 inventio-

529 4797 614 4849 nis
638 4796 890 4864 pretium,
925 4795 1005 4849 vel
1037 4795 1238 4864 aliquid
1263 4794 1457 4855 aliud:
1479 4808 1543 4847 eo
1578 4792 1723 4861 quod
1748 4806 1853 4845 non
1891 4806 1955 4845 ex
1990 4806 2084 4845 ne-

527 4888 789 4956 gligentia
819 4887 1188 4949 dominorum,
1216 4884 1300 4939 vel
1319 4884 1480 4939 etiam
1520 4882 1739 4935 fortuito
1775 4896 1860 4936 res
1887 4882 2084 4935 amissa

528 4979 624 5043 sit,
656 4978 747 5031 sed
794 4992 988 5045 magna
1019 4976 1326 5030 calamitate
1356 4982 1408 5026 et
1438 4971 1721 5026 barbarica
1753 4970 2083 5024 incursione.

528 5069 634 5134 Qui
678 5070 820 5123 enim
860 5085 944 5123 res
976 5068 1319 5124 dominorum
1364 5062 1686 5132 negligentia
1734 5062 1815 5115 vel
1868 5059 2089 5114 fortuito

532 5162 768 5229 perditas
798 5162 1119 5214 invenerunt
1160 5167 1214 5213 et
1256 5173 1349 5212 eas
1388 5156 1716 5219 restituunt,
1765 5149 2088 5233 inventionis

530 5254 763 5319 pretium
790 5260 937 5305 recte
966 5252 1209 5318 exigunt,
1239 5247 1690 5317 quemadmodum
1717 5244 1820 5298 hoc
1851 5258 1914 5297 ex
1960 5242 2089 5311 legi-

532 5342 636 5395 Lns
669 5343 916 5412 superius
948 5342 1138 5413 positis
1173 5349 1409 5411 apparet.

610 5522 810 5577 ZnsAn.
841 5523 974 5577 Cum
1008 5522 1072 5576 iis
1102 5522 1192 5590 qui
1236 5536 1344 5573 rem
1374 5519 1600 5573 alienam
1645 5533 1673 5572 a
1717 5533 1774 5571 se
1819 5515 2083 5569 inventam

532 5612 888 5679 denuntiant,
936 5614 1217 5681 benignius
1265 5615 1524 5682 agendum
1579 5627 1697 5666 esse
1751 5611 1827 5664 vir
1873 5616 2085 5664 sanctus

625 5777 739 5845 (35)
782 5780 851 5831 Τὸ
885 5780 919 5831 (ὶ
944 5780 1220 5845 Ηότίιον.
1256 5778 1441 5833 Suilii?
1478 5779 1582 5831 τῶν
1612 5778 1915 5848 ἀ),)οιρί(ο›ν.

2182 3268 2371 3333 τέλους
2426 3269 2529 3338 τῆς
2602 3270 2767 3339 εὐχῆς
2822 3269 3298 3339 συνεστηκέτωσαν
3347 3271 3457 3331 τοῖς
3504 3269 3710 3329 πιστοῖς
3736 3306 3751 3328 .

2188 3359 2354 3430 μόνης
2414 3361 2514 3430 τῆς
2561 3360 2724 3428 ἁγίας
2790 3360 3140 3431 μεταλήψεως
3183 3359 3537 3431 κωλυόμενον
3586 3358 3755 3427 ἢγουν

2189 3450 2379 3522 μέχρις
2408 3452 2473 3506 ἀν
2508 3452 2792 3521 μετάνοιαν
2825 3452 3218 3519 ἐπιδείξωνται,
3242 3452 3337 3507 καὶ
3358 3450 3558 3520 ταύτης
3589 3449 3755 3513 ἀξιω-

2186 3540 2342 3595 θῶσι.

2803 3706 3039 3759 ΚΑΝΩΝ
3079 3707 3133 3759 Ῑ⁹.

2264 3813 2281 3845 ι
2324 3794 2461 3859 Τοὺς
2492 3794 2548 3848 δὲ
2598 3794 2694 3867 τὴν
2736 3796 2951 3867 ἐντολὴν
2993 3792 3332 3866 πληροῦντας
3371 3792 3526 3856 ἐκτὸς
3573 3790 3756 3860 πάσης

2194 3904 2213 3938 ι
2251 3887 2693 3957 αἰσχροκερδείας
2724 3886 2961 3958 πληροῦν
2988 3887 3088 3949 δεῖ,
3121 3887 3277 3958 μήτε
3305 3887 3547 3957 μήνυτρα
3576 3884 3608 3955 ἢ
3642 3883 3757 3938 σῶ-

2193 3993 2213 4029 ι
2254 3994 2419 4047 στρα,
2450 3977 2481 4048 ἢ
2512 3976 2741 4048 εὔρετρα
2766 4016 2779 4042 ,
2814 3978 2845 4048 ἢ
2897 3972 2941 4047 ᾧ
2980 3977 3201 4049 ὀνόματι
3248 3976 3420 4030 ταῦτα
3468 3974 3753 4041 καλοῦσιν,

2202 4084 2217 4119 ι
2255 4068 2636 4131 ἀπαιτοῦντας.
2668 4088 2683 4119 ι

2260 4158 2452 4211 ΒΑΛΣ.
2488 4158 2905 4228 Ἀποδεξάμενος
2930 4157 3023 4227 τὴν
3052 4154 3433 4224 ἀγαθοθέλειαν
3455 4152 3561 4205 τῶν
3593 4167 3760 4212 προσ-

2188 4248 2556 4317 αγγειλάντων
2613 4251 2837 4312 ἑαυτοὺς
2894 4250 2987 4301 καὶ
3044 4246 3347 4300 ἀποδόντων
3404 4245 3761 4313 εὐγνωμόνως

2189 4340 2250 4393 τὸ
2282 4339 2526 4411 εὕρεμα,
2558 4340 2910 4412 προστίθησιν
2956 4340 2983 4390 ὁ
3029 4337 3222 4405 ἅγιος,
3266 4335 3373 4399 ὡς,
3420 4338 3467 4387 εἰ
3516 4334 3759 4388 θέλουσιν

2189 4427 2336 4487 οὗτοι
2380 4432 2690 4503 λογισθῆναι
2738 4431 3019 4504 πληρωταί
3054 4430 3152 4500 τῆς
3197 4427 3416 4497 ὲντολῆς
3468 4426 3560 4480 τοῦ
3600 4430 3760 4492 Usen,

2130 4510 2169 4564 θ
2192 4522 2463 4592 ὀφείλουσι
2523 4523 2690 4595 χωρὶς
2738 4520 2962 4593 αἰσχροῦ
3010 4520 3233 4592 κέρδους
3269 4518 3379 4571 οῖου
3403 4518 3465 4587 δή
3488 4532 3629 4579 τινος
3661 4515 3761 4583 τὴν

2193 4613 2443 4667 ἀπόδοσιν
2474 4612 2567 4667 τοῦ
2604 4612 2900 4683 εὐρέματος
2933 4613 3123 4663 ποιεῖν.
3162 4606 3378 4679 Ὥρίσθη
3408 4607 3465 4660 δὲ
3488 4605 3563 4676 μὴ
3596 4606 3764 4658 ἀπαι-

2191 4704 2400 4759 τεῖσθαι
2450 4702 2599 4775 παρὰ
2654 4702 2747 4755 τοῦ
2804 4702 3096 4773 εὐρηκότος
3146 4700 3210 4752 ὲκ
3272 4696 3365 4750 τοῦ
3427 4695 3622 4768 μέρους
3666 4694 3763 4748 τοῦ

2194 4793 2541 4864 αἰχμαλώτου
2579 4795 2824 4864 μήνυτρα
2868 4792 2900 4861 ἦ
2936 4790 3212 4862 σῶστραῆ
3244 4787 3511 4860 εῦρετρα,
3559 4787 3591 4856 ἦ
3635 4786 3765 4841 ἄλλο

2193 4900 2267 4946 τι,
2295 4882 2381 4938 διὰ
2407 4883 2469 4937 τὸ
2505 4882 2577 4953 μὴ
2610 4884 2669 4950 ἑξ
2702 4882 2960 4954 ἀμελείας
2999 4881 3108 4934 τῶν
3148 4877 3421 4933 δεσποτῶν
3468 4877 3501 4948 ἢ
3544 4877 3639 4932 καὶ
3666 4895 3753 4931 τυ-

2194 4976 2362 5047 χαίως
2390 4974 2637 5044 γενέσθαι
2665 4975 2760 5044 τὴν
2783 4972 3076 5034 ἀπώλειαν,
3100 4970 3235 5025 ἀλλά
3262 4970 3371 5024 ἀπὸ
3392 4969 3764 5042 περιστάσεως

2199 5066 2439 5137 μεγάλης
2478 5068 2572 5121 καὶ
2615 5065 2915 5137 ἐπιδρομῆς
2958 5064 3313 5135 βαρϐαρικῆς.
3346 5062 3559 5133 Οἰκγάρ
3600 5061 3767 5132 εὑρη-

2197 5159 2352 5223 κότες
2384 5160 2682 5229 πράγματα
2711 5156 2772 5222 ἐξ
2801 5158 3054 5228 ἀμελείας
3088 5156 3195 5209 τῶν
3231 5142 3498 5209 δεσποτῶν
3532 5152 3563 5224 ἢ
3597 5152 3766 5222 τύχης

2199 5250 2582 5312 ἀπολεσθὼτα,
2613 5251 2706 5304 καὶ
2730 5248 3199 5313 ἀποκαθιστῶντες
3228 5247 3421 5308 ταῦτα,
3446 5245 3769 5300 ἀπαιτοῦσιν

2200 5342 2448 5415 εῦρετρα,
2483 5340 2664 5405 καθὼς
2695 5341 2852 5394 τοῦτο
2878 5341 3225 5409 ἀναφαίνεται
3267 5338 3373 5393 ἀπὸ
3398 5336 3510 5390 τῶν
3545 5335 3767 5389 ὄπισθεν

2202 5433 2690 5504 καταστρωθέντων
2722 5431 2922 5500 νόμων.

2271 5525 2508 5577 ΖΩΝΑΡ.
2580 5524 2702 5587 Τοῖς
2759 5519 3076 5592 ὁμολογοῦσι
3127 5520 3187 5574 τδ
3238 5519 3445 5591 εὐρεμα
3496 5519 3554 5571 τὸ
3615 5516 3764 5569 ἀλλό-

2201 5630 2348 5684 τριον
2402 5615 2509 5682 (56)
2563 5613 3096 5682 συγγνωμονέττερον
3151 5609 3480 5664 διατίθεσθαι
3533 5608 3560 5658 ὁ
3616 5606 3767 5671 ἅγιος

2678 5831 2813 5846 ..σειν
