4076 6398
303 410 410 474 545
1302 409 1383 467 IN
1420 407 1656 471 EPIST.
1696 409 1758 471 S.
1802 410 2208 474 ATIIANASII
2243 417 2463 475 ALEX.
3426 404 3529 467 546

303 535 600 600 διετάξατο.
649 533 763 590 Ἵνα
816 537 871 589 δὲ
926 536 998 607 μὴ
1038 540 1083 590 οἱ
1138 536 1517 608 ὁμολογοῦντες
1567 540 1913 596 ἀπαιτῶσινλ

1923 532 2268 594 ιοοηειὶιιιίι.
2323 529 2518 583 Verum
2568 543 2631 581 nc
2681 528 3060 583 denuntiantes
3103 529 3270 598 pretia
3315 531 3384 601 ob
3421 547 3533 585 rem

300 623 558 696 εῦρετρα,
591 625 626 696 η
654 640 707 677 τι
738 623 976 679 τοιοῦτον
996 624 1071 689 ὼς
1099 625 1164 678 ἂν
1185 621 1396 678 καλοῖτο
1415 666 1429 690 ,
1471 625 1744 696 ἐπήγαγεν
1783 629 1865 682 ὅτι

2033 629 2266 686 vetitam,
2303 619 2384 673 vel
2412 619 2556 672 aliud
2603 633 2927 687 quocunque
2956 619 3086 673 illud
3132 618 3349 672 nomine
3387 622 3535 674 voci-

300 717 363 770 οὐ
393 715 476 769 δεῖ
514 731 568 768 τι
614 716 863 768 ἀπαιτεῖν
904 713 996 768 τὸν
1039 715 1354 769 ἀποδιδόντα
1397 716 1750 787 εὐγνωμόνως
1797 720 1867 775 τά

1972 717 2134 774 tetur,
2163 713 2400 779 exigant,
2438 708 2687 775 subjecit,
2722 722 2826 760 non
2858 723 2978 761 esse
3000 708 3295 776 quidquam
3317 708 3538 776 exigen-

303 807 589 877 ἀλλότρια,
616 806 751 861 ἀλλὰ
791 806 958 878 χωρὶς
989 806 1214 878 αἰσχροῦ
1246 807 1471 879 κέρδους
1507 809 1608 880 τὴν
1652 809 1867 881 ἐντολὴν

1969 800 2099 854 dum
2133 799 2202 853 ab
2239 813 2304 852 eo
2336 798 2428 866 qui
2465 797 2638 851 aliena
2674 797 2902 866 benigne
2943 799 3136 861 reddit,
3174 798 3268 851 sed
3313 798 3538 850 manda-

302 896 632 968 ἐκπληροῦν.
675 895 902 966 Aiaxpr
929 897 1037 967 γὰρ
1055 897 1222 962 ὅντως
1244 898 1436 969 κέρδος
1463 899 1579 952 εστὶ
1608 898 1672 952 τὸ
1703 900 1867 954 ἀπαιο

1970 895 2086 942 tum
2113 889 2320 957 absque
2348 889 2490 957 turpi
2526 887 2677 942 lucro
2704 887 3056 955 implendum.
3082 885 3261 955 Turpe
3305 901 3538 954 namque

302 989 415 1041 τείν
461 1005 513 1041 τι
562 987 670 1041 ἀπὸ
722 986 814 1040 τοῦ
867 986 1228 1053 ἀπολέσαντος
1271 989 1339 1042 τὰ
1382 991 1556 1043 οἰκεῖα
1602 991 1660 1044 ἐν
1692 991 1870 1063 καιρῷ

1969 978 2181 1033 lucrum
2219 987 2303 1033 cst
2346 993 2532 1033 revera
2579 978 2854 1048 quidpiam
2887 979 2955 1032 ab
2997 993 3063 1033 eo
3095 980 3306 1048 exigere
3329 979 3421 1047 qui
3455 992 3539 1032 res

307 1077 703 1147 περιστάσεως,
727 1078 826 1131 καὶ
859 1077 934 1148 μὴ
965 1077 1268 1133 ἀποδιδόναι
1297 1080 1436 1134 αὐτὰ
1468 1081 1675 1151 ἀμισθί.

1969 1083 2098 1124 suas
2128 1069 2457 1124 turbulentis
2494 1069 2831 1138 temporibus
2857 1068 3241 1138 perdidit,~nec
3265 1068 3384 1122 illas
3412 1082 3537 1136 gra-

906 1165 926 1178 ’
1970 1159 2109 1214 tuito
2139 1158 2385 1213 reddere.

773 1252 1269 1325 35KANDN1A'.
1934 1275 1943 1281 -

1934 1275 1943 1281 -
2577 1245 2800 1301 CANON
2841 1245 2934 1301 XI.

384 1367 401 1400 ι
451 1349 515 1402 Ἦ
557 1348 922 1420 πρόσκλαυσις
961 1349 1064 1416 ἔξω
1105 1351 1204 1420 τῆς
1240 1351 1414 1422 πύλης
1452 1352 1545 1406 τοῦ
1582 1354 1870 1427 εὐκτηριου

2045 1352 2064 1386 ι
2097 1333 2280 1391 Fletus
2325 1352 2421 1392 seu
2466 1336 2667 1402 luctus,
2712 1347 2793 1391 est
2835 1346 2989 1390 extra
3035 1345 3242 1406 portam
3280 1336 3540 1402 oratorii,

315 1457 332 1490 ι
372 1439 550 1493 ἐστίν’
603 1439 730 1494 ἔνθα
779 1441 988 1494 ἑστῶτα
1037 1440 1126 1494 τὸν
1188 1442 1565 1512 ἁμαρτάνοντα
1613 1445 1718 1517 χρὴ
1753 1425 1871 1500 τῶν

1976 1442 1996 1476 ι
2027 1425 2116 1479 ubi
2151 1439 2489 1494 peccatorem
2520 1437 2748 1482 stantem
2780 1437 2990 1495 oportet
3024 1427 3208 1483 ﬁdeles
3235 1427 3539 1495 ingredien-

314 1550 333 1582 ι
371 1533 644 1586 εἰσιόντων
686 1532 891 1586 δεῖσθαι
935 1533 1175 1597 πιστῶν,
1222 1535 1363 1604 ὑπὲρ
1390 1535 1553 1588 αὑτοῦ
1597 1535 1868 1607 εὔχεσθαι.

1977 1534 1996 1567 ι
2029 1525 2113 1601 tes
2138 1532 2316 1583 orare,
2356 1527 2416 1572 ut
2458 1534 2558 1588 pro
2594 1534 2652 1573 se
2679 1525 2987 1588 precentur.
3031 1519 3253 1572 Auditio
3284 1527 3366 1572 est
3401 1517 3543 1570 intra

313 1641 334 1674 ι
384 1623 448 1674 Ἦ
499 1623 760 1694 ἀκρόασις
803 1623 972 1676 ἔνδοθι
1014 1622 1115 1694 τῆς
1161 1623 1337 1695 πύλης
1381 1626 1440 1679 ὲν
1484 1625 1562 1697 τῷ
1605 1625 1867 1698 νάρθηκι,

1977 1625 1996 1658 ι
2029 1616 2240 1678 portam
2268 1609 2321 1662 in
2349 1609 2581 1678 porticu,
2609 1609 2700 1662 ubi
2735 1616 2951 1678 oportet
2979 1623 3100 1662 cum
3141 1610 3235 1678 qui
3277 1612 3545 1680 peccavit,

315 1732 333 1766 ι
372 1713 500 1767 ἔνθα
525 1715 741 1770 ἑστάναι
770 1716 874 1787 χρὴ
917 1716 1007 1769 τὸν
1032 1716 1387 1788 ἡμαρτηκότα
1423 1716 1527 1780 ἓως
1558 1717 1666 1771 τῶν
1703 1735 1872 1789 κατη-

1974 1711 2000 1750 ε
2027 1706 2194 1762 stare,
2241 1713 2413 1768 usque
2448 1699 2514 1753 ad
2562 1699 3007 1764 catechumenos,
3048 1708 3102 1753 et
3150 1700 3300 1754 illinc
3337 1704 3537 1769 egredi.

317 1823 336 1856 ι
373 1805 671 1876 χουμένων,
704 1786 1069 1860 καὶίὲντεῦθεν
1098 1786 1430 1879 ἐξέρχεσθαι.
1455 1807 1702 1861 ⁸Ἀκούων
1739 1786 1867 1877 γὰρ,

1977 1804 1998 1839 ι
2030 1786 2272 1843 Audiens
2305 1790 2482 1856 enim,
2531 1790 2740 1858 inquit,
2776 1789 3090 1858 Scripturas
3129 1800 3184 1844 et
3216 1791 3545 1859 doctrinam,

321 1914 340 1948 ι
380 1897 531 1966 φησὶ,
561 1897 668 1950 τῶν
701 1897 930 1968 Γραφῶν
952 1897 1046 1952 καὶ
1085 1899 1183 1970 τῆς
1217 1898 1580 1962 διδασκαλίας,
1619 1899 1871 1952 ὲκῦαλλέ-
1899 1901 1931 1958 Ε

1936 1905 1944 1955 ι
1979 1897 2000 1933 ι
2029 1879 2299 1949 ejiciatur,
2333 1889 2386 1936 et
2415 1882 2725 1950 precatione
2764 1880 3018 1950 indignus
3047 1891 3356 1936 censeatur.
3403 1885 3546 1937 Sub—

320 2005 338 2037 ι
382 1985 512 2048 σθω,
547 1987 646 2064 ,καὶ
683 1985 756 2056 μὴ
779 1985 1042 2050 ἀξιούσθω
1066 1989 1389 2060 προσευχῆς.
1425 1987 1488 2042 Ἦ
1527 1988 1584 2041 δὲ
1620 1987 1872 2042 ὑπόπτω-

1961 1971 2188 2042 _¢jcctio
2227 1981 2406 2027 autem
2452 1987 2545 2028 seu
2587 1972 2884 2026 substratio
2926 1982 3040 2037 est,
3068 1982 3126 2026 ut
3170 1975 3309 2027 intra
3357 1975 3540 2044 templi

316 2095 335 2126 ι
376 2092 479 2139 σις,
523 2063 642 2137 ἵνα,
689 2074 887 2128 ἔσωθεν
917 2073 1017 2144 τῆς
1064 2074 1235 2146 πύλης
1264 2075 1357 2128 τοῦ
1389 2075 1517 2130 ναοῦ
1565 2074 1870 2145 ἱστάμενος,

1978 2080 2002 2113 ι
2033 2071 2244 2131 portam
2270 2071 2441 2127 stans,
2465 2078 2586 2118 cum
2619 2063 3020 2118 catechumenis
3048 2064 3373 2134 egrediatur.
3399 2065 3545 2119 Con-

316 2186 336 2219 ι
377 2165 514 2238 μετὰ
552 2166 660 2220 τῶν
691 2167 1110 2238 κατηχουμένων
1153 2168 1458 2240 ἐξέρχηται.
1497 2168 1563 2220 Ἦ
1592 2166 1870 2230 σύστασις,

1983 2172 2001 2206 ι
2032 2156 2272 2224 gregatio
2297 2170 2392 2209 seu
2419 2154 2768 2208 consistentia
2792 2163 2898 2221 est,
2921 2164 2978 2207 ut
3001 2170 3122 2208 cum
3148 2155 3393 2209 ﬁdelibus
3417 2171 3547 2210 con-

317 2275 336 2309 ι
376 2258 461 2312 ἵνα
513 2259 827 2312 συνιστᾶται
872 2261 982 2322 τοῖς
1030 2261 1240 2322 πιστοῖς
1265 2297 1280 2322 ,
1315 2258 1406 2312 καὶ
1458 2257 1532 2329 μὴ
1585 2257 1870 2329 ὲξέρχηται

1980 2259 2002 2296 ε
2031 2243 2216 2310 sistat,
2250 2252 2305 2299 et
2331 2259 2454 2299 cum
2484 2245 2891 2300 catechumenis
2922 2260 3028 2298 non
3061 2244 3402 2313 egrediatur;
3443 2259 3541 2314 po-

314 2371 335 2403 ς
377 2354 515 2423 μετὰ
559 2351 669 2407 τῶν
720 2349 1167 2423 καττίχουιιιένων⁸
1212 2352 1517 2405 τελευταῖον
1565 2353 1600 2421 ή
1659 2347 1871 2421 μέθεξις

1660 2347 1871 2421 μέθεξις
1977 2351 2004 2388 ι
2033 2344 2234 2390 stremo
2259 2342 2343 2390 est
2373 2335 2716 2404 partieipatio
2739 2343 3222 2390 sacramentorum.
3252 2352 3270 2386 ι

313 2459 331 2492 ι
371 2441 479 2494 τῶν
507 2441 883 2512 ἀγιασμάτων.
918 2458 934 2491 ι

381 2531 574 2587 ΒΑΛΣ.
624 2532 682 2585 '0
715 2531 816 2603 μὲν
851 2529 1037 2602 παρὼν
1070 2530 1251 2599 ἅγιος,
1285 2529 1445 2583 πέντε
1479 2529 1674 2596 τόπους
1707 2544 1870 2598 μετα-

2045 2515 2205 2572 Βιιε.
2244 2514 2493 2572 Praesens
2529 2516 2746 2586 quidem
2787 2525 3029 2581 sanctus,
3059 2516 3346 2572 declaratis
3381 2517 3543 2588 quin-

309 2621 571 2707 νωύντων
601 2619 977 2683 ὐποτυπώσας,
1019 2618 1081 2672 οὐ
1118 2617 1469 2690 παρεδήλωσε
1491 2619 1616 2682 τοὺς
1647 2617 1870 2688 καιροὺς

1975 2622 2083 2677 que
2111 2608 2244 2663 locis
2267 2622 2453 2662 eorum
2479 2609 2572 2677 qui
2603 2615 2771 2676 agunt
2796 2608 3187 2676 paenitentiam,
3226 2624 3327 2664 nec
3347 2623 3537 2664 eorum

309 2710 409 2781 τῆς
435 2697 692 2781 ἐργασίας
721 2706 920 2770 αὐτῶν,
953 2705 1076 2761 οὔτε
1105 2707 1208 2779 μὴν
1234 2707 1301 2761 τὰ
1336 2709 1704 2778 ἁμαρτήματα
1741 2705 1808 2758 δι’
1831 2705 1869 2759 ἃ

1937 2755 1941 2759 ,
1976 2697 2224 2752 exercitii
2271 2706 2515 2766 tempora
2559 2698 2872 2764 declaravit,
2908 2713 3008 2752 nec
3054 2707 3276 2768 peccata
3322 2709 3543 2769 propter

311 2802 347 2873 ὴ
380 2801 632 2871 μετάνοια
670 2797 899 2871 ὡρίσθη.
943 2798 1000 2852 ὐ
1035 2798 1089 2852 δὲ
1133 2797 1302 2869 μέγας
1342 2797 1614 2859 Βασίλειος
1649 2797 1706 2849 ἐν
1747 2796 1867 2858 ταῖς

1977 2804 2101 2860 quae
2133 2791 2454 2861 poenitentia
2485 2790 2703 2846 deﬁnita
2739 2798 2843 2846 est.
2901 2791 3126 2862 Magnus
3166 2802 3344 2846 autem
3392 2791 3545 2846 Basi-

311 2892 619 2954 κανονικαῖς
659 2888 965 2952 ἐπιστολαῖς
1007 2888 1171 2941 αὐτοῦ
1209 2888 1379 2942 ταῦτα
1415 2886 1551 2958 μετά
1585 2884 1867 2958 ἀκριϐείας

1980 2878 2108 2946 lius,
2141 2881 2194 2936 in
2234 2882 2350 2938 suis
2383 2883 2664 2938 canonicis
2692 2883 2958 2952 epistolis,
2990 2885 3103 2938 haec
3124 2885 3308 2937 omnia
3352 2896 3541 2939 exacte

311 2981 615 3054 παρέδωκε.
639 2979 784 3051 Πλὴν
819 2980 912 3034 καὶ
952 2974 1104 3042 οὗτος
1129 2980 1209 3042 είς
1243 2978 1340 3050 τὴν
1367 2977 1724 3048 ὲπισκοπικὴν
1755 2976 1865 3030 διά-

1979 2969 2221 3028 tradidit.
2274 2971 2470 3028 Verum
2535 2973 2624 3028 hic
2672 2989 2887 3043 quoque
2939 2990 3222 3045 poenarum
3276 2975 3539 3032 medelam

312 3087 493 3141 κρισιν
534 3072 632 3142 τὴν
661 3071 751 3126 διά
780 3055 889 3125 τῶν
921 3069 1210 3143 επιτιμίων
1231 3067 1520 3142 θεραπείαν
1544 3069 1863 3142 ἀνήρτησεν.
1900 3082 1922 3137 ί

1195 3067 1520 3142 θθεραπείαν
1544 3069 1863 3142 ἀνήρτησεν.
1900 3082 1942 3137 c
1980 3061 2274 3134 episcopali
2305 3064 2532 3120 arbitrio
2571 3065 2805 3136 reliquit.

342 3333 3528 3377 Μ

1065 3553 1302 3645 ΤΟΥ
1358 3557 1506 3646 ΕΝ
1557 3557 1928 3644 ΑΓΙΟΙΣ
1974 3553 2415 3645 ΠΑΤΡΟΣ
2471 3554 2805 3648 ΗΜΩΝ

1435 3737 2428 3877 ΑΘΑΝΑΣΙΟΥ

661 3973 1976 4094 ΑΡΧΙΕΠΙΣΚΟΠΟΥ
2034 3961 3236 4116 ΑΛΕΞΑΝΔΡΕΙΑΣ,

1291 4159 1633 4221 ΕΠΙΣΤΟΛΗ
1668 4159 1845 4215 ΠΡΟΣ
1872 4158 2123 4215 ΑΜΟΥΝ
2151 4155 2603 4215 ΜΟΝΔΖΟΝΤΑ.

571 4443 683 4518 ³ο
819 4444 1320 4624 S.P.
1455 4317 3272 4654 N.A—THANASII,

839 4751 1941 4891 ARCHIEPISCOPI
2031 4749 3060 4923 ALEXANDRIAZ,

1199 4957 1593 5020 EPISTOLA
1643 4959 1754 5018 Al)
1805 4958 2148 5021 AMUNEM
2189 4960 2675 5028 MONACHUM.

380 5157 564 5230 Πάντα
586 5157 843 5230 μδνκαλά
885 5162 980 5215 καὶ
1005 5161 1227 5229 καθαρὰ
1267 5160 1363 5214 τοῦ
1409 5160 1548 5215 Θεοῦ
1581 5163 1883 5231 ποιήματα·
1929 5179 1970 5232 ι)

2070 5163 2295 5232 Opiﬁcia
2337 5164 2428 5218 Dei
2457 5165 2642 5219 omnia
2703 5162 2848 5218 bona
2906 5175 3158 5233 puraque
3190 5166 3356 5225 sunt;
3389 5155 3581 5210 inutile

303 5251 460 5304 οιδὲν
488 5253 594 5322 γὰρ
624 5252 899 5323 ἄχρηστον
927 5253 1294 5324 ἢάκάθαρτον
1319 5257 1348 5308 ό
1373 5254 1466 5308 τοῦ
1493 5254 1628 5308 Θεοῦ
1665 5254 1896 5325 πεποίησ-

1994 5258 2197 5328 quippe
2237 5257 2489 5311 nihilaut
2543 5257 2820 5327 impurum
2857 5256 2950 5312 Dei
3008 5254 3248 5310 Verbum
3305 5249 3579 5306 condidit.

303 5358 370 5398 κε
403 5343 577 5411 Λόγος
601 5361 615 5377 ο
646 5345 915 5414 Χριστοῦ
942 5345 1054 5415 γὰρ
1068 5347 1284 5402 εὐωδία
1309 5346 1500 5416 ἐσμὲν
1519 5347 1589 5401 ἐν
1615 5348 1740 5414 τοῖς
1775 5361 1898 5403 σωο

1995 5349 2128 5404 Nam
2159 5348 2350 5405 Christi
2379 5348 2544 5402 bonus
2583 5348 2711 5401 odor
2745 5363 2926 5401 sumus
2949 5348 3006 5401 in
3031 5346 3095 5399 iis
3117 5345 3209 5414 qui
3242 5342 3377 5397 salvi
3409 5342 3570 5410 ﬁunt,

303 5435 596 5504 ζιμένοις,
633 5437 780 5492 κατὰ
811 5439 904 5492 τὸν
947 5440 1299 5495 ’Δπόστολονο
1348 5441 1538 5513 ἐπειδὴ
1571 5441 1630 5495 δὲ
1673 5441 1894 5494 ποικίλα

2000 5456 2058 5498 ιιι
2086 5442 2161 5498 ait
2183 5442 2868 5512 Apostolus‘.Cumautem
2901 5440 3051 5493 varia
3117 5437 3429 5506 callidaque
3466 5438 3577 5488 sint

309 5531 407 5583 καὶ
447 5531 768 5602 πολύτροπα
797 5533 866 5586 τὰ
888 5531 985 5587 τοῦ
1019 5533 1268 5590 διαϐόλου
1284 5533 1438 5606 βέλη,
1475 5536 1572 5589 καὶ
1604 5535 1732 5598 τοὺς
1763 5538 1892 5589 ἁκε-

1999 5534 2204 5590 dialioli
2231 5535 2358 5601 tela,
2392 5535 2484 5604 qui
2513 5533 2565 5590 id
2598 5543 2756 5589 curat
2803 5542 2862 5588 ut
2907 5531 3278 5602 simpliciores
3309 5527 3494 5583 animo
3528 5527 3581 5578 in

312 5623 633 5692 ραιοτέρους
667 5627 734 5693 τῇ
767 5623 964 5697 γνώμῃ
1027 5627 1449 5698 παρασκευάζει
1503 5627 1893 5697 ταράττεσθαι,

2006 5628 2473 5698 perturbationem
2524 5627 2802 5696 conjiciat,
2854 5624 3166 5694 fratresque
3226 5638 3256 5676 a
3302 5617 3584 5676 consuetis

314 5713 510 5766 κωλύει
528 5731 591 5767 τε
607 5714 708 5784 τῆς
729 5717 992 5787 συνήθους
1010 5719 1316 5790 γυμνασίας
1332 5721 1454 5785 τοὺς
1476 5720 1873 5790 ἁδελφοϋς,ὑπο
1886 5747 1899 5759 -

2007 5706 2285 5777 exercitiis
2315 5723 2614 5785 deterreat,
2638 5719 2768 5773 dum
2797 5719 3038 5788 impuras
3067 5715 3262 5769 inserit
3287 5711 3583 5767 obscenas-

315 5811 754 5874 σπείρω-[αὺτοῖς
775 5811 1069 5882 λογισμοὺς
1097 5813 1442 5884 ἀκαθαρσίας,
1473 5815 1564 5867 καὶ
1588 5814 1862 5884 πολυσμοῦ
1884 5830 1900 5849 ο

2013 5832 2118 5885 que
2161 5815 2542 5885 cogitationes,
2572 5829 2690 5883 age,
2729 5811 2916 5883 paucis
2963 5807 3184 5877 maligni
3223 5806 3462 5867 fraudes,
3495 5819 3587 5870 per

413 5923 426 5950 ³
466 5920 506 5974 ιι
536 5918 661 5973 Cur.
705 5933 763 5987 tt,
811 5923 890 5975 l3.
