4076 6396
506 396 622 457 ηὗξἿ

1765 396 2473 460 ΤΠΕΟΒΒΛΙΒΑΜΟΝ

508 509 826 566 Salvator-is
858 511 1033 566 nostri
1079 510 1350 582 gratiam,
1397 510 1751 577 depellamus,
1805 512 2082 589 simplicia

2189 511 2453 580 :péps,'6t:'x
2480 509 2730 581 βραχέων
2781 507 2875 563 καὶ
2929 508 3038 580 τὴν
3100 507 3189 563 τοῦ

3647 395 3752 458 ἴὶὶὃ

3247 524 3385 578 πονη
3394 506 3485 576 ρόῦ
3539 506 3709 577 πλάνη
3720 527 3746 558 ν
3772 544 3779 551 -

520 618 754 672 rumque
773 614 1011 659 mentem
1030 605 1435 659 contirmemus.
1460 605 1651 657 Omnia
1670 603 2089 665 quidemmunda

2189 604 2539 671 ὶπελάσωμεν
2581 604 2647 673 τῇ
2692 603 2787 655 τοῦ
2824 602 3075 671 Σωτῆρος
3106 600 3473 672 ἡμῶιχάριτι,
3506 602 3603 654 καὶ
3645 601 3753 668 τὴν

507 699 732 753 τηιυιάῑε
756 698 774 730 ί
805 716 820 752 :
852 700 946 753 sed
990 696 1332 767 impurorum
1381 705 1496 753 tum
1548 696 1883 753 conscientia
1913 738 1929 761 ,
1984 707 2089 752 tum

2189 695 2282 749 τῶν
2318 685 2704 765 ἁπλουστέρων
2758 694 2987 763 γνώμην
3021 694 3391 763 στηρίξωμεν.
3421 690 3625 747 Πάντα
3648 692 3752 760 μιν

521 796 718 844 caetera
746 787 926 842 omnia
972 788 1249 842 immunda
1292 796 1438 843 sunt.
1482 787 1649 845 Miror
1676 800 1856 845 autem
1886 790 2088 846 diaboli

521 874 816 943 vafritiem,
843 877 935 947 qui
965 879 1181 933 tametsi
1207 880 1482 948 corruptio
1512 880 1736 950 luesque
1755 888 1858 944 est,
1880 883 2088 951 cogita-

518 970 698 1025 tiones
725 970 963 1039 suggerit
990 972 1168 1039 specie
1198 972 1414 1040 quidem
1442 973 1673 1040 puritate
1697 972 1904 1040 plenas.
1928 971 2082 1038 Quod

520 1061 632 1131 agit
673 1061 762 1115 ille
809 1062 1130 1115 insidiarum
1178 1062 1359 1130 potius
1410 1078 1611 1128 causa,
1664 1079 1828 1133 quam
1876 1064 2087 1132 experi-

510 1151 709 1205 -mcnti.
740 1150 860 1215 Quo
892 1151 1145 1216 euim,-ut
1171 1167 1333 1222 supra
1363 1153 1494 1217 dixi,
1528 1164 1736 1209 ascetas
1763 1170 1791 1207 ιι
1823 1163 2084 1208 consueta

507 1249 573 1293 et
601 1240 823 1293 salutari
853 1239 1202 1294 meditatione
1232 1250 1460 1303 avertat,
1490 1251 1651 1310 atque
1694 1242 1793 1295 hac
1818 1241 1873 1294 in
1900 1256 1956 1294 re
1989 1256 2083 1294 su-

521 1331 698 1399 perior
727 1331 949 1394 evadat,
982 1330 1296 1400 hujusmodi
1326 1333 1572 1401 quietiam
1605 1333 1933 1395 insusurrat,
1965 1344 2086 1399 qua:

516 1418 651 1474 nihil
676 1421 799 1474 vitae
823 1421 1096 1475 commodi
1128 1421 1363 1475 afferunt
1390 1439 1403 1477 :
1436 1423 1530 1476 sed
1559 1436 1729 1476 vanas
1759 1420 2085 1489 quaestiones

516 1519 571 1565 et
604 1506 807 1580 nugas,
845 1508 1075 1569 anobis
1126 1527 1257 1566 sane
1301 1513 1681 1582 repudiandas.
1728 1512 1871 1579 Quid
1906 1513 2084 1578 enim,

516 1614 725 1670 quaeso,
760 1602 952 1656 dilecte
977 1617 1041 1657 ac
1070 1603 1333 1672 piissime,
1384 1604 1588 1672 peccati
1635 1612 1727 1658 aut
1758 1604 1954 1672 impuri
1988 1618 2083 1657 na—

519 1691 679 1745 turali
716 1689 856 1745 inest
885 1693 1272 1765 excremento?
1302 1692 1500 1762 Ecquis
1533 1695 1666 1746 vitio
1707 1702 1915 1747 vertere
1964 1690 2086 1746 velit

520 1794 798 1835 mucorem
825 1794 856 1851 e
895 1780 1122 1834 naribus
1150 1781 1403 1850 ejectum,
1433 1782 1515 1835 vel
1542 1790 1698 1851 sputa
1730 1794 1825 1837 ore
1847 1781 2085 1844 emissa}

523 1870 724 1939 quibus
748 1871 980 1939 plurima
1029 1886 1315 1942 possemus
1341 1872 1558 1937 addere,
1599 1875 1804 1929 ventris
1828 1874 2083 1928 nimirum

517 1975 881 2031 excrementa,
919 1979 1041 2034 qua:
1065 1964 1285 2019 animali
1309 1964 1375 2019 ad
1400 1966 1569 2018 vitam
1604 1964 1905 2019 necessaria
1934 1972 2083 2019 sunt.

440 2110 453 2127 ί
514 2052 596 2107 Ad
629 2052 834 2117 δικιβί
870 2053 1144 2107 hominem
1177 2067 1294 2107 esse
1318 2066 1578 2106 manuum
1615 2051 1707 2106 Dei
1730 2067 1867 2121 opus
1892 2066 2085 2106 secun-

515 2146 645 2198 dum
672 2143 983 2214 Scripturas
1006 2146 1301 2208 credimus,
1328 2145 1602 2215 quomodo
1630 2160 1694 2198 ex
1726 2119 1860 2212 pura
1890 2152 2086 2213 potcno
2112 2119 2158 2174 Β

514 2236 592 2290 tia
619 2250 757 2304 opus
799 2236 1227 2290 contaminatum
1259 2236 1476 2305 prodire
1505 2234 1706 2287 valuit?
1734 2232 1798 2288 Et
1826 2234 1901 2299 si,
1936 2242 1995 2288 ut
2028 2235 2082 2288 in

518 2326 742 2381 Actibus
769 2325 1145 2394 apostolorum
1186 2326 1403 2396 legitur,
1459 2340 1632 2395 genus
1672 2323 1764 2378 Dei
1812 2338 2005 2379 sumus
2035 2328 2082 2389 ⁸,

518 2416 649 2471 nihil
681 2431 812 2472 sane
842 2418 897 2472 in
923 2418 1079 2473 nobis
1107 2418 1378 2487 impurum
1422 2418 1705 2473 habemus.
1749 2415 1902 2472 Tunc
1940 2416 2084 2471 enim

516 2506 693 2563 solum
724 2508 1093 2578 inquinamur,
1138 2524 1262 2565 cum
1293 2510 1513 2580 pessimi
1544 2510 1731 2565 odoris
1754 2525 1895 2580 opus
1915 2548 1930 2567 .
1960 2522 2087 2579 pec-

516 2600 697 2647 ratum
730 2594 973 2660 scilicet,
1008 2610 1320 2665 operamur.
1355 2597 1424 2652 At
1456 2613 1580 2653 cum
1614 2608 1805 2669 praeter
1843 2599 2090 2652 volunta-

517 2688 624 2733 tem
687 2681 933 2737 naturale
978 2685 1269 2753 quodpiam
1326 2696 1730 2741 excrementum
1797 2688 2081 2749 emittitur,

517 2778 648 2825 tunc
693 2779 903 2828 natura:
943 2775 1304 2842 necessitate,
1353 2786 1412 2832 ut
1452 2793 1616 2849 supra
1665 2779 1935 2842 diximus,
1973 2779 2087 2832 haec

515 2876 640 2917 cum
673 2866 882 2925 caeteris
931 2866 1247 2923 toleramus.
1294 2868 1410 2937 _Sed
1444 2871 1569 2940 quia
1614 2872 1681 2935 ii,
1729 2872 1928 2941 quibus
1978 2883 2086 2923 una

518 2953 687 3021 probe
733 2955 915 3019 dictis,
948 2956 1060 3011 imo
1103 2972 1135 3012 a
1168 2957 1295 3014 .Deo
1338 2962 1505 3030 gestis
1553 2962 1716 3016 rebus
1750 2960 2087 3030 repugnandi

520 3046 662 3099 inest
688 3061 854 3112 cura,
889 3049 1092 3104 dictum
1138 3051 1268 3105 illud
1309 3052 1677 3121 evangelicum
1713 3055 2035 3120 detorquent
2068 3070 2084 3106 :

518 3130 638 3188 Non
669 3149 790 3203 quae
820 3135 1212 3205 ingrediuntur,
1255 3140 1350 3194 sed
1399 3156 1520 3209 quae
1559 3141 1909 3207 egrediuntur
1938 3141 2088 3196 coin-

516 3226 750 3296 quinant
799 3229 1075 3284 hominem
1118 3238 1175 3299 ³;
1230 3232 1369 3286 hanc
1425 3248 1612 3288 eorum
1668 3233 1969 3296 insaniam,
2021 3248 2089 3288 ne

519 3317 696 3374 dicam
763 3320 1162 3389 quaestionem,
1213 3322 1577 3378 conlutemus.
1644 3320 1884 3377 Primum
1941 3325 2085 3377 enim

2187 790 2295 859 γάρ
2330 787 2555 856 καθαρά
2591 786 2709 851 τοῖς
2742 785 3045 853 καθαροῖς⁸
3073 787 3179 841 τῶν
3210 787 3266 840 δὲ
3307 785 3627 857 ἀκαθάρτων
3650 786 3752 843 καὶ

2186 882 2220 951 ἡ
2250 880 2552 948 συνείδησις
2584 879 2677 931 καὶ
2702 877 2773 930 τὰ
2809 875 2985 930 πάντα
3017 878 3361 947 μεμόλυνται.
3417 876 3659 947 ’Λγαμαι
3688 878 3748 933 ἃ

2186 970 2280 1024 τοῦ
2303 970 2548 1024 διαϐόλου
2579 970 2641 1023 τὸ
2673 970 2913 1037 σόφισμα
2939 1010 2954 1032 ,
3002 969 3188 1039 ὅτιπερ
3214 1009 3228 1026 ,
3281 969 3453 1039 φθορά
3481 971 3573 1023 καὶ
3601 969 3747 1039 λύμη

2186 1063 2462 1132 ὑπάρχων,
2494 1061 2786 1130 λογισμοὺς
2818 1061 3102 1114 ὑποϐάλλει
3134 1060 3213 1130 τῷ
3241 1062 3415 1114 δοκεῖν
3452 1062 3550 1131 μὲν
3577 1061 3750 1115 καθα-

2189 1153 2425 1222 ρότητος·
2468 1152 2578 1203 ἔστι
2601 1152 2656 1203 δὲ
2686 1151 2746 1204 τὸ
2772 1153 3086 1221 γιγνόμενον
3116 1152 3303 1221 ἐνέδρα
3332 1152 3527 1221 μᾶλλον
3550 1152 3582 1222 ἦ
3608 1153 3750 1205 δοκι-

2188 1243 2373 1312 μασία.
2405 1244 2521 1295 Ἵνα
2546 1243 2672 1310 γὰρ,
2706 1243 2781 1305 ὡς
2807 1246 3081 1314 προεῖπον,
3108 1242 3457 1314 ἀπασχολήσῃ
3623 1245 3749 1307 τοὺς

2184 1332 2427 1401 ἀπητὰς
2453 1332 2553 1401 τῆς
2586 1332 2774 1403 ἐθίμου
2809 1334 2903 1385 καὶ¹
2933 1333 3302 1404 σωτηριώδους
3343 1334 3601 1404 μελέτης,
3654 1335 3750 1387 καὶ

2183 1422 2309 1495 δόξῃ
2336 1425 2558 1493 κρατεῖν
2576 1439 2592 1453 ο
2622 1423 2761 1476 κατά
2792 1422 2947 1476 τοῦτο
2976 1423 3199 1477 τοιαῦτα
3221 1441 3342 1477 τινα
3371 1427 3509 1478 κινεί
3542 1423 3747 1494 βομὸύ-

2185 1531 2279 1566 κια
2298 1553 2313 1577 ,
2353 1515 2509 1568 ἆτινα
2535 1514 2689 1586 φέρει
2722 1514 2819 1583 μὲν
2849 1514 2997 1566 οὐδὲν
3026 1513 3102 1582 τῷ
3130 1513 3230 1584 βίῳ
3261 1516 3526 1586 χρήσιμον
3544 1554 3559 1577 .
3588 1515 3747 1576 κενὰς

2184 1602 2240 1655 δὲ
2257 1600 2510 1674 ζητήσεις
2527 1602 2619 1656 καὶ
2636 1601 2919 1672 φλυαρίας,
2936 1601 3002 1665 ἂς
3019 1602 3097 1655 δεῖ
3116 1604 3516 1673 παραιτεῖσθαι.
3534 1603 3598 1655 Τί
3617 1604 3745 1674 γὰρ,

2186 1695 2306 1748 εἰπέ
2345 1711 2453 1762 μοι,
2482 1688 2528 1747 ὧ
2567 1694 2815 1763 ἀγαπητὲ
2838 1695 2935 1748 καὶ
2962 1694 3340 1756 εὐλαϐέστατε,
3364 1693 3472 1764 ἔχει
3501 1696 3750 1764 ἁμάρτη-

2190 1801 2264 1853 μα
2293 1783 2325 1854 ἢ
2363 1782 2666 1855 ἀκάθαρτον
2697 1786 2896 1853 φυσική
2925 1801 3008 1846 τις
3040 1785 3312 1855 ἐκκρισιςς
3344 1784 3418 1848 ὡς
3450 1785 3503 1838 εί
3525 1800 3609 1847 τις
3633 1783 3750 1837 ἐθέ-

2184 1872 2266 1925 λοι
2317 1872 2584 1925 ποιείσθαι
2628 1872 2877 1942 ἔγκλημα
2924 1874 3015 1926 καὶ
3042 1872 3139 1935 τὰς
3168 1872 3255 1925 διά
3287 1873 3447 1941 ῥινῶν
3475 1874 3753 1942 ἐκπέμποι

2188 1964 2356 2034 μένας
2388 1963 2561 2033 μύξεις
2594 1965 2687 2018 καὶ
2718 1964 2784 2017 τά
2812 1964 2899 2018 διὰ
2931 1964 3195 2033 στόματος
3224 1964 3520 2034 πτύσματα
3539 1980 3552 1994 ·
3588 1963 3666 2017 ἔτι
3690 1964 3751 2016 δὲ

2186 2058 2282 2111 καὶ
2307 2057 2508 2109 τούτων
2536 2056 2730 2127 ἔχομεν
2760 2055 2938 2123 λέγειν
2973 2054 3212 2118 πλείονα,
3238 2054 3335 2118 τάς
3358 2054 3446 2108 διὰ
3469 2054 3749 2125 γαστέρων

2185 2149 2478 2219 ἐκκρίσεις,
2508 2148 2650 2218 ἆπερ
2678 2146 2755 2217 τῷ
2775 2146 2897 2215 («inp
2924 2145 3059 2216 πρὸς
3082 2145 3143 2198 τὸ
3169 2146 3265 2214 ζῇν
3292 2145 3564 2212 ἀναγκαῖα
3620 2142 3753 2197 καθ-

2185 2238 2432 2310 έστηκεν.
2466 2239 2584 2291 Ἔτι
2609 2254 2668 2291 τε
2710 2274 2734 2301 ,
2866 2239 2914 2291 εί
2942 2235 3048 2290 τῶν
3070 2235 3162 2289 τοῦ
3197 2235 3331 2288 Θεοῦ
3364 2235 3560 2305 χειρῶν
3592 2234 3753 2304 ἔργον

2185 2325 2322 2382 εἶναι
2351 2328 2676 2398 πιστεύομεν
2705 2328 2795 2382 τὸν
2822 2327 3125 2398 ἄνθρωπον,
3154 2326 3294 2379 κατά
3319 2326 3414 2390 τὰς
3441 2327 3589 2388 θείας
3609 2325 3767 2395 Γρατ

2186 2419 2311 2488 φάς,
2340 2420 2459 2483 πῶς
2490 2420 2716 2488 ἠδύνατο
2743 2421 2808 2471 ὲκ
2837 2418 3079 2489 καθαρᾶς
3103 2419 3380 2488 δυνάμεως
3404 2418 3562 2490 ἔργον
3588 2433 3640 2469 τι
3665 2414 3754 2484 γί-

2185 2514 2369 2569 νεσθαι
2400 2492 2838 2583 μεμολυσμένονς
2868 2512 2976 2564 Καὶ
3007 2512 3056 2564 εί
3093 2511 3247 2579 γένος
3287 2510 3381 2563 τοῦ
3409 2510 3551 2573 Θεοῦ¹
3576 2511 3757 2580 ὗπάρο

2185 2623 2350 2678 χομεν
2380 2605 2517 2660 κατὰ
2545 2604 2642 2667 τάς
2666 2602 2817 2665 θείας
2837 2601 2946 2655 τῶν
2974 2603 3286 2655 ἀποστόλων
3308 2600 3564 2678 Πράξιις,
3600 2602 3755 2657 οὐδὲν

2184 2674 2378 2769 ἔχομεν
2407 2699 2465 2750 ὲν
2496 2698 2703 2759 ἑαυτοῖς
2732 2695 3060 2766 ἀκάθαρτον.
3090 2694 3220 2747 Τότε
3256 2694 3365 2764 γὰρ
3396 2674 3754 2765 μεμο-

2185 2790 2448 2862 λῦσμεθα,
2478 2790 2563 2843 ὅτε
2588 2788 2686 2858 τὴν
2712 2774 3116 2857 δυσωδεστᾶτην
3150 2786 3420 2858 ἁμαρτίαν
3449 2787 3755 2859 ἐργαζόμε-

2186 2882 2272 2936 θα.
2312 2882 2438 2935 Ὅτε
2469 2881 2526 2934 δὲ
2552 2881 2753 2950 φυσική
2786 2895 2870 2941 τις
2904 2877 3148 2948 ἔκκρισις
3193 2876 3501 2948 ἀδουλήτως
3668 2876 3759 2945 γί-

2186 2986 2334 3024 νεται
2352 3010 2365 3030 ,
2397 2971 2519 3022 τότε
2549 2972 2613 3040 τῇ
2640 2970 2740 3039 τῆς
2771 2968 2985 3037 φύσεως
3020 2967 3236 3040 ἀνάγκῃ
3268 2967 3405 3037 μετά
3427 2967 3535 3020 τῶν
3555 2967 3754 3033 ἀλλων,

2185 3060 2263 3124 ὡς
2285 3061 2615 3131 προείπομεν
2631 3097 2645 3123 ,
2686 3061 2781 3113 καὶ
2807 3058 2967 3113 τοῦτο
2989 3059 3351 3128 ὑπομένομεν.
3389 3058 3522 3111 Ἀλλ’
3542 3057 3762 3130 ἐπειδή-

2187 3164 2293 3222 περ
2326 3152 2376 3205 οἱ
2408 3150 2652 3214 θέλοντες
2684 3150 2839 3221 μόνον
2868 3148 3167 3218 ἀντιλέγειν
3195 3152 3305 3212 τοῖς
3335 3148 3507 3220 ὀρθῶς
3530 3147 3757 3219 λεγομέ-

2186 3259 2296 3305 νοις
2319 3281 2335 3305 ,
2374 3240 2572 3312 μᾶλλον
2600 3240 2658 3293 δὲ
2691 3240 2839 3309 παρὰ
2882 3240 3017 3293 Θεοῦ
3049 3240 3461 3309 πεποιημένοις,
3510 3237 3757 3309 παραφέ-

2190 3349 2341 3407 ρθυσι
2369 3332 2464 3385 καὶ
2614 3331 2775 3402 ρητδν
2799 3330 3147 3399 εὐαγγελικόν
3169 3347 3183 3360 ο
3201 3330 3276 3393 ὡς
3291 3331 3371 3383 ὅτι
3389 3330 3463 3384 Οὐ
3489 3328 3557 3381 τά
3577 3331 3757 3398 είσερ-

517 3409 835 3480 Scripturas
860 3426 959 3481 pro
1000 3428 1096 3468 sua
1144 3414 1477 3484 ignorantia,
1527 3414 1805 3471 instabiles
1831 3431 1962 3470 sane
1989 3415 2087 3468 ho-

2189 3426 2391 3497 χόμενα
2425 3426 2593 3478 κοινοῖ
2631 3426 2721 3478 τὸν
2749 3424 3030 3495 ἄνθρωπον
3054 3464 3069 3488 ,
3120 3422 3255 3476 ἀλλά
3294 3421 3361 3476 τά
3392 3422 3753 3492 ὲζερχόμεναο

520 3502 698 3557 mines
723 3540 736 3565 ,
769 3502 1064 3573 depravant
1098 3508 1138 3558 ⁸.
1190 3504 1364 3561 Porro
1393 3506 1636 3561 divinum
1677 3509 1965 3563 oraculum
2008 3508 2088 3563 sic

526 3592 686 3646 habet
714 3610 728 3647 :
753 3607 877 3649 cum
913 3595 1134 3662 quidam
1168 3597 1312 3650 enim
1341 3637 1357 3663 ,
1386 3598 1843 3665 quemadmodum
1879 3599 1988 3662 iSti,
2021 3598 2088 3652 de

522 3681 660 3737 cibis
705 3684 1040 3755 ambigerem
1061 3725 1078 3751 ,
1110 3686 1223 3755 ipse
1249 3685 1512 3742 Dominus
1541 3729 1557 3753 ,
1589 3698 1862 3745 umorum
1888 3690 2090 3744 levaret

520 3772 882 3841 ignorantiam
904 3815 919 3839 ,
962 3775 1254 3847 dolumque
1282 3778 1499 3833 cunctis
1529 3787 1808 3849 retegeret,
1843 3780 1940 3845 ait,
1969 3775 2089 3835 Non

516 3882 755 3936 ca'qum
800 3867 1176 3938 ingrediuntur
1230 3869 1505 3925 hominem
1556 3870 1939 3939 coinquinare,
1996 3871 2090 3926 red

522 3975 644 4029 qua:
699 3959 1069 4029 egrediuntur.
1118 3950 1281 4016 Addit
1329 3969 1452 4032 pust
1494 3960 1642 4025 haec,
1701 3970 1757 4017 et
1814 3964 2088 4017 undenam

524 4052 875 4119 egrediuntur
908 4067 1009 4105 :ex
1056 4052 1237 4106 corde.
1304 4050 1460 4118 Quod
1510 4052 1677 4123 probe
1748 4062 1932 4109 nosset
1984 4054 2092 4109 illic

527 4141 873 4208 profanarum
935 4142 1322 4212 cogitationum
1398 4145 1745 4213 aliorumque
1821 4145 2089 4199 scelerum

525 4231 699 4284 malos
745 4232 920 4285 inesse
965 4232 1268 4287 thesauros.
1310 4231 1536 4287 Brevius
1584 4243 1763 4289 autem
1805 4234 2092 4303 Apostolus

527 4324 758 4392 i-lipsum
785 4323 969 4376 docuit
999 4324 1147 4376 hisce
1169 4324 1345 4377 verbis
1369 4338 1382 4374 :
1419 4322 1555 4377 Esca
1582 4340 1684 4376 non
1716 4340 1807 4377 nos
1829 4340 2093 4377 commen-

522 4419 620 4472 ιἰιι
655 4420 793 4474 Deo'
826 4459 839 4473 .
863 4414 981 4473 Iam
1011 4419 1207 4488 aliquis
1237 4426 1539 4489 opportune
1566 4420 1763 4474 dixerit
1793 4438 1807 4474 :
1839 4418 2093 4474 Naturale

524 4519 929 4565 excrementum
967 4511 1097 4565 nulli
1146 4526 1245 4564 nos
1276 4511 1544 4581 supplicio
1770 4510 1988 4564 addicit.
2027 4507 2094 4563 Et

525 4602 761 4657 fortasse
795 4602 893 4671 ipsi
925 4602 1116 4656 medici
1153 4608 1233 4665 (ut
1265 4604 1391 4657 hinc
1419 4603 1666 4657 homines
1699 4602 1773 4655 illi
1805 4602 1887 4656 vel
1910 4602 1979 4656 ab
2004 4616 2095 4657 ex-

525 4698 731 4750 traneis
778 4695 983 4765 pudore
1035 4695 1369 4763 alliciantur)
1424 4695 1707 4750 nobiscum
1767 4694 2089 4761 defendent,

2188 3516 2502 3582 ἀναγκαίως
2522 3515 2701 3573 αὐτῶν
2730 3516 2825 3568 καὶ
2846 3513 3051 3584 ταύτην
3081 3513 3177 3584 τὴν
3205 3514 3444 3581 ἀλογίαν
3469 3513 3528 3566 οὐ
3561 3512 3668 3583 γὰρ
3688 3510 3756 3565 ἀν

2187 3605 2432 3676 εἴποιμεν
2580 3603 2822 3675 ζήτησιν,
2845 3586 3149 3673 ὲλέγξομεν.
3175 3604 3393 3675 Πρῶτον
3412 3604 3509 3675 μὲν
3534 3603 3641 3674 γὰρ
3659 3600 3756 3664 τὰς

2187 3695 2409 3767 Γραφάς
2435 3696 2574 3749 κατά
2601 3694 2699 3758 τὰς
2730 3694 2863 3757 ιδίας
2888 3694 3125 3764 ἀμαθίας
3139 3694 3455 3764 ἀστήρικτοι
3479 3693 3630 3754 ὅντες
3647 3691 3758 3761 βιά-

2186 3784 2391 3852 ζονται.
2408 3788 2563 3857 Ἔχει
2590 3786 2647 3843 δὲ
2666 3787 2726 3840 τὸ
2748 3786 2889 3839 θεῖον
2919 3783 3059 3838 οὕτω
3079 3785 3257 3851 λόγιον
3280 3802 3294 3816 ·
3325 3784 3497 3839 Τινῶν
3523 3783 3631 3852 γὰρ
3652 3782 3758 3837 πά-

2188 3881 2272 3934 λιν
2303 3879 2513 3943 τούτοις
2549 3878 2748 3949 δμοίως
2782 3878 3085 3942 ὲνδυαστῶς
3116 3877 3344 3948 ἐχόντων
3378 3874 3505 3947 περὶ
3537 3873 3760 3944 βρωμά-

2188 3986 2325 4033 των,
2359 3969 2520 4032 αὒτδς
2562 3968 2591 4022 ὁ
2623 3966 2826 4039 Κύριος
2854 3966 2995 4022 λῦων
3035 3967 3214 4021 αὐτῶν
3240 3966 3339 4037 τὴν
3366 3966 3607 4032 ἄγνοιαν,
3637 3963 3669 4034 ἦ
3702 3963 3756 4031 γ’

2190 4052 2281 4113 οῦν
2306 4057 2401 4130 τὴν
2433 4058 2647 4128 ἀπάτην
2678 4056 3016 4128 δημοσιεύων
3035 4096 3050 4120 ,
3092 4054 3223 4126 φησὶ
3245 4095 3259 4118 ,
3286 4053 3380 4123 Μὴ
3412 4051 3483 4105 τὰ
3514 4048 3756 4122 εἰσερχό-

2195 4162 2329 4218 μενα
2363 4143 2574 4201 κοινοῦν
2620 4145 2711 4199 τὴν
2743 4144 3062 4216 ἄνθρωπον,
3114 4142 3249 4195 ἀλλά
3288 4141 3358 4194 τά
3410 4139 3755 4211 ἐξερχόμενα.

2191 4233 2327 4292 Εἶτα
2353 4238 2566 4306 ἐπάγει,
2594 4237 2689 4290 καὶ
2710 4235 2870 4290 πόθεν
2899 4234 2983 4299 ὲξε
2993 4234 3226 4305 ρχόμενα
3243 4250 3257 4263 ⁶
3288 4231 3357 4285 τὰ
3382 4230 3490 4285 ἀπὸ
3513 4228 3756 4303 καρδίας.

2204 4332 2352 4384 Ἐκεῖ
2376 4330 2483 4400 γὰρ
2505 4324 2642 4382 εἶναι
2672 4328 2797 4390 τοὺς
2818 4326 3087 4397 πονηροὺς
3116 4323 3423 4395 θησαυροὺς
3449 4321 3556 4375 τῶν
3603 4320 3763 4390 βεϐή-

2192 4423 2298 4476 λων
2320 4420 2595 4490 λογισμῶν
2617 4418 2831 4473 καὶτῶν
2848 4417 3026 4472 ἀλλων
3050 4415 3460 4488 ἁμαρτημάτων
3480 4412 3759 4482 γινώσκει.

2193 4510 2603 4582 Συντομὼτερον
2651 4510 2708 4563 δὲ
2754 4512 2783 4562 ό
2842 4507 3160 4571 Ἀπόστολος
3210 4506 3339 4559 αὐτὸ
3391 4502 3763 4573 δεδιδαγμένος

2196 4602 2359 4671 φησί·
2395 4598 2604 4669 Βρῶμα
2628 4599 2696 4652 δὲ
2723 4598 2876 4667 ἡμᾶς
2898 4600 2970 4652 οὐ
2995 4596 3369 4667 παραστήσει
3524 4592 3601 4658 τῷ
3619 4589 3760 4656 Θεῷ.

2193 4691 2330 4761 Φαίη
2362 4691 2406 4743 δ’
2432 4689 2496 4743 ἄν
2529 4706 2610 4752 τις
2639 4688 2730 4742 καὶ
2755 4688 2849 4740 νῦν
2877 4688 3113 4757 εὐλόγως
3132 4705 3144 4718 ·
3176 4686 3379 4757 Φυσική
3408 4702 3493 4748 τις
3520 4683 3764 4755 ἔκκρισις
3788 4696 3801 4709 ί

522 4787 747 4841 animali
799 4786 955 4840 datos
1005 4801 1126 4840 esse
1163 4783 1428 4854 quosdam
1470 4784 1807 4839 necessarios
1855 4794 2087 4849 meatus,

2195 4782 2340 4852 ἡμᾶς
2394 4780 2455 4833 οὐ
2509 4782 2848 4852 παραστήσει
2893 4780 3028 4849 πρὸς
3061 4779 3348 4850 τιμωρίαν.
3386 4777 3538 4847 Τάχα
3580 4774 3634 4827 δὲ
3669 4772 3766 4829 καὶ

525 4878 595 4931 ad
638 4879 889 4931 humores
917 4875 1008 4943 qui
1050 4875 1103 4927 in
1141 4875 1369 4943 singulis
1396 4860 1663 4929 habentur
1698 4874 1954 4929 membris
1989 4891 2090 4930 no-

526 4967 656 5019 stris
709 4966 1002 5035 egerendos
1036 4982 1050 5018 :
1082 4965 1261 5033 qualia
1313 4975 1440 5020 sunt
1487 4965 1679 5033 capitis
1725 4973 2091 5023 excrementa.

514 5062 639 5132 pili,
665 5061 1146 5131 aquositatesqme
1168 5077 1236 5117 ex
1264 5062 1443 5129 capite
1473 5061 1801 5116 emittuntur
1836 5075 1851 5113 :
1885 5059 2097 5115 ventris

451 5207 467 5225 γ
510 5153 646 5206 item
673 5165 953 5216 secessus,
978 5150 1179 5222 illaque
1205 5154 1661 5221 spermaticurum
1689 5162 1965 5205 meatuum
2003 5165 2098 5203 su-

449 5229 464 5273 τ
512 5243 818 5310 perﬂuitas.
846 5243 1198 5312 Ecqundnam
1223 5243 1399 5297 hacin
1429 5258 1488 5297 re
1512 5253 1795 5308 peccatum
1828 5244 1883 5297 in
1900 5244 2094 5304 Deum,

501 5349 677 5389 senex
717 5334 1155 5406 religiosissime.
1190 5350 1316 5391 cum
1340 5336 1457 5401 ipse
1484 5334 1749 5388 Dominus
1769 5334 1863 5402 qui
1893 5330 2094 5386 animal

508 5424 781 5493 condidit,
818 5425 871 5478 id
912 5427 1123 5480 curarit
1147 5425 1528 5493 ell'eceritque,
1586 5432 1648 5478 ut
1696 5424 1814 5478 haec
1842 5422 2087 5477 membra

502 5528 691 5571 esseut
719 5517 993 5583 ejusmodi
1024 5518 1293 5573 meatibus
1320 5526 1612 5572 instructa.
1655 5514 1929 5571 Caeterum
1963 5514 2087 5584 quia

2200 4873 2382 4936 παῖδες
2412 4859 2630 4943 ἰατρῶν,
2658 4872 2743 4925 ἴνα
2772 4872 2871 4924 κᾶν
2895 4872 2959 4925 ὲκ
2987 4871 3096 4923 τῶν
3128 4870 3323 4934 ἔξωθεν
3351 4866 3763 4938 δυσωπηθῶσιν.

2198 4965 2336 5035 ὑπὲρ
2374 4964 2562 5017 τούτου
2601 4964 3067 5034 ἀπολογήσονται·
3125 4966 3207 5018 ὅτι
3234 4962 3311 5033 τῷ
3361 4961 3483 5032 (tiqu
3526 4960 3764 5013 δέδονται

2200 5071 2344 5117 τινες
2385 5056 2689 5123 ἀναγκαῖαι
2729 5051 2951 5116 διέξοδοι
2987 5050 3132 5106 κατά
3176 5051 3285 5104 τῶν
3315 5050 3374 5102 ἐν
3402 5051 3535 5119 ἡμῖν
3564 5047 3781 5117 ἑκάστῳ

2202 5146 2387 5215 μελῶν
2439 5147 2796 5216 τρεφομένων
2835 5144 2896 5198 τὸ
2924 5143 3183 5214 περιττὸν
3237 5143 3613 5209 ἀποπέμπειν
3667 5134 3781 5192 οἷον

2198 5238 2446 5307 κεφαλῆς
2470 5236 2889 5308 περιττώματα,
2923 5235 3134 5305 τρίχες,
3169 5235 3266 5290 καὶ
3296 5234 3366 5290 τὰ
3393 5234 3503 5288 ἀπὸ
3533 5233 3783 5302 κεφαλῆς

2198 5329 2448 5398 ῦδατῶδη
2479 5330 2835 5400 πεμπόμενα.
2854 5330 2949 5384 καὶ
2967 5327 3204 5396 γαστρὸς
3236 5327 3659 5396 διαχωρήματα,
3688 5326 3782 5378 καὶ

2197 5424 2378 5477 τοίνυν
2405 5424 2514 5478 τῶν
2547 5423 2946 5493 σπερματικῶν
2984 5422 3171 5491 πόρων
3218 5424 3398 5474 ἐκεῖνο
3425 5420 3777 5490 περίττωμα.

2199 5516 2335 5587 Ποία
2359 5518 2540 5571 τοίνυν
2559 5517 2676 5571 ἔστι
2694 5509 3052 5587 πρὸςθεοῦ,ὧ
3069 5514 3347 5584 πρεσϐῦτα
3367 5512 3783 5582 θεοφιλέστατε,

511 5608 889 5676 praevertenda
918 5619 1048 5664 sunt
1066 5610 1441 5679 improborum
1463 5618 1782 5678 argumenta
1818 5625 1832 5661 :
1860 5606 2089 5662 fortasse

2201 5608 2470 5679 ἁμαρτία,
2486 5608 2653 5662 αὐτοῦ
2682 5609 2775 5661 τοῦ
2799 5607 3102 5671 πλάσαντος
3123 5606 3185 5660 τὸ
3197 5605 3305 5671 ζῶν
3320 5608 3598 5660 Δεσπότου
3614 5602 3745 5669 θελή
3763 5630 3781 5644 -

502 5701 657 5754 enim
695 5703 938 5757 dixerint
973 5720 988 5757 :
1026 5700 1169 5771 Ergo
1229 5717 1327 5757 uec
1368 5715 1535 5757 verus
1588 5716 1781 5757 eorum
1842 5715 1976 5755 usus
2005 5711 2089 5756 est

2202 5719 2394 5765 σαντος
2423 5702 2518 5755 καὶ
2535 5701 2864 5773 ποιήσαντος
2884 5700 3063 5756 ταῦτα
3086 5701 3156 5755 τά
3175 5698 3313 5771 μέλη
3333 5698 3593 5761 τοιαύτας
3629 5697 3782 5767 ἔχειν

586 5822 606 5852 ί
634 5822 739 5880 Tit.
779 5840 817 5888 ι.
859 5825 940 5880 15.
1024 5830 1043 5859 ²
1086 5827 1203 5881 Art.
1251 5841 1378 5891 vvit,
1428 5826 1518 5882 28.
1594 5827 1613 5857 ³
1642 5826 1831 5885 Matth.
1875 5843 1963 5891 xv,
2003 5824 2094 5881 20.
2173 5825 2193 5855 ⁸
2227 5825 2266 5881 ll
2301 5826 2444 5886 Pctr.
2479 5842 2558 5889 tu,
2598 5825 2679 5882 16.
2759 5827 2821 5881 'l
2858 5825 2982 5882 Cor.
3026 5839 3144 5886 vm,
3172 5822 3227 5879 8.
