4076 6418
366 397 470 463 540

363 523 629 590 διεξόδους
648 542 661 589 ;
695 525 913 600 Ἐπειδὴ
943 528 998 581 δὲ

363 618 615 691 πονηρῶν
644 619 1018 690 ἐναντιώματα
1038 662 1052 686 ,
1080 623 1284 678 εἴποιεν
1313 624 1421 697 γὰρ
1445 624 1509 681 ἄν
1533 644 1546 657 ⁸
1582 630 1695 682 υύκ
1719 626 1811 684 οὖν
1836 633 1935 686 οὐκ

356 710 507 763 ἔστιν
546 710 791 782 ἁμαρτία
832 711 952 764 οὐδὲ
985 713 1016 782 ή
1064 711 1267 784 ἀληθὴς
1305 716 1527 785 χρῆσις,
1560 719 1608 770 εί
1634 718 1700 771 τὰ
1729 716 1935 789 ὄργανα

363 801 513 871 παρὰ
544 800 635 854 τοῦ
664 801 1007 873 Δημιουργοῦ
1038 803 1456 864 διαπέπλασται,
1609 810 1751 881 Πρὸς
1777 811 1933 866 τοῦτο

360 885 793 962 ἔρωτηματικῶς
826 894 1024 956 αὐτοὺς
1053 893 1351 966 παύσωμεν
1392 898 1723 965 φάσκοντες·
1764 901 1931 957 Ποίαν

359 979 534 1048 λέγεις
555 980 771 1051 χρῆσιν,
788 981 886 1052 τὴν
912 981 1161 1052 ἔννομον,
1190 984 1256 1054 ἢν
1283 985 1378 1038 καὶ
1406 988 1434 1039 6
1458 986 1589 1051 Θεὸς
1612 989 1928 1062 ἐπέτρεψεν,

360 1069 735 1135 Δὺξάνεσθε,
767 1071 972 1140 λέγων,
1005 1073 1104 1126 καὶ
1145 1077 1545 1143 πληθύνεσθε,
1581 1080 1677 1133 καὶ
1704 1080 1931 1149 πληρώ-

357 1177 503 1216 σατε
542 1162 660 1231 τὴν
689 1162 835 1232 τῆν·
886 1165 953 1235 ἢν
984 1166 1013 1218 6
1047 1166 1368 1231 Ἀπόστολος
1404 1169 1696 1235 ἀπεδέξατο
1725 1172 1890 1227 εἰπών
1910 1190 1924 1205 ·

360 1254 552 1323 Τίμιος
583 1258 617 1309 ὁ
646 1255 833 1325 γάμος
875 1257 974 1310 καὶ
1027 1256 1065 1325 ἠ
1097 1259 1264 1326 κοίτη
1298 1260 1584 1330 ἀμίαντος
1604 1281 1619 1294 υ
1649 1264 1681 1334 ἢ
1710 1264 1806 1335 τὴν
1836 1266 1930 1336 δη-

355 1342 503 1416 μώδη
534 1344 652 1414 μὲν,
680 1345 949 1415 λαθραίως
970 1346 1026 1398 δὲ
1057 1348 1149 1400 καὶ
1183 1350 1446 1419 μοιχικῶς
1474 1352 1924 1424 ὲπιτελουμένηνς

365 1436 517 1488 Ἐπεὶ
543 1436 760 1490 καὶτῶν
781 1436 976 1503 ἄλλων,
999 1436 1108 1490 τῶν
1128 1438 1186 1491 ὲν
1209 1438 1286 1508 τῷ
1309 1439 1407 1511 βίῳ
1428 1441 1747 1510 γινομένων,
1766 1444 1928 1518 εὑρή-

352 1542 515 1580 (cum
540 1529 638 1592 τὰς
668 1528 928 1600 διαφορὰς
957 1530 1097 1583 κατά
1124 1547 1176 1583 τι
1205 1532 1494 1602 γινομένας
1512 1550 1525 1564 °
1547 1529 1657 1587 οἷον
1682 1536 1925 1603 φονεύειν

348 1619 449 1673 οὐκ
478 1619 705 1684 ἔξεστιν.
739 1621 852 1675 ἀλλ’
882 1623 938 1674 ὲν
956 1622 1212 1693 πολέμοις
1360 1624 1605 1694 ἀναιρεῖν
1630 1626 1753 1688 τοὺς
1774 1626 1923 1679 ἀντι-

350 1711 551 1776 πάλους
571 1713 666 1765 καὶ
694 1712 923 1783 ἔννομον
941 1713 1034 1766 καὶ
1061 1713 1282 1767 ὲπαίνου
1305 1713 1472 1780 ἄξιον.
1502 1714 1657 1768 Οὕτω
1675 1714 1803 1784 γοῦν
1828 1715 1922 1770 καὶ

349 1802 521 1873 τιμῶν
545 1804 792 1873 μεγάλων
806 1806 855 1857 οἱ
874 1804 1015 1873 κατὰ
1035 1805 1267 1876 πόλεμον
1284 1805 1705 1878 ἀριστεύσαντες
1721 1806 1922 1873 ἀξιοῦνο

1358 406 1439 465 ΙΝ
1480 407 1717 469 ENST.
1763 409 1822 471 S.
1869 407 2275 473 ATHANASII
2311 415 2537 474 ALEX.

1167 528 1247 583 δεῖ
1274 533 1713 605 προσλαμϐάνειν
1742 537 1807 589 τὰ
1834 538 1909 591 τῶ

2036 545 2338 604 peccatum,
2366 538 2630 608 siquidem
2669 553 2864 610 organa
2897 556 2926 595 a
2954 542 3229 598 conditore
3261 543 3402 600 facta
3433 557 3599 613 sunt;

3499 424 3605 487 550

2034 623 2106 676 ita
2156 624 2506 695 loquentibus
2555 627 2660 682 illis
2707 627 2807 682 hac
2858 630 3277 701 interrogatione
3329 633 3598 690 silentium

2035 715 2378 785 imponamus
2405 738 2417 772 :
2449 718 2620 786 Quem
2647 723 2785 777 dicis
2813 739 2994 788 usum,
3029 725 3594 795 legitimumne,quem

2034 804 2179 860 Deus
2228 808 2312 864 his
2348 813 2593 879 permisit
2637 814 2856 868 verbis:
2894 814 3138 881 Crescite,
3189 827 3238 870 et
3273 818 3595 885 multiplica-

2031 900 2194 962 mini,
2236 909 2285 955 et
2330 904 2519 972 replete
2564 914 2758 960 terram
2794 914 2811 946 ι
2843 924 2856 959 :
2887 925 3047 977 quem
3101 920 3154 964 et
3194 912 3308 978 ipse
3348 912 3595 979 probavit

2029 989 2349 1059 Apostolus,
2401 1011 2522 1049 cum
2574 996 2761 1050 dixit:
2802 997 3121 1053 Ilonorabile
3174 1002 3487 1055 connubium
3544 1012 3591 1057 et

2026 1081 2210 1135 thorus
2263 1085 2633 1141 imnzacutafus
2670 1094 2731 1155 ’ς
2799 1105 2866 1144 an
2937 1092 3211 1160 publicum
3278 1094 3425 1146 illum
3499 1094 3591 1161 qui

2028 1173 2333 1229 clanculum
2377 1186 2430 1231 et.
2473 1179 2758 1235 libidinose
2791 1183 3112 1237 exercetur?
3137 1183 3271 1237 Nam
3299 1185 3352 1237 in
3382 1185 3591 1238 caeteris

2030 1278 2266 1334 quoque,
2298 1282 2391 1336 per
2422 1269 2560 1324 hanc
2583 1272 2745 1324 vitam
2777 1273 2863 1343 agi
2901 1273 3095 1334 solitis,
3120 1276 3365 1343 quaedam
3392 1290 3588 1329 occur-

2027 1360 2157 1405 runt
2187 1354 2376 1422 agendi
2409 1356 2722 1411 discrimina
2751 1380 2769 1414 ι
2806 1360 2965 1427 quale
2994 1361 3242 1415 occidere
3276 1376 3381 1415 non
3424 1362 3584 1427 licet;

2025 1448 2079 1492 at
2106 1440 2160 1493 in
2188 1441 2329 1495 bello
2357 1444 2699 1500 adversarios
2731 1446 3053 1509 interficere.
3081 1459 3135 1502 et
3167 1450 3486 1519 legitimum,
3535 1459 3590 1504 et

2022 1526 2187 1582 laude
2207 1529 2428 1599 dignum
2454 1543 2554 1586 est.
2588 1531 2680 1587 Sic
2702 1535 2913 1605 magnis
2937 1535 3207 1591 donantur
3238 1538 3470 1605 praemiis
3493 1540 3585 1606 qui

2022 1636 2083 1675 se
2117 1621 2170 1675 in
2205 1622 2344 1676 bello
2371 1633 2588 1679 strenue
2613 1634 2829 1695 gerunt,
2854 1625 3107 1696 cippique
3132 1627 3436 1697 eriguntur,
3467 1644 3585 1697 quia:

2023 1712 2281 1780 praeclara
2307 1728 2498 1769 eorum
2543 1714 2817 1769 celebrent
2848 1714 3108 1769 facinora.
3139 1716 3321 1785 Itaque
3349 1717 3583 1787 idipsum

2023 1800 2258 1868 quodam
2290 1802 2474 1865 modo,
2503 1812 2557 1857 et
2580 1805 2815 1873 quodam
2851 1813 3091 1872 tempore
3115 1819 3221 1857 non
3250 1805 3374 1859 licet
3399 1822 3412 1859 :
3445 1821 3584 1873 qua-

349 1911 435 1949 ιαι
457 1936 473 1961 ,
518 1896 614 1948 καὶ
661 1896 852 1966 στῆλαι
883 1895 1090 1950 τούτων
1115 1898 1418 1969 ἐγείρονται
1451 1899 1815 1970 κηρύττουσαι
1852 1900 1909 1954 τὰ

2020 1889 2143 1944 dam
2201 1900 2382 1946 autem
2435 1893 2644 1946 ratione
2690 1903 2744 1948 et
2790 1893 3190 1962 opportunitate
3254 1888 3585 1963 permittitur

346 1985 765 2057 ιακτορθώματα.
801 1987 964 2040 Ὥστε
992 1987 1054 2040 τδ
1087 1989 1219 2041 αὐτὸ
1251 1990 1392 2044 κατά
1422 2006 1475 2043 τι
1511 1991 1610 2061 μὲν
1652 1993 1746 2046 καὶ
1778 1994 1919 2047 κατὰ

346 2079 531 2149 καιρὸν
554 2079 654 2131 οὐκ
687 2079 862 2145 ἔξεστι
881 2118 895 2143 ,
926 2080 1068 2133 κατά
1103 2097 1156 2133 τι
1188 2080 1248 2134 δὲ
1279 2082 1373 2135 καὶ
1400 2082 1669 2153 εὐκαίρως
1698 2084 1916 2153 ἀφίεται

343 2171 437 2222 καὶ
485 2169 920 2242 συγκεχώρηται.
1127 2173 1185 2226 '0
1213 2173 1376 2237 αὐτὸς
1413 2173 1594 2226 τοίνυν
1635 2173 1792 2242 λόγος
1824 2176 1917 2229 καὶ

344 2261 468 2332 περὶ
495 2261 594 2332 τῆς
618 2261 842 2331 μίξεως·
866 2262 1147 2334 Μακάριος
1169 2263 1226 2327 ὃς
1248 2266 1305 2316 ὲν
1334 2264 1564 2335 νεότητι.
1594 2263 1754 2332 ζυγὸν
1778 2264 1916 2335 ἔχων

341 2352 651 2423 ἐλεύθερον,
686 2355 752 2424 τῇ
797 2353 957 2421 φύσει
998 2355 1133 2427 πρὸς
1161 2356 1501 2409 παιδοποιίαν
1532 2355 1830 2428 κέχρηται·
1864 2359 1912 2411 εί

341 2443 393 2497 δὲ
427 2444 561 2515 πρὸς
594 2445 900 2514 ἀσέλγειαν,
934 2446 1170 2518 πόρνους
1219 2446 1312 2501 καὶ
1341 2448 1563 2519 μοιχοὺς
1590 2450 1623 2519 ἡ
1658 2449 1808 2519 παρὰ
1835 2447 1914 2519 τῷ

353 2533 656 2606 Ἀποστόλῳ
681 2538 951 2607 γραφεῖσα
969 2536 1207 2608 τιμωρία
1232 2537 1527 2604 ἐκδέξεται.
1680 2538 1784 2592 Δύο
1805 2540 1914 2613 γὰρ

339 2624 511 2677 οὐσῶν
539 2625 673 2678 ὁδῶν
699 2628 756 2678 ὲν
776 2625 854 2696 τῷ
874 2626 975 2696 βίῳ
996 2626 1122 2697 περὶ
1146 2627 1371 2691 τούτων,
1405 2628 1534 2697 μιᾶς
1561 2630 1658 2698 μὲν
1683 2646 1913 2702 μετριω-

338 2713 500 2784 τέρας
538 2715 632 2767 καὶ
666 2714 955 2785 βιωτικῆς,
986 2715 1080 2769 τοῦ
1108 2716 1286 2786 γάμου
1310 2716 1455 2785 λέγω
1473 2733 1487 2747 ’
1518 2718 1615 2788 τῆς
1640 2717 1698 2773 δὲ
1719 2719 1914 2792 ἑτέρας

336 2804 631 2875 ἀγγελικῆς
664 2805 758 2857 καὶ
790 2803 1216 2875 ἀνυπερϐλήτου,
1245 2801 1346 2874 τῆς
1369 2806 1664 2877 παρθενίας
1686 2824 1701 2838 ο
1733 2809 1785 2861 εί
1813 2808 1913 2878 μέν

335 2912 417 2959 τις
443 2896 541 2967 τὴν
566 2895 855 2965 κοσμικὴν,
889 2895 1032 2947 τοῦτ’
1062 2895 1177 2948 ἐστι
1207 2895 1297 2948 τὸν
1326 2897 1526 2967 γάμον,
1551 2900 1741 2955 ἕλοιτο.
1770 2900 1911 2970 μέμ-

333 2986 425 3055 ψιν
458 2989 556 3055 μὲν
586 2986 687 3040 οὐκ
719 2984 861 3057 ἔχει·
895 2985 1130 3039 τοσαῦτα
1151 2986 1209 3038 δὲ
1230 2986 1545 3059 χαρίσματα
1574 2990 1634 3043 οὺ
1659 2990 1906 3060 λήψεται.

333 3076 575 3146 Λήψεται
608 3077 754 3147 γὰρ,
789 3076 1016 3148 ἐπείπερ
1047 3076 1200 3147 φέρει
1229 3076 1326 3133 καὶ
1368 3081 1531 3144 αὐτὸς
1566 3082 1775 3152 καρπὸν
1800 3082 1909 3134 τῶν

331 3169 651 3236 τριάκοντα.
819 3168 882 3221 Ei
913 3168 969 3221 δὲ
1002 3169 1102 3242 τὴν
1129 3170 1297 3242 ἁγνήν
1324 3189 1407 3235 τις
1434 3173 1527 3226 καὶ
1544 3173 1908 3243 ὑπερκόσμιον

2015 1984 2465 2053 concedamque.
2497 1982 2697 2039 Eadem
2747 1985 2908 2054 igitur
2954 1995 3038 2040 est
3081 1987 3147 2041 de
3192 1987 3337 2041 coitu
3389 1988 3579 2043 ratio:

2015 2071 2216 2130 Beatus
2245 2076 2338 2144 qui
2371 2075 2425 2129 in
2456 2076 2741 2145 juventute
2769 2077 2940 2131 libero
2960 2076 3179 2147 junctus
3213 2079 3580 2145 matrimonio,

2017 2173 2212 2221 natura
2241 2166 2308 2220 ad
2333 2166 2628 2221 liberorum
2656 2168 3083 2237 procreationem
3118 2183 3249 2223 usus
3271 2177 3357 2222 est
3391 2186 3404 2222 :
3434 2167 3582 2238 quod

2017 2253 2065 2310 si
2113 2256 2180 2310 ad
2225 2257 2539 2321 libidinem,
2596 2256 2958 2313 fornicatores
3007 2268 3061 2312 et
3103 2260 3385 2324 moechos,
3433 2259 3581 2328 quod

2014 2347 2158 2418 apud
2190 2345 2509 2417 Apostolum
2556 2357 2890 2401 memoratur
2911 2387 2928 2413 ,
2960 2348 3283 2418 supplicium
3325 2350 3578 2419 excipiet.

2013 2438 2150 2494 Nam
2184 2439 2379 2509 duplex
2408 2453 2533 2493 cum
2563 2439 2635 2493 sit
2671 2437 2756 2492 via
2793 2438 2846 2491 in
2876 2439 2985 2494 vita
3006 2474 3025 2503 ,
3058 2440 3161 2494 alia
3194 2440 3409 2510 quidem
3442 2440 3582 2495 infe-

2017 2531 2127 2585 rior
2149 2518 2551 2601 vulgariorque,
2577 2530 2907 2585 matrimonii
2938 2532 3180 2597 scilicet;
3204 2534 3309 2586 alia
3336 2547 3461 2588 vero
3481 2549 3579 2588 an-

2013 2622 2183 2693 gelica
2217 2629 2272 2676 et
2299 2636 2554 2691 suprema
2586 2622 2829 2675 omnium
2858 2660 2874 2686 ,
2906 2636 3099 2691 nempe
3127 2623 3483 2692 virginitatis;
3529 2624 3578 2679 si

2013 2712 2137 2782 quis
2167 2713 2497 2765 mundanam
2523 2751 2538 2774 ,
2571 2711 2793 2781 nuptias
2824 2711 3080 2765 nimirum
3119 2713 3375 2780 elegerit,
3419 2714 3574 2783 culpa

2011 2804 2227 2874 quidem
2263 2811 2448 2866 vacat,
2494 2802 2611 2856 sed.
2637 2811 2715 2857 tot
2759 2812 3016 2872 tantaque
3060 2818 3168 2857 non
3215 2814 3576 2875 consequetur

2009 2893 2173 2949 dona.
2199 2893 2580 2961 Consequetur
2605 2903 2786 2947 tamen
2817 2894 3028 2962 aliqua,
3057 2895 3102 2949 si
3129 2896 3345 2964 quidem
3375 2906 3429 2950 et
3458 2901 3574 2965 ipse

2010 2983 2113 3038 fert
2143 2982 2376 3038 fructum
2402 2984 2758 3037 tricesimum.
2789 2982 2845 3036 Si
2874 2984 2999 3052 quis
3024 3000 3149 3040 vero
3177 2994 3382 3039 castam
3414 3002 3576 3038 mun-

2007 3071 2189 3141 doque
2240 3073 2574 3142 superiorem
2616 3071 2903 3140 amplexus
2930 3072 3091 3127 fuerit
3118 3075 3281 3128 vitam
3305 3116 3319 3141 ,
3355 3075 3570 3131 tametsi

2007 3164 2123 3218 haec
2152 3164 2319 3219 altera
2349 3163 2594 3235 asperior
2637 3171 2691 3215 et
2724 3161 2994 3220 diﬂicilior
3020 3165 3105 3219 via
3132 3175 3244 3231 est,
3277 3175 3332 3220 at
3384 3165 3568 3221 excel-

330 3260 647 3322 ἀσπάσοιτο,
671 3260 718 3312 εί
747 3258 838 3312 καὶ
865 3241 1092 3334 τραχεῖα
1113 3241 1265 3334 παρὰ
1289 3262 1387 3334 τὴν
1413 3262 1634 3335 πρώτην
1655 3241 1757 3317 καὶ
1784 3241 1909 3316 δυσ-

2006 3257 2328 3313 lentioribus
2380 3259 2469 3314 ille
2518 3260 2834 3316 muneribus
2899 3261 3185 3315 donandus
3233 3270 3317 3314 est
3350 3277 3379 3316 αξ
3440 3274 3567 3328 per-

330 3351 670 3421 κατόρθωτος
704 3352 740 3425 ἡ
768 3353 915 3419 ὁδὸς,
946 3355 1094 3423 ὅμως
1117 3355 1228 3425 ἔχει
1255 3356 1570 3426 χαρίσματα
1589 3354 1906 3426 θαυμασιώ-

328 3459 494 3515 τεραι
526 3445 619 3498 τὸν
646 3444 757 3516 γὰρ
787 3445 991 3500 τέλειον
1026 3446 1234 3518 καρπὸν
1263 3448 1360 3519 τὴν
1393 3447 1719 3501 ἑκατοντάδα
1748 3447 1905 3501 ἐϐλά-

333 3544 551 3603 στησεν.
589 3535 748 3588 Ὥστε
775 3536 842 3590 τὰ
872 3536 1157 3607 ἀκάθαρτα
1183 3536 1360 3591 αὐτῶν
1386 3537 1480 3590 καὶ
1507 3554 1641 3608 πονη
1652 3538 1718 3608 ρὰ
1739 3537 1908 3608 ζητή-

335 3639 483 3692 ματα
509 3622 689 3687 λύσεις
721 3624 857 3687 ἰδίας
887 3623 1010 3694 ἔσχε
1044 3626 1136 3679 καὶ
1169 3626 1320 3697 παρὰ
1349 3626 1455 3680 τῶν
1490 3627 1648 3681 θείων
1673 3628 1903 3698 Γραφῶν

333 3704 502 3765 πάλαι
533 3713 906 3782 προλυθείσας.
979 3717 1336 3789 Ὑποστήριςε
1367 3718 1565 3780 τοίνυν,
1619 3714 1663 3773 ὦ
1696 3719 1899 3787 Πάτερ,

329 3802 434 3865 τὰς
466 3802 570 3857 ὑπὸ
604 3805 796 3859 σαυτὸν
826 3805 1056 3873 ἀγέλας,
1097 3807 1162 3859 ὲκ
1190 3806 1297 3862 τῶν
1321 3808 1692 3862 ἀποστολικῶν
1726 3827 1901 3878 παρα-

334 3889 541 3950 καλῶν.
706 3894 768 3946 ὲκ
791 3892 897 3947 τῶν
925 3894 1294 3964 εύαγγελικῶν
1319 3895 1672 3966 ψυχαγαγῶν,
1705 3898 1771 3951 ὲκ
1790 3897 1897 3952 τῶν

328 3978 557 4049 ψαλμῶν
589 3981 997 4053 συμϐουλεύων·
1028 3983 1236 4051 Ζῆσόν
1263 4001 1338 4053 με
1360 4022 1376 4046 ,
1407 3984 1579 4053 λέγων
1600 4023 1615 4049 ,
1659 3983 1808 4038 κατὰ
1833 3987 1900 4039 τὸ

326 4071 537 4141 λόγιόν
567 4088 703 4127 σουο
739 4067 915 4143 λόγιον
935 4075 992 4130 δὲ
1027 4074 1191 4130 αὐτοῦ
1220 4076 1282 4130 τὸ
1312 4078 1377 4130 ὲκ
1402 4076 1648 4150 καθαρᾶς
1676 4077 1901 4148 καρδίας

327 4156 609 4228 λατρεύειν
632 4160 798 4232 αὐτῷ.
832 4161 1000 4216 Τοῦτο
1020 4163 1127 4237 γὰρ
1154 4163 1309 4228 είδὼς
1335 4165 1365 4218 6
1395 4165 1556 4230 αὑτδς
1585 4166 1897 4237 Προφήτης,

326 4240 516 4319 ὥσπερ
546 4250 736 4303 ἑαυτὸν
767 4253 1159 4324 μεταφράζων,
1218 4253 1398 4322 λέγει·
1428 4254 1692 4324 Καρδίαν
1716 4258 1901 4312 καθα·

323 4342 441 4403 ρὰν
464 4341 678 4396 κτίσον
704 4343 774 4397 ἐν
796 4343 948 4413 ἐμοὶ.
975 4348 1008 4400 ό
1038 4346 1180 4412 Θεός
1199 4361 1214 4377 ο
1244 4346 1333 4400 ἵνα
1361 4346 1436 4418 μὴ
1466 4344 1731 4418 ρυπώδεις
1754 4346 1902 4415 λογι-

319 4430 447 4503 σμοί
478 4451 545 4505 με
570 4434 866 4506 ταράξωσι.
900 4437 1068 4492 Πάλιν
1102 4439 1293 4493 Δαϐίδο
1315 4441 1426 4495 Καὶ
1450 4443 1745 4513 Πνεύματι
1762 4445 1899 4518 ήτσο

2004 3348 2204 3403 fectum
2257 3350 2453 3419 quippe
2496 3350 2771 3415 fructum,
2814 3368 3005 3421 nempe
3036 3352 3389 3406 centesimum
3437 3364 3565 3419 pro-

2003 3439 2178 3493 duxit.
2206 3438 2392 3509 Itaque
2419 3436 2672 3497 obscena:
2696 3442 2912 3496 illorum
2948 3449 3108 3511 atque
3137 3440 3385 3508 maligna:
3416 3455 3562 3508 quae-

2003 3529 2247 3593 stiones,
2319 3532 2570 3602 proprias
2640 3533 2842 3588 habent
2894 3534 3191 3588 solutiones
3239 3547 3306 3585 ex
3365 3530 3563 3588 divinis

2004 3617 2300 3688 Scripturis
2325 3620 2437 3689 jam
2474 3621 2601 3675 olim
2633 3622 2846 3677 allatas.
2880 3620 3154 3677 Conﬁrma
3189 3635 3350 3689 ergo,
3380 3617 3561 3687 Pater,

2000 3726 2189 3779 greges
2243 3720 2366 3766 tuos
2393 3750 2410 3777 ,
2443 3713 2862 3783 apostolicisque
2905 3713 3085 3768 verbis
3119 3713 3350 3767 hortare.
3385 3708 3564 3765 Evan-

2000 3803 2184 3873 gelicis
2212 3802 2478 3867 demulce,
2507 3820 2571 3860 ex
2598 3804 2823 3875 psalmis
2855 3805 2923 3873 dca
2953 3804 3238 3861 consilium
3279 3816 3294 3858 :
3341 3802 3560 3871 Viriﬁca

2001 3910 2101 3959 me,-
2131 3894 2340 3961 dicens,
2392 3896 2676 3949 secundum
2712 3894 2973 3965 eloquium
3009 3904 3155 3948 tuum
3195 3897 3216 3930 ⁸
3244 3912 3257 3947 :
3283 3892 3557 3962 eloquium

1996 3994 2175 4039 autem
2206 3984 2325 4056 ejus
2365 3984 2493 4038 illud
2520 3993 2639 4050 est,
2685 3993 2745 4037 ut
2787 4000 2852 4039 ex
2883 3999 3018 4052 puro
3052 3982 3215 4038 corde
3255 3982 3558 4036 serviamus

1995 4074 2095 4128 illi.
2129 4073 2242 4131 Hoc
2270 4090 2393 4130 cum
2424 4091 2532 4129 non
2560 4075 2771 4147 ignoret
2798 4076 2911 4145 ipse
2932 4073 3224 4145 PrOplieta,
3251 4087 3372 4127 sese
3394 4071 3552 4143 quasi

1994 4165 2382 4236 interpretatur
2399 4166 2607 4221 dicens;
2628 4164 2736 4221 Cor
2751 4165 3001 4225 mundum
3013 4165 3199 4221 (νεοίη
3222 4162 3469 4228 me,Deus
3505 4163 3552 4225 ⁸,

1994 4274 2063 4314 ne
2107 4276 2194 4314 me
2242 4260 2489 4316 obscenae
2538 4261 2897 4330 cegitationes
2946 4264 3288 4319 conturbent.
3344 4262 3556 4316 Rursus

1993 4350 2111 4416 ipse
2140 4349 2303 4404 David
2329 4370 2343 4406 :
2377 4350 2443 4404 Et
2472 4349 2677 4421 Spiritu
2701 4352 2983 4422 principali
3005 4353 3259 4419 conﬁrma
3283 4367 3361 4404 me
3383 4350 3404 4380 ‘
3444 4393 3458 4415 .
3500 4361 3558 4404 ιιι

1983 4441 2030 4498 si
2058 4441 2278 4514 quando
2305 4456 2394 4497 me
2418 4441 2775 4513 cogitationes
2806 4444 3137 4497 conturbent
3163 4479 3176 4504 ,
3207 4441 3384 4496 valida
3411 4455 3474 4494 ex
3507 4449 3559 4494 te

315 4527 546 4594 μονικῷ
575 4528 864 4613 στήριξόν
883 4546 993 4599 με’
1022 4530 1127 4596 ἵνα,
1157 4533 1257 4587 κᾶν
1284 4549 1412 4586 ποτε
1432 4532 1680 4607 λογισμοί
1713 4554 1782 4608 με
1809 4536 1901 4594 θο-

2006 4534 2155 4591 Virtus
2190 4549 2277 4590 me
2303 4535 2460 4604 quasi
2494 4532 2643 4589 basis
2676 4531 2888 4588 fulciat.
2944 4529 3070 4585 Haec
3119 4530 3285 4602 igitur
3331 4538 3382 4585 et
3427 4529 3554 4584 talia

326 4614 673 4685 ρυϐήσωσιν,
713 4618 908 4691 ἰσχυρά
961 4636 1045 4684 τις
1093 4621 1242 4693 παρὰ
1274 4621 1369 4676 σοῦ
1402 4622 1627 4695 δύναμις
1671 4625 1898 4702 στηρίξῃ

2006 4627 2316 4685 :onsulendo
2336 4668 2351 4692 ,
2386 4626 2476 4681 dic
2506 4626 2572 4682 iis
2596 4625 2689 4696 qui
2733 4625 2883 4679 tarde
2909 4621 3122 4677 veritati
3158 4622 3554 4689 obtemperant,

326 4720 419 4774 με.
600 4705 791 4779 ὥσπερ
823 4710 1026 4780 κρηπὶς
1069 4711 1425 4782 τυγχάνουσα.
1486 4715 1657 4779 Αὐτὸς
1697 4716 1897 4786 τοίνυν,

322 4797 495 4848 ταῦτα
525 4797 618 4850 καὶ
650 4794 717 4852 τὰ
748 4798 971 4856 τοιαῦτα
994 4802 1374 4874 συμϐουλεύων
1399 4845 1412 4868 ,
1446 4805 1570 4874 λέγε
1601 4807 1738 4878 πρὸς
1771 4811 1896 4873 τοὺς

323 4885 539 4957 βράδιον
579 4884 645 4961 τῇ
680 4890 906 4963 ἀληθείᾳ
940 4893 1313 4964 πειθομένους·
1371 4895 1599 4962 Διδάξω
1635 4898 1896 4969 ἀνόμους

321 4978 427 5042 τὴς
455 4976 633 5043 ὁδούς
654 4996 800 5034 σσυο
830 4974 926 5035 καί
953 4981 1169 5057 θαρρῶν
1195 4987 1403 5057 Κυρίῳ,
1433 4988 1513 5041 ὅτι
1538 4987 1748 5053 πείσεις
1772 4991 1887 5043 ἀπο

320 5070 546 5139 σχέσθαι
592 5073 692 5144 τῆς
732 5074 988 5147 τοιαύτης
1015 5079 1244 5144 κακίας,
1272 5079 1473 5148 ψάλλε·
1513 5081 1623 5136 Καὶ
1659 5082 1893 5149 ἀσεϐεῖς

314 5164 410 5214 ἐπὶ
446 5162 521 5217 σὲ
683 5165 1092 5235 ἐπιτρέψουσι.
1121 5170 1335 5224 Γένοιτο
1355 5171 1409 5225 δὲ
1430 5173 1553 5235 τοὺς
1598 5158 1696 5243 μέν
1733 5190 1883 5226 naxo-

317 5249 463 5318 ήίῖως
496 5251 788 5324 ζητοῦντας
824 5256 1134 5312 παύσασθαι
1167 5258 1265 5330 τῆς
1296 5259 1549 5332 τοιαύτης
1600 5278 1881 5331 ματαιοπο-

314 5339 467 5403 νίαςο
523 5344 650 5407 τοὺς
677 5345 732 5397 δὲ
766 5344 834 5399 δι’
866 5346 1119 5419 εὐήθειαν
1305 5350 1607 5415 ὲνδυαστῶς
1650 5350 1891 5423 ἔχοντας,

308 5431 624 5502 ἡγεμονικῷ
656 5434 933 5506 Πνεύματι
976 5440 1376 5512 κραωνθῆναιο
1407 5442 1520 5498 ὅσοι
1560 5444 1617 5498 δὲ
1662 5442 1890 5516 βεϐαίως

304 5520 407 5588 τὴν
435 5520 694 5592 ἀλήθειαν
719 5526 1034 5591 ἐπίστασθε,
1052 5530 1269 5602 ἀρραγῆ
1296 5532 1498 5604 ταύτην
1514 5533 1771 5606 κατέχετε
1799 5533 1893 5590 καὶ

307 5608 600 5666 ἀσάλευτον
651 5615 710 5665 ἐν
761 5613 980 5688 Χριστῷ
1022 5619 1198 5691 Ἰησοῦ
1224 5619 1301 5690 τῷ
1325 5622 1518 5695 Κυρίῳ
1543 5622 1891 5696 ἡμῶν,..μεθ⁹

1982 4720 2186 4774 Docebo
2218 4720 2424 4790 iniquas
2444 4720 2566 4773 .vias
2599 4729 2718 4771 tuas
2742 4757 2758 4782 ,
2799 4717 2853 4770 in
2889 4715 3224 4783 Dominoque
3256 4713 3555 4776 confidens,

1984 4819 2036 4867 te
2062 4825 2354 4866 suasurum
2381 4808 2487 4864 illis
2518 4818 2577 4863 ut
2605 4809 2673 4863 ab
2700 4805 3018 4876 huiusmodi
3049 4805 3181 4860 vitio
3225 4803 3554 4863 abstineant.

1981 4902 2182 4972 psalle,
2215 4910 2264 4955 et
2309 4901 2457 4971 impii
2503 4900 2571 4955 ad
2614 4908 2662 4955 te
2703 4906 3069 4954 convertentur
3112 4898 3151 4951 ⁵.
3194 4894 3411 4950 Utinam
3462 4894 3560 4964 qui

1981 4991 2128 5046 malo
2159 4991 2342 5045 animo
2378 4993 2540 5046 hasce
2589 4999 2809 5045 movent
2842 4990 3197 5061 qumstiones,
3247 4987 3300 5042 in
3338 5001 3557 5041 cassum

1979 5079 2261 5136 laborandi
2308 5081 2468 5135 linem
2522 5079 2724 5135 fat-iant
2753 5101 2765 5134 :
2794 5081 2886 5150 qui
2931 5095 3059 5134 vero
3096 5066 3168 5133 ob
3214 5075 3381 5131 animi
3425 5074 3557 5129 sim-

1980 5171 2276 5242 plicitatem
2311 5171 2364 5225 in
2397 5170 2737 5226 dubitatione
2765 5177 3074 5230 versantur,
3111 5164 3317 5236 Spiritu
3354 5163 3558 5235 princ:-

1980 5260 2088 5332 pali
2141 5260 2537 5317 conﬁrmentur
2568 5276 2581 5311 :
2610 5266 2875 5329 quotquot
2909 5266 3088 5312 autem
3135 5255 3420 5310 veritatem
3466 5252 3560 5308 fir-

1982 5351 2144 5406 miter
2183 5353 2356 5408 nostis
2380 5395 2395 5421 ,
2426 5366 2547 5406 eam
2598 5350 2883 5406 infractam
2914 5356 2967 5404 et
3016 5348 3397 5403 inconcussam
3431 5344 3565 5399 reti-

1983 5442 2157 5496 neatis
2187 5443 2239 5496 in
2470 5438 2688 5498 Christo
2734 5439 2863 5496 Jesu
2899 5438 3131 5495 Domino
3167 5445 3361 5493 nostro
3391 5452 3405 5488 :
3436 5433 3561 5505 qni-

1981 5544 2108 5586 cum
2156 5529 2299 5584 Patri
2353 5533 2527 5602 gloria
2558 5540 2609 5586 et
2636 5531 2923 5602 imperium
2956 5543 3081 5584 cum
3118 5525 3324 5598 Spiritu
3368 5531 3561 5579 sancto

1984 5620 2039 5676 in
2067 5623 2282 5677 Saecula.
2314 5622 2510 5681 Amen.
2584 5690 2600 5699 Α

304 5713 360 5767 οἱ
390 5716 467 5783 τῷ
498 5716 673 5786 ηατρὶ
700 5713 830 5779 δόξα
871 5716 963 5770 καὶ
990 5715 1050 5769 τὸ
1082 5715 1282 5786 κράτος
1313 5716 1408 5769 σὺν
1432 5716 1572 5786 ἁγίῳ
1592 5715 1872 5787 Πνεύματι
1905 5715 1986 5779 είς
2018 5714 2144 5778 τοὺς
2186 5713 2413 5778 αἰῶνας.
2460 5707 2652 5782 Ἀμὴν.

382 5837 619 5895 ⁸οοηεε.
660 5856 696 5904 ι,
733 5838 825 5896 28.
902 5844 923 5873 ²
958 5839 1124 5894 Hebr.
1156 5802 1366 5906 xum-4.
1442 5841 1462 5872 ³
1491 5840 1627 5895 Psal.
1669 5854 1856 5903 cum,
1899 5843 1909 5890 ι

2010 5879 2024 5893 .
2103 5838 2122 5870 ⁸
2152 5839 2291 5894 Psal.
2324 5855 2374 5904 t.,
2409 5838 2491 5892 l2.
2568 5838 2586 5868 '
2622 5835 2753 5890 ibid.
2790 5836 2877 5891 Η.
2954 5834 2974 5867 ⁸
2999 5833 3142 5892 Psal.
3171 5849 3224 5904 ι,
3256 5831 3345 5892 l5.
