4076 6392
464 372 563 440 571

1723 352 1998 416 TllEOD.
2040 346 2435 410 BALSAMON

3614 340 3721 406 572

537 476 731 537 BALS.
766 475 915 534 ﬂant:
944 475 1224 547 epistolam
1258 486 1381 543 quae
1414 480 1609 527 tractat
1640 485 1743 523 non
1779 482 1900 521 esse
1935 470 2034 516 im-
2065 514 2067 523 λ

2213 459 2407 514 ΒᾹΛΣ.
2448 457 2555 529 Τὴν
2590 456 2876 529 ἐπιστολὴν
2907 456 3111 523 ταύτην
3144 454 3608 522 δ.αὶαμεάνουσ;ιι
3648 458 3722 521 μη

467 575 721 628 mundam
753 568 1052 626 naturalem
1089 566 1452 620 excretionem
1484 561 1709 617 seminis
1737 600 1750 623 ,
1780 575 1899 627 qua:
1932 559 2041 610 sci-

468 671 592 722 licet
625 666 682 720 (lt
708 666 791 720 vel
828 664 1036 726 morbo,
1077 660 1158 715 vel
1193 669 1454 713 nocturna
1494 658 1700 711 visione
1736 670 1847 714 non
1877 666 2041 719 spon-

473 771 655 821 tanea,
693 775 720 809 a
754 755 1003 824 nullaque
1030 751 1436 823 perturbatione
1468 757 1610 810 orta,
1643 740 2041 799 excellentissi-

473 866 596 905 mus
619 850 707 902 ille
737 846 1000 906 Zonaras,
1035 844 1307 913 sapienter
1335 852 1387 896 et
1420 850 1563 907 apte,
1596 848 1651 892 et
1685 840 1755 890 ita
1785 845 1840 889 ut
1889 848 2045 888 nemo

479 942 673 995 melius
706 940 886 993 dicere
914 938 1103 1005 possit.
1130 938 1515 1003 interpretatus
1538 945 1620 985 est
1651 947 1663 982 :
1690 940 1740 981 et
1762 938 2045 996 propterea

477 1039 544 1088 de
574 1048 639 1086 eo
682 1047 782 1086 nos
820 1030 1059 1083 scribere
1098 1038 1561 1095 supervacaneum
1593 1019 2046 1075 existimavimus.

477 1127 722 1179 Breviter
753 1135 933 1176 autem
970 1121 1221 1183 dicimus,
1254 1116 1398 1185 quod
1432 1116 1476 1168 si
1529 1112 1790 1167 naturalis
1833 1109 2048 1178 quidem

476 1218 708 1271 seminis
744 1214 916 1268 ﬂuxus
948 1227 1013 1266 ex
1048 1226 1153 1265 non
1196 1218 1488 1279 spontanea
1521 1215 1780 1260 nocturna
1825 1203 2048 1264 visione,

477 1320 532 1363 et
562 1309 677 1361 sine
709 1306 811 1359 ulla
850 1305 1044 1374 praevia
1081 1300 1385 1354 vehementi
1435 1296 1728 1363 cupiditate
1762 1292 1883 1356 liat,
1920 1289 2053 1342 nihil

478 1400 690 1467 penitus
723 1395 877 1449 affert
908 1392 1223 1464 prmjndieii.
1259 1389 1411 1443 Sicut
1441 1399 1492 1441 et
1519 1386 1691 1441 sant-ti
1723 1381 1959 1451 Dionysii
1984 1380 2052 1434 ad

480 1488 766 1543 Basilidem
807 1498 1007 1541 tractat
1063 1484 1288 1552 epistola
1317 1522 1332 1546 ,
1386 1496 1504 1547 qure
1554 1477 1800 1546 superius
1844 1487 2053 1527 annexa

478 1584 605 1639 fuit.
640 1583 751 1653 38
782 1581 839 1635 Si
876 1590 1053 1633 autem
1106 1577 1281 1643 aliqua
1325 1571 1729 1640 perturbatione
1773 1582 1839 1620 ex
1914 1564 2054 1618 mala

366 1664 371 1669 ’
479 1676 713 1729 fortasse
746 1671 1038 1738 cupiditate
1071 1678 1405 1731 asseusuque
1437 1658 1736 1731 processit,
1781 1655 2054 1709 immunda

480 1774 584 1826 est,
617 1772 671 1816 et
706 1763 797 1830 qui
832 1775 950 1813 eam
987 1756 1241 1810 sustinuit
1282 1769 1309 1806 a
1354 1750 1717 1805 sacramentis
1759 1746 2053 1805 arcebitnr,

479 1863 536 1907 et
564 1868 660 1922 pro
691 1853 887 1905 animae
937 1849 1054 1917 ejus
1126 1845 1317 1899 medici
1372 1843 1634 1896 arbitratu
1684 1840 1731 1892 ei
1788 1835 2057 1890 medicina

481 1946 715 2001 dabitur.
736 1944 870 1997 Cum
896 1941 1037 1995 enim
1074 1940 1176 1992 tria
1206 1938 1311 1991 sint
1346 1951 1440 2000 per
1459 1948 1575 2001 quae
1598 1948 1627 1985 a
1661 1934 1859 1985 Satana
1887 1942 2057 1997 oppu-

480 2053 733 2105 gnamur,
761 2034 1072 2104 applii-atio,
1109 2047 1205 2085 seu
1238 2029 1444 2099 primus
1476 2040 1674 2088 lllOltlS,
1705 2038 1983 2085 assensus,
2002 2029 2059 2074 et

482 2132 707 2186 cﬂ'ectus
733 2147 750 2196 ;
781 2131 824 2182 si
862 2143 926 2181 ex
970 2129 1083 2179 solo
1123 2125 1340 2193 quidem
1388 2122 1562 2190 primo
1604 2126 1747 2171 motu
1799 2127 2059 2169 nocturna

491 2221 654 2275 fuerit
685 2220 827 2272 facta
862 2218 1021 2280 visio,
1052 2215 1221 2267 levius
1269 2214 1554 2281 puniemur
1584 2223 1596 2259 :
1638 2207 1682 2259 si
1726 2217 1903 2258 autem
1935 2216 2058 2257 cum

487 2315 663 2382 primo
693 2322 841 2364 motu
876 2309 1102 2360 diurnus
1155 2319 1368 2372 quoque
1415 2301 1514 2353 fuit
1554 2313 1831 2361 assensus,
1881 2305 1936 2348 et
1984 2296 2064 2349 sic

489 2416 758 2459 noeturna
782 2400 920 2454 visio
942 2406 1234 2451 consecuta
1263 2402 1366 2454 est.
1391 2402 1445 2445 et
1467 2389 1791 2443 excretionis
1815 2385 2067 2450 enectus,

493 2496 669 2567 magis
716 2494 1025 2563 punientur,
1078 2488 1376 2545 secundum
1429 2493 1670 2537 sanctam
1727 2480 2065 2547 Scripturam

487 2607 609 2663 qua:
639 2589 792 2651 dicit,
835 2583 941 2650 Qui
966 2579 1279 2634 desideravit
1336 2575 1605 2628 mulierem
1654 2573 1711 2624 in
1746 2572 1899 2623 corde
1943 2584 2062 2632 suo,

487 2659 604 2738 e—am
630 2681 750 2750 jam
780 2675 1098 2731 adulteravit
1149 2674 1189 2723 ⁸.
1218 2668 1273 2723 Si
1300 2680 1480 2721 autem
1524 2666 1603 2719 sic
1635 2664 1857 2733 punitur
1884 2661 1973 2727 qui
2008 2659 2067 2712 lit

490 2788 556 2826 ex
592 2783 881 2830 consensu,
916 2766 968 2817 in
1019 2772 1282 2815 nocturna
1333 2756 1740 2825 imaginatione,
1775 2751 1951 2804 ﬂuxus
1982 2764 2068 2802 se-

496 2864 683 2929 minis,
730 2862 901 2914 multo
927 2858 1097 2925 magis
1123 2868 1244 2923 qua:
1272 2866 1365 2918 per
1404 2848 1683 2902 mollitiem
1734 2844 1791 2897 lit
1824 2842 2066 2897 exeretio

492 2956 765 3025 punietur,
793 2952 931 3004 inter
948 2946 1296 3015 vigilandum,
1322 2957 1423 2997 non
1451 2951 1629 2997 autem
1660 2938 1711 2991 in
1747 2934 2068 2990 somniando

498 3054 665 3103 facta.
693 3044 929 3098 Seminis
964 3052 1146 3093 autem
1182 3037 1346 3091 ﬂuxio
1367 3074 1383 3099 ,
1414 3050 1533 3101 qua:
1562 3035 1619 3085 llt
1651 3047 1719 3086 ex
1751 3029 1940 3084 morbo
1971 3041 2071 3082 ne-

2146 550 2285 605 είναι
2320 553 2627 621 ἀκάθαρτον
2664 552 2761 618 τὴν
2796 548 3030 619 φυσικὴν
3064 548 3310 616 ἔκκρισιν
3346 544 3438 596 τοῦ
3476 544 3727 613 σπέρμα-

2146 661 2231 707 τος
2259 645 2355 713 τὴν
2381 643 2487 696 άπὸ
2514 643 2665 695 νόσου
2692 638 2893 711 δηλαδὴ
2919 640 3207 706 γινομένην
3232 636 3265 706 ἢ
3295 634 3401 687 ἀπὸ
3427 632 3728 701 φαντασί;ς

2147 737 2467 807 νυκτερινῆς
2506 736 2867 806 ἀπροαιρέτου
2906 735 2998 786 καὶ
3035 729 3311 792 ἀπαθοῦς,
3349 725 3664 795 ὑπερρυέστ
3701 751 3728 762 -

2146 844 2237 891 τος
2269 831 2477 893 ἐκεῖνος
2509 828 2767 893 Ζωναρᾶς
2805 825 2977 895 σοφῶς
3011 825 3105 878 καὶ
3136 821 3493 893 ὑπερδεξίωῖ,
3527 822 3617 871 καὶ
3649 817 3726 881 ὡς

2149 921 2248 973 οὐκ
2285 920 2350 974 ἄν
2388 937 2471 983 τις
2512 920 2874 989 κρειττόνως,
2913 917 3226 988 ἡρμήνευσε
3254 932 3267 945 ο
3309 914 3403 966 καὶ
3442 911 3529 965 δ.ὰ
3569 909 3728 961 τοῦτο

2151 1010 2407 1081 περιττὸν
2436 1012 2565 1081 ἡμῖν
2593 1010 2736 1076 ἔδοξε
2762 1009 2971 1079 γράψαι
2997 1026 3050 1061 τι
3080 1012 3204 1076 περί
3231 1006 3457 1073 ταύτης.
3484 1005 3733 1068 Συναγα-

2151 1104 2339 1171 γόντες
2366 1103 2422 1155 δδ
2447 1102 2678 1171 λέγομεν
2704 1103 2779 1164 ὡς
2804 1104 2837 1171 ἡ
2866 1101 3071 1171 φυσικὴ
3101 1099 3267 1170 ὲκροὴ
3293 1096 3384 1151 τοῦ
3418 1097 3733 1163 σπέρματος

2155 1196 2205 1246 εί
2254 1193 2353 1262 μὶν
2398 1192 2457 1257 ἐξ
2504 1193 2869 1263 ὰπροαιρέτου
2920 1190 3221 1261 φαντασίας
3266 1187 3592 1256 νυκτερινῆς
3641 1183 3735 1237 καὶ

2157 1287 2284 1340 ἄνευ
2316 1284 2801 1356 προϋποκειμένης
2832 1282 3113 1354 ιμπαθοῦς
3143 1282 3438 1350 ὲπιθυμῖαε
3472 1280 3735 1348 γένηται,

2156 1380 2621 1449 ἀποκριμάτιστός
2656 1380 2772 1430 ἐστι
2808 1377 3152 1438 παντάπασι,
3188 1372 3369 1437 καθὼς
3404 1377 3498 1426 καὶ
3532 1375 3563 1442 ὴ
3602 1373 3739 1443 πρὸς

2156 1471 2247 1525 τὸν
2288 1472 2604 1540 Βασιλείδην
2647 1468 2903 1539 ἐπιστολὴ
2944 1468 3037 1521 τοῦ
3079 1467 3234 1535 ἁγίου
3297 1466 3579 1519 Διονυσίου
3621 1464 3741 1516 δια-

2158 1563 2454 1634 λαμϐάνει,
2492 1564 2610 1633 ἥτις
2646 1561 2999 1629 κατεστρώθη
3034 1561 3242 1612 ὄπιθεν.
3278 1559 3340 1611 Εἰ
3374 1559 3430 1610 δὲ
3465 1555 3742 1624 ὲμπάθειά

2158 1671 2241 1717 τις
2271 1656 2624 1723 προηγήσατο
2652 1656 2715 1707 ὲκ
2741 1655 2983 1724 πονηρᾶς
3009 1652 3304 1720 ἐπιθυμίας
3333 1652 3460 1712 ἴσως
3492 1650 3585 1702 καὶ
3615 1665 3743 1715 συγ-

2161 1745 2529 1810 καταθέσεως,
2564 1745 2869 1815 ἁκάθαρτός
2905 1745 3044 1809 ἐστι,
3078 1744 3173 1797 καὶ
3208 1746 3234 1797 ό
3266 1744 3468 1813 ταύτην
3502 1742 3755 1803 ὐποττὰς

2158 1836 2252 1888 τὸν
2278 1837 2637 1905 ἁγιασμάτων
2662 1836 3123 1905 ὲμποδισθήσεται
3148 1877 3158 1895 ,
3186 1824 3279 1889 καὶ
3308 1837 3447 1887 κατὰ
3472 1836 3531 1886 τὸ
3553 1832 3746 1886 δοκοῦν

2160 1929 2238 2001 τῷ
2263 1929 2478 1999 ψυχικῷ
2503 1928 2667 1983 αὑτοῦ
2695 1929 2884 2000 ίατρῷ.
2914 1928 3400 2000 θεραπευθήσεται.
3428 1926 3610 1995 Τριῶν
3635 1924 3745 1996 γέρ

2160 2020 2330 2075 ὄντων
2354 2021 2571 2091 τρόπων
2596 2021 2664 2075 δι’
2685 2017 2759 2097 ὧν
2789 2022 2940 2091 παρὰ
2966 2022 3055 2075 τοῦ
3090 2024 3305 2075 Σατανᾶ
3334 2020 3461 2072 πολε
3474 2020 3743 2088 μούμεθα,

2164 2111 2469 2182 προσϐολῆς
2490 2151 2505 2171 ,
2539 2112 2994 2179 συγκαταθέσεως
3014 2153 3028 2177 ,
3064 2115 3156 2166 καὶ
3189 2112 3627 2179 ἀποτελέσματος
3652 2147 3667 2171 ,
3697 2110 3747 2175 εί

2167 2206 2265 2275 μὶν
2297 2205 2407 2260 ἀπὸ
2444 2206 2613 2275 μόνης
2647 2205 2958 2275 προσὸολῆς
2992 2206 3261 2273 φαντασία
3293 2204 3516 2274 γένηται
3554 2220 3750 2255 νυκτε-

2166 2298 2309 2367 ρινὴ,
2341 2296 2704 2368 μετριώτερον
2728 2298 3143 2367 ἑπιτιμηθῶμεν
3164 2316 3177 2328 ο
3204 2298 3252 2350 εί
3277 2296 3334 2349 δὲ
3362 2296 3461 2348 σὺν
3484 2297 3551 2366 τῇ
3580 2311 3751 2361 προσ-

2166 2388 2295 2460 δολῇ
2343 2390 2533 2457 γέγονε
2581 2390 2674 2443 καὶ
2723 2389 3120 2457 συγκατάθεσις
3165 2388 3421 2458 ἡμερινὴ,
3469 2388 3564 2442 καὶ
3609 2387 3754 2440 οὕτω

2167 2482 2622 2552 παρηκολούθησε
2655 2483 2747 2534 καὶ
2778 2480 3049 2548 φαντασία
3079 2480 3401 2550 νυκτερινὴ,
3436 2481 3531 2534 καὶ
3561 2480 3752 2546 ἐκκρί-

2170 2592 2308 2636 σεως
2342 2574 2727 2642 ἀποτέλεσμα,
2762 2574 2854 2625 ἐπὶ
2891 2573 3052 2625 πλέον
3088 2573 3571 2644 κολασθησόμεθα,
3610 2572 3753 2625 κατὰ

2166 2667 2228 2719 τὸ
2261 2665 2497 2736 γράμμα
2532 2667 2592 2718 τὸ
2629 2668 2772 2735 ἱερὸν
2805 2667 2864 2719 τὸ
2898 2666 3053 2733 λέγον
3079 2682 3093 2695 ·
3134 2666 3199 2719 '0
3232 2665 3612 2734 ἐπιθυμήσας
3644 2683 3753 2733 γυ-

2166 2759 2346 2813 ναῖκα
2380 2761 2449 2812 ἐν
2481 2757 2556 2826 τῇ
2594 2758 2807 2827 καρδίᾳ
2838 2759 3048 2823 αὐτοῦ,
3084 2758 3199 2827 ἤδη
3247 2760 3605 2829 ἐμοίχευσεν
3642 2760 3753 2812 αὐ-

2167 2852 2320 2919 τήν·
2365 2852 2414 2904 εί
2456 2850 2514 2904 δὲ
2557 2849 2700 2903 οὕτω
2746 2851 3034 2913 κολάζεται
3078 2853 3110 2921 η
3152 2852 3262 2903 ἀπὸ
3300 2853 3755 2919 συγκαταθέσεως

2168 2944 2257 2997 διὰ
2309 2944 2632 3014 νύκτερινῆς
2686 2944 2989 3012 φαντασίας
3041 2944 3205 3014 ἐκροὴ
3254 2942 3347 2996 τοῦ
3401 2945 3751 3014 σπέρματος,

2172 3037 2353 3105 πολλῴ
2388 3037 2615 3107 πλέονῆ
2650 3038 2740 3090 διὰ
2775 3038 3048 3108 μαλακίας
3082 3037 3330 3107 ἔκκρισις
3364 3037 3757 3107 έπιτιμηθήσε-

492 3138 748 3215 phritiCo,
779 3133 1081 3203 cuiusmodi
1115 3130 1599 3199 suntgonovrhma,
1633 3135 1687 3180 et
1708 3124 1968 3185 calculus,
1999 3121 2066 3175 ab

2171 3147 2261 3184 ται
2289 3130 2438 3201 ὕπαρ
2466 3131 2560 3184 καὶ
2586 3130 2685 3182 οὐκ
2712 3130 2772 3193 ἐξ
2799 3129 3134 3200 όνειρώσεως
3161 3130 3441 3201 γινομένη.
3476 3129 3539 3182 Ἦ
3566 3131 3619 3183 δὲ
3648 3129 3758 3183 ἀπὸ

494 3232 643 3285 omnl
671 3230 823 3295 culpa
867 3225 1121 3295 immunis
1148 3233 1254 3276 est.
1282 3222 1397 3273 Etsi
1425 3223 1570 3274 enim
1604 3236 1632 3271 a
1669 3220 1783 3288 lege
1808 3217 2065 3282 Mosaiea,

495 3324 587 3393 qui
615 3320 837 3377 seminis
882 3317 1027 3370 ﬂuxu
1061 3314 1400 3374 laborabant,
1449 3312 1713 3367 immundi
1753 3309 2071 3378 reputaban-

497 3429 604 3479 tur,
657 3414 763 3468 alio
806 3423 982 3464 tamen
1036 3412 1212 3472 modo,
1264 3409 1407 3476 quod
1460 3405 1525 3457 ad
1576 3408 1745 3474 legem
1827 3412 2070 3456 nostram

496 3509 688 3563 attinet
714 3544 729 3569 ,
762 3507 878 3575 puri
931 3502 1313 3558 existimantur
1350 3516 1364 3553 :
1398 3499 1653 3567 quoniam
1691 3498 1781 3566 qui
1831 3505 1885 3548 et
1916 3496 2073 3564 lepra:

501 3602 692 3654 morbo
741 3598 1076 3655 laborarunt,
1104 3594 1257 3663 juxta
1313 3591 1481 3660 legem
1531 3591 1827 3657 antiquam.
1860 3596 1918 3641 ut
1971 3588 2073 3639 im-

500 3692 684 3747 mundi
722 3691 1140 3744 dtmittehantur
1162 3724 1177 3751 ,
1206 3684 1345 3753 apud
1379 3699 1479 3738 nos
1513 3694 1692 3737 autem
1740 3681 1792 3734 in
1841 3680 2074 3735 ecclesia

502 3796 808 3849 versantur,
834 3790 889 3836 et
908 3791 1343 3850 coitipreeantur,
1375 3795 1403 3831 a
1430 3779 1621 3832 morbo
1647 3779 1779 3830 nihil
1809 3776 2074 3844 impediti,

498 3879 594 3933 sed
620 3893 685 3933 eo
724 3879 905 3947 potius
942 3875 1165 3942 recepti.
1196 3873 1424 3927 Zonara:
1471 3883 1653 3926 autem
1684 3870 2067 3940 interpretatio

501 3985 610 4026 non
634 3969 720 4023 hic
752 3967 1044 4037 subjunCta
1071 3974 1176 4028 est,
1203 3964 1347 4033 quod
1374 3963 1440 4017 ad
1467 3966 1752 4018 verborum
1784 3960 2081 4030 Scriptum

503 4058 1008 4130 interpretationem
1052 4057 1225 4125 magis
1261 4055 1533 4122 respiciat,
1591 4061 1646 4107 et
1689 4066 1793 4105 non
1824 4053 1889 4104 ad
1916 4065 2081 4104 cano-

504 4152 681 4205 nicam
716 4150 1040 4202 doctrinam.
1088 4144 1256 4199 Nobis
1294 4154 1475 4197 autem
1519 4144 1570 4197 itt
1625 4144 1726 4196 hac
1761 4145 2082 4210 interpreta-

504 4246 671 4304 tione,
707 4255 807 4294 nec
837 4254 981 4293 cura:
1012 4236 1116 4290 luit
1150 4238 1421 4290 rhetorica
1452 4235 1793 4302 compositio,
1827 4249 1926 4287 nec
1956 4248 2080 4287 ver-

505 4338 698 4388 borum
732 4343 955 4388 ornatus
1004 4340 1056 4384 et
1106 4330 1394 4400 elegantia,
1447 4330 1539 4382 sed
1568 4328 1860 4396 Scriptura:
1895 4327 2087 4380 verbo-

506 4443 626 4482 rum
664 4426 1064 4495 interpretatio,
1084 4425 1178 4477 setl
1204 4424 1465 4478 canonica
1498 4422 1792 4492 legaliSque
1817 4424 2081 4485 doctrina,

2173 3224 2328 3276 νόσου
2377 3223 2693 3293 νεφριτικῆς
2743 3222 3002 3290 γινομένη
3051 3222 3216 3292 ὲκροὴ
3262 3221 3357 3276 τοῦ
3408 3226 3755 3291 σπέρματος,

2170 3316 2259 3369 οἵα
2288 3316 2432 3368 ἐστὶν
2457 3318 2489 3385 ἡ
2518 3316 2625 3367 τῶν
2650 3314 2979 3384 γονορῤοιῶν
3003 3314 3095 3366 καὶ
3120 3315 3218 3381 τῆς
3245 3314 3549 3377 λιθιάσεως,
3577 3316 3757 3386 πάντῃ

2175 3411 2323 3462 εστὶν
2350 3408 2776 3477 ἀκατέγκλητος.
2809 3406 2927 3460 Κᾶν
2955 3409 3064 3475 γὰρ
3088 3406 3202 3459 ’άπὸ
3227 3406 3317 3459 τοῦ
3351 3408 3645 3461 Μωσαῖκου
3674 3408 3761 3459 νό-

2177 3516 2277 3569 μου
2325 3500 2374 3553 οἰ
2417 3500 2728 3568 γονοῤῥοεῖς
2773 3497 3074 3568 ἀκάθαρτοι
3103 3496 3429 3567 ἐλογίζοντο,
3469 3499 3607 3553 ἀλλὰ
3636 3495 3762 3553 καθ’

2174 3593 2361 3661 ἓτερον
2386 3592 2588 3662 τρόπον
2615 3591 2739 3645 ὅσον
2767 3591 2905 3662 πρὸς
2928 3593 3018 3644 τὸν
3046 3591 3315 3662 ἡμέτερον
3341 3594 3503 3661 νόμον
3530 3592 3760 3664 καθαροι

2178 3684 2501 3752 λογίζονναι.
2534 3684 2656 3737 Ὀτι
2710 3685 2805 3737 καί⁸
2848 3684 2902 3736 οί
2950 3683 3157 3753 λέπραν
3202 3685 3565 3754 νοσήσαντες.
3610 3689 3763 3755 παρὰ

2182 3778 2283 3849 μὲν
2317 3777 2393 3847 τῷ
2434 3776 2652 3848 παλαιῷ
2690 3778 2841 3847 νόμῳ
2876 3776 2953 3839 ὡς
2989 3777 3292 3847 ἀκάθαρτοι
3329 3780 3722 3849 άπεπέμποντο
3744 3794 3762 3811 ·

2184 3871 2487 3943 μεθ’ἠμῶν
2525 3871 2582 3925 δὲ
2625 3872 2718 3924 καὶ
2758 3872 3187 3942 ἐκκλησιάζουσι
3233 3874 3327 3926 καὶ
3374 3873 3765 3944 συνεύχονται,

2181 3966 2289 4018 ἀπο
2332 3968 2432 4035 τῆς
2481 3964 2638 4017 νόσου
2686 3964 2852 4033 μηδὲν
2896 3964 3333 4034 ἐμποδιζόμενοι,
3380 3965 3516 4019 ἀλλὰ
3562 3966 3765 4035 μᾶλλον

2184 4060 2278 4112 καὶ
2316 4058 2700 4125 οἰκειούμενοι.
2740 4056 2801 4108 Ἢ
2857 4056 3041 4125 μέντοι
3084 4057 3353 4127 ἑρμηνεία
3394 4057 3491 4110 τοῦ
3536 4060 3766 4129 Ζωναρᾶ

2184 4150 2244 4203 οὐ
2273 4147 2629 4217 κατεστρώθη
2662 4140 2793 4211 ὧδε,
2822 4146 2909 4198 διὰ
2935 4148 2993 4198 τὸ
3024 4148 3159 4217 πρὸς
3189 4148 3453 4218 ἐξήγησιν
3480 4152 3765 4219 γραφικιῖιν

2188 4242 2451 4312 ῥημάτων
2490 4241 2725 4309 μάλιστα
2768 4239 3098 4293 ἁποῦλέπειν
3136 4243 3229 4294 καὶ
3267 4242 3343 4313 μὴ
3380 4242 3516 4312 πρὸς
3550 4260 3769 4295 κανυνι-

2188 4332 2291 4402 κὴν
2320 4333 2691 4386 διδασκαλίαν.
2732 4331 2895 4402 Ἡμῖν
2923 4333 2979 4385 δὲ
3013 4334 3110 4387 οὐκ
3146 4336 3412 4407 ἐμέλησεν
3442 4337 3578 4400 ὅλως
3613 4340 3672 4390 ὲν
3701 4341 3769 4410 τῇ

2189 4425 2443 4495 παρούσῃ
2482 4426 2743 4496 ἐξηγήσει
2786 4427 3061 4497 συνθήκης
3103 4429 3397 4499 ῥητορικῆς
3440 4431 3471 4501 ἢ
3516 4432 3771 4495 εὐεπείας

506 4531 561 4575 et
593 4520 970 4588 interpretatio
1002 4517 1177 4587 legum
1232 4527 1289 4570 et
1338 4532 1648 4582 canonum,
1694 4518 1785 4584 qui
1834 4517 2067 4568 videntu:

2190 4490 2385 4581 λέξεων
2486 4490 2746 4587 ῥημάτων
2777 4490 3064 4588 γραφικων
3093 4490 3411 4590 έρμηνείας,
3444 4490 3581 4576 άλλὰ
3616 4490 3777 4577 atavo;

506 4614 787 4676 contrarii,
840 4612 1044 4680 reliqua
1096 4610 1655 4680 praetermittentibus.
1710 4620 1769 4663 ut
1811 4623 1931 4679 quae
1977 4622 2085 4663 non

506 4709 616 4762 sint
653 4704 935 4775 praesentia
983 4704 1239 4770 temporis
1284 4713 1338 4756 et
1380 4702 1632 4755 instituti.
1680 4701 1778 4765 Qui
1813 4706 1920 4754 vult
1953 4715 2083 4770 ergo

509 4798 753 4853 invenire
796 4796 1297 4865 interpretationem
1348 4806 1403 4848 et
1445 4794 1861 4848 declarationem
1913 4794 2087 4846 dicto-

510 4908 629 4945 rum
666 4892 1057 4959 apostolorum,
1104 4888 1397 4941 aliorumve
1430 4889 1495 4939 ad
1548 4885 1881 4955 Scripturatn
1924 4888 2091 4956 perti-

513 4984 781 5049 nentium,
809 4984 854 5037 is
890 4986 1049 5036 adeat
1075 4979 1372 5044 Zonaratu,
1406 4980 1485 5033 vel
1533 4981 1694 5033 etiam
1741 4981 1874 5034 alios
1912 4982 2083 5033 inter-

514 5089 712 5145 pretes.

588 5258 838 5314 ZONAB.
893 5261 1132 5327 Rogatus
1170 5258 1255 5312 hic
1297 5272 1521 5328 magnus
1571 5256 1729 5311 Pater
1756 5257 1824 5311 de
1855 5258 2086 5311 naturali

519 5353 741 5406 suminis
767 5356 1097 5415 excretione,
1134 5368 1256 5403 ttuttt
1285 5351 1354 5403 sit
1390 5354 1621 5419 impura,
1677 5352 1953 5419 respondit
2000 5354 2087 5404 in—
2138 5384 2139 5387 η

523 5445 894 5515 terrogationi,
933 5443 1063 5496 nihil
1096 5458 1279 5495 eorum
1311 5457 1429 5509 qua:
1456 5457 1485 5494 a
1518 5442 1625 5495 Deo
1651 5442 1791 5495 facta
1831 5452 1957 5497 sunt
1987 5442 2090 5494 itn-

521 5554 708 5606 pttl'tllll
745 5551 886 5590 esse.
922 5536 1055 5600 Quia
1094 5549 1217 5589 vero
1242 5535 1702 5600 subseminautur,
1729 5536 1826 5588 hoc
1853 5544 1956 5597 est,
1985 5534 2089 5586 im-

522 5632 803 5681 mittuntur
839 5629 1193 5696 eugitationcs
1241 5642 1275 5681 a
1330 5629 1469 5681 malo
1501 5627 1763 5691 daemone,
1814 5640 1877 5681 ac
1909 5628 2091 5681 since-

617 5817 629 5844 ⁸
662 5816 845 5871 )latth.
880 5830 930 5871 ι’.
961 5814 1053 5870 28.

2192 4614 2349 4679 νικῆς
2393 4611 2486 4662 καὶ
2529 4609 2759 4679 νομικῆς
2800 4609 3151 4675 διδασκαλίας
3194 4616 3281 4665 καὶ
3327 4614 3625 4685 ἑρμηνείας
3666 4618 3775 4671 τῶν

2192 4703 2493 4756 δοκούντων
2529 4702 2925 4769 ὲναντιοφανών
2960 4704 3139 4773 νόμων
3172 4722 3232 4758 τε
3266 4707 3359 4758 καὶ
3392 4709 3670 4773 κανόνων,
3706 4709 3777 4763 τὰ

2193 4797 2357 4849 λοιπὰ
2405 4794 2886 4865 παραδραμοῦσιν,
2936 4796 3009 4859 ὠς
3064 4797 3140 4868 μὴ
3189 4798 3283 4850 τοῦ
3333 4799 3600 4868 παρόντος
3645 4802 3777 4859 ὄντα

2195 4886 2412 4957 καιροῦ.
2443 4887 2501 4938 '0
2533 4886 2665 4954 γοῦν
2695 4886 2864 4939 θέλων
2893 4889 3072 4958 εὑρεῖν
3102 4890 3198 4959 τὴν
3228 4890 3525 4961 ἑρμηνείαν
3554 4896 3647 4947 καὶ
3676 4898 3779 4966 τὴν

2186 4983 2498 5049 σαφήνειαν
2525 4980 2633 5030 τῶν
2662 4979 3035 5031 άποστολικὼν
3066 4982 3327 5049 ῥημάτων
3356 4984 3386 5053 ἢ
3422 4988 3513 5037 καὶ
3540 4987 3648 5038 τῶν
3676 4988 3778 5041 ἆλ-

2197 5071 2303 5123 λων
2336 5069 2644 5139 γραφικῶν,
2678 5070 3058 5137 ὲντυγχανέτω
3091 5070 3168 5140 τῷ
3204 5073 3435 5144 Ζωναρᾷ
3470 5075 3500 5145 ῆ
3539 5077 3630 5129 καὶ
3665 5081 3781 5143 τοῖς

2196 5168 2373 5229 ἄλλοις
2404 5168 2694 5237 ἐξηγηταῖς
2723 5167 2923 5221 αὐτῶν.

2269 5260 2519 5314 ΖΩΝΔΡ.
2558 5260 2887 5329 Ἐρωτηθεὶς
2931 5260 2958 5311 ὀ
3004 5258 3181 5327 μέγας
3218 5253 3373 5319 οὗτος
3416 5259 3606 5328 Πατὴρ
3650 5262 3783 5331 περὶ

2197 5356 2297 5423 τῆς
2346 5353 2579 5422 φυσικῆς
2629 5352 2925 5421 Emptum,
2974 5355 3074 5423 τῆς
3123 5351 3320 5420 γονῆς,
3371 5352 3419 5402 εί
3454 5351 3781 5420 .ἁκάθαρτός

2199 5450 2368 5512 ἐστιν,
2417 5445 2690 5517 ἀπεκρίθη
2740 5446 2873 5515 πρὸς
2923 5444 2985 5495 τὸ
3035 5443 3295 5513 ἐρώτημα
3345 5444 3427 5496 ὅτι
3475 5443 3626 5496 οὐδὲν
3671 5445 3782 5496 τῶν

2201 5538 2355 5607 παρὰ
2388 5536 2524 5590 Θεοῦ
2559 5535 2868 5605 γενομένων
2903 5534 3235 5603 ἀκάθαρτον.
3269 5533 3392 5587 Ὀτι
3424 5535 3480 5585 δὲ
3514 5535 3786 5587 ὑποσπεί-

2208 5644 2287 5698 ρει
2309 5667 2323 5695 ,
2356 5626 2523 5697 ἠγουν
2555 5625 2844 5681 ὑποὸάὶλει
2874 5624 3169 5694 λογισμοὺς
3204 5626 3231 5677 ὁ
3262 5626 3536 5695 πονηρὸς,
3568 5640 3656 5677 και
3689 5639 3789 5678 τα-
