4076 6406
375 350 480 411 553

1289 345 1369 404 ΙΝ
1416 343 1659 404 El’lST.
1704 342 1759 401 S.
1801 336 2216 400 ATHANASII
2253 338 2352 396 AD
2397 335 2705 395 AMMUM.

3533 333 3637 393 εἶμί

371 459 567 533 pisae:
611 456 739 521 τοὺς
780 455 1201 526 ἁκερᾳιοτέρους
1230 455 1338 524 ,τὴν
1376 455 1624 524 γνώμην,
1669 453 1791 522 ἦτοι
1832 447 1956 512 τοὺς

2082 453 2235 504 iores
2280 449 2481 514 animo,
2523 447 2882 513 simpliciores
2917 443 3165 499 videlicet
3197 443 3587 513 perturbantur
3625 459 3643 494 :

372 552 779 624 ἁπλουστέρους
811 567 828 584 ο
872 553 1006 621 φέρε
1049 552 1118 604 δι’
1141 552 1339 620 ὀλίγων
1379 551 1551 618 λόγων
1593 547 1957 615 ἁπελάσωμεν

369 648 428 700 ὲν
465 645 584 716 Θεῷ
618 645 718 715 τὴν
752 642 847 697 τοῦ
887 643 1126 715 πονηροῦ
1167 643 1398 712 πλάνην,
1441 643 1562 695 ἀντὶ
1597 640 1689 694 τοῦ
1729 639 1806 710 τῷ
1842 635 1960 706 Θεῷ

371 738 703 811 θαρροῦντες
723 778 738 802 ,
771 737 864 789 καὶ
893 735 993 805 τὴν
1021 735 1248 805 γνώμην
1277 734 1384 787 τῶν
1416 732 1800 800 ἁπλουστέρων
1833 746 1962 797 στη-

373 829 635 901 ρίξωμεν.
667 829 930 897 Ἀρχεται
969 826 1062 879 οῦν
1102 826 1196 879 τοῦ
1239 825 1422 894 λόγου,
1460 824 1656 893 χρῆσιν
1697 821 1960 892 παράγων

371 924 436 972 ἐκ
467 923 565 986 τῆς
596 918 734 988 πρὸς
765 919 924 971 Τῖτον
955 917 1244 987 ἐπιστολῆς
1274 916 1369 970 τοῦ
1404 915 1562 984 ἁγίου
1600 914 1838 976 Παύλου,
1870 911 1965 966 καί

373 1027 541 1080 φησιν
571 1011 653 1063 ὅτι
686 1009 865 1062 πάντα
894 1008 1113 1079 καθαρὰ
1141 1010 1252 1070 τοῖς
1284 1006 1576 1078 καθαροῖς,
1609 1007 1713 1058 τῶν
1742 1005 1796 1057 δὲ
1825 1005 1965 1056 ἀκα-

375 1101 587 1171 θάρτων
626 1101 721 1154 καὶ
763 1101 796 1170 ἡ
845 1100 1152 1171 συνείδησις
1207 1099 1566 1170 μεμόλυνται.
1607 1097 1795 1151 Ταῦτα
1838 1097 1894 1148 δὲ
1939 1097 1966 1147 6

375 1193 648 1260 μακάριος
673 1189 901 1261 ,Παῦλος
943 1192 1070 1260 περὶ
1105 1190 1208 1259 τῆς
1245 1191 1303 1242 ὲν
1346 1189 1632 1260 βρώμασιν
1670 1186 1965 1254 Ἰουδαϊκῆς

372 1285 520 1353 λέγει
555 1284 1022 1355 παρατηρήσεως,
1056 1283 1136 1336 ὅτι
1166 1282 1276 1335 τῶν
1309 1281 1412 1335 ὑπὸ
1443 1282 1576 1334 Θεοῦ
1613 1280 1964 1343 κτισθέντων,

372 1379 526 1433 οὐδὲν
561 1378 878 1448 ἀκάθαρτον
913 1378 1056 1430 κατὰ
1091 1376 1191 1445 τὴν
1229 1374 1423 1428 ἑαυτοῦ
1466 1373 1629 1443 φύσιν
1654 1390 1667 1406 ο
1721 1373 1876 1425 οὐδὲν
1909 1373 1967 1424 δὲ

273 1487 280 1494 ·
373 1473 486 1533 τοῖς
529 1469 926 1540 μεμιασμένοις
965 1467 1228 1536 καθαρὸν,
1271 1466 1407 1519 ἀλλὰ
1451 1465 1748 1536 μεμίανται
1788 1463 1969 1516 αὐτῶν

374 1563 468 1614 καὶ
496 1563 524 1616 6
555 1561 680 1624 νοῦς
706 1565 800 1616 καὶ
829 1563 862 1631 ή
897 1560 1203 1630 συνείδησις
1224 1575 1236 1588 ο
1274 1556 1570 1628 μεμίανται
1600 1556 1656 1609 δὲ
1688 1556 1754 1625 τῇ
1789 1555 1969 1623 ἁμαρ-

374 1653 466 1723 τίᾳ
496 1654 592 1706 καὶ
621 1653 698 1724 τῷ
732 1653 1048 1722 λογίζεσθαι
1081 1652 1148 1704 τὰ
1186 1650 1260 1722 μὴ
1296 1649 1598 1720 πρέποντα.
1630 1647 1730 1700 Διά
1759 1646 1971 1700 τούτων

375 1740 470 1798 οῦν
495 1745 602 1797 τῶν
627 1744 802 1814 λόγων
830 1732 1362 1816 προκατασκευάσας
1390 1743 1417 1793 6
1446 1741 1622 1810 μέγας
1653 1738 1971 1800 Ἀθανάτιος

376 1831 478 1902 τὴν
506 1833 719 1886 οἰκείαν
750 1835 978 1906 γραφὴν,
1005 1833 1202 1900 ἐπάγει
1231 1847 1246 1863 ·
1281 1832 1532 1900 ’Λγαμαι
1566 1830 1622 1883 δὲ
1644 1869 1659 1894 ,
1693 1830 1813 1900 ἦτοι
1845 1828 1974 1882 θαυ-

379 1923 562 1994 μάξω,
590 1924 684 1978 τοῦ
713 1925 962 1979 διαϐόλου
989 1925 1050 1978 τὸ
1079 1925 1349 1994 σόφισμα,
1377 1922 1476 1994 τὴν
1503 1923 1722 1995 ἀπάτην
1749 1922 1977 2005 δηλαδὴ,

367 2016 458 2070 ,ὅτι
489 2015 666 2086 φθορὰ
693 2015 770 2069 ὢν
800 2017 897 2070 καὶ
927 2015 1076 2087 λύμη
1105 2014 1389 2083 ένθυμίζει
1421 2015 1717 2084 λογισμοὺς
1750 2016 1974 2070 δοκοῦν-

374 2125 475 2172 τας
505 2103 644 2163 εῐναι
673 2109 1068 2180 καθαρότητος.
1099 2108 1172 2160 Τὸ
1199 2107 1257 2160 δὲ
1286 2108 1418 2179 παρ’
1444 2107 1654 2161 ἐκείνου
1687 2108 1974 2178 γινόμενον

376 2199 571 2270 ἐνέδρα
597 2201 769 2266 ἐστὶν,
798 2202 967 2272 ἤγουν
993 2200 1203 2272 κρυφία
1227 2198 1514 2272 ἐπιϐουλὴ,
1542 2199 1659 2254 ἁλλ’
1681 2199 1800 2269 ούχὶ
1830 2199 1977 2253 δοκι-

379 2291 574 2362 μασία.
603 2293 723 2346 Ἵνα
751 2296 859 2364 γὰρ
887 2293 1151 2368 ἀπαγάγῃ
1183 2294 1308 2356 τοὺς
1337 2294 1584 2366 ἀσκητὰς
1613 2293 1712 2362 τῆς
1743 2291 1973 2364 έθίμου,

374 2385 622 2438 τουτέστι
652 2387 752 2454 τῆς
783 2385 1050 2455 συνήθους
1081 2385 1177 2440 καὶ
1206 2384 1490 2455 ὠφελίμου
1522 2385 1805 2454 φροντίδος
1826 2423 1843 2449 ,
1874 2385 1969 2438 καὶ

373 2474 499 2545 δόξῃ
533 2475 690 2546 νικᾷν
723 2475 926 2538 αύτούς
953 2491 968 2507 ·
1001 2475 1142 2528 κατά
1171 2475 1331 2530 τοῦτο
1365 2475 1489 2547 (διὰ
1518 2473 1711 2545 τοῦτο)
1744 2474 1973 2530 τοιαῦτα

376 2567 519 2624 κινεί
563 2565 860 2636 βομϐύκια,
906 2567 1026 2638 ἦτοι
1070 2567 1341 2638 φόϐητρα,
1384 2567 1622 2638 βόμϐους
1664 2566 1825 2636 μόνον
1867 2569 1969 2637 έμ-

379 2658 662 2714 ποιοῦντα.
693 2659 760 2713 Τί
792 2661 924 2729 γὰρ,
957 2663 1144 2729 φησιν,
1174 2660 1289 2731 ἔχει
1320 2661 1630 2732 ἁμάρτημα
1658 2660 1690 2731 ἢ
1722 2659 1973 2732 ἀκάθαρ-

377 2766 470 2805 τον
496 2754 530 2822 ἡ
562 2751 770 2823 φυσικὴ
801 2751 1092 2822 ἐκκρίσιςς
1125 2750 1316 2822 ὥσπερ
1345 2755 1442 2807 ἐάν
1468 2769 1550 2815 τις
1579 2752 1820 2806 αἰτιᾶται
1847 2753 1973 2814 τοὺς

381 2845 702 2916 ἀνθρώπους
731 2848 826 2900 καὶ
851 2847 941 2901 διὰ
965 2846 1064 2910 τὰς
1093 2847 1260 2910 ἄλλας
1287 2847 1593 2918 ἐκκρίσεις,
1623 2842 1735 2900 οἷον
1759 2845 1846 2899 διὰ
1872 2846 1972 2908 τὰς

386 2936 560 3006 μύξας
592 2940 685 2990 καὶ
714 2940 782 2992 τὰ
818 2939 1150 3009 πτύσματα,
1183 2939 1278 2994 καὶ
1309 2939 1410 2993 ὅσα
1441 2937 1530 2992 διά
1561 2937 1845 3009 γαστέρων
1875 2938 1972 2990 έκ-

384 3027 698 3101 κρίνονται,
731 3031 900 3101 ἤγουν
931 3031 1288 3085 ἐκϐάλλονται
1321 3029 1418 3084 καὶ
1451 3029 1736 3084 κενοῦνται
1759 3067 1774 3093 ,
1810 3029 1971 3083 ἅτινα

384 3116 748 3189 ὲκκρινόμενα
775 3119 1046 3188 ὠφελοῦσι
1080 3120 1217 3192 πρὸς
1245 3121 1346 3192 τὴν
1381 3119 1550 3191 ζωήν.
1587 3120 1890 3190 Ἐπιχειρεῖ
1918 3119 1974 3171 δὲ

385 3208 478 3259 καὶ
502 3207 791 3279 ἑτέρωθεν.
825 3211 888 3262 Εἰ
915 3210 1028 3282 γὰρ
1060 3209 1416 3280 πιστεύομεν,
1449 3211 1605 3280 φησι,
1638 3210 1750 3263 τῶν
1779 3211 1979 3280 χειρῶν

381 3299 473 3353 τοῦ
501 3299 637 3354 Θεοῦ
669 3301 882 3371 ποίημα
907 3297 1045 3356 εἶναι
1070 3302 1162 3355 τὸν
1190 3301 1502 3372 ἄνθρωπον,
1529 3301 1648 3366 πῶς
1673 3305 1792 3356 ἐστι
1819 3303 1978 3355 δυνα-

381 3391 472 3444 τὸν
499 3393 562 3445 ὲκ
587 3391 684 3445 τοῦ
710 3390 847 3445 Θεοῦ
878 3393 1188 3464 ἀκάθαρτόν
1212 3411 1268 3446 τι
1295 3392 1548 3462 γενέσθαι
1575 3395 1669 3448 καὶ
1703 3393 1976 3463 μεμολυσ-

387 3485 581 3556 μένονς
611 3487 720 3539 Καὶ
755 3487 804 3539 εἰ
837 3485 993 3555 γένος
1030 3486 1169 3540 Θεοῦ
1209 3487 1531 3557 ὑπάρχομεν
1567 3486 1710 3540 κατὰ
1741 3491 1840 3550 τὰς
1873 3487 1983 3539 τῶν

385 3577 546 3630 θείων
578 3577 895 3631 ἀποστόλων
930 3578 1168 3648 Πράξεις
1189 3619 1205 3645 ,
1241 3579 1394 3632 οῦδὲν
1431 3579 1630 3649 ἔχομεν
1665 3580 1725 3630 ὲν
1766 3579 1985 3640 ἑαυτοῖς

385 3667 722 3737 ἀκάθαρτον.
762 3668 851 3723 Ἑν
881 3670 992 3742 γὰρ
1021 3673 1089 3740 τῇ
1121 3669 1294 3740 βίϐλῳ
1323 3670 1434 3723 τῶν
1465 3670 1728 3740 Ιιράξεων
1759 3671 1984 3742 ίστόρη-
2032 3665 2039 3672 ’

384 3777 475 3814 ται
517 3763 546 3814 6
592 3762 764 3832 μέγας
809 3763 1023 3826 Παῦλος
1071 3766 1186 3825 τοῖς
1221 3763 1532 3832 Ἀθηναίοις
1574 3762 1982 3832 διαλεγόμενος,

389 3851 486 3904 καὶ
524 3851 662 3922 πρὸς
700 3855 815 3916 τοῖς
855 3853 1035 3917 ἄλλοις
1077 3854 1175 3906 καὶ
1208 3851 1383 3906 ταῦτα
1421 3852 1594 3921 λέγων
1631 3855 1762 3922 περὶ
1799 3851 1936 3905 Θεοῦ
1967 3867 1982 3883 ο

402 3945 505 3998 Ἐν
532 3943 694 4010 αὐτῷ
728 3948 841 4014 γὰρ
876 3944 1062 4014 ζῶμεν
1093 3945 1194 3999 καὶ
1229 3945 1557 4014 κινούμεθα
1578 3986 1591 4007 ,
1627 3946 1728 3997 καί
1760 3943 1982 4013 ἐσμεν,

388 4038 468 4103 ὠς
510 4040 610 4093 καί
645 4055 807 4104 τινες
848 4038 967 4091 τῶν
1002 4039 1134 4093 καθ’
1167 4037 1326 4108 ὑμᾶς
1363 4037 1629 4106 ποιητῶν
1662 4037 1941 4108 εἰρήκασι
1966 4053 1982 4070 ⁶

397 4131 508 4185 Τοῦ
539 4132 648 4200 γὰρ
678 4130 853 4202 γένος
881 4132 1088 4200 ἐσμέν.
1117 4132 1288 4184 Τοῦτο
1313 4130 1369 4183 δὲ
1407 4131 1484 4201 τῷ
1525 4131 1741 4201 ’Δρὰτῳ
1770 4131 1985 4202 εἴρηται

391 4226 522 4293 περὶ
554 4225 648 4276 τοῦ
684 4224 806 4288 Διός
835 4239 851 4256 ο
886 4225 913 4276 6
951 4224 1010 4276 δὲ
1046 4223 1374 4286 ’Δπόστολος
1409 4226 1489 4286 εἰς
1521 4222 1614 4276 τὸν
1645 4222 1816 4287 ὅντως
1852 4224 1986 4276 Θεὸν

391 4315 452 4368 τὸ
479 4315 656 4386 νόημα
687 4315 1060 4387 ῂχμαλώτισε.
1095 4314 1284 4386 Τούτῳ
1311 4315 1494 4368 τοίνυν
1525 4317 1607 4379 είς
1637 4316 1986 4384 κατασκευὴν

393 4404 489 4458 τοῦ
521 4407 727 4459 οἰκείου
757 4408 916 4474 λόγου
946 4406 974 4458 6
1007 4405 1182 4476 μέγας
1211 4407 1484 4476 ἐχρήσατο
1519 4407 1840 4471 Ἀθανὰσιος
1862 4423 1879 4439 ⁶
1909 4409 1986 4472 ὡς

2065 560 2162 611 age
2196 541 2347 596 brevi
2374 555 2622 596 sermone
2657 538 2735 610 (id
2768 552 2868 603 est,
2902 536 3010 592 Deo
3037 539 3282 605 fidentes)
3312 539 3644 607 disjit-iamns

2068 637 2120 689 in
2173 637 2282 690 Deo
2321 635 2516 689 diaboli
2567 633 2819 697 fraudes,
2874 648 2937 686 ac
2995 631 3382 700 simpliciorqu
3435 633 3648 685 animos

2068 728 2474 782 conﬁrmemus.
2534 723 2852 780 Sermonem
2909 725 3092 794 itaque
3150 725 3486 791 auspicatur.
3538 724 3649 780 divi

2067 821 2216 874 Pauli
2249 820 2570 875 sententiam
2621 818 2902 887 proferens
2936 829 2999 870 ex
3036 817 3272 886 Epistula
3309 817 3374 870 ad
3426 815 3606 869 Titnm
3635 856 3652 880 ,

2068 917 2249 981 aitque
2279 914 2455 968 omnia
2485 913 2684 966 munda
2721 912 2957 977 mundis,
2994 913 3324 979 impurorum
3359 925 3486 964 vero
3519 926 3652 964 cono

2072 1007 2356 1060 scientiam
2389 1020 2606 1075 quoque
2641 1018 2762 1058 esse
2789 1005 3064 1073 poihitam.
3107 1003 3231 1058 Haec
3280 1017 3409 1056 vero
3464 1003 3653 1056 beatus

2075 1100 2269 1154 Paulus
2298 1099 2364 1154 de
2389 1097 2609 1152 Iudaica
2645 1096 3026 1152 observatione
3050 1096 3102 1150 iu
3135 1096 3273 1150 cibis
3316 1096 3511 1149 asserit
3544 1137 3558 1160 ,
3593 1095 3657 1148 il.

2077 1193 2248 1246 lorum
2281 1207 2400 1259 quae
2432 1205 2460 1244 a
2503 1189 2610 1243 Deo
2645 1198 2825 1244 creata
2860 1200 2984 1242 sunt
3014 1196 3206 1241 natura
3237 1203 3335 1242 sua
3373 1187 3507 1239 nihil
3533 1200 3661 1238 esse

2074 1285 2341 1353 impurum
2371 1299 2386 1338 :
2413 1296 2587 1350 neque
2611 1295 2739 1336 vero
2779 1279 2996 1349 pollutis
3025 1279 3320 1348 quidquam
3349 1292 3472 1331 esse
3500 1293 3659 1330 mun-

2072 1375 2224 1437 dum,
2254 1372 2347 1428 sed
2379 1372 2615 1441 ipsorum
2642 1384 2858 1439 quoque
2891 1382 3152 1432 mentem,
3181 1378 3235 1423 et
3269 1367 3656 1423 coascientiam

2073 1465 2332 1536 pollutam
2361 1477 2501 1518 esse.
2541 1461 2735 1516 Polluti
2768 1471 2894 1516 sunt
2918 1461 3063 1516 enim
3099 1471 3345 1531 peccato,
3367 1468 3420 1514 et
3445 1474 3508 1511 ea
3537 1474 3659 1526 quat:

2075 1563 2328 1617 indecora
2375 1569 2545 1628 sunt,
2583 1559 2892 1629 cogitando.
2949 1558 3052 1612 Per
3103 1559 3216 1612 haec
3273 1557 3434 1626 igitur
3489 1554 3657 1608 verba

2076 1656 2368 1711 constituto
2391 1669 2504 1710 suae
2530 1653 2842 1723 scriptionis
2870 1650 3134 1720 prooemio
3161 1665 3388 1719 magnus
3417 1650 3660 1700 Athana-

2076 1749 2191 1802 sius
2219 1746 2475 1815 subjicit:
2510 1743 2679 1799 Miror
2728 1753 2938 1809 autem,
2985 1743 3100 1796 sive
3143 1756 3266 1795 cum
3299 1739 3660 1793 admiratione

2091 1847 2278 1908 specto
2303 1836 2496 1893 diaboli
2527 1835 2922 1902 calliditatem,
2976 1833 3194 1889 fraudes
3237 1833 3485 1888 videlicet
3519 1848 3532 1886 :
3570 1833 3663 1900 qui

2087 1945 2210 1985 eum
2244 1929 2515 1998 corruptio
2544 1927 2614 1982 sit
2642 1936 2696 1982 et
2728 1926 2862 1993 lues,
2898 1925 3253 1995 cogitationes
3300 1934 3513 1987 tamen,
3543 1936 3666 1990 quin

2091 2039 2238 2095 pura:
2265 2024 2516 2078 videntur
2541 2035 2683 2087 esse,
2717 2021 2770 2075 in
2794 2021 3038 2074 animum
3067 2018 3327 2072 insinuat.
3358 2015 3508 2083 Quod
3536 2030 3666 2069 vero

2089 2118 2157 2172 ab
2194 2117 2286 2172 illo
2319 2117 2376 2169 lit
2407 2114 2621 2171 insidiae
2654 2124 2801 2177 sunt,
2831 2113 2935 2167 hoc
2979 2119 3082 2175 est,
3116 2110 3345 2166 occultae
3385 2109 3668 2163 machina-

2083 2210 2284 2272 tiones,
2319 2221 2422 2262 non
2452 2204 2743 2276 probandae
2772 2201 3085 2259 constantiae
3105 2202 3558 2271 experimentum.
3594 2197 3666 2253 Ut

2085 2301 2230 2353 enim
2263 2311 2378 2360 eos,
2415 2295 2506 2365 qui
2533 2295 2589 2348 in
2633 2309 2813 2349 rerum
2863 2292 3171 2348 divinarum
3205 2290 3558 2344 meditatione
3605 2303 3667 2341 se

2086 2397 2365 2455 exercent,
2399 2403 2428 2442 a
2453 2396 2742 2450 consueta,
2773 2385 2873 2439 hoc
2903 2392 3008 2450 est,
3039 2383 3238 2437 usitata
3273 2382 3429 2451 ipsis,
3465 2391 3519 2433 et
3551 2379 3667 2433 fru-

2086 2493 2274 2540 ctuosa
2323 2481 2556 2536 abducat
2590 2479 2938 2547 cogitatione,
3007 2485 3170 2546 atque
3217 2476 3363 2545 ipsos
3403 2488 3668 2542 superare

2085 2578 2354 2639 videatur.
2403 2573 2700 2630 secundum
2752 2571 2856 2627 hoc
2902 2571 3039 2642 (sive
3095 2569 3236 2623 hanc
3290 2568 3360 2622 ob
3418 2573 3666 2635 causam)

2087 2669 2352 2738 ejusmodi
2383 2675 2563 2722 movet
2593 2664 2908 2736 hombycia,
2933 2677 3030 2718 seu
3059 2659 3500 2717 terriculamenta
3537 2675 3660 2727 qua:

2083 2763 2421 2819 solummodo
2456 2759 2681 2815 bombos
2706 2759 2871 2812 cient.
2907 2755 3048 2822 Quid
3095 2762 3178 2809 est
3228 2753 3398 2816 enim,
3453 2751 3568 2816 ait,
3610 2751 3662 2803 in

2087 2855 2318 2910 naturali
2361 2853 2677 2908 excretione
2711 2849 2981 2915 criminis,
3006 2857 3098 2902 aut
3126 2845 3476 2916 impnritatis?
3504 2843 3667 2897 veluti

2085 2950 2130 3004 si
2153 2948 2274 3018 quis
2289 2947 2538 3002 homines
2563 2945 2635 3001 ob
2661 2945 2768 2998 alia
2799 2957 3016 3013 quoque
3040 2950 3392 2997 excrementa
3427 2946 3666 2998 accust‘t.

2085 3049 2146 3095 ut
2187 3040 2257 3094 ob
2293 3051 2570 3092 mucorem
2624 3034 2860 3100 narium,
2917 3043 2972 3087 et
3026 3039 3207 3102 sputa,
3244 3041 3300 3085 et
3331 3043 3671 3097 quacunque

2007 3162 2050 3222 ο
2084 3147 2181 3202 per
2213 3129 2572 3186 ventriculum
2604 3133 2993 3190 excernuntur,
3026 3125 3262 3187 hocest,
3289 3123 3581 3192 ejiciuatttr
3607 3134 3670 3172 ac

2082 3233 2472 3288 exoneramur,
2533 3235 2654 3292 quin
2708 3218 2925 3289 quidem
2978 3233 3074 3286 per
3128 3217 3499 3270 excretionem
3557 3213 3670 3282 39

2084 3317 2286 3371 emissa
2317 3312 2384 3368 ad
2413 3313 2578 3367 vitam
2607 3311 2823 3381 juvant.
2865 3307 3041 3362 Aliam
3077 3321 3204 3362 vero
3239 3314 3500 3376 praeterea
3542 3320 3667 3372 pro-

2082 3409 2362 3464 bationem
2389 3405 2725 3476 aggreditur.
2760 3403 2816 3458 Si
2846 3403 3012 3465 enim,
3044 3399 3242 3469 inquit,
3266 3414 3402 3468 opus
3430 3397 3523 3452 Dei
3551 3411 3672 3450 ma.

2087 3515 2251 3553 nuum
2281 3512 2400 3554 esse
2430 3497 2705 3551 hominem
2737 3493 3035 3557 credimus,
3074 3493 3171 3562 qui
3202 3489 3314 3546 ﬁeri
3351 3499 3528 3560 potest
3557 3498 3612 3541 ut
3641 3502 3671 3540 a

2072 3589 2197 3648 'Deo
2247 3591 2516 3659 impurum
2561 3587 2835 3657 quidpiam
2895 3585 3266 3655 pollutamque
3313 3581 3672 3652 procreetur?

2085 3684 2165 3738 Ac
2193 3681 2460 3750 siquidem
2499 3679 2596 3734 Dei
2625 3693 2796 3746 genus
2831 3693 3043 3741 sumus,
3075 3685 3132 3730 ut
3183 3679 3235 3728 in
3277 3675 3426 3730 Actis
3459 3674 3672 3728 divinu-

2090 3791 2208 3830 runt
2247 3771 2616 3844 apostolorum
2665 3769 2883 3839 legitur,
2924 3770 3056 3821 nihil
3095 3770 3146 3822 in
3181 3768 3338 3822 nobis
3387 3768 3518 3837 ipsis
3571 3768 3674 3820 im-

2088 3866 2347 3920 mundum
2386 3863 2672 3924 habemus.
2699 3861 3173 3914 Commemoratur
3199 3874 3432 3928 namque
3454 3859 3506 3913 in
3536 3859 3673 3911 libro

2085 3959 2344 4014 Actorum
2394 3969 2620 4022 magnus
2653 3950 2854 4005 Paulus
2887 3950 2953 4005 ad
2985 3950 3346 4004 Athenienses
3373 3951 3669 4011 disserens,

2088 4062 2151 4101 ac
2186 4055 2380 4115 praeter
2414 4043 2519 4096 alia
2557 4044 2670 4095 Intee
2696 4055 2913 4110 quoque
2940 4041 3138 4094 edatur
3179 4041 3246 4094 de
3277 4039 3385 4094 Deo
3419 4056 3432 4092 :
3467 4037 3532 4092 In
3558 4039 3672 4107 ipso

2087 4140 2225 4193 enim
2254 4138 2494 4195 vivimus.
2527 4150 2816 4196 moremur,
2845 4143 2893 4187 et
2940 4148 3154 4193 sumus,
3192 4141 3249 4185 ut
3281 4130 3440 4185 etiam
3478 4146 3676 4184 νειμ-ο·
3704 4129 3720 4148 ⁸

2089 4245 2206 4282 rum
2233 4237 2503 4297 poetarum
2542 4225 2758 4294 quidam
2796 4219 3069 4284 dixerunt,
3117 4219 3295 4290 Ipsius
3336 4235 3560 4288 namque
3591 4234 3678 4288 ge-

2091 4339 2188 4379 nus
2209 4337 2391 4376 sumus
2448 4323 2488 4374 ¹.
2520 4317 2634 4373 Hoc
2663 4331 2792 4371 vero
2828 4318 2962 4372 dixit
2996 4317 3200 4369 Aratus
3231 4320 3294 4368 de
3317 4312 3450 4368 Jove
3479 4331 3491 4366 :
3533 4312 3678 4380 Apo-

2091 4415 2264 4471 stolus
2309 4422 2490 4466 autem
2530 4410 2597 4464 ad
2649 4424 2838 4464 verum
2876 4409 3041 4463 Deum
3094 4407 3419 4462 sententiam
3461 4420 3676 4458 accom-

393 4499 443 4551 εί
478 4500 633 4567 γένος
669 4499 804 4552 Θεοῦ
847 4499 1035 4568 ἐσμὲν,
1074 4499 1148 4561 ὡς
1182 4502 1238 4552 ἐν
1277 4501 1397 4562 ταῖς
1441 4499 1716 4570 Πράξεσιν
1739 4501 1978 4569 εἴρηται,

2089 4506 2352 4564 modavit.
2385 4504 2462 4562 Eo
2488 4504 2655 4574 igitur
2691 4503 2756 4558 ad
2789 4517 2900 4557 sua:
2925 4501 3188 4556 orationis
3213 4498 3678 4555 conﬁrmationem

391 4591 543 4643 οὐδὲν
574 4590 770 4660 ἔχομεν
806 4589 1222 4660 μεμολυσμένον
1251 4589 1285 4660 ἢ
1323 4591 1544 4660 μιαρόν.
1573 4591 1707 4643 Τότε
1740 4592 1850 4660 γὰρ
1886 4607 1985 4660 με-

397 4685 738 4754 μσιλύσμεθα,
764 4685 852 4738 ὅτε
880 4684 1274 4754 ἁμαρτάνομεν
1295 4698 1308 4712 ·
1334 4686 1368 4753 ὴ
1396 4683 1454 4736 δὲ
1484 4686 1690 4754 φυσικὴ
1720 4684 1989 4754 ἔκκρισις,

397 4780 660 4846 γινομένη
708 4777 769 4840 ἐξ
815 4776 1060 4846 ἀνάγκης
1106 4776 1206 4845 τῆς
1249 4775 1488 4844 φύσεως,
1530 4775 1592 4826 ού
1641 4775 1866 4844 μιαίνει.
1902 4774 1992 4838 Ὠς

393 4868 558 4946 ’τινῶν
590 4868 647 4921 δὲ
683 4868 1075 4934 ἀντιλεγόντων
1108 4869 1206 4921 καὶ
1240 4867 1606 4938 παραγόντων
1642 4867 1786 4937 ρητὰ
1821 4867 1990 4934 εὐαγ-

396 4961 589 5028 γελικὰ
615 4962 687 5014 τὰ
718 4962 969 5029 λέγοντα,
1006 4964 1089 5015 Οὐ
1122 4960 1194 5013 τὰ
1227 4960 1626 5032 είσερχόμενα
1660 4957 1856 5012 κοινοῖ
1881 4960 1990 5012 τὸν

396 5055 736 5122 ἀνθρώπων,
764 5054 924 5108 ἀλλὰ
949 5055 1020 5106 τὰ
1050 5053 1421 5122 ἐξερχόμενα
1444 5068 1456 5082 ·
1490 5053 1707 5104 ἵσταται
1735 5052 1830 5103 καὶ
1857 5053 1994 5121 πρὸς

401 5146 557 5199 τοῦτο
579 5146 797 5210 δεικνὺς
830 5146 905 5216 μὴ
931 5145 1115 5209 καλῶς
1143 5145 1412 5214 νοούμενα
1437 5143 1509 5197 τὰ
1536 5142 1676 5214 ρητά
1705 5144 1858 5213 παρὰ
1884 5141 1993 5195 τῶν

403 5239 795 5308 ἀντιλεγόντων
820 5257 834 5271 ·
869 5240 964 5293 καί
999 5257 1134 5309 φησι
1169 5239 1250 5291 ὅτι
1284 5239 1414 5309 περὶ
1451 5237 1758 5309 βρωμάτων
1790 5236 1995 5288 ἐνδοια-

406 5330 545 5393 στῶς
585 5335 822 5402 ἑχόντων
863 5333 1028 5385 τινῶν
1069 5333 1188 5401 ἦτοι
1231 5329 1583 5394 δειλιώντων,
1621 5327 1992 5398 ἁμῳιϐαλ-λόνο

400 5443 511 5478 των
533 5466 548 5492 ,
580 5429 654 5491 ώς
695 5430 1036 5498 μολυνόντων
1067 5431 1195 5490 τοὺς
1230 5426 1549 5498 χρωμένους
1583 5425 1770 5486 αὐτοῖς
1791 5463 1805 5489 ,
1842 5423 1988 5475 λύων

401 5519 582 5572 αὐτῶν
606 5523 705 5592 τὴν
730 5523 955 5590 ἄγνοιαν
979 5524 1008 5574 6
1035 5521 1240 5592 Κύριός
1268 5536 1402 5590 φησι
1435 5517 1511 5590 μὴ
1537 5521 1604 5571 τὰ
1634 5519 1990 5587 εἰσερχόμενα

404 5611 646 5678 κοινοῦν,
679 5611 848 5682 ἡγουν
885 5615 1153 5683 μιαίνειν,
1189 5613 1474 5684 μολύνειν,
1506 5611 1647 5666 ἀλλά
1677 5611 1743 5665 τὰ
1774 5610 1989 5681 ἐξερχό-

449 5765 452 5768 ’
496 5797 510 5827 ⁸
561 5794 682 5848 Act.
713 5808 818 5847 xvtt
849 5834 864 5860 ,
901 5791 993 5848 9.8.
1096 5788 1115 5818 '
1152 5795 1339 5849 Matth.
1379 5811 1446 5850 xv
1478 5835 1493 5858 ,
1525 5796 1607 5850 ll.
1668 5805 1673 5809 '

728 5892 1002 5952 Ριιτιιοι..
1047 5894 1166 5956 (ΞΒ.
1199 5890 1600 5956 CXXXVI“.

2087 4614 2316 4669 magnus
2345 4614 2474 4653 usus
2506 4606 2591 4652 est
2647 4596 2976 4650 Athanasius
3020 4595 3229 4656 dicens,
3277 4591 3544 4660 siquidem
3585 4589 3678 4642 Dei

2088 4708 2258 4764 genus
2282 4706 2492 4755 sumus,
2524 4697 2584 4743 ut
2619 4689 2672 4742 in
2718 4688 2869 4741 Actis
2899 4686 3119 4748 dicitur,
3164 4684 3297 4737 nihil
3332 4683 3533 4737 habere
3578 4696 3678 4733 nos

2091 4782 2379 4853 pollutum,
2413 4788 2509 4833 aut
2535 4777 2898 4832 immundum.
2933 4773 3086 4828 Tunc
3117 4789 3352 4843 namque
3381 4772 3676 4842 polluimur

2090 4891 2212 4930 cum
2248 4887 2557 4941 peccamus.
2583 4869 2853 4924 Naturalis
2903 4878 3084 4922 autem
3133 4865 3396 4930 excretio,
3441 4878 3560 4932 qua:
3613 4877 3678 4916 ex

2099 4979 2308 5022 natura:
2358 4964 2680 5020 necessitate
2733 4961 2830 5027 iit,
2883 4960 3104 5014 minime
3137 4957 3345 5027 polluit.
3409 4957 3680 5009 (ὶςιςιετιιιιι
3732 5013 3734 5017 _

2095 5073 2218 5113 cum
2273 5055 2516 5112 nonnulli
2563 5055 2998 5110 contradicerent
3034 5092 3050 5117 ,
3103 5066 3166 5105 ac
3219 5049 3538 5118 Evangeliea
3594 5045 3683 5099 illa
3727 5117 3733 5128 θ

2097 5152 2259 5206 verba
2289 5149 2621 5220 proferrent,
2657 5146 2780 5201 Non
2811 5160 2928 5216 quae
2953 5145 3150 5198 intrant
3187 5142 3532 5210 coinquinant
3583 5138 3680 5192 Ito-
3727 5133 3734 5199 ξ

2098 5243 2311 5308 minem,
2339 5241 2429 5296 sed
2453 5257 2572 5311 qm:
2602 5249 2791 5295 exeunt
2830 5245 2878 5303 ³,
2901 5237 2967 5291 ad
2998 5237 3099 5290 hoc
3126 5248 3337 5304 quoque
3369 5229 3680 5302 respondet,
3735 5229 3744 5272 ἠ

2099 5334 2166 5387 ab
2208 5333 2273 5387 iis
2309 5331 2400 5402 qui
2433 5341 2621 5385 contra
2657 5336 2895 5399 arguunt
2931 5339 3041 5379 non
3069 5325 3206 5378 bene
3262 5321 3486 5388 intelligi
3524 5317 3686 5370 verba

2096 5427 2186 5481 illa
2215 5426 2617 5488 demonstrans;
2645 5423 2829 5490 aitque
2852 5433 2976 5473 cum
3009 5419 3075 5472 de
3103 5416 3241 5470 cibis
3274 5414 3491 5481 quidam
3529 5409 3688 5463 dubi-

2097 5528 2300 5582 tarent,
2346 5516 2461 5570 sive
2508 5511 2876 5568 timidiuscule
2925 5509 3280 5572 lnesitarent,
3319 5505 3428 5560 acsi
3476 5511 3689 5556 utentes

2101 5612 2230 5681 ipsis
2265 5608 2598 5680 polluerent,
2631 5621 2818 5661 eorum
2855 5602 3252 5675 ignorationem
3290 5596 3548 5652 Dominus
3577 5593 3702 5659 θοις,

3295 5865 3366 5930 ιδ
