4076 6412
367 351 470 412 555

1655 343 1852 405 THEC
1863 343 1929 403 D.
1965 343 2055 403 BA
2067 345 2366 406 LSAMON

3540 343 3647 406 556

362 477 514 529 vens,
549 462 643 519 ait.
681 461 795 518 Non
837 476 898 516 ea
931 473 1050 531 quae
1101 457 1636 528 intrantinquinare,
1686 456 1788 510 huc
1818 463 1940 519 est,

2063 473 2210 520 κενά,
2239 457 2308 511 τά
2337 457 2445 511 ἀπὸ
2479 457 2709 526 καρδίας
2737 456 2940 526 δηλαδὴ
2970 459 3228 527 προϊόντα
3251 473 3263 487 ·
3301 455 3392 510 καὶ
3422 455 3450 509 6
3483 455 3647 508 Ἀπό-

359 555 626 626 polluere,
663 554 907 619 inlicere,
944 554 1038 607 sed
1065 567 1185 622 quae
1215 561 1435 614 exeunt,
1461 564 1584 620 quae
1613 563 1644 603 a
1683 549 1846 602 corde
1869 546 1966 599 vi-.

363 648 560 701 delicet
604 645 1043 716 progrediuntur.
1078 643 1168 696 Ait
1217 655 1348 696 vero
1397 639 1563 695 etiam
1617 636 1892 707 apostolus
1925 678 1943 704 ,

365 737 506 793 Esca
563 755 658 792 nos
702 754 809 792 non
850 735 1178 790 commendat
1203 733 1312 788 Deo
1355 733 1394 789 ⁸.
1449 731 1740 801 Postquam
1797 730 1948 785 hisce

364 830 676 883 rationibus
706 843 863 882 sumn
891 841 1194 883 sermonem
1234 839 1462 895 magnus
1493 825 1582 878 hic
1611 822 1777 877 Pater
1801 836 1948 876 con-

365 921 626 985 ﬁrmavit,
659 920 876 989 subiicit
906 919 1097 973 deinde
1133 935 1148 972 :
1179 917 1389 972 Dixerit
1417 925 1600 970 autem
1636 913 1776 970 forte
1805 928 1951 968 nunc

290 1081 295 1086 _
367 1027 582 1081 quoque
608 1011 803 1080 aliquis
833 1009 1230 1080 probabiliter,
1266 1006 1541 1061 Naturalis
1569 1003 1816 1075 quadam
1849 1018 1946 1058 ex-

380 1105 560 1157 etetio
591 1117 691 1156 nos
715 1102 779 1156 ad
813 1100 1131 1170 supplicium
1162 1099 1582 1167 haudquaquam
1614 1096 1853 1149 adducit.
1881 1092 1948 1146 Et

370 1210 500 1250 vero
537 1193 734 1248 medici
764 1206 1005 1262 quoque,
1046 1192 1142 1256 ait,
1174 1192 1276 1245 hac
1311 1190 1380 1245 de
1421 1203 1479 1244 re
1507 1187 1952 1259 respondebunt,

375 1293 652 1350 naturam,
688 1283 834 1337 velut
859 1293 1276 1338 excrementum
1305 1281 1600 1350 quoddam,
1636 1291 1822 1333 semen
1853 1290 1952 1330 ex-

368 1373 590 1441 pellere.
619 1373 894 1427 Anitnanti
924 1372 1174 1441 siquiden
1203 1371 1320 1425 dati
1357 1379 1484 1424 sunt
1512 1378 1744 1432 meatus,
1775 1377 1834 1421 ut
1860 1379 1958 1434 per

367 1465 468 1517 ltus
499 1467 928 1533 unumquodque
959 1463 1286 1528 membrum,
1315 1461 1460 1531 quod
1485 1458 1820 1529 superﬂuum
1846 1467 1954 1520 est,

370 1555 573 1625 eiiciat.
628 1556 840 1625 Capitis
881 1555 1143 1625 quidem,
1195 1553 1392 1620 inquit,
1427 1558 1775 1606 excrementa
1829 1554 1958 1603 sunt

369 1648 488 1716 pili,
517 1648 718 1716 quique
744 1661 839 1716 per
860 1659 1041 1710 nares,
1065 1655 1228 1714 atque
1249 1659 1310 1698 os
1329 1643 1654 1697 emittuntur
1677 1641 1951 1704 humores;

369 1749 423 1791 et
453 1741 674 1803 ventris,
709 1747 802 1792 aut
839 1739 1002 1792 totius
1053 1737 1219 1792 etiam
1275 1735 1538 1804 corporis,
1591 1733 1898 1801 egestiones
1932 1749 1946 1786 :

372 1830 794 1888 seminariorutn
854 1840 1036 1884 autem
1092 1837 1366 1882 meatuum
1415 1835 1819 1881 excrementum
1872 1832 1956 1877 est
1989 1809 2030 1863 Β

371 1933 582 1973 semen.
616 1917 897 1984 Quodnam
929 1932 1080 1987 ergo,
1109 1918 1308 1986 inquit,
1339 1917 1390 1970 in
1421 1929 1484 1969 ea
1515 1925 1794 1984 peccatum
1839 1912 1959 1968 fue-

374 2015 463 2074 rit,
500 2027 621 2065 cttnt
677 2013 780 2066 hoc
822 2026 1010 2066 semen
1070 2011 1308 2078 egeritur
1337 2023 1403 2062 eo
1449 2009 1628 2072 modo,
1682 2022 1812 2076 quo,
1863 2006 1956 2075 qui

352 2100 676 2154 etiorutavit
723 2102 1017 2162 hominem,
1076 2099 1218 2153 Dens
1271 2099 1440 2153 voluit
1502 2112 1568 2150 ac
1617 2096 1954 2150 constituit?

378 2194 577 2248 Verum
612 2209 678 2246 ne
709 2193 832 2261 quis
861 2193 927 2245 ad
965 2193 1079 2246 ltazc
1109 2191 1405 2260 obiiceret:
1449 2188 1738 2255 Quoniam,
1765 2198 1824 2242 ιιι
1852 2189 1955 2255 ais,

373 2287 584 2341 nullum
611 2295 698 2340 est
728 2295 1004 2354 peccatum
1037 2283 1092 2337 in
1140 2282 1366 2338 seminis
1397 2280 1545 2335 ﬂuxu
1576 2320 1594 2348 ,
1623 2281 1825 2351 quippe
1853 2281 1948 2350 qui

374 2380 700 2436 naturaliter
723 2378 989 2446 contingit
1019 2393 1032 2430 :
1063 2389 1163 2431 nec
1199 2388 1364 2429 verus
1405 2374 1626 2444 quidem
1663 2389 1816 2437 usus,
1844 2373 1960 2428 coi-

374 2471 454 2523 tio
486 2469 764 2534 nimirum,
792 2469 1023 2522 ducetur
1052 2469 1105 2520 itt
1151 2465 1412 2543 crimine;
1448 2465 1572 2535 quia
1604 2479 1725 2532 quae
1759 2464 1834 2518 illi
1859 2463 1957 2520 de-

336 2575 339 2578 ·
374 2563 620 2616 serviunt
643 2576 843 2630 organa
869 2575 897 2612 a
930 2559 1040 2614 Deo
1066 2556 1351 2613 cliormata
1382 2564 1508 2610 sunt
1533 2573 1548 2610 :
1571 2556 1956 2611 contradicen-

375 2664 483 2707 tcm
522 2652 732 2706 scilicet
778 2654 1107 2722 interrogat;
1141 2650 1365 2716 Qualem
1392 2657 1448 2702 tu
1469 2647 1605 2703 dicis
1651 2646 1846 2702 usum?
1886 2648 1963 2702 le-

376 2747 716 2813 gitimumne,
749 2759 818 2798 an
843 2759 965 2798 eum
991 2744 1081 2812 qui
1103 2743 1338 2808 occulte,
1366 2740 1762 2812 libidinoseque
1805 2755 1962 2798 exer-

371 2835 569 2889 'cetur?
603 2835 926 2904 chitimnm
959 2834 1234 2904 siquidem
1268 2834 1409 2888 Deus
1439 2835 1718 2903 permisit,
1751 2834 1960 2900 dicens,

373 2928 619 2981 Crescite
666 2935 717 2980 et
773 2926 1205 2994 multiplicamini
1250 2927 1296 2989 ³.
1322 2934 1376 2980 et
1417 2924 1694 2980 concessit
1736 2931 1962 2994 magnus

377 3020 579 3073 Paulus
634 3018 840 3084 dicens,
875 3016 1198 3070 Honorabile
1221 3016 1557 3082 connubium,
1601 3024 1652 3068 et
1683 3027 1829 3070 torus
1858 3017 1959 3069 im-

383 3107 686 3161 maculatus
739 3112 760 3143 ³
804 3123 819 3160 :
853 3106 990 3160 alius
1021 3120 1150 3159 vero
1192 3119 1324 3159 usus
1352 3103 1679 3160 interdictas
1711 3112 1814 3159 est.
1848 3104 1965 3160 lloc

383 3217 535 3264 vero,
569 3198 766 3268 inquit,
798 3198 853 3252 in
879 3199 1002 3252 aliis
1030 3212 1247 3266 quoque
1281 3197 1464 3251 multis
1498 3197 1660 3266 hujus
1699 3196 1824 3252 vita:
1865 3212 1960 3252 ac-

379 3292 616 3347 tionibus
647 3290 807 3360 facile
832 3289 1190 3350 inveniemus.
1217 3288 1480 3344 Occidere
1509 3302 1704 3356 nempe
1734 3289 1961 3344 vetitum

377 3393 494 3450 est;
523 3393 578 3436 at
612 3361 664 3436 in
690 3381 830 3436 bello
859 3379 1166 3435 interﬁcere
1193 3381 1375 3435 hostes
1404 3380 1700 3448 laudabile,
1741 3396 1804 3437 ac
1849 3397 1967 3436 ma-

376 3475 496 3540 gnis
538 3472 842 3528 honoribus
886 3471 1107 3542 dignum
1173 3471 1428 3526 habetur.
1482 3471 1720 3527 Proinde
1773 3473 1965 3528 eadem

374 3580 470 3619 res
503 3581 569 3619 ex
599 3565 780 3634 aliquo
815 3563 995 3631 capite
1030 3562 1172 3617 haud
1205 3562 1354 3629 licet,
1406 3577 1473 3617 ex
1524 3563 1632 3617 alio
1663 3579 1791 3619 vero
1835 3579 1966 3619 con-

376 3657 620 3722 ceditur,
682 3670 745 3710 ac
792 3655 1154 3710 dill‘erentiam
1207 3664 1550 3722 temporum,
1608 3669 1965 3722 personarum

379 3749 774 3816 modorumque
803 3747 1033 3801 aliorum
1061 3746 1325 3801 admittit.
1356 3745 1558 3801 Eadem
1594 3746 1759 3816 igitur
1785 3755 1870 3802 est
1899 3746 1968 3802 de

379 3843 525 3897 coitu
577 3841 739 3896 ratio.
774 3839 911 3894 Tum
951 3839 1172 3894 oracula
1204 3855 1270 3894 ex
1303 3839 1475 3894 sacris
1503 3838 1722 3895 Litteris
1763 3840 1865 3894 bac
1900 3839 1969 3895 de

377 3946 440 3985 re
490 3929 701 4001 profert
734 3946 749 3984 :
788 3944 912 3984 mox
942 3930 1009 3982 de
1042 3929 1245 3998 nuptiis
1277 3943 1516 3998 quoque,
1563 3943 1626 3982 ac
1659 3928 1969 3997 virginitate

389 4023 628 4087 disserit,
668 4022 910 4088 duasque
956 4021 1034 4074 ait
1061 4034 1186 4074 esse
1214 4020 1348 4082 vias,
1377 4019 1782 4073 matrimonium
1815 4021 1965 4074 vide-

381 4115 532 4180 licet,
562 4123 618 4168 et
659 4113 1058 4181 virginitatem;
1100 4112 1144 4164 si
1184 4111 1306 4180 quis
1350 4112 1516 4181 igitur
1553 4112 1965 4166 matrimonium

381 4204 626 4274 elegerit,
657 4204 1143 4271 reprehensionem
1173 4217 1280 4256 non
1315 4204 1478 4257 habet
1501 4239 1519 4267 ,
1555 4218 1732 4272 neque
1760 4218 1828 4258 ex
1864 4203 1969 4258 hoc

379 4295 862 4358 condemnabitur.
897 4296 1160 4349 Caeterum
1196 4309 1304 4349 non
1345 4304 1493 4348 tanta
1547 4295 1686 4349 dona
1713 4334 1729 4359 ,
1762 4307 1968 4364 quanta

382 4389 427 4442 is
453 4387 546 4455 qui
578 4385 940 4455 virginitatem
980 4385 1264 4453 amplexus
1294 4383 1458 4439 fuerit
1480 4426 1496 4451 ,
1525 4386 1778 4456 accipiet.
1807 4388 1968 4442 Acci-

2052 549 2237 612 στολος
2281 550 2337 603 δέ
2385 567 2556 621 φησιο
2605 550 2820 618 Βρῶμα
2865 548 3022 616 ἡμᾶς
3071 552 3142 602 οὐ
3189 550 3527 617 παρίστησι
3569 545 3648 610 τῷ

2053 638 2197 705 Θεῷ.
2236 641 2464 704 Τούτοις
2501 641 2593 693 τὸν
2630 643 2832 694 οἰκεῖον
2872 641 3031 708 λόγον
3069 641 3347 710 κρατύνας
3389 639 3417 690 6
3466 637 3640 708 μέγας

2051 727 2205 795 οὗτος
2237 731 2460 801 Πατὴρ,
2491 732 2691 798 ἐπάγει
2717 746 2731 761 ’
2767 732 2925 785 Εἴποι
2954 732 3001 787 δ’
3024 732 3090 786 ἄν
3121 749 3205 794 τις
3237 733 3333 784 καὶ
3360 729 3456 784 νῦν
3485 731 3638 783 εὐλό-

2050 841 2165 891 γως
2187 841 2200 854 ·
2231 826 2442 893 Φυσική
2477 842 2556 887 τις
2594 823 2844 894 ἔκκρισις
2881 824 3030 894 ἡμᾶς
3065 824 3125 876 οὐ
3163 825 3466 893 παρίστησι
3503 823 3642 891 πρὸς

2051 913 2345 984 τιμωρίαν.
2377 916 2486 968 Kal.
2513 916 2689 986 ἰατροὶ
2714 914 2794 978 δὲ,
2821 918 2975 984 φησὶ,
3004 915 3133 984 περὶ
3156 914 3351 966 τούτου
3377 913 3647 979 ἀπολογή-

2054 1023 2238 1058 σονται
2267 1008 2348 1059 ὅτι
2377 1008 2410 1078 ἡ
2439 1005 2600 1074 φύσις
2627 1008 2702 1070 ὼς
2733 1007 3056 1077 περίττωμα
3080 1005 3271 1059 διώκει
3297 1005 3358 1057 τὸ
3389 1003 3647 1074 σπέρμα.

2053 1099 2144 1169 Τῷ
2180 1101 2288 1170 γὰρ
2328 1100 2452 1170 ζώῳ
2485 1100 2728 1153 δέδονται
2765 1101 2954 1170 πόροι,
2991 1101 3077 1153 ἵνα
3111 1099 3200 1153 διὰ
3244 1099 3457 1151 τούτων
3519 1097 3654 1151 ἕκα-

2056 1208 2181 1244 στον
2215 1191 2376 1260 μέλος
2406 1191 2716 1263 ἀποπέμπῃ
2747 1189 2806 1244 τὸ
2835 1191 3116 1260 περιττόν.
3151 1190 3264 1258 Τῆς
3296 1188 3398 1258 μὲν
3428 1182 3524 1240 οῦν
3557 1204 3642 1240 κεο

2056 1285 2232 1353 φαλῆς
2253 1325 2268 1348 ,
2299 1285 2436 1353 φησὶ
2456 1325 2472 1350 ,
2507 1284 2907 1356 περιττώματά
2935 1285 3074 1338 είσιν
3108 1285 3164 1337 al
3196 1283 3384 1353 τρίχες
3406 1323 3420 1348 ,
3456 1283 3550 1335 καὶ
3579 1281 3649 1333 τὰ

2054 1379 2141 1430 διὰ
2173 1376 2336 1446 ῥινῶν
2365 1380 2459 1430 καὶ
2489 1378 2756 1447 στόματος
2787 1378 2954 1447 ὑγρὰ,
2983 1379 3077 1428 καὶ
3106 1376 3346 1444 γαστρδς
3376 1373 3649 1443 διαχωρή-

2061 1486 2205 1538 ματα
2227 1511 2240 1535 ,
2275 1469 2439 1544 ἢκκαὶ
2475 1469 2598 1523 ὅλου
2633 1470 2730 1522 τοῦ
2767 1471 3022 1539 σώματος
3047 1484 3061 1500 ο
3096 1467 3207 1520 τῶν
3245 1467 3302 1520 δὲ
3341 1483 3653 1536 σπερματι-

2045 1557 2170 1610 -κῶν
2207 1559 2394 1629 πόρων
2433 1558 2762 1628 περίττωμα
2798 1557 2859 1612 τὸ
2899 1558 3148 1628 σπέρμα.
3193 1554 3326 1609 Ποία
3363 1551 3458 1608 οὖν
3496 1555 3613 1606 ἐστι
3637 1595 3653 1619 ,

2059 1651 2256 1718 φησὶν,
2292 1649 2540 1720 ἁμαρτία
2574 1649 2907 1718 κενουμένου
2941 1647 3036 1701 τοῦ
3075 1647 3392 1717 σπέρματος
3423 1643 3649 1705 τούτου,

2057 1740 2131 1804 ὼς
2159 1743 2186 1794 6
2213 1741 2346 1803 Θεὸς
2374 1744 2402 1795 6
2430 1741 2642 1803 πλάσας
2669 1741 2762 1794 τὸν
2788 1739 3079 1809 ἄνθρωπον
3104 1737 3362 1808 ⁴ήθὲλησε,
3393 1737 3488 1788 καὶ
3519 1733 3660 1804 ᾠκοο

2063 1835 2338 1904 νόμησεν;
2365 1834 2484 1886 Ἵνα
2520 1833 2576 1885 δὲ
2613 1833 2686 1902 μή
2720 1848 2804 1895 τις
2841 1833 2977 1899 πρὸς
3009 1831 3185 1885 ταῦτα
3219 1829 3502 1898 άντιθήσει
3535 1828 3617 1880 ὃτι
3640 1863 3659 1889 ,

2023 1964 2026 1967 .
2076 1923 2228 1975 Ἐπεὶ
2263 1922 2290 1976 ὃ
2324 1922 2509 1990 λέγεις
2542 1923 2644 1976 ούκ
2677 1907 2831 1975 ἐστιν
2857 1921 3104 1992 ἁμαρτία
3137 1921 3170 1991 ἡ
3204 1919 3300 1972 τοῦ
3338 1919 3659 1988 σπέρματος

2063 2011 2230 2082 ὲκροὴ
2264 2012 2339 2074 ὡς
2373 2012 2618 2081 φυσικῶς
2652 2012 2939 2080 γινομένη,
2971 2010 3090 2062 οὐδὲ
3127 2011 3159 2080 ἡ
3194 2008 3402 2078 ἀληθὴς
3438 2006 3656 2076 χρῆσις,

2065 2106 2232 2176 ἦγουν
2267 2107 2299 2175 ἡ
2335 2104 2480 2174 μίξις
2509 2103 2892 2172 λογισθήσεται
2925 2101 3174 2171 ἁμαρτία
3196 2116 3211 2131 ·
3241 2101 3323 2152 ὅτι
3352 2101 3419 2151 τὰ
3449 2098 3656 2167 ὄργανα

2001 2250 2006 2254 .
2066 2197 2132 2250 τὰ
2167 2198 2303 2266 πρὸς
2337 2198 2505 2268 αὐτὴν
2533 2195 2884 2266 ἐνεργοῦντα,
2914 2195 3066 2265 παρὰ
3091 2192 3186 2246 τοῦ
3214 2191 3351 2246 Θεοῦ
3384 2189 3661 2260 ἐπλάσθη-

2069 2305 2166 2340 σαν
2192 2303 2204 2317 ·
2256 2289 2438 2359 ἐρωτᾷ
2483 2288 2574 2341 τὸν
2639 2286 2962 2355 άτιλέγοντα
3007 2285 3169 2354 δῆθεν
3197 2300 3214 2317 ο
3261 2285 3430 2338 Ποίαν
3476 2283 3661 2350 λέγεις

2067 2383 2300 2449 χρῆσινς
2337 2378 2435 2451 τὴν
2471 2378 2731 2450 ἔννομον,
2766 2378 2800 2450 ἢ
2839 2378 2937 2450 τὴν
2969 2377 3219 2446 κρυφίως
3258 2377 3354 2429 καὶ
3395 2375 3662 2444 μοιχικῶς

2069 2470 2397 2540 γινομένηνς
2440 2469 2540 2539 τὴν
2581 2469 2690 2539 γάρ
2732 2469 2960 2538 ἔννομον
2998 2470 3026 2521 6
3067 2468 3200 2531 Θεὸς
3241 2467 3544 2536 ἐπέτρεψεν
3587 2466 3667 2516 είς

2069 2562 2185 2614 πών
2214 2579 2229 2594 ο
2287 2561 2648 2626 Αίνξὰνεσθε
2683 2561 2782 2616 καί
2825 2561 3236 2629 πληθύνεσθε,
3281 2559 3375 2612 καὶ
3416 2558 3444 2610 6
3492 2556 3665 2627 μέγας

2070 2653 2282 2715 Παῦλος
2321 2654 2676 2724 ὲκκεχιὺρηκε
2714 2654 2890 2723 λέγων
2915 2670 2930 2685 ·
2971 2655 3169 2722 Τίμιος
3202 2653 3235 2706 ό
3267 2649 3456 2722 γάμος
3491 2655 3586 2703 καί
3621 2647 3660 2715 ἠ

2069 2745 2244 2811 κοίτη
2269 2745 2563 2814 ἀμίαντος
2582 2761 2595 2774 ·
2621 2747 2654 2816 ἡ
2677 2746 2737 2799 δὲ
2760 2745 2892 2817 ἄλλη
2917 2747 3112 2816 χρῆσις
3135 2743 3464 2798 κεκώλυται.
3490 2740 3661 2793 Τοῦτο

2069 2837 2198 2905 γὰρ,
2235 2837 2387 2904 φησί,
2429 2838 2523 2889 καὶ
2555 2837 2616 2888 ἐν
2647 2835 2830 2899 ἄλλοις
2867 2837 3082 2899 πολλοῖς
3117 2835 3393 2905 βιωτικοῖς
3429 2834 3664 2902 εὑρήσοο

2073 2945 2171 2998 μεν
2207 2928 2431 2982 αὐτίκα.
2471 2929 2546 2980 Τὸ
2580 2928 2829 2997 φονεύειν
2869 2930 3285 3000 ἀπηγόρευται,
3328 2925 3446 2980 ἀλλ’
3473 2928 3530 2978 ὲν
3569 2940 3670 2976 πο·-

2069 3021 2220 3090 λέμῳ
2251 3022 2499 3089 ἀναιρεῖν
2525 3021 2650 3082 τοὺς
2681 3020 2974 3091 πολεμίους
3005 3019 3324 3084 ἐπαινετὸν,
3359 3021 3452 3072 καὶ
3481 3017 3662 3088 τιμῶν

2075 3112 2328 3180 μεγάλων
2356 3112 2530 3176 ἄξιον.
2557 3112 2722 3166 Ὥστε
2751 3113 2812 3165 τὺ
2846 3111 2980 3165 αὐτὸ
3015 3111 3161 3165 κατά
3208 3127 3263 3164 τι
3303 3111 3403 3180 μὶν
3435 3111 3536 3163 οὑκ
3571 3109 3660 3175 ἐξ·

2069 3219 2216 3256 εστι·
2249 3204 2393 3258 κατά
2417 3223 2470 3258 τι
2497 3204 2554 3258 δὲ
2575 3203 2772 3269 ἔξεστι,
2801 3205 2896 3258 καὶ
2926 3205 2984 3256 ὲν
3009 3203 3243 3274 διαφορᾷ
3270 3203 3387 3254 ἐστι
3416 3203 3510 3254 καὶ
3539 3217 3664 3253 καις

2073 3294 2180 3366 ρῶν
2208 3297 2301 3349 καὶ
2325 3295 2635 3366 προσώπων
2657 3296 2753 3350 καὶ
2774 3295 2991 3365 τρόπων
3015 3296 3212 3350 ἄλλων.
3238 3294 3429 3358 Οὕτως
3451 3295 3546 3348 οὖν
3571 3293 3664 3347 καὶ

2067 3389 2100 3456 ἡ
2137 3385 2303 3456 μίξις.
2334 3390 2443 3442 Kal.
2475 3389 2703 3459 χρήσεις
2733 3389 3012 3458 γραφικάς
3041 3397 3286 3458 παράγει
3317 3389 3454 3457 πρὸς
3481 3386 3661 3440 τοῦτο.

2069 3475 2204 3532 Εἶτα
2236 3482 2331 3533 καὶ
2359 3484 2492 3551 περὶ
2522 3485 2702 3551 γάμου
2733 3483 2830 3535 καὶ
2861 3479 3170 3550 παρθενίας
3199 3480 3542 3548 διαλέγεται·
3571 3477 3668 3529 καὶ

2067 3571 2161 3623 δύο
2197 3571 2363 3640 φησιν
2393 3571 2548 3633 ὀδοὺς
2584 3563 2759 3637 εἶναι,
2814 3571 2906 3624 τὸν
2941 3570 3121 3641 γάμον
3157 3570 3252 3623 καὶ
3283 3576 3379 3640 τήν
3414 3569 3661 3636 ἁγνείαν.

2069 3662 2132 3715 El
2171 3663 2270 3732 μὲν
2301 3656 2399 3714 οὖν
2427 3677 2513 3724 τις
2543 3663 2636 3714 τὸν
2667 3661 2849 3732 γάμον
2883 3661 3099 3727 ἕλοιτο,
3139 3661 3349 3732 μέμψιν
3378 3661 3479 3714 οὐκ
3513 3658 3627 3728 ἔχει
3648 3697 3664 3719 ,

2067 3755 2188 3807 οὐδὲ
2221 3754 2696 3825 κατακριθήσεται
2723 3754 2812 3807 διά
2841 3754 3019 3809 τοῦτο.
3045 3756 3128 3809 .οὑ
3166 3756 3275 3824 μὴν
3300 3753 3539 3807 τοσαῦτα
3568 3769 3669 3821 χα⁹

2071 3847 2314 3917 ρίσματα
2348 3847 2579 3916 λήψεται
2611 3847 2714 3900 ὅσα
2745 3849 2773 3901 6
2807 3847 3079 3918 παρθενίᾳ
3118 3848 3385 3918 συζήσας.
3419 3844 3668 3915 Atatem:

2070 3939 2199 4010 γὰρ,
2226 3941 2381 4007 φησι,
2409 3941 2684 4003 κάκεῖνος,
2713 3940 2944 4011 ἐπείπερ
2971 3939 3128 4009 φέρει
3155 3939 3370 4010 καρπὸν
3396 3940 3489 3992 τόν
3513 3939 3667 4007 τριά-

2073 4047 2257 4083 κοντα.
2287 4031 2348 4081 El.
2374 4030 2503 4097 γὰρ,
2531 4030 2676 4083 κατὰ
2699 4030 2791 4083 τὸν
2819 4029 2998 4100 μέγαν
3027 4028 3261 4095 Παῦλον,
3295 4031 3488 4098 Τίμιος
3512 4031 3544 4083 ὁ
3572 4027 3670 4098 3d-

2061 4138 2181 4188 μος
2212 4119 2309 4172 καί
2341 4120 2378 4186 ἠ
2410 4121 2578 4187 κοίτη
2609 4121 2920 4188 ἀμίαντος,
2949 4121 2978 4173 6
3008 4121 3299 4190 σωφρόνως
3325 4123 3384 4175 ἑν
3408 4123 3474 4189 τῇ
3507 4122 3671 4184 συζυ-

2070 4210 2166 4277 γία
2189 4209 2494 4278 βεϐιωκὼς,
2517 4212 2612 4262 καί
2632 4211 2986 4281 ὑπηρετήσας
3008 4212 3072 4279 τῇ
3095 4209 3186 4262 τοῦ
3209 4210 3344 4262 Θεοῦ
3370 4213 3670 4280 προστάξει

2069 4299 2159 4351 διὰ
2181 4300 2278 4367 τῆς
2311 4299 2675 4364 παιδοποιίας,
2703 4302 2970 4365 είπόντος,
2998 4300 3362 4370 Aulida-8063
3381 4302 3478 4354 καὶ
3507 4304 3664 4368 πλη-

2071 4393 2370 4458 θύνεσθε,
2405 4394 2502 4446 καὶ
2534 4392 2862 4462 ἀνεχόμενος
2896 4393 3197 4463 φροντίδων
3231 4393 3325 4446 καὶ
3357 4393 3542 4446 κόπων
3575 4393 3664 4445 διὰ

381 4481 490 4546 piet
521 4477 684 4541 enim,
711 4477 911 4546 inquit,
941 4487 996 4532 et
1023 4476 1132 4542 ille,
1163 4475 1398 4531 fructum
1430 4477 1700 4546 siquidem
1734 4479 1838 4533 fert
1872 4479 1960 4534 tri-

2069 4484 2137 4536 τὰ
2170 4482 2391 4550 ἔγγονα,
2429 4485 2513 4536 ἵνα
2546 4484 2723 4555 θρέψῃ
2753 4484 2894 4538 αὐτὰ
2929 4485 3021 4538 καὶ
3053 4485 3319 4554 παιδεύσῃ
3357 4485 3413 4537 ὲν
3447 4484 3672 4554 παιδείᾳ

379 4569 668 4622 cesimum.
717 4567 772 4621 Si
825 4581 1059 4636 namque
1099 4579 1167 4620 ex
1217 4567 1396 4636 magni
1441 4565 1593 4622 Pauli
1647 4571 1917 4624 sententia
1948 4609 1968 4635 ,

381 4656 713 4712 uenerabile
739 4655 1136 4710 matrimonium
1189 4663 1238 4709 et
1267 4666 1413 4710 torus
1444 4658 1841 4722 inmaculatus;
1875 4660 1966 4728 qui

382 4759 434 4796 tu
461 4745 711 4813 conjugio
743 4757 892 4801 caste
923 4746 1076 4810 vixit,
1107 4761 1171 4799 ac
1202 4747 1388 4802 liberis
1413 4761 1632 4815 operam
1660 4749 1838 4806 dando
1871 4749 1964 4805 Dei

380 4847 654 4904 praecepto
686 4836 1100 4906 obtemperavit,
1130 4835 1374 4904 dicenti,
1413 4837 1647 4894 Crescite
1683 4849 1733 4894 et
1785 4842 1966 4896 multi-

378 4925 675 4991 plicamini,
715 4924 827 4996 ω
856 4937 970 4981 tum
1003 4929 1174 4999 prolis
1215 4943 1382 4986 causa
1425 4944 1585 4985 curas
1636 4931 1962 5001 laboresque

378 5016 702 5085 suscipiens,
736 5023 798 5071 ut
824 5018 968 5072 illam
1005 5021 1216 5076 nutriat
1242 5021 1564 5092 erudiatque
1591 5022 1644 5077 in
1674 5024 1958 5094 disciplina

379 5123 432 5160 et
473 5107 814 5164 institutione
847 5110 1086 5181 Domini,
1117 5111 1353 5169 fructum
1391 5114 1435 5168 is
1465 5129 1687 5184 quoque
1715 5114 1820 5170 fert
1857 5117 1960 5171 tri—

380 5201 665 5254 tesimum.
722 5197 1186 5281 Quemadmodum
1238 5207 1430 5261 beatus
1483 5223 1697 5276 quoque
1769 5209 1966 5264 Paulus

382 5292 601 5352 asserit,
626 5292 737 5344 fore
769 5301 826 5345 ut
855 5294 1131 5350 salventur
1153 5297 1409 5352 mulieres
1434 5295 1634 5351 liberos
1659 5299 1960 5367 gignentes.

385 5382 441 5436 Si
471 5386 593 5452 quis
625 5399 774 5451 vero,
812 5385 911 5451 ait,
943 5400 1132 5454 puram
1184 5403 1251 5443 ac
1301 5390 1575 5444 cheStem
1631 5393 1768 5444 viam
1800 5391 1966 5446 fuerit

385 5478 688 5542 amplexus,
747 5475 1149 5530 adntirabiliora
1209 5479 1348 5532 dona
1401 5479 1650 5549 accipiet;
1708 5483 1964 5549 quoniam

386 5581 576 5636 aspera
622 5569 796 5636 primo
859 5566 1010 5621 aditu
1043 5567 1382 5639 dimcilisqtte
1413 5571 1700 5627 admodum
1733 5583 1815 5625 est
1852 5576 1954 5626 via.

517 5746 527 5771 '
571 5745 590 5798 ί
624 5745 752 5803 Cor.
800 5763 916 5814 τίη,
946 5747 1001 5800 8.
1109 5742 1128 5771 ³
1168 5744 1305 5801 Cen.
1336 5764 1372 5812 t,
1404 5747 1493 5802 ‘28.

1595 5745 1614 5775 ⁸
1652 5749 1811 5804 llebt'.
1842 5765 1956 5812 χιιι,
1996 5748 2048 5802 4.

2067 4578 2160 4628 καὶ
2189 4575 2439 4647 νουθεσίᾳ
2462 4577 2693 4646 Κυρίου,
2715 4578 2926 4648 καρπὸν
2953 4577 3205 4640 κάκεῖνος
3231 4578 3323 4629 τὸν
3366 4579 3668 4648 τριάκοντα

2066 4669 2224 4735 φέρει
2253 4682 2265 4695 °
2301 4665 2436 4719 καθὸ
2488 4667 2582 4720 καὶ
2617 4668 2645 4719 6
2681 4667 2952 4738 μακάριος
2984 4669 3194 4731 Παῦλος
3229 4669 3380 4736 λέγει
3420 4670 3669 4740 σωθήσε-

2067 4759 2190 4810 σθαι
2215 4758 2314 4820 τὰς
2342 4759 2608 4825 γυναῖκας
2635 4760 2723 4812 διὰ
2747 4761 2844 4830 τῆς
2870 4762 3236 4828 τεκνογονίας.
3271 4763 3329 4814 Εἰ
3357 4761 3413 4815 δέ
3440 4778 3524 4824 τις
3572 4761 3672 4831 τὴν

2066 4851 2265 4919 ἁγνὴν,
2295 4851 2450 4919 φησι,
2483 4853 2578 4902 καὶ
2607 4851 2983 4922 ὑπερκόσμιον
3009 4851 3125 4906 ὁδὸν
3151 4853 3480 4916 άσπάσοιτο,
3509 4853 3662 4922 χαρίο

2072 4957 2258 5008 σματα
2305 4939 2734 5012 θαυμασιώτερα
2781 4941 3056 5011 λήψεταιο
3105 4943 3187 4995 ὅτι
3237 4944 3468 5012 τραχεῖα
3515 4941 3669 5010 παρά

2070 5031 2172 5098 τὴν
2204 5029 2430 5100 πρώτην
2463 5034 2558 5084 καὶ
2592 5031 3040 5103 δυσκατόρθωτος
3072 5033 3104 5102 ἡ
3143 5033 3284 5097 ὁδός.
3317 5033 3390 5085 T6
3421 5032 3480 5086 δὲ
3516 5032 3669 5101 παρὰ

2071 5124 2170 5193 τὴν
2206 5123 2432 5193 πρῶτον
2468 5123 2499 5192 ἢ
2540 5124 2692 5194 παρὰ
2725 5125 2824 5196 τὴν
2857 5126 2958 5196 ήδη
2993 5125 3255 5196 ῥηθεῖσαν
3287 5125 3406 5180 ὁδὸν
3440 5125 3539 5196 τὴν
3572 5124 3666 5178 τοῦ

2072 5217 2253 5284 γάμου
2286 5219 2524 5287 νοητέον,
2555 5217 2587 5286 ἢ
2625 5217 2776 5287 παρὰ
2804 5217 2901 5288 τὴν
2934 5219 3130 5290 ἀρχήν.
3175 5219 3236 5272 '0
3268 5218 3377 5290 γὰρ
3409 5218 3664 5288 ἑλόμενος

2073 5305 2434 5375 παρθενεύειν
2477 5309 2576 5376 τῆς
2618 5308 2820 5379 σαρκὸς
2863 5310 3245 5381 εὐκαταφόρου
3283 5309 3660 5381 τυγχανούσης

2073 5399 2209 5467 πρὸς
2239 5398 2434 5467 ἡδονὰς
2462 5399 2559 5450 καὶ
2591 5398 2828 5467 μάλιστα
2859 5404 2989 5470 περὶ
3020 5403 3119 5464 τὰς
3147 5402 3246 5471 τῆς
3280 5401 3478 5471 μίξεως
3509 5403 3660 5469 παρὰ

2073 5493 2169 5556 τὴν
2200 5488 2374 5558 ἀρχὴν
2403 5489 2652 5559 ἀνάγκην
2683 5490 3001 5558 ὑφίσταται.
3031 5493 3132 5561 τῆς
3163 5492 3376 5563 φύσεως
3407 5491 3660 5563 ὀργώσης

2075 5580 2209 5648 πρὸς
2238 5580 2295 5632 τὸ
2323 5578 2524 5642 πάθος·
2557 5582 2648 5634 καὶ
2677 5581 2839 5635 πλέον
2866 5583 2952 5636 ὅτε
2979 5584 3161 5649 νεάζει
3191 5586 3218 5636 6
3246 5582 3531 5650 ἄνθρωπος
3564 5598 3657 5632 και
