4076 6390
418 369 519 456 5'57

1323 395 1408 456 IN
1444 393 1689 455 EPIST.
1740 395 1803 454 s.
1845 391 2270 452 ATHANASII
2309 353 2756 452 AD‘AhiMUM.

3581 391 3684 452 558

419 509 628 580 σφριγᾷ
648 524 660 536 ·
679 505 771 587 ,διδ
800 507 954 578 παρᾶ
979 505 1079 578 τὴν
1109 505 1335 579 πρώτην
1365 508 1602 577 είρηται.
1623 506 1754 560 Ὅτε
1780 505 1836 558 δὲ
1868 505 2003 572 πρὸς

2109 500 2244 556 Illud
2281 516 2408 557 vero
2448 500 2623 574 (παρὰ
2650 501 2750 572 τὴν
2793 500 3039 571 πρώτην)
3068 509 3160 556 aut
3187 500 3255 556 de
3305 502 3560 571 praedicta
3597 504 3683 558 via

416 600 486 670 γῆ
495 617 592 669 ρας
624 597 937 665 ἀπονεύσει,
966 602 1015 652 εί
1043 599 1138 652 καὶ
1173 599 1308 669 μηδὲ
1333 601 1453 652 τότε
1485 598 1770 652 σϐέννυται
1799 597 1859 650 τὸ
1890 596 2003 666 πῦρ

416 693 481 745 ὲκ
503 691 611 744 τῶν
635 689 846 755 παθῶν,
872 689 1008 744 ἀλλά
1030 708 1092 760 γε
1118 691 1542 761 μαλθακώτερον
1561 689 1795 760 γίνεται.
1818 688 2004 742 Ταῦτα

415 781 588 837 εἰπὼν
622 783 822 852 ἐπάγει
857 783 938 836 ὃτι
969 783 1037 836 τὰ
1071 783 1365 854 ζητήματα
1399 781 1581 837 αὐτῶν
1613 785 1680 836 τὰ
1715 781 2004 851 ἀκάθαρτα

415 874 775 944 προλέλυνται
807 873 962 944 παρὰ
993 873 1103 927 τῶν
1135 875 1296 926 θείων
1329 875 1368 926 Γ
1373 875 1582 944 ραιρῶν,
1616 874 1712 926 καὶ
1742 875 2007 942 παραινεί

412 966 506 1018 τὸν
547 966 907 1036 ἐρωτήσαντα
953 953 1515 1036 ὑποστηρίξεινηοὺς
1558 965 1650 1017 ὑπ’
1678 966 1863 1028 αὑτὸν,
1909 964 2006 1018 κιιι)⁸

413 1061 646 1128 κρήσεσι
676 1057 943 1126 κέχρηται
974 1061 1274 1128 γραφικαϊς
1305 1057 1586 1128 διαφόροις
1607 1071 1622 1088 ·
1653 1053 1771 1110 εἶτα
1803 1057 1896 1109 καὶ
1926 1058 2004 1120 εἰς

414 1150 580 1218 εὐχὴν
605 1147 812 1218 τρέψας
834 1148 925 1200 τὸν
958 1147 1117 1216 λόγον
1137 1147 1255 1202 τελε
1267 1149 1335 1201 toi
1357 1148 1456 1220 τὴν
1481 1147 1791 1217 ἐπιστολήν.
1817 1145 2004 1202 Ταῦτα

421 1243 516 1309 μὲν
546 1237 641 1294 οὖν
671 1241 700 1292 6
733 1242 906 1310 μέγας
938 1243 1103 1311 φησὶν
1136 1239 1458 1302 ’Λθανὰσιος
1485 1239 1614 1307 περὶ
1643 1239 1738 1309 τῆς
1770 1240 2004 1308 φυσικῆς

413 1331 716 1402 ἐκκρίσεως
746 1332 846 1401 τῆς
877 1333 1064 1402 γονῆς.
1101 1333 1160 1386 '0
1189 1332 1248 1385 δὲ
1285 1332 1695 1403 ’Δλεξανδρείας
1727 1331 2004 1394 Διονύσιος

413 1427 470 1477 ἐν
500 1427 564 1495 τῇ
602 1424 742 1494 πρὸς
775 1423 1095 1496 Βασιλείδην
1125 1424 1384 1496 ἐπιστολῇ
1414 1423 1589 1478 ταῦτά
1620 1441 1786 1494 φησιν
1808 1441 1820 1456 ο
1852 1424 1916 1476 Oi
1937 1422 2002 1492 6s

411 1517 471 1568 ἐν
500 1515 851 1587 ἁπροαιρέτῳ
881 1517 1174 1586 νυκτερινῇ
1209 1517 1364 1585 ῥύσει
1394 1515 1679 1585 γενόμενοι
1710 1513 1786 1584 τῷ
1815 1513 2002 1584 οἰκείῳ

414 1607 678 1659 συνειδότι
705 1605 1288 1660 κατακολουθείτωσαν
1312 1623 1328 1640 ο
1361 1607 1457 1660 καὶ
1486 1607 1715 1670 ἑαυτοὺς
1747 1607 1858 1660 εἴτε
1885 1606 2003 1660 δια-

409 1701 724 1770 κρίνονται,
756 1701 866 1752 εἴτε
903 1698 1011 1769 μὴ,
1045 1699 1447 1753 σκοπείτωσαν.
1482 1697 1571 1762 Ὠς
1599 1699 1692 1752 ἐπὶ
1719 1697 1830 1752 τῶν
1859 1697 2004 1768 βρω-

414 1793 604 1861 μάτων
647 1794 676 1844 6
722 1792 1168 1861 διακρινόμενος,
1220 1792 1419 1861 φησιν,
1461 1791 1558 1844 ἐὰν
1603 1790 1786 1862 φάγῃ,
1833 1806 2004 1844 κατα-

2107 595 2380 663 conjugali
2414 594 2817 663 intelligendum
2850 605 2955 659 est,
2985 604 3082 649 aut
3103 593 3172 648 de
3199 593 3376 650 initio.
3406 593 3508 662 Qui
3538 596 3682 651 enim

2107 685 2475 754 virginitatem
2509 686 2872 755 amplectitur,
2902 701 3025 740 cum
3063 700 3192 740 caro
3247 685 3314 739 ad
3354 685 3682 754 voluptates.

2108 779 2447 848 maximeque
2469 794 2733 834 venereas
2757 780 2828 834 sit
2858 779 3128 848 proclivis;
3157 775 3504 833 conﬂictatur
3535 778 3689 832 iuitiu

2107 871 2537 934 diﬂi-ultatibus,
2568 879 2758 925 natura
2790 873 2855 926 ad
2884 871 3160 926 libidinem
3183 869 3499 934 inclinante,
3527 870 3691 938 idque

2107 965 2411 1032 praesertim
2441 965 2567 1019 dum
2605 964 2657 1018 in
2699 963 2878 1018 aetatis
2928 964 3059 1018 ﬂore
3105 971 3380 1029 versatur,
3411 977 3476 1017 ac
3505 962 3686 1031 viget;

2106 1069 2264 1122 quam
2289 1057 2359 1110 ob
2387 1070 2604 1110 causam
2625 1056 2788 1109 verba
2821 1054 2909 1108 illa
2937 1054 3133 1125 (primo
3161 1055 3334 1124 aditu)
3358 1063 3487 1108 sunt
3520 1054 3688 1107 dicta.

2107 1146 2210 1202 Ubi
2245 1163 2372 1204 vero
2423 1149 2489 1202 ad
2546 1155 2880 1204 senectutem
2929 1147 3128 1216 vergit,
3168 1148 3384 1202 etiamsi
3433 1160 3501 1199 ne
3561 1156 3691 1200 tunc

2105 1239 2322 1308 quidem
2363 1240 2737 1308 exstinguatur
2788 1239 3142 1310 cupiditatum
3193 1237 3412 1293 ﬂamma
3442 1276 3458 1302 ,
3512 1237 3690 1294 lenior

2109 1341 2284 1386 tamen
2315 1333 2514 1387 evadit.
2550 1331 2646 1385 llis
2693 1333 2854 1385 dictis
2889 1331 3144 1400 subjicit,
3178 1329 3394 1385 illorum
3445 1330 3690 1397 impuras

2104 1426 2428 1494 quaestiones
2451 1425 2560 1494 jam
2585 1433 2710 1479 ante
2731 1439 2796 1478 ex
2824 1422 2996 1479 sacris
3026 1421 3248 1478 Litteris
3272 1422 3439 1478 fuisse
3459 1423 3689 1486 solutas,

2107 1526 2397 1586 monetque
2449 1517 2898 1584 interrogantem,
2939 1525 2997 1570 ut
3027 1515 3130 1570 sibi
3191 1513 3440 1571 subditos
3488 1514 3692 1568 conﬁr-

2106 1621 2242 1675 met,
2270 1608 2544 1679 variisque
2577 1607 2872 1678 Scriptum
2902 1607 3191 1663 sententiis
3223 1608 3391 1662 utitur
3418 1623 3434 1674 ;
3472 1614 3584 1660 tum
3622 1605 3693 1658 ad

2105 1701 2472 1770 preCationem
2505 1714 2768 1756 conversa
2809 1701 3056 1755 oratione
3103 1699 3388 1768 epistolam
3436 1697 3690 1752 absolvit.

2115 1793 2241 1848 Haec
2266 1809 2394 1864 ergo
2431 1809 2660 1865 magnus
2693 1793 2928 1862 loquitur
2965 1792 3297 1846 Athanasius
3335 1790 3412 1846 de
3459 1789 3695 1844 naturali

410 1895 666 1953 κεκριται
699 1896 714 1911 °
770 1883 867 1934 καὶ
918 1882 976 1934 ἐν
1027 1881 1242 1944 τούτοις
1293 1881 1670 1957 εύσυνείδητος
1720 1881 1862 1934 ἔστω
1911 1881 2003 1934 καὶ

2113 1885 2336 1939 seminis
2369 1886 2704 1940 excretione.
2739 1882 3030 1953 Dionysius
3076 1895 3242 1952 porro
3291 1881 3694 1937 Alexandrinus

410 1973 898 2045 εύπαρῥησίαστος
934 1973 1077 2026 κατὰ
1109 1973 1170 2026 τὸ
1197 1973 1329 2026 ἴδιον
1364 1973 1621 2045 ἐνθύμιον
1639 1974 1749 2036 πᾶς
1782 1976 1809 2026 6
1833 1990 2003 2043 προσ-

413 2066 508 2119 ιὼν
538 2067 615 2135 τῷ
646 2063 791 2130 Θεῷ.
822 2067 886 2119 Ὃ
914 2065 972 2118 δὲ
1001 2065 1152 2134 λέγει
1178 2065 1424 2120 τοιοῦτόν
1451 2067 1622 2132 ἐστιν,
1667 2066 1751 2120 ὃτι
1796 2066 1856 2118 '0
1905 2065 2006 2137 τὴν

407 2160 503 2212 τοῦ
537 2160 856 2231 σπέρματος
888 2159 1128 2222 ὑποστὰς
1159 2158 1374 2229 ῥεῦσιν,
1405 2159 1598 2213 ἑαυτὸν
1625 2160 1963 2230 ἁνακρινέτω
1987 2175 2001 2191 ο

408 2253 504 2305 καὶ
532 2254 580 2305 εί
616 2254 713 2322 μὲν
743 2253 1018 2323 ὲμπάθειά
1046 2269 1130 2316 τις
1160 2255 1516 2324 προηγήσατο
1544 2253 1610 2306 ὲκ
1637 2252 1731 2306 τοῦ
1761 2235 2022 2324 πονηροῢχ

412 2344 541 2408 ἴσως
575 2347 832 2416 ὲνθυμίου
868 2348 964 2399 καὶ
998 2345 1472 2414 συγκαταθέσεως,
1507 2345 1600 2398 καὶ
1631 2343 1803 2408 οὕτως
1840 2346 1873 2415 ὴ
1905 2345 2004 2414 τῆς

409 2438 574 2506 γονῆς
609 2437 1020 2509 ἐπηκολούθησε
1055 2435 1275 2509 ῥεῦσις,
1305 2437 1405 2491 οὐκ
1439 2438 1710 2506 ἀμίαντος
1738 2439 1768 2491 6
1797 2436 2004 2506 ταύτην

411 2531 600 2582 παθών
625 2545 639 2560 ο
680 2530 729 2582 εί
765 2527 810 2582 δ’
835 2529 988 2584 οὐδὲν
1023 2529 1263 2582 τοιοῦτον
1302 2530 1662 2601 προηγήσατο
1679 2555 1700 2595 ,-
1731 2529 1854 2583 οὐδὲ
1888 2530 2006 2583 δια-

410 2622 658 2693 κρίνεται
687 2621 779 2676 διά
806 2637 860 2674 τι
890 2619 1134 2674 τοιοῦτον
1154 2660 1169 2686 ,
1202 2620 1296 2674 καὶ⁹
1326 2620 1387 2673 οὺ
1424 2620 1757 2691 μεμόλυνται
1791 2620 1941 2690 αύτῷ
1975 2623 2002 2674 6

410 2713 691 2782 λογισμὸς,
725 2710 968 2783 προσίτω
999 2713 1112 2775 τοῖς
1141 2711 1474 2780 ἀγιάσμασι.
1505 2710 1664 2774 Τινὲς
1691 2710 1750 2763 δὲ
1779 2710 1870 2764 τὸν
1905 2709 2003 2779 μέ-

409 2823 513 2876 γαν
550 2803 838 2859 Βασίλειόν
872 2820 1036 2872 φασιν
1072 2802 1364 2874 ἀπείργειν
1387 2803 1514 2865 τοὺς
1536 2801 1777 2856 τοιοῦτόν
1812 2820 1864 2855 τι
1900 2818 2003 2855 πα-

409 2899 603 2960 θόντας
646 2897 744 2968 τῆς
787 2896 896 2950 τῶν
942 2896 1303 2967 ἁγιασμάτων
1348 2894 1730 2966 μεταλήψεως.
1763 2893 2004 2964 Ἐρωτη-

411 2991 524 3052 θεὶς
555 2991 659 3060 γὰρ
688 2992 716 3042 6
743 2990 898 3060 ἅγιος
925 2982 1082 3054 οὗτος
1103 3031 1116 3052 ,
1146 2987 1224 3052 ὡς
1253 2989 1310 3042 ἒν
1337 2991 1449 3051 τοῖς
1477 2987 1800 3056 ἀσκητικοῖς
1831 2987 2001 3042 αὑτοῦ

412 3082 851 3152 ἀναγέγραπται,
881 3083 930 3134 εί
958 3080 1068 3134 τῶν
1098 3079 1350 3151 συνήθων
1375 3079 1472 3134 καὶ
1500 3081 1647 3134 κατὰ
1673 3078 1837 3150 φύσιν
1861 3095 2005 3148 γινοο

2110 1974 2164 2027 ἱιι
2197 1973 2425 2043 epistola
2474 1973 2542 2028 ad
2589 1973 2888 2028 Basilidem
2939 1973 3054 2027 haec
3097 1971 3260 2026 habet
3292 1989 3308 2026 :
3344 1970 3446 2038 Qui
3479 1985 3607 2026 vero
3641 1971 3692 2024 in

2111 2080 2214 2120 non
2247 2064 2555 2120 voluntario
2591 2074 2862 2119 nocturno
2889 2061 3038 2117 ﬂuxu
3083 2061 3256 2126 luere,
3295 2061 3569 2132 propriam
3605 2079 3696 2117 se-

2107 2169 2342 2228 quantur
2371 2157 2786 2222 conscientiam,
2822 2165 2876 2211 et
2908 2169 3116 2217 secum.
3147 2169 3214 2208 an
3238 2153 3306 2209 de
3329 2168 3394 2209 eo
3422 2153 3692 2216 dubitant,

2107 2265 2299 2314 necne,
2347 2249 2710 2304 considerent.
2763 2247 3230 2314 Quemadmodum
3279 2245 3335 2300 in
3385 2245 3543 2310 cibis,
3601 2245 3694 2315 qui

2107 2343 2342 2408 dubitat,
2373 2342 2570 2413 inquit,
2610 2343 3000 2396 condemnatus
3031 2348 3114 2396 est
3141 2380 3156 2406 ,
3189 2339 3231 2394 si
3262 2338 3600 2401 comederit,
3641 2337 3696 2391 in

2108 2437 2191 2491 his
2220 2451 2438 2507 quoque
2473 2436 2626 2489 home
2656 2435 2724 2490 sit
2748 2433 3117 2498 conscientia,
3141 2442 3196 2487 et
3217 2431 3388 2487 libere
3415 2431 3690 2500 loquatur,

2100 2525 2254 2594 juxta
2285 2535 2600 2594 conceptam
2637 2523 2819 2590 animo
2843 2524 3252 2593 cogitationem,
3280 2523 3460 2577 omnis
3486 2523 3576 2591 qui
3601 2537 3716 2577 ac-~

2115 2620 2261 2676 cedit
2299 2620 2361 2672 ad
2399 2616 2588 2671 Deum.
2618 2615 2770 2682 Quod
2813 2631 2942 2671 vero
2969 2615 3044 2670 ait
3071 2614 3336 2683 ejusmodi
3364 2625 3471 2681 est,
3507 2625 3567 2670 ut
3601 2616 3697 2686 qui

2106 2710 2326 2766 seminis
2353 2709 2560 2765 ﬂuxum
2587 2720 2670 2764 est
2701 2724 2892 2777 passus
2921 2707 3157 2778 seipsum
3188 2708 3489 2775 examinet,
3519 2722 3583 2763 ac
3612 2707 3693 2763 si-

2111 2803 2328 2872 quidem
2384 2801 2596 2858 aﬂ‘ectio
2650 2802 2826 2871 aliqua
2888 2801 3185 2869 praecessit,
3217 2816 3282 2856 ex
3340 2815 3510 2870 prava
3553 2800 3698 2858 forte

2107 2895 2437 2965 cogitatione
2470 2905 2631 2966 atque
2685 2910 2956 2951 consensu
2978 2935 2994 2962 ,
3028 2904 3082 2950 et
3134 2896 3235 2950 hoc
3269 2903 3426 2965 pacto
3471 2897 3697 2952 seminis

2104 2986 2280 3042 ﬂuxus
2315 2999 2396 3044 est
2425 2999 2777 3054 consecutus,
2808 2986 2894 3043 cui
2929 2989 2974 3043 is
3008 2987 3234 3056 contigit
3271 2987 3689 3058 haudquaquam

2105 3099 2273 3154 purus
2305 3083 2706 3139 existimabitur
2744 3098 2758 3136 :
2795 3084 2880 3139 sin
2917 3083 3053 3138 nihil
3099 3082 3206 3138 tale
3234 3084 3512 3154 praecessit
3537 3100 3688 3150 ,,nec

415 3175 589 3244 μένων
615 3176 725 3227 τινὶ
754 3174 860 3246 χρὴ
892 3174 1098 3244 τολμᾷν
1126 3174 1205 3237 είς
1235 3173 1524 3229 κοινωνίαν
1553 3173 1663 3227 τῶν
1694 3173 1868 3242 ἁγίων
1900 3190 1999 3227 πα·

2107 3179 2172 3233 de
2204 3178 2380 3248 aliqua
2414 3177 2680 3247 ejusmodi
2713 3191 2771 3232 re
2798 3177 3021 3247 ambigit
3047 3215 3063 3242 ,
3093 3189 3192 3232 nec
3222 3175 3329 3231 ulla
3365 3168 3564 3232 rationi
3599 3179 3696 3233 ad-

362 3264 369 3272 ”
411 3265 757 3337 ραδέχεσθαι,
799 3265 1096 3336 ἀπεκρίθη,
1147 3263 1450 3336 Κρείττονα
1490 3263 1588 3336 τῆς
1639 3263 1855 3334 φύσεως
1904 3264 2002 3319 καὶ

407 3361 507 3430 τῆς
539 3359 832 3430 συνηθείας
859 3358 1100 3424 ἐδίδαξεν
1126 3361 1154 3412 6
1189 3358 1514 3422 Ἀπόστολος
1544 3353 1685 3412 εἶναι
1714 3357 1807 3413 τὸν
1833 3359 1891 3412 ἐν
1921 3357 2002 3428 τῷ

410 3449 746 3520 βαπτίσματι
777 3448 1120 3516 συνταφέντα
1148 3445 1404 3520 Χριστῷ*
1435 3445 1568 3499 ποτὲ
1597 3445 1698 3510 μὲν
1723 3444 1894 3499 είπὼν
1918 3445 2000 3498 ὅτι

422 3543 476 3596 '0
509 3542 770 3604 παλαιὸς
802 3540 975 3611 ἡμῶν
1003 3541 1318 3609 ἅνθρωπος
1349 3535 1825 3606 συνεσταυρώθη
1847 3575 1861 3600 ,
1899 3537 2003 3590 ἵνα

410 3631 756 3704 καταργηθῇ
791 3634 860 3687 τὸ
895 3630 1070 3702 σῶμα
1103 3632 1213 3699 τῆς
1246 3630 1561 3700 ἁμαρτίας,
1596 3627 1706 3682 τοῦ
1735 3627 1822 3698 μὴ
1857 3626 1998 3680 δου-

408 3729 616 3783 λεύειν
653 3724 814 3794 ἡμᾶς
855 3723 930 3794 τῇ
975 3725 1233 3793 ἁμαρτίᾳ
1257 3740 1273 3757 ο
1319 3722 1448 3774 ποτὲ
1490 3721 1549 3774 δὲ
1591 3718 1999 3792 παραγγείλας,

409 3817 764 3887 Νεκρώσατε
803 3812 918 3872 οὖν
949 3817 1022 3870 τὰ
1055 3814 1213 3885 μέλη
1255 3815 1423 3883 ὑμῶν
1456 3811 1528 3866 τὰ
1563 3811 1662 3865 ἐπὶ
1697 3810 1810 3881 τῆς
1846 3809 1958 3880 γῆς
1983 3823 1998 3840 ο

412 3911 723 3978 πορνείαν,
754 3907 1152 3976 ἀκαθαρσίαν,
1183 3905 1396 3970 πάθος,
1425 3903 1753 3970 ἐπιθυμίαν
1778 3898 1997 3968 κακὴν,

411 4005 512 4055 καὶ
539 4001 656 4070 τὴν
684 3999 1076 4066 πλεονεξίαν,
1109 3997 1148 4067 ἦ
1182 4014 1272 4065 τις
1305 3995 1482 4051 ἐστίν
1509 3991 1999 4062 είδωλολατρεία,

409 4094 485 4148 δι’
516 4095 554 4150 ἁ
581 4094 880 4164 ἔρχεταιεή
910 4091 1058 4161 ὀργὴ
1086 4089 1192 4146 τοῦ
1223 4088 1369 4144 Θεοῦ
1393 4089 1493 4143 ἐπὶ
1523 4087 1666 4154 τοὺς
1695 4085 1865 4153 υίοὺς
1891 4084 2003 4156 τῆς

409 4189 720 4251 ἀπειθείας
740 4202 754 4215 ⁶
784 4186 914 4238 ποτὲ
944 4185 1002 4238 δὲ
1031 4186 1154 4255 ὅρον
1181 4183 1474 4252 ἐκθέμενος
1505 4183 1560 4234 ὲν
1587 4180 1666 4252 τῷ
1694 4181 1870 4234 εἰπεῖν
1893 4197 1906 4211 ·
1937 4181 2002 4234 Ol

393 4279 479 4332 ,δὲ
519 4279 624 4334 τοῦ
665 4277 927 4346 Χριστοῦ
967 4276 1159 4345 Ἰησοῦ
1201 4277 1604 4343 ἐσταύρωσαν
1645 4273 1764 4342 τὴν
1803 4273 2004 4363 σάρκει

412 4372 536 4426 σὺν
567 4371 694 4438 τοῖς
728 4369 1045 4439 παθήμασι
1077 4368 1176 4423 καὶ
1208 4368 1340 4433 ταῖς
1370 4367 1737 4437 ἐπιθυμίαις.
1772 4365 1914 4434 Ἐγὼ
1947 4366 2005 4420 δὲ

414 4467 585 4535 ἔγνων
619 4468 703 4519 ὅτι
735 4463 911 4518 ταῦτα
952 4461 1288 4533 κατωρθώθη
1324 4461 1563 4531 Χριστοῦ
1598 4461 1782 4530 χάριτι
1817 4459 1912 4512 καὶ
1946 4460 2004 4510 ὲν

2109 3270 2268 3326 laesit
2291 3269 2524 3336 macula,
2552 3268 2618 3324 ad
2647 3283 2803 3324 sacra
2833 3267 2908 3323 illi
2941 3267 3195 3337 mysteria
3227 3267 3388 3324 liccat
3411 3269 3692 3326 accedere.

2115 3362 2372 3418 Nonnulli
2409 3377 2560 3427 vero,
2595 3361 2778 3430 magni
2810 3359 2995 3416 Basilii
3022 3361 3293 3416 sententia
3323 3401 3338 3424 ,
3365 3365 3456 3431 qui
3490 3361 3694 3432 aliquid

2105 3454 2367 3525 ejusmodi
2401 3455 2542 3524 passi
2574 3464 2721 3515 sunt,
2759 3468 2788 3506 a
2829 3467 3111 3508 sacrorum
3151 3453 3533 3522 mysteriorum
3566 3469 3693 3522 per-

2059 3611 2062 3614 ,
2103 3548 2358 3620 cep'ione
2403 3546 2576 3602 arceri
2614 3557 2886 3602 asserunt.
2932 3543 3172 3615 Rogatus
3221 3559 3456 3615 namque
3491 3545 3592 3600 hie
3615 3549 3698 3600 vir

2104 3651 2328 3696 sanctus
2365 3638 2464 3709 (uti
2519 3639 2571 3693 in
2625 3638 2793 3708 ipsius
2843 3637 3107 3695 Asceticis
3156 3647 3240 3694 est
3289 3639 3574 3709 scriptum)
3626 3654 3694 3692 an

2107 3746 2255 3794 cum,
2301 3730 2387 3784 cui
2427 3745 2490 3784 ex
2549 3729 2942 3784 consuetudine
3003 3736 3099 3784 aut
3153 3738 3347 3783 natura
3407 3729 3686 3798 quidpiam

2104 3822 2309 3886 evenit,
2345 3823 2546 3875 audere
2571 3831 2821 3890 oporteat
2866 3821 2934 3876 ad
2995 3835 3277 3877 sacrorum
3319 3823 3696 3877 communica-

2105 3913 2304 3968 tionem
2337 3911 2664 3968 admittere?
2694 3910 3007 3981 respondit:
3032 3909 3378 3980 Superiorem
3409 3920 3614 3967 natura:
3643 3922 3700 3966 et

2123 4005 2504 4061 consuetudini
2534 4004 2718 4061 docuit
2743 4003 3037 4073 Apostolus
3065 4017 3188 4060 esse
3226 4017 3373 4068 eum,
3398 4005 3492 4073 qui
3520 4005 3572 4058 in
3607 4005 3700 4058 ba-
3727 4065 3733 4071 ,

2107 4100 2308 4168 ptismo
2341 4097 2689 4166 consepultus
2721 4108 2805 4153 est
2857 4096 3080 4153 Christo
3123 4114 3138 4151 :
3177 4112 3325 4155 nunc
3360 4098 3578 4168 quidem
3616 4099 3702 4152 di-

2107 4205 2259 4258 cens,
2290 4189 2445 4257 Quod
2480 4197 2620 4246 vetus
2655 4199 2834 4244 noster
2864 4190 3020 4244 homo
3049 4205 3165 4243 cum
3195 4205 3256 4244 eo
3290 4191 3576 4259 cruciﬁxus
3601 4202 3696 4254 est,

2108 4293 2165 4338 ut
2201 4284 2476 4339 aboleatur
2521 4299 2710 4351 corpus
2756 4283 2978 4349 peccati,
3011 4298 3076 4336 ne
3111 4299 3205 4337 nos
3238 4283 3468 4352 amplius
3498 4284 3699 4336 servia-

2094 4393 2226 4430 mus
2283 4381 2544 4446 peccato‘
2598 4374 2764 4430 :alibi
2817 4389 2948 4430 vero
2987 4375 3324 4443 praecipiens,
3377 4373 3697 4443 Mortiﬁcate

2109 4469 2276 4538 igitur
2302 4470 2534 4522 membra
2559 4477 2732 4522 vestra
2765 4467 3066 4533 terrestria,
3094 4466 3495 4529 srortationem,
3523 4469 3700 4534 impu-

411 4556 639 4626 ἀνδράσι
663 4555 760 4608 καὶ
783 4553 999 4623 γυναιξὶ
1025 4553 1205 4605 πίστει
1225 4553 1291 4622 τῇ
1318 4553 1396 4620 εἰς
1417 4551 1508 4603 τὸν
1533 4549 1736 4638 Κύριον
1759 4550 1961 4621 γνησίᾳ
1978 4563 1994 4576 ⁸

2107 4562 2334 4625 ritstem,
2369 4561 2667 4621 mollitiem,
2695 4561 3036 4626 cupiditatem
3065 4557 3289 4622 malam,
3307 4569 3356 4613 et
3379 4559 3694 4618 avaritiam,

409 4651 503 4703 τοῦ
540 4649 598 4703 δὲ
637 4649 696 4702 ἐν
727 4647 1042 4718 ἀκαθαρσίᾳ
1079 4645 1209 4698 ὄντα
1240 4648 1361 4698 τινὰ
1398 4644 1637 4712 ἐγγίζειν
1669 4646 1783 4708 τοῖς
1822 4646 2000 4714 ἁγίοις

409 4745 504 4796 καὶ
539 4747 603 4796 ὲκ
635 4743 736 4810 τῆς
774 4741 1018 4803 Παλαιᾶς
1053 4739 1328 4809 Διαθήκης
1365 4737 1599 4806 φοϐερὸν
1631 4737 2001 4808 διδασκόμεθα

410 4836 471 4888 τὸ
505 4838 703 4906 κρῖμα.
741 4834 800 4887 Ei
834 4832 890 4886 δὲ
927 4833 1112 4886 πλεῖον
1143 4830 1238 4884 τοῦ
1276 4829 1424 4902 ίεροῦ
1458 4823 1584 4896 ὦδε,
1619 4831 2000 4901 φοϐερώτερον

412 4936 675 5007 δηλονότι.
727 4930 1017 4986 Παιδεύσει
1058 4931 1116 4984 δὲ
1158 4930 1310 4999 ἡμᾶς
1350 4929 1378 4980 6
1415 4927 1740 4989 ’Δπόστολος
1783 4925 1956 4979 εἰπών
1984 4938 2000 4954 ⁶

421 5030 484 5082 '0
513 5028 734 5082 ἐσθίων
758 5025 856 5078 καί
885 5025 1080 5079 πίνων
1101 5021 1364 5086 ἀναξίως
1389 5020 1572 5089 κρῖμα
1596 5016 1787 5084 ἐαυτῷ
1810 5018 2002 5074 ἐσθίει

413 5121 510 5174 καί
541 5119 725 5172 πίνει.
762 5118 858 5170 Ἐκ
889 5115 1022 5185 γοῦν
1049 5114 1150 5184 τῆς
1183 5111 1528 5183 ἀποκρίσεως
1557 5109 1761 5181 ταύτης
1793 5111 2000 5174 οἴονταί

411 5228 554 5276 τινες
585 5211 676 5265 τὸν
713 5212 888 5281 μέγαν
919 5207 1205 5260 Βασίλειον
1235 5203 1583 5274 ἀκαθαρσίαν
1615 5201 1870 5273 ἡγεῖσθαι
1901 5203 2002 5272 τὴν

410 5301 506 5354 τοῦ
538 5302 855 5374 σπέρματος
882 5299 1083 5370 ἐκροήν
1109 5313 1123 5328 ο
1156 5295 1273 5349 ἀλλ’
1295 5297 1398 5348 οὐκ
1428 5294 1545 5347 ἐστι
1573 5293 1753 5347 τοῦτο.
1784 5293 1859 5346 Οὐ
1892 5292 2000 5364 γὰρ

413 5394 545 5464 περὶ
577 5393 924 5462 ἁφαντάστου
958 5394 1093 5460 φησι
1124 5388 1337 5459 ῥύσεως
1358 5427 1373 5451 ,
1404 5385 1520 5440 ιέιλλᾳ
1547 5386 1668 5441 οὐδὲ
1703 5387 1842 5456 μετὰ
1876 5403 2003 5454 φανο

409 5488 603 5548 τασίας
631 5485 958 5554 γενομένης,
987 5485 1117 5539 ἄνευ
1149 5479 1702 5552 μέντοτὲμπαθείας,
1729 5475 1798 5550 ἦς
1828 5479 2012 5533 ἐπιθυ·

415 5578 516 5648 μία
559 5580 621 5630 οὐ
667 5581 1061 5648 προηγήσατο·
1108 5575 1141 5646 ἢ
1186 5574 1288 5628 κᾶν
1338 5573 1719 5645 προηγήσατο,
1765 5570 1884 5625 ἀλλ’
1912 5573 2012 5625 οὐκ

413 5669 709 5738 ἐνέμεινεν,
739 5667 854 5720 ἀλλ’
881 5669 1222 5737 ἀπεπέμφθη
1248 5662 1343 5718 τοῦ
1374 5664 1689 5735 κρείττονος
1716 5663 2014 5734 ιπικρατή.

511 5854 525 5883 ¹
555 5855 714 5932 Rom.
749 5870 823 5922 vt,
859 5855 914 5912 6.
1023 5852 1042 5882 ’
1083 5853 1295 5911 Coloss.
1336 5869 1396 5910 ιιι
1425 5894 1439 5920 ,
1475 5853 1542 5919 5,
1575 5850 1630 5906 6.

2100 4671 2220 4724 quae
2251 4663 2327 4709 es!
2349 4653 2680 4718 idololatria,
2702 4650 2766 4706 ob
2793 4667 2911 4723 qua
2941 4652 3075 4706 venit
3110 4654 3192 4705 ira
3219 4651 3316 4704 Dei
3345 4667 3503 4720 super
3531 4651 3702 4706 homi-

2102 4759 2191 4798 nes
2237 4752 2571 4798 contumaces
2612 4747 2633 4778 ³
2682 4761 2697 4798 :
2739 4743 2868 4797 alibi
2918 4751 3098 4796 autem
3133 4742 3371 4812 regulam
3403 4756 3699 4812 exponens.

2105 4836 2234 4889 dum
2265 4835 2360 4900 ait,
2403 4834 2508 4902 Qui
2534 4835 2674 4888 enim
2705 4843 2827 4889 sunt
2873 4833 3098 4899 Christi,
3161 4848 3373 4886 carnem
3420 4833 3700 4902 cruciﬁze-

2105 4936 2232 4980 runt
2279 4943 2398 4981 cum
2465 4925 2744 4996 a/fertibus
2814 4935 2864 4981 et
2911 4925 3293 4996 cupiditatibus
3339 4925 3385 4981 ³.
3417 4926 3531 4997 Ego
3575 4941 3704 4980 vero

2107 5021 2222 5074 scio
2251 5019 2537 5072 emendata
2564 5019 2682 5074 hare
2709 5017 2882 5073 luisse
2913 5032 3010 5087 per
3037 5017 3241 5072 Christi
3270 5019 3505 5090 gratiam
3534 5018 3590 5073 in
3618 5017 3703 5070 vi-

2111 5110 2186 5165 ris
2220 5118 2273 5164 et
2308 5109 2645 5177 mulieribus,
2679 5110 2894 5164 sincera
2922 5110 2978 5164 in
3013 5109 3304 5163 Dominum
3347 5108 3452 5164 ﬂde
3482 5125 3496 5163 :
3530 5109 3598 5162 de
3625 5123 3690 5162 eu

2109 5216 2240 5256 vero
2273 5201 2365 5270 qui
2414 5201 2728 5269 impuritate
2755 5200 2988 5270 pollutus
3023 5200 3253 5255 accessit
3280 5205 3348 5254 ad
3374 5210 3592 5263 sancta,
3637 5214 3705 5252 ex

2111 5293 2291 5349 Veteri
2317 5307 2532 5361 quoque
2565 5291 2913 5347 Testamento
2943 5292 3276 5347 horrendum
3301 5292 3594 5348 edocemur
3616 5290 3705 5359 ju-

2115 5387 2338 5442 dicium.
2370 5384 2524 5452 Quod
2562 5387 2606 5440 si
2641 5385 2760 5454 plus
2791 5385 2992 5454 templo
3020 5386 3108 5440 hic
3137 5395 3416 5449 est,-sane
3439 5395 3493 5438 et
3515 5381 3706 5438 formi-

2118 5481 2375 5536 dabilius.
2421 5479 2567 5534 idem
2619 5496 2718 5534 nos
2741 5481 2960 5535 erudiet
3006 5480 3299 5550 Apos:olus
3351 5479 3566 5544 dicem,
3601 5476 3706 5542 Qui

2121 5575 2407 5624 manducet
2433 5581 2484 5624 et
2530 5571 2660 5624 bibit
2709 5573 2944 5643 indigne,
2970 5572 3232 5641 judicium
3279 5571 3378 5626 sibi
3420 5570 3704 5624 manduca:

2123 5673 2170 5716 et
2203 5662 2330 5715 bibit
2385 5661 2428 5714 ⁸.
2463 5661 2541 5714 Ex
2576 5662 2678 5716 hoc
2714 5662 2880 5730 igitur
2933 5679 3196 5733 responso
3230 5661 3450 5732 quidam
3500 5657 3703 5729 Opinati

1725 5847 1743 5876 ³
1781 5848 1959 5903 Galat.
2003 5863 2033 5902 v
2061 5889 2076 5915 ,
2104 5847 2196 5901 ει.
2278 5847 2298 5876 ⁸
2330 5844 2351 5900 ι
2387 5844 2516 5901 Cor.
2549 5843 2758 5912 31,21.
