4076 6398
385 373 498 434 3:50

1646 372 1742 432 ΤΠ
1759 371 1924 430 EOD.
1959 363 2357 428 BALSAMON
2889 371 2926 397 κ

3530 359 3634 420 50

387 499 516 542 sunt
548 501 794 558 magnum
835 485 1092 542 Basiliam
1125 487 1455 556 impuritatis
1477 487 1606 541 loco
1641 487 1838 540 ducere
1871 498 1957 536 se-

2067 496 2257 541 σαντος
2277 475 2538 546 λογισμοῦ
2558 491 2570 506 ⁶
2613 475 2749 529 ὥστε
2774 473 2910 545 μηδὲ
2934 468 3338 540 συγκατάθεσιν
3361 473 3634 538 γενέσθαι,

391 580 551 634 minis
571 579 792 647 ﬂuxum;
823 581 914 635 sed
942 585 1044 634 no'u
1078 589 1160 634 est
1188 581 1282 634 ita.
1312 577 1426 634 Non
1454 578 1597 634 enim
1629 578 1696 632 de
1725 593 1789 632 eo
1815 575 1958 629 ﬂuxu

392 672 652 742 loquitur,
689 670 781 740 qui
816 670 932 725 sine
962 670 1347 736 imaginatione
1378 669 1464 735 lit,
1506 669 1612 723 imo
1645 684 1741 722 nec
1773 669 1839 720 de
1872 681 1958 731 eo,

391 779 551 830 quem
581 762 899 829 imaginatio
926 762 1218 816 comitatur
1244 803 1259 827 ,
1308 764 1424 815 sine
1453 762 1555 814 ulla
1587 769 1766 814 tamen
1795 759 1960 812 animi

391 857 696 920 aﬂ‘ectione,
731 870 890 924 quam
916 854 1180 923 cupiditas
1238 869 1341 906 non
1393 852 1760 922 prmeesserit;
1793 858 1883 901 aut
1915 848 1962 901 si

385 950 682 1018 praecessit,
716 946 858 1001 haud
902 946 995 1000 diu
1034 955 1214 998 tamen
1245 943 1505 1007 substitit,
1539 943 1632 997 sed
1679 941 1960 996 exturbata

383 1051 471 1094 est
509 1040 732 1108 potioris
765 1037 991 1106 imperio
1026 1036 1286 1101 rationis;
1316 1036 1387 1088 ita
1419 1044 1479 1088 ut
1509 1049 1684 1102 neque
1716 1034 1961 1086 assensio

389 1134 460 1184 sit
492 1137 806 1193 consecuta,
839 1141 938 1181 nec
965 1126 1142 1195 aliqua
1192 1141 1291 1195 per
1319 1125 1465 1178 illam
1500 1124 1713 1176 macula
1761 1120 1957 1175 rationi

389 1221 698 1274 adhaaserit.
733 1218 897 1286 quue
944 1232 1008 1271 ex
1063 1218 1291 1285 ipsamet
1336 1214 1514 1284 magni
1570 1214 1746 1267 Patris
1803 1213 1948 1265 illius

385 1310 678 1378 scriptione
729 1307 1183 1361 animadverteuti
1236 1304 1392 1358 facile
1435 1304 1540 1359 erit
1604 1318 1953 1373 cognoscere.

386 1400 628 1469 Apostoli
659 1413 890 1468 namque
917 1397 1100 1461 verba,
1122 1395 1318 1466 quibus
1346 1395 1432 1450 ille
1459 1395 1524 1448 ad
1544 1410 1656 1449 sua:
1681 1393 1960 1448 sententia:

376 1490 848 1545 conﬁrmationem
881 1497 967 1542 est
1010 1503 1160 1552 usus,
1214 1485 1423 1555 peccati
1457 1487 1747 1539 meminere
1780 1483 1958 1551 impu-

377 1580 694 1648 ritatisque,
721 1587 776 1632 et
799 1577 1263 1645 concupiscentia:
1313 1575 1504 1640 malae,
1551 1587 1612 1627 ex
1650 1571 1843 1640 quibus
1871 1573 1958 1624 ille

387 1687 541 1724 suam
586 1670 846 1724 stabilivit
891 1668 1238 1733 sententiam,
1285 1666 1491 1731 dicens,
1539 1665 1782 1732 Aliquem
1833 1678 1957 1717 vero

389 1764 699 1832 impuritate
747 1761 1009 1832 pollutum
1057 1759 1125 1814 ad
1171 1769 1356 1814 sancta
1384 1757 1487 1829 41
1522 1759 1777 1811 accedere
1802 1797 1816 1820 ,
1849 1771 1952 1810 etc.

2066 572 2197 642 μηδὲ
2241 569 2568 640 μολυνθῆναι
2601 567 2775 640 ταύτῃ
2805 567 2896 620 τὸν
2930 567 3210 634 λογισμόν.
3248 563 3359 617 Καὶ
3374 557 3547 617 ’τοῦτο
3580 566 3638 629 ἐξ

2061 663 2230 730 αὐτῆς
2261 662 2357 728 τῆς
2389 659 2610 729 γραφῆς
2640 659 2734 712 τοῦ
2772 658 3011 727 μεγάλου
3047 656 3261 725 Πατρός
3295 655 3508 707 ἐκείνου
3540 673 3639 706 κα-

2060 752 2465 822 ταληφθήσεται
2489 751 2567 820 τῷ
2592 751 2929 820 προσέχοντι.
2957 748 3037 800 Τὰ
3062 748 3171 817 γὰρ
3191 745 3284 800 τοῦ
3310 747 3636 800 Ἀποστόλου

2062 844 2287 914 ῥήματα
2315 837 2394 906 οἷς
2424 845 2632 903 ἐκεῖνος
2661 846 2741 904 εἰς
2769 841 3118 908 κατασκευὴν
3147 839 3419 909 ἐχρήσατο
3444 839 3535 891 τοῦ
3563 839 3640 889 οἰ-

2061 937 2211 989 κείου
2252 937 2444 1002 λόγου,
2485 935 2761 1006 ἁμαρτίας
2809 936 3080 1004 μέμνηται
3124 934 3219 986 καὶ
3263 933 3640 1001 ἀκαθαρσίας,

2059 1031 2152 1080 καὶ
2191 1029 2485 1097 ἐπιθυμίας
2529 1028 2726 1097 κακῆς.
2773 1027 2914 1096 Πρὸς
2959 1028 3100 1096 ἆπερ
3142 1027 3347 1086 ἐκεῖνος
3393 1024 3642 1094 στηρίξει

2058 1119 2159 1189 τὴν
2187 1119 2414 1188 γνώμην
2440 1119 2538 1189 τὴν
2566 1119 2783 1179 ἑαυτοῦ,
2817 1119 2992 1186 λέγων
3011 1134 3025 1150 ·
3055 1103 3131 1170 Τὸ⁴
3153 1117 3210 1169 δὲ
3241 1119 3297 1169 ὲν
3325 1115 3643 1188 ἀκαθαρσίᾳ

2059 1209 2188 1262 ὄντα
2216 1211 2338 1263 τινὰ
2365 1211 2606 1278 ἐγγίζειν
2631 1212 2744 1273 τοῖς
2771 1211 2972 1276 ἁγίοις,
3001 1211 3095 1260 καὶ
3121 1210 3189 1260 τὰ
3220 1208 3405 1261 λοιπὰ.
3435 1209 3547 1260 Οὐκ
3575 1209 3642 1261 ἂν

2058 1303 2117 1356 δέ
2153 1320 2236 1366 τις
2276 1305 2416 1357 εἴποι
2455 1305 2795 1374 ἀκαθαρσίαν
2833 1304 3094 1372 ὀνομάσαι.
3131 1303 3220 1355 τὸν
3261 1304 3440 1371 μέγαν
3480 1303 3642 1364 Βασί-

2061 1393 2203 1448 λειον
2236 1394 2333 1465 τὴν
2369 1395 2753 1466 σπερματικὴν
2786 1395 3036 1465 ἔκκρισιν
3067 1395 3292 1457 ἀπαθῶς
3325 1395 3640 1464 γινομένην.

2059 1486 2234 1540 Τοῦτο
2269 1489 2377 1558 γὰρ
2412 1488 2633 1558 διαϐολὴ
2664 1489 2760 1557 τῆς
2796 1489 2997 1558 σαρκός
3023 1504 3037 1519 ·
3071 1489 3098 1540 ὁ
3131 1487 3187 1540 δὲ
3218 1488 3276 1540 ἐν
3307 1485 3516 1538 πλείοσι
3553 1485 3641 1538 λό-

2059 1594 2177 1645 γοις
2206 1579 2632 1649 ἐφιλοσόφησεν,
2663 1579 2738 1642 ὡς
2769 1580 2830 1631 οὐ
2865 1578 3036 1633 κακὸν
3065 1580 3127 1632 τὸ
3158 1578 3318 1648 σῶμα
3339 1617 3354 1641 ,
3385 1578 3506 1630 οὐδὲ
3537 1594 3640 1630 κα-

2059 1669 2182 1731 κίας
2223 1671 2364 1740 ἁρχὴ
2388 1711 2403 1735 ,
2445 1669 2626 1732 καθὼς
2667 1670 2813 1734 ἔδοξέ
2849 1687 3012 1724 τισιν.
3053 1671 3174 1723 Οὐδ’
3206 1671 3424 1723 ὲναντία
3465 1670 3644 1737 λέγειν

2059 1761 2220 1814 αὐτὸν
2262 1763 2338 1831 τῷ
2376 1763 2596 1831 μεγάλῳ
2631 1762 2930 1832 Ἀθανασίῳ
2965 1762 3242 1830 λογίσαιτό
3271 1780 3354 1826 τις
3381 1802 3397 1827 ,
3426 1758 3486 1817 οὗ
3516 1767 3644 1826 τοὺς

391 1855 574 1922 Neque
599 1869 726 1908 vero
747 1852 1070 1921 impuritatis
1095 1851 1312 1906 nomine
1332 1850 1552 1904 seminis
1573 1849 1957 1914 excretionem,

2063 1854 2254 1920 λόγους
2282 1854 2519 1916 ἅπαντες
2547 1857 2597 1907 οἱ
2627 1857 2764 1926 ἱεροὶ
2799 1855 3041 1925 Πατέρες
3068 1856 3269 1926 ἐξόχως
3297 1855 3642 1921 σεόἀζονται.

379 1963 510 2014 qua:
565 1947 772 2013 absque
823 1944 987 1996 animi
1039 1940 1446 2009 perturbat'one
1499 1938 1810 2009 contingit,
1847 1953 1964 1992 ma-

389 2055 552 2108 guum
574 2037 824 2093 Basilium
843 2037 1173 2091 intellexisse
1196 2035 1459 2104 quispiam
1486 2033 1681 2087 dixerit
1713 2050 1726 2084 :
1757 2043 1840 2085 est
1863 2031 1965 2084 hoc

391 2147 624 2200 namque
677 2145 936 2186 accusare
979 2143 1219 2183 carnem.
1271 2127 1432 2197 Atqui
1483 2127 1572 2180 ille
1618 2125 1670 2178 in
1720 2123 1964 2192 pluribus

390 2226 510 2280 suis
538 2221 875 2278 orationibus
903 2220 1177 2284 disseruit,
1209 2220 1348 2272 haud
1380 2218 1574 2271 malum
1595 2230 1714 2270 esse
1743 2228 1963 2283 corpus,

389 2334 488 2371 nec
518 2316 641 2370 mali
667 2314 1016 2384 principium,
1057 2323 1114 2366 ut
1145 2310 1390 2366 nonnulli
1425 2309 1827 2364 existimarunt.
1854 2306 1962 2360 Nec

381 2408 540 2462 illum
572 2404 842 2473 contraria
874 2419 1066 2473 magno
1085 2402 1381 2458 Athanasio
1411 2401 1676 2456 disserere
1697 2399 1961 2468 quispiam

382 2499 710 2566 arbitretur,
745 2497 898 2566 cujus
927 2498 1069 2551 dicta
1101 2510 1289 2551 omnes
1320 2493 1492 2549 sancti
1532 2493 1721 2548 Patres
1765 2491 1816 2545 in
1852 2489 1962 2560 pri-

383 2593 499 2646 mis
531 2598 885 2654 venerantur,
923 2591 1016 2642 sed
1049 2588 1204 2657 plane
1241 2587 1458 2641 nomine
1495 2584 1823 2654 impuritatis
1849 2599 1961 2637 ma-

385 2698 525 2753 gnus
554 2680 784 2735 Basilius
814 2695 916 2734 non
944 2680 1308 2735 excretionetn
1337 2677 1580 2742 seminis,
1609 2678 1703 2731 sed
1736 2691 1956 2746 pravam

377 2772 744 2845 cupiditatem
778 2772 1066 2842 significat,
1099 2787 1217 2841 qua:
1247 2770 1338 2826 ubi
1383 2769 1713 2834 dominatur,
1762 2783 1959 2838 pecca-

385 2875 498 2918 tum
532 2879 747 2934 quoqtte
778 2863 831 2917 in
863 2861 1190 2932 cogitatione
1223 2859 1501 2930 perficitur
1533 2872 1602 2912 ex
1635 2873 1903 2912 consensu
1933 2894 1951 2924 ,

385 2968 552 3025 atque
579 2956 682 3010 hoc
709 2964 864 3026 pacto
881 2952 1261 3022 concipiuntur
1284 2951 1546 3020 imagines
1567 2964 1662 3017 per
1682 2946 1954 3014 somnum,

383 3046 716 3116 semiuisque
749 3044 911 3100 ﬂuxio
936 3043 1221 3114 contingit.
1273 3042 1413 3108 Quin
1467 3057 1534 3096 ex
1592 3040 1697 3095 illis
1751 3041 1952 3104 verbis,

371 3153 484 3208 .ego
512 3151 635 3193 vero
660 3137 774 3192 scio
803 3136 1084 3192 emendata
1119 3137 1232 3189 haec
1261 3134 1429 3188 fuisse
1459 3132 1554 3187 Dei
1587 3131 1761 3202 gratia
1792 3137 1845 3186 in
1867 3133 1951 3186 vi-

386 3230 463 3284 ris
497 3238 550 3282 et
580 3227 916 3292 mulieribus;
944 3237 1130 3294 aperte
1157 3225 1482 3288 ostenditur,
1512 3224 1580 3278 de
1609 3223 1834 3278 seminis
1859 3238 1954 3277 ex-

385 3321 646 3384 cretione,
681 3333 842 3388 quam
879 3317 1194 3385 imaginatio
1225 3317 1536 3376 comitatur,
1572 3317 1750 3386 ipsum
1784 3315 1956 3386 loqui,

377 3425 656 3481 .quamque
709 3422 891 3478 prava!
926 3407 1140 3464 aﬂ‘cctio
1187 3417 1242 3462 et
1297 3415 1576 3476 peccaturo
1631 3406 1960 3475 cogitatione

380 3513 705 3571 conceptum
740 3502 1037 3572 praecessit.
1066 3498 1163 3554 Est
1209 3501 1353 3555 enim
1389 3501 1705 3568 praeclarum
1750 3500 1960 3555 facinus

385 3594 757 3648 assensionem
785 3591 992 3662 fugere,
1025 3603 1078 3648 et
1109 3609 1228 3663 quae
1257 3607 1351 3662 per
1388 3592 1557 3660 ipsam
1594 3591 1792 3645 rationi
1838 3608 1956 3647 ma-

385 3685 507 3739 cula
556 3685 790 3740 adhaeret
820 3701 834 3739 :
871 3700 975 3740 non
1019 3696 1197 3738 autem
1230 3682 1514 3738 excludere
1550 3683 1948 3752 cupiditatem,

378 3777 528 3846 quod
570 3787 651 3832 est
695 3779 938 3832 animum
978 3778 1046 3831 ad
1103 3778 1247 3831 illam
1302 3775 1448 3830 nullo
1481 3785 1638 3841 pacto
1685 3777 1947 3846 adjicere.

2081 1945 2241 1998 Ἀλλὰ
2269 1945 2488 2010 πάντως
2519 1946 2862 2015 ἀκαθαρσίαν
2889 1948 2916 1998 ό
2948 1947 3122 2016 μέγας
3150 1947 3430 2010 Βασίλειος
3458 1947 3519 2001 οὐ
3547 1947 3646 2016 τὴν

2067 2036 2454 2108 σπερματικὴν
2484 2038 2772 2107 ὠνόμασεν
2804 2037 3074 2109 ἔκκρισιν,
3106 2039 3242 2092 ἀλλὰ
3271 2040 3370 2110 τὴν
3401 2041 3646 2110 πονηρὰν

2064 2126 2364 2196 ἐπιθυμίαν
2383 2143 2398 2157 ·
2420 2121 2486 2198 ἦς
2507 2128 2838 2197 ἡγουμένης,
2861 2129 2955 2182 καὶ
2978 2131 3010 2198 ἡ
3035 2131 3176 2184 κατά
3195 2131 3438 2183 διάνοιαν
3463 2131 3645 2201 ἁμαρ-

2063 2217 2152 2270 τία
2181 2219 2415 2271 τελεῖται
2448 2219 2535 2272 διὰ
2568 2220 3048 2288 συγκαταθέσεως.
3081 2222 3195 2274 Καὶ
3224 2222 3398 2282 οῦτως
3431 2222 3646 2290 γίνεται

2065 2308 2338 2378 φαντασία
2365 2309 2488 2363 καθ’
2510 2309 2712 2372 ὕπνους
2738 2315 2834 2364 καὶ
2854 2312 2949 2364 τοῦ
2979 2314 3296 2383 σπέρματος
3321 2316 3507 2388 έκροή.
3535 2318 3646 2370 Kal

2062 2402 2126 2454 ἐκ
2162 2401 2255 2454 τοῦ
2294 2404 2459 2471 φάναι
2498 2403 2555 2456 δὲ
2595 2404 2680 2458 ὅτι
2717 2403 2858 2472 Ἐγὼ
2894 2404 3064 2472 ἔγνων
3103 2409 3186 2459 ὅτι
3220 2408 3392 2462 ταῦτα
3431 2426 3648 2480 κατωρ-

2063 2492 2209 2564 θώθη
2236 2494 2371 2548 Θεοῦ
2401 2496 2582 2565 χάριτι
2610 2497 2702 2548 καὶ
2728 2497 2956 2567 ἀνδράσι
2983 2498 3077 2550 καὶ
3102 2500 3339 2567 γυναιξὶ,
3365 2501 3644 2556 δείκνυται

2063 2585 2308 2655 ἐναργῶς
2334 2588 2414 2640 ὅτι
2445 2589 2571 2657 περὶ
2601 2587 2900 2658 ἐκκρίσεως
2930 2591 3243 2660 σπέρματος
3274 2593 3410 2662 μετὰ
3440 2610 3645 2662 φαντα-

2064 2677 2185 2743 σίας
2216 2679 2509 2750 γινομένης
2540 2681 2722 2750 φησὶν,
2755 2676 2822 2751 ἦς
2857 2683 3130 2751 ὲμπάθεια
3165 2685 3522 2755 προηγήσατο
3549 2687 3644 2738 καὶ

2059 2770 2095 2839 ἡ
2122 2771 2262 2824 κατά
2289 2771 2531 2825 διάνοιαν
2555 2773 2820 2845 ἁμαρτία.
2843 2773 3015 2828 Τοῦτο
3037 2778 3144 2844 γάρ
3171 2779 3284 2828 ἐστι
3314 2777 3645 2849 κατόρθωμα

2011 2881 2022 2892 ι
2057 2863 2120 2913 τὸ
2146 2863 2244 2933 τὴν
2271 2864 2669 2932 συγκατάθεσιν
2699 2867 2977 2936 ἐκφυγεῖν,
3011 2871 3105 2922 καὶ
3133 2869 3222 2922 τὸν
3251 2870 3318 2923 δι’
3349 2869 3642 2940 αὑτῆς,τοῦ

2059 2953 2324 3025 λογισμοῦ
2360 2956 2672 3028 μολυσμὸν,
2707 2959 2824 3013 ἀλλ’
2848 2961 2970 3030 οὐχὶ
3001 2961 3062 3015 τὸ
3099 2961 3173 3033 μὴ
3206 2963 3578 3034 ἐπιθυμῆσαι,
3615 2965 3644 3017 ὃ

2057 3048 2177 3100 ἐστι
2204 3051 2266 3102 τὸ
2300 3051 2376 3120 μὴ
2408 3050 2737 3120 προσϐαλεῖν
2767 3053 3045 3123 λογισμόν.
3078 3055 3249 3108 Τοῦτο
3280 3059 3390 3127 γὰρ
3414 3059 3514 3127 τῆς
3543 3056 3641 3125 φύ-

2064 3155 2208 3202 σεως
2245 3140 2278 3208 ἦ
2314 3141 2658 3212 ἠλιθιότητος
2682 3159 2696 3174 ·
2728 3144 2790 3197 τὸ
2821 3145 2877 3197 δὲ
2915 3147 2990 3216 μὴ
3025 3147 3386 3220 ύποκλιθῆναι
3417 3155 3483 3221 τῇ
3519 3155 3642 3204 ἑπι-

2057 3228 2260 3301 θυμίᾳ,
2297 3232 2430 3301 μηδὲ
2465 3224 2907 3302 συγκαταθέσθαι
2939 3239 3017 3309 τῷ
3051 3240 3340 3310 λογισμῷ,
3376 3243 3511 3312 μηδὲ
3542 3243 3641 3314 τὴν

2055 3323 2196 3376 κατὰ
2221 3322 2464 3379 διάνοιαν
2491 3327 2770 3396 ἁμαρτίαν
2795 3330 3182 3402 ἐκτελεσθῆναι
3209 3335 3305 3389 καὶ
3331 3337 3498 3405 ἀρετή
3527 3338 3640 3390 ἐστι

2056 3414 2153 3466 καὶ
2182 3416 2536 3488 κατόρθωμα.
2568 3422 2704 3475 Οὐδὲ
2731 3423 2793 3474 τὸ
2825 3421 2900 3493 μὴ
2928 3425 3184 3490 γενέσθαι
3211 3428 3320 3482 τινὶ
3343 3429 3437 3482 τοῦ
3470 3432 3642 3500 σπέρ-

2060 3523 2227 3576 ματος
2268 3508 2519 3580 ἔκκρισιν
2567 3513 2912 3582 καθόρθωσις
2957 3517 3368 3589 λογισθήσεται.
3409 3521 3640 3574 Φυσικὸν

2060 3599 2169 3666 γὰρ
2196 3599 2356 3653 τοῦτο
2381 3617 2394 3632 ο
2425 3602 2506 3654 διὸ
2536 3605 2631 3656 καὶ
2661 3608 2946 3676 γινόμενον
2977 3609 3313 3680 ἀνέγκλητον
3334 3627 3349 3644 ο
3380 3612 3494 3665 ἀλλ’
3520 3614 3641 3665 οὐδὲ

2060 3707 2143 3752 τις
2170 3687 2323 3762 οἶμαι
2350 3694 2449 3765 τὴν
2477 3698 2712 3770 φυσικὴν
2742 3700 2928 3771 ῥεῦσιν
2955 3701 3023 3755 δι’
3039 3703 3159 3757 ὅλου
3189 3703 3466 3774 φεύξεται,
3492 3707 3540 3758 εί
3566 3707 3638 3776 μή

2059 3799 2143 3846 τις
2173 3786 2258 3854 εἴη
2287 3786 2406 3842 λίαν
2436 3788 2667 3857 ἠλίθιος.

367 3869 501 3925 ~Jiuc
532 3886 765 3941 namque
789 3881 872 3927 est
905 3888 933 3925 a
966 3881 1160 3926 natura
1192 3880 1284 3926 aut
1340 3870 1658 3926 stoliditate.
1722 3871 1916 3928 Verum
1992 3893 2020 3930 a
2064 3879 2365 3945 cupiditate
2399 3885 2625 3940 minime
2655 3887 2824 3954 vinci,
2856 3903 2957 3944 nec
2988 3893 3237 3947 assentiri
3271 3895 3464 3948 rationi
3495 3935 3511 3960 ,
3545 3907 3644 3949 nec

375 3970 663 4022 peccatum
699 3965 1022 4035 cogitatione
1065 3963 1324 4033 perficere
1348 4004 1363 4030 ,
1403 3965 1506 4019 hoc
1555 3965 1772 4021 virtutis
1819 3981 1956 4035 opus
1995 3978 2076 4024 est
2111 3968 2428 4044 facinusque
2458 3978 2800 4044 praeclarum.
2847 3979 3034 4050 Neque
3067 3986 3208 4052 quod
3275 3985 3432 4040 ειῃουί
3504 4004 3641 4041 mm-

387 4073 548 4124 quam
593 4057 816 4112 seminis
842 4059 1080 4115 excretio
1129 4060 1438 4130 contigerit,
1498 4058 1773 4126 egregium
1839 4059 2053 4116 facinus
2085 4065 2512 4123 existimabitur.
2550 4069 2665 4126 lloe
2708 4073 2853 4128 enim
2889 4076 3134 4131 naturale
3163 4087 3247 4130 est

3291 4094 3305 4130 :
3358 4093 3643 4148 propterea

388 4167 511 4203 cum
541 4154 756 4217 accidit,
782 4151 935 4219 culpa
961 4163 1128 4208 caret.
1169 4153 1278 4207 lmo
1329 4167 1458 4207 vero
1509 4166 1607 4206 nec
1656 4152 1955 4209 naturalem
1996 4157 2136 4214 hanc
2165 4157 2476 4218 A'ﬂuxiouetu
2522 4165 2812 4237 quisquam
2881 4169 3120 4238 penitus,
3169 4168 3278 4225 nisi
3355 4171 3644 4226 admodmn

390 4244 639 4312 stupidus
667 4244 856 4309 fuerit,
895 4256 951 4298 ut
977 4246 1192 4314 opinor,
1243 4243 1486 4314 eﬂugiet.

391 4335 502 4406 42
535 4333 789 4403 Ejusdem
809 4338 1158 4392 utricerima
1183 4354 1318 4411 nona
1338 4341 1560 4408 epistola
1585 4341 1784 4411 festa“,
1810 4337 1962 4398 initio

1081 4409 1285 4464 mutila.
1586 4409 1593 4411 ’
1755 4453 1766 4460 .

459 4519 531 4572 At
561 4519 1003 4591 quandoquidem
1045 4525 1112 4580 de
1144 4525 1414 4581 hatreticis
1445 4535 1706 4598 tanquam
1738 4529 1970 4584 mortuis

388 4611 721 4666 mentionem
753 4611 1004 4680 fecimus,
1062 4616 1128 4671 de
1151 4617 1310 4672 nobis
1351 4628 1554 4685 autem,
1601 4629 1660 4673 ut
1707 4620 1801 4688 qui
1831 4619 1970 4673 divi-

389 4724 486 4761 nas
517 4707 583 4760 ad
618 4709 848 4762 salutem
877 4706 1085 4763 litteras
1142 4707 1462 4771 habeamus,
1518 4719 1572 4764 et
1614 4711 1742 4780 quia
1775 4725 1966 4764 vereor

388 4812 474 4859 ne,
511 4797 578 4850 ut'
597 4798 661 4851 ad
687 4798 1001 4852 Corinthios
1031 4797 1234 4853 Paulus
1290 4799 1508 4868 scripsit
1577 4801 1619 4864 ⁸,
1661 4815 1726 4855 ex
1754 4801 1961 4871 simpli-

385 4888 625 4943 eioribtts
657 4891 833 4957 pauci,
863 4905 894 4943 a
950 4890 1298 4958 simplicitate
1327 4891 1672 4960 puritateque
1701 4907 1821 4955 sua,
1869 4908 1965 4962 per

385 4980 746 5046 quorumdam
785 4980 1069 5034 hominum
1125 4980 1395 5036 vafritiem
1441 4991 1753 5047 avertantur
1788 5002 1800 5036 :
1831 4999 1970 5057 neve~

384 5067 642 5138 deinceps
673 5070 842 5125 libros
889 5072 1027 5126 alios
1054 5072 1258 5141 legant,
1296 5074 1390 5142 qui
1427 5077 1722 5146 apocryphi
1759 5091 1959 5130 vocan-

385 5168 494 5223 tur,
524 5160 804 5214 nominum
838 5163 1198 5219 similitudine
1252 5165 1490 5236 decepti,
1527 5183 1634 5237 qua
1665 5181 1789 5220 cum
1815 5166 1962 5221 veris

386 5249 539 5304 libris
569 5253 929 5320 conveniunt;
956 5271 1135 5324 aequo,
1174 5273 1385 5325 quaeso,
1435 5258 1572 5314 ferte
1605 5260 1790 5312 animo
1816 5261 1862 5314 si
1895 5262 1962 5315 de

387 5339 583 5408 quibus
605 5341 772 5409 probe
805 5346 998 5408 nostis,
1025 5345 1092 5398 de
1123 5345 1315 5401 iisdem
1339 5363 1439 5416 ego
1485 5349 1687 5411 scribo,
1722 5349 1866 5418 quod
1895 5365 1961 5402 ex

388 5447 447 5484 re
481 5431 821 5501 utilitateque
848 5432 1105 5489 Ecclesiae
1128 5437 1244 5492 fore
1273 5440 1606 5495 existiment.
1656 5439 1748 5494 Illa
1778 5451 1958 5494 autem

389 5527 813 5588 memoraturus,
846 5523 913 5577 ad
955 5526 1178 5581 audacis
1231 5531 1496 5599 propositi
1532 5531 1636 5584 mei
1667 5532 1958 5586 conﬁrma-

392 5611 614 5674 tionem,
649 5615 992 5682 evangelista:
1027 5615 1186 5671 Luca:
1219 5618 1395 5674 forma
1433 5629 1554 5675 utar
1593 5623 1643 5685 ³,
1679 5621 1909 5676 dicendo
1941 5635 1955 5674 :

391 5699 655 5766 Quoniam
709 5707 918 5773 quidem
974 5708 1138 5775 afiqui
1182 5713 1356 5764 conati
1379 5721 1520 5779 sunt,
1559 5728 1679 5783 quze
1699 5713 1959 5770 dicuntur

455 5852 466 5880 ¹
502 5850 542 5904 ll
565 5850 690 5908 Cor.
733 5873 801 5922 xi,
839 5856 891 5911 5.
1000 5859 1020 5888 ¹
1058 5855 1206 5913 Lttc.‘
1232 5873 1270 5924 t,
1319 5859 1360 5912 1.

2079 4368 2188 4423 Τοῦ
2234 4368 2423 4424 αὐτοῦ
2472 4368 2541 4424 ἐκ
2572 4368 2686 4438 τῆς
2709 4369 2800 4424 .10’
2849 4353 3244 4439 ἑορταοίτικῆς·
3289 4371 3640 4442 ἐπιστολῆς.

2077 4545 2084 4552 ”
2150 4544 2288 4598 Ἀλλ’
2311 4545 2496 4616 ἐπειδὴ
2528 4545 2655 4614 περὶ
2690 4543 2789 4614 μὲν
2829 4542 2936 4597 τῶν
2976 4542 3268 4614 αίρετικῶν
3296 4541 3643 4614 ἐμνήσθημεν

2069 4637 2144 4698 ὡς
2171 4635 2401 4704 νεκρῶν·
2440 4637 2568 4707 περὶ
2601 4635 2658 4688 δὲ
2701 4635 2858 4705 ήμῶν
2885 4634 2959 4698 ὼς
2995 4635 3224 4704 ἐχόντων
3277 4633 3418 4704 πρὸς
3473 4649 3641 4697 σωτης

2071 4726 2191 4796 ρίαν
2223 4725 2323 4788 τὰς
2359 4725 2508 4788 θείας
2541 4725 2783 4796 Γραφὰς·
2821 4725 2914 4777 καὶ
2964 4723 3232 4794 φοϐοῦμαι
3428 4721 3644 4792 μήπως,

2064 4817 2139 4879 ὠς
2169 4814 2373 4886 ἔγραψε
2397 4815 2705 4886 Κορινθίοις
2752 4813 2983 4877 Παῦλος,
3023 4813 3192 4881 ὀλίγοι
3235 4812 3344 4865 τῶν
3373 4811 3644 4882 ἀκεραίων

2065 4907 2175 4960 ἀπὸ
2198 4908 2296 4978 τῆς
2325 4907 2624 4977 ἁπλότητος
2673 4907 2768 4960 καὶ
2819 4906 2918 4976 τῆς
2958 4906 3252 4976 ἁγνότητος
3301 4902 3643 4973 πλανηθῶσιν

2064 4997 2173 5051 ἀπὸ
2199 4997 2300 5066 τῆς
2352 4996 2686 5067 πανουργίας
2726 4995 2888 5049 τινῶν
2939 4995 3272 5067 ἀνθρώπων,
3323 4997 3418 5049 καὶ
3461 4994 3638 5048 λοιπὸν.

2063 5089 2409 5157 ἐντυγχάνειν
2483 5086 2690 5156 ἑτέροις
2761 5086 3062 5157 ἄρξωνται,
3136 5089 3246 5148 τοῖς
3327 5084 3640 5154 λεγομένοις

2062 5178 2423 5248 ἀποκρύφοις,
2458 5176 2806 5248 ἀπατώμενοι
2853 5180 2920 5249 τῇ
2977 5178 3268 5249 ὁμωνυμίᾳ
3317 5177 3422 5230 τῶν
3460 5175 3635 5246 ἀληθι-

2043 5271 2168 5327 νῶν
2199 5271 2311 5341 (80)
2334 5271 2573 5340 βιϐλίωνο
2606 5271 2905 5340 παρακαλῶ
2954 5272 3260 5342 ἀνέχεσθαι,
3319 5273 3367 5324 εἰ
3413 5269 3539 5340 περὶ
3569 5262 3642 5321 ὧν

2061 5363 2377 5424 ἐπίστασθε,
2432 5363 2797 5434 περὶτούτων
2824 5351 2980 5431 κάγὼ
3023 5362 3378 5433 μνημονεύων
3425 5362 3641 5432 γράφω,

2060 5454 2149 5507 διόι
2172 5470 2229 5506 τε
2253 5455 2348 5525 τὴν
2381 5453 2626 5523 ἀνάγκην
2655 5454 2749 5506 καὶ
2778 5455 2838 5505 τὸ
2865 5453 3136 5523 χρήσιμον
3181 5453 3281 5520 τῆς
3297 5449 3638 5519 Ἐκκλησίας.

2059 5543 2285 5596 Μέλλων
2305 5543 2361 5595 δὲ
2388 5543 2593 5596 τούτων
2634 5543 3011 5614 μνημονεύειν,
3061 5543 3337 5612 χρήσομαι
3382 5541 3518 5610 πρὸς
3551 5537 3638 5590 σύ·

2064 5649 2251 5687 στασιν
2307 5635 2406 5704 τῆς
2464 5633 2703 5704 ἐμαυτοῦ
2757 5634 2960 5705 τόλμης
3008 5633 3085 5704 τῷ
3145 5633 3302 5700 τύπῳ
3349 5629 3443 5682 τοῦ
3483 5629 3639 5695 εὐαγ-

2059 5724 2307 5792 γελιστοῦ
2335 5727 2536 5792 Λουκᾶ,
2573 5726 2746 5796 λέγων
2772 5726 2864 5780 καὶ
2903 5724 3054 5780 αύτόο
3104 5721 3448 5787 Ἐπειδιξπερ
3485 5717 3640 5786 τινὲς
