4076 6390
449 341 551 410 561

1338 350 1424 414 ΙΝ
1467 352 1705 415 EPIST.
1748 352 1811 414 S.
1852 350 2265 415 ATHANASI!
2302 350 2399 411 AD
2438 345 2750 411 AMMUM.

3583 346 3697 411 δατ

446 470 850 539 ἐπεχείρησαν
910 468 1279 536 ἀνατάξασθαι
1349 469 1560 532 ἑαυτοῖς
1625 465 1692 520 τά
1756 464 2012 536 λεγόμενα

2116 462 2423 537 apocrypha
2450 464 2501 517 in
2524 478 2686 520 suum
2708 462 2954 519 ordinem
2981 463 3245 534 redigere,
3263 476 3436 534 eaque
3458 460 3685 518 miscere

389 596 395 603 -
447 559 775 633 ἀπόκρυφοι,
837 562 932 616 καὶ⁵
996 559 1245 632 ὲπιμίξαι
1312 559 1483 612 ταῦτα
1552 559 1617 629 τῇ
1683 555 2023 626 θεοπνεύστῳ

448 656 660 725 Γραφῇ,
695 653 823 722 περὶ¹
849 647 916 724 ἦς
945 650 1488 723 ὲπληροφορήθημεν,
1520 646 1700 712 καθὼς
1723 647 2023 718 παρέδοσαν

378 804 393 817 ἧ
446 748 555 809 τοῖς
587 746 863 817 Πατράσιν
896 745 943 797 οῑ
969 744 1061 798 ἀπ’
1089 743 1262 814 ἀρχῆς
1300 741 1563 795 αὐτόπται
1615 740 1709 793 καὶ⁵
1755 736 2022 809 ὑπηρέται

446 837 728 907 γενόμενοι
780 836 872 888 τοῦ
934 836 1114 903 λόγου·
1177 830 1320 899 ἔδοξε
1383 830 1583 903 κάμοὶ.
1652 830 2023 903 προτραπέντι

447 926 598 997 ποιρά
629 926 866 996 γνησίων
919 925 1184 993 ἀδελφῶν,
1225 924 1320 978 καὶ
1373 918 1597 995 μαθόντι
1638 920 1862 984 ἀνωθεν,
1897 919 2022 989 ἑξῆς

445 1017 703 1070 ἐκθέσθαι
736 1016 804 1069 τὰ
831 1016 1220 1086 κανονιξόμενα
1243 1014 1338 1067 καὶ
1383 1012 1774 1084 παραδοθέντα,
1804 1027 2021 1063 πιστευα

450 1104 607 1161 θέντα
635 1124 692 1159 τε
722 1106 839 1160 θεῖα
867 1092 1005 1159 είναι
1032 1104 1227 1176 βιϐλία·
1277 1106 1363 1159 ἵνα
1405 1104 1653 1165 ἕκαστος,
1677 1104 1724 1154 ει
1758 1102 1853 1173 μὲν
1886 1102 2015 1169 είιπιιιΔ
2056 1095 2064 1105 ’

448 1195 608 1265 τήθη,
670 1192 927 1265 καταγνῷ
975 1194 1084 1247 τῶν
1144 1193 1550 1262 πλανησάντων·
1605 1192 1633 1243 ὀ
1679 1189 1733 1243 δὲ
1772 1182 2022 1259 ’καθαρὸς

449 1285 725 1356 διαμείνας
755 1285 921 1357 χαίρῃ
945 1284 1106 1337 πάλιν
1129 1283 1695 1355 ὑπομιμνησκόμενος.
1733 1282 1888 1334 Ἐστι
1912 1280 2022 1332 τοί-

448 1392 541 1427 νυν
560 1376 660 1443 τῆς
689 1375 786 1443 μὲν
814 1375 1054 1439 Παλαιᾶς
1076 1375 1347 1447 Διαθήκης
1391 1373 1567 1445 βιϐλία
1606 1372 1685 1443 τῷ
1716 1370 1931 1445 ἀριθμῷ
1952 1370 2019 1424 τὰ
2044 1400 2057 1411 κ

448 1467 624 1519 πάντα
650 1463 936 1517 εἰκοσιδύο·
973 1463 1209 1519 τοσαῦτα
1263 1464 1391 1536 γὰρ,
1433 1465 1507 1531 ὡς
1550 1466 1777 1537 ἤκουσα,
1821 1464 1914 1518 καὶ
1951 1463 2019 1517 τά

453 1555 689 1624 στοιχεῖα
716 1553 783 1606 τά
834 1555 966 1624 παρ’
1010 1554 1282 1626 Ἑϐραίοις
1329 1553 1468 1608 εἶναι
1520 1556 1897 1626 παραδέδοται·
1948 1555 2015 1626 τῇ

449 1645 505 1696 δὲ
562 1643 714 1709 τάξει
778 1644 873 1697 καὶ
921 1644 999 1715 τῷ
1052 1644 1273 1714 ὀνόματί
1326 1646 1474 1697 ἐστιν
1530 1644 1758 1698 ἕκαστον
1821 1643 2014 1709 οὕτως·

452 1734 672 1803 Πρῶτον
837 1735 1075 1799 Γένεσις,
1104 1732 1221 1788 εἶτα
1255 1736 1493 1800 Ἐξοδος,
1544 1731 1662 1789 εἶτα
1712 1733 2015 1799 Λευῖτικὸν,

2118 554 2413 625 Scriptura:
2445 572 2474 611 a
2503 556 2610 611 Deo
2646 557 2942 626 inspirataz,
2976 572 3138 625 quam
3173 556 3337 612 certis
3376 557 3685 627 accepimus

2116 649 2463 713 testimoniis,
2489 650 2945 720 quemadmodum
2972 647 3225 704 Patribus
3281 649 3552 703 tradidere
3586 648 3703 715 qui‘

2119 740 2188 795 ab
2218 741 2369 794 initio
2391 740 2491 810 ipsi
2514 741 2783 805 viderunt,
2802 749 2852 795 et
2880 740 3109 795 ministri
3134 738 3355 795 fuerunt
3378 741 3648 795 sermonis
3668 738 3704 793 ε’

2117 832 2295 886 visum
2328 839 2410 886 est
2436 841 2489 886 et
2520 831 2674 895 mihi,
2728 831 3145 887 adhortantibus
3192 832 3467 903 germanis
3498 830 3686 886 fratri—

2116 919 2239 987 bus,
2264 928 2426 990 prout
2464 920 2649 987 didici,
2685 921 2753 975 ab
2789 922 2944 976 initio
2983 930 3037 976 et
3085 921 3281 976 ordine
3303 921 3473 976 libros
3496 936 3688 975 recen-

2119 1027 2259 1077 θοι-ο,
2292 1028 2429 1081 quos
2450 1013 2662 1068 divinos
2688 1028 2830 1078 esse,
2877 1014 3139 1069 canonice
3203 1014 3488 1083 scriptum,
3522 1012 3691 1068 tradi-

2118 1111 2232 1156 tum
2262 1112 2314 1158 et
2342 1103 2605 1158 creditum
2628 1113 2740 1160 est:
2765 1115 2823 1160 ut
2856 1106 3087 1175 quisque
3112 1105 3158 1160 si
3189 1105 3443 1160 seductus
3468 1104 3686 1175 quidem

2121 1191 2305 1256 fuerit,
2328 1208 2423 1248 eos
2448 1205 2707 1264 coarguat
2746 1197 2839 1266 qui
2890 1211 2948 1252 se
3004 1197 3350 1263 scduxerint;
3393 1196 3476 1251 sin
3516 1209 3707 1265 purus-

2119 1286 2498 1355 permanserit.
2525 1287 2680 1342 laetus
2721 1288 2837 1343 haec
2880 1286 3084 1342 monita
3121 1289 3371 1358 accipiat.
3417 1287 3556 1343 Sunt
3588 1288 3688 1342 ita-

2121 1391 2228 1446 que
2256 1375 2466 1432 Veteris
2491 1377 2821 1433 Testamenti
2857 1380 2979 1433 liliri
3008 1394 3197 1434 omnes
3232 1393 3460 1434 numero
3497 1377 3689 1448 viginti

2120 1464 2251 1522 duo.
2281 1465 2385 1521 Tot
2403 1467 2567 1534 enim,
2599 1477 2659 1522 ut
2689 1468 2891 1533 audivi,
2936 1469 3200 1523 elementa
3235 1468 3379 1539 apud
3434 1468 3690 1522 Hebraeos

2118 1569 2242 1611 esse
2272 1558 2526 1613 traditum
2562 1569 2661 1615 est.
2726 1558 2934 1629 Singuli
2970 1570 3150 1615 autem
3206 1560 3312 1615 hoc
3338 1560 3549 1624 ordine,
3588 1559 3691 1615 hoc

2121 1645 2343 1700 nomine
2372 1656 2500 1701 sunt
2551 1667 2563 1702 :
2618 1647 2859 1702 Primum
2917 1647 3163 1713 Genesis,
3196 1649 3391 1704 deinde
3442 1646 3686 1717 Exodus,

2122 1733 2249 1789 hinc
2279 1736 2569 1803 Leviticus,
2598 1746 2787 1807 postea
2838 1737 3084 1805 Numeri,
3119 1740 3317 1794 exinde
3355 1737 3689 1794 Deuterono-

454 1821 549 1869 καὶ
581 1818 718 1887 μετά
753 1819 911 1872 τοῦτο
955 1818 1221 1889 Ἀριθμοὶ,
1270 1822 1362 1873 καὶ
1414 1822 1594 1873 λοιπὸν
1658 1822 1720 1873 τὸ
1767 1824 2012 1893 Δευτερο-

2123 1821 2313 1874 mium.
2343 1821 2453 1875 Hos
2480 1822 2775 1890 excipiunt,
2827 1818 2985 1875 Jesus
3041 1821 3184 1875 lilius
3233 1819 3398 1887 Nave,
3446 1817 3686 1878 Judices.

453 1910 661 1981 νόμιον.
710 1911 863 1982 Ἑξῆς
886 1912 943 1965 δὲ
984 1912 1193 1976 τούτοις
1242 1915 1387 1966 ἐστὶν
1423 1913 1627 1983 Ἰησοῦς
1668 1916 1696 1966 ὁ
1719 1913 1813 1966 τού
1840 1912 2016 1981 Ναυῆ,

455 2003 548 2057 καὶ
570 2003 786 2076 Κριταί·
818 2004 912 2056 καὶ
950 2002 1084 2073 μετά
1110 2002 1266 2055 τοῦτο
1296 2003 1329 2072 ἠ
1368 2002 1544 2054 Ῥούθ·
1584 2004 1677 2055 καὶ
1710 2001 1868 2054 πάλιν
1892 1999 2025 2068 ἑξῆς

455 2094 745 2147 Βασιλειῶν
772 2094 1013 2163 τέσσαρα
1053 2092 1233 2162 βιϐλία
1270 2127 1286 2153 ,
1442 2092 1535 2145 καὶ
1585 2092 1784 2145 τούτων
1830 2090 1893 2143 τὸ
1922 2089 2020 2159 μὲν

455 2185 669 2255 πρῶτον
696 2184 787 2237 καὶ
818 2184 1069 2254 δεύτερον
1088 2183 1167 2246 είς
1190 2182 1248 2236 ἓν
1287 2182 1487 2253 βιϐλίον
1513 2182 1845 2254 ἀριθμεῖται·
1872 2181 1933 2233 τὸ
1960 2179 2018 2233 δὲ

451 2276 630 2346 τρίτον
656 2276 747 2328 καὶ
779 2276 1033 2347 τέταρτον
1078 2275 1276 2346 ὁμοίως
1329 2276 1408 2337 είς
1452 2274 1528 2328 ἓν.
1564 2272 1718 2326 Μετὰ
1761 2273 1815 2325 δὲ
1846 2272 2017 2324 ταῦτα

454 2367 944 2438 Ιίαραλειπομένων
1025 2370 1072 2418 α’
1157 2369 1255 2420 καὶ⁹
1348 2362 1392 2435 β’
1464 2367 1665 2437 ὁμοίως
1707 2368 1787 2430 είς
1835 2366 1891 2419 ἒν
1939 2365 2018 2434 βι-

340 2489 349 2500 ο
453 2460 599 2513 ϐλίον
651 2458 810 2512 πάλιν
867 2458 1263 2530 ἀριθμούμενα·
1298 2454 1413 2511 εἶτα
1462 2459 1696 2528 Ἔσδρας
1735 2464 1781 2511 α’
1832 2457 1924 2510 καὶ
1972 2456 2016 2526 β’

450 2552 651 2620 ὁμοίως
681 2553 760 2615 εἰς
782 2551 859 2604 ἒν.
887 2552 1040 2605 Μετά
1095 2550 1152 2603 δὲ
1185 2550 1357 2604 ταῦτα
1389 2550 1570 2620 βίϐλος
1616 2548 1880 2617 Ψαλμῶν.
1922 2547 2017 2601 καὶ

452 2644 578 2713 ἑξῆς
629 2642 946 2713 Παροιμίαι·
999 2638 1117 2695 εἶτα
1181 2640 1638 2711 Ἐκκλησιαστὴς.
1685 2640 1776 2692 καὶ
1825 2634 2015 2709 ’ᾋσμα

450 2733 729 2802 ἀγμάτων.
778 2732 921 2803 Πρὸς
963 2731 1171 2796 τούτοις
1224 2731 1339 2784 ἐστὶ
1402 2730 1495 2784 καὶ
1542 2729 1681 2793 Ἰὼϐ,
1710 2729 1802 2782 καὶ
1834 2728 2015 2781 λοιπὸν

452 2823 743 2898 προφῆται·
768 2825 817 2876 οἱ
853 2824 949 2894 μὲν
971 2823 1177 2876 δώδεκα
1197 2824 1275 2885 είς
1298 2822 1356 2874 ἓν
1376 2821 1575 2891 βιϐλίον
1603 2819 2010 2892 ἀριθμούμενοι·

454 2910 571 2966 εἶτα
632 2913 877 2976 Ἡσαΐας,
939 2912 1240 2984 Ἱερεμίας,
1298 2914 1391 2967 καὶ
1441 2914 1537 2966 σὺν
1590 2911 1751 2981 αὐτῷ.
1779 2912 2010 2980 Βαροὺχ,

454 3003 666 3073 θρῆνοι,
707 3002 992 3073 Ἐπιστολὴ
1032 3020 1046 3035 ·
1179 3004 1275 3056 καὶ
1300 3001 1416 3073 μετ’
1449 3002 1611 3057 αὐτὸν
1643 3002 1899 3072 Ἰεζεκιὴλ
1920 3002 2015 3054 καὶ

451 3093 664 3164 Δανιήλ.
711 3095 873 3165 Ἀχρι
936 3093 1137 3147 τούτων
1190 3094 1258 3147 τὰ
1310 3093 1410 3164 τῆς
1456 3094 1696 3156 Παλαιᾶς
1741 3093 2015 3164 Διαθήκης

452 3184 682 3239 ἵσταται.
734 3186 816 3238 Τὰ
865 3188 923 3239 δὲ
981 3188 1079 3257 τῆς
1140 3188 1345 3257 Καινῆς
1395 3186 1555 3239 πάλιν
1611 3186 1710 3239 οὐκ
1760 3185 2014 3255 ὀκνητέον

447 3278 637 3329 εἰπεῖν·
663 3276 776 3330 ἔστι
816 3276 924 3347 γὰρ
968 3278 1164 3331 ταῦτα·
1194 3277 1497 3346 Εὑαγγέλια
1558 3277 1816 3346 τέσσαρα·
1873 3275 2015 3330 κατά

449 3365 747 3427 λίατθαῖον,
772 3367 912 3419 κατά
940 3368 1185 3438 Μάρκον,
1214 3366 1356 3420 κατά
1396 3366 1626 3431 Λουκᾶν,
1656 3364 1796 3417 κατά
1835 3364 2014 3418 ἰωάν-

444 3473 558 3524 νην.
596 3451 728 3510 Εῖτα
757 3458 891 3526 μετά
918 3458 1088 3510 ταῦτα
1263 3456 1496 3527 Πράξεις
1524 3456 1858 3517 ἀποστόλων,
1918 3454 2013 3507 καὶ¹

455 3547 762 3602 Ἐπιστολαὶ
823 3548 1124 3601 Καθολικαὶ
1182 3547 1512 3617 καλούμεναι
1548 3546 1655 3600 τῶν
1701 3545 2011 3599 ἀποστόλων

442 3639 600 3692 ἑπτά·
652 3638 794 3692 οὕτω
849 3639 947 3709 μὲν
993 3637 1246 3691 Ἰακώϐου
1301 3644 1369 3699 α’,
1410 3638 1615 3708 Πέτρου
1661 3636 1716 3689 δὲ
1776 3636 1842 3704 β’,
1892 3631 2012 3689 εἶτα

452 3727 698 3781 Ἰωάννου
722 3728 791 3796 γ’,
822 3729 917 3781 καὶ¹
950 3729 1089 3798 μετά
1139 3727 1339 3789 ταύτας
1392 3726 1557 3779 ’ἰούδα
1586 3733 1655 3780 α’.
1716 3725 1860 3796 Πρὸς
1889 3725 2012 3778 τού-

439 3835 554 3881 τοις
580 3817 793 3871 Παύλου
815 3818 1112 3872 ἀποστόλου
1140 3818 1275 3870 είσὶν
1298 3817 1573 3870 ἐπιστολαὶ
1594 3816 2005 3887 δεκατέσσαρες,

437 3911 504 3975 τῇ
533 3908 683 3971 τάξει
704 3910 1045 3978 γραφόμεναι
1079 3907 1269 3970 οὕτως·
1299 3905 1488 3977 πρώτη
1522 3906 1655 3972 πρὸς
1687 3905 2004 3974 Ῥωμαίους·

439 3997 556 4053 εἶτα
590 4001 725 4069 πρὸς
744 4000 1062 4070 Κορινθίους
1083 3999 1175 4053 δύο
1197 4016 1211 4030 ·
1246 3998 1339 4051 καὶ⁹
1373 3999 1506 4068 μετά
1538 3997 1705 4051 ταῦτα
1872 3997 2007 4067 πρὸς

441 4090 704 4162 Γαλάτας·
753 4092 845 4143 καὶ
909 4091 1037 4158 ἑξῆς
1106 4090 1244 4161 πρὸς
1322 4089 1632 4158 Ἐφεσίους·
1684 4083 1801 4140 εἶτα
1871 4087 2007 4157 πρὸς

437 4182 846 4251 Φιλιππησίους,
877 4182 973 4234 καὶ
1018 4181 1153 4251 πρὸς
1196 4181 1544 4245 Κολασσαεῖς·
1588 4179 1681 4233 καὶ
1718 4179 1853 4249 μετά
1878 4179 2008 4230 ταύ-

436 4290 534 4334 τας
564 4273 698 4343 πρὸς
728 4271 1134 4334 Θεσσαλονικεῖς
1157 4271 1271 4337 δύο,
1310 4271 1404 4325 καὶ
1437 4273 1469 4343 ἠ
1520 4270 1655 4342 πρὸς
1704 4270 2001 4340 Ἐϐραίους·

438 4365 531 4416 καὶ
563 4364 721 4426 εὐθὺς
751 4363 887 4434 πρὸς
922 4364 1018 4434 μὲν
1046 4363 1306 4434 Τιμόθεον
1462 4362 1573 4422 δύο.
1610 4361 1743 4436 πρὸς
1767 4362 1823 4415 δὲ
1847 4360 2003 4414 Τίτον

441 4452 556 4521 μία·
606 4453 700 4505 καὶ
739 4452 1020 4506 τελευταία
1079 4453 1112 4523 ἠ
1168 4451 1303 4523 πρὸς
1360 4452 1654 4522 Φιλήμονα·
1703 4453 1797 4505 καὶ
1844 4451 2003 4505 πάλιν

2110 4455 2349 4510 docetur.
2378 4453 2548 4512 Nemo
2579 4458 2646 4511 iis
2692 4459 2875 4524 addat,
2906 4466 2999 4513 aut
3023 4458 3227 4528 aliquid
3258 4459 3328 4514 ab

447 4541 692 4594 Ἰωάννου
744 4541 1129 4609 ’Λποκάλυψις.
1170 4539 1351 4594 Ταῦτα
1376 4542 1549 4610 πηγαὶ
1582 4541 1675 4595 τοῦ
1707 4542 1996 4613 σωτηρίου,

432 4631 572 4684 ὥστε
607 4632 698 4684 τὸν
730 4631 968 4698 διψῶντα
1009 4631 1117 4684 τῶν
1174 4632 1230 4685 ὲν
1276 4632 1484 4694 τούτοις
1520 4631 1872 4703 ἐμφορεῖσθαι
1909 4632 1997 4686 λοο

431 4724 585 4788 γίων·
619 4721 677 4775 ὲν
710 4721 917 4784 τούτοις
954 4721 1134 4790 μόνοις
1181 4721 1241 4774 τδ
1274 4720 1373 4790 τῆς
1418 4720 1696 4784 εὐσεϐείας
1744 4721 1997 4774 διδασκα-

431 4808 571 4860 λεῖον
616 4808 1047 4877 εὐαγγελίζεται.
1108 4810 1315 4881 Μηδεὶς
1358 4809 1571 4872 τούτοις
1626 4811 1994 4875 ὲπιϐαλλέτω,

435 4900 568 4968 μηδὲ
598 4899 800 4953 τούτων
823 4899 1160 4971 ἀφαιρείσθω
1185 4918 1257 4954 τι.
1279 4901 1413 4972 Περὶ
1440 4901 1496 4954 δὲ
1520 4901 1723 4955 τούτων
1743 4903 1770 4954 ὁ
1797 4901 1999 4972 Κύριος

432 4988 820 5053 Σαδδουκαίους
851 4991 946 5059 μὲν
983 4988 1271 5055 ἐδυσώπει,
1318 4991 1509 5060 λέγων·
1568 4990 1887 5047 Πλανᾶσθε
1908 4992 1993 5061 μὴ

427 5080 652 5147 εἰδότες
683 5081 787 5147 τὰς
817 5082 1077 5151 Γραφάς·
1110 5085 1223 5146 τοῖς
1269 5083 1326 5135 δὲ
1386 5083 1654 5145 Ἰουδαίοις
1779 5125 1791 5137 .
1857 5102 1998 5156 παρ-

429 5169 566 5240 ῄνει·
639 5172 943 5239 Ἐρευνᾶτε
973 5174 1079 5239 τὰς
1113 5173 1374 5242 Γραφάς·
1410 5174 1496 5227 ὅτι
1529 5175 1705 5229 αὐταί
1750 5178 1910 5230 εἰσιν
1935 5181 1994 5231 αὶ

423 5261 832 5328 μαρτυροῦσαι
889 5264 1018 5330 περὶ
1078 5263 1243 5332 ἐμοῦ.
1285 5260 1422 5317 Ἀλλ’
1456 5265 1618 5319 ἕνεκά
1667 5284 1729 5333 γε
1756 5267 1995 5332 πλείονος

429 5351 711 5422 ἀκριϐείας
733 5352 1062 5424 προστίθημι
1092 5354 1185 5406 καὶ
1216 5353 1373 5407 τοῦτο
1405 5356 1628 5425 γράφων
1661 5356 1992 5423 ἀναγκαίως,

426 5438 503 5500 ὡς
671 5440 752 5492 ὅτι
776 5441 892 5493 ἐστὶ
922 5441 1016 5495 καὶ
1042 5441 1204 5511 ἕτερα
1253 5441 1432 5512 βιϐλία
1457 5442 1659 5495 τούτων
1691 5443 1906 5506 ἔξωθεν·
1931 5428 1997 5497 ού-

427 5529 815 5601 κανονιζόμενα
850 5533 971 5603 μὲν,
1014 5534 1370 5604 τετυπωμὲνα
1396 5533 1453 5586 δὲ
1480 5534 1628 5603 παρά
1677 5534 1784 5586 τῶν
1820 5535 1991 5589 Πατέ-

512 5724 528 5756 ¹
558 5726 750 5781 Matth.
785 5725 1026 5793 ult,29.
1105 5731 1125 5761 '
1159 5727 1311 5787 loan.
1339 5752 1388 5799 v,
1419 5735 1542 5792 39.’

2120 1920 2174 1965 et
2212 1920 2395 1979 postea
2422 1909 2588 1964 Ruth.
2617 1908 2755 1964 Hinc
2792 1925 3011 1965 rursum
3052 1908 3364 1981 Regnorum
3404 1911 3527 1965 libri
3548 1926 3689 1982 qua-

2119 2008 2240 2053 tuor
2272 2018 2287 2055 :
2318 2013 2384 2053 ex
2410 2000 2607 2068 quibus
2653 1999 2861 2069 primus
2886 2008 2940 2053 et
2973 2000 3247 2055 secundus
3307 2013 3408 2070 pro
3438 2014 3551 2055 uno
3577 2014 3693 2057 utt~

2119 2091 2574 2159 meranturlibro;
2630 2093 2825 2147 tertius
2854 2100 2909 2148 et
2948 2100 3179 2162 quartus
3223 2106 3323 2162 pro
3352 2107 3461 2147 uno
3488 2092 3686 2149 simili-

2118 2190 2220 2235 ter.
2248 2180 2378 2236 Post
2409 2182 2522 2237 hmo
2556 2181 3009 2251 Paralipomenon
3053 2183 3265 2251 primus
3313 2191 3369 2237 et
3410 2183 3684 2238 secundus

2120 2285 2216 2337 pro
2247 2286 2358 2326 uno
2391 2274 2589 2342 pariter
2611 2273 2750 2328 libro
2777 2282 3089 2327 censentur.
3110 2271 3249 2328 Hinc
3276 2272 3461 2329 Esdrze
3478 2274 3685 2343 primus

2116 2372 2171 2417 et
2219 2364 2525 2425 secundus,
2591 2378 2690 2432 pro
2746 2377 2857 2417 uno
2920 2363 3170 2418 similiter
3226 2381 3240 2419 :
3312 2372 3497 2431 postea
3550 2364 3686 2420 liber

2117 2454 2482 2521 Psalmorum,
2511 2454 2769 2525 deinceps
2790 2453 3108 2524 Proverbia,
3140 2464 3255 2511 tum
3306 2455 3681 2522 Ecclesiastes,

2116 2555 2169 2602 et
2193 2547 2477 2602 Canticum
2513 2546 2872 2601 canticorum.
2905 2547 2985 2602 Ad
3018 2547 3132 2603 hace
3177 2546 3301 2615 Job,
3346 2563 3412 2603 ac
3433 2548 3685 2619 deinceps

2116 2639 2408 2709 prophetae,
2440 2652 2507 2694 ex
2530 2638 2730 2707 quibus
2749 2638 3031 2692 duodecim
3064 2653 3161 2707 pro
3190 2653 3299 2692 uno
3332 2638 3477 2693 libro
3495 2653 3685 2705 nume-

2116 2740 2325 2785 rantur.
2354 2727 2492 2785 Hinc
2525 2730 2715 2792 Isaias,
2744 2728 3009 2783 Jeremias
3048 2738 3250 2784 etcum
3286 2729 3403 2799 ipso
3443 2728 3682 2796 Baruch,

2117 2821 2576 2882 Lamentationes,
2637 2817 2874 2888 Epistola
2911 2836 2927 2875 :
2969 2829 3155 2888 postea
3205 2819 3452 2875 Ezechiel
3487 2828 3542 2875 et
3579 2819 3682 2875 Da-

2116 2914 2243 2968 niel.
2266 2912 2539 2969 Hactenus
2563 2911 2768 2968 Veteris
2797 2911 3126 2983 Testamenti
3153 2912 3296 2967 libri.
3334 2912 3469 2968 Novi
3500 2924 3678 2969 autem

2117 3003 2448 3060 Testamenti
2485 3004 2654 3058 libros
2693 3002 2897 3059 referre
2924 3019 2990 3059 ne
3021 3003 3219 3073 pigeat.
3250 3002 3388 3060 Sunt
3419 3005 3562 3059 enim
3585 3004 3677 3059 hi:

2116 3093 2406 3165 Evangelia
2428 3104 2682 3165 quatuor,
2701 3094 2998 3150 secundum
3029 3093 3362 3161 Matthaaum,
3382 3097 3680 3150 secundum

2116 3183 2379 3251 Marcum,
2417 3186 2712 3241 secundum
2765 3182 2991 3252 Lucam,
3044 3186 3342 3241 secundum
3395 3185 3691 3242 Joannem.

2076 3272 2305 3330 'Postea
2356 3274 2487 3328 Acta
2547 3275 2947 3345 apostolorum,
3005 3284 3059 3330 et
3119 3274 3370 3347 Epistola!
3446 3276 3697 3336 Catholi~

2114 3380 2221 3429 cae,
2263 3381 2385 3435 quae
2430 3366 2814 3435 Apostolorum
2855 3377 3156 3432 vocantur,
3208 3382 3443 3423 numero
3470 3379 3703 3439 septem.

2112 3470 2326 3524 nempe,
2360 3454 2544 3510 Jacobi
2576 3472 2703 3522 uina,
2754 3454 2896 3512 Petri
2926 3458 3066 3523 duze,
3124 3456 3347 3513 Joannis
3374 3468 3502 3525 trcs,
3528 3458 3697 3517 Iudae-

2112 3561 2244 3601 una.
2297 3547 2377 3600 Ad
2425 3547 2541 3602 haec
2590 3546 2746 3602 Pauli
2807 3550 3040 3618 apostoli
3089 3549 3499 3619 quatuordecim
3550 3561 3680 3606 sunt

2111 3635 2388 3705 Epistolas,
2442 3638 2521 3692 sic
2564 3639 2763 3693 ordine
2816 3639 3139 3708 descriptae:
3198 3640 3421 3709 prima,
3457 3641 3521 3698 ad
3569 3640 3680 3699 Ro-

2111 3738 2306 3778 manos
2335 3741 2348 3777 :
2394 3734 2506 3779 tum
2551 3724 2672 3779 duae
2725 3724 2791 3778 ad
2819 3724 3131 3780 Corinthios
3164 3744 3177 3779 :
3209 3726 3453 3793 dehinc,“
3478 3728 3544 3782 ad
3575 3728 3679 3783 Ga-

2110 3815 2284 3871 latas:
2317 3824 2529 3884 postea,
2585 3816 2651 3868 ad
2700 3815 2963 3885 Ephesios
3002 3833 3027 3869 :7
3064 3816 3290 3885 deinde,
3352 3818 3419 3874 ad
3472 3818 3679 3890 Philip-

2109 3922 2337 3977 peuses:
2370 3916 2506 3972 tum,
2567 3907 2631 3960 ad
2681 3906 3083 3962 Colosseuses:
3141 3919 3350 3978 postea,
3408 3910 3472 3965 ad
3503 3909 3677 3968 Thcs-

2109 3997 2480 4054 salonieenses
2508 3997 2650 4061 duze,
2672 4005 2726 4051 et
2747 4012 2809 4050 ea
2841 4012 2962 4065 qua:
2991 3999 3060 4053 ad
3092 3998 3347 4055 llebrazos
3384 4001 3635 4071 dirigitur
3658 4018 3678 4057 :

2106 4090 2303 4146 deinde
2330 4088 2397 4144 ad
2441 4087 2784 4142 Timotheum
2821 4091 2940 4146 dum
2973 4110 2987 4147 :
3026 4093 3095 4147 ad
3146 4091 3329 4147 Titum
3394 4108 3540 4147 una:
3590 4094 3676 4148 ul-

2107 4180 2265 4245 timo,
2299 4180 2367 4235 ad
2395 4179 2765 4234 Philemonem
2805 4196 2915 4237 uua
2943 4201 2957 4237 :
3011 4183 3077 4239 ad
3137 4184 3251 4238 hinc
3279 4183 3505 4240 Joannis
3532 4185 3676 4256 Apo-

2106 4272 2356 4344 calypsis.
2396 4270 2461 4326 Hi
2489 4280 2617 4326 sunt
2648 4273 2840 4329 salutis
2867 4273 3065 4342 fontes,
3111 4283 3169 4330 ut
3201 4277 3292 4345 qui
3328 4276 3459 4340 sitit,
3482 4290 3673 4331 eorum

2105 4366 2335 4435 eloquiis
2384 4366 2714 4436 impleatur:
2768 4368 2824 4422 in
2886 4368 2971 4424 his
3006 4369 3136 4424 solis
3175 4369 3390 4438 pietatis
3426 4370 3671 4427 doctrina

3569 4461 3672 4515 illis

2058 4574 2064 4580 -
2102 4547 2371 4602 detrahat.
2411 4547 2484 4602 De
2530 4548 2611 4604 his
2664 4547 2928 4607 Dominus
2961 4548 3286 4620 Sadducaeos
3310 4550 3514 4620 pudore
3554 4552 3670 4605 alli-

2100 4638 2407 4705 ciebat,,his
2435 4639 2615 4694 verbis
2654 4658 2666 4693 :
2718 4638 2926 4694 Erratis
2957 4619 3238 4695 nesciente;
3265 4619 3563 4708 scripturas
3610 4642 3623 4672 '
3654 4660 3670 4696 :

2099 4726 2315 4784 Judaeos
2344 4744 2474 4783 vero
2520 4729 2841 4783 hortabatur
2886 4729 3116 4784 dicens:
3165 4728 3490 4783 Scrulamini
3524 4729 3668 4785 Scri-

2096 4826 2303 4886 pturas,
2357 4818 2481 4887 quia
2522 4817 2631 4871 illa!
2679 4826 2802 4870 sunt
2848 4832 2967 4888 qum
3015 4818 3368 4871 testimonium
3406 4820 3668 4888 perhibent

2098 4906 2162 4962 de
2205 4923 2285 4961 me
2374 4908 2414 4960 ’.
2464 4906 2569 4962 Sed
2632 4906 2856 4975 majoris
2902 4908 3270 4963 accurationis
3323 4924 3491 4963 causa
3536 4909 3667 4965 illud

2097 5014 2315 5069 quoque
2346 4998 2548 5075 scripto
2580 4999 2778 5055 addere
2816 5014 3038 5055 necesse
3066 5000 3222 5067 duxi;
3250 5015 3371 5055 esse
3409 5001 3665 5055 nimirum

2098 5092 2235 5147 alios
2258 5091 2427 5146 libros
2460 5105 2652 5161 praater
2681 5091 2837 5158 istos,
2889 5108 2998 5148 non
3052 5093 3105 5147 in
3138 5108 3403 5148 canouem
3445 5093 3665 5164 quidem

2095 5181 2366 5244 redactos,
2397 5181 2489 5235 sed
2517 5196 2655 5250 quos
2679 5196 2709 5235 a
2739 5180 2993 5238 Patribus
3035 5182 3311 5237 decretum
3346 5192 3449 5248 est,
3489 5183 3667 5253 legen-

2097 5273 2195 5327 dos
2218 5271 2374 5326 abiis
2406 5287 2527 5326 esse
2554 5271 2646 5342 qui
2705 5288 2880 5341 nuper
2931 5272 3203 5328 ediscendi
3258 5273 3469 5343 pictatis
3518 5274 3663 5330 verbi

2097 5362 2269 5433 gratia
2300 5364 2648 5417 accesserint.
2686 5361 2964 5432 Sapientia
2999 5362 3329 5428 Salomonis,
3361 5375 3414 5419 et
3447 5363 3663 5433 sapien-

2099 5455 2168 5508 tia
2198 5453 2411 5518 Sirach,
2439 5452 2651 5522 Esther,
2678 5452 2886 5519 Judith,
2918 5452 3139 5521 Tobias,
3171 5452 3449 5523 Doctrina,
3480 5464 3539 5509 ut
3572 5469 3663 5509 vo-

2095 5556 2241 5609 cant,
2295 5547 2689 5616 apostolorum,
2736 5554 2789 5601 ct
2841 5543 3053 5602 Pastor.
3106 5546 3390 5612 Attamen,
3454 5545 3659 5609 dilecti,
3790 5625 3797 5633 Ι
