4076 6394
362 297 473 366 563

1626 303 1906 366 TllEOD.
1945 262 2363 366 BALSAMON'

3519 307 3621 370 Elii

357 425 493 470 cum
539 414 613 470 illi
660 416 713 471 in
773 428 1037 471 cauonem
1090 414 1294 470 redacti
1348 414 1478 481 sint,
1530 413 1587 469 lti
1656 414 1926 483 legantur,

2042 432 2153 484 ρων
2182 416 2662 485 ἀναγινώσκεσθαι
2700 418 2815 481 τοῖς
2846 418 2980 489 ἄρτι
3027 420 3487 489 προσερχομένας
3524 427 3620 475 καὶ

365 521 628 577 nusquam
661 506 1099 579 apocryphorum
1133 507 1335 562 mentio
1371 506 1602 562 habetur
1631 505 1787 578 (92);
1841 505 1935 561 sed

364 599 403 654 ii
460 612 588 656 sunt
651 602 1034 657 haereticorum
1085 609 1471 667 commentum,
1528 599 1617 668 qui
1671 598 1932 653 arbitratu

366 705 469 745 suo
496 691 661 747 libros
679 692 1054 759 conserihunt,
1094 692 1295 763 quibus
1337 692 1625 761 assignant
1667 700 1932 758 tempora,

366 791 511 835 utea
542 798 704 853 quam
741 784 873 849 ipsis
918 784 1195 839 ascribunt
1234 783 1576 848 antiquitatis
1607 781 1809 851 specie,
1844 794 1937 832 oc-

361 874 636 930 casioucm
665 883 879 947 captent
903 875 1269 946 simpliciores
1291 872 1537 928 fallendi.

2046 507 2393 578 βουλομένοις
2454 510 2813 580 κατηχήσθαι
2874 511 2967 564 τὸν
3031 512 3133 581 τῆς
3190 513 3474 574 εὐσεϐείας
3532 512 3621 566 λό-

2042 617 2138 668 γον
2169 617 2183 633 ο
2258 600 2425 668 Σοφία
2480 602 2851 671 Σολομῶντος,
2910 603 3006 655 καὶ
3052 605 3225 672 Σοφία
3279 600 3472 674 Σιράχ,
3527 610 3620 660 καὶ

2056 690 2276 761 Ἐοθὴρ,
2308 693 2405 748 καὶ
2443 694 2653 760 Ἰουδὶθ,
2686 696 2781 750 καὶ
2808 693 3030 760 Τοϐίας,
3066 696 3158 748 καὶ
3189 694 3387 765 Διδαχὴ
3415 698 3615 751 καλουο

2051 783 2189 854 μένη
2247 783 2356 837 τῶν
2409 785 2745 850 ἀποστόλων,
2802 787 2898 841 καὶ
2944 788 2973 839 ό
3019 788 3253 857 Ποιμήν.
3298 790 3410 843 Καὶ
3446 789 3617 857 ὅμως,

2042 875 2353 945 ἀγαπητοὶ,
2409 876 2678 937 κάκείνων
2749 877 3184 950 κανονιζομένων
3250 882 3341 935 καὶ
3412 878 3620 933 τούτων

2048 970 2601 1039 ἀναγινωσκομένων,
2621 970 2860 1041 οὐδαμοῦ
2888 970 2997 1025 τῶν
3028 972 3368 1044 ἀποκρύφων
3403 976 3615 1043 μνήμη·

359 1060 497 1118 ἀλλά
523 1063 815 1135 αίρετικῶν
852 1066 1001 1118 ἐστιν
1042 1062 1289 1131 ἐπίνοια,
1347 1061 1669 1134 γραφόντων
1720 1058 1821 1128 μὲν
1878 1058 1966 1110 ὅτε
2024 1058 2269 1115 θέλουσιν
2330 1062 2501 1127 αὐτὰ,
2548 1064 2922 1133 χαριζομένων
2966 1064 3024 1118 δὲ
3075 1065 3167 1117 καὶ
3218 1064 3618 1133 προστιθέντων

359 1154 543 1218 αὐτοῖς
578 1157 828 1226 χρόνους,
866 1156 955 1223 ἵν’,
983 1154 1058 1219 ὡς
1089 1154 1296 1209 παλαιὰ
1319 1154 1705 1226 προφέροντες,
1739 1150 2010 1220 πρόφασιν
2036 1149 2229 1219 ἔχωσιν
2262 1153 2479 1225 ἀπατᾷν
2510 1156 2575 1209 ὲκ
2604 1155 2793 1210 τούτου
2822 1156 2947 1221 τούς
2975 1158 3283 1230 ἀκεραίους.

431 1244 628 1301 BALS.
681 1245 995 1300 Postremus
1028 1259 1201 1299 canon
1261 1242 1597 1310 apostolicus
1646 1246 1933 1296 enumerat

361 1338 529 1391 libros
559 1337 651 1404 qui
687 1336 791 1405 legi
823 1334 1047 1401 debent,
1085 1343 1139 1388 et
1196 1333 1408 1388 Veteris
1445 1332 1819 1415 .Testamenti,
1881 1339 1929 1384 et

358 1428 517 1483 Novi.
555 1427 656 1483 llic
702 1436 881 1482 autem
927 1437 1172 1490 sanctus,
1203 1440 1326 1479 cum
1368 1423 1677 1478 rescivisset
1727 1422 1810 1493 (ut
1854 1430 1936 1477 est

369 1519 689 1586 verisimile)
730 1519 872 1591 quod
927 1518 1195 1583 nonnulli,
1228 1517 1471 1571 volentes
1508 1529 1625 1579 eos,
1679 1516 1771 1584 qui
1814 1524 1939 1568 sunt

365 1610 419 1663 in
446 1612 651 1680 pietate
689 1626 753 1665 ac
785 1610 1049 1681 religione
1080 1609 1273 1679 integri
1304 1607 1523 1679 (quibus
1562 1605 1769 1661 scilicet
1802 1604 1932 1660 nihil

360 1701 564 1768 deﬁcit,
585 1718 684 1759 nec
707 1703 834 1773 quid
866 1704 1064 1757 habent
1086 1700 1469 1769 compositum,
1489 1698 1574 1754 vel
1603 1708 1933 1765 contortum,

362 1796 461 1849 sed
514 1804 642 1850 sunt
690 1796 987 1865 simplices)
1037 1796 1319 1859 seducere,
1372 1792 1558 1849 dicunt
1599 1806 1750 1848 essse
1798 1790 1935 1846 alios

361 1891 627 1955 quosdam
698 1887 886 1954 libros,
957 1888 1051 1958 qui
1099 1886 1315 1957 quidem
1363 1894 1490 1941 sunt
1556 1899 1932 1954 perversorum

2113 1241 2307 1298 ΒΑΛΣ.
2360 1242 2420 1296 Ὀ
2461 1244 2770 1310 τελευταῖος
2802 1247 3157 1313 ἀποστολικδς
3194 1251 3376 1306 κανὼν
3412 1251 3618 1321 ἀπαρι-

2043 1332 2259 1404 θμεῖται
2302 1337 2371 1390 τά
2415 1336 2704 1406 ὀφείλοντα
2760 1341 3236 1408 ἀναγινώσκεσθαι
3281 1344 3464 1415 βιϐλία
3516 1347 3617 1411 τῆς

2042 1425 2287 1490 Παλαιᾶς
2321 1427 2598 1499 Διαθήκης
2630 1430 2726 1484 καὶ
2780 1431 2880 1501 τῆς
2925 1432 3093 1497 Νέας.
3154 1434 3422 1489 Ἐνταῦθα
3478 1436 3535 1489 δὲ
3589 1437 3616 1487 ό

2044 1519 2221 1587 ἅγιος,
2251 1519 2325 1583 ώς
2359 1521 2531 1588 ἔοικε,
2565 1522 2752 1590 μαθὼν
2802 1524 2887 1578 ὃτι
2933 1526 3081 1589 τινὲς
3111 1526 3365 1590 θέλοντες
3397 1528 3614 1598 ἀπατᾷν
3658 1588 3663 1593 ι

2044 1614 2171 1675 τοὺς
2197 1615 2494 1684 ἀκεραίους
2520 1617 2665 1670 κατά
2688 1616 2785 1686 τὴν
2826 1617 3138 1683 εὐσέϐειαν,
3169 1618 3340 1688 ἤγουν
3366 1621 3493 1682 τοὺς
3540 1619 3612 1689 μὴ

2041 1702 2265 1774 ἔχοντας
2313 1704 2529 1769 ἐλλιπές
2572 1723 2626 1759 τι
2675 1705 2708 1776 ἦ
2768 1708 3020 1761 σύνθετον
3050 1709 3145 1762 καὶ
3187 1708 3424 1774 σκολιὸν,
3478 1708 3617 1762 ἀλλά

2039 1796 2199 1859 όντας
2232 1797 2459 1863 ἁπλοῦς,
2498 1797 2748 1867 λέγουσιν
2778 1795 2917 1854 εἶναι
2949 1801 3045 1854 καὶ
3071 1799 3237 1870 ἔτερα
3262 1817 3385 1854 τινα
3409 1799 3614 1869 βιϐλία,

2038 1887 2488 1958 διεστραμμένων
2542 1889 2642 1960 μὲν
2685 1890 2819 1945 ὄντα
2863 1891 3171 1961 δογμάτων,
3214 1891 3510 1959 ἀπόκροιρα
3556 1890 3615 1944 δὲ

359 1975 702 2045 dogmatum,
722 1988 775 2033 et
803 1978 1057 2032 dicuntur
1083 1976 1388 2048 apocrypha
1413 1991 1430 2040 ;
1464 1974 1682 2043 scripsit
1717 1984 1772 2028 et
1797 1974 1933 2044 ipse,

2041 1978 2328 2049 λεγόμενα,
2375 1982 2582 2053 ἔγραψε
2612 1983 2672 2038 δὲ
2710 1984 2872 2045 αὐτὸς
2902 1985 2972 2038 τά
3007 1984 3291 2054 ὀφείλοντα
3340 1983 3615 2050 ἀναγινώ-

361 2071 526 2125 libros
567 2085 705 2141 quos
754 2071 856 2142 legi
886 2079 1155 2142 oporteat.
1189 2068 1269 2123 Ne
1296 2066 1510 2123 mireris
1542 2077 1744 2132 autem,
1777 2066 1822 2121 si
1853 2066 1936 2121 in-

360 2163 578 2219 veneris
606 2178 870 2218 eanonem
901 2162 1283 2233 apostolicum,
1314 2162 1406 2231 qui
1452 2161 1590 2216 alios
1616 2173 1831 2231 quoque
1865 2160 1933 2214 li—

357 2254 492 2310 hros
515 2248 842 2310 enumerat:
879 2254 977 2310 sed
1022 2254 1140 2326 lege
1173 2269 1296 2325 quae
1339 2252 1396 2309 in
1438 2253 1585 2310 dicto
1634 2252 1937 2323 apostolico

359 2360 573 2400 canone
605 2347 807 2416 scripta
843 2334 992 2402 sunt.

432 2435 699 2494 ZONAB.
718 2436 818 2493 Hic
838 2454 1064 2510 magnus
1082 2438 1410 2502 Athanasius
1437 2437 1648 2494 Veteris
1668 2436 1937 2507 Novaaque

364 2528 660 2600 Scriptura:
697 2532 864 2587 libros
901 2543 1206 2598 enumerat,
1240 2533 1387 2602 quia
1430 2531 1680 2588 fidelibus
1710 2530 1810 2602 legi
1844 2532 1938 2585 de-

362 2616 534 2689 Bcnt;
566 2636 633 2675 ne
664 2622 758 2691 qui
794 2624 1000 2693 decepti
1034 2623 1200 2679 libros
1250 2624 1590 2695 apocryphos
1642 2623 1817 2679 dictos
1854 2621 1933 2679 le-

363 2729 515 2785 pant,
545 2721 639 2786 qui
664 2736 770 2777 non
803 2710 951 2778 recte
984 2737 1043 2777 se
1074 2720 1296 2786 habent,
1323 2728 1379 2775 et
1403 2719 1672 2789 ἀκέραιοι,
1699 2718 1802 2775 hoc
1829 2729 1933 2787 est,

362 2811 638 2881 simplices
668 2823 721 2866 et
751 2814 977 2884 decepto
1008 2812 1193 2869 faciles
1219 2812 1414 2866 exinde
1443 2811 1788 2866 incommodo
1821 2812 1937 2868 alli-

358 2904 604 2960 cluutur.
642 2905 747 2960 Eos
792 2916 971 2961 autem
1016 2914 1072 2962 et
1115 2920 1288 2961 canon
1341 2903 1412 2959 85
1435 2903 1533 2959 SS.
1568 2904 1936 2974 apostolorum

358 3006 518 3050 antea
554 2997 846 3053 recensuit.
884 2996 984 3053 Hic
1014 3006 1193 3051 autem
1219 2997 1398 3063 Pater,
1433 3009 1697 3075 quantum
1735 2997 1802 3052 ad
1834 3012 1935 3051 nu-

361 3104 570 3145 nerum
596 3105 782 3145 eorum
806 3101 1035 3161 spectat,
1076 3092 1265 3146 ultimo
1301 3091 1385 3145 isti
1421 3091 1717 3160 apostolico
1740 3090 1933 3146 canoni

360 3182 414 3235 in
443 3182 699 3237 omnibus
734 3198 839 3237 non
874 3184 1149 3239 convenit.
1181 3183 1424 3253 Apostoli
1457 3184 1600 3237 enim
1648 3182 1846 3238 Esther
1879 3192 1937 3238 et

368 3272 706 3343 Sapientiam
740 3274 932 3329 Siraclt
972 3284 1026 3330 et
1062 3276 1230 3331 libros
1271 3274 1694 3329 Maccahaaorum
1727 3289 1937 3330 comm-

2039 2073 2267 2127 σκεσθαι
2327 2074 2529 2146 βιϐλία.
2584 2075 2679 2147 Μὴ
2736 2074 3025 2148 θαυμάσῃς
3088 2076 3146 2129 δὲ
3194 2076 3467 2147 εὑρίσκων
3522 2076 3615 2130 τὸν

2038 2164 2398 2222 ἀποστολικον
2424 2167 2626 2221 κανόνα
2656 2169 2753 2222 καὶ
2780 2169 2989 2237 ἑτέρων
3020 2167 3243 2237 βιϐλίων
3292 2168 3611 2238 ἀπαρίθμηο

2040 2273 2127 2310 σιν
2165 2259 2526 2326 ποιούμενον·
2560 2258 2698 2312 ἀλλά
2745 2258 3021 2326 ἀνάγνωθι
3064 2258 3136 2313 τά
3178 2261 3239 2313 ὲν
3285 2258 3365 2329 τῷ
3394 2259 3614 2331 ῥηθέντι

2039 2348 2382 2418 ἀποστολικῷ
2414 2350 2605 2404 κανόνι
2634 2350 2940 2420 γραφέντα.

2114 2441 2359 2495 ΖΩΝΑΡ.
2388 2441 2656 2496 Ἐνταῦθα
2682 2443 2759 2512 (a)
2784 2444 2813 2497 ό
2846 2442 3354 2514 μέγαςἋθανάσιος
3382 2445 3616 2510 ἀπαρίθ-

2043 2550 2213 2604 μησιν
2240 2536 2479 2590 ποιεῖται
2498 2535 2609 2589 τῶν
2645 2536 2867 2607 βιϐλίων
2886 2537 2985 2607 τῆς
3010 2554 3071 2591 τε
3105 2538 3351 2603 Παλαιάς
3390 2540 3614 2608 Γραφῆς

2038 2628 2134 2679 καὶ
2163 2627 2265 2695 τῆς
2295 2627 2438 2691 Νέας
2473 2627 2582 2681 τῶν
2607 2627 2933 2697 ὀφειλόντων
2961 2627 3437 2700 ἀναγινώσκεσθαι
3463 2630 3616 2701 παρά

2038 2721 2149 2774 τῶν
2201 2721 2446 2775 πιστώνο
2479 2722 2572 2775 ίνα
2633 2725 2707 2793 μή
2762 2742 2913 2788 τινες
2944 2724 3293 2794 πλανώμενοι
3337 2725 3612 2792 ἀναγινώο

2040 2829 2216 2867 σκωσι
2250 2814 2347 2867 καὶ
2387 2815 2488 2879 τὰς
2522 2816 2825 2885 λεγομένας
2872 2817 3232 2886 ἀποκρύφους
3285 2817 3524 2887 βίϐλους,
3555 2815 3613 2870 αἱ

2037 2906 2138 2960 οὐκ
2190 2906 2367 2977 ὀρθῶς
2396 2907 2599 2979 ἔχουσι,
2622 2909 2719 2962 καὶ
2746 2908 2999 2963 ἐντεῦθεν
3021 2909 3350 2981 βλάπτονται
3368 2909 3610 2978 ἀκέραιοι

2037 3001 2189 3065 ὅντες
2231 3003 2351 3072 ἦτοι
2394 3002 2664 3056 ἄπλαστοι
2708 3002 2806 3057 καλ⁸
2850 3003 3271 3070 εὐεξαπάτητοι.
3319 3000 3507 3056 Ταῦτα
3554 3000 3611 3054 δὲ

2040 3096 2135 3148 καὶ
2176 3097 2204 3148 ὁ
2238 3093 2321 3148 πε⁹
2370 3096 2553 3150 κανὼν
2585 3097 2694 3151 τῶν
2728 3096 2901 3165 ἁγίων
2930 3097 3248 3151 ἀποστόλων
3278 3098 3384 3167 πρδ
3422 3096 3610 3151 τούτου

2040 3188 2388 3259 ἀπαριθμεῖ·
2420 3190 2521 3241 οὐκ
2553 3190 2612 3243 ὲν
2638 3191 2771 3243 πᾶσι
2805 3189 2863 3242 δὲ
2908 3189 2935 3241 ό
2975 3188 3166 3259 Πατὴρ
3201 3181 3357 3251 οὗτος
3387 3204 3608 3257 συμφω-

2041 3276 2228 3347 νείτῷ
2260 3277 2602 3347 ἀποστολικῷ
2644 3277 2939 3346 τελευταίῳ
2980 3279 3166 3333 κανόνι
3212 3279 3270 3330 ὲν
3310 3280 3375 3347 τῇ
3411 3282 3613 3347 ἀπαρι-

359 3376 697 3422 neraruut-z
731 3369 819 3422 hic
861 3380 1039 3424 autem
1097 3383 1193 3424 eos
1247 3369 1611 3448 praetenuis“.
1669 3368 1726 3423 In
1776 3366 1936 3422 Nova:

2041 3371 2268 3440 θμήσει.
2319 3373 2381 3424 Oi
2414 3373 2514 3440 μὲν
2546 3373 2654 3441 γὰρ
2684 3371 2973 3426 ἀπόστολοι
3007 3372 3103 3425 καὶ
3128 3370 3229 3440 τὴν
3270 3370 3471 3439 Ἐσθὴρ
3507 3371 3616 3423 ἀπ-

358 3458 526 3512 etiam
563 3457 1053 3529 Seripturaelihris,
1085 3461 1252 3516 divini
1284 3460 1503 3532 quidem
1538 3459 1777 3531 apostoli
1800 3473 1934 3512 con-

360 3551 671 3608 stitutiones
725 3566 853 3608 Suae
879 3569 906 3605 a
940 3550 1218 3608 Clemente
1265 3552 1608 3621 conscriptas
1644 3565 1936 3606 enumera-

366 3653 491 3698 ruut
526 3661 539 3698 :
579 3644 667 3699 hie
696 3658 879 3699 autem
903 3659 997 3699 eas
1021 3645 1223 3700 omisit.
1270 3644 1491 3699 Addidit
1519 3659 1647 3699 vero
1677 3644 1934 3713 Theologi

368 3737 764 3807 Apocalypsin).
803 3737 930 3793 Post
967 3737 1133 3792 libros
1174 3748 1353 3792 autem
1413 3746 1783 3803 enumeratos,
1836 3739 1934 3805 ait,

363 3829 505 3899 quod
533 3830 625 3907 alii
656 3828 763 3884 siut
791 3839 985 3900 praeter
1010 3846 1105 3885 eos
1134 3829 1279 3897 liltri,
1327 3830 1381 3885 iu
1418 3845 1681 3886 canonem
1717 3830 1935 3899 quidem

369 3937 473 3974 non
507 3923 686 3985 relati,
718 3922 932 3993 legendi
980 3931 1197 3988 tamen;
1234 3937 1369 3993 quos
1398 3921 1530 3975 dicit
1558 3936 1677 3977 esse
1708 3920 1939 3990 Sapien-

369 4016 497 4067 liam
527 4015 857 4080 Salomonis,
893 4025 946 4071 et
979 4015 1307 4085 Sapientiam
1339 4013 1551 4081 Sirach,
1591 4014 1803 4076 Esther,
1839 4012 1935 4068 Juv

364 4102 502 4165 dith,
537 4113 591 4155 et
623 4102 803 4168 Tobit,
838 4114 896 4158 et
937 4106 1238 4158 doctrinam
1294 4105 1660 4173 apostolorum
1710 4105 1934 4170 dictam,

358 4209 497 4260 quas
542 4204 799 4249 asserunt
839 4211 964 4250 esse
1009 4196 1439 4251 Constitutiones
1496 4198 1866 4265 apostolorum
1904 4209 1934 4249 a

361 4285 641 4339 Clemente
671 4288 1042 4355 conscriptas;
1090 4303 1227 4356 quas
1274 4302 1337 4343 ea
1390 4304 1509 4357 quae
1544 4297 1693 4343 sexta
1736 4287 1937 4342 dicitur

367 4376 606 4443 synodus
635 4376 734 4441 legi
768 4392 873 4430 non
901 4378 1189 4445 permittit,
1221 4387 1278 4432 ut
1304 4378 1635 4432 adulteratas
1667 4387 1721 4432 et
1749 4392 1938 4432 corru-

362 4479 483 4533 ptas
528 4466 595 4520 ah
636 4466 933 4523 hau-elicis.
981 4470 1081 4534 Qui
1138 4477 1319 4523 autem
1378 4469 1696 4540 apocryplti,
1735 4453 1932 4540 inquit,

359 4569 624 4611 vocantur
653 4558 800 4627 libri,
831 4575 1011 4631 neque
1054 4562 1194 4616 inter
1222 4574 1339 4625 eos,
1370 4559 1473 4631 qui
1498 4570 1652 4615 extra
1698 4563 1830 4616 istos
1859 4561 1938 4616 le-

2043 3464 2446 3533 ηριθμήσαντο,
2481 3462 2691 3533 καὶίτὴν
2726 3462 2926 3532 Σοφίαν
2948 3462 3139 3532 Σιράχ,
3164 3462 3257 3516 καὶ
3285 3461 3355 3514 τὰ
3386 3462 3617 3513 Μακκα-

2040 3556 2209 3611 ϐαῖκά
2230 3570 2245 3587 ⁸
2279 3551 2431 3617 οὗτος
2456 3555 2513 3607 δὲ
2543 3555 2910 3625 παραλέλοιπε
2940 3554 3136 3608 ταῦτα.
3178 3554 3267 3606 Ἐν
3292 3553 3348 3606 δὲ
3373 3556 3495 3616 ταῖς
3512 3552 3613 3617 τῆς

2038 3649 2182 3711 Νέας
2211 3648 2432 3716 Γραφῆς
2461 3644 2688 3714 βίϐλοις,
2712 3646 2760 3698 oi
2794 3645 2891 3713 μὲν
2920 3644 3053 3697 θεῖοι
3088 3642 3376 3697 ἀπόστολοι
3402 3643 3617 3704 καὶτὰς

2027 3740 2126 3795 ιδιά
2156 3738 2250 3792 τοῦ
2294 3739 2613 3808 Κλήμεντος
2640 3736 3058 3806 συγγραζείσας
3108 3735 3373 3802 διαταγὰς
3436 3734 3615 3785 αὐτῶν

2040 3830 2472 3903 ἀπηρίθμησαν·
2506 3824 2663 3893 οὗτος
2707 3828 2764 3882 δὲ
2809 3827 3014 3890 ταύτας
3070 3826 3166 3895 μὲν
3209 3827 3575 3895 παραλέλοιπε
3601 3842 3613 3855 ’

2038 3923 2336 3995 προσέθετο
2381 3921 2438 3976 δὲ
2476 3921 2575 3991 τὴν
2618 3919 2985 3987 Ἀποκάλυψιν
3009 3918 3102 3971 τοῦ
3142 3919 3430 3987 θεολόγου.
3463 3921 3616 3973 Μετά

2038 4016 2095 4070 δέ
2128 4032 2190 4084 γε
2220 4015 2322 4083 τὴν
2352 4013 2757 4082 ἀπαρίθμησιν,
2804 4014 2989 4081 φησὶν,
3022 4012 3104 4064 ὅτι
3144 4010 3293 4063 ἔστιν
3336 4012 3503 4081 ἔτερα
3536 4012 3620 4079 βι-

2040 4107 2164 4160 ϐλία
2195 4106 2401 4158 τούτων
2430 4102 2651 4169 ἔξωθεν,
2679 4103 2739 4155 οὐ
2772 4101 3166 4171 κανονιζόμενα
3198 4101 3319 4169 μὲν,
3351 4101 3617 4168 ἀναγινωο

2041 4200 2279 4269 σκόμενα
2310 4195 2389 4259 δὲ,
2440 4194 2603 4249 ἅτινα
2652 4194 2802 4261 λέγει
2848 4188 3014 4264 εἶναι,
3043 4195 3144 4260 τὴν
3177 4194 3372 4260 σοφίαν
3422 4193 3613 4262 Σιράχ,

2052 4289 2275 4356 Ἐσθὴρ,
2319 4285 2543 4356 Ἰουδὴθ,
2575 4289 2669 4339 καὶ
2702 4284 2921 4356 Τωϐὴτ,
2952 4286 3049 4339 καὶ
3089 4285 3309 4355 διδαχὴν
3344 4284 3619 4352 καλουμέ-

2039 4398 2138 4450 νην
2163 4380 2271 4433 τῶν
2304 4379 2618 4431 ἀποστόλων
2652 4377 2907 4446 λέγουσιν
2935 4374 3075 4430 εἶναι
3102 4379 3198 4439 τὰς
3237 4377 3326 4430 διὰ
3348 4376 3442 4429 τοῦ
3472 4377 3621 4447 Κλή-

2042 4489 2236 4545 μεντος
2263 4462 2691 4540 συγγραφείσας
2725 4472 2834 4523 τῶν
2869 4469 3186 4524 ἀποστόλων
3217 4469 3516 4533 διατάξεις,
3553 4468 3619 4533 ἀς

2039 4570 2073 4638 ή
2093 4567 2361 4634 λεγομένη
2386 4566 2520 4633 ἕκτη
2552 4564 2769 4626 σύνοδος
2804 4561 3281 4631 ἀναγινώσκεσθαι
3304 4563 3364 4614 οὐ
3406 4577 3618 4630 συγχω-

359 4650 520 4719 geniti
554 4654 981 4718 constitutmtur,
1028 4653 1120 4723 qui
1159 4654 1371 4708 scilicet
1405 4653 1461 4706 in
1507 4667 1776 4708 canonem
1825 4667 1934 4707 non

2044 4658 2236 4731 ρεῖ,ώς
2261 4655 2608 4718 νοθευθείσας
2634 4655 2729 4708 καὶ
2756 4653 3056 4724 φθαρείσας
3087 4654 3192 4707 ὐπὸ
3210 4653 3531 4723 αἱρετικών,
3558 4655 3619 4705 Ai

361 4742 691 4799 referuntur.
725 4744 1030 4801 CanOuicos
1055 4755 1233 4799 autem
1264 4746 1380 4800 sive
1411 4746 1462 4798 in
1493 4759 1757 4800 canouem
1793 4745 1936 4800 rela—

363 4845 447 4889 tos
469 4826 637 4889 l‘brii‘s
672 4846 892 4892 sanctus
920 4838 1233 4893 denominat
1265 4852 1328 4891 ex
1366 4852 1574 4891 canone
1590 4837 1705 4892 sive
1730 4837 1933 4907 regula,

359 4932 502 4994 quod
530 4930 732 5000 lignum
764 4939 869 4993 est.
902 4945 1009 4998 quo
1041 4928 1278 4985 artiﬁces
1307 4939 1534 4984 utuntur
1572 4931 1638 4984 ad
1666 4929 1934 4999 lignorum

360 5030 459 5075 aut
492 5022 731 5090 lapidum
766 5022 1169 5077 rectitttdinem.
1209 5022 1471 5091 Regulam
1504 5022 1649 5077 enim
1683 5023 1772 5089 iis,
1817 5037 1937 5093 qua:

360 5123 679 5182 operantur,
716 5123 1073 5182 opponentes,
1112 5127 1208 5183 per
1234 5128 1352 5167 eam
1386 5114 1433 5168 si
1462 5129 1599 5183 quas
1653 5113 1937 5169 inveniunt

363 5206 415 5259 iu
450 5206 567 5260 istis
606 5206 974 5276 obliquitates,
1011 5205 1384 5261 imminentias
1423 5215 1479 5262 et
1525 5205 1937 5275 prominentias,

364 5295 432 5350 ad
461 5297 837 5351 rectitudinetn
873 5282 1139 5352 a'hradunt
1192 5307 1248 5352 et
1301 5297 1379 5352 sic
1430 5312 1566 5365 Opus
1619 5296 1939 5351 rectilicant.
1974 5325 1995 5342 ι

364 5386 477 5441 lloc
510 5386 697 5457 itaque
727 5387 779 5440 in
808 5387 929 5443 istis
960 5386 1115 5444 libris
1148 5390 1285 5443 ratio
1311 5398 1565 5458 tanquam
1600 5386 1781 5457 regula
1806 5387 1938 5443 elle-

365 5479 461 5543 cit,
494 5479 616 5533 illos
646 5478 981 5548 distinguens
1014 5478 1081 5533 ab
1123 5479 1264 5545 istis,
1301 5480 1392 5548 qui
1427 5494 1532 5533 non
1575 5488 1721 5534 recte
1748 5493 1806 5533 se
1837 5479 1937 5532 ha-

366 5569 515 5629 bent,
550 5567 644 5619 sed
675 5566 914 5633 perversi
947 5575 1074 5620 sunt
1104 5580 1119 5621 :
1148 5577 1202 5621 et
1233 5569 1334 5622 hos
1367 5568 1585 5636 quidem
1625 5568 1935 5631 admittens,

370 5669 428 5713 et
467 5659 796 5728 approbatis,
828 5669 881 5713 et
909 5659 1011 5728 piis
1037 5657 1660 5729 legendos-proponens;
1691 5659 1811 5714 illos
1838 5674 1936 5736 au-

2041 4751 2100 4803 δὲ
2147 4749 2506 4818 καλούμεναι,
2562 4749 2749 4819 φησὶν,
2788 4748 3100 4817 ἀπόκρυφοι
3149 4746 3342 4816 βίϐλοι,
3407 4745 3532 4798 οὔτε
3566 4747 3621 4800 ἐν

2041 4844 2161 4905 ταῖς
2190 4840 2678 4910 ἀπηριθμημέναις
2718 4838 2921 4907 βίϐλοις
2978 4837 3351 4907 εὑρίσκονται,
3407 4836 3532 4889 οὔτε
3565 4841 3624 4890 ὲν

2042 4935 2252 4996 τούτοις
2273 4933 2428 4995 έκτδς
2455 4931 2680 4985 ἐκείνων
2711 4931 3069 5000 τεταγμένοις
3116 4929 3621 5009 ἀναγινώσκεσθαι,

2043 5026 2244 5099 δηλαδὴ
2294 5027 2405 5088 τοῖς
2428 5025 2825 5085 ἀκανονίστοις.
2880 5023 3329 5091 Κεκανονισμένα
3356 5021 3413 5074 δὲ
3441 5022 3622 5090 βιϐλία

2045 5122 2149 5191 ἔφη
2194 5123 2222 5174 ό
2254 5120 2407 5188 ἅγιος
2437 5117 2503 5169 ἐκ
2530 5116 2626 5170 τοῦ
2661 5116 2906 5182 κανόνος,
2938 5116 2966 5169 ὅ
2992 5119 3107 5169 ἐστι
3136 5115 3294 5181 ξύλον
3313 5110 3357 5184 ᾧ
3390 5115 3624 5185 κέχρην-

2042 5229 2132 5264 ται
2161 5210 2210 5263 oi
2239 5211 2482 5279 τεχνῖται
2518 5209 2601 5272 είς
2626 5206 2799 5274 ξύλων
2831 5208 2863 5277 ἢ
2894 5206 3059 5259 λίθων
3088 5206 3365 5277 εὐθύτητα
3387 5223 3402 5238 ο
3445 5223 3626 5274 παρα-

2040 5300 2289 5363 ⁸τεθέντες
2334 5298 2444 5371 γὰρ
2473 5300 2563 5353 τὸν
2593 5299 2798 5352 κανόνα
2826 5299 2941 5359 τοῖς
3000 5295 3132 5366 παρ’
3168 5295 3353 5348 αὐτῶν
3387 5293 3624 5365 ἐργαζο-

2046 5391 2249 5460 μένοις,
2299 5390 2367 5444 δι⁹
2404 5388 2571 5443 αὐτοῦ
2624 5388 2677 5442 εἴ
2728 5405 2881 5452 τινας
2935 5387 3290 5455 εὑρίσκουσιν
3342 5386 3403 5438 ἐν
3437 5387 3624 5449 αὐτοῖς

2041 5482 2337 5550 λοξότητας
2394 5481 2612 5551 είσοχάς
2660 5497 2721 5534 τε
2782 5480 2879 5533 καὶ
2927 5478 3142 5547 ἐξοχὰς,
3200 5479 3280 5541 είς
3342 5475 3625 5543 εὐθύτητα

2044 5572 2358 5639 ἀποξέουσι,
2390 5573 2484 5625 καὶ
2522 5569 2745 5643 ὀρθοῦσι
2789 5570 2850 5623 τὸ
2883 5568 3291 5639 ἐργαζόμενον
3338 5567 3498 5620 τοῦτο
3532 5565 3625 5619 οὖν

2045 5662 2142 5716 καὶ
2169 5663 2261 5715 ἐπὶ
2303 5663 2413 5718 τῶν
2444 5662 2666 5732 βιϐλίων
2697 5660 2905 5717 τούτων
2952 5663 2981 5715 ό
3011 5660 3170 5730 λόγος
3222 5658 3416 5731 ὥσπερ
3444 5656 3624 5713 κανὼν
3714 5668 3719 5671 ‘

433 5778 507 5839 (ο)
532 5779 674 5839 Apud
699 5781 1028 5838 Beveregium
1054 5780 1105 5831 in
1133 5779 1283 5836 notis.
1311 5794 1361 5837 υ.
1382 5780 1495 5842 221,
1529 5793 1589 5832 ex
1615 5781 1784 5834 codice
1812 5782 2218 5834 Amerbachiano.
2244 5782 2381 5834 Eorr.
