4076 6406
407 378 507 443 567

400 594 489 641 tua
519 584 691 655 pictas
725 583 919 652 possit,
955 592 1008 637 et
1061 590 1308 637 nostrum
1353 597 1482 651 erga
1530 581 1654 635 illos
1710 576 1960 633 ati'ectum

400 677 670 738 nuntiare,
698 686 749 730 et
781 675 963 730 omnia
986 688 1107 743 qua
1134 671 1332 727 desunt
1383 672 1624 740 implere.
1658 669 1841 725 Gratia
1864 668 1963 724 Do-

401 768 571 832 mino,
604 767 697 836 qui
722 766 962 836 implevit
986 776 1036 820 te
1064 765 1213 820 omni
1243 763 1410 818 verbo
1431 771 1485 818 et
1528 763 1675 817 omni
1712 762 1960 817 scientia.

399 859 503 926 Qui
533 858 716 927 itaque
751 856 1127 926 paenitentiam
1164 862 1352 925 agunt,
1403 853 1751 908 anathemate
1809 851 1965 906 dam-

402 955 551 1009 nent,
579 960 836 1015 expresso
868 944 1111 1010 nomine,
1156 958 1378 1012 pravam
1428 930 1621 997 Euzoii
1650 950 1704 996 et
1734 939 1964 996 Eudoxii

401 1038 725 1091 dectrinam.
755 1035 834 1091 Illi
881 1036 1026 1091 enim
1077 1035 1295 1090 Arianae
1327 1035 1599 1089 htereseos
1642 1035 1879 1104 patroni,
1906 1031 1961 1086 in

401 1129 679 1182 Christum
745 1126 1183 1196 blasphemantes
1257 1133 1566 1179 creaturam
1649 1138 1776 1178 eum
1842 1136 1965 1178 esse

402 1219 758 1288 scripserunt.
807 1216 1180 1271 Conﬁteautur
1228 1229 1445 1284 quoque
1502 1214 1661 1268 (idem
1712 1212 1963 1269 Nicmaea

402 1307 651 1363 Patribus
700 1308 1062 1373 declaratam,
1120 1314 1177 1361 et
1223 1306 1429 1360 nullam
1484 1304 1648 1359 aliam
1698 1302 1965 1374 synodum

402 1400 529 1454 huic
594 1408 943 1470 anteponant.
1019 1396 1207 1475 Saluta
1281 1394 1477 1451 fratres
1532 1395 1626 1465 qui
1705 1392 1848 1463 apud
1913 1402 1967 1448 te

400 1499 559 1554 sunt;
611 1490 704 1560 qui
768 1489 911 1559 apud
961 1503 1050 1545 me
1097 1488 1319 1559 degunt,
1375 1496 1429 1544 te
1478 1486 1533 1542 in
1595 1484 1826 1541 Domino
1874 1498 1968 1541 sa-

400 1580 606 1716 1υὲἏῖ
613 1659 672 1715 8.
704 1657 785 1714 De
817 1657 908 1725 iis,
940 1659 1035 1727 qui
1061 1657 1223 1714 idolis
1271 1657 1552 1714 immolata
1600 1657 1980 1721 comederunt.

405 1765 454 1808 et
482 1754 573 1824 qui
609 1753 770 1810 idolis
812 1753 1210 1819 sacriﬁcarunt,
1250 1757 1491 1826 synodus
1540 1753 1896 1823 Gangrensis,
1927 1762 1982 1809 et

404 1843 578 1898 sancti
606 1842 750 1898 Petri
780 1843 1176 1913 archiepiscopi
1230 1842 1603 1911 Alexandrini,
1627 1854 1682 1900 et
1703 1845 1980 1916 martyris,

402 1950 642 1992 canones
672 1935 781 2009 5,5
817 1936 987 1993 fusius
1020 1945 1278 1993 tractant.
1306 1935 1554 1992 Przsens
1586 1947 1773 1993 autem
1807 1937 1980 1992 sancti

402 2029 684 2084 Athanasii
732 2028 959 2098 epistola
1021 2037 1217 2085 tractat
1276 2030 1344 2085 de
1410 2030 1499 2095 iis,
1552 2029 1644 2098 qui
1712 2027 1982 2083 haereticis

402 2122 948 2188 comtnuuicarunt,et
975 2123 1043 2177 ad
1068 2122 1364 2179 Ecclesiatn
1403 2121 1686 2177 accedunt.
1712 2122 1789 2176 Ad
1816 2119 1983 2175 Buﬂi-

404 2212 623 2265 nianum
658 2209 826 2277 enim,
856 2210 949 2280 qui
1000 2209 1149 2265 illum
1206 2211 1656 2278 interrogaverat,
1705 2211 1978 2276 scribens,

401 2316 626 2361 sanctus
656 2310 756 2371 ait,
785 2307 956 2377 quod,
983 2308 1076 2377 qui
1114 2306 1249 2378 lapsi
1275 2314 1479 2363 suntet
1516 2306 1787 2363 haereticis
1831 2321 1983 2363 com-

402 2400 756 2453 municat-unt
781 2409 837 2454 et
882 2400 1182 2469 impietatis
1206 2400 1491 2470 praesides,
1517 2408 1571 2455 et
1596 2401 1813 2471 patroni
1860 2397 1981 2453 fue-

402 2501 554 2559 runt,
591 2494 657 2547 ad
685 2494 1060 2563 paenitentiam
1088 2492 1306 2563 quidem
1349 2492 1753 2549 admittuntur:
1786 2492 1834 2547 si
1883 2506 1983 2545 au-

402 2600 507 2642 tem
539 2589 647 2642 sint
680 2588 885 2654 clerici,
912 2587 997 2643 vel
1034 2589 1168 2643 alias
1208 2589 1262 2644 in
1307 2589 1480 2644 sacris
1533 2589 1838 2654 ordinibus,
1890 2600 1981 2643 sa-

396 2680 644 2761 cerdotio
675 2681 821 2749 digni
851 2696 957 2736 non
990 2670 1302 2737 habentur.'
1332 2680 1437 2748 Qui
1472 2689 1652 2737 autem
1685 2680 1981 2748 impietatis

401 2789 507 2828 non
552 2775 750 2829 ruerint
804 2784 1077 2840 auctores,
1123 2784 1218 2831 seu
1266 2775 1357 2846 qui
1404 2790 1500 2832 sua
1560 2775 1883 2831 auctoritate
1926 2785 1980 2831 et

399 2860 678 2917 voluntate
710 2878 833 2918 cum
872 2864 1145 2919 haereticis
1175 2879 1284 2919 non
1316 2865 1856 2931 communicaverint,
1884 2866 1979 2920 sed

306 2952 311 2955 ’
399 2968 429 3003 a
455 2954 657 3019 pietate
691 2953 759 3008 ad
798 2954 1128 3025 impietatem
1171 2956 1224 3010 vi
1272 2957 1428 3011 tracti
1471 2955 1710 3023 fuerint;
1769 2958 1816 3012 si
1869 2956 1981 3012 sint

397 3047 615 3115 quidem
649 3046 856 3114 clerici,
888 3057 939 3102 et
977 3048 1133 3104 venia
1175 3049 1323 3120 digni
1351 3049 1639 3115 habentur,
1688 3058 1743 3105 et
1767 3065 1796 3104 a
1831 3049 1980 3103 clero

1634 370 1907 434 THEOD.
1940 373 2172 436 BALSA
2182 365 2343 433 MON

402 503 507 544 non
539 499 851 562 coarguant.
892 490 1003 546 Abs
1028 505 1086 546 re
1112 490 1255 545 enim
1282 497 1424 545 esset
1453 503 1539 545 me
1561 488 1813 553 scribere,
1836 502 1959 543 cum

2097 484 2343 554 γράφειν,
2373 484 2673 559 δυναμένης
2703 489 2801 560 τῆς
2832 491 2930 562 σῆς
2949 492 3233 559 εὐλαϐείας
3263 498 3355 550 καί
3504 500 3661 571 ήμῶν
3772 532 3783 539 -

3553 384 3657 448 5ίῖ8

2095 576 2221 642 περί
2247 576 2440 647 αύτούς
2458 579 2693 634 διάθεσιν
2720 582 3070 651 ἀπαγγεῖλαι,
3098 587 3191 639 καί
3248 589 3422 643 πάντα
3457 591 3527 645 τὰ
3553 592 3662 646 λεί·-

2094 684 2263 721 ποντα
2323 670 2743 745 ἀποπληρῶσαι.
2798 676 2974 744 Χάρις
3026 677 3101 747 τῷ
3152 679 3342 751 Κυρίῳ
3386 681 3464 752 τῷ
3520 682 3659 754 πληι-
3706 709 3715 717 ·

2058 818 2067 824 ο
2095 757 2329 829 ρώσαντί
2357 777 2415 814 σε
2447 762 2505 815 ὲν
2543 765 2704 817 παντὶ
2728 764 2871 837 λόγῳ
2910 768 3006 819 καὶ
3036 769 3185 842 πάσῃ
3218 771 3435 837 γνώσει.
3468 774 3531 826 Oi
3563 776 3661 845 μὲν

2091 846 2185 904 οὖν
2209 851 2593 920 μετανοοῦντες
2623 856 2869 927 φανερῶς
2897 857 3440 929 ἀναθεματιζέτωσαν
3467 864 3662 929 ὀνομά-

2091 937 2275 1002 ζοντες
2303 941 2551 1008 Εὐδοξίον
2589 944 2682 996 καί
2707 945 2947 1010 Εύζωΐου
2972 946 3071 1022 τὴν
3095 951 3434 1017 κακοδοξίαν.
3558 955 3662 1007 Αύ-

2089 1028 2173 1082 τοὶ
2195 1030 2302 1100 γὰρ
2325 1031 2508 1086 λοιπὸν
2543 1032 2984 1105 βλασφημοῦντες
3008 1077 3023 1101 ,
3086 1038 3249 1092 αὐτὸν
3300 1041 3502 1110 κτίσμα
3558 1044 3663 1096 ἀπ-

2090 1120 2401 1191 εγράψαντο
2441 1123 2540 1194 τῆς
2576 1126 2849 1196 Ἀρειανῆς
2878 1128 3141 1198 αἱρέσεως
3158 1131 3475 1202 προστάται,
3504 1132 3662 1203 Ὀμο-

2093 1209 2420 1280 λογεὶτωσαν
2469 1213 2525 1267 δὲ
2574 1216 2672 1286 τὴν
2725 1216 2784 1268 ὲν
2805 1216 3013 1288 Νικαίᾳ.
3061 1218 3211 1289 παρὰ
3257 1218 3363 1272 τῶν
3402 1222 3660 1293 Πατέρων

2062 1302 2505 1372 ’ὁμολογηθεῖσαν
2539 1305 2736 1369 πίστιν,
2789 1306 2883 1359 καὶ
2943 1306 3207 1377 μηδεμίαν
3252 1309 3417 1380 ἀλλην
3447 1311 3661 1367 σύνοδον

2091 1393 2403 1465 προκρίνειν
2430 1394 2629 1464 ταύτης
2656 1395 2751 1465 τῆς
2786 1396 3023 1450 συνόδου.
3048 1388 3053 1393 ’
3075 1399 3345 1469 Πρόσειπε
3376 1402 3471 1471 τὴν
3500 1404 3651 1472 παρὰ

2093 1480 2178 1533 σοί⁵
2223 1481 2582 1553 ἀδελφότητα’
2629 1482 2689 1536 σὲ
2735 1484 2768 1553 ή
2813 1484 2909 1537 σὺν
2961 1484 3093 1555 ημῖν
3137 1486 3195 1538 ὲν
3247 1486 3434 1558 Κυρίῳ
3479 1504 3658 1559 προσ-

2092 1569 2362 1640 αγορεύει.

2163 1661 2361 1718 ΒΑΛΣ.
2390 1664 2526 1735 Περί
2556 1664 2666 1719 τῶν
2696 1664 3022 1720 εἰδωλόθυτα
3073 1663 3380 1734 φαγόντων,
3412 1662 3510 1715 καὶ
3532 1660 3663 1730 περὶ

2087 1751 2196 1807 τῶν
2222 1753 2502 1809 θυσάντων
2530 1758 2643 1819 τοῖς
2689 1757 2951 1820 εἰδώλοις,
2989 1757 3023 1826 ή
3075 1756 3132 1809 ὲν
3166 1755 3399 1825 Γάγγρᾳ
3444 1752 3663 1814 σύνοδος

2085 1846 2179 1899 καὶ
2236 1848 2286 1900 οἰ
2333 1847 2557 1912 κανόνες
2606 1849 2701 1902 τοῦ
2737 1848 2892 1916 ἁγίου
2948 1848 3161 1918 Πέτρου
3220 1845 3661 1919 ἀρχιεπισκὸπου

2098 1937 2505 2010 Ἀλεξανδρείας
2532 1941 2628 1993 καὶ
2661 1940 2940 2011 μάρτυρος
2970 1939 3310 2010 πλατύτερον
3349 1936 3663 2006 διαλαμϐά-

2083 2048 2288 2085 νουσιν.
2323 2030 2388 2085 Ἥ
2426 2033 2483 2086 δὲ
2514 2032 2767 2104 παροῦσα
2807 2031 3065 2103 ἐπιστολὴ
3103 2031 3200 2086 τοῦ
3232 2030 3393 2099 ἁγίου
3424 2030 3663 2086 Ἀθανα-

2087 2108 2595 2194 σίουδιαλαμϐἀνει
2618 2124 2748 2195 περὶ
2775 2122 2884 2178 τῶν
2927 2123 3484 2193 συγκοινωνησάντων
3516 2123 3669 2191 uipr-

2082 2219 2275 2287 τικοῖς,
2308 2217 2403 2271 καὶ
2456 2217 2913 2287 προσερχομένων
2941 2220 3008 2286 τῇ
3038 2215 3358 2286 Ἐκκλησία,
3388 2216 3527 2284 Φησί
3553 2213 3662 2285 γὰρ

2082 2311 2113 2362 ὁ
2145 2309 2302 2378 ἆγιος
2333 2307 2667 2362 ἐπιστέλλων
2693 2308 2830 2378 πρὸς
2857 2306 2949 2362 τὸν
2977 2305 3666 2378 ἐρωτήσανταῬουφιανὶν

2083 2401 2167 2456 ὅτι
2196 2401 2246 2454 oi
2298 2401 2372 2472 μὴ
2407 2400 2917 2470 παραπεπτωκότες
2950 2402 3045 2453 καὶ
3072 2398 3509 2467 κοινωνήσαντες
3552 2400 3668 2460 τοῖς

2082 2491 2407 2559 αἰρετικοῖς,
2456 2490 2550 2543 καὶ
2585 2489 2888 2561 προστάται
2932 2489 3027 2542 καὶ
3062 2487 3354 2556 συνήγοροι
3386 2485 3489 2556 τῆς
3531 2488 3663 2540 ἀσε-

2083 2582 2237 2645 ϐείας
2261 2584 2566 2654 γενόμενοι.
2600 2583 2688 2645 εἰς
2714 2581 3009 2652 μετάνοιαν
3042 2581 3140 2651 μὲν
3168 2579 3438 2650 δέχονται,
3471 2578 3665 2649 κληρι-

2083 2677 2170 2731 κοὶ
2197 2675 2254 2729 δὲ
2280 2674 2492 2744 ὄντεςή
2534 2673 2709 2734 ἄλλως
2759 2674 3044 2744 ίερωμένοι
3078 2673 3178 2741 τῆς
3221 2669 3525 2739 ἱερωσύνης
3567 2669 3668 2723 ούκ

2082 2769 2381 2836 ἀξιοῦνται.
2431 2767 2497 2822 Oi
2544 2766 2618 2837 μὴ
2640 2764 3027 2828 αὐθεντοῦντες
3076 2764 3216 2834 ὑπὲρ
3251 2763 3353 2832 τῆς
3382 2761 3664 2828 ἀσεϐείας,

2081 2862 2251 2931 ήγουν
2278 2861 2351 2931 μὴ
2389 2859 2531 2914 κατὰ
2557 2856 2844 2912 αύθεντίαν
2871 2857 2966 2910 καί
2993 2856 3136 2908 κατά
3161 2855 3412 2909 ἑκούσιον
3437 2852 3666 2924 γνώμην

2081 2955 2508 3025 κοινωνήσαντες
2541 2953 2653 3015 τοῖς
2675 2932 2994 3021 αἰρετικοῖς,
3033 2948 3169 3002 ἀλλὰ
3201 2947 3394 3016 βιαίως
3431 2945 3661 3013 ἐξελκυ-

2084 3045 2437 3109 σθὲντεςάπδ
2463 3047 2562 3114 τῆς
2612 3041 2902 3105 εὐσεϐείας
2945 3041 3028 3104 είς
3075 3039 3355 3102 ἀσέϐειαν,
3406 3035 3665 3108 κληρικοί

398 3154 503 3192 non
537 3139 917 3194 ahalienantur
960 3154 1180 3210 :eoque
1212 3144 1404 3212 magis,
1441 3142 1582 3212 quod
1633 3149 1890 3197 asserunt
1922 3155 1972 3194 se

2083 3138 2257 3203 ὄντες,
2317 3136 2649 3206 συγγνώμης
2680 3133 2980 3199 ἀξιοῦνται,
3032 3130 3128 3186 καὶ
3175 3128 3271 3184 τοῦ
3319 3128 3525 3199 κλήρου
3564 3127 3667 3179 οὐκ

397 3231 463 3284 ad
493 3229 823 3301 impietatem
869 3247 974 3286 non
1006 3231 1176 3288 fuisse
1209 3234 1520 3299 traductos,
1557 3245 1651 3289 seu
1693 3231 1976 3287 heretico-

398 3334 517 3373 rum
556 3320 838 3376 sententiaa
893 3335 997 3375 nou
1049 3319 1216 3377 fuisse
1261 3336 1538 3385 assensos,
1594 3321 1689 3377 sed
1742 3322 1975 3391 quodam

281 3413 303 3426 ’
395 3412 621 3467 consilio
652 3414 731 3468 cis
761 3415 1215 3481 communicasse,
1251 3429 1317 3469 ne
1356 3415 1423 3471 iis
1478 3413 1546 3472 ab
1582 3415 1833 3470 ecclesiis
1881 3428 1976 3469 ex-

394 3506 586 3575 pulsis,
634 3509 723 3563 alii
758 3509 909 3577 impii
942 3509 994 3564 in
1024 3523 1213 3565 eorum
1249 3508 1426 3564 locum
1471 3509 1971 3573 introducerentur,

392 3609 448 3654 et
479 3602 737 3672 populum
789 3603 1147 3659 orthodoxam
1195 3610 1626 3671 corrumperent.
1681 3600 1797 3657 Visi
1847 3609 1976 3658 sunt

397 3693 579 3761 igitur,
613 3694 817 3766 inquit,
844 3696 958 3751 hac
997 3695 1181 3752 dicere
1200 3695 1576 3765 probabiliter,
1615 3694 1795 3750 Aaron
1830 3708 1968 3763 quo-

394 3802 500 3857 que
535 3787 782 3856 exemplo
811 3797 1046 3844 utentes.
1096 3787 1188 3844 llle
1239 3791 1407 3851 enim,
1470 3802 1590 3844 cum
1652 3787 1866 3859 Moyses
1915 3787 1971 3841 in

394 3887 580 3934 monte
605 3880 804 3935 diutius
836 3889 984 3937 esset
1012 3891 1281 3948 moratus,
1323 3889 1378 3936 et
1406 3881 1760 3936 Hebraeorum
1800 3894 1974 3950 popu-

395 3973 479 4027 lus
506 3973 636 4028 dcos
670 3982 959 4041 quaereret,
1000 3976 1168 4030 cessit
1197 3988 1385 4029 eorum
1429 3973 1894 4044 praevaricationi,
1917 3982 1973 4028 et

393 4064 606 4119 t'usilem
637 4064 861 4139 vitulum
896 4065 943 4119 ei
985 4065 1100 4120 ﬁeri
1143 4065 1407 4135 permisit.
1448 4062 1562 4120 Hoc
1602 4073 1783 4119 autem
1824 4063 1989 4127 fecit,‘

392 4172 460 4211 ne
505 4172 757 4212 reversus
803 4157 856 4211 in
911 4156 1205 4229 Egyptum
1259 4156 1493 4229 populus
1546 4154 1599 4210 in
1649 4155 1967 4226 Egyptiaca

391 4248 693 4303 idoloiatria
724 4259 1086 4317 permaneret,
1113 4259 1390 4319 reputans,
1420 4248 1587 4320 quod,
1630 4263 1754 4302 cum
1785 4247 1894 4302 sint
1918 4249 1970 4303 in

388 4342 626 4404 deserto,
668 4346 924 4407 poterunt
971 4341 1038 4396 ab
1065 4342 1340 4411 impietate
1387 4342 1647 4397 desistere
1680 4357 1696 4397 :
1730 4341 1822 4396 sed
1840 4341 1884 4396 si
1914 4340 1969 4395 in

390 4431 627 4502 Atigypto
651 4431 875 4498 fuerint,
905 4442 1067 4487 erunt
1086 4432 1257 4503 magis
1282 4433 1453 4502 impii,
1487 4447 1665 4489 mores
1689 4432 1969 4505 IEgyptio-

2083 3228 2510 3297 ἁποξενοῦνται·
2570 3227 2668 3281 καὶ
2706 3224 2907 3295 μᾶλλον
2959 3223 3044 3277 ὅτι
3095 3217 3540 3275 διαϐεϐαιοῦνται
3589 3216 3666 3288 μὴ

2086 3321 2493 3393 μεταϐληθῆναι
2523 3319 2605 3380 εἰς
2632 3316 2910 3381 ἀσέϐειαν,
2945 3316 3119 3387 ήγουν
3163 3313 3240 3384 μὴ
3271 3310 3561 3366 συνθέσθαι
3594 3312 3662 3381 τῇ

2081 3415 2211 3488 δόξῃ
2261 3416 2372 3470 τῶν
2419 3415 2741 3483 αἰρετικῶν.
2786 3413 2922 3467 ἀλλὰ
2965 3409 3107 3465 κατά
3146 3408 3308 3477 λόγον
3354 3406 3666 3474 οἰκονομίας

2084 3506 2523 3577 συγκοινωνῆσαι
2550 3504 2783 3569 τούτοις,
2812 3505 2899 3558 ῖνα
2925 3501 3025 3573 μὴ,
3046 3500 3230 3554 αὐτῶν
3259 3498 3668 3568 ἑκδιωχθέντων

2082 3594 2193 3649 ἀπὸ
2241 3593 2348 3648 τῶν
2403 3593 2731 3664 ἐκκλησιῶν,
2764 3593 2946 3661 ἕτεροι
2993 3590 3215 3652 ἀσεϐεῖς
3263 3586 3667 3658 ἀντεισαχθῶσι

2082 3685 2178 3740 καὶ
2234 3684 2593 3756 διαφθείρωσι
2631 3685 2724 3737 τὸν
2782 3682 3065 3754 ὀρθὸδοξον
3094 3680 3246 3736 λαόν.
3279 3680 3508 3746 Ἕδοξαν
3546 3672 3664 3744 οῦν,

2081 3775 2237 3844 φησί,
2271 3774 2521 3839 πιθανῶς
2551 3774 2727 3828 ταῦτα
2752 3774 2958 3843 λέγειν,
3009 3770 3289 3845 χρώμενοι
3331 3773 3428 3825 καί
3468 3787 3667 3840 παρα-

2079 3866 2337 3937 δείγματι
2374 3864 2608 3937 Ἀαρών.
2651 3867 2896 3929 Ἐκεῖνος
2943 3865 3055 3934 γὰρ
3097 3863 3195 3917 τοῦ
3227 3861 3510 3923 Μωῦσέως
3541 3878 3669 3930 χρο-

2081 3956 2330 4020 νίσαντος
2362 3959 2424 4012 ὲν
2476 3956 2555 4028 τῷ
2606 3957 2744 4029 ὄρει,
2795 3957 2894 4011 καὶ
2924 3956 3020 4009 τοῦ
3052 3954 3185 4009 λαοῦ
3243 3954 3354 4008 τῶν
3396 3951 3667 4023 Ἐϐραίων

2080 4047 2240 4112 θεοὺς
2268 4048 2580 4121 ζητοῦντος,
2616 4049 2845 4103 ἐνέδωκε
2870 4049 2937 4119 τῇ
2966 4045 3173 4100 τούτων
3204 4045 3541 4113 παραϐάσει,
3568 4041 3666 4095 καί

2081 4141 2338 4209 γενέσθαι
2361 4142 2546 4205 αὐτοῖς
2569 4139 2934 4212 παρεχώρησε
2951 4137 3225 4211 χωνευτὸν
3253 4135 3472 4206 μόσχον.
3494 4134 3667 4186 Τοῦτο

2077 4235 2134 4289 δὲ
2169 4236 2451 4301 ἐποίησεν,
2501 4235 2588 4289 ἵνα
2637 4234 2713 4304 μὴ
2757 4234 2787 4286 δ
2834 4232 2963 4296 λαὸς
2990 4229 3340 4300 ὑποστρέψας
3382 4229 3464 4291 εἰς
3496 4226 3667 4294 Δίγυ·

2078 4346 2212 4383 πτον
2234 4329 2493 4400 ὲπιμείνῃ
2515 4331 2580 4400 τῇ
2607 4326 3025 4399 εἰδωλολατρεία
3045 4326 3112 4396 τῇ
3131 4323 3500 4393 Αἰγυπτιακῇ,
3519 4320 3669 4387 λογι-

2081 4422 2315 4493 σάμενος
2330 4423 2431 4487 ὅτι,
2456 4423 2512 4476 ὲν
2531 4424 2595 4492 τῇ
2617 4420 2712 4491 ὲρή
2723 4438 2807 4491 μῳ
2822 4418 2997 4483 ὄντες,
3015 4418 3340 4489 δυνήσονται
3360 4413 3664 4482 ἀποστῆναι

390 4541 510 4578 rum
546 4520 865 4595 sequentes.
892 4526 971 4579 Ac
1004 4526 1070 4581 de
1102 4525 1171 4581 iis
1202 4525 1442 4594 quidem,
1476 4527 1568 4596 qui
1601 4541 1789 4581 sacros
1822 4526 1970 4581 ordi.

2081 4515 2177 4582 τῆς
2208 4512 2465 4576 ἀσεϐείας
2490 4529 2505 4545 ³
2546 4513 2605 4566 ἐν
2631 4511 2689 4564 δὲ
2726 4513 2794 4582 τῇ
2828 4508 3091 4580 Αἰγύπτῳ
3119 4507 3426 4577 γενόμενοι,
3461 4501 3665 4596 μᾶλλον

362 4612 487 4671 “nes
513 4626 884 4687 sumpserunt,
917 4619 1044 4672 Ἰιειε
1077 4619 1226 4676 dicit.
1263 4616 1512 4687 Deceptis
1536 4627 1740 4685 autem,
1773 4627 1827 4673 et
1859 4619 1965 4670 vim

388 4710 567 4780 passis
591 4710 747 4767 laicis
778 4711 936 4767 venia
970 4712 1152 4776 datur,
1184 4711 1474 4781 susceptis,
1514 4721 1567 4765 et
1607 4710 1677 4765 ab
1701 4710 1967 4780 episcopis

387 4803 650 4858 canonice
684 4803 1034 4874 dispensatis,
1064 4812 1252 4871 utpote
1300 4804 1392 4872 qui
1435 4802 1690 4857 haeretica
1735 4803 1970 4855 deheant

387 4905 576 4966 aperte
609 4896 1075 4951 anathematizare
1126 4911 1225 4952 seu
1275 4895 1328 4949 in
1377 4894 1621 4950 Ecclesia
1666 4878 1966 4949 :Niccnam

390 5002 572 5044 autem
607 4989 965 5044 orthodoxam
999 4989 1157 5043 [idem
1185 4988 1457 5043 confiteri.
1504 4987 1814 5059 Ἐκεχειρία
1842 5002 1971 5042 vero

386 5083 592 5138 dicitur
616 5082 795 5153 quies,
827 5092 883 5138 et
928 5082 1113 5152 operis
1157 5080 1428 5146 remissio,
1489 5096 1611 5150 quae
1660 5088 1716 5135 et
1761 5080 1968 5134 vacatio

389 5178 616 5233 remissa
641 5178 861 5243 dicitur,
895 5192 920 5231 a
953 5176 1207 5231 manibus
1239 5174 1601 5239 continendis,
1647 5185 1702 5227 ut
1742 5188 1860 5243 quae
1898 5174 1972 5230 sit

388 5284 646 5323 manuum
672 5269 1028 5324 continentia.
1046 5266 1182 5325 Nota
1204 5281 1335 5339 ergo
1354 5282 1417 5322 ex
1443 5268 1694 5335 praesenti
1722 5266 1969 5335 epistola,

382 5361 531 5431 quod
564 5361 719 5415 aliter
753 5362 1072 5432 puniuntur,
1100 5361 1190 5431 qui
1237 5376 1334 5431 per
1374 5362 1479 5414 vim
1529 5376 1650 5415 cum
1706 5359 1971 5415 hirreticis

360 5437 563 5511 solum
592 5456 1083 5521 communicarunt,
1110 5455 1265 5510 aliter
1290 5457 1382 5527 qui
1436 5455 1521 5510 his
1550 5464 1971 5522 consenserunt,

388 5560 443 5603 et
468 5548 796 5617 impieiatetn
823 5547 1202 5614 defenderunt,
1224 5548 1381 5603 aliter
1411 5550 1502 5619 qui
1538 5549 1603 5603 ad
1633 5547 1968 5617 impietatem

279 5704 289 5716 ο
391 5641 815 5712 transfugerunt,
846 5641 1005 5696 aliter
1039 5641 1133 5712 qui
1174 5641 1256 5696 his
1283 5643 1774 5704 communicarunt,
1801 5650 1857 5697 el
1884 5657 1973 5698 sa-

393 5732 728 5798 rriﬂe'al‘unt,
761 5734 920 5789 aliter
953 5732 1047 5804 qui
1093 5732 1390 5805 idolothyta
1421 5735 1468 5790 vi
1496 5736 1869 5802 comederunt,
1921 5743 1976 5789 et

392 5824 553 5878 aliter
571 5826 763 5894 quibus:
789 5826 851 5883 ad
877 5827 977 5883 hoc
1009 5826 1282 5899 ipsum,ut
1311 5828 1675 5899 comederent,
1702 5829 1784 5885 vis
1814 5828 1973 5884 allata

2072 4607 2411 4679 ἀσεϐήσουσι
2437 4606 2553 4670 τοῖς
2605 4602 2924 4672 Αἰγυπτίων
2983 4603 3245 4669 ἑπόμενοι
3307 4598 3481 4651 ἔθεσι.
3548 4592 3663 4647 Καὶ

2072 4699 2202 4771 περί
2232 4698 2330 4769 μὲν
2356 4696 2674 4775 ἱερωμένων
2700 4693 2879 4750 ταῦτά
2900 4710 3055 4762 φησι.
3090 4692 3216 4754 Τοῖς
3241 4689 3298 4743 δὲ
3331 4684 3659 4765 ἀπατηθείς-ι

2070 4796 2167 4846 καὶ
2195 4792 2319 4864 βίαν
2350 4790 2589 4869 παθοῦσι
2613 4788 2828 4851 λαῗκοῖς
2855 4784 3157 4854 συγγνώμη
3182 4781 3410 4869 δίδοται,
3443 4777 3662 4849 δεχομέ-

2074 4902 2187 4946 νοις
2220 4885 2314 4938 καὶ
2360 4879 2843 4951 οἰκονομουμένοις
2881 4876 3037 4946 παρὰ
3066 4874 3176 4927 τῶν
3208 4871 3527 4925 ἐπισκόπων
3565 4885 3665 4920 κα-

2072 4976 2320 5038 νονικῶς,
2349 4974 2425 5037 ὡς
2478 4973 2574 5028 καὶ
2617 4971 2933 5041 ὀφείλουσιν
2976 4963 3408 5036 ἀναθεματίζειν
3465 4962 3564 5030 μὲν
3597 4959 3665 5013 τὰ

2072 5065 2180 5119 τῶν
2225 5063 2519 5133 αἱρετικῶν
2579 5059 2873 5131 φανερῶς,
2930 5059 3102 5129 ἤγουν
3169 5057 3259 5110 ἐπ’
3316 5052 3659 5120 ἐκκλησίαςο

2073 5153 2357 5225 ὁμολογεῖν
2381 5153 2438 5206 δὲ
2472 5151 2571 5224 τήν
2612 5152 2671 5204 ἐν
2697 5149 2907 5220 Nuntiat
2936 5146 3227 5219 ὀρθόδοξον
3261 5144 3470 5197 πίστιν.
3510 5141 3667 5195 Ἐκε-

2076 5248 2261 5320 χειρία
2289 5247 2347 5300 δὲ
2402 5246 2624 5315 λέγεται
2668 5246 2703 5316 ή
2734 5226 2915 5316 ἀργία.¹
2961 5242 3058 5295 καί
3109 5236 3373 5310 ἀπραξία.
3415 5237 3540 5307 ἥτις
3571 5234 3667 5288 καὶ

2075 5343 2265 5405 ἄνετος
2297 5339 2452 5394 ἄδεια
2489 5339 2732 5406 λέγεται,
2763 5336 2874 5391 ἀπὸ
2919 5334 3014 5389 τοῦ
3067 5332 3291 5405 ἐπέχειν
3322 5323 3421 5394 τὰς
3453 5330 3664 5400 χεῖρας,

2075 5435 2356 5505 ἐκεχειρία
2409 5450 2494 5497 τις
2532 5425 2690 5486 οὖσα.
2749 5429 3067 5499 Σημείωσαι
3119 5424 3213 5479 οῦν
3270 5424 3368 5477 καὶ
3423 5412 3531 5475 ἀπὶ
3565 5419 3663 5488 τῆς

2079 5526 2363 5599 παρούσης
2404 5525 2696 5595 ἐπιστολῆς
2722 5524 2803 5577 ὅτι
2851 5520 3031 5586 ἄλλως
3065 5518 3392 5582 κολάζονται
3423 5515 3474 5568 οἰ
3522 5509 3663 5599 κατά

2078 5594 2205 5687 βίαν
2240 5594 2671 5690 κοινωνήσαντες
2702 5615 2868 5687 μύκον
2892 5617 3004 5676 τοῖς
3035 5610 3357 5681 αἰρετικοῖς,
3402 5594 3576 5666 ἀλλὼς
3612 5603 3663 5655 οἱ

2079 5713 2556 5784 ὁμοφρονήσαντες
2586 5708 2797 5770 τούτοις
2833 5706 2929 5759 καὶ
2959 5703 3099 5774 ὑπὲρ
3124 5702 3227 5773 τῆς
3257 5699 3514 5760 ἀσεϐείας
3545 5712 3666 5749 συν-

2084 5821 2185 5875 mm
2196 5806 2483 5877 ρήσαντες,
2506 5802 2681 5867 ἄλλως
2700 5803 2747 5855 οἱ
2776 5797 3273 5870 αὐτομολήσαντες,
3292 5792 3469 5856 ἄλλως
3485 5790 3533 5844 οἰ
3554 5805 3668 5844 κοι-
