4076 6390
424 336 528 397 56ξὶ

1353 333 1435 394 IN
1464 334 1710 395 EPIST.
1738 334 1806 392 S.
1842 327 2271 391 ATHANASll
2311 331 2415 390 AD
2452 328 2722 391 RUFIN.

3585 314 3694 376 570

429 446 765 512 νωνήσαντες
785 442 995 507 τούτοις
1021 444 1114 498 καὶ
1141 442 1425 520 θύσαντες,
1449 446 1622 509 ἄλλως
1645 446 1696 500 οί
1721 443 1861 500 κατὰ
1884 445 2006 514 βίαν

2135 453 2211 497 ρει
2241 459 2254 497 :
2288 453 2339 497 et
2369 454 2423 495 ut
2448 440 2613 496 semel
2646 441 2848 501 dicam,
2882 449 3078 501 magna
3140 433 3257 489 haec
3304 431 3709 486 examinatione

428 537 692 606 φαγόντες
712 535 1040 590 εἰδωλόθυτα
1056 552 1072 567 ο
1100 538 1194 590 καὶ
1218 537 1395 602 ἄλλως
1414 540 1463 592 oi
1484 538 1749 601 παθόντες
1771 537 1893 615 βίαν
1918 536 2018 590 καὶ

2131 534 2389 603 indigent,
2416 534 2673 602 quoniam
2703 530 2866 585 etiam
2897 526 3182 581 difficulter
3214 533 3472 577 curantur

429 635 560 701 περὶ
581 632 716 686 αὐτό
746 630 805 685 τὸ
828 634 1044 701 φαγεῖν.
1069 639 1165 685 καὶ
1194 632 1382 694 ἁπλῶς
1407 635 1474 686 τά
1493 633 1603 687 τῶν
1628 611 1886 686 τοιούτων
1908 626 2152 699 μεγάλης
2171 627 2470 691 ἐξετάσεως
2501 627 2734 690 δέονται,
2756 624 2838 677 ὅτι
2870 621 2964 674 καὶ
2986 617 3264 689 δυσχερῶς
3285 611 3711 684 θεραπεύονται.

501 721 748 777 ΖΩΝΑΡ.
787 723 863 775 Οὐ
920 722 1050 793 περὶ
1102 723 1212 775 τῶν
1245 721 1490 786 εἰδώλοις
1546 723 1853 783 θυσάντων,
1909 720 2007 773 καὶ

431 815 605 879 οὓτως
661 814 1187 881 παραπεπτωκότων
1242 817 1276 885 ἡ
1331 816 1605 887 ἐρώτησις
1641 814 1782 885 αὕτη
1839 814 2008 875 ἐστὶν,

432 910 564 964 ἀλλά
601 910 730 976 περὶ
751 909 862 963 τῶν
886 909 1185 977 αἱρετικοῖς
1218 910 1804 978 συγκοινωνησάντων,
1841 907 2012 977 ἧγουν

439 1003 769 1071 Ἀρειανοῖς.
824 1001 888 1056 Ol
922 1000 1032 1071 γὰρ
1059 1002 1159 1071 τῆς
1195 1001 1407 1072 Ἀρείου
1438 1002 1729 1070 αἱρέσεως,
1777 1015 2014 1070 προστε-

433 1096 622 1156 θέντας
677 1095 862 1158 αὐτοῖς
916 1095 1141 1165 σχόντες
1200 1092 1444 1162 βασιλεῖς
1480 1093 1573 1146 τὸν
1630 1074 2016 1148 Κωνστάντιον

435 1190 525 1239 καὶ
554 1186 648 1237 τὸν
680 1183 978 1247 Οὐάλεντα,
1022 1183 1324 1238 κάντεῦθεν
1358 1185 1504 1252 μέγα
1534 1184 1848 1253 δυνάμενοι,
1881 1180 2017 1235 πολ-

434 1278 556 1338 λοὺς
595 1277 891 1330 ἐϐιάσαντο
944 1275 1313 1348 προστεθῆναι
1364 1279 1430 1346 τῇ
1489 1275 1616 1347 δόξῃ
1671 1274 1877 1334 αὐτῶν.
1914 1267 2016 1327 Ὧν

434 1366 660 1437 ὕστερον
692 1365 1120 1434 μετανοούντων,
1159 1368 1254 1420 καὶ
1285 1368 1744 1437 προσερχομένων
1779 1368 1845 1435 τῇ
1879 1364 2017 1419 καθ-

433 1459 590 1529 ολικῇ
647 1458 970 1530 Ἐκκλησία,
1018 1457 1308 1529 ἠρώτησεν
1339 1460 1369 1512 ὁ
1402 1457 1778 1527 Ῥουφινιανὸς
1794 1454 2019 1509 ἐπίσκο-

434 1570 538 1617 πος
566 1551 663 1618 ὢν,
690 1552 841 1615 ὅπως
870 1551 979 1624 χρὴ
1007 1551 1135 1615 τοὺς
1160 1550 1440 1614 τοιούτους
1467 1548 1720 1622 δέχεσθαι
1745 1563 1760 1579 ⁸
1786 1548 1922 1620 πρὸς
1951 1547 2019 1617 ἢν

435 1641 707 1714 ἐρώτησιν
738 1642 1014 1714 ἀπεκρίθη
1046 1645 1074 1699 δ
1112 1644 1282 1715 μέγας
1325 1643 1643 1706 Ἀθανάσιος
1671 1642 1778 1705 ὅτι,
1808 1639 2020 1694 πολλῶν

434 1737 746 1802 γενομένων
797 1735 1037 1788 συνόδων
1073 1735 1316 1791 τοπικῶν
1352 1733 1554 1805 δηλαδὴ
1612 1733 1744 1805 περὶ
1786 1732 2018 1794 τούτων,

416 1829 638 1895 Ἑδοξεν,
669 1830 809 1885 ὥστε
828 1833 942 1893 τοῖς
979 1831 1079 1900 μὲν
1098 1828 1877 1901 παραπεσοῦσικοινωνήοασι
1907 1827 2022 1889 τοῖς

435 1922 758 1989 αίρετικοῖς.
793 1920 888 1974 καὶ
918 1919 988 1973 τὰ
1033 1920 1175 1975 αὐτὰ
1223 1920 1462 1984 ἐκείνοις
1493 1920 1717 1988 φρονεῖν
1744 1915 2021 1986 ὁμολογή-

2186 716 2438 772 ZONAR.
2468 717 2583 771 Non
2613 718 2679 769 de
2706 715 2795 777 iis,
2815 713 2906 782 qui
2933 711 3088 767 idolis
3116 708 3492 768 immolavere,
3540 718 3603 757 ac
3632 702 3707 755 ita

2116 811 2247 881 lapsi
2282 823 2432 874 sunt,
2472 812 2583 865 haec
2615 808 2844 880 qumslio
2871 813 2976 870 cst,
3010 818 3197 857 verum
3251 801 3321 855 de
3356 799 3423 851 iis
3454 796 3544 864 qui
3576 810 3707 851 cum

2116 904 2390 959 haereticis
2420 903 2912 966 counnuuicavere,
2937 897 3153 954 Ariauis
3194 892 3470 948 nimirum.
3499 889 3708 945 Etenim

2119 996 2331 1058 Ariani.
2367 1012 2490 1051 cum
2526 996 2629 1050 sibi
2687 993 3099 1049 consentientes
3151 988 3418 1043 haberent
3467 983 3708 1047 impera-

2120 1102 2268 1146 tores
2299 1088 2683 1146 Constantium
2716 1096 2771 1142 et
2800 1085 3109 1146 Valentem,
3150 1094 3217 1134 ex
3268 1090 3441 1142 eoque
3477 1073 3709 1127 multum

2123 1185 2398 1250 valerent,
2427 1181 2756 1251 complures,
2788 1188 2845 1234 ut
2884 1179 3123 1248 ipsorum
3153 1171 3465 1242 opinionem
3494 1170 3709 1233 ample-

2120 1285 2424 1338 ctcrentur,
2463 1288 2561 1343 per
2589 1273 2697 1326 vim
2731 1270 2979 1338 adegere.
3007 1266 3133 1334 Qui,
3189 1277 3315 1319 cum
3369 1276 3494 1315 mox
3536 1257 3715 1326 poeni-

2120 1368 2288 1422 tentia
2321 1367 2469 1421 ducti
2495 1365 2562 1419 ad
2593 1362 2892 1419 Ecclesiam
2924 1358 3248 1417 catholicam
3282 1368 3342 1410 se
3370 1352 3710 1413 conferrent,

2124 1457 2722 1528 rogavitRulﬁnianus,
2773 1454 2973 1524 quippe
3022 1450 3331 1521 episcopus,
3365 1456 3617 1515 quamam
3654 1441 3711 1495 in

2120 1548 2387 1622 ejusmodi
2443 1545 2757 1603 hominibus
2824 1541 3180 1598 admittendis
3247 1535 3517 1597 servanda
3571 1533 3714 1588 ratio

2121 1648 2286 1697 esset.
2318 1639 2397 1695 Ad
2428 1652 2595 1709 quam
2652 1633 3137 1704 interrogationem
3191 1640 3423 1698 magnus
3472 1622 3715 1678 Athana-

2122 1734 2235 1791 sius
2280 1730 2560 1800 respondit
2589 1768 2605 1795 ,
2648 1744 2773 1783 eum
2806 1726 2991 1781 multa:
3026 1720 3243 1795 synodi,
3292 1718 3494 1774 locales
3551 1713 3717 1770 nimi-

2125 1839 2268 1889 rutn,
2294 1822 2362 1878 de
2384 1821 2793 1879 his'celebratze
2821 1818 2953 1883 sint,
2993 1816 3274 1871 decretum
3310 1808 3504 1873 fuisse,
3550 1812 3610 1859 ut
3633 1804 3719 1858 la-

2123 1917 2258 1989 psis,
2282 1914 2375 1986 qui
2403 1928 2526 1971 cum
2571 1910 2844 1969 hareticis
2875 1905 3380 1965 communicarunt,
3416 1899 3718 1966 eademque

440 2025 588 2071 σασι,
626 2011 721 2063 καὶ
760 2010 823 2064 οὐ
880 2008 1044 2081 μόνον
1077 2009 1261 2074 τοῦτο,
1293 2009 1429 2063 ἀλλά
1473 2010 1568 2062 καὶ
1595 2007 2021 2078 προϊσταμένοις

2135 2026 2250 2067 cum
2282 2010 2390 2065 illis
2417 2007 2623 2065 sentire
2660 2021 2723 2065 se
2754 2001 2988 2075 professi
3024 2008 3175 2058 sunt.
3212 2008 3394 2065 neque
3443 1993 3549 2047 hoc
3600 2000 3729 2045 tan-~

434 2102 539 2173 τῆς
573 2101 868 2165 ἀσεϐείας·
913 2102 1083 2171 ἤγουν
1118 2101 1693 2174 ὑπεραγωνιςομένοις
1729 2100 1901 2169 αὐτῆς
1927 2098 2024 2152 καὶ

437 2192 824 2265 συνηγοροῦσι,
873 2194 968 2247 καὶ
1026 2192 1238 2247 πείθειν
1276 2190 1605 2245 σπεύδουσιν
1648 2191 1725 2254 ώς
1766 2187 2022 2259 ἀσφαλὴς

437 2288 472 2356 ἡ
504 2286 735 2340 ἐκείνων
779 2284 896 2338 ἐστὶ
939 2283 1091 2349 δόξα,
1141 2282 1464 2354 μετανοοῦσι
1513 2282 1611 2336 καὶ
1654 2279 2030 2353 προσερχομέ-

436 2395 549 2442 νοις
602 2380 668 2448 τῇ
729 2375 995 2448 ὀρθοδόξῳ
1042 2374 1364 2448 Ἐκκλησία,
1410 2374 1650 2428 δίδοσθαι
1699 2375 1799 2444 μὲν
1856 2372 2028 2442 μετά-

438 2491 589 2528 νοιαν
648 2475 743 2529 καὶ
804 2471 1138 2543 συγγνώμην
1165 2487 1179 2503 ·
1242 2471 1319 2542 μὴ
1375 2469 1560 2541 μέντοι
1590 2485 1658 2539 γε
1719 2468 1815 2521 καὶ
1860 2467 2027 2521 τόπον

437 2564 647 2636 κλήρου
703 2565 890 2628 αὐτοῖς
945 2561 1376 2633 παραδέχεσθαι.
1430 2561 1553 2615 Κᾶν
1582 2559 1691 2630 γὰρ
1726 2557 2027 2611 ἐπίσκοποι

439 2660 603 2727 τυχδν
627 2652 772 2729 ἦσαν
795 2657 828 2728 ἢ
856 2656 1131 2726 κληρικοὶ,
1163 2655 1348 2708 οὐκέτι
1376 2652 1736 2724 δεχθήσονται
1758 2652 1840 2714 είς
1862 2651 2027 2705 τόπον

438 2750 776 2822 ἱερωμένων,
805 2748 922 2803 ἀλλ’
954 2748 1031 2813 ὡς
1050 2746 1232 2802 λαῖκοὶ
1261 2746 1496 2801 ἔσονται.
1532 2746 1657 2808 Τοῖς
1686 2745 1742 2799 δὲ
1776 2743 1852 2815 μὴ
1881 2742 2020 2797 αὐθ-

378 2920 385 2928 ⁸
441 2844 654 2898 εντοῦσι
697 2842 798 2911 μὲν
839 2842 941 2910 τῆς
998 2839 1280 2905 ἀσεϐείας,
1331 2839 1501 2911 ἧγουν
1540 2838 1616 2909 μὴ
1647 2836 1788 2891 κατά
1831 2835 2028 2890 αὐθεν-

444 2937 565 2991 τίαν
594 2937 689 2991 καὶ
718 2935 948 3006 γνώμην
997 2933 1248 2988 ἑκούσιον
1282 2932 1663 3001 κοινωνήσασι
1709 2930 1826 2992 τοῖς
1872 2929 2030 2997 αἱρε-

446 3031 649 3093 τικοίς’
687 3029 1059 3099 παρασυρεϊσι
1091 3024 1152 3078 δὲ
1208 3024 1278 3078 δι’
1306 3023 1556 3095 ἀνάγκην
1586 3021 1684 3076 καὶ
1732 3020 1875 3091 βίαν,
1908 3017 2029 3089 ἦτοι

445 3122 637 3192 βιαίως
688 3120 1044 3189 συνθεμένοις
1090 3120 1158 3190 τῇ
1209 3115 1460 3186 ἀσεϐείᾳ,
1502 3114 1598 3170 tta).
1649 3109 2029 3180 ὲξελκυσθεῖσι

443 3217 538 3285 τῆς
570 3213 857 3277 εὐσεϐείας
899 3212 1116 3283 (ὥσπερ
1177 3209 1289 3280 γὰρ
1326 3209 1355 3262 δ
1392 3207 1499 3261 ὑπὸ
1544 3204 1783 3275 σφοδρᾶς
1817 3201 2029 3256 ὑδάτων

443 3308 621 3379 φορᾶς
674 3305 1138 3378 παρασυρόμενος
1171 3303 1233 3357 οὐ
1268 3301 1411 3356 κατά
1456 3301 1785 3370 προαίρεσιν
1815 3292 2029 3348 οίκείαν

2129 2114 2270 2169 tum,
2296 2102 2389 2159 sed
2412 2110 2466 2157 et
2489 2097 2792 2170 impietatis
2826 2091 3109 2166 primipili,
3136 2090 3244 2143 hoc
3270 2097 3377 2150 est,
3404 2098 3717 2155 propugna-

2130 2205 2279 2251 tores
2301 2204 2354 2250 et
2379 2192 2590 2265 patroni
2626 2189 2869 2252 fuerunt,
2891 2200 2954 2240 ac
2976 2193 3148 2239 tutam
3168 2181 3385 2236 illorum
3404 2175 3716 2243 opinionem

2101 2279 2251 2346 esse
2275 2286 2609 2358 persuadere
2635 2282 2996 2345 studuerunt;
3045 2277 3090 2331 si
3146 2270 3501 2339 resipueriut,
3552 2280 3731 2335 seque

2131 2381 2453 2438 orthodoxae
2492 2375 2749 2431 Ecclesia:
2782 2369 3156 2440 adiunxerint,
3211 2362 3553 2436 pmnitentite
3594 2358 3719 2428 qui-

2132 2475 2253 2529 dem
2277 2473 2346 2528 sit
2374 2472 2526 2526 locus
2557 2476 2613 2524 et
2640 2465 2810 2521 venite
2841 2482 2858 2521 :
2902 2470 3161 2519 caeterum
3190 2458 3258 2515 ad
3287 2456 3468 2512 locum
3498 2455 3550 2508 in
3573 2450 3729 2506 clero-

2127 2563 2484 2622 obtinendum
2523 2559 2832 2614 nullatenus
2876 2554 3263 2610 admittuntur.
3318 2546 3456 2602 Nam
3496 2542 3715 2600 etiamsi

2129 2655 2366 2729 episcopi
2403 2653 2632 2709 fuissent
2691 2648 2923 2705 forsitan
2973 2644 3059 2700 vel
3107 2640 3317 2704 clerici,
3377 2649 3721 2706 nequaquam

2129 2752 2183 2808 in
2213 2761 2496 2805 sacrorum
2532 2744 2814 2799 hominum
2850 2740 3102 2795 ordinem
3149 2735 3506 2805 recipientur,
3535 2728 3630 2786 sed
3663 2735 3724 2782 ut

2130 2841 2257 2897 laici
2288 2849 2470 2895 erunt.
2513 2836 2617 2904 Qui
2651 2851 2782 2891 vero
2833 2831 3135 2903 impietatis
3180 2837 3437 2884 auctores
3499 2823 3763 2879 minime"

2129 2932 2372 2995 fuerunt,
2406 2931 2511 2986 hoc
2539 2938 2644 2989 est.
2675 2928 2767 2996 qui
2800 2935 2995 2996 sponte
3041 2931 3096 2979 et
3126 2918 3435 2977 voluntarie
3463 2932 3584 2971 cum
3610 2916 3735 2995 haec

2131 3025 2319 3080 reticis
2362 3037 2469 3077 nou
2522 3018 3019 3080 communicarunt,
3079 3012 3414 3069 necessitate
3451 3014 3631 3064 autem
3665 3016 3722 3062 et

2129 3116 2182 3173 vi
2211 3114 2374 3171 tracti
2409 3122 2558 3177 sunt,
2594 3111 2730 3176 sive,
2754 3124 2852 3179 per
2871 3107 2978 3163 vim
3005 3104 3269 3177 impietati
3301 3107 3721 3160 consenserunt.

2129 3216 2365 3278 suntque
2387 3222 2418 3261 a
2446 3206 2650 3275 pietate
2675 3201 2934 3258 abstracti
2967 3199 3049 3272 (ut
3099 3196 3268 3261 enim,
3299 3193 3390 3263 qui
3410 3189 3729 3248 vehementi

2138 3315 2406 3373 aquarum
2459 3300 2663 3367 impetu
2691 3295 2924 3364 rapitur,
2954 3307 3060 3347 non
3091 3304 3188 3344 sua
3210 3287 3491 3343 voluntate
3544 3281 3732 3337 defer-

444 3373 693 3471 ςρέρεται,
728 3373 866 3455 ἀλλά
900 3373 1094 3468 βιαίως
1145 3394 1402 3450 ἓλκεταιο
1451 3392 1626 3456 οὕτως
1665 3389 1911 3443 κάκεῖνοι
1961 3385 2031 3455 τῇ

2143 3406 2250 3458 tur,
2277 3392 2371 3449 sed
2405 3389 2642 3446 trahitur
2673 3387 2725 3443 vi
2758 3383 2872 3458 46
2901 3383 3132 3438 adactus
3160 3397 3176 3436 :
3205 3380 3287 3471 sic
3309 3386 3366 3433 et
3391 3376 3491 3442 illi,
3511 3376 3587 3456 9b
3609 3373 3732 3429 vim

446 3493 541 3565 βίᾳ
578 3492 897 3561 νικηθέντες
938 3488 1048 3543 τῶν
1098 3483 1418 3558 αίρετικών,
1467 3481 1879 3552 παρεσύρησαν
1938 3477 2034 3531 καὶ¹

444 3582 756 3656 ὑπέκυψαν)
809 3581 980 3647 ἔδοξε,
1030 3581 1190 3651 φησὶ,
1233 3577 1329 3632 κα)⁵
1382 3574 1719 3644 συγγνώμην
1784 3568 2032 3625 δίδοσθαι
2070 3644 2076 3651 ο

446 3674 919 3749 μεταμελομένοις
941 3689 956 3705 ⁸
995 3671 1292 3740 ἀπονέμειν
1323 3667 1383 3721 δὲ
1414 3668 1598 3730 αὐτοῖς
1623 3663 1838 3718 καὶτὸν
1866 3662 2034 3714 τόπον

444 3769 538 3824 τοῦ
568 3770 796 3841 κλήρου.
828 3767 943 3820 Καὶ
969 3765 1030 3819 ού
1066 3764 1250 3835 μόνον,
1290 3762 1375 3815 ὅτι
1435 3757 1755 3830 βιασθέντες
1810 3752 2038 3808 ἑνδεδώ-

446 3858 601 3930 κασι,
631 3858 1174 3931 συγγνωμονοῦνται,
1206 3855 1396 3924 φησιν,
1433 3850 1549 3906 ἀλλ’
1591 3852 1674 3904 ὅτι
1716 3848 1813 3902 καὶ
1840 3844 2039 3900 ἀπολο-

447 3958 575 4026 γίαν
603 3954 844 4025 πιθανὴν
882 3952 1189 4008 ποιοῦνται*
1227 3951 1299 4003 δι’
1330 3950 1397 4020 ἢν
1432 3946 1583 4012 ἔδοξε
1639 3944 1703 3999 τὸ
1753 3940 2037 4007 ὑποκύψαι

449 4050 649 4113 αὐτοὺς
675 4049 791 4111 τοῖς
841 4046 1143 4116 αίρετικοῖς
1192 4038 1558 4107 οἰκονομικῶς
1608 4034 1887 4107 γενέσθαι.
1943 4035 2036 4085 Δι-

450 4142 852 4198 ιϐεϐαιώσαντο
873 4138 1006 4211 γὰρ,
1029 4139 1148 4193 ἀντὶ
1159 4136 1279 4199 τοῦ,
1297 4134 1532 4207 βεϐαίως
1558 4128 2039 4203 ὲπληροφόρησαν,

456 4235 530 4305 μὴ
570 4229 983 4305 μεταϐληθῆναι
1020 4229 1101 4293 είς
1139 4227 1401 4281 ἀσέϐειαν
1428 4239 1444 4254 ⁸
1495 4224 1666 4293 ἦγουν
1715 4221 1793 4291 μὴ
1851 4216 2041 4271 συνθέ-

455 4327 581 4382 σθαι
608 4328 675 4397 τῇ
733 4323 863 4396 δόξῃ
915 4322 1028 4377 τῶν
1062 4318 1383 4390 αίρετικῶν,
1425 4315 1563 4372 ἀλλά
1590 4317 1689 4384 τῆς
1713 4310 1884 4384 ὀρθῆς
1921 4309 2042 4383 5x5-

456 4421 580 4474 σθαι
612 4418 852 4479 πίστεως
878 4432 893 4448 ο
931 4415 1093 4487 μόνον
1133 4414 1190 4467 δὲ
1227 4410 1668 4480 συγκοινωνῆσαι
1701 4407 1816 4466 τοῖς
1881 4401 2040 4472 αἱρε-

452 4514 647 4577 τικοῖς,
681 4510 771 4562 (va.
811 4509 908 4579 μὴ,
950 4506 1132 4561 αὐτῶν
1170 4503 1574 4575 ἐκδιωχθέντων
1600 4499 1709 4554 τῶν
1734 4493 2043 4565 ἐκκλησιῶν

452 4601 892 4674 ’έτεροιάσεϐεῖς
932 4595 1357 4666 ἀντεισαχθῶσι,
1412 4594 1510 4647 καὶ
1531 4587 1889 4660 διαφθείρωσι
1939 4583 2042 4648 τὰς

453 4694 752 4765 ἐκκλησίας
803 4693 924 4764 ἤτοι
971 4691 1065 4745 τδν
1096 4687 1387 4761 ὀρθόδοξον
1415 4685 1575 4740 λαόν.
1621 4683 1733 4736 Καὶ
1759 4679 1850 4734 διὰ
1880 4677 2042 4731 τοῦτο
2077 4725 2121 4780 D

454 4786 782 4857 ῂρετίσαντο
824 4781 1153 4852 συνδραμεῖν
1196 4780 1262 4849 τῇ
1303 4776 1417 4849 βίᾳ,
1454 4773 1731 4846 βαστάσαι
1764 4769 1827 4822 τὸ
1878 4768 2045 4839 βάρος

457 4877 549 4932 τοῦ
572 4875 879 4945 ἐπιτιμίου,
901 4873 991 4928 διὰ
1009 4874 1073 4928 τὸ
1099 4872 1250 4940 δόξαι
1277 4868 1582 4937 ὑποκύψαι,
1615 4862 1711 4920 καὶ
1739 4864 1815 4933 μὴ
1841 4861 2045 4933 μᾶλλον

2141 3487 2212 3543 ab
2246 3483 2523 3541 ha:reticis
2547 3481 2751 3536 illatam
2794 3478 3070 3540 cedentes,
3104 3459 3401 3528 transversi
3434 3468 3539 3524 acti
3576 3474 3726 3528 sunt,

2136 3589 2193 3635 et
2228 3577 2680 3641 succubuerunt),
2727 3569 2953 3640 placuit,
2991 3563 3189 3634 inquit,
3240 3571 3296 3617 et
3340 3559 3555 3616 veniam
3595 3558 3735 3627 ipsis

2140 3669 2390 3733 concedi,
2424 3668 2472 3723 si
2504 3663 2883 3737 paenitentiam
2919 3665 3109 3728 agant,
3142 3664 3197 3712 et
3246 3654 3427 3709 locum
3458 3659 3727 3722 praeterea

2138 3764 2271 3821 cleri
2303 3734 2598 3830 assignari.
2639 3755 2754 3811 Nec
2784 3764 3021 3816 tantum,
3049 3748 3195 3821 quod
3225 3747 3277 3802 vi
3324 3734 3505 3800 adacti
3557 3754 3733 3796 cesse~

2140 3864 2292 3920 runt,
2325 3852 2527 3921 inquit,
2564 3849 2695 3920 ipsis
2726 3844 3027 3915 ignoscitur
3070 3860 3085 3896 :
3142 3837 3239 3895 sed
3289 3836 3420 3908 quia
3467 3842 3733 3904 praeterea

2140 3918 2508 4000 defensionem
2563 3918 2899 4010 probabilem
2935 3932 3197 3994 aderunt,
3231 3943 3327 3998 per
3355 3940 3545 3997 quam,
3583 3918 3733 3992 quod

2143 4034 2421 4094 haereticis
2451 4031 2748 4095 cesserint,
2796 4024 3051 4098 prudenti
3107 4021 3164 4078 id
3215 4019 3452 4076 consilio
3492 4017 3562 4071 ab
3597 4010 3735 4085 ipsis

2144 4129 2354 4185 factum
2402 4139 2527 4182 esse
2573 4122 2819 4178 videtur.
2872 4116 3281 4174 Confirmarunt
3310 4111 3387 4166 illi
3436 4106 3734 4179 siquidem,

2144 4223 2251 4279 hoc
2279 4226 2389 4285 est,
2424 4228 2581 4276 certo
2612 4216 2775 4285 plane
2812 4212 3121 4283 probarunt
3152 4205 3381 4263 minime
3430 4218 3492 4260 se
3525 4201 3594 4256 ad
3627 4200 3737 4253 im-

2141 4316 2402 4389 pietatem
2429 4310 3122 4385 traductosgtequaquam
3152 4299 3411 4355 videlicet
3440 4291 3735 4351 haeretico-

2142 4387 2266 4464 rum
2298 4402 2649 4475 Opinionibus
2675 4399 3003 4461 adhaesisse,
3069 4395 3164 4452 sed
3220 4400 3427 4448 rectam
3485 4387 3741 4444 tenuisse

2110 4493 2308 4547 “fidem
2362 4505 2375 4541 :
2422 4480 2809 4545 tantummodo
2865 4495 3051 4540 autem
3104 4481 3548 4538 communicasse
3603 4489 3737 4531 cum

2144 4581 2447 4648 haereticis,
2498 4597 2566 4636 ue
2600 4580 2732 4635 dum
2785 4577 2856 4633 ab
2892 4574 3146 4635 ecclesiis
3186 4573 3288 4643 ipsi
3349 4569 3590 4638 depulsi,
3647 4566 3747 4621 alii

2147 4674 2373 4744 quidem
2418 4671 2571 4743 impii
2612 4671 3123 4733 introducerentur,
3177 4673 3233 4719 et
3288 4661 3581 4722 ecclesias,
3639 4660 3747 4713 hoc

2152 4775 2260 4833 est,
2306 4756 2591 4836 p0pulum'
2634 4761 3008 4817 orthodoxum
3067 4760 3510 4824 corrumperent.
3564 4752 3749 4819 Atque

2159 4861 2301 4915 hanc
2324 4861 2394 4914 ob
2423 4871 2646 4912 causam
2674 4853 2939 4909 maluisse
2971 4851 3024 4905 vi
3049 4848 3272 4914 cedere,
3301 4861 3366 4901 ac
3395 4845 3580 4899 multae
3600 4857 3749 4897 onus

459 4971 581 5033 τοὺς
620 4940 786 5033 λαούς
815 4966 1140 5022 ἀπολέσθαι.
1175 4964 1402 5029 Ἐδοξαν
1436 4960 1560 5026 οὖν,
1594 4958 1750 5030 φησὶ,
1801 4952 2033 5016 πιθανῶς

2159 4952 2373 5015 subire,
2401 4966 2468 5007 ex
2495 4965 2562 5007 eo
2593 4947 2740 5020 quod
2791 4943 3151 5002 succubuisse
3182 4940 3502 4996 viderentur
3523 4978 3538 5001 ,
3576 4952 3745 5008 quam

458 5061 633 5117 ταῦτα
648 5062 853 5131 λέγειν,
874 5060 1150 5133 χρώμενοι
1173 5058 1268 5113 καὶ
1286 5048 1787 5126 παραδείγματιτῷ
1801 5044 2042 5117 Ἀαρών.

469 5153 710 5218 Ἐκεῖνος
727 5154 858 5224 γὰρ,
880 5151 972 5206 τοῦ
993 5149 1238 5213 Μωσέως
1256 5147 1603 5220 χρονίσαντος
1619 5143 1678 5196 ὲν
1694 5140 1770 5210 τῷ
1786 5139 1926 5210 δρει,
1948 5137 2044 5191 καὶ

463 5245 558 5300 τοῦ
585 5246 718 5300 λαοῦ
746 5241 1140 5311 τῶνΈϐραίων
1166 5241 1324 5304 θεοζδς
1353 5237 1665 5307 ζητοῦντος,
1695 5231 2047 5300 ὲνδέδωκερτῇ

462 5337 556 5393 τοῦ
590 5337 722 5393 λαοῦ
749 5335 1089 5406 παραϐάσει,
1142 5333 1239 5387 καὶ
1281 5329 1542 5402 γενέσθαι
1567 5329 1752 5390 αὐτοῖς
1777 5322 2047 5394 παρεχώ-

465 5446 603 5501 ρησε
639 5427 915 5500 χωνευτὸν
955 5427 1176 5496 μόσχον.
1209 5424 1384 5478 Τοῦτο
1415 5422 1472 5476 δὲ
1517 5420 1802 5490 ἐποίησεν,
1843 5417 1932 5472 ἵνα
1971 5416 2048 5486 μὴ

461 5526 488 5576 ὀ
522 5522 679 5587 λαὸς,
717 5518 1070 5589 ὑποστρέψας
1114 5519 1194 5582 είς
1228 5515 1532 5584 Αἴγυπτον,
1570 5509 1836 5582 ὲπιμείνῃ
1870 5511 1939 5580 τῇ
1973 5507 2050 5560 εί-

462 5611 834 5682 δωλολατρείᾳ
887 5613 954 5681 τῇ
1007 5609 1385 5679 Δίγυπτιακῇ,
1425 5605 1790 5674 λογισάμενος
1848 5602 1955 5664 ὅτι,
1988 5601 2048 5652 ἐν

464 5707 532 5775 τῇ
571 5706 766 5777 ἐρήμῳ
804 5702 981 5767 ὄντες,
1039 5702 1367 5772 δυνήσονται
1417 5697 1726 5766 ἀποστῆναι
1762 5694 1862 5763 τῆς
1918 5695 2050 5747 ἀσε-

464 5800 617 5865 ϐείας
642 5815 655 5829 ·
684 5800 740 5852 ὲν
773 5796 829 5850 δὲ
856 5799 920 5866 τῇ
958 5795 1219 5865 Αἰγύπτῳ
1263 5793 1568 5865 γενόμενοι,
1610 5787 1817 5860 μᾶλλον
1850 5784 2049 5859 ἀσεόή-

2154 5045 2416 5117 populum
2451 5043 2712 5113 perdere.-
2749 5037 2877 5093 Haec
2916 5052 3069 5109 ergo,
3126 5034 3327 5105 inquit,
3386 5030 3749 5102 probabiliter

2154 5135 2305 5207 loqui
2337 5133 2442 5190 visi
2471 5142 2625 5199 sunt,
2655 5128 2970 5197 exemplum
3005 5132 3225 5197 quoque
3252 5124 3434 5179 Aaron
3459 5122 3749 5193 proferen»

2157 5240 2262 5285 tes.
2304 5228 2402 5283 llle
2449 5240 2714 5295 namque.
2779 5237 2904 5277 cum
2949 5220 3140 5275 Moses
3195 5217 3408 5274 diutius
3455 5216 3511 5270 in
3559 5224 3747 5268 monte

2154 5330 2533 5384 cunctaretur,
2567 5333 2632 5373 ac
2663 5316 3022 5371 Hebraeorum
3065 5310 3300 5383 populus
3339 5309 3473 5364 deos
3503 5307 3750 5376 require-

2159 5428 2269 5482 ret,
2331 5410 2754 5485 transgressioni
2821 5407 3013 5480 populi
3072 5404 3263 5467 cessit,
3307 5401 3639 5470 fusilemque
3680 5399 3753 5453 ah

2156 5508 2295 5579 ipsis
2328 5507 2565 5564 vitulum
2606 5502 2724 5559 fieri
2778 5499 3056 5571 permisit.
3095 5495 3150 5551 ld
3190 5504 3374 5550 autem
3413 5507 3482 5548 eo
3514 5489 3757 5547 consilio

2158 5602 2388 5657 fecitne
2436 5597 2672 5671 populus
2714 5594 2770 5649 in
2797 5592 3096 5664 Egyptum
3154 5602 3412 5644 retersus
3470 5584 3525 5638 in
3578 5580 3754 5652 Egyv

2159 5696 2340 5766 ptiaca
2369 5690 2683 5748 idololatria
2735 5687 3062 5758 persisterct
3098 5701 3112 5737 :
3144 5695 3332 5735 secum
3389 5678 3510 5743 ipse
3569 5690 3749 5742 repu—

2159 5784 2482 5856 tans,qnod
2537 5784 2590 5839 in
2643 5780 2865 5838 deserto
2913 5777 3200 5834 continere
3258 5786 3318 5829 se
3364 5769 3432 5827 ab
3470 5767 3607 5841 ἰηιρί
3641 5776 3757 5822 tate
