4076 6428
331 377 439 441 b79

1606 366 1888 428 THEOD.
1935 335 2331 432 BALSAMON

3486 379 3593 440 580

331 497 488 571 ἔσχον
521 497 621 573 τὴν
672 516 833 572 χαριν
872 498 969 554 τοῦ
1012 501 1169 572 ἁγίου
1214 503 1531 575 Πνεύματος
1556 508 1645 576 ἐφ’
1673 508 1912 573 ἑαυτοῖςο

2022 510 2266 580 Spiritus
2297 510 2508 565 sancti:
2533 508 2810 565 defecerat
2845 510 2992 564 enim
3021 492 3475 569 communicatio,
3506 505 3592 560 ln-

332 590 561 645 ἐπέλιπε
594 591 758 664 γὰρὴ
793 593 1081 663 μετάδοσις
1105 594 1181 666 τῷ
1215 595 1540 669 διακοπῆναι
1569 599 1668 670 τὴν
1696 599 1917 654 ἀκολου-

332 680 472 734 θίαν.
524 683 596 734 OL
630 682 727 753 μὲν
770 684 879 755 γὰρ
919 683 1123 756 πρῶτοι
1144 686 1600 757 ἀναχωρήσαντες
1633 688 1784 759 παρὰ
1811 689 1918 742 τῶν

333 773 587 843 πατέρων
625 772 783 845 ἔσχον
822 774 920 838 τὰς
964 777 1320 847 χειροτονίας,
1345 779 1439 831 καὶ
1465 778 1556 832 διὰ
1594 779 1692 851 τῆς
1731 779 1918 837 ἐπιθέ-

336 880 473 927 σεως
500 865 608 918 τῶν
635 866 834 938 χειρῶν
871 869 1051 922 αὐτῶν
1096 865 1240 940 εἶχον
1278 870 1339 923 τὸ
1377 871 1622 943 χάρισμα
1665 871 1727 926 τὸ
1760 889 1920 925 πνευ-

337 955 564 1022 ματικόν
585 972 599 987 ο
633 959 683 1010 oi
702 957 759 1010 δὲ
797 960 1225 1032 ἀπορραγέντες,
1253 961 1433 1015 λαῖκοὶ
1460 956 1761 1034 γενόμενοι,
1792 960 1920 1015 οὔτε

333 1044 426 1098 τοῦ
468 1044 769 1116 βαπτίζειν,
804 1048 926 1103 οὔτε
964 1053 1055 1104 τοῦ
1083 1057 1407 1125 χειροτονεῖν
1436 1051 1581 1125 εἶχον
1622 1054 1722 1126 τὴν
1771 1054 1920 1120 ἐξου-

334 1136 477 1203 σίαι,
528 1140 710 1193 οὐκέτι
737 1142 1024 1213 δυνάμενοι
1067 1145 1225 1215 χάριν
1264 1145 1582 1217 Πνεύματος
1626 1146 1781 1216 ἁγίου
1804 1147 1921 1199 ἐτέ-

339 1247 454 1299 ροις
511 1232 811 1302 παρέχειν,
856 1230 929 1305 ἦς
981 1237 1136 1288 αὐτοὶ
1197 1236 1608 1293 ὲκπεπτὼκασι.
1663 1239 1788 1302 Διὸ,
1844 1238 1918 1300 ὡς

335 1325 486 1396 παρὰ
515 1324 719 1380 λαῖκῶν
760 1326 1187 1400 βαπτιζομένους
1216 1330 1341 1393 τοὺς
1374 1334 1501 1401 παρ’
1536 1330 1739 1396 αὐτῶν,
1796 1332 1920 1385 ἐκέ-

333 1414 531 1471 λευσαν
597 1419 925 1490 ἐρχομένους
985 1421 1078 1473 ἐπὶ
1138 1422 1240 1493 τὴν
1290 1423 1618 1494 Ἐκκλησίαν
1660 1422 1739 1495 τῷ
1784 1422 1921 1493 ἀλη-

334 1507 466 1579 θινῷ
515 1508 852 1581 βαπτίσματι
906 1510 985 1582 τῷ
1023 1511 1125 1583 τῆς
1191 1513 1519 1585 Ἐκκλησίας
1560 1513 1923 1585 ἀνακαθαίρε-

335 1599 478 1657 σθαι.
506 1601 725 1673 Ἐπειδὴ
747 1603 803 1655 δὲ
825 1602 960 1666 ὅλως
985 1602 1131 1669 ἕδοξέ
1161 1621 1270 1656 τισι
1306 1604 1413 1657 τῶν
1438 1604 1580 1659 κατὰ
1607 1605 1705 1676 τὴν
1739 1605 1921 1659 Ἀσίαν

332 1693 649 1764 οἰκονομίας
699 1695 860 1749 ἕνεκα
908 1695 1015 1749 τῶν
1066 1696 1277 1750 πολλῶν
1307 1697 1560 1769 δεχθῆναι
1625 1698 1805 1753 αὐτῶν
1860 1698 1922 1752 τὸ

337 1783 644 1857 βάπτισμα,
687 1786 826 1840 ἔστω
856 1787 1062 1842 δεκτόν.
1081 1789 1153 1840 Τὸ
1175 1789 1231 1842 δὲ
1262 1789 1367 1843 τῶν
1410 1788 1779 1861 Ἐγκρατιτῶν
1807 1789 1916 1862 (12)

336 1877 703 1949 κακούργημα
728 1878 918 1947 νοῆσαι
946 1881 1092 1949 ἡμᾶς
1125 1880 1224 1943 δεῖ,
1259 1882 1364 1945 ὅτι,
1386 1881 1453 1934 ἵν’
1482 1882 1680 1946 αὐτοὺς
1710 1882 1918 1953 ἀπροσ-

332 1965 552 2030 δέκτους
586 1962 855 2038 ποιήσωσι
898 1971 965 2040 τῇ
996 1968 1312 2041 Ἐκκλησία,
1343 1970 1709 2042 ἐπεχείρησαν
1732 1970 1919 2025 λοιπὸν

339 2057 453 2128 ἰδίῳ
496 2059 1050 2129 προκαταλαμϐάνειν
1105 2059 1476 2131 βαπτίσματι·
1519 2060 1643 2114 ὅθεν
1683 2061 1778 2115 καλ¹
1818 2060 1917 2134 τὴν

335 2148 623 2243 συνηθειαν
650 2149 748 2215 τὴν
786 2150 993 2204 ἑαυτῶν
1021 2149 1426 2222 παρεχάραξαν.
1464 2150 1687 2221 Νομίζω
1716 2150 1914 2217 τοίνυν,

332 2240 435 2304 ὅτι,
460 2240 653 2313 Ἐπειδὴ
684 2242 836 2295 οὐδέν
882 2245 998 2299 ἐστι
1055 2243 1183 2313 περὶ
1222 2243 1404 2295 αὐτῶν
1442 2244 1694 2315 φανερῶς
1738 2243 1919 2315 διηγο-

337 2350 429 2402 ρευ
438 2333 618 2403 μένον,
640 2337 671 2405 ὴ
682 2337 788 2404 μᾶς
803 2335 1081 2406 προσῆκεν
1098 2335 1309 2389 ἀθετεῖν
1337 2334 1516 2388 αὐτῶν
1537 2337 1595 2388 τὺ
1613 2334 1914 2407 βάπτισμα’

332 2424 436 2478 κᾶν
467 2442 550 2488 τις
673 2426 801 2496 παρ’
852 2426 1033 2479 αὐτῶν
1072 2424 1332 2496 εἰληφὼς,
1360 2425 1658 2497 προσιόντα
1686 2429 1752 2497 τῇ
1791 2426 1911 2480 Ἐκ-

333 2516 531 2585 κλησίᾳ
559 2514 860 2585 βαπτίζειν.
890 2515 907 2582 (
936 2515 1061 2569 Ἐὰν
1096 2515 1280 2587 μέντοι
1309 2515 1492 2586 μέλλοι
1526 2514 1634 2588 (13)
1678 2517 1744 2585 τῇ
1783 2513 1919 2568 καθ-

332 2604 455 2657 όλου
481 2604 765 2676 οἰκονομίᾳ
794 2604 1049 2675 ἐμπόδιον
1079 2604 1298 2658 ἔσεσθαι
1323 2603 1501 2667 τοῦτο,
1527 2602 1685 2657 πάλιν
1710 2603 1787 2674 τῷ
1807 2601 1916 2657 ἔθει

332 2696 617 2766 χρηστέον,
677 2697 773 2750 καὶ
823 2699 937 2760 τοῖς
966 2697 1355 2768 οίκονομὴσασι
1383 2693 1450 2749 τὰ
1484 2693 1605 2750 καθ’
1627 2696 1659 2767 ή
1670 2697 1777 2766 μᾶς
1804 2695 1916 2755 Πα-

322 2787 525 2856 ⁷στροὶσιν
579 2787 994 2860 ἀκολουθητέον.
1055 2785 1378 2861 ’Υφορῶμαι
1426 2786 1536 2859 γὰρ
1585 2790 1812 2859 μήποτε,
1841 2787 1917 2851 ὡς

323 2875 634 2948 ’βουλόμεθα
659 2878 929 2952 ὀκνηροὺς
963 2880 1160 2944 αὐτοὺς
1188 2881 1317 2952 περὶ
1351 2879 1414 2933 τὸ
1450 2878 1733 2950 βαπτίζειν
1757 2881 1933 2952 ποιῆ-’

334 2985 446 3032 σαι,
480 2968 862 3041 ὲμποδίσωμεν
909 2974 1023 3034 τοῖς
1062 2970 1393 3042 σωζομένοις
1428 2970 1518 3025 διὰ
1557 2972 1617 3024 τὸ
1650 2971 1751 3040 τῆς
1784 2989 1917 3044 προσ

321 3056 538 3120 τάσεως
576 3059 891 3132 αὐστηρόν.)
928 3060 993 3114 Ei
1024 3060 1082 3112 δὲ
1119 3062 1317 3113 ὲκεῖνοι
1345 3060 1677 3130 φυλάσσουσι
1697 3058 1757 3112 τὸ
1780 3059 1918 3131 ὴμέ-

338 3164 486 3218 τερον
512 3147 816 3220 βάπτισμα,
847 3149 1007 3203 τοῦτο
1038 3150 1186 3221 ἡμᾶς
1222 3149 1297 3221 μὴ
1327 3149 1663 3204 δυσωπείτω.
1699 3150 1774 3203 Οὐ
1809 3150 1917 3223 γὰρ

331 3239 649 3294 ἀντιδιδόναι
705 3242 891 3304 αὐτοῖς
957 3240 1249 3295 ὑπεύθυνοι
1305 3241 1467 3312 χάριν
1515 3241 1718 3312 ἐσμὲν,
1773 3241 1911 3297 ἀλλὰ

330 3329 602 3403 δουλεύειν
651 3331 911 3404 ἀκριϐείᾳ
942 3332 1211 3411 κανόνων.
1252 3334 1422 3387 Παντὶ
1472 3334 1527 3387 δὲ
1570 3333 1713 3406 λόγῳ
1737 3351 1918 3389 τυπω-

332 3420 500 3495 θήτω,
530 3425 659 3488 τοὺς
696 3423 806 3478 ἀπὸ
839 3413 935 3478 τοῦ
972 3425 1282 3498 βαπτισμοῦ
1335 3426 1558 3480 ἐκείνων
1599 3426 1710 3498 (14)
1750 3444 1918 3498 προσ-

331 3514 658 3585 ερχομένους
713 3514 963 3587 χρίεσθαι
1025 3517 1119 3569 ἐπὶ
1187 3517 1297 3570 τῶν
1371 3516 1580 3571 πιστῶν
1640 3516 1916 3587 δηλονότι,

330 3606 425 3659 καὶ
471 3603 615 3659 οὕτω
660 3605 945 3690 προσιέναι
993 3610 1107 3672 τοῖς
1156 3607 1498 3680 μυστηρίοις.
1549 3605 1678 3663 Οἶδα
1726 3611 1805 3675 δὲ,
1836 3612 1918 3663 ὅτι

330 3701 458 3765 τοὺς
511 3699 773 3768 ἀδελφοὺς
806 3701 933 3765 τοὺς
978 3701 1106 3773 περ).
1149 3701 1304 3767 ’[ζοῖν
1340 3701 1474 3774 (15),
1511 3704 1608 3757 καὶ
1655 3703 1914 3775 Σατορνῖ-

333 3809 443 3857 νον,
481 3793 580 3847 dar
631 3792 849 3864 ἐκείνης
893 3793 1053 3858 ὄντας
1078 3794 1177 3865 τῆς
1203 3794 1435 3862 τάξεως,
1469 3795 1915 3867 προσεδεξάμεοα

306 3888 412 3949 κείς
466 3884 564 3956 τὴν
616 3884 892 3958 καθέδραν
937 3885 1049 3941 τῶν
1084 3888 1420 3942 ἐπισκόπων.
1469 3887 1633 3942 ’Ὥστε
1675 3888 1803 3951 τοὺς
1836 3886 1917 3959 τῷ
1956 3928 1959 3933 ς

407 4083 522 4153 (l2)
561 4081 684 4137 Τῶν
726 4083 1144 4154 Ἐγκρατιτῶν.
1182 4083 1297 4139 Hoc
1340 4084 1743 4141 Encratitarum
1784 4084 1920 4141 faci-

332 4168 466 4207 nore
495 4168 604 4218 non
647 4166 910 4224 corrupta
945 4156 1256 4211 essentialis
1289 4157 1548 4224 baptismi
1574 4157 1775 4221 forma,
1820 4157 1915 4211 sed

314 4238 486 4277 morae
513 4224 758 4292 quaadam
781 4226 1007 4293 adjectae
1035 4225 1394 4293 caeremoniae.
1423 4224 1559 4278 Nam
1600 4228 1653 4279 in
1702 4239 1915 4281 canone

320 4293 401 4345 -47
433 4295 513 4347 sic
536 4308 632 4349 eos
663 4292 947 4361 loquentes
983 4294 1215 4358 inducit,
1253 4292 1321 4346 In
1354 4294 1575 4348 Patrem
1614 4306 1665 4349 et
1710 4292 1912 4350 Filium

318 4374 382 4416 ιιι
411 4361 670 4434 Spiritum
708 4363 967 4432 baptismi
1004 4379 1223 4434 sumus.
1254 4363 1394 4417 Hinc
1420 4380 1612 4421 eorum
1642 4367 1909 4434 baptisma

322 4442 515 4487 .ratum
545 4432 729 4493 habet.
758 4434 806 4487 si
852 4448 960 4503 qua
998 4433 1255 4505 inciderit
1279 4436 1460 4505 magni
1498 4432 1756 4490 momenti
1785 4451 1911 4491 cau-

2022 610 2268 672 terrupta
2310 602 2747 656 continuatione.
2798 598 2902 666 Qui
2953 599 3098 654 enim
3146 597 3306 667 primi
3347 608 3595 652 recesse-

2020 699 2168 755 rant,
2219 690 2626 747 ordinationem
2674 706 2705 744 a
2760 690 3007 760 patribus
3053 688 3346 750 habebant,
3401 695 3458 741 et
3500 704 3593 758 per

2020 798 2282 836 manuum
2340 798 2528 836 eorum
2602 779 3004 850 impositionem
3057 779 3330 833 habebant
3389 778 3591 833 donum

2019 874 2342 943 Spirituale;
2380 873 2479 944 qui
2537 882 2716 927 autem
2765 872 2963 929 resecti
3017 878 3167 935 sunt,
3220 871 3345 925 laici
3393 870 3592 933 eii‘ecti.

2020 982 2121 1020 nec
2164 964 2501 1035 baptizandi,
2555 980 2656 1019 nec
2698 963 2993 1019 ordinandi
3039 963 3310 1017 habebant
3352 969 3593 1031 potesta-

2021 1066 2153 1120 tem,
2196 1067 2256 1111 ut
2298 1057 2389 1127 qui
2432 1072 2541 1111 non
2576 1066 2817 1125 'possent
2847 1055 3084 1125 amplius
3128 1053 3368 1122 Spiritus
3418 1053 3595 1108 sancti

2020 1149 2252 1219 gratiam
2277 1149 2400 1203 aliis
2429 1149 2694 1219 praebere,
2719 1162 2749 1200 a
2775 1161 2882 1216 qua
2911 1146 3019 1216 ipsi
3049 1144 3391 1200 exciderant.
3413 1143 3595 1209 Quare

2022 1256 2138 1306 eos,
2171 1240 2265 1311 qui
2305 1240 2371 1294 ab
2401 1240 2643 1310 ipsorum
2680 1239 2931 1309 partibus
2981 1237 3221 1301 stabant,
3266 1244 3530 1315 tanquam
3567 1249 3595 1287 a

2022 1333 2179 1388 laicis
2229 1332 2557 1400 baptizatos,
2601 1330 2891 1399 jusserunt
2934 1343 3066 1384 vero
3115 1325 3373 1382 Ecclesiae
3416 1326 3598 1396 bapti-

2023 1430 2198 1478 smate
2231 1422 2299 1477 ad
2331 1421 2636 1476 Ecclesiam
2664 1421 2946 1474 venientes
2975 1417 3290 1488 expurgari.
3322 1414 3428 1470 Sed
3462 1429 3597 1486 quo-

2023 1513 2168 1568 niam
2198 1511 2478 1566 nonnullis
2521 1509 2781 1565 Asiaticis
2816 1507 3042 1563 omnino
3071 1507 3250 1560 visum
3283 1517 3370 1561 est
3405 1519 3596 1559 eorum

2024 1602 2318 1673 baptisma,
2365 1600 2616 1671 pluribus
2667 1596 2993 1653 consulendi
3042 1609 3232 1656 causa,
3273 1592 3594 1674 ‘suscipien-

2024 1693 2154 1747 dum
2202 1708 2347 1758 esse,
2400 1691 2762 1762 suscipiatur.
2796 1689 3203 1743 Encratitarum
3243 1692 3426 1739 autem
3465 1683 3599 1737 iaci.

2025 1798 2130 1838 nus
2165 1787 2379 1851 oportet
2424 1796 2524 1836 nos
2556 1780 2882 1849 intelligere.
2919 1776 3217 1839 Nimirum,
3251 1782 3312 1828 ut
3358 1774 3597 1828 reditum

2025 1876 2130 1932 sibi
2155 1877 2211 1930 in
2242 1874 2545 1930 Ecelesiam
2586 1872 2979 1937 intercludant,
3007 1870 3251 1942 aggressi
3282 1879 3414 1925 sunt
3438 1868 3597 1924 dein-

2024 1982 2155 2037 ceps
2200 1966 2421 2036 proprio
2476 1966 2808 2037 baptismate
2856 1976 3248 2034 praeoccupare
3293 1978 3308 2016 :
3357 1958 3503 2016 unde
3546 1970 3598 2015 ct

2025 2073 2180 2114 suam
2214 2058 2459 2128 ipsorum
2501 2054 2960 2112 consuetudinem
2986 2053 3289 2109 violarunt.
3327 2050 3598 2106 Existimo

2024 2148 2230 2218 itaque.
2276 2148 2557 2217 quoniam.
2582 2147 2721 2200 nihil
2768 2146 2841 2201 de
2872 2144 2982 2199 illis
3012 2152 3204 2214 aperte
3248 2142 3467 2199 dictum’
3492 2146 3597 2206 est.

2025 2254 2218 2294 eorum
2258 2238 2527 2308 baptisma
2572 2251 2602 2292 a
2648 2237 2808 2293 nobis
2857 2235 3218 2302 rejiciendum
3256 2250 3415 2302 esse;
3449 2248 3513 2289 ac
3551 2236 3599 2289 si

2024 2331 2149 2401 quis
2185 2329 2254 2384 ab
2297 2329 2378 2385 eis
2425 2331 2735 2400 acceperit,
2784 2328 3135 2384 accedentem
3182 2328 3250 2382 ad
3297 2325 3601 2384 Ecclesiam

2022 2421 2433 2491 baptizandum.
2492 2420 2674 2493 (Quod
2725 2422 2772 2478 si
2831 2421 2938 2476 hoc
2987 2419 3230 2491 generali
3279 2419 3602 2474 mconomiat

2027 2513 2413 2583 impedimento
2457 2514 2587 2577 erit,
2640 2528 2837 2568 rursus
2888 2511 3291 2567 consuetudine
3331 2510 3598 2565 utendum

2024 2615 2129 2670 est,
2164 2615 2217 2660 et
2245 2604 2400 2676 sequi
2440 2612 2661 2676 oportet
2691 2603 2909 2669 Patres,
2943 2603 3037 2675 qui
3077 2618 3201 2674 quae
3234 2603 3301 2659 ad
3335 2617 3438 2658 nos
3473 2614 3601 2673 per-

2024 2696 2223 2759 tinent,
2265 2696 2744 2767 dispensaverunt.
2773 2693 2978 2750 Vereor
3004 2695 3171 2759 enim,
3202 2708 3292 2760 ne,
3328 2693 3459 2749 dum
3498 2705 3596 2748 eos

2024 2787 2277 2842 volumus
2323 2787 2390 2842 ad
2441 2786 2825 2857 baptizandum
2862 2785 3051 2841 tardos
3101 2785 3321 2849 facere,
3366 2783 3598 2856 impedi-

2023 2887 2209 2934 mento
2242 2888 2463 2949 propter
2492 2879 2783 2946 sententia;
2811 2877 3162 2934 severitatem
3199 2877 3375 2932 simus
3407 2877 3477 2932 iis
3500 2878 3596 2947 qui

2024 2970 2355 3041 salvantur.)
2394 2969 2551 3036 Quod
2600 2970 2645 3026 si
2689 2968 2769 3024 illi
2817 2975 3072 3024 nostrum
3109 2968 3443 3038 baptismum
3487 2983 3599 3025 ser.

2021 3068 2173 3123 vant,
2217 3062 2319 3115 hoc
2366 3076 2468 3116 nos
2494 3074 2607 3115 non
2651 3067 2889 3115 moveat.
2922 3058 3111 3131 Neque
3146 3061 3295 3116 enim
3335 3060 3599 3117 debemus

2023 3166 2125 3222 par
2162 3152 2282 3222 pari
2332 3149 2558 3216 referre,
2608 3151 2706 3208 sed
2755 3160 3032 3207 accuratae
3086 3166 3363 3207 canonum
3411 3152 3599 3208 obser-

2022 3242 2228 3298 vationi
2264 3244 2496 3299 servire.
2526 3243 2689 3300 Omni
2730 3254 2915 3301 autem
2963 3245 3178 3301 ratione
3211 3252 3510 3310 statuatur,
3541 3254 3597 3300 ut

2023 3335 2060 3389 ii
2090 3335 2185 3406 qui
2220 3334 2290 3389 ab
2320 3335 2542 3389 illorum
2580 3335 2859 3406 baptismo
2902 3336 3154 3401 veniunt,
3197 3343 3477 3406 uagantur
3510 3350 3597 3390 co-

2021 3441 2139 3482 ram
2172 3426 2425 3483 ﬁdelibus
2454 3426 2727 3493 videlicet,
2761 3435 2814 3482 et
2858 3427 2933 3482 ita
2971 3426 3192 3482 demum
3239 3426 3309 3481 ad
3338 3425 3596 3497 mysteria

2023 3518 2307 3574 accedant.
2347 3516 2473 3573 Scio
2516 3527 2722 3585 autem,
2761 3516 2984 3587 fratres,
3014 3517 3284 3585 lzoinnm,
3320 3527 3376 3573 et
3402 3518 3597 3572 Satur-

2023 3612 2242 3675 ninum,
2286 3612 2381 3681 qui
2411 3619 2570 3667 erant
2600 3626 2667 3665 ex
2706 3610 2926 3665 illorum
2956 3610 3173 3676 ordine,
3204 3610 3262 3664 in
3309 3609 3596 3681 episcopo-

2021 3719 2145 3760 rum
2189 3703 2505 3760 cathedram
2537 3716 2568 3757 a
2598 3702 2761 3758 nobis
2793 3717 2920 3758 esse
2949 3709 3261 3773 susceptos.
3295 3699 3478 3767 Quare
3505 3714 3597 3756 eos

2023 3798 2117 3867 qui
2155 3797 2375 3852 illorum
2412 3795 2597 3851 ordini
2645 3794 2932 3865 conjuncti
2974 3803 3127 3858 sunt,
3160 3808 3273 3848 non
3306 3807 3596 3864 possumus

2024 3888 2261 3958 amplius
2309 3889 2380 3943 ab
2424 3886 2671 3944 Ecclesia
2711 3900 3009 3958 separare:
3056 3884 3149 3956 qui
3197 3883 3411 3942 scilicet
3449 3897 3594 3939 com-

2020 4087 2110 4157 do.
2136 4087 2442 4157 Sperabam
2468 4101 2600 4157 ergo
2635 4085 2903 4142 Catholici
2932 4083 3204 4157 tardiores
3220 4083 3299 4157 _ad
3316 4082 3598 4157 ejusmodi

2020 4153 2292 4228 baptisma
2338 4153 2651 4212 Encratitas
2698 4157 2933 4228 futuros,
2955 4156 3013 4228 si
3042 4155 3178 4228 illud
3207 4153 3476 4228 Catholici
3510 4169 3598 4228 ra-

2018 4223 2133 4280 tum
2170 4228 2373 4283 habere
2422 4229 2666 4294 nollent;
2700 4226 2902 4283 nedum
2951 4226 3054 4296 ipsi
3097 4224 3391 4296 Encratitae
3426 4223 3598 4293 bapti-

2016 4300 2212 4352 smatis
2243 4297 2694 4353 immutationem
2743 4312 2810 4351 eo
2869 4294 3102 4352 consilio
3146 4294 3484 4357 induxerint,
3541 4303 3598 4348 ut

2015 4367 2287 4438 ejusmodi
2319 4368 2591 4438 baptisma
2634 4383 2665 4423 a
2693 4364 3364 4438 Catholicisrejiceretur.
3393 4364 3599 4438 Quam-

2011 4437 2200 4491 obrem
2255 4438 2371 4491 haec
2390 4433 2587 4501 'verba,
2619 4448 2677 4491 ut
2705 4438 2933 4492 reditum
2965 4433 3159 4490 sibi—in
3199 4433 3488 4489 Ecclesium
3514 4434 3597 4486 in-

336 4504 600 4577 sa.__Qnod
640 4512 831 4577 autem
863 4507 940 4577 a_it
978 4508 1096 4577 hoc
1156 4502 1394 4577 facinus:
1415 4520 1513 4577 eos
1556 4506 1817 4575 incipere,
1849 4519 1907 4560 ut
1941 4502 1986 4555 Ι)
2016 4507 2337 4570 tercludant,
2370 4522 2481 4562 non
2513 4508 2809 4564 consilium
2841 4514 2897 4562 et
2931 4505 3271 4577 propositum
3295 4504 3598 4559 Encratita-

322 4573 568 4626 .redt'tum
604 4574 706 4627 sibi
764 4574 821 4625 in
860 4571 1157 4627 Ecclesium
1204 4571 1821 4640 intercludant,videtur
1861 4576 1916 4632 id

250 4662 255 4665 ·
334 4644 511 4715 prima
534 4644 754 4715 Aspecie
814 4643 867 4715 in
920 4657 1040 4715 eam
1107 4645 1433 4699 sententiam
1490 4645 1910 4715 accipiendum,

332 4713 493 4782 quasi
530 4713 821 4768 Encratitae
851 4713 1118 4782 baptisma
1166 4727 1325 4768 suum
1354 4730 1418 4770 ea
1477 4713 1660 4771 mente
1712 4717 1912 4771 imum-

334 4792 568 4850 tassent,
607 4792 664 4836 ut
692 4783 1010 4854 Catholicos
1038 4784 1103 4837 ad
1136 4784 1269 4840 illud
1312 4786 1668 4854 rejiciendum
1716 4787 1911 4842 incita-

324 4861 481 4935 ιςειιι,
511 4854 700 4935 sicque
734 4854 918 4935 plures
1081 4861 1229 4935 secta
1278 4853 1584 4935 contineret
1617 4857 1809 4935 odium
1856 4865 1912 4912 et

327 4922 468 4992 afuga
499 4922 625 4977 novi
680 4922 1046 4992 baptismatis.
1094 4924 1440 4980 Abitorrebat
1488 4929 1636 4980 enim
1685 4928 1756 4982 ab
1801 4942 1914 4981 om-

331 4994 486 5047 .nium
512 4992 712 5065 animis
736 4995 976 5065 literatus
1014 4994 1342 5065 baptismus,
1366 5004 1425 5048 ut
1448 4997 1699 5064 pluribus
1726 5012 1913 5052 exem-

332 5065 442 5135 plis
471 5064 665 5132 probat
718 5064 1208 5133 Augustinus,’lib.
1259 5083 1291 5119 ν
1319 5066 1397 5120 De
1430 5066 1710 5135 baptismo,
1763 5083 1819 5121 ιι.
1855 5068 1908 5125 '3.

389 5133 569 5207 idetur
624 5146 753 5207 ergo
794 5134 971 5202 prima
1033 5135 1219 5207 specie
1261 5133 1582 5202 Encratitls,
1620 5152 1705 5202 ea,
1746 5153 1911 5207 quam

327 5205 474 5267 .dixi,
507 5206 787 5275 exstitisse
820 5217 1010 5275 causa,
1036 5220 1137 5259 cur
1168 5206 1497 5275 baptismum
1535 5205 1908 5262 immutarem.

331 5275 628 5345 Atque__ita
674 5274 818 5345 hunc
846 5274 1037 5345 locum
1063 5274 1456 5345 interpretatur
1504 5275 1909 5345 Tillemontius,

340 5342 467 5398 toni.
489 5342 581 5408 IV,
610 5359 674 5418 p._
700 5343 826 5418 62}.
860 5343 951 5418 Sic
971 5342 1320 5418 etiam-illius
1354 5348 1603 5418 exemplo
1645 5342 1912 5418 interpreL

339 5424 487 5469 tatus
517 5412 639 5469 sum
663 5414 715 5467 in
743 5412 910 5485 Praef.
945 5428 1097 5485 novae
1124 5416 1381 5484 Cypriani
1424 5412 1649 5485 operum
1674 5412 1912 5473 editioni

333 5485 622 5553 «pr-dimissa
673 5499 797 5553 cap.
823 5483 880 5549 4,
917 5498 973 5555 ρ.
1011 5484 1099 5538 12.
1144 5483 1251 5541 Sed
1289 5487 1417 5540 huic
1462 5483 1907 5555 interpretationi

340 5571 447 5609 non
482 5555 906 5623 t-onvenitgcum
954 5554 1040 5608 his
1086 5571 1210 5623 qua:
1249 5555 1401 5611 addit
1439 5554 1691 5612 Basilius.
1724 5557 1910 5613 Vereri

335 5627 482 5678 enim
508 5640 566 5679 se
598 5621 871 5695 signiﬁcat
891 5638 960 5678 ne
998 5621 1286 5686 Catholici.
1314 5629 1443 5681 dunt
1490 5626 1801 5684 Encratitas
1841 5631 1911 5683 ab

337 5694 441 5748 bac
464 5694 717 5764 baptismi
745 5694 1125 5749 immutatione
1153 5696 1429 5751 deterrere
1450 5700 1659 5759 volunt,
1678 5699 1907 5752 nimium

336 5765 576 5820 restricti
608 5764 716 5819 sint
746 5773 799 5821 et
830 5767 1007 5819 severi
1037 5768 1091 5819 in
1129 5781 1315 5820 eorum
1347 5767 1619 5837 baptismo
1657 5770 1909 5835 rejicien-

2018 4592 2138 4648 rum
2165 4577 2455 4648 designant
2479 4618 2492 4641 ,
2530 4579 2627 4633 sed
2679 4575 3085 4648 incommOdum
3111 4576 3256 4648 quod
3292 4591 3360 4629 ex
3396 4588 3594 4648 eorum

2020 4646 2266 4702 facinore
2291 4644 2792 4718 consequebatur;
2831 4647 2981 4701 velut
3020 4646 3342 4718 sigdicamus
3361 4644 3593 4718 aliquem

2017 4717 2199 4772 scelus
2256 4715 2579 4775 admittere.
2626 4726 2973 4774 ut'aeternam
3020 4715 3128 4770 sibi
3180 4715 3596 4770 damnationem

2014 4796 2484 4997 θθῖῗξῗθὶέλλοι.
2516 4858 2609 4912 Sic
2635 4858 2883 4929 plerique
2919 4872 3057 4914 mss.
3088 4855 3231 4912 Editi
3266 4853 3456 4925 μέλλῃ.

2117 4931 2176 4983 14
2248 4928 2380 4981 Ἀπὸ
2411 4927 2521 4982 τοῦ
2539 4926 2893 4997 ,βαπτισμοῦ
2918 4927 3185 4981 ἐκείνων.
3217 4927 3308 4979 Sic
3337 4939 3456 4979 eute

2117 4921 2201 4997 14)
2248 4928 2380 5008 Ἆπρ
2411 4927 2521 4982 τοῦ
2539 4921 3185 5008 βαᾶιτισιὶοῦρκείνων.
3217 4921 3308 4979 Sic
3337 4921 3594 5008 cule/1.93:

2013 4993 2194 5055 Vinius
2219 5013 2322 5067 ope
2340 4998 2574 5053 duorum
2608 4993 2859 5080 codicum
2892 4997 3212 5078 Regiorum,
3239 5009 3433 5077 nempe
3450 4993 3590 5075 2503

2013 5079 2067 5146 et
2089 5067 2252 5146 2508,
2285 5069 2435 5146 quinti
2475 5069 2757 5146 legebatur
2789 5084 2844 5146 ιιι
2876 5066 3173 5146 ,εὼειελὲπὶ
3200 5083 3279 5136 τῳ
3304 5064 3590 5146 βαπτισμῳ

2013 5079 2067 5124 et
2089 5079 2252 5131 2508,
2288 5079 2435 5135 quod
2476 5079 2757 5137 legebatur
2789 5084 2844 5123 tn
2884 5079 3050 5123 editis
3080 5079 3173 5119 επι
3200 5083 3279 5136 τῳ
3304 5079 3586 5146 βαπτισμῳ

2014 5140 2229 5209 ἐκείνῳ.
2277 5137 2513 5204 Quidam
2555 5139 2774 5193 codices
2806 5138 2900 5190 ἐπὶ
2929 5137 3011 5207 τῷ
3049 5135 3345 5209 βαπτισμῳ
3376 5134 3586 5209 ἐκείνω.

2013 5210 2122 5263 Alii
2147 5201 2272 5263 cum
2302 5201 2468 5263 editis
2504 5209 2879 5278 consentiunt,
2909 5201 3025 5278 nisi
3040 5201 3187 5278 quod
3221 5201 3423 5259 habent
3452 5201 3591 5256 ὲκεί-

2014 5296 2141 5361 νων.
2175 5278 2376 5334 Ibidem
2411 5278 2546 5334 editi
2576 5278 2682 5332 ὑπὸ
2718 5276 2826 5332 τῶν
2863 5277 3091 5332 πιστῶν.
3131 5276 3337 5330 Omnes
3360 5288 3500 5328 mss.
3533 5278 3589 5327 ut

2015 5356 2429 5489 m(tf;)m,:lfotr.
2464 5418 2600 5473 Cum
2632 5433 2828 5489 magna
2852 5420 2924 5474 sit
2960 5417 3063 5473 hac
3091 5418 3146 5471 in
3174 5430 3309 5489 voce
3341 5413 3594 5489 codicum

2012 5486 2146 5543 mss.
2181 5486 2635 5566 iarictas,_sequi
2663 5486 2955 5566 maluimus
2979 5486 3344 5566 _tr_e_s_codices
3377 5486 3594 5566 oplimo.

2004 5569 2175 5620 notae,
2205 5575 2399 5629 nempe
2428 5557 2568 5614 duos
2598 5558 2800 5628 Regios
2822 5568 2875 5613 et
2895 5557 3302 5629 Coislinianutn
3317 5557 3590 5629 primum.

2015 5630 2108 5683 llis
2144 5624 2549 5698 favent'plures
2576 5624 2752 5683 aliiin
2786 5630 2985 5698 quibus
3008 5628 3224 5697 legitur,
3265 5624 3479 5698 Ἰζώην,
3504 5628 3591 5677 vel

2022 5698 2244 5771 Ἷςωίον.
2284 5690 2380 5771 κνοί
2432 5699 2623 5771 Ἰζόην.
2671 5690 3017 5754 Διιὲἶιιώειιι
3048 5690 3238 5753 ῖωτον.
3267 5690 3435 5750 Pauci
3468 5706 3591 5747 cum

1999 5769 2172 5824 editis
2200 5769 2347 5822 Ζοῒν.
