4076 6404
477 377 575 442 581

1404 367 1484 429 ΙΝ
1526 364 1764 426 EPIST.
1809 363 1871 421 S.
1917 353 2201 417 BASlLll
2236 349 2676 410 CANUNICAM
2717 351 2765 410 ῐ.

3649 340 3776 403 ξεῖ

476 494 720 562 τάγματι
779 487 1008 541 ἐκείνων
1087 481 1472 552 συνημμένους
1534 477 1720 532 οὐκέτι
1783 469 2065 540 δυνάμεθα

2196 461 2451 516 uuuionis
2493 476 2617 515 cum
2653 461 2783 531 ipsis
2830 459 2986 532 quasi
3016 473 3279 515 canonem
3305 457 3782 528 quemdam,epj‘--

481 591 780 664 διακρίνειν
830 587 938 642 ἀπὸ
978 589 1078 656 τῆς
1137 583 1482 654 Ἑκκλησίας,
1529 575 1642 632 οἷον
1683 575 1886 629 κανόνα
1947 574 2069 623 τινα

481 695 582 763 τῆς
606 693 742 762 πρὸς
781 693 982 755 αὐτοὺς
1015 687 1303 750 κοινωνίας
1345 684 1638 754 ὲκθέμενοι
1689 679 1777 734 διὰ
1810 673 1912 748 τῆς
1961 677 2070 729 τῶν

482 797 808 850 ἐπισκόπων
830 793 1179 865 παραδοχῆς.

557 905 756 958 ΒΑΛΣ.
797 904 953 959 Μετὰ
1003 903 1065 956 τὸ
1112 897 1582 971 προοιμιάσασθαι
1627 895 1719 948 τὸν
1768 893 1942 960 ἅγιον,
1976 893 2073 945 καὶ

485 997 678 1051 ἑαυτὸν
713 998 812 1065 μὲν
847 997 927 1057 είς
975 993 1212 1062 ἐσχάτην
1241 991 1570 1044 ταπείνωσιν
1608 989 1859 1055 ἀγαγεῖν,
1895 984 1988 1036 τὸν
2015 980 2074 1035 δὲ

485 1094 582 1152 τὰς
615 1093 910 1161 ἐρωτήσεις
939 1085 1280 1156 πεποιηκότα
1312 1083 1467 1151 ἅγιον
1507 1080 1856 1150 Ἀμφιλόχιον
1898 1078 2072 1144 ὑπερ-

485 1182 856 1252 εγκωμιὰσαι,
913 1177 1261 1244 ἀπολογεῖται
1313 1175 1443 1245 περὶ
1511 1166 1588 1226 ὧν
1645 1169 1929 1242 ἠρωτήθη,
1976 1165 2074 1221 καί

487 1291 652 1342 φησιν
679 1273 759 1324 ὅτι
801 1272 935 1341 Περὶ
964 1271 1058 1323 τοῦ
1090 1271 1138 1322 εί
1167 1259 1273 1338 χρὴ
1310 1263 1670 1337 βαπτίζεσθαι
1703 1263 1831 1325 τοὺς
1883 1262 2069 1314 Ναυα-

487 1364 723 1425 τιανοὺς,
765 1360 892 1424 τοὺς
925 1361 1028 1413 καὶ.
1060 1357 1351 1428 Καθαροὺς
1393 1355 1624 1416 ἑαυτοὺς
1664 1350 2062 1422 ὀνομάζοντας,

487 1454 735 1524 διάφοροι
765 1453 982 1522 γνῶμαι
1009 1449 1345 1520 προέϐησαν,
1379 1445 1560 1508 καθὼς
1591 1445 1688 1500 καὶ
1717 1445 1780 1498 σὺ
1824 1443 2076 1513 ἀπεμνη-

493 1547 797 1616 μόνευσας·
849 1547 946 1598 καὶ
993 1544 1163 1614 ἤρεσε
1196 1539 1275 1611 τῷ
1323 1541 1436 1592 ἔθει
1466 1537 1782 1592 ἀκολουθεῖν
1831 1536 2074 1605 ἑκάστης

490 1639 694 1709 χώρας.
726 1635 859 1690 Εἶτα
899 1638 1029 1708 περὶ
1059 1635 1167 1688 τῶν
1199 1633 1572 1698 Πεπουζηνῶν
1599 1630 1911 1702 ἀρξάμενος
1940 1629 2076 1682 ἀπο-

490 1731 788 1796 λογεῖσθαι,
818 1729 1064 1787 διδάσκει
1091 1728 1142 1781 τί
1177 1728 1327 1780 ἐστιν
1358 1726 1597 1797 αἵρεσις,
1628 1725 1724 1777 καὶ.
1751 1725 1804 1774 τί
1843 1721 2071 1791 σχίσμα,

2172 576 2368 630 scapos
2401 557 2777 628 suscipiendo,
2801 559 3157 614 ediderimus.

2244 885 2443 942 BALS.
2475 887 2769 956 Postquam
2802 885 2930 940 fecit
2964 892 3189 953 sanctus
3231 883 3578 955 prooemium,
3612 893 3667 942 et
3701 883 3803 941 se-'

2174 981 2392 1046 quidem
2435 977 2502 1032 ad
2530 979 2774 1031 ultimam
2803 978 3168 1032 humilitatem
3223 958 3466 1043 redegit;
3506 986 3757 1031 Sanctum

2176 1083 2356 1125 autem
2397 1071 2862 1140 Amphilochium,
2892 1069 2987 1141 qui
3026 1071 3490 1139 interrogationes
3533 1068 3758 1131 fecerat,

2176 1167 2338 1222 valde
2370 1165 2631 1231 laudavit,
2661 1167 2953 1235 respondet
2981 1166 3049 1219 de
3084 1166 3150 1240 iis
3182 1181 3305 1235 ane
3353 1164 3537 1218 fuerat
3587 1165 3760 1219 inter-

2179 1268 2426 1328 rogatus,
2456 1266 2512 1312 et
2540 1257 2672 1312 dicit
2727 1258 2894 1326 quod,
2929 1271 2996 1309 an
3031 1265 3284 1326 oporteat
3327 1257 3590 1326 baptizari
3653 1253 3762 1310 No-

2177 1352 2591 1420 vatiauos,-qui
2640 1351 2805 1406 etiam
2859 1352 3070 1416 seipsos
3124 1350 3390 1404 Catbaros
3459 1352 3761 1413 nominant,

2176 1443 2410 1498 diversa:
2441 1442 2724 1497 sententiae
2745 1449 3158 1509 processerunt,
3195 1442 3649 1507 quemadmodum
3707 1451 3762 1494 ttt

2178 1550 2396 1605 quoque
2461 1533 2850 1588 commonuisti
2903 1549 2918 1588 :
2975 1540 3031 1586 et
3090 1532 3293 1600 placuit
3353 1532 3502 1597 sequi
3556 1545 3768 1584 mort-nt

2178 1627 2613 1697 uniuscujusque
2644 1625 2908 1696 regionis.
2961 1623 3165 1678 Deinde
3194 1624 3260 1676 de
3291 1622 3483 1688 Pepuz-
3507 1621 3592 1675 nis
3649 1636 3769 1674 res-

2179 1723 2418 1793 pondere
2459 1721 2743 1787 incipiens,
2801 1718 2958 1772 docet
2995 1718 3120 1784 quid
3173 1716 3249 1770 sit
3280 1714 3518 1771 haeresis.
3551 1725 3606 1767 et
3637 1713 3766 1781 quid

493 1825 587 1876 καὶ
632 1823 686 1876 τί
728 1819 1204 1889 παρασυναγωγὴ,
1251 1817 1346 1872 καὶ
1394 1817 1457 1873 τὸ
1497 1816 1597 1886 μὲν
1644 1817 1931 1884 βάπτισμα
1964 1813 2074 1865 τῶν

2196 1815 2443 1876 tcbisma,
2481 1820 2537 1866 et
2581 1810 2713 1878 quid
2760 1821 3211 1879 parasyuagoga;
3268 1813 3324 1860 et
3381 1805 3766 1858 haereticorum

492 1917 786 1985 αίρετικῶν
847 1915 980 1985 φησὶ
1017 1911 1297 1975 παντελῶς
1348 1907 1704 1964 ἀθετεῖσθαι*
1739 1907 1801 1960 τὸ
1853 1905 1911 1958 δὲ
1965 1905 2075 1959 τῶν

493 2010 913 2078 ἁποσχισάντων
940 2007 1190 2071 ἑαυτοὺς,
1213 2002 1632 2078 ,παραδέχεσθαι
1659 2017 1673 2031 ο
1705 2001 1832 2062 τοὺς
1859 1999 1916 2052 δὲ
1965 2015 2076 2050 πα·-

496 2101 982 2173 ρασυναγαγόντας
1030 2096 1404 2152 συνάπτεσθαι
1447 2095 1613 2148 πάλιν
1653 2093 1720 2163 τῇ
1777 2090 2079 2161 Ἐκκλησία

497 2195 894 2266 μετανοοῦντας
925 2192 1114 2259 ἀξίως,
1149 2189 1294 2242 ὥστε
1341 2188 1437 2241 καὶ
1476 2189 1557 2250 εἰς
1588 2186 1716 2248 τοὺς
1768 2184 2079 2255 προτέριυς

497 2289 739 2359 βαθμοὺς
775 2287 1038 2349 πολλάκις
1070 2280 1498 2355 παραδέχεσθαι.
1531 2280 1670 2342 Τοὺς
1701 2277 1830 2346 γοῦν
1863 2278 2080 2329 Πεπου⁹

493 2379 712 2448 ζηνοὺς,
727 2379 800 2441 ὡς
818 2375 1272 2448 βλασφημοῦντας
1293 2373 1373 2436 είς
1391 2374 1450 2425 τὸ
1465 2371 1689 2439 Πνεῦμα
1711 2369 1771 2422 τὸ
1791 2369 1970 2437 ἅγιον,
1987 2369 2082 2420 καὶ

496 2473 759 2542 Μοντανῷ
776 2473 870 2524 καὶ
892 2472 931 2523 [1
943 2469 1188 2540 ρισκίλλῃ
1206 2468 1305 2536 τὴν
1321 2465 1415 2520 τοῦ
1431 2463 1790 2535 Παρακλήτου
1811 2478 2084 2532 προσηγρ.

499 2564 622 2636 ρίαν
639 2563 1096 2634 ἐπιφημίζοντας,
1115 2561 1424 2629 αἰρετικοὺς
1439 2553 1761 2622 εἷναιλέγει.
1782 2552 1919 2618 Τοὺς
1938 2553 2085 2606 Ναυ-

498 2676 562 2712 ατ
575 2655 779 2717 ιανοὺς,
805 2653 932 2716 τοὺς
965 2651 1352 2724 Ἐγκρατίτας,
1374 2648 1470 2702 καὶ
1490 2645 1615 2710 τοὺς
1643 2644 2086 2714 Ὑδροπαραστά-

496 2769 617 2815 τας,
640 2748 822 2812 καθὼς
838 2746 934 2801 καὶ
959 2748 985 2800 6
1013 2745 1318 2806 τελευταῖος
1348 2740 1531 2795 κανὼν
1557 2741 1654 2809 τῆς
1679 2737 1938 2808 δευτέρας
1962 2754 2086 2790 συνι

499 2845 619 2898 ὁδου
664 2842 976 2917 διωρίσατο,
1025 2835 1101 2908 μὴ
1127 2831 1620 2911 ἀναὸαπτίζεσθαι,
1658 2829 1799 2883 ἀλλά
1830 2829 2083 2899 χρίεσθαι

503 2941 580 3007 τῷ
608 2938 748 3008 ἁγίῳ
783 2936 959 3007 μύρῳ,
993 2934 1089 2987 καὶ
1136 2931 1280 2984 οὕτω
1307 2927 1749 3000 μεταλαμϐάνειν
1776 2926 1884 2979 τῶν
1917 2925 2084 2990 ἁγια-

507 3033 746 3102 σμάτων,
781 3031 878 3083 καὶ
929 3025 1266 3086 ἐπισκόπους
1300 3023 1458 3083 ὄντας
1512 3018 1764 3089 δέχεσθαι
1811 3019 1893 3081 εἰς
1951 3020 2078 3080 τοὺς

505 3126 730 3196 θρόνους
782 3121 987 3176 αὐτῶν.
1059 3118 1171 3172 Καὶ
1243 3115 1596 3186 Ἐγκρατῖται
1665 3111 1765 3177 μέν
1829 3113 1968 3163 εἰσιν
2037 3109 2088 3162 oi.

502 3220 592 3272 τὸν
622 3219 800 3287 γάμον
830 3211 1288 3280 ἁποῦαλλόμενοι,
1342 3207 1437 3261 καὶ
1488 3204 1740 3272 λέγοντες
1795 3197 1935 3266 εἶναι
1964 3200 2089 3254 τοῦ·

502 3329 595 3364 τον
656 3309 750 3362 τοῦ
812 3305 1062 3369 Σατανᾶ,
1112 3301 1208 3354 καὶ
1257 3295 1695 3367 ἀπαγορεύοντες
1754 3297 1939 3348 πᾶσαν
1994 3296 2092 3364 ἐμ-

505 3399 871 3472 ψυχοφαγίαν.
921 3392 1260 3449 Ναυατιανοὶ
1316 3391 1366 3443 oi
1423 3389 1520 3442 acati.
1568 3387 1819 3458 Καθαροί
1865 3387 2096 3456 λεγόμε-

504 3511 583 3548 νοι
621 3490 929 3560 ἐκλήθησαν
973 3485 1084 3540 ἀπὸ
1126 3482 1381 3538 Ναυάτου
1429 3481 1574 3544 τινος
1611 3479 1910 3550 Ῥωμαίου,
1951 3481 2094 3532 ἀπο-

505 3585 836 3655 ϐαλλομένου
883 3581 1007 3640 τοὺς
1039 3579 1306 3647 διγάμους
1328 3615 1343 3640 ,
1380 3574 1476 3634 καὶ
1512 3573 1803 3643 μετάνοιαν
1834 3572 1910 3643 μὴ
1940 3573 2093 3643 δεχο-

513 3683 700 3752 μένου.
749 3674 1260 3746 Ὑόροπαραστὰται
1289 3669 1347 3724 δὲ
1377 3669 1426 3723 οἱ
1475 3669 1596 3721 άντ“ι
1619 3667 1764 3720 οἴνου
1823 3665 1967 3734 ὕδωρ
2015 3665 2094 3734 τῷ

413 3848 416 3849 ν
507 3772 626 3844 Θεῴ
677 3772 1102 3842 προσφέροντες,
1157 3764 1254 3817 καὶ
1312 3763 1403 3816 τὸν
1449 3761 1630 3830 γάμον
1693 3759 1944 3830 πορνείαν
2010 3758 2096 3810 λέ-

508 3881 716 3934 γοντες.
1891 3864 1906 3889 ι

579 3981 830 4035 ΖΩΝΑΡ.
884 3976 1020 4050 Περὶ
1049 3975 1168 4040 τοῦ,
1220 3974 1270 4028 εξ
1341 3972 1449 4042 χρὴ
1526 3968 1893 4042 βαπτίζεσθαι
1967 3968 2093 4029 τοὺς
2133 4020 2144 4032 ,

508 4070 913 4132 Ναυατιανοὺς,
967 4069 1001 4138 ἡ
1055 4063 1350 4135 ἐρώτησις.
1414 4055 1575 4114 Οὗτοι
1634 4061 1743 4130 γὰρ
1804 4056 2090 4129 ὠνόμαζον

512 4169 741 4228 ἑαυτοὺς
773 4159 1066 4232 Καθαροὺς
1087 4174 1101 4189 ·
1143 4157 1276 4228 περὶ
1315 4154 1508 4210 τούτου
1559 4155 1724 4226 φησὶν
1757 4155 1784 4204 ό
1817 4152 1971 4222 ἅγιος
2007 4155 2092 4206 ὅτι

511 4258 607 4310 καὶ
652 4254 920 4326 πρότερον
946 4253 1182 4320 εἴρηται.
1217 4247 1290 4298 Τὸ
1318 4246 1376 4299 δὲ
1406 4245 1807 4317 προειρημένον
1835 4244 2091 4311 φαίνεται

513 4333 654 4398 εἶναι
699 4349 765 4397 ἐκ
813 4342 909 4395 τοῦ
966 4342 1163 4402 εἰπεῖν,
1197 4337 1396 4402 Καλῶς
1453 4335 1974 4408 ἀπεμνημόνευσας,
2029 4335 2092 4388 τὸ

511 4435 742 4492 ἕπεσθαι
793 4435 871 4506 τῷ
919 4434 1033 4487 ἔθει
1083 4432 1194 4486 τῶν
1226 4429 1348 4484 καθ’
1393 4429 1634 4498 ἑκάστην
1673 4426 1880 4499 χώραν,
1911 4427 1999 4480 διὰ
2033 4426 2094 4478 τὸ

2181 1907 2396 1976 quidem
2449 1903 2716 1974 baptisma
2747 1903 2876 1956 dicit
2906 1902 3123 1969 penitus
3155 1899 3305 1968 rejici
3334 1915 3349 1963 ;
3393 1898 3777 1952 scitismatico-

2181 2015 2302 2053 rum
2345 2006 2523 2051 atttem
2561 1996 2822 2050 admitti:
2868 2009 2964 2049 eos
2995 2008 3126 2047 vero
3183 1992 3274 2060 qui
3329 2004 3771 2061 parasyuagogas

2181 2106 2276 2146 seu
2314 2089 2534 2144 illicitos
2565 2096 2875 2143 com-cutus
2924 2085 3235 2147 instituunt,
3279 2097 3466 2136 rursus
3515 2079 3772 2134 Eet-lesia':

2181 2181 2577 2252 conjungi“
2624 2178 2998 2250 penitentiam
3037 2177 3200 2247 digne
3243 2185 3487 2240 agentes,
3534 2183 3592 2227 ut
3625 2183 3676 2228 et
3703 2175 3771 2226 ad
3831 2215 3836 2220 .

2186 2279 2394 2346 priores
2435 2275 2638 2345 gradus
2695 2288 2840 2342 smpe
2871 2269 3109 2326 admitti.
3168 2267 3485 2336 Pepuzenos
3520 2281 3676 2334 ergo,
3712 2273 3774 2319 ut

2183 2369 2274 2437 qui
2313 2368 2365 2420 in
2396 2377 2643 2423 sanctum
2684 2365 2950 2434 Spiritum
2985 2363 3386 2429 blaspbemaut,
3419 2370 3474 2413 et
3508 2356 3768 2411 Montano

2185 2471 2237 2515 ct
2287 2460 2546 2514 Priscillae
2573 2457 2839 2512 Paraeleti
2870 2454 3287 2523 appellationem
3324 2449 3600 2511 tribuunt,
3644 2448 3782 2500 dicit

2187 2568 2308 2608 esse
2363 2551 2674 2606 haereticos.
2728 2546 3070 2601 Novatianos
3117 2551 3300 2596 autem
3360 2538 3668 2594 Encratitas
3721 2545 3779 2592 et

2193 2646 2714 2716 Hydroparastatas,
2785 2638 3249 2710 quemadmodum
3306 2645 3360 2688 et
3415 2633 3638 2686 ultimus
3687 2645 3778 2686 sc-

2194 2740 2385 2791 cundtc
2417 2734 2606 2807 synodi
2655 2747 2830 2789 canon
2886 2729 3154 2793 deftmvit,
3201 2742 3308 2781 non
3361 2726 3777 2793 rebaptizandos

2193 2829 2589 2900 pronuntiavit,
2628 2827 2723 2882 sed
2754 2835 2944 2881 sancto
2983 2823 3281 2878 chrismate
3333 2817 3695 2886 inungeudos,
3723 2827 3778 2870 et

2190 2922 2271 2976 sic
2327 2935 2448 2974 esse
2490 2925 2957 2972 sacramentm-um
3002 2913 3318 2983 participes,
3371 2908 3786 2962 etexsistentt-s

2189 3012 2476 3080 episcopos
2503 3010 2553 3061 in
2577 3023 2708 3062 suos
2731 3005 2962 3059 thronos
2998 2999 3396 3071 suscipiendos.
3427 2999 3492 3052 lit
3523 3007 3653 3050 sunt
3673 2995 3779 3048 Eu.

2194 3103 2400 3158 cratita:
2429 3102 2672 3170 quidem,
2693 3098 2784 3169 qui
2809 3097 3024 3167 nuptias
3056 3095 3328 3162 rejiciuut,
3351 3102 3403 3147 et
3435 3105 3530 3146 eas
3564 3088 3782 3144 Salaria:

2194 3209 2316 3249 esse
2367 3193 2580 3256 dicunt,
2621 3201 2675 3246 et
2708 3204 2924 3245 omnem
2969 3188 3336 3242 animator-unt
3395 3200 3546 3238 esum
3591 3181 3782 3252 probi-

2193 3285 2345 3341 bent.
2393 3283 2678 3338 Novatiani
2712 3282 2804 3352 qui
2833 3291 2888 3336 et
2908 3278 3132 3333 Catltari
3165 3277 3291 3331 dicti
3327 3284 3479 3340 sunt,
3510 3289 3539 3326 a
3572 3271 3782 3326 Novato

2194 3378 2429 3450 quodam
2472 3377 2716 3431 Romano
2747 3387 2943 3427 nomen
2991 3371 3172 3426 sortiti
3222 3378 3371 3433 sunt,
3415 3366 3506 3435 qui
3544 3365 3783 3434 biga-mos

2196 3469 2558 3534 abhorrebat;
2613 3476 2668 3522 et
2705 3464 3084 3536 pmnitentiam
3126 3475 3237 3514 non
3285 3458 3626 3514 admittebat.
3674 3452 3785 3524 lly-

2195 3562 2589 3630 drOparastatas
2643 3567 2848 3620 autem,
2913 3552 3006 3622 qui
3067 3565 3264 3620 aquam
3323 3561 3422 3618 pro
3481 3547 3611 3601 viuo
3675 3544 3784 3599 Deo

2195 3653 2546 3718 offerebant,
2621 3657 2678 3704 et
2736 3646 2960 3717 nuptias
3043 3641 3460 3697 fornicationem
3537 3637 3790 3708 appella-

2193 3746 2346 3802 baut.

2266 3970 2517 4026 ZONAB.
2541 3969 2612 4022 De
2637 3966 2968 4030 Novatianis,
2994 3980 3060 4020 an
3084 3979 3179 4019 eos
3194 3961 3465 4033 baptizari
3495 3967 3778 4030 oporteret
3835 3996 3840 4003 .

2197 4065 2424 4135 quaestio
2451 4061 2720 4131 proposita
2757 4057 2880 4113 fuit.
2908 4055 2968 4110 lli
3005 4053 3534 4136 namqueﬁatltatos
3563 4052 3777 4118 Seipsos

2198 4156 2570 4211 nominabant.
2622 4151 2694 4205 De
2741 4152 2842 4206 Itoc
2871 4150 3077 4219 igitur,
3115 4147 3290 4216 inquit
3331 4155 3588 4209 sanctus,
3633 4143 3785 4212 prius

2198 4262 2415 4318 quoque
2443 4248 2646 4299 dictum
2703 4241 2825 4295 fuit.
2877 4240 3030 4307 Quod
3079 4253 3211 4295 vero
3241 4247 3369 4294 aute
3413 4237 3615 4291 dictum
3679 4227 3789 4296 εει,

2199 4342 2412 4394 videtur
2470 4337 2646 4406 colligi
2693 4335 2858 4389 exiis
2917 4332 3138 4404 verbis,
3197 4331 3364 4386 Recte
3432 4327 3788 4393 admonuisti,

2200 4429 2506 4500 sequendas
2535 4441 2656 4482 esse
2679 4425 2947 4495 cujusque
2969 4423 3205 4494 regionis
3236 4419 3686 4484 consuetudines,
3725 4433 3794 4471 eo

513 4530 786 4598 διαφόροις
831 4526 1117 4596 ἐνεχθῆναι
1162 4525 1294 4593 περὶ
1337 4521 1434 4575 τού
1487 4519 1864 4590 βαπτίσματος
1889 4517 2086 4572 αὐτῶν.

2203 4524 2346 4593 quod
2390 4522 2536 4574 varia
2590 4522 2656 4573 de
2707 4521 2950 4588 ipsorum
2981 4515 3310 4585 baptismate
3355 4511 3508 4566 fuere
3556 4511 3794 4564 sancita.

519 4623 702 4676 Ἄλλοι
752 4621 882 4690 γὰρ,
921 4618 1108 4687 φησὶν,
1161 4614 1337 4676 ἄλλως
1393 4607 1545 4664 εἷπον
1602 4611 1720 4669 πῶς
1775 4607 1859 4660 δεῖ
1898 4607 2096 4668 αὐτοὺς

515 4716 990 4785 προσερχομένους
1043 4707 1338 4779 δέχεσθαι,
1395 4705 1491 4757 καὶ
1549 4701 1914 4773 διηνέχθησαν
1975 4703 2096 4763 ταῖς

516 4810 787 4879 γνώμαις.
819 4787 1024 4859 Ταῦτα·
1047 4804 1146 4873 μὲν
1189 4803 1216 4854 6
1268 4799 1442 4870 μέγας
1490 4795 1771 4855 Βασίλειος
1797 4809 1812 4824 ⁸
1851 4796 1879 4846 ό
1926 4793 1985 4846 δὲ
2012 4809 2100 4846 τε·

517 4901 760 4962 λευταίος
794 4897 973 4952 κανὼν
997 4897 1095 4965 τῆς
1129 4894 1390 4964 δευτέρας
1427 4889 1649 4943 συνόδου
1690 4887 1766 4957 μὴ
1794 4885 2098 4940 ἀναὸαπτί-

518 4995 710 5060 ζεσθαι
736 4993 885 5060 λέγει
909 4991 1128 5053 αὐτοὺς,
1162 4985 1300 5040 ἀλλ-ἀ
1352 4983 1517 5053 μόνον
1552 4981 1802 5052 χρίεσθαι
1835 4979 1914 5049 τῷ
1952 4980 2096 5049 ἁγίῳ

524 5090 704 5160 μύρῳ.
741 5085 943 5140 Τοῦτον
967 5079 1062 5138 οὖν
1094 5081 1314 5141 πάντως
1344 5077 1466 5130 δέον
1491 5075 1722 5145 κρατεῖν
1743 5088 1759 5106 ο
1792 5074 1876 5127 ὅτι
1924 5091 2096 5144 μετα-

522 5179 840 5250 γενέστερό;
883 5181 1032 5231 ἐστιν
1079 5175 1107 5227 6
1158 5172 1362 5237 κανὼν,
1397 5169 1490 5221 καὶ
1536 5169 1618 5221 ὅτι
1665 5167 1966 5230 συνοδικδς,
2004 5169 2099 5220 καὶ

528 5274 743 5326 συνόδου
779 5268 1189 5339 οἰκουμενικῆς.

595 5478 672 5532 Τὸ
701 5472 756 5529 δὲ
786 5475 894 5529 τῶν
916 5470 1282 5543 Πεπουςηνῶν
1308 5467 1500 5522 οὐδένα
1531 5481 1629 5536 ’μοι
1665 5463 1822 5531 λόγον
1847 5462 1989 5531 ἔχειν
2016 5457 2104 5512 δο-

526 5586 647 5639 κεῖ·
682 5583 777 5635 καὶ
803 5578 1091 5647 ἐθαύμασα
1139 5575 1253 5637 πῶς
1301 5569 1584 5625 κανονικὸν
1627 5567 1756 5620 ὂντα
1790 5568 1878 5619 τὸν
1927 5563 2106 5635 μέγαν

528 5686 805 5741 Διονύσιον
840 5678 1139 5751 παρῆλθεν.
1231 5713 1236 5717 -
1334 5736 1344 5746 ν

2200 4617 2304 4670 Alii
2330 4613 2619 4682 siquidem,
2655 4611 2852 4678 inquit,
2894 4610 3057 4664 aliter
3101 4608 3263 4662 lacuti
3292 4615 3440 4669 sunt,
3469 4603 3534 4657 de
3572 4603 3791 4656 ratione

2203 4711 2370 4778 ipsos,
2418 4705 2462 4760 si
2495 4719 2554 4758 se
2615 4703 2936 4766 obtulerint,
3001 4699 3355 4761 admittendi,
3411 4711 3474 4749 ac
3508 4695 3797 4750 sententiis

2203 4799 2362 4854 divisi
2393 4806 2539 4853 sunt.
2595 4796 2718 4850 llaec
2755 4796 2970 4864 quidem
3038 4805 3265 4862 magnus
3316 4789 3477 4843 habet
3531 4785 3791 4842 Basilius.

2202 4895 2470 4948 Caeterum
2511 4901 2818 4959 postremus
2857 4887 3110 4941 secundae
3158 4880 3353 4952 synodi
3421 4895 3598 4935 canon
3686 4893 3794 4932 nou

2205 4986 2404 5040 itermn
2459 4982 2848 5050 baptizandos,
2922 4977 3018 5032 sed
3070 4987 3260 5031 sancto
3316 4971 3616 5028 chrismate
3675 4981 3799 5023 tan-

2206 5089 2317 5131 tttut
2380 5077 2539 5128 modo
2583 5069 2920 5140 inuugendos
2972 5081 3096 5123 esse
3139 5065 3402 5131 decernit.
3448 5063 3600 5118 Hunc
3638 5063 3802 5131 igitur

2206 5168 2430 5224 otuniuo
2475 5176 2661 5219 tenere
2689 5171 2927 5233 oportet,
2977 5160 3120 5230 quod
3149 5169 3205 5214 et
3261 5157 3530 5212 recentior
3579 5165 3660 5209 est
3711 5171 3802 5207 ca-

2208 5275 2348 5326 non,
2407 5271 2460 5314 et
2514 5255 2836 5328 synodicus,
2898 5255 3055 5321 isque
3107 5263 3138 5308 a
3198 5251 3409 5324 synodo
3467 5249 3802 5304 mcumenica

2205 5351 2403 5405 ((Ιιιιιε.
3298 5344 3318 5360 '

2278 5459 2686 5532 Pepuzeuorum
2730 5466 2910 5512 autem
2936 5456 3262 5525 baptiSmus,
3303 5453 3504 5509 nullam
3533 5451 3664 5507 milti
3707 5453 3807 5504 ba-

2209 5568 2336 5620 bet'e
2386 5565 2646 5620 rationem
2693 5564 2924 5628 videtur,
2975 5573 3030 5618 et
3078 5561 3311 5615 miratus
3363 5571 3479 5613 sum
3531 5550 3809 5624 quomodo

2213 5671 2310 5723 hoc
2365 5683 2613 5740 magnum
2669 5665 3011 5737 Dionysium,
3071 5663 3160 5732 qui
3229 5660 3327 5714 fuit
3379 5657 3810 5719 canonicus,‘a—

2221 5780 2340 5824 tutt.
