4076 6436
293 344 400 406 583

349 458 464 512 Hoc
514 457 636 512 loco
683 469 912 521 magnus
942 453 1215 519 Basilius,
1270 453 1399 522 quid
1446 452 1693 515 haeresis,
1737 448 1864 519 quid
1899 456 1946 511 Α

287 549 548 612 schisma,
585 555 639 601 et
665 547 793 616 quid
837 559 1243 617 parasynagoga
1279 546 1371 606 sit,
1409 544 1588 608 docet,
1634 557 1699 595 ac
1752 541 1863 594 bae-

292 640 590 695 reticorum
661 637 878 708 quidem
940 637 1266 706 baptismum
1331 634 1488 705 plane
1553 634 1865 687 damnatum

289 733 484 796 fuisse,
539 730 1017 785 schismaticorum
1063 744 1191 782 vero
1239 729 1558 782 admissum.
1596 725 1695 790 Qui
1743 735 1867 776 vero

287 837 729 894 parasyuagogas
784 837 878 875 seu
942 820 1162 874 illicitos
1192 829 1496 874 conventus
1528 824 1769 886 agerent,
1822 815 1866 866 si

287 915 448 982 digna
478 912 796 982 pteuitcntia
837 917 1308 974 converterentur,
1350 907 1607 963 Ecclesiae
1652 920 1866 958 rursum

185 1078 191 1084 .
294 1006 538 1074 adjungi,
581 1014 742 1071 atque
772 1004 843 1058 ita
881 1003 1135 1057 Ecclesiae
1163 1003 1404 1071 adjungi,
1447 1012 1502 1054 ut
1547 1000 1615 1054 ad
1649 1000 1868 1052 eosdem

289 1111 507 1164 quoque
541 1096 741 1163 gradus
773 1107 934 1161 sa'pe,
964 1093 1014 1146 id
1049 1099 1132 1146 est
1160 1090 1483 1159 quandoque
1511 1091 1861 1143 admitteren-

293 1196 400 1238 tur.
440 1185 756 1253 Pt'pUZCHOS
800 1196 984 1251 porro,
1028 1183 1227 1250 quippe
1271 1181 1363 1252 qui
1405 1191 1593 1248 aperte
1630 1178 1868 1232 lizeretici

290 1289 493 1340 essent,
545 1279 590 1330 si
621 1292 678 1331 se
705 1275 998 1329 Catholica:
1026 1273 1286 1328 Ecclesia:
1325 1274 1560 1338 sistant,
1594 1272 1874 1340 baptizan-

293 1372 394 1426 dos
425 1383 545 1423 esse
584 1369 949 1422 demonstrat.
987 1368 1087 1434 Qui
1116 1365 1261 1421 enim
1292 1366 1446 1433 juxta
1486 1365 1641 1418 nobis
1675 1362 1872 1416 tradita

294 1461 550 1528 baptizati
588 1475 692 1513 non
722 1469 870 1523 sunt,
910 1459 1161 1514 videlicet
1203 1459 1256 1512 in
1291 1457 1513 1511 nomine
1551 1454 1765 1520 Patris,
1820 1462 1875 1508 et

293 1553 437 1619 Filii,
477 1564 533 1606 et
561 1551 800 1619 Spiritus
827 1549 1028 1615 sancti,
1079 1563 1146 1602 ne
1196 1547 1459 1618 baptizati
1489 1547 1709 1616 quidem
1753 1559 1874 1601 esse

295 1643 570 1696 videntur.
626 1640 745 1704 Quo
786 1640 946 1694 modo
991 1653 1120 1692 vero
1161 1653 1229 1693 ex
1272 1638 1529 1692 Ecclesiae
1593 1637 1875 1692 catholicae

300 1738 596 1792 traditione
627 1736 931 1804 baptizatus
966 1730 1132 1786 fuerit
1162 1732 1254 1801 qui
1298 1729 1637 1796 Montanum,
1667 1741 1722 1786 et
1751 1730 1864 1786 Pri~

191 1827 194 1830 ’
295 1832 503 1886 scillam
544 1829 886 1884 Paracletum
933 1825 1285 1880 nominabat?
1335 1824 1604 1879 Catharos
1647 1834 1826 1878 autem
1854 1861 1869 1888 ,

296 1924 396 1989 ait,
443 1931 498 1976 et
541 1919 864 1984 Eucratitas,
894 1927 950 1972 et
983 1917 1500 1986 Hydroparastatas,
1573 1917 1745 1970 visum
1790 1927 1876 1971 est

297 2014 594 2084 (Iypriano,
643 2022 698 2067 et
754 2009 1073 2065 Firmiliauo
1120 2019 1309 2065 nostro
1350 2011 1620 2080 (nostrum
1668 2010 1878 2065 scilicet

299 2107 679 2160 Firmilianum
719 2102 978 2174 appellat,
1015 2104 1213 2173 quippe
1240 2103 1333 2173 qui
1373 2104 1634 2158 Caesareae
1665 2103 1878 2172 episco-

298 2209 400 2266 pus
431 2193 614 2265 fuerit)
647 2195 934 2249 universos
975 2193 1173 2249 iterum
1222 2194 1513 2268 baptizari.
1545 2193 1878 2264 Carthagine

297 2286 590 2355 siquidem,
635 2283 794 2354 cujus
820 2285 1110 2355 episcopus
1160 2273 1643 2357 erat'Cyprianus,
1690 2286 1878 2341 habita

297 2379 506 2449 synodo
557 2378 804 2432 omnium
860 2377 1244 2446 antiquissima
1293 2376 1576 2432 decretum
1633 2389 1732 2435 est
1821 2390 1880 2436 ut

299 2484 494 2523 omnes
557 2476 670 2521 tum
720 2468 982 2534 haeretici,
1037 2477 1150 2524 tum
1215 2468 1550 2525 schismatici
1599 2473 1666 2525 ad
1699 2470 1882 2526 Eccle-

298 2563 434 2619 siam
470 2561 792 2615 accedentes
828 2561 1244 2632 baptizarentur
1276 2581 1291 2619 :
1355 2565 1603 2633 quamvis
1638 2565 1785 2621 enim
1824 2569 1879 2622 in

298 2655 447 2709 nullo
475 2655 729 2723 dogmate
763 2653 1102 2708 schismatici
1144 2654 1506 2724 decipiantur,
1539 2667 1716 2712 tamen
1747 2674 1883 2728 quo-

301 2748 445 2802 niam
467 2764 496 2800 a
518 2764 748 2816 corpore
773 2748 1027 2803 Ecclesiae
1053 2747 1265 2816 abrupti
1292 2757 1438 2814 sunt,
1474 2761 1879 2818 permanentem

302 2836 358 2892 in
407 2837 535 2906 ipsis
584 2836 822 2906 Spiritus
872 2836 1050 2891 sancti
1103 2839 1334 2906 gratiam
1367 2839 1600 2908 amplius
1642 2856 1749 2894 non
1795 2841 1884 2894 lia-

303 2929 455 2982 bent.
489 2927 844 3009 Quod'igitur
873 2943 980 2982 non
1033 2930 1235 2982 habent
1280 2929 1407 2998 ipsi,
1435 2945 1672 2999 quonam
1721 2933 1883 2987 modo

307 3020 430 3075 aliis
453 3020 971 3074 coniniunicabunt?
1007 3021 1112 3075 Sed
1155 3030 1372 3089 tamen,
1419 3024 1881 3092 quandoquidem,

1557 338 1832 398 THEOD.
1890 336 1978 394 BA
1993 332 2289 393 [ΞΛΜοΝ

3447 332 3550 388 bit

2057 446 2322 500 Ἐνταῦθα
2369 445 2396 497 6
2448 444 2625 514 μέγας
2661 441 2939 502 Βασίλειος
2990 439 3236 493 διδάσκει
3291 438 3344 492 τί
3404 441 3550 490 ἐστιν

1968 539 2204 608 αἵρεσις.
2241 539 2333 590 καὶ
2359 537 2674 604 τίσχίσμα.
2711 535 2803 586 καὶ
2847 533 2900 584 τί
2935 533 3413 600 παρασυναγωγὴ,
3453 532 3550 583 καὶ

1966 630 2030 682 τὸ
2072 630 2172 700 μὲν
2232 629 2340 680 τῶν
2395 625 2692 696 αἱρετικῶν
2743 641 2878 694 φησι
2929 623 3214 692 βάπτισμα
3267 623 3547 687 παντελῶς

1967 721 2300 784 ἀθετεῖσθαι,
2334 721 2392 773 το
2422 720 2477 772 δὲ
2509 720 2619 771 τῶν
2654 717 3070 787 ἀποσχισάντων
3114 715 3543 785 παραδέχεσθαι.

1968 815 2108 874 Τοὺς
2158 814 2214 866 δὲ
2274 813 2766 883 παρασυνάγοντας
2825 809 3196 863 συνάπτεσθαι
3256 809 3420 862 πάλιν
3481 811 3548 879 τῇ

1982 907 2276 976 Ἐκκλησία
2307 906 2742 975 ἐπιστρέφοντας
2799 906 2857 957 ἐν
2924 903 3188 974 μετανοίᾳ.
3237 900 3546 969 ἀξιολόγῳ·

1971 998 2065 1048 καὶ
2095 997 2350 1049 τοσοῦτον
2383 996 2757 1049 συνάπτεσθαι
2811 999 2876 1068 τῇ
2918 995 3237 1065 Ἐκκλησία,
3271 993 3411 1046 ὥστε
3457 994 3552 1046 καὶ

1971 1092 2052 1153 είς
2089 1091 2179 1143 τὸν
2211 1091 2372 1143 αὑτὸν
2399 1090 2682 1156 πολλάκις,
2729 1090 2851 1142 ἀντὶ
2895 1088 3014 1154 τοῦ,
3047 1089 3194 1140 ἐστιν
3226 1089 3338 1151 ὅτε,
3370 1102 3553 1152 παρα-

1971 1183 2224 1253 δέχεσθαι
2246 1184 2441 1245 αύτοὺς
2469 1182 2695 1252 βαθμόν.
2729 1183 2870 1242 Τοὺς
2906 1181 2961 1233 δὲ
2990 1179 3373 1247 Πεπουξηνοὺς
3417 1194 3554 1247 προ.

1970 1262 2358 1347 δὴλωςόντας
2407 1277 2718 1346 αἱρετικοὺς
2757 1274 3116 1344 βαπτίζεσθαι
3165 1275 3550 1340 ἀποφαίνεται,

1974 1366 2452 1437 προσερχομένους
2494 1369 2559 1437 τῇ
2620 1366 2882 1435 καθολικῇ
2953 1365 3278 1435 Ἐκκλησέα.
3316 1364 3378 1416 Οἱ
3439 1366 3549 1431 γάρ

1977 1463 2053 1530 μὴ
2079 1462 2159 1525 είς
2207 1461 2275 1512 τά
2317 1460 2730 1532 παραδεδομένα
2772 1461 2903 1529 ἡμῖν
2937 1458 3350 1528 βαπτισθέντες,
3381 1457 3552 1526 ἣγουν
3588 1496 3598 1505 .

1974 1553 2055 1614 εἰς
2083 1553 2323 1623 Πατέρα,
2347 1552 2438 1604 καὶ
2455 1550 2604 1616 Υίδν,
2629 1551 2722 1604 καὶ
2748 1550 2899 1619 ἆγιον
2919 1549 3164 1619 Πνεῦμα,
3195 1548 3314 1601 οὐδὲ
3340 1547 3551 1600 δοκοῦσι
3648 1584 3652 1588 .

1978 1643 2361 1716 βαπτισθῆναι.
2401 1644 2524 1706 Πῶς
2555 1642 2611 1697 δὲ
2647 1643 2790 1698 κατὰ
2824 1642 2926 1712 τὴν
2962 1644 3060 1713 τῆς
3090 1642 3387 1710 καθολικῆς
3421 1640 3550 1693 Ἕκ.

1976 1737 2205 1807 κλησίας
2241 1735 2540 1803 παράδοσιν
2580 1735 2878 1788 ἐϐάπτισεν
2920 1736 2986 1788 ἂν
3014 1737 3042 1787 6
3074 1735 3436 1805 Παράκλητον
3461 1736 3554 1785 τὶν

1975 1827 2253 1883 Μοντανὸν
2297 1825 2584 1896 ὀνομάζων
2615 1827 2710 1878 καὶ
2760 1825 2859 1898 τὴν
2889 1825 3269 1896 Πρισκίλλανς
3305 1826 3446 1886 Τοὺς
3497 1825 3554 1876 δὲ

1977 1919 2287 1989 Καθαροὺς,
2329 1917 2487 1988 φησὶ,
2513 1921 2606 1970 καὶ
2650 1917 3037 1988 Ἐγκρατίτας,
3072 1917 3165 1969 καὶ
3213 1914 3560 1984 ’Υδροπαρα-

1978 2009 2201 2074 στάτας,
2235 2007 2382 2074 ἔδοξε
2425 2009 2538 2070 τοῖς
2587 2010 2716 2078 περὶ
2752 2007 3090 2081 Κυπριανδν,
3127 2007 3221 2059 καὶ
3266 2003 3556 2076 Φιρμιλια-

1976 2102 2066 2155 νὺν
2094 2102 2185 2154 τὸν
2211 2099 2481 2171 ἡμέτερον
2509 2100 2829 2168 (οἰκειοῦται
2858 2100 2916 2154 δέ
2945 2101 3034 2153 τὸν
3064 2098 3441 2169 Φιρμιλιανδν,
3477 2098 3554 2160 ὡς

1976 2193 2076 2260 τῆς
2117 2188 2460 2260 Καισαρείας
2488 2189 2752 2258 γεγονότα
2806 2187 3152 2258 ἐπίσκοπον),
3186 2188 3394 2248 πάντας
3424 2185 3557 2238 dva-

1978 2280 2365 2346 ϐαπτίζεσθαι.
2401 2279 2493 2334 Ἐν
2519 2281 2629 2350 γὰρ
2656 2283 2724 2352 τῇ
2773 2279 3107 2352 Καρχηδόνι,
3138 2273 3207 2349 ἦς
3256 2278 3558 2340 ἐπίσκοπος

1977 2367 2048 2444 ἦν
2095 2375 2124 2426 6
2176 2371 2516 2444 Κυπριανδς,
2577 2371 2795 2425 συνόδου
2864 2373 3137 2443 συστάσης
3189 2369 3557 2441 ἀρχαιοτέρας
3623 2367 3627 2371 ’

1981 2466 2195 2530 πασῶν,
2230 2465 2376 2532 ἔδοξε
2430 2465 2641 2528 πάντας
2685 2465 2812 2529 τούς
2861 2481 2921 2518 τε
2951 2463 3287 2535 αίρετικοὺς,
3319 2465 3447 2526 τούς
3499 2480 3556 2518 τε

1984 2558 2402 2630 σχισματικοὺς,
2429 2555 2791 2628 βαπτίζεσθαι
2832 2557 3164 2627 προσιόντας
3195 2558 3262 2628 τῇ
3323 2554 3553 2625 Ἐκκλησ

1983 2654 2078 2723 σίᾳ
2104 2667 2118 2682 ο
2153 2650 2256 2704 κᾶν
2284 2653 2390 2722 γὰρ
2429 2650 2505 2720 μὴ
2536 2649 2668 2720 περὶ
2698 2648 2876 2720 δόγμα
2905 2649 2952 2701 oi
2989 2646 3343 2719 σχισματικοὶ
3389 2645 3562 2715 σφάλ-

1981 2745 2186 2807 λονται,
2255 2742 2372 2795 ἀλλ’
2416 2742 2541 2796 ἐπεὶ
2586 2741 2682 2795 τοῦ
2743 2739 3000 2805 σώματος
3058 2738 3159 2807 τῆς
3232 2735 3560 2806 Ἐκκλησίας

1983 2837 2403 2908 ἀπερράγησαν,
2438 2832 2623 2888 οὐκέτι
2653 2831 2870 2904 ἔχουσιν
2915 2831 3098 2893 αὐτοῖς
3129 2829 3560 2899 παραμένουσαν

1983 2932 2083 3001 τὴν
2105 2930 2269 3001 χάριν
2293 2927 2389 2982 τοῦ
2426 2927 2583 2996 ἁγίου
2617 2924 2958 2995 Πνεύματος.
2989 2925 3056 2976 Ὃ
3090 2923 3222 2992 γοῦν
3251 2923 3351 2974 οὐκ
3392 2919 3556 2990 έχουο

1987 3039 2063 3088 σι,
2123 3022 2240 3085 πῶς
2299 3020 2481 3083 ἄλλοις
2510 3016 2677 3072 αὑτοῦ
2730 3017 3172 3088 μεταδώσουσιν;
3215 3013 3357 3068 Ἀλλ’
3413 3013 3563 3082 ὅμως

303 3112 483 3180 inquit
533 3113 620 3166 hic
659 3127 886 3182 magnus
934 3112 1132 3174 Pater,
1181 3112 1543 3168 Catharorum
1611 3117 1879 3185 baptisma

1989 3114 2156 3184 φησὶν
2189 3114 2219 3165 6
2255 3113 2427 3183 μέγας
2477 3105 2634 3175 οὗτος
2658 3111 2687 3162 6
2715 3112 2908 3181 Πατὴρ
2938 3111 3042 3173 ὅτι,
3087 3108 3207 3162 ἐπεί
3237 3123 3381 3160 τισιν
3415 3104 3561 3168 ἔδοξε

305 3202 518 3256 admitti
551 3202 804 3272 prudenti
825 3203 1052 3257 consilio
1076 3203 1400 3270 quibusdam
1433 3206 1656 3275 placuit,
1682 3211 1883 3261 admit-

306 3303 503 3350 tamus.
549 3295 801 3350 Secunda
851 3310 1072 3365 quoque
1111 3298 1452 3354 mcumenica
1513 3302 1792 3370 synodus,
1829 3309 1887 3354 ut

303 3397 463 3440 antea
492 3387 696 3442 dictum
729 3396 834 3451 est,
868 3386 1270 3442 admittendum
1300 3388 1531 3444 censuit.
1573 3389 1648 3444 De
1685 3389 1886 3444 Encra-

304 3481 418 3534 titis
454 3494 602 3543 vero,
634 3480 875 3550 ipsorum
906 3482 1176 3550 baptisma
1216 3481 1441 3536 minime
1475 3483 1692 3538 admitti
1719 3499 1887 3553 Opor-

305 3577 422 3622 tere
467 3569 687 3623 asserit.
742 3568 1019 3624 Utendum
1069 3583 1198 3624 vero
1241 3568 1320 3623 ait
1365 3572 1780 3637 consuetudine,
1826 3587 1889 3627 ac

305 3659 462 3728 sequi
510 3670 760 3730 Oportere
804 3661 1015 3722 Patres.
1053 3662 1144 3731 qui
1174 3677 1262 3717 res
1295 3670 1511 3717 nostras
1537 3663 1888 3718 administra-

310 3758 457 3814 runt,
509 3763 577 3804 ne
618 3751 690 3804 ob
737 3749 962 3804 nimium
997 3752 1227 3820 rigorem
1262 3752 1547 3821 segniores
1586 3766 1679 3807 eos
1708 3754 1772 3808 ad
1803 3769 1892 3807 ca-

310 3841 567 3895 tholicam
602 3839 900 3896 Ecclesiam
935 3842 1303 3900 accedendam
1341 3843 1656 3897 reddamus.
1704 3842 1893 3912 Neque

308 3948 543 3988 vero'co
579 3933 729 4002 quod
778 3932 852 3986 illi
899 3944 1142 3987 nes-trum
1190 3935 1456 4004 baptisma
1490 3949 1744 4002 servent,
1791 3955 1891 3994 nos

308 4040 527 4094 quoque
557 4024 1008 4088 verecundantes,
1044 4022 1152 4094 50
1197 4024 1412 4078 illorum
1458 4040 1678 4081 servare
1726 4041 1889 4096 Opor-

314 4127 412 4172 tet.
449 4116 563 4172 Nec
606 4117 752 4170 enim
785 4115 1048 4170 debemus
1082 4117 1290 4184 gratias
1326 4117 1459 4185 ipsis
1507 4117 1748 4181 referre,
1794 4121 1888 4174 sed

309 4216 554 4263 exactam
589 4217 810 4258 servare
850 4203 1204 4270 diligentiam.
1252 4202 1467 4258 Interea
1502 4219 1654 4269 vero,
1690 4205 1782 4274 qui
1819 4221 1888 4260 ex

314 4298 448 4365 ipsis
495 4295 562 4348 ad
611 4310 712 4349 nos
752 4299 990 4362 adeunt,
1034 4310 1224 4351 sancto
1255 4336 1269 4362 ,
1327 4295 1543 4363 inquit,
1591 4295 1892 4349 chrismate

316 4389 673 4458 innngautur,
711 4405 776 4443 ac
822 4391 896 4444 ita
939 4393 1113 4446 sacris
1159 4389 1432 4460 mysteriis
1463 4389 1890 4442 communicent.

1986 3209 2053 3262 δι’
2078 3209 2395 3278 οἰκονομίαν
2421 3206 2482 3260 τὸ
2507 3205 2616 3260 τῶν
2643 3205 2916 3276 Καθαρῶν
2947 3203 3234 3274 βάπτισμα
3281 3201 3556 3268 δέχεσθαι,

1987 3295 2128 3348 ἔστω
2156 3295 2366 3349 δεκτόν.
2397 3294 2506 3350 Καὶ
2548 3297 2580 3363 ἠ
2631 3293 2864 3364 δευτέρα
2909 3291 3262 3362 οἰκουμενική
3322 3288 3562 3351 σύνοδος,

1987 3387 2473 3458 ὠς“προείρηται,
2531 3387 2721 3439 δεκτὸν
2792 3384 2924 3438 αὐτὸ
2984 3386 3255 3455 ἡγήσατο.
3320 3382 3456 3452 Περὶ
3507 3382 3565 3434 δὲ

2001 3479 2378 3550 Ἐγκρατιτὼν
2407 3495 2574 3549 φησιν
2606 3479 2680 3543 ὡς
2713 3479 2947 3548 ούκζέδει
2980 3479 3039 3530 τὸ
3069 3479 3248 3530 αὐτῶν
3281 3476 3562 3547 βάπτισμα

1987 3572 2261 3641 δέχεσθαι.
2294 3572 2574 3642 Χρηστέον
2618 3573 2699 3636 δὲ,
2729 3571 2882 3642 φησὶ,
2932 3570 3011 3641 τῷ
3042 3571 3177 3634 seu,
3220 3571 3314 3623 καὶ
3343 3570 3567 3622 ἀκολου-

1991 3665 2106 3717 θεῖν
2135 3662 2216 3716 δεῖ
2237 3665 2350 3725 τοῖς
2377 3663 2445 3716 τά
2474 3661 2598 3715 καθ’
2631 3663 2777 3732 ἡμᾶς
2819 3663 3214 3732 οὶκονομήσασι
3260 3660 3564 3730 Πατράσιν,

1991 3756 2080 3812 ἵνα
2140 3754 2216 3825 μὴ
2269 3755 2359 3808 διὰ
2409 3754 2508 3825 τὴν
2561 3755 2872 3824 ἀκρίϐειαν,
2923 3755 3320 3825 όκνηροτέρους
3369 3752 3569 3815 αὐτοὺς

1993 3847 2316 3917 ποιήσωμεν
2351 3847 2429 3908 είς
2477 3845 2537 3898 τὸ
2583 3845 2992 3922 προσέρχεσθαι
3019 3849 3085 3916 τῇ
3121 3845 3390 3915 κσθολικῇ
3437 3845 3566 3896 Ἐκ-

1940 4015 1943 4018 _
1993 3940 2214 4011 κλησία.
2259 3940 2372 4010 Οὐχ
2401 3941 2485 3993 ὅτι
2536 3941 2592 3993 δέ
2646 3958 2781 4012 φησι
2830 3942 3203 4026 φυλάσσουσιν
3255 3943 3460 3995 ἐκεῖνοι
3507 3941 3568 3993 τὸ

1969 4035 2262 4106 ’ἡμέτερον
2302 4035 2609 4104 βάπτισμα,
2660 4035 2741 4088 δεῖ
2787 4035 2881 4088 καὶ
2925 4037 3072 4105 ἡμᾶς
3113 4039 3571 4106 δυσωπουμένους

1993 4125 2054 4178 τὸ
2091 4126 2318 4179 ἐκείνων
2355 4127 2672 4196 φυλάσσειν.
2712 4129 2788 4181 Ού
2837 4131 2948 4200 γὰρ
2994 4130 3285 4201 ὀφείλομεν
3338 4131 3570 4202 χάριτας

1995 4219 2319 4273 ἀντιδιδόναι
2380 4222 2598 4285 αὐτοῖς,
2651 4221 2786 4274 ἀλλὰ
2848 4227 3038 4293 τηρεῖν
3092 4225 3193 4295 τὴν
3248 4225 3566 4293 ἀκρίϐειαι.

1995 4311 2145 4375 Τέως
2193 4311 2250 4364 δὲ
2299 4315 2347 4365 οἱ
2398 4314 2832 4384 προσερχόμενοι
2864 4315 2924 4380 ἐξ
2946 4315 3127 4370 αὐτῶν
3154 4333 3168 4347 ·
3202 4319 3567 4388 χριέσθωσαν,

1997 4404 2154 4474 φησὶ,
2185 4404 2262 4475 τῷ
2286 4404 2427 4476 ἁγίῳ
2484 4406 2665 4478 μύρῳ,
2711 4408 2808 4461 καὶ
2851 4409 2995 4462 οὓτω
3045 4410 3156 4464 τῶν
3206 4413 3572 4482 ἁγιασμάτων

320 4482 726 4536 Eucratitarum
772 4497 937 4548 porro
985 4482 1169 4552 Opinio
1218 4485 1332 4536 lia-.c
1374 4481 1492 4535 fuit.
1526 4484 1608 4538 Ab
1647 4483 1792 4536 omni
1839 4497 1883 4537 rt

2003 4495 2602 4565 μεταλαμϐανέτωσαν.
2641 4499 2708 4552 Ἦ
2762 4499 2821 4554 δέ
2863 4501 2974 4554 τῶν
3017 4481 3393 4572 Ἐγκρατιτῶν
3447 4506 3576 4569 δόξα

316 4577 555 4628 animata
583 4573 951 4635 abstinebant.
993 4589 1060 4628 ac
1095 4587 1311 4644 nuptias
1341 4575 1700 4640 recusabant,
1736 4575 1893 4629 Sata-

316 4669 472 4726 nicas
503 4669 624 4723 illas
652 4669 1018 4725 nominantes.
1053 4667 1326 4724 Praeterea
1360 4667 1651 4724 Marcionis
1676 4685 1893 4741 quoque

315 4763 600 4830 opiniones
643 4772 828 4816 tenere
875 4760 1154 4816 dicuntur.
1188 4762 1458 4826 Quoniam
1496 4776 1660 4827 vero,
1699 4765 1893 4832 inquit,

316 4849 638 4909 admisimus
663 4855 775 4922 jam
809 4854 862 4907 in
893 4853 1210 4908 cathedram
1241 4857 1621 4923 episcoporum
1646 4856 1810 4920 hunc,
1841 4865 1897 4909 et

317 4948 491 5012 illum,
526 4948 618 5016 qui
662 4963 728 5002 ex
771 4947 986 5000 illorum
1039 4961 1266 5001 numero
1304 4956 1450 5010 sunt,
1486 4947 1890 5002 Encratitarum

319 5041 592 5103 videlicet,
637 5040 779 5093 haud
827 5040 953 5094 licet
981 5041 1138 5094 nobis
1170 5039 1398 5110 amplius
1433 5041 1500 5095 ab
1527 5040 1770 5096 Ecclesia
1807 5056 1896 5095 se-

318 5147 564 5199 διέκαιε,
605 5145 667 5185 ac
699 5145 1010 5198 secernere,
1033 5134 1123 5199 qui
1161 5132 1378 5186 illorum
1403 5133 1580 5186 ordini
1625 5144 1751 5188 sunt
1793 5134 1889 5187 ad-

315 5225 514 5290 iuncti,
548 5224 640 5291 qui
676 5222 868 5278 cadent
894 5223 1149 5278 nimirum
1186 5239 1305 5277 cum
1335 5224 1468 5295 ipsis
1493 5225 1752 5278 sentiunt.
1783 5223 1895 5279 Ad-

321 5311 503 5364 missis
533 5327 768 5381 namque
794 5314 1030 5382 ipsorum
1067 5313 1357 5382 episcopis,
1407 5313 1573 5367 veluti
1623 5327 1891 5368 canonem

317 5412 370 5456 et
402 5411 580 5473 typum
607 5412 830 5458 caeteros
859 5419 1075 5474 quoque
1104 5404 1424 5460 admittendi
1465 5410 1566 5476 per
1594 5418 1690 5460 eos
1727 5405 1898 5460 edidi-

324 5509 464 5548 "IIIS.

392 5583 619 5640 AltlST.
662 5584 962 5641 [hereticus
1008 5593 1125 5652 est,
1175 5589 1267 5656 qui
1307 5587 1451 5643 circa
1506 5586 1662 5643 [idem
1707 5597 1899 5647 errat:

319 5677 409 5745 qui
453 5692 583 5733 vero
613 5679 758 5734 circa
802 5678 1174 5734 medicabilem
1230 5681 1467 5749 aliquam
1513 5682 1895 5750 quaestionem,

319 5768 699 5830 schismaticus
744 5789 758 5826 :
809 5774 1140 5844 immorigeri
1182 5788 1347 5841 vero,
1420 5777 1512 5844 qui
1563 5785 1895 5845 congregant

1997 4589 2218 4659 τοιαύτη
2267 4586 2374 4658 ἦν·
2411 4591 2661 4662 ἐμψύχου
2714 4594 2916 4658 παντὸς
2969 4595 3285 4666 ἀπείχοντο,
3344 4599 3437 4651 καὶ
3479 4599 3574 4651 τὸν

1996 4679 2174 4750 γάμον
2223 4679 2509 4750 ἠρνοῦντο,
2571 4683 2663 4736 τοῦ
2728 4684 2948 4739 Σατανᾶ
3016 4686 3312 4750 καλοῦντες
3367 4689 3574 4742 αὐτόν’

1997 4769 2333 4839 λέγονταιδέ
2400 4776 2622 4842 φρονεῖν
2661 4775 2759 4827 καὶ
2809 4774 2880 4829 τὰ
2929 4776 3024 4830 τοῦ
3067 4778 3416 4847 Μαρκίωνος.
3447 4778 3573 4832 Ὅτι

1998 4863 2077 4929 δὲ,
2111 4866 2300 4934 φησὶν,
2340 4865 2648 4936 ἐδεξάμεθα
2696 4867 2798 4939 ἤδη
2859 4870 2942 4932 είς
2999 4873 3097 4940 τὴν
3155 4871 3428 4941 καθέδραν
3463 4872 3575 4923 τῶν

1998 4955 2316 5008 ἐπισκόπων
2361 4957 2511 5010 τόνδε
2549 4958 2645 5012 καὶ
2685 4960 2855 5027 τόνδε,
2891 4961 2952 5029 ἐξ
2992 4963 3222 5016 ἐκείνων
3255 4963 3439 5028 ὄντας,
3467 4965 3579 5016 τῶν

2013 5047 2386 5118 Ἐγκρατιτῶν
2429 5049 2654 5120 δηλαδὴ,
2700 5052 2886 5107 οὐκέτι
2945 5056 3225 5126 δυνάμεθα
3271 5059 3576 5128 διακρίνειν

2001 5139 2093 5188 καί
2143 5136 2497 5206 διαχωρίζειν
2551 5141 2660 5194 ἀπὸ
2724 5143 2826 5210 τῆς
2894 5144 3224 5215 Ἐκκλησίας
3309 5151 3435 5210 τοὺς
3496 5147 3577 5218 τῷ

1997 5228 2239 5295 τάγματι
2299 5229 2528 5283 ἐκείνων
2581 5234 3004 5304 συνημμένους·
3058 5237 3227 5309 ἤγουν
3278 5241 3404 5303 τοὺς
3448 5242 3580 5310 ὁμο-

1997 5319 2182 5383 δόξους
2231 5319 2481 5386 ἐκείνοις.
2536 5323 2832 5396 Δεξάμενοι
2891 5329 2999 5399 γὰρ
3049 5331 3178 5394 τοὺς
3239 5332 3579 5395 ἐπισκόπους

1995 5411 2196 5476 αὐτῶν,
2235 5415 2438 5468 κανόνα
2483 5419 2580 5468 καὶ
2619 5417 2791 5472 τύπον
2824 5421 3016 5494 ὥσπερ
3051 5423 3292 5492 ἐθέμεθα
3327 5424 3394 5478 δι’
3428 5427 3577 5479 ὲκεί-

1994 5522 2122 5568 νων,
2162 5506 2257 5558 καὶ
2292 5506 2419 5570 τοὺς
2455 5507 2679 5574 λοιποὺς
2714 5510 2988 5581 δέχεσθαι.

2066 5593 2604 5666 ΑΡΙΣΤ.Ἀίρετικὸς
2636 5600 2664 5650 6
2717 5603 2859 5653 κατὰ
2906 5604 3004 5672 τὴν
3033 5602 3215 5655 πὲστιν
3259 5604 3540 5675 ἀλλότριος
3565 5621 3579 5633 ο

1997 5687 2024 5738 6
2067 5688 2123 5739 δὲ
2169 5689 2308 5741 κατά
2340 5707 2394 5742 τι
2441 5694 2660 5761 ίασιμον
2714 5691 2941 5764 ζήτημα
2979 5699 3369 5768 σχισματικός.
3419 5698 3483 5752 Oi
3525 5700 3582 5751 ea

2004 5781 2326 5848 συαγοντες
2377 5785 2743 5842 ἀνυπότακτοι
2785 5806 3010 5854 το,τους
3043 5790 3076 5862 ἢ
3115 5791 3360 5850 ἐκείνους
3397 5809 3574 5863 παρα·
