4076 6404
334 353 437 419 5‘35

1243 352 1324 414 IN
1369 350 1614 413 EPIST.
1647 353 1705 413 S.
1743 347 2027 411 BASiLlI
2091 347 2529 411 CANONICAM
2580 349 2624 414 Ι.

3476 349 3577 417 586

340 471 665 537 συνάγτεγοι.
719 465 790 520 Τὸ
850 463 908 533 ἐξ
965 466 1242 536 αίρετικοῦ
1294 465 1580 537 βάπτισμα
1632 465 1899 518 ἄδεκτον·

2016 459 2106 514 hos
2135 460 2213 513 vel
2249 461 2399 523 istos,
2443 471 2570 514 sunt
2611 461 3022 530 parasynagogi.
3059 459 3330 532 Baptisma
3365 464 3435 519 ab
3469 465 3578 519 ha:-

335 560 524 614 δεκτον
558 559 614 611 δὲ
644 557 705 609 τὸ
739 555 1071 625 ἀποσχίστω
1100 555 1196 607 καὶ
1247 553 1750 626 παρασυναγὼγου.
1793 551 1910 606 Πα-

339 652 608 720 ράκλητον
637 649 686 700 oi.
718 647 1056 715 Πεπουζηνοὶ
1081 646 1172 698 τὸν
1215 645 1490 700 Μοντιανὸν
1512 644 1870 714 ὀνομάζουσιν
1889 657 1905 672 ·

333 745 457 797 ὅθεν
489 743 582 794 καὶ
613 740 692 802 είς
727 739 889 794 αὐτὸν
919 737 1302 808 βαπτιζόμενοι
1336 736 1680 790 ἁϐάπτιστοι.
1704 735 1778 788 Τὸ
1801 731 1910 788 τῶν

337 833 614 905 Καθαρῶν
658 833 752 887 καὶ
811 829 1336 901 ’Υδροπαραστατῶν
1381 827 1474 881 καὶ
1535 825 1910 896 Ἐγκρατιτῶν

339 929 644 997 βάπτισμα,
674 929 720 979 εἰ
749 927 842 980 καὶ
871 925 1116 988 ἄδεκτον,
1149 923 1236 977 διὰ
1265 923 1326 976 τὸ
1371 919 1648 989 ἐπιλεῖψαι
1694 918 1911 980 τούτοις

334 1022 396 1073 τὸ
451 1019 675 1088 Πνεῦμα
727 1017 787 1072 τὸ
845 1017 1022 1086 ἅγιον,
1048 1017 1168 1072 ἀλλ’
1224 1015 1318 1069 οὖν
1372 1013 1684 1084 οξκονομίας
1744 1011 1910 1084 χάριν

336 1115 492 1168 ἔστω.

410 1385 470 1438 Οί
513 1384 587 1455 μὴ
647 1378 1032 1445 κοινωνοῦντες
1081 1383 1147 1451 τῇ
1199 1379 1460 1448 καθολικῇ
1504 1371 1800 1447 Ἐκκλησία
1830 1377 1913 1438 εἰς

334 1478 465 1547 ’τρία
493 1474 825 1543 διαιροῦνται
847 1487 862 1503 ³
899 1475 977 1536 είς
1006 1472 1338 1542 αἱρετικοῦς,
1381 1470 1461 1532 είς
1495 1467 1909 1538 σχισματικοὺς,

337 1570 435 1622 καὶ
480 1565 1005 1635 παρασυναγώγους.
1039 1565 1148 1618 Καὶ
1203 1562 1471 1632 αἱρετικοὶ
1521 1561 1621 1630 μέν
1668 1561 1809 1612 εἰσιν
1859 1559 1909 1611 oi

332 1663 434 1730 τῆς
459 1664 538 1722 εἰς
577 1661 710 1714 Θεὸν
747 1659 987 1722 πίστεως
1031 1656 1312 1717 παντελῶς
1365 1654 1909 1724 ἀπαλλοτριῶσαντες

335 1754 561 1818 ἑαυτούς
581 1767 596 1785 ο
621 1753 694 1815 ὡς
723 1755 770 1806 oi
794 1750 1154 1820 Πεπουζηνοὶ,
1179 1751 1225 1803 οί
1251 1749 1568 1819 Μανιχαὶᾟι,
1601 1749 1648 1799 ot
1679 1746 1910 1798 Οὐαλεν-

2014 552 2183 605 retico
2205 552 2556 618 celebratum,
2598 567 2704 605 non
2757 552 3123 622 recipiendum
3161 570 3176 608 :
3216 555 3582 625 recipiendum

2012 656 2142 695 vero
2185 641 2324 710 quod
2377 657 2406 696 a
2461 643 2816 698 schismatieo
2853 643 2937 698 vel
2995 660 3404 718 parasynagOgo
3448 649 3590 704 cele-

2014 732 2223 788 bratur.
2277 731 2542 803 Pepuzeni
2581 733 2896 790 Montanum
2943 739 3286 792 nominarunt
3336 740 3587 796 Paracle—

2016 831 2152 884 tum,
2185 833 2513 892 quapr0pter
2541 824 2632 893 qui
2668 825 2719 877 in
2761 840 2882 878 eum
2923 825 3282 894 baptizantur,
3315 844 3420 884 non
3458 842 3585 884 sunt

2011 914 2296 983 baptizati.
2331 915 2688 969 Catharorum
2709 927 2762 971 et
2784 915 3393 988 Hydroparastatarum,
3423 934 3586 993 atque

2013 1003 2415 1060 Encratitarum
2476 1007 2742 1074 baptisma
2780 1011 2991 1064 etiamsi
3036 1026 3143 1066 non
3197 1012 3270 1066 sit
3319 1015 3588 1082 recipien-

2014 1087 2162 1155 dum,
2198 1102 2418 1160 propter
2465 1092 2698 1161 Spiritus
2746 1097 2920 1150 sancti
2969 1101 3110 1168 apud
3137 1115 3230 1156 eos
3275 1103 3583 1170 defectum,

2015 1183 2369 1240 nihilominus
2405 1187 2722 1241 oeconomia:
2757 1203 2920 1243 causa
2954 1191 3300 1261 suscipiatur.

2087 1363 2186 1430 Qui
2213 1380 2333 1420 cum
2371 1361 2613 1422 Ecclesia
2647 1367 2913 1423 catholica
2940 1383 3046 1425 non
3078 1377 3500 1445 communicant,
3533 1379 3588 1433 in

2014 1459 2116 1510 tria
2140 1471 2333 1525 genera
2360 1458 2691 1524 dividuntur,
2720 1459 2774 1512 in
2799 1460 3100 1530 haereticos,
3121 1464 3172 1517 in
3190 1465 3585 1534 schisntaticos,

2013 1557 2068 1602 et
2100 1563 2562 1620 parasynagogos.
2595 1548 2661 1604 Et
2690 1552 2930 1608 haeretici
2964 1555 3184 1624 quidem
3221 1567 3346 1613 sunt
3387 1561 3462 1628 ii,
3495 1564 3588 1633 qui

2010 1655 2130 1697 sese
2171 1655 2198 1694 a
2233 1641 2333 1696 [ide
2360 1641 2416 1696 in
2452 1642 2618 1696 Deum
2649 1643 2870 1698 omnino
2895 1644 3296 1716 abalienarunt,
3333 1661 3390 1706 ut
3413 1652 3590 1723 Pepu-

2011 1735 2151 1794 zeni,
2177 1734 2482 1799 Maniclttei,
2508 1735 2899 1803 Valentiniani,
2933 1735 3315 1810 Marcionistae,
3351 1754 3404 1799 et
3435 1749 3585 1802 multi

332 1847 584 1906 τινιανοὶ,
617 1846 666 1897 oi
707 1839 1143 1914 Μαρκιωνισταὶ,
1174 1839 1272 1894 καὶ
1299 1837 1449 1892 ἄλλοι
1481 1834 1688 1889 πολλοί.
1715 1835 1780 1888 Οί
1808 1833 1907 1904 μὲν

2016 1827 2123 1882 alii.
2143 1825 2416 1898 Pepuaeni
2435 1829 2578 1884 enim
2594 1829 2904 1885 Montanum
2922 1832 3204 1888 nominaut
3223 1835 3293 1889 Pa
3305 1838 3585 1905 raeletum,

333 1936 442 2005 γὰρ
469 1935 808 2006 Πεπουζηνοὶ
854 1934 946 1988 τὸν
990 1931 1264 1986 Μοντανὺν
1311 1928 1664 2000 παράκλητον
1708 1925 1905 1996 ὀνομάέ

333 2027 508 2092 ζουσι,
537 2027 630 2079 καὶ
657 2025 755 2088 τὰς
790 2023 1158 2092 συναφθείσας
1197 2021 1360 2090 αὐτῷ.
1379 2018 1653 2090 πορνικῶς
1682 2017 1776 2072 δύο
1804 2033 1905 2084 γυ-

335 2121 548 2184 ναῖκας,
585 2118 915 2190 Πρίσκιλλαν
951 2117 1039 2171 καὶ
1073 2115 1436 2184 Μαξίμιλλαν,
1467 2113 1544 2177 ὡς
1570 2111 1907 2185 προφήτιδας

333 2214 538 2284 ἔχουσι.
568 2211 707 2275 Τοὺς
755 2211 968 2280 γάμους
1001 2209 1307 2280 ἀδιαφόρως
1346 2207 1534 2260 λύουσι
1558 2219 1575 2240 ο
1618 2204 1680 2258 τὸ
1716 2205 1908 2273 Πάσχα

332 2305 749 2376 διαστρέφουσιο
787 2303 885 2366 τὰς
918 2303 1066 2374 τρεῖς
1092 2301 1430 2363 ὑποστάσεις
1473 2299 1574 2369 τῆς
1619 2297 1905 2368 ὀμοουσῐου

338 2399 605 2467 Θεότητος
628 2397 705 2460 εἰς
731 2396 789 2450 ἒν
818 2395 1105 2464 συγχέουσι
1128 2394 1438 2462 πρόσωπον,
1465 2392 1559 2444 καὶ
1595 2390 1762 2460 ἕτερά
1790 2406 1908 2442 τινα

333 2488 507 2559 ἀσεϐῆ
535 2487 760 2542 τοιαῦτα
795 2487 1106 2556 φρονοῦσιν.
1127 2486 1190 2539 Oi
1214 2484 1268 2537 δὲ
1295 2485 1588 2555 Μανιχαῖοι
1616 2483 1710 2534 δύο
1735 2481 1908 2551 ἀρχὰς

335 2581 647 2648 εἰσάγουσιν
689 2581 960 2642 ἐναντίας,
1011 2577 1107 2630 καὶ
1154 2576 1482 2638 ἱσοσθενεῖς⁶
1523 2574 1618 2628 καὶ
1661 2573 1758 2645 τὴν
1809 2572 1910 2641 μὲν

337 2673 516 2742 φωτὸς
546 2671 861 2737 δοξάζουσιν
902 2667 1040 2723 εἶναι
1080 2668 1392 2738 παραίτιον,
1426 2665 1526 2736 τὴν
1571 2665 1627 2718 δὲ
1663 2664 1908 2726 σκότους.

337 2767 448 2821 Καὶ
476 2767 628 2838 ἥλιον
661 2765 756 2819 καὶ
797 2764 1026 2835 σελήνην
1081 2759 1454 2815 θεοποιοῦνται
1481 2774 1497 2789 ³
1533 2756 1628 2812 καὶ⁹
1664 2757 1753 2810 τὸν
1799 2757 1912 2810 διὰ-

338 2860 493 2912 εολον
520 2858 616 2928 τῆς
660 2856 794 2924 ὕλης
835 2852 1336 2926 προσαγορεύουσιν
1381 2851 1620 2920 ἄρχοντα
1647 2865 1661 2880 ·
1697 2847 1911 2902 καὶτὸν

337 2952 520 3019 γάμον
572 2948 888 3018 νομοθεσίαν
930 2945 1155 2998 καλοῦσι
1214 2945 1307 2996 τοῦ
1360 2943 1613 3011 δαίμονος
1640 2957 1652 2970 ο
1689 2942 1782 2991 καὶ.
1812 2937 1911 3007 τὴν

344 3045 425 3108 είς
469 3044 591 3106 τοὺς
622 3042 916 3112 δεομένους
978 3041 1263 3110 μετάδοσιν
1313 3036 1573 3104 ἀνομημα
1625 3031 1909 3101 κρίνουσι·

345 3141 437 3193 καὶ
461 3137 550 3188 τὸν
584 3135 785 3204 Κύριον
819 3133 972 3186 οὐδὲν
1003 3128 1342 3201 ἀνθρώπινον
1377 3127 1657 3196 εἰληφέναι
1689 3140 1908 3194 σαρκω-

2008 1929 2063 1976 et
2107 1923 2238 1976 duas
2271 1921 2525 1977 mulieres
2551 1922 2814 1978 adulterio
2846 1923 2896 1978 ei
2925 1925 3240 1995 conjunctas
3283 1928 3582 1987 Priscillam

2007 2021 2061 2068 et
2085 2012 2428 2067 Maximillam
2468 2025 2564 2083 pro
2592 2015 2951 2085 prophetissis
2979 2016 3198 2073 habent.
3241 2018 3466 2089 Nuptias
3505 2027 3587 2078 in-

2009 2102 2316 2157 differenter
2345 2103 2582 2168 solvunt,
2613 2105 2821 2160 Pascha
2845 2116 3180 2175 pervertunt,
3217 2119 3324 2164 tres
3354 2115 3587 2169 censui).

2010 2196 2278 2250 stantialis
2304 2196 2532 2251 Deitatis
2572 2196 2951 2253 subsistentias
2995 2199 3046 2252 in
3079 2215 3243 2254 unam
3287 2217 3578 2272 personam

1980 2287 2345 2341 confundunt
2367 2327 2380 2350 ,
2414 2296 2467 2342 et
2500 2288 2603 2342 alia
2639 2288 2890 2358 quaedam
2919 2283 3221 2345 istiusmodi
3270 2291 3433 2362 impia
3463 2311 3587 2350 sen-

2013 2381 2172 2435 tiunt.
2204 2377 2486 2433 Manichasi
2543 2389 2722 2434 autem
2765 2379 2872 2435 duo
2922 2383 3188 2454 principia
3241 2386 3590 2444 introducunt

2011 2471 2307 2536 contraria,
2356 2478 2412 2524 et
2461 2469 2655 2541 aequali
2708 2473 2950 2541 patentia
3015 2477 3276 2543 praedita,
3323 2490 3378 2534 et
3421 2496 3586 2537 unum

2012 2565 2231 2632 quidem
2268 2563 2405 2619 lucis
2436 2578 2654 2620 causam
2693 2581 2814 2622 esse
2855 2567 3170 2637 opinantur,
3208 2570 3440 2626 alterum
3485 2588 3588 2628 au-

2017 2664 2123 2709 tem
2167 2655 2541 2710 tenebrarum.
2581 2655 2764 2711 Solem
2794 2668 2848 2713 et
2879 2659 3060 2714 lunam
3091 2659 3223 2718 deos
3265 2661 3504 2732 faciunt,
3536 2679 3592 2722 et

2019 2747 2297 2802 diabolum
2345 2748 2591 2803 materiae
2637 2750 2940 2819 principem
2975 2751 3249 2821 appellant
3287 2762 3342 2810 et
3376 2758 3590 2826 nuptias

2014 2841 2272 2896 dannonis
2309 2850 2635 2910 praeceptum
2667 2853 2883 2906 vocant,
2915 2851 2970 2898 et
3004 2846 3068 2898 ad
3091 2860 3292 2915 egenos
3321 2844 3584 2904 distribu-

2016 2931 2213 2986 tionem
2249 2929 2507 3002 ﬂagitium
2541 2933 2806 3004 iudicant,
2833 2943 2886 2992 et
2917 2937 3202 2993 Dominum
3241 2939 3587 2998 incarnatuin

2016 3024 2149 3078 nihil
2169 3026 2461 3080 humanum
2485 3026 2847 3095 assumpsisse
2870 3022 3223 3094 arbitrantur,
3253 3040 3305 3086 et
3333 3036 3550 3089 erucem
3579 3079 3588 3100 ,

2018 3123 2072 3169 et
2107 3123 2337 3170 mortem
2376 3125 2429 3172 et
2447 3118 2897 3173 resurrectionem
2937 3128 3123 3175 utnon
3149 3137 3278 3178 vere
3311 3124 3452 3180 facta
3478 3127 3591 3181 ele-

348 3186 436 3193 "w'
474 3186 484 3188 ἡ
503 3186 511 3187 ί
533 3186 539 3188 ⁷
589 3186 622 3188 ‘7
673 3186 683 3204 |
1108 3186 1119 3201 I
1483 3186 1492 3196 Ι
1513 3186 1524 3194 -
1764 3186 1776 3194 ς

340 3231 501 3284 θέντα
533 3228 814 3294 δοξάζουσι
835 3240 849 3257 ⁸
888 3225 980 3279 καὶ
1008 3225 1097 3278 τον
1126 3223 1380 3292 σταυρὸν,
1413 3223 1506 3273 καὶ
1537 3220 1629 3272 τὸν
1653 3217 1906 3283 θάνατον,

2016 3216 2161 3274 vant,
2186 3209 2644 3280 etquamplurima
2675 3212 2834 3280 impia
2857 3212 3074 3269 docent.
3103 3213 3467 3273 Valentiniani
3496 3236 3592 3276 att-

341 3324 432 3376 καὶ
475 3322 574 3392 τὴν
627 3321 946 3383 ἀνάστασιν,
976 3317 1050 3381 ὡς
1111 3315 1186 3385 μὴ
1237 3317 1301 3386 τῇ
1354 3312 1582 3384 ἀληθείᾳ
1618 3310 1907 3380 γενόμενα,

339 3411 693 3482 διασύρουσι·
730 3409 825 3462 καὶ
855 3405 1025 3478 μύρια
1074 3404 1208 3459 ἄλλα
1242 3403 1410 3473 ἀσεϐῆ
1467 3398 1910 3470 δογματίζουσιν.

342 3505 402 3556 Οἱ
430 3505 484 3556 δὲ
510 3501 948 3557 Οὑαλεντινιανοὶ
973 3499 1073 3569 τῆς
1108 3497 1308 3567 σαρκὸς
1356 3495 1764 3564 ἀπαγορεύουσι
1811 3492 1911 3562 τὴν

345 3600 670 3651 ἀνάστασινσ
704 3596 801 3664 τὴν
844 3591 1081 3646 παλαιὰν
1129 3588 1384 3644 ἁθετοῦσι
1436 3587 1738 3657 Διαθήκην,
1790 3590 1914 3648 τοὶς

348 3691 626 3760 προφήτας
678 3685 1144 3755 ἀναγινώσκοντες
1195 3683 1287 3734 καὶ
1337 3681 1472 3749 πρὶς
1518 3678 1616 3749 τὴν
1661 3676 1914 3745 αίσθησιν

343 3784 521 3838 aiat-(Iw
555 3783 776 3843 τούτους
825 3777 1348 3848 μεθερμηνεύοντες,
1380 3771 1708 3842 μυθολογίας
1760 3770 1913 3830 τινὰς

341 3876 786 3929 ἀναπλάττουσιο
834 3871 928 3925 καὶ
969 3871 1061 3922 τὸν
1117 3866 1351 3938 Χριστὸν
1407 3865 1505 3919 ἀπ’
1553 3863 1784 3935 οὐρανοῦ
1832 3863 1917 3916 λέ-

340 3986 497 4036 γουσι
531 3971 629 4037 τὴν
665 3965 848 4036 σάρκα
879 3962 1252 4029 κατενεγκεῖν,
1287 3958 1383 4011 καὶ
1424 3957 1499 4021 ὡς
1531 3955 1620 4009 διά
1649 3955 1910 4024 σωλῆνος,

341 4057 568 4112 διελθεῖν
616 4057 717 4124 τῆς
779 4052 1101 4124 Παρθένου·
1152 4049 1248 4102 καὶ
1310 4045 1451 4101 ἄλλα
1511 4046 1636 4098 τινά
1688 4043 1917 4096 τοιαῦτα

343 4150 640 4219 βλάσφημα
673 4143 1030 4216 ληρωδοῦσιν.
1062 4141 1126 4194 Οί
1157 4141 1212 4193 δὲ
1240 4136 1656 4210 Μαρκιωνισταί
1685 4137 1826 4188 εἰσιν
1864 4133 1916 4186 οι

340 4242 709 4303 Μασαλιανοὶ,
734 4239 782 4292 oi.
813 4240 907 4291 καὶ
957 4235 1182 4304 Εύχῖται
1218 4229 1649 4302 ὲρμηνευόμενοι
1671 4245 1685 4261 ο
1713 4227 1915 4290 οἵτινες

341 4334 718 4403 πολυκέφαλον
753 4330 846 4384 καὶ
886 4326 1242 4394 πολυώνυμον
1270 4322 1370 4393 τὴν
1411 4321 1624 4390 αἵρεσιν
1678 4318 1913 4389 ἔχουσιν.

343 4423 504 4484 Οὗτοι
533 4428 664 4498 γοῦν
697 4425 896 4484 πάντες
929 4421 1028 4491 τῆς
1078 4417 1344 4488 αἱρέσεως
1375 4413 1559 4469 αὐτῶν
1609 4429 1919 4483 μεταστρα·

345 4530 556 4598 φέντες,
591 4521 686 4577 καὶ
715 4521 781 4589 τῇ
813 4515 1100 4588 ἀμωμήτῳ
1144 4509 1326 4562 πίστει
1371 4505 1785 4598 προσελθόντες,
1820 4503 1918 4574 βα-

344 4597 650 4686 πτίζονται,
691 4613 781 4667 διὰ
814 4611 874 4663 τι
907 4604 1216 4662 ἀθετεῖσθαι
1270 4601 1403 4670 παρ’
1448 4600 1606 4670 ἡμῶν
1629 4597 1690 4651 τδ
1722 4597 1918 4665 βάπτισ-

347 4727 460 4784 σμα
488 4709 689 4767 αὐτῶν.
734 4700 1093 4775 Σχισματικοὶ
1120 4697 1177 4750 δέ
1207 4695 1348 4748 εἰσιν
1376 4693 1424 4745 oi
1458 4692 1556 4762 τῆς
1589 4689 1919 4784 Ἐκκλησίας

344 4805 573 4866 ἑαυτοὺς
630 4799 1082 4868 ἀποστήσαντεςο
1115 4790 1190 4852 ὡς
1241 4788 1292 4840 οἱ
1347 4785 1689 4846 Δονατισταὶ,
1719 4783 1816 4836 καὶ
1866 4783 1917 4834 οἱ

343 4896 630 4962 λεγόμενοι
664 4889 934 4956 Καθαροὶ,
983 4881 1078 4936 καὶ
1137 4879 1187 4931 oi
1239 4873 1791 4945 'Y6ponzpac‘rémt,
1826 4871 1921 4962 καὶ

346 4988 395 5039 οἱ
424 4961 812 5054 νἘγκρατῖται.
861 4970 1023 5030 Οὗτοι
1074 4975 1205 5043 γὰρ,
1240 4973 1289 5022 εί
1334 4965 1728 5035 ἐπιστρέφουσι
1782 4961 1922 5033 πρὸς

345 5081 444 5150 τὴν
476 5077 775 5144 καθολικὴν
821 5070 1172 5138 Ἐκκλησίαν,
1203 5061 1426 5124 καὶτὰς
1453 5060 1695 5150 αἱρέσεις
1728 5055 1920 5150 αὐτῶν

345 5145 860 5236 ἀναθεματίσουσιν,
891 5157 966 5219 ὡς
999 5151 1423 5225 βεϐαπτισμένοι
1475 5145 1922 5217 παραδεχθήσον-

345 5273 460 5325 ται,
487 5258 581 5311 καὶ
614 5254 760 5324 μόνῳ
781 5251 860 5320 τῷ
910 5248 1050 5318 ἁγίῳ
1081 5243 1240 5315 μύρῳ
1291 5239 1705 5311 χρισθήσονται.
1742 5237 1925 5306 Παραυ-

349 5351 658 5418 συνὰγωγοι
739 5345 796 5398 δέ
871 5343 1009 5394 είσιν
1071 5337 1122 5388 oi.
1174 5333 1599 5402 κατακριθέντες
1665 5329 1759 5380 ἐπί
1810 5344 1924 5380 τισι

346 5443 689 5512 πταίσμασιν
724 5437 1036 5497 ἐπίσκοποι,
1066 5430 1100 5501 ἦ
1133 5425 1519 5498 πρεσὸύτεροι,
1567 5424 1660 5476 καὶ
1693 5437 1924 5491 μετακι-

347 5534 604 5608 νηθέντες
634 5532 732 5597 τῆς
764 5524 1129 5596 λειτουργίας,
1153 5519 1249 5572 καὶ
1293 5519 1369 5586 μὴ
1398 5515 1778 5583 ὑποκύψαντες
1808 5513 1924 5608 τοῖς

348 5604 591 5688 κανόσιν,
621 5621 737 5678 ἀλλ’
770 5620 999 5680 ἑαυτοὺς
1022 5612 1355 5675 αὐθεντικῶς
1383 5610 1794 5678 ὲκδικήσαντες,
1819 5604 1920 5674 τὴν

349 5719 666 5792 προεδρίαν,
699 5715 794 5769 καὶ
839 5712 938 5782 τὴν
983 5704 1352 5776 λειτουργίαν,
1390 5701 1482 5756 καὶ
1525 5700 1920 5768 θυσιαστήριον

2014 3307 2121 3355 tem
2176 3303 2360 3356 carnis
2406 3305 2865 3359 resurrectionem
2927 3318 3147 3377 negant,
3209 3318 3366 3365 vetus
3399 3311 3587 3366 Testa‘

2019 3406 2258 3451 mentum
2306 3397 2578 3466 rejiciunt,
2615 3399 2907 3468 prophetas
2945 3399 3189 3470 legentes
3227 3409 3282 3458 et
3327 3403 3392 3458 ad
3435 3421 3590 3460 suam

2016 3488 2420 3554 perceptionem
2453 3501 2547 3542 eos
2567 3488 3012 3558 interpretantes,
3038 3491 3394 3565 mythologias
3423 3511 3588 3565 quas-

2017 3581 2138 3630 dam
2194 3578 2476 3649 emngunl,
2518 3589 2572 3634 et
2614 3580 2888 3634 Christum
2937 3598 2965 3636 a
3008 3584 3147 3638 coelo
3176 3599 3395 3640 carnem
3447 3595 3594 3641 attu-

2017 3670 2166 3734 lisse,
2196 3680 2251 3724 et
2281 3669 2554 3741 Virginem
2594 3680 2856 3740 tanquam
2899 3688 2994 3743 per
3024 3676 3268 3730 canalem
3312 3681 3596 3736 transiisse

2018 3761 2224 3823 dit-unt,
2247 3770 2302 3814 et
2333 3761 2436 3814 alia
2466 3763 2723 3816 nonnulla
2769 3763 3075 3818 istiusmodi
3120 3765 3435 3832 blasphema
3460 3769 3597 3823 deli-

2020 3863 2200 3906 rantes
2235 3852 2541 3922 proferunt.
2584 3853 2948 3909 Marcionistm
2982 3869 3108 3910 vero
3141 3867 3269 3912 sunt
3299 3861 3391 3928 qui
3413 3857 3597 3917 Masa-

2019 3943 2150 3996 liani
2191 3955 2246 3997 et
2313 3942 2557 3998 Eucbitaa
2603 3945 3048 4014 interpretantur,
3081 3959 3313 4015 quorum
3372 3950 3598 4006 hznresis

2019 4037 2372 4090 multiformis
2417 4045 2500 4091 est
2543 4046 2598 4090 et
2632 4037 3050 4093 multinominis.
3087 4036 3148 4092 Hi
3181 4039 3363 4111 itaque
3405 4056 3596 4098 omnes

2019 4131 2086 4185 ab
2125 4132 2312 4187 haeresi
2347 4147 2443 4186 sua
2475 4133 2745 4197 conversi,
2791 4141 2846 4187 et
2878 4133 2942 4188 ad
2987 4139 3189 4188 rectam
3231 4132 3390 4190 iidem
3437 4152 3597 4192 acce-

2019 4223 2230 4289 dentes,
2263 4223 2633 4294 baptizantur,
2681 4225 2806 4294 quia
2847 4221 3034 4281 eorum
3076 4225 3345 4296 baptisma
3377 4243 3405 4282 a
3441 4228 3600 4283 nobis

2021 4329 2120 4384 pro
2161 4315 2332 4371 nihilo
2362 4317 2598 4370 ducitur.
2649 4313 2994 4371 Schismatici
3021 4328 3200 4372 autem
3233 4330 3382 4385 Sunt,
3409 4321 3497 4388 qui
3532 4322 3601 4374 ab

2019 4402 2264 4462 Ecclesia
2291 4423 2412 4464 sese
2446 4408 2819 4476 absciderunt,
2846 4419 2901 4463 ut
2925 4410 3217 4466 Donatista:
3237 4451 3250 4473 ,
3287 4423 3341 4466 et
3370 4415 3459 4481 qui
3492 4412 3602 4469 Ca-

1951 4534 1996 4590 D
2022 4499 2162 4553 thari
2187 4499 2460 4564 dicuntur,
2497 4507 2551 4554 et
2569 4498 3073 4570 ltydroparastatae,
3105 4510 3159 4554 et
3194 4501 3504 4558 Encratitae.
3535 4502 3601 4558 lli

2027 4589 2173 4644 enim
2228 4589 2275 4644 si
2322 4590 2387 4643 ad
2415 4591 2741 4645 catholicam
2783 4592 3007 4646 redeant
3040 4591 3355 4658 Ecclesiam,
3394 4605 3447 4648 et
3493 4595 3602 4648 Ita:-

2031 4697 2177 4737 reses
2223 4695 2350 4736 suas
2392 4681 2875 4749 anatltematizent,
2908 4693 2965 4736 ut
3006 4681 3262 4751 baptiz'ati
3313 4685 3602 4740 admitten-

2027 4783 2138 4838 tnr,
2175 4782 2230 4828 et
2261 4773 2377 4827 solo
2415 4785 2607 4827 sancto
2651 4773 2946 4828 chrismate
2974 4782 3262 4842 ungentur.
3302 4775 3603 4846 Parasyna~

2026 4867 2148 4938 gogi
2174 4877 2358 4921 autem
2392 4877 2518 4921 sum
2551 4866 2789 4934 episcopi
2819 4876 2910 4920 aut
2941 4867 3242 4936 presbyteri
3271 4869 3361 4939 qui
3392 4872 3462 4924 ob
3491 4872 3602 4924 cri-

2028 4960 2177 5014 mina
2217 4959 2395 5028 aliqua
2430 4959 2798 5022 condemnati,
2832 4957 2895 5013 et
2923 4959 3226 5014 ministerio
3259 4976 3416 5016 sacro
3450 4965 3604 5028 moti,

2029 5066 2082 5109 et
2105 5053 2404 5109 canonibus
2434 5067 2537 5106 non
2580 5052 2971 5116 auscultantes,
3003 5051 3098 5106 sed
3132 5067 3190 5106 se
3218 5068 3338 5108 cum
3370 5056 3602 5110 auctori-

2031 5157 2141 5201 tate
2160 5145 2535 5207 defendentes,
2565 5143 2988 5227 praesideutiatn,
3039 5151 3092 5196 et
3124 5144 3422 5214 liturgiam,
3445 5156 3500 5200 et
3522 5148 3602 5198 al-

2028 5248 2144 5294 tare
2162 5237 2264 5308 51
2303 5237 2445 5292 aliud
2464 5243 2800 5300 struxerunt,
2826 5237 3019 5290 et-aliis
3040 5253 3151 5292 suae
3170 5253 3291 5292 esse
3323 5240 3604 5293 sententia:

2030 5335 2441 5396 persuaserunt,
2490 5335 2548 5379 ut
2602 5328 2748 5393 ipsus
2790 5335 3110 5394 sequantur,
3158 5337 3216 5380 et
3277 5329 3600 5383 catholicam

2032 5422 2283 5475 deserant
2314 5418 2633 5472 Ecclesium.
2673 5417 2833 5471 Tales
2863 5417 3007 5470 enim
3032 5419 3408 5486 paenitentiam
3437 5435 3604 5489 agen-

2042 5523 2122 5567 tes
2154 5523 2207 5567 et
2239 5508 2580 5565 memorabili
2621 5509 2994 5577 resipiscentia
3031 5519 3080 5564 et
3110 5513 3465 5565 conversione
3492 5527 3604 5563 me-

2030 5608 2196 5661 liores
2218 5606 2528 5664 evadentes,
2556 5599 2816 5655 Ecclesize
2840 5601 3058 5669 iterum,
3089 5612 3146 5657 ut
3169 5619 3333 5657 unum
3380 5617 3603 5671 corpus,

2028 5693 2450 5764 coniunguntur.

351 5785 655 5888 πηξάμενοι
681 5811 892 5878 ἕτερον,
951 5806 1046 5859 καὶ
1092 5804 1195 5869 τῆς
1256 5800 1482 5867 γνώμης
1526 5795 1704 5851 αὐτῶν
1745 5795 1994 5863 γενέσθαι
2028 5792 2181 5853 τινὰς
2229 5790 2694 5860 παραπείσαντες,
2728 5788 2869 5843 ὥστε
2905 5785 3368 5855 συνακολουθῆσαι
3399 5785 3610 5850 αὐτοῖς,

553 5910 827 5970 ΡΑτιιοι.
874 5902 992 5964 (ita.
1041 5895 1416 5961 CXXXVIII.

3179 5877 3248 5937 19
