4076 6390
493 269 597 333 587

1745 270 2038 334 ΤΗΕΟΙ).
2078 270 2478 331 BALSAMON

484 384 580 437 καὶ
642 382 739 455 τὴν
811 380 1104 452 καθολικὴν
1152 381 1475 437 καταλιπεῖν
1545 383 1892 456 Ἐκκλησίαν.
1965 385 2031 437 Οἱ
2087 385 2321 438 τοιοῦτοι
2385 386 2514 457 γὰρ,
2582 387 3079 458 μεταμεληθέντες,

3652 273 3760 336 588

3143 388 3241 444 καὶ
3285 390 3549 463 μετανοίᾳ
3606 392 3748 460 ἀξιο-

482 475 650 546 λόγῳ,
702 475 798 529 καὶ
856 477 1158 546 ἐπιστροφῇ
1225 475 1632 545 βελτιωθέντες,
1686 478 2052 532 συνάπτονται
2084 479 2267 544 πάλιν,
2302 478 2372 543 ὡς
2408 479 2464 533 ἓν
2496 481 2677 551 σῶμα,
2706 484 2771 553 τῇ
2814 482 3136 555 Ἐκκλησία.

1108 568 1339 627 ΟΑΝΟΝ
1370 570 1432 624 ll.

489 664 619 729 Qua:
649 664 715 719 de
743 663 1002 719 industria
1046 661 1217 718 fetum
1241 665 1505 735 corrupit,
1528 665 1693 725 credis
1721 680 1915 735 poenas
1938 665 2068 727 luat.

561 754 803 810 Formati
835 766 1012 819 autem
1041 754 1126 810 vel
1164 754 1413 813 informis
1437 757 1705 813 subtilitas
1723 772 1751 811 a
1775 757 1932 813 nobis
1958 771 2070 817 non

563 845 900 900 attenditur:
935 846 1021 900 hic
1067 847 1236 912 enim,
1268 862 1376 903 non
1421 847 1593 905 solum
1646 848 1789 916 quod
1820 848 2073 912 ζηαεεὶιιι-

559 953 675 993 rum
703 938 827 1007 fuit,
860 938 1182 1007 vindicatur,
1213 941 1305 997 sed
1328 939 1493 1001 etiam
1512 941 1631 1009 ipsa
1656 954 1779 1008 quae
1807 939 1910 995 sibi
1942 939 2075 997 insi-

562 1031 682 1087 dias
731 1033 983 1103 paravit,
1041 1032 1300 1100 quoniam
1349 1043 1406 1086 ut
1461 1031 1751 1101 plurimum
1806 1029 2071 1100 ejusmodi

558 1121 793 1192 inceptis
816 1137 920 1177 una
970 1138 1187 1195 quoque
1232 1122 1497 1183 mulieres
1539 1123 1833 1183 intereunt.
1867 1123 1931 1175 Ei
1966 1137 2064 1175 au-

569 1219 675 1264 tem
726 1208 933 1265 accedit
980 1209 1124 1265 fetus
1172 1226 1386 1281 quoque
1436 1213 1712 1275 interitus,
1739 1212 1840 1266 alia
1870 1214 2067 1277 caedes,

564 1314 754 1369 eorum
801 1301 1041 1371 quidem,
1079 1302 1172 1372 qui
1216 1304 1331 1360 haec
1373 1305 1594 1370 audent,
1644 1303 2068 1361 existimatiOne.

560 1388 780 1459 Oportet
815 1401 998 1446 autem
1028 1406 1135 1447 non
1177 1406 1349 1469 usque
1388 1392 1454 1449 ad
1479 1392 1688 1451 obitum
1714 1407 1901 1449 eorum
1934 1406 2069 1449 con-

570 1481 866 1538 fessionem
895 1482 1214 1555 extcndere,
1264 1485 1358 1541 sed
1399 1492 1526 1554 post
1574 1484 1762 1543 decem
1799 1498 2067 1547 annorum

564 1589 875 1639 mensuram
923 1576 1231 1641 admittere.
1271 1576 1507 1637 Deﬁnire
1536 1586 1717 1637 autem
1769 1592 1876 1632 non
1926 1586 2068 1633 tem-

567 1678 721 1739 pore,
755 1667 849 1723 sed
874 1668 1032 1729 modo
1059 1668 1395 1743 poenitentia:
1428 1668 1777 1733 medicinam.

568 1846 765 1907 BALS.
802 1847 877 1904 De
900 1849 969 1913 iis
992 1864 1110 1918 qua:
1133 1849 1495 1917 fornicamur,
1527 1861 1733 1911 etsuos
1761 1851 1903 1908 fctus
1934 1867 2062 1923 per-

490 1939 666 1995 imunt
717 1941 1148 2017 medicamentis,
1194 1942 1278 2003 vel
1308 1943 1489 2014 aliquo
1517 1943 1623 2003 alio
1644 1943 1827 2013 modo,
1859 1946 2063 2005 dictum

488 2042 572 2091 est
608 2033 663 2089 in
687 2048 811 2104 cap.
848 2050 903 2102 x,
934 2034 1018 2089 tit.
1053 2035 1143 2100 13,
1177 2038 1464 2109 praesentis
1508 2037 1714 2106 operis,
1764 2047 1822 2097 et
1875 2038 1927 2097 in
1971 2052 2065 2097 ca-

494 2140 635 2182 none
667 2125 730 2180 2|
764 2127 959 2198 synodi
1001 2128 1325 2207 Ancyranae.
1380 2128 1627 2185 Praesens
1670 2138 1849 2184 autem
1890 2144 2063 2189 canon

488 2218 809 2286 decernens,
850 2234 942 2274 eas
971 2234 1093 2289 quas
1134 2221 1240 2281 tale
1275 2221 1406 2293 quid
1442 2232 1627 2293 agunt,
1668 2220 2065 2280 homicidarum

490 2311 666 2385 poenis
694 2311 906 2391 subjici,
939 2313 1126 2389 adjicit
1171 2329 1278 2369 non
1323 2329 1444 2371 esse
1497 2314 1852 2375 differentiam
1897 2315 2061 2391 ullam

490 2403 717 2473 abortivi
795 2403 939 2465 fetus
998 2405 1174 2465 :sive
1232 2408 1378 2463 enim
1441 2418 1526 2463 est
1587 2406 1859 2472 informe,
1906 2390 2065 2477 quod

447 2493 683 2549 .abortu
742 2494 1017 2568 abjectum
1073 2502 1198 2560 est,
1239 2495 1353 2549 sive
1419 2493 1750 2563 formatum,
1814 2502 1868 2547 et
1921 2494 2064 2565 quod

490 2586 655 2641 habet
714 2585 953 2647 hominis
1013 2584 1432 2653 characterem,
1493 2586 1682 2645 eadem
1753 2594 1835 2640 est
1904 2586 2064 2647 ratio.

488 2677 604 2734 lloc
651 2687 832 2733 autem
881 2677 1086 2743 dictum
1149 2687 1235 2732 est
1294 2687 1515 2752 propter
1553 2691 1668 2742 eos,
1716 2676 1809 2746 qui
1855 2676 2063 2749 dicunt,

488 2770 655 2840 quod,
690 2768 950 2849 quoniam
993 2783 1180 2829 semen
1213 2769 1265 2829 in
1299 2768 1578 2847 matricem
1624 2768 1891 2838 dejectum
1960 2783 2065 2822 non

490 2863 678 2917 statim
714 2863 984 2919 formatur
1012 2862 1065 2916 in
1092 2861 1393 2927 hominem,
1422 2863 1518 2925 sed
1556 2862 1709 2930 prius
1748 2861 1961 2937 quidem
2010 2860 2067 2921 ﬁt

489 2955 748 3026 sanguis,
784 2955 982 3011 deinde
1031 2956 1087 3013 in
1126 2969 1346 3010 carnem
1392 2953 1686 3021 humanam
1738 2953 2064 3025 concrescit,

488 3050 687 3105 deinde
714 3049 1004 3127 efﬁngitur,
1033 3057 1088 3103 et
1123 3048 1387 3107 formatur
1413 3050 1466 3101 in
1498 3047 1739 3109 membra
1781 3055 1836 3109 et
1858 3057 2067 3117 partes,

490 3155 596 3193 non
625 3139 682 3193 ﬁt
704 3138 901 3205 caedes,
936 3138 1155 3209 quando
1181 3137 1390 3192 abortio
1414 3135 1553 3193 facta
1597 3135 1941 3206 fueritfetus,
1975 3137 2075 3208 qui'

2099 577 2150 634 Δ

2769 577 3015 634 ΚΔΝΩΝ
3077 579 3155 633 Β’.

2173 667 2449 738 Φθείρασα
2506 670 2630 725 κατ’
2686 668 3066 741 ἐπιτήδευσιν.
3101 670 3262 745 φόνου
3307 671 3468 745 δίκην
3518 674 3749 749 ὑπέχειν

2162 816 2165 821 _
2246 761 2603 830 ἁκρι,6υ>.ογία
2637 762 2692 815 δὲ
2727 762 3237 869 ἑκμεμορξωμένον
3290 768 3386 819 καὶ
3412 744 3733 833 ἀνεεεωὶὸνι-

2246 869 2379 909 στου
2398 854 2529 922 παρ’
2550 854 2681 927 ἡμῖν
2712 854 2810 908 οὐκ
2842 853 3021 911 ἔστινῖ
3044 853 3310 915 Ἐνταῦθα
3329 856 3437 928 γὰρ
3454 858 3751 914 examen.

2243 945 2304 999 οὺ
2342 944 2502 1013 μόνον
2532 942 2592 1001 τὸ
2643 944 3141 1014 γεννηθησόμενον,
3180 946 3325 1003 ἀλλὰ
3380 946 3476 1001 καὶ
3528 949 3666 1018 αὑτὴ
3712 951 3748 1021 ἡ

2243 1038 2409 1107 ἑαυτῇ
2439 1036 2898 1103 ἐπιϐουλεύσασα,
2929 1037 3063 1091 διότι
3095 1039 3170 1102 ὡς
3215 1040 3309 1094 ἐπὶ
3339 1039 3400 1093 τὸ
3449 1042 3585 1099 πολὺ
3624 1045 3745 1099 ἐναο

2246 1128 2620 1198 ποθνήσκουσι
2646 1130 2772 1192 ταῖς
2793 1129 3072 1192 τοιαύταις
3110 1131 3526 1201 ἐπιχειρήσεσιν
3557 1133 3612 1185 at!
3650 1150 3745 1200 γυ-

2243 1216 2448 1285 ναῖκες.
2497 1221 2766 1290 Πρόσεστι
2815 1221 2873 1275 δὲ
2921 1222 3098 1293 τούτῳ
3153 1223 3249 1277 καὶ
3318 1224 3351 1294 ἠ
3414 1223 3591 1295 φθορὰ
3653 1224 3751 1276 τοῦ

2237 1313 2503 1385 ἐμϐρύου,
2537 1312 2725 1385 ἕτερος
2750 1314 2909 1383 φόνος
2950 1314 3093 1368 κατά
3125 1332 3190 1385 γε
3232 1318 3332 1387 τὴν
3361 1316 3607 1371 ἐπίνοιαν
3638 1316 3748 1370 τῶν

2236 1405 2413 1460 ταῦτα
2468 1404 2826 1475 τολμώντων’
2887 1404 2968 1463 δεῖ
3012 1407 3204 1479 μέντοι
3272 1407 3355 1481 μὴ
3422 1406 3593 1479 μἑχρι
3650 1408 3747 1479 τῆς

2241 1497 2423 1565 ἐξόδου
2458 1498 2810 1567 παρατείνειν
2838 1496 3017 1553 αὐτῶν
3049 1498 3148 1565 τὴν
3166 1497 3592 1570 ἐξομολόγησιν,
3612 1497 3747 1553 ἀλλὰ

2236 1589 2491 1663 δέχεσθαι
2526 1589 2665 1661 μετὰ
2686 1590 2749 1642 τὸ
2780 1590 2984 1665 μέτρον
3014 1591 3123 1646 τῶν
3148 1591 3288 1646 ,δέκα
3310 1592 3456 1648 ἐτῶν
3476 1609 3489 1624 ο
3534 1591 3747 1662 ὁρίζειν

2230 1683 2290 1737 δὲ
2320 1683 2398 1755 μὴ
2443 1684 2647 1755 χρόνῳ,
2679 1682 2816 1739 ἀλλὰ
2844 1683 3033 1757 τρόπῳ
3062 1685 3164 1759 τὴν
3213 1685 3312 1760 τῆς
3338 1685 3630 1756 μετανοίας
3662 1683 3746 1739 θε-

2236 1777 2495 1847 ραπείαν.

2240 1867 2440 1925 ΒΑΛΣ.
2479 1869 2617 1940 Περὶ
2662 1868 2773 1925 τῶν
2819 1867 3204 1939 πορνευουσῶν
3260 1869 3360 1928 καὶ
3407 1867 3747 1943 ἁναιρουσῶν

2167 1963 2238 2018 τὰ
2259 1961 2378 2017 κατ’
2402 1963 2573 2025 αὑτὰς
2601 1960 2825 2032 ἔμϐρυα
2854 1962 2948 2015 διὰ
2984 1961 3294 2033 φαρμάκων
3339 1960 3374 2032 ἢ
3400 1960 3581 2022 ἄλλως
3609 1976 3747 2027 πως,

2164 2054 2386 2126 εἴρηται
2414 2056 2475 2109 ἐν
2505 2052 2583 2125 τῷ
2612 2054 2826 2125 δεκάτῳ
2870 2055 3155 2127 κεφαλαίῳ
3182 2053 3278 2107 τοῦ
3327 2058 3397 2127 ιγ’
3432 2051 3615 2107 τίτλου
3647 2054 3745 2109 τοῦ

2164 2151 2433 2220 παρόντος
2474 2148 2884 2219 συντάγματος.
2925 2149 3022 2203 καὶ
3058 2150 3119 2201 ἐν
3173 2147 3250 2219 τῷ
3274 2153 3362 2203 κα⁹
3414 2147 3603 2200 κανόνι
3642 2146 3745 2214 τῆς

2164 2246 2224 2301 ὲν
2264 2243 2510 2315 Ἀγκύρᾳ
2540 2242 2791 2301 συνόδου,
2835 2241 2895 2297 ’0
2937 2240 2996 2294 δέ
3041 2239 3239 2311 παρὼν
3271 2237 3474 2303 κανὼν,
3504 2236 3742 2313 διοριζό-

2165 2352 2328 2405 μενος
2388 2337 2488 2399 τὰς
2535 2333 2777 2395 τοιοῦτόν
2805 2349 2882 2388 ’τι
2936 2331 3199 2395 ποιούσας
3245 2333 3357 2395 τοίς
3386 2331 3496 2385 τῶν
3534 2330 3747 2399 φονέων

2163 2426 2463 2498 ἐπιτιμίοις
2510 2423 3054 2489 καθυποὸόιλλεσθαι,
3098 2422 3430 2495 προστίθησι
3477 2419 3553 2491 μὴ
3600 2413 3741 2476 εἶναι

2163 2518 2425 2588 διαφορὰν
2451 2515 2546 2572 τοῦ
2571 2515 2961 2588 ἅμσλώματος.
2989 2516 3104 2571 Κᾶν
3124 2517 3234 2586 γὰρ
3264 2513 3591 2587 ἁμόρφωτόν
3624 2515 3742 2568 ἐστι

2165 2612 2228 2666 τὸ
2276 2610 2586 2681 ἀμϐλωθὲν,
2634 2610 2742 2665 κᾶν
2794 2610 3237 2681 μεμορφωμένου
3277 2610 3373 2662 κα)¹
3416 2607 3746 2678 χαρακτῆρα

2165 2705 2292 2776 ἕχον
2313 2703 2627 2776 ἀνθρώπου,
2648 2704 2679 2757 ὁ
2709 2703 2871 2766 αὐτὸς
2891 2703 3049 2771 λόγος
3078 2700 3219 2756 ἐστι.
3254 2700 3426 2756 Τοῦτο
3448 2701 3504 2754 δὲ
3536 2700 3743 2771 ἐρ,όέοη

2164 2795 2258 2851 διὰ
2293 2795 2421 2856 τοὺς
2466 2795 2723 2864 λέγοντας
2753 2792 2850 2859 ὡς,
2897 2795 3022 2848 ἐπεὶ
3060 2795 3124 2847 τὸ
3175 2793 3422 2865 σπέρμα,
3456 2794 3522 2863 τῇ
3561 2793 3745 2865 μήτρᾳ

2168 2886 2669 2958 καταϐαλλόμενον,
2716 2889 2816 2942 οὐκ
2880 2886 3211 2942 ἀπεντεῦθεν
3262 2886 3613 2940 είδοποιείται
3666 2886 3747 2947 είς

2167 2982 2476 3053 ἄνθρωπον,
2507 2980 2648 3034 ἀλλὰ
2689 2981 2961 3051 πρότερον
3022 2978 3122 3049 μὲν
3180 2976 3594 3049 ἐξαιματοῢται,
3627 2970 3747 3031 εῐτσ

2167 3080 2249 3140 είς
2280 3076 2462 3147 σάρκα
2488 3076 2768 3145 πήγνυται
2791 3072 3162 3144 ἀνθρωπίνην,
3189 3069 3312 3128 εἶτα
3343 3068 3739 3138 ὲξεικονίξεται

2170 3171 2263 3232 καὶ
2288 3168 2646 3227 διατυποῦται
2700 3169 2778 3232 είς
2832 3168 2972 3238 μέλη
3030 3168 3127 3220 καὶ
3158 3166 3363 3238 μόρια·
3413 3155 3476 3218 οὖ
3528 3163 3746 3232 γίνεται

487 3233 725 3287 nondum
752 3241 836 3287 est
856 3230 1139 3286 formatus.
1161 3229 1431 3285 Praeterea
1449 3230 1633 3297 adjicit
1652 3240 1896 3294 sanctus,
1920 3230 2062 3300 quod

2172 3229 2354 3331 ιρόνος,
2382 3261 2513 3314 ὅταν
2557 3229 2847 3330 ἀμόλωθῗί
2872 3260 2935 3311 τὸ
2959 3229 3246 3330 ἐμϐρυόνί
3264 3259 3325 3310 τὸ
3352 3229 3550 3328 ,μήπω⁷
3599 3255 3746 3308 είδο-

490 3339 597 3380 non
633 3325 809 3379 solum
840 3334 1064 3394 propter
1102 3323 1245 3378 fetus
1282 3322 1562 3378 ittteritunt
1600 3322 1657 3376 iit
1686 3323 1849 3377 caedis
1875 3324 2064 3377 vindi-

489 3414 653 3482 catio,
683 3416 776 3471 sed
807 3416 971 3470 etiam
1010 3424 1230 3489 propter
1258 3413 1505 3481 insidias,
1541 3431 1676 3491 quas
1709 3415 1813 3471 sibi
1850 3417 2066 3485 paravit

490 3506 683 3562 mulier
712 3508 959 3577 gravida.
991 3504 1061 3560 Ut
1102 3505 1392 3576 plurimum
1423 3508 1566 3571 enim
1600 3518 1807 3564 matres
1842 3523 2064 3578 quoque

490 3614 593 3653 una
621 3609 852 3661 pereunt
895 3607 1121 3669 propter
1156 3597 1499 3669 ejectionem.
1535 3599 1701 3655 Peena
1737 3613 1943 3668 autem,
1977 3603 2064 3655 in-

489 3691 628 3761 quit,
665 3705 732 3745 ne
759 3692 1086 3747 extendatur
1128 3705 1300 3762 usque
1328 3691 1396 3746 ad
1429 3692 1590 3749 tinem
1625 3693 1750 3754 vita:
1781 3693 1897 3764 ejus
1945 3708 2066 3764 qua:

489 3785 692 3845 caedem
725 3784 1077 3854 perpetravit,
1108 3785 1203 3843 sed
1240 3784 1292 3838 in
1319 3783 1506 3841 decem
1533 3799 1727 3845 annos.
1764 3782 1932 3841 Porro
1960 3783 2066 3842 tale

487 3891 703 3946 quoque
765 3886 977 3946 tempus
1037 3875 1167 3933 licet
1224 3876 1297 3933 sit
1346 3890 1378 3930 a
1423 3891 1632 3933 canone
1678 3875 2062 3949 constitutum,

485 3977 698 4043 oportet
728 3980 906 4025 tamen
948 3968 1297 4035 medicinam,
1324 3983 1434 4024 non
1463 3978 1732 4038 tempore,
1777 3969 1873 4024 sed
1904 3968 2066 4023 modo

487 4062 864 4118 circumscribi
898 4077 912 4115 :
947 4060 1156 4119 scilicet
1183 4062 1228 4117 si
1255 4076 1377 4143 quae
1402 4062 1651 4129 peccavit
1680 4061 1918 4128 quidem,
1946 4073 2065 4129 pte-

494 4151 780 4205 nitentiam
814 4150 1100 4223 aspernari
1159 4150 1430 4217 videatur,
1482 4166 1588 4204 non
1638 4149 1815 4215 solum
1863 4147 2065 4203 decen-

489 4242 634 4299 nium
671 4241 912 4310 tinietur,
960 4241 1059 4297 sed
1102 4242 1268 4296 etiam
1308 4241 1617 4311 angebitur.
1670 4238 1774 4294 Sed
1829 4239 1877 4294 si
1922 4238 2065 4294 serio

486 4345 610 4406 agat
636 4335 1032 4411 pmnilentiam,
1057 4334 1380 4389 decennium
1407 4346 1621 4403 quoque
1644 4331 1935 4387 minuetur.
1967 4329 2066 4386 Δι-

485 4446 589 4507 que
619 4431 732 4485 htec
755 4429 972 4501 quidem
1003 4444 1244 4500 praesens
1259 4443 1454 4483 canon.
1479 4426 1558 4482 Tu
1589 4438 1770 4485 autem
1790 4427 1904 4497 lege
1923 4442 2050 4485 can.

485 4522 548 4576 9t
596 4538 715 4593 syn.
743 4522 797 4576 in
829 4520 1036 4588 Trullo,
1064 4530 1118 4576 et
1140 4536 1263 4590 quae
1290 4520 1344 4574 in
1374 4535 1439 4575 eo
1469 4531 1618 4585 sunt,
1644 4532 1698 4575 et
1721 4522 1881 4576 linem
1903 4534 2066 4579 cano-

2166 3351 2416 3423 ποιηθέν.
2448 3351 2942 3423 Ἐπιπροστίθησιν
2975 3354 3004 3405 ό
3038 3351 3197 3420 ἅγιος
3226 3344 3302 3415 ὡς
3338 3351 3400 3402 οὐ
3445 3347 3606 3418 μόνον
3651 3347 3747 3401 διὰ

2163 3446 2264 3517 τὴν
2315 3445 2412 3499 τοῦ
2460 3443 2709 3517 ἐμδρύου
2759 3443 2971 3516 φθορὰν
3025 3446 3058 3514 ἠ
3109 3441 3205 3497 τοῦ
3255 3442 3417 3511 φόνου
3458 3439 3743 3509 ἐκδίκησις

2164 3535 2399 3603 γίνεται,
2417 3533 2555 3588 ἀλλὰ
2583 3533 2672 3587 διὰ
2695 3532 2795 3606 τὴν
2827 3532 3122 3603 ἐπιϐουλὴν
3146 3532 3245 3603 τῆς
3274 3530 3747 3601 κυοφορουμένης.

2176 3625 2263 3690 Ὦς
2291 3625 2385 3678 ἐπὶ
2416 3623 2478 3681 τὸ
2505 3622 2641 3681 πολὺ
2678 3625 2787 3696 γὰρ
2822 3624 3259 3680 συναπόλλυνται
3286 3625 3383 3679 καὶ
3417 3624 3473 3679 αἱ
3504 3623 3745 3694 μητέρες

2163 3719 2252 3779 διὰ
2282 3718 2381 3788 τὴν
2421 3717 2718 3789 ἀποϐολήν.
2752 3717 2826 3772 Τὸ
2860 3717 2920 3773 δὲ
2961 3718 3241 3788 ἐπιτίμιόν
3291 3736 3432 3789 φησι
3476 3719 3550 3790 μὴ
3596 3734 3745 3791 παρ-

2165 3811 2511 3867 εκτείνεσθαι
2551 3811 2716 3882 μέχρι
2751 3810 2940 3874 τέλους
2971 3809 3116 3879 ζωῆς
3140 3810 3311 3881 αὐτῆς
3339 3813 3439 3881 τῆς
3465 3811 3554 3867 τὸν
3586 3813 3747 3880 φόνον

2167 3903 2548 3975 ἁμαρτούσης,
2577 3902 2717 3956 ἀλλὰ
2742 3903 2801 3955 ἐν
2828 3901 2964 3959 δέκα
2992 3902 3169 3957 ἔτεσι.
3200 3904 3312 3957 Καὶ
3337 3904 3365 3956 ό
3399 3902 3651 3967 τοιοῦτος
3684 3904 3742 3956 δὲ

2165 4000 2377 4069 χρόνος,
2408 3996 2511 4057 κᾶν
2539 3994 2952 4061 κεκανόνισται,
2984 3994 3118 4049 ἀλλὰ
3141 3996 3253 4065 χρὴ
3284 3994 3386 4065 τὴν
3427 3994 3744 4066 θεραπείαν

2166 4086 2245 4158 μὴ
2268 4086 2468 4157 χρόνῳ,
2500 4084 2640 4143 ἀλλὰ
2681 4083 2872 4155 τρόπῳ
2903 4083 3371 4157 περιγράφεσθαι.
3403 4083 3636 4154 Ἤγουν,
3687 4084 3740 4136 εί

2168 4179 2268 4252 μὲν
2303 4177 2797 4249 καταφρονητικῶς
2831 4176 3105 4232 διάκειται
3135 4178 3274 4248 πρὸς
3308 4176 3410 4248 τὴν
3449 4176 3744 4247 μετάνοιαν

2164 4273 2200 4341 ἡ
2234 4268 2585 4346 ᾇμαρτοῦσα,
2607 4269 2667 4323 ού
2706 4269 2869 4340 μόνον
2907 4270 2941 4345 ἡ
2982 4267 3239 4323 δεκαετία
3272 4268 3744 4340 περαιωθήσεται,

2164 4363 2305 4423 ἀλλὰ
2364 4361 2461 4421 καὶ
2508 4361 2980 4432 ἐπιτιμηθησεται
3004 4376 3018 4392 ·
3048 4361 3097 4413 εί
3127 4358 3186 4413 δὲ
3216 4359 3548 4422 σπουδαίως,
3582 4359 3677 4411 καὶ
3709 4359 3743 4429 ἡ

2165 4456 2421 4518 δεκαετία
2466 4453 2924 4526 κολοβωθὴσεται,
2959 4453 3068 4515 Καὶ
3117 4453 3292 4509 ταῦτα
3333 4454 3433 4527 μὲν
3474 4454 3502 4506 ό
3550 4448 3745 4524 παρὼν

2166 4548 2370 4607 κανών.
2401 4550 2474 4607 Σὺ
2509 4548 2568 4605 δὲ
2600 4549 2917 4618 ἁνάγνωσον
2947 4548 3159 4603 καὶτὸν
3198 4554 3290 4617 ςα¹
3323 4548 3528 4603 κανόνα
3554 4548 3654 4616 τῆς
3687 4549 3746 4601 ἐν

486 4615 575 4670 nis
602 4615 635 4669 8
664 4618 944 4687 praesentis
973 4614 1210 4684 epistola:
1241 4632 1256 4669 :
1291 4622 1346 4675 et
1385 4613 1525 4671 scies
1554 4614 1698 4683 quod
1741 4629 1850 4670 non
1883 4613 2056 4669 solum

2166 4638 2244 4709 τῷ
2272 4637 2528 4708 Τρούλλῳ
2561 4613 2803 4703 συνόδου,
2837 4638 3029 4695 καὶτὰ
3070 4637 3128 4693 ἐν
3169 4613 3341 4710 αύτῷ,
3371 4639 3467 4693 καὶ
3505 4613 3745 4700 τὸτέλος

486 4721 607 4777 qua:
640 4705 805 4762 fetun:
860 4709 913 4762 in
963 4717 1120 4763 utero
1166 4706 1429 4779 corrupit,
1474 4705 1759 4774 subjicitur
1796 4710 2061 4763 canonico

485 4800 772 4854 homicidae
797 4799 1082 4871 supplicio,
1108 4800 1199 4855 sed
1230 4798 1394 4855 etiam
1424 4814 1544 4868 qua:
1570 4800 1662 4855 dat
1686 4813 1891 4855 venena
1921 4804 2062 4854 lctus

482 4894 826 4961 perimentia,
856 4902 910 4947 et
945 4908 1063 4962 qua:
1093 4894 1275 4957 habet,
1306 4903 1362 4947 et
1396 4906 1519 4963 quae
1562 4893 1793 4962 accepit,
1844 4892 2059 4949 etiamsi

478 4986 650 5042 fetum
682 5001 787 5040 non
817 4986 1167 5057 pcreinerint.
1204 4986 1338 5041 Cum
1381 4998 1560 5042 autem
1600 5001 1842 5057 praesens
1879 5000 2056 5043 canon

482 5081 624 5136 hanc
654 5079 939 5134 mulierem
982 5079 1264 5137 decennali
1310 5078 1579 5149 supplicio
1625 5080 1817 5149 puniat
1865 5092 2062 5133 conse-

480 5184 711 5244 quenter
756 5173 950 5228 canoni
995 5172 1059 5226 21
1097 5168 1398 5244 Encyrana:
1456 5174 1675 5244 synodi,
1728 5181 1783 5227 et
1829 5187 1954 5228 can.
1989 5171 2058 5233 56

481 5270 658 5325 sancti
695 5268 877 5326 Basilii
916 5270 998 5325 sic
1027 5278 1212 5344 aperte
1256 5267 1489 5327 dicentis
1527 5282 1541 5320 :
1575 5265 1680 5332 Qui
1721 5282 1828 5322 non
1861 5275 2057 5339 sponte

483 5361 776 5429 interfecit,
829 5361 990 5423 annis
1030 5360 1281 5425 undecim
1319 5375 1426 5415 non
1464 5359 1536 5415 sit
1583 5371 2055 5417 sacramentorum

481 5457 778 5529 particeps;
835 5457 1023 5511 dicunt
1077 5455 1296 5524 quidam
1375 5453 1800 5509 involuntariam
1855 5453 2054 5508 eadem

479 5556 793 5624 perpetrare
812 5546 963 5616 cam,
991 5563 1111 5616 quae
1136 5548 1258 5601 data
1288 5560 1453 5615 opera
1500 5544 1694 5611 fctum,
1725 5546 1818 5613 qui
1854 5553 1975 5601 erat
2001 5545 2054 5600 in

480 5659 655 5712 ntcro,
686 5645 949 5716 corrupit.
981 5644 1114 5698 Mihi
1151 5653 1327 5698 autem
1366 5643 1601 5709 videtur,
1636 5657 1755 5697 eam
1802 5642 2057 5697 Volunta-

482 5739 618 5793 riam
667 5753 882 5807 quoque
931 5739 1130 5795 caedem
1175 5749 1513 5808 perpetrare,
1568 5748 1626 5791 ut
1672 5738 1775 5791 hoc
1828 5752 1893 5795 ex
1952 5736 2059 5791 line

2160 4730 2256 4785 τοῦ
2286 4735 2337 4802 η’
2367 4730 2588 4795 κανόνος
2617 4731 2717 4801 τῆς
2751 4729 3034 4802 παρούσης
3066 4730 3355 4803 ἐπιστολῆς
3376 4746 3393 4764 ο
3436 4733 3532 4786 καὶ
3560 4730 3745 4802 μάθῃς

2160 4823 2236 4887 ὡς
2294 4824 2356 4876 οὐ
2417 4824 2552 4894 μόνη
2583 4824 2617 4893 ἡ
2644 4821 2918 4893 φθείρασα
2947 4822 3007 4878 τὸ
3051 4821 3294 4894 ἔμϐρυον
3344 4821 3635 4876 ὑπόκειται
3668 4823 3745 4895 τῷ

2162 4914 2432 4986 κανονικῷ
2469 4915 2563 4970 τοῦ
2595 4916 2814 4991 φονέως⁸
2854 4915 3139 4986 ἐπιτιμίῳ,
3170 4913 3305 4969 ἀλλὰ
3330 4914 3424 4969 καὶ
3458 4916 3491 4985 ἡ
3525 4913 3745 4970 διδοῦσα

2162 5007 2539 5079 ἐμϐρυοκτόνα
2579 5007 2908 5080 δηλητήρια,
2945 5006 3041 5060 καὶ
3088 5008 3120 5078 ἡ
3167 5005 3390 5077 ἔχουσα,
3423 5005 3518 5059 καὶ
3561 5006 3595 5076 ὴ
3646 5004 3740 5060 λασ

2163 5097 2353 5165 δοῦσα,
2389 5097 2494 5157 κᾶν
2530 5098 2605 5169 μὴ
2649 5098 2889 5169 φονεύσῃ
2920 5097 2982 5153 τὸ
3009 5096 3273 5170 ἔμϐρυον.
3305 5095 3414 5152 Τοῦ
3447 5097 3505 5151 δὲ
3540 5097 3745 5167 παρόν-

2162 5207 2252 5253 τος
2284 5190 2505 5254 κανόνος
2532 5190 2622 5247 διὰ
2646 5188 2931 5259 ἐπιτιμίου
2959 5188 3248 5254 δεκαετίας
3274 5188 3602 5255 κολάζοντος
3642 5189 3744 5262 τὴν

2162 5284 2421 5355 τοιαύτην
2452 5287 2685 5353 γυναῖκα
2724 5283 3036 5348 ἀκολούθως
3068 5284 3149 5356 τῷ
3182 5284 3269 5342 κα¹
3312 5287 3500 5341 κανόνι
3539 5288 3640 5357 τῆς
3680 5289 3740 5341 ἐν

2176 5376 2421 5449 Ἀγκύρα
2474 5377 2717 5440 συνόδου,
2747 5378 2842 5432 καὶ
2896 5376 2994 5431 τοῦ
3048 5375 3126 5443 vi."
3176 5378 3400 5443 κανόνος
3433 5377 3532 5433 τοῦ
3583 5377 3742 5449 ἁγίου

2165 5470 2451 5524 Βασιλείου
2492 5470 2745 5538 λέγοντος
2786 5469 2931 5549 οὕτω
2978 5470 3184 5541 ῥητῶς,
3226 5472 3285 5525 '0
3331 5471 3605 5535 ἀκουσίως
3647 5487 3736 5539 φοι

2162 5559 2361 5623 νεύσας
2389 5559 2580 5613 ἕνδεκα
2627 5559 2805 5619 ἐτεσιν
2839 5562 3205 5633 ἀκοινώνητος
3258 5563 3414 5615 ἔσται
3449 5562 3560 5615 τῶν
3591 5563 3736 5633 ἁγια-

2166 5652 2390 5720 σμόιτων
2412 5667 2427 5681 ⁸
2456 5652 2676 5714 λέγουσι
2730 5670 2877 5716 τινες
2920 5652 3175 5707 ἀκούσιον
3204 5653 3364 5723 φόνον
3411 5655 3743 5725 ἁμαρτάνειν

2162 5739 2261 5811 τὴν
2312 5741 2613 5810 φθείρασαν
2668 5741 2788 5798 κατ’
2846 5742 3193 5811 ἐπιτήδευσιν
3244 5743 3306 5798 τὸ
3354 5744 3503 5811 παρὰ
3540 5742 3742 5807 ταύτης
