4076 6422
474 355 578 456 589

1385 362 1467 424 ΙΝ
1496 362 1738 424 EPIST.
1768 363 1808 422 S
1835 357 2148 428 ZBASlLlI
2199 365 2638 425 CANONICAM
2689 365 2738 426 Ι.

3632 371 3734 432 500

465 471 965 546 ἐγκυμονοῦμενον.
1007 475 1165 549 Ἐμοὶ
1211 480 1268 533 δὲ
1321 480 1467 533 δοκεῖ
1521 481 1773 534 εκούσιον
1813 481 1912 551 μὲν
1959 481 2046 536 καὶ

2159 483 2336 536 octavi
2373 482 2600 537 canonis
2628 481 2956 544 ostenditur,
2986 491 3040 536 ct
3072 481 3254 552 potius
3287 483 3403 537 loco
3447 486 3586 554 ejus,
3615 503 3737 555 quae

471 566 678 637 ταύτην
709 569 869 637 φόνον
903 570 1270 640 πλημμελεῖν,
1303 573 1483 634 καθὼς
1513 573 1669 626 τοῦτο
1716 574 2051 639 παρίσταται

470 659 576 712 ἀπὸ
610 661 702 713 τοῦ
733 661 916 726 τέλους
943 663 1036 716 τοῦ
1063 661 1113 734 η’
1140 666 1384 731 κανόνος,
1411 668 1504 720 καὶ
1532 669 1610 731 είς
1645 667 1812 720 τόπον
1849 667 2050 737 μᾶλλον

471 740 866 820 αὐτοφονὲυτοῦ
929 756 1129 826 ἑαυτὴν
1193 755 1584 823 καθίστασθαι,
1648 760 1742 810 ἐὰν
1802 760 1865 811 ἐκ
1953 758 2048 810 τοῦ

468 843 710 895 τοιούτου
738 847 936 914 τρόπου
965 848 1265 920 τελευτήσῃ
1291 864 1303 877 ο
1346 849 1420 918 μὴ
1449 848 1768 902 ὑποκεῖσθαι
1795 849 1849 900 δέ
1887 849 2047 917 φόνου

470 935 718 988 ἑκουσίου
776 940 1035 1011 ἐπιτιμίῳ
1091 941 1177 994 διὰ
1241 942 1301 994 τὸ
1355 943 1430 1013 μὴ
1487 938 1626 995 εἶναι
1674 945 1730 995 ἐν
1776 945 1937 1012 φύσει
1986 944 2046 996 τὸ

469 1031 930 1100 κυοφορούμενον,
967 1035 1059 1086 καὶ
1087 1034 1175 1087 δια
1213 1035 1273 1086 τὸ
1307 1036 1381 1104 μὴ
1427 1037 1490 1088 ἐκ
1531 1036 1824 1099 διαθέσεως
1869 1037 2048 1105 κακῆς

470 1122 950 1196 μελετηθῆναιτὸν
981 1131 1158 1198 φόνον,
1191 1132 1324 1184 ἀλλὰ
1368 1132 1455 1185 διὰ
1503 1132 1666 1199 φόϐον
1707 1133 1807 1184 οὐκ
1854 1133 2043 1202 ἀγενῆ,

466 1219 670 1284 γονέως
700 1222 862 1287 τυχὸν
912 1223 942 1289 ἢ
992 1223 1274 1288 δεσπότου,
1327 1223 1358 1293 ἤ
1409 1221 1568 1277 ἄλλου
1616 1224 1759 1286 τινὸς
1800 1223 2048 1276 κίνδυνον

466 1312 842 1379 ἀπειλοῦντος,
880 1315 1002 1368 Ὅτι
1048 1317 1101 1370 δὲ
1141 1318 1409 1387 διαφθορά
1455 1321 1570 1370 ἐστι
1614 1318 1708 1370 τοῦ
1749 1335 2048 1386 κυοφορου-

465 1410 658 1473 μένου,
697 1409 789 1460 καὶ
823 1408 915 1461 τοῦ
953 1410 1032 1471 είς
1088 1410 1203 1478 φῶς
1254 1405 1564 1474 ἐξελθόντος
1595 1412 1848 1480 βρέφους,
1885 1410 2043 1480 δῆλόν

467 1499 616 1552 ἐστιν
670 1500 776 1552 ἀπὸ
823 1503 923 1570 τῆς
968 1502 1150 1570 βίϐλου
1202 1506 1301 1573 τῆς
1360 1504 1611 1566 Ἐξόδου·
1662 1507 1795 1574 φησι
1849 1505 1956 1573 γὰρ
2013 1507 2040 1576 ἡ

466 1587 692 1659 τοιαύτη
750 1591 1020 1661 Μωσαῖκὴ
1092 1592 1301 1661 βίϐλος’
1369 1595 1513 1648 Ἐὰν·
1559 1595 1870 1663 mixturam
1933 1595 2042 1649 δύο

466 1679 700 1744 ἄνδρες,
739 1680 837 1732 καὶ
868 1683 1178 1747 πιιτιίξωσι
1207 1686 1465 1752 γυναῖκα
1492 1687 1560 1738 ἐν
1601 1686 1815 1755 γαστρὶ
1864 1687 2042 1753 ἔχου·-

466 1785 607 1845 σᾳν,
634 1770 729 1823 καί
757 1770 972 1839 ἐξέλθῃ
1013 1775 1078 1826 τὸ
1117 1774 1360 1830 παιδίον
1396 1777 1480 1844 μὴ
1525 1777 2044 1845 ἐξεικονισμὲιέιον,

463 1843 769 1928 ἑὲιζιξμιον
791 1859 1217 1929 ζημιωθήσεται
1244 1843 1448 1921 καθότι
1469 1843 1554 1919 ἂν
1577 1843 1869 1934 ἐπιϐάλλῃ
1891 1868 2047 1936 ἀνὴρ

465 1947 576 2016 τῆς
604 1955 911 2018 γυναικός.
959 1955 1100 2009 Ἐὰν
1135 1957 1203 2010 δὲ
1245 1959 1740 2028 ἐξεικοιτιισμένον
1782 1955 1842 2030 ᾖ,
1867 1959 2047 2013 δώσει

464 2047 679 2113 ψυχὴν
705 2047 838 2100 ἀντὶ
873 2048 1111 2118 ψυχῆς-ο
1150 2050 1245 2103 καὶ
1281 2051 1389 2104 ἀπὸ
1427 2053 1520 2104 τοῦ
1553 2053 1633 2118 λγ¹
1668 2047 1908 2114 κανόνος,
1950 2052 2046 2103 καὶ

463 2137 556 2188 τοῦ
609 2136 686 2206 νβ’
745 2141 986 2203 κανόνος.
1041 2142 1178 2210 Φησὶ
1230 2141 1338 2212 γὰρ
1398 2143 1498 2212 τὴν
1544 2143 1900 2214 ἁμελήσασαν
1947 2142 2043 2195 τοῦ

467 2228 746 2296 κυήματος
777 2229 852 2292 ὡς
876 2233 966 2284 ἐπὶ
999 2233 1141 2300 φόνῳ
1166 2234 1466 2302 κρίνεσθαι.
1499 2233 1655 2287 Ἀλλὰ
1699 2234 1805 2305 μὴν
1836 2237 1869 2304 ἡ
1902 2233 2042 2287 κατὰ

2158 575 2264 632 sibi
2295 587 2522 630 mortem
2556 575 2840 640 conscivit,
2873 575 2916 629 si
2949 590 3010 628 ea
3047 577 3261 631 ratione
3301 579 3556 647 perierit,
3592 580 3738 648 seip—

2157 683 2270 722 sam
2305 667 2634 721 constituere
2668 683 2680 718 :
2720 667 3042 721 voluntaria:
3061 678 3242 722 autem
3276 671 3437 726 caedis
3467 673 3736 739 supplicio

2161 775 2269 813 non
2303 759 2518 826 SllitjiCi,
2557 760 2699 828 quod
2746 760 2798 812 iu
2835 776 3018 812 rerum
3069 769 3263 814 natura
3314 776 3422 815 non
3467 763 3529 815 sit
3569 761 3733 824 fetus,

2155 850 2244 920 qui
2277 859 2358 902 est
2397 850 2448 903 in
2483 859 2634 904 utero
2675 867 2688 904 :
2723 860 2774 904 et
2805 852 2944 918 quod
2976 867 3078 903 non
3107 851 3246 905 male
3274 853 3467 907 adorta
3503 867 3732 907 mortem

2155 943 2334 996 molita
2399 944 2489 1007 sit,
2541 942 2635 995 sed
2702 951 2920 1011 propter
2975 953 3174 995 metum
3242 959 3345 995 non
3390 944 3732 1012 illiberalem,

2157 1035 2475 1104 parentibus
2511 1033 2674 1097 forte,
2717 1034 2795 1088 vel
2826 1033 3075 1097 domino,
3125 1035 3204 1088 vel
3239 1035 3426 1104 aliquo
3455 1038 3584 1099 alio,
3638 1053 3733 1106 pe-

2153 1126 2381 1180 rieulum
2435 1125 2738 1178 minitante.
2802 1123 2956 1189 Quod
3009 1134 3188 1178 autem
3243 1127 3400 1180 detur
3460 1129 3636 1182 cmdes
3681 1138 3737 1183 et

2156 1215 2301 1270 fetus
2333 1217 2422 1284 qni
2458 1226 2539 1269 est
2577 1215 2630 1268 in
2665 1225 2842 1278 utero,
2873 1226 2926 1268 et
2959 1214 3184 1269 infantis
3211 1219 3262 1268 in
3298 1219 3473 1272 lucem
3505 1223 3731 1288 egressi,

2157 1306 2500 1360 manifestum
2534 1314 2701 1359 estex
2729 1307 2867 1359 libro
2898 1305 3109 1360 Exodi:
3143 1308 3271 1362 dicit
3306 1311 3563 1374 enitnhic
3600 1312 3735 1364 liber

2154 1399 2420 1453 Mosaicus
2449 1417 2459 1450 :
2496 1397 2674 1453 Siduo
2700 1399 2797 1451 viri
2829 1409 3075 1467 pugnent,
3103 1409 3149 1452 et
3170 1412 3526 1470 praegnantem
3551 1405 3735 1455 "mlie-
3786 1387 3791 1392 ν

2154 1508 2257 1544 rem
2284 1491 2600 1560 percutiant,
2631 1501 2675 1544 et
2705 1507 2942 1560 egressus
2975 1493 3131 1560 fuerit
3165 1493 3344 1561 infans
3382 1512 3484 1547 non
3529 1494 3734 1563 [orum-

2155 1593 2260 1646 tus,
2290 1601 2348 1637 ea
2379 1600 2529 1652 paena
2576 1583 2680 1652 52
2723 1583 3110 1646 nmllabunlur,
3150 1603 3310 1656 quam
3346 1586 3582 1672 mulieris
3622 1604 3734 1640 mu-

2159 1677 2291 1732 rizus
2327 1679 2654 1745 imposuerit.
2703 1676 2797 1732 Sin
2832 1687 3007 1731 autem
3064 1677 3325 1746 formatus
3367 1680 3552 1746 fuerit,
3590 1679 3732 1732 dabit

2154 1773 2388 1824 animam
2433 1788 2526 1831 pro
2560 1772 2741 1824 anima
2785 1772 2827 1824 ’.
2883 1759 2948 1824 Et.
2984 1788 3049 1824 ex
3086 1788 3209 1826 can.
3263 1773 3331 1827 55
3366 1785 3418 1826 ct
3462 1774 3549 1827 59..
3597 1774 3735 1826 Dicit

2154 1863 2296 1915 cuitu
2337 1862 2503 1926 :Qua:
2553 1862 2631 1915 sui
2686 1861 2826 1915 fetus
2876 1877 3060 1915 curam
3108 1878 3213 1916 non
3268 1865 3522 1931 gesserit,
3565 1863 3731 1917 veluti

2154 1956 2316 2009 cmdis
2352 1964 2682 2008 accersatur.
2710 1955 2868 2023 Atqui
2889 1970 3007 2022 quae
3033 1970 3129 2024 per
3155 1956 3536 2023 negligentiam
3565 1954 3729 2008 fetum

2155 2049 2326 2117 cjicit,
2373 2058 2627 2116 tanquam
2678 2047 2946 2102 homicida
3001 2063 3105 2100 non
3143 2049 3503 2115 reputabitur.
3537 2047 3612 2101 Ex
3649 2049 3734 2102 his

2153 2153 2282 2204 ergo
2305 2137 2520 2206 pulchre
2539 2135 2773 2201 elicitur,
2800 2135 2939 2203 quod
2963 2150 3081 2204 quae
3100 2134 3261 2188 fetum
3284 2151 3439 2190 suum
3469 2136 3730 2205 corrup't,

2151 2232 2574 2282 volutatur-imum
2605 2227 2996 2282 homicidarum
3039 2229 3212 2294 pCBtiiS
3247 2244 3348 2281 non
3385 2226 3727 2296 subjiciettu;

466 2314 727 2393 ἀμέλειαν
779 2327 1196 2398 ἀποϐαλλομὲνη
1233 2328 1293 2380 τὸ
1370 2328 1607 2400 ἔμϐρυον
1653 2329 1730 2393 ὡς
1815 2327 2110 2396 φονεύτρια
2156 2327 2216 2378 οὐ
2265 2325 2669 2393 λογισθήσεται.
2707 2323 2908 2376 Λοιπὸν
2975 2322 3156 2385 καλῶς
3224 2321 3256 2394 ἡ
3330 2323 3602 2403 φθείρασα
3674 2325 3731 2376 τὸ

467 2419 704 2491 ἔμϐρυον
765 2424 958 2492 αὐτῆς,
1021 2426 1120 2494 οὐχ
1196 2426 1484 2480 ὑπόκειται
1540 2428 1836 2498 ἐπιτιμίοις
1899 2426 2106 2496 φονέων
2153 2422 2440 2477 ἑκουσίων.

535 2513 783 2571 ΖΩΝΛΡ.
809 2517 999 2588 Λάθρα
1033 2519 1289 2585 γυναῖκές
1319 2538 1462 2583 τινες
1507 2521 1734 2588 ἀνδράσι
1780 2521 2048 2591 συμφθειο

470 2609 720 2679 ρόμεναι.
767 2610 1245 2679 συλλαμϐάνουσι·
1281 2612 1431 2684 φόϐῳ
1485 2613 1540 2665 δὲ
1593 2617 1794 2680 γονέων
1848 2615 2041 2686 ἴσωςῆ

467 2702 824 2772 δεσποτὼν,ἢ
861 2705 1065 2774 ἐτέρων
1123 2705 1306 2770 τινῶν,
1343 2705 1727 2775 ἐπιτηδεύουσι
1783 2708 1892 2761 τῶν
1943 2711 2047 2778 ἐμ-

469 2793 651 2863 ϐρύων
690 2795 988 2867 ἀποϐολὴν,
1018 2800 1329 2866 φαρμάκων
1374 2799 1538 2854 τινῶν
1574 2802 1820 2865 πόσεσιν,
1864 2802 1895 2872 ἢ
1951 2802 2045 2854 καὶ

469 2887 686 2955 τρόποις
715 2887 1065 2958 ἐτέροις,-κα“ι
1096 2892 1378 2962 φθείρουσι
1405 2896 1474 2947 τὰ
1505 2897 1768 2964 κυόμενα.
1801 2895 1912 2955 Τὰς
1951 2889 2046 2947 οὖν

471 2979 627 3031 τοῦτο
658 2981 938 3046 ποιούσας,
970 2983 1045 3046 ὡς
1075 2986 1236 3052 φόνον
1284 2987 1637 3057 τολμησάσας
1682 2987 2047 3058 ἐπιτιμᾶσθαι

469 3069 660 3137 ὁρίζει.
706 3073 856 3126 Ἐπεὶ
887 3074 943 3128 δὲ
973 3076 1041 3128 τα
1071 3078 1490 3150 ἀποϐαλλόμενα
1517 3081 1585 3134 τά
1620 3084 1718 3151 μὲν
1747 3081 1830 3135 ἔτι
1857 3083 2034 3152 ἁμόρο

2225 2515 2481 2570 ZUNAR.
2519 2514 2768 2570 Mulieres
2795 2516 3038 2586 quaedam
3069 2515 3278 2570 occulte
3301 2531 3423 2569 cum
3456 2517 3584 2571 \‘it'ES
3608 2533 3730 2572 cui--

2157 2621 2328 2678 ruptae
2361 2607 2708 2678 concipiunt,
2747 2619 2890 2662 metu
2935 2623 3060 2662 vero
3105 2620 3389 2677 parentum
3442 2611 3600 2673 forte,
3650 2613 3732 2662 γει

2155 2701 2524 2765 dominorum,
2559 2711 2650 2754 aut
2681 2701 2908 2754 aliorum
2935 2702 3320 2770 quorumdam,
3350 2703 3568 2756 student.
3597 2719 3731 2758 cou-

2154 2801 2367 2862 ceptum
2397 2794 2617 2863 ejicere,
2643 2793 3048 2847 medicamentis
3071 2793 3388 2860 quibusdam
3413 2796 3606 2862 epotis,
3640 2805 3735 2848 aut

2155 2885 2275 2938 aliis
2303 2885 2494 2948 modis,
2531 2899 2594 2937 ac
2632 2882 2774 2938 fetus
2807 2894 3026 2938 necant.
3063 2884 3192 2952 Qua:
3221 2885 3380 2953 igitur
3423 2885 3474 2937 id
3502 2884 3729 2951 faciunt,

2152 2973 2318 3028 veluti
2353 2982 2566 3043 patrata
2611 2975 2759 3028 caede
2789 2975 3090 3043 puniendas
3141 2988 3263 3027 esse
3293 2974 3554 3028 decernit.
3588 2973 3732 3039 Quo.

2155 3069 2300 3120 niam
2337 3082 2466 3121 vero
2490 3082 2677 3122 eorum
2713 3083 2829 3136 quae
2860 3067 3155 3136 ejiciuntur
3185 3068 3286 3120 alia
3321 3067 3534 3136 quidem
3568 3067 3734 3121 infor-

472 3164 626 3231 φωτά
660 3165 787 3230 είσι,
822 3168 890 3219 τά
915 3166 970 3218 δὲ
1003 3173 1435 3240 μεμορφωμένα,
1473 3176 1568 3226 καὶ
1595 3176 1721 3237 τοὺς
1753 3176 2042 3245 χαρακτῆ-

2155 3157 2261 3209 mia
2305 3168 2434 3211 sunt
2475 3158 2675 3222 adhuc,
2713 3157 2817 3211 alia
2872 3174 2998 3212 vero
3044 3158 3296 3223 formata,
3353 3166 3406 3212 ct
3447 3174 3568 3228 qua:
3615 3161 3728 3227 jam

473 3271 571 3323 ρας
637 3255 877 3318 σώζοντα
953 3258 1049 3328 τῆς
1104 3259 1451 3332 ἀνθρωπίνης
1515 3265 1731 3334 μορφῆς
1793 3264 1876 3332 (τὸ
1933 3266 2043 3334 γὰρ

470 3346 713 3415 σπέρμα,
746 3350 811 3417 τῇ
870 3337 1055 3420 μήτρα
1099 3351 1600 3422 καταϐαλλόμενον,
1638 3357 1905 3427 πρότερον
1940 3351 2044 3425 μὲν

468 3437 879 3508 ἐξαιματοῦται·
916 3438 1032 3494 εἶτα
1062 3443 1140 3505 είς
1171 3445 1350 3517 σάρκα
1380 3448 1655 3515 πήγνυται
1684 3449 2038 3519 ἁμόρφωτον·

469 3525 586 3582 εἶτα
623 3530 1014 3597 ἐξεικονίζεται
1074 3537 1168 3588 καὶ
1223 3537 1586 3592 διατυποῦται
1637 3541 1718 3602 είς
1771 3542 1909 3610 μέλη
1951 3542 2046 3594 καί

475 3623 695 3690 μόρια)’
737 3626 836 3678 οὐκ
890 3628 1424 3699 ἀκριϐολογούμεθα,
1462 3633 1648 3703 φησὶν,
1709 3635 1822 3688 εἴτε
1869 3637 2045 3708 ἀμόρ-

475 3733 650 3780 φωτον
695 3719 979 3790 ἀπεϐλήθη
1015 3722 1074 3774 τὸ
1105 3723 1366 3798 ἔμϐρυον,
1403 3727 1512 3778 εἴτε
1546 3728 2044 3800 διατετυπωμένον.

471 3807 544 3858 Οὐ
575 3808 682 3877 γὰρ
715 3811 746 3877 ή
781 3809 954 3883 φθορὰ
984 3811 1196 3865 ἐκείνου
1229 3815 1392 3883 μόνου
1418 3816 1713 3869 ἐκδικείται
1741 3834 1755 3848 ·
1781 3818 1915 3871 ἀλλὰ
1948 3821 2046 3872 καὶ

467 3899 500 3967 ἡ
542 3901 682 3952 κατὰ
717 3900 815 3970 τῆς
871 3902 928 3954 ἐν
989 3906 1189 3973 γαστρὶ
1231 3904 1462 3976 ἐχούσης
1507 3908 1771 3978 ἐπιϐουλή
1801 3925 1812 3938 ·
1846 3911 1921 3973 ὡς
1950 3911 2043 3963 ἐπὶ

464 3989 526 4042 τὸ
556 3991 690 4044 πολὺ
732 3994 858 4060 γὰρ,
892 3997 1047 4064 φησι,
1085 3981 1528 4050 συναπόλλυνται
1561 3999 1655 4052 καὶ
1701 4002 1756 4052 αἱ
1789 4003 2046 4066 γυναῖκες

465 4082 578 4144 τοῖς
625 4084 910 4153 ἐμϐρύοις,
973 4087 1482 4158 ἐναποθνήσκουσαι
1534 4095 1599 4162 τῇ
1650 4092 1853 4145 τούτων
1904 4095 2077 4145 ἀπο-ι

468 4169 622 4244 ϐολῇ.
675 4177 775 4229 Διά
819 4193 874 4229 τε
925 4179 1056 4244 γοῦν
1105 4181 1204 4250 τὴν
1258 4183 1552 4255 ἐπιϐουλὴν
1587 4185 1814 4255 ἑαυτῆς,
1855 4185 1945 4240 διά
1983 4204 2044 4239 τε

468 4263 564 4329 τὴν
594 4264 688 4318 τοῦ
721 4267 961 4338 ὲμϐρύου
1008 4270 1235 4340 φθοράν,
1268 4273 1344 4341 τῷ
1397 4274 1488 4326 τοῦ
1539 4277 1742 4342 φονέως
1778 4278 2042 4347 ἐπιτιμίῳ

467 4358 890 4423 καταδικάζεται
917 4378 929 4390 ο
961 4363 1021 4414 οὐ
1068 4365 1230 4434 μέχρι
1280 4366 1336 4418 δὲ
1379 4371 1478 4437 τῆς
1521 4369 1700 4435 ἐξόδου
1737 4372 1892 4422 ἔσται
1927 4371 2046 4427 ιὺπὸ

467 4449 528 4501 τὸ
559 4451 855 4520 ἐπιτίμιον,
892 4453 1029 4508 ἀλλὰ
1063 4458 1120 4508 ἐν
1160 4457 1308 4511 ἔτεσι
1361 4462 1492 4516 δέκα
1513 4478 1527 4492 ⁶
1558 4463 1617 4514 ού
1647 4463 1752 4532 χρὴ
1784 4463 1840 4516 δέ
1866 4464 2045 4534 χρόνῳ

470 4545 863 4613 παραγράφειν
898 4547 996 4618 τὴν
1034 4551 1350 4618 μετάνοιαν,
1378 4555 1516 4608 ἀλλὰ
1556 4558 1780 4627 τρόπῳ·
1817 4556 1958 4609 ὥστε
1995 4557 2044 4609 εί

471 4633 567 4701 μὲν
602 4642 1089 4709 καταφρονητικῶς
1132 4643 1404 4698 διάκειται
1435 4648 1572 4716 πρὸς
1605 4647 1704 4718 τὴν
1744 4650 2041 4717 μετάνοιαν

466 4728 500 4797 ἡ
533 4728 1003 4798 ἁμαρτήσασι,οὑ
1036 4737 1194 4804 μόνον
1226 4740 1258 4808 ἡ
1289 4739 1542 4793 δεκαετία
1573 4741 2040 4811 περαιωθήσεται,

466 4821 600 4872 ἀλλὰ
633 4824 730 4876 καὶ
778 4825 1172 4896 ἐπιταθήσεται
1200 4847 1214 4860 ·
1246 4833 1294 4884 εί
1327 4831 1384 4884 δὲ
1436 4835 1741 4896 σπουδαίως
1801 4836 2045 4905 προσφέ-

468 4928 620 4980 ρεται
665 4915 804 4983 πρὸς
833 4917 932 4986 τὴν
984 4919 1082 4987 τῆς
1129 4923 1406 4990 ἁμαρτίας
1444 4924 1704 4986 διάθεσιν,
1753 4929 1910 4997 καὶὴ
1961 4927 2046 4980 δε-

466 5005 662 5056 καετία
691 5005 1130 5077 κολοϐωθήσεται
1157 5024 1171 5038 °
1218 5012 1280 5063 τὸ
1333 5014 1439 5064 πᾶν
1481 5015 1536 5066 δὲ
1584 5019 1648 5085 τῇ
1701 5016 1796 5068 τοῦ
1829 5020 2040 5070 οἰκονο-

470 5089 698 5159 μοῦντος
738 5093 903 5148 αὐτὸν
947 5095 1238 5169 ἀνατίθησι
1292 5101 1495 5170 κρίσει.
1541 5103 1628 5157 Ἑν
1683 5103 1759 5174 τῷ
1806 5104 1948 5158 τέλει
1987 5104 2044 5159 δὲ

466 5178 560 5232 τοῦ
608 5183 796 5250 ὀγδόου
855 5175 1082 5250 κανόνος
1123 5189 1351 5253 καὶτὰς
1405 5191 1652 5257 διδούσας
1695 5194 1764 5246 τὰ
1815 5194 2048 5262 ἀμϐλω-

469 5263 645 5340 θρίδια
690 5275 959 5346 φάρμακα
1006 5278 1084 5349 τῷ
1130 5280 1224 5332 τοῦ
1273 5283 1437 5349 φόνου
1491 5285 1757 5355 ἐπιτιμίῳ
1812 5286 2037 5355 ὑπάγει.

481 5364 763 5419 Ἀκουσίου
787 5368 843 5420 δὲ
873 5370 1034 5436 φόνου
1065 5372 1296 5426 ἐνταῦθα
1327 5376 1554 5445 χρόνους
1585 5377 1762 5447 ὁρίζει
1787 5378 1863 5449 τῷ
1899 5379 2042 5434 κατὰ
2094 5384 2100 5390 ’

464 5454 572 5510 τῶν
620 5459 876 5513 τοιούτων
928 5464 1205 5529 γυναικῶν
1239 5467 1517 5536 ἐπιτιμίῳ.
1557 5469 1649 5521 Ἐν
1685 5468 1790 5536 γὰρ
1837 5470 1914 5539 τῷ
1966 5469 2044 5533 νζ¹

465 5549 653 5602 κανόνι
692 5550 835 5604 οὕτω
880 5557 1046 5624 φησίν
1068 5573 1080 5587 ·
1115 5557 1172 5609 ’0
1203 5559 1473 5622 ἀκουσίως
1506 5561 1777 5629 φονεύσας
1817 5564 1875 5616 ἐν
1908 5562 2042 5614 δέκα

464 5639 642 5694 ἔτεσιν
675 5642 1035 5714 ἀκοινώνητος
1075 5648 1229 5702 ἔσται
1280 5651 1388 5704 τῶν
1441 5653 1820 5723 ἀγιασμάτων.
1861 5655 2047 5726 Ἀκρι-

539 5800 559 5830 ¹
591 5799 760 5858 Exod.
793 5821 904 5865 xxx.
933 5806 1024 5866 2'2,
1052 5805 1142 5862 25.

2149 3248 2399 3302 humanze
2439 3249 2622 3319 ﬁgura:
2667 3249 2895 3320 efﬁgiem
2930 3261 3173 3317 servant,
3217 3255 3422 3320 (semen
3474 3254 3729 3308 nimirum

2150 3339 2201 3392 in
2229 3343 2512 3395 matricem
2561 3341 2831 3409 deiectum
2879 3344 3110 3412 primum
3163 3344 3214 3396 iu
3246 3360 3562 3414 sanguinem
3606 3362 3730 3399 ver-

2153 3431 2283 3486 titur
2320 3448 2333 3484 :
2378 3433 2570 3486 deinde
2599 3432 2652 3485 in
2687 3448 2900 3487 carnem
2926 3435 3228 3488 concrescit
3257 3435 3582 3490 iulormcm:
3619 3447 3728 3491 tutu

2145 3506 2203 3576 in
2243 3524 2481 3577 membra
2541 3534 2595 3578 ct
2638 3535 2821 3593 partes
2853 3525 3086 3580 hominis
3137 3528 3404 3598 elliugitur
3444 3542 3497 3583 et
3532 3528 3733 3585 forma-

2153 3615 2284 3682 tur),
2321 3615 2758 3686 haudquaquam,
2815 3619 2912 3684 ait,
2972 3615 3291 3673 informisne
3319 3622 3519 3690 eiectus
3570 3621 3735 3676 fuerit

2152 3707 2312 3772 fctus,
2349 3723 2416 3760 an
2442 3708 2706 3762 formatus
2735 3709 3091 3778 inquirimus.
3127 3711 3242 3768 Non
3274 3716 3415 3768 enim
3445 3715 3587 3770 illius
3616 3727 3734 3768 tan-

2150 3803 2433 3854 tummodo
2468 3801 2720 3858 interitus
2749 3804 3075 3860 vindicatur.
3112 3821 3296 3860 verum
3349 3807 3557 3863 insidim
3593 3826 3732 3879 prro-

2151 3898 2295 3943 lerea
2331 3890 2382 3942 in
2419 3907 2540 3943 eam
2577 3907 2695 3959 quae
2726 3893 2946 3960 gravida
2973 3907 3054 3949 cst
3086 3909 3432 3966 comparatae.
3481 3899 3732 3955 Plerum-

2149 3996 2255 4050 que
2286 3983 2574 4052 siquidem,
2605 3986 2702 4050 ait,
2731 3985 2860 4052 ipsae
2888 4002 3102 4056 quoque
3143 3990 3394 4045 mulieres
3422 3992 3581 4047 simul
3609 4011 3729 4049 cum

2151 4075 2262 4127 l‘ctu
2291 4086 2539 4143 pereunt,
2575 4077 2627 4130 in
2664 4078 2782 4147 ejus
2831 4079 3099 4147 ejcclione
3132 4085 3451 4139 morientes.
3496 4086 3734 4142 Proinde

2150 4178 2261 4222 tum
2296 4171 2363 4222 ob
2389 4182 2716 4241 pra-paratas
2743 4173 2846 4228 sibi
2885 4174 3132 4241 insidias,
3165 4186 3274 4228 tum
3300 4177 3366 4230 ob
3396 4175 3563 4231 fetum
3612 4194 3736 4247 pera

2149 4273 2410 4329 emptum,
2459 4263 2850 4319 homicidarum
2885 4267 3062 4335 pcenis
3112 4269 3421 4338 subjicitur.
3461 4271 3731 4326 Caeterum

2149 4356 2341 4409 nonad
2377 4357 2499 4410 vita:
2527 4373 2698 4428 usque
2728 4363 2954 4432 exitum,
2986 4361 3078 4414 scd
3105 4355 3289 4416 decem
3325 4372 3530 4417 tantum
3565 4381 3737 4419 anno-

2158 4464 2276 4501 rum
2309 4433 2485 4516 spatio
2520 4464 2678 4519 paena
2714 4453 3062 4506 exercebitur
3089 4469 3103 4519 ;
3134 4470 3242 4507 non
3271 4465 3513 4524 tempore
3555 4470 3734 4513 autem

2156 4550 2369 4610 oportet
2393 4541 2646 4606 delinire,
2685 4546 2776 4596 sed
2807 4545 2968 4596 modo
2998 4563 3011 4598 :
3043 4545 3114 4598 ita
3141 4555 3198 4599 ul
3229 4547 3494 4614 squidem
3529 4561 3586 4600 ea
3620 4562 3736 4616 qua:

2155 4635 2400 4703 peccavit
2447 4635 2821 4701 pmuitcutiam
2872 4647 3235 4706 aspernatur,
3290 4655 3394 4692 non
3455 4640 3736 4707 οκιιιριιιιιι·

2154 4724 2330 4778 solum
2378 4725 2622 4779 decennii
2672 4737 2903 4794 tempus,
2968 4729 3060 4780 scd
3111 4738 3434 4797 prorogetur
3483 4747 3496 4782 :

2156 4820 2200 4871 si
2247 4819 2489 4873 studiose
2535 4819 2586 4872 in
2645 4820 2966 4889 panitcntia
3018 4819 3121 4874 rite
3173 4820 3422 4874 obeunda
3466 4822 3732 4882 elaborat,

2156 4911 2362 4978 aliquid
2418 4925 2485 4963 ex
2550 4912 2666 4980 ipso
2726 4927 2942 4982 quoque
3002 4911 3268 4968 deccnnio
3319 4919 3733 4984 amputahitur:

2158 5002 2318 5070 idque
2349 5014 2520 5057 totum
2569 5002 2715 5056 illius
2768 5007 3125 5060 moderatmis
3173 5008 3400 5062 arbitrio
3452 5011 3733 5076 permittit.

2152 5093 2210 5148 lu
2249 5107 2493 5148 extremo
2526 5110 2688 5165 porro
2720 5097 2893 5149 octavi
2932 5097 3178 5163 canonis,
3225 5113 3318 5152 eas
3353 5114 3586 5168 quoque,
3619 5116 3739 5167 qua:

2151 5190 2444 5259 pharmaca
2469 5191 2534 5243 ad
2565 5189 2809 5244 abortum
2839 5188 3107 5260 prazbcnl,
3132 5190 3524 5246 homicidarum
3562 5196 3739 5264 pinnis

2150 5285 2394 5338 damnat.
2431 5281 2812 5337 lnvoluntaria:
2834 5293 3012 5337 autem
3041 5285 3201 5339 caedis
3227 5284 3329 5340 hoc
3355 5285 3471 5340 loco
3495 5298 3737 5357 tempora

2157 5375 2422 5439 decernit,
2455 5375 2582 5429 dum
2616 5367 2754 5430 hanc
2783 5375 3002 5430 multam
3034 5377 3292 5432 adversus
3323 5378 3584 5447 ejusmodi
3618 5397 3738 5434 mu-

2151 5467 2312 5522 lieres
2343 5469 2552 5523 statuit.
2587 5467 2710 5522 llaec
2737 5469 2882 5522 enim
2931 5468 3098 5525 habet
3147 5473 3602 5541 quinquagesimo
3644 5490 3735 5527 sc.-

2158 5562 2330 5632 plimo
2379 5577 2583 5616 canone
2615 5579 2628 5615 :
2659 5561 2762 5628 Qui
2806 5561 3168 5618 involuntarie
3223 5565 3517 5633 interfecit,
3546 5567 3736 5620 decent

2157 5654 2316 5710 annis
2365 5669 2393 5708 a
2447 5669 2729 5710 sacrorum
2765 5659 3145 5727 mysteriorum
3185 5660 3539 5729 perceptiOue
3566 5658 3737 5715 absti-

3546 4746 3733 4784 VCI‘U."
3761 4776 3788 4792 ,,
3829 4759 3832 4766 ·
