4076 6442
360 285 465 350 591

1633 284 1733 344 ΤΗ
1743 283 1913 345 EOD.
1944 282 2346 347 BALSAMON

3510 289 3620 352 {.92

338 402 530 457 nebit.
562 401 674 458 Nos
701 412 902 469 autem,
942 401 1120 474 inquit
1168 410 1411 467 sanctus,
1444 400 1490 457 si
1513 401 1828 457 en‘ormatus
1853 399 1932 454 Γο-

2041 400 2263 472 ϐολογία
2318 404 2376 458 δὲ
2443 404 2950 477 ὲκμεμορφωμένου
3008 409 3104 459 καὶ
3182 404 3622 471 ἁνεξεικονίστου

352 506 468 559 tus,
502 509 570 547 an
601 493 877 559 informis,
914 510 1024 551 non
1060 495 1277 551 curiose
1300 504 1628 550 scrutamur.
1667 492 1804 549 Sunt
1828 495 1942 548 haec

356 587 620 656 siquidem
654 588 706 641 in
740 587 878 643 libro
909 587 1077 643 Exodi
1106 590 1422 657 consignata
1450 604 1466 643 :
1497 585 1558 641 Si
1585 587 1691 641 duo
1726 585 1822 641 viri
1842 599 1945 653 pu-

356 690 534 748 gnent,
555 698 616 734 ac
628 691 985 751 praegnantem
1007 682 1275 737 mulierem
1292 681 1610 751 percutiant,
1631 689 1679 733 et
1701 694 1941 749 egressus

356 773 517 842 fuerit
550 774 735 844 infans
786 791 889 829 non
934 777 1222 846 formatus,
1260 791 1324 830 ea
1363 791 1514 843 pana
1547 773 1938 838 multabuntur,

353 883 515 936 quam
560 869 797 922 mulieris
838 869 1064 921 maritus
1102 869 1436 937 imposuerit.
1477 867 1575 922 Sin
1620 875 1797 919 autem
1825 863 1939 933 [or-

354 963 531 1027 mntns
578 954 764 1023 fuerit,
801 955 949 1008 dabit
983 955 1223 1009 animam
1261 969 1357 1020 pro
1407 954 1615 1007 anima.
1669 952 1939 1018 Quoniam

355 1048 523 1117 igitur
557 1050 780 1116 antiqua
805 1048 914 1113 lex,
942 1062 1064 1102 cum
1097 1048 1238 1104 fetus
1260 1046 1480 1117 quidem
1507 1046 1744 1101 nondum
1774 1043 1942 1100 εποι-

316 1164 321 1167 ~
355 1150 532 1194 matus
575 1150 716 1203 erat.
741 1128 991 1210 abortus,
1021 1140 1399 1210 pecuniariam
1432 1138 1659 1193 multam
1693 1137 1942 1208 impone-

355 1233 470 1297 bat,
502 1246 626 1286 cum
659 1246 789 1287 vero
841 1242 960 1287 erat
983 1235 1270 1294 formatus,
1315 1233 1426 1288 vita
1478 1232 1764 1301 puniebat,
1799 1229 1936 1286 mori

345 1320 544 1385 iubens
586 1338 707 1378 cum
739 1324 836 1394 qui
882 1323 1167 1380 mulierem
1194 1323 1560 1391 verberasset,
1602 1322 1743 1378 facta
1777 1319 1937 1388 hujus

352 1417 485 1485 legis
516 1417 812 1483 nzentione,
842 1416 973 1481 Nos,
1020 1416 1197 1487 inquit
1226 1423 1474 1483 sanctus,
1506 1415 1713 1470 nullum
1742 1415 1937 1469 discrio

351 1525 474 1564 men
528 1511 844 1573 statuimus,
880 1512 999 1567 sive
1049 1511 1284 1566 formata
1320 1511 1436 1566 sint
1474 1525 1594 1580 quae
1616 1509 1932 1579 ejiciuntur,
1967 1565 1973 1575 ,

348 1607 464 1659 sive
515 1603 769 1660 informia
802 1626 815 1675 ;
847 1620 946 1660 nec
977 1606 1123 1660 enim
1176 1604 1550 1676 pecuniariam
1584 1602 1804 1659 multam
1840 1601 1937 1656 de-
1968 1593 1973 1603 ’

349 1696 646 1761 cernimus,
682 1697 775 1749 sed
805 1696 969 1751 ctcdis
991 1710 1134 1763 eam,
1159 1711 1280 1765 qum
1313 1696 1365 1751 id
1386 1695 1643 1767 patravit,
1670 1692 1929 1749 condem-

347 1802 564 1851 nanms,
595 1797 705 1842 tum
739 1792 808 1842 ob
845 1788 1011 1843 fetum
1036 1798 1370 1860 corruptum,
1398 1798 1510 1843 tum
1545 1790 1614 1845 ob
1646 1787 1927 1844 mulierem

348 1898 376 1933 ιι
404 1895 510 1949 qua
545 1885 589 1935 is
620 1881 851 1951 ejectus,
895 1882 1163 1955 siquidem
1207 1897 1331 1941 cum
1365 1882 1477 1939 fetu
1507 1883 1676 1953 ipsam
1706 1897 1927 1955 quoque

349 1974 574 2029 interire
606 1990 749 2045 saepe
773 1975 1056 2045 contingit.

417 2152 645 2211 ARIST.
687 2154 816 2221 Qum
849 2154 915 2209 de
934 2154 1212 2211 industria
1249 2154 1420 2213 fetum
1450 2157 1717 2228 corrupit,
1746 2172 1928 2229 quan-

347 2250 634 2318 docunque
663 2249 990 2319 corruperit,
1032 2249 1327 2305 homicidio
1360 2259 1602 2306 tenetur.

416 2339 652 2396 Gravida
680 2339 1113 2410 quandocunque
1141 2355 1409 2396 venenum
1443 2342 1717 2413 acceperit
1753 2342 1818 2397 ad
1844 2341 1925 2397 fe-

348 2444 459 2489 tum
484 2431 869 2497 auferendum,
896 2432 1175 2486 homicidii
1211 2448 1298 2488 rea
1330 2443 1436 2497 est,
1464 2444 1647 2489 etnon
1672 2446 1927 2504 accurate

344 2523 727 2581 examinamus
773 2538 844 2576 an
892 2522 1037 2578 fctus
1080 2521 1331 2579 informis
1382 2524 1456 2580 sit
1503 2534 1597 2579 aut
1630 2523 1923 2592 formatus,

343 2615 598 2685 quoniam
633 2612 952 2684 plerumque
978 2631 1082 2668 una
1115 2629 1241 2671 cum
1268 2615 1376 2671 fetu
1421 2617 1691 2672 intereant
1715 2627 1769 2673 et
1802 2633 1926 2672 mu-

343 2707 530 2772 lieres,
560 2715 616 2760 et
642 2714 902 2774 quantum
938 2706 1003 2759 ad
1026 2721 1213 2761 earum
1240 2708 1697 2762 existimationem
1730 2709 1925 2780 duplex

342 2798 438 2851 fiat
459 2796 836 2863 homicidium,
862 2812 1026 2851 unum
1053 2799 1269 2867 quidem
1294 2798 1547 2869 gravida,
1574 2800 1717 2855 aliud
1744 2810 1923 2856 autem

342 2887 506 2944 fetus.
542 2886 704 2944 Tales
741 2889 924 2958 itaque
958 2890 1145 2961 decem
1193 2905 1366 2946 annos
1415 2893 1593 2961 poenis
1627 2892 1926 2961 subjicien-

345 2997 468 3052 tur,
531 2986 666 3040 duos
709 2986 928 3055 quidem
997 2998 1172 3055 annos
1217 2984 1514 3051 deﬂentes,
1570 2997 1681 3041 tres
1738 2996 1921 3040 autem

2046 495 2180 567 παρ’
2211 498 2342 565 ἡμῖν
2367 500 2467 551 οὐκ
2494 497 2668 565 ἐστιν,
2697 498 2802 568 ἔφη
2848 502 2876 552 6
2921 499 3105 567 ἅγιος·
3132 498 3269 552 διότι
3302 500 3522 570 εἴρηται
3559 500 3618 552 ἐν

2045 590 2109 656 τῇ
2146 587 2315 659 βίϐλῳ
2345 590 2442 658 τῆς
2478 588 2692 653 Ἐξόδου
2728 590 2901 645 ταῦτα
2924 607 2939 622 ³
2972 591 3117 645 Ἐὰν
3145 591 3456 662 μάχωνται
3504 591 3618 647 δύο

2044 680 2260 747 ἄνδρες
2288 679 2385 733 καὶ
2421 680 2731 742 πατάξωσι
2774 683 3033 752 γυναῖκα
3077 684 3147 738 ἐν
3191 685 3405 754 γαστρὶ
3445 685 3624 755 ἔχου-

2044 788 2187 834 σαν,
2217 771 2317 826 καί
2353 772 2573 840 ἐξέλθῃ
2609 774 2673 828 τὸ
2713 776 2957 830 παιδίον
2980 778 3068 845 μὴ
3099 778 3621 848 ἐξεικονισμένον,

2043 863 2349 934 ἐπιζήμιον
2378 867 2811 937 ζημιωθήσεται
2849 874 3119 928 καθόσον
3143 872 3221 927 ἂν
3262 874 3562 940 ἐπιϐάλλῃ
3588 876 3622 926 ὁ

2042 956 2199 1025 ἀνὴρ
2228 955 2337 1025 τῆς
2378 962 2685 1028 γυναικός.
2723 961 2867 1015 Ἐὰν
2905 962 2974 1016 δὲ
3015 964 3514 1033 ἐξεικοτισμένον
3556 958 3620 1034 ᾖ.

2043 1047 2224 1101 δώσει
2273 1047 2490 1119 ψυχὴν
2535 1051 2674 1106 ἀντὶ
2724 1055 2959 1123 ψυχῆς.
2996 1057 3120 1109 Ὀτι
3166 1057 3299 1124 γοῦν
3334 1058 3362 1111 6
3391 1057 3620 1120 παλαιὸς

2042 1139 2231 1210 νόμος,
2277 1141 2365 1195 ὅτε
2424 1142 2525 1212 μὲν
2580 1143 2657 1216 μὴ
2719 1144 3155 1218 ὲξεικονισμένον
3211 1150 3468 1220 nummo
3518 1148 3623 1219 ἔμ-

2043 1230 2230 1302 ϐρυον,
2261 1235 2340 1295 είς
2368 1235 2630 1305 χρήματα
2662 1235 2918 1307 ἐζημίου,
2944 1241 3031 1292 ὅτε
3051 1239 3108 1293 δὲ
3141 1236 3209 1311 ἦν
3250 1238 3622 1311 ὲξεικονισμέ-

2040 1340 2154 1387 νον,
2185 1327 2266 1388 είς
2294 1325 2477 1397 ψυχὴν
2532 1327 2860 1393 κατεδίκαζε
2917 1331 3180 1402 θνήσκειν
3226 1334 3318 1386 τὸν
3369 1332 3469 1399 τὴν
3521 1351 3620 1401 γυ-

2039 1417 2201 1468 ναῖκα
2237 1417 2591 1482 πατάξαντα*
2636 1418 2831 1473 τούτου
2883 1421 2977 1473 τοῦ
3043 1423 3213 1492 νόμου
3267 1422 3530 1493 μνησθεὶς
3590 1425 3618 1477 6

2039 1506 2196 1572 ἅγιος
2253 1508 2355 1578 ἔφη
2408 1509 2491 1562 ὃτι
2540 1508 2732 1580 Ἡμεῖς
2779 1511 2841 1565 οὐ
2902 1513 3172 1584 διαφοράν
3228 1515 3449 1585 ἔχομεν,
3506 1516 3619 1568 είτε
3730 1522 3735 1526 ’

2036 1598 2518 1670 ἐκμεμορφωμένα
2566 1604 2675 1656 eisi.
2708 1604 2775 1659 τὰ
2823 1604 3264 1675 άποϐαλλόμενα,
3296 1606 3408 1660 εἴτε
3439 1606 3620 1677 ἀμόρ-

2037 1708 2212 1761 φωτα.
2269 1694 2345 1747 Οὐ
2404 1696 2514 1768 γὰρ
2573 1697 2838 1769 χρήματα
2885 1698 3216 1770 ζημιοῢμεν,
3251 1700 3387 1754 ἀλλὰ
3451 1701 3615 1769 φόνου

2031 1784 2293 1854 κρίνομεν
2339 1786 2438 1857 τὴν
2487 1786 2646 1841 τοῦτο
2681 1792 2985 1860 ποιήσασαν
3023 1791 3112 1845 διά
3159 1809 3218 1845 τε
3266 1790 3365 1863 τὴν
3391 1791 3485 1845 τοῦ
3517 1792 3618 1862 ἐμ-

2033 1877 2201 1948 ϐρύου
2236 1878 2445 1948 φθορὰν
2472 1881 2567 1935 καὶ
2590 1880 2679 1935 διὰ
2708 1880 2805 1953 τὴν
2838 1882 2995 1936 τοῦτο
3019 1882 3459 1946 ἀποϐάλλουσαν,
3487 1887 3615 1937 ἐπεὶ

2031 1969 2326 2039 συμϐαίνει
2360 1970 2645 2037 μπολλάκις
2696 1973 2774 2043 τῷ
2825 1973 3053 2046 ὲμϐρύῳ
3103 1974 3614 2047 συνδιαφθείρεσθαι

2027 2061 2127 2115 καὶ
2154 2062 2350 2133 αὐτήν.

2096 2150 2323 2206 ΔΡΙΣΤ.
2371 2154 2508 2209 Κατ’
2548 2156 2899 2229 ἐπιτήδευσιν
2929 2159 3219 2229 φθείρασα,
3244 2161 3331 2214 ὅτε
3363 2160 3431 2215 ἂν
3462 2160 3618 2230 φθεί-

2032 2261 2135 2315 ροι,
2166 2245 2482 2317 φονεύτρια.

2112 2339 2177 2393 Ἦ
2222 2340 2629 2411 ἐγκυμονοῦσα,
2668 2346 2870 2399 ὁπόταν
2919 2345 2987 2400 ἂν
3026 2346 3244 2419 δέξηται
3283 2348 3606 2421 φάρμακον,

2027 2433 2120 2487 ἐπὶ
2152 2434 2213 2488 τὸ
2241 2433 2455 2491 ἀνελεῖν
2499 2437 2559 2490 τὸ
2599 2438 3108 2508 ὲγκυμονούμενον,
3142 2442 3434 2511 φονεύτριά
3472 2443 3611 2497 ἐστι.

2027 2525 2141 2579 Καὶ
2164 2527 2265 2580 οὐκ
2299 2527 2786 2597 άκριϐολογοῦμεν,
2816 2530 2871 2582 εί
2896 2546 2960 2597 γε
2988 2526 3426 2596 ἁνεξεικόνιστον
3459 2526 3528 2602 ἦν
3552 2532 3615 2584 τὸ

2027 2617 2357 2691 ἔμϐρυονίῆ
2395 2620 2490 2673 καὶ
2555 2621 3036 2691 μεμορφωμένον’
3089 2622 3225 2676 διότι
3281 2622 3359 2687 ὡς
3397 2625 3491 2677 ἐπὶ
3547 2624 3609 2676 τὸ
3674 2668 3679 2672 .

2026 2710 2161 2764 πολὺ
2193 2711 2705 2784 συναποθνῄσκουσι
2740 2713 2819 2784 τῷ
2850 2713 3078 2785 ὲμϐρύῳ
3104 2714 3201 2769 καὶ
3229 2715 3285 2769 αἱ
3315 2718 3602 2785 γυναῖκες·

2026 2799 2122 2853 καὶ
2157 2800 2281 2853 ὅσον
2311 2800 2453 2856 κατὰ
2480 2800 2579 2872 τὴν
2602 2803 2848 2857 ἐπίνοιαν
2893 2802 3075 2857 αὐτῶν
3104 2804 3199 2858 δύο
3226 2804 3473 2873 γίνονται
3506 2806 3605 2874 φό-

2024 2908 2126 2957 νοι,
2152 2889 2234 2956 εἷς
2285 2893 2406 2960 μὲν,
2453 2894 2482 2946 6
2514 2894 2615 2963 τῆς
2637 2893 2951 2965 τικτούσης,
2991 2895 3178 2967 ἕτερος
3223 2896 3279 2949 δὲ
3312 2897 3341 2949 6
3371 2897 3465 2950 τοῦ
3502 2899 3606 2967 ἐμ·-

2026 2982 2218 3054 ϐρύου.
2262 2984 2386 3037 Ἐπὶ
2430 2985 2563 3038 δέκα
2594 2985 2730 3053 γοῦν
2781 2984 2962 3040 ἔτεσιν
3009 2988 3067 3041 ai
3127 2987 3376 3043 τοιαῦται
3430 2991 3609 3043 ἐπιτι-

342 3093 517 3134 annos
541 3092 664 3133 cum
697 3076 1044 3132 audientibus
1087 3088 1337 3148 agentes,
1371 3086 1605 3147 quatuor
1632 3079 1918 3144 substrati,

2035 3075 2256 3146 μῶνται,
2300 3075 2395 3129 δύο
2442 3076 2541 3145 μὲν
2589 3077 2685 3147 ἔτη
2736 3079 3187 3148 προσκλαίουσαι,
3225 3081 3351 3152 τρία
3402 3082 3460 3136 δὲ
3508 3081 3607 3152 ἔτη

340 3181 397 3225 et
431 3184 571 3226 anno
600 3185 723 3227 cum
753 3169 1001 3226 fidelibus
1032 3168 1336 3234 constituti,
1360 3177 1416 3224 et
1448 3169 1530 3224 sic
1571 3180 1692 3239 post
1720 3171 1923 3226 decen-

341 3265 491 3320 nium
518 3266 826 3323 divinorum
878 3272 1343 3322 sacramentorum
1395 3264 1689 3335 participes
1737 3274 1919 3322 erunt.

869 3538 974 3611 53
1019 3535 1251 3594 CANON
1298 3535 1385 3593 ιη.

342 3634 620 3691 Diceonus
648 3642 774 3705 post
816 3632 1165 3689 diaconatum
1199 3630 1519 3698 fornicatus,
1562 3645 1592 3685 a
1632 3629 1920 3686 diaconatu

413 3726 637 3798 quidem
681 3725 929 3795 ejicietur
966 3767 981 3794 ,
1012 3725 1065 3780 in
1102 3725 1364 3780 laicorum
1402 3732 1580 3777 autem
1620 3722 1798 3779 locum
1831 3738 1924 3779 ex-

405 3826 612 3895 trusus,
657 3830 687 3870 a
738 3816 1128 3872 communione
1158 3832 1269 3872 non
1317 3813 1917 3886 arcebitur:quoniam

401 3910 662 3979 antiquus
699 3916 784 3963 est
827 3924 1024 3975 canon,
1050 3910 1231 3979 utqui
1276 3924 1305 3962 a
1359 3910 1529 3977 gradu
1568 3907 1912 3968 exciderant,

407 4002 535 4059 huic
577 4002 679 4058 soli
724 4001 1024 4073 punitionis
1075 4000 1261 4073 generi
1310 4000 1672 4070 subiiciantur
1726 4013 1741 4050 :
1781 3996 1920 4050 auti-

405 4096 559 4167 quis,
605 4105 664 4149 ut
694 4093 973 4159 existimo,
1004 4096 1173 4164 legem
1209 4092 1356 4147 illam
1392 4092 1621 4155 secutis,
1651 4090 1763 4144 Non
1801 4091 1920 4143 vin-

407 4187 622 4244 dicabis
676 4187 760 4242 bis
799 4186 853 4240 in
890 4185 1123 4255 idipsum
1156 4202 1170 4237 :
1207 4193 1262 4236 ct
1308 4183 1471 4238 etiam
1512 4191 1733 4251 propter
1759 4181 1918 4233 aliam

405 4295 649 4346 causam,
685 4278 831 4348 quod
869 4279 959 4348 qui
990 4286 1119 4332 sunt
1150 4276 1384 4346 quidem.
1414 4276 1467 4328 in
1519 4274 1713 4327 ordine
1757 4271 1918 4336 laico,

405 4390 436 4430 a
487 4374 611 4430 loco
656 4370 896 4427 fidelium
944 4369 1126 4441 ejecti,
1172 4382 1363 4422 rursus
1415 4366 1468 4420 in
1515 4380 1662 4431 eum,
1700 4378 1767 4418 ex
1809 4377 1928 4435 quo

2026 3164 2398 3235 ἀκροωμένοις
2429 3166 2794 3235 διατελοῦσαι,
2823 3171 2883 3222 ἐν
2925 3171 3219 3241 τέσσαρσιν
3265 3173 3608 3227 ὑποπίπτου-

2026 3271 2138 3321 σαι,
2168 3256 2259 3309 καὶ
2286 3258 2344 3309 ὲν
2369 3258 2602 3330 ἐνιαυτῷ
2638 3262 3028 3330 συνιστάμεναι
3061 3265 3176 3325 τοῖς
3227 3266 3437 3329 πιστοῖς
3459 3281 3473 3297 ·
3508 3268 3608 3318 καὶ

2024 3345 2167 3403 οὕτω
2198 3349 2338 3419 μετὰ
2365 3350 2457 3404 τὸν
2494 3350 2729 3422 δεκαετῆ
2775 3352 2971 3423 χρόνον
2996 3353 3106 3409 τῶν
3132 3353 3294 3410 θείων
3321 3356 3600 3429 ἁγιασμά-

2024 3455 2136 3494 των
2168 3440 2511 3512 μεθέξουσιν.

2645 3538 2885 3595 ΚΑΝΩΝ
2919 3540 2960 3593 Γ
2961 3545 2989 3598 ’.

2025 3631 2279 3694 Διάκονος
2319 3631 2456 3701 μετὰ
2485 3631 2585 3700 τὴν
2621 3632 2898 3688 διακονίαν
2932 3635 3259 3706 πορνεύσας,
3296 3636 3604 3707 ἀπόϐλητος

2100 3721 2202 3793 μὲν
2228 3721 2330 3791 τῆς
2361 3721 2639 3786 διακονίας
2669 3721 2827 3777 ἔσται
2849 3739 2865 3757 ο
2909 3726 2988 3788 είς
3018 3726 3074 3778 δὲ
3115 3726 3205 3780 τὸν
3253 3725 3364 3779 τῶν
3390 3727 3600 3781 λαῖκῶν

2094 3814 2371 3875 ἀπωσθεὶς
2399 3814 2586 3881 τόπον,
2615 3815 2715 3885 τῆς
2743 3817 3032 3881 κοινωνίας
3072 3816 3171 3870 οὐκ
3198 3817 3559 3889 εἰρχθήσεται
3585 3833 3601 3850 ⁶

2094 3905 2228 3960 διότι
2264 3906 2489 3975 ἀρχαῖός
2534 3906 2654 3959 ἐστι
2710 3907 2913 3975 κανὼν,
2945 3910 3074 3973 τοὺς
3120 3908 3230 3963 ἀπὸ
3260 3910 3474 3981 βαθμοῦ
3505 3929 3601 3965 πε-

2094 3996 2402 4059 ⁴ιιτωκότας,
2434 3995 2610 4066 τούτῳ
2663 3997 2813 4066 μόνῳ
2846 3998 2924 4068 τῷ
2962 3998 3148 4068 τρόπῳ
3194 3999 3290 4066 τῆς
3323 4000 3601 4064 κολάσεως

2094 4086 2520 4143 ὑποϐάλλεσθαι”
2553 4088 3061 4159 ἀκολουθησάντων,
3093 4089 3172 4152 ὡς
3195 4084 3371 4158 οἶμαι,
3397 4089 3506 4143 τῶν
3537 4089 3598 4156 ἐξ

2094 4184 2267 4255 ἀρχῆς
2314 4182 2392 4253 τῷ
2431 4182 2582 4254 νόμῳ
2627 4181 2824 4252 ἐκείνῳ
2871 4180 2970 4251 τῷ,
3004 4181 3118 4235 Οὐκ
3159 4180 3469 4252 ὲκδικήσεις
3521 4182 3603 4244 δὶς

2095 4279 2189 4333 ἐπὶ
2216 4277 2278 4330 τὸ
2326 4277 2481 4331 αὑτό·
2540 4275 2636 4329 καὶ
2682 4275 2748 4328 δι’
2778 4274 2973 4345 ἑτέραν
2995 4273 3052 4328 δὲ
3081 4273 3260 4327 αἰτίαν
3289 4274 3372 4328 ὅτι
3406 4274 3456 4327 oi
3502 4273 3603 4345 μὲν

2094 4370 2151 4422 ὲν
2184 4367 2262 4439 τῷ
2303 4367 2477 4437 λαῖκῷ
2530 4367 2684 4431 ὄντες
2735 4365 3005 4437 τάγματι,
3049 4363 3447 4434 ἐκϐεϐλημένοι
3506 4362 3600 4417 τοῦ

406 4467 741 4532 ceciderunt,
802 4464 983 4520 locum
1048 4461 1405 4530 recipiuntur.
1466 4456 1734 4511 Diaconos
1786 4470 1918 4511 vero

2087 4460 2259 4514 τόπου
2287 4460 2397 4527 τῷν
2427 4458 2657 4523 πιστῶν,
2688 4457 2853 4512 πάλιν
2877 4458 2960 4521 εἰς
2997 4456 3090 4510 τδν
3120 4456 3216 4526 ἀφ’
3245 4450 3307 4510 οὗ
3338 4456 3599 4520 ἐξέπεσον

402 4565 568 4616 Semel
604 4558 791 4625 habet,
811 4554 955 4627 quod
980 4552 1232 4619 sufﬁciat,
1256 4550 1610 4620 depositionis
1630 4548 1916 4618 judicium.

407 4650 853 4721 Quandoquidem
880 4662 1012 4719 ergo
1044 4660 1152 4700 non
1182 4643 1492 4698 reddendus
1535 4643 1584 4696 ci
1630 4642 1701 4695 sit
1726 4640 1917 4694 diaco-

412 4755 595 4810 natus,
620 4744 671 4798 in
703 4756 768 4797 ea
797 4741 912 4797 sola
933 4738 1216 4810 punitione
1235 4743 1525 4791 steterunt.
1554 4731 1679 4789 llaac
1698 4733 1918 4802 quidem

409 4845 537 4889 sunt
568 4849 690 4903 qua:
716 4848 780 4886 ex
800 4829 1280 4887 constitutionibus
1299 4827 1588 4882 habentur.
1619 4823 1677 4878 In
1704 4838 1918 4879 summa

412 4936 594 4981 autem
649 4925 832 4979 verior
878 4919 1149 4977 medicina
1184 4930 1268 4975 est
1310 4933 1565 4975 recessus
1598 4933 1627 4971 a
1664 4926 1918 4987 peccato.

409 5019 592 5086 Quare
617 5016 709 5087 qui
737 5025 956 5085 propter
985 5014 1167 5069 carnis
1211 5012 1546 5083 voluptatem
1576 5011 1804 5080 gratiam
1836 5009 1920 5062 vi—

394 5112 658 5184 ‘lipendit,
701 5125 797 5179 per
853 5110 1038 5164 carnis
1081 5107 1435 5166 amictionem
1483 5114 1540 5162 et
1571 5107 1918 5176 omnigenam

401 5220 467 5260 ex
502 5205 874 5272 temperantia:
916 5203 1231 5272 praescripto
1260 5200 1576 5257 servitutem
1613 5212 1643 5251 a
1672 5198 1920 5264 volupta-

410 5300 557 5353 tibus
603 5295 864 5351 recedeus
909 5312 938 5349 a
979 5295 1181 5366 quibus
1226 5293 1334 5348 fuit
1372 5303 1739 5362 oppugnatus,
1793 5305 1922 5361 per-

400 5386 597 5441 fectam
650 5399 763 5440 suae
817 5384 1122 5439 curationis
1174 5381 1697 5438 demonstrationem
1763 5377 1921 5434 nobis

402 5480 701 5536 exhibebit.
755 5476 863 5532 Nos
890 5491 1020 5547 ergo
1064 5485 1357 5544 utrumque
1376 5473 1548 5533 ,scire
1583 5479 1818 5540 oportet,
1862 5478 1921 5524 et

406 5588 528 5643 qua!
571 5581 698 5625 sunt
731 5569 928 5625 summi
976 5568 1141 5637 juris,
1187 5576 1243 5621 et
1292 5580 1414 5634 quae
1456 5572 1582 5617 sunt
1627 5572 1920 5620 consuetu—

410 5664 550 5718 dinis
583 5680 599 5717 :
632 5661 784 5733 sequi
814 5675 994 5715 autem
1028 5661 1079 5715 in
1116 5659 1207 5725 iis,
1232 5673 1349 5726 qua:
1384 5671 1655 5712 summum
1684 5655 1772 5728 jus
1804 5670 1913 5708 non

398 5756 714 5823 admittunt,
743 5753 973 5811 formam
1002 5752 1279 5809 traditam.

2087 4552 2256 4606 τόπον
2311 4552 2788 4623 ἀναλαμϐάνονται
2809 4567 2823 4584 ’
2852 4553 2880 4604 6
2912 4551 2971 4605 δὲ
3000 4551 3247 4613 διάκονος
3289 4547 3435 4615 ἅπαξ
3490 4546 3603 4619 ἔχει

2091 4644 2291 4717 διαρκῆ
2336 4644 2437 4716 τὴν
2466 4645 2625 4716 δίκην
2664 4647 2763 4712 τῆς
2792 4642 3188 4716 καθαιρέσεως.
3233 4641 3327 4704 Ὧς
3370 4639 3464 4694 οὖν
3505 4641 3605 4693 οὐκ

2090 4738 2487 4810 ἀποδιδομένης
2537 4737 2686 4808 αὑτῷ
2738 4737 2840 4808 τῆς
2887 4734 3210 4800 διακονίας,
3261 4735 3354 4787 ἐπὶ
3400 4731 3607 4797 ταύτης

2091 4828 2327 4899 ἔστησαν
2379 4830 2549 4900 μόνης
2598 4828 2702 4900 τῆς
2747 4828 3108 4899 ἐκδικήσεως.
3141 4824 3330 4880 Ταῦτα
3385 4824 3483 4893 μὲν
3512 4822 3607 4876 οὖν

2090 4921 2161 4974 τὰ
2183 4921 2247 4975 ὲκ
2268 4920 2379 4973 τῶν
2403 4921 2592 4974 τύπων
2616 4936 2631 4951 °
2663 4919 2896 4975 καθόλου
2944 4919 3003 4972 δὲ
3049 4918 3419 4987 ἀληθέστερόν
3456 4919 3608 4969 ἐστιν

2095 5011 2234 5083 ίαμα
2260 5013 2294 5081 ἡ
2331 5014 2431 5082 τῆς
2489 5010 2764 5083 ἁμαρτίας
2813 5009 3164 5082 ἀναχώρησις
3190 5023 3205 5039 ο
3260 5007 3402 5062 ὥστε
3451 5008 3479 5059 ὁ
3519 5005 3606 5059 διὰ

2075 5101 2295 5173 ’σαρκὸς
2340 5102 2536 5172 ἡδονὴν
2579 5102 2852 5171 ἀθετήσας
2882 5100 2982 5171 τὴν
3012 5103 3197 5171 χάριν,
3223 5097 3314 5153 διὰ
3342 5096 3437 5151 τοῦ
3479 5113 3608 5148 συν-

2092 5194 2336 5266 τριμμοῠ
2368 5193 2467 5263 τῆς
2496 5194 2717 5264 σαρκὸς,
2751 5193 2846 5247 καὶ
2885 5193 3069 5262 πάσης
3103 5190 3476 5259 δουλαγωγίας
3509 5188 3608 5257 τῆς

2092 5286 2216 5340 κατ’
2273 5285 2624 5356 ἐγκράτειαν,
2670 5284 2920 5349 ἀποστὰς
2975 5284 3085 5336 τῶν
3127 5280 3356 5346 ἡδονῶν,
3391 5279 3484 5348 ὑφ’
3531 5275 3607 5332 ὢν

2093 5376 2474 5447 κατεστράφη,
2490 5376 2706 5429 τελείαν
2728 5377 2862 5446 ἡμῖν
2886 5376 3119 5446 ,παρέξει
3142 5373 3243 5443 τῆς
3276 5369 3605 5442 ἰατρεύσεως

2092 5469 2258 5524 αὑτοῦ
2279 5470 2379 5539 τὴν
2433 5468 2731 5533 ἀπόδειξιν.
2785 5468 3106 5539 Ἀμφότεροι
3162 5464 3349 5518 τοίνυν
3398 5462 3602 5515 εἰδέναι

2098 5563 2248 5634 ἡμᾶς
2281 5562 2383 5627 δεῖ,
2421 5563 2606 5617 καὶτὰ
2640 5562 2741 5631 τῆς
2775 5559 3087 5630 ἀκριϐείας,
3118 5557 3213 5610 καὶ
3241 5555 3310 5609 τὰ
3350 5554 3451 5625 τῆς
3482 5570 3611 5606 συν·

2091 5654 2301 5724 ηθείας.
2352 5652 2580 5708 ἔπεσθαι
2633 5653 2692 5707 δὲ
2737 5652 2832 5706 ἐπὶ
2875 5650 2986 5704 τῶν
3035 5648 3112 5720 μὴ
3156 5645 3611 5718 καταδεξαμένων

2098 5749 2196 5818 τὴν
2232 5748 2512 5818 ἁκρό;·ητα
2544 5745 2635 5818 τῷ⁸
2652 5743 3014 5818 παραδοθέντι
3047 5739 3223 5810 τύπῳ.
