4076 6394
355 467 363 474 ,
408 401 513 463 rm

1327 399 1412 465 IN
1450 399 1691 466 EPIST'.
1731 399 1793 463 S.
1823 396 2110 463 BASILII
2144 400 2585 465 CANONICAM
2614 403 2667 464 I.

3554 407 3659 470 5M

478 512 673 565 ΒΑΛΣ.
716 511 779 564 '0
813 512 911 580 μὲν
947 509 1024 564 κε’
1074 509 1426 575 ἁποστολικὸς
1460 512 1637 565 κανὼν
1670 513 1764 566 καλ⁸
1786 512 1813 564 ὁ
1842 526 1985 579 παρ·

2163 510 2355 567 BALS.
2388 512 2692 572 Vicesimus
2723 516 2937 585 quidem
2969 517 3189 587 quintus
3219 535 3392 575 canon
3440 530 3665 587 aposto-

405 607 482 660 ὼν
519 604 724 671 κανὼν,
758 606 887 677 περὶ
923 606 1228 660 ἐπισκόπου
1268 607 1366 660 καλ⁸
1400 607 1655 661 διακόνου
1693 607 1861 675 φασίν
1893 622 1907 639 ’
1962 608 1989 659 ὁ

407 702 465 754 δὲ
496 698 577 771 λβ¹
608 701 789 755 κανὼν
814 699 908 752 τοῦ
955 699 1115 767 ἁγίου
1143 699 1430 755 Βασιλείου
1459 699 1758 767 διορίζεται
1807 697 1990 752 πάντα

411 796 732 864 ἱερωμένον,
758 792 863 847 κᾶν
893 792 993 861 τὴν
1025 792 1160 863 πρὸς
1187 791 1414 848 θάνατον
1437 793 1712 864 ἁμαρτίαν
1738 793 1986 863 ἁμάρτῃ.

410 881 794 954 καθαιρεῖσθαι
825 884 986 953 μόνον
1006 900 1020 915 ’
1059 885 1121 936 οὐ
1156 883 1263 954 μὴν
1308 884 1403 938 καὶ
1431 883 1539 938 ἀπὸ
1573 885 1671 953 τῆς
1705 882 1992 947 κοινωνίας

411 976 521 1030 τῶν
562 976 810 1044 πιστῶν,
843 976 1016 1044 ἧγουν
1068 976 1178 1030 ἀπ’)
1227 975 1321 1030 τοῦ
1368 975 1777 1042 ἐκκλησιάζειν,
1826 974 1996 1045 χωρί-

414 1069 624 1132 ζεσθαι.
674 1068 940 1123 Ἐνταῦθα
962 1068 1019 1122 δέ
1043 1084 1209 1139 φησιν
1238 1070 1264 1120 ό
1290 1068 1447 1137 ἅγιος
1469 1069 1564 1120 καὶ
1591 1066 1772 1131 αίτίας
1800 1068 1991 1121 τούτου

413 1162 509 1216 δύο
533 1178 549 1194 ·
593 1162 722 1232 μίαν
750 1160 854 1231 μὲν
883 1161 965 1227 τὸ,
999 1161 1114 1215 Ούκ
1150 1160 1460 1231 ὲκδικήσεις
1489 1159 1570 1224 δὶς
1594 1160 1688 1215 ἐπὶ
1717 1160 1794 1231 τῷ
1820 1160 1991 1231 αὐτῷ·

417 1255 613 1327 ἑτέραν
658 1253 714 1307 δὲ
757 1254 816 1307 τὸ
846 1255 972 1316 τοὺς
1002 1253 1224 1318 λαῖκοῦς
1253 1253 1624 1316 ἐκπίπτοντας
1672 1252 1759 1308 διὰ
1810 1253 1997 1324 ἁμαρ-

416 1344 639 1417 τήματα
665 1344 767 1413 τῆς
789 1344 897 1398 τῶν
934 1344 1142 1398 πιστῶν
1177 1344 1493 1407 συστάσεως
1517 1344 1681 1398 πάλιν
1712 1344 1801 1398 διὰ
1835 1361 2000 1415 μετα-

418 1436 571 1499 νοίας
596 1436 1074 1492 ἀποκαθίστασθαι
1113 1439 1194 1498 είς
1229 1437 1322 1492 τὸν
1358 1438 1525 1492 τόπον
1557 1436 1681 1491 ὅθεν
1714 1437 1996 1504 ἐξέπεσονο

418 1527 546 1588 τοὺς
599 1525 931 1596 ίερωμένους
986 1526 1043 1580 δὲ
1094 1528 1294 1597 μηκέτι
1339 1527 1741 1597 ἐπανέρχεσθαι
1788 1526 1868 1590 είς
1900 1525 1999 1597 τὴν

423 1620 747 1689 ἱερωσύνην,
802 1613 871 1690 ἧς
919 1619 1365 1673 ἐκπεπτώκασιν.
1424 1620 1513 1683 Ὠς
1576 1618 1670 1675 οὖν
1722 1619 2000 1691 ἀρκοῦσαν

423 1711 641 1782 ἔχοντες
687 1712 964 1783 τιμωρίαν
1022 1713 1164 1782 ὑπὲρ
1214 1714 1312 1784 τῆς
1343 1713 1618 1789 ἁμαρτίας
1664 1712 1870 1772 αὐτῶν,
1899 1713 2001 1780 τὴν

2091 606 2250 669 licus,
2304 618 2356 664 et
2397 624 2654 679 prmscns,
2696 609 2764 665 de
2788 610 3043 680 episropn
3076 623 3129 663 et
3175 613 3404 665 diacono
3431 613 3615 664 dicunt
3647 627 3663 664 :

2093 700 2186 754 sed
2217 714 2388 755 eanon
2420 702 2490 754 32
2520 702 2691 757 sancti
2726 701 2905 756 Basilii
2936 701 3187 757 decernit
3210 703 3456 771 quemvis
3489 702 3666 756 sacris

2093 791 2702 852 ordinibusinitiatum.
2744 794 2788 848 si
2815 801 3092 864 peccatum
3125 799 3191 847 ad
3224 800 3451 846 mortem
3477 806 3670 860 pecca-

2093 881 2255 942 verit,
2285 880 2665 951 deponendum
2714 890 2918 936 tantum
2959 896 3102 947 esse,
3135 896 3242 935 non
3276 888 3451 933 tamen
3480 895 3510 934 a
3544 880 3673 933 lide-

2095 972 2226 1027 lium
2253 974 2417 1028 etiam
2448 974 2849 1039 communione,
2875 989 2943 1029 ne
2969 974 3179 1031 scilicet
3205 975 3258 1030 in
3284 972 3512 1030 ecclesia
3543 987 3675 1029 con-

2096 1076 2371 1137 gregetur,
2407 1060 2671 1137 separari.
2717 1065 2816 1122 llic
2847 1076 3026 1123 autem
3075 1067 3205 1122 dicit
3250 1075 3472 1123 sanctus
3542 1068 3677 1120 duas

2095 1157 2215 1226 eius
2240 1159 2318 1213 rei
2345 1171 2577 1214 causas:
2608 1174 2768 1213 unam
2794 1160 3011 1229 quidem
3042 1158 3195 1223 illud,
3223 1156 3340 1213 Non
3371 1156 3677 1212 vindicaliis

2099 1249 2183 1306 bis
2214 1250 2268 1305 in
2299 1250 2553 1320 idipsum,
2606 1250 2830 1307 alteram
2879 1266 3030 1318 vero,
3064 1251 3209 1322 quod
3264 1250 3385 1304 laici
3427 1248 3670 1318 quidem,

2102 1351 2325 1413 propter
2356 1357 2454 1398 sua
2485 1352 2706 1411 peccata
2742 1360 2771 1399 a
2808 1343 3045 1399 fidelium
3076 1345 3502 1413 congregatione
3526 1342 3678 1397 exci-

2101 1436 2312 1500 dentes,
2346 1450 2441 1503 per
2470 1434 2845 1504 pmnitentiam
2880 1450 3068 1491 rursus
3098 1436 3151 1491 in
3179 1436 3468 1507 pristinum
3497 1434 3674 1488 locum

2100 1526 2512 1581 restituantur:
2562 1527 2741 1583 sacris
2776 1526 3063 1584 ordinibus
3106 1536 3286 1583 autem
3337 1525 3532 1580 initiati
3570 1540 3679 1579 non

2103 1618 2336 1689 amplius
2365 1626 2710 1675 revertuntur
2743 1621 2810 1675 ad
2841 1621 3239 1685 sacerdotium,
3266 1635 3293 1674 a
3327 1634 3437 1689 quo
3460 1618 3679 1673 excide-

2103 1719 2250 1764 runt.
2279 1708 2563 1778 Tanquam
2589 1724 2719 1781 ergo
2743 1710 3015 1767 suﬂiciens
3038 1709 3301 1765 habentes
3322 1724 3422 1779 pro
3445 1716 3674 1777 peccato

423 1804 771 1876 καθαίρεσιν,
812 1804 914 1874 τῆς
972 1805 1259 1867 κοινωνίας
1302 1807 1403 1860 οὐκ
1465 1804 1768 1875 εἴργονται.
1838 1803 2001 1857 Ἀλλὰ

2115 1816 2203 1859 suo
2242 1802 2567 1874 supplicium
2629 1804 3059 1872 depositionem,
3088 1800 3529 1857 acommunioue
3573 1813 3684 1854 non

426 1895 621 1959 ταῦτα,
659 1895 818 1965 φησὶ,
859 1895 970 1946 τῶν
1003 1894 1191 1948 τύπων
1243 1893 1276 1965 ἢ
1322 1893 1432 1947 τῶν
1488 1893 1793 1947 κανονικῶν
1823 1894 2005 1947 διατα-

426 1984 680 2057 γμάτων.
727 1986 791 2040 Ἦ
817 1985 876 2039 δὲ
903 1985 1112 2057 ἀληθὴς
1162 1985 1376 2055 ίατρεία
1407 1984 1506 2054 τῆς
1548 1985 1826 2056 ἁμαρτίας
1854 1986 2005 2040 ἐστὶν

427 2081 464 2151 ἡ
527 2079 587 2146 ἐξ
630 2079 802 2151 αὐτῆς
849 2079 1220 2151 ἀναχώρησις.
1279 2077 1396 2132 Κᾶν
1456 2079 1567 2148 γὰρ
1619 2080 1647 2131 ό
1703 2078 2011 2150 πορνεύσας

431 2169 772 2242 καθαιρεθῇ,
829 2170 930 2224 οὐκ
996 2168 1364 2240 ἐπιτιμᾶσθαι
1415 2170 1568 2222 δοκεῖ
1621 2169 2009 2239 ἐνδεχομένως,

430 2264 572 2319 ὥστε
612 2263 707 2318 καὶ
738 2262 839 2333 τὴν
865 2263 973 2318 ἀπὸ
1002 2263 1096 2317 τοῦ
1125 2264 1260 2318 Θεοῦ
1294 2262 1479 2316 λαϐεῖν
1512 2261 1876 2331 συμπάθειαν,
1911 2262 2008 2313 ἐὰν

432 2361 526 2412 καὶ
555 2358 635 2411 ἔτι
661 2357 921 2428 ἑπιμείνῃ
955 2359 1021 2427 τῇ
1068 2356 1337 2428 ἁμαρτία,
1387 2357 1484 2410 καὶ
1540 2354 1659 2408 οὐδὲ
1711 2354 1783 2407 δι’
1817 2353 2013 2424 ἐτέρας

436 2449 735 2521 συντριϐἧς
796 2450 1098 2519 ὲξιλεοῦται
1146 2451 1240 2505 τὸν
1299 2451 1453 2505 Θεόν.
1514 2452 1679 2505 Ὥστε
1731 2449 1940 2517 ὀφείλει
1988 2449 2016 2501 ό

439 2542 626 2613 ἰατρὸς
674 2543 787 2605 τοῖς
816 2541 1073 2615 ψυχικοῖς
1127 2543 1295 2597 αὐτοῦ
1329 2543 1643 2613 τραύμασιν
1670 2527 1869 2595 εἰδέναι
1912 2540 2012 2608 μὲν

438 2631 533 2690 καὶ
558 2631 657 2702 τὴν
686 2631 998 2700 ἀκρίϐειαν,
1021 2632 1188 2705 ἤγουν
1226 2631 1325 2703 τὴν
1365 2631 1455 2685 διὰ
1505 2632 1605 2701 τῆς
1637 2630 2018 2701 καθαιρέσεως

440 2726 665 2780 κόλασιν
691 2726 787 2780 τοῦ
824 2724 1185 2798 πορνεύοντος
1217 2723 1487 2796 κληρικοῦ
1512 2737 1527 2753 ⁸
1565 2724 1639 2794 μὴ
1696 2721 2018 2776 ἀκολουθεῖν

440 2817 497 2870 δὲ
534 2816 710 2889 ταύτῃ
741 2818 800 2884 ἐξ
830 2819 1102 2887 ἀνάγκης,
1127 2820 1220 2874 καὶ
1249 2819 1342 2873 τὸν
1373 2818 1512 2888 μετὰ
1549 2818 1649 2888 τὴν
1691 2816 2017 2887 καθαίρεσιν

444 2910 779 2981 πορνεύοντα
834 2912 1233 2985 ἀνεπιτίμητον
1281 2909 1746 2980 καταλιμπάνειν,
1788 2910 1866 2974 ὡς
1915 2911 2019 2982 ήδη

443 3007 774 3069 κολασθέντα
816 3006 904 3062 διὰ
939 3008 1037 3078 τῆς
1071 3005 1466 3076 καθαιρέσεως.
1509 3006 1647 3060 ἀλλὰ
1694 3005 1790 3058 καὶ
1822 3005 2021 3074 ἀψορί-

446 3100 560 3165 ζειν
586 3101 660 3164 ὡς
694 3101 777 3165 είς
802 3101 967 3154 τόπον
996 3099 1221 3152 ἐλθόντα
1248 3097 1464 3160 λαῖκοῦ,
1492 3098 1587 3151 καὶ
1617 3096 1792 3160 ἄλλως
1839 3097 2023 3150 ἐπιτι-

2107 1908 2382 1954 arcentur.
2413 1898 2519 1955 Sed
2545 1907 2673 1954 sunt
2701 1898 2843 1963 haec,
2871 1896 3071 1966 inquit,
3095 1904 3346 1968 typorum
3378 1894 3492 1950 sive
3521 1909 3688 1948 cano-

2113 1992 2358 2047 nicarnm
2406 1989 2876 2045 constitutionum.
2931 1987 3028 2043 Est
3076 1996 3255 2044 autem
3301 2001 3427 2042 vera
3481 1986 3683 2055 peccati

2113 2080 2377 2136 medicina
2414 2080 2480 2135 ab
2512 2079 2630 2148 ipso
2673 2093 2947 2136 recessus.
2996 2076 3112 2132 Etsi
3151 2075 3317 2143 enim,
3374 2077 3465 2145 qui
3516 2074 3689 2130 forni-

2113 2182 2267 2228 catus
2298 2182 2401 2238 est,
2437 2171 2717 2241 depositus
2739 2171 2921 2240 fuerit,
2947 2186 3055 2227 non
3089 2180 3297 2226 tantum
3329 2168 3550 2239 punitus
3570 2181 3691 2221 esse

2117 2265 2356 2331 videtur,
2380 2273 2438 2320 ut
2468 2266 2633 2322 etiam
2659 2265 3094 2322 misericordiam
3122 2278 3150 2316 a
3177 2263 3288 2319 Deo
3303 2267 3688 2329 consequatur,

2117 2360 2159 2414 si
2202 2360 2376 2413 adhuc
2415 2360 2470 2415 in
2498 2369 2718 2429 peccato
2746 2357 3196 2430 perseveraverit,
3230 2370 3330 2410 nec
3380 2354 3547 2409 Deum
3579 2351 3682 2403 ali-t

2118 2453 2456 2508 contritione
2511 2452 2831 2524 placaverit.
2905 2451 3088 2518 Quare
3157 2448 3316 2505 debet
3373 2446 3691 2501 animalium

2122 2544 2279 2611 liuius
2315 2544 2599 2601 vulnerum
2643 2544 2891 2600 medicus
2920 2544 3062 2599 scire
3092 2541 3306 2611 quidem
3337 2549 3392 2594 et
3422 2552 3695 2593 summum

2119 2638 2232 2711 ius,
2264 2639 2475 2696 scilicet
2504 2637 2840 2710 punitionem
2871 2636 3078 2701 clerici,
3109 2634 3202 2704 qui
3253 2632 3550 2686 fornicatus
3590 2640 3695 2688 est.

2122 2742 2219 2798 per
2245 2725 2634 2797 depositionem
2666 2742 2680 2781 :
2712 2739 2832 2781 eam
2858 2735 3033 2778 tamen
3054 2739 3174 2779 non,
3191 2722 3497 2777 necessario
3516 2719 3694 2789 sequi,

2126 2829 2187 2874 ut
2219 2834 2343 2874 eum
2381 2819 2568 2884 etiam,
2616 2817 2707 2888 qui
2754 2825 2880 2887 post
2932 2816 3321 2884 depositionem
3374 2812 3697 2873 fornicatur,

2126 2910 2446 2980 impunitum
2476 2909 2767 2976 relinquat,
2801 2915 2863 2963 ut
2903 2906 3015 2975 iam
3048 2921 3142 2975 per
3175 2905 3562 2976 depositioncm
3601 2916 3703 2971 pu-

2128 3001 2333 3068 nitum;
2368 3000 2462 3057 sed
2495 3010 2555 3055 ut
2586 2999 2752 3055 etiam
2785 3012 2906 3053 eum
2939 3006 3209 3067 segreget,
3244 2995 3335 3066 qui
3363 2994 3483 3049 laici
3515 2994 3692 3047 locum

2112 3095 2314 3167 subiit,
2343 3101 2395 3148 et
2423 3092 2579 3148 aliter
2605 3106 2728 3148 enm
2761 3092 2970 3162 puniat,
3000 3106 3099 3160 pro
3144 3088 3267 3154 eius
3302 3087 3558 3142 facultate
3605 3083 3697 3140 cui

446 3194 556 3264 μᾷν
610 3194 754 3245 κατὰ
795 3190 895 3261 τὴν
956 3190 1188 3258 δύναμιν
1233 3186 1331 3241 τοῦ
1386 3186 1793 3258 ίατρευομὲνου.
1863 3186 2011 3239 Ἀνάι

2130 3186 2396 3243 medicina
2429 3187 2718 3256 praebetur.
2752 3185 2891 3256 Lege
2915 3194 2970 3241 et
2993 3198 3254 3238 canoncm
3302 3180 3373 3236 49
3406 3179 3569 3249 huius
3593 3176 3708 3248 epi-

443 3301 660 3355 γνωσον
690 3284 787 3338 καὶ
815 3284 908 3337 τὸν
935 3278 1014 3336 νθ⁹
1044 3281 1246 3335 κανόνα
1277 3281 1377 3350 τῆς
1400 3278 1683 3350 παρούσης
1709 3277 2022 3348 ἐπιστολῆς,

444 3380 502 3432 ὲν
524 3375 665 3431 ἑπτὰ
692 3376 837 3429 ἔτεσι
862 3375 955 3428 τὸν
986 3373 1325 3446 πορνεύοντα
1356 3371 1682 3436 κολάζοντα.

517 3467 769 3523 ΖΩΝΑΡ.
798 3466 940 3530 Τοὺς
985 3463 1269 3527 διακόνους
1319 3461 1734 3534 πορνεύσαντας
1772 3460 1878 3531 τῆς
1927 3461 2027 3530 μὲν

448 3560 729 3624 διακονίας
772 3556 1136 3613 ἐκϐάλλεσθαι
1186 3556 1358 3626 λέγει,
1384 3556 1487 3625 τῆς
1534 3555 1825 3617 κοινωνίας
1860 3553 1917 3606 δὲ
1951 3552 2025 3622 μὴ

453 3652 791 3707 κωλύεσθαι·
822 3650 918 3704 καὶ
949 3648 1050 3712 τὰς
1091 3648 1274 3713 αίτίας
1327 3648 1525 3715 ἐπάγει
1555 3664 1569 3679 ο
1603 3646 1733 3717 μίαν
1781 3645 1902 3714 μὲν,
1957 3645 2026 3714 ἣν

454 3743 545 3797 καὶ
580 3743 608 3795 ὁ
636 3748 711 3795 κε’
742 3738 1101 3802 ἀποστολικὸς
1150 3736 1335 3792 κανὼν
1378 3736 1529 3805 λέγει
1552 3753 1568 3769 ο
1603 3738 1686 3797 τὸ,
1723 3736 1837 3789 Οὐκ
1873 3735 2024 3788 ἔκδι-

452 3837 640 3905 κήσεις
667 3835 750 3895 δὶς
781 3834 874 3887 ἐπὶ
918 3831 981 3887 τὸ
1020 3831 1154 3886 αὐτό
1176 3846 1192 3861 ·
1221 3829 1419 3899 ἑτέραν
1448 3828 1506 3883 δὲ
1541 3828 1602 3881 τὸ
1650 3828 1780 3891 τοὺς
1807 3826 2030 3890 λαῖκοὺς

2135 3280 2306 3346 stolae,
2330 3280 2423 3351 qui
2456 3279 2844 3336 fornicatorem
2873 3284 3077 3349 septem
3107 3274 3264 3329 annis
3290 3272 3469 3344 punit.

2205 3461 2462 3519 ZONAR.
2503 3459 2794 3522 Diaconos,
2827 3456 2919 3528 qui
2945 3454 3194 3511 fornicati
3241 3461 3391 3516 sunt.
3423 3451 3707 3507 diaconatn

2135 3555 2350 3622 quidem
2396 3550 2751 3622 deiiciendos,
2783 3564 2886 3604 non
2926 3557 3107 3601 tamen
3135 3562 3164 3600 a
3199 3544 3580 3601 communione
3623 3555 3712 3594 ar-

2136 3644 2335 3699 cendos
2360 3655 2481 3697 esse
2511 3640 2727 3704 asserit,
2773 3652 3078 3707 causasque
3125 3634 3406 3706 subiungit
3435 3650 3448 3686 :
3482 3632 3708 3687 alteram

2138 3734 2377 3804 quidem,
2433 3746 2552 3802 quae
2612 3728 2909 3800 apostolico
2960 3726 3217 3781 vicesimo
3263 3723 3454 3795 quinto
3504 3735 3714 3777 canone

2139 3828 2452 3882 continetur
2485 3842 2499 3878 :
2531 3821 2648 3878 Non
2677 3820 2979 3877 vindicabis
3011 3819 3098 3875 bis
3122 3819 3173 3871 in
3205 3816 3457 3886 idipsttm,
3485 3814 3713 3869 alteram

3748 626 3757 655 ἓ

2137 3935 2291 3984 vero,
2328 3917 2472 3987 quod
2521 3917 2643 3972 laici
2696 3914 2767 3969 ob
2809 3912 3039 3968 crimina
3092 3925 3121 3964 a
3178 3907 3415 3963 fidelium
3442 3907 3717 3962 consortio

2141 4013 2325 4083 eiecti,
2363 4025 2553 4066 rursus
2600 4009 2656 4063 in
2687 4009 2887 4083 locum,
2922 4004 3065 4059 unde
3092 4001 3429 4067 exciderunt,
3458 4014 3557 4068 per
3601 4014 3719 4069 pm-

2141 4101 2424 4157 nitentiam
2488 4099 2880 4163 restituantur;
2941 4095 3113 4149 sacris
3169 4099 3350 4146 autem
3403 4089 3599 4145 initiati
3661 4089 3715 4143 in

2142 4210 2357 4261 sacrum
2386 4193 2656 4257 ordinem,
2686 4206 2753 4248 ex
2791 4203 2898 4261 quo
2935 4187 3129 4257 deiecti
3172 4196 3320 4253 sunt,
3351 4200 3464 4240 non
3485 4181 3720 4254 amplius

2142 4282 2520 4344 adtnittantu'r.
2546 4285 2828 4353 Tanquam
2870 4282 3038 4353 igitur
3067 4283 3136 4335 ob
3166 4280 3461 4348 irrogatam
3503 4276 3719 4346 deposi-

450 3926 820 3988 ἐκπίπτοντας
858 3924 946 3979 διὰ
985 3923 1360 3994 ἁμαρτήματα
1398 3920 1498 3991 τῆς
1532 3921 1643 3974 τῶν
1689 3921 1901 3974 πιστῶν
1933 3937 2028 3973 συ-

453 4021 695 4080 στάσεως
727 4018 891 4072 πάλιν
937 4017 1026 4070 διὰ
1082 4013 1374 4086 μετανοίας
1426 4012 1900 4067 ἀποκαθίστασθαι
1951 4013 2033 4077 είς

450 4110 542 4165 τὸν
573 4110 739 4163 τόπον
768 4109 892 4162 ὅθεν
922 4106 1203 4171 ἐξέπεσον.
1241 4104 1382 4168 Τοὺς
1431 4103 1487 4157 δὲ
1536 4105 1872 4174 ίερωμένους
1928 4117 2034 4170 μη-

452 4205 571 4256 κέτι
594 4200 996 4271 ἐπανέρχεσθαι
1025 4200 1103 4264 εἰς
1137 4198 1237 4270 τὴν
1286 4197 1592 4269 ἱερωσύνην
1623 4194 1692 4267 ἦς
1732 4193 2033 4250 ἐκπεπτώι

453 4311 635 4350 κασιν.
676 4292 768 4356 Ὠς
817 4293 911 4346 οὖν
948 4290 1227 4362 ἀρκοῦσαν
1276 4288 1491 4359 ἔχοντες
1548 4287 1824 4358 τιμωρίαν
1887 4287 2033 4356 ὑπὲρ

453 4391 550 4459 τῆς
582 4385 853 4457 ἁμαρτίας
881 4383 1061 4438 αὐτῶν
1086 4383 1182 4455 τὴν
1211 4382 1555 4453 καθαίρεσιν,
1595 4382 1694 4451 τῆς
1733 4378 2011 4443 κοινωνίας

2145 4378 2346 4431 tionem
2372 4376 2503 4431 satis
2548 4373 2796 4444 supplicii
2832 4387 2930 4442 pro
2981 4370 3191 4425 ratione
3221 4368 3441 4424 admissi
3477 4365 3723 4422 criminis

454 4479 554 4532 ούκ
599 4476 878 4547 εἴργονται
908 4491 927 4507 ’
961 4474 1100 4529 ἀλλὰ
1132 4473 1326 4538 ταῦτα,
1365 4474 1520 4544 φησι,
1560 4473 1630 4529 τόι
1683 4472 1792 4527 τῶν
1822 4472 2011 4528 τύπων

2143 4471 2316 4536 luant,
2361 4481 2391 4522 a
2422 4466 2811 4523 communione
2846 4463 2986 4518 haud
3020 4462 3401 4535 prohibentur.
3438 4459 3548 4515 Sed
3579 4459 3720 4522 haec,

455 4571 624 4641 ἦγουν
653 4567 691 4622 ἃ
727 4568 787 4632 ἐξ
823 4566 982 4631 ἔθους
1018 4566 1236 4636 μακροῦ
1280 4565 1646 4637 δτυπὼθησαν
1670 4583 1684 4597 ο
1721 4565 1952 4620 καθόλου
1976 4565 2011 4618 δὲ

2147 4562 2347 4632 inquit,
2397 4560 2454 4614 in
2508 4556 2992 4615 constitutionibus
3034 4556 3398 4623 ceperinnutr,
3458 4552 3561 4606 ltoc
3613 4559 3719 4607 cst.

458 4662 597 4729 ἴαμα
626 4658 724 4713 τοῦ
763 4658 1086 4728 σφάλματος
1134 4657 1284 4726 λέγει
1312 4656 1409 4729 τὴν
1452 4657 1551 4726 τῆς
1595 4657 1874 4728 ἁμαρτίας
1905 4657 2009 4710 ἀνα

2146 4655 2301 4722 longi
2326 4652 2584 4721 temporis
2603 4650 2996 4706 consuetudine
3026 4647 3249 4703 definita
3278 4652 3422 4701 sunt.
3444 4642 3724 4731 Univers/e

456 4752 727 4823 χώρησιν,
758 4752 853 4804 καὶ
897 4750 959 4804 τὸ
1020 4750 1088 4804 δι’
1143 4749 1472 4821 ἐγκρατείας
1528 4751 1622 4803 καὶ
1659 4747 2006 4803 κακοπαθεία

2146 4759 2278 4802 vero
2323 4744 2532 4814 peccati
2585 4742 2911 4799 medicinam
2959 4742 3036 4796 ait
3082 4755 3205 4796 esse
3242 4755 3271 4793 a
3300 4745 3523 4808 peccato
3557 4751 3726 4790 rece-

456 4844 873 4913 δονλαγωγῆσαι
896 4843 997 4913 τὴν
1027 4843 1205 4914 σάρκα
1228 4859 1245 4876 ·
1274 4842 1566 4896 τουτέστιν
1594 4841 1883 4908 ὑποτάξαι,
1923 4841 2011 4895 δου

2148 4839 2300 4901 dere,
2334 4850 2399 4891 ac
2439 4848 2540 4903 per
2575 4832 2988 4903 temperantiam
3023 4830 3374 4900 corporisque
3406 4826 3726 4881 amictiones

456 4933 651 4988 λῶσαι.
703 4935 795 4987 Δεῖ
835 4933 895 4988 δὲ
946 4934 1074 4996 τοὺς
1127 4933 1316 5003 ψυχῶν
1369 4933 1698 5002 οίκονόμους
1750 4930 2011 5002 ἁμφότερ

2152 4945 2370 4986 carnem
2402 4927 2654 4997 redigere
2702 4927 2755 4979 in
2806 4924 3146 4989 servitutem,
3181 4923 3283 4977 hoc
3332 4928 3435 4984 est,
3472 4932 3726 4974 coercere

460 5027 676 5093 εἰδέναι,
711 5027 807 5081 καὶ
854 5025 922 5082 τὰ
983 5026 1083 5095 τῆς
1133 5025 1441 5096 ἀκριϐείας,
1473 5027 1570 5081 καὶ
1613 5025 1683 5081 τὰ
1717 5025 1816 5096 τῆς
1873 5042 2011 5098 συνη

2153 5023 2527 5081 aeedomare.
2581 5017 2815 5090 Oportet.
2860 5031 3023 5087 porro
3077 5015 3383 5070 animarum
3442 5020 3726 5069 curatores

462 5121 611 5184 θείας
629 5138 645 5152 ο
673 5120 772 5174 καὶ
805 5120 852 5172 εί
887 5118 986 5188 μὲν
1012 5119 1064 5171 οί
1100 5116 1527 5189 ἀμαρτήσαντες
1554 5117 1941 5189 καταδέχοιντο
1969 5136 2011 5172 τι

2152 5126 2384 5185 utraque
2424 5127 2610 5172 nosse.
2656 5120 2713 5163 et
2743 5123 2865 5179 qua:
2896 5105 3094 5162 summi
3140 5103 3282 5173 iuris
3325 5112 3475 5168 sunt,
3508 5112 3563 5156 ct
3606 5114 3728 5172 quae

463 5212 560 5281 τῆς
588 5211 900 5282 ἀκριϐείας,
942 5209 1075 5263 κατ”
1096 5209 1315 5280 ἐκείνην
1362 5210 1767 5281 οἰκονομεῖσθαι
1799 5209 2000 5275 αὐτούς

2153 5204 2566 5265 consuetudinis
2598 5215 2705 5256 rae
2755 5199 2801 5255 si
2832 5198 3053 5268 quidem
3093 5198 3183 5268 qui
3231 5204 3614 5266 peccaverunt.
3665 5208 3725 5244 ea

468 5301 599 5356 εἰδὲ
631 5301 1032 5373 σκληρύνονται
1074 5302 1213 5370 πρὸς
1257 5298 1358 5370 τὴν
1415 5301 1719 5371 ἀκρότητα,
1753 5301 1875 5373 ἦτοι
1908 5302 2011 5373 πρὸ

2153 5313 2275 5368 quae
2304 5304 2430 5352 sunt
2459 5294 2635 5351 exacti
2672 5289 2816 5362 iuris
2842 5289 3153 5355 admittant,
3178 5303 3241 5341 ex
3272 5286 3389 5357 eius
3415 5283 3730 5355 praescripto

466 5393 565 5463 τὴν
594 5394 774 5465 ἄκραν
799 5393 1117 5466 ἀκρίϐειαν,
1151 5392 1381 5446 ἕπεσθαι
1412 5392 1537 5447 τότε
1563 5392 1642 5464 τῷ
1675 5392 2011 5465 παραδοθέντ

2153 5407 2277 5449 cum
2306 5387 2442 5461 ipsis
2462 5401 2660 5457 agere;
2691 5385 2773 5439 sin
2800 5389 2982 5437 autem
3009 5381 3276 5436 adversus
3310 5376 3603 5448 perfectam
3636 5390 3730 5428 ra-

466 5487 644 5558 τύπῳ,
678 5488 745 5560 τῇ
777 5486 1041 5559 συνηθείᾳ
1068 5484 1314 5558 δηλονότι
1347 5484 1455 5558 (ὅ).

2156 5485 2384 5548 tionem,
2410 5494 2679 5537 summum
2741 5476 2994 5532 videlicet
3047 5473 3138 5544 ius
3190 5473 3560 5537 obluctentur,
3599 5477 3731 5527 tunc

2159 5577 2386 5630 formam
2423 5573 2697 5637 traditam,
2730 5568 3174 5625 consuetudinem
3205 5564 3436 5630 scilicet,
3464 5561 3639 5632 sequi.

1705 5689 1901 5751 Guill.
1943 5688 2280 5769 Beveregii
2304 5693 2495 5749 notae.

482 5862 498 5865 η
549 5790 623 5864 (3)
662 5789 1065 5865 Τῇ-συνηθείᾳ
1123 5792 1429 5861 δηλονότι.
1490 5791 1620 5849 Post
1673 5793 1790 5849 haec
1847 5794 1999 5849 ultim

2164 5794 2266 5865 de:
2313 5791 2785 5865 Amerbacltianus
2822 5787 2990 5865 addit,
3024 5784 3274 5865 Καθόλομ
3306 5782 3365 5836 δὲ
3389 5775 3733 5865 (“tange-qd

479 5846 961 5918 Joatt'nisl'Zonara-
976 5846 1057 5919 ’ἰιῖ
1080 5846 1697 5923 υταέέονιιιειῐῖραηοῆειιι
1736 5846 1925 5923 verba.
1951 5846 2011 5920 co

2163 5846 2442 5928 ἅγιοςτὴν
2495 5863 2558 5914 ἐκ
2609 5861 2710 5931 τῆς
2747 5846 3027 5931 ἁμαρτίας
3076 5846 3465 5927 ἀναχώρησιν,
3494 5846 3627 5918 πρὸς
3666 5848 3739 5904 τὰ
