4076 6388
476 242 578 305 599

465 822 612 878 ribus
636 828 995 886 matrimoniis
1021 849 1122 888 non
1144 836 1345 893 fuerint
1370 841 1520 897 liberi
1555 822 1752 916 iis,’qui
1786 858 1905 917 post
1936 867 2036 905 au-

464 929 591 966 unm
624 919 1101 990 quadragesimum
1127 930 1339 985 tertiam
1371 949 1598 989 uxorem
1632 938 1830 996 ducere
1855 942 2035 996 voluc-

461 1004 610 1058 riut:
656 1022 778 1062 nam
829 1012 877 1065 si
931 1014 1132 1072 liberos
1182 1019 1492 1090 habuerint,
1549 1028 1628 1081 eis
1673 1031 1817 1086 nullo
1871 1034 2031 1088 modo

457 1097 674 1151 tertium
709 1103 1042 1169 permittitur
1086 1112 1518 1172 matrimonium.
1562 1118 1657 1176 Est
1693 1124 1838 1178 enim
1877 1126 2030 1182 valde

455 1189 695 1262 iniquum
714 1196 1102 1269 intempestiva:
1121 1206 1326 1264 libidini
1347 1210 1642 1285 indulgere,
1668 1218 1906 1285 priorum
1931 1235 2028 1272 au-

449 1291 555 1337 tem
607 1291 1068 1350 matrimoniorum
1096 1298 1281 1355 liberis
1323 1319 1428 1358 non
1453 1309 1801 1377 prospicere,
1838 1321 1893 1365 ut
1919 1311 2028 1366 sint

449 1379 644 1444 securi,
681 1389 732 1434 et
762 1396 790 1434 a
818 1383 1064 1442 molestia
1106 1399 1159 1443 et
1188 1395 1596 1461 perturbatione
1643 1403 1858 1463 remoti,
1894 1414 1948 1459 et
1993 1421 2022 1458 a

448 1467 691 1538 reliquis,
725 1488 848 1542 quae
879 1477 1053 1533 solent
1082 1483 1302 1540 evenire
1333 1486 1643 1546 hominibus
1683 1507 1748 1547 ex
1788 1494 2020 1550 ﬁliorum

446 1561 737 1618 multorum
779 1571 1142 1638 susceptione.
1174 1575 1326 1641 Quod
1365 1578 1408 1633 si
1453 1580 1572 1649 quis
1601 1583 1819 1652 triginta
1850 1601 2020 1642 annos

443 1659 624 1720 natus,
665 1664 719 1709 ct
743 1672 805 1712 ex
838 1661 1113 1729 prioribus
1147 1670 1504 1726 matrimoniis
1547 1674 1752 1730 habens
1796 1675 2016 1743 liberos,

442 1746 618 1801 tertiae
657 1749 871 1806 mulferi
917 1755 1240 1823 conjunctus
1273 1761 1456 1827 fuerit,
1509 1766 1552 1819 is
1595 1781 1837 1838 quoque,
1871 1772 2014 1824 nulla

439 1837 486 1890 ei
519 1840 674 1893 venia
711 1843 855 1908 data,
898 1847 965 1900 ad
991 1862 1242 1917 quartum
1289 1870 1460 1923 usque
1504 1872 1702 1912 annum
1771 1875 2014 1916 commu-

438 1930 616 1985 nionis
643 1948 1110 1994 sacramentorum
1156 1944 1228 1997 sit
1269 1960 1483 2016 expers,
1511 1951 1635 2019 quia
1663 1953 2010 2010 manifestum

434 2031 518 2074 cst
563 2037 683 2077 eum
737 2028 850 2082 sola
900 2028 1313 2100 intemperantia
1350 2048 1589 2106 motum,
1643 2053 1697 2098 et
1751 2048 1893 2113 quod
1942 2049 2012 2102 sit

435 2115 667 2171 carnalis
707 2117 950 2176 libidinis
996 2140 1210 2191 servus,
1251 2129 1314 2182 ad
1362 2131 1459 2185 hoc
1495 2149 1554 2187 se
1603 2139 2006 2193 matrimonimn

433 2204 681 2262 conferre
714 2226 727 2262 :
765 2221 817 2266 et
856 2222 1141 2284 postquam
1165 2219 1325 2273 etiam
1359 2236 1824 2282 sacramentorum
1852 2230 2010 2298 parti-

432 2296 760 2367 cipationem
808 2317 1088 2362 assecutus
1126 2320 1229 2375 est,
1258 2321 1336 2365 ter
1361 2323 1566 2370 tantum
1609 2319 1660 2372 in
1698 2335 1841 2374 anno
1870 2322 2004 2375 frui-

433 2388 576 2445 tione
626 2391 823 2462 dignus
862 2397 1178 2458 habebitur:
1219 2407 1385 2459 semel
1419 2409 1633 2476 quidem
1679 2412 1730 2466 in
1777 2413 2001 2470 salutari

429 2479 628 2536 Christi
656 2494 710 2538 et
743 2485 953 2543 Domini
984 2494 1152 2546 nostri
1185 2499 1624 2566 resurrectione;
1655 2506 1890 2557 secundo
1909 2521 2003 2558 au-

429 2579 536 2625 tem
592 2573 644 2628 in
701 2578 1022 2638 dormitione
1077 2585 1434 2643 immaculata
1500 2590 1741 2647 Dominze
1805 2605 2002 2652 nostra:

427 2659 707 2731 Deiparze:
758 2677 813 2722 et
855 2671 1012 2727 tertio
1059 2674 1112 2727 in
1146 2677 1306 2732 natali
1339 2679 1542 2735 Christi
1599 2691 1653 2737 ct
1681 2682 1775 2738 Dei
1803 2687 1996 2752 nostri,

421 2755 562 2820 quod
588 2755 641 2811 in
679 2757 763 2814 his
793 2769 1057 2830 prmcedat
1091 2766 1381 2838 jejunium,
1406 2781 1459 2828 et
1493 2774 1610 2845 ejus
1636 2775 1839 2832 utilitas
1869 2797 1881 2832 :
1912 2779 1995 2834 sin

419 2854 598 2904 autem
634 2866 739 2906 non
768 2857 1047 2923 supersint
1088 2860 1277 2926 liberi,
1325 2865 1450 2932 quia
1481 2865 1776 2922 liberorum
1810 2885 1998 2926 susce-

417 2941 653 3012 ptionem
683 2945 992 3006 desiderare
1052 2968 1156 3008 non
1201 2966 1285 3011 est
1329 2957 1604 3027 indignum
1637 2963 1828 3030 venia;
1867 2974 1992 3021 tunc

416 3033 522 3086 tale
552 3037 956 3095 matrimonium
987 3046 1142 3099 venia
1175 3045 1397 3118 dignum
1418 3050 1772 3120 judicabitur,
1803 3057 1988 3110 etsola

411 3141 474 3178 ca
522 3141 704 3196 paena,
739 3145 859 3197 quae
903 3135 971 3191 ab
1006 3136 1162 3194 initio
1204 3150 1258 3194 et
1307 3143 1586 3210 hucusque
1634 3155 1848 3200 servata
1883 3157 1985 3214 est,

410 3219 716 3279 sanabitur.
757 3223 882 3281 llaac
914 3228 1075 3282 etiam
1113 3231 1177 3285 de
1207 3233 1367 3286 tertio
1398 3235 1769 3291 matrimonio.
1806 3238 1990 3306 Atque

409 3327 508 3367 nec
529 3315 828 3371 secundum
851 3359 866 3382 ,
931 3335 1031 3376 nec
1062 3323 1296 3389 primum
1330 3325 1532 3395 absque
1579 3330 1834 3385 cautione
1861 3332 1986 3386 data

409 3403 787 3473 relinquimus,
823 3411 914 3465 sed
953 3422 1007 3467 ct
1049 3414 1138 3469 illa
1175 3415 1256 3470 sic
1288 3417 1538 3472 contrahi
1570 3420 1883 3487 statuimus,
1929 3429 1987 3476 ut

410 3495 608 3549 nullam
656 3499 853 3554 malam
903 3515 1118 3557 causam
1156 3503 1407 3570 habeant,
1449 3506 1529 3560 vel
1561 3523 1627 3562 ex
1670 3517 1852 3578 raptu,
1901 3510 1986 3566 vel

404 3598 471 3639 ex
505 3589 846 3652 praecedente
865 3589 1205 3649 clandestino
1237 3596 1559 3663 concubitu;
1587 3599 1678 3653 sed
1713 3601 1981 3671 legitime,

400 3687 456 3730 et
488 3677 556 3733 ab
590 3679 675 3741 iis,
707 3681 800 3750 qui
835 3683 901 3736 ab
928 3683 1189 3752 ejusmodi
1216 3687 1636 3756 inquinamentis
1664 3702 1719 3747 et
1742 3693 1984 3748 fornica-

405 3769 542 3824 toria
582 3771 895 3840 impuritate
925 3778 1111 3831 mundi
1138 3790 1281 3835 sunt.
1306 3780 1361 3835 Si
1382 3781 1502 3850 quis
1527 3799 1678 3853 ergo,
1711 3786 1981 3853 prmdictis

401 3862 886 3920 constitutionibus
929 3867 1213 3936 neglectis,
1259 3871 1325 3926 ad
1375 3875 1705 3931 matrimonii
1749 3893 1980 3934 consile-

404 3953 642 4008 tudincm
689 3956 921 4028 primam
978 3960 1061 4014 vel
1106 3964 1396 4018 secundam
1445 3969 1805 4036 processerit,
1852 3984 1974 4025 eum

399 4043 603 4100 Christi
635 4046 901 4108 Ecclesia.
936 4065 1055 4120 quae
1087 4051 1172 4109 est
1207 4070 1361 4124 pura,
1392 4056 1736 4113 immaculata
1767 4069 1820 4114 et
1859 4061 1978 4115 sine

397 4150 532 4205 ruga
567 4177 582 4203 ,
645 4137 979 4198 salutaribus
1024 4148 1518 4204 examinationihus
1561 4150 1820 4219 subjicit,
1877 4168 1976 4206 nec

396 4227 544 4295 prius
587 4228 654 4280 ad
703 4229 1010 4287 divinorum
1070 4237 1455 4306 mysteriorum
1502 4239 1972 4308 participationem

390 4316 676 4379 admittet,
723 4333 888 4388 quam
936 4332 1149 4394 tempus
1200 4325 1252 4377 in
1285 4324 1970 4384 fornicatione'delinitum

391 4403 565 4474 ipsum
613 4408 899 4479 diligenter
919 4411 1222 4480 explevisse
1251 4413 1496 4468 didicerit
1525 4417 1650 4484 (nisi
1695 4416 1835 4474 forte
1872 4435 1969 4473 ne-
2000 4443 2045 4499 ο

385 4499 658 4554 cessarius
682 4503 833 4555 evita
854 4517 1112 4559 excessus
1141 4504 1380 4574 urgeat),
1401 4504 1569 4560 donec
1586 4509 1790 4564 scilicet
1806 4513 1970 4579 septi-

387 4605 510 4646 mus
534 4607 706 4649 annus
728 4595 1030 4664 completus
1052 4595 1238 4651 fuerit.
1260 4595 1527 4654 Sacerdos
1549 4605 1846 4673 autem,qui
1873 4621 1969 4658 au-

383 4697 478 4738 sus
497 4682 680 4751 fuerit,
700 4697 894 4756 praeter
913 4687 964 4740 id
983 4687 1127 4756 quod
1147 4687 1407 4743 statutum
1428 4699 1527 4777 est,
1554 4693 1731 4747 divina
1750 4695 1968 4763 partici-

384 4773 602 4840 patione
641 4776 875 4846 aliquem
907 4777 1171 4849 ejusmodi
1199 4773 1520 4849 dignari,'de
1551 4785 1771 4854 proprio
1793 4787 1962 4854 gradu

381 4866 435 4916 in
463 4865 761 4932 periculum
783 4868 995 4936 veniet;
1018 4884 1083 4924 eo
1101 4869 1368 4936 videlicet,
1401 4873 1488 4940 qui
1516 4883 1713 4943 praeter
1729 4872 1960 4928 formam

381 4961 765 5013 communione
794 4959 994 5028 dignus
1034 4967 1116 5016 est
1145 4962 1383 5029 habitus,
1419 4965 1485 5020 ad
1513 4967 1960 5021 excommunica-

384 5049 586 5104 tionem
623 5050 817 5104 iterum
845 5054 1084 5121 redacto,
1115 5071 1288 5127 usque
1314 5059 1379 5112 ad
1415 5061 1630 5128 septimi
1657 5064 1782 5117 anni
1815 5079 1959 5119 com-

377 5139 729 5207 plementum.
786 5141 891 5198 Sed
940 5145 1058 5202 haec
1087 5149 1325 5218 quidem,
1356 5161 1412 5207 ut
1438 5163 1713 5210 ostensum
1753 5165 1857 5222 est,
1888 5157 1957 5210 ab

377 5232 446 5285 iis
471 5233 562 5300 qui
601 5233 728 5286 olim
774 5235 1130 5306 imperavere,
1180 5239 1326 5297 facta
1376 5255 1522 5300 sunt.
1569 5244 1727 5300 Nunc
1770 5258 1951 5303 autem

374 5321 553 5377 Patris
584 5333 638 5378 et
668 5324 786 5380 Filii
821 5336 874 5382 et
895 5331 1068 5386 sancti
1105 5331 1343 5401 Spiritus
1378 5335 1719 5406 beneplacito
1749 5351 1800 5394 et
1830 5359 1951 5410 grzt-

374 5414 471 5478 tia,
503 5423 557 5468 et
585 5419 891 5483 purissimis
918 5421 1123 5492 Deique
1146 5423 1332 5482 Matris
1355 5426 1462 5499 56
1490 5439 1544 5482 et
1576 5431 1755 5500 magni
1787 5433 1950 5487 cmle-

370 5505 471 5558 stis
496 5506 698 5562 militia:
722 5508 990 5583 Principis
1017 5515 1513 5586 intercessionibus,
1540 5537 1633 5576 eos
1663 5525 1753 5590 qui
1781 5540 1946 5579 nona-

366 5597 512 5663 ginta
536 5605 658 5651 ante
680 5600 838 5655 annis
862 5617 958 5669 pro
977 5620 1139 5660 causa
1163 5617 1217 5662 et
1238 5609 1526 5664 occasione
1554 5613 1700 5680 prius
1726 5624 1942 5669 ostensa

362 5689 574 5754 abrupti
601 5703 754 5746 erant
783 5697 1118 5764 sacerdotes,
1159 5708 1215 5755 et
1256 5704 1576 5770 monachos,
1606 5706 1878 5776 egregium
1910 5726 1938 5762 a
1991 5726 2004 5734 -

1734 270 1833 330 ΤΗ
1847 272 2009 336 EOD.
2054 275 2143 334 BA
2155 279 2284 339 [ΞΑ
2294 283 2453 344 ΜοΝ

469 377 577 416 non
617 363 717 419 erit
760 367 808 421 ei
851 371 1168 439 permissum
1215 375 1266 430 in
1316 378 1420 433 alio
1460 390 1700 452 tempore
1745 387 1811 440 ad
1836 391 2052 457 partici-

471 460 736 524 patiouem
783 467 1078 532 accedere,
1113 485 1273 540 quam
1330 475 1379 528 in
1428 476 1537 531 sola
1581 478 1806 535 Salutari
1839 481 2043 540 Christi

467 559 520 601 ot
577 550 789 608 Domini
843 559 1010 611 nostri
1055 566 1493 633 resurrectione,
1529 581 1746 638 propter
1786 587 2045 642 repurga-

468 642 705 711 tionem,
757 657 813 700 ut
862 651 1116 718 possibile
1165 665 1277 720 est,
1327 672 1390 711 ex
1433 664 1768 728 praecedente
1810 665 2044 734 jejunio.

466 748 582 786 rum
604 735 954 794 abstinentia.
978 741 1100 799 "me
1117 756 1292 800 autem
1313 750 1560 817 dicimus,
1584 757 1798 823 quando
1819 760 2040 828 cxjprio-

3625 304 3732 366 6‘0

2078 395 2431 475 Λσπουδῆς,
2487 409 2553 462 δι’
2608 410 2674 481 ῆν
2717 413 2744 463 ὁ
2797 413 2990 484 χρόνος
3042 417 3138 486 τῆς
3194 420 3551 490 μεταλήψεως
3612 427 3724 477 τῶν

2150 505 2511 575 ἀγιασμάτων
2537 510 2684 580 αὐτῷ
2728 514 3212 585 συντμηθήσεται;
3260 517 3419 572 Ἀλλὰ
3446 521 3538 573 καὶ
3583 525 3723 590 μετά

2147 600 2206 652 τὸ
2236 601 2534 667 ἀξιωθῆναι
2571 607 2668 674 τῆς
2717 607 2991 676 ἀχράντου
3037 611 3401 680 μεταλήψεως
3435 615 3534 667 οὐκ
3564 617 3720 669 ἔσται

2144 699 2642 765 συγκεχωρημένον
2683 702 2833 770 αὐτῷ
2867 705 2924 755 ὲν
2945 703 3090 774 ἀλλῳ
3120 706 3296 775 καιρῷ
3318 710 3381 775 τῇ
3417 707 3717 778 μεταλήψει

2143 790 2428 855 προσιέναι
2487 791 2517 860 ἦ
2579 794 2638 844 ἐν
2708 794 2842 866 μόνῃ
2893 799 2956 863 τῇ
3019 799 3273 870 σωτηρίῳ
3337 799 3432 852 τοῦ
3479 800 3714 870 Χριστοῦ

2140 885 2234 935 καὶ
2265 883 2399 936 Θεοῦ
2433 885 2593 954 ἡμῶν
2630 888 2925 941 ἀναστάσει
2955 890 3042 944 διὰ
3077 891 3178 962 τὴν
3207 893 3268 944 ἐκ
3295 893 3394 961 τῆς
3431 913 3706 964 προηγου-

2138 976 2306 1045 μένης
2338 977 2667 1045 ἐγκρατείας
2698 980 2809 1034 τῶν
2844 981 3131 1048 νηστειῶν,
3167 982 3242 1044 ὡς
3293 984 3540 1047 δυνατὸν,
3575 987 3712 1038 ἀναο

2135 1069 2422 1137 κάθαρσιν.
2469 1071 2656 1124 Ταῦτα
2695 1072 2751 1125 δέ
2809 1091 3011 1142 φαμεν,
3057 1075 3184 1126 ὅταν
3235 1075 3310 1146 μὴ
3355 1079 3522 1130 τέκνα
3559 1082 3707 1148 ποιρῇ

2109 1161 2194 1226 ,ἐκ
2220 1161 2330 1214 τῶν
2365 1165 2647 1234 προτέρων
2682 1167 2878 1235 γάμων
2932 1171 3046 1230 τοῖς
3079 1171 3179 1240 ήδη
3228 1172 3368 1239 μετά
3399 1171 3461 1224 τὸ
3510 1190 3712 1228 τεσσα-

2134 1258 2400 1323 ρακοστὸν
2442 1259 2561 1322 ἔτος
2606 1260 2800 1331 τρίτην
2853 1264 3086 1331 ἄγεσθαι
3145 1267 3560 1336 προῃρημένοις
3605 1285 3706 1334 γυ-

2127 1351 2324 1402 ναῖκα·
2359 1351 2503 1416 ἐπεὶ,
2539 1352 2634 1405 ἐάν
2665 1351 2830 1407 τέκνα
2867 1358 3040 1425 παρῇ,
3076 1358 3470 1428 ἀσυγχώρητος
3519 1361 3705 1424 αὐτοῖς

2125 1443 2158 1502 ἡ
2190 1445 2482 1513 τριγαμία.
2534 1447 2670 1500 Λίαν
2727 1447 2836 1520 γάρ
2887 1451 3004 1504 ἐστι
3055 1452 3241 1505 ἄδικον
3284 1453 3378 1506 τὸν
3421 1456 3521 1522 μὲν
3550 1456 3704 1525 χαρί-

2123 1536 2312 1601 ζεσθαι
2342 1541 2407 1609 τῇ
2441 1539 2629 1611 ἐξὼρῳ
2661 1542 2953 1615 ἐπιθυμίᾳ,
2996 1548 3110 1607 τοῖς
3141 1547 3197 1600 δὲ
3228 1551 3386 1602 παισὶ
3419 1550 3530 1603 τῶν
3560 1568 3701 1618 προ-

2122 1631 2296 1700 τέρων
2323 1632 2516 1702 γάμων
2552 1634 2628 1706 μὴ
2662 1639 3006 1704 προνοεῖσθαι
3039 1640 3102 1693 τὸ
3145 1640 3386 1706 ἀσφαλὲς
3431 1645 3523 1696 καὶ
3571 1645 3701 1698 ἄλυ-

2052 1742 2092 1800 B
2124 1739 2224 1775 πον
2271 1725 2366 1778 καὶ
2402 1727 2700 1797 ἀτάραχον,
2732 1732 2824 1784 καὶ
2871 1733 2970 1785 ὅσα
3028 1733 3088 1786 τὸ
3137 1735 3484 1804 ἀνθρώπινον
3529 1755 3698 1790 κατα-

2121 1814 2391 1883 λαμϐάνει
2428 1820 2492 1872 ἐκ
2546 1820 2646 1890 τῆς
2694 1823 3040 1895 πολυσπόρου
3100 1827 3439 1886 τεκνώσεως,
3488 1829 3598 1881 Καὶ
3645 1829 3701 1881 ετ

2119 1922 2202 1968 τις
2234 1907 2289 1960 δὲ
2326 1913 2761 1982 τριακονταετὴς
2815 1912 2913 1978 ὢν,
2965 1916 3061 1969 καὶ
3112 1917 3279 1970 τέκνα
3312 1917 3453 1987 ἔχων
3480 1920 3543 1970 ἐκ
3583 1920 3694 1972 τῶν

2119 2001 2508 2071 προλαόόντων
2565 2006 2780 2074 γάμων,
2831 2009 2992 2078 τρίτῃ
3049 2013 3271 2075 γυναικὶ
3328 2013 3688 2076 συνάπτοιτο,

2115 2096 2209 2148 καὶ
2235 2089 2391 2158 οὗτος
2434 2097 2829 2169 ἀσυγχώρητος
2867 2101 3032 2171 μέχρι
3081 2104 3344 2171 τετάρτου
3386 2104 3541 2166 ἔτους
3587 2105 3690 2172 τῆς

2113 2185 2398 2248 κοινωνίας
2445 2189 2554 2242 τῶν
2607 2191 2966 2258 ἁγιασμάτων
3009 2193 3276 2262 ἀμέτοχος
3319 2194 3519 2248 ἔσται’
3555 2197 3688 2249 διότι

2111 2275 2271 2344 δῆλός
2306 2279 2454 2332 ἐστιν
2497 2281 2557 2344 ἐξ
2596 2283 2812 2346 οὐδενὸς
2835 2285 3026 2354 ἐτέρου
3059 2285 3176 2338 ἀλλ’
3207 2285 3238 2355 ἢ
3269 2285 3375 2338 ὑπὸ
3411 2287 3688 2356 ἀκρασίας

2109 2371 2450 2440 κινούμενος,
2484 2375 2577 2428 καὶ
2612 2373 2706 2428 τοῦ
2757 2375 2944 2429 δοῦλον
2977 2372 3121 2430 εἶναι
3168 2380 3440 2448 σαρκικῆς
3489 2380 3686 2432 ἐπιθυ-

2110 2465 2240 2531 μίας
2267 2464 2361 2516 ἐπὶ
2406 2465 2497 2518 τὸν
2541 2466 2780 2519 τοιοῦτον
2826 2467 3006 2536 γάμον
3048 2467 3240 2521 ἐλθεῖν.
3278 2469 3389 2522 Καὶ
3435 2469 3575 2539 μετὰ
3625 2470 3686 2522 τὸ

2103 2558 2290 2626 τυχεῖν
2324 2557 2378 2611 δὲ
2413 2559 2512 2629 τῆς
2542 2559 2899 2629 μεταλήψεως
2931 2561 3038 2615 τῶν
3067 2563 3405 2632 μυστηρίων,
3431 2566 3553 2631 τρὶς
3587 2564 3682 2616 τοῦ

2103 2648 2349 2702 ἐνιαυτοῦ
2381 2649 2544 2717 μόνου
2593 2650 2961 2723 ἀξιωθήσεται
2995 2651 3095 2722 τῆς
3129 2651 3502 2715 ἀπολαύσεως,
3534 2651 3682 2716 ἅπαξ

2105 2741 2205 2810 μὲν
2251 2743 2311 2796 ἐν
2362 2745 2428 2815 τῇ
2478 2745 2734 2816 σωτηρίῳ
2781 2745 2879 2798 τοῦ
2930 2745 3172 2816 Χριστοῦ
3207 2747 3302 2800 καὶ
3334 2745 3488 2802 ,Θεοῦ
3522 2747 3682 2816 ήμῶν

2101 2834 2420 2902 ἀναστάσει,
2445 2837 2701 2909 δεύτερον
2721 2839 2777 2892 δὲ
2804 2840 2864 2893 ἐν
2893 2842 2959 2910 τῇ
2995 2840 3253 2912 κοιμήσει
3283 2843 3385 2911 τῆς
3406 2841 3680 2912 ἁχράντου

2097 2929 2385 3000 δεσποίνης
2413 2931 2575 3000 ήμῶν
2600 2931 2889 2993 Θεοτὸκου.
2913 2933 3219 3001 καὶ-τρίτον
3247 2935 3305 2986 ἐν
3329 2936 3393 3003 τῇ
3419 2933 3678 3002 γενεθλίῳ

2098 3021 2283 3093 ⁴ήμέρτξι
2311 3023 2404 3077 τοῦ
2435 3025 2673 3098 Χριστοῦ
2723 3027 2820 3080 καὶ
2861 3026 2996 3080 Θεοῦ
3043 3027 3222 3098 ήμῶν,
3255 3029 3343 3080 διὰ
3373 3027 3435 3080 τὸ
3475 3027 3568 3082 καὶ
3616 3029 3677 3081 ἐν

2019 3092 2061 3152 C
2098 3092 2325 3178 ταύταις
2364 3092 2730 3187 προηγείσθαι
2780 3092 3193 3190 νηστείαν,“καὶ
3247 3119 3310 3173 τὸ
3363 3121 3426 3174 ὲκ
3469 3120 3678 3190 ταύτης

2094 3207 2307 3275 ὄφελος.
2346 3210 2411 3264 Et
2441 3210 2498 3264 δὲ
2529 3212 2718 3274 παῖδες
2753 3213 2825 3283 μὴ
2854 3213 3145 3282 περίεισιν,
3179 3213 3368 3284 ἐπειδὴ
3398 3213 3458 3266 τὸ
3486 3229 3676 3266 τεκνο-

2092 3300 2278 3366 γονίας
2322 3301 2612 3371 ἐπιθυμεῖν
2653 3305 2755 3357 οὐκ
2791 3304 3214 3373 ἀσύγγνωστον,
3268 3307 3332 3359 τὸ
3369 3305 3673 3374 τηνικαῦτα

2093 3394 2430 3467 συγγνώμης
2477 3396 2844 3467 ἀξιωθήσεται
2905 3400 2933 3452 δ
2988 3399 3233 3463 τοιοῦτος
3285 3399 3508 3468 γάμος,
3574 3398 3672 3452 καὶ

2091 3486 2239 3557 μόνῳ
2273 3488 2354 3558 τῷ
2399 3489 2637 3559 ἐξαρχῆς
2677 3491 2771 3544 καὶ
2823 3491 2986 3562 μέχρι
3035 3492 3130 3546 τοῦ
3180 3493 3277 3544 νῦν
3326 3495 3669 3562 κρατήσαντι

2089 3579 2353 3651 ἐπιτιμίῳ
2422 3581 2916 3653 θεραπευθήσεται.
2981 3585 3166 3638 Ταῦτα
3227 3586 3326 3655 μὲν
3388 3585 3483 3638 καὶ
3538 3586 3668 3655 περὶ

2085 3669 2270 3740 τρίτου
2299 3674 2504 3740 γάμου.
2539 3673 2614 3726 Οὐ
2656 3675 2764 3743 μὴν
2810 3675 2933 3729 οὐδὲ
2977 3675 3070 3730 τὸν
3110 3675 3385 3745 δεύτερον.
3421 3676 3544 3729 οὐδὲ
3575 3677 3666 3728 τὸν

2088 3764 2304 3833 πρῶτον
2352 3765 2512 3828 ἐκτός
2556 3767 2859 3835 ἀσφαλείας
2907 3769 3128 3838 ἐῶμεν·
3179 3769 3319 3824 ἀλλὰ
3372 3770 3666 3832 κάκείνους

2085 3856 2339 3928 ὁρίζομεν
2391 3858 2535 3912 οὕτω
2587 3861 2962 3926 συνίστασθαι,
2997 3861 3139 3915 ὥστε
3196 3863 3470 3932 μηδεμίαν
3515 3863 3660 3931 ἔχειν

2086 3949 2330 4018 πονηρὰν
2364 3949 2601 4021 αίτίανῆ
2644 3951 2704 4016 ἐξ
2735 3953 2992 4022 ἁρπαγῆς
3025 3953 3056 4023 ἢ
3095 3956 3154 4019 ἐξ
3195 3955 3662 4024 προηγησαμένης

2081 4039 2341 4110 λαθραίου
2377 4043 2607 4114 φθορᾶς,
2643 4044 2780 4099 ἀλλὰ
2806 4045 3056 4115 νομίμως
3087 4047 3184 4100 καὶ
3208 4046 3661 4118 καθαῤῥευόντως

2077 4135 2187 4188 τῶν
2231 4135 2494 4190 τοιούτων
2554 4137 2918 4207 μολυσμάτων
2950 4140 3044 4192 καὶ
3104 4140 3371 4210 πορνικῆς
3416 4141 3662 4210 ἀκαθαρ-

2078 4228 2222 4289 σίας.
2276 4227 2344 4280 Et
2396 4245 2481 4292 τις
2542 4229 2658 4296 οὖν,
2706 4231 2818 4285 τῶν
2885 4231 3192 4302 εἰρημένων
3235 4235 3659 4305 καταφρονήσας

2077 4320 2288 4383 τύπων,
2325 4319 2463 4391 πρρς
2503 4322 2751 4392 γαμικὴν
2777 4324 2995 4393 ὁμιλίαν
3029 4324 3256 4396 πρώτην
3303 4328 3336 4397 ἢ
3392 4327 3658 4398 δευτέραν

2079 4409 2335 4481 συνέλθῃ,
2373 4410 2564 4465 τοῦτον
2593 4414 2624 4484 ή
2653 4414 2748 4468 τοῦ
2775 4415 3017 4486 Χριστοῦ
3046 4417 3344 4492 Ἐκκλησία
3371 4420 3404 4489 ἡ
3437 4418 3656 4486 καθαρά

2083 4503 2176 4556 καὶ
2212 4504 2415 4574 μηδένα
2449 4506 2638 4560 σπῖλον
2660 4507 2860 4578 ἔχουσα
2888 4510 2920 4580 ἢ
2952 4510 3163 4580 ῥυτίδα,
3201 4513 3316 4574 τοῖς
3362 4512 3656 4582 σωτηρίοις

2079 4595 2462 4654 ὑποϐάλλουσα
2538 4601 2837 4670 ἐτασμοῖς,
2896 4603 2957 4655 οὐ
3014 4603 3146 4674 πρὶν
3207 4607 3288 4667 είς
3352 4605 3655 4676 μετάληψιν

2076 4690 2436 4761 παραδέξεται
2469 4692 2576 4745 τῶν
2603 4692 2764 4748 θείων
2793 4694 3129 4766 μυστηρίων,
3159 4695 3187 4766 ἢ
3231 4697 3322 4749 τὸν
3347 4697 3653 4768 ὡρισμένον

2073 4781 2166 4834 ἐπὶ
2203 4784 2269 4850 τῇ
2304 4783 2530 4856 πορνείᾳ
2561 4784 2754 4854 χρόνον
2817 4785 2979 4854 μάθοι
3039 4787 3288 4854 ἁκριὸῶς
3340 4788 3506 4841 αὐτὸν
3558 4789 3653 4842 ἐκ·

2071 4871 2402 4944 πληρῶσαι·
2440 4877 2489 4926 εί
2531 4875 2618 4945 μή
2643 4874 2750 4946 ἄρα
2787 4877 2819 4945 ὴ
2865 4876 2960 4929 τοῦ
3006 4876 3125 4945 βίου
3171 4878 3446 4944 ἀναγκαία
3488 4896 3652 4932 κατε-

2071 4965 2254 5034 πείγει
2300 4967 2672 5037 ἀναχώρησις,
2705 4969 2956 5022 τουτέστι
2989 4969 3186 5039 μέχρις
3213 4968 3281 5022 ἂν
3314 4969 3374 5022 τὸ
3417 4969 3650 5039 ἕϐδομον

2069 5057 2402 5130 ἐκπληρωθῇ
2450 5058 2591 5122 ἔτος.
2655 5058 2714 5111 '0
2757 5060 2814 5113 δὲ
2849 5060 3066 5128 τολμῶν
3114 5062 3294 5130 ἱερεὺς
3339 5061 3488 5132 παρά
3554 5063 3646 5115 τὸν

2066 5150 2543 5221 διατετυπωμένον
2578 5151 2703 5224 ὅρον
2736 5152 3096 5222 μεταλήψεως
3150 5151 3304 5216 θείας
3349 5153 3470 5206 τινὰ
3517 5154 3643 5207 τού-

2061 5262 2172 5297 των
2205 5243 2434 5309 ἀξιῶσαι.
2485 5247 2616 5314 περὶ
2676 5247 2767 5300 τὸν
2825 5247 2958 5298 ἴδιον
3013 5247 3354 5300 κινδυνεύσει
3406 5246 3640 5315 βαθμὸν,

2061 5335 2302 5404 δηλονότι
2333 5336 2426 5389 τοῦ
2462 5337 2788 5403 ἀξιωθέντος
2819 5341 2970 5406 παρὰ
3004 5341 3097 5392 τὸν
3137 5340 3444 5411 ὡρισμένον
3470 5337 3640 5392 τύπον

2060 5427 2156 5496 τῆς
2191 5426 2342 5491 θείας
2396 5431 2683 5494 κοινωνίας
2731 5431 2894 5484 πάλιν
2923 5433 3004 5494 εἰς
3033 5431 3096 5484 τὸ
3130 5431 3500 5499 ἀκοινώνητον
3538 5448 3637 5484 πε-

2059 5521 2416 5591 ριισταμένου
2493 5523 2657 5592 μέχρι
2725 5522 3180 5594 συμπληρώσεως
3249 5521 3344 5575 τοῦ
3405 5521 3634 5589 ἑϐδόμου

2055 5616 2229 5680 ἔτους.
2268 5618 2431 5671 Ἀλλὰ
2477 5619 2652 5673 ταῦτα
2715 5621 2836 5689 μὲν,
2887 5621 2964 5683 ὠς
3020 5621 3341 5692 δεδήλωται,
3374 5621 3480 5674 ὑπὸ
3527 5621 3634 5672 τῶν

2056 5710 2222 5764 πάλαι
2256 5711 2692 5783 βασιλευσάντων
2745 5714 3102 5785 ἐπράχθησαν
3127 5731 3140 5746 ·
3195 5714 3292 5769 νῦν
3348 5714 3405 5767 δὲ
3437 5715 3502 5783 τῇ
3537 5711 3628 5767 τοῦ
