4076 6390
437 345 537 410 601
1403 350 1486 411 IN
1517 351 1760 414 EPIST.
1798 353 1860 415 S.
1895 355 2186 418 BASILII
2217 358 2666 424 CANONICAM
2699 363 2752 430 Ι.
3593 381 3708 446 602

437 457 651 526 Πατρὸς
703 459 799 514 καὶ
862 459 958 516 τοῦ
1006 459 1142 514 Υἱοῦ
1175 460 1267 515 καὶ
1322 463 1417 516 τοῦ
1464 466 1625 533 ἁγίου
1683 465 2047 537 Πνεύματοςι

2113 465 2226 522 Deo
2250 479 2633 528 coronatorum
2659 475 3047 544 imperatorum
3090 494 3395 541 nostrorum
3419 529 3434 550 ,
3465 487 3697 545 Romani

436 550 654 622 εὐδοκία
707 553 801 608 καὶ
856 554 1065 625 χάριτι,
1117 555 1213 607 καὶ
1265 559 1384 620 ταῖς
1439 557 1539 625 τῆς
1594 560 1865 627 παναγίου
1918 559 2013 612 καὶ

2125 569 2180 614 et
2210 563 2550 618 Constantini
2587 567 2876 634 imperium
2905 574 3179 642 conjunxit
3214 587 3266 632 el
3301 580 3470 645 tiuiit,
3502 599 3697 638 unam-

434 643 783 714 Θεομήτορος
833 648 928 700 καὶ
955 645 1048 700 τοῦ
1095 648 1336 716 μεγάλου
1380 649 1825 720 ἀρχιστρατήγου
1880 670 2016 723 πρε-

2122 668 2227 722 que
2278 654 2408 710 fecit
2456 658 2778 714 catholicam
2839 673 2892 717 et
2942 669 3292 734 apostolicam
3359 673 3692 733 Ecclesiam:

435 737 666 802 σδείαις,
708 739 836 803 τοὺς
882 740 983 811 ἤδη
1010 739 1118 811 πρὸ
1177 741 1506 811 ἐνενήκοντα
1562 743 1774 814 χρόνων
1823 744 2012 798 ἕνεκεν

2125 747 2267 800 unde
2291 749 2485 805 merito
2518 761 2644 807 sunt
2679 757 3006 823 prtedicandi
3041 770 3093 814 et
3121 761 3404 830 laudandi,
3451 768 3540 837 qui
3589 779 3695 823 tam

431 827 532 896 τῆς
579 828 1025 900 προδηλωθείσης
1071 832 1258 895 αίτίας
1302 833 1396 885 καὶ
1449 833 1707 902 ἀφορμῆς
1756 836 2010 907 ἀπορρα-

2120 841 2268 907 pium
2297 857 2432 911 opus
2471 853 2524 898 et
2560 855 2665 900 tam
2699 849 2918 918 dignum
2955 856 3370 924 compleverint.
3428 827 3560 916 Cum
3605 881 3701 918 ca-

429 920 627 986 γέντας
670 923 838 993 ίερετς
869 925 964 977 καὶ
1003 925 1401 994 μονάζονταςὴ
1442 927 1702 998 παγκάλη
1752 928 2006 998 βασιλεία

2122 946 2224 985 non
2279 946 2330 988 et
2365 939 2570 992 novella
2597 939 2712 996 haec
2757 945 3047 998 statuerint
3075 985 3090 1006 ,
3142 948 3380 1004 Ecclesia
3422 953 3699 1021 hucusque

430 1011 538 1064 τῶν
569 1014 874 1084 θεοστεφῶν
902 1016 1172 1086 βασιλέων
1203 1018 1363 1089 ἡμῶν
1401 1019 1688 1089 Ῥωμανοῦ
1721 1023 1816 1073 καὶ
1849 1023 2006 1075 Κων-

2117 1027 2317 1080 nostris
2359 1031 2690 1098 temporibus
2743 1036 2958 1091 tertium
2985 1039 3390 1097 matrimonium
3429 1045 3543 1099 fieri
3586 1062 3690 1100 non

432 1105 710 1160 σταντίνου
745 1109 954 1179 συνῆψέ
1005 1127 1062 1162 τε
1106 1112 1198 1164 καὶ
1247 1114 1547 1180 συνήνωσε,
1599 1113 1691 1166 καὶ
1742 1113 1874 1180 μίαν
1909 1131 2003 1166 κα·
2116 1120 2383 1186 permisit.

427 1195 649 1299 θοξιικὴν
704 1199 800 1299 καὶ
858 1201 1592 1299 αποστῃολικὴνᾉᾜξκκξιησίαν
1642 1205 1981 1299 εἰργάσατο’
2022 1205 2144 1260 ὅθεν
2189 1211 2366 1278 χρεὼν
2415 1215 2890 1288 ἀνακηρύττεσθαί
2980 1243 3038 1278 τε
3109 1229 3204 1282 καὶ
3301 1229 3700 1299 μεγαλύνεσθαι

429 1291 553 1354 τοὺς
598 1292 842 1346 τοιοῦτον
872 1293 1121 1364 θεοφιλὲς
1159 1297 1255 1348 κα)⁸
1281 1295 1568 1364 ξάξιόλογον
1635 1298 1796 1368 ἔργον
1861 1299 2318 1370 πεπληρωκότας.
2391 1309 2578 1364 Ταῦτα
2622 1312 2717 1366 τοῦ
2760 1317 2981 1381 κανόνος
3019 1320 3114 1372 καὶ
3165 1323 3264 1393 τῆς
3301 1291 3530 1394 'Na‘apa;
3608 1342 3698 1379 νο-

423 1384 892 1550 ῗοὲετηὶἁντων,
961 1391 996 1458 ὴ
1039 1388 1338 1460 Ἐκκλησία
1389 1391 1528 1456 τέως
1598 1393 1694 1445 ἐπὶ
1759 1392 1869 1446 τῶν
1943 1395 2171 1466 ἡμερῶν
2227 1396 2336 1451 τῶν
2408 1402 2694 1474 ἡμετέρων
2768 1407 2957 1478 τρίτου
3023 1384 3230 1484 γάμου,
3286 1384 3525 1486 ποίησιν*
3596 1418 3698 1473 οὐκ

459 1496 496 1530 π
531 1495 620 1549 τρε
671 1497 716 1534 ε.
3501 1520 3511 1528 ’

459 1495 716 1549 πετρεψε.

493 1598 738 1653 ΖΩΝᾹΡ.
776 1600 888 1672 Τὴν
939 1601 1243 1672 τριγαμίαν
1303 1605 1330 1659 ὁ
1385 1604 1562 1674 μέγας
1604 1599 1759 1670 οὗτος
1813 1607 2005 1680 Πατὴρ

2181 1605 2430 1664 ZONAR.
2461 1609 2790 1684 Trigemiam
2821 1630 3048 1686 magnus
3071 1617 3159 1672 hic
3184 1618 3344 1675 Pater
3365 1619 3434 1676 ab
3449 1621 3691 1692 antiquis

422 1692 550 1754 τοὺς
587 1691 852 1764 ἀρχαίους
879 1695 1137 1766 Πατέρας
1171 1697 1244 1766 μὴ
1281 1697 1461 1767 γάμον
1504 1701 1770 1772 ὀνομάσαι
1808 1702 2001 1771 φησὶν,

2110 1697 2363 1757 Patribus
2395 1705 2628 1775 conjugii
2660 1709 2882 1765 nomine
2907 1711 3132 1768 minime
3164 1714 3493 1782 appellatam
3524 1691 3687 1770 fuisse

389 1785 557 1840 ’ἀλλὰ
607 1787 984 1855 πολυγαμίαν,
1025 1788 1058 1860 ἢ
1094 1790 1296 1859 μᾶλλον
1344 1793 1605 1862 πορνείαν
1654 1795 1996 1865 κεκολασμέ-

2100 1798 2318 1862 asserit,
2365 1798 2461 1855 sed
2492 1801 2635 1856 illam
2677 1803 2886 1860 dixisse
2914 1808 3286 1878 polygamiam
3311 1848 3327 1874 ,
3358 1810 3540 1877 potius
3571 1808 3686 1865 for-

419 1895 540 1949 νην,
579 1877 749 1948 ἦγουν
784 1879 886 1932 οὐκ
941 1881 1315 1952 ἐκκεχυμένην
1368 1884 1462 1937 καὶ
1512 1886 1827 1956 ἀδιάφορον,
1865 1889 2000 1944 ἀλλὰ

2107 1892 2432 1948 nicationem
2477 1895 2820 1963 castigatam,
2863 1899 2964 1954 hoc
3011 1877 3118 1965 est,
3174 1916 3280 1956 non
3329 1902 3586 1968 causam,
3635 1910 3690 1957 et

422 1970 864 2044 συνεσταλμένην
896 1975 992 2027 καὶ
1027 1978 1553 2049 περιγεγραμμένην
1609 1982 1708 2052 μιᾷ
1753 1984 1996 2050 γυναικί.

2103 1981 2490 2049 promiscuam,
2539 1985 2632 2038 sed
2677 1993 3034 2051 contractam,
3076 1999 3130 2043 et
3185 1989 3238 2043 in
3290 2006 3394 2045 una
3443 1998 3688 2046 tantum-

425 2065 528 2118 Ὃν
563 2067 696 2135 γοῦν
741 2065 908 2139 ὥρισε
953 2071 1156 2124 κανόνα
1206 2071 1298 2124 ἐπὶ
1351 2073 1460 2126 τῶν
1492 2074 1762 2145 διγάμων,
1808 2078 1999 2132 τοῦτον

2103 2072 2264 2125 modo
2288 2073 2756 2143 circumscriptam
2781 2077 3024 2133 muliere.
3056 2079 3225 2147 Quem
3253 2097 3381 2152 ergo
3419 2098 3684 2139 canonem

417 2156 569 2224 λέγει
592 2157 872 2228 ἀναλόγως
905 2162 1086 2231 ὁρίσαι
1119 2164 1210 2216 καὶ
1243 2165 1335 2216 ἐπὶ
1366 2165 1464 2234 τῆς
1489 2168 1792 2238 τριγαμίας
1813 2185 1828 2200 ⁸
1851 2170 1912 2223 τὸ
1942 2171 2000 2224 δὲ

2104 2167 2170 2218 de
2210 2164 2441 2231 digamis
2485 2167 2876 2238 promulgavit.
2905 2169 3050 2225 hunc
3083 2173 3134 2226 in
3175 2174 3421 2242 trigamia
3463 2191 3685 2246 quoque

423 2267 444 2300 ι
494 2251 776 2322 ἀναλόγως
807 2273 827 2305 ι
862 2255 1021 2310 τοῦτό
1069 2260 1216 2310 ἐστιν
1246 2273 1261 2288 ⁸
1312 2259 1393 2313 ὅτι
1453 2261 1544 2314 ἐπὶ
1590 2262 1690 2332 τῆς
1737 2263 1999 2334 διγαμίας

2103 2259 2461 2327 proportione
2507 2261 2713 2315 servari
2749 2261 2946 2331 jubet;
2984 2265 3333 2334 proportione
3373 2278 3590 2332 autem,
3633 2268 3684 2323 id

417 2344 660 2408 ἐνιαυτὸς
698 2345 908 2416 ὡρίσθη
952 2351 1032 2410 είς
1083 2353 1372 2419 μετάνοιαν
1399 2370 1412 2384 ·
1451 2353 1663 2424 ἑτέροις
1710 2356 1768 2409 δὲ
1800 2357 1994 2413 διετία.

2099 2359 2203 2415 est,
2249 2352 2377 2419 quia
2443 2352 2496 2406 in
2548 2353 2784 2424 digamia
2837 2371 3014 2411 annus
3071 2359 3424 2427 prmscriptus
3477 2369 3564 2416 est
3613 2361 3681 2416 ad

430 2435 554 2488 Ἐπὶ
584 2435 640 2488 δὲ
673 2437 774 2504 τῆς
815 2440 1134 2508 τριγαμίας,
1167 2442 1290 2495 ἐπεὶ
1340 2443 1549 2512 μείζων
1579 2446 1730 2499 ἐστὶν
1772 2449 1803 2517 ἡ
1847 2450 1998 2502 αἰτία

2099 2441 2516 2511 paenitentiam;
2549 2443 2667 2498 aliis
2727 2460 2853 2500 vero
2908 2447 3230 2504 biennium:
3288 2464 3454 2517 porro
3505 2451 3557 2504 in
3588 2453 3686 2506 tri-

418 2525 580 2598 αὕτη,
635 2528 899 2596 ἀνάλογον
949 2533 1044 2584 καὶ
1084 2532 1146 2585 τὸ
1193 2534 1470 2604 ἐπιτίμιον
1523 2536 1792 2606 ὥρισταιο
1828 2540 1998 2610 ἤγουν

2099 2534 2298 2602 gantia,
2331 2534 2587 2602 quoniam
2621 2533 2850 2604 ipsemet
2887 2535 3041 2605 culpa
3088 2537 3148 2591 ﬁt
3189 2542 3428 2608 gravior,
3460 2556 3685 2609 propor-

417 2621 512 2674 ἐπὶ
569 2622 893 2676 πενταετίαν
935 2625 1262 2695 ἀρορισμός.
1306 2629 1445 2691 Τοὺς
1502 2631 1609 2700 γὰρ
1651 2631 1998 2699 ὑπερϐάντας

2103 2625 2248 2678 tione
2280 2639 2494 2693 quoque
2521 2628 2860 2694 respondens
2883 2629 3142 2682 statuitur
3174 2644 3355 2697 poena,
3377 2631 3683 2701 quinquen-

413 2713 516 2778 τὴν
539 2711 797 2781 διγαμίαν
832 2715 906 2785 μὴ
942 2716 1050 2768 δεῖν
1075 2717 1444 2787 ὀνομάζεσθαί
1494 2739 1630 2791 φησι
1685 2724 1838 2794 παρὰ
1887 2726 1996 2779 τῶν

2100 2716 2239 2770 nalis
2285 2716 2536 2772 videlicet
2599 2720 2925 2789 segregatio.
2986 2719 3089 2782 Qui
3153 2738 3384 2793 namque
3427 2724 3677 2793 digamia:

414 2805 714 2870 γυναικῶν,
761 2803 849 2870 αἷς
921 2810 1374 2879 συμφθείρονται,
1432 2813 1668 2883 ἄνδρας·
1703 2816 1842 2886 μήτε
1892 2817 1996 2880 τὰς

2101 2807 2364 2864 terminos
2400 2811 2742 2879 supergressi
2785 2821 2955 2877 sunt,
2993 2821 3152 2882 negat
3192 2815 3426 2880 amplius
3465 2818 3533 2869 ab
3566 2816 3632 2871 iis
3660 2856 3673 2880 ,

415 2899 678 2963 γυναῖκας
718 2898 974 2967 λέγεσθαι
1019 2901 1170 2971 παρά
1218 2903 1328 2955 τῶν
1373 2904 1632 2958 τοιούτων
1661 2901 1873 2977 ἀνδρῶν
1902 2927 1998 2974 γυ-

2098 2916 2218 2954 cum
2269 2900 2466 2969 quibus
2523 2905 2964 2968 commisceutur,
3011 2907 3328 2962 mulieribus
3386 2910 3533 2964 viros
3570 2910 3678 2965 dici

417 2989 606 3052 ναῖκας
633 2991 874 3046 ἐαυτῶν³
921 2991 1016 3045 καὶ
1057 2993 1122 3047 ἐκ
1166 2992 1260 3047 τοῦ
1309 2995 1648 3065 Εὐαγγελίου
1687 3001 1993 3070 μαρτυρίαν

2097 3004 2374 3060 oportere,
2433 3009 2532 3049 nec
2582 2996 2843 3050 mulieres
2907 2997 2974 3050 ab
3041 2998 3306 3066 ejusmodi
3369 3000 3680 3057 hominibus

417 3081 632 3148 ἐπάγει,
669 3085 913 3147 εἰπόντος
938 3084 1032 3138 τοῦ
1065 3084 1302 3155 Χριστοῦ
1335 3087 1470 3155 πρὸς
1499 3087 1598 3158 τὴν
1621 3090 1991 3160 Σαμαρείτιδα
2023 3151 2027 3160 Α

2099 3097 2330 3136 uxorum
2394 3085 2611 3138 nomine
2660 3086 2969 3153 appellari:
3029 3098 3193 3156 atque
3251 3103 3315 3141 ex
3385 3088 3678 3158 Evangelio

534 3139 546 3148 .
619 3139 629 3146 .
894 3139 910 3147 -
1117 3139 1128 3155 .
1378 3139 1395 3155 ,ν
1451 3139 1465 3150 .
1517 3139 1585 3158 η,
1623 3139 1990 3160 ή-γ.--ι.-----η

415 3177 495 3228 ὅτι
529 3177 632 3228 ’ον
675 3177 837 3245 ἔχεις
894 3179 1006 3232 οὐκ
1061 3179 1192 3234 ἔστι
1251 3197 1369 3234 σου
1411 3180 1603 3248 ἀνήρ·
1639 3183 1823 3238 πέντε
1882 3156 2025 3255 γὰρ1

2099 3178 2468 3232 testimonium
2530 3177 2772 3243 adducit,
2817 3175 3031 3234 dicente
3071 3179 3285 3234 Christo
3319 3180 3382 3234 ad
3431 3180 3674 3234 Samari-

413 3264 616 3334 ἔσχες.
651 3267 710 3318 Εἰ
751 3267 807 3320 δὲ
853 3269 945 3320 καὶ
996 3267 1132 3338 ἔφθη
1186 3270 1363 3322 εἰπεῖν
1397 3272 1423 3323 ό
1455 3269 1612 3336 ἅγιος
1646 3270 1728 3324 ὅτι
1757 3272 1814 3323 ἐν
1842 3273 1992 3342 τρισὶ

2096 3271 2284 3335 tidem,
2321 3270 2582 3336 Quoniam
2604 3287 2755 3340 quem
2780 3272 2936 3325 habes
2975 3288 3078 3326 non
3113 3281 3189 3324 est
3216 3285 3335 3325 tuus
3364 3273 3480 3338 vir;
3507 3269 3678 3342 'quiw-

410 3361 506 3410 καὶ
536 3359 832 3428 τέσσαρσιν
873 3360 1050 3414 ἐτεσιν
1089 3361 1450 3432 ἀφορίζεσθαι
1494 3364 1621 3428 τοὺς
1659 3363 1988 3432 τριγάμους,

2092 3381 2192 3434 que
2229 3368 2365 3420 enim
2406 3364 2698 3418 liabuisti’.
2753 3362 2886 3418 Nam
2931 3365 3040 3418 etsi
3087 3365 3238 3433 prius
3277 3365 3491 3420 dixerat
3543 3380 3677 3420 san--

409 3451 527 3502 ἁλ).’
571 3450 672 3502 οὐκ
718 3451 963 3520 ἐνέμεινε
1014 3450 1090 3521 τῷ
1133 3453 1292 3524 τύπῳ
1342 3455 1540 3524 ἐκείνῳ
1570 3472 1585 3486 ο
1635 3457 1884 3509 ἐπέτεινε
1934 3455 1992 3507 δὲ

2091 3463 2236 3519 ctus,
2266 3455 2443 3510 tribus
2477 3463 2571 3510 aut
2593 3462 2826 3525 quatuor
2849 3455 3007 3508 anuis
3037 3455 3298 3523 trigamos
3341 3469 3463 3510 esse
3492 3470 3676 3526 segre:

411 3543 570 3604 αὐτὸς
604 3544 694 3595 τὸν
724 3545 917 3613 χρόνον
961 3544 1052 3597 τοῦ
1105 3545 1386 3614 ἐπιτιμίου
1432 3541 1594 3616 μέχρι
1633 3546 1990 3613 πενταετίας,

2090 3548 2318 3617 gaudos,
2370 3561 2474 3601 non
2517 3556 2694 3600 tamen
2719 3547 2770 3600 in
2797 3545 2888 3600 illo
2910 3546 3132 3600 decreto
3168 3546 3407 3615 perstitit
3438 3563 3452 3599 :
3485 3561 3669 3600 verum

412 3634 806 3704 διαταξάμενος
869 3637 942 3706 μὴ
1001 3635 1322 3704 ἐξωθεῖσθαι
1382 3639 1508 3702 τοὺς
1566 3638 1845 3700 τοιούτους
1887 3639 1989 3708 τῆς

2097 3638 2280 3692 multae
2307 3648 2520 3708 tempus
2564 3637 2628 3691 ad
2651 3637 3088 3707 quinquennium
3125 3637 3356 3706 ipsemet
3389 3638 3668 3698 extendit,

427 3727 778 3796 Ἐκκλησίας,
829 3728 972 3782 ὥστε
1037 3731 1138 3782 οὐκ
1196 3731 1276 3793 είς
1329 3732 1496 3783 τόπον
1558 3731 1987 3801 προσκλαίοντος

2090 3737 2336 3784 statuens
2362 3743 2703 3798 nequaquam
2753 3727 3058 3797 huiusmodi
3091 3728 3160 3782 ab
3206 3728 3461 3782 exclesiis
3490 3727 3671 3796 expel-

410 3819 683 3884 ἵστασθαι,
718 3819 832 3872 ἀλλ’
861 3820 940 3882 είς
976 3819 1138 3872 τόπον
1169 3821 1540 3890 ἀκροωμένων
1569 3823 1627 3875 ἐν
1660 3821 1806 3874 ἐτεσι
1832 3823 1987 3874 δυσὶν

2093 3820 2305 3884 leudos,
2364 3820 2434 3874 ita
2501 3829 2558 3874 ut
2611 3835 2718 3898 non
2760 3820 2812 3874 iu
2875 3818 2992 3872 loco
3049 3815 3287 3872 ﬂentium
3329 3819 3667 3883 consistant,

405 3913 437 3981 ἢ
470 3911 656 3980 τρισί·
687 3912 827 3981 μετὰ
860 3913 917 3964 δὲ
954 3912 1046 3967 τδν
1091 3911 1388 3982 είρημένον
1437 3913 1630 3983 χρόνον
1663 3913 1986 3982 ἐπιτρέπειν

2091 3911 2183 3964 sed
2231 3911 2282 3964 in
2313 3911 2432 3965 loco
2477 3909 2812 3965 audientium
2865 3909 3078 3963 duobus
3129 3913 3226 3961 aut
3262 3907 3434 3962 tribus
3469 3907 3665 3971 annis,

403 4004 589 4066 αὐτοῖς
616 4003 716 4074 τὴν
750 4005 892 4073 μετὰ
933 4005 1042 4057 τῶν
1075 4005 1286 4058 πιστῶν
1322 4004 1582 4061 σύστασιν
1609 4020 1621 4034 ·
1651 4005 1749 4074 τῆς
1779 4005 1837 4058 δὲ
1868 4021 1987 4056 κοι-

2091 4016 2268 4070 eoque
2300 4001 2486 4071 elapso
2513 4007 2759 4078 tempore
2788 3999 3208 4070 permittendum
3246 3999 3402 4068 ipsis,
3451 4006 3508 4052 ut
3543 4013 3666 4052 cum

405 4097 600 4158 νωνίας
631 4096 954 4166 ἀπέχεσθαι.
977 4096 1087 4150 Καὶ
1112 4095 1257 4149 οὕτω
1287 4097 1501 4166 καρπὸν
1536 4095 1988 4164 ἐπιδειξαμένους

2092 4092 2344 4148 ﬁdelibus
2379 4093 2705 4157 consistant,
2761 4107 2790 4145 a
2830 4091 3216 4147 communione
3268 4098 3447 4145 autem
3495 4089 3671 4144 absti-

407 4189 720 4254 μετανοίας,
752 4190 922 4260 ἧγουν
971 4190 1268 4260 συντριὸὴν
1314 4189 1564 4261 καρδίας,
1604 4189 1697 4243 καὶ
1747 4189 1982 4259 δάκρυα.

2092 4195 2279 4241 neant.
2316 4186 2492 4254 Atque
2539 4185 2644 4239 hoc
2705 4193 2884 4255 pacto.
2943 4186 2986 4240 si
3035 4183 3270 4239 fructum
3327 4181 3667 4251 poenitentiae

403 4280 499 4333 aut
545 4280 599 4333 εί
639 4298 692 4333 τι
735 4280 947 4345 τούτοις
979 4281 1270 4352 ἑπόμενον,
1308 4279 1456 4334 οὕτω
1500 4279 1753 4351 δέχεσθαι
1787 4280 1986 4344 αὐτοὺς

2090 4276 2449 4342 ostenderint,
2515 4291 2708 4350 nempe
2748 4279 3132 4332 contritionem
3172 4275 3354 4330 cordis
3400 4284 3453 4330 et
3488 4275 3667 4344 lacry-

403 4376 484 4440 είς
514 4376 816 4432 κοινωνίαν.

2088 4383 2232 4432 mas,
2267 4375 2322 4421 et
2346 4367 2391 4422 si
2425 4367 2556 4436 quid
2601 4367 2753 4422 hisce
2789 4367 3012 4438 adjungi
3037 4367 3196 4432 solet,
3225 4367 3300 4420 ita
3336 4365 3554 4420 demum
3600 4364 3667 4419 ad

2016 4477 2066 4536 ι)
2093 4457 2530 4512 communionem
2548 4456 2924 4512 admittautur.

476 4578 700 4632 ΔΡΙΣΤ.
743 4577 880 4630 Ἕνα
912 4577 1104 4646 χρόνον
1144 4575 1178 4646 ἦ
1210 4573 1305 4628 δύο
1329 4573 1654 4656 ἀφορίζεται
1677 4574 1979 4644 ὁδίγαμος·

2161 4569 2389 4634 ARIST.
2434 4570 2690 4641 Bigamus
2729 4587 2895 4626 unum
2940 4572 3023 4626 vel
3059 4571 3194 4626 duos
3225 4585 3401 4624 annos
3451 4582 3668 4623 excom-

399 4673 550 4738 τρεῖς
581 4671 636 4723 δὲ
666 4669 761 4724 καὶ
794 4670 1070 4740 τέσσαρας
1096 4671 1124 4722 ό
1151 4668 1418 4738 τρίγριμος
1439 4680 1454 4696 ⁸
1501 4667 1594 4720 καὶ
1630 4666 1792 4725 πέντε
1840 4668 1984 4722 κατὰ

2095 4666 2427 4727 municatur,
2471 4671 2583 4717 tres
2630 4678 2756 4718 vero
2795 4673 2850 4717 et
2885 4672 3118 4732 quatuor
3149 4663 3440 4732 trigamus,
3507 4670 3667 4729 atque

399 4762 498 4833 τὴν
529 4763 656 4834 ἄρτι
690 4761 1000 4832 συνήθειαν.

2092 4757 2255 4811 etiam
2288 4756 2528 4826 quinque
2568 4755 2722 4824 juxta
2757 4755 3200 4811 consuetudinem
3259 4769 3382 4823 quae
3416 4752 3533 4820 jam
3566 4752 3667 4806 ob-

2094 4845 2248 4902 tinet.

477 4947 589 5001 Οὐκ
622 4945 732 4999 ἀπὸ
767 4947 1166 5008 κανόνος,ὰλλὰ
1195 4947 1302 5000 ἀπὸ
1331 4945 1621 5018 συνηθείας
1648 4945 1978 5000 καταλαϐὼν

2164 4936 2280 4990 Non
2303 4951 2329 4989 a
2363 4949 2592 5000 canone,
2624 4933 2718 4989 sed
2763 4949 2792 4986 a
2826 4931 3216 4988 consuetudine
3247 4932 3521 5000 accipiens
3553 4947 3658 4985 ma-

400 5042 430 5093 ὁ
457 5039 632 5110 μέγας
666 5039 948 5103 Βασίλειος
992 5041 1120 5100 τοὺς
1166 5039 1472 5110 τριγὰμους
1516 5040 1610 5092 ἐπὶ
1657 5039 1980 5093 πενταετίαν

2087 5047 2224 5102 guns
2271 5027 2543 5090 Basilius,
2600 5028 2857 5096 trigamos
2927 5023 3300 5094 quinquennio
3353 5030 3663 5092 segregatos

403 5130 1124 5202 ἁφοριζομένουςνδὲχεται
1202 5130 1361 5184 τοῦτο
1417 5130 1511 5183 καὶ
1587 5129 1781 5192 αὑτός·
1838 5131 1978 5200 πλὴν

2089 5135 2230 5181 esse,
2260 5127 2314 5174 et
2345 5119 2458 5186 ipse
2494 5117 2620 5170 illud
2658 5115 2913 5170 admittit.
2955 5115 3060 5168 Sed
3091 5116 3331 5180 mandat,
3360 5128 3454 5167 eos
3477 5113 3543 5165 ab
3571 5127 3662 5166 ec-

406 5221 734 5288 προστάττει
775 5209 855 5290 ⁵μὴ
889 5220 1174 5283 παντελῶς
1204 5221 1404 5282 αὐτοὺς
1441 5219 1668 5284 ἐξωθεῖν
1714 5219 1814 5288 τῆς
1855 5220 1980 5271 Ἐκ-

2085 5213 2247 5267 clesia
2305 5225 2411 5264 non
2453 5209 2674 5262 omnino
2709 5209 3031 5270 extrudere,
3072 5215 3126 5260 et
3172 5221 3294 5258 cum
3343 5203 3660 5258 dedentibus

406 5311 654 5382 κλησίας,
686 5313 782 5364 καὶ
813 5313 952 5382 μετὰ
999 5311 1109 5367 τῶν
1149 5311 1593 5381 προσκλαιόντων
1633 5313 1982 5364 συντάττεινο

2090 5307 2358 5361 collocare
2381 5344 2394 5366 ,
2433 5301 2528 5356 sed
2553 5302 2759 5355 duobus
2790 5299 2872 5354 vel
2899 5301 3062 5353 etiam
3102 5299 3276 5353 tribus
3316 5297 3473 5350 anuis
3521 5297 3649 5348 ‘Jivi-

404 5403 522 5457 ἁλλ’
567 5407 626 5458 ἐν
679 5405 832 5458 δυσὶν
863 5405 1058 5464 ἐτεσιν,
1093 5403 1124 5472 ἢ
1167 5405 1261 5458 καὶ
1305 5404 1473 5474 τρισὶ,
1504 5404 1603 5473 τῆς
1646 5402 1756 5456 τῶν
1808 5403 1976 5454 θείων

2089 5413 2280 5453 narum
2329 5395 2735 5463 Scripturarum
2775 5394 3050 5446 auditione
3075 5408 3170 5446 eus
3193 5392 3425 5459 dignari.
3461 5389 3657 5442 Deinde

405 5495 640 5567 Γραφῶν
669 5497 990 5568 ἀκροάσεως
1036 5495 1242 5562 ἀξιοῦν.
1285 5492 1420 5550 Εἶτα
1453 5495 1745 5565 ἐπιτρέπει
1779 5496 1982 5564 συστή-

2084 5490 2162 5544 eis
2193 5485 2453 5557 permittit
2478 5501 2598 5539 cum
2629 5486 2879 5541 ﬁdelibus
2909 5486 3208 5540 c0nsistere
3240 5490 3293 5536 et
3321 5483 3372 5536 iu
3408 5480 3659 5549 precibus

404 5607 523 5644 κειν
580 5589 781 5652 αὐτοὺς
847 5590 986 5660 μετὰ
1059 5591 1168 5642 τῶν
1237 5591 1464 5653 πιστῶν,
1506 5592 1600 5644 καὶ
1650 5589 1757 5641 τῶν
1806 5588 1983 5659 εὐχῶν

2083 5586 2209 5639 solis
2228 5584 2648 5639 counuuuicare.
2686 5581 2874 5634 Aboni
2905 5590 3085 5633 autem
3125 5577 3504 5632 communione
3539 5571 3655 5624 abs-

407 5683 588 5754 μόνων
621 5684 1005 5750 συγκοινωνεῖν
1042 5681 1227 5746 αὐτοῖς
1257 5699 1270 5714 ο
1317 5682 1414 5751 τῆς
1453 5679 1508 5733 δὲ
1557 5679 1842 5743 κοινωνίας
1884 5677 1980 5732 τοῦ

2084 5680 2280 5743 tiuerc,
2315 5688 2368 5731 ct
2419 5677 2497 5730 sic
2528 5677 2760 5731 fructum
2815 5674 3051 5743 aliquem
3089 5669 3422 5742 pcnuiteutiae
3473 5675 3654 5722 osteu-

479 5822 497 5854 ³
529 5818 799 5878 ιοτληριιν,
835 5818 918 5873 i3.
