4076 6426
371 286 483 348 {309

1326 287 1409 347 ΙΝ
1445 288 1691 352 EPIST.
1735 290 1798 351 S.
1834 290 2121 352 BASILI]
2173 290 2613 353 CANONlCAM
2661 295 2713 356 Ι.

3514 297 3638 362 .610

376 394 548 463 ὶέγει.
588 394 662 448 Ἦ
696 395 804 467 γὰρ
843 394 1088 467 ἀρχῆθεν
1125 391 1270 468 ἦσαν
1318 399 1386 450 τὰ
1427 393 1623 451 εἴδωλα
1675 398 1954 467 σέόοντες,

2066 401 2400 457 Sacriﬁcant.
2431 400 2567 458 Nam
2603 405 2685 459 vel
2716 404 2838 462 inde
2871 407 2939 462 ab
2981 409 3134 466 initio
3161 409 3427 466 idolorum
3468 416 3639 474 cultui

376 486 473 541 καὶ
514 488 907 559 προσελθόντες
938 491 1004 561 τῇ
1050 489 1233 543 πίστει
1266 489 1363 544 καὶ
1404 489 1819 560 βαπτισθέντες,
1860 493 1952 546 εύ-

375 581 477 644 θίες
504 583 618 645 τοῖς
647 584 860 646 πιστοῖς
891 582 1380 654 συναριθμοῦνται,
1399 584 1494 637 καὶ
1532 583 1641 639 τῶν
1677 584 1956 657 ἁγιασμά-

2062 491 2211 549 fuere
2239 495 2464 559 addicti,
2502 507 2667 566 atque
2705 500 2770 552 ad
2803 500 2961 556 ﬁdem
2993 504 3335 571 accedentes,
3371 515 3426 561 et
3458 507 3639 579 bapti-

2060 600 2181 640 smo
2214 585 2440 654 expiati,
2490 587 2776 644 confestim
2815 606 2938 646 cum
2973 592 3228 649 ﬁdelibus
3268 596 3640 654 adnumeran-

374 690 487 727 των
544 675 897 755 μετέχουσιν·
969 676 1003 746 ἢ
1068 676 1392 747 Χριστιανοὶ
1468 675 1644 741 ὄντες,
1708 677 1953 743 είδώλοις

2066 685 2167 742 tur,
2215 676 2495 747 sacrisque
2554 681 2828 751 mysteriis
2884 685 3327 756 communicant;
3390 690 3476 743 vel
3513 706 3638 745 cum

379 764 601 832 ἔθυσαν,
634 768 728 820 καὶ
754 767 840 821 διὰ
884 767 1002 835 βίου
1035 769 1317 835 μετανοεῖν
1342 767 1673 838 ὀφείλουσιν.
1703 768 1779 822 Οὐ
1823 771 1956 841 περὶ

376 857 637 912 τοιούτων
674 855 767 913 οὖν
812 859 1220 929 εἰδωλολατρῶν
1273 859 1420 913 ἔοικε
1478 858 1658 928 λέγειν
1696 861 1725 913 ὁ
1771 860 1953 929 ἅγιος,

378 948 516 1005 ἀλλὰ
548 950 677 1012 τοὺς
710 949 915 1020 γόητας
951 950 1046 1003 καὶ
1080 950 1207 1014 τοὺς
1248 950 1319 1004 τὰ
1361 951 1634 1023 περίεργα
1662 952 1958 1015 ποιοῦντας

382 1039 778 1112 είδωλολάτρας
831 1041 1129 1097 ἐκάλεσεν“
1187 1042 1262 1106 ὡς
1300 1042 1622 1112 ἐπικλήσεις
1675 1043 1954 1112 δαιμόνων

379 1133 738 1202 ποιουμένους
768 1134 829 1186 ἐν
870 1135 993 1197 ταῖς
1030 1136 1334 1205 γοητείαις,
1369 1136 1464 1189 καὶ
1502 1136 1562 1202 ἐξ
1602 1137 1830 1191 ἐκείνων
1861 1136 1959 1206 ζη-

378 1225 613 1289 ητοῦντας
671 1226 1017 1298 ἐπικουρίαν,
1068 1227 1367 1283 κάντεῦθεν
1436 1228 1731 1293 δοκοῦντας
1789 1230 1958 1299 τιμᾷν

377 1319 477 1374 καὶ
517 1318 848 1390 θεραπεύειν
897 1319 1117 1384 αὐτούς.
1161 1319 1344 1374 Εἰπὼν
1383 1321 1439 1376 δέ
1488 1321 1572 1375 ὃτι
1625 1322 1723 1391 τῆς
1783 1322 1960 1394 αὐτῆς

376 1410 679 1481 καταδίκης
732 1411 873 1465 εἰσὶν
941 1411 1275 1484 ἠξιωμένοι,
1331 1415 1391 1466 ού
1437 1413 1596 1467 τοῦτο
1654 1414 1826 1482 λέγει,
1877 1414 1960 1469 ὅτι

379 1501 691 1573 ἰσαρίθμοις
714 1502 1082 1574 ἐπιτιμῶν-ται
1113 1506 1407 1569 ἐνιαυτοῖς,
1448 1505 1564 1559 ἀλλ’
1594 1505 1677 1559 ὅτι
1707 1504 1962 1559 πολυετεῖ

379 1594 645 1665 ἐπιτιμίῳ
674 1594 1015 1662 ὑπόκεινται,
1045 1594 1273 1650 ἕκαστοι
1310 1598 1369 1652 δὲ
1401 1597 1544 1652 κάτα
1590 1601 1719 1663 τοὺς
1784 1598 1950 1662 ἰδίους

381 1690 562 1761 ὅρους.
610 1688 766 1743 Ὅσοι
798 1689 855 1743 δὲ
903 1689 998 1743 ἐπὶ
1061 1692 1356 1763 τριάκοντα
1409 1691 1561 1747 ἔτεσι
1624 1692 1962 1763 μετενόησαν

2065 766 2366 824 Christiani
2423 780 2627 837 essent,
2682 772 2842 827 idolis
2871 774 3246 842 immolavere,
3277 793 3342 833 ac
3375 794 3473 848 per
3498 782 3639 836 inte-

2060 875 2213 929 gram
2244 860 2414 915 vitam
2447 862 2822 931 paenitentiam
2849 880 3010 935 agere
3034 867 3249 922 debent.
3284 868 3639 941 Nequaquam

2059 954 2225 1021 igitur
2257 955 2324 1009 de
2389 955 2660 1023 ejusmodi
2726 960 3028 1015 idulolatris
3075 972 3300 1016 sanctus
3349 964 3439 1018 hic
3491 965 3637 1034 loqui

2062 1043 2276 1099 videtur
2305 1063 2321 1103 :
2362 1049 2457 1103 sed
2491 1050 2937 1121 prazstigiatores,
2992 1068 3055 1107 ac
3086 1053 3353 1123 ejusmodi
3385 1055 3642 1110 inanita—

2064 1137 2210 1191 tibus
2255 1154 2441 1192 curam
2508 1141 2904 1210 impendentes,
2940 1144 3259 1200 idololatras
3285 1146 3640 1203 nominavit:

2061 1230 2263 1301 quippe
2316 1235 2408 1302 qui
2465 1234 2770 1290 diemOnum
2831 1220 3205 1294 invocationes
3262 1239 3522 1296 adhibent
3571 1242 3641 1296 ad

2064 1326 2387 1395 przestigias,
2420 1338 2530 1380 tum
2556 1345 2623 1382 cx
2656 1329 2722 1382 iis
2754 1330 3013 1383 auxilium
3062 1339 3271 1397 petunt,
3314 1346 3377 1388 ac
3417 1333 3645 1400 proinde

2062 1416 2437 1470 venerantium
2472 1418 2616 1485 ipsos
2645 1430 2700 1472 et
2730 1418 3029 1473 colentium
3059 1420 3351 1488 quamdam
3405 1422 3643 1491 speciem

2063 1511 2329 1578 prtehent.
2384 1509 2516 1563 Cum
2547 1525 2675 1565 vero
2716 1511 2905 1566 eadem
2968 1513 3421 1567 condemnatione
3451 1515 3645 1583 dignos

2066 1599 2346 1654 habendos
2374 1613 2493 1655 esse
2549 1599 2647 1667 ait,
2679 1616 2785 1656 non
2820 1602 2893 1656 ita
2929 1602 3323 1672 intelligendus
3354 1612 3457 1663 est.
3486 1602 3646 1673 quasi

2066 1691 2261 1761 aequali
2291 1707 2556 1748 annorum
2597 1709 2825 1747 numero
2860 1695 3179 1762 puniantur,
3232 1697 3327 1749 sed
3363 1697 3487 1764 quia
3526 1694 3647 1765 plu-

381 1777 534 1857 ἐφ⁹ᾖ
575 1773 1181 1854 ἐπραξαν’άκαθαρσίᾳ
1230 1784 1287 1836 ἐν
1343 1783 1539 1854 ἀγνοίᾳ
1570 1782 1804 1853 (ἀγνοῶν
1851 1783 1963 1854 γάρ

2066 1784 2209 1838 rium
2250 1799 2516 1839 annorum
2560 1785 2740 1839 multae
2784 1787 2896 1841 sint
2930 1787 3175 1853 obnoxii,
3228 1788 3426 1858 singuli
3464 1799 3645 1842 tamen

375 1895 461 1940 τις
500 1875 665 1945 τυχὸν
703 1877 959 1945 συγγενεῖ
990 1875 1160 1946 ἐμίγη
1195 1875 1271 1946 μὴ
1296 1875 1452 1940 εἰδὼς
1472 1876 1572 1948 τὴν
1603 1876 1958 1946 συγγένειαν,

375 1969 409 2040 ἢ
448 1968 666 2037 γυναικί
705 1984 834 2031 τινι,
871 1965 946 2039 μὴ
992 1965 1152 2031 εἰδὼς
1191 1968 1272 2022 ὅτι
1325 1968 1421 2023 καὶ
1462 1970 1491 2022 ό
1548 1969 1734 2040 πατὴρ
1785 1967 1954 2022 αὐτοῦ

376 2061 654 2132 ἐχρήσατο
705 2060 938 2132 ἐκείνῃ),
981 2060 1109 2123 τοὺς
1161 2057 1445 2125 τοιούτους
1495 2061 1618 2114 οὐδὲ
1675 2060 1957 2133 ἀμφιϐάλ-

376 2154 490 2207 λειν
546 2152 735 2224 ἐχρῆν,
786 2153 987 2224 φησὶν,
1032 2153 1121 2226 εἰς
1166 2151 1227 2205 τὺ
1278 2152 1723 2223 παραδέξασθαι,
1782 2151 1959 2207 πολλὰ

379 2242 602 2315 ἔχοντας
676 2242 863 2297 δίκαια
931 2243 1014 2306 εἰς
1078 2244 1141 2297 τὸ
1207 2243 1779 2316 συγγνωμονηθῆναι,
1852 2243 1956 2308 τὴν

379 2338 621 2404 ἄγνοιαν,
653 2336 714 2389 τδ
745 2333 996 2390 ἑκούσιον
1019 2334 1122 2405 τῆς
1165 2334 1576 2407 ἐξαγορεύσεως
1622 2334 1956 2406 (ἀγνοούμε-

379 2448 464 2484 νον
497 2429 607 2500 γὰρ
644 2429 705 2485 τὸ
744 2428 1057 2500 ἁμάρτημα
1115 2428 1340 2492 ἑκόντες
1394 2427 1910 2499 ἐξωμολογήσαντο)
1938 2444 1956 2462 ο

377 2521 471 2575 καὶ
518 2520 620 2591 τὴν
667 2518 762 2573 τοῦ
818 2521 1015 2591 χρόνου
1064 2518 1400 2589 παράτασιν.
1445 2517 1642 2589 Σχεδὸν
1677 2516 1789 2589 γὰρ
1827 2517 1959 2589 ὅλην

372 2613 573 2684 γενεὰν
626 2611 918 2685 ἀνθρώπου
986 2611 1369 2682 παρεδόθησαν
1430 2610 1512 2675 τῷ
1564 2609 1820 2687 Σατανᾷ,
1865 2608 1959 2664 ἵνα

373 2705 707 2761 παιδευθῶσι
749 2704 826 2776 μὴ
858 2706 1216 2777 ἀσχημονεῖν.
1250 2704 1353 2758 Διὰ
1407 2702 1584 2758 ταῦτα
1624 2703 1808 2757 τοίνυν
1870 2703 1960 2758 δε-

372 2804 535 2867 κτοὺς
565 2800 818 2871 ἡγεῖσθαι
841 2799 1063 2863 αὐτούς.

2059 1874 2215 1945 juxta
2282 1878 2531 1945 proprios
2590 1876 2883 1932 terminos.
2933 1877 3035 1944 Qui
3070 1894 3198 1934 vero
3221 1880 3443 1949 triginta
3485 1881 3644 1934 annis

2064 1966 2142 2023 ob
2176 1967 2568 2038 impuritatem,
2609 1984 2773 2038 quam
2836 1972 3152 2041 ignorantes
3197 1972 3558 2039 admiserunt,
3593 1972 3646 2026 in

2063 2060 2386 2129 poenitentia
2435 2062 2639 2115 versati
2688 2070 2814 2116 sunt
2887 2062 3108 2132 (aliquis
3159 2062 3305 2117 enim
3354 2063 3496 2118 forte
3547 2078 3648 2134 per

2063 2151 2463 2222 ignorationem
2525 2167 2653 2208 cum
2702 2163 2936 2224 cognata
2971 2170 3084 2209 rem
3142 2154 3356 2222 habuit,
3391 2155 3649 2225 ignorans

2061 2244 2465 2312 cognationem,
2500 2253 2594 2299 aut
2654 2260 2779 2299 cum
2833 2247 2938 2301 alia
2973 2247 3220 2314 muliere,
3279 2260 3401 2302 cum
3438 2255 3647 2318 patrem

2064 2349 2282 2405 quoque
2337 2350 2493 2389 suum
2527 2336 2615 2391 illa
2648 2351 2806 2391 usum
2839 2337 3008 2393 fuisse
3045 2338 3372 2410 ignoraret),
3405 2339 3471 2394 de
3499 2341 3649 2411 ejus—

2075 2426 2249 2491 modi,
2282 2425 2479 2496 inquit,
2543 2442 2611 2482 ne
2672 2429 3029 2485 dubitandum
3086 2439 3171 2487 est
3219 2431 3460 2500 quidem,
3513 2434 3648 2501 quin

2065 2516 2450 2583 admittantur,
2481 2535 2606 2575 cum
2636 2520 2838 2576 multas
2874 2522 3109 2579 habeant
3137 2522 3551 2590 excusationes,
3577 2525 3649 2578 ob

2065 2623 2202 2680 quas
2233 2610 2314 2665 eis
2347 2611 2511 2666 venia
2542 2612 2768 2667 concedi
2801 2613 2971 2682 possit
3003 2631 3017 2667 :
3055 2613 3447 2685 ignorationem
3486 2614 3652 2669 nimi-

2068 2717 2215 2771 rum,
2246 2712 2601 2772 spontaneam
2630 2703 3035 2760 confessionem
3060 2707 3391 2776 (ignoratum
3418 2720 3652 2775 namque

2064 2795 2274 2850 crimen
2295 2804 2488 2865 sponte
2518 2793 2754 2852 confessi
2794 2795 2946 2867 sunt)
2978 2810 3044 2853 ac
3077 2798 3340 2866 temporis
3369 2798 3649 2853 diuturni-

376 2909 566 2953 talem.
618 2896 756 2953 Tota
804 2911 1045 2965 namque
1105 2894 1222 2951 fere
1253 2893 1492 2949 hominis
1538 2900 1701 2948 astate
1728 2890 1951 2946 Satanae
1987 2889 2176 2944 traditi
2231 2899 2376 2971 sunt,
2431 2898 2494 2945 ut
2544 2904 2574 2944 a
2634 2890 2885 2961 turpibus
2928 2892 3206 2947 abstinere
3270 2892 3509 2947 discant.
3569 2890 3653 2946 0b

378 2996 493 3049 haec
551 2994 716 3064 igitur
768 2993 929 3050 facile
963 2993 1114 3064 ipsos
1149 2991 1518 3047 admittendos
1562 3004 1684 3046 esse
1713 2990 2042 3044 arbitratur.

450 3087 564 3142 Ούκ
597 3087 832 3154 ἄκαιρον
864 3083 921 3137 δέ
955 3083 1053 3136 καί
1091 3098 1147 3135 τι
1192 3084 1517 3154 παρενεῖραι
1557 3080 1636 3153 τῷ
1672 3080 1840 3152 λόγῳ,
1877 3083 1964 3136 καλ

2147 3081 2264 3138 Νοη
2310 3083 2548 3140 alienum
2601 3092 2782 3140 autem
2825 3083 2932 3139 erit
2959 3082 3214 3153 quiddam
3249 3084 3412 3141 etiam
3445 3084 3534 3142 hic
3567 3085 3653 3141 in-

376 3183 537 3235 λῦσαι
557 3177 1038 3249 ἁμφιϐαλλόμενον
1056 3174 1110 3229 τι
1138 3192 1281 3229 τισιν
1310 3192 1325 3207 ·
1351 3176 1379 3228 ὁ
1416 3175 1593 3245 μέγας
1634 3175 1962 3240 Ἀπόστολος

374 3272 688 3345 Κορινθίοις
713 3269 1071 3333 ἐπιστέλλων,
1115 3267 1211 3323 καὶ
1240 3269 1371 3340 περὶ
1396 3267 1491 3323 τοῦ
1527 3270 1963 3339 πεπορνευκότος

372 3369 454 3430 εἰς
499 3364 599 3436 τὴν
636 3364 777 3418 ἰδίαν
823 3362 1096 3435 μητρυιὰν
1118 3361 1347 3433 γράφων
1372 3377 1387 3392 °
1421 3361 1729 3431 Παράδοτε
1750 3362 1959 3426 αὑτὸν,

374 3462 532 3532 φησι,
568 3457 651 3525 τῷ
683 3455 944 3525 Σατανᾷ,
997 3456 1102 3510 ἵνα
1148 3454 1217 3510 τὸ
1267 3456 1505 3525 πνεῦμα
1551 3454 1744 3526 σωθῇ.
1804 3454 1963 3520 Τινὲς

251 3561 267 3571 ‘
380 3554 482 3624 μὲν
515 3551 610 3608 οὖν
644 3550 866 3620 δαίμονι
890 3542 1124 3620 κάτοχον
1169 3547 1427 3618 γενέσθαι
1456 3548 1548 3602 τὸν
1585 3546 1962 3620 πορνεύσαντα

380 3648 621 3716 λέγουσι,
667 3645 813 3709 τινὲς
847 3644 906 3698 δὲ
945 3643 1107 3697 νόσου
1152 3643 1383 3712 μάστιγι
1415 3641 1703 3713 ἐκδοθῆναι
1731 3660 1745 3675 ο
1781 3641 1962 3695 καίτοι

383 3734 445 3800 ἐξ
472 3733 651 3788 αὐτῶν
673 3732 782 3788 τῶν
802 3732 942 3803 πρὸς
972 3729 1295 3802 Κορινθίους
1337 3729 1671 3784 Ἐπιστολῶν
1695 3729 1961 3800 λυομένου

379 3827 475 3881 τοῦ
514 3825 844 3894 ἀμφιϐόλου,
873 3824 971 3877 καὶ
1003 3821 1341 3893 δηλουμένου
1375 3821 1459 3875 ὅτι
1492 3822 1555 3874 τδ
1583 3806 1962 3892 παραδοθῆναι

377 3921 460 3992 τῷ
507 3920 727 3990 Σατανᾷ
773 3916 1142 3990 ἀφορισθῆναι
1171 3917 1314 3980 ἐστι,
1363 3915 1458 3968 καὶ
1490 3914 1587 3985 τῆς
1613 3916 1721 3967 τῶν
1751 3914 1963 3968 πιστῶν

380 4014 601 4084 μερίδος
654 4011 1094 4084 ἐκκηρυχθῆναι.
1164 4009 1256 4063 Ἐν
1311 4007 1410 4078 μὲν
1456 4007 1567 4079 γὰρ
1612 4010 1679 4079 τῇ
1740 4008 1962 4082 πρώτῃ,

372 4104 505 4158 ¹ἔνθα
536 4104 632 4157 καὶ
661 4101 1041 4172 παραδοθῆναι
1072 4099 1149 4170 τῷ
1182 4099 1400 4169 Σατανᾷ
1434 4098 1528 4151 τὸν
1560 4098 1966 4170 ἁμαρτήσαντα

375 4195 729 4262 κατεδίκασε,
759 4193 894 4264 φησί
921 4208 937 4225 δ
969 4192 1079 4249 Καὶ
1118 4190 1291 4261 ὑμεῖς
1321 4191 1771 4261 πεφυσιωμένοι
1798 4192 1964 4258 ἐστὲ,

375 4287 481 4342 καὶ
511 4286 650 4356 οὐχὶ
693 4285 943 4356 μᾶλλον
990 4279 1392 4355 ἐπενθήσατε,
1456 4284 1562 4340 ἵνα
1618 4284 1846 4355 ἐξαρθῇ
1895 4286 1966 4351 ἐξ

374 4380 547 4450 ὑμῶν
574 4382 608 4434 ό
660 4378 728 4433 τὸ
773 4378 955 4448 ἔργον
988 4377 1163 4432 τοῦτο
1211 4377 1491 4443 ποιήσας.
1529 4376 1603 4430 Τὸ
1631 4375 1709 4441 δέ,
1739 4376 1966 4448 ἐξαρθῆ

375 4433 659 4543 ὑμῶν,
687 4469 739 4523 τί
767 4433 900 4525 ἄλλο
920 4469 1074 4523 ἐστὶν
1107 4467 1141 4538 ἢ
1168 4466 1276 4533 ὅτι,
1313 4433 1403 4520 ἵνα
1430 4433 1643 4539 ἐκκοπῇ
1677 4433 1771 4521 καὶ
1788 4433 1965 4523 ’ἅλλοῖ
1994 4433 2046 4494 D

2066 3182 2338 3231 terserere
2368 3177 2624 3242 orationi,
2648 3182 2734 3231 ‘ac
2766 3186 2973 3232 certam
3002 3178 3360 3246 quorumdam
3399 3181 3657 3248 quaestio-

2063 3284 2190 3325 nem
2244 3271 2508 3327 solvere:
2575 3286 2806 3344 magnus
2859 3271 3156 3342 Apostolus
3210 3272 3277 3326 ad
3342 3271 3656 3328 Corinth‘os

2032 3365 2332 3457 .scribens,
2387 3375 2443 3422 et
2489 3366 2562 3421 de
2615 3381 2703 3431 eo,
2742 3365 2836 3438 qui
2883 3382 3004 3422 cum
3063 3382 3295 3422 noverca
3359 3367 3659 3424 fornicatus

2064 3454 2241 3511 fuerat
2287 3458 2560 3514 disserens
2601 3476 2618 3514 :
2655 3457 2906 3522 Tradite,
2943 3458 3160 3530 inquit,
3212 3461 3386 3531 ipsum
3420 3459 3655 3523 Satamz,

2062 3556 2120 3604 ut
2162 3549 2381 3619 spiritus
2410 3550 2589 3606 salvus
2641 3551 2739 3621 ﬁat
2784 3544 2825 3608 ‘.
2869 3550 3098 3617 Quidam
3168 3552 3332 3622 igitur
3399 3552 3660 3608 daemonis

2062 3642 2319 3710 potestati
2391 3641 2686 3697 obnoxium
2770 3640 3126 3699 fornicarium
3214 3642 3414 3700 factum
3493 3644 3661 3699 fuisse

2066 3734 2281 3801 dicunt;
2312 3732 2528 3804 quidam
2550 3750 2682 3791 vero
2730 3735 2906 3791 morbi
2959 3736 3171 3807 ﬂagello
3203 3736 3480 3791 traditum.
3540 3735 3661 3792 Cae-

2066 3835 2242 3881 terum
2286 3841 2352 3881 ex
2428 3826 2673 3895 ipsismet
2720 3827 2802 3896 ad_
2861 3826 3172 3883 Corinthios
3236 3826 3491 3896 Epistolis
3552 3829 3663 3883 sol-

2070 3918 2221 3975 vitur
2255 3892 2548 3985 dubitatio,
2582 3929 2637 3975 et
2676 3892 3011 3986 deciaratnr,
3072 3920 3214 3990 quod
3251 3892 3387 3974 tradi
3421 3918 3657 3985 Satanae,

2066 4018 2151 4067 est
2184 4010 2459 4083 segregari
2514 4021 2570 4066 ct
2594 4027 2622 4065 a
2660 4020 2805 4066 coetu
2831 4010 3070 4066 ﬁdelium
3102 4010 3370 4066 abdicari.
3402 4009 3460 4064 ln
3492 4013 3658 4081 priori

2068 4117 2306 4172 namque
2357 4103 2448 4159 ubi
2495 4102 2660 4158 etiam
2695 4115 2818 4157 eum
2848 4101 2938 4171 qui
2974 4101 3276 4172 deliquerat
3310 4102 3526 4157 Satanae
3554 4112 3665 4157 tra-

2070 4196 2304 4250 dendum
2343 4195 2703 4266 adiudicavit,
2777 4192 2849 4247 Et
2893 4210 3007 4262 vos,
3056 4194 3253 4265 inquit,
3301 4195 3480 4265 iit/lati
3510 4195 3661 4261 estis,

2069 4296 2117 4340 et
2146 4302 2252 4341 non
2275 4288 2448 4358 magis
2486 4286 2686 4343 luctum
2715 4286 3005 4351 habuistis,
3040 4298 3098 4342 ut
3126 4287 3351 4342 tollatur
3396 4304 3462 4342 ea:
3495 4287 3661 4352 vobis,

2069 4375 2158 4444 qui
2184 4374 2280 4428 hoc
2302 4390 2433 4445 opus
2459 4376 2582 4447 fecit
2617 4375 2660 4431 '.
2686 4374 2824 4431 Illud
2851 4390 3066 4446 nempe,
3090 4374 3335 4442 tollatur,
3366 4376 3493 4445 quid
3520 4375 3666 4431 aliud

2074 4466 2370 4534 signiﬁcat,
2405 4481 2566 4537 quam
2597 4475 2657 4521 ut
2697 4467 3004 4534 excidatur,
3036 4466 3353 4543 alienusque
3403 4467 3666 4523 habeatur

374 4562 587 4635 τριωθῇ
635 4560 732 4629 ἀφ’
784 4560 979 4630 ὐμῶν;
1037 4559 1403 4614 Ἐκκόπτεται
1454 4559 1514 4614 δέ
1568 4560 1599 4613 ό
1645 4561 1964 4632 ἀφορισθεὶς

2078 4572 2109 4612 a
2142 4550 2339 4613 vobis“!
2373 4557 2657 4614 Exciditur
2689 4574 2819 4615 vero
2857 4560 3173 4629 quicunque
3201 4570 3539 4629 segregatur,
3565 4574 3665 4613 nec

376 4657 470 4710 καὶ
500 4656 576 4726 μὴ
610 4659 677 4726 τῇ
723 4636 834 4707 τῶν
870 4653 1084 4708 πιστῶν
1115 4650 1516 4721 συνενούμενος
1547 4651 1740 4724 μοίρᾳ.
1788 4654 1881 4707 Ἐν
1908 4655 1964 4708 δέ

2078 4647 2133 4702 in
2183 4662 2416 4703 numero
2469 4648 2709 4704 ﬁdelium
2759 4657 3095 4704 recensetur.
3144 4648 3203 4703 In
3253 4650 3487 4704 secunda
3533 4662 3667 4702 vero

374 4749 444 4817 τῇ
471 4745 704 4817 δευτέρᾳ
757 4742 1050 4814 Ἐπιστολῇ
1092 4758 1228 4811 φησι
1253 4757 1268 4771 ·
1301 4742 1626 4811 Κυρώσατε
1659 4747 1749 4809 εις
1776 4743 1964 4799 αὐτὸν

2076 4740 2322 4813 Epistola
2350 4741 2469 4796 hate
2497 4742 2679 4805 habet,
2718 4740 3036 4798 Conservate
3065 4758 3189 4812 erga
3215 4742 3387 4811 ipsum
3429 4741 3666 4794 charita-

377 4838 642 4907 ἀγάπην.
677 4838 803 4899 Πῶς
831 4834 926 4890 οὖν
955 4835 1093 4907 πρὸς
1128 4838 1221 4888 τὸν
1248 4833 1703 4906 δαιμονιζόμενον
1739 4835 1964 4907 ἔμελλον

2079 4842 2182 4889 tem
2211 4832 2253 4886 ³.
2279 4831 2383 4900 Qui
2415 4833 2580 4905 igitur
2593 4834 2913 4890 charitatem
2943 4850 3069 4906 erga
3097 4843 3352 4889 vexatum
3370 4849 3400 4887 ιι
3421 4834 3670 4887 dtemone

383 4930 633 4998 κυρῶσαι
663 4928 887 4998 ἀγάπην
913 4943 927 4959 ο
956 4927 990 4997 ἢ
1040 4927 1180 4997 πρὸς
1206 4925 1300 4979 τὸν
1338 4925 1505 4980 πάθει
1535 4926 1764 4997 λέπρας,
1802 4925 1836 4997 ἦ
1862 4930 1964 4981 τινὶ

2083 4926 2459 4984 conservaturi
2498 4924 2728 4981 fuissent
2754 4944 2767 4981 :
2793 4926 2878 4982 vel
2905 4941 3031 4998 erga
3064 4928 3214 4982 illum
3250 4925 3342 4996 qui
3376 4924 3547 4994 lepra,
3580 4921 3668 4977 vel

382 5018 611 5089 τοιούτῳ
651 5016 1221 5089 ταλαιπωρούμενσν;
1271 5016 1574 5071 Ἐλεείσθαι
1617 5016 1727 5088 γὰρ
1769 5016 1964 5087 μᾶλλον

2075 5017 2341 5088 ejusmodi
2372 5017 2482 5073 alio
2522 5018 2711 5074 morbo
2743 5019 3132 5088 premeretur?
3163 5016 3374 5073 Etenim
3417 5014 3669 5070 misereri

381 5107 617 5178 ὤφειλεν
662 5111 691 5162 ό
747 5107 893 5162 οὕτω
950 5108 1201 5177 πάσχων,
1261 5106 1386 5177 οὐχὶ
1447 5108 1749 5179 μισεῖσθαι.
1813 5108 1964 5162 Ἀλλᾶ

2076 5111 2263 5182 potius
2293 5110 2374 5166 sic
2426 5109 2630 5177 aﬁ‘ecti,
2679 5126 2845 5181 quam
2885 5110 3039 5166 illum
3083 5109 3269 5166 odisse
3300 5124 3400 5178 par
3428 5116 3531 5161 est.
3561 5105 3670 5160 Sed

379 5199 542 5254 τοῦτο
578 5201 736 5268 ἔλεγε
779 5200 1025 5264 πάντως,
1066 5199 1152 5253 ὃτι
1204 5200 1304 5254 Ὃν
1348 5201 1748 5272 ἀπεστράφητε
1789 5200 1880 5254 διὰ
1916 5200 1964 5254 τί

2081 5203 2188 5258 hoc
2245 5203 2405 5274 plane
2442 5203 2792 5273 signiﬁcavit,
2850 5211 2913 5258 ut
2957 5217 3122 5273 quem
3174 5202 3386 5258 scilicet
3432 5200 3669 5255 aversati

377 5294 710 5363 ἁμάρτημα,
737 5293 832 5346 καὶ
856 5291 958 5361 τῆς
1000 5290 1334 5362 Ἔκκλησίας
1363 5291 1793 5364 ἡλλοτριώσατε,
1820 5293 1975 5359 δέξα-

382 5387 478 5438 σθε
508 5386 695 5449 πάλιν,
727 5386 817 5440 ἵνα
853 5385 930 5456 μὴ
956 5388 1025 5457 τῇ
1067 5385 1440 5456 περισσοτέρᾳ
1485 5384 1632 5457 λύπῃ
1661 5387 1972 5459 καταποθῇ.

381 5480 495 5533 Καὶ
542 5477 865 5548 ἐρμηνεύει,
908 5476 984 5539 ὼς
1038 5475 1174 5544 γοῦν
1212 5475 1452 5546 εἴρηται,
1502 5477 1669 5541 αὐτὸς
1705 5478 1900 5533 ἑαυτὸν
1948 5480 1977 5533 ό

394 5571 742 5634 Ἀπόστολος,
777 5570 874 5623 καὶ
898 5567 1210 5640 σαφηνίζει.
1247 5568 1312 5620 Et
1339 5565 1400 5619 δέ
1427 5584 1511 5631 τις
1539 5566 1976 5642 φιλονεικότερον

379 5663 722 5727 ἀνθίσταται,
753 5662 997 5715 πεισάτω
1021 5659 1210 5715 τοῦτον
1244 5660 1275 5714 ό
1303 5660 1465 5729 σοφὸς
1485 5654 1643 5722 οὗτος
1667 5660 1763 5715 καὶ
1792 5664 1967 5732 μέγας

459 5778 474 5809 ¹
512 5782 679 5839 [Con
721 5798 773 5852 τ,
796 5783 855 5837 5.
987 5779 1008 5811 ³
1032 5780 1169 5836 Ibid.
1200 5778 1259 5838 2.
1355 5775 1375 5809 ³
1401 5777 1445 5834 ιι
1479 5779 1602 5835 Cor.
1640 5794 1699 5845 tt,
1727 5778 1781 5835 8.

2086 5297 2221 5352 estis
2255 5297 2324 5352 ob
2372 5310 2592 5363 noxam,
2625 5305 2681 5351 et
2728 5294 2886 5351 extra
2917 5294 3221 5352 Ecclesiam
3255 5294 3521 5366 ejecistis,
3577 5296 3674 5346 ad-

2087 5388 2317 5445 tnittatis
2375 5388 2596 5456 iterum,
2652 5404 2722 5446 ne
2764 5390 2793 5443 ᾖ
2835 5388 3005 5443 nimio
3044 5388 3231 5444 dolore
3290 5386 3673 5443 absorbeatur.

2085 5478 2253 5549 Ergo,
2287 5489 2349 5535 ut
2375 5480 2583 5535 dictum
2613 5488 2717 5546 est,
2746 5479 2862 5550 ipse
2895 5493 2953 5534 se
2980 5476 3279 5548 Apostolus
3319 5475 3579 5546 explicat,
3609 5488 3675 5526 ac

2083 5574 2345 5630 declarat.
2399 5573 2555 5641 Quod
2626 5572 2675 5628 si
2753 5571 2878 5644 quis
2935 5572 3330 5628 contentiosins
3391 5577 3676 5639 repugnet,

2091 5666 2231 5721 ﬂecti
2264 5681 2325 5722 se
2353 5666 2593 5738 patiatur
2630 5663 2699 5721 ab
2744 5664 2849 5721 hoc
2907 5662 3138 5736 sapienti
3172 5671 3227 5718 et
3268 5674 3463 5732 magno
3493 5657 3678 5725 Patre,
