4076 6390
446 291 564 351 θιι·

1713 288 1992 358 TIIEOD.
2034 290 2437 359 BA'LSAMON

3601 302 3709 365 612

440 408 886 465 animadvertens
935 411 1207 481 quomodo
1252 410 1343 468 hic
1380 412 1563 467 verbis
1617 412 1745 476 illis,
1809 411 2020 467 Satanae

2128 408 2325 484 Πατὴρ
2389 411 2758 484 προσσχόντα,
2817 413 2964 476 ὅπως
3012 413 3284 484 ἐχρήσατο
3340 414 3578 468 ἐνταῦθα
3611 417 3713 486 τῷ,

440 502 679 554 traditus
729 510 837 565 est,
886 517 1017 555 usus
1053 500 1218 556 fuerit
1252 519 1267 557 :
1304 503 1734 572 segregatiouem
1792 518 1855 557 ac
1891 503 2028 556 rele-

444 595 718 664 gationem
764 609 795 647 a
828 605 970 649 caatu
1007 595 1240 648 [ide-lium
1277 594 1492 650 Satanas
1549 596 1891 651 traditionem
1930 612 2027 650 no—

446 690 689 742 minans.
747 687 849 753 Qui
914 690 1057 740 enim
1111 706 1136 740 a
1192 688 1426 742 ﬁdelium
1457 691 1735 743 consortio
1767 689 2026 743 exclusus

442 789 554 843 est,
590 795 693 833 non
731 781 960 847 amplius
989 778 1099 850 ΒΟ
1122 783 1294 834 sancti
1324 782 1558 848 Spiritus
1583 785 1817 851 gratiam
1856 795 2026 851 penes

444 872 684 936 'seipsttut
723 870 904 931 habet,
936 884 1121 920 νιτιίιιιι
1160 871 1244 922 illa
1292 870 1554 937 spoliatus
1580 883 1684 923 cst.
1734 869 1835 935 Qui
1897 883 2026 922 vero

446 961 513 1014 ab
544 961 644 1014 hac
675 960 846 1029 gratia
888 961 1107 1022 excidit,
1142 959 1356 1015 Satanae
1384 963 1633 1015 traditur.
1658 959 1759 1015 Ubi
1785 973 2023 1029 namque

444 1050 596 1105 ilium
657 1052 838 1103 divina
877 1052 1051 1119 gratia
1105 1052 1365 1104 nudatum
1416 1052 1667 1104 inimicus
1719 1048 2022 1115 oii'rnderit,

445 1138 624 1207 ipsum
663 1139 885 1201 invadit,
915 1137 1073 1204 eique
1100 1138 1350 1206 deinceps
1386 1138 1712 1189 dominatur.
1746 1136 1895 1201 Quod
1932 1150 2026 1188 eo-

444 1232 565 1284 dum
590 1231 752 1284 etiam
787 1229 944 1284 modo
964 1230 1196 1284 Joannes
1221 1228 1658 1300 Chrysostonms,
1680 1226 1731 1278 in
1754 1241 2025 1280 commen-

442 1323 597 1377 tariis
626 1321 679 1376 in
710 1319 1002 1388 Epistulam
1027 1322 1093 1373 ad
1116 1318 1481 1386 Timotheum,
1510 1319 1896 1387 interpretatus
1919 1327 2022 1377 est.

523 1412 760 1467 ARIST.
785 1413 1173 1475 Mascnlorum,
1204 1393 1627 1479 animaliumque
1657 1422 2022 1480 corruptores,

440 1516 496 1559 et
528 1506 768 1560 mmchos
796 1517 913 1575 post
943 1520 1116 1559 annos
1147 1502 1456 1573 quindecim
1481 1521 1496 1570 ;
1531 1504 1836 1569 homicidae,
1861 1518 2025 1558 vene-

440 1599 557 1669 ﬁci,
612 1614 674 1651 ac
720 1598 1019 1652 idololatraa
1065 1606 1185 1665 post
1262 1596 1472 1665 viginti,
1537 1596 1694 1667 juxta
1744 1596 2023 1665 antiquam

441 1687 673 1742 formam
706 1689 1092 1757 suscipieutur.
1125 1685 1474 1757 Perspicuae.

1013 1779 1245 1837 canon
1287 1780 1415 1835 vm.
1488 1842 1503 1859 κ

514 1869 616 1938 Qui
701 1870 772 1925 ob
848 1871 1184 1926 iracundiam
1259 1871 1437 1925 securi
1522 1866 1785 1923 adversus
1867 1884 2024 1923 uxo-

447 1978 562 2021 rem
597 1980 751 2020 suam
777 1976 911 2017 usus
943 1970 1047 2028 est,
1085 1970 1170 2015 est
1200 1959 1499 2015 homicida.
1524 1956 1697 2012 Recte
1724 1966 1905 2012 autem
1936 1968 2023 2012 me

448 2054 803 2115 admonuisti,
836 2059 889 2107 et
923 2051 999 2105 uti
1050 2059 1203 2104 tuam
1240 2051 1567 2118 sapientiam
1601 2050 1810 2115 decuit,
1848 2054 1908 2100 ut
1942 2045 2024 2099 fu‘

446 2146 564 2202 sius
609 2144 675 2199 de
708 2145 793 2199 his
825 2143 1083 2205 dicerem,
1125 2148 1407 2210 prepterea
1448 2140 1590 2208 quod
1624 2141 1792 2193 multa
1828 2138 1882 2190 in
1926 2150 2023 2189 vo-

444 2235 703 2290 luntariis
728 2242 784 2288 et
813 2233 1201 2287 involuntariis
1248 2230 1594 2285 discrimina.
1626 2227 1721 2282 Est
1754 2229 1897 2282 enim
1930 2227 2017 2281 in-

2131 503 2413 573 Παρεδόθη
2439 504 2519 573 τῷ
2568 505 2804 575 Σατανᾷ,
2857 506 2949 557 τὸν
3002 505 3310 574 ἀφορισμὸν
3364 507 3456 560 καὶ
3494 508 3595 579 τὴν
3625 510 3705 564 ἔκ·

2135 608 2348 646 πτῶσιν
2380 596 2477 658 τῆς
2511 596 2652 648 κατὰ
2693 595 2802 648 τῶν
2834 597 3057 661 πιστῶν
3093 595 3381 660 ξυναυλίας
3412 599 3714 668 παράδοσιν

2132 686 2270 756 πρὸς
2304 686 2396 739 τὸν
2428 688 2681 741 Σατανᾶν
2729 688 3029 756 ὀνομάσας.
3077 689 3137 742 Ὀ
3179 690 3286 759 γὰρ
3312 691 3582 753 ἐκκοπεὶς
3620 695 3714 761 τῆς

2133 766 2327 845 μοίρας
2356 764 2464 828 τῶν
2497 779 2703 830 πιστῶν
2730 778 2915 832 οὐκέτι
2948 779 3045 846 τὴν
3070 778 3167 830 τοῦ
3199 780 3364 846 ἁγίου
3397 781 3714 849 Πνεῦματος

2127 868 2289 937 χάριν
2324 867 2438 937 ἔχει
2472 870 2603 938 παρ’
2626 868 2839 938 ἐαυτῷ,
2874 869 2988 922 ἀλλ’
3025 869 3441 940 ἀπνιγυμνοῦται
3476 873 3711 942 ταύτης·

2128 955 2502 1020 ὲκπεπτωκὼς
2551 959 2908 1024 παραδίδοται
2951 962 3029 1031 τῷ
3073 961 3307 1031 Σατανᾷ.
3348 948 3562 1029 Γυμνὸί
3605 965 3714 1034 γὰρ

2126 1044 2225 1115 τῆς
2258 1046 2409 1110 Θείας
2435 1049 2663 1118 χάριτος
2698 1049 2859 1102 αὐτὸν
2906 1050 3083 1121 εὑρὼν
3114 1053 3142 1104 6
3173 1052 3387 1122 ἐχθρὸς,
3423 1054 3716 1124 παραλαμο

2127 1135 2281 1190 ϐάνει
2334 1139 2518 1203 αὑτὸν,
2576 1140 2671 1193 καὶ
2725 1141 2972 1211 κυριεύει
3031 1140 3221 1196 λοιπὸν
3279 1144 3467 1198 αὑτοῦ.
3528 1147 3635 1198 Καὶ
3685 1148 3715 1200 ὀ

2127 1230 2366 1298 χρυσοῦς
2399 1228 2455 1284 δὲ
2485 1229 2581 1302 τὴν
2626 1232 2872 1299 γλῶτταν
2911 1231 3183 1303 Ἰωάννης,
3225 1233 3588 1305 ἐξηγούμενος
3617 1237 3714 1308 τὴν

2127 1318 2263 1391 πρὸς
2307 1322 2572 1392 Τιμόθεον
2611 1324 2951 1397 Ἐπιστολὴν,
2984 1326 3155 1388 οὕτως
3188 1328 3502 1397 ἡρμήνευσε
3530 1328 3710 1383 τοῦτο.

2124 1412 2350 1470 ΔΡΙΣΤ.
2400 1415 2885 1488 Ἀῥρενοφθόρους,
2917 1419 3011 1472 καὶ
3042 1418 3409 1489 ζωοφθὸρους,
3462 1422 3554 1472 καὶ
3588 1438 3712 1489 μοι-

2126 1508 2253 1577 χοῦς
2278 1548 2296 1574 ,
2342 1509 2856 1562 πεντεκαιδεκαετίλ
2887 1526 2903 1542 ο
2963 1510 3059 1562 καὶ
3096 1513 3249 1578 φονεῖ
3284 1550 3299 1574 ,
3342 1513 3437 1564 καὶ
3489 1530 3712 1582 φαρμααι

2127 1600 2300 1663 κους,
2358 1600 2453 1651 καὶ
2504 1598 2936 1671 εἰδωλολάτρας,
3015 1601 3368 1668 είκοσαετία,
3423 1602 3569 1655 κατὰ
3613 1602 3707 1655 τὸν

2126 1690 2298 1744 πάλαι
2327 1688 2517 1756 τῦπον,
2542 1690 2858 1755 είσδέξεται.
2888 1690 3112 1759 Σαφής.

2738 1774 2980 1836 ΚΑΝΩΝ
3005 1770 3090 1836 It".

2210 1868 2271 1925 Ὅ
2324 1871 2485 1944 ἀξίνῃ
2543 1870 2697 1941 παρά
2757 1876 2850 1924 τὸν
2910 1871 3084 1942 θυμὸν
3144 1870 3286 1926 κατὰ
3348 1875 3448 1945 τῆς
3510 1874 3709 1931 ἑαυτοῦ

2119 1965 2365 2033 γαμετῆς
2416 1966 2760 2035 χρησάμενος
2814 1964 3007 2035 φονεύς
3068 1967 3204 2020 ἐστι.
3267 1967 3463 2031 Καλῶς
3511 1968 3568 2021 δέ
3631 1985 3701 2038 με

2122 2054 2437 2124 ὑπέμνησας
2476 2056 2569 2109 καὶ
2611 2052 2777 2121 ἀξίως
2821 2059 2920 2126 τῆς
2964 2057 3189 2111 σεαυτοῦ
3228 2059 3492 2121 συνέσεως
3527 2059 3701 2114 εἰπεῖν

2121 2146 2247 2216 περὶ
2280 2147 2485 2201 τούτων
2519 2146 2868 2221 πλατύτερον·
2909 2146 3041 2202 διότι
3088 2150 3278 2203 πολλαὶ
3320 2151 3375 2203 ὲν
3406 2152 3518 2212 τοῖς
3545 2150 3703 2201 ἑκου-

2122 2239 2257 2301 σίοις
2309 2236 2402 2291 καὶ
2458 2238 2729 2303 ἀκουσίοις
2788 2240 3060 2310 διαφοραί.
3113 2232 3396 2293 Ἀκούσιον
3449 2238 3545 2310 μὲν
3592 2240 3702 2311 γάρ

443 2325 816 2380 voluntarium
860 2323 1108 2383 omnino,
1150 2329 1204 2375 et
1234 2320 1393 2388 longe
1436 2334 1465 2372 a
1502 2320 1735 2372 consilio
1764 2316 1882 2386 ejus
1924 2316 2016 2385 Qui

2122 2332 2235 2404 ἐστι
2263 2331 2537 2394 παντελῶς
2565 2328 2659 2383 καὶ
2696 2332 2883 2402 πόρρω
2912 2332 3003 2384 τοῦ
3038 2331 3405 2402 κατάρξαντος
3428 2332 3509 2395 τὸ,
3539 2333 3700 2386 ἀκον-

443 2415 672 2483 incepit,
701 2420 994 2476 remotum,
1035 2412 1163 2465 dum
1202 2410 1342 2479 lapis
1364 2410 1567 2478 jacitur
1597 2409 1650 2462 in
1694 2423 1884 2463 canem
1929 2414 2022 2461 aut

445 2507 720 2567 arborem,
748 2505 1017 2558 hominem
1066 2504 1352 2571 attingere.
1383 2499 1727 2570 Propositum
1752 2501 1895 2554 enim
1920 2498 2022 2553 fuit

443 2596 676 2652 bestiam
748 2597 1068 2664 prOpulsare
1110 2601 1206 2647 aut
1260 2594 1500 2663 fructum
1559 2598 1820 2647 excutere
1863 2610 1876 2647 :
1926 2593 2020 2647 sed

442 2690 612 2745 ictum
641 2689 865 2743 fortuito
906 2689 1073 2743 subiit
1104 2690 1195 2757 qui
1244 2688 1522 2741 transiens
1554 2686 1821 2751 occurrit,
1851 2694 2023 2754 quare

445 2782 551 2835 hoc
589 2780 1017 2834 involuntarium
1055 2789 1161 2832 est.
1201 2775 1266 2830 Et
1299 2775 1432 2831 illud
1468 2789 1683 2844 quoque
1714 2774 2023 2828 involunta—

376 2860 387 2881 '
443 2870 587 2922 rium
637 2875 742 2933 est,
792 2868 840 2924 si
889 2872 1014 2937 quis
1050 2869 1238 2921 volens
1282 2867 1521 2934 aliquem
1558 2864 1851 2932 castigare,
1903 2863 2020 2916 loro

442 2961 530 3012 vel
556 2959 711 3028 virga
741 2973 849 3012 non
876 2959 1013 3012 dura
1051 2972 1174 3012 eum
1213 2959 1498 3026 percutiat,
1541 2956 2020 3009 moriatur‘autem

442 3052 538 3120 qui
564 3061 866 3119 percussus
894 3059 998 3106 est.
1031 3047 1381 3119 Propositum
1412 3046 1559 3103 enim
1596 3047 1684 3099 hic
1705 3045 2021 3100 considera-

442 3146 558 3205 tur,
792 3139 919 3208 quia
969 3147 1285 3209 peccantem
1332 3137 1607 3203 corrigere
1652 3135 1858 3201 voluit,
1906 3146 2018 3187 non

442 3230 781 3286 interimere.
816 3226 1158 3284 Recensetur
1186 3237 1240 3284 et
1271 3229 1400 3283 illud
1447 3227 1592 3281 inter
1625 3225 2017 3290 involuntaria,

442 3334 570 3375 cum
604 3320 730 3389 quis
770 3320 824 3373 in
855 3336 1033 3390 pugna
1065 3322 1304 3389 aliquem
1335 3321 1483 3389 ligno
1517 3319 1601 3373 vel
1636 3334 1800 3372 manu
1842 3319 2022 3389 repel—

443 3411 587 3476 lens,
619 3426 726 3467 non
754 3425 916 3481 parce
946 3412 998 3469 in
1024 3412 1326 3480 praecipuas
1356 3417 1541 3478 partes
1578 3414 1746 3463 ictum
1779 3417 2016 3478 torquet,

442 3509 507 3558 ut
531 3518 655 3557 eum
691 3503 871 3566 laedat,
914 3517 1022 3555 nou
1052 3512 1113 3555 ut
1152 3501 1379 3555 omnino
1421 3499 1732 3556 interﬁciat.
1772 3497 1880 3554 Sed
1916 3501 2020 3556 hoc

442 3593 665 3663 quidem
692 3593 905 3646 accedit
933 3592 998 3646 ad
1024 3592 1417 3645 voluntarium.
1450 3590 1553 3655 Qui
1576 3590 1723 3644 enim
1745 3590 2017 3659 ejusmodi

443 3684 536 3739 ins
562 3691 816 3738 rumento
846 3683 913 3736 ad
965 3697 1025 3737 se
1054 3680 1456 3736 defendendum
1504 3697 1640 3738 usus
1669 3689 1776 3747 est,
1806 3683 1889 3737 vel
1923 3683 2018 3751 qui

442 3788 556 3829 non
588 3788 751 3843 parce
798 3770 964 3825 ictum
1010 3770 1225 3837 inﬂixit,
1275 3771 1444 3841 liquet
1483 3786 1608 3825 eum
1653 3771 1777 3827 ideo
1808 3771 2017 3826 homini

444 3880 555 3920 non
583 3864 921 3934 pepercisse,
952 3863 1098 3932 quod
1140 3863 1219 3916 ira
1259 3854 1437 3917 victus
1471 3863 1657 3917 fuerit.
1703 3860 1795 3916 Sic
1837 3869 1893 3915 et
1923 3861 2018 3931 qui

444 3955 594 4024 gravi
633 3957 799 4026 ligno,
844 3961 898 4008 et
928 3953 1021 4023 qui
1054 3952 1232 4021 lapide
1274 3953 1515 4020 majore,
1546 3965 1709 4020 quam
1744 3966 1844 4019 pro
1883 3949 2018 4003 viri-

443 4046 550 4104 Lus
570 4047 846 4109 humanis,
872 4061 1007 4100 usus
1039 4045 1224 4108 est,in
1256 4044 1640 4098 involuntariis
1668 4049 2015 4113 numeratur,

443 4146 510 4194 ut
554 4140 646 4208 qui
689 4137 836 4190 aliud
874 4137 1132 4203 voluerit,
1181 4134 1329 4188 aliud
1357 4134 1569 4189 fecerit.
1604 4131 1739 4185 Nam
1783 4147 1893 4201 prae
1936 4131 2018 4184 ira

446 4229 615 4284 ictum
655 4228 816 4282 talem
851 4228 1056 4291 intulit,
1091 4235 1149 4279 ut
1177 4226 1344 4280 etiam
1379 4237 1706 4294 percussum
1743 4222 2019 4276 interﬁce-

446 4327 561 4387 ret;
602 4334 931 4389 quamquam
966 4318 1106 4372 fonte
1135 4317 1189 4370 in
1221 4316 1403 4369 animo
1447 4313 1682 4367 habebat
1719 4328 1842 4367 eum
1889 4328 2020 4367 con-

446 4419 644 4474 terere,
689 4427 799 4465 non
835 4418 1018 4464 autem
1047 4406 1273 4461 omnino
1320 4404 1656 4459 interimere.
1690 4404 1793 4469 Qui
1835 4411 2016 4457 autem

445 4517 575 4557 ense
609 4502 695 4556 vel
732 4500 926 4573 quavis
973 4512 1033 4553 re
1073 4496 1241 4551 simili
1290 4510 1425 4550 usus
1459 4502 1564 4557 est,
1609 4496 1813 4548 nullam
1856 4495 2018 4549 habet

370 4650 375 4657 ,
444 4594 895 4648 excusationem:
926 4596 980 4643 et
1027 4589 1286 4648 maxime,
1331 4587 1425 4655 qui
1464 4586 1703 4641 securim
1740 4586 2018 4655 jaculatus

444 4692 550 4740 est.
586 4681 935 4736 Manifestum
977 4684 1060 4734 est
1094 4677 1239 4732 enim
1269 4676 1420 4731 illum
1453 4692 1619 4731 manu
1655 4692 1763 4731 non
1794 4690 2019 4746 percus-

445 4775 610 4839 sisse,
648 4774 723 4827 ita
752 4779 812 4826 ut
846 4772 1017 4824 ictum
1058 4768 1124 4823 ad
1168 4767 1454 4822 arbitrium
1488 4768 1758 4821 moderari
1788 4777 2011 4836 posset:

445 4864 543 4922 sed
572 4864 849 4933 iaculatus
883 4868 987 4923 est,
1034 4859 1111 4913 ita
1160 4867 1219 4911 ut
1256 4865 1310 4912 et
1344 4859 1607 4926 gravitate
1638 4854 1766 4910 ferri
1800 4864 1855 4910 et
1900 4857 2016 4909 acie

444 4962 500 5009 et
529 4961 678 5008 motu
702 4967 733 5005 e
758 4951 1074 5020 longinquo,
1093 4950 1235 5005 ictus
1257 4949 1570 5003 necessario
1601 4947 1815 5003 lethalis
1841 4947 2011 5001 tieret.

449 5044 662 5099 Rursus
702 5048 881 5116 autem
918 5041 1143 5112 omnino
1165 5046 1251 5096 est
1282 5038 1674 5100 voluntarium,
1709 5052 1773 5091 ac
1805 5036 2013 5089 nullam

448 5132 659 5187 habens
697 5131 1114 5195 dubitationem,
1144 5129 1291 5199 quod
1326 5128 1385 5183 ﬁt
1430 5144 1461 5182 a
1494 5129 1821 5190 latronibus,
1872 5135 1925 5180 et
1957 5126 2012 5179 in

447 5222 661 5279 bellicis
709 5222 1137 5277 incursionibus.
1191 5220 1257 5275 Hi
1301 5220 1447 5275 enim
1490 5229 1712 5289 propter
1750 5221 2013 5288 pecunias

455 5322 796 5388 interimunt,
845 5330 1101 5377 caventes
1150 5336 1218 5376 ne
1258 5321 1656 5375 convincantur
1684 5340 1697 5376 :
1730 5332 1785 5378 et
1827 5324 1922 5393 qui
1967 5327 2022 5383 in

458 5395 614 5466 bellis
655 5413 719 5465 ad
750 5411 949 5464 caedem
976 5410 1247 5471 feruntur,
1290 5407 1376 5462 his
1417 5423 1518 5462 nec
1545 5415 1771 5472 terrere,
1802 5424 1903 5463 nec
1928 5426 2018 5464 ca-

457 5503 682 5570 stigare,
720 5502 811 5554 scd
843 5499 1192 5554 adversarios
1223 5496 1534 5551 interﬁcere
1570 5506 1754 5564 aperte
1778 5501 2023 5567 proposi-

457 5601 570 5645 tum
610 5599 712 5645 est.
740 5592 915 5656 Atque
951 5588 1164 5642 etiamsi
1191 5587 1314 5656 quis
1342 5597 1559 5655 propter
1590 5588 1827 5656 aliquam
1856 5589 2019 5643 aliam

458 5696 679 5732 causam
724 5680 1002 5731 curiosum
1040 5676 1392 5745 pharmacum
1426 5676 1732 5745 miscuerit,
1764 5686 1818 5733 et
1852 5679 2023 5733 inter-

2121 2420 2345 2473 τίσαντα
2535 2414 2679 2473 λίθον
2730 2421 2820 2473 ἐπὶ
2863 2420 2998 2474 κύνα
3049 2418 3081 2492 ἢ
3126 2416 3365 2493 ¹δένδρον,
3409 2418 3698 2494 ἀνθρώπου

2121 2511 2319 2587 τυχεῖν.
2350 2506 2414 2560 Ἥ
2458 2508 2555 2578 μὲν
2602 2509 2708 2578 γὰρ
2750 2508 2894 2579 ὁρμὴ
2935 2505 3002 2579 ἦν
3045 2504 3107 2562 τὸ
3144 2508 3328 2582 θηρῖον
3371 2511 3700 2581 ἀμύνασθαι,

2121 2594 2154 2667 ἢ
2194 2598 2283 2649 τὸν
2322 2598 2530 2668 καρπον
2566 2599 2903 2650 κατασεῖσαι·
2950 2600 3125 2668 ὑπέϐη
3166 2590 3220 2650 δὲ
3267 2600 3589 2671 αὐτομάτως
3631 2602 3699 2672 τῇ

2122 2688 2300 2760 πληγῇ
2332 2690 2471 2742 κατὰ
2503 2690 2733 2759 πάροδον
2764 2693 2792 2744 6
2818 2692 3171 2762 παραπεσὼν
3200 2688 3338 2746 ὥστε
3368 2694 3428 2746 τὸ
3462 2693 3702 2746 τοιοῦτον

2121 2781 2392 2836 ἀκούσιον.
2452 2783 2728 2835 Ἀκούσιον
2778 2784 2960 2854 μέντοι
3014 2782 3109 2838 καὶ
3154 2782 3208 2838 εί
3249 2801 3333 2849 τις
3379 2785 3701 2857 βουλόμενος

2120 2873 2444 2944 ἐπιστρέψαι
2464 2875 2607 2939 τινὰ,
2645 2877 2826 2946 ἱμάντι
2856 2872 2889 2948 ἦ
2925 2879 3104 2949 ῥάϐδῳ
3137 2877 3210 2948 μὴ
3239 2879 3447 2948 σκληρᾷ
3475 2878 3697 2937 τύπτοι,

2121 2960 2368 3035 ἀποθάνῃ
2399 2962 2455 3018 δὲ
2483 2966 2510 3017 6
2543 2968 2896 3037 τυπτόμενος.
2933 2970 2996 3022 Ἠ
3034 2968 3143 3041 γὰρ
3184 2970 3438 3041 πρόθεσις
3468 2969 3702 3023 ἐνταῦθα

2123 3057 2422 3112 exe-trahat.
2455 3056 2536 3109 ὅτι
2566 3057 2852 3127 βελτιῶσαι
2886 3060 3144 3129 mediam
3170 3062 3260 3114 τὸν
3296 3061 3701 3133 ἁμαρτάνοντα.

2120 3147 2220 3199 οὐκ
2252 3140 2480 3201 ἀνελεῖν.
2512 3146 2600 3202 Ἐν
2626 3154 2739 3214 τοῖς
2764 3144 3038 3215 ἀκουσίοις
3063 3152 3180 3204 ἐστὶ
3211 3153 3429 3206 κάκεῖνο
3478 3182 3495 3212 .
3616 3151 3698 3216 τὸ,

2119 3237 2455 3308 ἀμυνόμενόν
2477 3257 2597 3293 τινα
2633 3243 2690 3294 ὲν
2728 3242 2873 3313 μάχῃ
2910 3240 3106 3314 ξύλῳῆ
3142 3243 3315 3316 χειρὶ,
3347 3240 3581 3312 ἀφειδῶς
3608 3236 3703 3299 ἐπὶ

2118 3327 2185 3380 τὰ
2210 3328 2400 3397 καίρια
2419 3329 2519 3397 τὴν
2547 3329 2758 3401 πληγὴν
2785 3333 3051 3398 ἐνεγκεῖν,
3082 3330 3223 3384 ὥστε
3245 3332 3491 3385 κακῶσαι
3517 3332 3700 3397 αὐτὸν,

2116 3419 2215 3489 οὐχ
2235 3418 2377 3472 ὥστε
2401 3421 2678 3485 παντελῶς
2710 3422 2938 3478 ἀνελεῖν.
2965 3420 3125 3475 Ἀλλὰ
3154 3422 3310 3476 τοῦτο
3471 3426 3705 3493 epeos?-

2118 3510 2260 3578 γίζει
2299 3511 2378 3582 τῷ
2415 3511 2666 3584 ἑκουσίῳ.
2715 3514 2774 3566 '0
2811 3513 2920 3584 γὰρ
2959 3514 3197 3585 τοσούτῳ
3231 3515 3576 3585 χρησάμενος
3609 3514 3703 3585 ὁρ-

2117 3599 2266 3669 γάνῳ
2295 3600 2431 3671 πρὸς
2456 3601 2688 3670 ἄμυναν,
2716 3599 2748 3671 η
2781 3603 2812 3654 6
2838 3601 2911 3672 μὴ
2946 3602 3324 3672 πεφεισμένως
3353 3602 3451 3672 τὴν
3486 3601 3701 3671 πληγὴν

2119 3690 2434 3759 ἐπαγαγὼν,
2474 3691 2633 3760 δῆλός
2670 3694 2808 3757 ἔστι,
2847 3692 2935 3746 διὰ
2964 3692 3026 3746 τὸ
3068 3692 3441 3766 κεκρατῆσθαι
3474 3693 3578 3747 ὑπὸ
3604 3692 3698 3746 τοῦ

2118 3781 2340 3845 πάθους,
2370 3781 2603 3850 ἀφειδῶν
2625 3782 2719 3836 τοῦ
2747 3780 3057 3854 ἀνθρώπου.
3100 3781 3335 3854 Ὁμοίως
3368 3785 3463 3837 καὶ
3493 3786 3522 3836 6
3555 3781 3700 3854 ξύλῳ

2118 3870 2291 3941 βαρεῖ,
2323 3871 2416 3924 καὶ
2443 3875 2471 3924 ὁ
2504 3870 2637 3941 λίθῳ
2681 3872 2885 3943 μείζονι
2915 3873 3014 3942 τῆς
3040 3873 3320 3944 δυνάμεως
3349 3874 3449 3944 τῆς
3488 3873 3699 3945 ἀνθρω-

2118 3961 2277 4031 πίνης
2305 3963 2668 4033 χρησάμενος,
2699 3966 2814 4026 τοῖς
2845 3964 3120 4027 ἀκουσίοις
3144 3965 3516 4036 ὲναριθμεῖται
3535 4003 3550 4029 ,
3570 3963 3700 4019 ἄλλο

2120 4051 2217 4122 μέν
2250 4065 2302 4104 τι
2493 4053 2874 4124 προελόμενος,
2919 4054 3046 4107 ἄλλο
3083 4053 3139 4108 δέ
3171 4072 3222 4108 τι
3269 4058 3519 4126 ποιήσας.
3562 4055 3700 4109 ’Υπδ

2115 4142 2224 4213 γὰρ
2254 4142 2348 4195 τοῦ
2392 4143 2562 4214 θυμοῦ
2604 4144 2857 4215 τοιαύτην
2901 4146 3100 4216 ﬁve-{ne
3145 4146 3246 4217 τὴν
3286 4147 3521 4217 πληγὴν,
3554 4143 3697 4199 ὥστε

2116 4233 2322 4285 ἀνελεῖν
2368 4234 2459 4287 τὸν
2513 4234 2809 4305 πληγέντα·
2851 4236 3029 4288 καίτοι
3087 4237 3121 4306 ή
3175 4232 3377 4308 σπουδὴ
3425 4233 3492 4308 ἦν
3546 4236 3697 4306 αὐτῷ

2117 4323 2402 4394 συντρίψαι
2421 4323 2601 4394 τυχὸν,
2624 4325 2745 4394 οὐχί
2764 4324 2821 4376 δὲ
2849 4325 2945 4377 καὶ
2970 4325 3248 4389 παντελῶς
3275 4327 3605 4380 θανατῶσαι.
3637 4327 3695 4378 Ὁ

2119 4414 2302 4482 μέντοι
2336 4414 2476 4481 ξίφει
2516 4413 2879 4483 χρησάμενος,
2912 4415 2944 4484 ἢ
2982 4414 3229 4483 ᾡτινιοῦν
3264 4415 3512 4483 τοιούτῳ.
3553 4415 3697 4468 οὐδε-ι

2119 4504 2247 4575 μίαν
2288 4504 2401 4574 ἔχει
2456 4507 2804 4577 παραίτησιν·
2859 4508 2954 4560 καὶ
3010 4507 3242 4577 μάλιστα
3285 4510 3313 4560 6
3360 4508 3459 4578 τὴν
3501 4508 3694 4579 ἀξίνην

2114 4594 2421 4658 ἀκοντίσας.
2445 4596 2552 4649 Καὶ
2571 4596 2679 4667 γὰρ
2702 4595 2822 4649 οὐδὲ
2846 4596 2954 4649 ἀπὸ
2979 4596 3163 4667 χειρὸς
3185 4598 3434 4666 φαίνεται
3456 4597 3691 4668 πλήξας,

2115 4683 2257 4737 ὥστε
2297 4684 2358 4737 τὸ
2400 4684 2595 4756 μέτρον
2635 4685 2736 4753 τῆς
2773 4685 2990 4757 πληγῆς
3036 4686 3122 4738 ἐπ’
3168 4685 3315 4756 αὐτῷ
3360 4680 3529 4751 εἶναι,
3573 4686 3692 4739 ἀλλ’

2114 4775 2414 4843 ὴκόντισεν,
2453 4775 2593 4829 ὥστε
2633 4778 2729 4831 καὶ
2766 4777 2850 4847 τῷ
2892 4778 3045 4848 βάρει
3082 4777 3175 4832 τοῦ
3215 4779 3463 4849 σιδήρου,
3499 4778 3594 4832 καὶ
3621 4781 3690 4849 τῇ

2114 4865 2289 4935 ἀκμῇ,
2340 4866 2435 4918 καὶ
2480 4865 2547 4937 τῇ
2590 4866 2680 4920 διὰ
2723 4866 2978 4920 πλείστου
3020 4868 3182 4938 φορᾷ,
3228 4867 3474 4937 ὀλεθρίαν
3520 4869 3692 4936 ἀναγ-

2046 4980 2089 5034 D
2117 4955 2286 5019 καίως
2341 4955 2441 5027 τὴν
2502 4956 2715 5028 πληγὴν
2766 4954 3039 5025 γενέσθαι.
3081 4957 3356 5012 Ἑκούσιον
3415 4958 3474 5012 δὲ
3526 4959 3691 5012 πάλιν

2117 5045 2417 5109 παντελῶς,
2448 5048 2542 5101 καὶ
2570 5048 2843 5115 οὐδεμίαν,
2866 5048 3190 5118 ἀμφιϐολίαν
3234 5048 3376 5118 ἔχον,
3418 5045 3529 5103 οἷόν
3572 5050 3690 5102 ἐστι

2112 5134 2175 5188 τὸ
2197 5135 2305 5187 τῶν
2333 5135 2543 5206 λῃστῶν
2572 5137 2665 5190 καὶ
2690 5137 2751 5189 τὸ
2787 5134 2896 5189 τῶν
2921 5136 3231 5207 πολεμικῶν
3261 5138 3489 5205 ἐφόδων.
3524 5132 3691 5192 Οὗτοι

2117 5224 2215 5292 μὲν
2252 5223 2360 5294 γὰρ
2391 5223 2479 5276 διὰ
2521 5225 2775 5294 χρήματα
2819 5224 3130 5295 ἀναιροῦσι.
3165 5226 3258 5280 τὸν
3293 5227 3513 5296 ἔλεγχον
3552 5229 3688 5281 ἀπο·

2121 5316 2432 5390 φεύγοντες·
2461 5315 2514 5369 οῖ
2542 5332 2601 5367 τε
2629 5316 2687 5366 ἐν
2719 5316 2830 5378 τοῖς
2867 5312 3123 5384 πολέμοις
3155 5315 3247 5365 ἐπὶ
3280 5312 3473 5383 φόνους
3504 5311 3691 5380 ἔρχον-⁸

2120 5425 2245 5468 ται(
2273 5404 2395 5458 οὔτε
2442 5403 2703 5474 φοϐῆσαι,
2753 5401 2879 5456 οὔτε
2926 5401 3275 5473 σωφρονίσαι,
3325 5399 3438 5453 ἀλλ’
3484 5397 3693 5451 ἀνελεῖν

2119 5515 2245 5561 τους
2276 5497 2715 5565 ἐναντιουμένους
2898 5495 2961 5545 ὲκ
3002 5492 3094 5545 τοῦ
3127 5490 3358 5562 φανεροῦ
3398 5488 3691 5561 προαιρού-

2124 5604 2295 5658 μενοι.
2332 5588 2440 5638 Καὶ
2472 5587 2673 5658 μέντοι,
2704 5584 2807 5639 κᾶν
2836 5585 2901 5637 δι’
2933 5584 3098 5656 ἄλλην
3120 5582 3240 5637 τινὰ
3269 5584 3443 5636 αἰτίαν
3470 5581 3692 5653 περίερ-

2119 5692 2214 5743 γον
2270 5677 2558 5746 φάρμακόν
2613 5693 2696 5740 τις
2740 5677 3036 5749 ἐγκεράσῃ,
3099 5676 3262 5748 ἀνέλῃ
3310 5676 3387 5742 δὲ,
3449 5675 3691 5729 ἑκούσιον
