4076 6396
473 260 577 324 613

1406 266 1489 327 IN
1530 267 1769 327 EPiST.
1805 266 1864 329 S.
1907 265 2191 326 BASlLll
2230 263 2676 325 CANONiCAM
2708 263 2757 329 Ι.

3597 258 3700 327 δίιί

466 385 728 457 τιθέμεθα
757 384 820 440 τδ
848 387 1105 442 τοιοῦτον·
1136 392 1245 443 οἱον
1274 390 1518 445 ποιοῦσιν
1546 394 1601 446 αί
1626 396 1878 462 γυναῖκες
1907 394 2038 448 πολ-

2140 384 2345 448 fecerit,
2388 384 2441 439 id
2487 397 2588 455 pro
2635 384 2948 441 voluntario
2994 385 3285 455 ducimus;
3317 395 3376 443 ut
3427 402 3572 461 sape
3622 391 3704 447 fa-

466 478 641 543 λάκις,
669 480 946 544 ἐπαοιδαῖς·
976 497 1088 534 τισι
1113 482 1211 535 καὶ
1246 482 1609 554 καταδέσμοις
1650 485 1787 556 πρὸς
1824 485 1884 538 τὸ
1918 486 2040 539 ἑαυ-

466 568 571 621 τῶν
606 569 826 640 φίλτρον
850 571 1155 640 ηὲπάγεσθαί
1183 588 1333 634 τινας
1360 571 1714 644 πειρώμεναι,
1741 574 1833 627 καὶ
1866 591 2035 646 προσ-

464 660 697 717 διδοῦσαι
723 664 903 726 αὐτοῖς
951 664 1234 735 φάρμακα,
1271 664 1532 718 σκότωσιν
1560 664 1886 735 ἐμποιοῦντα
1919 668 2036 728 ταῖς

466 752 742 818 διανοίαις.
781 756 849 809 Δί
883 755 1128 811 τοιαῦται
1166 756 1344 810 τοίνυν
1378 754 1687 817 άνελοῦσαι,
1718 757 1765 807 εί
1794 756 1887 808 καὶ
1913 756 2036 810 ἄλλο

467 843 853 914 σεροελόμεναι,
887 844 1014 901 ἄλλο
1042 846 1320 916 ἐποίησαν,
1362 846 1509 931 ὅμως⁹
1546 845 1633 898 διὰ
1663 846 1722 898 τὸ
1752 848 2035 918 περίεργον

464 934 556 985 καὶ
579 934 1024 1004 ἀπηγορευμένον
1044 937 1144 1005 τῆς
1162 934 1557 1007 ἐπιτηδεύσεως
1578 938 1634 988 ὲν
1654 938 1760 998 τοῖς
1771 937 2035 1000 ἑκουσίως

464 1022 743 1093 φονεύουσι
785 1026 1248 1093 καταλογίζονται.
1289 1027 1399 1080 Καὶ
1431 1028 1484 1078 αἱ
1522 1026 1699 1079 τοίνυν
1722 1026 1789 1079 τὰ
1820 1026 2035 1097 ἀμϐλω-

463 1114 640 1186 θρίόια
672 1117 908 1169 διδοῦσαι
942 1121 1207 1188 φάρμακα
1232 1117 1547 1189 φονεύτριαί
1589 1121 1693 1171 εἰσι
1731 1118 1822 1170 καὶ
1851 1117 2031 1181 αὐταὶ,

462 1208 555 1258 καὶ
586 1208 641 1259 αί
672 1208 955 1277 δεχόμεναι
987 1210 1053 1261 τὰ
1089 1208 1456 1280 ἑμϐρυοκτόνα
1493 1207 1810 1279 δηλητήρια.
1850 1206 2032 1260 Ταῦτα

463 1297 562 1367 μὲν
580 1298 666 1361 είς
700 1298 974 1351 τοσοῦτον.

523 1393 721 1451 ΒΛΛΣ.
781 1391 1110 1463 Ἐρωτηθεὶς
1157 1393 1189 1443 ὀ
1250 1389 1404 1459 ἅγιος
1455 1389 1551 1441 ἐάν
1604 1389 1721 1442 ἔστι
1769 1390 1967 1458 φονεὺς
2002 1389 2030 1442 ὀ

454 1487 645 1558 ἀξίνην
682 1485 956 1557 άκονήσις
1008 1485 1151 1539 κατὰ
1205 1484 1307 1552 τῆς
1355 1484 1567 1546 οἰκείας
1619 1482 1891 1553 γαμετῆς,
1938 1481 2034 1535 καὶ

454 1582 663 1651 πλήξας
715 1578 945 1647 ταύτην,
1005 1578 1330 1646 ἀπεφήνατο
1389 1575 1639 1629 ἑκούσιον
1688 1572 1826 1628 εἶναι
1869 1574 2034 1644 φονέα

454 1675 639 1727 αὑτόν.
704 1667 839 1725 Εἶτα
884 1672 1126 1723 ποιεῖται
1173 1669 1446 1755 διαίρεσιν
1473 1670 1581 1722 τῶν
1629 1668 1896 1722 ἑκουσίων
1940 1665 2037 1719 καὶ

2136 475 2290 529 ciunt
2347 476 2638 541 mulieres,
2695 493 2815 547 qua:
2863 477 3189 548 quibusdam
3238 481 3702 541 incantationibus

2140 574 2194 617 et
2232 566 2485 619 amuletis
2524 566 2592 619 ad
2644 565 2727 620 sui
2761 579 3001 619 amorem
3047 566 3260 636 aliquos
3294 569 3570 625 attrahere
3609 585 3702 625 co-

2136 664 2359 719 nantur,
2400 658 2640 725 dantque
2688 658 2767 711 eis
2808 657 3098 726 pharmaca
3139 660 3412 714 mentibus
3447 663 3701 716 tenebras

2134 748 2487 804 ommdentia.
2522 749 2612 804 flre
2640 765 2789 820 ergo,
2822 750 2867 805 si
2897 750 3289 812 interfecerint,
3313 753 3525 806 etiamsi
3551 754 3698 806 aliud

2133 841 2398 901 volentes,
2447 841 2594 895 aliud
2641 840 2891 903 fecerint,
2941 848 3121 894 tamen
3151 851 3371 911 propter
3417 846 3693 897 curiosum

2133 938 2186 985 et
2236 932 2569 1000 prohibitum
2616 948 2754 1003 opus
2809 933 2950 987 inter
3000 933 3339 987 voluntarios
3393 934 3693 989 homicidas

2134 1029 2478 1089 reputantur.
2506 1022 2691 1092 itaque
2719 1032 2770 1075 et
2797 1037 2915 1091 qua:
2942 1022 3183 1092 praibeut
3214 1023 3502 1091 pharrnaca
3534 1026 3697 1078 abor-

2136 1120 2250 1165 tum
2285 1114 2506 1177 (tientia,
2554 1124 2680 1169 sunt
2712 1122 2766 1169 et
2808 1114 2938 1183 ipsa?
2968 1114 3274 1178 homicidte,
3319 1115 3461 1169 sicut
3502 1123 3697 1185 etquae

2135 1220 2341 1258 venena
2374 1203 2537 1257 fetum
2573 1204 2823 1259 necantia
2853 1205 3149 1274 accipiunt.
3179 1203 3303 1258 lla'c
3331 1206 3547 1275 quidem
3593 1206 3697 1260 huc

2028 1310 2033 1317 ‘
2127 1310 2320 1363 usque.

2204 1388 2400 1445 BALS.
2463 1391 2830 1464 interrogatus
2882 1411 3125 1465 sanctus,
3175 1419 3240 1456 an
3292 1404 3362 1456 sit
3417 1404 3710 1467 homicida,

2133 1482 2224 1552 qui
2261 1485 2495 1538 securim
2549 1484 2821 1551 iaculatus
2857 1491 2909 1542 in
2971 1492 3241 1560 propriam
3293 1508 3540 1556 uxorem,
3590 1509 3710 1547 eam

2136 1570 2429 1639 percussit,
2469 1575 2835 1641 pronuntiavit
2885 1594 3004 1631 eum
3058 1595 3176 1633 esse
3204 1581 3564 1635 soluntarium
3617 1584 3713 1637 ho-

2139 1660 2416 1718 micidam.
2463 1664 2665 1721 Deinde
2714 1666 2842 1722 facit
2878 1669 3233 1725 dill'erentiam
3283 1674 3710 1728 voluntariamm

453 1764 725 1819 ἀκουσῖων
761 1764 939 1831 φόνων
964 1778 978 1792 °
1016 1762 1111 1815 καὶ
1150 1761 1242 1815 τδν
1277 1753 1376 1833 μὲν
1414 1762 1505 1814 ἐπὶ
1538 1761 1729 1833 θηρίον
1756 1761 1788 1831 ἢ
1819 1759 2034 1831 δένδρον

2140 1762 2195 1805 et
2228 1753 2711 1811 iuvoluntariarum
2743 1761 2969 1814 czedium
2997 1778 3011 1815 :
3037 1772 3090 1818 et
3122 1778 3241 1817 cum
3276 1765 3366 1833 qui
3399 1764 3631 1833 lapidem
3658 1766 3711 1819 iu

458 1858 693 1930 ῥίψαντα
726 1856 896 1921 λίθον,
944 1854 1230 1928 πλήξαντα
1257 1855 1312 1908 δὲ
1352 1855 1517 1925 τυχὸν
1550 1855 1837 1927 ἄνθρωπον
1869 1869 2036 1919 παρι-

454 1953 584 2004 όντα
615 1949 756 2015 ἐκεῖ,
809 1950 902 2002 καὶ
953 1949 1044 2001 τὸν
1104 1947 1265 2019 λώρῳ
1328 1946 1361 2018 ἢ
1416 1946 1633 2017 ἐλαφρᾷ
1685 1943 1866 2015 ῥάϐδῳ
1900 1944 2036 2015 πλή-

457 2039 625 2105 ξαντά
654 2055 779 2092 τινα
807 2038 896 2092 διὰ
938 2037 1245 2103 παίδευσιν,
1292 2037 1386 2090 ἐὰν
1427 2035 1457 2087 ό
1502 2036 1732 2104 πληγεὶς
1760 2032 2031 2103 ἀποθάνῃ,

455 2132 716 2187 ἀκούσιον
765 2130 933 2201 φονέα
982 2129 1179 2183 καλεῖ·
1229 2127 1320 2182 τὸν
1355 2127 1412 2180 δὲ
1441 2128 1499 2180 ὲν
1552 2125 1857 2197 φιλονεικίᾳ
1899 2125 2036 2194 πλή-

455 2226 624 2293 ξαντά
659 2242 805 2291 τινα,
835 2222 974 2293 μετὰ
1004 2221 1269 2293 στιϐαρᾶς
1298 2220 1495 2293 ῥάϐδου
1529 2220 1562 2291 ἦ
1595 2222 1661 2291 τῇ
1699 2220 1848 2290 χειρὶ
1876 2219 2035 2286 ἀφει-

454 2317 559 2383 δῶς
591 2317 735 2371 κατὰ
766 2318 959 2369 τούτου
987 2312 1363 2385 χρησάμενον,
1391 2312 1494 2365 κᾶν
1524 2311 1599 2381 μὴ
1632 2310 1843 2365 ἀνελεῖν
1872 2308 2034 2379 ἡθελε

453 2410 545 2463 τὸν
575 2407 876 2479 πληγέντα,
916 2406 1053 2460 ἀλλὰ
1098 2405 1350 2460 κακῶσαι
1381 2406 1477 2458 καὶ
1511 2402 1849 2475 ἀμύνασθαι,
1880 2402 2035 2473 ἐγγί-

456 2498 676 2569 ζειντῷ
727 2496 994 2561 ἑκουσίως
1046 2494 1327 2566 φονεύοντι
1381 2493 1553 2562 λέγει,
1608 2492 1701 2546 τοῦ
1731 2493 2038 2562 πληγέντος

455 2591 846 2653 ἀποθανόντος.
890 2590 998 2642 Καὶ
1038 2588 1131 2641 τὸν
1164 2585 1305 2658 ξύλῳ
1346 2585 1402 2638 δὲ
1440 2585 1599 2656 βαρεῖ
1636 2587 1730 2639 καὶ
1769 2584 1903 2656 λίθῳ
1940 2601 2039 2656 με-

455 2683 609 2753 γάλῳ
657 2681 1008 2754 χρησάμενον
1063 2680 1206 2735 κατά
1256 2696 1424 2744 τινος,
1473 2680 1568 2733 καὶ
1611 2679 1910 2745 ἀνελόντα,
1960 2678 2036 2749 μὴ

455 2778 649 2847 ἔχοντα
671 2775 729 2827 δὲ
768 2772 1033 2846 πρόθεσιν
1064 2773 1249 2843 φόνου,
1282 2772 1539 2825 ἀκούσιον
1570 2770 1736 2841 φονέα
1767 2772 2033 2842 ὁρίζεται.

454 2871 560 2925 Τὸν
590 2869 646 2923 δὲ
675 2868 819 2938 ξίφει
844 2868 1195 2938 χρησάμενον
1229 2866 1525 2937 οίῳδήτινι,
1554 2866 1698 2918 κατὰ
1725 2865 1850 2929 τοὺς
1879 2865 2040 2918 πολε-

464 2963 621 3032 uiam;
655 2959 905 3024 καὶτοὺς
935 2944 1162 3030 λῃστὰς,
1208 2956 1460 3010 ἑκούσιον
1506 2958 1772 3027 φονευτὴν
1803 2957 2038 3027 ἀποφαί-

458 3070 608 3108 νεται
638 3070 648 3083 ·
690 3050 881 3123 ὥσπερ
906 3049 1001 3104 καὶ
1025 3049 1153 3113 τοὺς
1182 3049 1452 3121 φάρμακα
1478 3050 1748 3119 περίεργα
1774 3049 2035 3112 διδόντας,

2140 1848 2366 1903 bestiam
2411 1849 2495 1904 vel
2544 1852 2793 1908 arborem
2834 1855 3107 1924 jaculatus
3159 1868 3264 1920 est,
3337 1868 3711 1915 transeuntem

2136 1948 2317 1995 autem
2351 1942 2470 1997 illac
2505 1943 2779 2001 hominem
2826 1945 2984 2016 forte]
3013 1952 3299 2020 percussit,
3353 1955 3711 2022 eumque‘qui

2138 2032 2256 2087 loro
2288 2035 2369 2089 vel
2399 2036 2500 2091 levi
2532 2037 2681 2108 virga
2711 2040 2940 2110 aliquem
2976 2043 3204 2097 docendi
3232 2061 3353 2097 eum
3380 2048 3552 2115 gratia
3596 2063 3716 2117 per-

2137 2125 2327 2191 cussit,
2359 2128 2403 2181 si
2439 2143 2732 2197 percussus
2766 2141 3009 2186 mortuus
3041 2133 3225 2198 fuerit,
3259 2136 3588 2192 homicidam
3635 2140 3719 2193 iu-

2137 2217 2499 2281 voluntasium
2550 2222 2785 2293 appellat
2818 2241 2834 2279 :
2886 2240 3008 2280 eum
3048 2237 3254 2292 autem,
3293 2228 3384 2298 qui
3413 2230 3464 2283 iu
3494 2241 3717 2285 conten-

2141 2310 2289 2365 tione
2319 2311 2551 2382 aliquem
2588 2316 2743 2387 virga
2774 2315 3011 2373 duriore’
3038 2321 3393 2388 percusserit,
3439 2323 3519 2378 vel
3566 2323 3618 2378 in
3649 2338 3717 2378 eo

2139 2404 2493 2473 percutiendo
2523 2407 2705 2462 manui
2738 2424 2841 2462 non
2870 2411 3188 2480 pepercerit,
3212 2414 3423 2467 etiamsi
3448 2429 3594 2479 eum,
3620 2417 3712 2484 qui

2137 2511 2429 2566 percussus
2459 2507 2565 2564 est,
2617 2498 2922 2555 interficere
2979 2503 3234 2567 uoluerit,
3268 2506 3364 2558 sed
3396 2505 3477 2559 vel
3509 2514 3713 2558 talltum

2138 2588 2352 2652 laedere,
2379 2590 2463 2644 vel
2517 2591 2856 2661 propulsare,
2912 2594 3063 2660 dicit,
3117 2595 3183 2650 ad
3214 2612 3360 2661 eum,
3397 2596 3486 2666 qui
3514 2601 3713 2651 aedem

2138 2679 2271 2736 fecit
2299 2679 2684 2747 voluntarium,
2738 2687 2982 2752 proxime
3021 2690 3303 2752 accedere,
3337 2705 3402 2741 eo
3451 2690 3539 2757 qui
3592 2705 3713 2757 per-

2137 2785 2330 2827 cussus
2363 2783 2446 2828 cst
2479 2783 2712 2829 mortuo.
2740 2774 2873 2830 Eum
2904 2778 3008 2847 61
3036 2792 3254 2847 quoque
3276 2778 3365 2848 qui
3393 2778 3535 2850 ligno
3565 2781 3714 2850 gravi

2137 2872 2195 2917 et
2227 2878 2421 2933 magno
2450 2863 2627 2933 lapide
2668 2882 2794 2921 "Sus
2829 2869 3090 2923 adversus
3117 2871 3371 2939 aliquem,
3406 2889 3525 2925 eum
3553 2874 3720 2928 inier-

2137 2951 2347 3018 fecerit,
2381 2970 2503 3009 cum
2557 2956 2724 3009 nollet
2774 2957 3101 3026 interficere,
3160 2941 3579 3017 involuntarium
3620 2965 3719 3017 ho-

2140 3046 2391 3100 micidam
2414 3047 2620 3101 deﬁnit.
2649 3047 2778 3101 Eum
2811 3060 3013 3116 autem,
3043 3052 3134 3121 qui
3153 3055 3342 3122 quovis
3364 3070 3493 3110 ense
3519 3057 3715 3112 bellum

454 3149 549 3204 καὶ
571 3143 951 3216 ἀμϐλωθρίδια
980 3140 1293 3205 ποιοῦντας.
1321 3140 1430 3195 Καὶ
1458 3142 1485 3193 ὀ
1513 3139 1613 3210 μὲν
1635 3142 1814 3194 κανὼν
1835 3142 2028 3196 ταῦτα.

2140 3141 2440 3208 serentium
2471 3147 2523 3193 et
2551 3140 2821 3195 latronum
2860 3158 3010 3197 more
3045 3159 3175 3198 usus
3210 3153 3315 3208 est,
3352 3148 3715 3206 voluntarium

456 3240 529 3295 Σὺ
604 3238 661 3290 δὲ
705 3236 981 3306 ἀνάγνωθι
1020 3236 1082 3288 τὸ
1132 3230 1224 3299 κς⁹
1273 3231 1569 3303 κεφάλαιον
1613 3231 1708 3286 τοῦ
1763 3230 1810 3283 θ’
1853 3230 2035 3285 τίτλου

452 3329 550 3387 τοῦ
602 3327 868 3399 παρόντος
898 3323 1298 3396 συντάγματος,
1334 3324 1429 3377 καὶ
1462 3325 1528 3378 τὰ
1564 3324 1621 3379 ὲν
1662 3324 1854 3393 ἐκείνῳ
1894 3340 2037 3395 γρα-

455 3424 623 3493 φέντα
651 3422 813 3493 χάριν
842 3418 950 3472 τῶν
983 3416 1280 3488 φονευτῶν.
1330 3414 1608 3479 Ὡσαύτως
1633 3415 1910 3484 ἀνάγνωθι
1942 3416 2036 3469 καὶ

454 3516 545 3568 τὸν
602 3513 857 3583 δεύτερον
904 3509 1107 3564 κανόνα
1147 3508 1242 3561 τοῦ
1291 3506 1449 3576 ἁγίου
1494 3510 1705 3561 τούτου.
1771 3507 1925 3561 Ἐπεὶ
1979 3507 2038 3560 δὲ

460 3605 588 3676 περὶ
612 3602 888 3676 φονευτῶν
915 3601 1005 3656 καὶ
1031 3599 1339 3671 φαρμακῶν
1367 3599 1467 3654 οὐκ
1497 3599 1653 3667 ὀλίγα
1675 3596 2034 3669 διαλαμϐάνει

460 3700 489 3751 ὀ
522 3696 601 3750 λθ⁹
636 3695 814 3763 τίτλος
872 3693 966 3748 τοῦ
1020 3689 1061 3759 ξ’
1103 3690 1332 3761 βιϐλίου,
1370 3689 1643 3759 ἀνάγνωθι
1683 3689 1782 3743 καὶ
1820 3686 2031 3742 τοῦτον.

458 3787 563 3841 Τοῦ
623 3786 680 3840 δὲ
733 3783 986 3855 δευτέρου
1046 3779 1286 3851 θέματος
1336 3778 1430 3832 τοῦ
1485 3775 1653 3832 αὑτοῦ
1707 3777 1885 3830 τίτλου
1945 3777 2039 3829 καὶ

457 3881 662 3954 βιὸλίου
712 3875 1175 3957 διαλαμϐάνοντος
1224 3872 1397 3929 ταῦτα
1450 3871 1632 3944 ῥητῶς
1660 3886 1676 3901 ·
1722 3870 1779 3925 '0
1835 3869 2038 3924 σκοπὸν

453 3974 705 4045 ἐσχηκὼς
731 3968 826 4024 τοῦ
862 3966 1143 4037 φονεῦσαι,
1179 3965 1281 4019 κᾶν
1312 3964 1386 4036 μὴ
1410 3962 1668 4034 φονεύσῃ,
1704 3961 1840 4015 ἀλλὰ
1869 3978 2039 4033 τραυ-

458 4064 686 4135 ματίσῃ,
728 4061 927 4131 φονεύς
959 4059 1076 4111 ἐστι
1105 4072 1120 4089 ο
1154 4056 1248 4109 καὶ
1276 4055 1306 4108 ὀ
1355 4055 1431 4126 μὴ
1470 4053 1705 4123 θελήσας
1755 4051 2035 4121 φονεῦσαι,

455 4160 551 4209 ἐὰν
575 4152 836 4225 φονεύσῃ,
862 4152 964 4205 οὐκ
998 4147 1113 4201 ἔστι
1149 4146 1346 4216 φονεύς
1373 4161 1391 4179 ⁶
1434 4146 1468 4217 ἡ
1494 4146 1551 4199 δὲ
1576 4144 1819 4208 διάθεσις
1853 4146 1917 4198 ὲκ
1941 4144 2036 4197 τοῦ

456 4248 762 4320 πλήξαντος
800 4243 1036 4316 ὀργάνου
1085 4242 1371 4312 ἐλέγχεται
1397 4253 1413 4270 ⁸
1445 4236 1591 4291 εἴποι
1634 4253 1721 4299 τις
1767 4234 2040 4291 ὲναντιοῦ⁴

458 4343 584 4395 σθαι
642 4338 721 4411 τῷ
772 4336 1004 4408 τοιούτῳ
1060 4333 1340 4405 κεφαλαίῳ
1383 4331 1475 4384 τὸν
1509 4331 1755 4401 παρόντα
1808 4329 2036 4394 κανόνα,

456 4433 830 4506 διοριζόμενον
864 4428 1124 4484 ἀκουσίου
1167 4425 1331 4497 φόνου
1366 4424 1675 4493 ἐγκλήματι
1716 4421 2039 4475 ὑποκεῖσθαι

456 4526 548 4580 τὸν
588 4522 953 4578 ἀκοντίσαντα
989 4519 1137 4574 λίθον
1172 4518 1266 4570 ἐπὶ
1292 4515 1430 4570 κύνα
1469 4515 1503 4585 ἢ
1538 4514 1776 4583 δένδρον,
1818 4515 1912 4566 καὶ
1946 4529 2043 4565 τυ-

456 4616 630 4687 χαίως
677 4614 936 4669 ἀνελόντα
965 4610 1273 4682 ἄνθρωπον.
1308 4607 1493 4678 Φαμὲν
1523 4602 1615 4661 οὖν
1655 4605 1728 4667 ὡς
1778 4607 1807 4658 ὀ
1855 4604 2042 4676 ῥηθεὶς

454 4708 640 4779 νόμος,
672 4706 804 4777 περὶ
838 4703 1085 4759 ἑκουσίου
1128 4699 1387 4773 φονευτοῦ
1430 4698 1718 4762 διδάσκων,
1753 4696 1846 4751 τὸν
1876 4697 1949 4767 μὴ
1978 4700 2043 4750 ὲκ

456 4795 832 4871 προαιρέσεως
877 4790 1219 4864 φονεύσαντα
1249 4790 1349 4843 οὐκ
1380 4786 1639 4857 ὀνομάζει
1671 4787 1924 4840 ἑκούσιον
1950 4803 2047 4856 φο-

457 4888 552 4941 νέα
581 4901 597 4918 ⁸
635 4884 893 4948 ἀκούσιος
921 4882 980 4936 δὲ
1008 4884 1035 4935 ὀ
1056 4880 1296 4944 τοιοῦτος
1325 4881 1522 4946 φονεύς
1553 4881 1692 4942 ἑστι,
1731 4876 1915 4940 καθὼς
1950 4879 2045 4931 καὶ

453 4979 482 5029 ὀ
514 4977 707 5050 παρὼν
742 4975 922 5030 κανὼν
950 4973 1268 5045 διορίζεται,
1301 4973 1397 5024 καὶ
1430 4973 1753 5042 τιμωρεῖται
1804 4972 1951 5025 κατὰ
1984 4971 2044 5025 τὸ

456 5070 816 5141 προτέλευτον
866 5068 1007 5140 θέμα
1058 5064 1154 5119 τοῦ
1212 5070 1288 5129 ις’
1344 5061 1541 5131 κεφαλ.
1582 5061 1677 5115 τοῦ
1729 5068 1809 5116 να¹
1861 5062 2040 5117 τίτλου

454 5161 550 5214 τοῦ
588 5160 627 5228 ξ’
660 5160 892 5233 βιϐλίου,
925 5162 1019 5216 καὶ
1052 5158 1192 5211 κατὰ
1218 5155 1279 5208 τὸ
1302 5152 1344 5207 ε’
1372 5153 1570 5224 κεφάλ.
1627 5154 1722 5208 τοῦ
1753 5153 1831 5207 λθ’
1863 5156 2042 5209 τίτλου

455 5251 551 5306 τοῦ
576 5251 742 5305 αὑτοῦ
778 5249 1007 5322 βισλίου,
1041 5245 1412 5319 διοριζόμενον
1444 5245 1539 5299 καὶ
1568 5244 1661 5298 τὸν
1689 5244 1797 5298 άπὸ
1829 5247 2044 5318 τρυφῆς

459 5346 801 5417 φονεύσαντα
828 5344 925 5398 ἐπὶ
967 5339 1297 5396 πενταετίαν
1331 5337 1696 5409 ὲξορίζεσθαι.
1720 5336 1878 5393 Οὕτω
1907 5356 2049 5410 συμ-
2081 5346 2086 5353 '

460 5437 683 5490 6i6200v
733 5435 795 5490 τὸ
842 5433 1067 5504 νομικὸν
1129 5430 1326 5500 κεφάλ.
1391 5433 1484 5484 καὶ
1539 5432 1631 5484 τδν
1663 5432 1889 5487 κανόνα.
1929 5432 2042 5485 Καὶ

460 5529 767 5600 σημείωσαι
790 5529 899 5583 ἀπὸ
922 5527 1015 5579 τοῦ
1044 5526 1269 5589 κανόνος
1304 5526 1399 5577 καὶ
1445 5525 1539 5577 τοῦ
1576 5526 1743 5595 νόμου
1774 5525 1858 5581 ὅτι
1885 5528 1913 5579 ὁ
1946 5527 2045 5596 μὲν

458 5622 715 5684 ἀκούσιος
763 5621 1025 5690 φονευτὴς
1058 5621 1121 5670 ἐκ
1149 5616 1244 5671 τοῦ
1287 5619 1758 5686 ἀποτελέσματος,
1797 5618 1917 5689 ἦτοι
1952 5618 2044 5671 τοῦ

462 5716 648 5783 φόνου,
714 5711 1185 5777 καταδικάζεται,
1238 5710 1265 5763 ὀ
1319 5710 1375 5763 δὲ
1421 5709 1670 5772 ἑκούσιος
1712 5710 1820 5763 ἀπὸ
1874 5711 2044 5780 μόνης

2140 3234 2468 3288 homicidam
2521 3234 2833 3301 pronuntiat
2874 3251 2887 3288 :
2927 3235 3068 3289 sicut
3100 3246 3156 3291 et
3204 3252 3320 3302 eos,
3354 3237 3445 3309 qui
3506 3239 3717 3294 curiosa

2140 3326 2269 3382 dant
2340 3327 2754 3390 tuedieamenta,
2820 3334 2875 3380 et
2932 3329 3181 3382 abortum
3240 3329 3435 3384 cientia
3496 3330 3720 3388 faciunt.

2138 3418 2317 3487 Atque
2353 3418 2469 3473 haec
2504 3417 2727 3487 quidem
2767 3433 2968 3473 canon.
3010 3419 3092 3475 'l‘u
3135 3432 3316 3477 autem
3379 3424 3494 3495 lege
3530 3426 3723 3481 vicesi-

2141 3524 2289 3562 mum
2333 3520 2548 3563 sextum
2598 3522 2722 3577 cap.
2761 3508 2847 3562 tit.
2886 3508 2919 3564 9
2956 3513 3239 3579 praesentis
3265 3513 3468 3583 operis,
3499 3524 3551 3569 et
3600 3531 3722 3585 quae

2141 3600 2195 3655 in
2228 3617 2292 3654 eo
2354 3601 2554 3669 scripta
2605 3614 2729 3655 Sunt
2758 3602 2825 3657 de
2869 3603 3181 3659 homicidis.
3217 3603 3480 3660 Similiter
3522 3607 3637 3675 lege
3667 3617 3721 3662 et

2140 3710 2405 3750 canonem
2439 3696 2472 3750 2
2504 3697 2668 3764 hujus
2698 3699 2896 3753 sancti.
2943 3691 3096 3766 'Quia
3129 3709 3309 3754 autem
3344 3700 3411 3754 de
3432 3700 3722 3756 homicidis

2138 3796 2193 3842 et
2228 3788 2482 3841 veneficis
2517 3802 2624 3841 non
2666 3804 2834 3856 pauca
2873 3798 3071 3844 tractat
3104 3791 3189 3845 tit.
3218 3793 3309 3856 39,
3341 3791 3437 3846 lib.
3482 3808 3572 3845 ιι.
3596 3808 3719 3846 eum

2138 3890 2361 3949 quoque
2391 3876 2506 3948 lege
2541 3896 2554 3933 :
2590 3894 2713 3933 cum
2778 3895 2909 3933 vero
2969 3880 3149 3935 thema
3193 3882 3228 3936 2
3256 3882 3499 3949 ejusdem
3539 3885 3622 3938 tit.
3670 3893 3725 3938 et

2138 3971 2234 4027 lib.
2265 3972 2381 4027 haec
2404 3987 2658 4042 expresse
2688 3973 2840 4036 dicit,
2869 3972 2972 4040 Qui
3006 3974 3312 4030 interficere
3336 3976 3719 4044 constituerat,

2139 4065 2246 4120 etsi
2289 4078 2397 4118 non
2441 4062 2805 4129 interfecerit,
2858 4065 2957 4120 sed
2999 4066 3387 4129 vulneraverit,
3432 4076 3516 4122 est
3545 4068 3722 4122 homi-

2139 4154 2259 4209 cida
2288 4172 2303 4209 :
2337 4163 2391 4209 et
2433 4156 2523 4221 qui
2551 4155 2726 4211 noluit
2756 4157 3086 4222 interficere,
3116 4157 3329 4212 etiamsi
3353 4157 3713 4226 interfeceri',

2140 4261 2248 4301 non
2277 4255 2363 4302 est
2396 4247 2693 4327 homicida.
2727 4246 2956 4303 Adcctio
3010 4260 3212 4316 autem,
3250 4263 3315 4303 ex
3354 4248 3722 4305 inStrmnento

2141 4352 2251 4407 quo
2268 4339 2561 4407 percussit,
2591 4340 2854 4409 probatur
2894 4357 2907 4394 :
2939 4340 3140 4397 dixerit
3165 4341 3462 4411 quispiam,
3493 4338 3721 4409 eieapiti

2144 4430 2426 4486 adversari
2475 4442 2798 4501 praesentem
2833 4447 3124 4497 canonem,
3159 4432 3542 4488 decernentem
3570 4434 3727 4487 invo-

2147 4522 2399 4576 luntaria:
2433 4522 2599 4576 credis
2627 4524 2845 4579 crimini
2902 4524 3101 4592 subjici
3157 4539 3305 4587 eum,
3341 4524 3439 4593 qui
3489 4523 3722 4591 lapidem

2146 4612 2200 4666 in
2234 4627 2423 4665 canem
2453 4611 2533 4664 vel
2566 4614 2817 4667 arborem
2851 4612 3124 4682 iaculatus
3150 4612 3331 4673 fuerit.
3368 4623 3418 4667 et
3450 4613 3721 4666 hominem

2145 4706 2285 4760 forte
2320 4703 2605 4758 occiderit.
2652 4703 2889 4759 Dicimus
2918 4718 3071 4773 ergo,
3116 4704 3263 4775 quod
3296 4702 3438 4758 dicta
3473 4703 3557 4757 lex
3603 4718 3726 4771 qum

2143 4798 2211 4854 de
2245 4799 2393 4852 caede
2434 4796 2745 4851 vomntaria
2772 4795 2953 4858 docet,
2979 4812 3126 4862 ειιηι,
3153 4796 3242 4863 qui
3273 4810 3377 4849 non
3405 4794 3527 4849 data
3561 4810 3724 4864 opera

2146 4889 2445 4953 interfecit,
2487 4904 2594 4942 non
2651 4889 2895 4942 notniuat
2950 4888 3313 4942 voluntarium
3375 4887 3725 4941 homicidam.

2145 4980 2239 5034 Est
2270 4990 2449 5032 autem
2477 4978 2561 5032 hic
2590 4976 2983 5031 involuntnrins
3007 4975 3297 5039 homicida,
3318 4976 3457 5029 sicut
3489 4990 3727 5045 praesens

2145 5085 2361 5140 quoque
2393 5085 2566 5124 canon
2602 5069 2862 5143 decernit,
2900 5077 2953 5121 et
2986 5056 3209 5138 punitur
3250 5069 3551 5123 secundum
3607 5067 3726 5120 the-

2147 5175 2233 5213 ma
2293 5159 2777 5228 antepenultimum
2839 5171 2958 5229 cap.
3020 5157 3087 5212 16
3151 5160 3233 5213 tit.
3283 5156 3345 5214 5|
3405 5156 3501 5213 lib.
3555 5157 3626 5211 60
3672 5169 3726 5211 et

2145 5249 2445 5306 secundum
2500 5265 2623 5320 cap.
2683 5248 2717 5305 5
2757 5250 2841 5305 tit.
2897 5250 2969 5306 '59
3001 5249 3240 5320 ejusdem
3288 5250 3385 5305 lib.
3439 5250 3724 5311 definiens.

2144 5359 2267 5419 eum
2300 5345 2487 5409 etiam,
2519 5343 2614 5414 qui
2647 5358 2743 5412 per
2763 5342 2987 5397 delicias
3011 5349 3066 5395 et
3116 5341 3301 5395 ludum
3347 5338 3644 5416 interfecit,
3674 5338 3724 5389 in

2147 5436 2577 5505 quinquennium
2618 5432 3117 5489 exterminandum.
3165 5429 3243 5483 Ita
3302 5438 3467 5499 caput
3511 5428 3644 5498 legis
3673 5439 3728 5482 et

2146 5544 2413 5583 canonem
2446 5528 2699 5581 concilia.
2741 5526 2804 5580 Et
2836 5535 2961 5580 uota
2994 5540 3058 5580 ex
3093 5538 3303 5580 canone
3331 5535 3383 5578 et
3417 5524 3555 5590 lege,
3590 5521 3727 5589 quod

2152 5618 2553 5673 invulttutarius
2581 5619 2799 5688 quidem
2826 5616 3098 5671 homicida
3130 5631 3197 5669 ex
3230 5624 3424 5669 eventu
3451 5628 3545 5666 seu
3576 5612 3724 5665 caade

2150 5717 2548 5768 condemnatur
2583 5730 2600 5768 :
2633 5714 2973 5766 voluntarius
3022 5721 3229 5774 autem,
3267 5719 3333 5763 ex
3379 5708 3496 5763 solo
3528 5720 3727 5776 propo-
