4076 6392
354 285 456 347 615

1600 276 1884 341 THEOD.
1926 276 2327 339 BALSAMON

3501 274 3606 341 616

352 408 458 461 sito
492 420 506 460 ;
543 406 646 461 etsi
704 406 844 460 enim
896 421 1003 460 non
1047 399 1397 467 interfecerit,
1429 398 1495 457 ιιι
1530 398 1804 456 homicida
1832 415 1912 469 put

2035 398 2368 469 προθέσεως.
2406 396 2525 453 Κᾶν
2576 397 2684 472 γάρ
2741 400 2817 471 μὴ
2871 399 3130 473 φονεύσῃ,
3180 398 3500 470 τιμωρεῖται
3532 399 3608 462 ὡς

350 502 498 553 nitur
533 509 751 567 propter
804 499 977 554 solum
1034 497 1390 567 propositum.
1434 494 1567 549 Nam
1601 503 1652 550 et
1705 507 1825 563 cap.
1865 491 1927 545 l2

350 591 480 646 dicti
508 592 592 646 tit.
620 590 688 644 36
716 590 869 654 dicit,
900 590 1039 644 Nihil
1069 590 1256 653 refert,
1301 603 1370 642 an
1393 587 1719 653 occidas,an
1740 583 1927 638 mortis

260 734 265 744 ,
349 698 571 738 causam
591 684 850 752 pra-beas.
873 681 1511 735 Voluntarioruut‘autem
1533 675 1926 733 homicidarum

260 771 266 777 ’
353 791 510 844 paena
542 775 853 830 ostenditur
894 775 948 828 in
997 772 1298 842 penultimo
1322 773 1559 825 themate
1597 783 1721 836 cap.
1754 767 1807 834 3,
1839 768 1925 821 tit.

350 866 609 941 56,.quod
636 852 785 930 dicit;
816 862 977 919 Poena
997 864 1253 917 adversus
1283 862 1598 924 homicidas,
1631 861 1683 913 in
1713 859 1777 912 iis
1810 858 1927 927 qui.

351 962 496 1023 dent,
529 963 617 1027 qui
655 967 777 1012 sunt
823 956 1064 1011 honesta:
1108 954 1546 1017 existimationis,
1592 964 1675 1008 est
1718 952 1928 1020 relega-

360 1053 436 1107 tio
460 1063 514 1106 et
564 1052 801 1121 perfecta
859 1049 1156 1118 publicatio
1182 1065 1196 1102 :
1232 1049 1284 1101 itt
1317 1047 1515 1102 vilibus
1545 1054 1723 1099 autem
1751 1054 1803 1097 et
1832 1044 1929 1097 ab-

349 1144 531 1212 iectis,
578 1146 694 1200 ensi
735 1154 791 1197 et
826 1144 1014 1203 bestiis
1055 1142 1240 1211 objici.
1281 1140 1356 1194 De
1400 1138 1721 1192 voluntariis
1744 1144 1924 1191 autent

355 1237 663 1301 bonticidis,
705 1250 890 1290 mense
924 1234 1090 1303 Aprili
1141 1234 1255 1286 ind.
1297 1248 1389 1297 xv,
1426 1246 1455 1284 a
1500 1230 1774 1299 religioso,
1832 1242 1927 1298 po-

354 1329 656 1383 tentissimo
706 1336 761 1380 et
810 1335 1000 1381 sancto
1071 1326 1400 1392 imperatore
1453 1335 1640 1377 uosuo
1699 1321 1926 1374 Domino

350 1419 649 1474 Emanuele
698 1416 1000 1480 Coutncno,
1054 1416 1266 1469 novella
1315 1414 1461 1473 edita
1519 1422 1621 1475 εει,
1677 1419 1925 1480 quanth

349 1513 543 1564 manda
598 1510 895 1573 memoriae,
951 1523 1070 1577 quae
1101 1516 1223 1578 post
1271 1505 1591 1575 precantium
1645 1504 1725 1559 sie
1757 1504 1921 1557 dicit:

347 1599 508 1655 Jubet
545 1614 675 1669 ergo
707 1599 961 1654 omnibus
994 1599 1085 1668 qui
1127 1605 1252 1651 sunt
1280 1598 1331 1650 itt
1379 1596 1689 1663 regionibus
1730 1593 1925 1663 judici—

351 1693 473 1758 bus,
507 1699 562 1744 et
586 1691 912 1745 militaribus
936 1706 1055 1758 qum
1082 1698 1208 1743 sunt
1236 1689 1291 1742 itt
1333 1702 1414 1742 ets
1441 1687 1633 1755 copiis,
1662 1697 1714 1741 et
1735 1702 1918 1740 earum

347 1783 599 1848 ducibus,
626 1783 715 1838 ubi
749 1783 913 1837 fuerit
953 1784 1129 1837 credes
1181 1781 1507 1846 voluntaria,
1541 1788 1595 1833 et
1639 1774 1744 1833 tale
1768 1779 1925 1850 quid-

345 1879 491 1949 piam
524 1890 689 1931 ausus
714 1875 880 1930 fuerit
917 1876 1136 1944 aliquis,
1172 1882 1229 1927 ut
1256 1889 1446 1928 omnes
1478 1874 1661 1927 statim
1684 1876 1924 1927 exciten-

350 1980 436 2021 tur
474 1968 542 2022 ad
594 1966 1113 2037 apprehendendum
1154 1964 1501 2028 homicidam,
1552 1971 1606 2017 et
1649 1978 1769 2017 eum
1807 1962 1923 2016 vin-

344 2070 490 2113 ctum
543 2061 843 2116 mittantad
882 2060 1291 2130 imperatoriam
1322 2058 1863 2127 circumspeCtinueut
1902 2074 1917 2112 :

345 2153 451 2217 vel,
480 2154 522 2207 si
547 2167 607 2207 ea
642 2153 806 2218 absit,
844 2154 910 2208 ad
966 2168 1174 2223 magna:
1223 2153 1375 2207 urbis
1431 2167 1460 2204 a
1496 2150 1601 2206 Deo
1634 2150 1921 2205 custodita:

346 2246 685 2311 praefectum,
722 2256 781 2300 ut
811 2247 862 2300 in
889 2247 1190 2301 custodiam
1220 2245 1486 2315 publicam
1520 2244 1914 2310 introducatur,

343 2348 398 2392 et
443 2346 551 2391 tam
579 2338 631 2390 in
657 2352 885 2407 corpore
912 2352 1073 2406 quam
1121 2337 1174 2390 in
1209 2336 1364 2391 bouis
1415 2335 1708 2390 secundum
1738 2334 1914 2403 legunt

344 2439 399 2483 et
430 2429 768 2483 novellarum
801 2430 1252 2484 constituttouum
1296 2436 1611 2498 potestatein
1642 2430 1912 2495 puniatur,

341 2530 399 2576 et
428 2522 533 2576 alia
578 2521 839 2593 supplicia
892 2523 1127 2576 subeat:
1167 2519 1463 2575 scientibus
1512 2519 1595 2573 bis
1640 2519 1912 2582 omnibus,

344 2614 486 2680 quod
521 2612 566 2667 si
593 2615 875 2682 probatum
911 2612 1074 2667 fuerit
1119 2614 1357 2681 potuisse
1388 2611 1691 2679 quempiam
1739 2609 1912 2662 homi-

341 2708 517 2762 cidam
546 2708 974 2778 apprehendere,
1017 2715 1071 2761 et
1110 2705 1160 2759 id
1213 2719 1319 2758 non
1371 2704 1583 2765 fecerit,
1621 2718 1745 2756 euut
1807 2718 1912 2754 ttutt

340 2814 498 2855 secus
524 2800 1013 2862 condeumandum,
1045 2812 1203 2866 quam
1221 2797 1264 2851 si
1296 2795 1609 2866 imperatori
1631 2793 1912 2847 insidiatus

343 2892 506 2946 fuerit
539 2908 554 2945 :
590 2880 671 2945 sin
707 2901 883 2945 autem
915 2890 1133 2965 latuerit
1180 2888 1413 2943 fortasse
1444 2887 1734 2957 quispiam,
1759 2893 1813 2939 et
1844 2884 1910 2936 ad

338 2983 749 3040 Sanctissimam
805 2983 895 3036 Dei
945 2980 1196 3051 Magnam
1242 2980 1534 3035 ecclesiam
1585 2974 1906 3045 confugerit,

2031 497 2226 563 φονεὺς
2279 493 2370 547 διὰ
2427 495 2600 564 μόνην
2648 493 2748 565 τὴν
2796 493 3079 562 πρόθεσιν.
3130 493 3251 546 Ὀτι
3291 490 3388 546 καὶ
3437 492 3498 545 τὸ
3539 491 3608 562 ιβ’

2028 583 2225 651 κεφάλ.
2279 584 2374 637 τοῦ
2442 584 2701 655 ῥηθέντος
2783 584 2873 648 λς’
2938 584 3121 637 τίτλου
3174 582 3377 653 φησίν·
3436 583 3605 636 Οὐδὲν

2027 670 2279 745 διαφέρει
2300 676 2362 729 τὸ
2392 675 2650 746 φονεῦσαι
2682 677 2776 731 καὶ
2799 676 2860 731 τὸ
2886 680 3191 748 παρασχεῖν
3212 675 3389 729 αἰτίαν
3418 676 3602 744 φόνου.

2039 766 2105 823 Ἢ
2167 771 2350 839 μέντοι
2407 771 2567 841 ποινὴ
2615 770 2724 824 τῶν
2773 771 3037 824 ἑκουσίων
3087 770 3293 839 φονέων
3349 767 3604 840 δηλοῦται

2028 858 2136 914 ἀπὸ
2163 860 2259 914 τοῦ
2290 862 2651 930 προτελεύτου
2685 861 2920 931 θέματος
2939 845 3034 915 τού
3056 860 3106 927 γ’
3128 860 3331 927 κείραλ.
3386 859 3481 912 τοῦ
3515 858 3606 921 λς’

2026 951 2208 1005 τίτλου
2247 952 2497 1021 λέγοντος
2525 967 2541 986 ο
2596 953 2663 1006 Ἥ
2697 953 2855 1023 ποινή
2889 954 2922 1024 ἡ
2970 953 3111 1007 κατά
3139 951 3480 1023 ἀνδροφόνων
3509 950 3604 1003 ἐπὶ

2030 1046 2129 1117 μὲν
2153 1047 2263 1101 τῶν
2293 1047 2528 1118 ἐντίμων
2587 1047 2953 1117 περιορισμύς
3005 1048 3123 1101 ἐστι
3173 1047 3265 1101 καὶ
3295 1044 3478 1099 τελεία
3506 1044 3600 1115 δή·

2029 1155 2248 1208 μευσις,-
2276 1141 2369 1192 ἐπὶ
2396 1135 2452 1193 δὲ
2489 1138 2600 1192 τῶν
2650 1140 2884 1193 εὐτελῶν
2919 1138 3059 1208 ξίφει
3090 1138 3184 1193 καὶ
3221 1139 3431 1209 θηρῖοις
3467 1138 3602 1190 ὑπ’)⁴

2026 1231 2317 1301 ϐληθῆναι.
2377 1233 2514 1301 Περὶ
2582 1230 2638 1285 δὲ
2701 1234 2907 1300 φονέων
2964 1233 3229 1286 ἑκουσίων
3286 1232 3601 1301 ὲξεφωνήθη

2024 1323 2214 1394 Νεαρὰ
2246 1323 2387 1379 κατὰ
2409 1326 2502 1378 τὸν
2536 1325 2848 1395 Ἀπρίλλιον
2878 1325 3021 1396 μῆνα
3053 1326 3151 1394 τῆς
3184 1324 3241 1377 ιδ’
3273 1322 3606 1386 ίνδικτιῶνος

2024 1415 2119 1469 τοῦ
2145 1416 2467 1480 θεοσέπτου,
2500 1418 2796 1489 κρατίστου
2832 1417 2929 1471 καὶ
2956 1416 3114 1486 ἁγίου
3145 1416 3302 1487 ἡμῶν
3331 1415 3604 1485 αὐτοκρά-

2022 1526 2179 1579 τορος
2224 1510 2484 1582 Μανουὴλ
2534 1511 2628 1564 τοῦ
2674 1510 2987 1581 Κομνηνοΰ.
3019 1512 3115 1564 καὶ
3138 1509 3230 1581 ἔχε
3269 1510 3363 1563 καὶ
3394 1508 3602 1579 ταύτην

2024 1601 2117 1654 ἐπὶ
2153 1603 2377 1673 μνήμης
2424 1598 2565 1657 οὕτω
2607 1604 2703 1657 καὶ
2762 1605 2901 1674 μετά
2945 1601 3007 1657 τὸ
3051 1603 3336 1675 προοίμιον
3373 1601 3604 1670 διαλαμ-

2025 1694 2298 1749 ϐάνουσαν
2327 1711 2340 1727 °
2379 1692 2822 1765 Παρακελεύεται
2872 1691 2967 1750 οὖν
3020 1697 3193 1751 ἅπασι
3248 1697 3360 1758 τοῖς
3408 1696 3467 1748 ὲν
3515 1693 3602 1746 θέ-

2029 1805 2164 1859 μασι
2218 1789 2543 1859 διαιτηταῖς,
2586 1790 2678 1842 καὶ
2711 1794 2828 1852 ταῖς
2861 1790 2918 1841 ὲν
2967 1786 3154 1850 αὐτοῖς
3200 1784 3391 1850 οὔσαις
3441 1796 3603 1856 στρα-

2024 1885 2309 1943 τιωτικαῖς
2356 1878 2644 1949 δυνάμεσι,
2702 1881 2938 1942 καὶτοῖς
2985 1878 3192 1932 τούτων
3246 1879 3599 1948 στρατηγοῖς,

2023 1975 2261 2044 ἔνθαπερ
2286 1973 2353 2027 ἂν
2416 1973 2661 2036 ἑκούσιος
2711 1973 2872 2043 φόνος
2923 1970 3168 2040 γένηται,
3227 1970 3321 2024 καὶ
3352 1964 3596 2042 τολμηθῇ

2022 2066 2262 2121 τοιοῦτόν
2286 2083 2338 2118 τι
2372 2066 2521 2135 παρά
2545 2082 2715 2131 τινος,
2746 2063 2947 2117 αὐτίκα
2983 2064 3194 2127 πάντας
3230 2061 3597 2135 διεγείρεσθαι

2021 2162 2100 2223 είς
2131 2159 2229 2228 τὴν
2259 2157 2354 2213 τεῦ
2392 2157 2598 2226 φονέως
2641 2155 2997 2226 κατάσχεσιν,
3046 2158 3141 2210 καὶ
3182 2158 3403 2227 δέσμιον
3434 2156 3597 2208 αὑτὸν

2021 2251 2373 2305 ἀποστέλλειν
2396 2251 2531 2320 πρὸς
2563 2250 2662 2321 τὴν
2695 2249 2970 2319 βασίλειον
3003 2249 3309 2321 περιωπήν,
3339 2249 3598 2320 ἢταύτης

2019 2341 2429 2411 ἀποδημούσης,
2472 2341 2610 2410 πρὸς
2657 2339 2749 2392 τὸν
2803 2338 3045 2409 ἔπαρχον
3093 2338 3191 2406 τῆς
3217 2336 3591 2407 θεοφυλάκτου

2022 2432 2462 2504 μεγαλοπόλεως,
2494 2430 2637 2485 ὥστε
2673 2434 2755 2495 εἰς
2795 2430 3065 2503 δημοσίαν
3096 2426 3345 2500 φυλακήν
3374 2429 3595 2495 εἰσάγε-

2020 2528 2164 2591 σθαι,
2218 2526 2312 2580 καὶ
2369 2525 2468 2587 τάς
2524 2524 2845 2592 σωματικὰς
2892 2524 2989 2577 καὶ
3040 2521 3307 2584 ούσιακάς
3362 2521 3504 2574 κατά
3536 2530 3596 2572 τε

2015 2622 2217 2690 νόμους
2259 2620 2354 2673 καὶ
2384 2619 2483 2690 τὴν
2516 2618 2625 2671 τῶν
2656 2616 2868 2689 νεαρῶν
2907 2617 3299 2685 θεσπισμάτων
3340 2614 3591 2683 δύναμιν,

2017 2714 2111 2767 καὶ
2157 2713 2351 2784 ἑτέρας
2408 2710 2741 2780 ὑποτεθῆναι
2790 2708 3043 2773 κολάσεις
3075 2726 3088 2741 ο
3127 2708 3348 2762 εἰδότων
3388 2707 3596 2762 τούτων

2016 2807 2272 2860 ἁπάντων
2305 2807 2402 2871 ὡς,
2434 2803 2489 2857 εί
2524 2819 2609 2866 τις
2644 2798 2925 2873 φωραθείη
2956 2800 3255 2870 δυνάμενος
3296 2801 3594 2869 κατασχεῖν

2014 2898 2105 2950 τὸν
2132 2895 2321 2965 φονέα,
2360 2894 2457 2947 καὶ
2494 2892 2571 2962 μὴ
2601 2892 2760 2945 τοῦτο
2787 2893 3044 2962 ποιήσας,
3071 2889 3220 2944 οὕτω
3247 2889 3462 2960 μέλλειν
3490 2899 3595 2940 κα-

2015 2988 2343 3059 τακριθῆναι
2394 2987 2470 3048 ὡς
2520 2984 2662 3037 κατά
2722 2982 2989 3052 βασιλέως
3042 2981 3489 3053 βουλευσάμενος.
3530 2978 3594 3032 Et

338 3088 625 3147 postquam
647 3090 822 3147 paenae
843 3075 1226 3130 ecclesiastica
1245 3069 1506 3129 adversus
1531 3085 1652 3126 eum
1685 3084 1905 3140 proces-

2015 3079 2057 3133 δ’
2090 3077 2225 3139 ἴσως
2258 3075 2505 3130 διαλάθοι
2535 3091 2588 3127 τι
2624 3072 2720 3127 καὶ
2753 3072 3049 3145 προσφύγῃ
3089 3072 3155 3143 τῇ
3187 3073 3470 3144 ἁγιωτάτῃ
3497 3068 3592 3123 τοῦ

338 3171 533 3234 seriut,
567 3148 650 3223 ex.
670 3168 820 3238 legali
851 3167 1255 3233 observatione,
1297 3180 1367 3221 eo
1390 3164 1605 3235 quidem
1638 3171 1910 3232 praesente

337 3261 428 3330 qui
461 3262 661 3329 regina:
684 3260 896 3315 urbium
926 3259 1211 3330 imperium
1244 3258 1473 3323 obtinet,
1496 3254 1565 3309 ab
1582 3268 1649 3309 eo
1669 3254 1912 3307 mittetur

339 3353 393 3407 in
445 3353 739 3421 regionem,
786 3365 947 3420 quam
998 3348 1274 3405 censuerit
1303 3387 1320 3412 ,
1355 3356 1411 3400 ut
1445 3356 1613 3400 t0tum
1651 3344 1772 3399 vita:
1800 3356 1912 3397 sua:

339 3453 550 3510 tempus
580 3442 691 3496 illic
714 3443 999 3511 transigat,
1026 3455 1126 3495 nec
1160 3440 1309 3494 illine
1325 3437 1568 3509 eli‘ugiat,
1589 3440 1911 3490 utreeurrat

337 3534 389 3587 in
409 3548 533 3587 eum
557 3534 757 3598 locum,
786 3535 835 3587 in
857 3548 960 3603 quo
984 3533 1373 3588 exsecrandum
1402 3527 1676 3583 ltomicidj
1703 3527 1911 3583 fucinus

337 3625 578 3678 admisit.
616 3624 852 3679 Absente
885 3632 1062 3679 autem
1089 3621 1229 3677 forte
1278 3623 1622 3690 imperatore,
1660 3638 1688 3675 a
1722 3622 1911 3691 prwfe~

335 3726 450 3779 cto,
481 3716 758 3769 utdictunt
784 3724 891 3780 est,
920 3715 974 3768 in
998 3716 1236 3784 aliquant
1268 3714 1610 3768 remotiorem
1638 3715 1908 3783 regionem

336 3809 815 3873 exterminabitur,
849 3818 904 3862 et
949 3806 1060 3862 illic
1095 3808 1219 3861 vitat
1267 3820 1377 3860 suae
1409 3818 1619 3875 tempus
1664 3813 1906 3876 peraget.

338 3899 435 3954 Sin
468 3910 648 3954 autent
676 3914 783 3954 non
812 3899 988 3954 solum
1018 3898 1348 3964 voluntarie,
1381 3896 1475 3954 sed
1505 3897 1666 3951 etiam
1687 3911 1911 3967 praenite-

333 3994 506 4047 dilato
539 4002 808 4062 captoque
839 3991 1069 4046 consilio
1111 3991 1311 4046 caedem
1347 3987 1761 4059 perpetraverit,
1799 4002 1906 4043 non

335 4093 563 4153 cogetur
591 4097 656 4136 ex
690 4082 943 4151 prmdicta
975 4082 1118 4151 regia
1162 4079 1550 4135 constitutione
1580 4076 1812 4131 tonderi.
1847 4077 1905 4131 Si

332 4178 477 4230 enim
506 4191 650 4244 cum,
679 4175 771 4244 qui
817 4190 915 4229 sua
968 4183 1163 4245 sponte
1218 4173 1285 4227 ad
1345 4182 1623 4226 tonsuram
1678 4170 1907 4236 accedit,

336 4284 442 4324 non
474 4269 540 4323 ad
569 4284 689 4323 eam
712 4268 898 4323 statim
925 4268 1163 4323 admittit
1185 4266 1447 4320 canonica
1474 4248 1772 4327 subtilitas,
1809 4264 1905 4318 sed

335 4363 384 4417 ei
404 4360 703 4415 sullieiente
733 4369 976 4431 tempore
996 4359 1281 4420 attribute,
1311 4363 1363 4410 et
1388 4370 1486 4425 per
1508 4356 1683 4423 ipsum
1704 4356 1903 4411 mentis

333 4448 454 4519 ejus
476 4446 749 4511 ﬁrmitate,
782 4450 863 4501 vel
890 4446 1205 4500 inﬁrmitate
1228 4443 1683 4513 examinata,62
1714 4444 1756 4497 si
1774 4445 1899 4513 qui-

334 4543 453 4595 dem
483 4541 756 4595 hominem
791 4539 1061 4593 invenerit
1090 4537 1146 4591 in
1197 4536 1373 4605 primo
1399 4538 1674 4605 proposito
1719 4552 1905 4607 perse‘

330 4648 638 4704 verentem,
675 4646 729 4692 et
767 4635 1073 4690 tnonastico
1110 4632 1377 4697 instituto,
1411 4643 1465 4685 et
1493 4632 1737 4702 corporis
1762 4649 1902 4687 mor-

330 4732 633 4788 tiﬁcatione
664 4744 725 4785 se
755 4729 985 4799 impigre
1010 4734 1433 4795 prteparantem,
1461 4741 1525 4780 ex
1568 4741 1631 4781 eo
1660 4735 1902 4796 tempore

332 4826 455 4878 boni
484 4836 700 4894 quoque
729 4822 909 4889 operis
935 4819 983 4873 ei
1015 4815 1174 4871 affert
1222 4816 1698 4884 complementum,
1751 4831 1816 4872 eo
1848 4817 1899 4872 in

331 4915 689 4970 monasticam
758 4908 1155 4963 institutionem
1226 4917 1534 4975 statumque
1606 4916 1899 4976 suscepto:

328 5008 598 5073 quomodo
637 5016 742 5055 non
794 4998 1013 5053 [uerita
1063 4998 1271 5053 ratione
1302 4999 1643 5064 alieuum,et
1691 4998 1902 5069 legibus

329 5097 706 5167 epiritualibus
763 5093 1048 5158 absonum,
1108 5091 1341 5162 aliquem
1411 5102 1597 5147 coaete
1653 5093 1900 5158 tondere,

329 5206 564 5260 eumque
600 5187 946 5251 homicidam,
994 5201 1153 5255 quem
1182 5185 1325 5240 Deus
1356 5200 1421 5241 eo
1451 5199 1623 5254 usque
1662 5184 1900 5253 reliquit,

327 5296 386 5339 ιιι
419 5291 582 5337 etiam
614 5296 808 5337 manus
867 5281 1109 5335 fraterno
1155 5279 1418 5349 sanguine
1472 5277 1781 5348 pollueret?
1810 5275 1906 5330 Ti-

280 5410 285 5421 ι
329 5378 581 5431 mendum
613 5386 698 5430 est
728 5376 870 5430 enint
917 5389 984 5429 ne
1020 5374 1222 5429 invitus
1252 5374 1418 5426 vitam
1466 5371 1765 5442 angelicam
1816 5370 1905 5423 in-

328 5486 570 5540 gressus,
602 5486 774 5540 eaque
824 5470 874 5524 vi
927 5477 1206 5537 suscepta,
1236 5465 1546 5521 venerando
1593 5464 1779 5519 habitu
1846 5463 1903 5517 in

331 5562 621 5617 ludibrium
659 5569 864 5616 utatur.
913 5560 1012 5627 Qui
1043 5559 1187 5613 enim
1251 5558 1499 5612 homines
1555 5555 1782 5609 leviores
1847 5554 1901 5607 in

328 5657 657 5709 dementiam
682 5655 1012 5717 inciderunt,
1037 5652 1073 5706 ii
1101 5652 1364 5721 pessimus
1384 5657 1438 5703 et
1464 5628 1904 5717 perversissimas

330 5751 570 5802 actiones
621 5755 808 5818 suane
866 5757 1057 5802 natura
1108 5746 1544 5817 aggrediuntur:
1601 5743 1721 5801 loco
1753 5757 1882 5813 ergo

2013 3169 2148 3224 Θεοῦ
2199 3167 2431 3240 Μεγάλῃ
2499 3167 2830 3243 Ἐκκλησίᾳ,
2901 3166 3040 3235 μετά
3100 3165 3161 3219 τὸ
3203 3163 3472 3233 προϐῆναι
3523 3161 3592 3214 τὰ

2013 3260 2447 3332 ἐκκλησιαστικᾰ
2470 3259 2555 3313 ἐπ’
2592 3258 2746 3332 αὐτῷ
2776 3258 3027 3329 ἐπιτίμια
3066 3258 3208 3313 κατὰ
3237 3258 3337 3330 τὴν
3359 3256 3589 3327 νομικὴν

2013 3353 2421 3424 παρατήρησιν,
2469 3350 2830 3422 ὲνδημοῦντος
2865 3351 2965 3422 μὲν
3014 3351 3108 3404 τοῦ
3159 3349 3486 3422 κρατοῦντος
3522 3350 3589 3417 τῇ

2014 3444 2379 3517 βασιλευούσῃ
2406 3443 2515 3497 τῶν
2552 3444 2781 3504 πόλεων.
2820 3442 2955 3514 παρ’
3000 3443 3167 3498 αὑτοῦ
3204 3441 3591 3511 ἀποσταλήσε-

2009 3554 2100 3590 ται
2122 3539 2204 3598 εἰς
2232 3535 2293 3590 τὸ
2320 3535 2487 3606 θέμα,
2516 3537 2702 3590 ὁποῖον
2738 3535 2806 3590 ἂν
2836 3534 3093 3607 ὲπικρίνῃ
3120 3550 3133 3564 ·
3173 3532 3312 3588 ὥστε
3342 3532 3433 3586 τὸν
3458 3535 3590 3601 χρνέ⁶

2010 3650 2102 3686 νον
2132 3632 2230 3701 τῆς
2257 3631 2390 3716 ξλης
2424 3629 2593 3683 αὑτοῦ
2628 3628 2772 3700 ζωῆς
2796 3628 2977 3682 ἐκεῖσε
3001 3626 3358 3690 διαϐιϐάζειν,
3390 3624 3486 3677 καὶ
3512 3624 3589 3694 μὴ

2010 3723 2224 3779 ἐκεῖθεν
2255 3722 2701 3793 ἀποδιδράσκειν,
2736 3718 2879 3774 ὥστε
2908 3718 3329 3790 ὲπανατρέχειν,
3368 3716 3496 3771 ἔνθα
3528 3717 3590 3768 τὸ

2008 3816 2104 3870 τοῦ
2137 3816 2297 3886 φόνου
2342 3815 2514 3885 μῦσος
2547 3814 2865 3887 εἰργάσατο.
2909 3811 3346 3885 ’Δποδημοΰντος
3370 3811 3427 3866 δὲ
3457 3810 3588 3872 ἴσως

2006 3907 2101 3962 τοῦ
2137 3907 2428 3978 βασιλέως,
2475 3908 2631 3979 παρά
2671 3907 2765 3962 τοῦ
2807 3905 3074 3976 ἐπάρχου,
3110 3904 3187 3968 ὡς
3229 3904 3467 3977 εἴρηται,
3506 3905 3588 3966 είς

2006 4017 2130 4052 τινα
2153 4000 2262 4053 τῶν
2292 4000 2631 4071 πορρωτέρω
2668 3998 2865 4070 χωρῶν
2899 3998 3337 4069 ἑξορισθήσεται,
3368 3998 3464 4051 καὶ
3493 3995 3584 4048 τὸν

2006 4092 2106 4161 τῆς
2137 4090 2285 4161 ζωῆς
2319 4092 2487 4146 αὐτοῦ
2530 4090 2726 4162 χρόνον
2768 4091 2950 4145 ἐκεῖσε
2997 4090 3263 4145 διανύσει.
3296 4086 3393 4143 Ἂν
3430 4086 3486 4141 δέ
3520 4103 3585 4155 γε

2012 4183 2087 4253 μὴ
2125 4183 2288 4252 μόνον
2313 4182 2603 4248 ἑκουσίως,
2630 4181 2767 4235 ἀλλά
2796 4182 2891 4235 καὶ
2920 4183 2983 4237 ὲκ
3012 4181 3269 4252 μελέτης,
3301 4180 3393 4233 τὸν
3425 4180 3586 4248 φόνον

2008 4268 2333 4345 ὲργάσοιτοί
2367 4277 2470 4328 οὐκ
2509 4274 2993 4344 ἀναγκασθήσεται
3028 4273 3174 4327 κατὰ
3206 4274 3305 4343 τὴν
3345 4272 3589 4341 προρρη-

2008 4368 2194 4421 θεῖσαν
2223 4366 2515 4437 βασιλικὴν
2560 4366 2806 4434 διάταξιν
2855 4367 3228 4436 ἀποκαρῆναι.
3271 4364 3331 4416 El
3359 4362 3468 4432 γὰρ
3497 4361 3587 4413 τὸν

2006 4458 2272 4522 ἑκουσίως
2298 4461 2364 4530 τῇ
2399 4458 2711 4529 ἀποκάρσει
2746 4458 3157 4530 προστρέχοντα
3186 4458 3286 4510 οὐκ
3318 4454 3585 4508 ἀπεντεῦ·

2002 4550 2094 4606 θεν
2156 4552 2189 4621 ἡ
2238 4551 2501 4620 κανονικὴ
2549 4550 2809 4623 ἀκρίϐεια
2860 4552 2938 4612 εἰς
2963 4546 3134 4617 αὐτὴν
3189 4547 3581 4618 παραδέχεται,

2002 4642 2139 4695 ἁλλά
2168 4641 2364 4713 καιρὸν
2392 4640 2543 4713 αὖτῷ
2574 4642 2665 4695 τὸν
2700 4637 2977 4713 ἀρκοῦντα
3007 4641 3451 4711 ἐπιμετρήσασα,
3487 4637 3584 4690 καὶ

2000 4735 2069 4788 δι’
2100 4735 2266 4790 αὑτοῦ
2296 4735 2357 4789 τὸ
2397 4736 2496 4806 τῆς
2543 4734 2771 4805 γνώμης
2823 4734 3035 4787 ἐκείνου
3087 4732 3305 4804 βέϐαιον
3346 4732 3457 4783 εἴτε
3490 4729 3584 4783 καὶ

2001 4824 2216 4893 ἀπαγὲς
2264 4823 2629 4895 βασανίσασα,
2681 4826 2842 4896 εἴπερ
2890 4825 3115 4895 εὑρήσει
3156 4824 3248 4876 τὸν
3293 4822 3585 4894 ἄνθρωπον

2001 4918 2069 4984 τῇ
2102 4915 2162 4980 ἐξ
2194 4917 2370 4985 ἀρχῆς
2400 4916 2661 4986 προθέσει
2691 4916 3034 4987 ποιχοῦντα.
3072 4918 3168 4970 καὶ
3194 4915 3271 4986 τῷ
3304 4914 3585 4985 μοναχικῷ

2005 5006 2365 5075 πολιτεύματι
2390 5009 2487 5060 καὶ
2519 5009 2585 5078 τῇ
2626 5008 2894 5081 νεκρώσει
2936 5008 3030 5061 τοῦ
3079 5007 3335 5077 σώματος
3368 5008 3583 5071 ἀόκνως

2003 5096 2196 5153 ἑαυτὸν
2225 5100 2745 5167 παρασκευάζοντα,
2779 5101 2964 5155 ἔκτοτε
2996 5100 3091 5156 καὶ
3112 5097 3212 5173 τὴν
3246 5095 3340 5155 τοῦ
3371 5097 3583 5168 ἀγαθοῦ
3620 5090 3623 5095 ’

2003 5190 2170 5261 ἔργου
2225 5190 2376 5259 αὐτῷ
2433 5193 2836 5262 προσεπιφέρει
2870 5190 3293 5264 συμπλήρωσιν,
3351 5194 3430 5254 εις
3483 5188 3584 5262 τὴν

2007 5282 2307 5356 μοναχικὴν
2342 5284 2617 5338 πολιτείαν
2644 5301 2706 5337 τε
2732 5284 3158 5358 παραδεξαμένη
3190 5285 3283 5339 καὶ
3311 5287 3586 5338 κατάσταέ

2006 5392 2091 5428 σιν
2118 5392 2131 5407 ·
2168 5377 2284 5440 πῶς
2308 5377 2409 5431 οὐκ
2438 5377 2504 5430 ἂν
2539 5377 2624 5447 εἴη
2663 5378 2877 5447 ἄλογον,
2913 5380 3009 5432 καὶ⁵
3043 5381 3155 5443 τοῖς
3186 5377 3585 5447 πνευματικοῖς

2004 5466 2191 5535 νόμοις
2239 5466 2469 5540 ἀπᾷδον,
2524 5469 2946 5537 ἀναγκαστικῶς
2997 5468 3392 5541 ἀποκείρεσθαί
3437 5485 3581 5532 τινα,

2006 5559 2106 5612 καὶ
2133 5558 2309 5613 ταῦτα
2342 5561 2534 5630 φονέα,
2576 5562 2634 5614 ὃν
2661 5562 2823 5633 μέχρι
2847 5562 3105 5617 τοσούτου
3136 5563 3269 5626 Θεὸς
3299 5561 3586 5632 ἐγκατέλι-

2011 5669 2131 5715 πεν,
2196 5651 2338 5705 ὥστε
2396 5654 2492 5706 καὶ
2545 5655 2820 5725 ἀδελφικῷ
2878 5654 3183 5725 χρανθῆναι
3237 5654 3338 5717 τὰς
3395 5656 3585 5724 χεῖρας

2001 5746 2197 5816 αἵματι
2232 5763 2247 5813 ;
2282 5747 2412 5809 Δέος
2457 5747 2566 5815 γὰρ
2600 5747 2799 5818 μήπως
2844 5747 3088 5817 ἀκουσίῳ
3126 5747 3444 5819 προαιρέσει
3493 5744 3583 5798 τὸν
