4076 6392
360 407 466 474 61⁸1

1334 407 1414 472 ΙΝ
1458 411 1700 471 EPIST.
1746 411 1808 469 S.
1853 406 2137 467 BASILII
2179 405 2614 468 CANONICAM
2658 407 2702 467 Ι.

3527 407 3625 472 (=18

358 521 654 592 άγγελικὸν
715 522 828 591 βίον
868 521 1137 584 ὑπελθὼν,
1182 523 1277 574 καὶ
1319 523 1409 593 βίᾳ
1435 521 1626 575 τοῦτον
1657 520 1952 583 καταδεξά-

2061 525 2300 573 tonsura:
2347 519 2540 573 statuit
2589 534 2708 573 mea
2760 517 3052 587 imperialis
3109 521 3384 590 tuajcstas,
3439 535 3496 577 ut
3541 527 3631 592 qui

363 633 546 684 μενος,
583 615 663 676 είς
700 615 1022 683 ὲμπαιγμδν
1067 615 1142 684 τῷ
1196 615 1462 687 φρικώδει
1506 615 1775 684 χρήσεται
1821 613 1952 682 σχή-

366 725 518 776 ματι.
553 707 841 774 Πεφύκασι
871 708 980 777 γὰρ
1031 709 1079 761 οἱ
1132 705 1240 760 τῶν
1269 706 1576 776 ἀνθρώπων
1607 705 1949 777 κουφότεροι.

361 803 442 861 εἰς
493 800 754 852 ἀπόνοιαν
797 798 1154 869 ἐμπεσόντες,
1201 798 1296 852 καὶ⁵
1338 800 1458 860 ταῖς
1499 800 1808 869 ’χειρίσταις
1857 797 1952 850 καὶ

362 889 855 961 παραϐολωτέραις
893 889 1200 960 ὲπιτολμᾷν
1238 889 1526 960 πράξεσιν.
1583 888 1732 940 Ἀντὶ
1771 887 1952 940 τοίνυν

362 982 460 1048 τῆς
509 979 872 1049 άποκάρσεως
913 980 1199 1049 νομοθετεῖ
1236 981 1269 1049 ἠ
1304 979 1553 1049 βασιλεία
1583 995 1684 1047 μου
1719 977 1811 1030 τὸν
1857 994 1951 1030 πε-

365 1071 805 1141 πλημμεληκότα
866 1072 1026 1139 φόνον
1085 1071 1528 1142 μεμελετημένον
1585 1071 1838 1123 ἑκούσιον
1890 1071 1950 1123 ὲν

370 1163 586 1232 φυλακῇ
614 1164 680 1215 δι’
713 1162 832 1215 ὅλον
862 1163 954 1214 τὸν
983 1163 1174 1232 χρόνον
1201 1164 1302 1230 τῆς
1331 1161 1480 1232 ζωῆς
1516 1162 1683 1215 αὑτοῦ
1717 1161 1947 1229 διάγειν,

371 1257 467 1308 καὶ
508 1255 782 1324 μηδέποτε
834 1254 1045 1307 ἐκεῖθεν
1081 1255 1429 1324 ὲξέρχεσθαι,
1481 1255 1604 1324 μηδ’
1651 1254 1760 1307 άπὸ
1797 1255 1951 1324 βασι-

366 1347 526 1416 λικῆς
559 1348 690 1407 ἴσως
735 1345 1107 1415 προστάξεως,
1157 1346 1300 1399 κατά
1345 1345 1518 1416 λήθην
1557 1346 1948 1416 ποριζομένης.

377 1440 503 1492 Ἐπὶ
535 1439 591 1492 δὲ
631 1443 754 1503 ταῖς
807 1439 1158 1509 περιουσίαις
1207 1440 1388 1492 αὐτῶν
1427 1439 1676 1505 γίνεσθαι
1711 1438 1892 1500 καθὼς
1923 1438 1952 1488 ὁ

367 1531 880 1601 προμνημονευθεὶς
915 1530 1171 1598 βασιλεὺς
1219 1530 1526 1595 διετάξατο.
1596 1531 1750 1583 Ἐπεὶ
1796 1531 1852 1582 δὲ
1901 1533 1951 1584 oi

369 1623 590 1684 πλείους
638 1617 748 1674 τῶν
800 1622 1004 1689 φονέων
1055 1623 1118 1674 ἐκ
1179 1623 1410 1692 μελέτης
1463 1623 1557 1676 καὶ
1609 1623 1953 1692 διασκέψεως

371 1715 495 1776 τοὺς
538 1715 733 1780 φόνους
764 1715 1269 1784 κατεργαζόμενοι,
1319 1715 1512 1768 ἔπειτα
1557 1719 1623 1786 τῇ
1673 1717 1954 1788 ἁγιωτάτῃ

373 1806 467 1855 τοῦ
511 1803 646 1855 Θεοῦ
685 1804 916 1876 Μεγάλῃ
965 1805 1259 1876 Ἐκκλησία
1293 1805 1703 1876 προσελθόντες,
1739 1807 1838 1876 οὐχ
1875 1808 1952 1870 ὡς

373 1898 566 1965 γέγονε
602 1897 732 1966 παρ’
783 1896 962 1948 αὐτῶν
1009 1898 1036 1948 ό
1073 1897 1256 1964 φόνος,
1315 1897 1454 1949 ἀλλὰ
1495 1897 1631 1968 πρὸς
1659 1897 1720 1949 τὸ
1751 1899 1954 1952 οἰκεῖον

373 1985 653 2054 συμφέρον
685 1985 966 2038 ποιοῦνται
996 1985 1094 2055 τὴν
1117 1988 1532 2057 ἐξομολόγησιν,
1558 1989 1660 2057 τὴν
1691 1988 1952 2058 ἀλήθειαν

373 2081 884 2151 παρακρύπτοντες,
949 2082 1390 2150 παρακελεύεται
1447 2085 1478 2150 ἡ
1533 2084 1782 2151 βασιλεία
1849 2101 1952 2151 μου

371 2174 588 2242 γραφὴν
625 2174 872 2240 γίνεσθαι
917 2173 1010 2226 τοῦ
1055 2175 1198 2226 κατὰ
1237 2174 1465 2244 καιροὺς
1511 2175 1818 2242 άγιωτάτου
1851 2192 1955 2227 πα-

370 2265 636 2335 τριάρχου
676 2265 798 2334 μετ’
839 2265 1119 2334 ἐπιτιμίου
1155 2268 1291 2335 πρὸς
1331 2267 1423 2318 τὸν
1466 2266 1608 2318 κατὰ
1633 2266 1820 2337 χώραν
1853 2269 1952 2337 ἀρ-

369 2360 559 2426 χιερέα
591 2358 686 2410 καὶ
714 2358 807 2409 τὸν
848 2357 940 2410 ὑπ’
973 2357 1138 2411 αὑτὸν
1170 2357 1392 2427 κλῆρον,
1428 2357 1564 2410 ἀλλὰ
1594 2359 1699 2428 μὴν
1731 2359 1825 2412 καὶ
1860 2360 1951 2413 τὸν

371 2446 467 2498 τοῦ
515 2447 751 2514 θέματος
783 2448 1091 2518 διαιτητὴν,
1139 2448 1233 2502 καὶ
1262 2445 1448 2512 καθὼς
1491 2449 1656 2518 μάθοι
1695 2451 1951 2517 γενέσθαι

371 2541 463 2588 τον
495 2539 654 2605 φόνον
688 2536 795 2588 ἀπὸ
818 2538 914 2605 τῆς
939 2536 1165 2589 ἐκείνων
1199 2537 1566 2606 ἀντιγραφῆς,
1598 2537 1742 2590 οὕτω
1779 2541 1954 2590 ποιεῖν

373 2631 468 2680 καὶ
501 2628 602 2696 τὴν
637 2629 983 2694 ὲπεξέλευσιν
1013 2643 1028 2659 ο
1053 2629 1148 2681 καὶ
1185 2627 1260 2698 μὴ
1286 2628 1376 2680 τὸν
1405 2628 1470 2681 ὲκ
1495 2627 1727 2697 μελέτης
1761 2629 1955 2696 φονεύ-

372 2737 524 2780 οντα,
550 2721 637 2774 διὰ
667 2720 766 2789 τὴν
797 2718 965 2788 ψευδῆ
993 2718 1338 2788 ἐξαγορείαν,
1371 2718 1470 2781 τὰς
1495 2719 1584 2772 τοῦ
1616 2720 1758 2773 κατὰ
1781 2720 1954 2790 τύχην

378 2811 469 2866 καὶ
503 2810 829 2880 ἁπροόπτως
865 2809 942 2879 τῷ
969 2809 1196 2878 τοιούτῳ
1231 2810 1622 2880 περιπεσόντος
1645 2813 1954 2882 ἐγκλήματι

371 2900 626 2971 δέχεσθαι
658 2901 848 2964 ποινὰς
880 2901 978 2954 καὶ
1007 2904 1075 2954 τά
1109 2902 1385 2972 ἐπιτίμια.
1412 2903 1478 2955 Εἴ
1505 2920 1588 2966 τις
1622 2904 1810 2973 μέντοι
1844 2905 1951 2959 τῶν

375 2995 600 3063 φονέων,
640 2998 706 3066 τῇ
737 2995 1015 3066 ἁγιωτάτῃ
1062 2993 1292 3068 Μεγάλῃ
1342 2995 1676 3066 προσφυγὼν
1719 2997 1950 3070 Ἐκκληο

378 3087 486 3157 σία,
517 3091 610 3138 καὶ
632 3086 664 3156 ἢ
690 3089 756 3156 τῇ
787 3088 1048 3157 ἀειφυγίᾳ
1076 3085 1454 3157 κατακριθεὶς,
1481 3086 1513 3156 ἢ
1542 3087 1760 3157 δέσμιος
1789 3085 1950 3158 εἶναι,

376 3181 468 3232 καὶ
510 3181 567 3230 έν
602 3177 1234 3248 φυλακῇ-ἐγκεκλεῖσθαι
1281 3181 1412 3249 παρ’
1457 3181 1588 3252 ὅλην
1640 3182 1807 3236 αὑτοῦ
1853 3186 1952 3254 τὴν

374 3271 543 3340 ζωὴν,
573 3273 773 3342 εὑρεθῇ
817 3273 1004 3334 ἄνετος
1053 3274 1448 3343 ἐμπεριπατῶν
1496 3274 1628 3329 ἔνθα
1669 3277 1760 3330 τὸν
1793 3278 1954 3347 φόνον

374 3363 692 3433 εἰργάσατο,
726 3365 942 3434 δέσμιος
977 3367 1132 3435 παρὰ
1175 3365 1268 3418 τοῦ
1311 3366 1454 3420 κατὰ
1498 3366 1681 3438 χώραν
1713 3369 1953 3440 πράκτο-

379 3471 468 3524 ρος
497 3455 939 3525 ἀποσταλήσεται
979 3459 1058 3520 είς
1091 3457 1188 3526 τὴν
1217 3459 1501 3528 βασιλείαν
1532 3477 1634 3528 μου
1659 3477 1672 3490 ·
1719 3463 1812 3514 καὶ
1850 3463 1954 3517 ὅσα

377 3546 432 3597 δὲ
459 3546 580 3599 τότε
614 3548 1036 3618 παρευρεθῶσιν
1064 3551 1230 3601 αὐτοῦ
1277 3551 1607 3620 πράγματα,
1644 3553 1723 3616 είς
1762 3554 1953 3623 κέρδος

378 3639 532 3690 ἔσται
580 3637 658 3709 τῷ
701 3641 996 3710 πράκτορι,
1033 3641 1124 3694 καὶ
1160 3641 1236 3712 τῷ
1277 3643 1367 3694 τὸν
1414 3643 1582 3711 φονέα
1637 3646 1956 3715 καταμηνύ-

379 3745 549 3792 σαντι,
583 3731 781 3801 ἐπίσης
819 3732 952 3802 παρ’
988 3731 1170 3786 αὐτῶν
1223 3734 1561 3804 μεριζόμενα
1591 3751 1605 3765 °
1642 3736 1867 3806 μελήσει
1896 3737 1955 3790 δὲ

375 3823 591 3885 πάντως
621 3818 714 3876 καὶ
739 3827 852 3887 τοῖς
885 3827 940 3877 ἐν
965 3827 1030 3896 τῇ
1074 3825 1355 3898 ἁγιωτάτῃ
1385 3826 1614 3899 Μεγάλῃ
1653 3829 1956 3898 Ἐκκλησία

373 3917 480 3970 τῶν
508 3917 769 3970 τοιούτων
801 3918 1109 3987 διαιτηταῖς
1139 3919 1279 3988 μετὰ
1319 3921 1707 3990 προσηκούσης
1735 3937 1954 3976 κανονι-

373 4007 476 4076 κῆς
515 4008 822 4077 αὐστηρίας
853 4008 921 4062 τὰ
955 4008 1152 4076 φονικὰ
1189 4009 1440 4072 κολάζειν
1481 4010 1824 4081 ἐγκλήματα,
1861 4011 1956 4064 καὶ

378 4098 453 4168 μὴ
494 4101 621 4161 τοὺς
654 4102 902 4169 χρόνους,
948 4100 1024 4163 ὡς
1071 4101 1255 4173 ἔτυχε,
1293 4103 1632 4172 συντέμνειν,
1670 4104 1766 4157 καὶ
1819 4105 1956 4174 μηδὲ

374 4190 460 4258 ἐφ’
487 4187 567 4253 οἷς
597 4192 659 4244 οὐ
690 4191 796 4262 χρὴ
826 4192 990 4244 πλέον
1013 4192 1108 4245 τοῦ
1135 4194 1346 4257 εἰκότος
1381 4194 1952 4279 φιλανθρωπεύεσθαι.

379 4282 500 4334 Ἴσα
554 4284 740 4353 μέντοι
781 4283 874 4336 τοῦ
929 4284 1198 4354 παρόντος
1237 4283 1619 4355 διατάγματος
1660 4286 1758 4356 τῆς
1802 4288 1957 4357 βασι-

377 4373 524 4436 λείας
587 4393 690 4444 μου
743 4375 1133 4447 ὑπογραφέντα
1163 4375 1317 4446 παρά
1363 4376 1473 4431 τῶν
1531 4379 1957 4448 προϊσταμένων

371 4465 483 4517 τῶν
543 4466 916 4537 δικαστηρίων
973 4465 1352 4521 ἀποσταλέντα
1406 4469 1528 4530 ταῖς
1580 4468 1721 4522 κατὰ
1771 4469 1956 4539 χώραν

2057 606 2419 661 voluntariam
2477 609 2678 663 caedem
2731 617 2892 677 capto
2944 610 3170 666 consilio
3217 617 3631 682 perpetraverit,

2055 697 2109 750 in
2142 700 2389 752 custodia
2429 709 2542 755 toto
2577 701 2702 755 vita:
2731 717 2842 755 suae
2884 711 3125 772 tempore
3177 705 3380 774 degat:
3430 715 3483 761 et
3534 722 3634 762 nec

2058 790 2208 844 illinc
2259 791 2477 860 quidem
2544 808 2785 862 unquam
2837 796 3102 850 educatur
3162 812 3261 850 nec
3297 797 3450 866 jussu
3492 798 3635 852 forte

2056 882 2416 952 imperatorio
2474 899 2569 953 per
2628 885 2957 941 oblivionem
3011 887 3280 943 exhibito.
3339 891 3413 944 De
3443 901 3631 944 eorum

2058 983 2238 1028 autem
2273 975 2632 1031 facultatibus-
2656 977 2770 1042 fiat,
2805 979 2948 1032 sicut
2979 979 3148 1047 jussit
3181 981 3482 1050 imperator
3513 998 3632 1037 me-

2057 1073 2321 1121 moratus.
2351 1067 2487 1132 Quia
2521 1079 2700 1122 autem
2732 1069 2913 1138 plures
2967 1070 3276 1134 homicidae,
3311 1075 3402 1142 qui
3432 1073 3632 1128 caedem

2057 1158 2318 1210 meditato
2361 1168 2414 1212 et
2443 1160 2674 1215 consilio
2708 1172 2869 1231 capto
2900 1174 3237 1234 perpetrant,
3273 1167 3338 1218 ad
3393 1167 3632 1223 sanctis-

2056 1250 2249 1304 simam
2287 1249 2380 1304 Dei
2417 1250 2664 1319 Magnam
2692 1252 2992 1309 Ecclesiam
3048 1269 3232 1326 postea
3289 1261 3630 1323 accedentes,

2058 1355 2165 1392 non
2193 1348 2249 1393 ut
2277 1338 2419 1392 facta
2453 1351 2536 1395 est
2568 1358 2595 1394 a
2631 1357 2711 1406 se,
2748 1345 2840 1398 sed
2873 1354 2932 1396 ttt
2961 1347 3025 1398 ad
3060 1361 3214 1398 suam
3265 1347 3392 1402 facit
3425 1351 3634 1404 utilita-

2059 1439 2186 1495 tem,
2218 1431 2499 1486 veritatem
2530 1432 2793 1500 celantes,
2825 1436 3024 1491 caedem
3072 1438 3436 1505 conﬁtentur;
3481 1440 3635 1508 jubet

2056 1538 2173 1576 mea
2217 1523 2519 1592 imperialis
2567 1525 2893 1591 sublimitas,
2930 1538 2986 1582 ut
3044 1544 3074 1584 a
3133 1531 3482 1588 sanctissimo
3536 1548 3635 1602 pro
3708 1570 3711 1572 ›

2059 1624 2300 1684 tempore
2329 1615 2636 1686 patriarcha
2675 1619 2739 1671 ad
2773 1619 3014 1687 regionis
3069 1621 3389 1687 antistitem,
3429 1632 3504 1688 et,
3539 1625 3632 1693 qui

2057 1707 2106 1762 ci
2142 1708 2356 1772 subest,
2400 1709 2626 1775 clerum,
2658 1711 2952 1776 quinetiam
3000 1711 3066 1765 ad
3118 1714 3353 1782 regionis
3398 1715 3635 1781 judicem

2061 1817 2183 1856 cum
2238 1816 2414 1872 ρατηερ
2447 1804 2871 1860 comminatione
2930 1804 3227 1860 scribatur.
3278 1806 3345 1860 Et
3373 1809 3638 1876 quemad-

1987 1885 2030 1944 Β
2060 1895 2276 1948 modum
2321 1895 2520 1948 factam
2581 1911 2702 1974 esse
2755 1897 2954 1951 eandem
2999 1912 3065 1951 ex
3117 1899 3332 1952 illorum
3371 1903 3637 1965 rescripto

2057 1984 2408 2050 intellexerit,
2464 1985 2536 2039 ita
2590 2001 2708 2040 eam
2767 2002 2984 2056 quoque
3042 1987 3389 2043 ulciscatur:
3443 2000 3496 2044 et
3529 2005 3634 2044 non

2057 2091 2205 2142 eum,
2263 2079 2352 2145 qui
2385 2088 2542 2146 capto
2578 2077 2805 2133 consilio
2839 2080 3039 2134 caedem
3083 2080 3233 2149 facit,
3271 2091 3488 2150 propter
3525 2081 3632 2136 fal-

2057 2187 2174 2224 sam
2213 2185 2367 2224 suam
2399 2170 2825 2235 confessionem,
2863 2175 3082 2229 easdem
3115 2189 3306 2245 pcenas
3339 2178 3641 2246 eademque

2058 2260 2346 2330 supplicia,
2383 2277 2506 2330 quze
2537 2261 2762 2317 fortuito
2794 2274 2848 2318 et
2879 2267 3176 2334 improa'iso
3204 2267 3256 2320 in
3285 2269 3391 2322 tale
3420 2269 3636 2336 aliquod

2057 2353 2265 2407 crimen
2316 2353 2585 2419 incidens,
2616 2356 2831 2410 subeat.
2871 2355 2926 2410 Si
2958 2358 3080 2427 quis
3105 2368 3287 2412 autem
3341 2360 3636 2422 homicida,

2059 2443 2150 2513 qui
2177 2444 2242 2496 ad
2273 2444 2674 2499 sanctissimam
2702 2445 2947 2516 Magnam
2976 2447 3274 2504 Ecclesiam
3314 2451 3641 2519 confugerat

2060 2543 2114 2586 et
2139 2533 2222 2588 vel
2259 2544 2520 2605 perpetuo
2545 2537 2740 2590 exsilio
2768 2539 3185 2602 condemnatus,
3217 2540 3298 2594 vel
3328 2541 3379 2594 in
3410 2541 3641 2595 vinculis

2060 2636 2113 2679 et
2145 2631 2195 2680 in
2230 2639 2488 2697 perpetua
2518 2644 2639 2684 esse
2662 2633 2907 2686 custodia
2943 2641 3056 2687 toto
3083 2634 3207 2686 vitae
3237 2649 3346 2688 sua:
3398 2643 3640 2702 tempore

2048 2715 2238 2783 jussus
2273 2727 2411 2786 erat,
2448 2720 2693 2787 solutus,
2731 2721 2978 2777 inventus
3009 2724 3174 2779 fuerit
3229 2726 3281 2779 in
3337 2729 3452 2782 loco
3475 2767 3488 2790 ,
3544 2727 3636 2781 ubi

2059 2809 2260 2862 caedem
2297 2811 2650 2880 perpetravit,
2683 2813 2982 2878 ambulare,
3009 2815 3222 2870 vinetus
3267 2817 3333 2870 ab
3359 2827 3635 2884 exactore,

2059 2902 2150 2970 qui
2185 2911 2270 2956 est
2304 2903 2357 2957 in
2385 2904 2628 2973 regione,
2659 2905 2726 2959 ad
2761 2921 2934 2960 meam
2965 2909 3302 2977 imperialem
3329 2910 3636 2965 sublimita-

2061 3002 2166 3047 tem
2202 2993 2469 3058 mittetur,
2521 3003 2575 3050 ct
2611 3011 2950 3065 quaecunque
2979 2997 3197 3066 quidem
3253 3014 3340 3053 res
3400 3012 3529 3055 tunc
3579 3001 3630 3054 ei

2059 3087 2289 3144 inventa:
2323 3086 2548 3154 fuerint,
2583 3091 2827 3144 exactori
2878 3091 2933 3144 in
2980 3091 3190 3146 lucrum
3234 3088 3448 3157 cedent,
3501 3095 3634 3148 etei
3717 3138 3719 3140 .

2059 3177 2150 3244 qui
2187 3178 2516 3234 homicidam
2556 3179 2814 3234 indicavit
2838 3197 2902 3235 ex
2939 3197 3095 3250 aequo
3128 3182 3271 3236 inter
3297 3199 3392 3239 eos
3423 3184 3629 3239 divisa).
3712 3192 3718 3198 '

2058 3268 2298 3324 Omnino
2312 3280 2491 3324 autem
2523 3288 2668 3326 cura:
2692 3273 2796 3326 erit
2820 3272 2904 3335 iis,
2933 3273 3020 3340 qui
3052 3285 3177 3330 sunt
3207 3276 3260 3329 in
3291 3276 3635 3332 sanctissima

2057 3361 2253 3432 Magna
2287 3360 2557 3428 Ecclesia,
2593 3362 2811 3418 illorum
2866 3363 3161 3432 judicibus,
3194 3375 3252 3420 ut
3288 3382 3410 3421 cum
3442 3383 3636 3423 conve-

2059 3457 2244 3510 niente
2272 3455 2532 3508 canonica
2571 3454 2864 3508 severitate
2919 3455 3150 3510 crimina
3187 3457 3351 3512 caedis
3384 3459 3633 3528 puniant,

2057 3555 2110 3600 et
2145 3555 2389 3615 tempora
2420 3563 2526 3601 non
2573 3557 2779 3602 temere
2833 3549 3182 3614 contrahant,
3219 3565 3320 3604 nec
3347 3552 3629 3620 plusquam

2057 3652 2156 3706 par
2190 3637 2280 3701 sit,
2317 3638 2368 3690 in
2400 3637 2466 3692 iis
2501 3652 2622 3706 quae
2649 3654 2756 3699 non
2789 3639 2967 3703 decet,
3000 3656 3064 3698 se,
3087 3640 3232 3694 lenes
3257 3652 3311 3694 et
3342 3642 3636 3697 clementes

2059 3737 2336 3798 prmstent.
2421 3727 2722 3796 Imperialis
2790 3739 2970 3784 autem
3045 3746 3178 3785 meae
3232 3735 3639 3788 constitutionis

2058 3819 2326 3887 exempla,
2360 3817 2430 3872 ab
2457 3818 2522 3872 iis
2537 3820 2626 3887 qui
2653 3829 2890 3888 praesunt
2912 3819 3131 3889 judiciis
3150 3821 3442 3891 descripta,
3472 3825 3636 3879 missa

2060 3910 2127 3964 ad
2157 3909 2418 3965 ecclesias
2449 3925 2568 3978 quae
2614 3920 2741 3965 sunt
2778 3911 2831 3966 in
2880 3912 3101 3981 regione
3140 3913 3210 3967 ἰὺί
3263 3923 3635 3983 reportentur;

2062 4009 2122 4057 ut
2176 4015 2368 4056 eorum
2425 4015 2544 4068 qute
2595 3997 2723 4056 sdut
2753 4003 3072 4067 consututa,
3118 4019 3307 4060 omnes
3351 4005 3636 4060 scientiam

2060 4093 2322 4156 habeant,
2357 4101 2414 4148 ιιι
2445 4091 2653 4148 faciant
2678 4095 3136 4163 quemadmodum
3170 4096 3249 4150 eis
3279 4097 3637 4167 comprehen-

2058 4184 2229 4239 ditur.
2265 4183 2424 4251 Quod
2449 4185 2497 4239 si
2528 4185 2575 4239 is
2628 4185 2722 4253 qui
2749 4195 2907 4255 capto
2957 4186 3183 4241 consilio
3214 4189 3416 4242 caedem
3473 4189 3600 4244 fecit
3623 4231 3636 4250 .

2061 4287 2342 4332 tonsuram
2394 4293 2491 4333 sua
2527 4287 2719 4347 sponte
2753 4277 2999 4346 elegerit,
3043 4295 3148 4334 non
3203 4281 3407 4350 absque
3439 4285 3640 4350 proha-

2060 4369 2206 4423 tione
2243 4369 2386 4424 inter
2440 4371 2739 4425 monachos
2791 4372 3163 4438 cooptabitur,
3197 4374 3290 4428 sed
3351 4374 3638 4430 sullicienti

2065 4474 2308 4531 tempore
2326 4461 2734 4516 accuratissime
2756 4470 2806 4516 et
2827 4463 3241 4532 diligentissime
3262 4481 3328 4520 ex
3363 4467 3636 4522 canonicis

373 4558 694 4628 ἐκκλησίαις
721 4559 1124 4629 άποτεθήσεται
1146 4575 1159 4589 °
1183 4559 1325 4613 ὥστε
1352 4561 1559 4623 πάντας
1585 4561 1792 4631 εἴδησιν
1809 4561 1952 4632 ἔχειν

2063 4550 2548 4606 constitutionibus
2591 4553 2960 4613 examinatus,
3011 4563 3066 4607 et
3109 4555 3392 4626 probatus,
3443 4556 3492 4609 in
3522 4571 3638 4609 mo-

374 4649 484 4702 τῶν
519 4653 918 4722 διωρισμένων,
966 4652 1042 4715 ὡς
1083 4652 1150 4706 ἂν
1196 4653 1395 4706 ποιῶσι
1435 4653 1580 4705 κατὰ
1616 4653 1716 4722 τὴν
1745 4655 1950 4710 τούτων

375 4745 690 4813 περίληψιν.
722 4746 895 4814 Είπερ
927 4745 1110 4814 μέντοι
1134 4745 1162 4797 ὁ
1192 4745 1284 4799 τὸν
1321 4744 1764 4815 μεμελετημένον
1791 4748 1950 4816 φόνον

374 4837 750 4906 ἐργασάμενος
796 4837 1060 4899 ἑκουσίως
1113 4835 1290 4889 ἕλοιτο
1329 4836 1431 4905 τὴν
1474 4835 1803 4906 άπόκαρσιν,
1847 4840 1950 4891 οὐκ

375 4927 757 4998 ἀδοκιμάστως
790 4930 902 4991 τοῖς
945 4930 1199 4997 μοναχοῖς
1242 4929 1766 4999 ἐγκαταλεγήσεται,
1809 4929 1950 4983 ἀλλά

376 5010 512 5084 μἐτά
539 5019 742 5087 πολλῆς
766 5018 1052 5087 ἀκριϐείας
1083 5020 1176 5070 καὶ
1224 5015 1524 5082 ἐξετάσεως
1553 5019 1644 5072 τὸν
1669 5019 1947 5091 ἀρκοῦντα

2061 4642 2306 4698 nasterio
2360 4641 2446 4695 vel
2501 4642 2707 4698 invitus
2757 4651 2870 4698 toto
2933 4645 3056 4698 vitae
3114 4656 3355 4714 tempore
3419 4663 3640 4703 manere

2057 4744 2306 4806 cogetur,
2344 4749 2447 4789 nec
2486 4734 2536 4789 ei
2593 4749 2829 4803 unquam
2876 4735 3022 4790 illinc
3067 4739 3218 4792 exire
3269 4743 3636 4807 permittatur.

2057 4825 2446 4881 Monasterium
2481 4832 2661 4878 autem
2690 4825 2797 4880 erit
2826 4826 3048 4881 omnino
3082 4829 3136 4881 in
3168 4829 3273 4882 alia
3327 4829 3635 4898 provincia,

2057 4931 2112 4975 et
2142 4919 2316 4974 nonin
2343 4932 2406 4972 ea
2429 4926 2572 4970 terra
2601 4932 2723 4986 qua:
2751 4919 2947 4972 mortui
2974 4921 3296 4990 sanguinem
3345 4922 3635 4977 dehiscens

2057 5013 2196 5069 male
2216 5009 2472 5077 suscepit.

373 5112 564 5181 χρόνον
599 5113 740 5164 κατὰ
780 5112 879 5174 τὰς
900 5111 1194 5174 κανονικὰς
1211 5110 1486 5175 διατάξεις
1505 5111 1954 5183 βασανιζόμενος.
1990 5111 2082 5178 Τῷ
2116 5109 2300 5178 μέντοι
2334 5104 2686 5173 μοναστηρίῳ
2737 5103 2832 5156 καὶ
2865 5103 3015 5156 ἄκων
3067 5105 3398 5174 προσμένειν
3459 5109 3631 5176 ἁναγ·

371 5206 708 5274 κασθήσεται
741 5203 870 5273 παρ’
915 5202 1034 5255 ὅλον
1083 5203 1174 5254 τὸν
1207 5202 1307 5271 τῆς
1346 5203 1493 5272 ζωῆς
1531 5203 1696 5256 αὑτοῦ
1754 5206 1966 5275 χρόνον,
2006 5203 2278 5274 μηδέποτε
2307 5197 2500 5250 τούτου
2530 5194 2849 5266 ὲξέρχεσθαι
2891 5197 3363 5266 συγχωρούμενος.
3412 5200 3634 5266 Πάντως

369 5301 428 5352 δὲ
459 5299 519 5352 τὸ
549 5298 991 5368 μοναστήριονέν
1018 5295 1182 5366 ἑτέρᾳ
1221 5295 1374 5348 ἐσται
1417 5296 1679 5365 ἐπαρχίᾳ,
1721 5298 1815 5349 καὶ
1845 5297 1946 5348 οὐκ
1977 5298 2035 5348 ὲν
2071 5294 2259 5364 ἐκείνῃ
2300 5292 2367 5359 τῇ
2406 5290 2499 5358 γῇ,
2544 5288 2578 5354 ἢ
2610 5287 2670 5338 τὸ
2722 5286 2817 5338 τού
2870 5286 3124 5351 θανόντος
3184 5285 3323 5359 αἷμα
3396 5293 3639 5362 χανοῦσα

371 5392 556 5454 κακῶς
600 5389 918 5455 ὑπεδέξατο.

439 5489 686 5542 ΖΩΝΛΡ.
722 5488 860 5556 Περὶ¹
889 5486 1154 5539 ἑκουσίων
1177 5487 1272 5538 καὶ
1302 5487 1574 5540 ἀκουσίων
1599 5487 1775 5553 φόνων
1806 5489 1955 5557 ἠρω-

365 5575 504 5647 τήθη
539 5577 566 5628 ὁ
589 5577 768 5641 ἅγιος,
802 5567 897 5625 καὶ
927 5576 1068 5635 τέως
1115 5574 1208 5626 τὸν
1233 5574 1330 5644 τὴν
1352 5577 1544 5645 ἀξίνην
1570 5577 1953 5644 ἀκοντίσαντα,

366 5671 458 5722 καὶ
485 5668 772 5738 πλήξαντα
813 5665 988 5736 ταύτῃ
1043 5667 1144 5736 τὴν
1198 5668 1406 5720 οἰκείαν
1458 5669 1731 5738 γαμετὴν,
1786 5670 1953 5737 φονέα

367 5754 506 5811 εἶναι
541 5758 798 5811 ἑκούσιον
863 5753 1206 5826 ἀπεφήνατο,
1270 5758 1364 5808 καὶ
1428 5757 1608 5811 πάντα
1657 5759 1748 5810 τὸν
1804 5759 1953 5829 ξίφει

367 5849 648 5920 χρώμενον
705 5847 978 5920 οίῳδήτινι
1027 5847 1168 5900 κατά
1213 5863 1378 5908 τινος.
1415 5848 1658 5902 Ποιεῐται
1700 5850 1754 5904 δὲ
1808 5851 1947 5902 διαίσι

694 5944 962 6038 Patruus.
1019 5945 1132 6003 Gtt.
1187 5944 1562 6006 CXXXVIII.

2129 5481 2236 5554 63
2269 5475 2524 5532 ZONAR.
2560 5473 2634 5529 De
2679 5474 3003 5530 voluntariis
3035 5474 3498 5531 acinvoluutariis
3523 5493 3635 5532 cae-

2060 5575 2220 5629 dibus
2269 5572 2643 5638 interrogatus
2695 5576 2780 5618 est
2844 5575 3069 5620 sanctus
3107 5584 3119 5619 :
3157 5577 3323 5635 atque
3384 5567 3510 5620 hinc
3542 5568 3634 5635 qui

2058 5667 2292 5722 securim
2334 5661 2610 5732 jaculatus
2657 5667 2773 5725 est,
2815 5672 2989 5729 eaque
3047 5673 3274 5713 uxorem
3318 5673 3469 5713 suam
3506 5673 3631 5726 per-

2057 5757 2249 5820 cussit,
2291 5753 2619 5808 homicidam
2647 5766 2767 5806 esse
2798 5749 3167 5806 voluntarium
3211 5751 3628 5813 demonstravit,

2056 5859 2109 5905 et
2159 5849 2477 5917 quicunque
2529 5843 2706 5914 gladio
2757 5842 3010 5914 quopiam
3073 5842 3334 5896 adversus
3385 5841 3618 5911 aliquem

3247 5931 3324 5996 20
