4076 6390
456 406 575 467 θοις)

1737 391 2017 458 ΤΠΕΟΙ).
2057 389 2148 450 ΒΑ
2161 387 2462 451 LSAMON

3621 384 3736 447 (#24)

465 522 664 574 utitur.
699 514 1004 570 Discrimen
1043 525 1208 582 porro
1231 510 1514 565 constituit
1539 509 1681 561 inter
1703 504 2042 560 voluntarias

2167 517 2301 554 :saw
2325 501 2437 553 τῶν
2471 500 2741 554 ἑκουσίων
2778 500 2873 555 καὶ
2923 496 3198 552 ἀκουσίων
3236 495 3446 565 φόνων·
3485 498 3582 550 καὶ
3639 501 3734 552 τὸν

467 633 530 670 :tc
564 610 963 668 involuntarias
993 607 1168 660 caedes
1207 621 1220 658 :
1257 617 1320 657 ac
1349 616 1472 657 eum
1502 601 1605 669 'qui
1639 599 1910 660 inferam,
1958 597 2044 650 vel

469 711 722 762 a-rhorem
779 702 1016 773 lapidem
1066 699 1219 769 jecit,
1278 695 1552 748 hominem
1587 705 1716 744 vero
1762 690 1870 744 illic
1905 689 2044 742 forte

469 805 898 853 commorantem
925 792 1231 863 percussit;
1265 789 1408 842 illum
1427 799 1642 855 quoque
1666 784 1756 854 qni
1779 785 1892 836 loro
1913 821 1927 844 ,
1954 791 2046 835 aut
2081 839 2086 844 ,

469 891 573 944 levi
599 891 744 957 virga
779 883 1089 955 quempiam
1121 879 1420 946 disciplina:
1441 877 1611 945 gratia
1641 874 1967 932 verberavit,
1999 872 2044 928 si

468 982 794 1031 verticratns
818 976 1073 1034 intereat,
1100 968 1526 1024 invulnntarinm
1550 964 1906 1036 proculdubio
1954 963 2050 1013 ho-

469 1070 720 1122 micidam
753 1075 930 1121 vocat.
964 1064 1065 1130 Qui
1091 1073 1267 1116 autem
1298 1063 1348 1114 in
1369 1059 1714 1110 contentione
1740 1053 2046 1124 quempiam

473 1161 730 1214 solidiore
787 1157 982 1209 hacillo
1030 1163 1122 1207 ant
1175 1167 1338 1205 manu
1396 1149 1598 1203 acriter
1635 1147 1689 1200 in
1749 1146 2050 1214 prmcipuas

453 1261 652 1317 partes
709 1245 1003 1316 percussit,
1067 1241 1284 1297 etiamsi
1346 1239 1657 1293 interﬁcere
1715 1235 1858 1288 haud
1891 1233 2051 1286 vellet

468 1340 838 1400 vulneratum,
890 1336 983 1390 sed
1020 1334 1217 1387 laedere
1273 1341 1486 1384 tantum
1517 1337 1572 1383 et
1605 1327 1948 1397 propulsare,
1983 1324 2051 1375 ad

470 1429 838 1486 voluntarium
877 1425 1207 1480 homicidam
1239 1423 1483 1490 proxime
1518 1421 1778 1472 accedere
1799 1415 2050 1479 aﬂirmat,

451 1525 516 1576 si
548 1523 868 1575 vulneratus
895 1517 1151 1571 intereat.
1184 1513 1288 1579 Qui
1327 1521 1510 1566 autem
1543 1511 1687 1579 ligno
1716 1507 1866 1576 gravi
1891 1517 1941 1560 et
1974 1508 2054 1558 in-

475 1615 622 1678 genti
677 1611 854 1680 lapide
885 1611 1151 1662 adversus
1188 1605 1422 1673 aliquem
1476 1617 1608 1656 usus
1637 1598 1859 1658 occidit,
1886 1597 2053 1651 invo—

476 1706 773 1759 lnntarium
829 1701 971 1754 forte
1023 1699 1349 1753 homicidam
1380 1710 1502 1750 esse
1537 1692 1743 1747 deﬁnit.
1792 1691 1892 1756 Qui
1924 1703 2054 1744 vero

479 1811 610 1848 ense
637 1794 892 1864 quopiam
940 1802 1022 1845 est
1047 1805 1200 1856 usus,
1231 1799 1286 1844 et
1319 1790 1582 1849 latrones,
1613 1795 1668 1838 et
1699 1786 1792 1849 qui
1829 1783 2053 1836 bellicas

2152 593 2251 663 μὲν
2277 595 2367 646 ἐπὶ
2410 592 2657 662 θηρίονῆ
2690 592 2910 660 δένδρον
2943 590 3178 664 ῥίψαντα
3228 589 3399 652 λίθον,
3449 589 3734 659 πλήξαντα

2151 681 2210 734 δὲ
2238 682 2526 751 ἄνθρωπον
2550 681 2711 750 τυχὸν
2743 683 3009 751 παριόντα
3055 680 3174 733 ἐκεῖ
3193 695 3206 709 ⁸
3255 679 3353 733 καὶ
3387 680 3480 732 τὸν
3510 679 3672 749 λώρῳ
3701 682 3734 751 ἢ

2149 773 2360 842 ἐλαφρᾷ
2398 767 2892 842 ῥάϐδῳνπλήξαντά
2923 788 3046 824 τινα
3075 772 3167 822 διὰ
3222 771 3526 835 παίδευσιν,
3554 773 3648 823 ἑὰν
3682 774 3740 826 δὲ

2148 867 2176 916 6
2195 863 2428 932 πληγεὶς
2460 863 2732 933 ἀποθάνῃ,
2765 863 3024 915 ἀκούσιον
3046 861 3211 928 φονέα
3244 862 3401 914 καλεῖ
3428 861 3739 929 ἀναμφίὸοο

2151 954 2258 1007 λον.
2301 955 2403 1007 Τὸν
2444 955 2500 1006 δὲ
2534 957 2592 1007 ὲν
2628 954 2935 1023 φιλονεικίᾳ.
2990 953 3278 1024 πλήξαντά
3330 970 3452 1005 τινα
3498 953 3737 1021 στιϐαρᾷ

2154 1049 2355 1118 ῥάϐδῳ,
2387 1049 2419 1118 ἢ
2452 1052 2515 1116 τῇ
2543 1049 2688 1118 χειρὶ
2721 1045 2960 1116 ἀφειδῶς
3001 1049 3098 1099 ὲπὶ
3143 1047 3214 1099 τὰ
3269 1045 3498 1116 καίρια,
3521 1045 3625 1098 κᾶν
3662 1047 3739 1116 μὴ

2151 1139 2364 1193 ἀνελεῖν
2417 1139 2579 1210 ἤθελε
2618 1139 2711 1191 τὸν
2774 1139 3080 1209 πληγέντα,
3137 1138 3276 1190 ἀλλὰ
3327 1137 3584 1191 κακῶσαι
3647 1140 3742 1190 καὶ

2152 1224 2489 1298 ἀμύνασθαι,
2529 1226 2772 1295 ἐγγίζειν
2805 1227 2883 1298 τῷ
2929 1226 3193 1288 ἑκουσίως
3224 1227 3510 1294 φονεύοντι
3563 1225 3740 1306 λέγει,
3817 1272 3828 1278 -

2153 1319 2246 1373 τοῦ
2279 1319 2578 1389 πληγέντος
2617 1319 3030 1382 ἀποθανόντοςο
3059 1319 3155 1371 καὶ
3184 1319 3275 1370 τὸν
3324 1318 3465 1387 ξύλῳ
3497 1317 3551 1370 δὲ
3585 1317 3745 1386 βαρεῖ

2154 1414 2249 1467 καὶ
2287 1413 2419 1483 λίθῳ
2475 1411 2697 1482 μεγάλῳ
2729 1413 3079 1483 χρησάμενον
3131 1412 3273 1465 κατά
3301 1429 3467 1476 τινος,
3496 1412 3591 1464 καὶ
3614 1411 3744 1464 ἁνε-

2165 1505 2352 1571 λόντα,
2384 1506 2641 1560 ἀκούσιον
2661 1506 2804 1575 τάχα
2837 1505 3004 1575 φονέα
3051 1501 3192 1558 εἶναι
3226 1507 3494 1572 ὁρίζεται.
3557 1505 3661 1557 Τὸν
3686 1504 3745 1556 δὲ
3796 1518 3804 1525 ’

2157 1594 2299 1664 ξίφει
2329 1597 2674 1666 χρησάμενον
2698 1597 2994 1666 οίῳδήτινι,
3068 1597 3163 1648 καὶ
3190 1595 3314 1657 τοὺς
3370 1593 3596 1666 λῃστάς,
3645 1595 3744 1646 καὶ

2155 1690 2258 1750 τὰς
2309 1689 2534 1756 ἐφόδους
2604 1688 2892 1751 ποιοῦντας
2952 1687 3259 1757 πολεμικὰς
3335 1686 3425 1740 διὰ
3489 1687 3744 1756 ἁρπαγὰς

2159 1780 2483 1849 χρημάτων,
2510 1780 2791 1841 ἑκουσίους
2818 1778 3088 1848 φονευτὰς
3147 1772 3286 1830 εἶναι
3351 1777 3740 1844 ἀποφαίνεται.

464 1887 828 1939 incursiones
858 1884 1065 1936 l'acinnt
1105 1883 1174 1935 ob
1207 1880 1495 1945 rapiendas
1545 1879 1825 1947 pecunias,
1859 1876 2053 1928 volun-

2173 1872 2330 1924 Ἀλλὰ
2367 1873 2474 1942 μὴν
2506 1872 2757 1934 καὶτοὺς
2798 1872 3072 1940 φάρμακα
3124 1871 3367 1932 διδόντας
3436 1870 3574 1928 τισὶ.
3641 1869 3746 1920 κᾶν

475 1981 646 2032 tarios
704 1977 1008 2030 homicidas
1053 1989 1175 2028 esse
1213 1973 1598 2032 demonstrat.
1662 1970 1804 2036 Quin
1864 1978 1919 2020 ct
1958 1969 2048 2034 qui

476 2069 770 2136 pharmaca
829 2065 1069 2134 praebent
1122 2061 1419 2130 aliquibus.
1451 2061 1664 2112 etiamsi
1719 2056 2050 2119 interﬁcere,

449 2160 565 2228 -qui
598 2160 950 2232 pharmacnm
995 2155 1237 2217 miscuit,
1288 2153 1710 2220 haudquaquam
1760 2149 1813 2202 in
1873 2149 2054 2203 animo

481 2252 754 2313 nabuerit,
789 2251 882 2302 sed
927 2247 1160 2318 aliquem
1211 2244 1277 2298 ad
1313 2258 1550 2296 amorem
1598 2243 1767 2295 voluit
1797 2241 2051 2303 allicere;

472 2341 608 2396 illud
647 2355 777 2394 vero
809 2341 1064 2392 haustum
1101 2337 1374 2390 bibentem
1427 2334 1722 2396 interfecit,
1753 2340 1848 2386 ant
1880 2332 2057 2384 homi.

481 2435 568 2487 nis
621 2442 858 2486 mentem
894 2427 1143 2496 corrupit
1198 2425 1264 2478 ad
1302 2425 1568 2477 insaniam
1625 2438 1747 2475 eum
1783 2422 2053 2489 ,adigens,

481 2526 625 2578 inter
651 2523 986 2577 voluntarias
1021 2521 1198 2573 credes
1245 2525 1550 2570 enumerat.
1587 2513 1901 2567 Homicidas
1929 2528 2056 2567 vero

477 2615 738 2669 mulieres
785 2615 917 2666 dicit
980 2626 1075 2665 eas
1131 2623 1368 2679 quoque,
1408 2622 1528 2674 qua:
1583 2607 1874 2674 pharmaca
1925 2605 2058 2658 dant

2163 1963 2238 2032 μὴ
2266 1963 2529 2031 φονεῦσαι
2562 1964 2590 2015 6
2620 1964 2681 2016 τὸ
2705 1963 2996 2032 φάρμακον
3025 1963 3264 2032 κεράσας
3292 1961 3583 2028 προέθετο,
3608 1958 3746 2011 ἀλλὰ

2159 2054 2298 2122 πρὸς
2333 2055 2554 2124 φίλτρον
2602 2053 2989 2122 ἐπαγαγέσθαι
3053 2050 3179 2106 τινὰ
3234 2052 3507 2114 ἐϐούλετο,
3570 2052 3630 2102 τὸ
3685 2049 3745 2101 δὲ

2161 2145 2326 2197 ποθὲν
2361 2145 2540 2196 ἀνεῖλε
2567 2145 2656 2196 τὸν
2687 2144 2902 2206 πιόντα,
2936 2143 2967 2212 ἢ
3005 2143 3095 2196 τὸν
3137 2142 3263 2194 νοῦν
3315 2141 3408 2193 τοῦ
3453 2136 3745 2210 ἀνθρώπου

2161 2235 2464 2304 διέφθειρε,
2511 2238 2836 2308 παράφρονα
2867 2235 3102 2304 ποιῆσαν
3146 2233 3234 2286 τὸν
3284 2234 3594 2301 ἄνθρωπον,
3634 2231 3748 2289 τοῖς

2164 2329 2435 2387 ἑκουσίοις
2463 2330 2644 2396 φόνοις
2678 2328 2993 2398 ἑναριθμεί.
3031 2325 3364 2395 Φονευτρίας
3391 2325 3448 2377 δὲ
3475 2325 3624 2390 λέγει
3649 2325 3747 2374 καὶ

2163 2421 2258 2484 τὰς
2291 2421 2358 2472 τὰ
2389 2419 2764 2491 ἀμϐλωθρεδια
2791 2420 3041 2482 διδούσας
3070 2420 3362 2486 φάρμακα,
3394 2416 3491 2468 καὶ
3522 2415 3619 2478 τὰς
3660 2415 3750 2467 δε-

2164 2515 2399 2581 χομένας
2441 2513 2599 2574 αὐτὰ,
2632 2511 2814 2574 καθὼς
2845 2513 2938 2564 καὶ
2967 2515 3025 2562 ἑν
3053 2511 3132 2580 τῷ
3158 2511 3397 2579 δευτέρῳ
3429 2508 3594 2560 αὐτοῦ
3642 2523 3748 2560 κα-

2167 2606 2280 2653 νόνι
2321 2604 2424 2672 ἠδη
2450 2602 2808 2672 περὶτούτων
2831 2600 3095 2670 ὡρίσατο.

447 2711 728 2763 =abortnm
757 2707 978 2768 cientia,
1013 2718 1064 2760 et
1097 2720 1217 2774 quae
1248 2705 1333 2755 illa
1365 2703 1664 2768 accipiunt,
1693 2699 2150 2770 quemadmodum
2187 2698 2241 2750 in
2281 2697 2523 2750 secundo
2561 2697 2734 2764 ipsius
2759 2711 2974 2750 canone
2998 2697 3108 2762 jam
3137 2693 3204 2748 de
3251 2695 3352 2747 Inc
3386 2709 3442 2746 re
3480 2692 3747 2752 dcﬁniv".

549 2795 780 2850 ARIST.
817 2795 1094 2848 llon‘iicida
1127 2805 1209 2848 est
1262 2794 1352 2861 qui
1391 2792 1571 2845 securi
1606 2802 1795 2845 contra
1830 2804 2053 2843 uxorem

484 2902 616 2940 usus
647 2898 751 2941 est.
811 2884 1217 2938 lnvoluntarius
1260 2897 1390 2934 vero
1423 2881 1693 2934 homicida
1742 2880 1836 2947 qui
1882 2879 2059 2946 lapide

463 2978 537 3032 in
576 2993 768 3030 canem
824 2976 974 3044 jaeto
1031 2975 1304 3028 hominem
1358 2981 1641 3025 assecutus
1700 2978 1784 3024 est
1825 2986 1835 3020 :
1875 2980 1928 3022 et
1966 2969 2058 3037 qui

483 3070 717 3136 castigat
745 3071 880 3127 loro,
907 3077 959 3118 et
992 3069 1160 3132 virga.
1194 3066 1294 3128 Qui
1323 3066 1374 3117 in
1413 3078 1589 3131 pugna
1615 3063 1759 3131 ligno
1786 3062 1868 3114 vel
1897 3075 2059 3118 manu

483 3161 647 3212 ictum
713 3159 766 3208 in
805 3155 1109 3224 praecipuas
1150 3164 1329 3222 partes
1372 3159 1612 3218 torquet,
1646 3160 1699 3203 ct
1757 3149 2053 3214 interﬁcit,

481 3251 550 3304 ad
587 3249 950 3301 voluntarium
1002 3260 1169 3314 pt'0pe
1200 3245 1432 3300 accedit.
1466 3244 1567 3309 Qui
1598 3242 1796 3312 gladio.
1836 3253 1928 3294 aut
1963 3243 2059 3293 ali-

479 3357 592 3409 quo
640 3339 910 3408 ejusmodi
956 3353 1096 3392 usus
1149 3348 1254 3400 εει,
1288 3338 1512 3390 omnino
1561 3346 1646 3389 est
1691 3336 2056 3388 voluntarius.

467 3431 614 3486 .ltem
650 3432 796 3484 latro
825 3440 882 3485 et
915 3429 1108 3494 hostis,
1143 3438 1196 3481 et
1225 3428 1314 3496 qui
1348 3429 1509 3481 aliam
1538 3428 1607 3481 ob
1637 3442 1857 3482 causam
1892 3440 2056 3479 vene-

488 3537 614 3576 num
669 3520 897 3583 dederit,
935 3521 978 3574 si
1021 3518 1382 3583 interfecerit,
1411 3529 1493 3574 est
1525 3517 1857 3572 voluntarius
1882 3518 2058 3572 homi-

2242 2787 2466 2842 ΛΡΙΣΤ.
2522 2789 2743 2852 Φονεὺς,
2774 2790 2800 2839 6
2835 2788 2978 2840 κατὰ
3004 2788 3103 2854 τῆς
3144 2784 3402 2853 γυναικὸς
3433 2785 3588 2854 ἀξίνῃ
3609 2801 3750 2855 χρη·

2170 2883 2427 2950 σάμενος.
2471 2881 2751 2941 Ἀκούσιος
2813 2881 3076 2950 φονευτὴς
3129 2881 3158 2932 6
3223 2877 3372 2932 λίθον
3438 2881 3595 2947 ἀφεὶς
3651 2882 3750 2932 ἐπὶ

2171 2976 2329 3036 κύνα,
2361 2976 2453 3026 καὶ
2483 2974 2775 3042 ἀνθρώπου
2804 2973 2986 3042 τυχών
3011 2991 3024 3005 ·
3059 2976 3152 3026 καὶ
3188 2976 3216 3024 6
3261 2973 3532 3024 παιδεύων
3561 2972 3749 3040 ἱμάντι

2174 3066 2269 3116 καὶ
2299 3064 2467 3131 λύγῳ.
2517 3065 2574 3115 Ὀ
2603 3064 2658 3117 δὲ
2694 3065 2752 3117 ἑν
2780 3066 2928 3134 μάχῃ
2960 3063 3101 3131 ξύλῳ
3129 3063 3160 3131 ἦ
3188 3065 3330 3132 χειρὶ
3356 3063 3480 3123 δοὺς
3537 3062 3628 3113 ἐπὶ
3679 3062 3753 3113 τὰ

2170 3158 2361 3225 καὲρια
2411 3158 2504 3208 καὶ
2560 3156 2786 3218 ἀνελὼν,
2824 3156 2953 3225 ἄγχι
3000 3156 3092 3207 τοῦ
3151 3155 3422 3207 ἑκουσίου.
3495 3155 3553 3206 Ὀ
3607 3153 3753 3222 ξίφει

2169 3250 2579 3320 χρησάμενοςῆ
2622 3251 2850 3319 τοιούτῳ
2877 3253 3004 3314 τινδ,
3046 3250 3261 3310 πάντως
3307 3248 3576 3311 ἑκούσιος.
3641 3250 3754 3300 Καὶ

2172 3342 2455 3411 ὁλῃστὴς,
2511 3343 2608 3395 καὶ
2638 3343 2665 3394 6
2695 3344 2973 3412 πολέμιος,
3007 3345 3099 3395 καὶ
3149 3344 3176 3394 6
3227 3343 3294 3393 δι’
3351 3341 3518 3410 ἄλλην
3573 3339 3754 3392 αἰτίαν

2171 3435 2389 3497 ἐπιδοὺς
2423 3437 2739 3506 φάρμακον,
2775 3438 2824 3489 εἰ
2855 3437 3043 3506 ἀνέλῃ,
3098 3435 3348 3497 ἑκούσιος
3372 3451 3387 3465 ο
3426 3435 3522 3486 καὶ
3559 3435 3614 3485 al
3680 3434 3752 3484 τὰ

2170 3523 2550 3596 ἁμϐλωθρίδια
2581 3525 2842 3591 διδοῦσαι,
2882 3528 2974 3578 καὶ
3007 3528 3064 3579 at
3096 3527 3496 3595 λαμϐάνουσαι.

464 3620 628 3674 cida.
659 3618 792 3672 Item
823 3631 942 3685 qua:
976 3616 1367 3670 medicamenta
1401 3620 1650 3667 abortum
1683 3613 2035 3682 provocantis
2071 3614 2219 3681 dant,
2253 3628 2305 3672 et
2335 3634 2456 3688 qua:
2490 3621 2787 3690 accipiunt.

565 3713 993 3768 llomicidiorum
1030 3713 1276 3780 quaedam
1310 3720 1437 3765 sunt
1467 3709 1790 3775 voluntaria,
1827 3709 1927 3762 alia
1965 3724 2064 3762 an-

484 3822 590 3863 tem
646 3806 1012 3861 involuntaria
1049 3844 1064 3869 ,
1117 3804 1222 3858 alia
1261 3818 1390 3857 vero
1419 3803 1532 3857 fere
1569 3801 1922 3870 .voluntaria.
1959 3799 2061 3866 Qui

484 3901 634 3952 enim
673 3898 850 3951 seenri
897 3896 1130 3962 aliquem
1191 3895 1343 3964 petit,
1384 3904 1438 3947 et
1467 3909 1590 3947 eum
1641 3894 1861 3956 occidit,
1893 3901 1947 3945 et
1971 3893 2063 3962 qui

484 3997 552 4044 ad
617 3991 1053 4044 interfectionem
1090 3987 1269 4054 gladio
1304 4001 1435 4041 usus
1481 3995 1583 4049 est,
1618 3996 1672 4039 et
1720 3987 1981 4048 latrones,
2013 3995 2068 4039 et

481 4084 670 4134 hostes
700 4079 810 4148 (isti
834 4079 981 4132 enim
1007 4086 1228 4146 propter
1250 4075 1538 4142 pecuniam
1559 4074 1840 4138 occidunt,
1890 4073 1944 4127 hi
1970 4089 2066 4126 au-

487 4183 593 4223 tem
622 4169 965 4223 adversarios
989 4168 1280 4220 tnanifesto
1306 4167 1504 4220 vellent
1533 4165 1810 4233 occidere)
1828 4165 2068 4218 volunta-

488 4263 552 4314 rii
599 4261 914 4329 judicantnr
947 4259 1248 4312 homicidae.
1295 4256 1562 4310 Similiter
1593 4264 1645 4307 et
1671 4270 1797 4322 qua:
1828 4255 2068 4308 medica-

487 4364 668 4406 menta
694 4351 861 4406 fetum
895 4348 1144 4402 nccantia
1167 4349 1299 4400 dant
1323 4387 1338 4410 ,
1373 4353 1425 4397 et
1451 4359 1573 4413 quae
1592 4344 1779 4399 eadem
1807 4350 2061 4399 sumunt:

485 4456 540 4496 et
567 4458 687 4510 quan
725 4441 927 4495 vellent
965 4453 1205 4491 amorem
1245 4435 1477 4502 alicujus
1509 4435 1574 4488 ad
1624 4450 1683 4488 se
1732 4437 2010 4489 attrahere
2043 4452 2059 4490 :

2242 3715 2362 3767 Τῶν
2394 3716 2571 3783 φόνων
2608 3717 2658 3770 οἱ
2702 3718 2803 3786 μέν
2843 3721 2985 3770 εἰσιν
3019 3719 3278 3781 ἑκούσιοι,
3314 3721 3362 3771 οἱ
3393 3717 3449 3769 δὲ
3476 3717 3748 3772 ἀκούσιίιϋ

2169 3805 2294 3858 οίδὲ
2333 3807 2500 3874 ἐγγὺς
2529 3809 2804 3862 ἑκουσίου.
2853 3809 2912 3861 '0
2939 3809 3036 3878 μὲν
3095 3811 3205 3878 γὰρ
3244 3804 3534 3871 ἀκοντίσας
3557 3809 3750 3877 ἀξίνην

2169 3895 2311 3948 κατά
2341 3911 2486 3957 τινος
2537 3897 2630 3948 καὶ
2653 3897 2920 3962 φονεύσας
2945 3898 3142 3950 αὐτόν·
3194 3898 3287 3950 καὶ
3340 3900 3366 3949 6
3411 3898 3556 3966 ξίφει
3608 3914 3748 3966 χρη-

2174 3985 2411 4052 σάμενος
2441 3988 2521 4047 εἰς
2581 3987 2882 4056 ἀναίρεσιν,
2916 3988 3011 4040 καὶ
3065 3987 3115 4038 ol
3155 3987 3373 4058 lno-za‘,
3406 3989 3498 4039 καὶ
3551 3988 3598 4038 oi
3649 4003 3750 4037 πο-

2173 4072 2355 4142 λέμιοι
2396 4076 2468 4143 (οἱ
2507 4077 2604 4144 μὲν
2629 4077 2739 4145 γὰρ
2764 4078 2857 4129 διὰ
2885 4079 3144 4147 χρήματα
3189 4077 3531 4145 ἀναιροῦσιν,
3588 4079 3635 4129 οἱ
3691 4077 3752 4130 δὲ

2175 4165 2425 4236 φανερῶς
2483 4167 2694 4220 ἀνελεῖν
2749 4168 2994 4221 ἐθέλουσι
3087 4169 3211 4230 τοὺς
3287 4167 3754 4237 ἐναντιουμένους)

2176 4259 2417 4311 ἑκούσιοι
2447 4259 2726 4327 κρίνονται
2779 4262 3054 4328 φονευταί.
3105 4261 3381 4323 Ὡσαύτως
3432 4262 3488 4313 δὲ
3550 4263 3642 4314 καὶ
3697 4261 3754 4310 at

2171 4350 2414 4402 διδοῦσαι
2437 4352 2506 4403 τά
2539 4352 2919 4419 ἑμὸρυοκτόνα
2973 4354 3268 4420 φάρμακα,
3307 4352 3403 4404 καὶ
3429 4354 3484 4404 at
3536 4350 3755 4419 λαμῦάο

2178 4459 2367 4495 νουσαι
2420 4443 2630 4496 ταῦτα’
2696 4446 2792 4496 καὶ
2860 4445 2918 4496 at
2979 4445 3302 4514 βουλόμεναι
3357 4445 3580 4514 φίλτρον
3610 4446 3754 4506 τινὸς

485 4544 543 4590 et
577 4535 1034 4587 medicamentum
1065 4532 1512 4588 commiscentes,
1545 4529 1784 4594 illudque
1819 4529 1918 4597 ipsi
1953 4536 2058 4580 tra-

2178 4530 2312 4601 πρὸ;
2341 4533 2540 4592 ἑαυτὰς
2571 4533 2983 4600 ἀφελκύσασθαι
3003 4551 3016 4564 ·
3047 4537 3140 4588 καὶ
3173 4536 3584 4603 συγκεράσασαι
3615 4537 3758 4602 φάρ-

491 4629 707 4686 dentes,
763 4633 818 4674 ut
869 4619 1126 4673 tenebras
1165 4618 1464 4671 intellectui
1501 4617 1812 4682 oﬁ'undant,
1849 4619 1892 4672 si
1926 4619 2063 4671 reci-

489 4717 728 4783 pientem
763 4712 1088 4772 occiderint,
1135 4709 1436 4763 voluntarie
1481 4710 1816 4764 interemisse
1846 4709 2062 4776 judica-

496 4809 719 4859 hnntur.
749 4804 850 4868 Qui
887 4814 1066 4855 autem
1113 4801 1343 4867 lapidem
1374 4801 1430 4853 in
1453 4804 1644 4854 Canem
1676 4810 1772 4855 aut
1816 4801 2064 4854 arborem

483 4896 638 4962 iacit,
673 4897 739 4948 ad
795 4893 964 4948 ferant
1003 4891 1458 4963 pmpnlsandam,
1497 4901 1592 4945 ant
1628 4893 1860 4946 lructnn‘.
1901 4892 2069 4945 decue

493 4987 761 5050 tiendum,
798 4995 853 5040 et
887 4985 1162 5038 hominem
1197 4985 1426 5039 lortuilo
1455 4985 1682 5047 occidit,
1717 4984 1796 5038 vel
1832 4982 1924 5051 qui
1953 4984 2069 5036 loro

492 5087 587 5130 aut
615 5077 764 5146 virga
798 5078 1036 5144 aliquem
1067 5088 1384 5145 peccantem
1433 5076 1556 5128 ferit
1599 5084 1656 5128 nt
1685 5075 1959 5137 emendet,
2015 5083 2071 5126 et

489 5186 614 5222 eum
673 5170 957 5231 interﬁcit,
995 5169 1134 5222 inter
1192 5169 1582 5221 im'olttntarios
1639 5167 1940 5221 homicidas
1980 5181 2066 5219 re-

490 5270 833 5316 censentur:
886 5263 977 5330 qui
1030 5267 1212 5312 autem
1258 5260 1308 5312 in
1342 5276 1518 5328 pugna
1571 5262 1716 5328 ligno
1766 5269 1857 5312 aut
1905 5276 2064 5311 manu

491 5353 702 5420 plagam
731 5351 889 5404 alicui
922 5351 975 5403 in
1009 5352 1132 5403 ἰοί-ο
1174 5349 1434 5419 primario
1466 5349 1666 5401 acriter
1698 5348 1878 5404 infert.
1917 5365 2066 5400 eum-

488 5460 598 5513 quc
626 5445 848 5508 occidit,
885 5455 966 5497 est
997 5444 1268 5496 homicrda
1307 5443 1420 5494 tere
1460 5442 1818 5493 voluntarius.
1857 5443 2063 5505 Quam-

489 5539 569 5590 vis
609 5538 756 5590 enim
783 5546 841 5589 ut
873 5536 1198 5604 propulsans
1233 5550 1357 5585 cum
1405 5535 1494 5601 qui
1534 5551 1657 5586 cum
1699 5536 1812 5600 ipso
1841 5541 2062 5602 pugnat,

495 5627 623 5680 illud
650 5627 844 5681 fecerit
877 5636 934 5678 ut
958 5641 1081 5679 eum
1131 5628 1329 5677 datan
1359 5623 1616 5696 alliceret,
1652 5641 1756 5674 tum
1797 5637 1974 5675 autem
2009 5635 2066 5676 ut

491 5719 718 5772 omnino
748 5717 1111 5780 interﬁceret;
1147 5725 1324 5768 tauzcn
1354 5717 1420 5766 ah
1451 5716 1618 5767 animi
1659 5717 1909 5781 passione
1939 5730 2060 5767 eum

493 5821 694 5862 victum
748 5809 916 5862 fuisse
983 5821 1228 5880 apparet,
1283 5819 1333 5863 et
1385 5809 1590 5862 idcirco
1657 5809 1859 5862 hmuiui
1919 5810 2062 5880 ligio

2183 4641 2377 4692 μακον,
2411 4628 2507 4676 καὶ
2536 4623 2880 4688 ἐπιδιδούσαι
2931 4625 3092 4678 τοῦτο
3146 4626 3316 4692 αύτῷ,
3353 4627 3620 4679 σκότωσιν
3653 4627 3763 4695 ἐμ·

2178 4716 2366 4766 ποιοῦν
2418 4714 2521 4783 τῆς
2567 4715 2829 4779 διανοίας,
2881 4719 2928 4769 εἰ
2987 4717 3219 4770 ὰνέλωσι
3276 4719 3367 4769 τὸν
3437 4717 3759 4786 δεξάμενον,

2179 4806 2445 4867 ἑκουσίως
2477 4805 2738 4872 φονεῦσαι
2767 4805 3101 4872 λογίζονται.
3140 4807 3200 4857 '0
3231 4806 3284 4857 δὲ
3326 4805 3472 4858 λίθον
3502 4807 3594 4856 ἐπὶ
3621 4805 3762 4856 κύνα

2178 4893 2210 4959 ἢ
2244 4893 2464 4962 δένδρον
2500 4894 2755 4962 πέμπων,
2790 4895 2884 4946 ἐπὶ
2906 4895 2985 4964 τῷ
3017 4897 3076 4947 τὸ
3115 4895 3307 4965 θηρίον
3357 4895 3694 4963 ἀμύνασθαι,
3725 4897 3757 4963 ἢ

2177 4985 2269 5034 τὸν
2297 4985 2513 5052 καρπὸν
2561 4989 2910 5049 κατασεῖσαι,
2955 4987 3060 5056 καὶ,
3101 4987 3426 5055 αὐτομάτως
3488 4986 3759 5054 φονεύσας

2177 5074 2502 5142 ἄνθρωπον·
2536 5075 2567 5143 ἢ
2603 5078 2631 5128 ὁ
2662 5075 2820 5146 λώρῳ
2856 5075 2887 5146 ἣ
2919 5076 3123 5147 βεργίῳ
3147 5078 3318 5144 τύψας
3366 5079 3488 5129 τινὰ
3541 5079 3634 5128 ἐπὶ
3681 5078 3759 5146 τῷ

2183 5165 2476 5231 βεθπειώσαι
2517 5168 2680 5219 αὑτὸν
2706 5170 3121 5236 ἁμαρτάνοντα,
3181 5171 3275 5221 καὶ
3304 5168 3508 5221 ἀνελὼν
3573 5170 3758 5225 αὑτὸν,

2181 5259 2236 5307 ἐν
2261 5261 2371 5317 τοῖς
2399 5259 2681 5320 ἁκουσίοις
2707 5259 2817 5314 εἰσι
2837 5263 3147 5326 φοκιευταῖς.
3180 5260 3238 5312 Ὀ
3270 5261 3325 5312 δὲ
3351 5263 3407 5313 ὲν
3439 5261 3587 5330 μάχῃ
3616 5259 3760 5329 ξύλῳ
3800 5283 3808 5289 ·

2181 5352 2212 5417 ἢ
2240 5354 2385 5419 χειρὶ
2421 5351 2640 5419 πληγήν
2663 5369 2767 5403 τινι
2801 5355 3119 5417 ἐπενεγκὼν
3172 5352 3408 5421 ἀφειδῶς
3445 5355 3502 5403 ἐν
3532 5369 3764 5422 καιριω-

2176 5443 2324 5510 τάτῳ
2351 5443 2519 5508 τύπῳ,
2547 5443 2641 5494 καὶ
2669 5443 2874 5495 ἀνελὼν
2901 5445 3086 5509 αὑτὸν,
3121 5444 3287 5510 ἐγγύς
3311 5445 3430 5496 ἐστι
3463 5443 3555 5496 τοῦ
3603 5445 3762 5496 ἑκου-

2177 5536 2315 5587 σίου.
2351 5535 2469 5586 Κᾶν
2503 5527 2660 5604 γὰρ(
2701 5535 2777 5594 ὡς
2836 5536 3180 5605 ἀμυνόμενος
3239 5539 3329 5590 τὸν
3395 5534 3513 5604 μετ’
3587 5534 3758 5588 αὐτοῦ

2183 5626 2511 5692 μαχόμενον,
2553 5625 2712 5678 τοῦτο
2742 5628 3024 5696 ἐποίησεν,
3079 5627 3217 5680 ὥστε
3264 5628 3518 5680 κακῶσαι
3569 5627 3755 5689 αὑτὸν,

3334 5722 3391 5774 ἀὲ
3403 5721 3448 5772 λ’
3490 5715 3584 5773 οὖν
3635 5721 3762 5785 φαί-

2171 5828 2319 5866 νεται
2347 5815 2437 5864 καὶ
2472 5812 2576 5864 ύπό
2602 5809 2693 5865 τοῦ
2720 5815 2922 5878 πάθους
2953 5813 3044 5866 τοῦ
3081 5812 3256 5884 θυμοῦ
3292 5831 3360 5866 κα
3375 5811 3758 5884 τακρατηθεὶς,

3089 5899 3113 5914 ’δ
3353 5903 3375 5921 ο

2175 5717 2250 5788 μὴ
2281 5721 2465 5786 μέντοι
2509 5721 2564 5770 δὲ
2619 5721 2715 5770 καὶ
2771 5721 2989 5778 παντῶς
3028 5722 3237 5773 ἀνελεῖν
3271 5738 3285 5752 ⁸
