4076 6386
370 435 468 499 f9.)

1340 435 1421 497 1N
1446 436 1686 499 EPIST.
1717 440 1776 500 s.
1808 439 2095 502 BASli.lI
2126 444 2557 508 CANONICAM
2592 447 2641 508 I.
2734 432 2739 437 ’

3518 450 3624 512 6ξὲ

380 542 469 628 καῖ
504 536 590 628 δξὰ
622 535 778 590 τοῦτο
816 541 1049 607 ἀθρειδῶς
1081 546 1382 615 ἐπαγαγὼν
1438 551 1538 621 τὴν
1599 550 1814 622 πληγὴν
1870 551 1928 627 Ἒᾷ

2029 558 2209 625 κενοιλὶ
2270 558 2479 628 plagam
2531 560 2730 613 acriter
2790 557 3035 613 intulisse
3068 576 3083 612 :
3133 568 3185 613 ct
3220 556 3347 611 illud
3383 573 3484 613 non
3518 562 3622 613 erit

358 625 650 697 ἀνθρώπῳ
684 627 827 701 ξύλῳ
855 633 1040 705 βαρεῖ⁶
1068 639 1163 691 καί
1220 641 1322 694 οὒκ
1392 642 1542 696 ἔσται
1591 642 1652 696 τὸ
1703 625 1946 697 τοιοῦτον

373 720 551 791 πάντη
585 721 865 777 ἀκούσιον.

974 815 1220 871 ΚΔΝΩΝ
1258 815 1338 870 θ’.

474 956 485 965 ’
574 950 636 1002 Ἡ
667 949 724 1002 δὲ
752 947 847 1002 τοῦ
873 948 1077 1020 Κυρίου
1106 945 1406 1016 ἀπόφασις,
1439 949 1578 1002 κατά
1607 949 1703 1019 μὲν
1733 947 1829 1019 τὴν
1850 948 1949 1018 τῆς

376 1038 585 1101 ἑννοίας
616 1036 958 1103 ἀκολουθίαν,
980 1037 1041 1102 ἐξ
1064 1039 1180 1090 ἴσου
1215 1038 1308 1090 καὶ
1338 1038 1560 1107 ἀνδράσι
1581 1038 1674 1091 καὶ
1705 1037 1948 1106 γυναιξὶν

342 1146 345 1151 ·
373 1126 626 1198 ἁρμόζει,
650 1129 777 1198 περὶ
798 1125 889 1180 τοῦ
919 1127 993 1197 μὴ
1017 1127 1214 1191 ἐξεῖναι
1236 1127 1414 1198 γάμου
1440 1127 1768 1192 ἐξίστασθαι,
1804 1144 1946 1198 παρ-

375 1218 532 1281 εκτὸς
579 1217 736 1286 λόγου
804 1219 1081 1289 πορνείας.
1127 1220 1194 1272 Ἠ
1234 1219 1291 1272 δὲ
1324 1219 1578 1289 συνήθεια
1633 1220 1730 1289 οὐχ
1774 1218 1946 1283 οὔτως

375 1311 514 1384 ἔχει·
546 1313 662 1365 ἀλλ’
689 1313 780 1365 ἐπὶ
816 1313 912 1383 μὲν
940 1313 1047 1367 τῶν
1078 1314 1354 1382 γυναικῶν
1392 1313 1589 1385 πολλὴν
1621 1315 1944 1385 εὑρίσκομεν

372 1401 784 1473 ἀκριϐολογίαν,
826 1402 918 1455 τοῦ
952 1404 1047 1473 μὲν
1086 1405 1404 1458 Ἀποστόλου
1437 1404 1711 1474 λέγοντος’
1752 1406 1869 1458 ’Ότι
1910 1407 1944 1458 ό

375 1491 756 1561 κολλώμενος
781 1491 855 1560 τῇ
882 1494 1095 1563 πόρνῃ,
1125 1493 1196 1547 ἐν
1219 1494 1392 1562 σῶμά
1414 1496 1562 1549 ἐστι·
1590 1495 1682 1549 τοῦ
1706 1494 1762 1548 δὲ
1789 1496 1944 1565 Ἱερε-

375 1581 523 1651 μίουο
560 1583 710 1646 Ὅτι,
756 1582 864 1635 ἐὰν
909 1581 1147 1652 γένηται
1183 1584 1339 1653 γυνὴ
1382 1583 1551 1651 ἀνδρὶ
1583 1584 1787 1650 ἑτέρῳ,
1831 1587 1942 1638 οὐκ

366 1667 717 1737 ἐπιστρέψει
742 1668 891 1737 πρὸς
919 1669 1026 1724 τὸν
1049 1671 1237 1740 ἄνδρα
1270 1671 1486 1741 αὐτῆς.
1526 1674 1685 1750 me
1716 1689 1942 1742 μιαινο-

368 1759 522 1827 μένη
545 1758 958 1828 μιανθήσεταισ
998 1761 1091 1813 καὶ
1119 1761 1296 1815 πάλινο
1341 1764 1404 1816 '0
1440 1763 1597 1831 ἔχων
1620 1761 1941 1832 μοιχαλίδα

2055 648 2279 703 omnino
2311 649 2749 703 iuvoluntarium.

2580 825 2691 899 ea.
2725 823 2954 882 canon
2991 823 3080 882 lx.

2250 946 2427 1016 dique
2468 946 2605 1000 viris
2646 953 2698 1000 et
2733 944 3059 1000 mulieribus
3112 947 3369 1000 convenit
3408 961 3611 1000 secun-

2046 1042 2172 1096 dum
2204 1041 2488 1096 sententia:
2508 1039 2952 1095 consecutionem
2982 1038 3127 1107 quod
3163 1052 3193 1090 a
3220 1036 3453 1090 Domino
3482 1052 3609 1106 pro-

2044 1134 2351 1188 nuntiatum
2374 1138 2480 1197 est,
2516 1146 2627 1186 non
2654 1131 2821 1185 licere
2848 1146 2879 1184 a
2915 1129 3265 1184 matrimonio
3295 1127 3605 1185 discedere.

2043 1225 2150 1279 nisi
2188 1224 2260 1278 ob
2286 1223 2725 1277 fornicationem.
2773 1220 3123 1276 Consuetudo
3153 1226 3335 1274 autem
3380 1233 3488 1272 non
3535 1219 3608 1271 ita

2044 1328 2105 1368 se
2152 1313 2334 1376 habet,
2378 1311 2473 1366 sed
2509 1311 2830 1366 mulieribus
2870 1310 3088 1381 quidem
3137 1310 3307 1363 multa
3352 1320 3609 1364 accurate

2042 1401 2322 1455 observari
2369 1399 2848 1469 deprehendimus,
2892 1415 3016 1454 cum
3055 1399 3349 1480 Apostolus
3380 1400 3600 1469 quidem

2040 1491 2210 1555 dicat,
2243 1489 2395 1556 Quod
2432 1491 2523 1559 qui
2573 1490 2804 1544 attineret
2842 1492 3137 1553 rrnerelrici,
3182 1491 3243 1559 ﬁt
3285 1506 3448 1543 unum
3488 1506 3607 1542 cor-

2038 1592 2134 1646 pus
2182 1583 2198 1613 ί
2224 1595 2239 1643 ;
2270 1575 2537 1631 leremias
2592 1593 2746 1642 vero,
2790 1576 2942 1642 Quod
2975 1579 3022 1632 si
3059 1577 3221 1647 fuerit
3263 1577 3453 1631 mulier
3484 1594 3606 1630 cum

2040 1664 2146 1718 alio
2175 1665 2304 1729 viro,
2330 1680 2433 1717 non
2465 1673 2749 1718 revertetur
2781 1663 2849 1716 ad
2873 1666 3039 1718 virum
3068 1680 3244 1731 suum,
3276 1664 3367 1718 sed
3397 1665 3607 1733 polluta

2035 1756 2302 1823 polluetur
2343 1756 2363 1786 ³
2396 1762 2501 1826 ;.et
2535 1756 2755 1821 iterum,
2792 1755 2897 1821 Qui
2940 1753 3092 1809 habet
3123 1754 3439 1823 adulteram,
3465 1756 3604 1811 stul-

368 1850 696 1920 ἇερρωνκαί
722 1850 967 1920 ἀσεϐής.
1001 1852 1065 1903 Ἠ
1093 1851 1149 1903 δὲ
1188 1851 1443 1922 συνήθεια
1474 1852 1566 1904 καὶ
1597 1851 1928 1921 μοιχεύοντας

2038 1856 2121 1900 tus
2147 1855 2225 1900 est
2253 1854 2303 1899 et
2331 1844 2526 1915 impius
2574 1847 2617 1899 ³.
2652 1846 3004 1900 Consuetudo
3033 1856 3213 1900 autem
3248 1847 3412 1901 etiam
3452 1847 3607 1902 adul-

368 1941 568 2012 ἄνδρας
593 1941 687 1994 καὶ
717 1943 773 1994 ὲν
800 1940 1074 2011 πορνείαις
1099 1939 1255 2002 ὄντας
1279 1941 1601 2010 κατέχεσθαι
1630 1940 1732 1993 ὑπὸ
1756 1957 1940 2008 γυναι-

372 2030 483 2084 κῶν
515 2032 863 2103 προστάσσει.
899 2032 1059 2083 Ὥστε
1088 2033 1119 2101 ἡ
1153 2030 1230 2101 τῷ
1261 2031 1538 2104 ἀφειμένῳ
1567 2031 1718 2105 ἀνδρὶ
1757 2048 1932 2084 συνοιο

371 2120 542 2175 κοῦσα
562 2122 663 2174 οὐκ
681 2118 796 2174 οῖδα
819 2122 867 2173 εί
891 2121 1112 2174 δύναται
1143 2120 1389 2190 μοιχαλὶς
1565 2121 1933 2193 χρηματίζειν.

373 2211 444 2263 Τὸ
467 2211 576 2283 γὰρ
614 2208 862 2281 ἔγκλημα
892 2209 1124 2262 ἐνταῦθα
1151 2210 1251 2278 τῆς
1280 2209 1626 2279 ἀπολυσάσης
1652 2209 1742 2262 τὸν
1772 2209 1938 2280 ἄνδρα

372 2301 621 2367 ἅπτεται,
657 2301 797 2354 κατὰ
829 2299 986 2353 ποίαν
1018 2300 1195 2353 αἰτίαν
1370 2299 1578 2369 ἀπέστη
1615 2297 1708 2351 τοῦ
1738 2299 1937 2369 γάμου.

370 2396 491 2447 Εἴτε
529 2394 625 2447 καὶ
661 2391 1002 2462 τυπτομένη,
1046 2392 1118 2462 μὴ
1152 2392 1390 2461 φέρουσα
1573 2389 1669 2452 τὰς
1704 2390 1937 2460 πληγὰς,

370 2483 658 2553 ὑπομένειν
700 2481 868 2551 ἐχρῆν
905 2481 1104 2551 μᾶλλον
1148 2478 1181 2542 ἢ
1216 2479 1592 2549 διαζευχθῆναι
1629 2482 1723 2533 τοῦ
1763 2496 1938 2533 συνοι-

366 2571 607 2636 κοῦντος-
644 2571 753 2624 εἴτε
797 2571 896 2641 τὴν
944 2573 1023 2632 είς
1072 2569 1141 2622 τὰ
1186 2570 1441 2639 χρήματα
1478 2567 1680 2639 ζημίαν
1724 2568 1798 2637 μὴ
1843 2569 1939 2638 φέ-

372 2679 558 2733 ρουσα,
591 2662 711 2715 οὐδὲ
737 2661 876 2730 αὕτη
904 2663 937 2731 ἡ
965 2661 1235 2737 πρόφασις
1262 2660 1555 2727 ἀξιόλογος.
1593 2661 1657 2712 Εί
1679 2661 1734 2713 δὲ
1759 2661 1846 2714 διὰ
1871 2661 1933 2713 τὸ

364 2756 424 2805 ὲν
447 2753 672 2825 πορνείᾳ
700 2752 860 2806 αὐτόν
891 2752 988 2823 ζῇν
1007 2794 1019 2814 ,
1050 2753 1149 2805 οὐκ
1183 2751 1378 2822 ἔχομεν
1407 2751 1561 2804 τοῦτο
1610 2751 1667 2804 ὲν
1701 2754 1767 2821 τῇ
1812 2768 1935 2805 συν-

366 2843 522 2916 ηθείᾳ
568 2846 635 2916 τῇ
685 2844 1103 2913 ἐκκλησιαστικῇ
1133 2842 1193 2913 τὸ
1233 2843 1633 2913 παρμτήρημω
1668 2839 1800 2893 ἀλλὰ
1842 2840 1936 2893 καὶ

362 2933 593 2987 ἀπίστου
621 2932 807 3002 ἀνδρὸς
828 2930 1154 3002 χωρίζεσθαι
1177 2929 1236 2982 οὐ
1265 2927 1604 2999 προσετάχθη
1773 2927 1932 2997 γυνὴ,

363 3028 498 3082 ἀλλὰ
542 3026 909 3097 παραμένειν,
945 3022 1030 3075 διὰ
1072 3021 1132 3074 τὸ
1177 3021 1365 3091 ἄδηλον
1406 3020 1504 3089 τῆς
1546 3017 1840 3080 ἐκϐάσεως.
1874 3018 1935 3070 Τί

2037 1945 2187 1990 teros
2212 1935 2361 1990 viros
2397 1943 2451 1990 et
2490 1935 2544 1989 in
2579 1934 3040 1991 fornicationibus
3072 1945 3356 1993 versantes
3381 1937 3538 2006 jubet
3572 1953 3605 1991 a

2036 2026 2360 2081 mulieribus
2416 2026 2665 2082 retineri.
2696 2025 2875 2092 Quare
2905 2041 3026 2096 qua:
3072 2042 3180 2080 una
3213 2042 3336 2081 cum
3367 2029 3487 2083 viro
3517 2027 3605 2082 di-

2039 2116 2210 2171 misso
2239 2115 2474 2182 habitat,
2505 2118 2692 2171 nescio
2729 2131 2797 2170 an
2836 2117 3010 2185 possit
3038 2116 3282 2172 adultera
3311 2108 3600 2189 appellari.

2036 2204 2253 2260 Crimen
2285 2206 2430 2260 enim
2464 2205 2555 2259 hic
2598 2205 2813 2274 attingit
2849 2207 3152 2270 mulierem,
3179 2222 3306 2276 quae
3525 2210 3605 2262 vi-

2039 2310 2159 2348 rum
2193 2294 2442 2362 dimisit,
2478 2309 2712 2364 quanam
2744 2295 2812 2349 de
2834 2309 3000 2350 causa
3042 2311 3072 2348 a
3101 2296 3359 2366 conjugio
3387 2295 3600 2353 disces-

2037 2384 2192 2439 serit.
2230 2382 2362 2438 Sive
2405 2385 2547 2437 enim
2584 2398 2853 2457 percussa
2880 2384 3067 2454 plagas
3103 2399 3215 2437 non
3247 2383 3409 2450 lerat,
3459 2385 3603 2440 ferre

2035 2474 2207 2536 satius
2230 2481 2348 2527 erat
2372 2489 2534 2543 quam
2564 2489 2595 2526 ιι
2623 2473 2854 2543 conjuge
2880 2474 3125 2543 separari
3154 2493 3167 2528 :
3201 2476 3316 2530 sive
3340 2476 3602 2531 damnum

2035 2550 2092 2617 in
2136 2565 2384 2634 pecuniis
2414 2579 2523 2618 non
2560 2563 2716 2625 ferat,
2749 2580 2819 2619 ne
2846 2565 2961 2619 hazc
2995 2566 3216 2634 quidem
3243 2566 3393 2634 justa
3426 2583 3600 2621 excu-

2032 2655 2172 2709 satio
2200 2673 2213 2706 :
2241 2654 2327 2711 sin
2378 2666 2583 2714 autem.
2632 2656 2890 2723 quoniam
2940 2656 3059 2725 ipse
3100 2657 3233 2711 vivit
3271 2659 3326 2711 in
3361 2657 3600 2713 fornica-

2036 2744 2202 2808 tione,
2233 2759 2342 2798 non
2370 2744 2631 2798 habemus
2655 2745 2795 2799 hanc
2827 2747 2880 2799 in
2905 2748 3278 2802 ecclesiastica
3303 2759 3602 2804 consuetu-

2037 2833 2166 2888 e‘ine
2195 2835 2657 2897 observationem,
2690 2836 2804 2888 imo
2838 2852 2966 2891 vero
2993 2837 3059 2890 ab
3092 2838 3295 2893 inﬁdeli
3334 2840 3454 2895 viro
3487 2856 3597 2895 non

2031 2923 2189 2992 jussa
2228 2930 2311 2979 est
2345 2925 2543 2978 mulier
2576 2925 2841 2993 separari,
2871 2926 2963 2980 sed
2989 2936 3211 2997 propter
3238 2938 3490 2984 eventum
3520 2932 3601 2985 in-

2036 3022 2244 3068 certum
2270 3029 2572 3068 remanere.
2604 3013 2744 3079 Quid
2766 3017 2902 3069 enim
2932 3017 3059 3083 scis,
3084 3017 3295 3079 mulier,
3327 3035 3395 3072 an
3428 3021 3595 3072 virum

368 3116 475 3186 γὰρ
504 3113 691 3180 οἶδας,
724 3115 929 3182 γύναι,
967 3114 1019 3165 εὶ
1058 3111 1163 3163 τὸν
1198 3110 1386 3177 ἄνδρα
1415 3108 1670 3174 σώσειςς
1702 3108 1862 3161 ’Ὥστε
1898 3107 1928 3177 ἡ

2034 3103 2237 3156 salvum
2288 3105 2361 3155 sis
2408 3102 2723 3172 factura‘?
2784 3104 2984 3171 Quare,
3038 3122 3160 3175 quae
3214 3108 3458 3176 reliquit,
3511 3117 3598 3162 est

366 3205 754 3265 καταλιποῦσα,
789 3201 1054 3271 μοιχαλὶς.
1080 3203 1127 3254 εί
1159 3201 1243 3253 ἐπ’
1269 3199 1425 3253 ἄλλον
1452 3196 1611 3271 ἦλθεν
1648 3197 1836 3269 ἄνδρα.
1873 3198 1930 3250 '0

364 3296 420 3349 δὲ
454 3295 835 3364 καταλειφθεὶς
873 3292 1216 3361 συγγνωστός
1251 3294 1386 3352 ἐστι,
1417 3292 1512 3345 καὶ
1541 3293 1575 3362 ἡ
1612 3290 1932 3344 συνοικοῦσα

363 3387 440 3458 τῷ
460 3387 681 3458 τοιούτῳ
706 3387 767 3439 ού
802 3384 1206 3453 κατακρίνεται.
1236 3384 1298 3437 Εἰ
1332 3383 1513 3453 μέντοι
1546 3385 1575 3435 ὁ
1606 3382 1770 3453 ἀνὴρ,
1798 3382 1931 3434 ἀπο-

367 3478 493 3542 στὰς
524 3477 624 3547 τῆς
649 3475 920 3543 γυναικὸς,
946 3473 1032 3526 ἐπ’
1054 3472 1219 3541 ἄλλην
1238 3468 1389 3542 ἦλθε,
1418 3471 1512 3526 καὶ
1537 3470 1696 3534 αὐτὸς
1721 3470 1926 3540 μοιχὸς,

362 3566 494 3620 διότι
544 3567 692 3617 ποιεῖ
735 3562 902 3633 αὐτὴν
953 3560 1323 3630 μοιχευθῆναι·
1373 3561 1463 3613 καὶ
1519 3562 1551 3631 ἡ
1601 3562 1917 3618 συνοικοῦσα

353 3653 524 3723 αὐτῷ,
572 3651 829 3724 μοιχαλὶς,
868 3650 1002 3703 διότι
1038 3649 1310 3719 ἀλλότριον
1345 3652 1511 3718 ἄνδρα
1553 3650 1684 3721 πρὸς
1719 3651 1916 3724 ἑαυτὴν

352 3741 706 3810 μετέστησεν.
750 3746 759 3761 ’

415 3841 611 3894 ΒΑΛΣ.
656 3837 984 3913 Ἐρωτηθεὶς
1008 3839 1036 3890 ό
1065 3836 1221 3904 ἅγιος
1249 3834 1301 3888 τί
1324 3833 1531 3903 ὀφείλει
1559 3831 1806 3901 γίνεσθαι
1835 3831 1916 3892 είς

343 3933 471 3996 τοὺς
499 3930 823 4001 ὁμοζύγους,
859 3926 957 3982 ἔάν
980 3945 1064 3992 τις
1098 3927 1156 3993 ἐξ
1211 3924 1392 3979 αὐτῶν
1439 3926 1517 3988 είς
1545 3923 1739 3993 ἕτερον
1784 3922 1913 3993 ἔλθῃ

344 4027 540 4096 γάμον,
571 4026 604 4095 ἢ
641 4024 735 4076 καὶ
773 4019 1048 4091 πορνεύσῃ
1069 4035 1081 4049 ·
1112 4017 1338 4086 ἐποίησε
1372 4016 1464 4069 τὸν
1508 4015 1777 4083 ἀπόλογον
1807 4012 1915 4066 ἀπὸ

342 4112 959 4186 ὃιαφόρωνγραφικῶνς
985 4110 1081 4165 καὶ
1103 4112 1167 4162 ὲκ
1185 4108 1284 4177 τῆς
1310 4108 1431 4160 τότε
1454 4106 1760 4177 κρατούσης
1793 4121 1916 4157 συν-

343 4206 558 4273 ηθείας.
604 4204 756 4257 Ἐπεὶ
792 4203 848 4255 δὲ
877 4199 947 4253 τὰ
974 4201 1030 4251 ὲν
1087 4197 1164 4268 τῷ
1210 4196 1437 4265 τοιούτῳ
1486 4194 1671 4249 κανόνι
1735 4196 1914 4249 πάντα

348 4296 534 4366 σχεδὸν
566 4293 948 4364 μετετύπωσεν
980 4292 1012 4360 ἡ
1043 4287 1142 4359 pii."
1208 4289 1396 4355 Νεαρὰ
1463 4285 1912 4351 ἰουστινιάνειος,

2031 3194 2298 3257 adultera,
2354 3195 2399 3247 si
2434 3193 2502 3247 ad
2546 3194 2713 3247 alium
2764 3196 2938 3249 virum
2989 3197 3243 3253 accessit.
3272 3197 3375 3262 Qui
3409 3206 3593 3251 autem

2029 3286 2256 3341 relictus
2293 3292 2399 3350 est,
2431 3286 2631 3357 dignus
2656 3292 2742 3340 est
2767 3287 2949 3350 venia,
2984 3295 3038 3341 et
3066 3303 3187 3357 quae
3227 3305 3334 3344 una
3366 3305 3488 3344 cum
3528 3305 3596 3344 eo

2031 3376 2261 3440 habitat,
2291 3390 2401 3429 non
2431 3375 2847 3430 condemnatur.
2876 3374 2983 3466 Se.d
3003 3377 3050 3431 si
3073 3378 3176 3443 vir,
3209 3380 3300 3449 qui
3328 3379 3397 3434 ab
3426 3393 3597 3432 uxore

2032 3469 2312 3534 discessit,
2352 3469 2588 3525 accessit
2624 3469 2692 3524 ad
2734 3470 2918 3534 aliam,
2964 3481 3050 3527 est
3091 3479 3146 3527 et
3192 3472 3310 3541 ipse
3357 3472 3595 3537 adulter,

2030 3574 2158 3628 quia
2194 3559 2328 3612 facit
2378 3566 2441 3613 ut
2477 3560 2593 3630 ipsa
2649 3560 2976 3616 adulterium
3018 3550 3355 3627 committat,
3391 3569 3446 3617 et
3475 3577 3597 3632 qua:

2029 3663 2137 3702 una
2169 3664 2290 3702 cum
2333 3649 2454 3718 ipso
2499 3649 2727 3716 habitat,
2765 3662 2849 3705 est
2871 3652 3139 3716 adultera,
3177 3653 3304 3721 quia
3349 3651 3586 3706 alienum

2032 3734 2203 3787 virum
2227 3734 2294 3786 ad
2326 3750 2385 3788 se
2414 3735 2682 3789 traduxit.
3468 3794 3473 3797 _

2094 3828 2290 3885 BALS.
2345 3827 2584 3885 Sanctus
2636 3828 3022 3897 interrogatus,
3071 3830 3201 3899 quid
3266 3825 3429 3887 debet
3473 3830 3588 3885 ﬁeri

2022 3921 2364 3993 conjugibus,
2397 3921 2443 3975 si
2481 3919 2603 3990 quis
2651 3933 2719 3974 ex
2784 3919 2919 3990 ipsis
2966 3933 3028 3974 se
3081 3920 3147 3974 ad
3199 3918 3348 3973 aliud
3396 3918 3588 3972 matri-

1962 4004 1967 4009 ’
2027 4014 2269 4069 monium
2325 4013 2640 4072 contulerit.
2702 4010 2788 4065 vel
2839 4010 3003 4064 etiam
3065 4008 3367 4064 fornicatus
3401 4009 3587 4072 fuerit,
3640 4002 3647 4007 ’

2020 4097 2153 4154 fecit
2181 4112 2501 4170 responsum
2525 4113 2591 4152 ex
2622 4098 2854 4152 diversis
2888 4098 3201 4167 scripturis,
3240 4103 3295 4150 et
3348 4112 3413 4150 ex
3454 4110 3588 4150 con-

2021 4191 2308 4248 suetudine
2352 4206 2472 4260 qure
2501 4198 2629 4244 tunc
2651 4190 2995 4245 servabatur.
3038 4187 3175 4254 Quia
3215 4198 3420 4252 autem,
3469 4201 3590 4255 quae

2021 4282 2075 4338 in
2104 4283 2206 4338 hoc
2239 4296 2447 4341 canone
2468 4281 2569 4336 sita
2605 4292 2753 4345 sunt,
2782 4280 2881 4334 H7
2923 4280 3273 4349 imperatoris
3297 4276 3590 4332 lustiniani

344 4392 378 4457 ἡ
412 4388 642 4456 κειμένη
677 4385 733 4435 ὲν
764 4381 840 4452 τῷ
870 4379 913 4445 ζ’
947 4380 1111 4450 τίτλῳ
1138 4378 1232 4432 τοῦ
1261 4376 1346 4444 κη’
1383 4377 1611 4451 βιϐλίου,
1640 4377 1914 4443 ἀνάγνωθι

2029 4374 2256 4437 novella,
2291 4388 2410 4443 quae
2440 4373 2492 4427 in
2540 4375 2624 4427 tit.
2650 4373 2708 4437 7,
2739 4374 2833 4427 lib.
2863 4385 3034 4426 xxvm
3093 4371 3267 4451 posita
3301 4380 3407 4433 est.
3442 4370 3591 4439 peni-
3646 4432 3649 4435 _

343 4477 568 4545 ταύτην,
608 4473 869 4534 ὡσαύτως
900 4472 995 4525 καὶ
1021 4470 1120 4539 τὴν
1154 4474 1258 4539 ρια¹
1288 4468 1532 4537 Νεαρὰν,
1583 4467 1679 4519 καὶ
1720 4464 1914 4528 ἁπλῶς

2029 4476 2107 4522 lus
2139 4468 2473 4533 immutavit,
2532 4469 2646 4535 lege
2688 4482 2805 4519 eam
2839 4466 3108 4530 similiter,
3156 4475 3209 4519 et
3256 4463 3351 4518 Hi
3405 4464 3591 4519 novel-

344 4570 456 4622 ἀπδ
481 4567 574 4621 τοῦ
607 4563 654 4618 α’
683 4583 809 4633 κεφ.
831 4564 925 4617 τοῦ
954 4560 1118 4614 αὐτοῦ
1147 4559 1328 4613 τίτλου
1384 4558 1546 4627 μέχρι
1574 4557 1667 4608 καὶ
1703 4554 1794 4608 τοῦ
1832 4573 1871 4619 ς
1893 4595 1908 4613 .

345 4663 445 4714 καὶ
479 4660 659 4730 μάθῃς
696 4659 837 4711 κατὰ
881 4656 1082 4717 πόσους
1121 4652 1360 4722 τρόπους
1385 4649 1607 4702 λύονται
1633 4648 1703 4700 τὰ
1737 4662 1917 4700 συνοι-

345 4751 527 4814 κέσια,
560 4750 658 4804 καὶ
679 4747 798 4809 πῶς
822 4742 1149 4808 κολάζονται
1175 4743 1300 4819 ὅσον
1329 4738 1467 4802 τέως
1509 4737 1617 4791 ἀπὸ
1645 4735 1739 4790 τοῦ
1769 4735 1919 4790 πολι-

344 4841 499 4895 τικοῦ
521 4841 689 4909 νόμου
721 4839 775 4891 oi.
803 4836 1151 4908 μοιχεύοντες
1180 4835 1245 4886 ὲκ
1285 4829 1396 4884 τῶν
1426 4826 1732 4899 ὁμοζύγων,
1762 4826 1796 4896 ἢ
1825 4825 1917 4878 καὶ

348 4932 702 5004 πορνεύοντες
729 4948 742 4961 ’
776 4930 913 4997 πρὸς
943 4929 1000 4980 δὲ
1026 4927 1119 4980 καὶ
1161 4925 1211 4978 oi.
1246 4920 1576 4990 παραλόγως
1623 4918 1723 4989 τὴν
1790 4920 1918 4987 ὁμο-

345 5023 512 5087 ζωῖαν
543 5020 1072 5088 καταλιμπάνοντες.
1142 5014 1445 5083 ’Ᾱνάγνωθι
1472 5013 1568 5066 καὶ
1624 5012 1715 5064 τὸν
1759 5009 1916 5063 ἓκτον

347 5117 440 5168 καὶ
470 5111 856 5182 ὲννενηκοστὸν
884 5110 1088 5164 κανόνα
1113 5108 1214 5173 τῆς
1240 5109 1297 5160 ὲν
1360 5106 1439 5175 τῷ
1471 5101 1727 5175 Τρούλλῳ
1787 5118 1914 5154 συν-

344 5207 489 5271 όδου,
520 5204 703 5259 καὶτὰ
731 5206 789 5256 ὲν
818 5201 999 5272 αὐτῷ’
1059 5199 1326 5261 ὡσαύτως
1392 5195 1665 5263 ἀνάγνωθι
1716 5194 1809 5246 καὶ
1826 5186 1916 5245 “cdt

346 5300 428 5361 εις
454 5297 517 5350 τὸ
543 5296 697 5358 τέλος
729 5294 822 5348 τοῦ
854 5299 902 5348 α’
939 5308 1067 5361 κεφ.
1088 5291 1184 5344 τοῦ
1221 5295 1288 5343 ια’
1316 5288 1497 5341 τίτλον
1527 5286 1621 5338 τοῦ
1649 5284 1914 5356 παρόντος

347 5385 725 5453 συντάγματος
774 5380 1233 5452 καταστρωθέντα
1271 5378 1516 5448 νόμιμα·
1577 5375 1777 5443 ὁμοίως
1822 5373 1916 5425 καὶ

347 5476 445 5547 τὴν
474 5474 770 5547 ἑρμηνείαν
798 5473 891 5527 τοῦ
935 5472 977 5524 ε’
1027 5487 1153 5539 κεφ.
1205 5470 1300 5522 τοῦ
1363 5467 1529 5521 αὑτοῦ
1584 5465 1785 5529 τίτλου,
1821 5465 1917 5518 καὶ

354 5569 532 5640 μάθῃς
557 5569 621 5619 ὲκ
657 5566 877 5620 πάντων
908 5564 1156 5626 πλατέως
1205 5562 1270 5615 τὰ
1309 5575 1437 5630 περι
1467 5561 1693 5611 τούτων.

392 5660 667 5715 'ZQNAP.
693 5656 784 5725 Μὴ
804 5654 1027 5708 λύεσθαι
1068 5655 1248 5722 γάμον
1283 5650 1553 5718 capax-rh;
1582 5647 1739 5712 λόγου
1778 5661 1912 5713 πορ-

353 5751 499 5812 νείας
528 5753 556 5802 ὁ
581 5750 785 5820 Κύριος
816 5748 1163 5814 ἀπεφήνατο.
1200 5742 1418 5811 Ταύτην
1448 5739 1540 5811 οὖν
1565 5741 1662 5808 τὴν
1698 5738 1913 5804 ἀπόφα-

446 5860 458 5888 ¹
493 5862 661 5919 lCor.
688 5877 762 5927 Vt,
790 5862 874 5915 l6.
973 5854 992 5883 ¹
1020 5859 1220 5913 Jcrem.
1246 5871 1325 5918 ut,
1364 5855 1411 5909 l.

1516 5848 1535 5877 ³
1566 5850 1722 5904 Prov.
1746 5863 1898 5914 xvm,
1924 5845 2014 5899 29..

2020 4557 2152 4619 lum,
2209 4565 2264 4610 et
2310 4566 2370 4609 ut
2427 4557 2589 4608 semel
2621 4555 2822 4619 dicam,
2856 4568 2889 4609 a
2920 4553 3096 4622 primo
3126 4554 3306 4621 capite
3339 4553 3587 4622 ejusdem

2020 4646 2106 4699 tit.
2133 4659 2302 4714 usque
2331 4645 2397 4698 ad
2426 4642 2480 4711 6,
2513 4652 2569 4698 et
2598 4646 2741 4699 scies
2765 4653 2900 4712 quot
2934 4642 3106 4698 modis
3139 4644 3423 4698 solvantur
3448 4658 3589 4698 con-

2016 4736 2189 4805 jugia,
2219 4745 2273 4791 et
2313 4738 2584 4804 quomodo
2613 4751 2644 4788 a
2673 4735 2791 4803 lege
2816 4734 2962 4789 civili
2995 4734 3291 4804 puniuntur
3317 4735 3406 4803 qui
3434 4735 3592 4788 adul-

2023 4835 2268 4880 terantur
2300 4842 2327 4878 e
2358 4824 2698 4896 coniugibus,
2731 4824 2817 4880 vel
2849 4825 3014 4879 etiam
3044 4824 3424 4889 fornicamur;
3450 4839 3591 4893 prae~
3682 4868 3691 4881 τ

2023 4928 2164 4971 terea
2198 4927 2378 4971 autem
2401 4925 2455 4971 et
2481 4916 2574 4985 qui
2600 4922 2798 4986 praeter
2825 4915 3089 4969 rationem
3117 4915 3241 4969 vita:
3268 4915 3589 4969 societatem

2022 5009 2357 5076 relinquunt.
2413 5007 2555 5076 Lege
2632 5007 2762 5061 item
2826 5020 3092 5059 cauonem
3146 5005 3215 5059 96
3271 5005 3485 5059 concilii
3537 5006 3588 5057 in

2019 5096 2208 5154 Trullo
2263 5105 2318 5153 et
2373 5112 2493 5166 qua:
2544 5096 2606 5151 in
2635 5110 2759 5152 eum
2812 5097 3016 5165 scripta
3073 5105 3223 5150 sunt.
3255 5095 3392 5165 Lege
3421 5096 3588 5150 etiam
3635 5139 3643 5166 λ

2015 5191 2160 5260 jura,
2221 5203 2343 5259 qua:
2381 5187 2448 5242 ad
2510 5178 2672 5241 linem
2737 5200 2912 5254 usque
2964 5185 3126 5255 primi
3184 5186 3585 5255 capitistit.“

2020 5283 2308 5350 praesentis
2374 5277 2559 5344 operis
2593 5278 2697 5330 sita
2726 5283 2856 5333 sunt
2892 5318 2908 5340 ,
2941 5276 3194 5330 similiter
3227 5286 3282 5331 et
3321 5275 3590 5345 interpre-

2019 5376 2276 5424 tationem
2313 5368 2507 5438 capitis
2543 5383 2577 5421 v
2618 5367 2864 5438 ejusdem
2897 5368 2979 5421 tit.
3012 5377 3064 5421 et
3092 5381 3155 5420 ex
3201 5367 3286 5419 his
3336 5364 3589 5420 omnibus

2018 5461 2138 5516 fuse
2158 5460 2239 5537 {de
2264 5459 2350 5515 his
2375 5459 2654 5529 intelliges.

2088 5636 2340 5692 ZONAR.
2382 5635 2457 5690 Ne
2505 5635 2789 5691 solvantur
2824 5635 3049 5704 nupti-.9,
3081 5641 3307 5701 excepta
3347 5629 3583 5684 fornica-

2022 5730 2184 5785 tionis
2206 5742 2393 5793 cuusa,
2437 5725 2701 5781 Dominus
2733 5727 3008 5798 praecepit.
3047 5723 3155 5779 lloc
3188 5723 3350 5793 igitur
3383 5736 3586 5793 praece-

2112 5841 2130 5871 ⁸
2164 5843 2178 5895 l
2210 5842 2343 5911 Cor.
2380 5859 2477 5905 vn,
2516 5840 2599 5894 l6.
