4076 6394
274 542 303 559 ﬂ

474 456 595 520 ολδ
918 504 927 513 .
1751 452 2033 515 ἸΙΙΕΟΙ).

2172 453 2475 513 LSAMON
3653 452 3755 516 635

489 580 640 641 ptum
671 584 734 625 ex
762 584 921 640 aequo
947 584 1176 641 magnus
1198 567 1287 623 hic
1313 567 1471 623 Pater
1499 567 1629 620 viris
1663 575 1713 619 ct
1744 563 2063 618 mulieribus

2171 580 2255 617 σιν
2293 565 2487 637 ἐπίσης
2521 567 2689 636 φησὶν
2744 570 2770 623 6
2817 571 2993 638 μέγας
3044 562 3201 633 οὗτος
3250 570 3441 641 Πατὴρ
3492 568 3761 638 ἁρμόζειν

489 661 786 717 convenire
820 661 1037 724 asserit,
1095 661 1165 714 ita
1208 669 1266 713 ut
1306 675 1404 715 uec
1445 659 1559 712 viro
1591 669 1744 711 suam
1793 655 2067 709 dimittere

491 767 741 818 uxorem,
765 767 870 807 nec
898 751 1057 806 uxori
1090 765 1119 804 a
1148 752 1267 805 viro
1289 750 1585 806 abscedere
1616 747 1940 818 permissum
1968 747 2064 801 sit.

491 841 599 896 Sed
635 844 977 897 consuetudo
1012 855 1120 897 non
1152 842 1343 897 eodem
1382 839 1543 896 modo
1565 854 1625 894 se
1648 837 1815 893 habet
1849 837 1901 891 in
1933 835 2065 891 viris

492 936 584 1001 qui
621 934 934 1005 relinquunt
965 949 1189 997 uxores,
1212 940 1267 988 ct
1297 932 1620 989 mulieribus
1649 946 1771 1001 quae
1810 928 1952 984 idem
1984 926 2065 981 fa-

492 1029 665 1080 ciunt.
698 1025 887 1080 Mulier
936 1026 1227 1095 siquidem,
1254 1039 1378 1095 qum
1400 1039 1432 1078 a
1471 1024 1589 1078 viro
1619 1021 1845 1086 secedit,
1876 1019 2068 1075 alteri-

486 1133 598 1185 que
681 1117 1013 1186 adiungitur,
1054 1116 1297 1173 adultera
1353 1117 1649 1187 judicatur,
1694 1130 1796 1170 nec
1829 1114 2063 1182 amplius

491 1225 519 1261 a
546 1210 666 1263 viro
701 1224 823 1276 suo,
870 1211 974 1264 nisi
1012 1212 1058 1265 is
1099 1211 1360 1277 voluerit,
1395 1211 1712 1279 recipietur.
1745 1206 1938 1262 Virum
1970 1220 2067 1260 au-

490 1313 597 1354 tem
629 1301 844 1357 etiamsi
880 1302 1184 1361 fornicatus
1236 1304 1401 1360 fuerit
1427 1312 1523 1358 aut
1561 1303 1915 1365 adulteratus,
1952 1315 2065 1354 mtt-

490 1390 593 1445 lier
622 1392 941 1461 relinquere
977 1394 1120 1453 haud
1184 1402 1387 1460 potest.
1411 1394 1517 1458 ,Ac
1563 1392 1609 1447 si
1656 1390 1911 1458 deinceps
1940 1388 2067 1442 reli-

488 1493 611 1537 ctus
658 1499 783 1536 cum
833 1482 1007 1539 altera
1052 1487 1221 1540 vitam
1279 1496 1425 1553 agat,
1485 1498 1609 1554 quae
1647 1481 1721 1536 illi
1752 1479 2067 1550 adiungitur

488 1586 863 1643 nequaquam,
900 1578 999 1639 ait,
1033 1575 1281 1630 adultera
1337 1573 1698 1645 judicabitur.
1728 1570 1948 1627 Crimen
1987 1572 2067 1624 si-

488 1662 710 1730 quidem
748 1661 893 1716 iliius
926 1672 1030 1727 est,
1081 1678 1204 1733 quae
1239 1664 1419 1717 virum
1444 1678 1600 1717 suum
1656 1660 1879 1730 reliquit
1914 1677 1928 1714 :
1968 1671 2068 1713 nec

488 1753 637 1807 enim
667 1754 717 1809 ei
759 1768 787 1806 a
823 1755 939 1809 viro
969 1754 1249 1810 discedere
1280 1768 1601 1810 concessum
1634 1762 1736 1807 est.
1785 1750 1917 1818 Sed,
1952 1751 2066 1804 sive

490 1860 551 1898 se
582 1859 704 1899 cum
744 1845 834 1898 illa
861 1847 1059 1901 acerbe
1093 1856 1266 1914 gerat,
1301 1846 1444 1900 ferre
1463 1852 1681 1914 oportet
1714 1857 1730 1897 :
1763 1842 1879 1899 sive
1903 1856 2069 1911 pecu-

488 1937 595 1991 nia:
646 1937 917 2007 iacturam
973 1937 1230 2005 patiatur,
1273 1938 1401 1991 dum
1444 1934 1594 1992 videt
1643 1935 1711 1990 ab
1761 1950 1827 1990 eo
1881 1933 2064 1989 dotem

488 2027 700 2082 absumi
727 2044 744 2094 ;
780 2027 894 2082 sive
915 2033 1171 2096 tangatur
1195 2027 1487 2099 zelotypia,
1528 2026 1671 2097 quod
1701 2039 1825 2080 cum
1858 2024 1983 2079 aliis
2005 2032 2068 2079 ut

473 2119 572 2173 ivir
599 2127 1003 2188 corrumpatur,
1046 2118 1423 2174 obdurandum
1458 2125 1566 2182 est,
1617 2131 1715 2172 nec
1747 2131 1778 2170 a
1820 2115 1940 2171 viro
1967 2115 2068 2169 ab-

476 2208 842 2262 scedendum.
884 2208 941 2263 Si
974 2209 1142 2275 enim,
1167 2223 1291 2263 cum
1323 2208 1555 2263 infidelis
1602 2208 1675 2262 sit
1704 2207 1841 2261 alter
1878 2206 2069 2275 conju-

486 2315 637 2370 gum,
667 2299 822 2354 alteri
853 2300 921 2355 ab
944 2315 1009 2355 eo
1038 2300 1290 2355 secedere
1322 2301 1442 2373 ipso
1493 2300 1664 2354 invito
1694 2298 1803 2370 65
1840 2299 2066 2354 vetitum

487 2400 605 2454 est,‘
630 2391 772 2445 beati
816 2388 971 2443 Pauli
1005 2390 1260 2454 decreto,
1294 2405 1526 2459 qttonatn
1563 2390 1721 2443 modo
1747 2389 1819 2442 illi
1852 2388 2071 2457 impune

486 2483 615 2547 erit,
638 2482 731 2551 qui
763 2481 920 2537 aliam
950 2481 1021 2536 ob
1041 2497 1260 2537 causam
1280 2481 1584 2551 coniugium
1604 2480 1801 2535 solvit?
1835 2479 2069 2545 Quanto.

486 2576 636 2629 hrem
670 2590 790 2645 quae
831 2590 859 2628 a
893 2576 1011 2632 viro
1029 2576 1324 2639 abscessit,
1363 2576 1405 2629 si
1442 2590 1560 2627 cum
1580 2574 1748 2626 altero
1775 2572 2066 2636 habitavit,

483 2667 733 2720 adultera
778 2666 1068 2737 iudicatur.
1103 2667 1159 2721 Si
1196 2681 1324 2721 vero
1349 2681 1472 2720 cttm
1509 2664 1698 2719 relicto
1765 2664 1883 2717 viro
1936 2677 2068 2717 con-

486 2759 671 2824 iuncta
718 2760 954 2830 legitime
993 2759 1175 2827 fuerit,
1209 2774 1383 2827 neque
1416 2766 1474 2811 ut
1501 2757 1768 2823 adultera,
1802 2770 1983 2826 neque
2012 2763 2070 2809 ut

478 2851 779 2905 *fornicaria
816 2852 1236 2906 condemnatur.
1267 2848 1333 2903 Et
1369 2848 1454 2902 vir
1508 2863 1730 2901 ttxoretn
1787 2860 1939 2901 suam
1983 2846 2066 2899 di-

484 2943 739 3007 mittens,
772 2950 827 2998 et
888 2942 1092 2998 ducens
1134 2942 1296 2997 aliam
1343 2940 1561 2995 adulter
1594 2948 1698 3007 est,
1731 2947 1783 2992 et
1807 3004 1813 3013 ‘
1837 2952 2064 2993 uxorem

470 3019 614 3086 ιὀιιιη
644 3034 753 3088 alio
786 3036 1005 3088 mistam
1040 3032 1340 3087 adulteram
1378 3031 1529 3084 facit.
1560 3028 1625 3083 Et
1658 3044 1779 3099 qua:
1798 3026 2066 3095 ejusmodi

482 3125 611 3178 viro
645 3125 880 3188 habitat,
907 3138 1015 3178 non
1068 3123 1331 3195 ignorans
1384 3121 1451 3175 ab
1493 3136 1559 3175 eo
1616 3133 1843 3174 uxorem
1901 3124 2067 3188 quam

489 3215 755 3271 habuerat
791 3217 1095 3281 dimissam,
1120 3213 1365 3270 adultera
1396 3222 1499 3267 est.
1533 3212 1784 3266 Alienum
1824 3227 2056 3281 namque

486 3307 669 3362 virum
704 3310 771 3364 ad
797 3321 858 3363 se
888 3306 1152 3362 traduxit.
1180 3305 1285 3360 Sed
1322 3305 1435 3358 haec
1465 3304 1680 3374 quidem
1718 3304 1806 3359 hic
1834 3318 2063 3375 magnus

488 3402 673 3468 Pater,
704 3417 768 3457 ex
803 3416 865 3457 ea
895 3415 1014 3471 qum
1051 3407 1180 3453 tunc
1202 3397 1478 3453 obtinebat
1508 3396 1879 3451 ecclesiastica
1930 3411 2065 3451 con-

490 3494 782 3550 suetudine
814 3493 1037 3549 asserit.
1076 3490 1276 3545 Verum
1310 3502 1375 3543 ex
1417 3503 1502 3554 ea,
1543 3503 1667 3558 quze
1701 3496 1889 3557 postea
1919 3488 2065 3543 edita

455 3575 596 3653 °est,
626 3589 692 3643 de
726 3587 978 3642 divortiis
1030 3585 1383 3655 imperatoris
1422 3581 1717 3637 Justiniani
1749 3584 1957 3639 novella
2000 3584 2067 3638 li-

493 3683 592 3736 bro
641 3694 811 3735 xxvut
855 3678 1217 3733 Basilicorttm
1255 3676 1339 3733 tit.
1381 3675 1406 3728 7
1460 3674 1657 3745 posita,
1692 3685 1889 3747 praeter
1934 3675 2068 3731 alias

496 3787 719 3836 causas,
751 3771 821 3827 ob
853 3784 992 3840 quas
1018 3767 1271 3840 conjugis
1305 3766 1519 3821 solvere
1543 3767 1864 3822 mulieribus
1880 3768 2065 3822 datum

488 3876 594 3929 cst,
627 3864 718 3918 illa
746 3879 965 3934 quoque
1001 3872 1318 3918 recensetur
1341 3902 1356 3929 ,
1390 3869 1451 3916 ut
1496 3862 1543 3916 si
1593 3861 1650 3915 in
1681 3862 1872 3917 eadem
1905 3862 2067 3916 domo

413 3982 421 3987 ·
493 3968 588 4014 aut
622 3956 754 4012 urbe
784 3957 870 4013 vir
900 3955 1055 4011 alteri
1090 3954 1303 4009 mulieri
1333 3954 1782 4020 commisccatur,
1812 3960 1976 4023 atque
2001 3954 2067 4009 ab

492 4065 663 4107 uxore
700 4049 1034 4115 admonitus,
1075 4058 1257 4103 tamen
1301 4046 1371 4100 ab
1408 4044 1552 4117 illius
1590 4046 1923 4100 commercio
1973 4061 2069 4101 ne-

495 4156 770 4213 quaquam
801 4141 1097 4205 abstineat,
1127 4136 1372 4219 .nuptias
1408 4133 1709 4191 dissolvere
1743 4135 2067 4194 mulieribus

493 4237 564 4292 ob
593 4234 916 4305 zelotypiam
942 4230 1273 4303 permissum
1310 4231 1404 4284 sit.

561 4500 784 4557 ARIST.
822 4499 985 4555 Juxta
1031 4496 1243 4552 Domini
1287 4511 1595 4552 sermonem
1641 4496 1726 4549 vir
1768 4504 1820 4551 et
1870 4494 2065 4550 mulier

494 4593 865 4649 fornicationis
892 4603 1058 4646 causa
1086 4588 1319 4657 separati
1371 4586 1574 4657 pariter
1605 4586 2065 4644 condemnamur.

489 4683 841 4741 Consuetudo
872 4695 1004 4736 vero
1037 4680 1347 4735 adulterum
1375 4688 1429 4734 et
1461 4678 1846 4735 fornicatorem
1875 4695 1903 4733 a
1940 4693 2073 4735 cou-

484 4777 705 4846 iugibus
735 4763 841 4830 non
872 4781 1107 4843 separat.
1145 4771 1203 4826 Si
1234 4785 1341 4841 qua
1392 4786 1522 4826 vero
1570 4773 1770 4826 mulier
1815 4772 1935 4825 viro
1984 4771 2068 4825 di-

492 4869 673 4922 misso
727 4864 914 4933 juncta
967 4862 1171 4926 fuerit,
1227 4876 1335 4916 non
1366 4871 1465 4935 est
1515 4861 1746 4917 forsitan
1793 4861 2073 4929 adultera;

490 4959 651 5027 culpa
695 4957 839 5014 enim
867 4956 920 5010 in
945 4969 1087 5021 eam,
1125 4953 1381 5025 quaesiue
1404 4952 1615 5009 ratione
1662 4953 1891 5020 dimisit,
1943 4952 2071 5023 reii-

490 5050 681 5103 cienda
706 5056 793 5103 est
823 5064 837 5101 :
869 5048 954 5102 vel
977 5044 1140 5101 etiam
1172 5045 1437 5106 adultera.
1463 5044 1509 5100 si
1535 5044 1625 5098 alii
1663 5043 1945 5113 jungatur.
1980 5043 2070 5097 Di-

488 5145 693 5194 missus
716 5154 842 5194 vero
866 5137 1018 5192 venia
1045 5137 1241 5205 dignus
1264 5145 1369 5191 est.
1393 5134 1495 5202 Qui
1513 5150 1641 5189 vero
1668 5150 1821 5190 suam
1848 5135 2068 5201 reliquit

490 5245 718 5283 uxorem
750 5239 805 5284 et
836 5230 903 5283 ad
936 5228 1097 5283 aliam
1133 5226 1386 5290 accessit,
1433 5234 1487 5280 et
1518 5224 1632 5296 ipse
1668 5235 1752 5280 est
1797 5228 2066 5290 moechus,

489 5331 545 5374 et
574 5312 690 5374 eam
720 5320 986 5375 maechari
1023 5317 1174 5382 facit,
1229 5325 1284 5371 et
1336 5315 1501 5370 etiam
1559 5316 1752 5370 mulier
1800 5332 1923 5370 cum
1959 5330 2064 5385 qua

488 5411 934 5464 consuetudinem
971 5409 1151 5463 habet.

557 5495 669 5551 Etsi
729 5497 985 5552 Dominus
1040 5496 1211 5548 virum
1256 5495 1322 5547 ah
1365 5509 1535 5548 uxore
1573 5510 1667 5547 sua
1732 5494 2059 5563 disiunctum

489 5590 873 5661 (praterquam
928 5587 979 5638 in
1031 5583 1401 5639 fornicationis
1444 5583 1631 5654 causa)
1680 5596 1732 5638 et
1778 5585 2058 5639 mulierem

486 5683 604 5735 sine
642 5680 854 5733 ratione
885 5693 913 5729 a
945 5677 1063 5729 viro
1110 5690 1210 5729 suo
1257 5686 1564 5744 separatam
1620 5670 2061 5744 aequaliter'cou-

489 5774 747 5822 demuat:
805 5778 980 5820 tamen
1017 5766 1336 5821 constitutio
1387 5766 1783 5841 ecclesiastica
1815 5767 1867 5819 id
1901 5762 2062 5822 aliter

493 5859 607 5913 fieri
639 5848 823 5924 jubet.
846 5856 977 5910 Nam
1005 5858 1177 5910 Virum
1212 5856 1324 5910 sive
1358 5855 1714 5912 fornicantem
1761 5859 1872 5913 sive
1907 5858 2058 5915 adul-

2093 1891 2142 1952 B

2170 656 2265 709 καὶ
2298 658 2527 726 ἀνδράσι
2561 661 2654 714 καὶ
2704 662 2973 729 γυναιξὶν,
3026 661 3168 714 ὥστε
3227 665 3369 731 μήτε
3435 660 3605 730 ἄνδρα
3656 660 3760 729 τὴν

2168 754 2375 808 οίκείαν
2409 757 2633 823 ἀφιέναι
2672 760 2931 824 γυναῖκα,
2975 757 3114 828 μῄτε
3145 759 3381 824 γυναῖκα
3422 754 3760 822 ἀφίστασθαι

2170 847 2265 899 τοῦ
2302 847 2498 918 ἀνδρὸς
2541 848 2729 917 αὐτῆς.
2776 848 2919 900 Ἀλλ’
2975 852 3007 918 ὴ
3075 848 3335 914 συνήθεια
3394 848 3495 916 οὐχ
3555 845 3759 913 ὁμοίως

2169 935 2284 1005 ἔχει
2318 936 2411 989 ἐπὶ
2436 936 2651 1007 ἀνδρῶν
2683 936 2956 1005 ἀφιέντων
3001 936 3100 999 τὰς
3162 938 3453 1003 γυναῖκας,
3510 935 3606 987 καὶ
3660 936 3758 987 ἐπὶ
3808 960 3813 963 -

2169 1027 2452 1097 γυναικῶν
2485 1028 2688 1098 ὁμοίως
2722 1029 3017 1081 ποιουσῶν;
3067 1028 3128 1080 'H
3158 1027 3259 1097 μὲν
3284 1026 3395 1096 γὰρ
3426 1027 3589 1096 γυνὴ.
3627 1026 3764 1079 ἀπο-

2169 1119 2350 1170 στᾶσα
2372 1116 2469 1170 τοῦ
2502 1117 2698 1186 ἀνδρὸς
2728 1119 2825 1170 καὶ
2886 1116 3223 1185 συναφθείσα
3255 1115 3451 1186 ἑτέρῳ,
3511 1111 3762 1183 μοιχαλὶς

2168 1207 2441 1279 κρίνεται,
2474 1211 2573 1263 καὶ
2595 1210 2780 1262 οὐκέτι
2814 1209 3142 1280 δεχθήσεται
3176 1207 3328 1278 παρὰ
3383 1205 3478 1260 τοῦ
3539 1206 3757 1274 ἀνδρὸς,

2168 1300 2217 1353 εί
2239 1299 2315 1372 μὴ
2343 1301 2550 1365 ἐκεῖνος
2582 1301 2828 1372 βούλοιτο
2851 1317 2868 1334 ⁸
2897 1303 2992 1354 τὸν
3016 1302 3073 1354 δὲ
3101 1301 3272 1370 ἄνδρα
3298 1302 3391 1355 καὶ
3425 1299 3760 1369 πορνεύονται

2168 1394 2263 1446 καὶ
2301 1394 2624 1463 μοιχεύοντα
2653 1396 2685 1462 ἠ
2740 1393 2878 1464 γυνὴ
2922 1395 3145 1463 ἀφεῖναι
3196 1394 3260 1453 οὐ
3313 1393 3562 1446 δύναται.
3632 1392 3740 1444 Καὶ

2168 1485 2355 1539 λοιπὸν
2384 1486 2435 1538 εί
2460 1487 2487 1539 6
2518 1485 2743 1554 ἀφεθεὶς
2769 1486 2934 1558 ἑτέρᾳ
2976 1487 3312 1554 συνοικήσει,
3358 1487 3392 1555 ἡ
3415 1486 3590 1553 τούτῳ
3630 1501 3759 1537 συν-

2169 1578 2410 1647 αφθεῖσα
2458 1577 2520 1630 οὐ
2556 1577 2909 1647 κριθήσεται,
2961 1577 3119 1646 φησι,
3205 1568 3476 1647 μοιχαλίς.
3531 1575 3605 1628 Τδ
3648 1576 3763 1645 γὰρ

2170 1667 2477 1737 ἁμάρτημα
2527 1665 2631 1734 τῆς
2696 1664 3106 1734 καωλειψάσης
3163 1664 3256 1717 τὸν
3310 1664 3514 1716 οἰκεῖον
3585 1663 3760 1730 ἄνδρα

2170 1758 2342 1811 ἐστίν.
2369 1758 2444 1811 Ού
2471 1757 2583 1828 γὰρ
2607 1759 2824 1827 ἐφεῖται
2851 1756 2991 1827 αὐτῇ
3026 1754 3369 1823 ἀφίστασθαι
3388 1752 3483 1805 τοῦ
3519 1753 3716 1822 ἀνδρός
3740 1766 3755 1781 ⁸

2169 1847 2289 1901 ἀλλ’
2322 1850 2432 1902 είτε
2464 1848 2678 1917 πικρῶς
2722 1848 2860 1918 αὐτῇ
2918 1845 3307 1917 προσφέρεται,
3371 1845 3560 1915 φέρειν
3615 1844 3749 1914 χρὴ,
3798 1895 3804 1903 ,

2169 1939 2280 1991 εἴτε
2314 1940 2396 2002 είς
2431 1940 2693 2009 χρήματα
2724 1936 3021 2006 ζημιοῦται
3045 1935 3145 2005 τὴν
3179 1937 3381 2005 προῖκα
3412 1934 3745 2002 δαπανωμέ·

2170 2045 2271 2099 νην
2300 2028 2486 2099 ὁρῶσα
2516 2046 2530 2059 ⁸
2563 2012 2675 2081 εἴτε
2704 2028 2999 2098 ζηλοτυπεῖ
3022 2026 3112 2079 διὰ
3136 2025 3197 2079 τὸ
3222 2026 3440 2093 ἑτέραις
3469 2025 3559 2077 τὸν
3587 2024 3760 2093 ἄνδρα

2173 2118 2637 2190 συμφθείρεσθαι,
2671 2120 2961 2189 καρτερεῖν
3011 2118 3093 2171 δεῖ
3142 2118 3237 2170 καὶ
3277 2117 3370 2170 τοῦ
3419 2116 3614 2187 ἀνδρδς
3680 2116 3763 2185 μὴ

2169 2210 2530 2282 χωρίζεσθαι.
2588 2211 2651 2264 Εί
2709 2211 2844 2282 γὰρ,
2904 2210 3140 2263 ἀπίστου
3199 2208 3308 2262 τῶν
3359 2207 3763 2261 συνοικούντων

2168 2304 2323 2366 ὄντος
2383 2303 2635 2374 θατέρου,
2691 2302 2753 2356 τὸ
2817 2302 3006 2373 ἕτερον
3054 2301 3348 2372 πρόσωπον
3415 2301 3761 2373 χωρισθῆναι

2170 2394 2342 2449 αὐτοῦ
2369 2394 2599 2457 ἄκοντος
2628 2394 2961 2454 κεκώλυται.
2994 2397 3136 2450 κατὰ
3165 2394 3257 2448 τδν
3306 2396 3577 2465 μακάριον
3609 2391 3760 2446 Παῦ-

2171 2487 2263 2540 λον
2286 2502 2300 2516 ⁸
2330 2489 2447 2549 πῶς
2481 2487 2777 2552 ἀνεύθυνος
2804 2487 2961 2541 ἔσται
3006 2488 3035 2540 6
3081 2487 3153 2540 δι’
3185 2488 3383 2558 ἑτέραν
3413 2487 3594 2540 αἰτίαν
3614 2486 3765 2538 λύων

2169 2579 2271 2650 τὴν
2301 2579 2605 2648 συζυγίανς
2636 2580 2801 2633 Ὥστε
2854 2582 2889 2650 ἡ
2938 2581 3225 2634 ἀποστᾶσα
3281 2578 3377 2631 τοῦ
3432 2579 3649 2648 ἀνδρὸς,
3707 2578 3762 2630 εξ

2169 2671 2316 2741 ἄλλῳ
2346 2669 2650 2743 συνῴκησε,
2712 2672 2960 2742 μοιχαλὶς
2986 2671 3281 2739 λογίζεται.
3324 2670 3388 2723 Ἦ
3414 2670 3470 2723 δὲ
3495 2669 3766 2739 τῷκατα-

2169 2759 2453 2830 λειφθέντι
2488 2761 2647 2829 ἀνδρὶ
2700 2761 3130 2816 συνευνασθείσα
3164 2756 3457 2831 νομίμως,
3507 2760 3631 2812 οὔτε
3678 2760 3761 2822 ὡς

2175 2851 2431 2923 μοιχαλὶς
2468 2850 2595 2906 οὔτε
2642 2854 2718 2916 ὡς
2781 2853 3136 2924 πορνεύσασα
3184 2853 3602 2923 κατακρίνεται.
3649 2852 3762 2905 Καὶ

2170 2947 2198 2998 6
2222 2945 2364 3014 ἀνὴρ
2410 2943 2489 3010 δὲ,
2523 2944 2624 3014 τὴν
2654 2943 2852 2997 ἑαυτοῦ
2891 2948 3125 3010 γυναῖκα
3177 2945 3480 3007 ἀπολύσας,
3510 2944 3605 2997 καὶ
3637 2944 3763 2997 ἑτέ-

2176 3049 2274 3105 ραν
2298 3033 2773 3102 είσοικισάμενος’,
2820 3035 3008 3104 μοιχός
3047 3036 3187 3099 ἐστι,
3241 3037 3335 3087 καὶ
3372 3035 3470 3103 τὴν
3516 3039 3762 3101 γυναῖκα.

2176 3122 2467 3193 μοιχαλίδα
2499 3124 2666 3187 ποιεῖ,
2700 3123 2848 3194 ἄλλῳ
2895 3126 3258 3194 μιγνυμένην.
3309 3127 3420 3178 Καὶ
3452 3128 3486 3195 ἡ
3512 3125 3588 3194 τῷ
3643 3142 3758 3178 τοι·

2172 3214 2316 3285 ούτιρ
2338 3215 2393 3267 δὲ
2422 3215 2577 3284 ἀνδρὶ
2603 3217 3002 3285 συνοικήσασα,
3033 3217 3094 3268 ὲν
3120 3217 3323 3285 εἰδῆσει
3348 3216 3443 3269 τοῦ
3486 3216 3760 3269 ἀπολῦσαι

2167 3306 2330 3363 αὐτὸν
2370 3307 2437 3379 ἢν
2504 3305 2620 3377 εἶχε
2662 3309 2921 3372 γυναῖκα,
2960 3307 3209 3377 μοιχαλίς
3236 3310 3408 3361 ἔστιν.
3448 3307 3763 3377 ’Λλλότριον

2170 3401 2279 3471 γὰρ
2308 3399 2480 3469 ἄνδρα
2512 3398 2649 3468 πρὸς
2678 3398 2881 3468 ἑαυτὴν
2910 3401 3271 3471 μετέστησεν.
3319 3400 3483 3453 Ἀλλὰ
3530 3399 3704 3452 ταῦτα
3732 3402 3762 3451 6

2171 3493 2346 3563 μέγας
2378 3487 2533 3554 οὗτός
2563 3506 2699 3561 φησι
2731 3492 2925 3560 Πατὴρ
2990 3493 3134 3546 κατὰ
3173 3493 3234 3545 τὸ
3265 3484 3573 3562 τηνικαῦτα
3624 3488 3781 3561 κρίκε-⁷

2169 3583 2299 3636 τοῦν
2336 3581 2804 3653 ἐκκλησιαστικὸν
2840 3580 2980 3643 ἔθος.
3023 3581 3117 3634 Ἐκ
3167 3582 3223 3635 δὲ
3249 3583 3348 3651 τῆς
3399 3581 3538 3652 μετὰ
3583 3584 3761 3635 ταῦτα

2169 3675 2300 3743 περὶ
2323 3673 2535 3736 λύσεως
2565 3674 2762 3743 γάμων
2817 3670 3236 3742 ἐκφωνηθείσης
3271 3672 3494 3742 Νεαρᾶς
3525 3672 3618 3726 τοῦ
3656 3674 3760 3742 βα-

2171 3767 2363 3832 σιλέως
2401 3767 2810 3833 Ἰουστινιανοῦ,
2840 3767 2938 3837 τῆς
2970 3767 3231 3837 κειμένης
3262 3768 3344 3829 είς
3391 3767 3598 3836 βιϐλίον
3633 3768 3747 3819 τῶν

2167 3858 2477 3913 Βασιλικῶν
2521 3856 2629 3928 κη’,
2665 3858 2803 3915 τίτλ,
2835 3856 2905 3924 ζ’,
2964 3858 3102 3931 πρὸς
3151 3859 3274 3920 ταῖς
3330 3858 3518 3921 ἄλλαις
3555 3858 3762 3921 αἰτίαις

2168 3952 2292 4013 ταῖς
2316 3949 2385 4003 δι’
2414 3950 2481 4014 ἃς
2515 3949 2667 4003 λύειν
2687 3952 2806 4013 ταῖς
2841 3949 3051 4017 γυναιξὶ
3078 3950 3147 4002 τὰ
3176 3951 3488 4003 συνοικέσια
3529 3950 3756 4014 δίδοται,

2174 4043 2272 4096 καὶ
2306 4043 2369 4096 τὸ
2398 4045 2455 4096 ἐν
2487 4046 2553 4113 τῇ
2584 4042 2722 4112 αὐτῇ
2742 4044 2892 4113 οἰκία
2919 4042 2952 4112 ἢ
2978 4042 3131 4095 πόλει
3166 4043 3259 4095 τὸν
3289 4043 3459 4113 ἄνδρα
3490 4042 3760 4111 συμφθεί-

2176 4137 2365 4209 ρεσθαι
2397 4137 2618 4204 γυναικὶ
2645 4136 2805 4208 ἄλλῃ,
2836 4134 3282 4205 ἐπιφωνούμενον
3311 4134 3463 4203 παρὰ
3518 4134 3614 4185 τοῦ
3656 4134 3760 4203 μὲ-

2174 4247 2303 4301 ρους
2342 4230 2443 4300 τῆς
2472 4229 2733 4297 γυναικὸς
2761 4229 2836 4300 μὴ
2866 4227 3200 4296 ἀφίστασθαι
3233 4228 3331 4296 τῆς
3364 4227 3507 4297 πρδς
3540 4226 3765 4296 ἐκείνην

2171 4319 2413 4389 ὁμιλίας,
2456 4317 2618 4373 λύειν’
2640 4322 2769 4383 τοὺς
2818 4318 3033 4391 γάμους
3084 4320 3210 4382 ταῖς
3258 4317 3477 4387 γυναιξὶ
3519 4318 3611 4371 διὰ
3660 4318 3761 4386 τὴν

2173 4411 2514 4482 ζηλοτυπίαν
2546 4412 2790 4482 ἐφίησιν.

2244 4503 2468 4559 ΑΡΙΣΤ.
2500 4505 2658 4558 Κατὰ
2688 4504 2781 4558 τὸν
2806 4503 2900 4558 τοῦ
2939 4504 3142 4575 Κυρίου
3182 4504 3341 4573 λόγον
3400 4505 3534 4565 ἴσως
3590 4518 3765 4554 κατα-

2174 4595 2463 4661 δικάζεται
2493 4596 2590 4648 καὶ
2621 4597 2784 4667 ἀνὴρ,
2815 4596 2909 4649 καὶ
2941 4597 3101 4667 γυνὴ,
3149 4596 3271 4667 δίχα
3332 4596 3590 4665 πορνείας
3625 4597 3764 4649 ἀπο-

2176 4683 2536 4753 ζευγνύμενοι
2561 4702 2574 4717 ⁸
2610 4686 2643 4756 ἡ
2676 4685 2731 4739 δὲ
2761 4685 3023 4758 συνήθεια
3042 4687 3133 4739 τὶν
3168 4685 3357 4756 μοιχὸν
3386 4684 3481 4739 καὶ
3507 4686 3598 4739 τὸν
3629 4684 3767 4755 πόρ-

2174 4792 2264 4830 νον
2293 4775 2641 4842 διαζεύγνυσι
2672 4776 2781 4829 τῶν
2812 4775 3085 4847 συμϐίων.
3137 4777 3199 4829 Εί
3242 4776 3300 4829 δέ
3340 4792 3423 4839 τις
3451 4777 3639 4845 ἀφέτῳ
3669 4777 3766 4829 ἀν-

2172 4867 2259 4938 δρὶ
2291 4865 2637 4937 συζευχθείη,
2684 4867 2787 4920 οὐκ
2843 4867 2925 4919 ἔνι
2972 4866 3140 4937 τυχὸν
3194 4868 3477 4937 μοιχαλίς⁸
3543 4867 3602 4920 τὸ
3650 4869 3763 4937 γὰρ

2177 4960 2350 5013 αἴτιον
2381 4960 2474 5023 ἐπὶ
2500 4959 2599 5031 τὴν
2625 4959 2839 5027 ἀλόγως
2868 4962 3098 5027 ἀφεῖσαν
3123 4976 3139 4991 ⁸
3173 4960 3205 5028 ἢ
3236 4959 3331 5011 καὶ
3388 4958 3660 5028 μοιχαλὶς,
3710 4959 3760 5007 εξ

2178 5049 2317 5121 πρὸς
2354 5049 2543 5121 ἕτερον
2579 5048 2892 5115 ζεύγνυται.
2932 5050 2992 5103 '0
3019 5050 3076 5102 δὲ
3134 5049 3355 5118 ἀφεθεὶς
3386 5048 3759 5117 συγγνωστός.

2184 5140 2242 5193 Ὀ
2274 5139 2331 5192 δὲ
2359 5138 2719 5210 τὴνγυναῖκα
2764 5138 2965 5203 λιπὼν,
3006 5141 3101 5193 καὶ
3138 5138 3227 5192 ἐπ’
3276 5138 3446 5207 ἄλλην
3508 5139 3624 5202 ίὼν,
3663 5136 3762 5188 καὶ

2173 5230 2335 5292 αὐτὸς
2375 5230 2585 5300 μοιχὸς,
2613 5232 2710 5283 καὶ
2735 5230 2907 5300 αὐτὴν
2963 5229 3365 5301 μεμοιχεῦσθαι
3396 5231 3561 5293 ποιεῖ,
3594 5226 3690 5282 καὶ
3725 5228 3759 5297 ἡ

2172 5320 2321 5389 αὐτῷ
2353 5320 2682 5374 συνοικοῦσα
2712 5323 2873 5392 γυνή.

2241 5499 2303 5550 Εἰ
2338 5498 2429 5550 καὶ
2457 5499 2483 5550 6
2509 5496 2713 5566 Κύριος
2747 5498 2839 5550 τὸν
2885 5498 3053 5568 ἄνδρα
3107 5499 3200 5551 τὸν
3237 5499 3628 5569 διαξευχθέντα
3658 5500 3762 5570 τῆς

2178 5591 2315 5651 ἰδίας
2337 5590 2599 5657 γυναικὸς
2647 5591 2949 5657 (παρεκτὸς
2992 5589 3151 5658 λόγου
3194 5593 3473 5662 πορνείας)
3513 5592 3608 5645 καὶ
3662 5591 3765 5663 τὴν

2176 5682 2416 5747 γυναῖκα
2443 5680 2748 5749 ἀνευλόγως
2788 5682 2883 5735 τοῦ
2942 5681 3074 5734 ίδίου
3136 5682 3504 5754 χωρισθεῖσαν
3566 5683 3765 5754 ἀνδρὸς

2170 5772 2529 5834 καταδικάζει
2563 5774 2760 5845 ἐπίσης
2786 5790 2800 5805 ⁸
2834 5774 2950 5826 ἀλλ’
3014 5776 3048 5844 ἡ
3092 5776 3351 5843 συνήθεια
3382 5777 3417 5845 ἡ
3465 5775 3763 5845 ἐκκλησια-

2163 5862 2330 5931 στικὴ
2362 5863 2534 5925 ἄλλως
2555 5862 2713 5916 τοῦτο
2745 5868 3071 5933 προστάττει
3093 5864 3339 5932 γίνεσθαι
3362 5867 3491 5937 ’,τὸν
3524 5865 3623 5935 μὲν
3650 5868 3762 5937 γὰρ
