4076 6394
411 277 515 343 627

1631 279 1906 343 ἸἩΕΟΙ).
1936 279 2166 340 BALSA
2175 282 2333 344 ΜοΝ

3062 263 3089 291 ρ

3538 290 3644 357 6%

401 403 797 473 dispensationi
833 405 879 458 si
916 407 1167 467 cesserit,
1224 404 1274 458 id
1306 405 1354 459 ei
1404 404 1625 473 periurii
1680 405 1796 459 loco
1840 421 1949 460 non

2095 410 2255 482 νομίᾳ
2273 414 2351 473 εἰς
2375 414 2652 486 ἐπιοριίαν
2675 414 2822 485 αὐτῷ
2851 413 2912 469 οὑ
2946 416 3340 489 λογισθήσεται,
3372 421 3458 475 διὰ
3485 422 3546 476 τὸ
3577 424 3647 492 μὶν

397 495 771 564 imputabitur.
804 497 1001 564 quippe
1023 498 1149 564 quia
1169 495 1516 563 iuriiurando
1543 495 1815 563 adiectum
1839 512 1948 550 non

371 593 479 658 [est
514 598 581 637 ne
606 584 883 652 paululum
914 585 1132 653 quidem
1159 583 1427 638 lllindanis
1456 599 1821 649 recessurum,
1854 586 1948 640 sed

395 672 654 741 deinceps
679 688 1117 741 permansurum.
1148 673 1259 728 Nos
1283 682 1464 729 autem
1489 674 1692 728 Severo
1719 674 1949 728 oblivio-

394 776 521 815 nem
550 765 798 817 causanti
837 764 917 818 sic
953 766 1313 834 ignoscemus,
1347 773 1404 818 ut
1436 779 1560 818 eum
1604 780 1945 827 maneamus.

397 851 737 904 occultorum
759 853 1090 920 cognitorem
1119 867 1272 906 suam
1303 853 1477 921 ipsius
1508 852 1806 907 Ecclesiam
1838 867 1948 906 non

394 954 685 1007 passurum
739 940 807 992 ab
859 940 1123 1007 eiusmodi
1177 939 1398 994 homine
1446 939 1765 994 labefactari
1801 958 1816 994 :
1853 940 1948 1009 qui

393 1038 590 1095 praeter
611 1042 855 1082 canones
884 1029 951 1081 ab
976 1029 1130 1081 initio
1162 1028 1309 1091 fecit,
1344 1042 1408 1082 ac
1438 1027 1797 1096 iureiurando
1820 1042 1950 1105 con;

392 1126 480 1171 tra
539 1118 828 1188 Evangelia
885 1120 1175 1188 astringit,
1236 1128 1294 1173 et
1344 1120 1643 1188 periurium
1713 1118 1948 1175 transfe-

391 1209 566 1263 rendo
590 1208 800 1273 edocet,
833 1223 897 1263 ac
927 1218 1222 1278 postremo,
1253 1209 1380 1266 dum
1417 1211 1740 1265 oblivionem
1774 1212 1949 1267 simu-

389 1299 488 1358 lat.
522 1300 804 1353 mentitur.
848 1300 953 1353 Sed
1003 1301 1260 1369 quoniam
1309 1301 1554 1375 cordium
1584 1301 1796 1369 iudices
1836 1298 1950 1355 non

391 1402 603 1448 sumus.
642 1386 738 1441 sed
774 1404 841 1442 ex
896 1389 963 1440 iis
1009 1398 1128 1456 qua:
1184 1388 1454 1453 audimus,
1483 1389 1819 1457 iudicamus,
1856 1389 1951 1443 de-

389 1492 516 1532 mus
543 1476 776 1532 Domino
813 1479 1131 1542 vindictam,
1167 1495 1399 1548 eumque
1431 1480 1566 1533 citra
1596 1496 1822 1535 examen
1859 1497 1949 1534 su-

274 1594 279 1599 -
389 1568 712 1636 spiciamus,
750 1568 988 1623 humano
1021 1571 1172 1634 vitio,
1221 1570 1479 1625 oblivioni
1526 1572 1759 1635 scilicet,
1796 1572 1951 1641 igno-

391 1663 630 1712 scentes.

459 1764 570 1833 66
601 1763 798 1818 BALS.
831 1764 1060 1831 Quidam
1103 1775 1158 1819 ut
1188 1766 1571 1824 ordinarentur
1613 1766 1829 1822 evocati
1875 1766 1958 1836 iu-

383 1868 576 1910 rarunt
601 1871 660 1912 se
689 1856 1084 1914 ordinationem
1111 1875 1222 1914 non
1274 1859 1626 1916 admissuros.
1655 1858 1795 1914 Dicit
1828 1872 1959 1928 ergo

385 1960 611 2005 sanctus
646 1966 754 2005 non
783 1958 1034 2019 oportere
1073 1965 1167 2006 eos
1212 1951 1329 2022 cogi
1356 1951 1619 2021 peierare.
1650 1949 1765 2005 Etsi
1788 1947 1962 2013 enim,

385 2042 583 2111 inquit,
618 2041 867 2096 videatur
896 2041 987 2107 iis,
1027 2042 1116 2111 qui
1165 2058 1233 2098 ex
1276 2059 1336 2099 se
1386 2043 1818 2113 ipsisiurarunt,
1869 2040 1956 2095 vel

384 2135 477 2204 qui
529 2133 747 2203 aliquod
779 2134 882 2190 sibi
908 2134 1186 2201 vinculum
1224 2134 1552 2204 iniecerunt,
1598 2133 1685 2188 vel
1736 2147 1956 2188 carnem

388 2243 496 2281 non
527 2229 869 2293 comedendi,
911 2230 995 2285 vel
1030 2222 1216 2284 vinum
1271 2244 1376 2284 non
1432 2224 1675 2295 bibendi,
1726 2226 1809 2281 vel
1857 2240 1958 2280 nec

386 2319 518 2373 illud
553 2318 810 2384 faciendi,
840 2322 1004 2378 licere
1028 2336 1224 2379 rursus
1264 2319 1540 2376 vinculum
1588 2318 1818 2383 solvere,
1846 2324 1900 2371 et
1926 2331 1954 2368 a

383 2409 742 2476 iureiurando
788 2410 1054 2475 deiicere;
1116 2412 1210 2465 sed
1261 2409 1597 2478 experientia
1648 2408 1955 2469 didicimus,

390 2501 557 2570 quod,
592 2503 682 2572 qui
718 2502 1048 2573 peierarunt,
1080 2518 1187 2557 non
1214 2511 1359 2559 recta
1393 2511 1521 2558 sunt
1565 2502 1618 2555 in
1664 2500 1749 2554 via
1800 2501 1892 2554 sed
1927 2513 1955 2552 a

390 2593 503 2646 lleo
533 2594 788 2649 sinuntur
837 2601 1060 2663 propter
1110 2593 1407 2663 periurium
1464 2593 1681 2649 tentari.
1734 2592 1959 2662 Oportet

389 2696 593 2752 autem,
625 2686 822 2754 inqu't,
860 2687 912 2741 in
954 2685 1040 2741 his
1088 2686 1379 2756 iuramenti
1428 2684 1656 2739 formam
1692 2698 1957 2753 quaerere.

387 2795 458 2830 an
500 2777 553 2831 in
583 2779 746 2831 Deum
777 2776 969 2844 iurans
998 2776 1216 2837 dixerit,
1249 2790 1317 2829 an
1353 2776 1407 2830 in
1453 2774 1654 2844 aliquid
1708 2772 1875 2839 aliud,
1905 2780 1958 2826 et

389 2869 551 2924 verba
585 2868 701 2937 eius
733 2870 823 2939 qui
851 2868 1073 2939 iuravit,
1104 2878 1159 2924 et
1180 2867 1519 2924 affectionem
1544 2882 1703 2936 quam
1732 2865 1958 2935 iuravit,

388 2969 443 3014 et
481 2960 642 3016 etiam
671 2961 890 3015 subtilia
922 2961 976 3015 in
1025 2960 1205 3016 verbis
1252 2959 1640 3014 additamenta.
1688 2955 1784 3010 Est
1814 2954 1957 3009 enim

390 3063 816 3106 consentaneum
846 3066 908 3107 ex
935 3051 1255 3106 sacramenti
1280 3050 1560 3123 qualitate,
1591 3057 1644 3105 et
1669 3064 1735 3103 ex
1759 3047 1955 3107 verbis.

2094 502 2443 571 προσκεῖσθαι
2477 503 2555 573 τῷ
2588 507 2762 574 ὅρκῳ,
2806 505 2939 575 μηδέ
2983 508 3118 578 πρὸς
3157 508 3324 578 βραχὺ
3365 511 3644 582 ἀναχωρή-

2095 610 2204 646 σειν
2379 595 2685 659 Μινδάνων,
2714 596 2847 648 ἀλλὰ
2878 602 3210 668 παραμενεῖν
3237 602 3315 662 εἰς
3340 599 3398 653 τὸ
3426 601 3641 671 ἐφεξῆς.

2090 684 2313 754 Σεὺἡρῳ
2343 683 2419 747 δὲ,
2448 684 2895 756 προφασιζομένῳ
2913 687 3010 757 τὴν
3029 688 3215 758 λήθην,
3254 690 3412 757 ἡμεῖς
3438 705 3647 759 συγχω-

2090 774 2348 841 ρήσομεν,
2384 774 2643 838 εἰπόντες,
2665 776 2745 828 ὅτι
2770 776 2877 828 τῶν
2903 779 3155 847 κρυπτῶν
3179 779 3422 849 γνὼστης
3449 781 3510 832 οὐ
3549 796 3647 831 πε·-

2092 860 2331 928 ριόψεται
2367 861 2465 930 τὴν
2495 860 2686 915 ἑαυτοῦ
2716 864 3032 933 Ἐκκλησίαν
3066 866 3168 918 ὑπὸ
3192 867 3429 919 τοιούτου
3457 868 3644 935 λυμαι-

2087 951 2343 1022 νομένηνο
2391 951 2666 1016 ποιοῦντος
2712 956 2808 1024 μὲν
2851 955 3208 1018 ἀκανονίστως
3249 956 3310 1008 τὸ
3339 956 3397 1019 ἐξ
3432 956 3638 1025 ἀρχῆς.

2085 1041 2232 1113 ὅρκῳ
2254 1042 2309 1093 δὲ
2337 1041 2796 1113 καταδοσμοῦντος
2830 1045 2977 1115 παρά
3001 1045 3066 1098 τὰ
3088 1047 3409 1114 Εὑαγγέλιασ
3435 1062 3641 1116 παρορ-

2085 1136 2199 1187 κεῖν
2231 1134 2287 1187 δὲ
2319 1134 2657 1197 διδάσκοντος
2695 1135 2759 1187 δι’
2791 1129 2865 1189 ὧν
2904 1137 3160 1207 μετετέθη
3180 1178 3194 1199 ,
3232 1137 3557 1205 ψευδομένου
3586 1138 3642 1190 δὲ

2083 1221 2177 1274 νῦν
2196 1221 2264 1275 δι’
2297 1215 2372 1275 ὧν
2558 1223 2654 1293 τὴν
2691 1223 2858 1293 λήθην
2896 1223 3302 1293 σχηματίζεται.
3335 1224 3550 1293 Ἐπειδὴ
3584 1223 3640 1275 δὲ

2082 1311 2182 1362 οὐκ
2216 1311 2381 1380 ἐσμὲν
2407 1312 2640 1381 καρδιῶν
2662 1312 2866 1382 κριταὶ,
2897 1313 3010 1365 ἀλλ’
3048 1313 3106 1378 ἐξ
3133 1307 3208 1366 ὧν
3229 1312 3493 1382 ἀκούομεν
3524 1313 3642 1382 κρί-

2082 1417 2274 1469 νομενο
2320 1399 2499 1471 δῶμεν
2543 1400 2621 1470 τῷ
2668 1402 2854 1471 Κυρίῳ
2893 1402 2990 1472 τὴν
3037 1402 3338 1472 ἐκδίκησιν,
3394 1402 3544 1455 αὐτοὶ
3583 1400 3640 1453 δὲ

2080 1490 2403 1560 ἀδιακρίτως
2427 1491 2587 1543 αὑτὸν
2618 1491 2925 1560 δεξώμεθα,
2960 1490 3284 1560 συγγνώμην
3316 1491 3495 1552 δόντες
3546 1490 3639 1541 ἀν-

2080 1579 2333 1651 θρωπίνῳ
2367 1580 2552 1645 πάθει,
2584 1583 2647 1651 τῇ
2675 1580 2833 1652 λήθῃ.

2140 1765 2335 1820 ΒΑΑΣ.
2369 1767 2526 1831 Τινὲς
2548 1769 2630 1831 εἰς
2651 1769 2712 1822 τὸ
2741 1769 3189 1842 χειροτονηθῆναι
3223 1768 3639 1840 μετακαλούμε-

2061 1859 2527 1930 νοι,ἐξωμνύοντο
2571 1862 2647 1931 μὴ
2689 1861 3088 1928 καταδέξασθαι
3132 1863 3233 1931 τὴν
3269 1863 3635 1934 χειροτονίαν.

2059 1950 2199 2014 Τοὺς
2226 1951 2321 2006 οὖν
2355 1953 2627 2017 τοιούτους
2651 1954 2801 2024 λέγει
2837 1957 2866 2008 6
2903 1954 3062 2022 ἅγιος
3109 1956 3188 2025 μὴ
3237 1953 3347 2008 δεῖν
3394 1954 3641 2022 ἀναγκά-

2059 2041 2251 2106 ζεσθαι
2283 2044 2584 2119 ἐπιορκεῖν.
2617 2045 2737 2100 Κάν
2760 2045 2870 2116 γὰρ
2890 2044 3041 2115 δοκῇ,
3073 2044 3258 2114 φησὶν,
3291 2042 3493 2111 ἐξεῖναι
3522 2045 3639 2108 τοῖς

2057 2134 2157 2204 ἀφ’.
2180 2136 2392 2192 ἑαυτῶν
2421 2137 2685 2208 ὀμόσασιν
2720 2138 2752 2209 ἢ
2785 2138 2983 2207 δεσμόν
3001 2154 3121 2190 τινα
3168 2138 3382 2199 ἑαυτοῖς
3435 2137 3636 2191 ἐπιϐαο

2058 2224 2265 2291 λοῦσιν,
2296 2228 2374 2294 ὡς
2403 2230 2478 2300 μὴ
2507 2231 2706 2299 φαγεῖν
2736 2219 2926 2300 κρέας,
2966 2229 2999 2299 ἢ
3052 2230 3198 2281 πιεῖν
3259 2221 3425 2293 οῐνον,
3460 2226 3494 2296 ἢ
3560 2229 3635 2296 μὴ

2057 2318 2177 2372 τόδε
2206 2319 2458 2390 ποιῆσαι,
2504 2320 2655 2375 λύειν
2691 2320 2858 2375 πάλιν
2886 2320 2981 2388 ἀφ’
3018 2319 3231 2374 ἑαυτῶν
3265 2321 3356 2373 τὸν
3412 2318 3634 2389 δεσμὸν,

2060 2409 2275 2465 καὶτοῦ
2297 2412 2462 2482 ὅρκου
2492 2411 2849 2482 ἀφίστασθαιο
2871 2412 2985 2467 ἀλλ’
3018 2414 3081 2465 ἐκ
3113 2413 3310 2484 πείρας
3356 2409 3636 2480 ἐμάθομεν

2059 2504 2144 2555 ὅτι
2175 2505 2628 2576 παρορκήσαντες
2676 2505 2776 2559 οὑκ
2832 2502 3160 2571 εὐοδοῦνται,
3211 2502 3328 2556 ἀλλ’
3380 2500 3484 2554 ὑπὸ
3539 2497 3634 2551 τοῦ

2061 2593 2196 2648 Θεοῦ
2258 2595 2715 2666 παραχωροῦνται
2762 2594 3131 2665 πειρασθῆναι
3174 2592 3263 2646 διὰ
3296 2592 3395 2660 τὴν
3449 2591 3635 2656 ἐπιορ-

2061 2685 2203 2742 κίαν.
2241 2689 2333 2740 Δεῖ
2356 2687 2437 2752 δέ,
2473 2688 2661 2757 φησὶν,
2706 2686 2800 2741 ἐπὶ
2819 2687 2932 2740 τῶν
2959 2685 3229 2740 τοιούτων
3254 2684 3348 2738 καὶ
3383 2682 3444 2734 τὸ
3474 2675 3635 2747 εἶδος,

2060 2775 2154 2828 τοῦ
2196 2777 2361 2847 ὅρκου
2399 2780 2647 2842 σκοπεῖν,
2686 2777 2787 2830 εἴτ’
2830 2774 2937 2831 οὖν
2992 2778 3041 2830 εἰ
3084 2775 3219 2829 Θεδν
3262 2772 3548 2841 ὠνόμασεν
3602 2768 3633 2820 6

2060 2866 2298 2936 ὀμνύων,
2328 2868 2513 2938 ἧᾶλλο
2546 2884 2619 2934 τι,
2672 2868 2765 2920 καὶ
2809 2867 2879 2920 τὰ
2921 2867 3145 2938 ῥήματα
3198 2863 3294 2917 τοῦ
3334 2861 3633 2928 ὀμόσαντος

2060 2957 2156 3011 καὶ
2184 2957 2284 3028 τὴν
2313 2956 2554 3012 διάθεσιν
2587 2960 2679 3028 ἀφ’
2702 2953 2765 3029 ἧς
2795 2957 2996 3027 ὤμοσε,
3030 2955 3243 3019 καὶτὰς
3267 2954 3408 3008 κατὰ
3437 2950 3635 3004 λεπτὸν

2061 3050 2119 3101 ἐν
2149 3051 2261 3112 τοῖς
2298 3049 2506 3120 ῥήμασι
2542 3049 2877 3120 προσθήκας.
2915 3049 2980 3101 Ὃ
3022 3046 3167 3109 εἰκὸς
3220 3045 3330 3113 γάρ
3377 3045 3527 3096 ἐστιν
3570 3043 3635 3092 ἐκ

390 3152 447 3197 ct
475 3157 540 3195 ex
575 3142 858 3197 affectione
906 3145 995 3212 (an
1054 3143 1262 3199 scilicet
1317 3142 1514 3213 pusillo
1545 3150 1602 3196 et
1643 3155 1748 3196 non
1805 3140 1953 3193 firmo

2065 3140 2160 3208 τῆς
2187 3140 2283 3193 τοῦ
2308 3141 2470 3211 ὅρκου
2508 3142 2809 3211 ποιότητος,
2846 3142 2939 3193 καὶ
2982 3140 3049 3193 ἐκ
3093 3138 3201 3191 τῶν
3251 3135 3511 3207 ῥημάτων
3539 3134 3634 3187 καὶ

388 3235 572 3288 animo
600 3235 842 3302 iuravit),
879 3237 1285 3291 considerantes
1331 3233 1810 3305 comprehendere,
1851 3245 1956 3285 non

390 3325 668 3394 prohiberi
700 3335 949 3394 oiiortere
969 3340 1112 3389 eum,
1140 3325 1229 3396 qui
1250 3324 1476 3394 iuravit,
1531 3340 1559 3377 a
1606 3322 1961 3395 iureiurando

388 3410 677 3465 desistere.
705 3410 798 3466 Sin
840 3412 961 3468 istis
989 3414 1370 3478 consideratis,
1427 3427 1531 3468 non
1586 3420 1671 3467 est
1719 3411 1960 3466 invenire

390 3503 656 3559 rationem
689 3504 923 3575 aliquam
959 3522 1130 3575 quare
1178 3523 1206 3560 a
1254 3505 1606 3574 iureiurando
1651 3504 1956 3564 desisteret,

386 3601 604 3659 oportet
661 3594 795 3649 tales
843 3594 1142 3659 dimittere,
1222 3610 1291 3650 ne
1347 3592 1609 3663 peierent.
1674 3591 1957 3663 Negotium

388 3690 569 3737 autem
609 3682 820 3747 Severi,
854 3700 948 3741 seu
1003 3701 1164 3741 causa
1191 3696 1246 3740 et
1267 3694 1645 3756 argumentum
1674 3694 1793 3740 erat
1816 3683 1963 3753 eius-

362 3769 534 3829 'modi
570 3792 584 3828 :
619 3774 892 3848 Longinus
918 3779 1139 3847 quidam
1191 3777 1423 3851 habebat
1473 3792 1660 3849 agrum
1705 3774 1956 3831 Mindana

386 3868 588 3924 dictum
622 3870 713 3941 qui
744 3868 962 3940 quidem
993 3881 1111 3927 erat
1150 3872 1390 3928 Mestbite
1434 3872 1766 3941 episcopatui
1824 3872 1958 3925 sub.

377 3961 609 4029 iectus:
669 3963 905 4020 Severus
952 3975 1158 4032 autem,
1219 3981 1341 4021 cum
1399 3975 1544 4021 esset
1616 3963 1954 4019 Masadarum

382 4055 691 4125 episcopus,
723 4058 1015 4125 quemdam
1044 4055 1114 4129 Ci
1129 4059 1328 4114 riacum
1378 4058 1649 4112 ordinavit
1680 4056 1956 4125 presbyte-

382 4161 503 4201 rum
529 4150 734 4219 templi,
766 4153 908 4219 quml
968 4161 1087 4207 erat
1143 4154 1195 4209 in
1250 4166 1400 4223 agro,
1429 4148 1785 4221 iureiurando
1809 4148 1959 4216 prius

384 4241 658 4309 adactum,
687 4243 914 4313 quodin
969 4245 1169 4315 templo
1227 4250 1592 4314 permaneret,
1640 4241 1726 4296 vel
1779 4241 1958 4310 potius

294 4328 299 4335 ’
382 4333 713 4404 episcopatui
739 4346 882 4390 esset
904 4336 1176 4406 subiectus
1204 4351 1219 4390 :
1254 4337 1350 4389 sed
1381 4334 1671 4402 episcopus
1698 4331 1953 4401 regionis,

382 4423 616 4477 coierat
649 4437 795 4496 ‘ager
846 4425 1149 4495 subiectus,
1187 4423 1506 4493 prohibebat
1555 4420 1842 4493 Cyriacum
1888 4421 1956 4476 ab

383 4516 492 4569 alio
521 4517 834 4571 ordinatum
884 4532 1037 4572 sacra
1067 4515 1348 4570 celebrare
1394 4514 1446 4568 in
1479 4514 1709 4569 ecclesia
1741 4529 1861 4583 qua:
1886 4513 1954 4567 ad

382 4607 558 4675 ipsum
586 4607 914 4677 pertinebat,
960 4616 1012 4661 et
1044 4606 1169 4661 ideo
1199 4604 1460 4675 Cyriacus
1493 4618 1557 4659 ea
1615 4605 1799 4658 relicta
1848 4605 1955 4657 alio

382 4698 683 4753 translatus
738 4709 847 4753 est.
905 4698 1075 4753 Porro
1128 4695 1409 4762 Longinus
1434 4711 1650 4767 quoque
1708 4696 1759 4751 id
1814 4710 1955 4764 aegre

384 4789 566 4845 ferens
598 4792 839 4845 minatus
870 4798 951 4844 est
1006 4803 1065 4845 se
1093 4788 1377 4844 ecclesiam
1406 4788 1674 4844 desertam
1729 4787 1954 4843 relictu-

293 4884 299 4901 '
382 4899 522 4937 rum.
559 4883 633 4937 De
663 4897 724 4937 ea
759 4896 887 4951 ergo
917 4896 974 4935 re
1018 4881 1379 4947 interrogatus
1429 4877 1654 4952 magnus
1701 4878 1951 4941 Basilius,

381 4976 685 5046 respondit,
715 4989 903 5044 agrqu
942 4975 1029 5028 eui
1068 4974 1405 5029 renuntiatus
1442 4982 1524 5026 est
1558 4971 1841 5043 (Syriacus,
1899 4969 1952 5023 id

380 5077 489 5131 est,
518 5067 676 5135 cuius
704 5067 990 5137 presbyter
1017 5068 1330 5122 nominatus
1368 5073 1471 5127 est,
1528 5073 1777 5133 Oportere
1831 5076 1953 5115 esse

383 5157 729 5214 Masadarum
765 5159 1093 5229 episcopatui
1126 5156 1452 5223 subiectum,
1479 5152 1581 5209 etsi
1614 5162 1754 5208 esset
1811 5154 1952 5207 alius

382 5250 642 5319 regionis,
678 5259 732 5305 et
754 5251 1041 5320 Cyriacum
1068 5252 1177 5305 illic
1207 5250 1426 5305 reverti.
1457 5248 1548 5302 Sic
1566 5246 1732 5310 enim,
1752 5244 1949 5315 inquit,

382 5356 485 5395 nec
512 5342 601 5395 ille
654 5340 814 5397 faciet
852 5352 1047 5409 praeter
1071 5353 1493 5419 sacramentum,
1524 5357 1622 5395 nec
1675 5340 1952 5407 Longinus

379 5431 666 5486 ecclesiam
697 5433 934 5496 deseret,
985 5433 1086 5487 hoc
1132 5444 1212 5485 est
1251 5435 1517 5487 desertam
1571 5433 1829 5498 relinquet
1870 5429 1949 5479 vel

380 5526 543 5577 etiam
572 5525 833 5599 destruet,
889 5541 986 5579 nec
1036 5540 1185 5581 Suam
1237 5527 1470 5578 animam
1510 5533 1727 5592 propter
1780 5522 1948 5572 otium

380 5618 780 5678 mndemnabit,
840 5633 935 5673 seu
989 5618 1035 5672 ei
1088 5618 1353 5686 subiiciet,
1398 5616 1568 5685 utqui
1617 5615 1865 5682 precibus
1896 5624 1949 5667 et

383 5708 580 5762 divinis
612 5710 827 5780 hymnis
859 5724 963 5764 non
1002 5718 1174 5774 vacet,
1211 5708 1302 5762 scd
1351 5709 1417 5763 ab
1462 5708 1542 5763 eis
1591 5714 1786 5761 cesset.
1844 5704 1949 5760 Nos

2061 3233 2162 3302 τῆς
2242 3231 2536 3296 διαθέσεως
2589 3232 2684 3302 (ei
2737 3231 2902 3303 τυχὸν
2957 3233 3021 3284 ἐκ
3085 3226 3488 3299 μικροψυχίας,
3538 3223 3636 3278 καὶ

2060 3322 2161 3375 οὐκ
2191 3320 2250 3387 ἐξ
2275 3321 2608 3392 ἀμεταθέτου
2641 3322 2867 3393 γνώμης
2897 3318 3130 3389 ὤμοσε),
3154 3316 3483 3372 καταλαϐεῖν
3501 3314 3633 3376 τοὺς

2063 3415 2420 3479 σκοποῦντας,
2443 3415 2517 3484 μὴ
2550 3414 2854 3468 κωλύεσθαι
2885 3416 2976 3467 τὸν
3008 3413 3283 3483 ὀμόσαντα
3320 3408 3626 3475 ἀποστῆναι

2058 3506 2153 3560 τοῦ
2170 3500 2362 3575 ὅρκου.
2413 3508 2476 3562 Ei
2536 3507 2593 3559 δέ
2637 3509 2843 3561 τούτων
2889 3504 3280 3576 σκοπουμένων
3330 3500 3431 3552 οὑκ
3484 3498 3632 3549 ἔστιν

2060 3600 2242 3669 εὑρεῖν
2268 3599 2622 3670 παραμυθίαν
2653 3598 2778 3652 τινὰ
2806 3598 2884 3650 si:
2908 3598 2967 3651 τὸ
2997 3596 3297 3664 ἀποστῆναι
3327 3590 3420 3645 τοῦ
3442 3591 3630 3660 ὅρκου,

2061 3691 2166 3761 χρὴ
2191 3692 2319 3755 τοὺς
2342 3691 2617 3754 τοιούτους
2640 3692 2754 3762 ἒᾷν,
2808 3690 2896 3744 ἵνα
2940 3689 3013 3759 μὴ
3067 3684 3392 3758 ἐπιορκῶσι.
3445 3682 3520 3734 Τὸ
3577 3680 3634 3731 δὲ

2061 3780 2206 3834 κατά
2236 3781 2327 3834 τὸν
2358 3781 2598 3851 Σεὸἧρον
2656 3782 2913 3850 πρᾶγμα,
2971 3779 3091 3849 ἡτοι
3150 3777 3184 3838 ἡ
3229 3773 3432 3844 πρᾶξις
3465 3768 3562 3822 καὶ
3597 3768 3632 3835 ἡ

2062 3873 2340 3937 ὑπόθεσις,
2377 3874 2620 3927 τοιοῦτον
2671 3869 2758 3942 ἦν.
2815 3871 3075 3940 Λογγῖνός
3127 3885 3213 3931 τις
3258 3860 3404 3936 εῖχεν
3456 3858 3628 3929 ἀγρὸν
3720 3868 3725 3875 “

2060 3963 2305 4018 Μίνδανα
2389 3963 2724 4032 καλούμενον
2781 3966 2848 4035 τῇ
2902 3963 3173 4031 ἐπισκοπῇ
3215 3962 3314 4024 τῆς
3366 3953 3634 4012 Μισθείας

2062 4055 2455 4125 ὑποκείμενον·
2486 4055 2729 4126 Σεὸἧρος
2757 4055 2813 4108 δὲ
2868 4052 3142 4109 Μασάδων
3205 4049 3502 4107 ἐπίσκοπος
3552 4040 3630 4093 ὢν
3742 4092 3749 4097 .

2060 4146 2437 4215 ἐχειροτόνησε
2485 4144 2759 4216 Κυριακόν
2789 4160 2910 4197 τινα
2962 4145 3043 4206 είς
3099 4140 3190 4193 τὸν
3239 4141 3296 4191 ἐν
3342 4135 3421 4204 τῷ
3476 4128 3635 4201 ἀγρῷ

2060 4236 2188 4288 va)»:
2219 4236 2611 4306 πρεσϐύτερον,
2650 4236 2929 4303 ὀμόσαντα
2977 4229 3320 4303 παραμένειν
3370 4223 3448 4293 τῷ
3482 4221 3627 4290 ναῷ,

2060 4329 2093 4399 ἢ
2136 4327 2338 4396 μᾶλλον
2385 4330 2451 4398 τῇ
2484 4330 2758 4398 ἐπισκοπῇ
2792 4327 3096 4380 ὑποτελεῖν.
3139 4320 3280 4377 Ἀλλ’
3322 4319 3352 4371 6
3388 4317 3488 4384 τῆς
3512 4317 3629 4366 ἐνο-

2067 4419 2185 4487 ρίας
2211 4419 2533 4489 ἐπίσκοπος,
2634 4418 2893 4471 ὑπέκειτο
2944 4416 2974 4468 6
3010 4412 3214 4484 ἀγρὸς,
3253 4407 3494 4463 ἐκώλυσε
3536 4403 3631 4457 τὸν

2062 4510 2339 4579 κυριακὸν
2369 4513 2675 4583 ἱερουργεῖν
2711 4509 2769 4562 ἐν
2798 4507 3065 4580 ἐκκλησίᾳ
3090 4500 3421 4573 διαφερούσῃ
3446 4494 3615 4562 αὐτῷ,

2059 4603 2186 4670 παρ’
2256 4602 2446 4672 ἐτέρου
2502 4600 2968 4672 χειροτονηθέντα.
3019 4601 3111 4651 At?)
3155 4596 3250 4648 καὶ
3309 4586 3625 4646 καταλιπὼν

2057 4692 2228 4764 αὑτὴν
2258 4695 2286 4748 6
2318 4694 2615 4765 Κυριακὸς,
2644 4692 2907 4764 μετετέθη
2957 4689 3214 4761 ἀλλαχοῦ.
3246 4687 3356 4740 Καὶ
3383 4685 3411 4736 6
3432 4680 3631 4746 Λογγῖ·

2059 4801 2148 4848 νος
2180 4785 2268 4839 διὰ
2328 4785 2488 4840 τοῦτο
2538 4784 2880 4856 λυπούμενος
2936 4782 3150 4854 ἠπείλει
3195 4775 3484 4847 ἐρημῶσαι
3529 4772 3629 4835 τὴν

2056 4875 2377 4944 ἐκκλησίαν.
2414 4876 2742 4948 Ἐρωτηθεὶς
2763 4875 2893 4944 γοῦν
2915 4877 2944 4929 6
2986 4873 3159 4944 μέγας
3192 4865 3471 4926 Βασίλεῖος
3498 4858 3628 4927 περὶ

2055 4967 2270 5030 τούτου,
2304 4969 2660 5037 ἀπεκρίνατο,
2710 4966 2800 5020 τὸν
2860 4965 3050 5034 ἀγρδν,
3206 4951 3559 5025 ἐπεκηρύχθη
3599 4951 3627 5000 ὁ

2054 5058 2355 5128 Κυριακὸς,
2418 5060 2589 5129 ἤγουν
2634 5058 2715 5120 είς
2769 5057 2829 5110 ὅν
2886 5052 3181 5124 ὠνομάσθη
3229 5046 3624 5117 πρεσϐύτερος,

2059 5149 2384 5217 ὑποτεθῆναι
2416 5152 2481 5219 τῇ
2529 5150 2801 5219 ἐπισκοπῇ
2839 5147 2949 5200 τῶν
2981 5143 3275 5205 Μασάδων,
3308 5137 3359 5191 εἰ
3387 5135 3481 5188 καὶ
3510 5130 3626 5219 ἐτέ-

2056 5256 2156 5309 ρας
2186 5235 2253 5309 ἦν
2284 5217 2517 5308 ενοριάξ,
2552 5238 2645 5288 καὶ
2672 5237 2762 5290 τὸν
2788 5217 3064 5304 κυριακὸν
3097 5228 3253 5290 αὖθις
3281 5217 3623 5289 ἐπαναστρέ-

2054 5333 2153 5399 Ψαι
2190 5334 2324 5386 ἐκεῖ.
2357 5331 2514 5385 Οὕτω
2555 5331 2687 5399 γὰρ.
2726 5331 2913 5398 φησὶν,
2945 5325 3069 5379 οὔτε
3108 5324 3313 5383 ἐκεῖνος
3347 5312 3499 5383 παρά
3523 5310 3617 5363 τόν

2053 5424 2214 5493 ὅρκον
2240 5427 2477 5492 ποιήσει,
2511 5421 2635 5474 οὔτε
2681 5422 2708 5474 ὀ
2739 5421 2999 5486 Λογγῖνος
3030 5417 3127 5484 τὴν
3161 5409 3459 5479 ἐκκλησίαν
3489 5406 3623 5472 ἐρη-

2058 5518 2250 5587 μώσει,
2286 5518 2405 5569 ἀντὶ
2435 5513 2527 5568 τοῦ
2563 5515 2771 5583 ἔρημον
2812 5507 3153 5575 καταλείψει,
3183 5504 3216 5574 ἢ
3244 5504 3338 5556 καὶ
3376 5496 3617 5556 καθελεῖ,

2053 5610 2173 5662 οὐδὲ
2205 5606 2519 5678 τὴνὲαυτοῦ
2562 5607 2743 5676 ψυχὴν
2797 5606 2915 5664 ταῖς
2968 5600 3191 5671 ἁργίαις
3238 5590 3615 5647 καταδικάσει,

2054 5701 2219 5771 ἤγουν
2254 5698 2534 5760 ύποὸαλεῖ,
2571 5698 2646 5765 τῷ
2683 5697 2756 5765 μὴ
2791 5693 3071 5764 σχολάζειν
3121 5691 3305 5759 εὐχαῖς
3359 5688 3454 5740 καὶ
3508 5680 3618 5771 τοῖς
