4076 6402
434 333 541 395 62*)

1352 334 1357 341 ‘
1437 331 1520 392 1N
1548 333 1786 393 EPIST.
1814 333 1875 392 ε.
1906 289 2203 391 ’Βλειιιι
2242 330 2687 393 eANONICAM
2722 332 2775 393 Ι.

3591 304 3715 389 630'

433 442 601 504 θείοις
633 440 846 527 ὕμνοις,
890 442 1028 497 ἀλλὰ
1060 444 1273 513 ἀργεῖν.
1318 444 1412 498 Ἐκ
1445 445 1653 498 τούτων
1703 445 1797 509 καὶ
1819 447 2004 516 ἡμεῖς,

2128 460 2362 515 quoque,
2392 445 2593 516 inquit,
2641 460 2759 514 quae
2799 443 2864 498 ad
2887 442 3172 512 Cyriacum
3229 437 3524 510 pertinent,
3587 437 3703 490 dis-

430 535 621 603 φησιν,
652 532 1061 605 οἰκονομοῦντες
1110 538 1179 589 τά
1210 536 1353 591 κατὰ
1411 538 1503 590 τὸν
1564 539 1868 607 κυριακὸν,
1920 537 2015 591 καὶ

431 627 761 697 ἐπιπρέψαι
790 627 952 681 αὑτὸν
989 630 1067 689 είς
1102 627 1202 698 τὴν
1253 630 1577 699 ἐκκλησίαν,
1678 630 1894 700 ὤμοσεν
1921 634 2015 700 ἐγ-

434 720 748 789 καρτερεῖν,
780 719 1200 790 ἐπιτρέποντες,
1225 721 1285 774 ού
1318 721 1549 792 δόξομεν
1605 724 1757 793 παρὰ
1782 725 2015 786 κανόνας

436 814 636 869 ποιεῖν.
659 811 783 865 οὐδὲ
819 813 1031 875 ἐκεῖνος
1069 814 1436 883 παραϐαίνειν
1459 814 1552 870 τδν
1575 816 1741 888 ὅρκον
1773 819 2013 888 κριθείη.

448 902 913 973 Ἐπανερχόμενος
940 904 1050 974 γὰρ
1107 906 1256 960 δοκεῖ
1321 907 1623 977 φυλάσσειν
1678 910 1771 963 τὸν
1828 912 2015 981 ὅρκον,

434 994 518 1048 ὅτι
547 994 670 1047 οὐδὲ
698 995 1021 1064 πρόσκειται
1050 996 1129 1068 τῷ
1159 997 1336 1069 ὅρκῳ,
1370 998 1491 1052 οὐδὲ
1527 1000 1665 1068 πρὸς
1697 1001 1873 1072 βραχὺ
1890 1002 2019 1056 ἁνα-

437 1085 712 1156 χωρήσειν
739 1088 835 1139 τοῦ
876 1085 1048 1156 ἀγροῦ
1081 1088 1191 1141 τῶν
1218 1088 1522 1147 Μινδάνων.
1560 1091 1703 1158 Ὀρα
1753 1090 1848 1145 οὖν
1901 1092 2017 1156 πῶς

437 1178 502 1230 ἐκ
531 1178 629 1245 τῆς
651 1177 761 1230 τῶν
797 1180 1060 1249 ῥημάτων
1078 1182 1384 1246 ἐξετάσεως
1423 1181 1519 1234 καὶ¹
1543 1183 2017 1253 κατασκοπήσεως

439 1269 739 1340 ἐθήρευσεν
770 1273 798 1325 ὀ
844 1272 999 1339 ἅγιος
1046 1274 1191 1337 νοῦν,
1240 1275 1384 1328 ὥστε
1418 1276 1494 1347 μὴ
1523 1275 1702 1330 δοκεῖν
1735 1278 2020 1345 ἐπιορκεῖν

436 1359 531 1410 τὸν
561 1359 858 1427 ὀμόσαντα.
894 1361 1083 1418 Ταῦτα
1115 1364 1214 1434 μὲν
1235 1359 1328 1418 οῦν
1383 1364 1515 1435 περὶ
1563 1365 1661 1420 τοῦ
1711 1366 2017 1437 Κυριακοῦ.

383 1442 393 1453 ’
448 1450 512 1504 'U
538 1449 596 1504 δὲ
617 1450 878 1522 Σεόῆρος,
907 1454 1255 1524 αἰτιώμενος,
1286 1458 1368 1511 ὅτι
1409 1456 1489 1521 είς
1541 1457 1713 1528 ἀγρὸν
1759 1459 2019 1531 ἀλλοτρίᾳ

442 1541 809 1595 ὑποτελοῦντα
826 1544 1023 1618 ἐνορίᾳ
1051 1546 1480 1618 ἐχειροτόνησεν,
1505 1546 1660 1616 ἔλεγε
1688 1549 1830 1604 κατά
1846 1549 2020 1620 λήθην

438 1631 600 1685 τοῦτο
625 1633 878 1701 ποιῆσαι,
909 1636 1184 1705 ἀγνοήσας
1215 1638 1390 1707 ἑτέρῳ
1421 1640 1515 1693 τὸν
1549 1640 1726 1710 ἀγρὸν
1790 1641 2017 1695 ὑποκεῖ-

447 1721 594 1776 σθαι.
641 1722 797 1778 Ἐπεὶ
825 1721 939 1790 οὖν,
973 1728 1130 1797 φησὶ,
1166 1730 1268 1799 τὴν
1306 1728 1478 1800 λήθην
1505 1731 1892 1803 προϐάλλεται,
1943 1734 2024 1787 δεῖ

440 1815 607 1869 αὐτὸν
641 1818 1071 1889 συγχωρηθῆναι
1097 1821 1190 1873 καὶ
1222 1822 1302 1884 είς
1331 1818 1430 1891 τὴν
1479 1823 1663 1891 κρίσιν
1713 1824 2021 1894 ἀναρτῆσαι

444 1906 609 1960 αὐτὸν
642 1907 738 1961 τοῦ
770 1907 932 1963 Θεοῦ.
965 1910 1090 1964 Ὅτι
1124 1912 1234 1982 γὰρ
1251 1915 1352 1965 οὐκ
1373 1914 1542 1983 ἐσμὲν
1564 1915 2021 1985 καρδιογνῶσται,

440 1998 559 2051 ἀλλ’
586 1998 664 2063 ῶς
694 1999 987 2071 ἀκούομεν,
1028 2002 1314 2074 κρίνομεν,
1360 2004 1547 2076 δῶμεν
1594 2007 1695 2077 τὴν
1740 2007 2024 2077 ἐκδίκησιν

441 2089 521 2162 τῷ
558 2089 697 2160 Θεῷ,
738 2096 1298 2164 συγγνυ›μονήσαντες
1355 2096 1445 2150 διὰ
1493 2097 1594 2169 τὴν
1641 2098 1838 2168 λήθην,
1900 2099 2025 2169 ἥτις

443 2180 562 2234 ἐστὶ
592 2182 765 2246 πάθος
796 2183 1158 2254 ἀνθρώπινον.
1204 2186 1313 2241 Καὶ
1343 2187 1412 2241 τά
1454 2189 1553 2258 μὲν
1581 2188 1678 2243 τοῦ
1709 2191 1937 2254 κανόνος
1961 2193 2023 2244 ἐν

440 2273 675 2338 τούτοις.
716 2276 788 2330 Σὺ
818 2276 874 2330 δὲ
897 2277 1173 2346 ἀνάγνωθι
1200 2279 1265 2332 τὺ
1314 2277 1384 2349 ιη’
1411 2296 1538 2350 κεφ.
1588 2279 1684 2335 τοῦ
1718 2280 1787 2350 ιγ’
1842 2282 2023 2337 τίτλον

443 2364 538 2419 τοῦ
558 2367 831 2435 παρόντος
864 2371 1273 2439 συντάγματος,
1320 2372 1417 2426 καὶ
1446 2372 1512 2426 τὰ
1577 2373 1658 2437 εἰς
1703 2375 1805 2440 τὴν
1851 2375 2027 2446 ἑρμη-

439 2456 593 2511 νείαν
622 2458 787 2512 αὐτοῦ
806 2460 1094 2531 γραφέντα
1124 2461 1289 2533 χάριν
1317 2462 1795 2535 ἀναψηλαφήσεως
1822 2465 2023 2534 ὅρκων.

447 2551 580 2623 Ἔχε
611 2553 669 2606 δὲ
704 2554 796 2608 ἐπὶ
820 2558 1045 2626 μνήμης
1078 2557 1173 2609 καὶ
1199 2555 1261 2610 τδ
1290 2556 1446 2626 παρά
1495 2555 1588 2609 τοῦ
1618 2556 1779 2625 ἁγίου
1808 2557 2026 2628 ὁρισθὲν

441 2645 604 2715 χάριν
628 2645 722 2700 τοῦ
745 2648 1198 2719 παρεμπεσόντος
1226 2647 1439 2717 φάκτου
1469 2649 1566 2703 ἐπὶ
1593 2652 1660 2721 τῇ
1710 2651 2025 2722 χειροτονίᾳ

442 2736 538 2791 τοῦ
565 2737 875 2810 Κυριακοῦ,
906 2740 1001 2793 καὶ
1043 2741 1111 2811 τῇ
1140 2740 1408 2813 γενομένῃ
1445 2741 1598 2811 παρὰ
1629 2741 1819 2796 τούτου
1864 2742 2026 2812 δῆθεν

445 2830 723 2901 ἐπιορκία.
761 2831 871 2885 Καὶ
898 2833 1209 2903 σημείωσαι
1243 2832 1325 2885 ὅτι
1376 2834 1469 2889 διὰ
1496 2833 1688 2888 τούτου
1755 2835 2026 2905 συγγινιῦ-

444 2935 690 2988 σκονται,
724 2923 798 2986 ῶνς
826 2922 1024 2990 ἔοικεν,
1059 2923 1111 2977 οῖ
1142 2927 1281 2979 κατά
1315 2942 1469 2990 τινας
1503 2927 1909 2998 πατριαρχικάς
1932 2928 2024 2982 ἐκο

448 3012 682 3084 κλησίας
715 3014 1129 3086 ἱερουργοῦντες
1178 3015 1440 3088 ἐγχώριοι
1487 3017 1788 3089 ἀρχιερεῖς.
1819 3016 1884 3073 El
1913 3020 2024 3091 γάρ

2118 547 2433 605 pensantes,
2459 546 2512 592 et
2541 537 2922 607 permittentes
2973 543 3027 588 ut
3064 534 3249 587 redeat
3285 532 3351 585 ad
3379 527 3696 589 ecclesiam,

2118 630 2305 699 inqua
2335 644 2395 685 se
2424 642 2779 698 perseverare
2831 617 3067 695 juravit,’
3109 638 3212 679 non
3248 621 3556 675 videbimur
3609 618 3695 673 fa-

2118 736 2244 776 cere
2261 731 2457 790 prater
2476 736 2734 785 canones,
2757 735 2856 785 nec
2887 717 3362 787 illejusjurandum
3390 711 3709 783 transgredi

2119 813 2390 869 videbitur
2427 831 2441 868 :
2481 821 2762 870 revertens
2808 813 2953 867 enim
2982 811 3196 866 videtur
3246 822 3468 864 scrvare
3515 806 3697 875 jusju-

2120 902 2379 971 randum,
2425 905 2551 981 quia
2594 902 2947 974 jurijurando
2991 901 3268 971 adjectum
3322 914 3428 953 non
3477 909 3579 959 est,
3639 912 3699 950 se

2121 1009 2229 1049 non
2264 996 2331 1049 ad
2382 996 2547 1051 breve
2586 1006 2798 1066 tempus
2853 1009 3206 1050 excessurum
3259 1009 3327 1048 ex
3377 1008 3509 1062 agro
3557 990 3699 1045 Mitt-

2121 1086 2407 1142 danorutn.
2440 1087 2549 1159 67
2574 1084 2709 1141 Vide
2759 1100 2887 1155 ergo
2940 1084 3214 1155 quomodo
3271 1098 3338 1136 ex
3411 1081 3698 1135 verborum

2121 1178 2521 1233 examinatione
2563 1177 3077 1233 etconslderatione
3105 1184 3327 1231 sanctus
3363 1172 3696 1229 sententiam

2122 1278 2367 1334 venatur,
2410 1278 2467 1324 ut
2491 1273 2538 1325 is
2561 1270 2653 1338 qui
2684 1270 2911 1339 iuravit,
2965 1284 3070 1324 non
3126 1269 3371 1323 videatur
3430 1265 3698 1336 peierare.

2124 1360 2248 1416 llaec
2271 1377 2400 1432 ergo
2440 1363 2506 1416 dc
2570 1362 2819 1433 Cyriaco.
2870 1361 3105 1417 Severus
3164 1370 3345 1416 autem
3392 1369 3704 1419 accusatus,

2124 1452 2269 1521 quod
2309 1455 2361 1507 in
2401 1469 2613 1524 agrum,
2644 1454 2733 1523 qui
2766 1462 2882 1508 erat
2905 1451 2997 1507 alii
3046 1451 3253 1524 regioni
3289 1450 3588 1519 subiectus,
3612 1464 3712 1504 or-

2124 1548 2384 1612 dinasset,
2420 1546 2635 1601 dicebat.
2663 1561 2722 1601 se
2755 1547 2858 1599 hoc
2881 1544 3160 1600 oblivione
3203 1544 3417 1603 fecisse,
3453 1541 3720 1598 nescieram

2127 1649 2232 1692 tem
2264 1654 2449 1707 agrum
2506 1638 2596 1692 alii
2657 1652 2777 1693 esse
2833 1636 3163 1706 subjectum.
3222 1635 3490 1702 Quoniam
3547 1647 3720 1704 ergo,.

2129 1729 2323 1799 inquit,
2382 1730 2448 1784 ad
2500 1730 2582 1783 sui
2637 1728 3009 1784 defensionem
3063 1728 3427 1800 ignorantiam
3484 1724 3705 1794 allegat,

2125 1829 2341 1888 oportet
2375 1820 2425 1874 ei
2453 1820 2681 1890 ignosci,
2718 1834 2953 1890 eumque
2982 1818 3077 1875 Dei
3111 1818 3319 1890 iudicio
3351 1817 3659 1886 relinquere
3684 1834 3701 1869 :

2128 1926 2248 1964 cum
2284 1910 2425 1965 enim
2459 1911 2703 1964 cordium
2754 1910 3068 1981 cognitores
3104 1925 3210 1964 non
3258 1923 3469 1971 sumus,
3519 1906 3616 1961 sed
3649 1914 3710 1958 nt

2127 2004 2399 2070 audimus,
2425 2003 2754 2074 iudicamus,
2781 2003 2970 2058 demus
3001 2002 3109 2057 Deo
3140 2001 3462 2066 vindictam,
3504 1997 3719 2055 condo-

2129 2106 2321 2150 nantes
2349 2105 2571 2169 propter
2612 2095 2963 2159 oblivionem,
3014 2109 3135 2163 quae
3164 2098 3250 2148 est
3301 2092 3594 2148 humanum
3624 2090 3710 2142 vi-

2130 2188 2287 2243 tittm.
2322 2189 2391 2244 Et
2431 2202 2607 2242 canon
2641 2187 2860 2257 quidem
2897 2187 2948 2240 in
2982 2187 3071 2241 bis
3100 2184 3372 2241 consistit.
3407 2181 3490 2237 Tu
3527 2190 3717 2235 autem

2129 2279 2246 2350 lege
2298 2293 2419 2349 cap.
2444 2278 2520 2333 ,18
2549 2320 2564 2340 .
2591 2293 2714 2347 cap.
2746 2279 2816 2332 15
2873 2278 2954 2331 tit.
2991 2277 3058 2332 i3
3085 2276 3394 2347 praesentis.
3409 2275 3627 2342 operis,
3653 2283 3711 2327 et

2130 2387 2248 2441 qua:
2281 2372 2333 2426 in
2363 2371 2481 2441 eius
2533 2372 2978 2441 interpretatione
3003 2370 3201 2441 scripta
3240 2380 3364 2424 sunt
3396 2369 3461 2421 de
3507 2373 3708 2420 tracta-

2130 2462 2277 2519 tione
2303 2462 2764 2532 juramentorum.
2799 2461 2881 2516 Tu
2918 2469 3101 2515 autem
3139 2461 3280 2515 habe
3334 2458 3387 2512 in
3443 2457 3708 2511 memoria

2127 2555 2182 2609 id
2210 2568 2445 2624 quoque,
2482 2553 2687 2624 quoda
2741 2561 2935 2608 sancto
2991 2551 3254 2621 scriptmn
3308 2559 3393 2603 est
3443 2548 3512 2603 de
3563 2546 3716 2601 facto

2129 2647 2273 2714 quod
2304 2645 2496 2701 incidit
2526 2646 2581 2701 in
2613 2645 2959 2702 ordinatione
2988 2643 3229 2716 Cyriaci,
3262 2653 3318 2697 et
3377 2645 3443 2697 de
3469 2639 3713 2713 periurio

2127 2737 2271 2806 quod
2299 2737 2370 2792 ab
2387 2751 2454 2792 eo
2472 2737 2823 2793 commissum
2841 2747 2920 2792 est
2959 2756 2972 2790 :
3003 2746 3057 2791 et
3083 2744 3209 2790 nota
3232 2735 3377 2804 quod
3397 2742 3706 2803 propterea,

2129 2836 2189 2884 ut
2216 2837 2301 2885 est
2348 2829 2663 2895 verisimile,
2717 2828 3019 2900 ignoscitur
3048 2828 3286 2897 regionis
3346 2826 3710 2888 antistitibus.

2086 2921 2220 2993 .qui
2257 2922 2311 2976 itt
2373 2920 2699 2990 quibusdam
2751 2921 3204 2991 patriarchalibus
3261 2920 3508 2976 ecclesiis
3553 2934 3711 2973 sacra

2128 3012 2427 3068 celebrant.
2455 3011 2567 3068 Nisi
2613 3014 2760 3068 enim
2807 3013 3126 3084 ignorantia!
3156 3021 3450 3081 pratextns
3502 3008 3712 3064 Severo

448 3103 523 3174 μὴ
559 3105 621 3158 τὸ
643 3109 745 3178 τῆς
774 3106 999 3173 ἀγνοίας
1039 3108 1336 3179 πρόϐλημα
1369 3107 1639 3181 ἐϐοήθησε
1669 3109 1744 3182 τῷ
1775 3111 2021 3183 Σεϐἠρῳ,

2130 3104 2395 3160 auxilium
2427 3104 2663 3171 tulisset,
2701 3106 2984 3178 depositus
3018 3115 3185 3169 esset,
3213 3105 3357 3173 quod
3384 3105 3523 3159 ultra
3554 3118 3708 3157 suam

383 3190 388 3194 ’
444 3193 723 3270 καθῃρέθη
757 3199 845 3265 ἂν,
867 3198 957 3254 διὰ
988 3200 1049 3282 et}
1083 3198 1214 3268 παρ’
1240 3200 1457 3270 ἐνορίαν
1496 3202 1723 3272 ποιῆσαι
1777 3220 2021 3274 χειροτο-

442 3285 587 3343 νίαν.
617 3288 755 3357 Περὶ
798 3290 855 3343 δὲ
895 3292 1088 3364 ἱερέων
1106 3291 1321 3362 ψευδῶς
1358 3295 1828 3364 μαρτυρησάντων
1856 3296 2026 3362 ἀνάγ-

444 3378 578 3432 νωθι
606 3378 706 3450 τὴν
739 3387 826 3444 ος⁹
855 3382 1075 3450 Νεαρὰν
1103 3381 1198 3435 τοῦ
1249 3380 1520 3452 βασιλέως
1569 3383 1740 3457 κυροῦ
1796 3385 2025 3451 Λέοντος

400 3526 407 3531 ,
440 3472 538 3525 τοῦ
563 3473 885 3544 Φιλοσόφου,
919 3475 1397 3546 διαλαμϐάνουσαν
1444 3477 1546 3543 ὡς,
1586 3479 1637 3530 εί
1671 3477 1772 3546 μὲν
1800 3477 2026 3548 ἔνορκον

443 3566 922 3639 ψευδομαρτυρίαν
997 3571 1215 3639 ποιήσει
1284 3573 1313 3624 ὀ
1376 3571 1578 3643 ἱερεὺς,
1654 3569 2021 3642 καθαιρεῖται.

441 3658 650 3731 Ὀρκου
693 3661 750 3714 δὲ
820 3662 895 3731 μὴ
962 3661 1511 3732 παραζευγνυμένου,
1573 3661 1896 3730 ἀφορίζεται
1929 3663 2022 3716 ἐπὶ

438 3753 628 3823 τριετῆ
669 3754 861 3823 χρόνον
897 3756 978 3819 είς
1027 3757 1412 3826 μοναστήριον,
1439 3755 1535 3810 καὶ
1578 3754 1751 3820 οὕτως
1781 3757 1864 3819 είς
1920 3756 2021 3828 τὴν

439 3842 581 3896 ίδίαν
611 3844 765 3909 τάξιν
789 3846 1250 3902 ἀποκαθίσταται.
1356 3910 1366 3919 η

512 3935 940 4007 ΖΩΝΑΡ.Τινές
965 3939 1046 4002 τίς
1087 3938 1150 3992 τὸ
1196 3939 1642 4011 χειροτονηθῆναι
1691 3940 2022 4013 καλούμενοι

439 4024 751 4094 ἐξώμνυντο
782 4025 858 4099 μὴ
912 4027 1311 4095 καταδέξασθαι
1363 4029 1464 4102 τὴν
1493 4031 1852 4101 χειροτονίαν.
1882 4022 2023 4095 Τοὺς

437 4113 534 4170 οὖν
558 4119 838 4182 τοιούτους
894 4119 1042 4186 λέγει
1081 4119 1109 4173 ὀ
1132 4120 1313 4175 κανὼν
1347 4121 1424 4192 μὴ
1455 4122 1568 4176 δεῖν
1610 4123 2021 4191 ἀναγκάζεσθαι

439 4209 741 4281 ἐπιορκεῖν.
769 4212 1068 4285 Κᾶνιδοκῇ.
1103 4214 1290 4285 φησὶν,
1321 4215 1525 4280 ἐξεῖναι
1549 4218 1663 4280 τοῖς
1686 4217 1781 4286 ἀφ’
1810 4217 2020 4271 ἑαυτῶν

438 4302 725 4371 ὀμόσασιν,
778 4304 812 4375 ἢ
864 4303 1068 4375 δεσμόν
1087 4322 1207 4360 τινα
1270 4307 1484 4370 ἑαυτοῖς
1513 4307 1884 4376 ἐπιόαλοῦσιν,
1912 4303 2023 4364 οἷον

444 4395 521 4465 μὴ
548 4396 747 4464 φαγεῖν
773 4397 966 4469 κρέας,
993 4397 1026 4469 ἢ
1057 4397 1132 4470 μὴ
1160 4400 1304 4452 πιεῖν
1333 4394 1500 4465 οἶνον,
1532 4399 1567 4470 ἢ
1597 4399 1673 4470 μὴ
1689 4401 1810 4455 τόδε
1840 4401 1873 4472 ἢ
1901 4401 2023 4455 τόδε

2134 3197 2417 3252 dioecesim
2473 3197 2874 3253 ordinationem
2933 3198 3174 3254 fecisset.
3225 3196 3301 3252 De
3339 3196 3715 3252 sacerdotibus

2133 3295 2317 3343 autem
2338 3287 2487 3345 falso
2536 3289 2858 3354 testiﬁcatis,
2928 3289 3045 3356 lege
3115 3287 3460 3357 imperatoris
3508 3284 3715 3339 domini

2132 3375 2329 3433 Leonis
2362 3377 2637 3449 Sapientis
2688 3379 2954 3435 novellam
2986 3378 3075 3442 76,
3108 3392 3231 3448 quae
3280 3376 3547 3438 continet,
3569 3375 3714 3444 quod

2133 3472 2178 3526 si
2235 3473 2497 3527 sacerdos
2556 3471 2752 3528 falsum
2803 3472 3175 3527 testimonium
3226 3469 3439 3537 iuratus
3493 3468 3714 3527 dixerit,

2133 3565 2438 3635 deponitur.
2474 3565 2628 3631 Quod
2656 3567 2698 3619 si
2728 3565 3113 3635 jusjurandum
3147 3579 3254 3618 non
3288 3562 3610 3626 accesserit,
3659 3562 3715 3616 in

2136 3659 2527 3713 monasterium
2561 3658 2629 3713 ad
2676 3659 2968 3712 triennium
3019 3668 3328 3729 separetur,
3388 3665 3443 3711 et
3476 3656 3556 3711 sic
3607 3656 3719 3726 pri~

2134 3751 2276 3806 stino
2303 3751 2479 3808 ordini
2513 3753 2850 3807 restituatur.

2203 3931 2456 3991 ZONAR.
2489 3933 2717 4002 Quidam
2745 3934 2917 3988 vocati
2943 3943 3000 3987 ut
3022 3932 3431 3997 ordinarentur,
3458 3929 3717 3999 iurarunt

2134 4041 2195 4083 se
2231 4027 2629 4083 ordinationem
2684 4043 2793 4083 non
2851 4026 3206 4083 admissuros.
3258 4024 3533 4095 Ejusmodi
3587 4037 3716 4091 ergo

2134 4117 2405 4185 homines,
2438 4118 2514 4172 ait
2541 4132 2737 4182 canon,
2772 4134 2876 4174 non
2905 4132 3031 4173 esse
3062 4118 3128 4174 ad
3161 4116 3460 4188 periurium
3495 4115 3719 4185 adigen-

2132 4211 2248 4265 dos.
2294 4210 2523 4266 Etiamsi
2571 4212 2840 4278 videatur,
2893 4211 3089 4279 inquit,
3124 4209 3290 4265 licere
3344 4208 3430 4273 iis,
3475 4209 3582 4277 qui.
3613 4213 3716 4261 Sua

2131 4313 2327 4373 sponte
2367 4303 2646 4373 iurarunt,
2692 4314 2788 4359 aut
2817 4305 3035 4374 aliquod
3071 4301 3476 4359 vinculumsibi
3517 4300 3719 4371 iniece-

2131 4404 2295 4463 runt;
2336 4398 2481 4451 velut
2515 4396 2786 4452 abstinere
2826 4412 2854 4450 a
2893 4398 3181 4463 carnibus,
3223 4404 3316 4449 aut
3359 4410 3388 4448 a
3437 4394 3583 4457 vino,
3623 4403 3718 4445 aut

441 4489 690 4553 ποιῆσαι,
719 4472 876 4539 Δλύειν
948 4487 1114 4542 πάλιν
1171 4486 1270 4556 ἀφ’
1316 4488 1530 4542 ἑαυτῶν
1560 4489 1652 4543 τὸν
1674 4490 1893 4562 δεσμὸν.
1929 4492 2021 4546 καὶ

2133 4490 2236 4542 hoc
2261 4487 2349 4545 vel
2386 4487 2515 4543 illud
2544 4489 2834 4555 omittere;
2866 4488 3141 4543 vinculum
3173 4487 3301 4542 illud
3337 4502 3552 4541 rursum
3580 4500 3711 4553 pro-
3764 4537 3769 4542 .

440 4575 538 4629 τοῦ
569 4577 737 4645 ὅρκου
784 4576 1120 4646 ἀφίστασθαι
1147 4594 1163 4610 ·
1221 4577 1357 4631 adv
1405 4582 1471 4631 ἐκ
1518 4580 1719 4650 πείρας
1745 4580 2023 4651 ἐμάθομεν

439 4666 521 4717 ὅτι
549 4665 1098 4736 οίπαρορκήσαντες,
1162 4666 1330 4737 ῆγουν
1360 4667 1410 4719 οί
1460 4667 1611 4737 παρὰ
1656 4668 1786 4732 τοὺς
1827 4669 2022 4738 ὅρκους

440 4760 794 4828 ποιήσαντες,
846 4759 949 4813 οὐκ
985 4757 1355 4824 εύδοκοῦνται,
1395 4758 1517 4812 ἀντὶ
1543 4757 1664 4826 τοῦ,
1709 4760 1769 4812 οὐ
1806 4758 2023 4829 θελητοὶ

439 4850 517 4919 τῷ
536 4849 655 4920 Θεῷ
680 4852 836 4914 είσιν,
863 4849 895 4920 ἢ
927 4850 1028 4903 οὐκ
1049 4850 1331 4919 εὐδόκιμοι
1369 4850 1542 4922 αὐτῷ,
1579 4851 1640 4903 ού
1671 4850 1715 4904 δ’
1735 4851 2023 4923 εὐάρεστοι

441 4942 741 5011 κρίνονται.
772 4944 865 4995 Δεῖ
898 4941 978 5007 δὲ,
1006 4945 1198 5012 φησιν,
1224 4943 1319 4995 ἐπὶ
1369 4942 1482 4994 τῶν
1526 4942 1783 4997 τοιούτων
1817 4943 1914 4997 καὶ
1963 4946 2023 4997 τὸ

440 5031 581 5100 εἶδος
615 5036 711 5090 τοῦ
744 5035 910 5107 ὅρκου
944 5039 1171 5089 σκοπεῖν
1191 5052 1204 5066 ·
1234 5035 1437 5102 εῖτουν,
1486 5040 1535 5090 εί
1562 5038 1697 5091 Θεὸν
1737 5036 2023 5110 ὠνόμασεν

438 5127 684 5196 ὀμνύων,
732 5126 766 5198 ἢ
793 5126 923 5181 ἄλλο
955 5144 1030 5193 τι,
1066 5130 1160 5180 καὶ
1211 5126 1281 5180 τὰ
1323 5128 1545 5199 ῥήματα
1573 5127 1669 5181 τοῦ
1695 5129 2021 5197 ὀμόσαντος,

443 5220 539 5273 καὶ
584 5218 686 5290 τὴν
723 5218 968 5274 διάθεσιν
1021 5220 1117 5289 ἀφ’
1179 5214 1244 5290 ἦς
1298 5218 1508 5286 ὤμοσε,
1562 5221 1658 5273 καὶ
1713 5219 1812 5283 τὰς
1883 5222 2024 5274 κατὰ

440 5313 637 5364 λεπτὸν
668 5314 728 5365 ἐν
752 5298 866 5375 τοῖς
914 5313 1123 5382 ῥήμασι
1168 5315 1506 5384 προσθήκας.
1545 5314 1705 5376 Εἰκὸς
1732 5316 1839 5385 γάρ
1874 5317 2023 5369 ἐστιν

442 5404 509 5456 ἐκ
543 5404 641 5473 τῆς
671 5403 768 5456 τοῦ
825 5403 993 5472 ὅρκου
1059 5406 1367 5474 ποιότητος,
1405 5413 1497 5458 καὶ
1530 5407 1594 5458 ἐκ
1620 5413 1727 5459 τῶν
1759 5406 2022 5481 ῥημάτων

443 5494 540 5547 καὶ
560 5495 625 5547 ἐκ
657 5494 755 5563 τῆς
816 5496 1109 5559 διαθέσεως
1141 5512 1154 5527 ·
1204 5499 1254 5548 εἰ
1283 5497 1444 5566 τυχὸν
1504 5500 1567 5551 ὲκ
1635 5499 2021 5568 μικροψυχίας,

442 5584 540 5638 καὶ
564 5584 665 5637 οὐκ
691 5584 749 5650 ἐξ
771 5586 1011 5654 ἀμέτρου
1032 5584 1257 5654 γνώμης
1304 5585 1508 5656 ὤμοσε,
1538 5589 1867 5642 καταλαϐεῖν
1897 5591 2024 5653 τοὺς

352 5744 355 5751 ,
446 5674 804 5738 σκοποῦντας,
843 5674 918 5744 μὴ
950 5674 1256 5730 κωλύεσθαι
1290 5675 1382 5728 τὸν
1410 5676 1687 5744 ὀμόσαντα
1720 5677 2025 5747 ἀποστῆναι

447 5765 538 5817 τοῦ
569 5768 752 5836 ὅρκου.
790 5767 852 5820 Εἰ
880 5766 958 5835 δὲ,
995 5766 1200 5821 τούτων
1267 5769 1678 5839 σκοπουμένων,
1724 5769 1825 5823 οὐκ
1874 5770 2024 5822 ἔστιν

2132 4582 2248 4650 pria
2294 4582 2625 4636 auctoritate
2673 4581 2994 4645 dissolvere,
3031 4590 3086 4634 et
3129 4594 3158 4633 a
3191 4577 3549 4649 jurejurando
3583 4579 3718 4631 deti-

2132 4686 2297 4726 cere:
2340 4681 2714 4727 verumtamen
2751 4671 3085 4741 experientia
3132 4668 3446 4728 didicimus.
3494 4682 3589 4723 eos
3624 4672 3712 4737 qui
3799 4722 3810 4733 ,

2132 4766 2499 4835 periurarunt,
2531 4766 2641 4819 hoc
2663 4774 2768 4828 est,
2793 4764 2885 4833 qui
2909 4772 3097 4834 contra
3127 4762 3181 4814 id
3202 4762 3343 4830 quod
3366 4761 3713 4830 iuraverunt,

2131 4857 2409 4926 quippiam
2454 4855 2724 4917 fecerunt,
2772 4871 2879 4909 non
2922 4856 3155 4925 placere,
3186 4855 3289 4906 hoc
3324 4862 3442 4917 est,
3479 4853 3716 4906 .ntininn:

2131 4954 2383 5008 acceptos
2412 4959 2534 5000 esse
2566 4944 2697 5007 Deo,
2743 4943 2825 4995 vel
2876 4942 3291 5010 haudquaquam
3330 4939 3545 5010 probos,
3578 4941 3717 4992 alni-

2131 5050 2332 5105 eosque
2369 5039 2437 5089 ab
2492 5036 2609 5103 ipso
2653 5032 2916 5103 judicari.
2958 5030 3182 5102 Oportet
3229 5046 3382 5098 Vero,
3419 5031 3612 5102 inquit,
3662 5032 3713 5084 in

2133 5125 2283 5180 hisce
2316 5125 2623 5179 hominibus
2669 5138 2839 5194 genus
2869 5136 3083 5192 quoque
3124 5119 3486 5188 iurisiurandi
3534 5122 3713 5176 consi-

2131 5221 2343 5285 derare,
2372 5218 2618 5273 Deuome
2645 5216 3238 5288 appellaveritiurans,
3270 5232 3338 5269 an
3377 5216 3526 5271 aliud
3559 5218 3717 5286 quid-

2135 5312 2297 5380 piam.
2339 5322 2449 5365 tum
2483 5311 2720 5379 iurantis
2752 5309 2938 5372 verba,
2986 5310 3263 5378 animique
3306 5306 3557 5363 affectum
3606 5324 3716 5379 quo

2132 5405 2355 5472 iuravit,
2403 5420 2468 5459 ac
2510 5406 2752 5459 minutas
2792 5418 3037 5473 quasque
3080 5401 3387 5458 additiones
3419 5403 3474 5458 in
3507 5403 3711 5458 verbis.

2135 5495 2419 5551 Probabile
2442 5495 2585 5553 enim
2613 5504 2716 5559 est,
2744 5511 2808 5549 ex
2833 5494 3196 5564 iurisiurandi
3225 5493 3418 5560 founa,
3442 5509 3509 5549 ex
3534 5493 3716 5549 verbis

2136 5588 2360 5657 pariter,
2400 5596 2454 5643 et
2479 5602 2546 5642 ex
2580 5589 2747 5642 animi
2785 5585 3186 5663 affectione,_hsi
3224 5587 3366 5641 forte
3399 5600 3465 5641 ex
3496 5582 3718 5655 pusilla-

2137 5681 2405 5743 nimitate.
2435 5695 2542 5735 non
2573 5691 2760 5736 autem
2788 5697 2853 5736 ex
2883 5680 3154 5737 constanti
3191 5678 3470 5750 proposito
3489 5676 3713 5747 iuravit,

2135 5771 2465 5842 deprehendi
2502 5787 2661 5840 posse
2691 5773 2767 5828 ab
2789 5773 2877 5839 iis,
2917 5772 3007 5843 qui
3043 5772 3303 5829 attentius
3331 5769 3714 5840 cogitaverim,
