4076 6410
370 293 469 354 διι

367 497 609 553 deficiat.
644 501 1052 576 Verumtamen,
1098 512 1146 567 si
1187 515 1339 571 hisce
1367 519 1783 582 animadversis,
1828 522 1948 575 nul-

367 589 476 643 lam
513 590 644 648 licet
686 595 933 655 invenire
964 605 1397 670 excusationem,
1431 624 1528 679 per
1552 625 1716 679 quam
1737 611 1947 682 jureju-

373 684 546 740 rando
594 687 897 757 solvuntur,
951 692 1219 761 ejusmodi
1266 711 1480 768 oportet
1525 703 1822 771 dimittere,
1878 723 1945 762 ne

367 791 488 832 sese
515 779 759 849 perjurio
807 786 1170 859 adstringant.
1218 791 1369 859 Quod
1414 804 1592 851 autem
1634 800 1700 854 de
1743 799 1949 856 Severo

368 881 629 960 narratur
676 877 970 943 negotium,
1021 882 1136 936 sire
1181 886 1345 952 actio,
1402 887 1490 943 vel
1542 902 1942 960 argumentum,

366 957 635 1050 ejusmodi
660 974 765 1018 est.
792 963 1067 1037 Longinus
1096 972 1315 1040 quidam
1348 976 1580 1034 habebat
1606 957 1819 1050 agrum,
1851 981 1942 1036 cui

366 1048 622 1106 Mindana
671 1070 866 1110 nomen
910 1068 1052 1126 erat,
1102 1062 1333 1121 Misthim
1367 1048 1701 1139 episcopatui
1759 1071 1943 1142 subje-

366 1153 540 1197 ctum.
565 1144 800 1202 Severus
823 1158 1026 1215 autem,
1055 1168 1177 1208 cum
1206 1154 1545 1214 Masadarum
1568 1170 1714 1217 esset
1735 1163 1946 1231 episco-

363 1249 486 1303 pus,
517 1234 805 1307 Cyriacum
828 1244 1116 1311 quemdam
1146 1249 1358 1318 templi,
1382 1253 1525 1319 quod
1549 1254 1604 1310 in
1637 1269 1768 1325 agro
1796 1257 1945 1324 posi-

363 1339 477 1382 tum
506 1339 644 1396 erat,
668 1334 1041 1406 presbyterum
1064 1340 1367 1409 constituit,
1391 1344 1486 1414 ‘qui
1515 1346 1679 1400 etiam
1705 1348 1939 1417 juravit,

363 1436 424 1475 se
457 1423 509 1475 in
540 1424 737 1492 templo
766 1439 1202 1499 permansurum,
1233 1434 1318 1489 vel
1346 1436 1526 1505 potius
1558 1437 1702 1493 illius
1738 1440 1949 1508 episco-

361 1515 511 1580 patui
542 1514 661 1571 fore
697 1517 995 1589 subjectum
1029 1540 1043 1575 :
1074 1537 1259 1580 verum
1286 1526 1431 1585 illius
1465 1530 1706 1599 regionis
1733 1533 1947 1599 episco-

363 1622 487 1677 pus,
537 1610 622 1664 cui
663 1625 792 1679 ager
832 1614 1111 1683 subjectus
1160 1628 1299 1682 erat,
1349 1621 1636 1691 Cyriacum
1690 1640 1720 1677 a
1773 1629 1947 1682 sacris

362 1700 684 1765 muneribus
705 1704 972 1761 obeundis
1010 1706 1061 1760 in
1093 1709 1343 1776 ecclesia,
1368 1726 1488 1781 quae
1509 1714 1590 1768 sui
1619 1714 1759 1783 juris
1780 1727 1945 1780 esset,

367 1796 610 1857 arcebat,
646 1796 847 1865 quippe
882 1799 972 1867 qui
1009 1800 1078 1853 ab
1125 1800 1231 1857 alio
1276 1804 1452 1860 sacris
1495 1807 1775 1863 ordinibus
1812 1811 1949 1867 foret

366 1883 681 1954 inSignitus.
716 1885 793 1941 Ex
815 1902 923 1957 quo
948 1888 1040 1944 illa
1068 1890 1257 1967 relicta
1292 1892 1552 1965 Cyriacus
1583 1897 1691 1954 alio
1719 1915 1951 1958 conces-

368 1979 440 2028 sit
475 1993 489 2029 :
534 1986 644 2033 tum
689 1977 966 2049 Longinus
1009 1996 1229 2053 quoque
1257 1998 1320 2040 ea
1368 1986 1438 2042 de
1484 2002 1646 2045 causa
1688 2007 1949 2063 merens,

365 2072 639 2124 desertam
681 2085 741 2125 se
770 2072 1055 2131 ecclesiam
1098 2075 1439 2133 redditurum
1482 2080 1810 2140 minabatur.
1844 2084 1954 2141 Ro-

367 2170 526 2229 gatus
574 2162 759 2231 itaque
799 2180 1030 2233 magnus
1077 2166 1330 2233 Basilius,
1381 2174 1449 2227 ad
1482 2172 1584 2229 hoc
1623 2178 1898 2245 respondit
1931 2216 1948 2242 ,

369 2269 560 2322 agrum
595 2256 681 2309 cui
715 2258 1058 2314 renuntiatus
1083 2269 1165 2315 est
1194 2261 1479 2331 Cyriacus,
1524 2267 1625 2322 hoc
1655 2275 1761 2333 est,
1795 2268 1951 2338 cujus

368 2347 653 2418 presbyter
700 2349 1007 2406 nominatus
1054 2361 1158 2418 est,
1216 2351 1950 2427 Musadarum--episcopatui

368 2439 591 2509 subjici,
629 2442 843 2497 etiamsi
891 2443 1116 2498 alterius
1156 2446 1398 2514 regionis
1442 2458 1610 2517 esset,
1661 2465 1725 2505 ac
1761 2466 1952 2507 rursus

347 2534 499 2587 illuc
533 2533 710 2588 redire
739 2533 1048 2605 Cyriacum.
1088 2537 1164 2591 ita
1207 2554 1462 2608 namque,
1495 2543 1594 2609 ait,
1648 2558 1823 2613 neque
1861 2545 1954 2600 ille

370 2625 593 2681 violabit
641 2627 1061 2696 jusjurandum,
1113 2644 1289 2699 neque
1338 2631 1616 2704 Longinus
1666 2636 1950 2692 ecclesiam

372 2719 658 2785 desolabit,
711 2721 812 2775 hoc
858 2734 962 2787 est,
1018 2727 1286 2781 desertam
1325 2726 1612 2796 relinquet,
1662 2739 1755 2782 aut
1786 2730 1951 2782 etiam

370 2807 609 2863 abolebit
663 2828 676 2863 :
729 2826 903 2878 neque
954 2821 1222 2866 suammet
1277 2813 1391 2884 68
1446 2814 1685 2867 animam
1740 2814 1952 2869 inertiis

372 2903 669 2964 damnabit,
709 2904 812 2958 boc
839 2917 944 2969 est,
982 2906 1255 2976 snbjiciet,
1288 2907 1431 2977 quod
1466 2923 1570 2962 non
1602 2908 1945 2975 precationi-

372 2992 476 3047 bus
509 2994 802 3048 ac'diviuis
836 2995 1085 3052 laudibus
1110 3002 1286 3060 vacet,
1326 2996 1418 3051 sed
1450 2996 1517 3050 ab
1554 2997 1619 3051 iis
1647 2995 1805 3066 plane
1832 3011 1955 3051 ces-

1648 318 1934 383 THEOD.
1968 323 2374 387 BALSAMON

369 421 475 511 non
511 405 775 511 .impediri
822 411 1120 484 jurantem,
1152 434 1261 489 quo
1290 423 1470 479 minus
1514 440 1545 479 a
1588 428 1945 494 jurejurando

2053 433 2229 501 εὑρεῖν
2261 433 2620 511 παραμυθίαν
2648 438 2772 488 τινὰ
2804 439 2880 498 εἰς
2905 438 2965 490 τι
2985 439 3298 508 ἀποστῆναι
3320 441 3412 494 τοῦ
3433 444 3621 509 ὅρκου,

3526 336 3635 398 €32

2050 524 2157 596 χρὴ
2190 528 2318 589 τοὺς
2381 528 2670 589 τοιούτους,
2717 530 2834 599 te»,
2861 529 2948 583 ἵνα
2984 531 3058 600 μὴ
3090 533 3409 602 ἐπιορκῶσι.
3450 535 3522 587 Τὸ
3582 535 3636 586 δὲ

2048 617 2191 670 κατά
2247 617 2341 671 τὸν
2394 619 2632 688 Σευῆρον
2683 622 2938 690 πρᾶγμα,
2990 622 3408 694 ἦτοιὴ-πρίξις
3475 626 3571 678 καὶ
3603 629 3634 692 ἠ

2050 711 2326 775 ὑπόθεσις,
2379 713 2618 767 τοιοῦτόν
2651 731 2704 767 τι
2728 710 2815 785 ἦν.
2859 714 3121 782 Λογγῖνός
3151 733 3239 779 τις
3293 714 3438 784 εἶχεν
3470 718 3639 785 ἀγρὸν

2048 802 2385 873 καλούμενον
2439 803 2685 858 Μίνδανα
2715 847 2730 872 ,
2782 809 2848 877 τῇ
2898 808 3174 878 ἐπισκοπῇ
3209 809 3309 876 τῆς
3358 809 3626 872 Μισθείας

2050 892 2434 964 ὑποκείμενον.
2494 897 2734 967 Σευῆρος
2782 895 2840 950 δὲ
2888 898 3162 952 Μασάδων
3208 899 3513 962 ἐπίσκοπος
3563 900 3639 952 ὢν

2047 986 2425 1057 ἐχειροτόνησε
2482 989 2767 1059 Κυριακόν
2817 1007 2937 1044 τινα
2984 992 3067 1054 είς
3118 991 3210 1043 τὸν
3244 991 3302 1044 ἐν
3342 991 3420 1059 τῷ
3478 992 3634 1059 ἀγρῷ

2048 1077 2178 1130 ναὸν
2232 1079 2622 1157 πρεσϐύτερον,
2692 1081 2971 1150 ὀμόσαντα
3028 1083 3370 1152 παραμένειν
3399 1082 3476 1149 τῷ
3504 1081 3636 1148 ναῷ,

2050 1170 2085 1239 ἥ
2121 1170 2322 1238 μᾶλλον
2352 1173 2418 1241 τῇ
2436 1170 2711 1243 ἐπισκοπῇ
2739 1173 2904 1227 αὑτοῦ
2959 1174 3264 1227 ὑποτελεῖν.
3311 1173 3453 1226 Ἀλλ’
3486 1177 3511 1226 ὁ
3538 1176 3640 1242 τῆς

2048 1260 2265 1327 ἐνορίας
2306 1257 2666 1336 ἐπίσκοποςῇ
2700 1264 2958 1317 ὑπέκειτο
2983 1264 3012 1316 6
3037 1264 3230 1334 ἀγρος,
3281 1263 3489 1316 ἐκώλυε
3546 1264 3638 1318 τὸν

2050 1351 2330 1417 κυριακὸν
2362 1354 2670 1424 ἱερουργεῖν
2698 1355 2758 1407 ἐν
2791 1354 3060 1425 ἐκκλησίᾳ
3097 1355 3432 1425 διαφερούσῃ
3461 1356 3632 1423 αὐτῷ,

2049 1441 2182 1509 παρ’
2217 1442 2407 1510 ἐτέρου
2453 1442 2918 1513 χειροτονηθέντα.
2948 1445 3040 1499 Διὸ
3067 1444 3162 1496 καὶ
3194 1443 3512 1496 καταλιπὼν
3536 1446 3639 1497 αύ-
3700 1428 3705 1433 ’

2049 1532 2150 1604 τὴν
2181 1535 2210 1586 6
2245 1533 2542 1604 Κυριακὸς,
2588 1535 2857 1602 μετετέθη
2883 1532 3123 1605 ἀλλαχοῦ
3146 1554 3158 1567 ·
3185 1534 3282 1589 καὶ
3315 1538 3341 1588 6
3368 1537 3632 1604 Λογγῖνος

2051 1623 2138 1676 διὰ
2169 1622 2328 1676 τοῦτο
2356 1623 2697 1689 λυπούμενος
2746 1626 2964 1697 ἠπείλει
2996 1626 3284 1698 ἐρημῶσαι
3309 1627 3406 1698 τὴν
3437 1628 3638 1695 ἐκκλη-

2055 1713 2198 1767 σίαν.
2246 1714 2578 1785 Ἐρωτηθεὶς
2607 1711 2700 1770 οὖν
2723 1717 2751 1768 6
2778 1717 2953 1787 μέγας
2984 1718 3265 1781 Βασίλειος
3287 1720 3413 1788 περὶ
3442 1719 3638 1772 τούτου

2055 1804 2391 1876 ἀπεκρίνατο
2442 1806 2535 1860 τὸν
2580 1806 2750 1877 ἀγρὸν
2808 1804 2854 1877 ᾧ
2890 1809 3245 1880 ἐπεκηρύχθη
3274 1810 3303 1863 6
3334 1812 3636 1880 Κυριακδς,

2056 1895 2226 1966 ἤγουν
2273 1897 2354 1959 είς
2391 1895 2452 1950 ὃν
2501 1897 2796 1966 ὠνομάσθη
2850 1898 3248 1970 πρεσϐύτερος,
3300 1902 3630 1971 ύποτεθῆναι

2054 1990 2119 2059 τῇ
2148 1989 2419 2060 ἐπισκοπῇ
2445 1987 2554 2042 τῶν
2571 1990 2865 2054 Μασάδων,
2892 1993 2939 2044 εἰ
2970 1993 3063 2045 καὶ
3081 1992 3277 2062 ἐτέρας
3301 1987 3371 2064 ἦν
3399 1994 3640 2064 ἐνορίας,

2053 2083 2148 2134 καὶ
2172 2080 2265 2134 τὸν
2310 2081 2586 2152 κυριακὸν
2618 2076 2773 2142 αὖθις
2802 2083 3213 2152 ἐπαναστρέψαι
3275 2087 3413 2137 ἐκεῖ.
3483 2086 3641 2141 Οῦτω

2055 2167 2186 2237 γὰρ,
2250 2169 2438 2238 φησιν,
2470 2168 2595 2222 οὔτε
2625 2169 2834 2231 ἐκεῖνος
2890 2171 3043 2238 παρά
3078 2174 3169 2225 τὸν
3202 2173 3365 2243 ὅρκον
3389 2176 3633 2246 ποιήσει,

2055 2260 2178 2315 οὔτε
2204 2263 2233 2315 6
2258 2262 2520 2330 Λογγῖνος
2578 2262 2679 2333 τὴν
2710 2263 3008 2332 ἐκκλησίαν
3033 2266 3130 2334 ἐρη
3142 2265 3338 2335 μὼσει,
3369 2269 3492 2322 ἀντὶ.
3521 2264 3641 2330 τοῦ.

2014 2399 2020 2403 .
2056 2352 2264 2424 ἔρημον
2298 2352 2616 2423 καταλείψει
2645 2354 2679 2425 ἢ
2711 2355 2804 2407 καὶ
2854 2354 3113 2408 καθελεῖο
3143 2358 3266 2411 οὐδὲ
3293 2360 3396 2427 τὴν
3438 2360 3636 2413 ἐαυτοῦ

2053 2444 2232 2515 ψυχὴν
2253 2447 2372 2508 ταῖς
2418 2445 2644 2515 ἀργίαις
2702 2447 3082 2507 καταδικάσει,
3131 2449 3301 2519 ἧγουν
3354 2450 3639 2513 ὑποϐαλεῖ,

2054 2537 2133 2609 τῷ
2171 2537 2244 2608 μὴ
2289 2537 2571 2608 σχολάζειν
2622 2538 2808 2608 εὐχαῖς
2869 2539 2963 2592 καὶ
3018 2542 3132 2604 τοῖς
3195 2542 3359 2605 θείοις
3428 2542 3643 2610 ὕμνοις,

2056 2629 2193 2684 ἀλλά
2219 2630 2409 2698 ἀργεῖν
2443 2631 2507 2683 ἐκ
2536 2628 2773 2685 τούτων.
2846 2632 2956 2683 Καὶ
2990 2631 3170 2699 ἡμεῖς,
3226 2633 3414 2702 φησιν,
3443 2636 3646 2685 οἰκον)-

2061 2718 2293 2789 μοῦντες
2350 2717 2421 2773 τά
2480 2718 2625 2773 κατὰ
2671 2719 2763 2773 τὸν
2803 2721 3106 2790 Κυριακὶν,
3162 2720 3256 2773 καὶ⁵
3305 2721 3647 2790 ὑποστρέψαι

2056 2811 2220 2867 αὐτὸν
2267 2813 2348 2875 είς
2408 2811 2507 2883 τὴν
2544 2812 2895 2883 Ἐκκλησίαν,
2925 2807 2958 2887 ᾖ
2985 2812 3200 2881 ὤμοσεν
3259 2817 3641 2885 ἐγκαρτερεῖν,

2005 2971 2015 2979 l
2055 2904 2468 2976 ἐπιτρέποντες,
2502 2904 2564 2958 οὐ
2588 2904 2811 2970 δόξομεν
2833 2907 2986 2975 παρά
3012 2906 3243 2970 κανόνας
3292 2909 3490 2970 ποιεῖν,
3523 2892 3673 2961 οὗδέ¹

2056 2997 2264 3061 ἐκεῖνος
2298 2997 2664 3071 παραεαίνειν
2693 2998 2786 3050 τὸν
2820 2998 2981 3067 ὅρκον
3002 2998 3244 3069 κριθείη.
3306 3000 3645 3071 Ἐπανερχόο

373 3094 497 3151 sct._
540 3085 618 3139 Ac
657 3100 778 3148 nos.
816 3086 1010 3155 inquit.
1049 3088 1160 3143 haec
1193 3088 1259 3142 de
1291 3086 1523 3157 Cyriaco
1569 3086 1950 3148 decernentes.

2059 3106 2221 3161 μενος
2279 3089 2413 3160 γὰρ,
2464 3088 2615 3142 δοκεῖ
2673 3088 2967 3156 ςυλάσσειν
3014 3090 3107 3141 τὸν
3161 3091 3343 3158 ὅρκον,
3393 3091 3475 3144 ὅτι
3525 3091 3647 3144 οὐδὲ

379 3192 445 3231 ac
476 3177 655 3233 redire
687 3178 862 3248 ipsum
900 3180 965 3234 ad
996 3179 1312 3245 ecclesiam,
1355 3179 1408 3233 in
1449 3193 1555 3247 qua
1602 3194 1663 3234 se
1699 3195 1951 3249 perman-

374 3283 560 3322 surum
590 3269 816 3338 juravit,
857 3270 1252 3338 permittentes,
1285 3287 1394 3326 non
1426 3271 1732 3326 videbimur
1760 3272 1954 3326 adver-

375 3376 469 3416 sus
500 3372 735 3418 canones
771 3364 952 3432 agere,
994 3376 1170 3432 neque
1215 3364 1305 3418 ille
1338 3364 1541 3419 violare
1573 3364 1953 3434 jusjurandum

372 3453 725 3522 judicabitur.
765 3456 901 3510 Illud
943 3472 1179 3526 namque
1213 3459 1509 3514 observare
1557 3458 1833 3513 videbitur
1867 3470 1955 3511 re-

380 3555 623 3613 vertens,
654 3548 911 3615 quoniam
965 3563 1141 3616 neque
1177 3549 1486 3617 juratnento
1518 3548 1794 3621 adjectum
1849 3556 1953 3612 est,

377 3655 447 3693 ne
487 3622 641 3692 brevi
685 3638 904 3708 quidem
960 3641 1224 3708 temporis
1275 3641 1452 3710 spatio
1494 3655 1524 3693 a
1577 3639 1954 3695 Mindanorum

378 3744 512 3799 agro
570 3743 932 3785 secessurum.
989 3731 1122 3785 Vide
1176 3731 1335 3801 igitur
1391 3732 1664 3800 quomodo
1716 3748 1784 3788 ex
1838 3732 1955 3800 ipsa

376 3822 668 3876 \erbortlm
695 3821 1031 3892 inspectione
1051 3831 1104 3876 et
1131 3823 1603 3879 animadversione
1625 3823 1953 3879 sententiam

377 3920 601 3968 sanctus
634 3912 719 3966 vir
757 3912 1053 3983 iudagavit,
1089 3930 1151 3969 ex
1184 3929 1313 3984 qua,
1358 3914 1453 3984 qui
1494 3929 1553 3970 se
1590 3912 1954 3985 jurejurando

378 4004 772 4068 obstrinxerat,
805 4020 833 4059 a
867 4006 1105 4074 periurio
1149 4005 1282 4062 liber
1325 4021 1451 4062 esse
1495 3995 1789 4061 videretur.
1830 4003 1956 4060 Haec

380 4097 549 4166 igitur
581 4099 649 4151 de
694 4098 939 4167 Cyriaco.
993 4097 1230 4154 Severus
1274 4113 1438 4168 porro
1467 4106 1778 4162 accusatus,
1814 4098 1957 4166 quod

383 4203 519 4253 agro
552 4190 642 4258 qui
699 4190 889 4246 alienae
937 4190 1231 4261 provincia:
1285 4189 1564 4258 subjectus
1601 4197 1739 4251 erat,
1770 4200 1963 4256 quem-

385 4280 530 4348 piam
562 4279 920 4350 praafccisset,
949 4283 1275 4337 causabatur
1306 4296 1366 4335 se
1398 4280 1447 4333 id
1488 4288 1711 4348 propter
1736 4277 1963 4333 oblivio-

388 4386 511 4426 nem
542 4373 758 4436 fecisse,
777 4377 918 4443 quod
950 4388 1139 4444 agrum
1168 4372 1222 4426 in
1244 4372 1472 4425 alterius
1501 4371 1706 4424 ditione
1730 4371 1962 4440 positum

2054 3179 2474 3252 πρόσκειταιτῷ
2504 3179 2673 3249 ὅρκῳ,
2704 3180 2825 3232 οὐδὲ
2860 3181 2998 3249 πρὸς
3041 3180 3216 3268 ξραχὺ
3255 3182 3639 3265 ἀναχωρήσειν

2053 3269 2150 3323 τοῦ
2172 3268 2346 3341 ἀγροῦ
2377 3269 2484 3322 τῶν
2514 3269 2817 3324 Μινδάνων.
2843 3269 2986 3339 Ὅρα
3016 3259 3110 3322 οῦν
3148 3270 3267 3334 πῶς
3323 3272 3389 3324 ἐκ
3424 3259 3517 3340 τῆς
3538 3273 3649 3323 τῶν

2062 3361 2325 3431 ῥημάτων
2373 3357 2675 3423 ἐξετάσεως
2709 3360 2803 3412 καὶ
2829 3361 3304 3430 κατασκοπήσεως
3339 3363 3645 3430 ἐθῆρευσεν

2057 3456 2085 3509 6
2111 3455 2263 3522 ἆγιος
2279 3453 2423 3517 νοῦν,
2453 3453 2594 3507 ὥστε
2628 3453 2703 3522 μὴ
2719 3452 2896 3504 δοκεῖν
2918 3455 3199 3522 ἐπιορκεῖν
3224 3454 3313 3506 τὸν
3338 3452 3645 3520 ὀμόσαντα.

2062 3546 2252 3600 Ταῦτα
2280 3543 2384 3615 μὲν
2417 3543 2512 3598 οὖν
2557 3544 2688 3613 περὶ
2736 3541 2830 3595 τοῦ
2877 3542 3160 3611 Κυριακοῦ
3185 3558 3201 3574 ’
3232 3546 3259 3596 6
3291 3543 3348 3596 δὲ
3392 3543 3649 3612 Σευῆρος,

2060 3638 2388 3707 αἰτιώμενος
2444 3638 2527 3689 ὅτι
2582 3636 2665 3699 εἰς
2731 3634 2903 3705 ἀγρὸν
2950 3635 3212 3705 ἀλλοτρίᾳ
3273 3635 3653 3689 ὐποτε).ο⁷ντα

2061 3728 2247 3800 ἐνορίᾳ
2270 3727 2701 3798 ἐχειροτόνησεν,
2722 3725 2873 3795 ἔλεγε
2889 3726 3028 3779 κατά
3044 3726 3215 3796 λήθην
3231 3725 3386 3781 τοῦτο
3404 3728 3650 3796 ποιῆσαι,

2061 3823 2335 3890 ἀγνοήσας
2378 3820 2550 3889 ἑτέρῳ
2594 3821 2688 3874 τὸν
2734 3820 2905 3889 ἀγρὸν
2932 3820 3278 3875 ὑποκεῖσθαι.
3349 3820 3501 3872 Ἐπεὶ
3532 3816 3648 3884 οὖν,

2064 3913 2225 3983 φησι,
2259 3911 2361 3982 τὴν
2389 3911 2563 3981 λήθην
2593 3911 2980 3980 προϐάλλεται,
3012 3913 3095 3965 δεῖ
3112 3911 3262 3981 αύτῷ
3294 3912 3654 3981 συγχωρηθῆ-

2065 4022 2175 4070 ναι,
2209 4005 2302 4058 κοιλ⁷
2330 4005 2409 4067 εἰς
2438 4004 2539 4073 τὴν
2569 4003 2752 4075 κρίσιν
2802 4004 2896 4057 τοῦ
2939 4002 3072 4057 Θεοῦ
3117 4005 3423 4072 ἀναρτῆσαι
3463 4000 3648 4054 αὐτόν’

2069 4094 2150 4147 ὅτι
2183 4094 2292 4164 γὰρ
2314 4095 2414 4147 οὐκ
2441 4092 2608 4160 ἐσμὲν
2642 4093 3095 4163 καρδιογνῶσται,
3130 4090 3249 4144 ἀλλ’
3275 4089 3350 4152 ὡς
3376 4087 3650 4153 ἀκούομεν

2071 4187 2333 4257 κρίνομεν
2361 4228 2378 4254 ,
2429 4186 2610 4256 δῶμεν
2654 4187 2751 4254 τὴν
2806 4184 3088 4253 ἐκδίκησιν
3143 4182 3221 4251 τῷ
3265 4181 3384 4248 Θεῷ
3421 4220 3437 4245 ,
3518 4195 3653 4245 συγ-

2072 4280 2526 4350 γνωμονήσαντες
2598 4276 2686 4330 διὰ
2746 4275 2843 4346 τὴν
2890 4276 3083 4348 λήθην,
3143 4274 3266 4343 ἥτις
3326 4273 3445 4326 ἐστὶ
3484 4269 3657 4331 πάθος

2072 4369 2436 4438 ἀνθρώπινον.

388 4465 685 4533 ignoraret.
715 4466 984 4532 Quoniam
1019 4480 1170 4534 ergo,
1212 4464 1415 4532 inquit,
1457 4462 1788 4517 oblivionem
1829 4462 2098 4531 praetexit,
2130 4468 2346 4530 oportet
2420 4461 2522 4531 ipsi
2554 4465 2563 4524 ζ
2594 4461 2873 4528 ignoscere
2938 4461 3224 4527 ipsumque
3281 4459 3348 4512 ad
3409 4455 3652 4511 divinum

382 4555 647 4623 judicium
703 4556 1069 4609 transmittere
1117 4569 1132 4606 :
1176 4552 1610 4622 quandoquidem
1669 4568 1793 4608 cum
1850 4567 1956 4606 non
1991 4552 2162 4606 simus
2198 4552 2439 4606 cordium
2493 4560 2852 4611 scrutatores,
2922 4550 3015 4603 sed
3072 4550 3374 4620 judicemus
3444 4565 3508 4603 ex
3569 4547 3650 4603 eis

389 4665 510 4717 quae
537 4648 812 4710 audimus,
839 4646 1213 4717 adjudicemus
1236 4643 1496 4700 ultionem
1543 4645 1675 4712 Deo,
1714 4645 2063 4713 ignoscentes
2091 4652 2312 4714 propter
2336 4642 2685 4707 oblivionem,
2721 4657 2842 4710 qua:
2865 4642 3160 4694 humanum
3196 4650 3278 4694 est
3310 4641 3519 4692 vitium.

460 4743 690 4799 ARIST.
746 4744 863 4797 Non
909 4756 1071 4811 coges
1112 4756 1260 4805 eum,
1296 4743 1386 4810 qui
1420 4756 1479 4796 se
1518 4757 1622 4797 non
1662 4743 1950 4797 ordi'natun

2151 4741 2376 4795 ΑΡΙΣΤ.
2436 4740 2550 4793 Οὐκ
2585 4737 2919 4806 ἀναγκάσεις
2953 4736 3045 4790 τὸν
3072 4735 3147 4805 μὴ
3183 4736 3249 4789 ἂν
3276 4735 3660 4806 χειροτονηθη-

393 4842 510 4896 fore
535 4837 820 4907 juraverit.

2082 4853 2171 4889 ναι
2193 4833 2494 4902 ὀμόσαντα.

473 4933 628 4991 Eum,
679 4926 771 4995 qui
805 4926 1011 4981 electus
1041 4937 1126 4981 est
1157 4928 1462 4995 episcopus,
1500 4935 1554 4980 et
1590 4935 1809 4996 promer
1842 4926 1945 4981 inci

2147 4927 2251 4981 Τὸν
2279 4923 2619 4996 ψηφισθέντα
2676 4922 2997 4983 ἐπίσκοπον,
3030 4918 3126 4973 καὶ
3171 4917 3265 4971 διά
3295 4934 3418 4971 τινα
3444 4934 3665 5007 παρεμο

398 5026 615 5079 dentem
651 5020 884 5087 aliquam
919 5032 1137 5072 causam
1167 5018 1313 5086 jurat
1341 5032 1400 5073 se
1439 5019 1833 5072 ordinationem
1861 5033 1950 5072 nul

2076 5017 2348 5074 πεσοῦσαν
2381 5013 2704 5084 δυσχερείαν
2764 5010 3176 5080 ἐπομοσάμενον
3204 5011 3302 5079 τὴν
3329 5007 3664 5078 χειροτονίαν

399 5121 801 5178 suscepturum,
849 5108 1090 5164 ordinari
1141 5125 1247 5163 non
1283 5124 1464 5179 coges.
1512 5108 1739 5178 Oportet
1789 5118 1950 5163 auten

2081 5112 2159 5182 μὴ
2183 5105 2601 5185 καταδέξασθαι,
2654 5102 3106 5174 χειροτονηθῆναι
3148 5102 3251 5154 οὐκ
3305 5100 3660 5167 ἀναγκάσεις.

324 5230 333 5233 ι
401 5205 749 5261 considerare
775 5213 829 5257 et
853 5200 1145 5269 juramenti
1175 5202 1431 5270 speciem,
1461 5211 1516 5255 et
1543 5200 1729 5265 verba,
1765 5210 1818 5255 et
1848 5199 1950 5254 ail'e

2076 5203 2200 5274 Χρὴ
2231 5201 2287 5254 δὲ
2346 5197 2669 5252 σκοπεῖσθαι
2706 5196 2803 5249 καὶ
2867 5196 2929 5248 τὸ
2954 5190 3095 5253 εἶδος
3118 5193 3213 5246 τοῦ
3254 5194 3444 5263 ὅρκου,
3472 5195 3567 5245 καὶ
3595 5193 3665 5245 τὰ

403 5298 641 5352 etionem
686 5310 716 5348 a
756 5311 862 5367 qua
906 5294 1128 5363 juravit,
1159 5303 1213 5349 et
1248 5306 1369 5362 quae
1409 5293 1677 5349 subtiliter
1710 5293 1764 5346 in
1793 5291 1945 5347 verbi

2080 5297 2326 5367 ῥήματα.
2361 5294 2456 5345 καὶ
2513 5291 2614 5360 τὴν
2642 5288 2884 5342 διάθεσιν
2934 5286 3026 5354 ἀφ’
3062 5280 3131 5355 ἧς
3162 5283 3368 5353 ὤμοσε,
3412 5284 3506 5337 καὶ
3563 5283 3665 5345 τὰς

404 5389 550 5444 facta
598 5397 725 5443 sunt
775 5388 1170 5441 additamenta.
1231 5384 1297 5440 Et
1345 5386 1390 5439 si
1437 5400 1557 5453 quat
1610 5386 1710 5439 sit"
1732 5382 1950 5439 alicuudt

2079 5387 2221 5444 κατά
2248 5384 2441 5438 λεπτὸν
2488 5383 2548 5433 ἐν
2578 5380 2790 5450 ῥήμασι
2836 5377 3179 5449 προσθήκας.
3218 5377 3327 5427 Καὶ
3387 5369 3546 5445 ἐὰν
3575 5374 3661 5437 τίς

404 5470 700 5546 iuramenti
735 5480 1038 5543 excusatio,
1066 5477 1363 5546 perjurium
1406 5490 1672 5545 apparens
1699 5478 1747 5530 ei
1776 5486 1950 5530 condo

2082 5490 2247 5535 ποθεν
2275 5473 2703 5547 παραμυθίατοῦ
2721 5474 2912 5543 ὅρκου,
2942 5470 3246 5539 συγχωρεῖν
3276 5465 3426 5535 αύτῷ
3455 5464 3555 5535 τὴν
3574 5464 3665 5518 δο·

408 5587 564 5636 nare,
593 5586 830 5641 eumque
858 5571 1114 5626 ordinare
1146 5569 1430 5640 permittit.
1463 5567 1519 5622 Si
1558 5578 1736 5622 autem
1773 5566 1950 5621 nulluu

2082 5570 2288 5625 κοῦσαν
2336 5566 2644 5636 ἐπιορκίαν,
2696 5564 2793 5618 καὶ
2849 5559 3272 5630 χε·ροτονεῖσθαι
3324 5555 3610 5625 ἐπιτρέπει
3647 5569 3662 5584 ·

410 5664 484 5716 sit
514 5665 738 5718 omnino
762 5660 1050 5730 refugium,
1083 5664 1177 5716 sed
1210 5658 1523 5715 omnimodo
1556 5657 1808 5729 pejerans
1832 5657 1950 5710 inve

2088 5662 2184 5715 ἐὰν
2205 5660 2263 5713 δὲ
2299 5658 2541 5729 μηδεμία
2670 5653 2985 5725 μηδαμόθεν
3019 5650 3333 5718 καταφυγὴ,
3361 5645 3499 5699 ἀλλὰ.
3513 5659 3666 5744 παν-

414 5755 614 5816 niatur,
672 5756 716 5809 si
767 5755 1006 5809 ordinari
1062 5753 1491 5823 permitteretur,
1549 5751 1710 5806 talem
1761 5748 1947 5807 omnin

2093 5749 2319 5821 ταχόθεν
2378 5746 2650 5818 ἐπιορκῶν
2708 5742 3053 5813 εὑρίσκεται.
3112 5742 3160 5793 εἰ
3221 5734 3666 5807 χειροτονηθῆναι

412 5850 829 5919 praetermittere
862 5858 1091 5920 oportet.

2097 5842 2447 5907 συγχωρηθῇ,
2476 5838 2557 5891 δεῖ
2619 5834 2895 5896 παντελῶς
2932 5833 3140 5901 παρεᾷν
3176 5830 3268 5883 τὸν
3292 5830 3553 5882 τοιοῦτον.
