4076 6404
381 331 499 398 633
1004 366 1011 373 η
1364 336 1444 394 lN
1470 330 1727 396 'EPIST.
1755 331 1818 395 S.
1856 330 1991 390 BAS

2033 330 2140 390 LII
2179 330 2618 395 CANONICAM
2656 336 2705 393 Ι.
3531 334 3639 398 6ῧὶ

981 445 1223 499 ΚΑΝΩΝ
1258 443 1357 500 IA'.
1980 442 2034 500 ’Δ

1980 442 2034 500 ’Δ
2674 442 2904 499 CANON
2947 444 3038 499 XI.

395 541 452 592 '0
501 538 557 590 δὲ
583 539 677 590 τὸν
705 537 961 591 ἀκούσιον
1008 538 1243 607 ποιήσας
1299 536 1461 605 φόνον
1487 536 1805 605 ἀρκούντως
1832 535 1951 602 ἑξε-

2059 533 2160 602 Qui
2194 545 2373 590 autem
2412 537 2829 591 involuntariam
2862 541 3061 591 caedem
3105 536 3253 601 fecit,
3292 538 3342 590 in
3386 540 3639 592 undecim

456 630 713 700 πλήρωσε
761 630 862 700 τὴν
912 630 1069 699 δίκην
1097 632 1153 683 ὲν
1181 630 1294 692 τοῖς
1348 628 1541 682 ἕνδεκα
1587 629 1755 683 ἔτεσι.
1787 628 1957 698 Δῆλον

2131 627 2293 681 annis
2320 627 2531 682 abunde
2557 627 2766 696 judicio
2789 623 3076 683 satisfecit.
3108 629 3322 683 Clarum
3353 638 3434 683 est
3465 631 3636 693 enim,

459 720 566 790 γὰρ
586 721 668 773 ὅτι
700 722 793 773 ἐπὶ
855 720 965 773 τῶν
1016 721 1335 792 πληγέντων
1361 721 1426 773 τὰ
1474 721 1719 784 Μωσέως
1770 738 1957 791 παρα-

2129 718 2269 787 quod
2304 720 2355 771 in
2392 718 2456 773 iis
2483 719 2576 789 qui
2605 722 2844 790 percussi
2873 730 3016 785 sunt,
3047 735 3168 790 quae
3199 721 3370 774 voluit
3404 720 3639 790 Moyses,

457 811 793 878 τηρήσομεν.
832 813 944 864 Καὶ
977 812 1070 863 τὸν
1145 813 1544 866 κατακλιθέντα
1570 812 1671 881 μὲν
1700 813 1794 866 ὲπὶ
1848 810 1957 866 τῶν

2133 810 2567 875 observabimus,
2604 823 2661 866 ιιι
2699 827 2821 867 eum
2840 814 3094 881 quidem,
3127 812 3217 880 qui
3259 821 3478 881 propter
3523 813 3644 879 pla-

465 904 694 969 πληγῶν
732 905 801 964 ἃς
830 905 1012 969 έλαόε,
1056 905 1350 972 βαδίσαντα
1377 906 1433 958 δὲ
1461 906 1626 960 πάλιν
1651 907 1741 958 ἐπὶ
1779 905 1959 976 ῥάϐδῳ

2133 916 2252 971 gas,
2297 919 2433 972 quas
2476 898 2709 973 accepit,
2746 901 3027 967 decubuit‘,’
3060 919 3247 959 rursus
3278 915 3457 959 autem
3489 905 3643 973 virga

464 994 654 1056 αὐτοῦ,
712 997 772 1047 ού
827 995 1155 1066 λογισάμεόα
1210 977 1622 1065 πεξρονεῦσθαμ
1680 998 1727 1050 εί
1756 996 1811 1049 δὲ
1860 996 1957 1049 καὶ

2133 1008 2231 1048 sua
2264 994 2483 1049 innixus
2512 994 2830 1057 ambulavit,
2864 994 3105 1047 occisum
3139 1008 3259 1048 esse
3290 1008 3397 1047 non
3433 1004 3648 1062 reputa-

460 1084 560 1137 οὐκ
587 1083 849 1152 ἐξανέστη
897 1086 1034 1151 μετά
1082 1087 1180 1148 τὰς
1244 1087 1480 1156 πληγὰς,
1509 1086 1625 1140 ἀλλ’
1654 1084 1749 1139 οὖν
1770 1086 1850 1156 τῷ
1884 1086 1959 1155 μὴ

2137 1084 2314 1138 bimus
2355 1101 2370 1138 :
2401 1085 2483 1138 sin
2516 1092 2695 1139 autem
2749 1094 2871 1152 post
2922 1085 3061 1138 ictus
3091 1099 3193 1137 non
3226 1086 3487 1148 surrexit,
3521 1099 3643 1137 cum

418 1222 423 1229 .
472 1177 799 1245 προελέσθαι
838 1178 1000 1231 αὑτὸν
1028 1179 1313 1245 ἀνελεῖν,ὀ
1360 1182 1644 1249 τυπτὴσας
1697 1178 1962 1251 φονευτὴς

2134 1192 2255 1230 eum
2291 1185 2469 1229 tamen
2507 1176 2670 1230 nollet
2721 1175 3026 1231 interficere
3066 1175 3154 1244 qui
3188 1176 3514 1235 verberavit,
3561 1185 3646 1229 est

466 1273 584 1342 μὲν,
622 1272 736 1325 ἀλλ’
770 1274 1025 1338 ἀκούσιος
1055 1276 1140 1330 διὰ
1174 1274 1272 1346 τὴν
1304 1275 1588 1342 πρόθεσιν.

2134 1268 2349 1338 quidem
2379 1267 2673 1334 homicida,
2709 1267 2802 1321 sed
2839 1266 3236 1322 involuntarius
3265 1278 3484 1335 propter
3514 1281 3645 1336 pro—

2135 1358 2397 1423 positum.
3442 1404 3459 1411 -

414 1454 423 1461 '
467 1448 653 1501 ΒΑΔΣ.
684 1447 744 1501 Ὀ
788 1447 864 1509 vi,"
911 1448 1089 1517 κανων
1142 1446 1238 1500 τοῦ
1301 1448 1460 1513 ἁγίου
1520 1448 1710 1502 τούτου
1736 1448 1951 1519 [ἰατρὸς

2135 1446 2337 1503 BALS.
2396 1447 2890 1518 Quinquagesimus
2940 1450 3206 1517 septimus
3255 1464 3428 1503 canon
3481 1447 3644 1516 huius

394 1541 492 1592 ἐπὶ
556 1541 688 1592 δέκα
709 1541 935 1609 χωρίζει
980 1540 1108 1601 τοὺς
1156 1539 1413 1592 ἀκούσιον
1441 1539 1603 1606 φόνον
1627 1541 1964 1605 ποιήσαντας

2067 1542 2237 1597 sancti
2266 1539 2444 1595 Patris
2479 1555 2593 1604 eos,
2627 1541 2719 1609 qui
2758 1541 3174 1596 involuntariam
3203 1543 3402 1597 caedem
3445 1542 3646 1604 fecere,

393 1631 528 1703 ρτῆς
545 1631 652 1684 τῶν
675 1631 832 1683 θείων
855 1632 1216 1699 ἁγιασμάτωιν
1250 1631 1621 1702 μεταλήψεως.
1645 1633 1706 1686 Ὀ
1738 1632 1796 1684 δὲ
1816 1648 1964 1701 παρ-

2069 1633 2255 1688 decem
2281 1632 2438 1686 annis
2469 1648 2496 1686 a
2522 1632 2830 1686 divinorum
2856 1643 3322 1687 sacramentorum
3353 1633 3649 1702 participa-

390 1725 466 1777 ὼν
527 1722 705 1776 κανών
755 1741 908 1792 φησι,
967 1722 1057 1777 τὸν
1107 1724 1181 1795 μή
1236 1723 1394 1791 μόνον
1427 1724 1547 1776 ’ἐπὶ
1594 1724 1725 1777 δέκα
1790 1723 2000 1793 ἔτεσι,

2071 1723 2216 1775 tione
2244 1731 2484 1789 separat.
2517 1720 2763 1777 PraeSens
2787 1731 2969 1777 autem
2997 1738 3171 1778 canon
3201 1723 3352 1786 dicit,
3381 1738 3528 1784 eum,
3554 1723 3647 1792 qui

391 1815 531 1868 ἀλλά
575 1779 791 1876 ἕνδεκα,
1008 1779 1347 1885 μετασχόντα
1390 1854 1395 1859 -
1431 1816 1539 1869 τῶν
1605 1779 1965 1886 ἁγιασμάτων
1999 1782 2001 1833 ἒ

2036 1809 2040 1827 ’
2069 1830 2177 1869 non
2207 1814 2380 1868 solum
2417 1814 2706 1882 decettnio,
2734 1817 2829 1873 sed
2858 1816 3020 1870 etiam
3053 1816 3306 1870 undecim
3340 1815 3518 1878 annis,
3553 1830 3646 1869 sa-

395 1906 654 1960 ἀκούσιον
722 1898 1002 1974 φοιευτὴν’
1039 1908 1102 1958 ὲκ
1146 1907 1467 1977 περιουσίας
1512 1905 1784 1976 δέχεσθαι.
1834 1902 1967 1958 Εἶτα

2070 1907 2369 1961 oramentis
2412 1920 2519 1960 non
2564 1906 3005 1972 communicavit,
3049 1905 3471 1960 iuvoluntarium
3505 1905 3650 1958 occi-

397 1995 725 2065 προστίθησι
778 1996 853 2065 μὴ
887 1996 1216 2049 ἁπεντεῦθεν
1244 1998 1323 2060 ὡς
1341 1998 1506 2064 φονέα
1546 1995 1967 2070 κατακρίνεσθαι

2070 2013 2246 2052 sarem
2279 1998 2413 2051 satis
2459 2011 2732 2066 superque
2770 1996 2986 2051 fecisse.
3028 1995 3233 2050 Deinde
3262 1994 3470 2059 adjicit,
3523 2010 3647 2049 eum

392 2089 487 2141 τὶν
514 2088 791 2158 πλήξαντα
839 2106 980 2155 τινα,
1022 2089 1123 2142 κᾶν
1176 2091 1397 2160 καιρίαν
1423 2092 1698 2161 ἐπήνεγκε
1725 2088 1962 2158 πληγὴν,

2071 2104 2175 2142 non
2226 2089 2348 2142 ideo
2391 2096 2457 2141 uti
2497 2088 2824 2142 homicidam
2860 2087 3237 2150 condemnari,
3285 2089 3377 2155 qui
3412 2087 3650 2155 aliquem

398 2180 474 2249 μὴ
536 2181 624 2234 ἐπὶ
697 2181 883 2249 σκοπῷ
940 2181 1122 2250 μέντοι
1185 2182 1366 2250 φόνου.
1427 2182 1572 2234 Αλλά
1624 2181 1750 2251 χρὴ,
1811 2182 1964 2250 φησι,

2071 2180 2362 2246 percussit,
2398 2179 2613 2234 etiamsi
2662 2179 2914 2234 lethalem
2965 2178 3174 2247 plagam
3217 2177 3497 2246 indixerit,
3545 2193 3652 2233 non

392 2270 535 2325 κατά
552 2272 646 2325 τὸν
691 2273 985 2326 Μωσαῖκὸν
1021 2274 1204 2341 νόμον,
1257 2275 1547 2343 προσέχειν
1596 2274 1689 2325 ἐπὶ
1718 2272 1797 2343 τῷ
1834 2273 1969 2343 πλη-

2079 2279 2258 2322 tamen
2304 2283 2427 2323 cum
2472 2270 2752 2325 occidendi
2794 2271 3073 2339 proposito
3109 2287 3122 2323 :
3159 2271 3255 2323 sed
3299 2281 3533 2336 oportet,
3578 2271 3655 2324 in-

391 2361 563 2427 γέντι⁹
615 2362 710 2415 καὶ
741 2365 790 2415 εί
826 2361 925 2430 μὲν
991 2362 1129 2430 μετὰ
1177 2360 1237 2413 τὸ
1294 2360 1690 2429 κατακλιθῆναι
1746 2363 1810 2412 ὲκ
1867 2361 1981 2429 τῆς,

2068 2360 2205 2430 quit,
2224 2362 2520 2415 secundum
2543 2361 2711 2430 legem
2738 2361 3051 2423 Mosaicam,
3075 2362 3213 2429 ejus,
3237 2363 3329 2430 qui
3361 2376 3653 2430 percussus

394 2455 613 2524 πληγῆς
639 2456 775 2522 πρὸς
808 2456 999 2523 ὑγείαν
1056 2456 1115 2507 ού
1148 2455 1475 2524 προέκοψεν,
1511 2453 1647 2507 ἀλλὰ
1680 2451 1966 2521 ἐτελεύτηο

2071 2462 2173 2509 est.
2203 2452 2468 2507 rationem
2505 2452 2729 2517 habere,
2758 2463 2835 2515 et,
2866 2453 2912 2505 si
2944 2462 3227 2521 postquam
3258 2454 3323 2505 ab
3352 2453 3462 2506 ictu
3492 2454 3654 2505 decu-

397 2563 509 2611 σεν,
536 2547 594 2610 ἐξ
622 2546 867 2616 ἀνάγκης
930 2547 1254 2601 ὑποκεῖσθαι
1282 2547 1371 2601 τὸν
1425 2546 1707 2617 πλήξαντα
1759 2545 1837 2615 τῷ
1869 2544 1966 2597 τοῦ

2072 2546 2209 2609 Ιιυὶι,
2235 2559 2344 2598 non
2374 2544 2671 2607 convaluit,
2700 2547 2794 2600 sed
2829 2556 3078 2598 mortuus
3100 2553 3205 2606 est,
3231 2544 3276 2596 is
3306 2543 3401 2611 qui
3437 2557 3657 2609 percus-

397 2637 655 2689 ἀκουσίου
711 2638 873 2705 φόνου
921 2638 1265 2707 ἐγκλήματι*
1323 2640 1373 2690 εί
1403 2638 1459 2690 δὲ
1509 2637 1706 2707 ἀνέστη
1751 2638 1815 2688 ὲκ
1868 2636 1969 2704 τῆς

2071 2637 2143 2690 sit
2158 2637 2534 2691 involuntaria'.
2552 2638 2714 2690 caedis
2732 2636 2979 2698 crimine,
2999 2651 3218 2690 necessa
3229 2636 3325 2698 rio,
3347 2635 3651 2688 tenebitur:

394 2727 628 2794 πληγῆς.
669 2728 763 2778 καὶ
812 2726 1211 2796 περιεπάτησεν
1263 2727 1356 2778 ἐπὶ
1397 2728 1463 2797 τῇ
1516 2725 1699 2796 ῥάϐδῳ
1773 2725 1965 2790 αὐτοῦ,

2071 2732 2154 2785 sin
2196 2738 2375 2783 autem
2431 2728 2499 2784 ab
2533 2730 2641 2782 ictu
2683 2729 2945 2791 surrexit,
2989 2736 3044 2781 et
3089 2728 3237 2797 virga
3288 2742 3386 2780 sua
3433 2727 3655 2779 innixus

395 2818 563 2884 ἤγουν
587 2819 661 2887 μή
711 2817 935 2879 τελείως
976 2817 1265 2888 ἀπηλλάγη
1313 2819 1414 2887 τῆς
1472 2817 1779 2893 ἀσθενείας,
1845 2811 1967 2869 εἶτα

2073 2822 2394 2885 ambulavit,
2425 2821 2531 2877 hoc
2562 2831 2665 2887 est,
2697 2836 2805 2874 non
2841 2819 3078 2889 perfecte
3104 2835 3135 2873 a
3175 2820 3363 2874 morbo
3396 2827 3482 2873 est
3518 2818 3653 2871 libe-

393 2908 652 2974 ἀπέθανε,
691 2911 765 2980 μή
785 2908 1093 2976 λογίζεσθαι
1126 2910 1218 2962 τὸν
1248 2908 1530 2979 πλήξαντα
1579 2910 1765 2978 φονέα.
1803 2910 1968 2963 Ὥστε

2075 2924 2249 2978 ratus,
2276 2914 2475 2968 deinde
2505 2924 2751 2968 mortuus
2780 2922 2902 2978 est;
2932 2927 3064 2977 eum:
3085 2912 3174 2979 qui
3219 2911 3509 2980 percussit,
3548 2925 3651 2962 non

401 3001 707 3068 σημείωσαι
742 3003 836 3054 καὶ
878 3002 987 3055 ἀπὸ
1032 3000 1248 3066 τούτου,
1288 3001 1472 3064 καθὼς
1505 3003 1733 3071 εἴπομεν
1766 3003 1860 3056 καὶ
1910 3002 1968 3053 ἐν

2074 3007 2315 3077 reputari
2370 3015 2428 3060 ut
2463 3007 2810 3062 homicidam.
2856 3006 3039 3071 Quare
3078 3015 3205 3059 neta
3249 3006 3409 3058 etiam
3452 3018 3517 3057 ex
3552 3002 3654 3055 hoc

397 3092 474 3159 τῷ
512 3098 564 3159 η’
613 3093 844 3155 κανόνι,
891 3093 983 3146 τὸν
1049 3092 1303 3146 ἀκούσιον
1356 3094 1516 3161 φόνον
1571 3096 1634 3147 ὲκ
1691 3095 1786 3147 τοῦ
1834 3094 2007 3155 ἀπο-4

2036 3136 2037 3153 η
2071 3088 2531 3171 quemadmodum
2568 3097 2806 3151 diximus
2837 3104 2892 3150 et
2922 3096 2972 3148 in
3003 3110 3124 3151 can.
3159 3095 3192 3150 8
3224 3095 3646 3150 involuntariam

394 3184 724 3253 τελέσματος
776 3184 1194 3253 ἀναφαίνεσθαι.
1275 3185 1375 3237 Διὰ
1447 3184 1606 3238 τοῦτο
1658 3184 1767 3256 γὰρ
1842 3184 1966 3237 οὐδὲ

2044 3180 2273 3247 caedem
2304 3205 2370 3245 ex
2398 3188 2593 3244 elfectu
2642 3189 2882 3244 ostendi.
2926 3187 3222 3257 Propterea
3269 3187 3414 3241 enim
3453 3201 3553 3240 nec
3587 3186 3653 3238 de

399 3278 495 3346 τὴν
544 3277 761 3349 πληγὴν
816 3270 1460 3346 περιεργαζόμεθα,-εἵτε
1512 3278 1685 3348 μικρὰ
1719 3278 1964 3346 γέγονεν,

2072 3284 2180 3337 ictu
2214 3282 2547 3346 laboramus,
2594 3297 2662 3335 an
2705 3280 2780 3336 sit
2810 3294 3034 3349 parvus,
3078 3294 3148 3333 an
3182 3294 3431 3345 magnus,
3463 3278 3557 3344 sed
3588 3280 3654 3331 de

396 3366 508 3419 εἴτε
567 3368 803 3436 μεγάλη,
858 3367 994 3421 ἀλλὰ
1051 3367 1147 3420 τὸν
1189 3369 1254 3420 ὲκ
1287 3369 1387 3437 τῆς
1435 3368 1652 3438 πληγῆς
1691 3369 1922 3423 θάνατον
1948 3383 1963 3399 ο

2071 3384 2246 3429 morte
2274 3388 2395 3443 qua
2433 3389 2501 3428 ex
2529 3375 2637 3428 ictu
2670 3371 2958 3442 processit,
2989 3378 3050 3424 ut
3077 3371 3255 3425 caedes
3283 3370 3592 3424 voluntaria
3621 3383 3650 3422 a

396 3456 588 3524 ὥσπερ
612 3460 640 3511 ό
668 3456 916 3521 ἑκούσιος
963 3461 1125 3526 φόνος
1151 3460 1233 3536 ,ἐκ
1295 3460 1464 3527 μόνης
1513 3460 1612 3527 τῆς
1653 3459 1968 3529 προθέσεως

2070 3466 2347 3535 proposito
2375 3462 2491 3518 solo
2515 3461 2808 3529 iudicatur,
2840 3460 3051 3514 etiamsi
3085 3457 3311 3513 eﬂ'ectus
3342 3459 3456 3513 sive
3485 3472 3638 3511 mors

401 3550 811 3616 κατακρίνεται,
872 3550 976 3604 κᾶν
1037 3550 1111 3620 μὴ
1172 3549 1348 3620 προϐῇ
1409 3549 1784 3618 ἀποτέλεσμα,
1848 3552 1967 3621 ῆτοι

2073 3558 2295 3612 minime
2323 3544 2604 3638 sequatur.
2653 3554 2786 3607 Nota
2830 3562 3010 3607 autem
3052 3568 3118 3613 ex
3150 3552 3402 3622 praesenti
3437 3566 3672 3605 canone

402 3644 646 3704 θάνατος.
688 3642 1005 3711 Σημείωσαι
1045 3642 1101 3694 δὲ
1128 3642 1247 3695 ἀπὸ
1308 3642 1403 3695 τοῦ
1437 3641 1705 3711 παρόντος
1741 3645 1966 3705 κανόνος

2071 3650 2214 3719 quod
2246 3648 2303 3704 in
2335 3648 2479 3703 caede
2517 3644 2877 3701 involuutaria
2923 3645 3166 3699 nonnulli
3200 3644 3313 3715 69
3341 3644 3485 3698 male
3523 3652 3650 3696 sunt

400 3733 483 3786 ὅτι
513 3734 606 3786 ἐπὶ
624 3732 721 3786 τοῦ
758 3733 1016 3787 ἀκουσίου
1051 3732 1215 3801 φόνου
1247 3732 1436 3795 κακῶς
1477 3750 1623 3796 τινες
1649 3733 1967 3803 πολυπραγ-

2071 3743 2297 3797 nimium
2333 3740 2559 3801 curiosi,
2591 3720 2897 3809 qumrentes
2923 3750 3034 3804 quo
3061 3727 3150 3791 die
3182 3743 3503 3790 vulneratus
3543 3743 3649 3799 est,

401 3824 621 3897 μονοῦσι
674 3830 814 3879 κατᾶ
859 3826 1017 3881 ποίαν
1074 3826 1290 3896 ἡμέραν
1331 3827 1363 3893 ὴ
1414 3825 1599 3896 πληγὴ
1665 3816 1966 3894 ὲπηνὲνθη,

2070 3842 2125 3888 et
2174 3839 2297 3901 post
2342 3839 2476 3900 quot
2521 3830 2636 3884 dies
2683 3845 2828 3890 eum,
2874 3829 2965 3897 qui
3018 3844 3310 3896 percussus
3353 3840 3458 3893 est,
3509 3843 3654 3881 mors

320 3921 325 3926 ’
396 3924 487 3970 καὶ
517 3912 655 3985 μετὰ
688 3918 861 3977 πόσας
887 3918 1104 3988 ἡμέρας
1153 3917 1567 3988 ἐπηκολούθησε
1594 3920 1671 3987 τῷ
1705 3918 1930 3984 πληγένί

2069 3932 2363 3982 consecuta
2390 3932 2471 3978 est
2503 3923 2647 3978 :etsi
2679 3922 2824 3976 enim
2852 3922 3071 3992 longum
3101 3933 3312 3991 tempus
3337 3931 3455 3990 post
3485 3922 3651 3975 ictum

396 4011 425 4061 ὁ
467 4010 717 4072 θάνατος.
753 4009 872 4063 Κᾶν
921 4010 1032 4079 γὰρ
1070 4011 1237 4073 πολὺς
1283 4010 1528 4079 παρῆλθε
1560 4010 1697 4080 μετά
1755 4011 1968 4081 πληγὴν

2069 4015 2410 4086 praeterierit,
2428 4017 2493 4068 ex"
2510 4016 2609 4070 hac
2630 4022 2810 4069 tamen
2831 4030 2989 4069 causa
3010 4024 3251 4069 mortuus
3270 4024 3351 4068 est
3374 4015 3463 4084 qui
3492 4014 3654 4066 ictum

397 4104 607 4172 καιρδς,
649 4103 798 4166 ὅμως
839 4103 895 4154 δὲ
935 4105 998 4154 ὲκ
1034 4104 1135 4171 τῆς
1210 4102 1385 4164 αἰτίας
1425 4101 1614 4154 ἔθανεν
1647 4104 1673 4155 ὁ
1707 4101 1808 4170 τὴν
1831 4102 1968 4170 πλη-

2069 4108 2345 4173 sustinuit,
2377 4107 2546 4161 nihilo
2572 4106 2750 4161 secius
2802 4107 2999 4162 factam
3033 4121 3153 4163 esse
3182 4107 3412 4161 dicimus
3454 4105 3655 4159 eadem

399 4195 503 4262 γῆν
551 4192 814 4254 ὑποστὰς.
856 4193 1009 4247 οὐδὲν
1056 4188 1220 4264 ἦττον
1280 4194 1536 4262 γενέσθαι
1596 4194 1829 4264 λέγομεν
1875 4194 1968 4248 τὸν

2070 4200 2518 4256 involuntariam.
2574 4198 2717 4268 Lege
2763 4207 2820 4254 et
2870 4214 3135 4254 canonem
3189 4200 3223 4254 8
3266 4198 3427 4268 hujus
3477 4196 3654 4253 sancti

402 4285 660 4340 ἀκούσιον
709 4285 891 4353 φόνον.
969 4285 1273 4351 Ἀνάγνωθι
1344 4286 1439 4337 καὶ
1497 4285 1584 4338 τὸν
1644 4291 1693 4353 η’
1767 4284 1969 4337 κανόνα

1497 4285 1584 4338 τὸν
1644 4291 1693 4353 η’
1767 4284 1969 4337 κανόνα
2070 4292 2267 4355 Patris,
2296 4301 2351 4347 et
2382 4291 2504 4360 ejus
2538 4290 3068 4360 interpretationem.

398 4378 491 4431 τοῦ
547 4377 703 4446 ἁγίου
764 4375 955 4430 τούτου
998 4372 1258 4445 Πατρὸς,
1338 4379 1434 4430 καὶ
1494 4377 1595 4445 τήν
1649 4376 1956 4445 ἑρμηνείαν
2004 4422 2049 4481 D

399 4471 568 4525 αὐτοῦ

470 4562 713 4615 ΖΩΝΑΡ.
762 4560 1042 4614 Ἀκούσιόν
1096 4574 1182 4620 τις
1248 4558 1474 4628 ἐποίησε
1537 4555 1720 4626 φόνον,
1765 4556 1858 4611 καὶ
1878 4556 1975 4610 ἓν·

2149 4547 2404 4606 ZONAR.
2446 4548 2875 4604 lnvoluntariam
2910 4548 3034 4617 quis
3073 4549 3273 4604 caedem
3309 4546 3565 4615 patravit.
3595 4559 3658 4598 ac

397 4656 524 4707 δεκι
576 4653 852 4708 διεόίόασε
901 4652 1129 4724 χρόνους
1191 4650 1597 4721 ἀφωρισμένος.
1678 4649 1970 4720 Ἦρωτήθῆ

2081 4643 2329 4698 undecim
2361 4655 2536 4695 annos
2582 4640 2845 4709 transegit
2878 4648 3218 4708 segregatus.
3263 4639 3503 4708 Rogatus
3557 4636 3658 4691 fuit

397 4749 493 4805 οὖν
525 4753 553 4804 ό
580 4750 738 4819 ἆγιος
759 4749 928 4819 είχρὴ
992 4747 1222 4817 λυθῆναι
1245 4746 1408 4800 αὑτὸν
1461 4745 1559 4799 τοῦ
1578 4744 1780 4814 δεσμοῦ
1815 4760 1828 4773 ·
1872 4744 1970 4797 καὶ

2079 4749 2208 4806 ergo
2231 4742 2448 4788 sanctus
2476 4732 2580 4798 vir,
2605 4748 2671 4784 an
2699 4732 2851 4786 illum
2879 4747 2944 4785 eo
2967 4731 3179 4785 vinculo
3205 4732 3340 4785 solvi
3364 4740 3613 4799 oporteat
3639 4748 3654 4785 :

397 4841 735 4909 ἀπεκρίνατο
783 4839 866 4892 ὅτι
897 4840 955 4892 ὲν
998 4840 1113 4901 τοῖς
1165 4837 1362 4891 ἕνδεκα
1420 4836 1599 4888 ἐτεσιν
1646 4833 1969 4903 ἀρκούντως

2082 4823 2463 4893 responditque
2494 4823 2745 4877 undecim
2776 4836 3045 4876 annorum
3079 4822 3258 4889 spatio
3286 4821 3422 4873 satis
3453 4819 3660 4888 suppli-

398 4932 746 5001 ἐξεπλήρωσε
803 4928 902 5001 τὴν
951 4929 1130 4999 δίκην,
1186 4930 1355 4999 ήγουν
1395 4927 1494 4996 τὴν
1536 4925 1833 4996 τιμωρίαν.
1891 4922 1976 4976 Τὰ

2080 4918 2155 4972 cii
2199 4916 2386 4981 luisse,
2420 4915 2556 4970 satis
2604 4928 2911 4986 ptenarum.
2958 4911 3222 4968 Undecim
3272 4926 3435 4980 porro
3490 4924 3659 4963 annos

399 5024 456 5077 δὲ
485 5024 677 5078 ἕνδεκα
747 5020 844 5089 ἔτη
909 5017 1084 5086 εἶπεν,
1143 5023 1238 5090 οὐχ
1271 5020 1345 5081 ὡς
1370 5018 1613 5083 τοσούτῳ
1673 5017 1851 5088 χρόνῳ
1879 5017 1974 5070 τοῦ

2081 5009 2241 5072 dixit,
2288 5020 2393 5063 non
2441 5006 2583 5078 quod
2625 5014 2778 5059 tanto
2832 5015 3098 5071 tempore,
3151 5003 3241 5071 qui
3296 5002 3658 5057 involuutarie

397 5118 672 5180 ἀκουσίως
697 5115 1060 5186 φονεύσαντος
1118 5114 1548 5184 ἔπιτιμωμένοψ
1579 5113 1830 5167 δεκαετία
1858 5111 1968 5180 γὰρ

2081 5100 2301 5164 occidit,
2330 5100 2595 5169 puniatur
2632 5115 2648 5153 :
2678 5097 3001 5151 decennium
3035 5109 3270 5162 namque
3304 5096 3454 5148 hisce
3484 5094 3660 5147 homi-

400 5207 430 5260 ό
458 5181 721 5270 τοιοῦτος-
751 5206 1076 5274 ἐπιτιμᾶται
1141 5181 1286 5258 κατά
1346 5181 1439 5258 τὸν
1486 5203 1560 5267 vi’
1617 5203 1821 5258 κανόνα
1875 5200 1973 5255 τοῦ
2079 5191 2261 5253 nibus.
2295 5187 2747 5258 «ιυίηίιιιθιιθθῑιηο
2779 5185 3011 5252 δθνιίιηο
3039 5192 3247 5238 οπηοηθ
3284 5182 3445 5268 “ius
3477 5181 3655 5251 ιηαειιῖ

404 5297 641 5368 μεγάλου
673 5278 864 5350 τούτου
902 5297 1137 5366 Πατρόςο
1165 5296 1281 5349 ἀλλ’
1323 5296 1398 5359 ὡς
1431 5294 1578 5349 οὕτω
1611 5294 1703 5347 τοῦ
1763 5295 1970 5362 φάκτου

2081 5284 2281 5348 Patris,
2320 5283 2501 5338 multa:
2550 5282 2768 5337 nomine
2803 5280 3158 5334 constitutum
3195 5288 3278 5333 est
3323 5295 3337 5332 :
3372 5279 3467 5333 sed
3513 5277 3654 5346 quod

401 5389 639 5458 ἔχοντος.
693 5383 831 5440 Εἶτά
887 5403 1062 5459 φησιν
1080 5390 1163 5441 ὅτι
1194 5390 1251 5441 ἐν
1277 5390 1389 5450 τοῖς
1426 5387 1685 5459 πληγεῖσι
1712 5387 1808 5438 καὶ
1834 5388 1971 5438 ἁπο-

2080 5380 2155 5434 ita
2186 5392 2306 5433 sese
2337 5390 2423 5432 res
2449 5376 2500 5430 in
2525 5374 2631 5429 hoc
2659 5373 2879 5429 homine
2916 5371 3161 5426 haberet.
3201 5369 3404 5423 Deinde
3433 5369 3652 5431 asserit,

403 5476 625 5532 θανοῦσι
667 5476 1157 5545 παρατηρήσομεν,
1212 5476 1333 5545 ἦτοι
1374 5472 1973 5545 παραφυλάξομεν,τὸν

2170 5474 2238 5529 iis
2265 5471 2356 5541 qui
2388 5469 2628 5541 percussi
2650 5482 2715 5523 ac
2746 5467 2942 5523 mortui
2978 5473 3127 5531 sunt,
3161 5463 3525 5525 retinendam,
3556 5463 3659 5515 hoc
3736 5542 3760 5549 ὀ

402 5568 566 5635 νόμον
619 5565 714 5619 τὸν
768 5565 1085 5630 Μωοαϊκὺν,
1132 5567 1282 5631 ὅστις
1323 5565 1491 5635 ὥρισε
1549 5566 1644 5620 τὺν
1697 5564 1974 5635 πληγέντα

2080 5577 2164 5624 est
2197 5564 2519 5622 servandam
2556 5577 2678 5618 esse
2709 5561 3003 5616 Mosaicam
3037 5560 3233 5628 legem,
3264 5572 3384 5625 quis
3418 5553 3657 5610 decrevit

405 5658 560 5729 παρά
603 5674 748 5721 τινος
775 5660 869 5711 καὶ
895 5658 1291 5713 κατακλιθέντα
1336 5658 1425 5712 διὰ
1457 5659 1555 5723 τάς
1587 5652 1827 5729 πληγὰς,
1874 5658 1972 5712 ἐὰν

2083 5659 2381 5721 hominem,
2431 5656 2520 5726 qui
2567 5672 2596 5708 a
2648 5655 2899 5724 quopiam
2953 5666 3243 5723 percussus
3277 5660 3378 5713 est,
3428 5659 3656 5715 moxque

1005 5753 1031 5766 η

409 5751 547 5805 μετὰ
565 5752 739 5805 ταῦτα
767 5749 1057 5820 ἐξαναστῇ,
1089 5753 1184 5805 καὶ
1214 5753 1564 5821 περιπατήσῃ
1594 5751 1683 5804 ὲπξ
1697 5752 1763 5821 τῇ
1794 5750 1975 5821 ῥάϐδῳ

2131 5751 2372 5820 ccubuit,
2405 5751 2449 5806 si
2485 5758 2669 5819 postea
2706 5762 2737 5803 e
2776 5745 2977 5802 lectulo
3003 5741 3308 5802 surrexerit
3337 5738 3653 5795 ambulavo-
3728 5819 3740 5834 β
