4076 6394
355 321 456 383 637

1326 309 1406 373 IN
1443 308 1687 370 EPIST.
1727 306 1788 366 S.
1815 299 2104 362 BASILII
2140 300 2587 364 CANONICAM
2627 306 2678 365 Ι.

3525 299 3630 359 ίῗ3

357 442 460 489 τῶν
513 427 1022 502 αἰχμαλωτισθῆναι
1069 425 1300 480 πιστῶν.
1355 417 1527 490 Οὗτος
1583 425 1638 477 δὲ
1674 426 1700 476 ὁ
1750 420 1930 477 κανὼν

2073 433 2217 480 utem
2272 443 2443 482 canon
2479 425 2647 480 divini
2694 421 2873 477 Patris
2909 417 3189 475 sanctitati
3237 412 3629 470 convenienter

356 528 526 592 ἀξίως
588 526 685 594 μὲν
713 527 779 594 τῇ
818 520 1189 592 ἁγιοπρεπεία
1233 521 1328 573 τοῦ
1364 519 1511 573 θείου
1568 517 1786 586 Πατρὸς
1817 517 1934 581 ἐξε-

355 619 511 684 τέθη,
538 619 639 670 οὐκ
669 617 882 686 ἐνεργεῖ
935 615 1012 678 δὲ,
1045 614 1132 667 διά
1173 612 1233 665 τὸ
1293 613 1648 682 συμπίπτειν,
1697 611 1745 663 εί
1774 607 1936 662 τοῦτο

357 710 513 780 δοθῇ,
539 709 813 780 μηδέποτε
835 707 962 769 τοὺς
991 704 1332 775 στρατιώτας
1363 703 1804 774 μεταλαμϐάνειν
1827 700 1936 754 τῶν

359 802 519 858 θείων
596 802 954 870 ἀγιασμάτων
997 799 1255 868 πολέμοις
1325 797 1753 866 ἀλλεπαλλήλοις
1823 798 1940 848 ένο-

363 893 716 966 χλουμένους,
749 893 843 945 καὶ
900 889 1264 959 ἀναιροῦντας
1294 891 1422 952 τοὺς
1462 889 1779 957 πολεμίους,
1801 889 1939 959 ὅπερ

363 991 511 1040 ἐστὶν
564 987 857 1056 ἀφόρητον.
925 984 1241 1054 Γέγραπται
1285 982 1342 1036 δὲ
1408 982 1483 1043 ώς
1532 982 1626 1035 τοῦ
1677 981 1940 1050 βασιλέως

365 1080 575 1132 ἐκείνου
607 1079 774 1130 Φωκᾶ
832 1077 1111 1143 ἀξιοῦντος
1169 1077 1310 1145 μετὰ
1349 1075 1646 1146 μαρτύρων
1679 1075 1940 1144 συναριθο

371 1173 591 1242 μεῖσθαι
645 1173 774 1233 τοὺς
839 1172 896 1222 έν
935 1171 1195 1236 πολέμοις
1247 1169 1697 1238 ἀναιρουμένους,
1733 1168 1783 1218 οἱ
1819 1167 1939 1220 τότε

368 1265 672 1333 ἀρχιερεῖς,
708 1261 784 1332 τῷ
810 1262 998 1314 κανόνι
1030 1261 1207 1330 τούτῳ
1236 1262 1595 1332 χρησάμενοι,
1631 1261 1728 1331 τὴν
1783 1262 1942 1331 βασι-

367 1355 521 1425 λικὴν
584 1355 836 1408 ἔνστασιν
883 1355 1283 1423 κατεσίγησαν,
1318 1354 1552 1422 φάμενοι
1580 1370 1595 1386 ο
1654 1333 1789 1416 ⁵Πῶς
1828 1355 1943 1416 τοῖς

370 1447 608 1516 μάρτυσι
640 1445 1125 1514 συναριθμήσομεν
1151 1446 1277 1506 τοὺς
1295 1446 1355 1497 ὲν
1375 1444 1632 1514 πολέμοις
1652 1445 1940 1510 πεσόντας,

366 1538 463 1600 οὒς
508 1540 535 1590 ὁ
567 1537 739 1606 μέγας
770 1537 1053 1600 Βασίλειος
1095 1537 1171 1599 ώς
1208 1536 1282 1608 μὴ
1317 1536 1595 1606 καθαροὺς
1627 1538 1725 1599 τὰς
1755 1540 1946 1608 χεῖρας

367 1631 459 1682 ἐπὶ
490 1631 732 1699 τριετίαν
790 1630 1032 1684 ἐκώλυσε
1068 1630 1175 1683 τῶν
1220 1631 1583 1701 ἀγιασμάτων
1613 1649 1626 1696 ;
1659 1633 1947 1701 Διαφόρων

367 1727 425 1778 δὲ
459 1727 649 1798 ίερέων
684 1726 1088 1796 παραστάντων
1133 1727 1430 1790 συνοδικῶς
1467 1726 1610 1780 κατὰ
1660 1726 1946 1796 βασιλικὸν

369 1819 620 1887 ὁρισμὸν,
661 1817 797 1870 ἀλλά
826 1817 933 1887 μὴν
955 1818 1051 1872 καὶ
1073 1818 1378 1870 ἐπισκόπου
1432 1817 1604 1882 τινὸς,
1632 1819 1727 1870 καὶ
1756 1818 1948 1884 ἐξομο-

369 1908 576 1978 λογησα
584 1909 760 1977 μένων
780 1911 922 1962 κατὰ
939 1908 1215 1978 πολεμίων
1234 1908 1617 1979 συμπλακῆναι
1639 1913 1728 1961 καὶ
1745 1901 1952 1962 ἀνελεῖν

371 1999 600 2064 πολλοὺς
635 2001 692 2066 ἐξ
722 2001 922 2064 αὐτῶν,
947 1988 1102 2072 ἡμὲν
1139 2001 1259 2053 Θεία
1295 2002 1392 2055 καὶ
1422 2001 1544 2072 ἱερὰ
1575 2001 1790 2065 σύνοδος
1822 2004 1953 2056 ἀκο-

371 2092 576 2154 λούθως
606 2093 684 2162 τῷ
737 2095 920 2147 κανόνι
980 2095 1154 2164 τούτῳ
1211 2097 1305 2148 καὶ
1368 2096 1446 2164 τῷ
1504 2093 1595 2164 μγ¹
1625 2096 1719 2148 τοῦ
1785 2097 1950 2150 αὐτοῦ

372 2184 530 2252 ἁγίου
567 2187 661 2238 καὶ
719 2187 933 2254 ἑτέραις
985 2185 1161 2247 θείαις
1215 2187 1501 2254 διαταγαῖς
1527 2186 1685 2257 ἤθελε
1753 2189 1952 2256 μηκέτι

375 2279 569 2342 αὐτοὺς
619 2279 974 2348 ἱερουργῆσαι
1017 2295 1030 2308 ο
1069 2279 1118 2330 οἱ
1175 2278 1396 2342 πλείους
1421 2277 1496 2345 δὲ,
1547 2279 1638 2332 καὶ
1672 2279 1871 2348 μᾶλλον
1903 2279 1954 2332 οἱ

377 2373 908 2442 στρατιωτικώτεροι
940 2414 955 2437 ,
1013 2372 1108 2424 καὶ
1157 2371 1431 2442 βραϐείων
1490 2373 1688 2434 αὐτοὺς
1769 2372 1952 2436 ἀξίους

376 2460 511 2516 εἶναι
542 2464 891 2517 διενίσταντο.
941 2463 1134 2517 Πολλοὶ
1186 2464 1264 2528 δὲ,
1305 2464 1585 2524 ἀνελόντες
1631 2463 1954 2533 ἀνθρώπους

376 2559 434 2608 ὲν
460 2555 535 2624 τῷ
571 2556 746 2624 καιρῷ
781 2556 880 2623 τῆς
913 2555 1050 2624 μετά
1082 2555 1294 2624 ρἀδων
1326 2555 1621 2624 παιγνικῆς
1653 2554 1950 2624 συμϐολῆς,

380 2647 518 2714 μετὰ
554 2648 760 2715 φονέων
788 2646 1148 2715 ἐλογίσθησαν
1192 2646 1706 2710 ἐκουσιοακουσὶων,
1740 2642 1828 2699 οἷα
1858 2645 1951 2699 τοῦ

375 2738 617 2791 τοιούτου
643 2741 893 2806 παιγνίου
917 2739 992 2809 μὴ
1007 2740 1160 2802 ὄντος
1173 2740 1280 2792 ἀπὸ
1300 2740 1407 2790 τῶν
1439 2738 1954 2808 ὲπιγινωσκομένων

381 2827 540 2880 πέντε
569 2828 647 2891 τῷ
673 2828 822 2898 νόμῳ
869 2829 1159 2896 παιγνίων,
1199 2829 1306 2881 τῶν
1336 2829 1429 2881 καὶ
1457 2827 1686 2899 ἀγώνων
1719 2827 1954 2897 λεγομέο

380 2939 508 2984 νων,
543 2921 718 2990 ἤγουν
779 2921 880 2988 τῆς
919 2921 1167 2990 πυγμῆς,
1206 2920 1301 2974 τοῦ
1327 2921 1554 2991 δρόμου,
1585 2920 1676 2972 τοῦ
1702 2919 1958 2990 πηδήμα-

379 3028 490 3073 τος,
547 3013 641 3065 τοῦ
704 3012 912 3075 δίσκου,
962 3015 1055 3067 καὶ
1113 3013 1211 3082 τῆς
1257 3011 1798 3082 παλαίστρας·ώστε
1819 3014 1957 3065 οἱὲν

380 3103 494 3164 τοῖς
519 3101 780 3166 τοιούτοις
810 3106 1086 3172 παιγνίοις
1122 3103 1443 3171 φονεύοντες
1467 3103 1525 3155 ού
1595 3105 1958 3174 προκριματί-
1985 3123 2030 3182 C

380 3191 582 3255 ζονται.

453 3287 700 3341 ΖΩΝΑΡ.
732 3286 806 3339 Οὐ
852 3285 975 3339 κατ’
1019 3285 1284 3356 ἐπιταγὴν
1314 3287 1342 3338 ὁ
1374 3284 1529 3352 ἅγιός
1557 3302 1689 3355 φησι
1713 3286 1838 3347 τοὺς
1897 3286 1957 3336 ὲν

386 3378 645 3446 πολέμοις
694 3378 1054 3448 ἀναιροῦντας
1096 3379 1193 3430 ἐπὶ
1253 3377 1494 3447 τριετίαν
1536 3377 1836 3446 ἀπέχεσθαι
1862 3379 1959 3444 τῆς

383 3473 692 3534 κοινωνίας,
749 3471 886 3524 ἀλλά
940 3471 1085 3524 κατά
1150 3471 1489 3540 συμϐουλήν.
1551 3469 1694 3540 Πλὴν
1729 3469 1959 3540 φορτικὴ

382 3565 529 3617 δοκεῖ
558 3565 860 3634 συμϐουλή.
921 3565 1172 3634 Συμϐαίη
1219 3565 1328 3633 γὰρ
1363 3564 1429 3617 ἂν
1479 3563 1764 3631 ὲκταύτης
1794 3562 1959 3630 μηδέ-

388 3671 517 3707 ποτε
550 3657 676 3718 τοὺς
705 3656 1040 3724 στρατιώτας
1081 3657 1408 3724 μεταλαϐεῖν
1429 3655 1538 3708 τῶν
1566 3655 1726 3708 θείων
1747 3654 1959 3723 δώρων,

386 3748 481 3800 καὶ
527 3749 761 3817 μάλιστα
789 3749 919 3811 τοὺς
975 3749 1174 3826 θάρσοέ
1207 3749 1654 3821 ἐνδεικνυμένους
1681 3748 1775 3800 καὶ
1833 3748 1960 3815 ἀρι-

388 3843 553 3903 στεῖς.
588 3842 663 3893 υύ
698 3841 805 3907 γὰρ
831 3842 894 3895 ἀν
935 3859 1064 3894 ποτε
1124 3843 1302 3911 σχοῖεν
1365 3841 1549 3894 ἄδειαν
1575 3842 1666 3891 ἐπὶ
1720 3839 1961 3909 τριετίαν

385 3929 685 4000 ἠρεμῆσαι.
720 3932 780 3982 Ei
827 3931 959 3998 γοῦν
981 3934 1030 3984 oi
1055 3931 1310 3998 πολέμοις
1359 3927 1787 3997 ὰλλεπαλλήλοις
1840 3943 1964 3995 σχο-

384 4020 660 4084 λάζοντες,
699 4022 792 4073 καὶ
818 4019 1171 4089 ἀναιροῦντες
1201 4023 1336 4083 τοὺς,
1349 4020 1660 4087 πολεμίους,
1685 4019 1960 4088 εἴργονται

384 4111 485 4180 τῆς
520 4112 825 4176 κοινωνίας,
887 4111 1100 4165 ἔσονται
1159 4112 1247 4164 διὰ
1299 4111 1412 4181 βίου
1475 4110 1828 4180 στερούμενοι
1863 4113 1964 4178 τῆς

386 4205 480 4257 τοῦ
512 4204 719 4273 ἀγαθοῦ
780 4205 1158 4274 μεταλήψεως.
1211 4204 1386 4274 Ὅπερ
1443 4205 1799 4273 Χριστιανοίς
1834 4202 1969 4270 ἁφό-

390 4315 552 4368 ρητος
603 4298 846 4359 κόλασις.
906 4298 1005 4350 Διὰ
1034 4297 1087 4349 τί
1139 4296 1197 4350 δὲ
1233 4297 1333 4359 τὰς
1387 4297 1577 4366 χεῖρας
1623 4295 1686 4349 οὐ
1731 4295 1967 4363 καθαροὶ

389 4390 630 4459 κριθείεν
655 4389 704 4442 οἱ
727 4391 868 4458 ὑπὲρ
891 4388 984 4441 τοῦ
1014 4387 1410 4457 πολιτεύματος
1449 4387 1544 4439 καὶ
1580 4387 1690 4438 τῶν
1721 4385 1963 4456 ἀδελφῶν

389 4482 803 4551 ἀγωνιζόμενοι,
841 4483 926 4534 ἵνα
961 4479 1034 4550 μὴ
1061 4472 1317 4550 ληφθεῖεν
1347 4483 1457 4542 τοῖς
1483 4480 1782 4548 πολεμίοις,
1808 4480 1841 4552 ἢ
1876 4481 1964 4533 ἵνα

390 4574 924 4646 αἰχμαλωτισθέντας
951 4573 1432 4642 ὲλευθερώσωσινς
1457 4574 1521 4625 Ei
1576 4575 1684 4640 γὰρ
1722 4573 1971 4642 φονεύειν

391 4668 518 4730 τοὺς
574 4667 896 4737 Βαρϐἀρους
945 4666 1450 4735 εὐλαϐηθήσονται,
1507 4665 1583 4728 ώς
1632 4665 1732 4728 τὰς
1783 4667 1972 4735 χεῖρας

388 4759 638 4811 ἐντεῦθεν
669 4758 997 4826 μιαίνοντες,
1033 4756 1310 4825 οἰχήσεται
1351 4755 1667 4823 ξύμπαντα,
1710 4755 1805 4805 καὶ
1831 4769 1972 4821 κρα-

391 4852 650 4917 τήσουσιν
680 4852 727 4902 οί
763 4849 1029 4918 βάρϐαροι
1063 4850 1281 4901 παντων
1307 4865 1322 4879 ο
1358 4846 1393 4901 ἃ
1430 4848 1521 4898 καὶ
1549 4848 1597 4900 οἱ
1633 4847 1804 4898 πάλαι
1856 4846 1970 4897 lla.

395 4942 556 5012 τέρες
608 4942 984 5010 λογισάμενοι,
1045 4942 1106 4992 οὐ
1157 4941 1269 5002 τοῖς
1311 4938 1534 5008 φονεῦσι
1568 4937 1974 5006 συγκατέλεξαν

393 5036 520 5096 τοὺς
567 5040 624 5088 ὲν
673 5034 932 5103 πολέμοις
988 5033 1352 5102 φονεύοντας,
1411 5031 1974 5100 συγγνωμονήσαντες

395 5130 601 5192 αὐτοῖς,
637 5127 712 5189 ὡς
737 5119 892 5188 οὗτος
945 5125 1148 5195 ἔφησεν
1173 5125 1200 5177 ὁ
1227 5123 1403 5192 ἅγιος,
1465 5123 1540 5186 ώς
1566 5123 1704 5189 ὑπὲρ
1760 5137 1964 5188 σωφρο-

395 5221 560 5290 σύνης
590 5219 687 5273 καὶ
719 5217 997 5281 εὐσεϐείας
1056 5218 1440 5286 ἀμυνομένοις.
1507 5217 1568 5268 El
1609 5216 1728 5284 ,γὰρ
1755 5217 1804 5267 οἱ
1834 5215 1977 5284 Βάρ-

394 5312 552 5382 ϐαροι
580 5310 979 5382 κυριεύσουσιν,
1017 5307 1141 5361 οὐτε
1173 5309 1420 5360 εὐσέϐεια
1459 5307 1628 5369 ἔσται,
1678 5305 1802 5360 οὐτε
1873 5326 1975 5360 σω-

394 5403 659 5472 φροσύνη.
721 5403 835 5468 Τὴν
889 5403 990 5472 μὲν
1059 5402 1171 5471 γὰρ
1192 5401 1480 5455 εὐσέϐειαν
1528 5400 1880 5469 ἀθετήσουσι,
1914 5401 1974 5451 τὸ

393 5499 592 5550 οἰκεῖον
619 5495 784 5558 σέϐας
813 5495 1173 5565 κρατύνοντες
1198 5510 1214 5525 ο
1274 5494 1374 5562 τὴν
1403 5493 1460 5546 δὲ
1495 5493 1853 5562 σωφροσύνην
1879 5494 1971 5546 οὐ-

390 5588 500 5651 δεὶς
537 5588 782 5658 μετιέναι
834 5587 1340 5656 συγχωρηθήσεται,
1388 5585 1525 5639 ἀλλὰ
1551 5585 1648 5656 ζῇν
1678 5585 1801 5637 κατ’
1833 5585 1975 5636 ἐκείο

395 5700 516 5741 νους
572 5683 718 5744 ἄπας
771 5680 1217 5751 ὲκϐιασθήσεται.
1295 5678 1356 5733 ’0
1410 5678 1464 5730 δὲ
1512 5680 1578 5731 τὰ
1642 5680 1758 5732 θεῖα
1807 5677 1975 5739 πολὺς

410 5773 724 5836 Ἀθανάτιος
839 5774 903 5843 τῇ
953 5771 1349 5842 πρδςἋμμοῦν
1382 5771 1683 5840 μονὲζοντα
1711 5771 1969 5835 κανονικῇ

2047 525 2224 578 editus
2254 529 2359 584 est,
2391 520 2484 575 sed
2513 533 2620 573 non
2646 522 2727 570 est
2760 517 2812 568 in
2849 528 2974 575 usu,
2999 512 3140 581 quod
3171 525 3236 562 ex
3263 523 3328 562 eo
3360 505 3626 564 eveniret,

2048 612 2092 666 si
2127 610 2535 671 admitteretur,
2554 616 2613 662 ut
2636 604 2837 659 milites
2858 606 3324 656 sacramentorum
3352 609 3625 663 nunquam

2045 713 2231 760 essent
2257 703 2573 773 participes,
2604 714 2726 754 cum
2761 699 2812 752 in
2846 696 3062 752 crehris
3083 686 3191 765 70
3220 691 3384 747 bellis
3412 703 3628 743 versen-

2049 808 2156 862 tur,
2192 804 2246 852 et
2277 800 2459 850 hostes
2489 793 2821 849 interﬁciant
2848 808 2863 844 :
2892 789 3035 859 quod
3069 803 3176 842 non
3205 794 3286 840 est
3319 783 3628 837 feremlutn.

2049 891 2323 958 Scriptum
2349 897 2433 942 est
2458 887 2627 950 enim,
2654 887 2801 954 'qnod
2833 881 3191 938 cum‘Phocas
3225 876 3314 930 ille
3339 876 3631 942 imperator

2048 980 2210 1038 vellet
2238 997 2332 1036 eos
2366 978 2696 1050 martyribus
2727 972 3074 1029 annumerari
3105 971 3194 1039 qui
3224 970 3275 1021 in
3311 966 3467 1019 hellis
3490 962 3634 1017 occi-

2049 1081 2270 1138 duntur,
2311 1075 2400 1142 qui
2445 1083 2574 1126 tunc
2619 1078 2779 1124 erant
2825 1067 3096 1122 antistites
3147 1064 3252 1117 hoc
3291 1059 3370 1112 usi
3422 1068 3631 1111 canone

2051 1168 2457 1237 imperatoriam
2510 1163 2823 1218 instantiam
2869 1159 3088 1213 silentio
3133 1156 3502 1216 mandarunt,
3551 1148 3630 1200 di-

2050 1271 2234 1315 centes
2274 1277 2288 1311 :
2322 1257 2605 1324 Quomodo
2634 1269 2730 1307 eos
2761 1251 2851 1317 qui
2881 1252 2930 1304 in
2961 1250 3118 1304 bellis
3148 1246 3462 1300 ceciderunt
3491 1243 3632 1293 inter

2053 1363 2318 1422 martyres
2369 1346 2869 1409 annumerabimus,
2915 1356 3052 1410 quos
3104 1351 3331 1407 magnus
3377 1332 3627 1389 Basilius.

2053 1454 2114 1500 ut
2148 1446 2240 1514 qui
2273 1458 2375 1497 non
2411 1449 2593 1496 essent
2632 1438 2781 1507 puris
2816 1435 3084 1494 manibus,
3119 1430 3354 1484 triennio
3387 1441 3415 1478 a
3447 1437 3628 1478 saera.

2055 1535 2256 1592 mentis
2283 1529 2607 1602 prohibuit?
2635 1529 2767 1582 Cum
2798 1535 2976 1578 autem
3015 1522 3165 1576 multi
3199 1518 3536 1578 sacerdotes,
3576 1520 3659 1564 et.

2057 1644 2198 1684 unus
2231 1627 2446 1696 quidem
2471 1625 2780 1692 episcopus,
2814 1633 2873 1672 se
2899 1617 3049 1686 jussu
3088 1611 3438 1683 imperatorio
3471 1623 3632 1677 syno-

2056 1723 2248 1778 daliler
2283 1718 2568 1778 stitissent,
2591 1724 2800 1768 et.cum
2841 1709 3089 1765 hostihns
3121 1722 3179 1760 se
3213 1717 3405 1756 manus
3439 1713 3630 1754 conse-

2057 1818 2228 1871 ruisse
2255 1812 2559 1878 multosque
2581 1823 2647 1861 ex
2679 1807 2740 1860 iis
2768 1804 3033 1860 occidisse
3059 1799 3189 1854 fassi
3219 1804 3422 1860 essent,
3451 1793 3628 1846 divina

2054 1919 2107 1962 et
2136 1917 2322 1963 sancta
2359 1903 2598 1974 synodus
2635 1904 3035 1965 consequenter
3073 1892 3197 1945 lmic
3225 1886 3447 1949 canoni,
3477 1895 3531 1937 et
3565 1883 3638 1936 45

2054 2000 2299 2070 ejusdem
2359 1994 2532 2050 sancti
2588 2001 2642 2044 et
2697 1989 2816 2043 aliis
2873 1985 3074 2040 divinis
3131 1975 3634 2037 constitutionibus,

2055 2095 2276 2148 volebat
2317 2091 2465 2158 ipsos
2507 2101 2614 2139 non
2669 2081 2904 2151 amplius
2943 2091 3094 2130 sacra
3142 2071 3441 2128 celebrare.
3477 2068 3636 2122 Cum-

2055 2189 2236 2258 plures
2269 2192 2470 2245 autem,
2519 2189 2574 2233 et
2607 2177 2696 2247 qui
2735 2183 2892 2227 erant
2943 2169 3100 2238 paulo
3147 2166 3318 2236 magis
3354 2162 3630 2218 militares.

2055 2293 2152 2334 eos
2190 2277 2354 2330 etiam
2389 2270 2628 2338 praemiis
2653 2269 2846 2335 dignos
2871 2279 2991 2317 esse
3023 2256 3446 2315 contendebant.
3484 2251 3630 2306 Multi

2058 2379 2260 2432 autem,
2285 2367 2375 2435 qui
2404 2365 2457 2418 in
2489 2373 2731 2429 tempore
2760 2355 2956 2412 ludicri
2986 2369 3106 2407 cum
3133 2350 3300 2418 virgis
3322 2345 3638 2404 certaminis

2058 2462 2306 2517 homines
2337 2455 2746 2513 interfecerant,
2781 2448 3064 2504 homicidis
3106 2441 3448 2499 annnmerati
3482 2447 3634 2499 sunt,

2059 2555 2150 2625 qui
2191 2549 2613 2607 involuntariam
2643 2542 2948 2610 voluntarie
2991 2538 3191 2593 caedent
3229 2540 3634 2605 perpetrarnnt,

2060 2652 2244 2712 utpote
2271 2656 2392 2695 cum
2440 2640 2542 2693 hoc
2589 2636 2856 2691 ludicrum
2888 2647 2994 2686 non
3047 2631 3117 2683 sit
3148 2643 3216 2682 ex
3267 2627 3330 2679 iis
3373 2623 3633 2690 quinque,

2059 2753 2179 2809 quae
2224 2736 2338 2804 lege
2373 2738 2767 2799 agnoscuntur,
2801 2741 2920 2794 qua:
2963 2724 3126 2776 etiam
3176 2716 3473 2775 certamina
3509 2728 3637 2781 ago-

2061 2841 2263 2896 nesque
2297 2826 2572 2886 dicuntur,
2607 2820 2816 2876 scilicet
2847 2815 3153 2886 pngillatus,
3188 2825 3402 2870 cursus,
3436 2807 3630 2866 saltus,

2062 2923 2268 2984 discus,
2309 2917 2580 2987 pal:estra.
2615 2915 2792 2979 Quare
2840 2911 2930 2980 qui
2961 2909 3015 2961 in
3060 2908 3138 2961 eis
3170 2901 3392 2958 ludicris
3426 2898 3636 2954 interli-

2061 3019 2235 3075 ciunt,
2267 3010 2578 3082 prmjudicio
2605 3023 2712 3061 non
2741 3005 3070 3059 adiciuntur.

2141 3287 2395 3344 ZONAR.
2438 3283 2868 3352 Haudquaquam
2921 3271 3240 3344 praacipiens
3291 3269 3509 3319 sanctus
3557 3257 3639 3310 vir

2066 3387 2152 3444 iis,
2185 3383 2275 3452 qui
2325 3384 2376 3434 in
2431 3378 2570 3431 hello
2616 3369 3008 3427 interfecerunt
3050 3359 3284 3417 triennio
3315 3373 3342 3409 a
3391 3366 3639 3409 commu-

2065 3477 2226 3531 nione
2252 3469 2629 3525 abstinendum
2664 3478 2787 3518 esse
2819 3459 3035 3521 asserit,
3065 3455 3158 3510 sed
3196 3448 3478 3507 consilium
3513 3459 3637 3512 pro-

2067 3584 2290 3640 ponens.
2323 3564 2623 3619 Onerosum
2663 3553 3020 3610 nihilominus
3058 3549 3110 3602 id
3155 3541 3441 3600 consilium
3465 3535 3634 3590 videri

2065 3632 2255 3735 possit.
2295 3659 2368 3712 Ex
2408 3655 2498 3708 illo
2532 3663 2762 3716 namque
2792 3644 3094 3710 contingat,
3136 3649 3189 3691 ut
3221 3632 3421 3689 divinis
3457 3639 3643 3680 mune-

2067 3759 2216 3811 ribus
2253 3743 2542 3816 ~nunquam
2595 3744 2795 3798 milites
2853 3733 3287 3793 entnruttnicent;
3336 3721 3638 3793 prmsertint

2066 3846 2155 3914 qni
2203 3843 2369 3901 robur
2412 3835 2728 3904 prart‘erunt,
2779 3844 2843 3882 ac
2887 3843 2946 3881 se
2991 3833 3246 3877 strenuos
3289 3829 3398 3883 pra:
3431 3809 3643 3864 czeteris

2067 3899 2675 3992 exhibent..blunqnam
2731 3919 2873 3970 enim
2919 3914 2984 3966 iis
3025 3909 3242 3964 dabitur
3294 3901 3524 3956 facultas
3576 3899 3644 3949 ad

2070 4023 2362 4079 triennium
2395 4011 2737 4088 quiescendi.
2799 4007 2855 4061 Si
2907 4020 3036 4072 ergo
3081 4000 3170 4070 qui
3231 3996 3387 4051 hellis
3434 3989 3646 4046 crebris

2070 4123 2422 4174 exercentur,
2456 4119 2512 4163 et
2541 4108 2726 4161 hostes
2757 4099 3127 4157 interficiunt,
3177 4107 3206 4144 a
3265 4083 3648 4144 communione

2071 4217 2346 4265 arcentur,
2375 4213 2488 4256 toto
2527 4200 2650 4252 vita:
2678 4203 2919 4262 tempore
2952 4188 3077 4244 boni
3117 4178 3502 4239 communione
3531 4172 3649 4243 pri-

2070 4301 2178 4356 vati
2218 4301 2436 4362 degent.
2467 4291 2598 4357 Qum
2621 4288 2836 4356 quidem
2867 4297 3020 4352 paena
3045 4288 3127 4333 est
3151 4270 3477 4332 Christianis
3506 4265 3649 4320 haud

2075 4391 2392 4450 tolerabilis.
2422 4388 2590 4452 Quam
2623 4395 2751 4435 vero
2774 4379 2842 4432 ob
2868 4388 3086 4430 causam
3118 4379 3458 4439 nequaquam
3491 4371 3654 4429 puras

2084 4500 2274 4541 manus
2305 4493 2494 4552 gerere
2522 4474 2926 4546 iudicabuntur,
2978 4465 3066 4535 qui
3123 4477 3219 4532 pro
3275 4454 3544 4525 republica
3603 4459 3655 4503 et

2081 4545 2342 4634 fratribus
2370 4545 2656 4629 dimicant,
2693 4581 2761 4618 ne
2792 4561 2988 4631 captivi
3019 4558 3356 4610 abducantur
3391 4550 3458 4601 ah
3483 4545 3653 4598 hosti-

2080 4671 2202 4728 hus,
2241 4672 2332 4718 aut
2361 4671 2418 4715 ut
2457 4662 2510 4714 in
2552 4657 2869 4712 servitutem
2919 4649 3184 4704 ahductos
3209 4646 3438 4699 liherent
3470 4638 3492 4690 ?
3520 4638 3652 4691 Nam

2080 4761 2125 4813 si
2165 4758 2230 4810 ab
2265 4749 2652 4807 iuterliciendis
2697 4745 2952 4800 Barliaris
2985 4747 3238 4798 caveant,
3275 4732 3429 4801 quasi
3467 4741 3659 4780 manus

2078 4866 2143 4905 ex
2185 4849 2289 4903 hoc
2336 4843 2663 4914 pollnentes,
2717 4851 2931 4908 pessum
2982 4835 3136 4885 ilmnt
3182 4826 3386 4885 ninnia,
3429 4828 3656 4876 cuncto-

2083 4953 2318 5007 rumque
2368 4935 2594 4987 Barbari
2651 4919 2946 4998 ponentur.
2997 4923 3128 4988 Quae
3180 4913 3387 4982 antiqui
3442 4923 3663 4977 quoque

2084 5005 2276 5088 Patres
2308 5026 2488 5084 animo
2528 5032 2861 5092 reputantes,
2895 5017 2985 5084 qui
3029 5017 3078 5067 in
3115 5011 3255 5066 bello
3292 5005 3663 5062 interﬁcerent

2086 5125 2511 5192 hatulquaquam
2575 5112 2864 5168 lmmieidis
2926 5110 3388 5162 adnumerarunt,
3447 5097 3662 5149 veniam

2084 5217 2216 5284 ipsis
2244 5216 2453 5272 dantes,
2493 5209 2785 5275 siquidem,
2822 5213 2879 5254 ut
2922 5203 3012 5256 hic
3042 5199 3119 5251 ait
3152 5205 3402 5256 sanctus,
3431 5205 3528 5259 pro
3561 5202 3663 5256 pu-

2082 5308 2263 5363 dicitia
2311 5319 2374 5358 ac
2427 5303 2629 5370 pietate
2680 5296 3032 5351 decertarint.
3084 5291 3140 5344 Si
3192 5299 3427 5355 namque
3478 5293 3661 5335 rerum

2081 5401 2362 5470 potiantur
2393 5395 2639 5455 Barbari,
2676 5405 2849 5458 neque
2877 5389 2984 5442 ulla
3018 5385 3208 5453 pietas,
3243 5392 3421 5448 neque
3449 5371 3628 5444 pudici
3654 5401 3662 5412 -

2082 5494 2157 5545 tia
2189 5488 2482 5556 supererit.
2516 5485 2778 5538 Pietatem
2809 5494 3041 5546 natnqne
3071 5475 3350 5545 abjicient,
3382 5485 3533 5522 suam
3574 5481 3662 5518 re-

2080 5582 2330 5651 ligionem
2359 5579 2660 5632 retinentes
2689 5592 2700 5626 :
2729 5573 3043 5642 pudicitiam
3075 5582 3204 5622 vero
3231 5560 3496 5618 retinendi
3525 5556 3657 5610 nulli

2081 5676 2170 5730 lict
2209 5674 2458 5734 incultas,
2503 5671 2596 5725 sed
2636 5668 2851 5721 illorum
2889 5666 3096 5734 legihns
3129 5662 3311 5712 vivere
3341 5668 3530 5710 omnes
3563 5665 3659 5703 co-

2081 5778 2294 5836 gentur.
2349 5765 2616 5819 Castorum
2672 5761 2757 5815 ille
2809 5758 3114 5813 divinarum
3181 5765 3358 5806 rerum
3420 5744 3665 5814 apprime
