4076 6388
431 280 533 340 639

1714 279 1992 341 TIIEOD.
2034 279 2430 342 BALSAMON

3592 294 3624 354 6
3635 292 3696 354 -ίΟ

427 375 634 462 peritus
662 393 1015 459 Athanasius,
1055 393 1108 448 in
1153 408 1251 448 sua
1290 394 1355 447 ad
1390 394 1641 448 Animum
1690 399 2001 450 monacbuu

2129 397 2386 469 ἐπιστολῇ
2420 400 2595 454 ταῦτα
2619 403 2764 470 λέγει
2801 406 2980 475 ῥητῶς
3012 419 3029 439 ⁶
3064 407 3313 461 Φονεύειν
3336 411 3436 463 οὐκ
3465 410 3640 476 EE.“
3665 429 3681 443 ο

410 487 649 552 cpistola
695 488 978 549 canonica,
1028 486 1141 540 lucc
1181 501 1439 555 expresse
1477 487 1652 541 dicit:
1695 485 2006 543 lnterticere

386 621 391 634 ,
425 592 751 645 quemquam
783 579 941 646 plane
966 578 1108 632 haud
1135 577 1260 631 licet
1286 596 1300 632 :
1326 593 1522 653 verum
1556 579 1609 632 in
1643 579 1793 634 bellis
1814 581 2007 634 adver-

423 669 599 724 sarios
654 671 927 734 occidere,
978 681 1032 724 et
1087 669 1298 740 legibus
1346 671 1672 738 permissum
1727 679 1783 726 et
1844 671 2002 724 laude

424 763 645 828 dignum
694 771 795 816 est.
856 763 1085 815 Proinde
1134 762 1394 816 existimo
1443 763 1544 816 hoc
1597 763 1774 832 magni
1819 761 2003 816 Basilii

422 853 708 905 consilium
743 852 1054 906 nullatenus
1085 868 1324 922 unquam
1361 863 1636 906 servatum
1673 853 1858 906 fuisse.
1893 851 2002 904 Ta-

423 957 547 995 men
576 952 724 996 certo
753 945 986 1011 quodam
1016 954 1259 1012 tempore
1281 945 1366 1008 iis,
1391 943 1481 1011 qui
1506 959 1602 1012 pro
1626 943 2004 998 traditionibus

423 1033 812 1088 ecclesiasticis
844 1037 1275 1103 propugnabant,
1321 1035 1470 1089 utilis
1513 1033 1634 1088 fuit.
1681 1034 1815 1090 Cum
1858 1035 2001 1089 enim

422 1127 724 1194 imperator
765 1127 1104 1197 Nicephorus
1135 1130 1364 1192 Pbocas,
1396 1129 1854 1196 quemadmodum
1890 1142 2003 1180 me-

421 1220 608 1272 moriae
643 1221 906 1286 proditum
942 1228 1045 1285 est,
1092 1235 1206 1282 eos,
1251 1220 1340 1287 qui
1379 1220 1431 1273 in
1465 1218 1620 1274 bellis
1653 1218 1997 1282 ceciderant,

419 1312 752 1376 martyribus
804 1313 1156 1366 adnumerari
1201 1313 1523 1381 postularet,
1557 1327 1620 1366 ac
1661 1314 1849 1366 eodem
1892 1326 2000 1380 quo

421 1401 496 1455 illi
545 1418 696 1457 more
747 1403 954 1458 laudari
1004 1413 1057 1458 et
1102 1405 1206 1460 coli
1244 1422 1259 1458 :
1291 1413 1480 1460 contra
1529 1404 1860 1472 objecerunt,
1906 1404 2001 1473 qui

418 1504 547 1548 tunc
574 1497 831 1563 temporis
861 1495 1009 1551 fuere
1039 1497 1232 1550 summi
1257 1498 1593 1564 sacerdotes,
1619 1497 1755 1550 haud
1785 1512 1999 1564 aequum

417 1603 545 1641 esse
589 1588 858 1656 ejusmodi
915 1589 1230 1644 hominibus
1278 1590 1688 1644 venerationem
1737 1589 1993 1658 impendi.

417 1677 575 1741 Quod
604 1694 726 1732 cum
770 1694 874 1733 non
908 1681 1321 1748 persuaderent,
1371 1691 1642 1748 postremo
1689 1681 1790 1734 hoc
1834 1679 1998 1734 veluti

417 1782 627 1822 canone
653 1771 734 1822 usi
768 1777 916 1834 sunt,
947 1768 1189 1825 dicentes
1223 1789 1235 1823 :
1267 1770 1510 1836 Quonam
1547 1772 1707 1824 modo
1741 1785 1838 1824 nos
1868 1785 1990 1825 eum

2117 488 2231 540 ἀλλ’
2254 491 2310 541 ὲν
2343 491 2562 561 πολέμῳ
2584 493 2827 563 ἀναιρεῖν
2853 497 2980 560 τοὺς
3012 497 3342 561 ἀντιπάλους
3367 500 3586 567 ἒννομόν
3629 518 3690 554 τε

2120 582 2213 634 καὶ
2267 582 2490 635 ἐπαίνου
2537 583 2703 648 ἀξιον.
2760 583 2928 655 Οἶμαι
2971 587 3103 654 γοῦν
3131 589 3206 651 ὡς
3243 589 3439 642 οὔποτε
3501 594 3534 660 ἡ
3594 590 3691 644 τοῦ

2121 673 2356 742 μεγάλου
2381 676 2667 731 Βασιλείου
2695 667 2939 748 ὑποθήκη
2980 679 3120 749 αῦτη
3152 683 3448 753 ἐκράτησε·
3477 683 3618 746 τέως
3647 683 3694 735 δ’

2116 770 2174 818 ἐν
2226 769 2403 836 καιρῷ
2451 770 2563 832 τοῖς
2634 771 3018 839 ἀντεχομένοις
3075 775 3186 826 τῶν
3222 775 3694 839 ἐκκλησιαστικῶν

2119 858 2475 926 παραδόσεων
2511 860 2888 931 ἐλυσιτέλησε.
2925 865 3030 918 Τοῦ
3059 867 3168 936 γὰρ
3199 866 3463 935 βασιλέως
3515 868 3692 936 Νικη-

2116 949 2280 1017 φόρου
2331 949 2424 1002 τοῦ
2445 952 2629 1012 Φωκᾶ.
2659 953 2733 1016 ὡς
2803 956 3106 1026 ἱστόρηται,
3173 959 3531 1022 ἀπαιτοῦντος
3559 962 3692 1020 τοὺς

2115 1040 2170 1091 ἐν
2224 1041 2488 1110 πολέμοις
2527 1045 2954 1116 ἀναιρουμένους
2983 1051 3376 1104 συντάττεσθαι
3402 1054 3514 1114 τοῖς
3548 1054 3688 1122 μάρ-

2111 1148 2253 1195 τυσι,
2293 1135 2385 1185 καὶ
2412 1136 2534 1188 κατ’
2581 1139 2824 1204 ἐκείνους
2892 1143 3158 1210 τιμᾶσθαι
3221 1143 3312 1196 καὶ
3377 1145 3688 1212 ὑμνεῖσθαι,

2110 1223 2160 1274 οῖ
2217 1223 2336 1276 τότε
2395 1227 2669 1306 ἀρχιερεῖς
2715 1233 3085 1301 ἀντεπέφερον
3158 1235 3232 1306 μὴ
3287 1237 3492 1289 δίκαιο)
3550 1233 3690 1290 εἶναι

2108 1315 2240 1379 τοὺς
2265 1319 2540 1383 τοιούτους
2569 1323 2854 1390 τιμᾶσθαι.
2891 1325 2996 1377 Καὶ
3030 1327 3106 1395 μὴ
3163 1326 3444 1387 πείθοντες
3507 1327 3692 1378 τελευ-

2107 1410 2282 1471 ταῖον,
2338 1408 2414 1472 ὡς
2464 1414 2653 1495 κανόνι
2690 1416 2869 1485 τούτῳ
2899 1417 3205 1487 ἐχρήσαντο
3258 1419 3520 1485 φάμενοι·
3569 1419 3691 1481 Πῶς

2113 1501 2278 1569 ἡμεῖς
2331 1495 2442 1568 τοῖς
2504 1509 2891 1576 μαρτυρήσασι
2926 1511 3052 1572 τοὺς
3113 1511 3170 1560 ἐν
3210 1511 3470 1578 πολέμοις
3498 1513 3694 1562 πεσόν-

2107 1609 2206 1653 τας
2236 1596 2738 1666 συναριθμήσομεν,
2789 1599 2881 1660 οὓς
2901 1601 2928 1651 ὁ
2962 1601 3135 1669 μέγας
3184 1601 3483 1666 Βασίλειος,
3511 1601 3586 1663 ὡς
3612 1602 3688 1672 μὴ

2112 1683 2379 1754 καθαροὺς
2423 1690 2520 1750 τὰς
2539 1691 2725 1760 χεῖρας
2751 1730 2767 1756 ,
2799 1692 2890 1744 ἐπὶ
2921 1693 3166 1762 τριετίαν
3199 1693 3314 1745 τῶν
3338 1694 3695 1762 ἀγιασμάτων

2110 1775 2370 1845 ἀπεῖρξεν
2394 1795 2408 1842 ;

419 1860 747 1929 martyribus
787 1877 903 1927 eos,
970 1864 1058 1932 qui
1119 1865 1172 1917 in
1209 1863 1360 1920 bellis
1397 1866 1734 1927 ceciderunt,
1769 1865 2158 1920 adnuneiabin
2185 1884 2268 1935 υς,
2299 1885 2435 1941 quos
2475 1889 2700 1946 magnus
2719 1855 2976 1943 Basilius,
3017 1887 3267 1948 tanquam
3318 1878 3406 1948 qui
3455 1877 3697 1947 impuras

418 1966 614 2007 tnanus
673 1964 941 2023 gererent,

1022 1957 1256 2012 triennio
1314 1973 1344 2012 a
1403 1961 1760 2034 sacramentis
1818 1960 2027 2013 arcuit?

493 2049 594 2117 71
631 2049 858 2104 ARIST.
887 2051 988 2118 Qui
1031 2068 1129 2120 pro
1157 2054 1358 2123 pietate
1387 2064 1608 2123 pugnat,
1658 2055 1871 2110 etiamsi
1899 2056 1996 2109 de-

2175 2062 2398 2116 ΑΡΙΣΤ.
2449 2065 2507 2116 'O
2538 2065 2871 2134 πολεμιστὴς
2903 2069 2969 2135 τῇ
3005 2065 3278 2135 εὐσεϐείᾳ,
3326 2059 3373 2118 ἐξ
3406 2062 3502 2117 καὶ
3537 2062 3681 2131 ἀμύο

419 2140 624 2203 l‘cndat,
659 2142 895 2197 triennio
923 2160 949 2197 a
979 2147 1366 2200 communione
1407 2147 1698 2202 abstineat.

493 2230 797 2288 llmnicidia
845 2234 899 2289 in
949 2237 1105 2292 bellis
1143 2237 1286 2291 facta
1331 2254 1439 2292 non
1493 2240 1780 2294 homicidia
1817 2255 1846 2292 a
1899 2239 2005 2294 Pa-

419 2331 457 2375 ti
475 2323 596 2377 ibus
622 2335 863 2390 reputata
880 2337 1004 2380 sunt
1023 2329 1495 2398 (quemadmodum
1513 2341 1567 2383 et
1588 2345 1815 2398 magnus
1827 2332 2001 2384 Atha-

423 2413 608 2467 nasius
637 2414 703 2468 ad
728 2414 979 2469 Animum
1010 2423 1335 2472 monachum
1371 2419 1582 2484 scribit,
1615 2419 1802 2474 dicens
1848 2433 1862 2473 :
1896 2418 2000 2473 Eos

421 2504 514 2571 qui
547 2519 607 2558 se
636 2505 686 2560 in
720 2507 862 2562 bello
915 2508 1214 2566 fortissime
1252 2524 1542 2579 gesserunt
1592 2515 1798 2584 magnis
1830 2515 2005 2569 bono-

422 2596 570 2650 ribus
619 2596 833 2668 dignari
887 2610 1125 2668 oportet,
1180 2611 1235 2657 et
1286 2604 1471 2672 cippos
1528 2603 1741 2658 illorum
1796 2606 2006 2675 erigere

421 2697 573 2756 gesta
621 2690 956 2752 iudicantes,
1022 2702 1079 2746 ut
1133 2694 1224 2762 qui
1279 2695 1608 2751 reluctantes
1641 2697 2008 2764 abstulerunt,

419 2789 476 2832 et
510 2794 647 2846 opus
705 2780 1000 2849 legitimum
1033 2783 1380 2853 perfecerunt
1420 2797 1475 2842 et
1546 2786 1705 2842 laude
1754 2788 2001 2859 dignum)

421 2863 969 2946 naquemagnusbic
1012 2879 1095 2932 vir
1141 2879 1405 2946 judicium
1462 2897 1652 2936 eorum
1711 2883 2002 2951 improbat,

420 2965 547 3033 quia
586 2981 684 3034 pro
719 2969 976 3035 pudicitia
1005 2977 1058 3024 et
1084 2971 1286 3038 pietate
1318 2972 1501 3027 hostes
1525 2972 1868 3042 propulsant.
1895 2973 2002 3028 Sed

423 3065 610 3112 monet
638 3059 839 3113 bonum
867 3076 987 3115 esse
1023 3072 1081 3116 ut
1113 3063 1235 3118 talis
1261 3079 1288 3116 a
1314 3065 1700 3120 communione
1742 3065 1855 3119 sola
1900 3066 1998 3118 ab-

423 3152 646 3217 stineat,
680 3151 806 3221 quia
843 3168 1004 3222 puras
1040 3170 1150 3210 non
1185 3155 1346 3210 liabet
1370 3170 1586 3211 manus.

1011 3335 1241 3392 CANON
1275 3336 1415 3390 XIV.

423 3428 522 3493 ριιί
557 3444 752 3485 usuras
785 3429 1006 3498 accipit,
1034 3429 1082 3484 si
1116 3429 1372 3497 injustum
1398 3429 1606 3481 lucrum
1641 3429 1694 3482 in
1737 3441 2002 3497 pauperes

493 3538 818 3579 consumere
868 3524 1120 3589 voluerit,
1183 3531 1239 3576 et
1288 3523 1355 3574 ab
1391 3521 1637 3575 avaritia:
1685 3522 1872 3576 morbo
1903 3522 1998 3576 de-

496 3622 680 3686 inceps
713 3616 957 3677 liberari.
991 3623 1079 3670 est
1108 3615 1176 3670 ad
1205 3613 1570 3669 sacerdotium
1604 3613 1997 3668 admittendus.

497 3801 686 3855 BALS.
722 3800 1042 3855 Sanctorum
1068 3799 1284 3868 quidem
1310 3797 1676 3867 apostolorum
1706 3813 1882 3853 canon
1909 3797 2000 3864 M,

421 3895 710 3961 episcopos
736 3894 817 3946 vel
871 3893 1221 3962 presbyteros
1252 3892 1338 3945 vel
1385 3892 1647 3946 diaconos
1691 3891 2002 3946 feneranles

423 3998 638 4039 cessare
669 3985 753 4038 vel
785 3985 980 4053 deponi
1019 3993 1276 4053 oportere
1297 3982 1486 4038 deﬁnit
1518 3983 1804 4039 :decimus
1839 3982 2004 4048 septi-

424 4092 544 4129 mus
575 4086 753 4130 autem
789 4091 962 4129 canon
996 4077 1185 4145 primae
1215 4075 1411 4144 synodi
1462 4088 1654 4129 onmes
1709 4072 2004 4128 canonicos

427 4168 733 4221 fenerantes
757 4168 954 4237 deponi
982 4169 1158 4236 jubet.
1191 4167 1336 4236 Lege
1357 4179 1698 4235 ergoeorum
1731 4179 2000 4218 canonum

425 4259 922 4328 interpretationes.
981 4258 1086 4314 Sed
1137 4259 1262 4328 quia
1322 4258 1406 4310 lex
1452 4256 1628 4310 civilis
1679 4269 1787 4308 non
1848 4255 2004 4323 punit

423 4349 596 4404 laicos
625 4349 956 4413 fenerantes,
994 4351 1088 4403 sed
1144 4351 1309 4405 etiam
1341 4346 1608 4416 permittit
1658 4346 1724 4400 ad
1780 4362 2002 4400 usuram

425 4451 614 4494 mutuo
646 4440 811 4507 dare;
874 4441 1121 4496 nonnulli
1186 4449 1389 4502 autem,
1431 4447 1490 4491 ut
1537 4445 1622 4491 est
1681 4436 1999 4504 verisimile,

424 4532 738 4589 l'enerantes
792 4535 1048 4588 volebant
1090 4533 1157 4585 ad
1200 4546 1416 4585 sacrum
1471 4530 1715 4584 ordinem
1775 4547 1998 4600 promo-

422 4627 566 4686 veri.
600 4637 653 4680 et
703 4636 922 4695 propter
969 4634 1126 4693 turpe
1179 4625 1389 4678 lucrum
1427 4624 1506 4678 eis
1561 4639 1666 4677 non
1719 4625 2002 4691 permitte-

2023 3387 2070 3452 C

2109 2170 2212 2217 νοι,
2276 2157 2522 2224 τριετίαν
2551 2157 2838 2226 ἀπεχέσθω
2896 2157 2994 2226 τῆς
3028 2158 3370 2219 κοινωνίας.’

2181 2246 2319 2308 Τοὺς
2353 2248 2412 2300 ἐν
2443 2248 2699 2318 πολέμοις
2727 2249 2944 2315 φόνους,
2983 2249 3056 2319 μὴ
3093 2250 3289 2317 φόνους
3333 2248 3688 2315 λογισθέντας

2107 2338 2256 2406 παρά
2278 2337 2383 2390 τῶν
2417 2339 2699 2408 Πατέρων,
2731 2339 2916 2402 καθὼς
2957 2343 3048 2392 καὶ
3076 2343 3102 2392 ὀ
3138 2341 3314 2409 μέγας
3369 2339 3691 2402 Ἀθανάσιος

2105 2429 2242 2498 πρὸς
2279 2428 2522 2497 Ἀμμοῦν
2547 2431 3197 2498 μονάζονταέπιστέλλει,
3220 2431 3395 2501 τιμῶν
3415 2431 3686 2500 μεγάλων,

2105 2521 2305 2595 λέγων,
2338 2520 2622 2585 ἀξιοῦσθαι
2662 2524 2789 2585 τοὺς
2828 2525 2885 2575 ἐν
2948 2525 3207 2593 πολέμοις
3260 2526 3690 2595 ἀριστεύσαντας

2101 2613 2228 2683 χρὴ,
2276 2613 2368 2666 καὶ
2397 2613 2597 2681 στήλας
2643 2613 2848 2666 τούτων
2919 2615 3254 2684 ἐγείρεσθαι,
3310 2615 3688 2684 κηρυττούσας

2101 2708 2172 2760 τὰ
2206 2706 2633 2776 κατορθώματα,
2675 2707 2751 2771 ὡς
2784 2709 3146 2778 ἀναιροῦντας
3183 2711 3309 2770 τοὺς
3336 2709 3684 2771 ἀντιπάλους,

2100 2799 2196 2852 καὶ
2226 2800 2462 2868 πρᾶγμα
2492 2798 2781 2861 ποιοῦντας
2806 2799 3049 2869 ἔννομον,
3087 2803 3182 2854 καὶ
3233 2802 3458 2854 ἐπαίνου
3500 2803 3648 2867 ἄξιον
3669 2818 3683 2833 ·

2101 2891 2220 2943 οὐδὲ
2251 2893 2280 2943 ὁ
2310 2891 2480 2960 μέγας
2508 2884 2662 2954 οὗτος
2697 2891 2835 2962 ἀνὴρ
2863 2892 2963 2960 τὴν
3017 2893 3197 2960 κρίσιν
3257 2894 3439 2946 αὐτῶν
3489 2893 3687 2946 ἀποδο-

2101 2979 2346 3050 κιμάζει,
2397 2980 2484 3032 διὰ
2535 2981 2597 3032 τὸ
2651 2981 2791 3050 ὑπὲρ
2844 2982 3198 3051 σωφροσύνης
3256 2984 3352 3034 καὶ
3402 2981 3688 3042 εὐλαϐείας

2101 3073 2407 3143 ἀμύνεσθαι
2433 3073 2525 3124 τὸν
2558 3072 2917 3144 πολεμιστήν.
2956 3075 3102 3143 Πλὴν
3137 3073 3496 3143 συμϐουλεύει
3521 3073 3688 3126 καλὸν

2103 3162 2246 3220 εἶναι
2308 3167 2407 3235 τῆς
2439 3168 2725 3230 κοινωνίας
2767 3169 2933 3238 μόνης
2965 3169 3054 3219 τὸν
3083 3168 3325 3220 τοιοῦτον
3350 3167 3680 3238 ἀπέχεσθαι,

2101 3255 2191 3309 διὰ
2217 3256 2278 3308 τὸ
2300 3255 2376 3327 μὴ
2401 3255 2650 3326 καθαρὰς
2680 3257 2827 3325 ἔχειν
2859 3258 2956 3319 τὰς
2982 3259 3193 3326 χεῖρας.

2099 3415 2108 3424 _
2723 3349 2963 3401 KANQN
2997 3347 3094 3402 tA'.

2115 3440 2174 3492 Ὀ
2207 3441 2402 3503 τόκους
2433 3433 2728 3509 λαμϐάνων
2762 3440 2858 3493 ἐὰν
2883 3438 3246 3507 καταδέξηται
3275 3437 3335 3492 τὸ
3355 3439 3538 3494 ἄδικον
3563 3438 3694 3507 κέρ-

2172 3531 2260 3594 δος
2297 3535 2377 3593 είς
2407 3532 2654 3600 πτωχοὺς
2707 3529 3021 3595 ἀναλῶσαι,
3054 3530 3149 3584 καὶ
3185 3528 3281 3582 τοῦ
3333 3526 3522 3580 λοιποῦ
3574 3527 3670 3580 τοῦ

2173 3625 2478 3693 νοσήματος
2510 3627 2610 3693 τῆς
2665 3621 3107 3692 φιλοχρηματίας
3155 3621 3564 3689 ἀπαλλαγῆναι,
3605 3618 3692 3670 δε-

2174 3715 2301 3776 κτός
2334 3715 2482 3766 ἐστιν
2513 3717 2592 3777 είς
2621 3714 2948 3797 ίερωσύνηνὸ

2175 3807 2374 3861 ΒΑΛΣ.
2420 3807 2476 3858 '0
2508 3806 2608 3875 μὲν
2653 3807 2737 3875 μδ¹
2769 3807 2950 3860 κανὼν
3000 3809 3107 3862 τῶν
3137 3809 3308 3875 ἁγίων
3365 3807 3690 3860 ἀποστόλων

2105 3901 2230 3961 τοὺς
2255 3898 2572 3962 τοκίζοντας
2598 3898 2932 3961 ἐπισκόπους
2968 3899 2999 3970 ἦ
3046 3899 3454 3967 πρεσϐυτέρους
3499 3897 3531 3966 ἢ
3571 3897 3691 3949 δια-

2105 3992 2294 4053 κόνους
2318 3989 2585 4042 παύεσθαι
2617 3989 2646 4058 ἢ
2679 3991 3062 4058 καθαιρεῖσθαι
3099 3989 3394 4058 διορίζεται
3423 4006 3437 4022 ·
3476 3991 3504 4042 ό
3535 3988 3592 4041 δὲ
3621 3985 3689 4052 ιζ’

2106 4082 2284 4136 κανὼν
2325 4083 2422 4150 τῆς
2453 4079 2499 4134 α’
2544 4083 2765 4135 συνόδου
2797 4083 3008 4144 πάντας
3044 4072 3171 4143 τοὺς
3228 4080 3548 4142 κανονικοὺς
3601 4096 3690 4132 το-

2105 4173 2357 4236 κίζοντας
2424 4170 2806 4236 καθαιρεῖσθαι
2866 4171 3331 4241 παρακελεύεταιο
3410 4168 3688 4236 ἀνάγνωθι

2104 4261 2197 4317 οὖν
2229 4263 2326 4325 τὰς
2359 4263 2468 4314 τῶν
2508 4261 2768 4314 τοιούτων
2822 4262 3064 4314 κανόνων
3143 4259 3466 4330 ἑρμηνείας.
3535 4260 3690 4312 Ἐπεί

2105 4356 2160 4408 δὲ
2190 4356 2218 4406 ὁ
2253 4354 2530 4414 πολιτικὸς
2559 4353 2724 4422 νόμος
2759 4352 2820 4405 οὐ
2857 4353 3077 4414 κολάζει
3122 4353 3248 4414 τοὺς
3284 4352 3506 4414 λαῖκοὺς
3537 4351 3689 4402 τοκί-

2105 4449 2316 4512 ζοντας,
2362 4446 2496 4499 ἀλλά
2523 4447 2616 4497 καὶ
2655 4444 2857 4513 μᾶλλον
2889 4444 3177 4512 ἐπιτρέπει
3211 4443 3349 4513 μετά
3394 4444 3554 4495 τόκου
3593 4442 3691 4492 δαο

2105 4540 2324 4604 νείζειν,
2358 4538 2500 4598 τινὲς
2522 4536 2688 4602 δὲ,ώς
2715 4536 2882 4600 ἔοικε,
2935 4535 3274 4598 δανείζοντες
3305 4534 3478 4595 οὕτως
3498 4531 3690 4603 ἤθελον

2105 4630 2405 4700 ἀξιωθῆναι
2439 4628 2649 4698 βαθμοῦ
2683 4627 2982 4698 ἱερατικοῦ,
3034 4628 3129 4681 καὶ
3171 4627 3272 4677 οὐκ
3317 4627 3564 4695 ἐδέχοντο
3601 4625 3691 4676 διὰ

422 4719 582 4771 batur
621 4738 632 4772 :
669 4720 800 4771 dicit
853 4731 982 4782 ergo
1016 4725 1236 4770 sanctus
1286 4730 1382 4771 eos
1428 4717 1592 4771 etiam
1629 4717 1694 4769 ad
1733 4716 1990 4770 sacerdo-

2108 4722 2196 4791 τὴν
2223 4721 2316 4774 τοῦ
2348 4723 2507 4773 τόκου
2537 4719 2986 4788 αἰσχροκέρδειαν
3009 4734 3021 4747 ·
3054 4718 3258 4785 φησῖνό
3284 4719 3434 4783 ἅγιος
3453 4719 3543 4769 καῖ
3563 4717 3690 4776 τοὺς

424 4812 558 4862 tium
587 4809 970 4867 admittendos.
1005 4809 1047 4860 si
1082 4823 1202 4878 quae
1249 4823 1313 4862 ex
1365 4809 1550 4863 usuris
1595 4809 1820 4862 collecta
1876 4817 2002 4860 sunt

423 4901 474 4953 in
512 4916 779 4970 pauperes
829 4901 1289 4967 consumpserint,
1341 4910 1396 4954 et
1449 4915 1509 4955 se
1561 4901 1611 4953 id
1665 4900 2001 4954 asseruerint

420 5011 530 5054 non
562 4993 794 5060 amplius
836 4991 1097 5046 facturos.

492 5086 747 5142 ιῡΝΑΒ.
785 5085 1035 5139 Decimus
1061 5085 1323 5154 septimus
1345 5083 1574 5138 Nicaznae
1599 5086 1783 5153 prima
1808 5087 2000 5158 synodi

423 5195 597 5235 canon
624 5194 720 5234 eos
743 5179 832 5248 qui
864 5177 1206 5240 fenerantur,
1255 5177 1524 5246 siquidem
1573 5179 1752 5231 sacris
1800 5179 2000 5232 initiati

424 5273 560 5334 sint,
595 5269 788 5339 deponi
819 5268 994 5337 jubet.
1025 5269 1121 5324 llic
1157 5284 1286 5323 vero
1315 5283 1546 5337 magnus
1594 5267 1772 5327 Pater.
1822 5268 2004 5336 Siqui-

427 5363 778 5433 dem,inquit,
804 5363 1023 5417 fenebre
1055 5363 1262 5416 lucrum
1287 5361 1344 5415 in
1373 5375 1636 5430 pauperes
1657 5361 2008 5427 distribuant,

425 5471 490 5509 ac
516 5455 774 5525 deinceps
800 5471 829 5508 a
864 5454 1161 5508 fenerando
1191 5453 1522 5516 abstineant,
1569 5453 1621 5505 in
1659 5467 1872 5506 sacrum
1911 5467 2004 5505 or-

421 5551 605 5603 dinem
659 5547 873 5601 admitti
928 5555 1201 5606 poterunt.
1255 5543 1416 5598 Forte
1472 5545 1634 5612 igitur
1681 5553 2000 5613 praesentem

423 5655 689 5694 canouem
719 5639 865 5694 edito
896 5653 923 5690 a
949 5636 1181 5692 Nicaznis
1209 5637 1460 5690 Patribus
1493 5637 1691 5689 canoui
1723 5637 1997 5690 adversari

424 5731 693 5795 quisuiam
723 5730 1162 5788 existimaverit:
1209 5729 1302 5786 sed
1351 5743 1456 5782 non
1521 5737 1599 5782 est
1653 5728 1746 5782 ita.
1800 5726 1893 5780 llle
1929 5729 2002 5782 si-

2104 4813 2378 4873 τοιούτους
2431 4809 2680 4879 δέχεσθαι
2713 4811 2792 4871 εἰς
2825 4807 3148 4878 ἱερωσύνην,
3178 4807 3271 4858 ἐὰν
3302 4808 3370 4857 τὰ
3397 4807 3506 4858 ἀπὸ
3526 4807 3689 4859 τόκου

2111 4904 2446 4974 συναχθέντα
2468 4905 2546 4965 εἰς
2569 4902 2820 4970 πτωχοὺς
2853 4899 3193 4962 ἀναλώσωσι,
3221 4901 3314 4950 καὶ
3339 4898 3664 4952 κατάθωντα

2113 4996 2312 5067 μηκέτι
2345 4993 2502 5046 τοῦτο
2540 4995 2784 5060 ποιῆσαι.

2181 5087 2424 5140 ΖΩΝΑΡ.
2471 5087 2530 5137 '0
2559 5082 2624 5147 ιζ’
2664 5081 2842 5136 κανὼν
2871 5082 2968 5148 τῆς
2993 5082 3051 5133 ἐν
3082 5081 3289 5150 Νικαίᾳ
3312 5077 3538 5146 πρώτης
3564 5093 3692 5128 συν-

2111 5181 2231 5233 όδου
2256 5177 2381 5239 τοὺς
2421 5177 2513 5228 ἐπὶ
2536 5177 2719 5237 τόκοις
2742 5173 3087 5238 δανείζοντας
3133 5171 3466 5241 ίερωμένους
3499 5169 3694 5221 καθαι-

2112 5269 2323 5340 ρεῖσθαι
2352 5266 2704 5336 προστάττει.
2746 5265 2808 5317 ’()
2860 5263 2920 5316 δὲ
2980 5263 3151 5332 μέγας
3187 5255 3342 5322 οὗτος
3383 5257 3595 5328 Πατὴρ,
3641 5257 3693 5310 εἰ

2110 5361 2170 5413 τὸ
2201 5363 2265 5413 ἐκ
2296 5359 2402 5411 τῶν
2435 5359 2614 5412 τόκων
2647 5359 2861 5429 κέρδος,
2898 5356 3082 5424 φησιν,
3118 5358 3198 5415 εἰς
3250 5353 3499 5420 πτωχοὺς
3556 5353 3693 5404 ἀνα-

2109 5452 2292 5514 λώσει,
2327 5449 2420 5502 καὶ
2449 5449 2542 5501 τοῦ
2575 5448 2764 5501 λοιποῦ
2798 5448 3110 5516 ἀπόσχηται
3144 5443 3236 5496 τοῦ
3281 5441 3547 5505 τοκίζειν,
3597 5441 3691 5492 δε-

2113 5544 2244 5595 κτός
2283 5543 2430 5593 ἐστιν
2460 5542 2538 5600 εἰς
2577 5539 2900 5608 ἱερωσύνην.
2938 5539 3094 5598 Ἴσως
3127 5533 3219 5586 οὖν
3243 5551 3385 5586 τισιν
3415 5530 3692 5583 ἐναντιοῦ-

2116 5633 2238 5686 σθαι
2269 5633 2408 5697 δόξει
2436 5631 2513 5702 τῷ
2538 5629 2644 5684 τῶν
2668 5631 2725 5680 ὲν
2755 5630 2958 5699 Νικαία
2982 5627 3242 5694 Πατέρων
3276 5624 3468 5702 κανόνι
3489 5622 3516 5672 ὁ
3551 5637 3694 5689 παρο

2109 5725 2182 5776 ὼν
2231 5722 2440 5776 κανώνο
2478 5723 2590 5777 ἀλλ’
2616 5721 2716 5774 οὐκ
2749 5719 2863 5773 ἔστι
2926 5717 3104 5772 τοῦτο.
3143 5717 3380 5777 Ἐκεῖνος
3430 5713 3528 5785 μὲν
3582 5712 3692 5780 γὰρ
