4076 6384
384 378 483 444 με
756 382 761 385 λ
834 394 856 431 λ.
1290 369 1371 432 1N
1412 350 1649 431 ert-ST.
1686 348 1758 438 ἑ.
1809 367 2093 429 Βιςιιλι
2130 365 2573 428 οειΝοΝιοΑιι
2618 364 2698 424 ιι.
3519 367 3622 427 (ιε

383 514 484 583 τῆς
529 504 882 579 βραδυτῆτος,
918 501 1005 562 ὣς
1048 499 1177 568 ἡμῖν
1215 496 1314 565 τὴν
1360 491 1711 561 συγγνώμην.
1772 486 1992 541 Ἰξθαυ-,

2096 495 2298 551 iscendi
2346 493 2614 569 ‘studium,
2653 490 2816 547 simul
2861 497 2914 544 et
2947 489 3329 551 humilitatem,
3370 489 3512 557 quod
3564 498 3623 543 et
3665 497 3668 499 “

390 577 643 675 μάσαμεν
689 596 746 648 δέ
802 610 894 646 σου
921 591 1021 662 τὴν
1065 585 1419 657 φιλομάθειαν
1447 579 1587 675 ὁμοῦ
1628 579 1722 632 καὶ
1751 577 1848 647 τὴν
1872 592 1963 626 τα-

2096 588 2267 641 iscere
2297 602 2400 639 nou
2429 583 2692 655 graveris,
2718 598 2841 635 cum
2874 579 3113 635 docendi
3146 580 3297 632 locus
3329 580 3427 632 tibi
3466 594 3619 633 com-

391 664 849 761 πεινοξρροσύνην·
892 685 972 736 ὅτι
1013 680 1110 734 καὶ
1160 675 1349 749 μαθεῖν
1391 664 1685 742 καταδέχῃ,
1730 669 1830 741 τὴν
1864 665 1960 721 τοῦ

2096 680 2259 734 uissus
2296 679 2394 755 osit
2425 720 2440 743 ,
2498 688 2549 729 et
2579 692 2607 730 a
2662 674 2821 729 nobis
2869 672 3099 737 discere,
3136 671 3335 740 quibus
3368 672 3501 724 nihil
3536 677 3621 725 est

391 760 659 838 διδάσκειν
702 779 856 842 τάξιν
901 768 1348 837 πεπιστευμένος,
1378 766 1471 820 καὶ
1494 763 1779 834 μανθάνειν
1834 760 1964 829 παρ’

2096 769 2238 836 tagni
2281 767 2349 820 ad
2378 768 2686 821 scientiam.
2718 763 2825 818 Sed
2860 773 3040 817 tamen
3072 763 3203 831 quia
3234 779 3340 815 non
3373 763 3621 830 gravaris
3663 781 3689 843 ξ

393 873 568 944 ἡμῶν,
591 864 670 930 οἷς
699 866 847 919 οὐδὲν
892 862 1031 933 μέγα
1082 858 1340 928 πρόσεστι
1378 853 1512 922 πρὸς
1555 850 1777 918 γνῶσιν.
1825 845 1961 899 Ἀλλ’

2097 858 2130 911 b
2159 859 2409 912 timorem
2462 858 2551 911 Dei
2586 874 2696 912 rem
2743 856 2941 918 facere,
2990 869 3153 923 quam
3196 854 3334 906 alius
3369 852 3509 904 haud
3545 851 3623 903 fa-

392 936 579 1033 όμως,
633 956 818 1025 ἐπειδὴ
866 951 1135 1020 καταδέχῃ
1196 947 1284 1000 διὰ
1312 945 1405 996 τὸν
1457 941 1618 1009 φόὸον
1676 939 1769 992 τοῦ
1827 936 1962 989 Θεοῦ

2096 949 2162 1003 ile
2216 948 2422 1012 faciat,
2476 957 2687 1017 oportet
2731 955 2787 998 ut
2830 955 2883 1001 et
2941 961 3042 999 nos
3101 954 3203 997 tuze
3254 942 3522 995 alacritati
3560 955 3623 993 ac

396 1031 569 1107 ποιεῖν
626 1050 858 1120 πρᾶγμα
897 1046 957 1098 οὐ
1007 1042 1204 1114 ῥαδίως
1249 1038 1380 1106 παρ’
1430 1035 1614 1103 ἑτέρου
1656 1031 1963 1100 γινόμενον,

401 1144 506 1214 χρὴ
530 1142 622 1194 καὶ
646 1140 792 1208 ἡμᾶς
820 1138 884 1206 τῇ
910 1130 1188 1204 προθυμίᾳ
1218 1146 1310 1180 σου
1339 1127 1431 1180 καί¹
1454 1128 1520 1195 τῇ
1549 1121 1962 1191 ἀγαθῇσπουδῇ

403 1230 750 1303 συναίρεσθαι
780 1228 875 1281 καὶ
896 1227 1034 1296 ὑπὲρ
1063 1222 1312 1290 δύναμιν.

615 1319 931 1391 Ἢρώτησας
971 1315 1118 1384 ἡμᾶς
1153 1311 1280 1381 περὶ⁹
1318 1308 1572 1376 Βιάνορος
1599 1302 1692 1355 τοῦ
1729 1300 1970 1372 πρεσόυ-

405 1415 584 1485 τέρου,
614 1413 662 1463 εί
682 1409 867 1469 δεκτός
894 1409 1038 1458 ἐστιν
1070 1406 1146 1465 εἰς
1176 1402 1265 1455 τὸν
1294 1399 1518 1468 κλῆρον,
1547 1393 1637 1447 διὰ
1669 1393 1760 1444 τὸν
1788 1393 1966 1462 ὅρκον.

417 1480 558 1570 Ἐγὼ
577 1502 632 1554 δὲ
655 1499 754 1569 ἤδη
789 1496 909 1550 τινὰ
937 1493 1115 1546 κοινὸν
1145 1493 1268 1561 ὅρον
1304 1488 1430 1559 περὶ⁴
1454 1485 1672 1538 πάντων
1694 1483 1831 1552 ὁμοῦ
1862 1480 1970 1534 τῶν

412 1594 526 1662 μετ’
560 1587 723 1644 αὐτοῦ
767 1585 1130 1656 ὀμωμοκότων
1168 1583 1279 1642 τοῖς
1329 1579 1446 1630 κατ’
1490 1575 1817 1643 ’Λντιόχειαν
1839 1572 1974 1641 κλη-

395 1684 582 1755 σρικοῖς
622 1677 737 1733 οἶδα
798 1673 1151 1736 ὲκτεθεικὼς·
1204 1672 1343 1724 ὥστε
1396 1667 1504 1720 τῶν
1557 1666 1655 1737 μὲν
1703 1665 1974 1734 δημοσίων

411 1749 605 1831 αὐτοὺς
625 1764 922 1835 ἀπέχεσθαι
946 1763 1237 1829 συλλόγων,
1277 1757 1385 1825 ἰδία
1420 1756 1477 1808 δὲ
1502 1754 1743 1825 ἐνεργεῖν
1905 1749 1975 1801 τὰ.

2063 1038 2204 1093 bono
2235 1040 2413 1093 studio
2443 1054 2596 1108 opem
2625 1038 2785 1091 etiam
2820 1038 2960 1090 ultra
2992 1036 3136 1088 vires
3163 1033 3427 1088 feramus.

2326 1287 2668 1355 lnterrogasti
2701 1301 2800 1339 nos
2832 1286 2898 1339 de
2926 1285 3153 1337 Bianore
3183 1282 3518 1352 presbytero,
3559 1295 3626 1332 an

2067 1378 2124 1433 in
2167 1380 2373 1432 clerum
2442 1377 2652 1430 admitti
2706 1376 2919 1445 possit,
2959 1382 3180 1444 propter
3217 1371 3625 1440 jusjurandum.

2068 1468 2181 1539 Ego
2227 1477 2405 1523 autem
2453 1484 2536 1522 me
2565 1469 2674 1535 iam
2720 1481 3059 1520 communem
3099 1464 3336 1532 aliquam
3386 1462 3630 1529 regulam
3718 1481 3739 1495 ι

2070 1560 2422 1615 de‘omnihus
2469 1560 2563 1629 qui
2620 1574 2723 1610 una
2770 1573 2893 1610 cum
2929 1572 2995 1609 eo
3024 1559 3384 1624 iuraverant,
3436 1551 3633 1604 Antio-

2072 1652 2260 1706 chenis
2295 1640 2507 1705 clericis
2540 1649 2777 1702 edidisse
2812 1647 3029 1702 memini
3057 1664 3070 1705 ;
3100 1656 3156 1699 ιιι
3200 1645 3302 1712 ipsi
3333 1661 3361 1697 a
3398 1641 3634 1711 publicis

2072 1742 2289 1812 quidem
2307 1740 2662 1795 conventibus
2696 1739 3021 1798 abstineant,
3042 1736 3295 1807 privatim
3506 1746 3635 1784 vero

410 1857 519 1909 τῶν
569 1828 973 1925 πρεσέυτέρων.
1023 1850 1097 1902 Τὸ
1122 1828 1266 1900 ναυτὸ
1314 1846 1371 1899 δὲ
1393 1845 1548 1897 τοῦτο
1581 1844 1674 1896 καί¹
1708 1841 1842 1912 πρὸς
1875 1839 1972 1908 τὴν

2096 1837 2257 1913 nunia
2331 1836 2529 1888 obeant
2583 1831 3046 1902 presbyterorum.
3113 1828 3167 1882 Id
3218 1828 3396 1896 ipsum
3458 1834 3640 1878 autem

412 1942 606 1999 ἑαυτοῦ
665 1942 966 2016 ὑπηρεσίαν
1010 1941 1188 1994 ἄδειαν
1228 1936 1374 2007 αὺτῷ
1416 1934 1683 2005 παρέχει·
1716 1931 1847 1984 διότι
1878 1930 1978 1983 οὐκ

413 2035 471 2085 ὲν
511 2032 808 2102 Ἀντιοχείᾳ
864 2032 1009 2083 ἐστὶν
1060 2033 1091 2099 ἡ
1147 2027 1435 2103 ἱερωσύνη,
1487 2024 1601 2078 ἀλλ’
1633 2026 1690 2077 ὲν
1730 2022 1973 2091 Ἰκονίῳ·

418 2123 499 2193 ἢν,
530 2124 604 2185 ὡς
636 2122 800 2184 αὐτὸς
849 2120 1161 2182 ἐπέστειλας
1196 2121 1350 2189 ἡμῖν,
1388 2118 1487 2187 τῆς
1534 2112 1860 2182 ’Δντιοχείας
1898 2112 1978 2173 είς

415 2212 625 2283 οἷ’κησιν
676 2211 1057 2280 ἀντηλλάξατο.
1115 2212 1297 2263 Ἔστιν
1350 2203 1441 2261 οὖν
1475 2207 1661 2268 δεκτὸς
1710 2207 1913 2265 ἐκεῖνος
1950 2204 1978 2254 ό

417 2301 569 2371 ἀνὴρ,
606 2301 1002 2371 ἀπαιτούμενος
1056 2300 1205 2371 παρὰ
1232 2299 1333 2367 τῆς
1378 2296 1658 2358 εὐλαϐείας
1683 2311 1775 2347 σου
1815 2309 1981 2362 μετα-

420 2393 671 2461 μέλεσθαι
705 2392 796 2444 ἐπὶ
828 2394 893 2462 τῇ
929 2390 1147 2459 εὐκολίᾳ
1182 2389 1275 2442 τοῦ
1302 2388 1484 2460 ῑρκου,
1516 2387 1575 2439 ὃν
1606 2387 1697 2438 ἐπὶ
1734 2383 1829 2437 τοῦ
1856 2383 1981 2437 άπί-

417 2501 540 2537 στου
596 2485 786 2554 ἀνδρὸς
946 2510 963 2531 ι
996 2468 1341 2552 ἓξωμόσατο,
1402 2480 1668 2550 βαστάσαι
1721 2479 1819 2549 τὴν
1896 2479 1982 2530 ὲν-

414 2572 636 2645 όχλησιν
657 2574 749 2627 τοῦ
781 2572 975 2644 μικροῦ
993 2573 1199 2627 ἐκείνου
1233 2572 1473 2626 κινδύνου
1511 2572 1582 2643 μὴ
1609 2570 1872 2641 δυνηθείς.

473 2740 670 2795 ΒΑΛΣ.
716 2738 803 2802 Ὠς
834 2737 1001 2798 ἔοικε,
1052 2733 1194 2795 τινὲς
1227 2734 1392 2801 ἱερεῖς
1435 2731 1753 2799 Ἀντιῡχεῖ,,
1786 2721 1860 2780 ὧν
1894 2722 1976 2788 εἷς

400 2829 472 2907 ἦν
509 2832 603 2885 καὶ
649 2832 679 2883 ὁ
716 2827 953 2897 Βιάνωρ,
1024 2821 1405 2893 ὤμοσανκὰπδ
1458 2819 1691 2886 ἀπειλῆς
1750 2817 1980 2869 ἀπίστου

401 2926 548 2988 τινδς
596 2925 762 2993 ὅρκον
798 2920 1085 2990 ἀθέμιτον,
1116 2914 1411 2971 κάντεῦθεν
1441 2908 1983 2970 ἐσκανδάλισαντους

402 3016 747 3085 ὀρθοδόξους,
802 3014 878 3075 ὡς
911 3010 987 3082 μὴ
1033 3008 1433 3076 ὑπενεγκόντες
1483 3008 1587 3075 τὴν
1614 3005 1838 3076 ὂχλησιν
1887 2999 1983 3053 τοῦ

406 3109 662 3163 ἀπίστου.
694 3105 802 3160 Τοῦ
829 3105 961 3173 γοῦν
986 3102 1246 3172 Βιάνορος
1295 3100 1354 3164 ἐξ
1406 3098 1742 3165 Ἀντιοχείας
1798 3110 1986 3163 μετοιο

2076 1929 2240 1983 etiam
2274 1928 2322 1982 ei
2352 1927 2594 1980 muneris
2622 1926 2706 1980 sui
2738 1922 3027 1993 peragendi
3063 1920 3269 1989 praebet
3308 1919 3637 1978 libertatem,

2076 2019 2220 2089 quod
2256 2035 2364 2073 non
2394 2018 2466 2071 sit
2494 2016 2792 2070 Antiochiae
2851 2013 3236 2069 sacerdotium.
3300 2009 3393 2063 sed
3429 2008 3590 2061 lconii
3620 2021 3639 2061 :

2079 2125 2243 2179 quam
2282 2109 2494 2172 urbem,
2525 2114 2582 2177 ut
2611 2106 2723 2175 ipse
2756 2104 2824 2157 ad
2872 2119 2972 2157 nos
3013 2100 3314 2170 scripsisti,
3352 2098 3640 2151 Antiochia

2079 2201 2145 2255 ad
2197 2198 2545 2255 habitandum
2601 2195 2947 2265 permutavit.
2986 2192 3125 2260 Ergo
3177 2191 3257 2243 \ir
3289 2190 3378 2242 ille
3436 2187 3642 2253 suscipi

2080 2297 2302 2359 potest;
2360 2289 2668 2358 postulante
2717 2287 2786 2340 ab
2843 2300 2910 2340 eo
2952 2285 3152 2353 pietate
3207 2289 3299 2333 tua
3334 2319 3349 2342 ,
3417 2289 3475 2333 ut
3536 2292 3645 2347 pm-

2080 2382 2362 2435 nitentiam
2413 2386 2535 2448 agat
2569 2418 2583 2442 ,
2638 2377 2707 2431 ob
2740 2376 2954 2429 facilem
2990 2382 3042 2428 et
3091 2380 3397 2442 promptum
3435 2371 3498 2423 ad
3525 2370 3645 2437 jus-

2077 2471 2370 2540 jurandum
2442 2471 2720 2530 animum,
2783 2467 2927 2535 quod
3000 2482 3184 2521 coram
3263 2465 3460 2518 infideli
3524 2465 3646 2517 viro

2077 2562 2281 2630 iuravit
2310 2602 2325 2627 ,
2357 2562 2659 2615 molestiam
2707 2558 2847 2613 ferre
2894 2558 3072 2629 exigui
3108 2559 3254 2612 illius
3275 2556 3500 2627 periculi
3535 2570 3646 2611 non

2085 2653 2356 2779 “mils.
2383 2723 2612 2789 Quidam
2641 2719 2986 2783 Antiocheni,
3021 2727 3076 2773 ut
3122 2717 3416 2773 verisimile
3441 2726 3541 2779 est,
3581 2731 3667 2770 sa-

2084 2817 2332 2869 cerdotes
2375 2828 2604 2881 quorum
2652 2827 2790 2865 unus
2822 2820 2942 2865 erat
2988 2811 3147 2863 etiam
3200 2809 3419 2870 Bianor,
3452 2819 3671 2874 propter

2084 2907 2318 2962 infidelis
2366 2905 2669 2976 cuiuspiam
2727 2904 2903 2958 minas
2978 2903 3243 2956 nefarium
3289 2901 3669 2968 jusjurandum

2084 3000 2378 3068 iurarunt;
2442 3006 2499 3051 et
2553 2996 2677 3050 idco
2710 2996 3049 3049 orthodoxos
3085 2992 3452 3054 oli‘enderuut,
3488 3001 3543 3043 ιιι
3579 2990 3671 3059 qui

2089 3090 2326 3145 infidelis
2362 3088 2667 3141 molestiam
2703 3101 2810 3139 non
2867 3085 3247 3139 sustinuerint.
3302 3081 3437 3136 Cum
3494 3083 3676 3150 itaque

409 3201 682 3271 κήσακτος
730 3199 811 3259 είς
843 3170 904 3249 τὸ
947 3170 1190 3256 Ἰκόνιον,
1233 3189 1455 3246 καὶτοῦ
1516 3189 1674 3258 ἁγίου
1723 3186 1986 3257 Ἀμφιλο-

2096 3186 2289 3239 Bianor
2317 3200 2384 3238 ex
2431 3182 2719 3237 Antiochia
2770 3179 3011 3234 Iconium
3061 3178 3345 3245 migrasset
3376 3183 3430 3226 et
3457 3182 3678 3227 sanctus

409 3295 531 3363 χίου
559 3291 654 3346 τοῦ
706 3288 1195 3360 ἁρχιερατεύοντος
1243 3289 1305 3356 εν
1347 3286 1556 3354 Ἰκονίῳ
1599 3282 1986 3354 ὲρωτήσαντας

409 3386 500 3439 τὸν
534 3385 691 3453 ἅγιον
717 3384 766 3435 εί
800 3381 991 3444 δεκτός
1025 3385 1176 3434 ἐστιν
1222 3381 1304 3443 είς
1353 3379 1554 3449 κλῆρον
1608 3378 1636 3429 ὁ
1667 3375 1829 3441 αὐτὸς
1866 3371 1987 3424 Βιά-

409 3494 542 3548 νωρ,
573 3475 955 3544 ἀπελογήσατο
988 3475 1016 3526 ὁ
1040 3474 1191 3541 ἆγιος
1219 3473 1303 3525 ὅτι
1344 3472 1537 3523 Κοινὸν
1568 3470 1694 3537 ὅρον
1737 3466 1856 3538 ἦτοι
1894 3481 1991 3516 κα-

412 3570 540 3623 νόνα
575 3568 845 3637 ὲξεθέμην
896 3566 1025 3635 περὶ
1067 3564 1175 3617 τῶν
1220 3564 1277 3617 ὲν
1327 3561 1633 3632 ’Δντιοχείᾳ
1667 3557 1987 3627 ὀμοσάντων

420 3662 632 3732 ἱερέων,
663 3660 749 3713 ἵνα
797 3651 945 3712 οὗτοι
981 3658 1093 3710 τῶν
1149 3656 1249 3726 μὲν
1298 3652 1745 3725 δημοσίων·ἥτοι
1793 3648 1991 3702 κοινῶν

419 3753 694 3818 συλλόγων
752 3752 1087 3820 ἀπέχωνται,
1153 3734 1261 3819 ut;
1311 3748 1369 3801 δὲ
1435 3744 1700 3818 ινεργῶσι
1738 3742 1825 3795 ιτά
1883 3739 1992 3818 τῶν

420 3845 832 3917 πρεσϐυτέρων,
878 3845 1017 3912 ὅπερ
1080 3841 1174 3895 καὶ
1227 3841 1256 3892 ὁ
1288 3838 1503 3909 Βιάνωρ
1555 3838 1642 3889 ἐπ’
1671 3835 1852 3896 ἁδείας
1880 3831 1995 3901 ἔχει

417 3941 613 3991 ποιεῖν·
654 3937 750 3990 καὶ⁸
818 3935 1024 4006 μᾶλλον
1066 3935 1149 3987 ὅτι
1209 3932 1330 3985 οὐδὲ
1383 3932 1441 3984 ἐν
1479 3926 1785 3997 Ἀντιοχείᾳ
1811 3924 1995 3995 μέλλει

374 4054 377 4057 ν
419 4029 743 4103 ἱερουργεῖν,
779 4028 875 4082 καὶ
905 4026 992 4080 διὰ
1037 4025 1199 4080 τοῦτο
1239 4021 1621 4084 σκανδαλίζειν
1649 4020 1776 4082 τοὺς
1818 4006 1995 4084 ὁρῶν-

366 4118 382 4141 ’
415 4136 516 4182 τας
544 4121 707 4173 αὑτὸν
742 4122 884 4188 μετὰ
933 4117 1024 4170 τὸν
1076 4117 1242 4186 ὅρκον
1286 4110 1699 4183 ἱερουργοῦντα,
1769 4104 1903 4159 ἀλλὰ
1938 4104 1997 4155 ἐν

431 4211 658 4282 Ἰκονίῳ,
694 4211 823 4264 ἔνθα
867 4207 1176 4280 μετῴκησε,
1206 4205 1302 4259 καὶ
1353 4204 1486 4264 ἴσως
1526 4201 1648 4255 οὐδὲ
1691 4196 1996 4263 σκανδάλου

418 4305 592 4366 αίτιος
622 4304 934 4373 γενήσεται.
958 4300 1033 4364 ὼς
1067 4298 1176 4351 τῶν
1217 4295 1431 4349 πολλῶν
1456 4293 1594 4364 μηδὲ
1626 4287 1848 4345 εἰδότων
1899 4286 2000 4358 τὴν

417 4393 513 4446 τοῦ
570 4395 737 4464 ὅρκου
787 4390 1030 4460 τελετήν.
1102 4387 1249 4454 Πλὴν
1284 4384 1402 4449 οὖν,
1458 4385 1614 4454 φησι,
1675 4382 1778 4435 κᾶν
1815 4380 2002 4441 δεκτός

420 4485 570 4534 ἐστιν
612 4483 693 4544 είς
738 4482 800 4534 τὸ
838 4480 1171 4550 ἱερουργεῖν,
1227 4476 1365 4530 ἀλλὰ
1403 4473 1772 4542 άπαιτηοήτω
1839 4487 2005 4540 μετα-

2096 3278 2530 3348 Amphilochius,
2598 3275 2688 3344 qui
2743 3283 2860 3328 erat
2910 3270 3074 3326 lconii
3142 3268 3396 3334 antistes,
3427 3277 3676 3321 sanctum

2095 3375 2507 3444 interrogasset,
2542 3385 2608 3423 an
2642 3370 2710 3422 sit
2740 3364 3007 3420 Bianorin
3032 3363 3235 3417 clerum
3268 3360 3676 3429 SUSCipit‘ntlus;

2098 3469 2375 3536 respondit
2401 3477 2667 3521 sanctus:
2704 3461 3005 3515 Commune
3038 3458 3312 3510 decretum
3368 3468 3462 3507 seu
3510 3467 3679 3505 cano-

2100 3575 2220 3614 uem
2254 3559 2395 3613 edidi
2433 3558 2499 3610 de
2534 3552 2913 3610 sacerdotibus
2943 3550 3033 3618 qui
3067 3546 3372 3600 Antiochito
3397 3548 3679 3613 iurarunt,

2099 3665 2158 3708 ut
2189 3654 2224 3708 ii
2255 3670 2283 3708 a
2317 3651 2548 3722 publicis
2577 3650 2794 3718 quidem
2846 3660 2941 3700 seu
2978 3642 3358 3697 communibus
3394 3636 3681 3690 (Ὸιινιειιιί-

2100 3745 2201 3799 bus
2274 3741 2630 3805 abstineant;
2674 3736 2925 3805 privatim
2991 3744 3170 3787 autem
3246 3731 3682 3798 presliytcroturn

2102 3850 2327 3890 munera
2355 3834 2579 3896 obeant,
2616 3830 2756 3898 quod
2794 3825 3014 3881 Bianori
3061 3837 3275 3892 quoque
3309 3821 3430 3873 licet
3462 3820 3638 3871 facere
3667 3833 3682 3873 :

2103 3939 2158 3982 et
2188 3942 2254 3982 eo
2291 3932 2481 3995 magis,
2514 3925 2655 3992 quod
2689 3936 2789 3975 nec
2818 3917 3122 3972 Antiochia:
3166 3914 3386 3983 quidem
3418 3922 3493 3963 est
3529 3922 3686 3962 saera

2104 4020 2478 4075 celebraturus
2527 4027 2581 4069 et
2632 4023 2916 4083 propterea
2973 4021 3072 4061 nec
3104 4006 3346 4060 videntes
3398 4017 3520 4055 eum
3568 4010 3689 4068 pust

2056 4112 2060 4119 ’
2101 4110 2486 4183 jusjurandum
2538 4105 2945 4161 sacrificantem
2998 4098 3329 4160 offensurus,
3381 4095 3473 4149 sed
3526 4094 3689 4147 Ironii

2107 4219 2215 4275 quo
2244 4202 2492 4272 migravit
2546 4209 2600 4253 et
2633 4200 2769 4252 forte
2804 4212 2902 4249 nec
2936 4191 3244 4248 offendiculi
3278 4188 3495 4258 quidem
3523 4202 3687 4240 causa

2108 4297 2291 4361 fuerit,
2343 4310 2466 4347 cum
2516 4292 2666 4345 multi
2704 4290 2846 4343 illius
2892 4285 3254 4357 iurisiurandi
3304 4283 3534 4338 formam
3570 4295 3694 4334 nes-

2111 4391 2277 4445 ciant.
2315 4386 2420 4440 Sed
2452 4385 2629 4448 inquit
2666 4384 2853 4444 etiam,
2906 4383 2948 4433 si
3007 4382 3074 4436 ad
3129 4393 3282 4432 sacra
3322 4374 3569 4430 facienda
3624 4374 3695 4425 sit

2113 4480 2503 4543 admittendus,
2556 4478 2803 4545 exigatur
2854 4484 3034 4526 tamen
3087 4473 3153 4526 ah
3189 4486 3254 4524 eo
3308 4477 3370 4523 ut
3421 4466 3695 4520 facilitatis

421 4576 562 4628 νοεῖν
586 4574 682 4627 ἐπὶ
703 4575 783 4651 (τῇ
825 4571 1044 4640 εὐκολίᾳ.
1079 4568 1173 4624 τοῦ
1209 4569 1400 4639 ὅρκου,
1432 4568 1552 4637 ἦτοι
1594 4566 1686 4619 ἐπὶ
1725 4562 1804 4632 τῷ
1851 4562 1992 4614 εὐκό-

2103 4568 2460 4639 jurisjurandi
2526 4580 2651 4620 eum
2725 4566 3010 4633 pceniteat,
3086 4559 3227 4629 quod
3282 4558 3490 4645 scilicet
3542 4554 3700 4607 facile

420 4669 528 4727 λιυς
576 4667 671 4719 καὶ
710 4664 1016 4734 προχείρως
1059 4662 1281 4733 ὀμόσαι,
1342 4657 1654 4718 ὲνδεδωκὼς
1694 4655 1782 4708 διά
1835 4652 2002 4722 φόϐον

427 4753 628 4823 μικροῦ
669 4751 938 4807 κινδύνου.

460 4845 745 4922 -ZQNAP.
797 4846 1043 4914 Ἀσαφής
1077 4846 1228 4898 ἐστιν
1269 4844 1304 4913 ἡ
1348 4840 1642 4911 ἀπόκρισις
1698 4836 1863 4907 αὕτη,
1932 4834 2006 4905 μὴ

427 4938 593 5009 οὔσης
625 4938 793 5010 δήλης
818 4937 918 5008 τῆς
942 4938 1291 5009 ἐρωτήσεως.
1341 4934 1491 4998 Τέως
1511 4931 1569 4986 δὲ
1612 4930 1831 4998 λέγεται
1881 4930 2008 4983 ἄπι-

338 5060 347 5065 -
431 5033 563 5087 στόνη
586 5050 709 5086 τινα
765 5031 941 5095 ἐνίους
988 5029 1097 5084 τῶν
1148 5033 1208 5084 ὲν
1255 5028 1562 5097 ’Δντιοχείᾳ
1617 5022 2011 5094 πρεσϐυτέρων

435 5123 727 5193 βιάσασθαι
770 5122 1025 5184 ἀπειλαῖς
1069 5121 1269 5192 ὀμόσαι
1302 5118 1377 5189 μὴ
1414 5116 1661 5184 ἐνεργεῖν
1694 5112 1766 5166 τὰ
1791 5111 1901 5164 τῶν
1937 5112 2012 5163 ίε-

437 5218 595 5286 ρὲων.
646 5212 749 5268 Ὦν
779 5209 855 5279 εἷς
890 5214 1209 5285 μετῴκησεν
1260 5215 1340 5273 είς
1398 5209 1458 5262 τὸ
1498 5208 1743 5269 Ἰκόνιον,
1792 5205 1921 5274 περὶ
1950 5196 2011 5256 οὗ

437 5307 530 5359 καὶ
555 5307 655 5377 τὴν
703 5304 973 5377 apd»:an
1020 5305 1317 5374 ἐποιήσατο
1348 5304 1376 5354 ό
1407 5299 1563 5369 ἅγιος
1636 5297 2010 5365 ’Λ;.ι.φιλόχιος.

435 5399 606 5468 Φησὶν
635 5398 777 5452 οῦνὸ
801 5398 973 5466 μέγας
998 5395 1280 5456 Βασίλειος
1316 5394 1400 5446 ὅτι
1432 5392 1628 5445 Κοινόν
1658 5391 1806 5458 ὅρον,
1843 5387 2015 5457 ἡγουν

437 5492 642 5545 κανόνα
697 5493 794 5544 καὶ
831 5490 1025 5554 τύπον,
1060 5487 1330 5556 ὲξεθέμην
1395 5486 1524 5555 περὶ
1559 5482 1775 5533 πάντων
1814 5478 1922 5530 τῶν
1960 5478 2015 5527 ὲν

448 5585 752 5656 Ἀντιοχείᾳ.
804 5583 1144 5652 ὀμοσάντων,
1204 5580 1290 5630 ἴνα
1336 5579 1385 5630 οἱ
1429 5573 1664 5628 τοιοῦτοι
1698 5571 2017 5639 ἀπέχωνται

442 5680 540 5750 μὲν
570 5677 681 5730 τῶν
717 5675 992 5742 συλλόγων
1024 5673 1133 5727 τῶν
1166 5670 1386 5732 κοινῶν,
1423 5670 1532 5739 ἰδίᾳ
1572 5667 1630 5719 δὲ
1656 5664 1923 5734 ἐνεργῶσι
1950 5665 2019 5716 τὰ

438 5770 547 5822 τῶν
578 5766 988 5837 πρεσϐυτέρων.
1014 5765 1134 5817 Τῶν
1154 5763 1210 5816 δὲ
1249 5761 1523 5829 συλλόγων
1584 5745 1782 5820 αὐτοὺς
1819 5756 2023 5825 ἀπέχε-

444 5857 569 5911 σθαι
596 5857 789 5919 ὥρισε,
834 5857 906 5919 μὴ
943 5855 1155 5919 πολλοῖς
1190 5853 1488 5909 σκανδάλου
1544 5851 1706 5906 αἴτιοι
1741 5850 2022 5921 γίνωνται,

2112 4633 2466 4730 prompteque
2498 4656 2766 4725 iuraverit
2799 4668 3020 4723 propter
3054 4663 3254 4705 metum
3288 4633 3439 4714 parvi
3468 4646 3695 4715 periculi

2112 4750 2326 4803 cedens.

2186 4839 2439 4894 ZONAR.
2476 4836 2717 4893 Obscura
2754 4839 2869 4890 haec
2897 4832 3178 4902 responsio
3214 4843 3317 4894 est,
3371 4832 3415 4883 si
3473 4829 3691 4898 quidem

2115 4933 2338 4987 minime
2367 4931 2511 4984 clara
2543 4937 2625 4984 est
2653 4928 3026 4993 interrogatio.
3065 4924 3283 4977 Interim
3337 4931 3518 4975 tamen
3573 4937 3704 4975 nar-

2118 5041 2270 5080 ratur
2345 5022 2619 5099 infidelem
2675 5021 2987 5089 quemdam,
3058 5017 3350 5070 nonuullns
3405 5014 3704 5069 Antiochiae

2118 5119 2464 5186 preslyteros
2509 5130 2567 5169 se
2595 5130 2624 5169 a
2670 5104 3013 5166 sacerdotum
3069 5111 3386 5165 muneribus
3440 5108 3707 5163 obeundis

2119 5219 2429 5264 t-essaturos
2463 5216 2521 5259 ut
2548 5206 2792 5272 iurarent
2832 5204 2992 5257 minis
3043 5201 3410 5271 adegisse.Ex
3466 5214 3698 5267 quorum

2120 5316 2347 5356 numero
2419 5315 2559 5352 unus
2609 5298 2847 5351 Iconium
2899 5295 3172 5364 migravit,
3222 5294 3286 5347 de
3325 5309 3431 5361 quo
3483 5291 3708 5360 proi.de

2123 5396 2265 5449 hanc
2297 5393 2776 5459 interrogationem
2803 5399 3021 5442 sanctus
3063 5387 3476 5457 Amphilochius
3515 5399 3711 5454 propu-

2124 5489 2249 5539 suit.
2286 5483 2593 5553 Respondet
2629 5496 2759 5548 ergo
2812 5495 3042 5547 magnus
3078 5480 3334 5545 Basilius,
3364 5491 3707 5530 communem

2127 5593 2187 5631 se
2220 5576 2618 5636 definitionem,
2669 5575 2772 5628 hoc
2801 5580 2903 5639 est,
2941 5587 3203 5627 canonem
3230 5580 3285 5625 et
3336 5570 3562 5622 formam
3596 5569 3715 5621 edi-

2126 5668 2273 5721 disse
2302 5671 2367 5722 dc
2397 5666 2649 5719 omnibus
2684 5666 2749 5719 iis
2801 5665 2891 5734 qui
2929 5665 3231 5719 Antiochia:
3277 5663 3614 5730 iuraverant,
3655 5669 3713 5712 ut

2128 5758 2437 5811 abstineant
2490 5754 2745 5808 nimirum
2804 5754 3068 5825 eiusmodi
3119 5753 3427 5807 hominesa
3481 5750 3713 5820 publicis

2130 5851 2504 5915 conventibus,
2534 5848 2781 5920 privatim
2815 5862 2943 5903 vero
2974 5848 3314 5902 sacerdotum
3366 5845 3563 5901 obeant
3590 5857 3709 5898 mu-

2691 6074 2717 6091 Ι
