4076 6408
456 364 561 428 647

1696 365 1977 427 TIIEOD.
2024 366 2426 427 BstLSAMON

3540 388 3549 397 ’
3620 380 3727 444 618

455 476 566 529 nia.
599 475 640 526 A
671 473 1027 529 conventibus
1075 489 1237 545 porro
1266 474 1539 530 abstinere
1573 475 1720 544 ipsos
1748 477 1935 547 jussit,
1969 492 2035 529 ne

2149 478 2341 532 εἰδόσιν
2392 480 2589 542 αὐτοὺς
2646 480 2953 551 ὀμόσαντας
3015 482 3090 553 μὴ
3122 483 3450 555 ἱερουργεῖν,
3481 489 3732 558 «sponsi

454 566 642 620 multis
672 566 911 620 scandali
944 581 1106 620 causa
1138 566 1292 633 fiant,
1324 568 1414 637 qui
1447 583 1571 622 cum
1604 567 1724 623 illos
1757 584 2034 637 nunquam

458 671 614 713 sacra
682 657 790 729 74
841 659 1080 714 facturos
1121 660 1333 726 jurasse
1389 662 1590 727 sciant,
1648 677 1770 715 mox
1832 661 2045 729 publice

459 749 840 805 sacrificantes
874 751 1329 805 animadvertant.
1387 750 1497 807 Hoc
1553 752 1722 821 igitur
1778 752 1925 807 idem
1974 751 2043 806 de

460 838 693 892 Bianore
728 839 959 895 aﬂirmat
988 859 1000 893 :
1032 841 1147 896 ﬁeri
1199 842 1451 895 nimirum
1507 844 1609 913 ipsi
1670 845 2042 909 ministrandi,

464 931 566 985 hoc
595 945 699 997 est,
733 948 889 988 sacra
924 950 1147 988 munera
1177 936 1461 989 exercendi
1510 937 1845 994 facultatem.
1898 936 2044 993 Fraa-

460 1025 649 1076 sertim
681 1040 800 1077 cum
830 1040 931 1079 nec
976 1025 1276 1079 Antiochia:
1329 1042 1483 1082 sacra
1535 1028 1776 1084 facturus
1824 1030 1916 1096 sit,
1953 1030 2040 1084 ubi

457 1110 685 1179 juravit,
714 1115 804 1166 sed
851 1114 1014 1168 lconii
1049 1130 1157 1184 quo
1203 1127 1385 1185 postea
1433 1119 1723 1173 concessit.
1782 1120 2045 1187 Exigatur

463 1214 613 1265 vero,
647 1203 839 1270 inquit,
876 1218 932 1258 ut
964 1206 1112 1260 illum
1149 1210 1410 1277 paeniteat
1452 1210 1810 1282 jurisjuraudi
1868 1214 2045 1266 facili-

2145 570 2388 642 δημοσίᾳ
2410 571 2862 643 λειτουργοῦντας
2895 574 3116 640 αὐτούς.
3151 577 3324 631 Τοῦτο
3354 580 3485 647 γοῦν
3520 574 3618 653 καὶ
3650 584 3733 653 τῷ

2147 662 2373 733 Βιάνορι
2406 663 2558 732 λέγει
2590 664 2780 719 ἄδειαν
2810 668 3072 738 παρέχειν
3106 671 3244 738 πρὸς
3272 670 3370 740 τὴν
3399 673 3727 743 ὑπηρεσίαν,

2148 754 2318 824 ῆγουν
2344 754 2481 825 πρὸς
2526 755 2626 826 τὴν
2657 755 3024 827 λειτουργίαν·
3059 761 3154 812 καί
3185 759 3387 828 μᾶλλον
3422 763 3505 816 ὅτι
3528 764 3650 817 οὐδὲ
3672 767 3731 817 ἐν

2159 846 2461 917 Ἀντιοχείᾳ
2489 847 2669 916 μέλλει
2714 850 3038 919 ἱερουργεῖν,
3070 851 3204 903 ὅπου
3238 851 3481 920 ὤμοσεν,
3523 854 3644 908 ἀλλ’
3670 857 3730 909 ἂν

2161 939 2393 1008 Ἰκονίῳ,
2456 940 2583 994 ἔνθα
2645 941 2979 1012 μετῴκησεν.
3022 942 3408 1016 Ἀπαιτηθήτω
3460 947 3539 1012 δὲ,
3570 948 3728 1017 φησὶ,

2154 1034 2437 1100 μετανοεῖν
2487 1033 2578 1084 ἐπὶ
2628 1036 2692 1103 τῇ
2728 1035 2953 1105 εὐκολίᾳ
3005 1035 3097 1088 τοῦ
3152 1037 3339 1106 ὅρκον
3375 1039 3493 1108 ἤτοι
3528 1041 3622 1093 ἐπὶ
3651 1042 3730 1110 τῷ

2154 1124 2397 1185 εὐκόλως
2423 1124 2522 1176 καὶ
2546 1124 2855 1195 προχείρως
2884 1127 3084 1197 ὀμόσαι
3111 1130 3421 1194 ἐνδεδωκὼς
3452 1131 3542 1185 διὰ
3567 1131 3730 1201 φόϐον

2128 1280 2129 1283 η
2158 1214 2361 1283 μικροῦ
2382 1214 2651 1270 κινδύνου.

461 1296 592 1349 tatis
624 1313 638 1348 :
673 1297 774 1350 hoc
808 1308 913 1363 est,
942 1303 1082 1369 quod
1115 1312 1222 1358 tam
1279 1304 1438 1391 facile
1471 1320 1522 1360 et
1552 1318 1801 1376 prompte
1833 1307 2016 1377 exigui
2042 1309 2263 1376 periculi
2297 1320 2443 1364 metu
2474 1311 2736 1366 adductus
2758 1312 3054 1382 juraverit.

533 1392 762 1447 AlllST.
791 1394 1080 1468 Presbyter
1113 1398 1310 1455 Bianor
1343 1417 1466 1456 cum
1494 1403 1756 1472 jnraverit
1788 1413 1839 1456 et
1868 1404 2045 1471 poeni-

462 1486 628 1539 tentia
688 1489 884 1542 ductus
913 1491 981 1543 ob
1047 1492 1344 1556 jurameuti
1401 1493 1671 1547 levitatem
1715 1496 2046 1563 .suseipieu-

461 1577 584 1630 dtis.
1613 1618 1622 1627 .
1798 1598 1799 1601 π

436 1694 439 1697 ι
534 1667 633 1720 llic
665 1670 943 1742 presbyter
969 1687 998 1724 a
1032 1674 1264 1742 quodam
1315 1676 1510 1746 tnjuria
1547 1677 1771 1732 atfectus
1818 1691 1875 1734 et
1930 1697 2046 1735 mo-

2220 1405 2448 1459 ΑΡΙΣΤ.
2518 1406 2575 1459 Ὁ
2628 1406 3000 1479 πρεσϐύτερος
3054 1409 3288 1480 Βιάνωρ,
3350 1412 3555 1482 ὀμόσας
3636 1415 3729 1466 καὶ

2157 1498 2643 1567 μεταμελόμενος,
2697 1500 2784 1554 διὰ
2869 1502 2971 1571 τὴν
3044 1502 3298 1556 εὐκολίαν
3355 1505 3566 1558 ἐκείνου
3637 1502 3727 1560 τοῦ

2149 1589 2337 1660 ὅρκου,
2390 1589 2602 1653 δεκτός.

2221 1676 2390 1743 Οὗτος
2416 1684 2443 1735 ὁ
2474 1683 2871 1754 πρεσϐύτερος,
2908 1685 3013 1739 ὑπό
3075 1704 3217 1750 τινος
3264 1689 3727 1759 ἐπηρεαζόμενος,

462 1754 675 1811 leStiam
707 1760 823 1826 ejus
851 1763 1090 1829 perferre
1112 1781 1225 1843 non
1256 1775 1468 1833 potens,
1503 1774 1537 1822 e‘
1560 1778 1868 1839 contemptu
1894 1771 2043 1840 jura-

2152 1775 2249 1825 καὶ
2272 1772 2346 1842 μὴ
2367 1774 2662 1844 δυνάμενος
2704 1777 2802 1847 τὴν
2856 1778 3065 1832 ἐκείνου
3104 1779 3325 1850 ὄχλησιν
3379 1783 3727 1851 ὑπενεγκεῖν,

464 1850 540 1901 vit
568 1864 626 1903 se
656 1853 889 1920 amplius
917 1869 1075 1908 sacra
1126 1871 1232 1909 non
1271 1857 1559 1913 facturum.
1617 1858 1818 1916 Deinde
1870 1864 2045 1931 parui-

463 1942 632 1993 tentia
662 1943 856 1997 ductus
886 1948 1253 2002 sacerdotium
1285 1950 1439 2005 obire
1463 1952 1629 2005 voluit
1658 1968 1673 2007 :
1731 1963 1787 2008 et
1819 1970 2045 2022 magnus

461 2029 694 2085 Basilius
743 2035 807 2088 de
854 2049 920 2088 eo
968 2036 1332 2109 interrOgatus
1381 2055 1448 2096 an
1500 2042 1844 2111 recipiendus
1878 2051 2042 2108 esset,

462 2124 706 2189 mandat,
729 2129 870 2192 quod
902 2128 946 2181 si
975 2128 1326 2197 jurisjurandi
1352 2131 1587 2187 levitatis
1613 2150 1734 2187 eum
1762 2136 2045 2204 poeniteat,

465 2216 553 2269 ille
585 2219 927 2281 admittatur,
962 2236 1068 2273 non
1102 2230 1280 2276 autem
1318 2233 1375 2277 ut
1405 2224 1457 2277 in
1494 2226 1723 2293 publicis
1756 2228 2044 2281 conventi-

466 2303 565 2356 bus
594 2298 758 2356 sacra
791 2307 1108 2372 celebraret,
1135 2315 1203 2364 ob
1235 2312 1529 2367 multorum
1582 2316 1915 2381 scandalum,
1951 2318 2045 2372 sed

467 2405 528 2451 u:
556 2412 677 2468 qua:
705 2401 770 2451 ad
796 2391 1148 2471 presbyteros
1174 2406 1445 2471 pertinent
1480 2408 1734 2475 privatim
1757 2408 1983 2464 faceret.

418 2475 430 2489 ’
1027 2515 1253 2571 οΑλοΝ
1286 2518 1473 2574 xvut.

766 2635 844 2691 De
901 2638 1073 2708 lapsis
1125 2637 1450 2706 virginibus,
1486 2654 1605 2707 qua:
1640 2638 1802 2689 vitam
1828 2644 2034 2689 castam

475 2727 731 2799 professae
766 2726 1013 2792 Domino,
1055 2729 1249 2783 deinde
1275 2730 1456 2782 carnis
1502 2727 1817 2782 libidinibus
1858 2732 2032 2787 victae,

470 2829 629 2888 pacta
687 2834 785 2874 sua
839 2819 992 2873 irrita
1038 2820 1285 2884 faciunt,
1335 2830 1519 2889 patres
1566 2819 1785 2887 quidem
1816 2820 2033 2880 nostri,

472 2925 593 2963 cum
628 2910 948 2979 simpliciter
988 2925 1051 2964 ac
1085 2911 1279 2965 leniter
1310 2925 1431 2965 sese
1480 2908 1545 2962 ad
1598 2924 1785 2963 eorum
1824 2908 1915 2975 qui
1962 2908 2038 2959 la-

472 3000 675 3053 buntur
716 3001 1082 3054 inﬁrmitatem
1137 3001 1662 3061 accommodarent,
1707 3004 2039 3052 censuerunt

2159 1861 2377 1932 ὤμοσεν
2403 1864 2460 1930 ἐξ
2520 1865 2814 1937 ὀλιγωρίας
2875 1868 3075 1939 μηκέτι
3138 1870 3546 1942 λειτουργῆσαι.
3590 1869 3727 1926 Εἶτα

2156 1955 2573 2025 μεταμεληθεὶς,
2608 1959 2907 2026 ἱερατεύειν
2963 1961 3233 2016 ἐϐούλετο*
3292 1964 3391 2019 καὶ
3430 1965 3729 2036 ἐρωτηθεὶς

2156 2048 2287 2116 περὶ
2310 2046 2468 2100 τοῦτο
2502 2050 2529 2101 ό
2556 2050 2729 2117 μέγας
2752 2049 3027 2116 Βασίλειος
3064 2056 3111 2106 εί
3137 2055 3354 2117 δεκτέος
3385 2056 3525 2119 ἐστὶ,
3551 2072 3727 2125 προσ-

2150 2138 2338 2192 τάττει
2398 2139 2495 2201 ὡς,
2559 2143 3008 2212 είμεταμέλεται
3070 2148 3163 2198 ἐπὶ
3224 2149 3290 2218 τῇ
3353 2148 3575 2219 εὐκολίᾳ
3626 2148 3725 2200 τοῦ

2148 2228 2335 2298 ὅρκου,
2390 2229 2646 2300 δεχθῆναι
2704 2234 2888 2286 αὐτόν·
2950 2235 3024 2306 μὴ
3054 2237 3112 2289 ἐν
3141 2238 3431 2307 δημοσίαις
3476 2238 3533 2291 δὲ
3560 2240 3726 2293 συνά-

2152 2315 2265 2380 ξεσι
2332 2318 2668 2389 λειτουργεῖν
2726 2322 2814 2388 διὰ
2868 2323 2927 2376 τὸ
2979 2325 3087 2379 τῶν
3127 2328 3337 2381 πολλῶν
3388 2327 3707 2393 σκάνδαλον,

2148 2407 2266 2462 ἀλλ’
2301 2409 2407 2480 ίδίᾳ
2433 2411 2498 2463 τὰ
2522 2411 2632 2464 τῶν
2670 2415 3060 2485 πρεσϐυτέρων
3084 2419 3348 2489 ἐνεργεῖν.

2758 2531 2998 2584 ΚΛΝΩΝ
3036 2535 3142 2588 ιη’.

2345 2641 2479 2713 Περὶ
2510 2644 2619 2695 τῶν
2663 2644 3007 2697 ἐκπεσουσῶν
3034 2642 3320 2715 παρθένων
3344 2642 3450 2696 τῶν
3474 2642 3710 2711 καθομο-

2141 2724 2527 2799 λογησαμένων
2559 2732 2649 2784 τὸν
2680 2733 2737 2784 ὲν
2768 2730 3054 2801 σεμνότητι
3092 2731 3203 2800 βίον
3226 2730 3302 2800 τῷ
3329 2730 3536 2801 Κυρίῳ,
3566 2726 3707 2790 εἶτα,

2141 2818 2227 2871 διὰ
2258 2819 2318 2872 τὸ
2356 2820 2646 2873 ὑποπεσεῖν
2669 2824 2782 2883 τοῖς
2812 2820 3006 2875 πάθεσι
3036 2821 3133 2889 τῆς
3154 2818 3372 2889 σαρκὸς,
3403 2818 3709 2871 ἀθετουσῶν

2143 2907 2238 2969 τὰς
2304 2909 2515 2963 ἑαυτῶν
2586 2910 2890 2980 συνθήκας,
2960 2912 3008 2962 oi
3072 2910 3169 2979 μὲν
3228 2909 3462 2978 πατέρες
3518 2907 3707 2977 ἡμῶν.

2142 2998 2328 3062 ἁπλῶς
2505 3001 2599 3053 καὶ
2622 3001 2812 3071 πράως
2834 3000 3365 3070 συμπεριφερόμενοι
3390 2999 3509 3060 ταῖς
3545 2997 3675 3049 ἀσθε
3692 3024 3708 3036 ο

472 3091 620 3157 ipsas
650 3098 772 3159 post
809 3106 1009 3143 annum
1041 3091 1248 3164 admitti
1302 3106 1482 3158 posse,
1518 3090 1598 3143 .de
1651 3090 1759 3143 illis
1790 3090 1855 3141 ad
1887 3089 2036 3143 simi-

2149 3090 2312 3152 νείαις
2340 3091 2446 3143 τῶν
2485 3091 3018 3153 κατολισθαινόντων,
3078 3089 3475 3159 ἐνομοθέτησαν
3514 3088 3709 3150 δεκτάς

470 3182 754 3234 litudinem
804 3181 1139 3250 digamorum
1191 3180 1570 3248 dijudicantes.
1649 3179 1848 3233 Verum
1907 3176 2040 3233 mihi

470 3270 688 3338 quidem
746 3271 959 3324 videtur
985 3310 999 3331 ,
1062 3270 1319 3339 quoniam
1370 3269 1462 3322 Dei
1506 3269 1651 3322 dono
1688 3268 2039 3338 progrediens
2076 3312 2083 3318 .

471 3359 716 3413 Ecclesia
764 3359 819 3412 tit
869 3359 1101 3421 fortior,
1169 3375 1234 3413 ac
1279 3375 1424 3413 nunc
1468 3360 1858 3427 multiplicatur
1903 3359 2040 3412 ordo

469 3450 743 3518 virginum
771 3489 787 3517 ,
835 3450 1122 3518 diligenter
1164 3449 1615 3504 considerandam
1663 3466 1783 3505 esse
1830 3457 1884 3505 et
1922 3466 2037 3503 rem

473 3541 668 3610 ipsam,
700 3549 859 3608 prout
899 3522 1267 3594 consideranti
1305 3539 1600 3609 manifesta
1627 3551 1731 3602 est,
1781 3547 1834 3594 et
1892 3538 2038 3594 Scri-

476 3642 648 3700 ptura:
708 3633 1035 3686 sententiam
1082 3648 1202 3700 quae
1256 3646 1319 3685 ex
1367 3632 1750 3685 consecutione
1805 3631 2039 3685 inveniri

474 3731 671 3791 potest.
712 3721 961 3775 Viduitas
1029 3722 1173 3774 enim
1235 3720 1545 3790 virginitate
1589 3722 1859 3788 inferior;
1909 3738 2039 3791 ergo

472 3821 527 3866 et
576 3813 857 3867 viduarum
908 3812 1162 3865 delictum
1225 3810 1381 3879 longe
1446 3813 1626 3864 minus
1674 3826 1834 3880 quam
1877 3813 2037 3881 virgi-

473 3920 620 3957 num.
660 3905 952 3959 Videamns
978 3917 1106 3972 ergo
1139 3901 1269 3971 qttid
1301 3901 1366 3954 ad
1402 3900 1743 3956 Timotheum
1789 3904 1830 3954 'a
1868 3900 2039 3955 Paulo

473 3998 735 4066 scriptum
809 3996 880 4051 sit
942 3992 1285 4052 :Juniorea
1340 4003 1511 4046 autem
1583 3992 1764 4045 viduas
1846 3992 2037 4047 devita.

474 4088 766 4157 Postquam
824 4090 962 4141 enim
1022 4087 1353 4139 lasciviarum
1421 4083 1670 4137 adversus
1730 4083 2037 4147 Christum,

474 4178 663 4231 nubere
719 4178 935 4239 volant,
997 4177 1240 4228 habentes
1310 4173 1794 4225 condemnationem
1829 4210 1845 4234 ,
1907 4172 2041 4241 quod

474 4269 700 4335 primani
741 4267 898 4332 [idem
930 4268 1137 4318 irritam
1194 4264 1430 4331 fecerunt
1488 4256 1523 4314 ³.
1564 4261 1745 4329 itaque
1797 4262 1844 4315 si
1879 4261 2043 4314 vidua

2144 3173 2281 3231 εἶναι
2331 3180 2466 3248 μετὰ
2496 3179 2588 3233 τὸν
2642 3180 2883 3233 ἐνιαυτὸν
2940 3220 2955 3244 ,
3113 3178 3237 3231 καθ’
3275 3178 3570 3248 ὁμοιότητα
3602 3177 3710 3229 τῶν

2143 3270 2387 3339 διγάμων
2416 3271 2821 3341 διαταξάμενοι·
2847 3274 2980 3342 ,ἐμοὶ
3011 3272 3068 3324 δὲ
3108 3271 3274 3335 δοκεῖ,
3306 3269 3489 3339 ἐπειδὴ
3519 3272 3585 3338 τῇ
3616 3268 3709 3321 τοῦ

2144 3359 2280 3413 Θεοῦ
2333 3361 2511 3433 χάριτι
2570 3361 2833 3431 προϊοῦσα
2885 3364 2918 3431 ἡ
2977 3360 3301 3431 Ἐκκλησία,
3350 3358 3714 3428 κραταιοτέρα

2145 3451 2372 3520 γίνεται,
2405 3453 2497 3505 καὶ
2533 3452 2860 3523 πληθύνεται
2903 3452 2997 3505 νῦν
3050 3451 3111 3504 τὸ
3147 3452 3330 3519 τάγμα
3367 3446 3474 3501 τῶν
3509 3448 3711 3517 παρθέ-

2146 3561 2252 3597 νων
2283 3579 2301 3605 ,
2435 3543 2719 3612 προσέχειν
2754 3543 2998 3614 ἀκριϐῶς
3031 3542 3108 3612 τῷ
3133 3560 3192 3595 τε
3214 3541 3567 3595 κατ’.ἐννοιαν
3592 3556 3711 3607 φαιο

2111 3673 2122 3683 .
2146 3634 2354 3703 νομένῳ
2410 3629 2693 3705 πράγματι
2741 3632 2836 3687 καὶ
2877 3635 2942 3702 τῇ
2986 3634 3085 3703 τῆς
3123 3631 3343 3701 Γραφῆς
3381 3629 3607 3699 διανοίᾳ,
3646 3630 3714 3698 ἢν

2142 3725 2369 3779 δυνατὸν
2428 3725 2669 3795 ἐξευρεῖν
2717 3721 2826 3792 άπὸ
2871 3721 2965 3775 τοῦ
3011 3722 3326 3776 ἀκολούθου.
3353 3722 3566 3792 Χηρεία
3607 3721 3714 3789 γὰρ

2147 3814 2444 3885 παρθενίας
2469 3813 2704 3866 ἐλάττων
2725 3831 2739 3844 ·
2765 3813 2957 3867 οὐκοῦν
2987 3814 3080 3865 καὶ
3114 3813 3172 3866 τὸ
3197 3813 3304 3865 τῶν
3334 3813 3516 3882 χηρῶν
3541 3812 3716 3882 ἁμάρ·

2148 3922 2302 3976 τημα
2337 3904 2513 3975 πολλῷ
2544 3904 2793 3974 δεύτερόν
2829 3906 2942 3955 ἐστι
2975 3902 3067 3955 τοῦ
3098 3902 3203 3956 τῶν
3230 3901 3531 3972 παρθένων.
3562 3902 3714 3953 Ἴδω-

2153 4013 2251 4066 μεν
2276 3997 2451 4049 τοίνυν
2481 3996 2533 4048 τί
2558 3995 2865 4064 γέγραπται
2895 3992 3142 4063 Τιμοθέῳ
3165 3992 3315 4062 παρὰ
3339 3990 3432 4042 τοῦ
3465 3991 3678 4043 Παύλου
3705 4008 3713 4016 ·

2149 4085 2446 4153 Νεωτέρας
2491 4085 2558 4138 δὲ
2595 4085 2786 4153 χήρας
2839 4082 3143 4151 παραιτοῦ.
3181 4085 3355 4138 Ὅταν
3396 4082 3504 4151 γὰρ
3548 4098 3716 4135 κατει-

2149 4175 2558 4243 στρηνιάσωσι
2631 4174 2735 4228 τοῦ
2799 4172 3088 4241 Χριστοῦ,
3145 4172 3353 4242 ταμεῖν
3395 4172 3713 4234 θέλουσιν,

2149 4266 2401 4335 ἔχουσαι
2422 4265 2614 4333 κρῖμα,
2652 4265 2739 4318 ὅτι
2763 4265 2877 4332 τὴν
2901 4263 3139 4332 πρώτην
3160 4265 3366 4316 πίστιν
3392 4262 3713 4328 ἠθέτησαν.

472 4364 676 4436 judictc
727 4368 1012 4438 subjicuur
1040 4364 1372 4433 gravissimo
1407 4397 1421 4422 ,
1482 4370 1543 4413 ut
1597 4372 1718 4426 quae
1781 4356 1936 4410 fidem
1996 4356 2043 4409 in

2155 4356 2217 4407 Et
2246 4357 2426 4408 τοίνυν
2450 4360 2594 4427 χήρα
2627 4359 2854 4426 κρίματι
2883 4358 3163 4409 ὑπόκειται
3198 4354 3498 4425 βαρυτάτῳ,
3530 4353 3602 4414 ὡς
3620 4353 3717 4421 τὴν

476 4457 753 4513 Christum
812 4456 1025 4509 irritam
1077 4453 1301 4513 fecerit,
1341 4451 1470 4521 quid
1524 4449 1685 4504 nobis
1745 4447 2047 4519 putandum

476 4547 544 4602 de
576 4548 804 4617 virgine,
842 4559 963 4613 qua:
1004 4557 1203 4611 sponsa
1230 4550 1313 4596 est.
1339 4541 1579 4606 Cbristi,
1614 4548 1666 4594 et
1700 4554 1917 4595 sacrum
1954 4553 2046 4592 vas

475 4637 706 4690 Dn'mino
749 4632 1113 4689 dedicatum?
1165 4630 1416 4701 Magnum
1457 4631 1676 4701 quidem
1722 4639 1806 4685 est
1855 4644 2046 4700 pecca—

476 4733 592 4780 tum
619 4765 634 4788 ,
689 4725 774 4779 vel
819 4722 1074 4775 ancillam
1102 4722 1476 4781 ;clandestinis
1523 4721 1893 4775 matrimoniis
1924 4735 2046 4774 sese

475 4816 718 4877 dantem,
754 4824 943 4881 stupro
992 4813 1210 4865 domum
1259 4813 1480 4881 implere
1504 4851 1519 4877 ,
1550 4822 1604 4866 et
1646 4813 1916 4867 deteriore
1937 4812 2045 4865 vita

475 4906 731 4974 iniuriam
783 4905 1090 4974 possessori
1153 4903 1379 4969 facere:
1421 4902 1585 4973 longe
1623 4911 1802 4958 autem
1828 4902 2046 4971 gravius

476 5005 561 5051 est
597 5009 857 5064 sponsam
890 4994 1009 5048 ﬁeri
1063 4994 1398 5060 adulteram,
1434 5010 1498 5049 ac
1529 5010 1641 5049 suae
1671 5010 1795 5048 cum
1844 5007 2077 5063 sponso

476 5086 847 5154 conjunctioni
899 5087 1137 5143 dedecus
1198 5086 1459 5141 ferentem
1494 5126 1509 5150 ,
1575 5086 1865 5155 impudicis
1892 5086 2045 5139 volu-

475 5180 715 5250 pt.tibus
763 5195 821 5233 se
883 5179 1103 5233 (ledere.
1158 5179 1393 5234 Proinde
1457 5178 1618 5232 vidua
1671 5178 1938 5247 quidem,
1989 5184 2047 5229 ut

475 5276 731 5337 corrupta
762 5258 996 5333 ancilla,
1032 5270 1429 5324 condemnatur
1463 5286 1475 5335 ;
1512 5269 1665 5337 virgo
1706 5283 1834 5322 vero
1890 5266 2047 5319 adul-

476 5373 603 5415 terae
720 5360 923 5430 judicio
1056 5363 1367 5430 subjicitur.
1389 5361 1855 5426 Quemadmodum
1882 5359 2048 5428 igitur

472 5468 597 5507 eum
631 5456 727 5524 qui
778 5468 902 5507 cum
938 5454 1116 5507 aliena
1147 5466 1233 5510 est
1269 5455 1496 5507 muliere
1526 5496 1541 5520 ,
1586 5452 1894 5506 adulterum
1949 5466 2049 5505 no-

474 5545 775 5607 minamus,
823 5559 929 5599 nou
984 5544 1134 5612 prius
1182 5544 1531 5598 admittentes
1591 5542 1653 5595 ad
1707 5539 2046 5595 communio-

474 5650 619 5700 nem,
660 5652 823 5705 quam
870 5650 898 5687 a
934 5644 1158 5704 peccato
1210 5636 1550 5691 cessaverit:
1592 5635 1663 5687 ita
1726 5630 1965 5702 profecto
1990 5638 2044 5685 et

581 5773 814 5827 ‘lTim.
844 5790 891 5838 ν,
922 5773 1001 5832 ιι,
1040 5771 1124 5825 ιε.

2153 4447 2234 4506 είς
2286 4444 2517 4514 Χριστὸν
2578 4444 2892 4514 ἁθετήσασα
2943 4445 3142 4505 πίστιν,
3182 4443 3234 4495 τί
3271 4444 3374 4513 χρὴ
3411 4438 3718 4507 λογίζεσθαι

2153 4537 2300 4605 ἡμᾶς
2332 4536 2458 4604 περὶ
2483 4537 2580 4605 τῆς
2631 4535 2918 4606 παρθένου,
2949 4535 3071 4603 ἥτις
3097 4533 3282 4603 νύμφη
3313 4532 3430 4584 ἐστὶ
3467 4530 3560 4605 τοῦ
3586 4530 3720 4597 Χρι-

2154 4625 2300 4690 στοῦ,
2334 4628 2427 4680 καὶ
2467 4625 2655 4689 σκεῦος
2690 4627 2830 4695 ἱερὸν
2863 4624 3121 4680 ἀνατεθὲν
3152 4623 3229 4693 τῷ
3257 4621 3534 4693 Δεσπότης
3562 4618 3720 4685 Μέγα

2155 4720 2251 4791 μὲν
2283 4720 2584 4791 ἁμάρτημα
2636 4720 2729 4771 καὶ
2757 4718 2951 4787 δούλην
2984 4716 3260 4787 λαθραίοις
3291 4713 3487 4782 γάμοις
3523 4708 3719 4775 ἑαυτὴν

2153 4809 2490 4863 ἐπιδιδοῦσαν
2537 4809 2739 4879 φθορᾶς
2787 4808 3097 4878 ἀναπλῆσαι
3126 4806 3214 4859 τὸν
3243 4800 3412 4864 οἷκον,
3466 4800 3560 4852 καὶ
3596 4797 3722 4849 καθ-

2154 4901 2392 4971 υϐρίζειν
2420 4901 2507 4954 διὰ
2526 4900 2619 4953 τοῦ
2650 4892 2887 4971 πονηροῦ
2911 4898 3026 4968 βίου
3057 4898 3147 4950 τὸν
3167 4893 3519 4964 κεκτημένον·
3545 4886 3720 4956 πολλῷ

2151 4994 2208 5046 δὲ
2234 4994 2405 5063 δήπου
2442 4992 2818 5063 χαλεπώτερον
2858 4990 2954 5062 τὴν
2998 4989 3211 5060 νύμφην
3263 4982 3541 5054 μοιχαλίδα
3571 4978 3723 5048 γενέσ

2155 5084 2298 5145 σθαι,
2333 5084 2427 5137 καὶ
2456 5083 2549 5154 τὴν
2584 5083 2718 5153 πρὸς
2749 5083 2841 5136 τὸν
2874 5081 3104 5151 νυμφίαν
3137 5078 3329 5130 ἕνωσιν
3354 5073 3719 5142 ἀτιμάσασαν,

2153 5174 2361 5244 ἡδοναῖς
2394 5172 2711 5234 ἀκολάστοις
2744 5171 2940 5240 ἑαυτὴν
2982 5168 3277 5221 ἐπιδοῦναι.
3319 5164 3525 5223 Οὐκοῦν
3555 5164 3589 5231 ἡ
3624 5160 3722 5230 μὲν

2152 5263 2314 5333 χήρα,
2346 5262 2421 5324 ὠς
2452 5261 2609 5330 δούλη
2673 5259 3066 5329 διεφθαρμένη,
3102 5254 3518 5319 καταδικάζεται
3540 5269 3553 5280 ·
3591 5252 3624 5320 ἡ
3663 5248 3721 5301 δὲ

2154 5353 2415 5424 παρθένος
2462 5352 2539 5422 τῷ
2595 5352 2817 5422 κρίματι
2882 5350 2982 5420 τῆς
3049 5347 3349 5419 μοιχαλίδος
3417 5343 3719 5396 ὑπόκειται.

2155 5446 2361 5515 Ὥσπερ
2420 5440 2512 5497 οὖν
2549 5443 2638 5496 τὸν
2684 5442 2939 5514 ἀλλοτρίᾳ
2982 5438 3198 5509 γυναικὶ
3250 5435 3496 5490 συνιόντα
3537 5430 3722 5501 μοιχὸν

2152 5536 2508 5606 ὀνομάζομεν,
2558 5533 2619 5586 οὐ
2673 5534 2934 5605 πρότερον
2971 5529 3400 5601 παραδεξάμενοι
3422 5527 3500 5589 είς
3532 5541 3725 5595 κοινω-

2152 5628 2289 5691 νίαν,
2327 5629 2451 5698 πρὶν
2484 5627 2515 5695 ἢ
2540 5624 2851 5679 παύσασθαι
2881 5624 2979 5694 τῆς
3022 5622 3297 5694 ἁμαρτίας
3316 5638 3328 5651 ’
3361 5619 3502 5672 οὕτω
3533 5615 3738 5699 δηλοντ
