4076 6418
359 384 465 449 θιθ

1286 382 1365 448 1N
1405 383 1649 447 Ez'lST.
1697 386 1762 448 S.
1809 384 2096 446 BASILII
2131 386 2572 449 CANONICAM
2614 384 2697 448 ΙΙ.

3493 384 3601 454 650

352 517 433 565 ότι
461 514 554 564 καὶ
579 511 669 563 ἐπὶ
696 508 786 562 τοῦ
817 509 912 579 τὴν
940 506 1201 577 παρθένων
1230 506 1438 577 ἔχοντος
1474 504 1918 576 διατεθησὸμεθα.

2033 512 2100 567 de
2128 527 2193 567 eo
2231 513 2322 582 qui
2361 513 2625 584 virginem
2678 512 2842 568 babct
2891 522 3218 568 statuemus.
3251 512 3384 566 illud
3416 523 3599 567 autem

365 586 572 655 Ἐκεῖνο
616 600 672 654 δὲ
711 599 805 653 νῦν
847 597 1388 671 προδιομολογεῑσθαι
1430 599 1561 667 ἡμῖν
1604 588 1921 664 ἀναγκαῖον,

355 694 436 746 ὅτι
472 692 736 765 παρθένος
785 692 1108 763 ὀνομάζεται
1147 694 1178 762 ἡ
1227 689 1488 753 ἑκουσίως
1526 690 1722 761 ἑαυτὴν
1754 705 1922 759 προσ-

353 783 634 855 αγαγοῦσα
688 782 766 853 τῷ
822 782 1024 854 Κυρίῳ,
1075 787 1168 835 καὶ
1213 781 1595 850 ἀποταξαμένη
1625 779 1702 850 τῷ
1737 780 1919 849 γάμῳ,

355 880 445 931 καὶ
473 879 560 930 τὸν
580 878 636 928 έν
670 874 925 945 ἁγιασμῷ
963 875 1074 943 βίον
1109 874 1515 944 προτιμήσασα.
1555 870 1663 934 Τὰς
1697 871 1753 923 δὲ
1792 873 1924 940 όμο-

351 969 537 1036 λογίας
567 968 684 1020 τότε
717 965 1059 1037 έγκρίνομεν,
1102 966 1194 1032 ἀφ’
1225 961 1394 1033 οἱπερ
1421 963 1486 1035 ἂν
1516 965 1549 1034 ἡ
1586 962 1770 1035 ἡλικία
1824 960 1923 1032 τὴν

354 1059 445 1112 τοῦ
472 1059 629 1125 λόγου
659 1057 1051 1128 συμπλήρωσιν
1080 1056 1191 1127 (75)
1212 1055 1332 1127 ἔχῃ.
1366 1056 1501 1109 Οὐδὲ
1524 1057 1632 1127 γὰρ
1659 1056 1755 1118 τὰς
1794 1072 1922 1107 παι-

353 1149 507 1213 δικὰς
538 1148 718 1219 φωνὰς
755 1147 972 1211 πάντως
1018 1146 1214 1218 κυρίας
1249 1145 1470 1200 ἐπὶτῶν
1492 1148 1746 1199 τοιούτων
1776 1147 1926 1216 ἡγεῖ-

357 1241 477 1295 σθαι
540 1241 835 1310 προσῆκεν,
878 1237 1014 1292 ἀλλὰ
1059 1237 1156 1308 τὴν
1186 1237 1329 1308 ὑπὲρ
1356 1237 1423 1290 τὰ
1452 1237 1584 1291 δέκα
1617 1237 1676 1302 ἒξ
1706 1238 1737 1308 ἢ
1792 1237 1926 1315 δέκει⁴

355 1332 447 1383 καὶ
470 1330 607 1383 ἐπτά
628 1329 927 1400 γενομένην
956 1328 1073 1398 ἐτη,
1097 1327 1292 1400 κυρίαν
1320 1324 1485 1381 οὖσαν
1502 1327 1609 1382 τῶν
1628 1327 1922 1398 λογισμῶν,

354 1420 737 1492 ἀνακριθεϊσαν
794 1421 886 1473 ἐπὶ
937 1420 1139 1482 πλεῖον,
1201 1417 1317 1474 εἶτα
1345 1420 1779 1492 παραμείνασαν,
1832 1419 1927 1473 καὶ⁵

355 1511 689 1582 λιπαροῦσαν
714 1510 808 1586 Ιδιὰ
837 1512 1052 1564 ίκεσιῶν
1083 1513 1217 1583 πρὸς
1250 1513 1310 1565 τὸ
1351 1512 1771 1583 παραδεχθῑψαι,
1803 1510 1924 1564 τότε

357 1603 818 1672 ὲγκαταλέγεσθαι
848 1603 952 1674 χρὴ
987 1607 1110 1668 ταῖς.
1141 1604 1451 1675 παρθένοις,
1478 1606 1570 1657 καὶ
1607 1605 1706 1675 τὴν
1734 1604 1926 1675 ὁμολο-

355 1695 480 1763 γίαν
524 1694 625 1764 τῆς
675 1694 931 1766 τοιαύτης
982 1695 1201 1766 κυροῦν,
1239 1695 1331 1749 καὶ
1365 1696 1461 1766 τὴν
1486 1696 1741 1766 ἀθέτησιν
1757 1698 1926 1769 αὐτῆς

357 1788 745 1859 ἀπαραιτήτως
792 1787 1060 1850 κολάζειν.
1098 1787 1304 1851 Πολλὰς
1358 1788 1467 1859 γὰρ
1527 1792 1704 1857 γονεῖς
1755 1808 1924 1862 προσ-

2032 621 2178 667 nunc
2225 606 2280 659 in
2326 605 2674 662 antecessum
2734 606 3187 679 statuerenobis
3216 620 3442 662 necesse
3474 616 3598 668 est,

2032 693 2294 763 virginem
2342 696 2571 759 vocari,
2620 710 2742 764 quae
2798 711 2857 751 se
2903 711 3002 750 sua
3035 701 3228 764 sponte
3269 694 3467 749 obtulit
3500 693 3604 747 Dn-

2035 788 2204 849 mino,
2244 801 2308 841 ac
2337 787 2589 841 nuntium
2636 787 2842 857 nuptiis
2874 786 3115 849 remisit,
3147 798 3199 841 et
3229 786 3607 841 sanctimonia:

2034 878 2343 935 institutum
2400 880 2648 947 amplexa
2726 889 2829 932 est.
2886 877 3265 933 Professiones
3309 885 3490 932 autem
3536 878 3605 931 ab

2030 982 2096 1029 co
2148 975 2388 1035 tempore
2417 967 2794 1031 admittimus,
2852 982 2960 1036 quo
2990 978 3121 1022 actas
3174 966 3405 1020 rationis
3450 982 3605 1019 com-

2032 1056 2361 1124 plcmentum
2417 1056 2692 1110 habuerit.
2743 1053 2930 1125 Neque
2980 1054 3123 1109 enim
3160 1054 3399 1124 pueriles
3445 1068 3604 1106 voces

2030 1148 2255 1201 omnino
2312 1154 2459 1203 ratas
2519 1148 2573 1200 in
2622 1147 2892 1217 ejusmodi
2938 1147 3101 1202 rebus
3157 1145 3355 1200 habere
3404 1159 3603 1199 conve-

2029 1237 2110 1291 nit
2157 1253 2172 1288 :
2221 1238 2318 1305 sed
2376 1254 2497 1309 qua:
2530 1254 2697 1313 supra
2746 1237 3019 1293 sexdecim
3080 1236 3162 1291 vel
3214 1236 3604 1305 septemdecim

2030 1342 2205 1383 annos
2250 1338 2377 1383 nata
2411 1368 2426 1393 ,
2479 1330 2959 1385 ratiocinationum
2985 1345 3207 1385 suarum
3239 1330 3441 1383 arbitra
3467 1371 3481 1394 ,
3510 1329 3602 1382 diu

2028 1420 2335 1473 examinata
2385 1436 2449 1474 ac
2479 1421 2704 1490 probata
2737 1463 2751 1488 ,
2808 1421 3069 1490 deinceps
3115 1422 3478 1490 perseveravit
3504 1461 3517 1484 ,
3550 1428 3604 1474 ct

2030 1516 2091 1564 ut
2142 1510 2463 1563 admittatur
2513 1519 2831 1568 constanter
2887 1512 3202 1581 rogaverit,
3237 1521 3350 1581 tum
3383 1511 3600 1565 demum

2030 1603 2173 1656 inter
2221 1603 2462 1673 virgines
2520 1602 2842 1671 referenda,
2903 1603 3135 1673 ejusque
3184 1611 3303 1657 rata
3350 1602 3601 1656 hathth

2028 1692 2318 1764 professio,
2354 1708 2419 1747 ac
2447 1693 2613 1755 illius,
2641 1694 2865 1748 violatio
2917 1694 3330 1749 inexorabiliter
3372 1693 3605 1763 punicu-

2029 1785 2119 1839 da.
2152 1783 2347 1841 Multas
2379 1785 2523 1839 enim
2577 1793 2826 1869 parentes
2874 1786 3152 1841 adducunt
3201 1795 3254 1840 et
3310 1784 3507 1839 fratres
3547 1792 3602 1838 et

357 1879 550 1945 ἄγουσι
603 1880 695 1931 καὶ
746 1877 983 1947 ἀδελφοὶ,
1045 1880 1139 1933 καὶ
1189 1880 1298 1933 τῶν
1354 1883 1739 1951 προσηκόντων
1779 1882 1918 1945 τινὲς

2030 1877 2463 1946 propinquorum
2525 1878 2773 1931 nonnulli
2836 1885 2961 1932 ante
3023 1884 3279 1941 aetatem,
3341 1892 3448 1931 non
3502 1894 3602 1932 sua

356 1971 460 2041 πρὸ
491 1970 589 2040 τῆς
625 1971 859 2040 ἡλικίας,
897 1972 993 2023 οὐκ
1019 1971 1226 2025 οἴκοθεν
1260 1973 1594 2044 ὁρμηθείσας
1623 1973 1756 2043 πρὸς
1783 1974 1923 2042 ἁγα-

356 2064 507 2133 μίαν,
532 2063 667 2117 ἀλλά
694 2080 747 2115 τι
774 2063 1022 2133 βιωτικὸν
1060 2064 1272 2127 ἑαυτοῖς
1313 2063 1690 2135 διοικούμενοι.
1729 2068 1825 2129 "Ac
1861 2066 1921 2119 οὐ

353 2151 550 2223 ῥᾳδίως
585 2151 977 2221 προσδέχεσθαι
1012 2150 1110 2217 δεῖ,
1159 2151 1261 2215 ἕως
1297 2152 1362 2206 ἂν
1391 2134 1635 2224 φανερῶς
1663 2153 1760 2225 τὴν
1788 2153 1926 2209 ίδίαν

351 2244 529 2296 αὐτῶν
573 2242 846 2313 ἔρευνήσω
853 2259 951 2312 μεν
977 2241 1223 2314 γνώμην.
1407 2265 1410 2268 ’

359 2316 376 2321 ’λ
421 2325 618 2379 ΒΔΛΣ.
650 2325 931 2396 Διαφόρως
962 2325 1189 2396 εἴπομεν
1218 2324 1299 2378 ὅτι
1329 2323 1612 2394 παρθένοι,
1645 2328 1907 2394 γυναῖκες

353 2416 452 2470 καὶ
476 2413 671 2486 χῆραι,
702 2414 842 2484 μετά
869 2413 1058 2469 λαῖκοῦ
1090 2415 1367 2485 σχήματος
1412 2420 1536 2480 ταῖς
1588 2417 1912 2487 ἐκκλησίαις

348 2506 795 2578 προσερχόμεναι
827 2509 883 2562 ai
910 2508 1009 2577 μὲν
1068 2506 1371 2578 παρθενίαν
1399 2508 1736 2579 ὡμολόγουν,
1770 2511 1826 2565 αί
1859 2510 1918 2564 δὲ

343 2601 709 2672 σωφροσύνην
743 2616 759 2631 ·
834 2600 929 2655 καὶ¹
1017 2601 1095 2666 ὡς
1166 2602 1581 2672 ἀνατεθειμέναι
1666 2604 1745 2675 τῷ
1799 2604 1917 2675 Θεῷ

339 2690 597 2762 ἠξιοῦντο
626 2691 773 2761 παρά
819 2686 929 2746 τῶν
1001 2694 1319 2750 ἐπισκόπων
1376 2698 1557 2770 πάσης
1600 2700 1919 2771 σωματικῆς

340 2782 689 2854 ἐπιμελείας.
734 2783 1069 2854 Ἐρωτηθεὶς
1102 2783 1196 2841 οὖν
1229 2788 1256 2839 ό
1276 2788 1432 2858 ἅγιος
1461 2790 1514 2843 τί
1543 2791 1748 2860 ὀφείλει
1774 2792 1922 2861 γίνε-

342 2873 468 2927 σθαι
498 2876 580 2937 εἰς
613 2874 714 2936 τὰς
745 2875 1120 2947 πορνευούσας
1150 2878 1478 2950 παρθένους,
1535 2880 1639 2953 ἔφη
1699 2883 1783 2936 ὅτι
1855 2882 1920 2935 Οί

343 2970 449 3040 μὲν
500 2969 864 3041 πρεσϐύτεροι
918 2969 1245 3043 διορίζονται
1302 2973 1665 3044 ἐπιτιμᾶσθαι
1718 2974 1922 3041 ταύτας

339 3059 496 3115 κατὰ
537 3061 668 3126 τοὺς
728 3061 1017 3133 διγὰμους,
1072 3063 1170 3117 καὶ
1236 3062 1519 3130 ἀξιοῦσθαι
1599 3066 1773 3130 αὐτὰς
1818 3068 1923 3138 τῆς

335 3151 511 3221 ἁγίας
543 3151 902 3223 μεταλήψεως
936 3153 1077 3224 μετά
1113 3155 1363 3210 ἐνιαυτόν
1389 3170 1405 3187 ·
1439 3155 1549 3222 ἐγὼ
1604 3157 1663 3211 δὲ
1698 3156 1918 3228 βλέπων

2031 1974 2223 2037 sponte
2277 1966 2625 2021 ad-caclibctn
2663 1969 2826 2022 vitam
2878 1969 3167 2048 incitatas,
3224 1969 3320 2024 scd
3383 1978 3441 2022 ut
3497 1969 3602 2024 sibi

2030 2058 2138 2130 ipsi
2186 2058 2404 2128 aliquod
2431 2059 2486 2113 in
2531 2059 2643 2113 vita
2666 2061 3015 2115 commodum
3066 2061 3408 2147 prqvideant.
3442 2060 3602 2114 Tales

2029 2167 2140 2207 non
2199 2151 2358 2207 facile
2426 2153 2813 2219 admittendive,
2881 2155 3056 2211 donec
3122 2164 3307 2226 aperte
3360 2156 3600 2227 ipsarum

2032 2239 2359 2318 perscrutati
2404 2238 2669 2296 fuerimus
2695 2243 3038 2297 sententiam.

2108 2328 2212 2400 75
2246 2330 2439 2386 BALS.
2469 2332 2709 2389 Diversis
2750 2333 2802 2388 in
2832 2333 2965 2390 locis
3001 2333 3259 2396 diximus,
3289 2337 3430 2404 quod
3479 2351 3598 2389 mu-

2021 2419 2205 2487 lieres,
2236 2422 2494 2494 virgines,
2526 2436 2581 2482 et
2606 2428 2777 2502 viduae
2796 2428 3054 2482 ecclesias
3079 2442 3202 2482 cum
3236 2428 3374 2483 laico
3408 2428 3594 2483 habitu

2022 2515 2378 2583 accedentes,
2446 2517 2552 2574 illae
2611 2519 2829 2589 quidem
2893 2520 3282 2591 virginitatem,
3330 2522 3412 2575 lue
3465 2536 3594 2577 vero

2020 2609 2413 2663 continentiam
2433 2611 2866 2679 profitebantur,
2896 2623 2952 2667 et
2986 2623 3239 2681 tanquam
3286 2612 3398 2667 Deo
3449 2615 3598 2668 dedi-

2019 2710 2156 2754 catae
2179 2702 2247 2758 ab
2274 2702 2545 2772 episcopis
2573 2703 2721 2756 omni
2756 2703 3029 2772 corporali
3062 2703 3397 2772 providentia
3418 2704 3595 2775 dignae

2020 2789 2385 2849 habebantur.
2416 2793 2794 2864 Interrogatus
2829 2796 3015 2865 itaque
3049 2805 3299 2863 sanctus,
3328 2796 3455 2866 quid
3509 2799 3595 2852 de-

2016 2880 2139 2937 beat
2169 2884 2281 2939 fieri
2312 2884 2366 2939 in
2399 2885 2636 2957 virgines
2668 2901 2788 2956 qua:
2833 2885 3191 2955 fornicamur,
3257 2889 3393 2944 dixit
3447 2894 3592 2960 quo.l

2017 2973 2265 3030 seniores
2293 2972 2512 3044 quidem
2569 2977 2868 3032 decernunt
2916 2991 3010 3033 eas
3056 2977 3199 3034 sicut
3244 2992 3300 3035 et
3344 2970 3594 3047 biganms

2016 3064 2219 3134 puniri,
2244 3080 2449 3137 easque
2477 3072 2602 3136 post
2623 3082 2820 3122 annum
2843 3077 3030 3123 saneta
3087 3071 3465 3127 communione
3508 3074 3596 3128 di-

2018 3170 2152 3226 gnas
2171 3157 2395 3213 haberi:
2425 3173 2527 3227 ego
2567 3173 2700 3214 vero
2731 3159 2920 3214 videns
2951 3158 3246 3216 Ecclesium
3271 3162 3326 3216 in
3385 3162 3590 3219 bonum

336 3248 448 3319 τὴν
489 3246 824 3318 Ἐκκλησίαν
868 3249 1293 3320 προκόπτουσαν
1329 3252 1410 3314 είς
1471 3251 1534 3305 τὺ
1569 3251 1794 3321 ἀγαθὸν,
1825 3253 1918 3307 καὶ

2023 3249 2306 3318 prolicere,
2361 3261 2416 3306 et
2436 3264 2623 3306 sacras
2646 3251 2887 3322 virgines
2932 3252 3317 3321 multiplicari,
3342 3257 3462 3311 dico
3493 3272 3587 3312 cas

328 3340 435 3403 τὰς
511 3340 817 3411 παρθένους
881 3341 1321 3413 πληθυνομένας,
1383 3343 1526 3415 λέγω
1564 3344 1917 3418 ὀφειλόμενον

331 3428 485 3486 εἶναι
527 3432 730 3502 μᾶλλον
764 3432 935 3496 αὐτὰς
963 3434 1039 3497 ὡς
1073 3434 1390 3506 μοιχαλίδας
1429 3435 1780 3501 κολάζεσθαι.
1806 3439 1918 3492 Καὶ

283 3522 742 3588 ,κατασκευάζει
803 3522 897 3577 τὸν
947 3525 1149 3580 υίκείον
1222 3525 1382 3595 λόγον
1463 3527 1741 3593 ἐντεῦθεν,
1819 3529 1910 3582 λέ-

333 3630 459 3683 γων
498 3615 580 3668 ὅτι
606 3613 804 3687 χηρεία
823 3614 927 3687 τῆς
951 3614 1260 3687 παρθενίας
1296 3617 1563 3674 ἐλάττων.
1615 3619 1679 3674 Et
1715 3619 1916 3686 τοίνυν,

334 3705 488 3761 κατά
524 3706 615 3759 τὸν
653 3706 1002 3775 Ἀπόστολον,
1035 3710 1213 3780 κρίμα
1246 3709 1485 3781 ἔχουσιν,
1540 3712 1711 3783 ἤγουν
1749 3728 1920 3766 κατα-

333 3798 505 3867 δίκην
530 3798 586 3851 αἱ
618 3798 953 3871 ἀθετήσασαι
985 3800 1155 3872 χῆραι
1206 3801 1308 3873 τὴν
1377 3803 1674 3873 ὁμολογίαν
1714 3803 1917 3871 αὐτῶν,

336 3890 530 3962 πολλῷ
555 3891 717 3945 πλέον
739 3894 795 3947 αί
824 3892 1087 3966 παρθένοι
1147 3895 1671 3967 κατακριθήσονται.
1725 3896 1920 3950 Ὡσαύ-

334 4003 446 4046 τως
478 3984 809 4055 παρεικάζει
834 3987 933 4058 τὴν
967 3987 1066 4057 μὲν
1099 3987 1276 4057 χήραν
1302 3986 1488 4060 δούλῃ,
1546 3986 1646 4058 τὴν
1679 3988 1739 4044 δὲ
1776 4006 1921 4060 παρ·

336 4079 498 4133 θένον
547 4078 737 4152 νύμφῃ
764 4080 911 4143 τινος
942 4080 1349 4146 οίκοδεσπότου,
1370 4082 1467 4135 καὶ
1520 4079 1664 4135 οὔτω
1694 4081 1919 4151 συνάγει

232 4190 241 4197 ·
279 4171 283 4174 ’
335 4170 451 4224 ἀπ’)
491 4170 713 4224 πάντων
761 4169 944 4233 καλῶς
1010 4171 1333 4227 ὑποκεῖσθαι
1386 4172 1464 4244 τῷ
1527 4173 1625 4243 τῆς
1674 4175 1917 4245 μοιχείας

337 4261 661 4330 ἐγκλήματι
688 4260 786 4326 τὰς
839 4261 1179 4324 ἐκπεσούσας
1214 4262 1544 4333 παρθένους.
1578 4258 1717 4317 Εἶτα
1790 4266 1912 4318 ἐπι⁸

338 4357 506 4425 φέρει
532 4353 617 4406 ὃτι
660 4353 789 4424 περὶ
819 4354 1044 4408 ἐκείνων
1073 4354 1184 4409 τῶν
1245 4354 1537 4426 παρθένων
1607 4356 1921 4425 διαλέγεται

333 4447 450 4503 τῶν
480 4445 746 4510 ἑκουσίως
782 4445 986 4511 ἑαυτὰς
1009 4448 1406 4516 προσαγουσῶν
1457 4448 1536 4518 τῷ
1583 4448 1794 4519 Κυρίῳ,
1826 4450 1921 4505 καὶ

2020 3338 2222 3395 debere
2246 3340 2431 3412 potius
2461 3350 2520 3395 ut
2547 3340 2826 3398 adulteras
2849 3344 3052 3413 puniri.
3087 3345 3153 3399 Et
3198 3346 3401 3402 dictum
3436 3364 3593 3405 suum

2020 3430 2149 3485 hinc
2177 3432 2516 3501 comprobat,
2569 3432 2780 3501 dicens,
2811 3435 2954 3503 quod
3004 3436 3236 3493 viduitas
3288 3448 3373 3495 est
3422 3443 3600 3497 mium-

2018 3521 2351 3592 virginitate.
2385 3523 2445 3580 Si
2509 3539 2677 3596 ergo,
2737 3535 2797 3582 ut
2833 3525 2963 3583 dicit
3010 3527 3329 3596 ‘Apostolus,
3395 3532 3600 3589 habent

2014 3612 2275 3684 judicium
2306 3630 2402 3671 seu
2433 3617 2867 3672 condemnamur
2886 3619 3083 3687 viduae,
3108 3634 3229 3689 quae
3289 3638 3441 3678 suam
3474 3641 3600 3694 pru-

2021 3702 2310 3761 fessionem
2357 3708 2569 3765 irritam
2603 3709 2837 3775 faciunt,
2895 3711 3062 3766 multo
3105 3715 3280 3784 magis
3336 3719 3598 3773 condem-

2022 3797 2294 3854 nabuntur
2338 3799 2595 3872 virgines.
2618 3788 3120 3859 Siniiliter'ancilla:
3142 3805 3358 3873 quidem
3382 3807 3596 3862 viduam

2020 3888 2316 3956 assituilat;
2358 3891 2623 3961 virginem
2652 3906 2785 3947 vero
2841 3907 3057 3963 sponsa:
3118 3894 3348 3964 alicujus
3398 3901 3599 3965 palliso

2023 3976 2294 4036 familias:
2327 3978 2478 4034 ctita
2507 3994 2575 4034 ex
2605 3979 2860 4035 omnibus
2917 3979 3121 4050 colligit
3182 3981 3431 4037 adulterii
3483 3986 3599 4038 cri-

2024 4068 2171 4123 mine
2203 4079 2350 4124 recte
2377 4070 2550 4126 teneri
2597 4070 2778 4141 lapsas
2800 4071 3061 4143 virgines.
3121 4072 3324 4127 Deinde
3375 4074 3602 4144 subjun-

2025 4160 2122 4231 git,
2145 4175 2205 4217 se
2235 4163 2300 4217 de
2318 4162 2437 4217 ilia
2466 4162 2767 4234 virginibus
2811 4164 3015 4227 dicere,
3068 4180 3191 4236 qua:
3249 4181 3307 4221 se
3364 4166 3596 4221 Daminn

2021 4268 2119 4308 sua
2151 4263 2342 4323 sponte
2363 4255 2700 4331 obtulerunt,
2730 4265 2787 4312 et
2815 4257 3168 4313 matrimonio
3211 4259 3599 4315 renuntiarunt

2020 4345 2079 4400 in
2142 4352 2301 4402 aetate
2321 4346 2557 4402 sedecim
2589 4349 2676 4404 vel
2724 4347 3111 4419 septemdecim
3142 4364 3437 4405 annorum.
3464 4350 3595 4418 Quae

2022 4446 2202 4492 autem
2227 4438 2279 4492 in
2301 4438 2494 4493 minori
2524 4448 2688 4494 {etate
2740 4440 2888 4511 fiunt
2917 4441 3303 4512 professiones,
3338 4443 3468 4498 dicit
3490 4460 3596 4499 non

335 4537 775 4607 ἀποταξαμένιον
802 4538 883 4607 τῷ
924 4538 1089 4610 γάμῳ
1152 4543 1210 4592 ἐν
1271 4539 1459 4610 ἡλικίῃ.
1523 4540 1918 4607 ἑξκαιδεκάτου

2025 4529 2235 4582 admitti
2268 4528 2706 4586 debererMultas
2730 4532 2898 4598 enim,
2960 4532 3168 4602 inquit,
3220 4531 3452 4589 offerunt
3505 4550 3599 4604 pa-

337 4631 542 4700 χρόνου
562 4631 601 4698 ,ἢ
627 4607 1120 4686 ἑπτακαιδεκάτου.
1167 4607 1367 4696 Τὰςήδὲ
1399 4607 1492 4684 ἰπὶ
1516 4630 1704 4699 ἥττονι
1739 4633 1917 4701 χρόνῳ

2023 4630 2137 4676 tres
2164 4622 2327 4674 etiam
2358 4621 2574 4685 invitas,
2608 4632 2829 4694 propter
2847 4632 3216 4693 paupertatem
3242 4625 3327 4679 vel
3353 4625 3596 4695 aliquam

336 4724 639 4793 γινομένας
667 4722 958 4792 ὁμολογίας
987 4724 1122 4793 φησὶ
1145 4721 1222 4791 μὴ
1254 4720 1665 4792 προσδέχεσθαι.
1708 4721 1917 4785 Πολλὰς

2026 4711 2187 4766 aliam
2209 4725 2456 4766 causam.
2490 4711 2616 4767 Haec
2643 4727 2765 4767 cum
2801 4713 3056 4768 decernat
3077 4729 3271 4778 canon,
3303 4729 3371 4770 ne
3394 4717 3597 4771 dixeris

338 4816 476 4886 γὰρ,
509 4815 672 4885 φησὶ,
699 4814 1073 4887 προσάγουσιν
1093 4815 1143 4866 οἱ
1164 4814 1340 4881 γονεῖς
1357 4815 1453 4866 καὶ
1487 4813 1561 4884 μὴ
1583 4813 1916 4883 βουλομένας

2024 4816 2145 4855 eum
2183 4802 2407 4872 intelligi
2445 4803 2512 4857 de
2562 4804 2889 4860 monialibus
2932 4805 3016 4860 vel
3058 4806 3307 4860 ascetriis
3340 4810 3462 4877 (seu
3508 4808 3596 4863 di-

337 4907 406 4958 δι’
431 4887 668 4977 ἀπορίαν
690 4906 722 4975 ἢ
744 4905 811 4958 δι’
834 4904 999 4974 ἄλλην
1017 4907 1138 4958 τινὰ
1158 4904 1552 4960 αίτίαν.Ταῦτα
1570 4907 1666 4960 τοῦ
1689 4907 1913 4970 κανόνος

2023 4892 2162 4947 vinas
2196 4892 2529 4948 meditationi
2554 4893 2748 4951 dicatis
2803 4894 3150 4965 virginibus):
3208 4897 3309 4951 etsi
3348 4899 3492 4953 enim
3542 4901 3593 4953 in

334 4999 743 5071 διοριζομένου,
790 4998 864 5069 μὴ
910 4997 1069 5068 εἴπῃς
1097 4996 1457 5061 ἐξακούεσθαι
1496 4998 1686 5052 τοῦτον
1714 5000 1811 5052 καὶ
1833 5000 1913 5062 είς

337 5089 738 5163 μοναζούσαςῆ
773 5089 1078 5159 ἀσκητρίας
1108 5105 1122 5120 υ
1155 5087 1258 5144 κᾶν
1286 5089 1393 5159 γὰρ
1425 5090 1484 5141 ὲν
1506 5089 1691 5159 ἥττονι
1731 5090 1910 5162 πάντη

334 5182 532 5253 ἡλικίᾳ
552 5181 652 5252 τὴν
676 5179 948 5248 κοσμικὴν
973 5178 1282 5232 ἀπόθωνται
1305 5179 1491 5249 τρίχα,
1511 5177 1708 5247 βεϐαία
1733 5178 1908 5245 ἐσται,

335 5276 416 5338 ὡς
446 5274 571 5339 ἐμοὶ
601 5272 769 5335 δοκεῖ,
802 5272 892 5324 καὶ
917 5273 997 5334 είς
1024 5272 1082 5323 τὸ
1112 5270 1288 5342 team
1320 5269 1580 5340 ὁμολογία
1612 5270 1799 5325 αὐτοῦ.

416 5364 668 5418 ΖΩΝΑΡ.
723 5363 831 5426 Τὰς
877 5361 1180 5432 παρθενίαν
1238 5359 1734 5431 ἑπαγγειλαμένάς,
1792 5357 1910 5414 εἶτα

338 5456 687 5520 ἐκπεσούσας
719 5457 816 5510 καὶ
850 5455 1200 5525 ἀθετησάσας
1233 5454 1334 5518 τὰς
1354 5455 1563 5508 ἑαυτῶν
1615 5454 1911 5522 συνθήκας,

335 5551 463 5622 ἤτοι
498 5545 595 5608 τὰς
631 5545 974 5614 ὑποσχέσεις,
1009 5546 1058 5599 oi
1089 5546 1188 5615 μὲν
1256 5544 1608 5613 παλαιότεροι
1673 5544 1915 5614 Πατέρες

334 5634 969 5708 συγκαταόατικώτερον
1061 5637 1455 5708 διατιθέμενοι,
1511 5638 1586 5699 ὡς
1673 5628 1826 5700 οὗτος
1888 5638 1915 5691 ὁ

331 5733 498 5801 ἅγιος
538 5727 709 5797 λέγει,
746 5729 839 5780 ἐπὶ
870 5728 1116 5783 ἐνιαυτὸν
1161 5726 1516 5797 ἀφορίζεσθαι
1581 5725 1912 5792 διετάξαντο,

333 5828 432 5878 καὶ
468 5820 607 5893 μετά
643 5821 816 5875 ταῦτα
836 5819 1108 5888 δέχεσθαι.
1137 5823 1280 5874 κατά
1310 5823 1438 5876 τοὺς
1484 5819 1750 5892 διγάμςυς
1776 5837 1788 5848 ·
1819 5813 1912 5872 οὗ.

657 5920 922 5980 Panos.
956 5916 1074 5976 Gn.
1107 5908 1493 5979 CXXXVIII.
1602 5970 1613 5979 .

2023 4983 2216 5038 minori
2246 4992 2403 5038 aetate
2434 4984 2640 5040 crinem
2672 4985 2986 5042 saecularem
3036 4986 3405 5057 deposuerint,
3439 4990 3594 5046 lirma

2019 5073 2148 5141 erit,
2180 5084 2241 5131 ut
2275 5075 2404 5130 mihi
2433 5076 2667 5142 videtur,
2725 5079 2792 5132 ad
2826 5076 2879 5134 id
2934 5077 3078 5147 quod
3129 5077 3383 5150 deinceps
3412 5085 3595 5153 sequi-

2023 5173 2130 5230 tur,
2159 5164 2330 5235 ipsius
2356 5162 2646 5237 professio.
3400 5194 3403 5197 ν

2088 5362 2338 5419 ZONAR.
2393 5363 2522 5430 Quae
2567 5364 2927 5435 virginitatem
2980 5376 3106 5423 sunt
3164 5370 3444 5441 professa),
3495 5389 3593 5440 po-

2017 5465 2134 5509 stea
2180 5469 2310 5510 vero
2331 5455 2647 5510 exciderunt
2699 5469 2756 5512 et
2807 5473 2905 5514 sua
2945 5469 3125 5528 pacta,
3170 5462 3272 5518 hoc
3318 5473 3425 5533 est,
3466 5480 3591 5535 pro-

2019 5544 2308 5600 missiones
2332 5545 2581 5601 fecerunt
2632 5548 2840 5614 irritas,
2866 5550 3070 5620 antiqui
3096 5551 3286 5610 Patres
3328 5555 3505 5611 lenius
3528 5572 3590 5611 se

2019 5653 2083 5692 ac
2106 5638 2425 5694 clementius
2449 5650 2720 5710 gerentes,
2752 5652 2810 5695 ut
2839 5652 3066 5700 sanctus
3111 5644 3197 5701 hic
3241 5648 3320 5702 vir
3359 5648 3456 5716 ait,
3482 5664 3591 5703 uno

2023 5742 2168 5783 anno
2201 5729 2588 5798 segregandas,
2623 5739 2679 5785 et
2723 5745 2792 5787 eo
2822 5743 3018 5790 exacto
3066 5750 3217 5791 more
3255 5739 3589 5808 digamorum

2019 5818 2381 5877 admittenda:
2416 5835 2535 5878 esse
2557 5822 2935 5882 decreverunt.
2968 5826 3069 5882 llic
3124 5842 3252 5883 vero
3298 5831 3444 5901 ipsas
3479 5849 3594 5904 pne-

3080 5920 3158 5981 ‘21
