4076 6432
405 373 511 434 bal

1656 372 1932 436 THEOD.
1991 375 2390 437 BALSAMON

3553 380 3660 445 65:2

415 491 498 540 nis
570 485 818 541 adulterii
873 487 1115 558 subiicit,
1183 490 1589 557 orationemque
1661 504 1814 545 suam
1885 488 1973 542 hoc

2093 506 2182 552 τος
2213 491 2266 542 δὲ
2286 490 2360 559 τῷ
2386 492 2482 560 τῆς
2515 491 2763 562 μοιχείας
2793 492 2962 556 αὑτὰς
2998 492 3311 562 καθυπὰγει
3375 494 3664 586 ὲπιτιμῗιμ,

414 590 574 650 pacto
616 581 835 645 astruit,
863 581 1002 651 quod
1027 582 1281 646 viduitas,
1323 581 1516 650 inquit,
1555 581 1624 634 sit
1676 581 1985 650 virginitate

416 675 613 730 mittor.
663 671 861 727 Viduas
899 685 1079 726 autem
1112 687 1224 737 eas,
1262 687 1380 741 quae
1411 672 1797 726 continentiam
1858 681 1986 726 sunt

416 766 698 834 professm,
727 775 889 833 atque
929 764 995 820 al)
1031 766 1272 820 Ecclesia
1321 765 1602 819 viduarum
1666 767 1844 821 ordini
1891 767 1987 818 ad-

419 861 634 926 si-riptae
685 867 851 924 sunt,
915 857 1174 911 nominat.
1225 855 1505 921 Quoniam.
1538 857 1702 926 igitur
1753 855 1986 910 viduitas

419 954 595 1003 minor
616 958 697 1004 est
723 948 1054 1019 virginitate,
1084 948 1186 1000 erit
1233 962 1446 1016 quoque
1501 945 1765 1014 ejusmodi
1811 946 1983 999 vidua:

415 1054 718 1111 peccatum,
764 1042 806 1095 si
839 1055 958 1094 cum
992 1047 1214 1108 prccan
1265 1038 1490 1106 virginis
1540 1036 1878 1096 conferatur,
1910 1038 1985 1089 Ie-

418 1136 554 1186 vius.
585 1133 858 1195 Attamen,
889 1131 1082 1199 inquit,
1107 1132 1172 1184 ad
1196 1127 1539 1183 Timotheum
1570 1129 1982 1192 scribensJ‘au-

417 1226 500 1278 lus
524 1225 589 1276 de
621 1224 798 1277 viduis
824 1235 941 1290 qua:
982 1225 1049 1275 ob
1103 1236 1205 1274 non
1272 1230 1544 1274 servatam
1591 1220 1980 1273 continentiam

413 1316 756 1379 exciderunt,
779 1315 1040 1381 judicium
1072 1315 1214 1382 ipsis
1249 1313 1448 1367 habere
1473 1312 1786 1366 declaravit.
1812 1310 1980 1365 Porro

411 1425 532 1463 cum
565 1408 720 1461 vidua
753 1407 981 1476 judicio,
1007 1405 1108 1460 hoc
1139 1415 1240 1468 est,
1279 1404 1717 1458 condemnationi
1744 1403 1980 1458 obnoxia

411 1507 500 1568 sit,
539 1503 736 1572 quippe
766 1515 886 1569 qua:
928 1499 1223 1568 obligatam
1265 1497 1481 1552 Christo
1539 1495 1695 1550 fidem
1750 1495 1982 1550 violave-

411 1597 502 1660 rit,
536 1593 727 1662 majori
757 1592 945 1660 procul
993 1591 1157 1646 dubio
1205 1589 1438 1645 obnoxia
1491 1587 1597 1644 erit
1654 1588 1826 1656 virgo,
1861 1601 1980 1658 quae

407 1685 614 1738 Chrisu
648 1697 857 1752 sponsae
889 1682 1061 1734 locum
1088 1679 1323 1743 obtinet,
1347 1687 1542 1746 estque
1563 1676 1727 1730 veluti
1761 1689 1974 1729 sacrum

413 1797 507 1833 vas
535 1778 767 1833 dicatum
802 1775 931 1829 Deo.
958 1771 1198 1827 Aﬂirmat
1223 1770 1409 1839 itaque
1477 1767 1564 1822 hic
1595 1777 1814 1822 sanctus
1858 1767 1976 1820 vio-

2091 583 2185 634 καὶ
2214 582 2616 646 κατασκευάζει
2646 583 2736 635 τὸν
2763 584 2964 635 οἰκεῖον
2991 583 3149 651 λόγον
3176 583 3450 649 ἐντεῦθεν,
3487 582 3665 652 λέγων

2086 674 2166 726 ὅτι
2188 679 2382 743 χηρεῐα
2400 675 2501 744 τῆς
2527 674 2823 744 παρθενίας
2854 675 3113 728 ἐλάττων.
3137 675 3328 746 Χήρας
3349 676 3407 729 δὲ
3434 675 3532 739 τὰς
3564 694 3669 730 σω-

2089 769 2314 835 φρονεῖν
2346 765 2821 834 ἐπαγγειλαμένας
2848 765 3018 833 λέγει,
3044 769 3135 819 καὶ
3163 765 3665 835 συναριθμηθείσας

2086 858 2238 928 παρὰ
2270 861 2334 928 τῇ
2372 859 2682 929 Ἐκκλησία
2709 858 2786 928 τῷ
2833 859 3078 927 τάγματι
3105 858 3214 911 τῶν
3260 859 3469 929 χηρῶν.
3509 858 3665 911 Ἐπεὶ

2085 945 2181 999 οὖν
2208 948 2445 1002 ἐλάττων
2479 950 2508 1017 ἡ
2543 947 2740 1018 χηρεία
2779 948 2882 1016 τῆς
2906 945 3231 1016 παρθενίας,
3262 950 3359 1000 καὶ
3403 948 3462 998 τὸ
3481 947 3664 1017 ἀμάρ-

2085 1054 2238 1106 τημα
2261 1037 2363 1106 τῆς
2383 1037 2640 1107 τοιαύτης
2684 1038 2862 1107 χήρας
2909 1039 3055 1106 παρὰ
3130 1037 3189 1089 τὸ
3243 1035 3342 1105 τῆς
3388 1037 3660 1104 παρθένου

2085 1128 2330 1182 ἔλαττον.
2381 1129 2522 1182 Ἀλλ’
2557 1131 2728 1198 ὅμως,
2762 1129 2920 1197 φησὶ,
2948 1129 3026 1197 τῷ
3074 1127 3326 1198 Τιμοθέῳ
3380 1129 3608 1196 γράφων
3639 1131 3665 1180 ὀ

2085 1219 2298 1283 Παῦλος
2335 1222 2464 1289 περὶ
2493 1219 2678 1290 χηρῶν
2714 1221 3065 1272 ἐκπεσουσῶν
3090 1219 3179 1272 διὰ
3211 1218 3272 1270 τὺ
3312 1219 3386 1288 μὴ
3432 1220 3668 1287 φυλάξαι

2081 1310 2179 1381 τὴν
2207 1312 2582 1380 σωφροσύνην,
2614 1310 2790 1382 κρίμα
2824 1311 2969 1380 ἔχειν
2998 1311 3166 1373 αὑτὰς
3190 1309 3506 1379 ἀπεφήνατο
3555 1308 3666 1378 Τῆς

2087 1399 2142 1453 δὲ
2170 1402 2347 1472 χήρας
2391 1402 2622 1472 κρίματι
2654 1402 2822 1473 ἦγουν
2869 1401 3141 1474 καταδίκῃ
3171 1402 3559 1470 ὑποκειμένης,
3591 1402 3667 1463 ὡς

2079 1495 2423 1564 ἀθετησάσης
2446 1495 2543 1565 τὴν
2576 1497 2654 1560 είς
2687 1494 2922 1564 Χριστὸν
2957 1495 3168 1560 πίστιν,
3203 1493 3392 1562 μεῖζον
3449 1495 3664 1554 πάντως

2081 1583 2439 1639 ὑποκείσεται
2493 1587 2527 1656 ἡ
2567 1587 2858 1656 παρθένος,
2880 1585 3002 1654 ἥτις
3021 1585 3206 1654 νύμφη
3231 1584 3504 1653 λογίζεται
3570 1585 3664 1636 eo}

2080 1675 2344 1744 Χριστοῦ,
2408 1679 2505 1732 καὶ
2529 1677 2793 1747 ἀνάθημα
2832 1677 2909 1749 τῷ
2956 1677 3077 1748 Θεῷ
3111 1679 3186 1740 ὡς
3241 1677 3385 1742 ίερὸν
3444 1675 3661 1736 σκεῦος.

2080 1761 2252 1828 Οὗτος
2285 1769 2382 1834 μὲν
2409 1767 2502 1821 οὖν
2529 1770 2555 1820 ὁ
2579 1771 2733 1836 ἅγιος
2762 1768 2862 1839 τὴν
2903 1767 3086 1821 πίστιν
3121 1767 3222 1837 τὴν
3272 1768 3354 1828 εἰς
3415 1768 3652 1838 Χριστὲν

411 1875 575 1928 latam
609 1871 661 1924 in
685 1867 960 1924 Christum
985 1864 1144 1918 fidem
1179 1863 1246 1916 ab
1295 1877 1355 1916 ea
1410 1876 1530 1930 qua:
1567 1859 1768 1914 excidit
1798 1858 1973 1912 vidua.

2086 1858 2190 1930 ἔφη
2218 1859 2486 1930 ἀθετῆσαι
2526 1861 2627 1931 τὴν
2652 1861 3001 1914 ἐκπεσοῦσαν
3057 1861 3240 1930 χήραν
3277 1874 3292 1892 ο
3339 1860 3433 1912 καὶ
3486 1860 3665 1924 ἓτεριι

414 1961 518 2014 Alii
555 1971 682 2012 vero
711 1957 940 2024 primam
972 1953 1152 2016 fidem,
1201 1947 1532 2018 virginitatis
1583 1946 1982 2016 professionem

412 2048 753 2118 interpretati
783 2052 929 2100 sunt.
965 2042 1174 2099 Ancilla
1206 2056 1356 2110 ergo,
1383 2039 1579 2110 inquit,
1643 2040 1688 2093 si
1741 2038 1980 2092 fornice-

412 2157 522 2204 tur,
575 2138 779 2195 domini
843 2136 1085 2196 domum,
1136 2133 1421 2202 ipsumque
1471 2129 1746 2185 dominum
1813 2128 1980 2182 afficit

408 2229 761 2288 contumelia.
794 2226 992 2282 Verum
1025 2227 1069 2279 si
1105 2239 1302 2294 sponsa
1333 2222 1534 2278 domini
1569 2221 1716 2276 illius
1770 2221 1980 2281 ancillae

410 2325 713 2393 delinquat,
737 2320 980 2375 adultera
1007 2326 1111 2381 est,
1147 2316 1472 2386 graviorque
1523 2312 1848 2367 contumelia
1903 2312 1973 2375 ei,

406 2416 499 2484 qui
535 2427 786 2483 sponsam
818 2410 958 2464 illam
994 2408 1176 2471 habet,
1202 2405 1272 2460 ob
1302 2405 1470 2475 ipsam
1506 2403 1756 2457 inuritur.
1811 2402 1976 2456 l'orro

406 2519 531 2560 cum
579 2501 809 2572 exempli
842 2501 998 2564 loco,
1051 2499 1299 2552 ancillam
1353 2507 1719 2566 sponsamque
1775 2508 1974 2564 propo-

406 2594 614 2659 suerit,
665 2593 875 2647 ancillae
935 2590 1155 2660 quidem
1221 2589 1441 2642 viduam
1513 2601 1630 2654 qua:
1682 2585 1969 2656 peccavit,

410 2702 632 2760 sponsas
676 2699 806 2740 vero
836 2685 1039 2752 lapsam
1077 2681 1340 2752 virginem
1375 2690 1686 2747 comparat:
1743 2688 1797 2733 et
1849 2693 1968 2733 eam

404 2782 648 2853 quidem,
678 2787 739 2832 ut
763 2782 1094 2842 corruptam,
1125 2771 1228 2826 hoc
1260 2780 1365 2835 est,
1397 2770 1771 2825 fornicationis
1835 2770 1972 2823 irre-

403 2876 560 2929 titam
595 2869 844 2933 crimine,
888 2865 1150 2934 virginem
1201 2877 1333 2918 vero
1361 2871 1422 2916 ut
1474 2860 1773 2916 adulteram
1817 2860 1968 2916 dam-

405 2975 520 3020 nat.
553 2963 620 3018 Et
639 2956 1117 3029 quemadmodum,
1158 2953 1254 3018 ait,
1277 2952 1370 3020 qui
1407 2966 1530 3005 cum
1575 2951 1750 3005 aliena
1795 2965 1970 3006 uxore

404 3047 772 3118 corrumpitur
799 3059 896 3113 pro
948 3041 1194 3098 adultero
1252 3040 1533 3104 habemus,
1604 3054 1665 3094 ae
1724 3039 1826 3093 nisi
1901 3039 1969 3093 ab

404 3143 674 3200 adulterio
704 3139 948 3202 desistat,
990 3133 1299 3190 nullatenus
1328 3146 1562 3200 unquam
1593 3131 1660 3186 ad
1694 3132 1960 3201 pmni'len-

405 3239 534 3291 tiam
567 3231 935 3287 admittimus;
963 3227 1036 3281 ita
1071 3238 1244 3294 neque
1281 3222 1452 3288 illum,
1485 3223 1579 3292 qui
1609 3223 1661 3287 in
1716 3223 1978 3293 virginem

2083 1951 2161 2017 δὲ,
2197 1951 2426 2022 πρώτην
2509 1954 2696 2008 πίστιν
2745 1954 2845 2025 τὴν
2893 1953 3236 2022 ἐπαγγελίαν
3290 1951 3392 2021 τῆς
3440 1953 3666 2019 ἁγνείας

2084 2047 2466 2116 ήρμήνευσαν.
2499 2047 2673 2116 Δούλη
2703 2049 2802 2118 μὲν
2856 2044 2972 2114 οῦν,
3065 2050 3222 2118 φησὶ,
3285 2062 3663 2116 πορνευσασα,

2083 2135 2519 2206 καθυδρίζειτὸν
2545 2135 2695 2192 οἷκον
2717 2139 2812 2192 τοῦ
2843 2139 3128 2204 δεσπότου,
3177 2140 3454 2191 κάκεῖνον.
3492 2136 3552 2188 Ei
3607 2135 3664 2186 δὲ

2081 2229 2272 2298 νύμφη
2303 2227 2400 2281 τοῦ
2432 2229 2697 2284 δεσπότου
2747 2231 2844 2302 τῆς
2898 2231 3094 2302 δούλης
3144 2229 3366 2299 ἐκείνης
3411 2228 3664 2298 ἁμάρτῃ,

2084 2323 2338 2396 μοιχαλίς
2369 2324 2513 2389 ἐστι,
2547 2323 2640 2378 καὶ
2667 2324 3028 2395 χαλεπωτέρα
3069 2325 3100 2394 ἡ
3131 2322 3290 2394 ὕϐρις
3321 2321 3398 2392 τῷ
3437 2319 3659 2389 νύμφην

2095 2415 2268 2486 αὐτὴν
2293 2416 2475 2486 ἔχοντι
2510 2415 2582 2470 δι’
2623 2415 2845 2486 ἐκείνης
2873 2415 3286 2486 προστρίϐεται.
3337 2414 3430 2475 Είς
3488 2411 3668 2480 παρά-

2076 2507 2276 2578 δειγμα
2292 2507 2349 2562 δὲ
2375 2510 2476 2579 τὴν
2493 2509 2684 2579 δούλην
2709 2507 2984 2580 παραθεὶς
3003 2507 3097 2560 καὶ
3122 2506 3222 2578 τὴν
3245 2506 3486 2574 νύμφην,
3505 2504 3669 2575 δούλῃ

2080 2601 2179 2672 μὲν
2202 2603 2488 2666 ἀπεικάζει
2525 2603 2924 2672 ἁμαρτήσασαν
2951 2603 3151 2674 χήραν,
3190 2598 3376 2670 νύμφῃ
3438 2598 3494 2650 δὲ
3560 2598 3660 2666 τὴν

2077 2692 2419 2746 ἐκπεσοῦσαν
2467 2693 2734 2764 παρθένον
2765 2710 2781 2726 ο
2813 2693 2906 2746 καὶ
2959 2692 3058 2762 τὴν
3122 2691 3219 2762 μὲν
3274 2691 3349 2754 ὡς
3397 2688 3668 2757 διεαθαρ-

2078 2783 2249 2853 μένην
2297 2783 2678 2848 καταδικάζει,
2737 2781 2859 2852 ἦτοι
2919 2780 2992 2841 ὡς
3022 2777 3434 2849 πορνευθεῖσαν,
3478 2775 3576 2844 τὴν
3605 2774 3662 2826 δὲ

2076 2876 2354 2944 παρθένον
2387 2874 2461 2938 ὡς
2507 2874 2916 2946 μοιχευθεῖσαν.
2947 2872 3058 2927 Καὶ
3109 2870 3324 2939 ὥσπερ,
3381 2867 3539 2937 φησὶ,
3571 2866 3662 2917 τὸν

2071 2967 2332 3038 ἀλλοτρίᾳ
2361 2969 2579 3036 γυναικὶ
2604 2966 3074 3037 συμφθειρὸμενον
3102 2963 3288 3034 μοιχὸν
3313 2959 3664 3030 λογιζόμεθα,

2081 3062 2177 3114 καὶ
2203 3062 2252 3112 εί
2289 3061 2364 3130 μὴ
2395 3062 2610 3128 ἀποστῇ
2633 3059 2740 3130 ,τῆς
2772 3058 3049 3128 μοιχείας,
3082 3056 3184 3108 οὐκ
3213 3055 3279 3108 ἄν
3307 3070 3440 3106 ποτε
3490 3053 3653 3105 αὑτὸν

2087 3141 2526 3220 παραδεξώμεθα
2566 3151 2648 3212 είς
2686 3150 2980 3218 μετάνοιαν
3018 3163 3030 3175 ·
3068 3145 3242 3208 οὕτως
3273 3145 3396 3197 οὐδὲ
3427 3145 3521 3197 τὸν
3581 3145 3662 3204 είς

2083 3239 2186 3311 τὴν
2218 3240 2648 3310 ἀνατεθειμένην
2679 3239 2756 3309 τῷ
2785 3237 2910 3308 ’Θεῷ
2940 3235 3216 3301 παρθένον
3275 3236 3662 3306 ἡμαρτηκότα.

406 3329 516 3382 ι)εο
553 3329 926 3381 ⁶ὀηδθθνεηειιη
974 3316 1305 3388 Ρθοοθνθτίίο
1359 3313 1567 3368 Damae
1631 3327 1782 3378 "emi
1833 3323 1981 3384 Ροεί·
2082 3333 2240 3388 Οὕτω
2283 3333 2340 3386 δὲ
2397 3331 2631 3402 βαρεῖαν
2661 3331 2803 3385 κατά
2833 3331 2945 3384 τῶν
2975 3329 3355 3383 ἐκπιπτουσῶν
3377 3327 3667 3397 παρθένων

403 3432 566 3487 quam
595 3427 810 3482 gravem
843 3413 895 3464 in
920 3409 1098 3477 lapsas
1149 3405 1382 3473 virgines
1427 3403 1646 3457 multam
1676 3403 1976 3468 constituit,

403 3523 653 3578 quaenam
717 3518 818 3575 pro
879 3497 1182 3569 virginibus
1281 3495 1392 3550 Deo
1453 3495 1651 3550 dicatis
1716 3495 1977 3550 habenda:

363 3580 534 3661 .siut,
586 3595 792 3657 definit,
855 3592 1038 3660 aitque
1085 3589 1206 3644 illas
1257 3585 1515 3641 nimirum
1583 3601 1704 3657 qua:
1769 3585 1977 3655 seipsas

402 3700 595 3758 sponte
613 3688 849 3742 offerunt
887 3684 1142 3745 Domino,
1184 3681 1575 3750 repudiatoque
1626 3678 1975 3733 matrimonio

401 3784 771 3852 virginitatem
829 3779 1190 3851 profitentur,
1253 3788 1489 3843 eamque
1570 3773 1971 3842 professionem

399 3879 613 3930 decimo
639 3881 813 3936 sexto,
836 3879 928 3925 aut
957 3869 1167 3925 decimo
1195 3868 1431 3936 septimo
1473 3865 1652 3920 aetatis
1702 3863 1814 3934 76
1859 3876 1972 3917 suae

397 3981 543 4020 anno
571 3967 758 4020 edunt.
807 3962 1073 4016 Caeterum
1107 3968 1231 4012 ante
1264 3958 1362 4012 bas
1385 3963 1574 4010 aetates
1605 3952 1974 4024 professiones

400 4060 597 4120 factas,
623 4055 822 4124 inquit,
841 4050 1155 4108 haudfacile
1174 4049 1466 4102 admittere
1489 4054 1704 4115 oportet
1728 4060 1742 4097 :
1768 4044 1974 4113 quoad-

399 4163 572 4218 usque
601 4159 752 4203 suam
781 4143 1104 4200 sententiam
1136 4149 1323 4208 aperte
1373 4138 1670 4200 declarent,
1691 4135 1871 4187 vitam
1915 4147 1976 4189 se

399 4243 454 4294 in
507 4236 752 4308 virginali
820 4235 1058 4304 puritate
1105 4230 1356 4299 amplecti
1417 4227 1587 4289 velle;
1651 4224 1976 4279 examinata

399 4341 703 4399 praeterea,
771 4337 1056 4397 postquam
1118 4322 1346 4377 rationis
1403 4326 1686 4387 compotes
1747 4313 1972 4369 fuerint.

399 4423 602 4476 Crebro
642 4431 893 4488 namque,
929 4416 1026 4480 ait,
1059 4421 1314 4481 parentes
1353 4418 1448 4462 aut
1480 4407 1698 4478 cognati
1739 4405 1862 4461 illas
1888 4406 1973 4459 in-

399 4519 542 4569 vitas
565 4512 820 4575 efferunt,
850 4509 951 4562 sibi
985 4507 1117 4576 ipsis
1177 4502 1380 4572 aliquid
1442 4498 1774 4571 temporanei
1835 4499 1970 4555 lucri

398 4612 740 4672 qnazrentes;
778 4597 1008 4652 fortasse
1036 4594 1251 4664 quidem
1283 4592 1406 4662 quia
1448 4591 1545 4645 dos
1569 4591 1635 4644 ad
1665 4604 1758 4644 eas
1803 4589 1971 4644 collo-

399 4696 599 4752 candas
635 4693 855 4747 minime
890 4697 1157 4757 suppetat,
1187 4698 1276 4739 aut
1302 4685 1464 4738 etiam
1489 4684 1558 4739 ob
1588 4681 1721 4737 alias
1750 4695 1963 4747 causas,

401 4803 491 4844 eas
522 4788 760 4841 uolentes
809 4781 1165 4850 virginitatem
1228 4795 1292 4834 ac
1346 4777 1647 4832 caelibatum
1713 4780 1956 4847 profiteri

397 4891 617 4952 cogunt.
643 4878 737 4932 Ha:
758 4889 909 4946 ergo,
939 4875 1135 4944 inquit,
1169 4890 1273 4926 non
1292 4882 1416 4928 sunt
1436 4873 1591 4928 facile
1612 4875 1972 4937 admittenda.

467 4971 695 5028 AlilST.
729 4973 885 5025 Anno
915 4971 1099 5039 elapso
1136 4980 1348 5033 exacto,
1411 4969 1648 5038 virgines
1693 4981 1813 5040 post
1844 4986 1970 5038 pro-

397 5069 697 5123 cessiouem
731 5066 929 5134 lapsas,
961 5061 1152 5116 Patres
1199 5060 1549 5129 recipiebant.
1594 5065 1662 5116 At
1712 5065 1967 5132 quoniam

397 5157 756 5228 validiorjam
786 5155 926 5208 facta
974 5165 1059 5208 est
1103 5153 1370 5229 Ecclesia,
1424 5151 1724 5207 adulteram
1776 5153 1962 5222 appel-

396 5251 573 5302 lamus
599 5260 718 5299 eam
749 5258 870 5314 qua:
915 5241 1278 5309 virginitatem
1339 5239 1589 5311 professa
1645 5241 1867 5308 labitur,
1913 5253 1966 5296 et

395 5356 519 5395 eum
580 5339 671 5408 qui
722 5339 884 5392 talem
942 5337 1136 5389 retinet
1187 5333 1514 5389 adulterum.
1582 5333 1960 5403 Virginitatem

393 5446 525 5486 vero
553 5429 836 5500 profitetur
873 5441 994 5494 quia
1035 5424 1430 5492 septemdecem
1455 5440 1628 5479 annos
1687 5435 1810 5478 nata
1854 5436 1957 5488 est,

391 5534 445 5578 et
485 5523 798 5590 approbata,
825 5526 878 5570 et
931 5516 982 5569 in
1047 5530 1112 5570 eo
1161 5516 1265 5570 rite
1327 5515 1579 5570 instituto
1637 5530 1958 5585 permanere

393 5616 593 5672 obnixe
621 5610 850 5683 flagitat.

459 5704 898 5772 Quandoquidem
956 5699 1253 5753 adulteram
1303 5697 1448 5752 illam
1529 5698 1775 5753 nominat
1838 5715 1956 5768 qua:

393 5797 613 5852 (mnino
641 5811 760 5851 sese
793 5792 1006 5857 obtulit,
1039 5801 1090 5845 et
1113 5791 1457 5846 matrimonio
1515 5791 1862 5858 renuntiavit,
1901 5803 1955 5845 et

2082 3423 2382 3494 ἐπαγαγὼν
2413 3425 2513 3494 τὴν
2535 3423 2854 3493 ἐπιτίμησιν
2892 3420 3139 3492 ὁρίζεται
3172 3420 3318 3481 τίνες
3379 3419 3447 3471 ἂν
3506 3418 3660 3485 λογίο

2080 3518 2261 3582 ζοιντο
2289 3515 2558 3586 παρθένοι
2612 3515 2899 3568 ἁναθεῖσαι
2929 3512 3009 3584 τῷ
3091 3512 3212 3581 Θεῷ
3277 3510 3500 3572 ἑαυτάς.
3549 3510 3665 3561 Καί

2078 3624 2244 3678 φησιν
2279 3608 2361 3660 ὅτι
2391 3609 2454 3661 αἱ
2481 3606 2681 3668 ἑαυτὰς
2735 3605 3004 3668 ἑκουσίως
3065 3601 3524 3673 προσαγαγοῦσαι
3574 3600 3657 3671 τῷ

2078 3699 2294 3769 Κυρίῳ,
2321 3701 2415 3752 καὶ
2443 3695 2864 3767 ἀποταξάμεναι
2897 3696 2974 3767 τῷ
2998 3697 3184 3767 γάμῳ,
3235 3698 3332 3750 καὶ
3389 3694 3667 3764 ὁμολογή-

2078 3801 2242 3842 σασαι
2301 3787 2570 3857 ἀγαμίαν,
2637 3787 2940 3857 ποιήσασαι
2994 3785 3050 3838 δὲ
3106 3787 3205 3854 τὴν
3255 3784 3547 3854 ὁμολογίαν
3602 3786 3666 3835 ὲν

2079 3888 2153 3946 ις’
2187 3880 2321 3946 ἔτει,
2352 3879 2386 3952 ἢ
2424 3878 2490 3943 ιζ’
2519 3878 2619 3948 τῆς
2645 3877 2865 3949 ἡλικῖας
2889 3877 3094 3932 αὐτῶν.
3133 3878 3243 3941 Τὰς
3273 3875 3330 3931 δὲ
3385 3876 3493 3946 πρὸ
3543 3877 3657 3929 τῶν

2073 3972 2283 4044 χρόνων
2318 3974 2526 4024 τούτων
2559 3970 2856 4041 ὁμολογίας
2929 3971 2990 4023 σὺ
3041 3971 3171 4040 χρὴ,
3231 3968 3388 4038 φησὶ,
3456 3967 3664 4038 ῥᾳδίως

2074 4059 2497 4135 προσδέχεσθαι,
2529 4063 2633 4125 ἕως
2681 4062 2748 4117 ἂν
2807 4061 3102 4134 προφανῶς
3164 4063 3370 4115 ἐκεῖναι
3441 4060 3665 4126 δείξωσι

2075 4154 2303 4226 γνώμην
2343 4158 2425 4210 ὅτι
2453 4153 2742 4226 αἱροῦνται
2772 4155 2863 4208 τὸν
2889 4156 2947 4208 ὲν
2999 4154 3198 4225 ἁγνείᾳ
3239 4153 3377 4223 βίον,
3430 4152 3667 4222 ἀνακρι-

2078 4245 2745 4316 νόμεναιὲπιπ).ἐον,ὄτε
2796 4245 2989 4315 κύριαι
3043 4244 3309 4312 γένωνται
3375 4241 3664 4312 λογισμοῦ.

2077 4336 2510 4406 Πολλάκιςγὰρ,
2545 4326 2702 4405 φησι,
2736 4337 3082 4406 προσάγουσι
3136 4337 3318 4404 γονεῖς
3367 4335 3401 4407 ἢ
3456 4339 3660 4404 συγγε-

2082 4429 2201 4492 νεῖς
2232 4430 2498 4496 ἀκούσας,
2564 4429 2816 4500 βιωτικόν
2866 4445 2920 4482 τι
2969 4430 3187 4492 ἑαυτοῖς
3249 4427 3612 4495 διοικούμενοι
3646 4444 3663 4459 ·

2078 4521 2242 4590 τυχὸν
2266 4520 2369 4590 μὲν
2395 4522 2734 4592 ἀποροῦντες
2758 4520 2944 4574 δοῦναι
2969 4523 3175 4591 προῖκα
3202 4523 3344 4593 ὑπὲρ
3397 4522 3598 4587 αὐτῶν,
3623 4521 3661 4592 ἢ

2080 4614 2174 4663 καὶ
2204 4611 2276 4663 δι’
2307 4611 2474 4675 ἄλλας
2499 4611 2681 4674 αἰτίας
2716 4611 2873 4675 τινὰς
2921 4611 3198 4680 βιάζονται
3237 4615 3338 4666 καὶ
3373 4615 3452 4683 μὴ
3476 4611 3668 4664 θελού-

2077 4721 2176 4767 σας
2194 4704 2364 4767 αὑτὰς
2395 4704 2831 4772 ἐπαγγείλασθαι
2862 4705 3086 4775 ἁγνείαν
3109 4707 3205 4759 καὶ
3245 4706 3512 4775 ἀγαμίαν.
3548 4703 3666 4767 Τὰς

2063 4797 2318 4861 τοιαύτας
2342 4797 2457 4864 οῦν,
2493 4797 2680 4867 φησὶν,
2707 4798 2768 4851 ού
2809 4799 2914 4871 χρὴ
2979 4799 3198 4881 ῥᾳδίως,
3240 4799 3663 4872 προσδέχεσθαι.

2140 4979 2370 5032 ΑΡΙΣΤ.
2395 4978 2534 5032 Μετ’
2563 4979 2816 5034 ἐνιαυτὸν
2860 4978 2960 5041 τὰς
3008 4978 3150 5050 μετά
3204 4979 3302 5048 τὴν
3363 4979 3662 5047 ὁμολογίαν

2069 5071 2455 5134 ὲκπιπτούσας
2483 5073 2790 5140 παρθένους
2823 5072 2872 5124 οἱ
2895 5072 3139 5140 Πατέρες
3164 5071 3433 5140 ἐδέχοντο.
3461 5074 3561 5124 Διά
3595 5071 3658 5124 δὲ

2066 5163 2128 5215 τὸ
2156 5163 2551 5232 κραταιοτέραν
2577 5163 2835 5231 γενέσθαι
2850 5164 2948 5232 τήν
2982 5161 3334 5231 Ἐκκλησίαν,
3369 5163 3658 5232 μοιχαλίδα

2066 5255 2163 5326 τὴν
2190 5255 2496 5326 παρθενίαν
2531 5234 2957 5325 ὁμολογήσασαν
3011 5254 3355 5326 ὀνομάζομεν
3416 5255 3648 5324 περιπί-

2068 5365 2334 5413 πτουσαν,
2409 5349 2504 5400 καὶ
2571 5348 2774 5418 Ιμοιχὸν
2862 5348 2956 5400 τὸν
3012 5348 3273 5416 τοιαύτην
3323 5347 3649 5417 κατέχοντα.

2070 5436 2366 5506 Ὀμολογεί
2399 5436 2457 5489 δὲ
2489 5437 2790 5506 παρθενίαν
2853 5437 2886 5505 ἠ
2946 5438 3078 5506 περὶ
3160 5436 3229 5488 τὰ
3277 5436 3650 5488 ἑπτακαίδεκα

2066 5526 2184 5595 ἔτη,
2219 5528 2313 5579 καὶ
2369 5528 2802 5598 ἀνακρινομένη,
2859 5527 2956 5580 καὶ
3017 5527 3359 5598 παραμένειν
3417 5525 3647 5578 ἐκλιπα-

2069 5613 2263 5684 ροῦσα.

2153 5707 2376 5777 Ἐπειδὴ
2409 5709 2706 5778 μοιχαλίδα
2744 5709 3128 5779 ονομάζειτὴν
3178 5708 3643 5779 προσαγαγοῦσαν

2069 5798 2268 5868 ἑαυτὴν
2300 5799 2376 5868 τῷ
2413 5801 2622 5869 Κυρίῳ,
2665 5800 3088 5873 ἁποταξαμένην
3144 5802 3219 5872 τῷ
3288 5801 3473 5873 γάμῳ,
3545 5800 3640 5854 καὶ
