4076 6412
392 399 497 463 653

1312 394 1395 461 IN
1426 396 1672 461 EPIST.
1718 400 1782 460 S.
1815 398 2105 463 BASlLII
2148 396 2589 462 CANONICAM
2646 397 2723 460 ll.

3544 402 3646 461 (‘E’ai

392 522 484 575 τὸν
515 521 573 572 ὲν
609 517 870 587 ἁγιασμῷ
914 519 1344 587 προτιμήσασαν
1405 516 1558 587 βίον⁹
1628 517 1679 570 εἰ
1751 516 1973 588 παραϐῇ

2086 516 2255 571 vitam
2287 517 2341 571 in
2371 516 2732 572 sanctimonia
2770 522 2944 568 actam
2981 511 3308 583 anteposuit,
3340 512 3382 567 si
3439 515 3651 581 profes-

394 610 495 675 τὰς
525 609 844 681 ὁμολογίας,
878 610 974 663 καὶ
993 610 1090 679 τὴν
1123 611 1262 678 πρὸς
1290 610 1383 662 τὸν
1446 596 1685 679 νυμιρίον
1734 609 1974 680 Χριστὸν

392 704 591 756 ἕνωσιν
618 702 904 771 ἀτιμάσει,
955 702 1172 768 ἡδοναῖς
1225 701 1551 765 ἀκολάστοις
1599 700 1805 773 ἑαυτὴν
1856 702 1975 755 ὲπι-

394 793 581 857 δοῦσα,
630 794 693 845 οὐ
740 792 1223 862 παραδεχθήσεται
1275 792 1453 856 άλλως
1530 796 1596 863 τῇ
1645 792 1969 865 Ἐκκλησίᾳ,

394 885 560 952 εἰμὴ
630 882 816 953 παυθῇ
893 883 994 950 τῆς
1045 876 1344 951 ἁμαρτίας,
1402 883 1498 935 καὶ
1567 884 1813 937 διαλύσει
1912 883 1975 938 τὸ

394 975 639 1044 ἄθεσμον
715 978 1075 1029 συνοικέσιον.
1156 974 1330 1029 Τοῦτο
1415 974 1524 1045 γὰρ
1598 975 1972 1040 διασπάσασα,

393 1067 489 1118 καὶ
568 1066 1035 1135 μεταμεληθεῖσα,
1120 1069 1212 1119 τον
1289 1068 1485 1135 χρόνον
1558 1065 1653 1119 τοῦ
1738 1066 1834 1120 ἐπὶ
1905 1068 1972 1136 τῇ

399 1157 618 1227 μοιχείᾳ
641 1158 1046 1228 ἁμαρτήματος
1104 1157 1484 1229 ἐκπληρώσει,
1534 1156 1678 1212 ὥστε
1735 1159 1793 1211 ἐν
1842 1157 1976 1211 δέκα

400 1252 498 1305 καὶ⁵
562 1252 724 1304 πέντε
762 1251 942 1304 ἔτεσιν
991 1251 1363 1321 ἀκοινώνητον
1447 1249 1622 1319 αὐτὴν
1669 1246 1812 1304 εἶναι
1866 1246 1977 1302 τῶν

399 1343 760 1410 ἁγιασμάτων
790 1357 803 1370 ·
835 1344 892 1395 ὲν
922 1341 1220 1412 τέσσαρσιν
1238 1343 1417 1395 ἐτεσιν
1440 1342 1499 1405 ἐξ
1520 1340 1699 1394 αὐτῶν
1723 1339 1831 1393 τῶν
1852 1356 1979 1392 πεν-

398 1435 692 1489 τεκαίδεκα
731 1434 865 1488 ἑτῶν
897 1435 1343 1505 προσκλαίουσαν
1378 1435 1501 1503 μὲν,
1562 1435 1619 1487 ὲν
1687 1432 1851 1486 πέντε
1918 1433 1975 1486 δὲ

397 1530 510 1590 τοῖς
528 1528 904 1596 ἀκροωμένοις
936 1526 1047 1579 τῶν
1096 1526 1256 1581 θείων
1308 1526 1543 1599 Γραφῶν
1604 1524 1976 1594 συνταττομέ-

379 1638 530 1709 ἱνων,
569 1621 627 1671 ὲν
667 1621 965 1688 τέσσαρσιν
998 1622 1442 1683 ύποπίπτουσαν,
1477 1618 1575 1671 καὶ
1625 1620 1683 1671 ὲν
1720 1618 1840 1671 δυσὶ
1866 1619 1978 1680 τοῖς

402 1714 619 1774 πιστοῖς
641 1710 1016 1775 συνεστῶσαν,
1050 1711 1275 1765 καὶτῶν
1303 1709 1485 1780 εὐχῶν
1551 1709 1921 1765 κοινωνοῦσαν
1958 1722 1972 1737 ’

399 1806 495 1857 καὶ
532 1803 672 1872 μετά
696 1803 788 1855 τὸν
812 1803 1304 1856 πεντεκαιδέκατον
1338 1803 1553 1873 χρόνον,
1616 1798 1712 1853 τοῦ
1767 1799 1976 1854 τελείου

2081 606 2266 663 siones
2318 623 2446 663 suas
2500 606 2853 676 transilieritf,
2906 615 2962 661 et
3010 605 3324 661 unctionem
3379 621 3530 659 suam
3584 607 3653 659 ad

2082 715 2336 768 sponsam
2370 699 2686 771 neglexerit,
2716 698 3080 767 voluptatibus
3108 697 3327 753 lascivis
3353 714 3480 753 sese
3548 708 3651 751 tra-

2082 792 2234 855 dens,
2258 806 2364 846 non
2415 792 2574 845 aliter
2614 791 2667 845 in
2740 789 3041 845 Ecclesiam
3103 788 3415 858 recipiatur,
3467 789 3571 842 nisi
3625 804 3652 841 a

2081 894 2304 955 peccato
2342 892 2539 949 cesset,
2565 891 2616 936 et
2645 881 2986 950 illcgitimum
3020 880 3425 934 matrimonium
3455 880 3653 936 dissol-

2083 989 2192 1032 vat.
2221 975 2369 1032 Istud
2405 976 2548 1031 enim
2574 976 2907 1041 distrahens,
2942 984 2997 1029 et
3044 975 3427 1044 pmnitcntiam
3487 989 3652 1041 agens

2086 1081 2296 1140 tempus
2324 1071 2535 1141 peccati
2576 1072 2630 1125 in
2683 1068 3044 1123 fornicatione
3102 1067 3364 1133 explebit,
3404 1073 3541 1121 adeo
3597 1076 3657 1120 ut

2082 1167 2200 1234 ipsa
2247 1164 2561 1234 quindecim
2623 1164 2783 1217 armis
2853 1170 3323 1216 sacramentorum
3401 1175 3509 1213 non
3577 1162 3651 1214 sit

2079 1258 2372 1324 particeps,
2430 1264 2666 1323 quatuor
2715 1255 2944 1309 istorum
2996 1252 3306 1322 quindecim
3382 1268 3654 1307 annorum

2083 1360 2255 1400 annos
2283 1345 2511 1407 deﬂens.
2560 1347 2798 1416 quinque
2822 1354 3002 1399 autem
3040 1346 3182 1400 inter
3213 1360 3307 1399 eos
3368 1346 3461 1414 qui
3517 1346 3659 1399 divi-

2080 1452 2176 1492 nas
2199 1436 2507 1505 Scripturas
2531 1437 2776 1504 audiunt,
2804 1436 3089 1501 collocata,
3110 1443 3340 1506 quatuor
3358 1437 3655 1500 substrata,

2079 1538 2134 1584 et
2156 1528 2365 1584 duobus
2397 1530 2539 1583 inter
2576 1528 2759 1584 fideles
2809 1530 3134 1593 constituta,
3173 1537 3227 1581 et
3285 1542 3504 1597 precum
3531 1544 3657 1597 par-

2083 1621 2279 1691 ticeps,
2307 1628 2360 1675 et
2384 1630 2506 1691 post
2538 1621 2852 1691 quindecim
2883 1636 3055 1675 annos
3102 1619 3452 1690 perfectionis
3507 1636 3659 1675 com-

2082 1727 2179 1781 pos
2238 1713 2331 1766 fiat
2380 1721 2436 1767 et
2481 1713 2659 1767 divina
2733 1712 3117 1767 communione
3164 1713 3321 1782 digna
3375 1714 3657 1766 habeatur.

2082 1804 2339 1871 Quamvis
2385 1804 2472 1859 hic
2506 1819 2681 1859 canon
2737 1803 2963 1874 requirit
3018 1818 3138 1858 eam
3190 1817 3349 1871 supra
3397 1800 3664 1857 sedecim‘

398 1897 602 1965 τυχεῖν,
642 1894 860 1962 καὶτῆς
911 1894 1061 1957 θείας
1114 1895 1401 1956 κοινωνίας
1478 1892 1804 1962 ἀξιωθῆναι.
1862 1891 1973 1945 Κᾶι

2092 1897 2177 1951 vel
2207 1895 2591 1966 septemdecim
2624 1910 2794 1950 annos
2826 1910 2951 1950 esse
2998 1909 3116 1962 quae
3178 1894 3232 1948 in
3270 1894 3535 1963 virginum
3567 1909 3661 1947 or-

397 1987 425 2037 ὁ
458 1987 641 2037 κανὼν
672 1977 826 2047 οὗτος
858 1983 1000 2054 ὑπὲρ
1038 1985 1107 2035 τὰ
1137 1983 1336 2049 δεκαὲξ
1365 1984 1399 2055 ἢ
1424 1984 1517 2037 καὶ
1565 1982 1844 2036 δεκαεπτὰ
1874 1981 1972 2052 ἐτη

2076 1992 2256 2044 dinem
2302 1987 2512 2043 admitti
2537 1987 2789 2056 cupit,ut
2835 1984 3271 2056 quandoquidem
3323 1995 3450 2039 tunc
3495 1985 3661 2039 ratio-

399 2077 605 2147 ἀπαιτῇ
638 2070 781 2128 εἶναι
805 2076 902 2146 τὴν
972 2075 1386 2145 ὲκλιπαροῢσαν
1450 2075 1866 2146 παραδεχθῆναι
1896 2074 1978 2135 είς

400 2170 460 2222 τὸ
484 2168 593 2221 τῶν
626 2168 913 2239 παρθένων
946 2168 1135 2239 τάγμα
1165 2186 1180 2199 ·
1224 2170 1290 2223 ἵν’
1318 2169 1395 2233 ὡς
1449 2168 1748 2239 τηνικαῦτα
1817 2166 1982 2237 κυρία

406 2254 539 2314 οὖσα
563 2260 671 2313 τῶν
700 2259 1004 2330 λογισμῶν,
1030 2261 1123 2315 καὶ
1145 2260 1241 2328 τὴν
1271 2260 1367 2314 τοῦ
1398 2261 1557 2329 λόγου
1589 2260 1984 2331 συμπλήρωσιν

404 2351 623 2423 ἔχουσα,
656 2355 705 2406 εί
734 2352 995 2422 ἀθετήσει
1066 2352 1167 2415 τὰς
1226 2352 1524 2422 συνθήκας,
1582 2353 1979 2422 ἀπαραιτήτως

402 2443 667 2514 κολασθῇ.
713 2442 858 2497 Ἀλλ’
910 2439 1003 2497 οὖν
1063 2447 1091 2498 ὁ
1143 2443 1588 2515 τεσσαρακοστὸς
1651 2442 1830 2496 κανὼν
1876 2443 1980 2513 τῆς

401 2538 460 2588 ὲν
481 2536 557 2607 τῷ
584 2526 844 2607 Τρούλλῳ
874 2536 1041 2607 ἕκτης
1080 2538 1320 2602 συνόδου,
1359 2539 1455 2592 καὶ
1508 2537 1600 2591 τὸν
1658 2538 1791 2592 δέκα
1840 2539 1979 2593 ὲτῶν

399 2627 550 2695 ὄντα,
626 2628 893 2699 μέλλοντα
964 2631 1056 2683 τὶν
1137 2629 1428 2700 μοναδικδν
1486 2629 1647 2698 ζυγὸν
1704 2629 1980 2698 ὑπελθεῖν,

403 2720 797 2790 παραδέχεται,
830 2720 919 2774 διὰ
944 2720 1005 2774 τὸ
1034 2720 1131 2792 τὴν
1178 2721 1511 2792 Ἐκκλησίαν
1576 2722 1978 2791 κραταιοτέραν

2079 2081 2412 2137 cinationum
2445 2079 2519 2133 sit
2558 2078 2798 2142 domina,
2832 2085 2888 2131 et
2908 2077 3229 2146 completam
3264 2077 3452 2130 habeat
3504 2078 3664 2130 ratio-

2085 2188 2231 2239 nem,
2259 2173 2303 2227 si
2334 2173 2729 2243 promissiones
2764 2186 2888 2226 suas
2940 2170 3245 2238 violaverit,
3311 2172 3662 2226 inexorabili-

2087 2276 2169 2321 ter
2200 2280 2391 2335 poenas
2429 2266 2561 2319 luat.
2591 2266 2659 2318 At
2708 2263 3165 2333 quadragesimus
3195 2273 3367 2318 sextae
3398 2264 3450 2317 in
3475 2262 3662 2318 Trullu

2088 2357 2280 2426 synodi
2311 2371 2484 2411 canon
2527 2356 2690 2409 etiam
2721 2370 2843 2408 eum
2869 2354 2961 2423 qui
3018 2370 3155 2435 cum.
3196 2355 3381 2410 decem
3433 2356 3506 2410 sit
3559 2373 3663 2409 an-

2050 2510 2051 2513 ,
2081 2464 2272 2504 norum
2297 2449 2482 2519 iugum
2514 2448 2869 2502 mouasticum
2905 2458 2989 2502 est
3015 2456 3368 2517 suscepturus
3401 2450 3658 2516 admittit,

2081 2550 2139 2595 ut
2188 2541 2429 2600 Ecclesia
2462 2541 2741 2609 pmcntior
2773 2540 2989 2605 evadat,
3050 2549 3106 2594 et
3155 2540 3391 2595 fidelium
3434 2557 3663 2611 congre—

2079 2634 2230 2703 gatio
2286 2635 2351 2688 ad
2402 2634 2782 2688 mandatorum
2836 2632 3275 2688 observationem
3330 2634 3421 2689 Dei
3484 2637 3656 2704 gratia

2086 2726 2240 2779 ﬁrma
2265 2724 2579 2792 stabilisque
2622 2724 2737 2779 ﬁat.

399 2813 675 2878 γενέσθαι,
706 2811 799 2866 καὶ
828 2813 888 2866 τὸ
917 2811 1026 2867 τῶν
1058 2811 1266 2864 πιστῶν
1302 2811 1553 2886 σύστημα
1579 2814 1717 2883 πρὸς
1751 2812 1849 2885 τὴν
1869 2812 1978 2868 τῶν
2005 2814 2236 2868 ἐντολῶν
2265 2815 2498 2886 τήρησιν
2558 2815 2741 2889 χάριτι
2796 2817 2918 2891 θείᾳ
2977 2819 3175 2889 πάγιόν
3198 2837 3258 2874 τε
3312 2819 3406 2875 καὶ
3476 2821 3658 2887 ἀσφα-

398 2903 486 2968 λὲς
519 2900 679 2959 εἶναι.

984 3048 1224 3102 ΚΑΝΩΝ
1244 3045 1347 3103 19'.

410 3157 650 3229 Ἀνδρῶν
678 3157 734 3211 δὲ
756 3157 1049 3228 ὁμολογίαν
1074 3161 1173 3213 οὐκ
1198 3159 1466 3230 ἔγνωμεν,
1488 3160 1625 3233 πλὴν
1655 3160 1704 3214 εί
1737 3160 1812 3232 μή
1839 3176 1984 3223 τινες

2651 3045 2881 3102 ΟΑΝΟΝ
2946 3045 3088 3101 XIX.

2086 3158 2338 3213 Virorum
2369 3165 2550 3213 autem
2585 3158 2954 3226 professiones
2982 3174 3090 3213 non
3123 3160 3374 3215 novimus
3428 3170 3656 3228 pra‘tcr-

472 3249 700 3311 ἑαυτοὺς
723 3250 800 3318 τῷ
826 3251 1070 3320 τάγματι
1094 3252 1203 3303 τῶν
1250 3252 1592 3321 μοναζόντων
1645 3251 1973 3323 ὲγκατηρίθ-

2150 3266 2312 3323 quam
2334 3251 2380 3306 si
2399 3252 2487 3321 qui
2516 3267 2579 3306 se
2610 3252 2755 3322 ipsos
2772 3254 3165 3308 monachorum
3196 3255 3372 3309 ordini
3392 3270 3657 3308 annume-

473 3358 658 3412 μησαν
685 3357 701 3373 °
726 3342 776 3394 οἳ
807 3344 951 3396 κατὰ
984 3344 1044 3396 τὸ
1077 3343 1435 3411 σιωπώμενον
1458 3343 1674 3398 δοκοῦσι
1732 3344 1972 3413 παραδέ-

467 3433 659 3502 χεσθαι
695 3434 792 3505 τὴν
819 3436 1080 3502 ἀγαμίαν.
1120 3435 1266 3503 Πλὴν
1294 3436 1387 3488 καὶ
1415 3433 1502 3487 ἐπ’
1525 3435 1770 3498 ἐκείνων,
1799 3437 1976 3488 ἐκεῖνο

471 3525 716 3595 ἠγοῦμαι
747 3527 1108 3597 προηγεῖσθαι
1150 3527 1473 3597 προσήκειν,
1532 3524 1844 3594 ἐρωτᾶσθαι
1880 3524 1975 3577 αἱ·

469 3621 595 3682 τοὺς
655 3618 752 3672 καὶ
782 3617 1157 3685 λαμϐάνεσθαι
1182 3618 1280 3687 τὴν
1312 3616 1444 3687 παρ’
1471 3617 1651 3675 αὐτῶν
1681 3617 1974 3685 ὁμολογίαν

471 3710 695 3780 ἐναργῆ,
763 3708 906 3763 ὥστε
979 3710 1199 3763 ἐπειδὰν
1276 3707 1654 3777 μετατίθενται
1708 3711 1840 3777 πρὸς
1883 3708 1977 3760 τὸν

470 3803 802 3873 φιλόσαρκον
825 3803 921 3856 καὶ
952 3800 1203 3872 ἡδονικὺν
1232 3798 1367 3869 βίον,
1402 3799 1636 3867 ὑπάγειν
1666 3798 1865 3861 αὐτοὺς
1893 3796 1976 3866 τῷ

470 3893 577 3948 τῶν
598 3895 974 3965 πορνευὸντων
1007 3892 1296 3961 ἐπιτιμίῳ.

472 4006 670 4059 ΒΑΛΣ.
712 4006 1029 4077 Σημείωσαι
1079 4004 1189 4057 ἀπὸ
1236 4002 1333 4056 τοῦ
1407 4002 1674 4074 παρόντος
1726 4002 1972 4068 κανόνος,

399 4097 670 4165 λέγοντος,
720 4097 943 4167 ’Δνδρὸς
980 4097 1039 4149 δὲ
1060 4096 1356 4165 ὁμολογίας
1383 4096 1483 4149 οὐκ
1535 4095 1802 4165 ἔγνωμεν,
1835 4094 1976 4165 πλὴν

397 4192 445 4244 εί
481 4193 554 4261 μή
578 4208 721 4252 τινες
752 4189 981 4251 ἑαυτοὺς
1032 4189 1111 4259 τῷ
1172 4188 1417 4256 τάγματι
1462 4186 1574 4240 τῶν
1634 4186 1976 4253 μοναζὸντων

397 4280 908 4351 ἑγκατηρίθμησαν,
939 4280 1021 4331 ὅτι
1054 4280 1112 4332 ἐν
1144 4277 1221 4348 τῷ
1256 4276 1325 4348 ιη’
1351 4277 1535 4330 κανόνι
1565 4279 1625 4330 ού
1652 4277 1784 4348 περὶ
1810 4294 1975 4346 μονα-

399 4371 602 4436 ζόντων
634 4366 811 4437 εἶπεν,
845 4369 984 4424 ἀλλὰ
1039 4370 1169 4440 περὶ
1234 4368 1520 4440 παρθένων
1560 4368 1974 4439 ἅφοριζομένων

396 4465 471 4535 τῷ
503 4463 625 4535 Θεῷ
663 4463 807 4532 μετά
838 4462 1033 4516 λαῖκοῦ
1084 4461 1387 4532 σχήματος.
1452 4460 1755 4541 Ἀνάγνιιιθι
1784 4461 1882 4529 τῆς
1916 4461 1974 4514 ὲν

2148 3350 2379 3398 rarunt:
2416 3344 2508 3412 qui
2536 3343 2696 3397 tacite
2724 3343 2977 3397 videntur
3010 3343 3318 3398 caelibatum
3349 3346 3652 3399 admittere.

2146 3433 2251 3489 Sed
2284 3435 2337 3489 in
2370 3433 2478 3490 illis
2507 3449 2721 3503 quoque
2743 3436 2998 3490 existimo
3020 3439 3328 3515 praecedere
3369 3448 3650 3506 oportere.

2152 3518 2214 3581 ut
2247 3526 2347 3596 ipsi
2390 3536 2825 3595 tnterrogeutur,
2859 3534 2913 3580 et
2940 3515 3169 3581 evitﬁns
3225 3527 3466 3593 ipsorum
3507 3530 3654 3582 acci-

2145 3618 2329 3687 piatur
2360 3616 2648 3686 professio,
2677 3624 2737 3671 ut
2782 3627 3070 3686 postquam
3101 3631 3161 3672 se
3192 3619 3259 3670 ad
3299 3616 3646 3673 libidinosam

2145 3724 2197 3767 et
2225 3712 2580 3780 voluptariam
2626 3710 2792 3763 vitam
2850 3712 3241 3775 converterint,
3303 3725 3495 3766 eorum
3557 3712 3650 3779 qui

2149 3804 2483 3858 fornica-ntur
2511 3801 2776 3872 punitioni
2799 3800 3180 3871 subiiciantur.

2145 4011 2345 4068 BALS.
2381 4010 2517 4068 Nota.
2545 4027 2611 4066 ex
2656 4010 2906 4082 praesenti
2960 4024 3171 4069 canone
3209 4011 3441 4074 dicente,
3493 4009 3651 4063 Viro-

2076 4120 2194 4159 rum
2224 4114 2403 4159 autem
2436 4102 2802 4173 professiones
2833 4116 2939 4155 non
2978 4101 3249 4165 novimus,
3289 4111 3647 4169 pratterquam

2075 4196 2234 4265 siqui
2264 4196 2490 4264 seipsos
2540 4197 2591 4249 in
2640 4195 3032 4249 monachorum
3089 4209 3374 4247 numerum
3445 4194 3646 4249 retule-

2078 4292 2233 4349 runt,
2256 4285 2398 4354 quod
2434 4285 2484 4338 in
2522 4298 2729 4338 canone
2758 4284 2824 4339 18
2885 4300 2989 4339 non
3051 4284 3118 4338 de
3180 4283 3460 4338 nacuarhis
3486 4324 3500 4346 ,
3556 4286 3651 4338 sed

2074 4373 2143 4428 de
2192 4373 2496 4444 virginibus
2549 4375 2656 4427 Deo
2747 4389 2867 4427 cum
2903 4373 3039 4427 laico
3098 4374 3286 4427 habitu
3352 4375 3650 4444 segregatis

2076 4466 2286 4522 locutus
2338 4477 2438 4521 est.
2498 4465 2642 4537 Lege
2699 4465 3018 4537 Carthagin.
3072 4480 3351 4536 syn.can.
3401 4466 3455 4529 6,
3488 4466 3556 4519 44
3596 4478 3650 4520 et

396 4557 729 4629 Καρθαγένῃ
753 4556 975 4609 συνόδου
1009 4555 1211 4607 κανόνα
1248 4559 1325 4618 ς’,
1372 4550 1457 4623 μδ⁹
1504 4554 1598 4606 καὶ
1643 4550 1795 4622 ρκς’.
1832 4551 1971 4613 Τοὺς

2080 4558 2203 4613 19.6.
2236 4556 2527 4613 Monachos
2554 4566 2733 4612 autem
2782 4557 2933 4620 dicit,
2967 4557 3182 4611 etiamsi
3220 4557 3383 4611 tacite
3427 4557 3649 4611 videan-

398 4651 584 4718 μέντοι
616 4648 887 4718 μοναχούς
918 4662 1076 4716 φησι,
1128 4644 1229 4698 κᾶν
1257 4644 1353 4697 καὶ
1415 4644 1616 4697 δοκῶσι
1677 4643 1970 4714 σιωπηρῶς

393 4738 787 4794 κατατίθεσθαι
816 4737 1095 4805 ἁγνεύειν,
1116 4736 1265 4807 ὅμως
1296 4735 1540 4803 ὀφείλειν
1590 4735 1685 4787 καὶ
1746 4733 1973 4797 τούτους

391 4833 727 4902 ἐρωτᾶσθαι,
768 4831 861 4884 καὶ
898 4830 1188 4900 ὁμολογεῖν
1220 4826 1469 4897 ἀγαμίαν
1519 4845 1535 4860 ·
1565 4826 1678 4889 ἴνα,
1714 4827 1809 4880 ὲάν
1832 4826 1971 4897 ψεύο

394 4941 617 4987 σωνται,
679 4924 755 4985 ὡς
814 4920 1219 4990 πορνεύσαντες
1289 4918 1687 4990 ἑπιτιμηθῶσι.
1736 4919 1970 4975 ,Τούτων

393 5013 461 5086 δὴ
480 5013 657 5076 οὕτως
683 5013 939 5083 ἐχόντων,
974 5011 1049 5081 μὴ
1080 5008 1246 5083 εἴπης
1271 5006 1345 5072 ὡς
1410 5011 1458 5061 οἱ
1521 5007 1597 5080 μὴ
1643 5002 1970 5080 ποιήσαντες

399 5107 627 5176 μοναχολ¹
660 5104 920 5172 τοιαύτην
945 5100 1240 5173 ὁμολογίαν
1268 5098 1596 5169 ἀνέγκλητοι
1627 5098 1967 5171 διατηρηθή-

394 5214 600 5251 σονται.
641 5197 761 5249 Κᾶν
794 5196 904 5264 γάρ
936 5194 1010 5265 μὴ
1040 5194 1297 5261 ἀποκαρῇ
1333 5208 1438 5257 τις,
1514 5190 1651 5244 ἀλλὰ
1734 5194 1968 5262 ῥασοφο-

392 5292 560 5361 ρήσῃ,
589 5290 649 5342 οὐ
669 5289 960 5358 δυνήσεται
990 5284 1585 5357 μετασχηματισθῆναι
1632 5272 1727 5338 καὶ
1760 5286 1842 5347 είς
1866 5286 1968 5353 γά-

394 5401 496 5454 μον
526 5382 723 5448 ὲλθεῖν,
765 5380 903 5435 άλλά
951 5380 1101 5434 ἄκων
1167 5376 1654 5447 ἀναγκασθήσεται
1702 5377 1969 5447 ὑποστρέ-

388 5478 491 5548 ψαι
518 5479 601 5539 εἰς
634 5476 728 5527 τὸν
759 5473 1061 5544 μοναχικδν
1088 5471 1225 5542 βίον,
1266 5470 1341 5532 ὡς
1382 5469 1649 5532 πολλάκις
1699 5470 1859 5524 τοῦτο
1892 5469 1970 5523 εῖ-

386 5587 592 5641 πομεν.
622 5568 695 5621 Τὸ
720 5566 854 5619 αὐτὸ
880 5566 936 5618 δὲ
956 5565 1107 5617 ἔσται
1144 5563 1241 5617 καὶ
1279 5564 1360 5625 είς
1411 5563 1674 5631 μοναχάς,
1705 5560 1844 5614 άλλά
1872 5561 1967 5633 καὶ

387 5662 468 5723 εἰς
496 5662 705 5720 πάντας
733 5656 862 5719 τοὺς
892 5654 985 5707 τοῦ
1010 5653 1277 5725 βήματος.
1308 5650 1419 5703 Καὶ
1439 5643 1586 5703 οὗτοι
1615 5650 1725 5720 γάρ
1752 5666 1966 5718 σιωπη.

393 5753 497 5823 ρῶς
526 5748 775 5803 δοκοῦσιν
807 5746 1090 5816 ὁμολογεῖν
1131 5745 1206 5814 μὴ
1239 5743 1420 5797 ἐλθεῖν
1458 5744 1542 5805 είς
1584 5741 1762 5811 γάμον
1828 5740 1967 5811 μετὰ

389 5844 491 5911 τὴν
524 5838 883 5910 χειροτονίαν,
914 5838 1007 5891 καὶ
1030 5835 1464 5906 παραϐαίνοντες
1484 5831 1575 5885 τὸν
1595 5830 1796 5885 κανόνα
1823 5829 1964 5883 καθ-

2079 4663 2165 4706 tur
2188 4650 2495 4704 castitatem
2523 4648 2726 4713 co‘lere,
2761 4649 2959 4704 debere
2992 4657 3172 4703 tamen
3206 4662 3301 4703 eos
3345 4649 3506 4702 etiam
3560 4651 3647 4702 in-

2073 4742 2361 4811 terrogari,
2420 4751 2475 4795 et
2527 4740 2831 4795 crclibatum
2888 4740 3172 4810 profiteri:
3219 4751 3276 4794 ut
3334 4741 3377 4793 si
3433 4742 3643 4794 trueutiti

2070 4834 2274 4888 fuerint
2304 4841 2363 4887 ut
2404 4830 2762 4887 fornicatores
2802 4832 3121 4900 puniantur.
3153 4828 3264 4884 Etsi
3314 4838 3496 4886 autem
3529 4833 3645 4887 lucc

2072 4925 2145 4980 ita
2172 4938 2236 4979 se
2268 4923 2528 4986 habeant,
2559 4937 2626 4976 ne
2655 4921 2864 4978 dixeris
2897 4921 3043 4990 quod
3071 4922 3326 4977 monachi
3361 4923 3450 4991 qui
3495 4921 3639 4976 hanc

2072 5014 2469 5085 professionem
2507 5028 2614 5068 non
2643 5013 2843 5078 fecere,
2878 5012 3119 5068 insontes
3176 5012 3422 5082 nullique
3467 5013 3640 5083 culpa:

2069 5105 2290 5160 obnoxii
2322 5104 2710 5160 servabuntur.
2746 5102 2856 5157 Etsi
2888 5103 3034 5157 enim
3106 5118 3211 5158 non
3248 5103 3407 5156 fuerit
3449 5112 3643 5159 tonsus

2071 5195 2367 5266 quispiam,
2424 5195 2518 5249 sed
2553 5209 2678 5249 rasa
2709 5194 3025 5261 gestaverit,
3068 5208 3172 5247 non
3208 5194 3405 5261 poterit
3432 5202 3643 5249 mutare

2070 5287 2317 5342 habitum
2344 5295 2397 5341 et
2432 5288 2499 5339 ad
2537 5287 2754 5354 nuptias
2805 5285 3121 5350 convolare,
3182 5286 3276 5339 sed
3338 5286 3539 5340 invitus
3569 5288 3636 5339 ad

2070 5378 2315 5433 habiturn
2374 5376 2735 5431 monasticam
2783 5376 2985 5430 reverti
3030 5384 3293 5445 cogetur,
3344 5378 3489 5431 sicut
3538 5379 3641 5431 hoc

2068 5480 2210 5537 saepe
2242 5465 2501 5521 diximus.
2530 5464 2676 5519 idem
2728 5465 2835 5518 erit
2895 5472 2950 5519 et
2976 5466 3041 5520 de
3090 5464 3438 5529 mouialibus,
3476 5475 3530 5519 ct
3571 5467 3639 5518 de

2071 5559 2323 5615 omnibus
2347 5556 2563 5612 clericis
2583 5556 2891 5611 tribunalis.
2921 5555 3054 5611 Nam
3086 5566 3141 5611 et
3176 5557 3209 5608 ii
3243 5571 3436 5610 omnes
3479 5556 3638 5609 tacite

2069 5647 2310 5719 profiteri
2338 5647 2592 5701 videntur
2611 5661 2668 5700 se
2701 5645 3106 5700 matrimonium
3135 5658 3238 5697 non
3260 5654 3639 5698 contracturus

2068 5747 2190 5810 post
2220 5738 2652 5793 ordinationem:
2706 5746 2761 5791 et
2817 5751 3084 5792 canonem
3153 5734 3636 5803 transgredientes.

2069 5831 2432 5899 deponuntur.
2493 5829 2683 5895 Quaere
2727 5840 3039 5885 sanctorum
3100 5826 3462 5894 apostolorum
3510 5842 3636 5882 can.
