4076 6384
422 284 531 345 633

479 488 546 538 ad
580 485 910 541 auditionem
944 488 1174 543 admitti.
1210 489 1414 558 Tertio,
1450 496 1655 550 athnitti
1689 498 1754 552 ad
1806 503 1982 568 paeni-

478 576 723 632 tentiam.
761 577 985 644 Quarto,
1014 581 1079 635 ad
1103 586 1574 654 congregationem
1611 601 1732 642 cum
1762 592 1982 660 populo,

477 669 813 726 abstinentes
835 673 903 727 ab
927 672 1221 733 oblatione.
1250 674 1454 733 Deinde
1482 678 1560 734 eis
1589 682 1826 750 permitti
1855 684 1982 740 boni

482 761 942 822 communionem.

478 1018 671 1077 BALS.
748 1024 1050 1083 Vicesimus
1100 1032 1364 1097 septimus
1418 1049 1591 1090 canon
1646 1037 1975 1093 Chalcedon.

408 1112 597 1181 synodi
627 1114 715 1183 qui
745 1114 882 1169 idem
914 1126 1000 1172 est
1025 1122 1244 1176 omnino
1274 1136 1445 1178 canon
1467 1124 1536 1180 9i
1559 1137 1727 1182 sextae
1750 1128 1967 1199 synodi,

411 1205 656 1259 decernit
684 1206 810 1274 quid
865 1208 1053 1264 debeat
1089 1211 1201 1266 lieri
1233 1211 1298 1268 iis
1355 1215 1449 1284 qtti
1482 1217 1734 1274 mulieres
1766 1221 1983 1290 rapiunt

407 1296 621 1351 nomine
651 1297 914 1367 conjugii.
948 1299 1199 1358 Prmsens
1230 1313 1411 1361 autem
1467 1322 1641 1363 canon
1672 1309 1829 1376 jubet
1856 1324 1973 1374 eos,

403 1386 492 1451 qui
527 1387 804 1443 mulierem
839 1389 993 1448 alteri
1030 1393 1354 1464 desponsam
1388 1400 1687 1469 rapuerint,
1738 1416 1843 1457 non
1874 1402 1974 1455 ali-

406 1487 484 1531 ter
510 1479 575 1532 ad
608 1482 985 1547 paenitentiam
1041 1485 1256 1553 admitti
1312 1504 1476 1558 quam
1510 1491 1555 1546 si
1613 1503 1794 1561 raptas
1824 1494 1977 1561 prius

406 1567 674 1634 dederint,
707 1581 763 1625 ut
789 1574 972 1640 sponsi
999 1588 1182 1630 earum
1212 1577 1360 1646 ipsas
1388 1580 1433 1636 si
1467 1580 1637 1638 velint
1663 1585 1974 1653 accipiant:

404 1658 485 1711 sin
512 1660 711 1727 minus,
745 1662 815 1715 sit
845 1666 982 1731 apud
1011 1680 1138 1721 suos
1173 1677 1451 1738 cognatos.
1488 1672 1574 1727 Ab
1607 1672 1687 1728 eis
1718 1689 1847 1729 vero
1877 1676 1973 1746 qui

405 1750 679 1805 mulierem
713 1754 937 1812 liberam
971 1772 1064 1812 seu
1122 1760 1250 1815 nulli
1309 1763 1635 1832 desponsam
1675 1769 1973 1836 rapuerinl,
2008 1779 2056 1838 Β

317 1900 322 1905 ,
400 1854 521 1899 eam
556 1842 740 1898 itidem
777 1844 977 1902 auferri
1007 1860 1062 1905 et
1098 1851 1239 1906 tradi
1270 1856 1613 1923 parentibus,
1667 1858 1752 1913 vel
1787 1860 1853 1914 iis
1883 1862 1976 1931 qui

400 1931 600 2001 alioqui
633 1935 698 1990 ad
731 1952 849 1991 eam
876 1941 1155 2011 attinent:
1214 1952 1271 1999 ut
1299 1960 1420 2002 eam
1452 1948 1497 2002 si
1531 1947 1716 2017 velint,
1766 1954 1971 2021 raptori

395 2024 744 2095 ronjungant,
777 2043 898 2083 eum
943 2031 1062 2102 ejus
1093 2034 1255 2089 etiam
1289 2050 1561 2093 consensu
1589 2055 1604 2105 ;
1662 2041 1747 2096 sin
1781 2052 1963 2099 autem

396 2114 496 2171 hoc
525 2117 603 2171 eis
634 2134 736 2175 non
769 2121 1051 2191 placuerit,
1082 2140 1149 2179 ne
1180 2127 1294 2181 ﬁat.
1348 2127 1846 2202 Quomodoeunque
1876 2150 1976 2189 au—

399 2215 501 2256 tem
535 2221 594 2261 se
628 2223 713 2265 res
743 2210 959 2276 habeat,
999 2215 1099 2270 etsi
1131 2216 1382 2272 videlicet
1428 2228 1597 2291 raptae
1629 2233 1812 2293 raptor
1846 2240 1975 2283 eon-

387 2295 668 2369 jungatur,
693 2302 871 2378 ptenis
891 2302 992 2356 erit
1024 2302 1413 2361 fornicaturum
1460 2310 1749 2383 obnoxius,
1774 2322 1826 2369 et
1858 2331 1963 2371 non
1993 2369 2011 2383 ,

390 2385 566 2459 solum
599 2389 678 2441 sic
734 2390 989 2459 punietur
1015 2404 1219 2463 raptor.
1275 2399 1370 2453 sed
1431 2410 1484 2455 et
1544 2402 1726 2475 is’qui
1780 2408 1971 2475 puellas

389 2477 529 2531 clam
567 2479 755 2540 vitium
789 2482 984 2538 attulit.
1021 2483 1436 2543 Fornicatorum
1469 2502 1651 2549 autem
1684 2509 1875 2565 pcenas
1913 2497 1968 2554 in

387 2578 621 2638 quatuor
650 2587 822 2629 annos
857 2574 1062 2632 deﬁnit.
1115 2575 1183 2639 Et
1228 2578 1280 2633 in
1320 2581 1405 2636 his
1459 2585 1676 2653 quidem
1727 2604 1968 2658 praesens

385 2674 560 2718 canon
593 2664 872 2722 cuttsistit.
903 2664 1013 2721 Lex
1042 2679 1221 2723 autem
1251 2671 1426 2728 civilis
1456 2674 1561 2730 alio
1588 2676 1750 2732 modo
1782 2691 1967 2751 rapto-

388 2764 474 2806 res
502 2754 677 2820 punit,
716 2770 817 2810 nec
851 2756 959 2811 ullo
993 2760 1154 2831 modo
1187 2761 1456 2830 permittit
1489 2774 1550 2823 ttt
1579 2778 1764 2839 raptor
1797 2779 1967 2842 raptat

385 2841 763 2914 coniungatur.
818 2846 887 2909 Et
955 2857 1009 2905 tn
1063 2852 1179 2922 lege
1229 2855 1543 2923 pradictum
1601 2841 1873 2917 canonem
1895 2863 1962 2918 27

385 2932 576 3001 synodi
607 2933 889 3005 Cltalced.,
917 2947 975 2993 et
1002 2939 1073 2996 92
1093 2940 1360 2998 sextae!
1391 2960 1510 3002 can.
1540 2949 1606 3004 (i7
1644 2961 1960 3008 sanctorum

385 3024 774 3101 apostolorum,
805 3039 858 3082 et
892 3042 1053 3100 caput
1102 3034 1172 3091 30
1205 3035 1344 3093 tituli
1373 3037 1407 3094 9
1450 3042 1729 3108 praesentis
1781 3044 1963 3113 operis

1673 299 1946 365 THEOD.
1992 305 2396 375 BALSAMON

488 392 633 457 ipsos
663 391 854 448 deﬂere
885 397 950 449 ad
1001 390 1142 451 fores
1172 398 1433 458 ecclesiae.
1485 404 1737 461 Secundo
1770 421 1974 475 autem,
2009 428 2055 487 Α
2150 441 2257 490 σις.

3555 336 3667 400 ενι

2311 429 2432 503 Χρὴ
2465 431 2625 503 δὲτῷ
2663 436 2861 506 πρώτῳ
2906 438 3267 496 ἐκϐάλλεσθαι
3334 446 3442 499 τῶν
3495 467 3665 521 προσ-

2162 520 2342 589 ευχῶν
2379 564 2392 589 ,
2453 527 2549 578 καὶ
2610 530 2967 598 προσκλαίειν
3020 534 3218 599 αὐτοὺς
3265 540 3329 608 τῇ
3373 538 3512 613 θύρᾳ
3565 544 3665 614 τῆς

2162 612 2475 687 ἐκκλησίας.
2540 620 2631 691 Τῷ
2683 621 2923 695 δευτέρῳ
2951 626 3209 698 δεχθῆναι
3252 632 3333 694 είς
3376 612 3662 703 ἀκρόασινο

2160 704 2238 773 τῷ
2270 708 2438 777 τρίτῳ
2485 711 2740 781 δεχθῆναι
2790 717 2872 778 είς
2924 705 3268 786 μετάνοιαν(
3297 723 3373 794 τῷ
3413 727 3660 799 τετάρτῳ

2162 796 2243 857 είς
2287 797 2546 853 σύστασιν
2606 805 2746 871 μετὰ
2810 805 2905 859 τοῦ
2938 808 3092 874 λαοῦ,
3131 813 3505 884 ἀπεχομένους
3559 817 3662 890 τῆς

2162 892 2501 959 προσφορᾶς.
2552 891 2686 947 Εἶτα
2743 897 2931 962 αὐτοῖς
2972 900 3375 958 ἑπιτοέπεσθαι
3417 907 3516 978 τὴν
3548 927 3663 964 κοιο

2159 979 2358 1032 νωνίαν
2392 981 2485 1035 τοῦ
2510 983 2740 1053 ἀγαθοῦ.

2156 1069 2354 1126 ΒΑΛΣ.
2415 1073 2474 1127 Ὀ
2510 1075 2609 1145 μὲν
2632 1077 2714 1142 κζ’
2746 1081 2927 1136 κανὼν
2954 1084 3052 1156 τῆς
3077 1087 3135 1139 ἐν
3174 1088 3480 1160 Χαλκηδόνι
3530 1110 3657 1147 συν-

2083 1160 2225 1228 όδου,
2288 1166 2438 1232 ὅστις
2474 1171 2566 1223 καὶ
2601 1173 3022 1245 ἀπαράλλακτος
3068 1178 3155 1250 ιιβο
3192 1183 3370 1235 κανών
3412 1172 3528 1239 ἐστι
3558 1187 3658 1257 τῆς

2086 1262 2141 1321 ς’
2177 1258 2419 1327 συνόδου,
2465 1262 2761 1334 διορίζεται
2811 1268 2864 1322 τί
2889 1270 3096 1339 ὀφείλει
3143 1274 3389 1337 γίνεσθαι
3422 1281 3502 1340 είς
3529 1280 3657 1345 τοὺς

2084 1346 2430 1417 ἁρπάζοντας
2453 1356 2723 1421 γυναῖκας
2771 1357 2862 1411 ἐπ’
2894 1359 3123 1432 ὀνόματι
3155 1368 3515 1422 συνοικεσίου·
3546 1369 3575 1423 ό
3598 1370 3655 1425 δὲ

2082 1439 2276 1511 παρὼν
2305 1443 2488 1498 κανὼν
2523 1450 2961 1518 παρακελεύεται
3020 1458 3146 1519 τοὺς
3180 1458 3279 1526 μὲν
3311 1460 3657 1530 ἁρπάζοντας

2082 1538 2351 1600 γυναῖκας
2383 1539 2556 1610 ἑτέρῳ
2593 1548 3080 1617 μνηστευσαμένας
3112 1549 3186 1620 μὴ
3233 1552 3411 1617 ἄλλως
3439 1557 3518 1620 είς
3557 1575 3656 1626 με·

2081 1626 2303 1682 τάνοιαν
2326 1631 2598 1702 δέχεσθαι,
2636 1635 2784 1708 εἰμὴ
2812 1638 3078 1710 πρότερον
3116 1642 3346 1698 δώσουσι
3394 1647 3492 1712 τὰς
3550 1654 3655 1718 ἀρα

2082 1722 2377 1788 παγείσας,
2428 1725 2516 1794 ἐφ’
2574 1720 2618 1796 ᾧ
2664 1730 2793 1795 τοὺς
2842 1737 3161 1807 μνηστῆρας
3214 1738 3420 1793 τούτων
3468 1740 3654 1798 λαϐεῖν

2082 1813 2279 1877 αὐτὰς,
2317 1816 2412 1869 ἐὰν
2474 1818 2793 1888 θελήσωσιν·
2828 1824 2877 1877 εί
2915 1824 2971 1877 δὲ
3006 1826 3106 1897 μὴ,
3158 1826 3298 1884 εἶναι
3362 1834 3512 1904 παρά
3538 1837 3654 1898 τοῖς

2080 1907 2405 1974 συγγενέσιν
2454 1911 2655 1966 αὐτῶν.
2723 1914 2864 1979 Τοὺς
2891 1915 2948 1969 δὲ
3007 1918 3367 1988 ἁρπάσαντας
3416 1928 3653 1992 γυναῖκα

2077 1995 2395 2065 ἐλευθέραν,
2420 2001 2515 2055 καὶ
2542 2003 2715 2067 οὕτως
2742 2007 2912 2078 αὐτὴν
2953 2010 3308 2083 ἀφαιρεῖσθαι
3342 2017 3436 2070 καὶ
3472 2036 3655 2088 παρα-

2075 2088 2312 2144 δίδοσθαι
2373 2096 2486 2159 τοῖς
2541 2097 2815 2165 γονεῦσιν,
2853 2100 2884 2172 ἢ
2931 2103 3043 2166 τοῖς
3072 2104 3249 2169 ἄλλως
3281 2106 3654 2179 προσήκουσιν

2074 2182 2236 2255 αὐτῇο
2267 2183 2429 2251 ὥστε,
2461 2189 2510 2240 εἰ
2538 2189 2638 2259 μὲν
2673 2190 2957 2261 βούλονται
2990 2189 3158 2261 οὗτοι,
3193 2196 3452 2262 συζεῦξαι
3483 2202 3653 2270 αὐτὴν

2072 2273 2150 2344 τῷ
2181 2274 2392 2347 ἆρπαγι
2449 2281 2591 2350 μετὰ
2655 2284 2748 2336 καὶ
2821 2276 3190 2351 συναινέσεως
3246 2288 3470 2362 ταύτης·
3503 2297 3547 2345 εἰ
3593 2293 3650 2346 δὲ

2072 2368 2499 2441 ἀπαρέσκονται,
2536 2373 2611 2443 μὴ
2642 2376 2900 2442 γενέσθαι
2924 2379 3102 2435 τοῦτο.
3159 2381 3248 2445 Ὠς
3285 2383 3349 2436 ἂν
3375 2384 3430 2437 δὲ
3467 2384 3531 2437 τά
3556 2386 3649 2438 τοῦ

2073 2462 2401 2537 πράγματος
2440 2461 2661 2535 ἔχωσιν,
2705 2467 2876 2536 ἤγουν
2909 2468 3013 2523 κᾶν
3066 2472 3363 2544 συζευχθῇ,
3393 2476 3503 2535 τοϊς
3535 2475 3644 2527 τῶν

2072 2555 2446 2625 πορνευόντων
2488 2559 2793 2630 ἐπιτιμίοις
2816 2561 3210 2637 Δὑποπεσεῖται,
3249 2567 3342 2619 καὶ
3369 2567 3431 2619 οὐ
3487 2569 3649 2637 μόνον

2068 2651 2098 2704 ό
2159 2651 2344 2722 ἅρπαξ
2395 2651 2539 2707 οὕτω
2597 2633 3021 2725 κολασθῆσεται,
3088 2659 3224 2713 ἀλλὰ
3283 2660 3378 2714 καὶ
3412 2633 3647 2732 όλάθρα

2070 2742 2209 2814 μετὰ
2273 2745 2444 2817 κόρης
2497 2747 2861 2819 συμφθαρεες.
2929 2738 3204 2822 Ὄρίζεται
3233 2751 3292 2807 δὲ
3326 2753 3421 2806 καὶ
3456 2755 3536 2818 είς
3558 2771 3649 2808 τε-

2065 2835 2327 2906 τραετίαν
2363 2836 2432 2890 τὰ
2463 2836 2573 2891 τῶν
2606 2841 2984 2911 πορνευόντων
3032 2843 3304 2916 ἐπιτίμια.
3333 2846 3444 2901 Καὶ
3483 2847 3510 2900 ό
3544 2846 3645 2916 μὲν

2067 2926 2255 2981 κανὼν
2286 2927 2346 2981 ἐν
2372 2926 2605 2993 τούτοις*
2637 2931 2665 2984 ό
2691 2930 2749 2984 δὲ
2779 2932 3059 2998 πολιτικὸς
3100 2934 3264 3003 νόμος
3294 2936 3644 3006 άλλοτρόπως

2065 3017 2288 3084 κολάζει
2315 3019 2442 3084 τοὺς
2491 3022 2769 3091 ἅρπαγας,
2803 3024 2897 3082 καὶ
2918 3024 3040 3079 οὐδὲ
3095 3018 3423 3097 παραχωρετ
3455 3030 3643 3086 ὁπωσ-

381 3122 437 3167 et
465 3130 586 3185 qua:
635 3117 691 3171 in
737 3118 817 3172 eis
846 3129 993 3175 sunt.
1045 3121 1157 3193 80
1207 3122 1339 3180 Cum
1400 3138 1581 3184 autem
1643 3110 1958 3200 pra-sentem

2065 3110 2268 3181 δήποτε
2343 3113 2436 3167 τὸν
2495 3114 2825 3185 ἁρπάσαντα
2899 3116 3263 3189 συζευχθῆναι
3330 3123 3395 3192 τῇ
3455 3122 3641 3195 ἁρπαο

382 3221 645 3262 canonem
674 3210 828 3264 audis
873 3211 1163 3279 dicentem,
1219 3232 1287 3272 ex
1340 3233 1612 3277 consensu
1669 3236 1955 3294 parentum

384 3297 468 3348 vel
502 3309 854 3365 cognatorum
887 3300 1077 3369 puellae
1117 3318 1236 3360 eam
1312 3307 1434 3364 dari
1490 3323 1714 3386 nuptum
1765 3315 1814 3369 ei
1862 3314 1957 3385 qui

384 3390 581 3461 rapuit,
649 3406 715 3446 ne
769 3392 969 3455 dixeris
1017 3406 1298 3463 parentum
1349 3415 1674 3461 consensum
1726 3419 1958 3476 eumque

380 3480 554 3535 salum
589 3481 850 3539 sullicere.
879 3484 1099 3552 Quoties
1119 3491 1263 3545 enim
1291 3501 1418 3548 sunt
1447 3492 1699 3564 legitime
1727 3499 1950 3565 nuptiae,

380 3573 722 3627 necessarius
771 3589 985 3646 quoque
1038 3588 1122 3634 est
1176 3595 1361 3649 eorum
1413 3583 1503 3651 qui
1554 3585 1958 3657 eonjunguntur

377 3676 717 3729 consensus;
756 3666 871 3720 sive
903 3668 953 3722 in
1005 3678 1270 3738 potestate
1319 3673 1451 3739 siut,
1502 3675 1616 3731 sive
1664 3678 1747 3733 sui
1791 3679 1955 3749 juris.

378 3752 518 3807 1)ἱ‹·ίι
546 3757 689 3810 enim
728 3773 856 3826 .rap.
891 3761 926 3814 2
960 3762 1037 3816 tit.
1077 3761 1108 3816 4
1140 3763 1235 3817 lib.
1292 3779 1458 3820 xxvm
1511 3768 1627 3823 haec
1653 3785 1905 3839 expresse
1936 3792 1951 3831 :

375 3844 491 3899 Nun
522 3857 650 3913 sunt
682 3848 933 3918 legitima:
964 3854 1184 3922 nuptiae,
1218 3854 1319 3911 nisi
1356 3854 1390 3910 ii
1422 3858 1514 3927 qui
1547 3859 1952 3932 conjungttntur

372 3928 750 4005 consenserint
778 3954 832 3995 et
862 3944 951 4011 qui
986 3958 1080 4005 eos
1116 3946 1314 4001 habent
1345 3947 1395 4002 in
1425 3928 1689 4018 potestate
1722 3928 1817 4011 :vsi
1850 3969 1948 4011 au-

377 4040 481 4084 tem
514 4046 577 4091 ex
613 4033 714 4097 hac
743 4032 860 4103 lege
882 4035 946 4088 ad
979 4037 1195 4105 nuptias
1223 4037 1288 4093 iis
1318 4040 1407 4109 qui
1438 4055 1567 4101 sunt
1598 4044 1650 4098 ln
1679 4055 1949 4115 potestate

372 4137 502 4176 stttts
531 4138 609 4177 (πει
638 4130 980 4189 necessarius
1022 4142 1339 4195 consensus,
1396 4133 1567 4190 multo
1614 4135 1786 4205 magis
1842 4154 1944 4192 non

373 4211 461 4265 [iet
509 4216 915 4281 ma'rintoninm
963 4234 1147 4283 eorum
1197 4221 1289 4290 qui
1340 4233 1465 4287 sunt
1502 4225 1585 4279 sui
1634 4227 1793 4301 juris,
1846 4231 1946 4285 nisi

370 4303 470 4371 ipsi
501 4320 716 4374 quoque
748 4310 1146 4373 consenserint,

2060 3205 2238 3277 τείσῃ.
2272 3205 2377 3259 Καὶ
2417 3205 2688 3275 ἀνάγνωθι
2720 3206 2812 3261 τὸν
2849 3209 3086 3279 ρηθέντα
3110 3209 3192 3275 κζ’
3223 3215 3423 3267 κανόνα
3451 3216 3550 3285 τῆς
3583 3217 3643 3272 ἐν

2059 3296 2365 3368 Χαλκηδόνι
2384 3298 2625 3363 συνόδου,
2653 3299 2862 3354 καὶτὸν
2887 3300 2971 3370 ιιβν
2994 3303 3093 3372 τῆς
3114 3302 3191 3369 ς’,
3222 3305 3315 3358 καὶ
3343 3306 3544 3362 κανόνα
3563 3307 3640 3374 εξ*

2059 3390 2169 3442 τῶν
2205 3390 2377 3458 ἁγίων
2404 3391 2742 3456 ἀποστόλων.
2771 3394 2866 3448 καὶ
2905 3412 3030 3463 κεφ.
3064 3395 3109 3449 λ’
3128 3397 3221 3450 τοῦ
3250 3396 3295 3451 θ’
3329 3399 3508 3454 τίτλοὺ
3542 3401 3636 3455 τοῦ

2061 3480 2333 3552 παρόντος
2380 3482 2784 3555 συντάγματος,
2821 3486 3013 3539 καὶτὰ
3063 3488 3120 3543 ἐν
3145 3489 3350 3555 αὐτοῖς.
3398 3492 3637 3546 Ἀκούων

2059 3574 2117 3628 δὲ
2148 3568 2238 3628 τοῦ
2277 3574 2546 3647 παρόντος
2574 3577 2803 3642 κανόνος
2857 3579 3108 3649 λέγοντος
3155 3584 3297 3639 κατὰ
3326 3586 3635 3642 συναίνεσιν

2059 3666 2171 3720 τῶν
2204 3666 2408 3735 γονέων
2462 3669 2495 3739 ἢ
2550 3669 2661 3723 τῶν
2712 3672 2993 3739 συγγενῶν
3043 3676 3145 3744 τῆς
3171 3675 3343 3747 κόρης
3396 3676 3636 3733 δίδοσθαι

2058 3761 2265 3831 ταύτην
2296 3760 2434 3830 πρὸς
2461 3761 2742 3832 γάμονξτῷ
2773 3764 3106 3834 ἁρπάσαντι,
3141 3766 3215 3837 μὴ
3244 3769 3405 3839 εἴπῃς
3434 3770 3633 3840 ἀρκεῖν

2058 3854 2160 3923 τὴν
2188 3853 2298 3905 τῶν
2335 3854 2541 3921 γονέων
2570 3855 2882 3911 συναίνεσιν
2910 3857 3003 3910 καὶ
3036 3859 3224 3929 μόνην.
3274 3859 3499 3925 Ὁσάκις
3526 3864 3634 3933 γὰρ

2060 3947 2238 4021 γάμος
2277 3945 2499 4016 ἔννομος
2532 3946 2763 4013 γίνεται,
2796 3949 3072 4015 ἀναγκαία
3101 3951 3219 4017 ἐστὶ
3249 3951 3344 4005 καὶ
3375 3954 3407 4022 ἡ
3446 3954 3634 4007 συναί-

2063 4053 2208 4099 νεσις
2243 4037 2351 4090 τῶν
2390 4037 2693 4106 μελλόντων
2731 4040 3118 4110 συζευχθῆναι,
3178 4044 3283 4096 κᾶν
3321 4044 3633 4110 ὑπεξούσιοι

2062 4124 2187 4195 ὦσι,
2219 4129 2322 4182 κᾶν
2359 4130 2719 4194 αὑτεξούσιοι.
2757 4132 2898 4202 Φησὶ
2955 4134 3065 4204 γὰρ
3096 4134 3157 4186 τὸ
3190 4135 3444 4206 δεύτερον
3503 4155 3631 4206 κεφ.

2060 4224 2153 4284 τοῦ
2186 4225 2227 4277 δ’
2256 4224 2437 4277 τίτλου
2465 4224 2558 4277 τοῦ
2597 4230 2682 4291 κη’
2712 4222 2921 4297 βιϐλίου
2979 4225 3152 4279 ταῦτα
3178 4230 3183 4233 ’
3205 4229 3408 4298 ῥητῶς*
3446 4230 3522 4283 Οὐ
3546 4231 3634 4299 γί-

2056 4335 2207 4372 νεται
2246 4318 2445 4387 γάμος,
2478 4318 2527 4369 εἰ
2560 4316 2635 4387 μὴ
2675 4316 3088 4377 συναινέσουσιν
3119 4321 3169 4372 οἱ
3202 4321 3629 4391 συναπτόμενοι,

368 4403 462 4453 καὶ
489 4400 538 4453 οί
565 4398 782 4476 ἔχοντες
813 4403 1013 4467 αὐτοὺς
1067 4404 1444 4472 ὑπεξουσίους.
1515 4411 1639 4465 Ἐὰν
1667 4413 1726 4467 δὲ
1787 4415 1946 4486 χρεία
1977 4415 2119 4470 κατὰ.
2176 4413 2266 4469 τὸν
2323 4412 2488 4482 νόμον
2546 4410 2737 4468 τοῦτον
2791 4412 2851 4471 ἐν
2940 4416 3050 4478 τοῖς
3105 4413 3306 4483 γάμοις
3383 4418 3476 4470 καὶ
3530 4418 3631 4484 τῆς

368 4496 734 4559 συναινέσεως
801 4496 910 4549 τῶν
977 4498 1364 4569 ὑπεξουσὶων,
1430 4505 1613 4577 πολλῷ
1670 4508 1836 4573 πλέον
1882 4512 1944 4565 οὐ
1997 4511 2286 4584 γενήσεται
2345 4510 2525 4579 γάμος
2605 4508 3010 4575 αὐτεξουσίων,
3097 4512 3146 4563 εί
3198 4510 3290 4582 μὴ.
3328 4513 3421 4567 καὶ
3477 4515 3630 4568 αὐτοὶ

367 4586 682 4642 συναινέσου
691 4606 762 4645 σι.

434 4682 687 4745 ZONAR.
732 4685 833 4752 Qui
863 4699 1161 4755 rapuerunt
1208 4691 1487 4758 mulieres,
1518 4696 1716 4767 inquit,
1747 4714 1947 4769 easque

2120 4696 2364 4753 ZQNAP.
2421 4696 2484 4749 Ol
2544 4695 2895 4763 ἁρπάσαντες
2945 4696 3252 4762 γυναῖκας,
3318 4696 3474 4765 φησι,
3532 4696 3628 4750 καὶ

363 4772 640 4843 detinent,
685 4776 951 4845 siquidem
1001 4780 1105 4852 illa
1141 4782 1291 4850 prius
1332 4784 1453 4841 aliis
1504 4789 1787 4860 desponsae
1833 4792 1951 4848 fue-

362 4871 513 4929 runt,
550 4881 655 4923 non
688 4867 788 4922 alia
825 4870 1033 4926 ratione
1058 4871 1124 4926 ad
1149 4875 1524 4942 pcenitentiam
1559 4883 1935 4952 admitteutur,

361 4955 467 5009 nisi
504 4966 661 5012 antea
713 4968 878 5028 raptae
907 4962 977 5016 ab
1001 4961 1082 5019 eis
1128 4964 1467 5031 auferantur,
1525 4986 1758 5042 moxque
1810 4976 1950 5031 inte-

358 5059 514 5113 grum
541 5045 612 5100 sit
637 5046 724 5106 iis.
763 5049 957 5115 quibus
984 5051 1202 5110 fuerant
1224 5055 1524 5125 desponsae,
1556 5073 1670 5125 eas,
1691 5062 1734 5114 si
1759 5062 1947 5139 velint,

363 5138 630 5205 accipere.
664 5138 720 5192 Si
759 5154 886 5202 vero
921 5152 1072 5211 rapta
1112 5145 1239 5203 nttlli
1294 5146 1472 5209 adhuc
1505 5149 1770 5219 desponsa
1827 5138 1935 5207 rue-

363 5236 467 5290 rat,
503 5238 628 5283 tune
657 5244 875 5299 quoque
908 5232 1080 5298 ipsam
1114 5249 1144 5287 a
1171 5246 1389 5306 raptore
1432 5239 1649 5306 ab‘duei,
1682 5251 1791 5294 tum
1845 5258 1940 5309 pa-

364 5316 631 5388 rentibus,
678 5319 869 5376 aliisve
921 5320 1302 5390 familiaribus,
1359 5342 1456 5382 seu
1512 5332 1779 5399 cognatis,
1842 5348 1938 5386 seu

362 5407 482 5465 aliis
553 5409 752 5475 quibus
817 5413 1073 5486 ntulit-ris
1121 5430 1250 5471 cura
1302 5421 1587 5474 commissa
1641 5431 1742 5485 est,
1802 5425 1938 5477 tradi

362 5499 731 5568 ration-jubet.
767 5503 844 5558 lta
878 5516 933 5558 ttt
987 5508 1271 5577 siquidem-
1311 5511 1383 5565 illi
1415 5512 1581 5567 velint
1625 5514 1793 5580 ipsam
1850 5532 1930 5569 ra-

361 5591 501 5654 pturi
534 5591 734 5649 foedere
766 5596 1076 5665 nuptiarum
1106 5597 1363 5670 iungere,
1400 5604 1602 5669 nuptiae
1631 5604 1935 5659 ennsistant

360 5681 625 5749 Υῑειθίίσθτι
659 5685 701 5739 Si
736 5685 896 5742 modo
927 5687 1041 5755 ipsa
1074 5705 1287 5759 quoque
1342 5692 1533 5746 mulier
1568 5698 1921 5749 consenserit.

2055 4789 2272 4860 ἔχοντες
2305 4787 2532 4851 ταύτας,
2564 4787 2660 4841 ἐὰν
2686 4786 2898 4859 ἑτέροις
2948 4788 3158 4841 ἐκεῖναι
3208 4789 3625 4859 προεμνηστεύ-

2056 4882 2258 4952 θησαν,
2286 4880 2386 4933 οὐκ
2420 4878 2597 4941 ἄλλως
2649 4878 3005 4950 δεχθήσονται
3035 4880 3116 4942 είς
3142 4878 3448 4948 ἐπιτιμίαν,
3474 4880 3523 4933 εί
3550 4881 3626 4951 μὴ

2053 4972 2322 5041 πρότερον
2370 4970 2726 5040 ἀφαιρεθεῖεν
2778 4970 2879 5034 τὰς
2946 4972 3313 5039 ἁρπαγείσας,
3366 4967 3489 5029 εἷτα
3545 4975 3626 5036 εἰς

2052 5062 2300 5128 ἐξουσίαν
2358 5060 2572 5117 κεῖσθαι
2637 5061 2745 5113 τῶν
2798 5062 3408 5133 προμνηστευσαμένων
3429 5062 3623 5128 αὐτὰς,

2051 5156 2100 5207 εί
2140 5152 2418 5223 βούλοιντο
2480 5151 2668 5205 λαϐεῖν
2730 5152 2926 5215 αὐτάς’
2985 5153 3033 5204 εἰ
3064 5153 3119 5211 δὲ
3147 5154 3317 5224 μήπω
3348 5156 3455 5207 τινὶ
3488 5172 3627 5224 μνη-

2052 5246 2338 5297 στευθεῖσα
2397 5244 2430 5313 ἡ
2486 5242 2801 5314 ἀρπαγεῖσά
2859 5243 2999 5305 ἐστι,
3070 5244 3162 5297 καὶ
3210 5243 3388 5307 οὕτως
3447 5244 3624 5315 αὐτὴν

2049 5335 2432 5403 ἀφαιρεῖσθαι,
2468 5333 2847 5387 διακελεύεται
2900 5334 3008 5387 ἀπὸ
3055 5334 3149 5421 τοῦ
3186 5335 3435 5406 ἅρπαγος
3464 5338 3491 5389 ὸ
3523 5353 3623 5389 κα-

2046 5427 2301 5493 νὼν,οκαὶ
2331 5427 2727 5495 παραδίδοσθαι
2781 5430 2894 5489 τοῖς
2950 5427 3200 5495 γονεῦσιν
3227 5429 3258 5500 ἢ
3293 5431 3406 5492 τοῖς
3436 5428 3622 5492 ἄλλοις

2046 5508 2127 5575 οἷς
2159 5513 2313 5582 μέλει
2368 5514 2468 5583 τῆς
2522 5517 2803 5581 γυναικός.
2864 5515 3026 5570 Ὥστε
3081 5519 3129 5570 εί
3188 5518 3289 5587 μὲν
3334 5518 3618 5588 βούλονται

2046 5605 2246 5657 ἐκεῖνοι
2297 5607 2375 5666 εἰς
2434 5609 2666 5673 γυναῖκα
2719 5606 2976 5672 συζεῦξαι
3033 5608 3204 5679 αὐτὴν
3264 5609 3345 5680 τῷ
3384 5609 3618 5682 ἅρπαγι,
3692 5646 3699 5649 -

2045 5687 2303 5767 marini
2355 5700 2550 5769 γάμον,
2598 5700 2836 5766 δηλονότι
2876 5700 2920 5751 εἰ
2956 5702 3046 5754 καὶ
3097 5702 3123 5770 ἡ
3355 5706 3614 5760 συναινεῖ.

2355 5700 2460 5769 γάρ]
2474 5718 2550 5755 ον,
2598 5700 2622 5749 ὃ
2635 5700 2836 5766 ﬁla-v51:
2876 5700 2920 5751 εἰ
