4076 6424
440 318 543 381 66Ἰ

1672 314 1956 377 THEOD.
2001 313 2093 371 BA
2103 313 2403 375 LSAMO‘N

3579 311 3687 376 668

506 431 752 500 epistola,
801 433 964 501 cujus
1014 434 1321 506 exemplum
1365 442 1469 491 tute
1519 432 1711 507 pietati
1749 434 2015 491 misimus.

2193 430 2255 484 τὺ
2286 431 2625 502 ἀντίγραφον
2651 430 3058 502 ᾇπεστείλαμέν
3091 445 3185 487 σου
3217 436 3281 504 τῇ
3342 432 3603 504 εὐλαϐείᾳ
3625 448 3640 463 ο
3673 435 3703 486 ὁ

510 524 611 586 Qui
652 534 832 578 autem
861 524 942 579 sui
991 524 1180 581 l‘ratris
1214 541 1438 583 uxorem
1473 530 1703 601 accepit,
1735 546 1839 585 nou
1871 528 2021 599 prius

511 617 829 671 admittetur
867 632 1031 688 quam
1066 619 1134 673 ab
1165 634 1226 677 ea
1265 623 1574 679 recesserit.

513 706 701 763 BALS.
739 706 980 765 Incestus
1011 726 1227 780 quoque
1260 724 1558 779 peccatum,
1583 723 1704 782 post
1732 715 2021 768 decessum

440 816 468 854 a
503 800 665 866 malo,
699 801 840 855 sirut
870 811 920 855 et
948 801 1051 855 alia
1104 815 1349 869 peccata,
1394 805 1462 860 ab
1493 806 1856 862 ecclesiastica
1890 821 2004 860 me-

443 896 617 948 dicina
649 897 950 950 curabitur.
987 895 1355 965 Interrogatus
1382 913 1511 968 ergo
1534 908 1775 965 sanctus,
1801 900 1931 969 quid
1957 899 2023 955 iis

445 983 559 1036 fieri
596 994 835 1049 Oporteat
857 986 944 1053 qui
977 1001 1096 1038 cum
1121 986 1332 1045 duabus
1358 989 1634 1045 sororibus
1659 1004 1770 1042 rem
1798 991 2020 1052 habent,

440 1084 495 1128 et
524 1083 734 1141 contra,
763 1075 897 1128 dixit
943 1091 1003 1130 se
1052 1077 1117 1129 de
1173 1078 1237 1130 iis
1269 1080 1556 1144 scripsisse
1591 1079 1875 1148 epistolam
1904 1096 1917 1131 :
1955 1095 2020 1136 ea

441 1173 526 1216 est
556 1175 731 1218 autem
761 1180 922 1233 quam
951 1167 1167 1237 scripsit
1205 1170 1272 1222 ad
1305 1168 1616 1234 Diodorum,
1641 1179 1696 1226 et
1718 1170 1826 1228 illic
1840 1180 2023 1226 osten-

440 1255 584 1306 ditur
612 1255 737 1323 quid
772 1256 1058 1325 agendum.
1114 1259 1318 1313 Debent
1346 1270 1525 1316 autem
1557 1302 1573 1327 ,
1604 1263 1695 1332 qui
1739 1262 1844 1318 hoc
1873 1262 2023 1317 nel‘a-

442 1348 576 1396 I‘illlll
610 1349 1011 1401 lllttlt'llnttnllltlt
1047 1361 1435 1405 contraxerunt
1462 1391 1477 1414 .
1509 1369 1540 1407 a
1575 1353 1714 1407 malo
1746 1356 2019 1417 recedere,

438 1446 491 1490 et
517 1440 587 1490 ita
622 1439 686 1493 de
717 1440 1003 1495 curatione
1049 1444 1341 1498 sciscitari.
1374 1443 1518 1514 Lege
1558 1460 1685 1515 ergo
1727 1447 2015 1516 epistolam

439 1531 503 1583 ad
545 1530 859 1595 Diutlurum,
890 1544 939 1585 et
971 1550 1090 1609 una:
1126 1537 1177 1590 itt
1208 1553 1271 1592 ea
1318 1548 1477 1600 sunt,
1525 1548 1580 1594 et
1619 1553 1741 1609 cap.
1771 1540 1807 1594 2
1839 1542 1920 1597 ιῑι.
1953 1542 2020 1598 l5

440 1636 726 1689 pnesentts
762 1641 968 1692 operis.

2195 522 2254 575 δὲ
2276 522 2508 593 ἀδελφοῦ
2536 522 2671 577 ίδίου
2700 526 2937 592 γυναῖκα
2961 524 3175 591 λαϐὼνί
3197 525 3259 579 οὐ
3291 524 3559 601 πρότερον
3579 525 3705 595 δεχε-

2193 611 2419 682 θήσεται
2451 615 2579 682 πρὶν
2589 612 2916 685 ἀποστῆναι.

2197 703 2396 758 ΒΑΛΣ.
2437 705 2549 757 Καὶ
2588 705 2649 756 τὸ
2699 704 2799 773 τῆς
2838 704 3163 775 αἱμομιξίας
3200 704 3529 776 ,ἁμάρτημα
3560 702 3703 774 μετὰ

2122 793 2423 848 ἀπόστασιν
2438 795 2531 849 τοῦ
2552 796 2723 849 κακοῦ
2738 798 2766 851 ὑ
2777 795 2843 851 πό
2859 798 2957 864 τῆς
2972 796 3437 865 ὲκκλησιαστικῆς
3457 798 3703 867 ίατρείας

2124 883 2514 955 θεραπεύεται,
2549 887 2742 959 ὥσπερ
2777 890 2873 943 καὶ
2891 888 3037 951 ’ἄλλα
3064 889 3472 958 ἁμαρτήματα’
3496 890 3706 958 ὲρωτη-
3799 892 3811 906 ’

2124 974 2238 1039 θεὶς
2266 975 2360 1030 οὖν
2404 980 2432 1031 ό
2464 979 2644 1047 ἅγιος,
2673 980 2724 1033 τί
2754 980 2860 1052 χρὴ
2883 981 3134 1049 γίνεσθαι
3183 982 3266 1046 είς
3292 980 3421 1045 τοὺς
3452 981 3707 1051 συμφθαο

2126 1071 2318 1141 ρέντας
2349 1071 2503 1125 δυσὶν
2539 1072 2818 1143 ἀδελφαῖς,
2870 1074 2965 1126 καὶ
2989 1073 3051 1127 τὸ
3097 1073 3388 1136 ἀνάπαλιν,
3414 1068 3574 1127 εἶπεν
3628 1073 3707 1138 ὡς

2124 1163 2265 1233 Περὶ
2306 1164 2418 1218 τῶν
2467 1165 2730 1220 τοιούτων
2778 1165 2997 1238 ἔγραψα
3051 1166 3441 1223 ὲπιστολίδιον’
3473 1165 3594 1221 ἔστι
3649 1166 3708 1220 ὁὶ

2121 1255 2284 1309 τοῦτο
2327 1256 2389 1311 τὸ
2418 1255 2557 1327 πρὸς
2589 1257 2878 1329 Διόδωρον,
2927 1258 3023 1312 καὶ
3077 1259 3289 1313 ἐκεῖθεν
3330 1258 3592 1329 δηλοῦται
3643 1258 3709 1312 τὸ

2121 1346 2400 1414 ποιητέον.
2454 1346 2606 1410 Τέως
2644 1346 2703 1401 δὲ
2728 1346 3075 1416 ιόφείὶουσιν
3117 1348 3168 1401 οί
3219 1346 3462 1402 τοιοῦτον
3524 1347 3709 1420 γάμον

2126 1436 2387 1507 ἀθέμιτον
2419 1438 2858 1504 συναλλάξαντες
2881 1441 3184 1510 ἀποστῆναι
3216 1439 3314 1493 τοῦ
3361 1438 3568 1505 κακοῦ,
3610 1438 3710 1493 καὶ

2132 1527 2309 1593 οὕτως
2339 1531 2553 1602 ἐρωτᾷν
2581 1532 2652 1585 τὰ
2703 1532 2837 1602 περὶ
2897 1533 2996 1601 τῆς
3036 1531 3357 1602 θεραπείας.
3400 1531 3714 1600 Ἀνάγνωθι

2127 1620 2222 1674 ιῦν
2243 1621 2341 1691 τὴν
2361 1622 2498 1692 πρὸς
2521 1621 2785 1691 Διόδωρον
2810 1620 3120 1693 ἐπιστολὴν,
3142 1620 3322 1676 καὶτὰ
3350 1621 3407 1674 ὲν
3425 1621 3592 1692 αὐτῇ,
3614 1622 3712 1675 καὶ

2124 1712 2184 1764 τὸ
2209 1709 2254 1781 β’
2280 1729 2407 1779 κεφ.
2446 1711 2540 1766 τοῦ
2567 1719 2636 1781 ιγ’
2665 1711 2845 1766 τίτλου
2869 1711 2962 1766 τοῦ
2995 1712 3264 1783 παρόντος
3302 1712 3708 1784 συντάγματος.

511 1774 766 1831 ZONAR.
805 1777 1122 1847 Epistolium
1151 1823 1165 1846 ,
1197 1782 1263 1836 de
1298 1798 1402 1850 quo
1433 1784 1522 1839 hic
1559 1794 1780 1841 sanctus
1821 1789 2016 1844 memi-

2196 1774 2443 1860 ὶοΝᾸΡ.
2483 1806 2556 1860 τδ
2584 1774 2973 1871 ἐπιστολίδιον,
3003 1774 3288 1882 atque
3335 1774 3525 1873 ἀγιοέξ
3567 1774 3711 1876 πρός

442 1870 541 1927 rit.
572 1870 790 1923 missum
820 1882 902 1927 est
930 1875 996 1926 ad
1035 1872 1346 1940 Diodorum,
1382 1892 1487 1947 quo
1517 1894 1639 1932 cum
1669 1897 1807 1935 uxor
1832 1883 2016 1953 cujus-

439 1961 561 2012 i'am
590 1959 727 2013 diem
754 1978 915 2015 suum
948 1966 1173 2021 ohiisset
1198 2008 1212 2032 ,
1248 1966 1392 2022 illius
1427 1985 1669 2025 sororem
1701 1975 1767 2027 ab
1802 1973 1919 2042 ipso
1959 1976 2014 2030 in

336 2068 341 2071 -
441 2054 747 2120 nuptiarum
782 2058 1097 2111 societatem
1129 2062 1473 2128 superimluci
1501 2073 1686 2129 vetat,
1724 2067 2016 2139 multisque

437 2151 492 2196 et
522 2143 775 2211 gravibus
810 2149 1111 2202 rationibus
1146 2165 1254 2205 rem
1287 2152 1590 2209 conﬁrmat.
1622 2156 1770 2222 Quod
1794 2160 2014 2229 quidem

440 2247 536 2286 nos
567 2249 663 2289 suo
699 2234 815 2289 loco
845 2236 1258 2304 explicabimus.
1288 2240 1390 2307 Qui
1429 2243 1592 2299 etiam
1645 2246 1828 2304 fratris
1873 2266 2015 2306 uxo-

437 2341 550 2379 rem
583 2327 753 2390 duxit,
786 2328 925 2382 Illius
958 2346 1149 2399 nempe
1199 2335 1291 2403 qui
1339 2335 1451 2389 vita
1507 2335 1722 2393 functus
1755 2350 1858 2404 cst,
1905 2359 2013 2398 non

438 2417 753 2472 admittetur
781 2422 845 2473 ad
882 2425 1253 2488 pmn'tentiam
1276 2464 1292 2487 ,
1324 2426 1428 2481 nisi
1484 2428 1655 2496 ipsam
1707 2431 2015 2503 dimiserit,

419 2509 888 2580 illegitimumque
921 2516 1251 2570 connubium
1281 2516 1524 2574 solverit.

508 2602 738 2656 ARIST.
778 2603 1022 2660 Fratrem
1057 2607 1241 2662 fratris
1272 2623 1493 2664 uxorem
1526 2611 1732 2669 ducere’
1758 2614 2011 2686 imposSi-

438 2693 544 2748 bile
572 2705 673 2752 est.
703 2693 1044 2767 Perspicuae.

990 2788 1225 2846 CANON
1264 2790 1454 2849 XXIV.

439 2876 691 2939 Viduam,
730 2895 848 2946 qua:
871 2879 923 2933 in
954 2880 1235 2934 viduarum
1266 2899 1548 2940 numerum
1588 2885 1754 2943 relata
1778 2897 1879 2953 est,
1913 2891 2018 2945 hoc

509 2978 612 3031 est,
659 2987 776 3038 qua:
809 2971 877 3024 ab
910 2970 1147 3027 Ecclesia
1174 2975 1225 3026 in
1255 2973 1601 3031 diaconatum
1637 2990 1883 3048 suscepta
1911 2991 2015 3048 est,

508 3066 714 3116 «ensu’t
746 3064 1032 3133 Apostolus
1078 3065 1367 3122 nubentem
1420 3084 1542 3125 esse
1577 3071 2005 3140 despiciendam.

512 3152 638 3205 Viro
664 3163 843 3207 autem
872 3155 1032 3209 viduo
1062 3156 1208 3211 nulla
1234 3170 1312 3213 εει
1341 3158 1427 3212 rex
1455 3160 1730 3231 imposita,
1755 3165 1849 3217 sed
1873 3165 2015 3235 diga-

508 3261 718 3298 morum
752 3261 909 3315 paena
960 3248 1051 3301 tali
1083 3248 1299 3303 sullicit.
1339 3249 1508 3305 Porro
1537 3254 1695 3306 vidua
1729 3257 2017 3325 sexaginta

504 3349 679 3389 annos
714 3345 860 3401 nata,
892 3337 938 3393 si
985 3353 1176 3393 rursus
1209 3355 1332 3394 cum
1374 3340 1493 3396 viro
1539 3341 1787 3399 habitare
1836 3344 2020 3401 volue-

517 3427 608 3489 rit.
644 3428 767 3482 boni
798 3431 1180 3486 communione
1211 3447 1316 3487 non
1361 3433 1693 3503 dignabitur,
1742 3435 1921 3492 donec
1953 3438 2021 3493 ab

509 3521 838 3590 impuritatis
870 3524 1275 3591 perturbatione
1307 3526 1626 3581 cessaverit.
1680 3528 1785 3583 Sed
1815 3529 1860 3585 sl
1886 3539 2015 3585 ante

517 3613 798 3680 sexaginta
832 3627 1007 3669 annos
1058 3629 1177 3668 eam
1216 3617 1268 3669 in
1315 3631 1603 3672 numerum
1652 3619 2022 3688 rctulerimus,

510 3714 694 3759 nostra
719 3713 819 3770 est,
850 3723 954 3763 non
993 3709 1240 3765 mulieris
1272 3710 1454 3780 culpa.
1835 3695 1845 3706 ’

511 3898 714 3963 ηλιδ.
739 3906 1196 3973 Quemadmodum
1221 3911 1456 3983 virgines
1489 3912 1705 3971 femina
1734 3931 1858 3970 cum
1885 3916 2024 3973 laico
2079 3976 2087 3995 Ι

442 3999 626 4054 ltubiltt
688 3999 740 4052 in
799 4001 1046 4056 ecclesiis
1106 4002 1530 4070 collocabantur,
1568 4017 1617 4061 et
1671 4023 1734 4063 ex
1783 4010 2026 4067 ecclesiae

440 4090 708 4146 reditibus
736 4092 1020 4146 alebantur
1043 4135 1057 4161 ,
1086 4096 1158 4150 ita
1186 4105 1238 4155 et
1268 4097 1438 4150 vidum
1462 4113 1586 4152 cum
1613 4102 1801 4156 eodem
1836 4102 2023 4158 habitu

439 4182 853 4237 ordinabuntur.
912 4188 1047 4240 Dicit
1104 4203 1234 4258 ergo
1288 4203 1532 4255 sanctus,
1594 4193 1736 4261 quod
1792 4210 2023 4265 magnus

444 4274 644 4330 Paulus
680 4277 982 4332 istiusmodi
1014 4282 1229 4334 viduam
1269 4282 1383 4337 sive
1415 4296 1554 4346 eam,
1589 4300 1709 4354 quae
1733 4295 2018 4356 postquam

441 4364 497 4417 in
532 4364 773 4420 Ecclesia
809 4369 1059 4422 ordinata
1096 4380 1215 4434 est,
1255 4376 1493 4428 secundo
1540 4371 1764 4442 nupsit,
1813 4383 2025 4432 censuit

2123 1897 2387 1968 Διόδωρον
2423 1897 2728 1969 ἀπεστάλη,
2781 1896 3131 1968 ἀπαγορεῦον
3155 1898 3237 1961 τὸ,
3292 1897 3712 1967 τελευτησάσης

2123 1989 2226 2058 τῆς
2250 1989 2507 2056 γυναικός
2539 2005 2647 2042 τινι
2674 1987 2785 2058 τεὴν
2813 1988 3048 2060 ἀδελφὴν
3074 1989 3244 2058 αὐτῆς
3270 1990 3353 2051 είς
3379 1988 3562 2057 γάμου
3591 2005 3710 2042 κοι-

2123 2080 2319 2133 νωνίαν
2347 2079 2512 2133 αὐτὸν
2558 2079 2813 2149 ἄγεσθαι,
2852 2080 2948 2139 καὶ
2969 2082 3034 2133 ἐκ
3074 2079 3286 2134 πολλῶν
3313 2082 3409 2134 καὶ
3438 2081 3710 2149 γενναίων

2122 2169 2403 2239 λογισμῶν
2428 2169 2587 2226 τοῦτο
2617 2160 3075 2237 κατασκευάξὼν.
3116 2171 3299 2241 Ὅπερ
3324 2172 3382 2225 ὲν
3406 2170 3487 2241 τῷ
3514 2170 3709 2237 οἰκείῳ

2123 2261 2276 2331 τόπῳ
2317 2261 2744 2331 ἑξηγηθήσεται.
2787 2264 2886 2326 Ὃς
2916 2265 3012 2317 καὶ
3031 2262 3130 2332 τὴν
3156 2264 3394 2331 γυναῖκα
3412 2261 3508 2315 τοῦ
3551 2262 3713 2315 ἀδελ-

2125 2353 2226 2417 φοῦ
2256 2352 2466 2418 ἔλαϐεν,
2491 2355 2701 2408 ἐκείνου
2763 2354 2965 2425 δηλαδὴ
3002 2355 3456 2422 τελευτήσαντος,
3517 2355 3580 2407 οὐ
3622 2354 3712 2408 δε-

2123 2444 2386 2515 χθήσεται
2415 2443 2491 2507 ὡς
2542 2445 2843 2514 μετανοῶν,
2877 2447 2928 2499 εί
2966 2446 3041 2516 μὴ
3072 2445 3243 2516 αὐτὴν
3292 2445 3711 2516 ἀποπέμψεται,

2124 2536 2219 2590 καὶ
2252 2535 2405 2588 λύσει
2435 2536 2528 2589 τὸν
2560 2535 2801 2606 ἄθεσμον
2826 2536 3026 2607 γάμον.
3476 2547 3483 2555 ·

2193 2621 2420 2681 ΔΡΙΣΤ.
2455 2621 2709 2692 Ἀδελφὸν
2733 2621 2967 2692 ἀδελφοῦ
2999 2625 3238 2693 γυναῖκα
3253 2622 3402 2693 ἔχειν
3417 2620 3709 2679 ἀδύνατον.

2124 2714 2355 2785 Σαφήςο

2720 2809 2962 2864 ΚΑΝΩΝ
2993 2810 3118 2864 ΚΔ’.

2124 2900 2316 2971 Χήραν
2346 2901 2445 2975 τὴν
2466 2901 2860 2971 καταλεγεῖσαν
2882 2903 2963 2967 είς
2988 2902 3082 2957 τὸν
3111 2902 3345 2973 ἀριθμόν
3366 2902 3475 2956 τῶν
3496 2901 3708 2973 χηρῶν,

2196 2992 2465 3057 τουτέστι,
2495 2993 2595 3064 τὴν
2624 2994 3051 3066 διακονουμένην
3072 2995 3177 3050 ὑπὸ
3211 2995 3312 3064 τῆς
3352 2994 3710 3065 Ἐκκλησίας.

2200 3085 2229 3137 ὁ
2277 3084 2576 3150 ἀπόστολος
2626 3084 2986 3155 γαμουμένην
3037 3085 3407 3155 παρορᾶσθαι.
3437 3084 3625 3156 ’Δνδρὶ
3653 3085 3713 3138 δὲ

2196 3176 2530 3244 χηρεύσαντι
2561 3174 2742 3237 οὐδεὶς
2785 3176 3062 3230 ἐπίκειται
3124 3177 3310 3246 νόμος,
3364 3176 3483 3230 ἀλλ’
3524 3178 3712 3231 ἱκανὸν

2197 3270 2277 3338 τῷ
2305 3268 2535 3338 τοιούτῳ
2567 3269 2626 3322 τδ
2665 3267 2774 3322 τῶν
2808 3268 3055 3338 διγάμων
3077 3269 3376 3341 ἐπιτίμιον.
3423 3269 3491 3323 Ἦ
3519 3272 3709 3342 μέντοι

2197 3364 2344 3433 χήρα
2374 3361 2773 3435 ὲξηκονταετὴς
2811 3365 3088 3431 γεγονυῖα,
3140 3363 3236 3417 ὲὰν
3288 3362 3486 3433 ἕληται
3548 3364 3709 3417 πάλιν

2196 3453 2355 3524 ἀνδρὶ
2386 3454 2681 3519 συνοικεῖν,
2718 3454 2818 3508 οὐκ
2852 3451 3226 3522 ἀξιωθήσεται
3253 3453 3354 3523 τῆς
3380 3452 3478 3508 τοῦ
3500 3454 3711 3523 ἀγαθοῦ

2199 3546 2527 3612 κοινωνίας,
2559 3546 2664 3611 ἕως
2691 3546 2758 3602 ἂν
2807 3545 2902 3601 τοῦ
2952 3544 3159 3611 πάθους
3217 3546 3318 3616 τῆς
3361 3545 3713 3617 ἀκαθαρσίας

2202 3639 2487 3708 παύσηται
2508 3652 2521 3666 ’
2559 3637 2655 3691 ἐὰν
2709 3638 2896 3708 μέντοι
2926 3636 3032 3708 πρδ
3060 3637 3331 3707 ἑξήκοντα
3375 3637 3524 3691 ἐτῶν
3555 3638 3715 3710 ἀριθ-

2201 3730 2470 3801 μήσωμεν
2507 3729 2700 3800 αὐτὴν,
2742 3728 3019 3800 ἡμέτερον
3074 3728 3137 3783 τὸ
3177 3728 3460 3802 ἔγκλημα,
3511 3730 3575 3784 οὐ
3618 3728 3713 3787 τοῦ

2203 3820 2448 3888 γυναίου.

2197 3910 2398 3965 ΒΑΛΣ.
2440 3911 2657 3980 ’Ὠσπερ
2688 3912 2979 3969 ἐτάττοντο
3023 3911 3288 3981 παρθένοι
3344 3913 3612 3979 γυναῖκες
3655 3911 3713 3964 έν

2125 3988 2249 4066 ταῖς
2265 4002 2588 4071 ἐκκλησίαις
2605 4002 2744 4072 μετὰ
2771 4002 2965 4058 λαῖκοῦ
2989 4003 3270 4073 σχήματος
3286 4007 3384 4058 καὶ
3413 4004 3712 4075 διῳκοῦντο

2127 4092 2239 4147 ἀπὸ
2270 4092 2383 4145 τῶν
2414 4092 2640 4146 εἰσόδων
2676 4093 2776 4163 τῆς
2812 4092 3130 4162 ἐκκλησίας,
3188 4091 3333 4153 οὕτω
3388 4095 3486 4149 καὶ
3539 4093 3711 4163 χῖεραι

2130 4184 2271 4257 μετὰ.
2303 4188 2399 4237 τοῦ
2431 4184 2597 4238 αὐτοῦ
2624 4186 2906 4255 σχήματος
2939 4184 3363 4239 κατετάττοντο.
3397 4187 3537 4257 Φησὶ
3573 4182 3706 4252 γοῦν

2126 4281 2155 4330 ό
2190 4278 2349 4345 ἅγιος
2376 4277 2501 4340 ὠςό
2552 4277 2728 4348 μέγας
2777 4275 2991 4341 Παῦλος
3039 4277 3138 4347 τὴν
3190 4276 3450 4347 τοιαύτην
3510 4277 3708 4348 χήραν,

2126 4368 2298 4438 ἧγουν
2359 4367 2460 4438 τὴν
2526 4367 2666 4437 μετὰ
2724 4368 2786 4421 τδ
2839 4368 3219 4453 καταταγῆναι
3261 4368 3339 4432 είς
3382 4367 3712 4436 Ἐκκλησίαν

439 4470 538 4508 seu
569 4457 755 4509 deﬂuit
779 4458 1004 4527 despici,
1042 4460 1142 4515 hoc
1165 4472 1243 4515 est
1273 4463 1341 4516 ab
1374 4462 1612 4519 Ecclesia
1642 4468 1858 4536 expelli;
1889 4477 1942 4524 et
1974 4471 2022 4526 si

2130 4459 2711 4529 δευτερογαμήσασαν,
2766 4459 3008 4529 ἔκρινεν,
3041 4461 3212 4531 ἤγουν
3254 4458 3428 4529 ὥρισε
3474 4457 3713 4529 παρορᾶ-

441 4546 557 4613 ipsa
593 4548 810 4617 quidem
837 4562 959 4604 ante
991 4567 1029 4606 s~
1054 4554 1383 4619 xagesimum
1415 4571 1614 4611 annum
1652 4562 1894 4619 secundo
1923 4578 2026 4617 nu-

442 4638 634 4707 pserit,
669 4653 786 4694 eam
821 4642 989 4696 sitiam
1045 4659 1255 4710 poenam
1302 4648 1605 4705 sustinebit.
1641 4650 1732 4704 Est
1762 4653 1904 4706 enim
1941 4654 2025 4709 di-

444 4748 545 4799 gna
578 4733 754 4797 venia,
782 4745 837 4787 ut
859 4750 976 4802 quze
1011 4745 1227 4806 propter
1253 4737 1524 4805 jttnioretn
1551 4751 1762 4796 tetate‘u
1783 4747 2025 4799 secundo

444 4821 650 4876 nubere
690 4833 874 4876 coacta
907 4824 1011 4888 sit,
1048 4835 1102 4876 et
1137 4826 1170 4878 ii
1204 4826 1379 4894 potius
1412 4828 1499 4895 qui
1535 4843 1652 4881 eam
1679 4868 1696 4895 ,
1729 4839 2020 4899 antequam

445 4916 844 4984 sexagesimum
879 4932 1076 4985 annum
1112 4918 1483 4987 compleverit,
1515 4922 1860 4992 ordinarunt,
1898 4935 2027 4979 sunt

442 5007 897 5074 reprehendendi,
958 5017 1013 5061 ut
1057 5008 1145 5076 qui
1189 5009 1534 5074 apostolicam
1583 5013 2024 5068 constitutionem

447 5098 766 5164 Laasgtessi
806 5104 953 5162 sunt,
988 5114 1105 5165 quae
1156 5096 1513 5157 dicitzl’idua
1545 5099 1773 5169 eligatur
1801 5117 1903 5154 non
1931 5103 2030 5154 mi-

451 5203 553 5241 ttor
580 5190 854 5256 sexaginta
888 5191 1039 5243 armis
1060 5190 1100 5243 ¹.
1124 5189 1252 5255 Qum
1277 5201 1456 5244 autem
1485 5201 1606 5259 post
1641 5206 1840 5246 annum
1865 5207 2029 5257 sexa-

453 5280 721 5348 gesimum
758 5283 1147 5336 continentiam
1188 5284 1494 5344 intirmans,
1527 5284 1769 5340 secundo
1799 5286 2026 5354 nupsit,

453 5386 485 5424 ιι
518 5379 703 5424 sancta
736 5374 1116 5428 cormnuuioue
1154 5375 1260 5428 erit
1308 5382 1559 5444 separata
1588 5415 1601 5440 ,
1628 5376 1799 5429 donec
1831 5376 1898 5427 ab
1930 5375 2028 5428 im-

454 5463 687 5530 pnritate
717 5477 838 5518 cum
875 5465 989 5517 \‘iro
1018 5466 1364 5520 abstinuerit.
1393 5463 1647 5522 Sanctus
1677 5466 1821 5519 enim
1847 5467 2024 5533 impu-

454 5555 671 5609 ritat~.-tu
707 5551 998 5625 appellat-it
1034 5557 1084 5611 in
1109 5571 1172 5613 ea
1202 5566 1360 5613 aetate
1389 5557 1812 5613 matrimonium.
1839 5555 2025 5612 Virum

533 5729 550 5762 ι
590 5733 607 5785 1
637 5733 778 5789 Tm.
810 5754 845 5787 ,ν
869 5776 883 5801 ,
906 5739 960 5789 tt.

2132 4547 2281 4610 σθαι,
2311 4548 2592 4603 τουτέστιν
2618 4545 2932 4613 ἐξωθεῖσθαι
2952 4546 3060 4601 ἀπὸ
3086 4546 3185 4616 τῆς
3219 4546 3557 4615 Ἔκκλησίας
3579 4561 3594 4577 ·
3621 4546 3714 4596 καὶ

2131 4639 2180 4692 εί
2215 4638 2323 4709 μὴν
2376 4638 2481 4709 πρὸ
2516 4637 2607 4691 τοῦ
2642 4636 3068 4706 ἑξηκονταετοῦς
3103 4637 3298 4707 χρόνου
3341 4637 3485 4708 αὕτη
3535 4636 3715 4689 δευτε·

2141 4730 2472 4800 ρογαμήσει,
2510 4730 2719 4799 ταύτην
2755 4730 2853 4783 καὶ
2882 4729 3054 4800 μόνην
3076 4727 3177 4799 τὴν
3214 4728 3445 4782 κόλασιν
3475 4724 3717 4796 ὑποστή-

2141 4839 2319 4878 σεται.
2353 4820 2700 4892 Συγγνώμης
2733 4821 2840 4892 γάρ
2868 4822 3017 4877 ἐστιν
3040 4819 3165 4885 ἀξία
3204 4819 3312 4873 ὑπὸ
3330 4818 3714 4893 τῆςνεωτέρας

2140 4910 2360 4981 ἡλικίας
2450 4908 2971 4972 καταναγκασθεῖσα
3039 4907 3542 4978 δευτερογαμῆσαι,
3621 4899 3713 4953 καὶ

2143 5003 2346 5072 μᾶλλον
2373 5003 2421 5056 οἱ
2449 5000 2857 5064 κατατάξαντες
2883 4999 3055 5070 αὐτὴν
3114 4999 3221 5070 πρὸ
3270 4998 3369 5052 τοῦ
3425 4993 3712 5067 πληρῶσαι

2139 5095 2233 5149 τὸν
2266 5092 2634 5164 ἑξηκονταετῆ
2689 5095 2882 5162 χρόνον
2920 5090 3233 5159 ὀφείλουσιν
3299 5088 3583 5144 αίτιᾶσθαι
3637 5083 3712 5143 ὡς

2139 5187 2485 5258 παραϐάντες
2530 5185 2630 5253 τὴν
2690 5182 2787 5237 τοῦ
2863 5183 3196 5235 Ἀποστόλου
3264 5182 3558 5249 διαταγὴν,
3608 5173 3706 5244 τὴν

2138 5260 2400 5347 λέγουσαν
2429 5293 2442 5306 ·
2465 5276 2630 5347 Χήρα
2680 5274 3100 5345 καταλεγέσθω
3133 5274 3217 5342 μή
3263 5272 3530 5328 ἐλάττων
3562 5265 3713 5322 ἐτῶν

2139 5370 2464 5439 ἐξήκοντα.
2527 5368 2590 5421 Ἦ
2647 5367 2705 5421 δὲ
2758 5366 2897 5436 μετὰ
2948 5365 3041 5418 τὸν
3095 5362 3461 5434 ὲξηκονταετῆ
3522 5356 3710 5427 χρόνον

2141 5465 2459 5535 ἀθετήσασα
2537 5460 2639 5531 τὴν
2719 5456 3100 5528 σωφροσύνην,
3158 5451 3707 5548 δευτερογαμὴσασῗι

2142 5552 2504 5626 ἀφωρισμένη
2536 5550 2813 5622 ἕσταιτῆς
2868 5548 3031 5620 ἁγίας
3079 5548 3457 5620 μεταλὴιξεως,
3499 5543 3601 5602 ἕως
3646 5543 3708 5588 ἂν
