4076 6390
367 326 472 390 073

1289 324 1373 384 IN
1402 325 1662 386 EPIST.
1700 325 1757 386 S.
1800 324 2090 386 BASILII
2132 324 2578 385 CANONICAM
2621 326 2702 388 II.

3523 326 3627 390 δτι

437 437 686 494 ΖΩΝΑΡ.
722 436 848 489 Ἐάν
881 453 962 498 τις
1008 434 1276 504 παρθένον
1313 435 1692 502 άμνήστευτον
1725 434 1945 506 φθείρῃ,

2121 432 2380 518 :LONAR.
2413 434 2470 489 Si
2511 435 2632 503 quis
2665 434 2928 503 virginem
2965 435 3066 489 sibi
3108 450 3212 489 non
3245 435 3627 506 despexisatam

367 535 458 585 καὶ
484 533 622 586 κατά
651 521 750 600 τὴῖ
785 528 1098 600 φθορὰν,ὡς
1138 526 1359 595 συζύγῳ
1389 527 1533 597 αὐτῇ
1589 527 1815 596 χρῆται,
1867 524 1948 595 τῷ

373 627 474 695 μὲν
534 626 632 693 τῆς
692 624 900 694 φθορᾶς
979 620 1240 691 ἐπιτιμίῳ
1298 619 1672 686 ὑποκείσεται,
1730 617 1828 690 τὴν
1893 617 1950 670 δὲ

373 718 611 786 γυναῖκα
641 715 740 767 οὐκ
768 709 1204 784 ἀφαιρεθήσεται
1228 728 1240 740 ’
1276 711 1518 782 δηλονότι
1543 711 1638 764 ἐὰν
1691 712 1742 762 οἱ
1773 713 1950 778 γονεῖς

338 844 343 853 -
376 808 576 874 αὐτῆς,
611 799 692 868 οἷς
726 803 1024 868 ὑπεξουσία
1063 805 1203 866 ἐστὶ,
1232 801 1642 870 καταδέχωνται
1695 802 1792 869 τὴν
1832 803 1948 870 μετ’

377 899 592 952 ἐκείνου
624 898 941 964 συνοίκησιν
963 895 1058 948 τοῦ
1086 894 1329 962 γυναίου.
1364 895 1424 947 Εἰ
1472 893 1580 963 γὰρ
1631 894 1830 945 ἐκεῖνοι
1889 893 1948 944 οὐ

379 990 686 1061 βούλονται,
732 990 826 1042 καὶ
871 979 1270 1057 κολασθήσεται
1326 984 1466 1038 κατὰ
1526 985 1616 1036 τ“.ν
1674 983 1951 1036 πολιτικὸν

377 1085 566 1151 νόμον,
593 1085 641 1134 εἰ
674 1081 944 1148 παρθένος
979 1075 1047 1150 ἦν
1083 1080 1116 1148 ἡ
1145 1080 1439 1148 φθαρεῖσα.

438 1173 662 1229 ΑΡΙΣΤ.
709 1174 807 1236 ’(ὶς
857 1173 971 1242 ἔχει
999 1174 1098 1241 τὴν
1133 1171 1200 1241 ἢν
1229 1169 1475 1240 ἔφθειρε,
1503 1168 1953 1238 συγχωρούμενος

379 1269 549 1339 ἔχειν,
581 1267 644 1320 τὸ
679 1267 952 1336 ἐπιτίμιον
983 1263 1273 1333 γνώσεται.

453 1361 646 1422 Ὅστις
671 1357 923 1429 βούλεται
951 1360 1185 1425 γυναῖκα
1213 1356 1376 1426 ἔχειν,
1411 1357 1478 1427 ἣν
1513 1359 1620 1429 πρὸ
1648 1361 1741 1413 τοῦ
1773 1362 1955 1430 γάμου

380 1449 684 1516 διέφθειρε,
722 1449 1218 1518 συγχωρηθήσεται
1260 1448 1515 1518 κατέχειν
1562 1451 1768 1521 αὑτήν
1810 1452 1871 1507 τὸ
1899 1454 1982 1506 δὲ·

380 1538 476 1590 ἐπὶ
511 1539 578 1608 τῇ
606 1525 785 1608 φθορᾷ
818 1537 1094 1605 ἐπιτίμιον
1130 1537 1334 1589 εἴσεται
1359 1539 1415 1588 ὲν
1457 1538 1753 1610 τέσσαρσιν
1777 1544 1958 1597 ἐνιαυ-

381 1631 494 1692 τοῖς
525 1644 540 1660 ·
609 1627 790 1691 καθὼς
877 1630 934 1681 ἐν
1002 1628 1079 1699 τῷ
1164 1627 1398 1696 εἰκοστῷ
1463 1629 1704 1702 δευτέρῳ
1772 1636 1959 1690 κανόνι

383 1721 621 1791 ἐγράφη·
1217 1754 1219 1758 ·

925 1813 1163 1869 ΚΑΝΩΝ
1199 1817 1342 1886 Kq'.

399 1902 465 1955 ἸΙ
495 1903 722 1972 πορνεία
756 1919 932 1973 γαμος
957 1906 1056 1959 οὐκ
1086 1906 1259 1974 ἔστιν,
1295 1912 1410 1965 ἀλλ’
1438 1913 1561 1966 οὐδὲ
1585 1913 1765 1982 γάμου
1794 1913 1957 1984 ἀρχή.

457 1993 624 2046 Ὥστε
655 1996 748 2049 ἐάν
844 1997 1070 2051 δυνατὶν
1103 2003 1226 2064 τοὺς
1277 2006 1416 2057 κατὰ
1449 2007 1707 2075 πορνείαν
1757 2022 1963 2059 συναπο

457 2086 725 2154 τομένους
809 2088 1168 2158 χωρίζεσθαι,
1245 2094 1406 2148 τοῦτο
1486 2095 1813 2162 κράτιστον·
1867 2098 1963 2150 ἐὰν

456 2179 512 2231 δὲ
573 2179 878 2248 στέργωσιν
929 2183 993 2234 ὲκ
1060 2184 1258 2246 παντὸς
1330 2186 1535 2256 τρόπου
1587 2187 1646 2240 τὸ
1722 2189 1966 2240 συνοικέ-

467 2285 600 2332 σιον,
655 2273 715 2321 τὸ
768 2270 869 2338 μὲν
917 2271 1014 2341 τῆς
1069 2273 1326 2342 πορνείας
1379 2276 1656 2343 ἐπιτίμιον
1702 2275 1968 2346 γνωριζέ-

459 2377 661 2425 τωσαν,
718 2360 1069 2428 ἀφιέσθωσαν
1123 2362 1199 2430 δὲ,
1247 2363 1331 2416 ἵνα
1393 2365 1466 2435 μὴ
1517 2366 1698 2436 χεῖρον
1763 2383 1819 2418 τι
1875 2367 1966 2434 γέ-

461 2467 639 2522 νηται.

457 2544 657 2596 ΒΔΛΣ.
683 2542 883 2606 ,Εἰπὼν
905 2544 934 2596 ὁ
983 2545 1140 2613 άγιος
1167 2548 1216 2598 τί
1256 2547 1464 2616 ὀφείλει
1492 2548 1742 2616 γίνεσθαι
1771 2549 1851 2613 εἰς
1877 2548 1966 2602 τὸν

395 2636 698 2705 φθείραντα
730 2637 1026 2706 παρθένον,
1063 2639 1265 2708 ἀρτίως
1306 2641 1576 2694 ὑποτυποῖ
1608 2643 1702 2694 καὶ
1732 2642 1800 2694 τὰ
1835 2643 1964 2711 περὶ

391 2729 500 2782 τῶν
532 2730 898 2783 συνελθόντων
927 2733 1223 2802 πορνικῶςο
1255 2734 1347 2786 καί
1383 2751 1550 2803 φησιν
1571 2736 1652 2787 ὅτι
1674 2738 1706 2804 ἠ
1739 2736 1968 2809 πορνεία

393 2817 516 2871 οὗτε
545 2821 722 2890 γάμος
785 2821 1082 2890 λογίζεται,
1134 2823 1259 2876 οὔτε
1309 2825 1489 2893 γάμου
1531 2826 1776 2894 ἀφορμὴ,
1825 2826 1966 2880 ὥστε

393 2909 805 2976 ἀναγκάζεσθαι
841 2912 1069 2982 θάτερον
1121 2913 1197 2983 τῷ
1223 2915 1420 2989 ,ἑτέρῳ
1471 2916 1837 2968 συνάπτεσθαι
1868 2933 1970 2983 γαο

396 2997 595 3064 μικῶς.
637 2999 800 3052 Ἀλλὰ
833 3000 1056 3068 ἄριστον
1084 3003 1181 3071 μέν
1217 3005 1332 3056 ἐστι
1360 3003 1693 3074 χωρίζεσθαι
1744 3005 1964 3070 αὐτοὺς,

395 3091 565 3160 ἤγουν
596 3091 670 3162 μὴ
715 3095 1284 3165 παραχωρεῖσθαιτὴν
1315 3097 1482 3165 μέσον
1510 3097 1690 3150 αὐτῶν
1717 3097 1965 3166 γαμικὴν
1995 3133 2036 3187 C

395 3185 718 3251 συνάφειαν,
751 3186 830 3238 ὅτι
860 3186 1128 3256 ἕκθεσμος
1159 3187 1254 3239 καὶ
1278 3187 1604 3256 κατάκριτος
1633 3190 1783 3241 ἐστιν
1816 3189 1842 3240 ὁ
1869 3189 1962 3241 τοῦ

391 3277 634 3328 τοιούτου
662 3276 842 3344 γάμου
875 3275 1160 3345 θεμέλιοςο
1195 3278 1244 3329 εί
1277 3276 1332 3330 δὲ
1369 3278 1692 3346 στέργουσιν
1723 3279 1966 3348 ἀπαραι-

392 3368 574 3436 τήτως
616 3371 710 3420 καὶ
761 3369 932 3438 ἄμφω
984 3370 1086 3439 τὴν
1150 3369 1476 3438 συμϐίωσιν,
1514 3371 1589 3440 μὴ
1647 3371 1966 3441 ἀνεχόμενοι

392 3460 485 3512 τοῦ
524 3460 619 3512 ἀπ’
653 3460 899 3530 ἀλλήλων
936 3461 1242 3531 χιυρισμοῦ,
1275 3462 1724 3531 ἐπιτιμᾶσθωσαν
1751 3463 1848 3532 μὲν
1891 3463 1966 3526 ὡς
2004 3496 2010 3499 -

395 3553 821 3622 πορνεύσαντες,
903 3553 1451 3623 παραχωρείσθωσαν
1529 3553 1586 3607 δὲ
1675 3557 1965 3621 συνοικεῖν,

403 3643 485 3695 ῐνα
506 3647 579 3716 μὴ
609 3645 791 3715 χεῖρόν
823 3664 875 3698 τι
907 3648 1152 3715 γένηται,
1179 3647 1366 3716 ἤγουν,
1403 3647 1486 3698 ἵνα
1513 3647 1586 3716 μὴ
1617 3646 1968 3714 διαζυγέντες

403 3736 563 3788 πάλιν
592 3735 767 3806 λάθρα
803 3736 1169 3808 πορνεύσωσι,
1195 3737 1512 3800 τουτέστιν,
1542 3736 1627 3788 ἴνα
1654 3737 1730 3806 μὴ
1759 3737 1968 3802 ἑτέροις

400 3827 768 3896 συναφθέντες
813 3829 1130 3896 προσώποις
1159 3829 1258 3881 οὐκ
1293 3828 1620 3898 ὲπιμείνωσι
1648 3827 1723 3895 τῷ
1750 3828 1967 3898 νομίμῳ

398 3919 581 3988 γάμῳ,
612 3919 746 3972 ἀλλὰ
781 3920 1028 3988 μοιχείαν
1049 3918 1424 3988 ἐργάσωνται,
1456 3917 1488 3988 ἢ
1542 3917 1629 3970 ἴνα
1657 3917 1730 3987 μὴ
1759 3916 1962 3969 κωλυό-

403 4025 556 4076 μενοι
609 4009 1056 4078 διαχειρίσωνται
1098 4008 1328 4070 ἑαυτοὺς
1383 4006 1473 4059 διὰ
1524 4005 1584 4059 τὸ
1625 4005 1720 4058 τοῦ
1768 4004 1969 4075 ἔρωτος

396 4098 642 4162 διακαές.
680 4100 865 4154 Ταῦτα
899 4100 954 4154 δὲ
983 4100 1166 4169 χώραν
1201 4095 1368 4169 εἶχον,
1391 4099 1466 4161 ὡς
1486 4097 1609 4168 ἐμοὶ
1639 4097 1806 4160 δοκεῖ,
1833 4097 1964 4149 ὅταν

401 4192 708 4245 συναικέσει
759 4192 896 4264 μόνῃ
928 4193 1168 4260 ἁγάμος
1228 4191 1558 4252 συνίστατο,
1619 4183 1679 4240 οὐ
1733 4187 1838 4256 μὴν
1877 4189 1971 4240 καὶ

399 4282 640 4352 σήμερον
665 4324 679 4348 ,
711 4285 840 4336 ὅταν
871 4283 960 4338 διὰ
1000 4282 1298 4354 ἱερολογίας
1327 4283 1422 4333 καὶ
1443 4280 1591 4342 θείας
1614 4279 1972 4348 μεταλήψεως

395 4375 490 4424 τοῦ
552 4374 804 4442 σώματος
845 4375 941 4426 καὶ
986 4373 1216 4443 αἵματος
1279 4372 1374 4425 τοῦ
1427 4371 1662 4440 Χριστοῦ
1716 4373 1743 4422 ὁ
1795 4369 1972 4438 γάμος

1989 1791 2036 1850 Β

2056 528 2378 595 corruperit,
2407 542 2577 596 caque
2629 535 2751 597 post
2805 538 3045 595 stuprum
3112 528 3318 580 illatum
3375 539 3628 597 tanquam

2057 617 2288 686 conjuge
2318 619 2520 685 utitur;
2556 620 2730 688 stupri
2758 617 2972 685 quidem
3006 617 3178 684 pretiis
3205 619 3308 671 erit
3339 619 3630 685 obnoxiu=,

2058 723 2164 761 nou
2227 717 2406 762 tamen
2451 710 2520 764 ab
2560 726 2626 764 eo
2673 710 2865 763 mulier
2920 710 3238 782 auferetur:
3281 712 3324 764 si
3379 712 3633 766 vitleliCet

2057 799 2227 866 ipsius
2263 811 2538 868 parentes,
2573 816 2802 869 quorum
2836 802 2918 855 illa
2947 813 3025 858 est
3059 804 3110 855 in
3151 811 3438 870 potestate,
3475 803 3628 855 femi-

2059 904 2181 942 nam
2214 906 2334 942 cunt
2369 891 2462 945 illo
2504 896 2785 947 traducere
2811 894 2972 946 vitam
3009 894 3212 947 sinunt.
3247 895 3456 948 Etenim
3484 896 3528 948 si
3557 897 3632 950 illi

2061 979 2253 1044 nolint,
2284 984 2538 1051 punietur
2569 994 2823 1050 praeterea
2853 985 3086 1038 civilium
3126 985 3298 1054 legum
3327 991 3561 1049 decreto,
3590 989 3635 1043 si

2062 1072 2208 1142 virgo
2239 1083 2380 1138 erat,
2418 1091 2534 1140 qua!
2560 1086 2810 1144 corrupta
2850 1076 2969 1131 fuit.
3140 1074 3142 1076 ’

2139 1169 2368 1224 ARIST.
2400 1172 2502 1238 Qui
2535 1187 2654 1224 eam
2687 1173 2845 1225 habet
2891 1189 3050 1242 quam
3091 1177 3357 1245 corrupit,
3397 1179 3634 1246 permis-

2061 1283 2154 1323 sus
2179 1266 2380 1319 habere
2419 1278 2587 1331 pinnae
2617 1264 2958 1332 subjiciatur.

2133 1360 2457 1426 Quicunque
2511 1357 2793 1410 mulierem
2829 1373 2988 1424 quam
3049 1368 3174 1411 ante
3228 1360 3632 1412 tttatrimonium

2065 1451 2297 1517 vitiavit,
2343 1450 2543 1504 habere
2574 1454 2743 1518 Cupit,
2802 1450 2848 1502 ci
2905 1451 3063 1502 istam
3123 1443 3361 1503 detinere
3416 1452 3637 1520 permit-

2064 1556 2227 1600 tetur.
2294 1543 2362 1596 At
2420 1542 2591 1612 stupri
2643 1541 2962 1609 supplicium
3030 1551 3110 1595 est
3169 1552 3404 1610 quatuor
3453 1545 3634 1606 annis,

2065 1636 2521 1704 quemadmodum
2558 1634 2610 1686 itt
2661 1632 2923 1686 vicesimo
2959 1633 3203 1687 secundo
3241 1647 3448 1687 canone
3500 1637 3639 1690 seri-

2067 1736 2217 1795 ptum
2248 1735 2350 1781 eet.

2621 1802 2850 1873 CANON
2895 1816 3087 1872 XXVI.

2065 1905 2374 1960 Fornicatio
2405 1921 2508 1958 non
2540 1915 2620 1960 cst
2675 1907 3109 1971 matrimonium,
3141 1905 3235 1960 sed
3269 1921 3367 1961 nec
3419 1907 3635 1960 initium

2135 1983 2490 2056 matrimonii.
2519 1998 2698 2064 Quare
2719 1999 2762 2051 si
2793 1999 2907 2053 fieri
2943 2000 3131 2069 possit,
3155 2007 3210 2052 ut
3238 2001 3328 2068 qui
3352 2016 3445 2068 per
3469 2000 3639 2053 forni-

2134 2096 2406 2149 cationem
2449 2091 2728 2160 c0ujuncti
2773 2102 2896 2144 sunt
2929 2101 3271 2160 separentur,
3310 2092 3358 2144 id
3407 2101 3490 2144 cst
3524 2107 3640 2144 me-

2137 2185 2242 2238 lius
2274 2203 2287 2238 :
2323 2183 2404 2237 sin
2435 2193 2612 2237 autem
2640 2184 2717 2236 eis
2752 2183 2974 2235 omnino
3028 2182 3235 2250 placeat
3285 2183 3636 2246 consortium,

2139 2276 2510 2330 fornicationis
2544 2274 2758 2342 quidem
2795 2288 3012 2342 paruam
3048 2281 3386 2342 agnoscant;
3437 2289 3503 2328 ne
3554 2290 3642 2329 se-

2140 2376 2398 2438 parentur
2428 2376 2634 2430 autem,
2664 2381 2734 2420 ne
2764 2366 2890 2434 quid
2923 2364 3161 2418 deterius
3193 2365 3425 2422 accidat.

2144 2547 2340 2603 BALS.
2377 2546 2672 2616 Postquam
2706 2545 2845 2598 dixit
2898 2554 3117 2599 sant-tus
3169 2544 3295 2612 quid
3353 2545 3433 2600 cis
3483 2547 3643 2602 debet

2071 2641 2208 2705 fieri,
2235 2639 2325 2708 qui
2348 2639 2622 2706 uvirginem
2663 2645 2932 2704 stuprant,
2955 2651 3090 2688 nunc
3111 2636 3351 2690 deet-ruit
3374 2637 3438 2690 de
3462 2637 3526 2689 iis
3550 2640 3643 2705 qui

2071 2733 2124 2788 iu
2163 2731 2568 2786 fornicationem
2595 2729 2876 2792 coierunt;
2919 2740 2973 2781 et
3005 2728 3156 2788 dicit,
3186 2727 3328 2806 quod
3354 2727 3644 2781 fornicatio

2069 2838 2168 2880 nec
2191 2822 2594 2875 matrimonium
2624 2820 2876 2882 habetur,
2911 2835 3010 2887 nec
3033 2819 3371 2873 matrimonii
3400 2823 3640 2884 occasio,

2070 2925 2126 2967 ut
2145 2913 2281 2967 alter
2301 2913 2457 2966 alteri
2489 2911 3083 2980 necessnriojungatur,
3109 2911 3200 2964 sed
3225 2911 3486 2976 Optimum
3524 2912 3643 2978 qui-

2071 3007 2190 3059 dcm
2226 3012 2306 3058 est
2330 3019 2424 3059 eos
2445 3005 2711 3072 separari,
2739 3017 2848 3056 non
2884 3018 3030 3070 perm
3059 3002 3118 3052 tti
3143 3001 3348 3056 scilicet
3376 3002 3517 3057 inter
3548 3020 3643 3058 eos

2070 3095 2406 3151 intercedere
2426 3093 2874 3148 tnatrimouialem
2899 3093 3362 3161 conjunctionem,
3388 3096 3644 3162 quoniam

2028 3184 2035 3243 ί
2073 3189 2338 3244 nefarium
2361 3196 2445 3242 est
2469 3195 2523 3240 et
2561 3184 2930 3239 damnandum
2965 3185 3157 3238 harum
3189 3185 3496 3252 nuptiarum
3524 3184 3647 3239 fun-

2072 3280 2392 3334 damentum
2430 3295 2443 3330 :
2487 3275 2568 3331 siu
2624 3286 2805 3331 autem
2838 3276 2916 3329 eis
2955 3276 3028 3328 ita
3071 3275 3284 3343 placeat
3318 3277 3438 3329 vitae
3467 3277 3644 3331 socie-

2075 3368 2178 3435 tas,
2213 3381 2271 3424 ut
2305 3384 2332 3423 a
2378 3384 2436 3424 se
2468 3369 2702 3422 invicem
2733 3369 3014 3422 discedere
3048 3370 3148 3422 sibi
3195 3377 3469 3437 nequeant
3523 3383 3649 3438 per-

2073 3462 2327 3526 suadere,
2361 3461 2654 3531 puniantur
2713 3461 2930 3529 quidem
2982 3470 3040 3512 ut
3111 3459 3504 3526 fornicatores;
3566 3462 3647 3514 eis

2074 3539 2258 3609 autem
2294 3553 2454 3608 simul
2487 3553 2735 3606 habitare
2760 3554 3123 3620 permittatur,
3158 3556 3374 3619 nequid
3409 3553 3647 3608 deterius

2073 3647 2306 3710 accidat,
2335 3645 2448 3717 84
2476 3659 2542 3698 ne
2568 3645 2777 3699 sc'licet
2829 3645 3063 3713 separati
3115 3660 3303 3698 rursus
3339 3645 3643 3699 clanculum

2073 3738 2431 3801 fornicentur,
2464 3737 2566 3790 hoc
2597 3746 2702 3803 est,
2738 3751 2802 3790 ne
2835 3737 2955 3789 aliis
2998 3737 3243 3803 personis
3279 3737 3554 3804 conjuncti
3589 3738 3643 3789 in

2075 3827 2317 3898 legitimo
2345 3827 2694 3882 matrimonio
2727 3843 2833 3880 non
2867 3837 3244 3897 permaneant,
3294 3829 3386 3881 sed
3437 3827 3648 3879 adulte-

2077 3920 2217 3974 rium
2262 3919 2628 3984 committant,
2665 3918 2746 3972 vel
2791 3933 2859 3972 ne
2921 3917 3176 3987 prohibiti
3229 3919 3330 3970 sibi
3376 3917 3645 3973 violentas

2077 4026 2271 4065 manus
2304 4009 2540 4064 inferant
2569 4016 2788 4078 propter
2813 4008 3015 4062 amoris
3045 4007 3464 4062 vehementiam.
3515 4007 3639 4062 thro

2077 4112 2280 4165 autem,
2316 4112 2373 4152 ut
2405 4100 2532 4152 mihi
2565 4099 2835 4163 videntur,
2869 4099 3044 4152 locum
3072 4098 3400 4163 habuerunt,
3427 4100 3646 4168 quando

2077 4190 2194 4246 solo
2249 4205 2512 4244 consensu
2561 4189 2988 4244 contrahebatur
3043 4189 3472 4254 matrimOnium,
3539 4205 3645 4243 non

2078 4260 2254 4336 auiem
2280 4283 2442 4336 etiam
2487 4280 2645 4335 hodie
2674 4284 2890 4350 quando
2923 4297 3018 4348 per
3069 4295 3283 4341 sacrum
3330 4281 3562 4335 officium
3594 4292 3649 4336 et

2079 4375 2316 4429 tliiinam
2347 4373 2590 4442 corporis
2625 4383 2678 4428 et
2703 4374 2988 4442 sanguinis
3021 4373 3225 4427 Christi
3277 4374 3649 4444 participatio-

399 4463 739 4518 συνίσταται.
778 4465 900 4528 Πῶς
932 4465 1041 4534 γὰρ
1067 4465 1113 4517 οἱ
1147 4462 1572 4533 ἐπιτιμηθέντες
1602 4462 1690 4514 διὰ
1719 4461 1816 4530 τὴν
1839 4477 1968 4528 πορ-

2079 4481 2199 4520 nem
2234 4465 2634 4518 matrimonium
2688 4466 3056 4519 constituitur.
3095 4465 3376 4530 Quomodo
3407 4467 3551 4520 enim
3585 4467 3646 4531 ii,

399 4555 571 4620 νείαν,
610 4557 704 4608 καὶ
756 4556 864 4610 τῶν
910 4555 1270 4625 ἁγιασμάτων
1309 4555 1383 4625 μὴ
1427 4553 1966 4623 μεταλαμϐάνονῑες,

310 4633 313 4637 ⁴
399 4646 655 4714 γαμικῶς
699 4647 953 4717 ἀλλήλοις
988 4647 1320 4699 συνέλθωσιν
1352 4661 1366 4710 ;
1405 4645 1466 4697 Ei
1505 4645 1561 4696 δὲ
1608 4645 1794 4713 εἴπῃς,
1832 4643 1971 4712 μετὰ

398 4739 460 4786 τὸ
491 4737 885 4808 ἐπιτιμηθῆναι
903 4737 1028 4800 τοὺς
1055 4735 1464 4805 πορνεύσαντας
1491 4735 1582 4786 ἐπὶ
1615 4734 1713 4806 ὅλῃ
1735 4734 1975 4802 τριετίᾳ,

405 4830 479 4898 μὴ
543 4832 864 4900 πορνεῦσαι,
941 4831 1044 4882 οὐκ
1105 4827 1484 4898 ὲμποόισθήσῃ
1565 4829 1972 4896 παραχωρῆσαι

399 4920 623 4988 τούτους
661 4924 798 4990 μετὰ
855 4922 952 4992 τὴν
1007 4923 1254 4990 τριετίαν
1304 4919 1553 4989 νομίμως
1607 4917 1970 4987 συναφθῆναι.

409 5012 792 5081 Ἐρωτήσειδὲ
835 5031 955 5077 τις,
985 5013 1084 5066 Διὰ
1129 5011 1181 5064 τί
1209 5013 1305 5081 τὴν
1353 5011 1450 5082 μὲν
1506 5009 1775 5081 παρθένον
1833 5011 1972 5078 μετὰ

399 5106 502 5168 τὴν
533 5105 744 5175 φθορὰν
769 5107 1109 5174 διορίζεταιο
1137 5105 1291 5172 ἆγιος
1320 5104 1566 5173 νομίμως
1595 5101 1972 5155 συνάπτεσθαι

369 5193 372 5196 ’
401 5189 707 5266 τῴςρθορεῖ,
734 5197 857 5260 τοὺς
886 5197 941 5249 δὲ
965 5197 1371 5268 πορνεύσαντας
1396 5196 1636 5257 εὐκόλως
1677 5193 1973 5265 μίγνυσθαι

400 5291 658 5358 γαμικῶς
707 5291 769 5343 οὐ
807 5293 1157 5362 παραχωρεῖ,
1219 5290 1355 5343 ἀλλὰ
1413 5289 1552 5360 μετὰ
1605 5289 1968 5354 διαστίξεως;

401 5381 594 5444 Λύσις.
646 5383 759 5451 Τὴν
794 5383 891 5451 μὲν
924 5381 1192 5452 παρθένον
1234 5381 1364 5443 ἴσως
1413 5380 1555 5450 μετὰ
1600 5381 1696 5449 τὴν
1756 5379 1972 5449 φθορὰν.

399 5471 577 5535 οὐδεὶς
616 5472 951 5540 αἱρετίσεται
997 5473 1135 5542 πρὸς
1168 5471 1346 5540 γάμον
1395 5470 1604 5532 λαϐεῖν,
1656 5470 1750 5522 καὶ
1808 5470 1857 5520 εί
1896 5467 1972 5538 μὴ

401 5564 780 5635 παραχωρηθῇ
813 5564 890 5632 τῷ
938 5565 1131 5634 φθορεῖ
1181 5562 1524 5632 γαμηθῆναι,
1559 5560 1972 5632 περιλειφθήσε-

397 5675 492 5711 ται
531 5659 732 5728 ἄτιμος
785 5657 880 5709 καὶ
929 5657 1116 5719 ἐλέους
1146 5657 1293 5720 ἀξίαο
1333 5658 1364 5725 ἡ
1398 5655 1452 5706 δὲ
1497 5653 1860 5723 πορνευθεῖσα
1909 5655 1969 5705 οὐ

400 5748 697 5820 ζημιοὶται
721 5748 1002 5814 τοσοῐτον,
1030 5750 1122 5802 ἐὰν
1146 5748 1219 5819 μὴ
1242 5749 1467 5818 γαμηθῇ
1503 5746 1580 5814 τῷ
1609 5746 1967 5815 πορνεύσαντι

2077 4555 2274 4624 quibus
2306 4554 2675 4608 fornicationis
2703 4568 2860 4621 pinna
2894 4555 3134 4624 injuneta
3167 4564 3270 4618 est,
3319 4569 3417 4608 nec
3469 4571 3652 4610 saera-

2061 4659 2381 4723 ‘tttentorum
2415 4645 2563 4699 fuere
2597 4646 2913 4715 participes,
2945 4646 3082 4698 inter
3103 4648 3652 4701 sematrimontaliter

2079 4739 2472 4794 convenerint?
2517 4737 2670 4804 Quod
2730 4737 2777 4791 si
2812 4735 3033 4800 dixeris,
3088 4748 3374 4806 postquam
3437 4741 3504 4793 iis
3559 4743 3650 4809 qui

2079 4833 2328 4887 fornicati
2365 4843 2490 4887 sunt
2526 4846 2680 4900 paena
2716 4831 2954 4897 injuneta
3007 4830 3171 4884 fuerit
3227 4840 3338 4884 toto
3394 4830 3648 4895 triennio,

2081 4942 2148 4979 ne
2175 4924 2534 4986 fornicentur,
2581 4938 2684 4976 non
2740 4922 3047 4990 prohiberis
3091 4922 3169 4976 eis
3225 4923 3546 4988 concedere,
3593 4933 3652 4976 ut

2085 5027 2204 5090 post
2241 5016 2531 5070 triennium
2580 5015 2820 5084 legitimo
2853 5013 3197 5066 matrimonio
3229 5014 3647 5081 conjungantur.

2081 5107 2503 5177 InterrOgaverit
2551 5117 2729 5160 autem
2758 5105 3047 5174 quispiam,
3081 5103 3190 5158 Cur
3222 5104 3481 5174 virginem
3532 5107 3652 5174 qui-

2082 5201 2200 5253 dem
2240 5210 2358 5267 post
2392 5208 2638 5264 stuprutn
2673 5196 2916 5250 deeernit
2949 5206 3168 5248 sanctus
3201 5195 3490 5263 stupratori
3523 5195 3644 5264 legi-

2083 5293 2212 5345 time
2241 5289 2512 5359 conjungi,
2536 5303 2628 5343 eos
2657 5298 2838 5342 autem
2877 5285 2967 5354 qui
3010 5285 3262 5339 fornicati
3295 5295 3423 5338 sunt
3459 5287 3648 5338 matri-

2083 5385 2266 5438 monio
2301 5382 2458 5434 facile
2486 5379 2732 5450 conjungi
2772 5395 2878 5432 non
2936 5377 3084 5440 sinit,
3143 5376 3244 5430 nisi
3297 5391 3418 5430 cum
3461 5377 3643 5430 distin-

2079 5475 2276 5528 ctione.
2327 5472 2556 5525 Solulio.
2605 5461 3140 5539 Virginemuquidem
3175 5475 3294 5535 post
3346 5467 3392 5520 ei
3429 5467 3648 5522 allatum

2081 5576 2327 5633 stuprum
2359 5578 2515 5616 nemo
2544 5560 2778 5615 fortasse
2813 5559 2954 5614 volet
2986 5559 3040 5612 itt
3073 5559 3475 5612 matrimonium
3505 5561 3651 5612 acci-

2082 5671 2229 5724 pere,
2259 5661 2312 5707 et
2342 5653 2440 5706 nisi
2477 5651 2550 5705 illi
2582 5652 2927 5721 permittatur
2945 5651 2991 5702 ei
3011 5651 3102 5719 qui
3130 5651 3395 5718 stupravit
3425 5650 3648 5709 nubere,

2080 5744 2345 5799 dedecore
2377 5741 2568 5795 affecta
2615 5756 2678 5797 ac
2735 5739 3058 5796 Ittiserabilis
3107 5739 3464 5808 relinquetur.
3523 5739 3651 5804 Qua:
