4076 6390
354 342 457 412 677

1278 330 1360 393 IN
1399 330 1645 393 EPIST.
1677 328 1736 386 S.
1771 328 2058 388 B.\SiLlI
2095 330 2544 394 CANUNICAM
2583 333 2666 395 [Ι.

3504 329 3610 394 678

431 458 725 531 τραύματα
745 448 1128 509 ἀνακόλουθον.
1148 444 1385 516 Εὕλογία
1415 446 1519 515 γὰρ
1541 440 1815 511 ἀγιασμοῦ
1841 458 1936 510 με-

2112 442 2270 499 debet
2295 445 2516 499 vulnera
2548 457 2761 505 curare.
2792 457 2897 498 non
2922 444 3007 498 es't
3032 450 3478 499 consentaneum.
3507 442 3610 497 Be-

427 549 665 623 τὰδοσίς,
691 549 863 600 ἐστιν.
912 543 973 596 '0
1032 542 1088 595 δὲ
1121 541 1280 592 τοῦτο
1336 537 1411 608 μὴ
1442 537 1578 607 ἔχων
1608 534 1698 588 διὰ
1747 532 1807 585 τὸ
1838 533 1932 599 τῆς

429 645 658 713 ἀγνοίας
683 639 1059 710 παράπτωμα,
1078 634 1192 698 πῶς
1222 632 1394 701 ἑτέρῳ
1417 628 1751 698 μεταδώσεις
1779 627 1935 694 Μήτε

428 738 615 793 τοίνυν
676 731 914 804 δημοσίᾳ
970 730 1106 800 μήτε
1166 726 1273 796 ίδίᾳ
1322 722 1634 788 εὐλογείτω,
1689 721 1824 789 μήτε
1876 716 1939 770 τὸ

434 830 597 898 σῶμα
632 824 727 880 τοῦ
763 819 1005 892 Χριστοῦ
1038 816 1400 886 κατανεμέτω
1430 813 1626 882 ἑτέρῳ,
1680 811 1817 879 μήτε
1880 824 1936 859 τι

433 922 564 978 ἄλλο
616 916 1024 984 λειτουργείτω,
1079 909 1214 964 ἀλλά
1272 904 1611 976 ἀρκούμενος
1657 903 1723 971 τῇ
1769 916 1935 966 προε-

433 1015 581 1088 δρίᾳ,
633 1007 1020 1081 προσκλαιέτω
1050 1003 1257 1073 ἑτέροις
1295 1001 1387 1088 καὶ
1418 996 1494 1067 τῷ
1551 994 1766 1063 Κυρίῳ,
1804 1007 1938 1059 συγ-

433 1078 754 1178 pater...
824 1099 974 1168 αὐτῴ
1036 1096 1097 1149 τδ
1163 1095 1228 1147 ὲκ
1296 1078 1401 1161 ἰῆς
1464 1089 1685 1157 ἀγνοίας
1756 1087 1940 1157 agap-

431 1214 605 1266 τῃμα.

434 1288 630 1341 ΒᾹΛΣ.
664 1284 758 1347 Εἰς
797 1282 924 1352 τρία
958 1278 1298 1351 διαιροῦνται
1328 1276 1377 1329 oi
1417 1274 1787 1344 κεκωλυμένοι
1844 1272 1943 1341 γά-

373 1398 481 1450 μοι,
519 1381 598 1442 είς
630 1378 892 1447 νεφάριον
921 1377 1013 1427 τὸν
1039 1371 1335 1438 λεγόμενον
1369 1368 1710 1436 παράνομον,
1742 1365 1816 1428 ὡς
1851 1365 1941 1417 ὅτε

364 1471 507 1543 λάσῃ
574 1486 661 1532 τις
711 1469 793 1531 είς
854 1466 1035 1534 γάμον
1097 1463 1195 1531 τὴν
1250 1458 1742 1529 ὲπιτροπευθεῖσαν
1788 1456 1941 1526 παρά

363 1565 554 1619 τούτου
649 1559 746 1613 τοῦ
779 1556 989 1626 πατρὸς
1046 1553 1235 1615 αὐτοῦ,
1273 1552 1306 1621 ἦ
1355 1552 1457 1621 τὴν
1489 1550 1658 1602 οὖσαν
1691 1548 1797 1602 ὑπὸ
1842 1549 1942 1618 τὴν

366 1653 749 1727 πρακτορικὴν
789 1649 1044 1714 ἐξουσίαν
1078 1645 1272 1727 τούτου
1308 1642 1339 1712 ἦ
1376 1642 1470 1695 τοῦ
1496 1641 1705 1710 πατρὸς
1733 1638 1897 1692 αὐτοῦ
1921 1650 1938 1667 ·

364 1748 443 1811 είς
472 1746 766 1815 δαμνᾶτον,
801 1740 894 1794 τὸν
940 1718 1233 1808 λεγόμενον
1284 1736 1641 1802 κατάκριτον,
1699 1732 1758 1793 ὅς
1795 1716 1940 1782 ἐστιν

364 1843 393 1895 δ
426 1839 566 1910 μετά
602 1835 843 1906 μοναχῆς
875 1831 910 1902 ἦ
965 1832 1158 1902 ἑτέρας
1209 1824 1638 1894 ἀνα-τεθειμένης
1694 1823 1774 1892 τῷ
1820 1820 1940 1892 Θεῷ

363 1933 580 2003 γάμος·
613 1930 711 1983 καὶ
748 1926 831 1990 είς
853 1924 944 1978 τὸν
994 1924 1268 1992 ίγκεστον,
1306 1918 1399 1972 τὸν
1434 1917 1529 1969 καὶ
1570 1915 1832 1985 ἀθέμιτον
1856 1915 1944 1965 λε-

366 2027 625 2095 γόμενον,
688 2018 934 2091 δηλονότι
968 2017 1061 2070 τὸν
1094 2014 1235 2085 μετὰ
1273 2009 1605 2080 συγγενικοῦ
1644 2006 1877 2077 προσώπ
1909 2023 1940 2058 υ

364 2115 756 2183 κεκωλυμένου
788 2107 1095 2179 προϐάντα.
1144 2105 1304 2167 Τινὲς
1334 2102 1467 2171 γοῦν
1518 2102 1710 2170 ἱερέως
1755 2101 1813 2151 ὲν
1842 2101 1943 2165 ἁγ-

369 2209 489 2277 νοίᾳ
528 2205 707 2274 γάμον
737 2200 1003 2270 ἀθέμιτον
1038 2195 1494 2258 συναλλάξαντος,
1524 2194 1622 2245 καὶ
1664 2191 1755 2245 διὰ
1780 2189 1943 2243 τοῦτο

370 2299 742 2365 διαζυγέντος,
772 2296 871 2346 ’καὶ
906 2290 1236 2360 καθαιρέσει
1264 2286 1657 2348 ὑποπεσόντος,
1689 2282 1944 2354 ἠρώτησέ

367 2408 454 2454 τις
493 2389 583 2443 τὸν
611 2387 766 2455 ἆγιον
796 2386 844 2438 εἱ
874 2382 1083 2452 ὀφείλει
1111 2382 1139 2433 ὁ
1163 2379 1408 2441 τοιοῦτος
1434 2377 1615 2448 ἱερεὺς
1648 2376 1788 2445 μετά
1840 2373 1944 2442 τὴν

367 2481 695 2551 καθαίρεσιν
722 2475 1004 2549 ίερατικόν
1029 2492 1082 2527 τι
1108 2472 1374 2543 ἐνεργεῖν.
1416 2468 1643 2537 Ἔλεγον
1665 2468 1773 2536 γάρ
1800 2483 1945 2530 τινες

365 2572 466 2635 ὡς,
490 2571 614 2624 ἐπεὶ
642 2574 699 2623 ἐν
723 2567 922 2637 ἀγνοίᾳ
956 2564 1266 2624 ὠλίσθησεν
1291 2563 1319 2615 ὁ
1355 2559 1559 2628 ἱερεὺς,
1601 2560 1700 2626 οὐχ
1743 2559 1947 2611 ὑποπε-

370 2666 548 2717 σεϊται
578 2662 902 2731 καθαιρέσει
926 2673 942 2690 ⁶
982 2662 1030 2712 εί
1061 2657 1116 2711 δὲ
1149 2651 1482 2725 καθαιρεθῇ,
1512 2651 1623 2705 τῶν
1649 2648 1749 2719 μὲν
1786 2648 1944 2712 ἐντὸς

366 2755 462 2809 τοῦ
498 2754 745 2826 βήματος
772 2750 1071 2822 ἐνεργειῶν
1108 2747 1510 2817 κωλυθήσεται,
1542 2742 1653 2796 τῶν
1687 2738 1745 2795 δὲ
1785 2742 1947 2804 ἐκτὸς

367 2850 469 2902 οὐκ
501 2847 985 2918 ὲμποδισθὴσεται.
1015 2841 1154 2912 Φησὶ
1187 2837 1372 2894 τοίνυν
1398 2838 1426 2889 ὁ
1491 2835 1648 2904 ἅγιος
1703 2833 1947 2900 ὀφείλειν

371 2940 561 2993 τοῦτον
617 2933 1028 3005 καθαιρεῖσθαι,
1096 2931 1192 2985 καὶ
1263 2926 1405 2999 μετὰ
1453 2926 1552 2995 τὴν
1626 2922 1947 2993 καθαίρεσιν

368 3031 538 3101 τιμῆς
574 3031 672 3101 μὲν
695 3030 862 3099 μόνης
890 3027 1164 3097 μετέχειν,
1199 3023 1321 3093 ἦτοι
1380 3015 1758 3088 συγκαθῆσθαι
1807 3012 1948 3083 μετά

1969 1788 2016 1846 Β

2113 535 2350 590 nedictio
2402 546 2485 591 est
2535 533 2987 589 sanctiﬁcationis
3027 533 3485 601 communicatio;
3518 533 3611 602 qui

2108 634 2290 680 autem
2322 641 2438 681 cam
2460 643 2565 681 non
2596 626 2758 681 habet
2784 636 3005 697 propter
3029 624 3347 693 ignorantiae
3375 624 3607 694 lapsum,

2108 720 2380 787 quomodo
2424 718 2548 773 aliis
2591 717 3048 774 communicabit?
3083 714 3196 771 Nec
3221 730 3352 787 ergo
3401 715 3613 785 publice

2110 824 2210 864 truc
2262 811 2510 877 privatim
2544 807 2846 873 bencdicat,
2874 823 2973 863 uec
3016 806 3216 862 Christi
3251 819 3445 877 corpus
3489 807 3611 864 aliis

2111 903 2405 969 impertiat,
2432 916 2529 955 nec
2565 902 2778 966 aliquod
2821 900 2964 953 aliud
2998 914 3212 954 sacrum
3250 898 3611 951 ministerium

2108 994 2289 1057 obeat,
2336 993 2427 1048 sed
2482 995 2622 1062 quod
2670 992 2962 1062 praesideat
3020 1000 3327 1054 contentus,
3386 991 3505 1044 aliis
3556 997 3614 1044 et

2110 1082 2342 1139 Domino
2365 1083 2578 1149 deﬂeat,
2601 1093 2657 1138 ut
2688 1084 2789 1138 sibi
2821 1083 3136 1153 ignorantia:
3168 1076 3446 1151 peccatum
3479 1095 3613 1135 con-

2111 1178 2357 1230 donetur.

2115 1291 2308 1346 BALS.
2343 1290 2634 1346 Probibitae
2663 1292 2862 1362 ttttptia:
2886 1291 3148 1345 trifariam
3179 1276 3532 1344 dividuntur:
3557 1289 3610 1342 in

2041 1382 2301 1451 nefarias,
2358 1396 2478 1449 quae
2524 1392 2721 1450 prater
2770 1381 2914 1449 leges
2966 1380 3241 1444 dicuntur,
3299 1389 3357 1433 ut
3401 1380 3445 1435 si
3491 1378 3615 1447 quis

2040 1490 2158 1529 eam
2189 1471 2343 1541 cujus
2375 1472 2591 1527 tutelam
2619 1471 2779 1541 gerit,
2814 1471 2899 1524 vel
2931 1471 3045 1538 ipse
3096 1470 3175 1524 vel
3224 1481 3377 1539 pater
3422 1470 3613 1539 ipsius,

2042 1579 2264 1620 uxorem
2293 1566 2475 1629 ducat,
2511 1563 2593 1617 vel
2636 1578 2751 1617 eam
2779 1577 2898 1631 quae
2929 1572 3009 1615 est
3044 1562 3097 1615 in
3132 1564 3288 1631 ejus,
3325 1560 3406 1614 vel
3447 1559 3616 1628 patris

2039 1660 2158 1726 ejus
2189 1657 2407 1712 tutelari
2451 1664 2756 1726 potestate;
2813 1656 2864 1708 in
2898 1654 3183 1710 damnatas
3218 1668 3313 1707 seu
3358 1652 3616 1705 condem-

2045 1760 2220 1812 natus,
2267 1761 2323 1803 ut
2375 1748 2418 1803 si
2463 1747 2550 1801 ﬁat
2595 1747 2998 1800 matrimonium
3047 1761 3169 1799 cum
3224 1744 3486 1798 monacba
3535 1740 3616 1795 vel

2042 1843 2145 1897 alia
2183 1840 2292 1896 Deo
2321 1841 2611 1895 dedicata:
2644 1838 2777 1892 etin
2833 1838 3090 1901 incestas,
3143 1852 3264 1905 quze
3313 1835 3403 1890 hic
3451 1835 3613 1888 etiam

2042 1932 2267 1988 nefaria:
2294 1932 2568 1995 dicuntur,
2614 1938 2668 1982 ιιι
2700 1928 2744 1981 si
2780 1929 2899 1996 quis
2924 1936 3043 1981 cum
3077 1926 3484 1996 conSanguinea
3517 1939 3614 1978 sua

2044 2027 2098 2080 in
2139 2026 2309 2096 gradu
2342 2021 2615 2093 prohibito
2642 2019 2996 2075 contraxerit.
3033 2019 3169 2073 Cum
3222 2034 3353 2089 ergo
3393 2018 3613 2086 quidam

2043 2113 2298 2171 sacerdos
2330 2109 2595 2165 nefarium
2652 2125 2747 2180 per
2793 2108 3154 2178 ignorantiam
3207 2105 3614 2160 matrimonium

2043 2208 2428 2271 contraxisset,
2461 2214 2515 2259 et
2544 2211 2828 2272 propterea
2872 2200 3105 2255 solutum
3139 2209 3301 2260 esset,
3331 2206 3386 2252 et
3417 2199 3531 2266 ipse
3560 2197 3613 2250 in

2042 2300 2439 2370 depositionem
2468 2294 2773 2357 incidisset,
2797 2291 3155 2361 interrogavit
3195 2287 3458 2359 quiSpiam
3491 2302 3618 2342 san-

2044 2400 2215 2456 ctum,
2252 2406 2319 2442 an
2355 2389 2399 2442 is
2423 2387 2680 2445 sacerdos
2711 2383 2900 2457 debeat
2938 2392 3058 2451 post
3096 2380 3484 2451 depositionem
3530 2393 3617 2432 sa-

2045 2482 2318 2540 cerdotale
2347 2468 2621 2551 quidpiam
2662 2489 2941 2530 exercere.
2986 2472 3243 2529 Dicebant
3290 2472 3433 2525 enim
3483 2484 3620 2523 nou-

2047 2575 2201 2639 nulli,
2265 2573 2411 2643 quod
2475 2570 2731 2638 quoniam
2798 2565 3053 2619 sacerdos
3111 2579 3206 2634 per
3259 2560 3617 2630 ignorantiam

2048 2667 2236 2737 lapsus
2268 2671 2433 2723 esset,
2474 2676 2576 2715 non
2608 2660 2928 2729 subjicietur
2978 2654 3301 2724 depositioni
3343 2654 3474 2709 :sin
3518 2668 3620 2703 au-

2050 2771 2156 2816 tem
2209 2756 2373 2812 fuerit
2405 2753 2706 2823 depositus,
2757 2751 2824 2803 ab
2874 2748 3177 2802 actionibus
3226 2745 3439 2815 quidem
3499 2757 3621 2811 qua:
3713 2815 3721 2823 .

2050 2855 2185 2908 liunt
2221 2851 2361 2904 intra
2390 2843 2624 2900 tribunal
2657 2842 2957 2909 arcebitur,
3005 2840 3100 2893 sed
3147 2852 3253 2891 non
3291 2837 3358 2890 ab
3388 2833 3620 2888 actioni-

2050 2945 2151 2999 bus
2185 2956 2303 3012 qua:
2338 2928 2469 2993 sunt
2515 2944 2668 2988 extra
2700 2931 2962 2988 tribunal.
3014 2930 3148 2984 Dicit
3197 2943 3329 2997 ergo
3380 2934 3621 2987 sanctus,

2049 3053 2172 3092 eum
2208 3034 2409 3088 debere
2443 3027 2656 3095 deponi,
2681 3033 2734 3080 et
2765 3035 2886 3095 post
2908 3021 3297 3091 dcpositionem
3342 3032 3463 3071 eum
3491 3016 3620 3085 qui-

369 3141 479 3176 των
506 3120 928 3194 πρεσϐυτέρων,
956 3117 1068 3172 τῶν
1115 3116 1173 3169 δὲ
1208 3112 1410 3167 λοιπῶν
1432 3109 1747 3182 ’ἱερατικῶν
1794 3109 1948 3177 ἐνερ-

2054 3132 2174 3183 dem
2211 3139 2333 3181 esse
2368 3122 2534 3176 solius
2568 3118 2787 3172 honoris
2821 3114 3165 3185 participem,
3201 3120 3260 3164 ut
3302 3108 3512 3164 scilicet
3538 3122 3624 3158 sc-

373 3217 543 3286 γειῶν
566 3212 894 3286 ἀπέχεσθαι,
925 3214 1094 3284 ἡγουν
1122 3211 1260 3280 μήτε
1287 3207 1454 3277 εὐχὴν
1474 3205 1656 3271 λέγειν
1684 3202 1945 3272 δημοσίᾳ,

370 3308 656 3364 τουτέστιν
688 3308 746 3360 ὲν
782 3303 1076 3375 ἐκκλησίᾳ,
1120 3303 1258 3372 μήτε
1294 3300 1423 3368 ίδίᾳ,
1472 3297 1750 3350 τουτέστιν
1792 3294 1950 3355 ἐκτὸς

493 3399 792 3468 ἐκκλησίας
812 3415 825 3428 ’
853 3397 986 3451 ἀλλὰ
1011 3395 1147 3466 μηδὲ
1177 3395 1246 3447 τὰ
1279 3396 1407 3462 Ξ·.για
1446 3386 1947 3461 μεταχειρίζεσθαι,

373 3494 469 3548 καὶ
512 3492 726 3564 ἑτέροις
766 3489 1113 3561 μεταδιδόναι
1139 3486 1340 3547 αὐτῶν,
1386 3483 1512 3554 μήτ’
1552 3481 1682 3534 ἄλλο
1702 3497 1754 3532 τι
1801 3480 1950 3547 ἱερα-

372 3586 522 3639 τικὸν
546 3587 810 3658 ἐνεργεῖν.
828 3582 1144 3655 Ἀρκείσθαι
1169 3580 1224 3632 δὲ
1246 3582 1311 3648 τῇ
1345 3581 1481 3648 τιμῇ
1515 3576 1613 3644 τῆς
1635 3572 1948 3642 προεδρίας,

376 3681 442 3749 τῇ
478 3679 897 3750 φιλοτιμηθείσῃ
954 3676 1104 3747 αὐτῴ
1129 3675 1216 3729 διὰ
1246 3673 1347 3742 τὴν
1379 3671 1626 3740 ἄγνοιαν.
1692 3665 1951 3732 Εὐλογεῖν

383 3772 562 3842 μέντοι
597 3772 822 3842 ἐτέρους
847 3771 939 3824 τὸν
979 3767 1222 3820 τοιοῦτον
1254 3766 1313 3817 οὺ
1339 3764 1422 3816 δεῖ
1446 3778 1461 3794 ’
1529 3763 1555 3832 ἡ
1592 3760 1702 3830 γὰρ
1733 3757 1953 3825 εὐλογία

382 3865 666 3935 μετάδοσις
700 3861 978 3933 ἁγιασμοῦ
1020 3864 1186 3913 ἐστιν.
1227 3858 1285 3914 Ὀ
1309 3858 1366 3909 δὲ
1395 3855 1469 3926 μὴ
1494 3848 1632 3925 ἔχων
1653 3849 1949 3919 ἀγιασμδν,

379 3952 482 4006 κᾶν
507 3952 576 4005 δι’
609 3951 838 4020 ἄγνοιαν
896 3943 1203 4020 καθῃρέθη,
1247 3945 1366 4008 πῶς
1408 3944 1600 4000 τούτου
1655 3940 1953 4013 μεταδώσει

364 4045 552 4115 ’ἑτέρῳ
584 4063 599 4113 ;
635 4043 943 4114 Συγγνώμη
975 4043 1032 4095 δὲ
1071 4042 1276 4095 δίδοται
1317 4036 1488 4108 αὐτῷ,
1546 4038 1607 4089 οὐ
1662 4035 1821 4105 μόνον
1864 4032 1954 4086 διὰ

376 4138 473 4191 τοῦ
505 4134 892 4205 συγκαθῆσθαι
947 4134 1087 4205 μετά
1128 4132 1238 4187 τῶν
1283 4130 1498 4202 ἱερέων,
1530 4126 1668 4182 ὀλλά
1719 4128 1819 4178 καὶ
1865 4123 1955 4178 διὰ

379 4229 474 4282 τοῦ
512 4228 588 4300 μὴ
615 4228 983 4299 τιμωρεῖσθαι
1006 4225 1378 4295 ἀλλοτρόπως.
1418 4221 1481 4275 Εἰ
1522 4219 1631 4292 γάρ
1656 4220 1713 4271 ἐν
1744 4217 1951 4287 είδήσει

375 4324 570 4379 ἒραὁεν
627 4327 709 4388 είς
763 4324 1003 4393 γυναῖκα
1034 4323 1135 4392 τὴν
1179 4319 1587 4391 ἀφιερωθεῐσαν
1615 4314 1696 4387 τῷ
1728 4313 1871 4385 Θεῷ,
1919 4312 1953 4384 ἦ

378 4417 480 4489 τὴν
518 4418 761 4489 συγγενῆ
794 4414 986 4483 αὐτοῦ,
1023 4416 1118 4468 καὶ
1160 4410 1533 4483 ἀλλοτρόπως,
1593 4407 1955 4480 χρηματικῶς

2052 3222 2191 3276 deat‘
2214 3232 2337 3272 cum
2376 3211 2740 3283 presbyteris,
2773 3224 2801 3261 a
2837 3202 3063 3272 reliquis
3094 3213 3272 3256 autem
3305 3199 3622 3254 sacerdota-

2053 3315 2193 3368 libus
2223 3305 2530 3364 actionibus
2564 3301 2852 3361 abstineat,
2890 3306 2946 3350 ut
2977 3294 3188 3350 Scilicet
3213 3307 3391 3360 neque
3417 3289 3622 3345 oratio-

2053 3420 2172 3459 nem
2210 3402 2354 3455 dicat
2385 3396 2597 3467 publice
2628 3407 2724 3447 Seu
2756 3391 2807 3443 in
2843 3387 3096 3447 ecclesia,
3134 3400 3233 3438 nec
3263 3382 3535 3452 privatim,
3569 3379 3622 3433 id

2051 3505 2134 3553 est
2169 3504 2320 3549 extra
2349 3488 2633 3544 ecclesiam
2665 3501 2681 3538 :
2720 3483 2811 3537 sed
2846 3493 3019 3548 neque
3054 3487 3241 3532 sancta
3281 3481 3492 3530 tractet.
3526 3485 3625 3524 nec

2052 3590 2164 3658 ipsa
2187 3585 2308 3640 aliis
2332 3578 2718 3642 communicet,
2753 3589 2858 3631 nec
2884 3570 3085 3639 aliquid
3116 3567 3257 3622 aliud
3291 3562 3627 3619 sacerdotale

2050 3683 2321 3733 exerceat.
2353 3672 2434 3725 Sit
2462 3680 2640 3721 autem
2675 3672 2961 3719 contentus
2993 3659 3252 3714 sessionis
3281 3660 3504 3718 honore,
3535 3652 3624 3722 qui

2051 3767 2126 3821 illi
2155 3773 2375 3836 propter
2407 3754 2762 3829 ignorantiam
2816 3764 3107 3805 concessus
3149 3756 3248 3802 est.
3303 3743 3486 3797 Talem
3536 3757 3628 3796 au-

2054 3828 2167 3913 ten;
2192 3828 2312 3908 aliis
2342 3828 2666 3904 benedicere
2697 3857 2801 3896 non
2836 3849 3074 3908 Oportet.
3117 3834 3437 3890 Benedictio
3479 3828 3624 3885 enim

2050 3956 2135 4004 est
2167 3937 2614 3999 sanctificationis
2645 3928 2959 4000 impertitio.
2991 3926 3092 3993 Qui
3127 3928 3301 3979 autem
3332 3938 3435 3977 non
3465 3922 3631 3974 habet
3708 3965 3715 3971 .

2052 4033 2565 4094 sanctilicationem,
2591 4023 2806 4080 etiamsi
2835 4037 2931 4090 per
2967 4013 3629 4089 ignorantiam'depositus

2053 4132 2143 4194 sit,
2191 4122 2460 4197 quomodo
2486 4132 2606 4173 eam
2642 4114 2763 4169 aliis
2788 4108 3106 4180 itnpertiet?
3142 4107 3308 4162 Venia
3342 4110 3523 4161 autem
3576 4101 3628 4158 ei

2053 4221 2236 4282 datur,
2278 4229 2385 4269 non
2413 4211 2585 4269 solum
2613 4204 2755 4278 quod
2815 4204 3002 4260 sedeat
3053 4216 3176 4255 cum
3226 4197 3629 4261 sacerdotibus,

2053 4314 2149 4370 sed
2174 4319 2230 4368 et
2254 4309 2396 4377 quod
2427 4321 2531 4359 non
2563 4300 2671 4358 alio
2700 4297 2857 4353 modo
2879 4294 3153 4366 puniatur.
3178 4288 3246 4346 ‘Si
3278 4291 3421 4345 enim
3449 4289 3632 4344 sciens

2056 4406 2171 4462 Deo
2221 4411 2596 4457 consecratam
2645 4392 2941 4453 laminam,
2987 4385 3070 4440 vel
3119 4400 3270 4440 suam
3319 4389 3630 4452 cognatam,

372 4470 651 4579 51;}.ov6‘1i'
686 4470 781 4562 καὶ
827 4470 1277 4578 ὲγκλίγματικῶς,
1310 4470 1378 4558 ἀν
1430 4470 1724 4569 ικόλάἒὸτῇζ
1791 4499 1950 4553 ἅτινα

2057 4505 2280 4553 uxorem
2339 4487 2661 4558 accepisset,
2709 4482 2818 4539 alio
2865 4479 3029 4534 etiam
3089 4476 3270 4542 modo,
3322 4470 3633 4543 pecuniaria

375 4602 478 4653 οὐκ
513 4600 822 4669 ἐπάγονται
857 4599 1010 4669 αὐτῷ
1066 4592 1171 4650 διὰ
1223 4595 1324 4665 τὴν
1362 4595 1608 4662 ἄγνοιαν.
1656 4591 1767 4644 Καὶ
1818 4589 1954 4642 ἀνά-

377 4691 550 4759 γνωθι
586 4690 677 4744 τὸν
719 4696 804 4756 ις’
832 4689 1010 4744 τίτλον
1042 4688 1134 4741 τοῦ
1159 4684 1245 4756 κη’
1279 4685 1485 4756 βιϐλίου
1515 4700 1531 4715 ο
1581 4684 1721 4753 μετά
1773 4680 1954 4751 μέντοι

376 4783 439 4836 τὸ
464 4785 847 4853 ἀπαγορεῦσαι
880 4780 1046 4850 αὐτῳ
1103 4780 1287 4831 πᾶσαν
1325 4772 1609 4845 ἱερατικὴν
1650 4772 1951 4840 ἐνέργειαν.
1991 4812 2000 4819 .

382 4879 549 4946 φησιν
574 4878 610 4928 νὸ
633 4876 811 4942 ἅγιος,
845 4870 1228 4940 προσκλαιέτω
1271 4869 1480 4937 ἑτέροις
1511 4864 1607 4918 καὶ
1624 4862 1700 4929 τῷ
1730 4860 1951 4932 Κυρίῳ·

377 4965 457 5035 τῷ
481 4967 579 5036 μὲν
603 4963 818 5035 Κυρίῳ,
846 4962 919 5027 ὡς
944 4961 1229 5029 δυναμένῳ
1260 4957 1482 5026 ἀφιέναι
1555 4952 1955 5024 ἁμαρτήματα,

372 5062 496 5135 ’τοῖς
523 5059 581 5112 δὲ
609 5057 844 5126 ἑτέροις,
873 5055 963 5108 ἵνα
1012 5055 1260 5107 κάκεῖνοι
1297 5049 1440 5120 ὑπὲρ
1502 5045 1671 5101 αὑτοῦ
1730 5045 1955 5098 δέωνται

384 5150 463 5221 τῷ
491 5150 682 5220 Κυρίῳ
724 5145 1152 5236 συγχωρηθῆναι
1181 5142 1354 5212 τούτῳ
1373 5142 1433 5193 τὸ
1460 5141 1557 5193 Ἐκ
1593 5136 1687 5190 τοῦ
1714 5134 1957 5231 ἀθέσμου

387 5241 571 5311 γάμου
602 5243 891 5309 ἁνόμημα.
946 5220 1247 5305 Ἕρωτήσει
1279 5232 1335 5284 δέ
1379 5247 1485 5293 τις,
1542 5226 1616 5290 ὡς
1659 5225 1753 5278 Ἐκ
1790 5220 1958 5291 τριῶν

385 5332 603 5404 τρόπων
638 5328 1021 5400 κολαζομένων
1049 5326 1159 5381 τῶν
1207 5324 1467 5393 ἀθέσμων
1499 5322 1715 5388 γάμων,
1762 5314 1956 5366 καθαιο

391 5424 682 5497 ρεθὴσεται
731 5423 826 5475 καὶ
856 5423 884 5474 ὁ
913 5420 1146 5490 ποιήσας
1193 5417 1513 5487 παράνομον
1550 5411 1754 5481 γάμον,
1788 5407 1958 5477 ἤγουν

388 5516 484 5567 καὶ
510 5516 537 5567 ὀ
564 5514 664 5583 τήν
695 5528 825 5564 ποτε
859 5508 994 5580 παρ’
1047 5504 1235 5560 αὐτοῦ.
1256 5498 1775 5574 ἑπιτροπευθεῖσαν,
1800 5494 1834 5565 ἢ
1862 5491 1957 5545 τοῦ

389 5607 633 5676 πατέρος
660 5603 851 5666 αὐτοῦ,
902 5603 982 5664 είς
1012 5600 1190 5669 γάμον
1225 5596 1533 5666 ἀγόμενος;
1574 5590 1765 5649 Λύσις.
1806 5586 1961 5639 Ἐπεὶ

319 5705 322 5713 ’
387 5702 461 5765 ὡς
495 5699 812 5770 παράνομος
848 5696 943 5749 καὶ⁵
974 5695 1001 5747 ὁ
1044 5689 1287 5752 τοιοῦτος
1318 5687 1499 5756 γάμος
1544 5683 1868 5744 διασπᾶται,
1901 5676 1963 5744 ἐξ

392 5795 641 5860 down;
676 5792 819 5857 μετὰ
851 5788 907 5841 τὸ
934 5783 1210 5852 διαζύγιον
1245 5781 1342 5834 καὶ
1363 5773 1517 5842 οὗτος
1550 5774 1626 5839 ὡς
1653 5772 1961 5844 πορνεύσας

2061 4587 2272 4646 scilicet
2324 4590 2378 4636 et
2417 4576 2777 4636 ειίιιιίιιιιίνιειι·
2822 4571 3094 4645 punietur,
3153 4582 3273 4635 Quae
3314 4563 3531 4634 quidem
3581 4565 3633 4616 ei

2062 4684 2281 4747 propter
2312 4654 2671 4740 ignma'ntiam
2710 4678 2815 4719 non
2863 4657 3203 4726 ittﬂiguntur.
3242 4651 3385 4721 Lege
3419 4652 3501 4705 tit.
3540 4650 3632 4716 lli,

2062 4742 2385 4822 libatum".
2413 4761 2703 4827 Postquam
2737 4763 2914 4809 autem
2946 4755 3167 4806 sanctus
3193 4744 3242 4797 ei
3277 4742 3423 4796 omni
3449 4755 3633 4794 sacer-

2063 4857 2229 4913 dotali
2261 4855 2472 4908 actione
2503 4846 2898 4906 interdixisset,
2951 4839 3172 4902 Deﬂeat,
3208 4834 3401 4906 inquit,
3435 4831 3553 4884 aliis
3581 4837 3636 4883 et

2063 4946 2293 5004 Domino
2328 4962 2343 5000 :
2384 4942 2609 4998 Domino
2665 4937 2884 5009 quidem
2941 4943 3002 4988 ut
3045 4934 3136 5001 qui
3193 4937 3367 4998 potest
3417 4935 3632 4996 ρυειοδιιι

2064 5038 2387 5102 remittere;
2419 5031 2561 5097 aliis,
2624 5037 2682 5083 ut
2721 5026 2795 5080 illi
2845 5038 2942 5093 pro
2993 5036 3057 5075 eo
3106 5029 3295 5090 rogent
3350 5016 3633 5069 Dominum

2064 5133 2372 5188 condonare
2399 5127 2446 5182 ei
2492 5123 2742 5180 delictum
2773 5118 2979 5173 nefario
3010 5114 3355 5168 matrimonio
3380 5111 3636 5165 σοιιιιιιίει-

2065 5237 2206 5279 sum.
2241 5218 2471 5289 Rogabit
2503 5225 2679 5268 autem
2726 5210 3015 5280 quispiam,
3070 5222 3190 5261 cum
3232 5204 3404 5259 tri‘bus
3462 5203 3640 5256 modis

2066 5316 2359 5387 puniantur
2390 5309 2610 5365 nefaria:
2643 5305 2864 5374 nuptiae,
2920 5306 3289 5370 deponetnrne
3338 5295 3636 5365 quispiam,

2065 5409 2158 5478 qui
2199 5416 2386 5461 contra
2427 5403 2572 5472 leges
2604 5395 3009 5469 matrimorLium
3046 5388 3403 5453 contraxerit,
3455 5394 3640 5453 utpote

2069 5475 2113 5555 is
2139 5497 2228 5568 qui
2252 5511 2393 5558 eam,
2432 5493 2585 5563 cujus
2615 5491 2728 5559 ipse
2748 5488 2830 5541 vel
2856 5495 3003 5554 pater
3024 5482 3140 5552 ejus
3171 5489 3314 5536 tutor
3333 5479 3452 5543 fuit,
3486 5475 3640 5529 duxit

2068 5593 2122 5648 in
2157 5584 2595 5644 matrimonium?
2633 5580 2863 5637 Solutio.
2900 5575 3166 5643 Quoniam
3214 5573 3315 5627 hoc
3361 5567 3641 5623 matrimo-

2069 5685 2220 5740 nium
2253 5691 2312 5734 ιιι
2343 5679 2552 5748 legibus
2582 5673 2918 5730 contrarium
2948 5667 3281 5727 dissolvitur,
3307 5662 3395 5717 hic
3422 5671 3640 5730 quoque

2072 5782 2192 5841 post
2225 5770 2542 5833 divortium,
2594 5775 2651 5821 ιιι
2693 5761 2785 5835 qui
2844 5758 3143 5816 fornicatus
3196 5755 3289 5821 sit,
3327 5750 3639 5807 necessario
