4076 6396
432 295 537 356 (ΠΣ)

435 513 540 564 est,
569 500 668 552 fuit
693 509 852 552 antea
891 498 991 552 sub
1023 499 1163 551 illius
1198 497 1385 562 tutela,
1419 513 1486 551 ne
1512 495 1772 550 cathedra
1793 496 2008 561 quidem

432 591 627 660 dignus
658 591 990 652 censebitur,
1025 601 1082 643 ut
1114 590 1203 656 qui
1259 605 1366 642 non
1422 588 1596 655 possit
1648 587 2008 658 ignorantiam

448 697 755 738 trzetexere.
791 681 886 736 Sili
927 684 1096 752 patris
1141 682 1241 734 sub
1275 681 1440 736 tutela
1471 681 1590 746 iuit,
1643 684 1804 734 etiam
1861 680 2009 749 igno-

443 777 625 828 rantiae
662 786 950 844 pra-textus
985 775 1032 828 ei
1058 791 1209 842 opem
1246 775 1402 839 ferat,
1435 783 1488 827 et
1535 774 1689 827 venia
1723 775 2010 826 cathedrae

437 885 538 934 que
567 868 715 932 juxta
747 879 1067 933 praesentem
1103 883 1366 919 cauonem
1404 867 1597 936 dignus
1650 867 2006 935 judicahitur.

435 958 578 1028 Lege
613 961 925 1012 vicesimum
964 960 1252 1027 scptimmn
1303 970 1466 1026 caput
1505 961 1661 1028 primi
1693 959 1833 1012 tituli
1872 974 2012 1027 prte-

436 1052 604 1103 sentis
636 1050 836 1118 Operis,
875 1061 926 1102 et
960 1067 1161 1102 nonum
1209 1066 1471 1103 canonctu
1506 1051 1694 1120 synodi
1725 1049 2012 1104 Neo:-a:sa-

433 1140 660 1202 riensis,
691 1151 742 1191 et
775 1153 836 1192 ea
881 1155 998 1206 quae
1033 1140 1083 1191 in
1131 1154 1196 1192 eo
1248 1151 1393 1203 sunt,
1453 1151 1505 1191 et
1564 1140 1726 1192 vires.
1777 1139 2009 1206 primum

433 1241 482 1280 el
520 1227 684 1282 tices.
711 1240 920 1291 sextum
961 1244 1079 1282 can.
1109 1243 1225 1299 syri.
1264 1231 1314 1281 in
1349 1228 1562 1283 Trttllo.
1613 1228 1717 1282 Sed
1767 1227 1889 1297 quia
1936 1227 2012 1279 vi-

434 1321 589 1372 detur
625 1321 676 1373 in
715 1321 797 1373 his
849 1337 1126 1389 cmergere
1172 1322 1523 1391 repugnantia
1565 1321 1684 1390 (alii
1735 1321 1876 1374 enim
1917 1333 2011 1372 ca-

435 1426 606 1465 nones
653 1412 840 1464 dicunt
873 1427 985 1475 eos,
1016 1412 1104 1478 qui
1157 1423 1282 1465 sunt
1318 1413 1570 1480 depo-iti,
1602 1412 1714 1483 86
1749 1413 1798 1464 in
1833 1411 2008 1465 locum

435 1503 693 1555 iuit‘m'llttl
731 1503 1006 1554 deturbari
1036 1520 1049 1568 ;
1086 1503 1174 1556 alii
1207 1519 1335 1556 vero
1366 1519 1428 1556 ea
1462 1505 1637 1557 Solunt
1689 1520 1809 1571 qua:
1853 1513 2008 1556 extra

435 1594 670 1646 tribunal
707 1595 838 1645 liuut
882 1609 1174 1659 exet-tere;
1212 1594 1302 1646 alii
1358 1594 1527 1647 solius
1558 1611 1678 1648 esse
1735 1594 2010 1647 cathedra:

431 1682 770 1751 participes),
805 1683 1077 1750 distingue
1110 1694 1164 1737 et
1197 1684 1282 1736 dic
1311 1698 1325 1735 :
1361 1684 1498 1752 quod
1533 1683 1690 1736 aliter
1712 1685 2013 1752 puniuntur

1679 293 1778 352 ΤΠ
1791 292 1884 350 ΕΟ
1894 295 1960 352 υ.
2006 293 2095 347 ΒΑ
2111 293 2238 349 LSA
2249 293 2300 349 Μ
2312 289 2404 349 UN

433 413 730 476 deponctur
763 424 776 460 :
811 416 866 460 et
900 406 944 460 si
995 422 1114 474 qua:
1151 404 1223 458 illi
1269 416 1462 460 contra
1525 404 1671 474 leges
1723 404 2011 472 conjuncta

2123 403 2587 472 καθαιρεθήσεται
2611 421 2623 435 ο

3517 307 3522 314 ’
3583 294 3688 358 680

2659 406 2751 458 καὶ
2810 407 2857 458 εἰ
2897 406 2997 476 μὲν
3054 406 3181 477 παρ’
3239 405 3406 460 αὑτοῦ
3454 405 3688 476 ἔφθασεν

2113 498 2580 567 ἐπιτροπευθῆναι
2631 500 2662 567 ἡ
2729 502 3066 568 παρανόμως
3136 500 3470 567 συναφθεῖσα
3518 504 3688 569 αὐτῷ,

2113 589 2235 655 ορδὲ
2270 589 2542 658 καθέδρας
2580 589 2973 660 ἀξιωθήσεται,
3004 591 3080 652 ὡς
3109 589 3185 660 μὴ
3230 592 3532 661 δυνάμενος
3561 611 3692 664 προ-

2115 679 2380 732 ϐαλέσθαι
2413 680 2638 747 ἄγνοιαν
2671 697 2686 710 ·
2723 682 2772 734 εἰ
2803 681 2860 732 δὲ
2897 686 3047 748 παρὰ
3098 682 3193 735 τοῦ
3223 683 3427 750 πατρὸς
3470 685 3688 750 τούτου,

2113 772 2204 824 καὶ
2243 771 2504 841 βοηθήσει
2557 771 2710 841 αὐτῷ
2764 773 2893 834 ἴσως
2933 772 3090 841 λόγος
3154 775 3399 841 ἀγνοίας,
3443 791 3692 843 συγγνω.

2114 861 2395 931 σθήσεται,
2451 863 2550 916 καί⁸
2608 863 2882 932 καθέδρας
2959 865 3328 935 ἀξιωθήσεται
3398 867 3542 918 κατά
3601 867 3693 920 τδν

2112 956 2360 1024 παρόντα
2397 957 2625 1008 κανόνα.
2670 955 2978 1022 Ἀνάγνωοι
3021 958 3117 1011 καὶ
3148 958 3206 1011 τὸ
3242 962 3323 1022 κζ’
3348 977 3475 1027 κεφ,
3510 959 3603 1012 τοῦ
3641 965 3689 1011 α’

2111 1045 2291 1098 τίτλου
2316 1047 2410 1099 τοῦ
2468 1048 2737 1116 παρόντος
2771 1051 3178 1118 συντάγματος,
3243 1053 3335 1102 κα“·.
3369 1052 3462 1103 τὸν
3513 1051 3555 1103 θ’
3593 1069 3692 1103 κα-

2113 1136 2241 1190 νόνα
2285 1139 2388 1206 τῆς
2427 1140 2483 1190 ἐν
2505 1139 2913 1210 Νεοκαισαρεία
2951 1141 3192 1208 συνόδου,
3217 1141 3314 1193 καὶ
3345 1142 3412 1195 τὰ
3439 1144 3497 1194 ἐν
3519 1143 3692 1212 αὐτῷ,

2113 1231 2210 1282 καὶ
2239 1231 2332 1282 τὸν
2359 1229 2443 1284 κα⁹
2493 1231 2588 1284 καὶ
2645 1212 2736 1297 οἷς
2781 1233 2981 1285 κανόνα
3035 1232 3133 1301 τῆς
3189 1235 3245 1284 ἐν
3299 1233 3380 1302 τῷ
3438 1235 3696 1305 Τμύλλῳ

2117 1322 2367 1377 συνόδου.
2415 1324 2571 1378 Ἐπεὶ
2597 1325 2652 1376 δὲ
2687 1324 2942 1391 φαίνεται
2976 1323 3362 1376 ἀναπίπτουσα
3390 1327 3448 1377 ὲν
3481 1325 3695 1389 τούτοις

2113 1418 2431 1488 ἐναντιότης
2470 1419 2541 1486 (οἱ
2569 1419 2667 1487 μὲν
2694 1418 2802 1487 γάρ
2836 1418 2945 1470 τῶν
2972 1421 3214 1472 κανόνων
3243 1419 3449 1471 τούτων
3473 1419 3696 1488 λέγουσι

2114 1509 2243 1570 τοὺς
2278 1510 2754 1580 καθαιρουμένους
2795 1511 2878 1573 εἰς
2913 1511 3077 1562 τόπον
3111 1510 3438 1575 ἐξωθεῖσθαι
3466 1511 3692 1576 λαῖκῶν,

2113 1601 2164 1652 οἱ
2200 1600 2256 1652 δὲ
2299 1604 2547 1671 ἐνεργεῖν
2591 1603 2787 1665 αὐτοὺς
2837 1604 2905 1656 τά
2946 1602 3104 1664 ἐκτὸς
3143 1601 3238 1655 τοῦ
3299 1602 3546 1673 βήματος
3598 1605 3695 1655 καὶ

2123 1693 2284 1762 μόνα,
2327 1695 2455 1746 οἶδὲ
2509 1693 2781 1764 καθέδρας
2845 1693 3015 1763 μόνης
3077 1695 3377 1763 μετέχειν),
3421 1694 3693 1758 dicioni)»;

431 1776 521 1841 qui
544 1775 775 1828 scientes
804 1785 1052 1843 peccant,
1075 1787 1132 1828 et
1158 1776 1389 1829 convicti
1421 1779 1798 1844 deponuntur;
1830 1774 2008 1838 aliter,

2117 1784 2212 1838 καὶ
2242 1785 2388 1849 εἰπὲ,
2424 1785 2510 1837 ὅτι
2549 1785 2724 1847 ἄλλως
2758 1784 3080 1846 κολάζονται
3107 1787 3157 1836 οἱ
3189 1787 3246 1836 ἐν
3269 1788 3476 1854 εἰδήσει
3508 1787 3694 1858 ἁμαρ-

431 1868 524 1934 qui
559 1869 796 1921 scientes
851 1867 1069 1935 quidem
1101 1877 1351 1936 peccant,
1392 1877 1582 1935 sponte
1632 1876 1810 1920 autem
1864 1866 2009 1920 malo

433 1958 748 2025 desistunt;
787 1957 964 2033 aliter,
1001 1960 1088 2027 qui
1127 1974 1220 2028 per
1271 1961 1628 2029 ignorantiam
1691 1969 2005 2028 peccaront,

431 2058 487 2101 et
517 2047 749 2102 confessi
786 2060 942 2115 sunt;
999 2059 1054 2103 et
1098 2049 1278 2117 aliter,
1329 2049 1421 2120 qui
1454 2059 1734 2119 peccatum
1793 2052 2006 2118 quidem

432 2139 770 2208 ignorarunt,
835 2141 902 2195 ab
958 2143 1076 2210 ipso
1123 2153 1301 2196 autem
1353 2158 1458 2196 non
1515 2145 1858 2206 destiterunt,
1907 2143 2008 2196 nisi

431 2227 799 2284 ἰνυιιιιιξιιιιιιιιί.
851 2230 989 2284 Nota
1042 2241 1219 2285 autem
1258 2231 1698 2286 etdiﬂerentlam
1758 2242 2010 2300 peceato-

437 2337 558 2374 rum
612 2333 663 2374 ct
705 2337 1084 2391 personarum,
1142 2336 1196 2377 et
1246 2324 1332 2377 die
1378 2325 1756 2392 epistOporum
1805 2323 2009 2394 judicio

435 2413 721 2478 aliquando
746 2415 962 2480 quidem
1000 2413 1204 2481 ignosci
1255 2415 1320 2467 iis
1353 2415 1442 2483 qui
1474 2414 1820 2480 deponuntur
1848 2429 1861 2476 ;
1909 2413 2008 2466 ali-

437 2509 648 2570 quando
687 2521 814 2556 vero
847 2521 950 2556 nou
985 2505 1209 2574 ignosci,
1230 2516 1281 2558 et
1307 2507 1386 2559 sic
1417 2507 1860 2560 contrarietatem
1889 2519 2010 2576 qua:

439 2597 648 2651 videtur
679 2598 853 2652 inesse
875 2598 1172 2654 Curionibus
1200 2599 1441 2654 dissolvi.

505 2872 752 2928 ZONAR.
803 2872 1178 2939 Sacerdotem,
1229 2875 1321 2944 qui
1371 2890 1466 2943 pcr
1512 2875 1904 2946 ignorationem
1955 2877 2008 2930 itt

434 2969 741 3038 illegititnas
767 2967 959 3022 incidit
986 2969 1224 3036 nuptias,
1257 2968 1526 3022 cathedra:
1563 2969 1732 3022 solius
1787 2970 2010 3037 partici-

2109 1879 2366 1941 τάνοντες
2415 1878 2510 1930 καὶ
2567 1879 2706 1947 μετὰ
2762 1878 2984 1947 ἔλεγχον
3027 1878 3478 1949 καθαιρούμενοι,
3517 1880 3694 1942 ἄλλως

2110 1970 2159 2022 οἱ
2197 1970 2254 2021 ὲν
2323 1969 2528 2035 εἰδήσει
2595 1969 2692 2038 μὲν
2748 1969 3179 2039 ἁμαρτάνοντες,
3249 1972 3430 2024 ἑκοντὶ
3487 1971 3541 2024 δὲ
3597 1970 3690 2023 τηῦ

2109 2050 2286 2111 κακοῦ
2318 2059 2703 2126 ἀφιστάμενοι,
2749 2058 2842 2110 καὶ
2867 2057 3038 2121 ἄλλως
3069 2059 3118 2110 οἰ
3142 2059 3200 2110 ἐν
3236 2058 3432 2128 ἀγνοίᾳ
3471 2059 3694 2130 όλισθήυ

2116 2171 2312 2218 σαντες
2355 2156 2448 2206 καὶ
2492 2153 3053 2222 ὲξομολογησάμενοι,
3084 2155 3179 2206 καὶ
3213 2153 3391 2217 ἄλλως
3419 2156 3468 2207 οὶ
3525 2157 3691 2222 ἀγνοο

2110 2246 2348 2316 ήσαντες
2387 2245 2486 2314 μὲν
2554 2245 2614 2298 τὸ
2675 2246 3003 2316 ἁμάρτημα,
3073 2247 3148 2315 μὴ
3213 2247 3576 2315 ἀφιστάμενοι
3635 2247 3692 2300 δὲ

2115 2341 2308 2405 αὑτοῦ,
2342 2339 2478 2392 ἀλλά
2502 2337 3020 2408 καταδικαζόμενοι.
3059 2340 3193 2409 Ἔχε
3220 2340 3275 2392 δὲ
3298 2341 3393 2393 καὶ
3424 2340 3693 2411 διαφορέιν

2110 2429 2220 2481 τῶν
2267 2427 2687 2498 ἁμαρτημάτων
2731 2431 2828 2480 καὶ
2885 2427 2993 2480 τῶν
3043 2428 3376 2498 προσώπων,
3437 2429 3531 2482 καὶ
3563 2428 3691 2498 λέγε

2112 2521 2260 2576 κατά
2299 2521 2398 2590 τὴν
2434 2520 2807 2591 ὲνπισκοπικὴν
2839 2520 3114 2591 διάκρισιν
3146 2521 3274 2575 ποτὲ
3310 2522 3407 2592 μὶν
3446 2539 3692 2591 συγγνωο

2116 2615 2402 2686 μονεῖσθαι
2453 2614 2580 2675 τοὺς
2621 2613 3120 2684 καθαιρουμένους,
3157 2616 3286 2666 ποτὲ
3331 2615 3386 2666 δὲ
3435 2615 3511 2685 μὴ
3556 2632 3691 2683 συγ-

2114 2702 2544 2774 γνωμονεῖσθαι,
2578 2704 2672 2756 καὶ
2691 2703 2838 2756 οὕτω
2865 2707 2962 2770 τὴν
2995 2703 3260 2758 δοκοῦσαν
3297 2707 3354 2758 ἐν
3377 2709 3489 2766 τοῖς
3527 2707 3690 2759 κανό-

2114 2814 2200 2850 σιν
2241 2795 2601 2865 ἐναντιότητα
2637 2785 3076 2848 διευλυτοῦσθαι.

2184 2888 2429 2942 ΖΩΝΑΡ.
2470 2887 2668 2956 Ἱερέα,
2696 2888 2789 2940 τὸν
2809 2887 3038 2958 ἀθέσμῳ
3083 2870 3464 2960 περιπαρέντα
3524 2892 3690 2961 γάμῳ

2116 2981 2176 3034 ὲν
2211 2981 2427 3050 ἀγνοίᾳ,
2450 2980 2722 3048 καθέδρας
2745 2977 2915 3049 μόνης
2948 2982 3204 3051 μετέχειν
3229 2983 3255 3034 ὁ
3291 2983 3444 3050 ἅγιος
3480 2984 3687 3054 ἔκρινε,

436 3073 554 3124 pem
616 3073 775 3120 esse,
822 3072 852 3109 a
900 3057 1115 3110 cmteris
1162 3071 1323 3125 porro
1375 3058 1681 3112 actionibus
1737 3060 2008 3114 abstinere

2116 3073 2219 3126 τῶν
2256 3073 2312 3126 δὲ
2365 3073 2567 3126 λοιπῶν
2599 3073 2888 3141 ἐνεργειῶν
2923 3074 3271 3144 ἀπέχεσθαι’
3339 3076 3505 3147 ἤγουν
3553 3095 3687 3144 συγ-

436 3161 704 3226 οῃμοτιρτθ,
730 3158 950 3204 sanctus
985 3149 1064 3202 vir
1087 3147 1391 3216 judicavit;
1451 3148 1557 3204 hoc
1591 3158 1687 3230 est
1737 3167 1841 3205 una
1884 3167 2008 3241 eum

436 3241 768 3312 presbyteris
809 3240 1073 3304 assidere,
1103 3250 1154 3293 et
1183 3255 1303 3294 cum
1341 3240 1445 3294 illis
1481 3241 1690 3310 pariter
1725 3243 1776 3295 in
1809 3240 2012 3297 lgon'ore

437 3333 646 3398 haberi,
679 3331 820 3385 aliud
852 3347 977 3385 vero
1011 3331 1217 3385 nullutn
1251 3333 1586 3386 sacerdotale
1616 3350 1809 3388 nmnus
1835 3338 2006 3389 obire.

437 3419 646 3473 Sull‘teit
680 3419 824 3473 cuitu
857 3420 900 3472 si
943 3420 1128 3483 datur,
1184 3421 1382 3488 inquit,
1437 3421 1538 3491 ipsi
1580 3424 1733 3477 venia
1791 3435 2012 3494 propter

439 3512 860 3581 ignoratiOnetu,
939 3512 1258 3567 benedicere
1314 3528 1444 3567 vero
1493 3514 1646 3570 alteri
1703 3517 2010 3586 hujusutodi

439 3606 709 3658 hominem
745 3621 850 3658 non
879 3614 1114 3673 oportet.
1146 3605 1455 3662 Benedictio
1488 3624 1719 3679 namque
1748 3612 2011 3665 sanctitu-

440 3699 768 3769 liStlllﬂ‘datll
785 3701 1207 3756 cointuunicatio
1225 3712 1326 3756 est.
1351 3702 1452 3768 Qui
1476 3719 1601 3758 vero
1619 3706 1905 3758 sanctitate
1925 3722 2009 3760 ra-

440 3802 542 3852 ret,
566 3790 635 3844 ob
667 3801 970 3859 peccatum,
1003 3793 1249 3858 quamvis
1271 3809 1365 3863 per
1385 3795 1781 3863 ignorationem
1812 3798 2014 3852 admis-

437 3890 581 3939 sum,
616 3892 848 3945 quonam
885 3881 1042 3934 modo
1068 3896 1186 3934 eaut
1222 3883 1377 3936 alteri
1411 3885 1876 3940 communicabit?
1911 3885 2016 3939 Ne-

437 3980 543 4033 que
568 3981 698 4020 vero
731 3967 945 4035 publice
993 3969 1090 4039 ipsi
1122 3969 1248 4025 licet
1304 3971 1643 4040 benedicere,
1685 3975 1734 4028 in
1783 3975 2012 4030 ecclesia

439 4056 712 4125 videlicet,
751 4073 927 4129 neque
960 4061 1236 4126 privatim,
1301 4064 1441 4117 intra
1497 4066 1829 4122 domesticos
1874 4066 2016 4124 forte

441 4151 698 4218 parietes,
730 4166 906 4222 neque
935 4164 1120 4205 sancta
1155 4169 1373 4208 tuunera
1412 4156 1532 4211 aliis
1583 4158 1870 4226 impertiri,
1922 4176 2018 4215 ne—

441 4253 546 4304 que
587 4241 801 4293 demum
851 4242 1186 4296 sacerdotale
1249 4244 1538 4314 quodpiam
1597 4263 1794 4305 munus
1841 4251 2012 4306 obire.

446 4326 638 4383 Verum
695 4331 852 4398 primi
903 4333 1164 4398 subsellii,
1206 4335 1401 4404 inquit,
1459 4338 1662 4392 honore
1709 4350 2015 4408 contentus,

2114 3163 2398 3232 καθῆσθαι
2435 3165 2545 3226 τοῖς
2571 3163 2996 3236 πρεσϐυτέροις,
3021 3165 3116 3218 καὶ
3144 3166 3288 3222 οὕτω
3327 3169 3688 3238 συντιμᾶσθαι

2115 3257 2324 3319 αὐτοῖς,
2370 3257 2497 3310 ἄλλο
2523 3256 2578 3309 δέ
2609 3273 2661 3308 τι
2697 3257 2976 3326 ἱερατικὸν
3013 3258 3087 3327 μὴ
3116 3262 3313 3313 ποιεῖν.
3371 3262 3558 3330 Ἀρκεῖ
3583 3264 3688 3331 γὰρ

2113 3347 2286 3418 αὐτῷ,
2317 3348 2507 3416 φησιν,
2565 3349 2648 3400 ὅτι
2690 3351 3162 3418 συγγνωμονεῖται
3191 3351 3276 3403 διὰ
3308 3351 3406 3421 τὴν
3444 3353 3686 3419 ἄγνοιαψ

2114 3443 2360 3508 εὐλογεῖν
2401 3441 2456 3492 δὲ
2527 3441 2717 3510 ἓτερον
2751 3442 2841 3493 τὸν
2893 3442 3134 3494 τοιοῦτον
3185 3444 3244 3495 οὐ
3308 3444 3409 3498 δ-ῖ.
3465 3445 3531 3496 ῚΙ
3582 3446 3691 3515 γὲρ

2115 3533 2337 3600 εὐλογία
2376 3531 2663 3602 μετάδοσις
2696 3533 2975 3601 ἀγιασμοῦ
3008 3536 3175 3586 ἐστιν.
3246 3535 3303 3587 ὐ
3337 3537 3391 3588 δὲ
3427 3538 3518 3606 ,μὴ
3553 3537 3691 3606 ἔχων

2114 3623 2388 3691 ἁγιασμὸν
2426 3623 2513 3674 διὰ
2561 3623 2620 3676 τὸ
2659 3625 2992 3694 ἁμάρτημα,
3026 3627 3130 3678 κᾶν
3164 3628 3305 3680 κατά
3333 3629 3560 3694 ἄγνοιαν
3600 3625 3690 3696 ἦν,

2115 3714 2232 3776 πῶς
2262 3714 2451 3765 τούτου
2485 3712 2786 3782 μεταδώσει
2851 3715 3074 3785 ἐτέρῳς
3141 3718 3234 3767 καὶ
3287 3719 3404 3770 οὐδὲ
3455 3719 3694 3790 δημοσίᾳ

2117 3806 2328 3870 ἔξεστιν
2355 3805 2504 3876 αὐτῴ
2559 3805 2827 3873 εὐλογεῖν,
2881 3807 2940 3858 ὲν
2987 3808 3253 3879 ἐκκλησία
3303 3810 3523 3881 δψαδὴ.
3571 3813 3693 3865 οὐδὲ

2120 3900 2245 3971 ἰδίᾳ,
2273 3900 2328 3951 ὲν
2359 3899 2505 3968 οἰκία
2540 3898 2723 3968 τυχὸν,
2764 3896 2888 3950 οὔτε
2917 3899 3026 3951 τῶν
3074 3901 3247 3968 ἁγίων
3275 3902 3466 3974 δώρων
3485 3905 3695 3974 ἑτέροις

2128 3989 2642 4061 μεταδιδόναι,οῧτε
2678 4007 2730 4044 τι
2778 3991 2906 4044 ἄλλο
2950 3997 3125 4045 ποιεῖν
3164 3994 3460 4064 ἱερατικόν.
3533 3997 3696 4049 Ἀλλὰ.

2119 4083 2483 4152 ἀρκούμενος,
2516 4084 2673 4152 φησὶ,
2726 4086 2792 4153 τῇ
2822 4085 2956 4153 τιμῇ
2988 4087 3090 4154 τῆς
3147 4087 3463 4156 προεδρίας,
3527 4105 3697 4158 πρησ-

2119 4172 2360 4226 κλαιέτω
2391 4173 2605 4241 ἑτέροις
2638 4189 2696 4224 τε
2722 4173 2814 4225 καὶ
2839 4173 2914 4243 τῷ
2945 4175 3136 4245 Κυρίῳ
3170 4190 3185 4204 ο
3213 4176 3289 4245 τῷ
3328 4177 3426 4244 μὲν
3477 4179 3694 4248 Κυρίῳ,

2117 4266 2192 4327 ὡς
2231 4265 2515 4333 δυναμένῳ
2569 4265 2792 4331 ἀφιέναι
2859 4266 3161 4335 ἁμαρτίας,
3226 4267 3435 4337 ἑτέροις
3493 4268 3570 4331 δὲ,
3609 4271 3695 4322 ἵνα

2121 4357 2368 4410 κάκεῖνοι
2410 4355 2551 4424 ὑπὲρ
2587 4354 2753 4407 αὐτοῦ
2795 4355 3026 4407 δέωνται
3069 4356 3164 4409 τοῦ
3215 4358 3420 4428 Ιὶυρίου
3482 4377 3697 4430 συγχω-

441 4421 636 4474 deﬂeat
667 4420 790 4475 aliis
816 4431 866 4476 et
898 4423 1143 4478 Domino.
1176 4424 1401 4480 Domino
1424 4427 1665 4496 quidem,
1697 4433 1894 4502 quippe
1921 4437 2011 4505 qui

2125 4445 2363 4516 ρηθῆναι
2415 4445 2562 4514 αὑτῷ
2592 4444 2652 4498 τὸ
2686 4445 2749 4496 ὲκ
2787 4444 2881 4496 τοῦ
2923 4445 3168 4512 ἀθέσμου
3200 4448 3382 4516 γάμου
3413 4449 3696 4518 ἀνόμημα.

443 4517 662 4578 peccata
695 4520 871 4577 potest
903 4511 1173 4566 dimittere
1201 4529 1214 4567 :
1255 4516 1376 4569 aliis
1423 4531 1570 4583 vero,
1602 4529 1659 4572 ut
1694 4521 1768 4574 illi
1802 4539 2018 4594 quoque

444 4616 541 4670 pro
573 4600 689 4670 ipso
733 4601 1016 4656 Dominum
1071 4615 1280 4672 rogent,
1343 4622 1450 4676 quo
1505 4610 1604 4678 ipsi
1656 4614 1810 4666 venia
1857 4614 2014 4670 detur

443 4706 739 4748 contracta:
771 4695 822 4748 in
863 4698 1067 4763 nuptiis
1097 4697 1297 4752 illicitis
1328 4701 1519 4768 culpm.
1560 4701 1685 4756 Haec
1734 4716 1936 4771 autem,
1970 4711 2016 4762 si

445 4788 605 4837 modo
662 4787 728 4840 ab
795 4788 1130 4843 iuconcessis
1185 4792 1446 4860 ejusmodi
1512 4795 1712 4861 nuptiis
1770 4797 2014 4854 absiSIat.

444 4875 653 4946 Nuptize
713 4895 841 4934 vero
898 4881 1191 4950 illegitima:
1239 4884 1567 4951 accipiendae
1628 4899 1771 4952 sunt,
1832 4892 1915 4942 vel
1971 4894 2016 4946 si

2123 4535 2312 4587 Ταῦτα
2341 4533 2418 4596 δὲ,
2449 4535 2500 4602 ,εἰ
2535 4533 2627 4586 τοῦ
2663 4535 2910 4586 τοιούτου
2989 4537 3263 4606 ἀποσταίη
3300 4540 3504 4606 γάρου.
3542 4541 3701 4591 "A0:-

2127 4644 2262 4695 σμον
2295 4625 2350 4678 δὲ
2385 4626 2566 4694 γάμον
2587 4628 2808 4692 νοητέον
2834 4627 2866 4694 ἢ
2893 4625 2990 4694 τὴν
3009 4627 3144 4694 μετά
3174 4629 3466 4694 συγγενοῦς
3502 4646 3700 4682 xor/to-

2125 4718 2264 4781 νίαν,
2293 4716 2325 4786 ἢ
2353 4715 2450 4785 τὴν
2482 4717 2619 4784 μετὰ
2644 4715 2982 4786 μοναστρίας
3000 4717 3388 4786 ἀρνησαμένης
3407 4721 3464 4770 τὸ
3490 4721 3699 4788 σχῆμα,

2130 4808 2204 4877 μὴ
2241 4805 2443 4866 εἰδότος
2476 4805 2634 4857 τοῦτο
2667 4807 2761 4858 τοῦ
2811 4807 3013 4876 ταύτην
3065 4808 3536 4877 εἱσοικισαμένου,
3607 4814 3704 4863 καὶ

2127 4899 2288 4966 ἔτερα
2322 4899 2504 4967 ὃμοια.

443 4975 565 5040 quis
602 4983 727 5026 cum‘
755 4985 981 5044 cognata
1005 4975 1408 5029 matrimonium
1443 4977 1582 5042 iniit,
1616 4979 1696 5031 vel
1725 4995 1846 5034 cum
1911 4985 2160 5056 religiosa
2217 4991 2414 5044 femina
2479 5005 2599 5058 qua:
2653 4989 2894 5042 habitum
2947 4990 3275 5056 deposuerit,
3321 4993 3598 5048 nesciente
3650 4995 3702 5048 id

443 5069 530 5136 qui
562 5083 681 5121 eam
737 5069 788 5122 in
829 5072 1048 5123 domum
1097 5088 1250 5126 suam
1319 5073 1639 5139 introduxit,
1681 5086 1734 5128 et
1775 5079 1878 5131 alia
1931 5082 2152 5140 similia.

515 5159 742 5216 ARIST.
773 5159 1067 5232 Presbytt‘r
1097 5166 1187 5232 qui
1234 5180 1330 5234 per
1373 5168 1732 5234 ignorantiam
1768 5170 1818 5224 in
1861 5173 2016 5228 illici-

447 5261 560 5305 tum
591 5253 780 5305 incidit
812 5255 1144 5324 conjugium,
1205 5257 1317 5311 sola
1377 5257 1593 5314 fruatur
1653 5263 2018 5332 praesidentia,

449 5344 723 5396 {unctione
754 5347 1016 5414 privetur.

521 5435 576 5488 Si
623 5437 742 5503 quis
770 5447 894 5492 ante
938 5443 1245 5510 suscepttl‘ut
1307 5447 1666 5502 sacerdotium
1738 5452 2018 5508 mulierem

445 5529 625 5607 ἰίιιιὶι,
663 5530 913 5584 ucSt-iens
941 5535 1077 5598 quod
1116 5537 1274 5590 vidua
1313 5538 1432 5602 l'uit,
1466 5551 1557 5592 aut
1613 5542 1825 5609 inSaua,
1875 5555 1964 5599 aut
1992 5561 2022 5599 θ

447 5622 698 5683 διύιιὶι·ἱ8,
733 5634 823 5676 aut
858 5625 959 5676 alia
989 5626 1166 5692 aliqua
1201 5645 1265 5680 ex
1318 5629 1383 5682 iis
1417 5647 1538 5698 qum
1569 5637 1799 5689 sacratis
1835 5639 2019 5703 prohi-

449 5707 666 5772 bentur,
701 5712 889 5766 deinde
913 5715 976 5766 ad
1007 5718 1291 5771 sacerdotii
1325 5723 1546 5784 gradum
1580 5726 1928 5789 provehatur,
1968 5740 2016 5781 et

2195 5181 2420 5236 ΑΡΙΣΤ,
2471 5181 2721 5250 Ἀθέσμῳ
2773 5180 3106 5248 περιπαρεὶς
3145 5181 3311 5251 γάμῳ
3381 5183 3438 5233 ὲν
3509 5183 3703 5254 ἀγνοίᾳ

2124 5272 2506 5342 πρεσϐύτερος
2543 5273 2715 5341 μόνης
2761 5270 3081 5324 ἀπολαυέτω
3111 5273 3209 5342 τῆς
3261 5274 3575 5345 προεδρίας,
3603 5279 3705 5346 τῆς

2122 5365 2404 5434 ἐνεργείας
2438 5363 2820 5434 στερούμενος.

2207 5456 2332 5508 Ἐάν
2371 5472 2455 5516 τις
2501 5457 2608 5524 πρὸ
2674 5459 2772 5524 τῆς
2817 5457 3124 5532 ξερωσύνης
3186 5461 3422 5526 γυναῖκα
3488 5460 3704 5526 ἔλαϐεν,

2128 5548 2340 5614 ἀγνοῶν
2361 5549 2441 5601 ὅτι
2465 5549 2609 5618 χήρα
2635 5549 2808 5612 ἐστὶν,
2837 5551 2868 5620 ἦ
2915 5553 3132 5619 μαινὰς,
3159 5549 3192 5622 ἦ
3227 5551 3334 5602 τῶν
3357 5554 3450 5604 ἐπὶ
3476 5556 3700 5621 σκηνῆς,

2126 5641 2159 5710 ἢ
2197 5639 2334 5708 ἄλλη
2379 5659 2464 5703 τις
2499 5641 2606 5693 τῶν
2654 5643 3126 5712 ἀπηγορευμένων
3182 5648 3300 5708 τοῖς
3342 5647 3662 5714 ἱερωμένοις
3688 5663 3700 5674 ·

2136 5728 2254 5785 εἶτα
2282 5735 2362 5795 εἰς
2406 5734 2711 5797 ἱερωσ·ἷνης
2746 5734 2956 5800 προέϐη
2993 5733 3224 5802 βαθμὸν,
3259 5742 3349 5790 καὶ
3387 5740 3700 5805 ἐπιγνωσθῇ
