4076 6386
1448 200 1491 218 ιο

342 291 444 353 CM

1269 296 1351 356 1N
1380 295 1626 355 EPIST.
1669 298 1726 355 s.
1773 270 2058 355 BASILII
2116 293 2561 357 CANUNICAM
2618 299 2694 360 It.

3495 262 3607 363 csa

338 410 400 462 τὸ
422 407 520 461 τοῦ
583 409 764 475 γάμου
798 408 1060 478 ἄθεσμον
1098 410 1199 480 τῆς
1248 410 1348 480 μὲν
1386 411 1554 481 τιμῆς
1597 414 1768 481 μόνης
1828 412 1922 464 καὶ

2038 411 2631 483 agnoscitillcgitimum
2669 415 3001 486 conjugium.
3037 416 3219 473 Solius
3255 418 3469 489 quidem
3507 420 3602 474 Ito-

345 499 649 571 προεδρίας
678 500 788 552 τῶν
822 501 1016 570 ἱερέων
1049 500 1293 571 μεθέξει,
1320 504 1419 571 τῆς
1477 504 1535 555 δὲ
1574 503 1925 572 λειτουργίας

340 591 668 645 παντάπασι
735 590 1139 661 κωλυθήσεται·
1214 594 1446 664 ἀρκετὸν
1524 593 1632 663 γὰρ
1700 592 1850 663 σοὺτῷ
1889 594 1924 663 ἡ

338 678 649 749 συγγνώμη
702 679 792 732 διὰ
839 678 940 750 τὴν
1002 680 1247 745 ἄγνοιαν·
1303 681 1365 734 τὸ
1423 680 1480 733 δὲ
1540 681 1635 735 καὶ
1701 680 1925 751 ἑτέρους

340 775 589 840 εὐλογεῖν
655 772 750 824 τὸν
813 771 1099 841 ὀφείλοντα
1155 774 1265 825 τῶν
1313 773 1533 826 οἰκείων
1590 773 1923 843 τραυμάτων

336 866 585 920 τίθεσθαι
625 866 885 933 πρόνοιαν
919 866 1307 919 ἀνακόλουθον.
1359 866 1603 932 Εὑλογία
1625 866 1729 935 γὰρ
1750 864 1923 935 μετά-

338 959 485 1022 δοςίς
513 961 661 1010 ἐστιν
686 958 996 1028 ἁγιασμοῶ
1046 960 1103 1011 ’0
1130 960 1187 1012 δὲ
1209 959 1402 1012 τοῦτον
1435 958 1510 1029 μὴ
1550 956 1690 1028 ἔχων
1746 958 1836 1012 διὰ
1863 958 1925 1012 τὸ

343 1056 407 1105 ἐκ
455 1053 552 1120 τῆς
613 1051 840 1119 ἀγνοίας
891 1046 1254 1123 παράπτωμα
1311 1053 1427 1114 πῶς
1486 1050 1692 1121 ἑτέροις
1755 1068 1922 1121 μετα·-

338 1144 501 1198 δώσει
534 1158 550 1207 ;

919 1238 1159 1290 KA'NQN
1197 1239 1299 1290 ΚΗ
1322 1278 1335 1291 .

345 1332 578 1385 Κάκεῖνό
599 1348 663 1399 γε
698 1330 808 1400 μὴν
848 1330 1057 1399 γελοῖόν
1096 1348 1187 1399 μοι
1228 1333 1537 1403 κατεφάνη,
1563 1333 1625 1386 τὸ
1658 1331 1924 1397 εὔξασθαι

427 1438 552 1473 τινα
589 1421 751 1473 ὑείων
787 1420 1089 1491 ἀπέχεσθαι
1145 1420 1349 1489 κρεῶν.
1378 1421 1541 1473 Ὥστε
1586 1419 1924 1486 καταξίωσον

422 1511 698 1565 διδάσκειν
730 1514 949 1575 αὐτοὺς,
978 1511 1084 1563 τιῖιν
1103 1511 1447 1563 ἀπαιδεύτων
1476 1511 1797 1581 προσευχῶν
1829 1509 1926 1564 καὶ

415 1591 769 1670 ἐπαγγελιῶν
800 1601 1132 1670 ἀπέχεσθαι,
1163 1602 1265 1672 τὴν
1318 1601 1504 1670 μέντοι
1536 1602 1734 1673 χρῆσιν
1767 1602 1923 1655 ἀδιά-

413 1713 580 1764 φορον
658 1689 800 1747 εἶναι
869 1694 1242 1765 συγχώρησον.
1324 1694 1491 1747 Οὐδὲν
1548 1695 1653 1764 γὰρ
1716 1695 1925 1766 κτίσμα

2037 505 2186 556 noris
2217 513 2271 557 et
2299 505 2662 572 praesidentia:
2712 509 3058 562 sacerdotum
3091 510 3363 578 particeps
3402 511 3529 575 erit,
3575 528 3604 565 a

2037 596 2337 651 ministerio
2362 607 2542 652 autem
2569 600 2819 654 obeundo
2848 601 3161 656 omnimodo
3209 602 3603 670 prohibebitur.

2023 683 2167 739 'Nam
2202 688 2359 755 venia
2392 688 2462 743 ob
2488 688 2850 758 ignorantiam
2881 691 2930 746 ei
2962 690 3237 746 sufﬁciens
3276 701 3380 747 est.
3409 695 3513 748 Sed
3550 706 3603 747 ιιι

2037 776 2081 827 is
2114 790 2273 845 quem
2306 793 2526 833 suorum
2560 780 2841 835 vulnerum
2871 797 3059 837 curam
3086 791 3301 853 oportet
3321 780 3529 855 gerere,
3551 793 3606 839 et

2035 866 2157 923 aliis
2189 868 2496 943 benedicat,
2542 888 2647 926 non
2677 881 2763 927 est
2786 883 3235 930 consentaneum.
3295 874 3608 931 Benedictio

2035 957 2177 1010 enim
2229 960 2677 1017 sanctiﬁcationis
2703 973 2786 1018 est
2828 966 3272 1021 communicatio.
3328 966 3433 1033 Qui
3486 982 3607 1023 eam

2035 1055 2215 1100 autem
2249 1064 2352 1102 non
2385 1051 2640 1106 habetob
2677 1053 2997 1122 ignorantia:
3050 1054 3283 1125 lapsum,
3335 1060 3609 1125 quomodo

2033 1138 2156 1193 aliis
2204 1144 2671 1199 communicabit?

2562 1236 2794 1294 CANON
2836 1238 3080 1294 XXVIII.

2037 1319 2172 1375 Illud
2200 1312 2420 1392 quidem
2456 1327 2589 1381 mihi
2625 1329 2798 1383 visum
2829 1339 2913 1385 est
2943 1331 3251 1397 ridiculum,
3289 1347 3483 1388 vovere
3504 1335 3605 1388 ali-

2108 1428 2266 1481 quem
2300 1416 2609 1472 acarnibus
2657 1420 2835 1474 suillis
2893 1422 3192 1479 abstinuere.
3246 1421 3605 1488 Quamobrem

2104 1503 2328 1572 dignare
2354 1520 2447 1561 eos
2472 1508 2683 1574 docere,
2718 1519 2778 1564 ut
2811 1509 2881 1564 ab
2914 1510 3114 1580 ineptis
3136 1514 3271 1566 votis
3300 1522 3353 1565 et
3379 1506 3596 1582 promis-

2103 1586 2180 1652 sis
2206 1598 2540 1664 abstineant,
2578 1617 2735 1655 nsum
2769 1603 2987 1672 quideiu
3036 1619 3161 1661 esse
3211 1604 3605 1661 indifferentem

2104 1690 2379 1758 permitte.
2410 1691 2562 1747 Nulla
2590 1693 2735 1748 cnim
2764 1693 2858 1749 Dei
2887 1702 3142 1751 creatura
3174 1704 3257 1752 est
3294 1696 3606 1767 rejieienda,
3680 1717 3687 1725 ·

419 1787 557 1840 Θεοῦ
603 1785 910 1855 ἀπόϐλητον
972 1786 1094 1855 μετ’
1151 1785 1509 1857 εὐχαριστίας
1543 1785 1931 1859 ’λαμϐανόμε-

2107 1781 2151 1835 si
2215 1797 2340 1836 cum
2418 1773 2718 1853 gratiarum
2777 1786 2993 1843 actione
3053 1788 3372 1859 accipiatur.
3425 1789 3607 1855 Quare

420 1896 532 1931 νον.
572 1878 737 1930 Ὥστε
790 1880 822 1949 ἠ
854 1877 988 1947 εὐχὴ
1019 1878 1446 1945 καταγέλαστος,
1502 1878 1602 1947 οὐχ
1642 1880 1675 1946 ἡ
1745 1879 1926 1951 ἀποχὴ

415 1970 721 2045 ἀναγκαία.

917 2063 1160 2117 ΚΑΝΩΝ
1210 2064 1340 2120 ΚΘ’.

349 2155 655 2227 ’Λρχοντας
685 2156 870 2224 μέντοι
899 2155 1122 2225 ὀμνύειν
1171 2158 1265 2208 ἐπὶ
1313 2154 1393 2225 τῷ
1423 2158 1748 2210 κακοποιεῖν
1800 2157 1930 2220 τοὺς

420 2248 763 2316 ἀρχομένους
824 2248 921 2299 καὶ
969 2250 1112 2301 πάνυ
1174 2247 1579 2315 θεραπεύεσθαι
1633 2250 1926 2318 προσήκει.

425 2339 706 2407 Θεραπεία
738 2338 795 2391 δὲ
824 2338 1032 2393 τούτων
1059 2339 1232 2409 διττή.
1268 2341 1385 2394 Μία
1445 2339 1569 2410 μὲν,
1605 2340 1681 2411 μὴ
1705 2340 1930 2410 ὀμνύειν

420 2426 621 2490 αὐτοὺς
651 2427 999 2480 διδάσκεσθαι
1032 2429 1362 2498 προχείρως,
1388 2429 1552 2500 ἑτέρα
1587 2428 1665 2494 δὲ,
1703 2428 1780 2499 μὴ
1812 2430 1931 2483 ὲπι-

420 2520 602 2590 μένειν
631 2521 689 2571 ὲν
755 2523 876 2583 ταῖς
910 2522 1178 2591 πονηραῖς
1228 2521 1500 2590 κρίσεσιν.
1574 2521 1738 2574 Ὥστε
1784 2522 1933 2593 ὅρκῳ

421 2611 761 2682 προληφθείς
792 2630 872 2675 τις
900 2613 981 2673 είς
1028 2613 1370 2664 κακοποιῖαν
1425 2613 1640 2684 ἑτέρου,
1674 2612 1773 2684 τὴν
1832 2613 1934 2684 μὲν

424 2705 519 2758 ἐπὶ
545 2707 610 2774 τῇ
648 2704 953 2774 προπετείᾳ
1002 2703 1097 2756 τοῦ
1133 2705 1301 2772 ὅρκου
1386 2705 1677 2774 μετάνοιαν
1735 2705 1936 2758 ἐπιδει-

440 2794 679 2857 κνύσθω,
737 2793 812 2864 μὴ
868 2795 1052 2863 μέντοι
1103 2795 1455 2865 προσχήματι
1487 2792 1771 2857 εὐλαϐείας
1836 2793 1934 2863 τὴν

418 2890 685 2958 πονηρίαν
734 2888 930 2941 ἑαυτοῦ
970 2887 1304 2958 βεδαιούτω⁶
1362 2888 1484 2941 οὐδὲ
1535 2889 1645 2960 γὰρ
1711 2886 1932 2958 Ἡρώδῃ

431 2983 769 3051 συνήνεγκεν
809 2982 1204 3052 εὐορκήσαντι,
1238 2978 1321 3044 ὃς,
1361 2979 1451 3032 ἵνα
1500 2982 1578 3050 μὴ
1626 2980 1933 3051 ἐπιορκήσῃ

421 3075 603 3145 δῆθεν,
634 3075 824 3143 φονεὺς
857 3074 1079 3141 ἐγένετο
1122 3073 1218 3125 τοῦ
1265 3075 1579 3144 προφήτου.
1612 3073 1798 3136 ’Λπαξ
1833 3074 1936 3143 μὲν

425 3171 454 3222 ὁ
483 3169 647 3238 ὅρκος
681 3165 1102 3236 ἀπηγόρευται·
1159 3165 1340 3236 πολλῷ
1376 3165 1433 3219 δέ
1493 3183 1598 3220 που
1645 3165 1795 3229 εἰκὸς
1841 3165 1933 3219 τὸν
1960 3161 2002 3203 υ

427 3260 522 3314 ἐπὶ
546 3248 703 3330 κακῷ
727 3260 1016 3327 γινόμενον
1046 3257 1504 3329 κατακρίνεσθαι.
1557 3260 1721 3310 Ὥστε
1767 3275 1933 3327 μετα·

428 3355 654 3422 φρονεῖν
682 3351 791 3423 χρὴ
823 3350 917 3404 τὸν
971 3348 1268 3419 ὀμνύοντα,
1304 3350 1430 3420 οὐχὶ
1469 3350 1798 3414 σπουδάζειν
1847 3351 1933 3420 βε-

427 3444 620 3497 σαιοῦν
651 3443 818 3497 αὐτοῦ
846 3443 906 3497 τὸ
943 3443 1164 3497 ἀνόσιον
1189 3457 1205 3474 ⁸
1245 3441 1502 3507 ἐξέτασον
1558 3442 1668 3511 γὰρ
1721 3441 1933 3495 πλατύ-

423 3553 581 3607 τερον
606 3536 991 3608 τῆν’ἁτοπίαν.
1022 3535 1192 3598 Εῐτις
1214 3535 1469 3605 ὀμόσειεν
1498 3532 1783 3605 ἐξορύξειν
1804 3536 1932 3597 τοὺς

432 3627 750 3699 ὀφθαλμοὺς
778 3627 875 3680 τοῦ
906 3628 1164 3697 ἀδελφοῦ,
1193 3631 1241 3680 εἰ
1276 3627 1442 3680 καλὸν
1469 3630 1531 3680 τὸ
1562 3627 1810 3681 τοιοῦτον
1851 3630 1933 3688 εἰς

428 3718 585 3789 ἔργον
638 3719 828 3790 αὐτῷ;
896 3720 961 3772 Εἰ
997 3737 1081 3782 τις
1121 3719 1426 3789 φονεύσειν,
1459 3721 1513 3772 εί
1562 3737 1646 3784 τις
1696 3720 1831 3784 ὅλως
1865 3720 1933 3773 δι’

427 3811 589 3880 ὅρκου
640 3812 865 3883 ἐντολὴν
894 3812 1017 3866 τινὰ
1073 3810 1524 3883 παραϐήσεσθαι;
1560 3813 1775 3882 Ὠμοσα
1825 3812 1934 3883 γὰρ

336 3930 341 3937 ο
424 3906 517 3957 καὶ
550 3903 760 3975 ἕστησα
780 3903 902 3974 οὐχὶ
933 3902 1032 3974 τὴν
1068 3903 1369 3974 ἁμαρτίαν,
1398 3903 1538 3957 ἀλλὰ
1567 3901 1663 3956 τοῦ
1695 3901 1934 3973 φυλάξαι

431 3998 499 4050 τὰ
527 3997 777 4066 κρίματα
795 3996 894 4065 τῆς
929 3994 1305 4066 δικαιοσύνης.
1335 3995 1551 4071 Ὥσπερ
1590 3995 1648 4048 δὲ
1674 3996 1772 4064 τὴν
1790 3996 1937 4048 ὲντο-

425 4088 525 4158 λὴν
559 4087 918 4158 ὰμεταθέτοις
976 4086 1211 4155 κρίμασι
1265 4087 1510 4158 προσῆκε
1560 4087 1933 4158 βεὸαιοῦσθαι.

428 4180 576 4233 οὕτω
597 4180 695 4252 τὴν
722 4180 1003 4251 ἁμαρτίαν
1033 4183 1307 4243 παντοίως
1337 4181 1571 4252 καθήκει
1596 4181 1936 4253 ἀκυροῦσθσι

427 4272 523 4326 καὶ
552 4272 939 4340 ἀφανίζεσθαι.

430 4363 627 4417 ΒΑΔΣ.
660 4365 725 4417 Οί
756 4365 1026 4434 παρόντες
1051 4362 1145 4416 δύο
1185 4363 1412 4426 κανόνες
1468 4365 1937 4435 παρακελεύονται

2102 1884 2289 1930 votum
2351 1886 2435 1931 est
2475 1878 2794 1943 ridiculum,
2838 1896 2945 1937 non
2982 1881 3314 1938 abstinentia
3355 1896 3607 1938 necessa-

2106 1967 2206 2020 ria.

2588 2060 2818 2118 canos
2853 2042 3049 2117 xm.

2029 2146 2182 2213 Quod
2214 2150 2488 2220 principes
2520 2153 2737 2223 quidem
2774 2154 2980 2224 jnrcnt,
3009 2169 3070 2210 se
3094 2153 3352 2223 subjectis
3381 2155 3609 2210 malefa-

2104 2252 2312 2309 cturos,
2351 2259 2542 2312 magna
2585 2245 2851 2300 medicina
2882 2261 3018 2316 opus
3045 2247 3228 2302 habet.
3281 2245 3481 2302 Medcla
3515 2263 3611 2302 an-

2107 2345 2211 2388 tem
2245 2349 2432 2388 eorum
2462 2345 2545 2390 est
2573 2336 2770 2406 duplex
2802 2354 2815 2391 :
2850 2354 2955 2392 una
3002 2337 3241 2407 quidem,
3273 2348 3333 2393 ut
3384 2338 3484 2408 ipsi
3514 2341 3610 2392 do-

2106 2436 2336 2481 ceantur
2364 2443 2468 2483 non
2506 2428 2665 2483 facile
2692 2429 2917 2498 jnrare;
2953 2431 3121 2485 altera
3182 2442 3389 2498 autem,
3432 2446 3502 2486 ne
3556 2433 3609 2486 in

2112 2518 2268 2572 malis
2287 2518 2512 2589 judiciis
2540 2521 2855 2591 persistant.
2885 2521 3068 2588 Quare
3089 2524 3181 2593 qui
3212 2539 3273 2579 se
3301 2525 3456 2580 alteri
3494 2543 3613 2580 ma-

2108 2611 2433 2666 lel'acturnm
2460 2612 2646 2682 jnrare
2679 2615 3019 2684 anticipavit,
3055 2616 3195 2686 quod
3221 2618 3285 2671 ad
3313 2617 3609 2687 jurandunt

2107 2703 2332 2757 nimiutn
2389 2703 2566 2758 facilis
2624 2703 2811 2769 fuerit,
2870 2720 2929 2760 se
2983 2706 3246 2775 paenitere
3310 2709 3607 2764 ostendat:

2103 2792 2213 2863 87
2240 2808 2346 2847 non
2383 2805 2565 2848 autem
2594 2794 2816 2863 pietatis
2853 2806 3119 2865 praetextu
3151 2812 3306 2850 suam
3341 2798 3608 2866 improbi-

2108 2893 2270 2938 tatem
2303 2887 2609 2941 conlirtnct.
2640 2885 2831 2957 Neque
2856 2888 3000 2942 enim
3037 2888 3235 2945 Herodi
3262 2889 3449 2955 jurare
3479 2907 3611 2961 pro.-

2109 2974 2228 3040 fttit,
2264 2978 2381 3045 qui,
2410 2994 2477 3033 ne
2506 2980 2795 3049 pejcraret,
2822 2981 3137 3050 prophetam
3162 2982 3387 3038 occidit.
3419 2980 3611 3055 Jusju-

2110 3070 2340 3124 randum
2386 3071 2529 3125 cnim
2588 3072 2811 3126 omnino
2868 3082 2952 3128 est
3013 3075 3344 3137 prohibitum
3389 3076 3611 3130 :ntnlto

2108 3169 2288 3243 autem
2320 3161 2490 3231 magis
2528 3172 2960 3217 consentaneum
3013 3175 3099 3218 est
3146 3164 3279 3219 illud
3327 3179 3449 3220 esse
3481 3182 3613 3220 con-

2109 3252 2450 3317 tletnnatutn,
2511 3254 2657 3323 quod
2704 3262 2932 3323 propter
2983 3254 3181 3309 malum
3232 3255 3474 3325 juratnm
3504 3267 3611 3312 est.

2106 3344 2287 3409 Quare
2321 3360 2445 3398 eum
2481 3345 2572 3413 qui
2622 3344 2859 3413 juravit,
2892 3347 3178 3415 pmnitere,
3217 3365 3323 3401 non
3358 3349 3609 3418 impieta-

2110 3445 2216 3489 tem
2250 3434 2364 3503 ejus
2394 3437 2722 3492 conlirmare
2750 3440 2970 3493 studere
2997 3448 3233 3506 Oportet.
3289 3438 3421 3508 Ejus
3463 3443 3607 3496 enim

2110 3528 2505 3583 absurditatem
2534 3528 2708 3586 fusius
2734 3530 3047 3600 exquirere.
3081 3528 3137 3585 Si
3170 3532 3294 3599 quis
3325 3548 3384 3586 se
3427 3531 3613 3588 fratris

2108 3621 2296 3675 oculos
2331 3619 2655 3674 el'fossnrum
2697 3619 2989 3689 juraverit,
3022 3621 3144 3676 eine
3198 3624 3483 3678 honestum
3530 3637 3616 3679 ρει

2109 3716 2214 3771 hoc
2239 3714 2305 3767 ad
2333 3713 2588 3768 effectum
2630 3712 2943 3769 deducere?
2977 3711 3032 3767 Si
3058 3716 3185 3783 quis
3209 3729 3268 3768 se
3293 3716 3615 3770 interfrcm-

2110 3822 2251 3871 rum,
2280 3808 2324 3861 si
2357 3806 2479 3876 quis
2516 3805 2740 3860 omnino
2760 3804 3030 3872 iuraverit
3060 3806 3369 3858 mandatum
3393 3807 3611 3872 aliquod

2111 3898 2621 3970 transgressurum?
2652 3894 2837 3951 Juravi
2863 3897 3008 3950 enim
3046 3906 3098 3951 et
3129 3898 3294 3951 statui
3344 3914 3447 3951 non
3481 3915 3607 3964 pec-

2109 4002 2312 4057 catum,
2349 3993 2440 4046 sed
2468 4004 2685 4044 servare
2708 3988 2915 4059 judicia
2942 3987 3166 4057 iustitiae
3189 3996 3313 4041 tute.
3343 3987 3615 4053 Quemad-

2109 4084 2325 4139 modum
2359 4093 2539 4137 antem
2576 4081 2890 4136 mandatum
2927 4085 3014 4134 est
3047 4078 3478 4132 immutabilibus
3529 4078 3613 4147 ju-

2107 4178 2265 4233 diciis
2290 4176 2746 4238 conﬁrmandum,
2774 4173 2848 4228 ita
2881 4185 3162 4242 peccatum
3190 4170 3417 4225 omnino
3462 4171 3616 4225 infir-

2110 4282 2262 4321 mare
2282 4275 2337 4321 et
2364 4260 2547 4321 delere
2573 4272 2808 4334 oportet.
3380 4266 3383 4267 ⁷

2110 4357 2307 4412 BALS.
2348 4357 2652 4412 Praesentes
2684 4356 2792 4410 duo
2818 4368 3058 4409 canones
3102 4352 3299 4424 jubent
3348 4352 3615 4408 infirmari

358 4454 673 4510 ἀθετεῖσθαι
723 4455 849 4519 τοὺς
902 4456 1234 4524 γενομένους
1304 4456 1503 4526 ὅρκους
1553 4458 1707 4526 παρά
1772 4475 1932 4512 τινων

2038 4448 2340 4519 jurautenta
2373 4463 2403 4503 a
2434 4449 2755 4518 quibusdam
2794 4446 2956 4510 facta,
2991 4458 3049 4500 nt
3079 4446 3206 4501 mali
3232 4447 3436 4514 aliquid
3475 4446 3570 4500 liat
3592 4486 3610 4509 ,

357 4548 520 4619 χάριν
560 4546 651 4601 τοῦ
679 4547 936 4617 γενέσθαι
993 4546 1165 4600 κακόν
1193 4565 1267 4612 τι,
1295 4546 1328 4616 ἢ
1365 4549 1460 4600 καὶ
1491 4548 1730 4616 γέλωτος
1760 4550 1931 4616 ἄξιονο

354 4639 492 4707 φασὶ
528 4638 639 4710 γὰρ
670 4640 762 4691 τὸν
801 4639 1108 4708 εὐξάμενον
1143 4637 1264 4706 ἦτοι
1308 4637 1587 4706 ὀμόσαντα
1622 4639 1698 4709 μὴ
1735 4640 1934 4707 φαγεῖν

354 4728 523 4797 κρέας
550 4729 784 4797 χοίρειοι»
810 4768 824 4792 ,
857 4727 889 4797 ἢ
943 4727 1446 4796 κακοποιῆσαιτοὺς
1486 4727 1578 4780 ὑπ’
1613 4728 1774 4782 αὐτὸν
1789 4728 1938 4781 διδά-

361 4817 593 4869 σκεσθαι
618 4816 728 4869 τῶν
774 4817 1080 4885 ἀλογίστων
1129 4817 1396 4870 τοιούτων
1457 4817 1553 4870 καὶ
1593 4817 1935 4871 ἀπαιδεύτων

355 4909 535 4978 ὅρκων
592 4909 916 4980 ἀπέχεσθαι,
981 4911 1076 4963 καὶ
1129 4911 1213 4963 ὅτι
1267 4910 1527 4976 καθάπαξ
1586 4911 1647 4963 τὸ
1711 4911 1935 4981 ὀμνύειν

357 5003 811 5072 ἀπηγορευμένον
856 5003 1029 5055 ἐστίν’
1064 4995 1460 5074 ἐπιχωρείσθαι
1502 5004 1560 5057 δὲ
1597 5004 1658 5058 τὸ
1692 5005 1933 5075 χοίρειον

358 5095 527 5161 κρέας
558 5092 789 5157 ἐσθίειν,
822 5095 918 5144 καὶ
946 5093 1319 5163 παραϐαίνειν
1359 5093 1452 5146 τὸν
1475 5094 1661 5163 ὅρκον,
1714 5093 1811 5145 καὶ
1855 5093 1931 5164 μὴ

358 5188 536 5238 ποιεῖν
592 5188 653 5238 τὸ
707 5185 880 5238 κακὸν
940 5187 1214 5255 προφάσει
1273 5185 1366 5239 τοῦ
1435 5185 1510 5256 μὴ
1581 5187 1931 5256 ὲπνρκῆσαι.

372 5274 678 5345 Ἐχρήσατο
738 5276 797 5329 δὲ
854 5279 948 5330 καὶ
1010 5277 1432 5349 παραδείγματι
1469 5276 1548 5347 τῷ
1588 5278 1804 5349 Ἡρώδῃ
1854 5277 1933 5347 τῷ

358 5366 622 5435 ὀμόσαντι
665 5367 927 5436 φονεῦσαι
960 5369 1052 5421 τὸν
1111 5368 1445 5439 Βαπτιστὴν,
1479 5369 1576 5422 καὶ
1606 5368 1696 5423 διὰ
1754 5371 1816 5423 τὸ
1855 5369 1932 5440 μὴ

359 5461 684 5531 ἐπιορκῆσαι
717 5462 1008 5529 ποιήσαντι
1041 5461 1225 5531 φόνον.
1261 5444 1411 5514 Ἔδει
1451 5461 1579 5533 γὰρ,
1613 5461 1802 5533 φησιν,
1836 5464 1934 5515 αὺ-

359 5552 452 5605 τὸν
495 5553 933 5623 μεταφρονῆσαι,
988 5553 1158 5623 ἤγουν
1232 5554 1579 5623 μεταγνῶναι
1615 5555 1711 5607 καὶ
1761 5572 1933 5608 καταο

360 5645 634 5714 φρονῆσαι
665 5642 760 5697 τοῦ
808 5644 1001 5697 ἀδίκου
1032 5646 1222 5716 ὅρκου,
1255 5644 1374 5699 ἀλλ’
1399 5647 1523 5716 οὐχϊ
1546 5645 1639 5697 διὰ
1668 5647 1766 5715 τῆς
1796 5648 1933 5716 πρά-

362 5734 495 5799 Ξεως
527 5733 835 5803 βεϐαιῶσαι
868 5734 931 5787 τὸ
972 5736 1209 5789 ἀνόσιον.
1254 5737 1553 5800 Ἀνάγνωθι
1588 5739 1652 5810 to
1705 5744 1774 5807 ιη’
1800 5756 1926 5807 me.

562 5829 830 5889 PATROL.
871 5831 988 5892 GR.
1024 5830 1412 5892 CXXXVIII.

2038 4541 2121 4593 vel
2144 4541 2304 4595 etiam
2335 4540 2608 4609 quidpiam
2640 4539 2946 4593 ridiculum.
2989 4536 3131 4591 Dicit
3165 4539 3307 4592 enim
3353 4551 3475 4590 eum
3516 4539 3611 4605 qui

2038 4631 2183 4686 vovit
2218 4630 2296 4687 vel
2339 4631 2542 4701 jnravit
2589 4644 2649 4685 se
2693 4644 2916 4684 carnem
2963 4628 3175 4701 suillam
3208 4642 3314 4682 non
3368 4642 3617 4682 comesu-

2040 4706 2291 4790 τιιιιι,’νρ1
2343 4723 2446 4778 sibi
2502 4722 2760 4792 subjectis
2807 4719 3266 4784 malefacturum,
3313 4717 3615 4773 docendum

2039 4832 2158 4872 esse
2198 4832 2229 4871 a
2256 4817 2440 4871 stultis
2469 4816 2782 4884 huiusmodi
2814 4824 2869 4870 et
2894 4814 3091 4880 ineptis
3117 4811 3477 4867 sacramentis
3514 4810 3615 4862 ab-

2038 4913 2260 4976 stinere,
2289 4922 2342 4963 et
2367 4912 2508 4980 quod
2531 4908 2719 4977 jnrare
2742 4907 2964 4962 omnino
2983 4912 3070 4959 est
3102 4902 3456 4975 prohibitum;
3493 4901 3617 4954 licet

2038 5018 2164 5055 vero
2180 5015 2396 5055 carnem
2427 4998 2636 5054 suillam
2652 4996 2959 5056 comedere,
2975 5003 3030 5049 et
3041 4986 3409 5063 juratnentum
3433 5002 3617 5046 trans—
3708 5058 3715 5064 ,

2037 5094 2209 5164 gredi,
2232 5102 2281 5145 et
2318 5092 2519 5145 malum
2553 5105 2657 5143 non
2692 5086 2873 5142 facere
2915 5087 3018 5140 sub
3048 5094 3307 5152 praetextu
3347 5099 3414 5138 ne
3465 5081 3617 5153 peje-

2039 5196 2206 5239 retur.
2256 5178 2402 5237 Usus
2451 5190 2536 5237 est
2584 5189 2766 5233 autem
2819 5175 3067 5246 exemplo
3115 5187 3330 5244 quoque
3365 5171 3617 5235 Herodis,

2036 5280 2126 5349 qui
2154 5275 2416 5346 iuraverit
2445 5287 2505 5329 se
2538 5273 2833 5340 Baptistam
2866 5270 3297 5329 interfecturum,
3336 5276 3390 5320 et
3429 5280 3496 5319 ne
3523 5279 3620 5332 pe-

2032 5370 2237 5439 jeraret
2260 5366 2459 5423 caedem
2488 5362 2779 5419 commisit.
2812 5359 3108 5429 Oportebat
3153 5357 3297 5413 enim
3325 5394 3343 5421 ,
3392 5356 3617 5435 inquit,

2037 5465 2213 5533 ipsum
2245 5459 2583 5528 resipiscere,
2624 5471 2719 5511 seu
2755 5469 3009 5510 revocare
3048 5461 3103 5506 et
3147 5459 3497 5505 contemnere
3528 5462 3618 5498 ln-

2031 5559 2234 5628 jttstum
2264 5553 2641 5627 jusjurandum
2664 5593 2680 5618 ,
2715 5552 2810 5606 sed
2845 5566 2949 5604 non
2994 5562 3091 5618 per
3122 5548 3393 5602 actionem
3428 5542 3616 5610 impie-
3678 5610 3681 5611 ν

2038 5660 2201 5704 talem
2236 5648 2578 5703 conﬁrmare.
2622 5643 2765 5715 Lege
2800 5657 2922 5712 cap.
2964 5639 3053 5706 I8,
3100 5638 3182 5694 tit.
3218 5638 3305 5701 15',
3340 5636 3624 5705 prmsent's

2036 5744 2237 5811 operis,
2263 5749 2317 5794 et
2341 5752 2462 5811 quae
2494 5738 2546 5793 in
2572 5752 2638 5793 eo
2660 5744 2808 5792 sunt.
2835 5733 2970 5789 Cum
3002 5726 3182 5787 atttem
3211 5744 3334 5784 can.
3365 5726 3429 5780 lO
3450 5726 3622 5780 sancti

3113 5822 3190 5885 22
