4076 6392
487 180 590 240 085

1424 182 1505 243 ΙΝ
1553 184 1793 243 EPIST.
1839 185 1897 246 S.
1942 185 2231 244 BASILII
2276 184 2713 246 CANONICAM
2760 186 2844 245 ll.

3621 189 3724 244 63ft

485 292 591 358 χρὴ
624 288 717 339 τ“ν
768 286 1007 341 τοιοῦτον
1068 290 1476 361 προτιμηθῆναι
1542 292 1641 346 τοῦ
1700 295 1910 364 Κυρίου
1965 294 2054 346 καὶ

2160 309 2189 348 a
2219 309 2278 349 se
2309 295 2615 349 voluntarie
2649 303 2958 365 susceptum
3005 303 3402 349 contemnatur.
3454 292 3513 345 Et
3563 294 3729 346 nobili

485 380 624 431 Hac-3
659 379 839 449 ἡμῶν.
872 382 934 433 Ei
960 382 1068 452 γὰρ
1122 383 1173 435 οί
1228 385 1581 438 ἀποστολικοὶ
1631 388 1854 449 κανόνες
1896 387 2057 440 κολά·

484 469 641 532 ζουσι
673 471 766 523 τὸν
796 473 854 524 ὲν
878 470 955 541 τῷ
982 458 1209 542 τυχόντι
1238 474 1526 545 Σαϐϐάτῳ,
1560 478 1591 546 ἧ
1627 479 1881 550 κυριακῇ
1902 496 2078 548 γονυτ

484 561 776 615 κλινοῦντα
810 562 841 631 ἢ
874 564 1229 631 νηστεύοντα,
1258 564 1438 634 πολλῷ
1465 568 1630 621 πλέον
1657 568 2056 639 κολασθήσεται

485 654 512 705 ὁ
549 653 829 721 νηστεύων
851 654 992 707 κατὰ
1023 654 1123 724 τὴν
1150 656 1460 724 Πασχάλιον
1472 658 1564 710 τοῦ
1590 659 1829 728 Χριστοῦ
1862 660 2057 731 ἑορτὴν

489 743 579 797 διὰ
624 744 683 796 τὸ
716 743 793 814 μὴ
837 746 1224 815 παροραθῆναι
1262 746 1352 800 τὸν
1388 747 1715 819 αὐθαίρετον
1752 750 1915 820 ὅρκον
1952 750 2054 804 αὐ-

483 834 600 886 τοῦ.
644 834 752 885 Καὶ
783 833 1093 904 ἐξεχώρησε
1139 836 1219 905 τῷ
1250 838 1464 905 εὐγενεῖ
1492 839 1669 909 κυρίῳ
1717 842 1936 908 φαγεῖν.
1996 840 2055 891 '0

483 924 647 985 αὐτὸς
668 924 724 975 δε
761 928 1109 996 πατριάρχης
1158 930 1252 981 καὶ
1281 929 1372 981 τὸν
1427 930 1645 1001 Τζήταν
1675 930 1769 985 τὸν
1800 932 2056 1002 εὐνοῦχον

484 1013 765 1082 ὀμόσαντα
813 1017 892 1077 είς
931 1017 1300 1089 προσκύνησιν
1353 1020 1608 1075 ἀπελθεῖν
1644 1024 1753 1075 τῶν
1784 1025 1842 1076 ἐν
1882 1024 2048 1092 Ὶερου

490 1104 746 1173 σολύμοις
776 1107 948 1174 ἁγίων
983 1113 1185 1173 τόπων,
1216 1113 1311 1165 καὶ
1354 1113 1431 1183 μὴ
1459 1114 1790 1182 ἀπελθόντα,
1848 1115 1925 1177 ὡς
1957 1133 2055 1185 με·

472 1197 887 1267 ,ταμεληθέντω
931 1200 1229 1265 συνοδικῶς
1253 1206 1316 1256 ὲκ
1354 1204 1450 1272 τῆς
1473 1206 1765 1277 ἐπιορκίας
1788 1206 2052 1272 ἀπέλυσε,

480 1286 568 1339 διά
648 1292 872 1359 μετρίου
929 1292 1213 1361 ἐπιτιμίου
1273 1293 1620 1364 θεραπεύσας
1683 1294 1866 1349 αὐτόν.
1919 1294 2053 1349 Ἀπὸ

484 1381 662 1448 μέντοι
694 1382 801 1434 τῶν
828 1385 1089 1452 ῥημάτιον
1142 1385 1238 1437 τοῦ
1286 1386 1510 1448 κανόνος
1556 1384 1729 1449 οὕτως
1786 1386 2048 1456 ἐχόντων.

2156 386 2380 441 domino
2409 387 2663 441 carnibus
2690 388 2830 441 vesci
2864 385 3128 453 permisit.
3163 385 3306 439 Idem
3344 393 3522 439 autem
3556 386 3726 452 patri-

2157 480 2320 532 archa
2352 475 2560 532 Tzitam
2602 492 2712 547 quo
2739 479 3048 533 eunuchum
3081 477 3144 531 ad
3186 485 3495 532 sanctetum
3538 476 3728 531 Iliero-

2156 570 2378 640 solymis
2410 570 2650 625 locorum
2680 571 3054 626 adorationem
3097 569 3179 622 ire
3207 584 3264 622 se
3293 569 3601 636 iuramento
3632 570 3728 623 ob.

2156 660 2407 713 strictum
2434 670 2488 713 et
2518 676 2623 715 non
2656 658 2978 729 profectum,
3003 659 3174 728 utqui
3205 659 3518 728 pcenitentia
3538 661 3728 713 ductus

2162 764 2327 818 esset,
2400 753 2732 821 synodaliter
2782 766 2813 804 a
2869 752 3106 819 perjurio
3157 750 3409 813 ahsolvit,
3470 752 3726 805 mediocri

2165 858 2325 913 paena
2361 843 2610 911 imposita
2648 857 2713 896 ac
2740 842 3065 897 medicinam
3101 841 3384 897 exhibens.
3434 840 3507 893 Et
3550 842 3729 896 verbis

2163 940 2345 985 autem
2381 933 2626 997 canonis,
2661 948 2779 1001 quae
2808 934 2881 986 ita
2911 946 2972 987 se
3004 931 3242 985 habent:
3273 929 3428 985 Nulla
3456 932 3598 986 cnim
3634 931 3727 987 Dei

2163 1031 2414 1075 creatura
2451 1030 2535 1076 cst
2580 1020 2877 1090 rejicienda
2913 1022 2957 1076 si
3003 1037 3125 1077 cum
3175 1021 3472 1091 gratiarum
3516 1023 3729 1077 actione

2160 1114 2479 1183 accipiatur,
2512 1129 2578 1167 ne
2605 1114 2809 1168 dixeris
2840 1114 2993 1169 nobis
3039 1128 3161 1169 esse
3197 1113 3514 1183 permissum
3548 1114 3729 1166 omni-

2160 1203 2261 1258 bus
2292 1204 2478 1260 bestiis
2500 1206 2667 1271 vesci;
2691 1209 2785 1260 sed
2812 1206 2900 1260 dic
2926 1219 3186 1260 canoncm
3210 1204 3278 1260 de
3304 1204 3411 1259 illis
3436 1205 3725 1269 disserere,

2160 1310 2279 1365 quae
2326 1295 2394 1348 ab
2441 1295 2759 1349 nrtbodoxis
2825 1300 3057 1351 eduntur
3111 1311 3177 1350 ex
3237 1295 3631 1350 consuetudine
3675 1306 3728 1347 el

2159 1387 2529 1442 ecclesiastica
2569 1389 2877 1443 traditione.

482 1470 648 1523 Οὐδὲν
675 1472 784 1541 γάρ
803 1473 1009 1542 κτίσμα
1032 1472 1166 1527 είεού
1219 1473 1551 1542 ἀπόϐλητον,
1597 1476 1715 1545 μετ’
1765 1474 2116 1547 εὐχαριστίας
2154 1475 2587 1545 λαμϐανόμενον,
2663 1476 2738 1548 μὴ
2794 1477 2955 1549 εἴπῃς
3028 1478 3102 1543 ὡς
3160 1479 3375 1550 ἐνεδόθη
3431 1480 3605 1533 πάντα
3659 1481 3726 1533 τά

481 1571 654 1639 κτήνη
716 1570 921 1622 ἐσθίειν
994 1570 1174 1639 ἡμᾶς’
1248 1568 1386 1621 ἀλλά
1454 1568 1577 1635 λέγε
1635 1570 1764 1639 περὶ
1821 1572 2048 1622 ἐκείνων
2125 1570 2471 1648 διαλέγεσθαι
2514 1571 2606 1624 τὸν
2690 1573 2895 1628 κανόνα
2968 1571 3079 1627 τῶν
3153 1574 3485 1643 ἐσθιομένων
3577 1570 3737 1644 scapi

480 1663 776 1732 ὀρθοδόξων
836 1662 944 1714 ἀπὸ
994 1661 1285 1739 συνηθείας
1334 1661 1431 1714 καὶ
1462 1662 1819 1732 παραδόσεως
1853 1661 2335 1732 ἐκκλησιαωικῆς.

552 1759 799 1812 ΖΩΝΑΡ.
851 1756 1064 1821 Ιιύξατό
1121 1775 1205 1819 τις
1272 1759 1348 1827 μὴ
1397 1760 1591 1825 φαγεῖν
1639 1757 1849 1828 χοίρεια
1894 1759 2053 1828 κρέα.

2234 1756 2487 1813 ZONAR.
2525 1758 2731 1815 lncan.
2761 1759 2850 1816 9.8.
2906 1761 3063 1817 Vovit
3109 1762 3377 1832 quispiam
3435 1777 3494 1819 se
3539 1763 3725 1818 suillas

481 1852 757 1916 Εὐξασθαι
810 1851 920 1918 γὰρ
968 1850 1031 1901 τὸ
1079 1849 1513 1917 ἐπαγγείλασθαι
1565 1850 1659 1902 καὶ
1713 1850 2049 1920 ὑποσχέσθαι

480 1942 668 1996 ἐστίν⁹
717 1943 791 2006 ὡς
837 1942 916 2007 τὸ,
972 1942 1252 2006 Εὐξασθε
1292 1941 1391 1995 καί
1420 1942 1697 1997 ἀπόδοτε.
1764 1943 2050 2013 Ἠρωτήθη

479 2032 636 2089 οὐνὸ
699 2037 875 2102 ἅγιος,
938 2038 986 2091 εί
1039 2035 1219 2100 ἔξεστι
1277 2036 1598 2107 παραϐῆναι
1643 2036 1739 2105 τὴν
1794 2035 2053 2105 τοιαύτην

480 2128 646 2198 εὐχὴν
669 2127 764 2180 τδν
787 2127 994 2196 ταύτην
1027 2127 1347 2198 εὐξάμενον·
1380 2129 1475 2181 καὶ
1503 2127 1782 2199 ἀπεκρίθη
1812 2128 2050 2198 γέλωτος

483 2220 629 2293 ἀξιον
658 2218 807 2289 αὐτῷ
830 2219 1005 2272 δοκεῖν
1035 2219 1097 2271 τὸ
1129 2221 1382 2290 πρᾶγμα.
1412 2220 1602 2283 Ὥστε,
1629 2221 1788 2288 φησὶ,
1807 2219 2050 2290 χρῆσθαι

488 2313 586 2382 μὲν
614 2313 733 2382 ἦτοι
775 2311 981 2364 ἐσθίειν
1012 2313 1081 2363 τὰ
1107 2310 1230 2364 ὕεια
1258 2312 1424 2381 κρέα,
1453 2311 1748 2379 ἐπίτρεψον
1782 2312 1860 2381 τῷ
1892 2311 2052 2376 εὐξα-

485 2407 633 2476 μένῳ
656 2404 755 2472 τὴν
786 2400 967 2454 αὐτῶν
992 2402 1224 2472 ἀποχήν.
1258 2402 1483 2469 Δίδαξον
1507 2402 1565 2455 δὲ
1587 2402 1902 2471 ἀπέχεσθαι
1945 2401 2053 2454 τῶν

482 2494 830 2549 ἀπαιδεύτων
861 2492 1209 2562 προσευχῶν,
1242 2492 1363 2563 ἦτοι
1398 2492 1508 2545 τῶν
1547 2491 1852 2559 ἀλογίστων
1883 2491 2055 2558 ἑπαγ-

484 2583 709 2654 γελιῶν,
740 2585 835 2636 καὶ
867 2582 943 2653 μὴ
976 2582 1307 2654 προχείρους
1340 2576 1482 2636 εἶναι
1528 2582 1609 2646 είς
1651 2581 1909 2644 τοιαύτας
1964 2580 2052 2633 εὐ-

480 2680 605 2750 χάς.
663 2678 830 2730 Οὐδὲν
901 2676 1010 2744 γὰρ
1078 2676 1283 2745 κτίσμα
1347 2673 1486 2730 Θεοῦ
1553 2673 1864 2743 ἀπόϐλητον
1935 2675 2053 2743 μετ’

481 2769 839 2840 εὐχαριστίας
892 2766 1330 2837 λαμϐανόμενον.
1363 2767 1474 2820 Καὶ
1524 2766 1670 2832 ἐπεὶ,
1706 2766 1860 2835 φησὶ,
1892 2764 2053 2819 τοῦτο

482 2862 655 2924 οὓτως
707 2860 847 2928 ἔχει,
904 2860 938 2926 ἡ
982 2857 1117 2926 εὐχὴ
1186 2856 1611 2925 καταγέλαστος.
1676 2854 1947 2924 Τοιαύτης
1996 2854 2052 2907 δὲ

481 2951 582 3020 τῆς
616 2951 780 3021 εὐχῆς
813 2946 1000 3017 οὔσης,
1030 2947 1131 3000 οὐκ
1169 2947 1499 3016 ἀναγκαίαη
1540 2945 1648 2999 τῶν
1686 2944 1847 2999 ὑείων
1874 2944 2052 3015 κρεῶν

482 3045 682 3115 ἀποχή.

2154 1864 2347 1904 carnes
2371 1864 2478 1904 non
2504 1865 2745 1905 esurum.
2780 1850 2875 1905 Est
2912 1867 3146 1922 namque
3175 1867 3371 1908 vovere
3409 1853 3546 1908 idem
3582 1858 3725 1924 quod

2110 2015 2119 2019 _
2155 1941 2470 2011 promittere
2482 1952 2533 1997 et
2551 1941 2813 2010 polliceri,
2831 1941 2985 2011 juxta
3014 1943 3178 1998 illud:
3198 1943 3383 1999 Vouete
3405 1954 3453 1999 et
3476 1947 3724 2000 reddite'.

2157 2032 2394 2103 Rogatus
2417 2043 2500 2088 est
2527 2033 2692 2104 igitur
2719 2033 2807 2087 hic
2832 2042 3049 2090 sanctus
3072 2035 3175 2101 vir,
3201 2046 3382 2090 utrum
3402 2036 3473 2099 ci,
3494 2038 3588 2105 qui
3621 2039 3725 2094 huc

2153 2139 2213 2179 se
2239 2133 2361 2179 voto
2385 2124 2697 2189 obstrinxit,
2725 2124 2856 2179 illud
2879 2125 3152 2179 transilire
3178 2124 3261 2180 fas
3287 2125 3451 2182 foret.
3480 2127 3725 2196 Respon-

2153 2215 2340 2285 ditque
2380 2216 2662 2271 ridiculum
2693 2217 2795 2270 sibi
2821 2217 3103 2286 negotium
3131 2218 3324 2275 videri.
3357 2218 3606 2287 Proinde,
3645 2224 3727 2276 in-

2153 2306 2292 2375 quit,
2326 2308 2404 2361 uti
2447 2306 2666 2376 quidem
2696 2307 2894 2369 suillis,
2943 2311 3043 2361 hoc.
3073 2316 3180 2372 est,
3211 2312 3498 2366 comedere
3537 2314 3726 2369 suillas

2154 2414 2347 2454 tarnes
2370 2398 2648 2468 permittas
2671 2413 2819 2464 eum,
2839 2399 2929 2469 qui
2957 2398 3268 2469 hujusmodi
3285 2407 3427 2457 vovit
3449 2406 3729 2461 abstinen-

2158 2492 2309 2546 tiam.
2335 2491 2539 2545 Doceas
2568 2506 2754 2561 porro,
2781 2500 2837 2545 ut
2856 2506 2915 2547 se
2939 2494 3008 2546 ab
3039 2494 3236 2562 ineptis
3265 2493 3533 2564 ejusmodi
3561 2498 3726 2563 votis,

2154 2584 2258 2639 hoc
2290 2594 2393 2650 est,
2431 2584 2860 2652 imprudentibus
2888 2586 3170 2652 promissis
3193 2588 3528 2652 contineant,
3550 2606 3730 2659 neque
3789 2623 3802 2639 ο

2155 2676 2222 2730 ad
2260 2676 2523 2746 ejusmodi
2578 2685 2698 2730 vota
2731 2674 2844 2729 sint
2875 2674 3083 2731 faciles.
3114 2675 3267 2731 Nulla
3297 2677 3441 2732 enim
3479 2691 3726 2735 creatura

2156 2764 2249 2819 Dei
2281 2774 2365 2819 est
2396 2764 2712 2831 rejicienda,
2740 2765 2837 2817 sed
2865 2778 2985 2817 cum
3041 2764 3338 2831 gratiarum
3384 2751 3599 2822 actione
3637 2783 3729 2822 ac-

2155 2857 2408 2924 cipiatur.
2438 2856 2591 2921 Quod
2624 2869 2749 2909 cum
2779 2869 2861 2921 sc,
2886 2855 2983 2920 ait,
3025 2857 3096 2909 ita
3124 2856 3342 2919 habeat,
3368 2867 3452 2912 est
3475 2869 3726 2929 propter-

2155 2962 2220 3002 ea
2259 2947 2542 3001 ridiculnm
2569 2957 2780 3001 votum.
2840 2946 2975 3000 Cum
3023 2961 3152 2999 vero
3191 2946 3493 3015 hujusmodi
3522 2952 3593 3004 sit
3638 2967 3730 3005 vo-

2158 3046 2295 3104 tum,
2327 3052 2435 3093 non
2465 3047 2547 3091 est
2596 3036 2901 3090 necessaria
2942 3036 3012 3090 ab
3051 3036 3316 3106 ejusmodi
3346 3040 3518 3095 suillis
3556 3044 3730 3096 carni-

2079 3100 2127 3164 c
2158 3130 2258 3185 bus
2290 3129 2636 3185 abstinentia.

547 3220 769 3275 ΑΡΙΣΤ.
812 3223 952 3274 Καν.
987 3226 1098 3291 κη’.
1138 3221 1199 3273 'U
1232 3219 1408 3291 κρεῶν
1453 3219 1665 3291 ἀποχὴν
1695 3219 1855 3272 ὐείων
1886 3221 2050 3273 ἑπευ-

486 3313 715 3384 ξάμενος
752 3311 991 3380 γελοῖος
1023 3312 1084 3364 οὐ
1119 3311 1337 3374 δεκτέος
1396 3309 1477 3375 δὲ,
1541 3314 1592 3363 εί
1648 3310 2045 3381 μεταλήψοιτο.

553 3493 772 3559 [luga-:6
801 3512 884 3558 τις
912 3495 1214 3565 ἀπέχεσθαι
1274 3493 1529 3564 χοιρείων
1580 3493 1782 3565 κρεῶν.
1834 3493 2052 3555 Γελοῖος

487 3585 659 3653 οὗτος,
690 3588 768 3651 ὡς
796 3588 1097 3642 ἀπαίδευτα
1128 3588 1555 3658 προσευχόμενος
1587 3589 1681 3641 καὶ
1716 3587 2051 3656 ἐπαγγελλό-

493 3698 672 3748 μενος.
738 3679 906 3733 Οὐδὲν
953 3682 1062 3748 γὰρ
1106 3682 1310 3749 κτίσμα
1364 3680 1502 3732 Θεοῦ
1558 3679 1881 3748 ἀπόϐλητον,
1935 3681 2054 3749 μετ’

484 3769 836 3841 εὐχαριστίας
873 3772 1446 3841 μεταλαμϐανόμενον.
1483 3772 1577 3823 Δεῖ
1604 3769 2056 3840 γοῦνσυγχωρη-

487 3862 650 3932 θῆναι
680 3861 828 3930 αὐτῷ
862 3861 957 3933 τὴν
981 3861 1285 3932 μετάληψιν
1314 3862 1423 3914 τῶν
1459 3861 1659 3932 κρεῶν,
1703 3855 1779 3915 ὧν
1825 3862 2055 3931 ἀπέχειν

486 3952 785 4020 ἐπηύξατο,
815 3951 1137 4021 διδαχθῆναι
1163 3950 1221 4004 δὲ
1251 3950 1328 4021 μὴ
1359 3951 1723 4012 ἀπαιδεύτους
1753 3950 1891 4020 πρὸς
1920 3952 2054 4004 Θεὸν

488 4043 823 4111 ἐπαγγελίας
847 4042 1143 4098 ποιεῖσθαι.

563 4135 811 4189 ΖΩΝΑΡ.
874 4134 1005 4188 Ἐάν
1060 4135 1270 4205 ἄρχων,
1319 4134 1507 4205 φησὶν,
1564 4134 1744 4208 ὀμόσῃ
1805 4136 2057 4189 κακῶσαι

487 4223 768 4294 τούςςύπὸ
789 4224 973 4293 χεῖρα,
998 4223 1080 4276 δεῖ
1106 4224 1197 4277 τὸν
1227 4224 1471 4277 τοιοῦτον
1511 4224 1729 4293 πρῶτον
1771 4224 1871 4292 μὲν
1906 4225 2056 4278 διδά-

490 4316 717 4369 σκεσθαι
747 4315 822 4385 μὴ
852 4313 1069 4383 ἕτοιμον
1103 4309 1241 4367 εἶναι
1271 4314 1407 4384 πρὸς
1446 4316 1663 4384 ὅρκουςο
1691 4316 1739 4369 τί
1763 4316 1818 4368 δὲ
1845 4317 2055 4386 ἀπροσ-

2224 3220 2453 3275 ARIST.
2485 3218 2621 3277 Cau.
2648 3219 2739 3275 28.
2767 3220 2867 3287 Qui
2897 3236 2926 3274 a
2957 3220 3128 3279 suillis
3154 3212 3409 3276 carnibus
3441 3223 3721 3278 abalineu-

2157 3315 2285 3369 tiam
2328 3313 2502 3379 vovit,
2542 3312 2838 3379 ridiculus;
2869 3328 3047 3383 neque
3081 3327 3212 3368 vero
3242 3314 3622 3383 suscipiendus
3647 3324 3731 3370 est

2156 3406 2260 3460 nisi
2296 3407 2363 3461 iis
2395 3416 2601 3460 utatur.

2244 3497 2484 3554 Vovebat
2511 3498 2726 3571 quidam
2767 3512 2796 3551 a
2825 3497 3081 3553 carnibus
3120 3497 3357 3567 porcinis
3402 3497 3677 3553 abstinere
3710 3514 3723 3550 :

2162 3589 2424 3644 ridiculus
2474 3598 2559 3644 est
2585 3586 2676 3640 ille
2715 3596 2774 3641 ut
2812 3588 2987 3657 inepta
3021 3602 3220 3642 vovens
3275 3599 3330 3642 et
3379 3591 3729 3658 promittens.

2155 3680 2310 3734 Nulla
2342 3681 2484 3733 enim
2522 3680 2611 3733 Dei
2646 3688 2897 3732 creatura
2949 3688 3032 3732 est
3085 3678 3415 3744 rejieienda,
3463 3681 3555 3734 sed
3605 3696 3728 3735 cum

2157 3772 2456 3840 gratiarum
2493 3768 2712 3822 actione
2759 3768 3043 3821 sumenda.
3074 3765 3301 3835 Oportet
3356 3769 3537 3837 itaque
3576 3780 3635 3839 ut
3676 3773 3727 3827 ei

2155 3863 2501 3932 permittatur
2528 3862 2594 3915 de
2622 3858 2878 3913 carnibus
2908 3858 3236 3926 participare
3262 3875 3292 3911 a
3326 3861 3527 3928 quibus
3557 3863 3729 3916 absti-

2158 3969 2292 4007 nere
2323 3952 2495 4032 vovit,
2519 3950 2812 4005 edoceatur
2842 3956 3024 4003 autem
3057 3962 3126 4003 ne
3152 3949 3365 4016 ineptas
3392 3947 3504 4004 Deo
3528 3951 3732 4021 profes-

2156 4045 2342 4099 siones
2380 4042 2563 4097 faciat.

2229 4131 2481 4188 ZONAR.
2518 4131 2575 4187 In
2600 4147 2724 4187 can.
2763 4131 2857 4189 29.
2886 4130 2942 4186 Si
2968 4131 3239 4201 princeps,
3266 4128 3464 4200 inquit,
3493 4131 3642 4200 juret
3669 4147 3731 4186 se

2158 4225 2302 4281 malo
2326 4223 2648 4278 aﬂ‘ecturum
2676 4223 2942 4289 subditos,
2960 4219 3228 4291 ejusmodi
3256 4220 3486 4290 prlntutn
3510 4220 3727 4290 quident

2159 4315 2374 4370 edoceri
2401 4323 2639 4383 oportet,
2659 4329 2726 4371 ne
2758 4315 2831 4369 sit
2855 4312 3032 4368 facilis
3062 4314 3128 4366 ad
3151 4311 3476 4393 jurandunt.
3508 4311 3567 4367 Si
3596 4328 3728 4367 vero

487 4404 659 4468 έκτως
692 4406 902 4474 ὀμόσει,
938 4403 1014 4474 μὴ
1040 4404 1271 4474 φυλάξαι
1305 4405 1397 4457 τὸν
1427 4406 1588 4474 ὅρκον
1625 4409 1719 4459 ἐπὶ
1762 4408 2054 4478 κακοποιίςι

2164 4413 2367 4459 temere
2408 4403 2575 4472 juret.
2625 4418 2693 4457 ne
2743 4401 3125 4472 jusjurandum
3177 4409 3360 4455 servet
3405 4400 3458 4455 in
3497 4400 3728 4454 aliorum

493 4496 721 4565 ἑτέρων,
755 4493 891 4548 ἀλλά
911 4494 1206 4564 μετάνοιαν
1234 4495 1644 4552 ἐπιδείκνυσθαι
1677 4500 1763 4554 διὰ
1794 4500 1894 4571 τὴν
1924 4518 2054 4572 προ-

2165 4493 2461 4562 perniciem
2508 4502 2829 4559 conceptum
2857 4530 2875 4555 ,
2917 4492 3011 4547 sed
3065 4492 3441 4561 paenitentiam
3480 4493 3733 4546 ostendat

492 4589 720 4639 πέτειαν
750 4585 846 4639 τοῦ
882 4584 1074 4656 ὅρκου.
1104 4585 1198 4653 Μὴ
1241 4585 1685 4656 σχηματίζεσθαι
1710 4588 1765 4640 δὲ
1798 4589 1893 4643 καὶ
1920 4590 2057 4643 ὐπο-

490 4676 779 4746 κρίνεσθαι
799 4677 881 4729 ὅτι
921 4675 1230 4729 εὐλαϐεῖται
1250 4675 1340 4729 τὸν
1372 4678 1558 4747 ὅρκον,
1586 4678 1706 4730 ἀντὶ
1737 4678 1854 4744 τοῦ,
1884 4679 2058 4750 δειλιᾷ

489 4771 588 4822 καὶ
618 4769 864 4838 φοϐεῖται
895 4769 995 4837 τὴν
1037 4766 1346 4837 ἐπιορκίανο
1380 4768 1475 4820 καὶ
1506 4766 1759 4837 βεϐαιοῦν
1776 4769 1874 4838 τὴν
1930 4772 2058 4824 ἑαυ-

488 4859 585 4912 τοῦ
620 4857 844 4921 κακίαν,
873 4858 1044 4927 ἠγουν
1098 4855 1170 4908 δι’
1214 4856 1479 4926 ἀπήνειαν
1541 4856 1790 4920 κολάζειν
1836 4858 2053 4924 ἀλλους,

502 4951 588 5003 ἵνα
613 4951 688 5019 μὴ
727 4947 855 5020 δοκῇ
885 4948 1203 5019 παραϐῆναι
1233 4946 1324 5001 τὸν
1354 4949 1537 5019 ὅρκον.
1570 4949 1680 5002 Καὶ
1708 4931 1805 5003 ’ἐπὶ
1847 4953 2059 5015 τούτοις

492 5042 620 5108 ἄγει
670 5039 829 5107 πρὸς¹
872 5037 1228 5107 παράδειγμα
1284 5038 1375 5090 τὸν
1435 5039 1745 5110 τετράρχην
1809 5040 2059 5109 Ἡρώδην

492 5127 669 5195 λέγων
710 5128 795 5178 ὃτι
822 5127 1088 5195 συνέφερε
1121 5124 1199 5195 τῷ
1234 5112 1558 5200 Ἡρώδῃμὴ
1598 5127 2061 5198 εὐορκῆσαι,ἀντὶ

492 5219 589 5269 τοῦ
626 5216 701 5286 μὴ
744 5212 803 5267 εὖ
834 5213 1150 5283 διατεθῆναι
1175 5213 1312 5283 πρὸς
1361 5213 1451 5267 τὸν
1477 5214 1640 5283 ὅρκον
1672 5215 1768 5266 καὶ
1822 5216 2059 5284 φυλάξαι

498 5309 684 5371 αὐτὸν,
733 5306 831 5358 καὶ
868 5303 1131 5375 φονεῦσαι
1162 5304 1252 5358 τὸν
1277 5305 1613 5376 Βαπτιστήν.
1649 5307 1760 5358 Καὶ
1790 5308 1899 5369 πᾶς
1930 5307 2052 5377 μὲν,

500 5399 688 5469 φησὶν,
714 5397 878 5467 ὅρκος
906 5392 1187 5463 καθάπαξ,
1216 5394 1386 5465 ἡγουν
1423 5395 1816 5466 ἀπαραιτήτως
1834 5397 2056 5463 τελείως

568 5576 589 5610 ⁸
615 5575 760 5634 Psal.
808 5590 973 5645 1.x“,
994 5542 1095 5635 ‘12.

2162 4589 2234 4643 ob
2264 4587 2594 4657 praecipitem
2619 4585 2976 4657 jurisjurandi
2995 4583 3296 4639 licentiam.
3326 4582 3599 4638 Caeterum
3631 4600 3729 4638 ne-

2159 4695 2429 4751 quaquam
2464 4692 2523 4733 se
2576 4676 2955 4746 jusjurandum
3008 4673 3249 4729 revereri
3305 4681 3592 4742 praetextat
3638 4683 3732 4725 aut
3837 4686 3849 4707 ε’

2158 4771 2344 4839 lingat,
2375 4770 2476 4823 hoc
2503 4776 2611 4832 est,
2641 4765 2935 4837 perjurium
2980 4778 3102 4819 sese
3146 4772 3390 4818 metuere
3432 4776 3497 4817 ac
3544 4764 3731 4818 formi-

2154 4862 2286 4915 dare
2317 4880 2330 4917 :
2366 4874 2467 4914 nec
2492 4874 2645 4914 suam
2679 4859 2962 4914 confirmet
2992 4855 3393 4925 improbitatem
3444 4869 3539 4923 per
3567 4856 3728 4910 saevi.

2165 4953 2295 5005 tiam
2329 4950 2578 5005 videlicet
2623 4949 2678 5003 in
2721 4947 2843 5001 aliis
2881 4945 3192 5016 puniendis,
3245 4958 3315 4998 ne
3353 4942 3727 5012 jusjurandum

2161 5042 2393 5096 violasse
2419 5039 2780 5094 existimetur.
2811 5036 2949 5091 Tum
2984 5036 3050 5090 ad
3085 5033 3201 5089 haec
3222 5033 3522 5101 esemplum
3555 5032 3728 5087 Hero-

2163 5131 2245 5186 dis
2285 5130 2571 5185 tetrarchae
2612 5127 2841 5196 profert,
2872 5127 3061 5181 dicens
3106 5124 3239 5179 utile
3283 5123 3524 5179 futurum
3561 5122 3729 5178 fuisse

2164 5214 2359 5274 llerodi
2390 5219 2433 5274 si
2472 5234 2576 5273 non
2606 5220 2741 5273 bene
2772 5220 3027 5283 iurasset,
3054 5215 3157 5269 hoc
3179 5223 3298 5278 est,
3344 5214 3393 5268 si
3437 5227 3542 5266 non
3591 5211 3730 5266 bene

2163 5323 2291 5380 erga
2334 5308 2709 5380 jusjurandum
2767 5305 2958 5361 fuisset
3002 5303 3250 5371 affectus,
3278 5304 3562 5373 ipsumilue
3607 5316 3726 5355 ser-

2167 5401 2341 5456 vando
2373 5398 2665 5471 Baptistam
2697 5395 3195 5468 interfecisset.-.“
3219 5393 3365 5451 omni
3395 5392 3614 5463 quidem
3642 5392 3730 5461 ju-
