4008 6454
328 519 433 579 689

1261 520 1346 581 IN
1375 510 1618 585 EPIST.
1654 510 1727 584 s.‘
1754 477 2039 587 misum
2087 525 2533 588 CANONICAM
2576 524 2657 587 Il.

3475 525 3582 590 (θᾷὶ

323 632 557 701 φθορᾶς,
624 629 755 700 μηδὲ
805 629 1031 701 κλοπῆς,
1094 632 1265 703 ἤγουν
1359 633 1630 704 λαθραίας
1682 638 1903 709 μίξεως,

2018 640 2244 708 accepit.
2285 638 2710 693 Similiternulli
2747 632 2960 708 quoque
2991 652 3165 709 pmnre
3190 648 3272 694 est
3305 638 3581 703 subjectus

323 721 625 784 ἀνεύθυνος
660 721 810 773 ἐστιν
842 722 870 774 6
911 721 1117 793 ταύτην
1147 722 1354 780 λαϐὼν.
1373 726 1648 791 Ὡσαύτως
1674 730 1903 783 ἀνεύθυ-

321 816 411 875 νὸς
444 815 563 867 ἐστι
616 814 713 866 καὶ
797 813 825 865 6
886 814 1065 885 χήραν
1094 816 1450 883 αὑτεξουσίαν
1474 824 1906 891 τοιουτοτρόπως

322 904 750 973 ἀναλαϐόμενος.
781 905 855 957 Τὸ
881 905 959 981 δὲ,
984 907 1107 961 Τῶν
1163 909 1463 979 σχημάτων
1486 914 1619 982 ⁴ἡμῖν
1655 916 1716 966 οὐ
1746 932 1908 984 φρον..

317 998 559 1057 τιστέον,
605 996 846 1050 τοιοῦτόν
899 998 1088 1050 ἐστιν’
1134 998 1262 1053 Ἐὰν
1297 1002 1461 1072 γυνὴ,
1520 1005 1709 1072 φησὶν,
1775 1005 1906 1069 ἴσως

322 1089 615 1159 αἰδουμένη
647 1088 928 1143 ἐπιδοῦναι
960 1091 1163 1162 ἑαυτὴν
1196 1092 1274 1160 τῷ
1311 1096 1519 1167 ἐραστῇ
1559 1098 1589 1166 ἢ
1624 1097 1704 1168 τῷ
1759 1100 1903 1169 ἐρω-

328 1182 475 1252 μένῳ
504 1184 787 1251 χαμερπεῐ
809 1181 922 1234 ὄντι
961 1184 1374 1252 ὲσχηματίσατο
1400 1187 1744 1258 ἁρπαγῆναι,
1770 1190 1907 1258 πρὸς

333 1274 593 1344 ἀλήθειαν
623 1275 896 1337 ἑκουσίως
927 1276 1076 1345 αὖτῷ
1122 1277 1515 1347 ἠκολούθησεν,
1584 1282 1644 1334 οὐ
1682 1283 1907 1351 φροντί-

331 1366 630 1436 ζομεντοῦ
686 1368 1107 1438 σχηματισμοῦ,
1173 1371 1341 1441 ἦγουν
1378 1374 1477 1441 τῆς
1538 1375 1902 1444 ὑποκρίσεως,

329 1458 467 1513 ἀλλὰ
488 1462 555 1530 τῇ
582 1459 811 1532 ἀληθείᾳ
841 1466 1202 1534 προσέχομεν.
1245 1467 1355 1520 Καὶ⁵
1380 1468 1657 1535 ἀνάγνωθι
1699 1469 1790 1523 τὸν
1824 1468 1908 1537 νγ’
1942 1526 1950 1532 ,

329 1551 558 1617 κανόνα,
589 1554 952 1626 συντρέχοντα
974 1559 1038 1628 τῇ
1076 1557 1301 1632 τοιαύτῃ
1327 1561 1612 1634 ἑρμηνείᾳ.
1633 1563 1705 1615 Τὸ
1722 1563 1908 1633 μέντοι

329 1644 631 1698 ἀνεύθυνον
695 1642 840 1700 εἶναι
915 1647 1010 1699 τὸν
1061 1650 1393 1719 ἁρπάσαντα
1468 1658 1707 1720 γυναῖκα
1768 1656 1910 1710 κατὰ

327 1736 549 1805 θέλησιν
579 1738 770 1806 αὐτῆς,
797 1739 877 1802 είς
906 1740 966 1792 τὸ
991 1739 1065 1811 μὴ
1097 1724 1492 1814 ἐπιτιμηθῆναι
1521 1746 1710 1800 τοῦτον
1741 1747 1905 1802 ὲκλα-

326 1830 445 1883 δοῦ.
495 1830 553 1884 Ὀ
608 1833 716 1903 γὰρ
768 1834 1027 1905 ἁρπαγὴν
1069 1836 1430 1903 αὐτεξουσῐας
1489 1840 1522 1910 ἢ
1581 1840 1908 1905 ὑπεξουσίας

328 1923 596 1989 γυναικὸς
638 1926 1036 1995 ποιησάμενος,
1087 1930 1199 1981 εἴτε
1237 1932 1380 1984 κατὰ
1435 1931 1660 2001 θέλησιν
1705 1933 1904 2004 αὐτῆς,

325 2015 359 2084 ἢ
390 2016 484 2067 καὶ
511 2012 657 2068 κατὰ
691 2016 862 2085 μόνην
894 2018 1108 2071 οἰκείαν
1139 2020 1421 2091 βούλησιν,
1455 2022 1533 2092 τῷ
1565 2025 1700 2095 ’περὶ⁵
1730 2026 1911 2096 ἁρπα-

326 2106 430 2174 γῆς
457 2106 609 2176 νόμῳ
628 2107 876 2178 ὲνέγεται
917 2112 997 2171 είς
1021 2110 1308 2181 ἐκδίκησιν
1349 2115 1450 2183 τῆς
1514 2115 1744 2181 ἀταξίας
1795 2115 1907 2171 τῶν

330 2196 542 2250 πολλῶν
593 2199 690 2250 καὶ
750 2199 1053 2272 ἁναστολὴν
1100 2202 1208 2255 τῶν
1273 2203 1481 2259 λοιπῶν
1511 2223 1525 2237 ·
1576 2205 1760 2271 καθὼς
1781 2207 1908 2262 τοῦ·

337 2308 393 2343 το
450 2294 586 2362 φησι
634 2291 697 2345 τὸ
731 2290 781 2346 α’
830 2309 958 2362 κεφ.
1028 2296 1123 2348 τοῦ
1179 2296 1261 2368 νη⁹
1317 2297 1501 2352 τίτλου
1559 2300 1653 2354 τοῦ
1723 2303 1769 2366 ξ’
1820 2300 1908 2373 βι-

334 2383 480 2436 ϐλίου
520 2384 651 2456 περὶ
678 2384 741 2438 τὸ
778 2386 933 2449 τέλος
985 2386 1129 2440 οὕτω
1183 2388 1345 2457 λέγον
1379 2407 1393 2422 ·
1434 2392 1500 2445 Αἱ
1538 2392 1596 2445 δὲ
1644 2394 1907 2463 τιμωρίαι

331 2476 430 2546 τῆς
459 2475 763 2543 διατάξεως
792 2480 966 2532 πᾶσαι
1006 2479 1258 2535 ἔστωσαν
1290 2484 1413 2536 κατ’
1440 2486 1623 2538 αὐτῶν
1669 2485 1780 2543 τῶν
1803 2486 1907 2557 ἁρ-

327 2567 625 2623 πασάντων
660 2571 756 2623 καὶ
780 2569 1167 2642 βοηθησάντων
1199 2576 1386 2638 αὐτοῖς
1451 2577 1512 2629 ἐν
1552 2578 1620 2650 τῇ
1655 2566 1909 2652 ἁρπαγῇ.

328 2660 391 2715 Oi
419 2662 605 2730 μέντοι
629 2663 937 2728 συνειδότες
970 2666 1065 2718 καὶ
1105 2666 1580 2739 ὑπηρετήσαντες,
1612 2673 1707 2724 καὶ
1777 2673 1909 2727 ὑπο-

322 2757 615 2827 δεξάμενοι
645 2757 678 2828 ῆ
705 2757 826 2811 οἵαν
840 2758 903 2829 δή
932 2776 1055 2812 τινα
1088 2761 1323 2830 σπουδὴν
1346 2763 1529 2826 αὐτοῖς
1559 2765 1912 2833 συνενεγκόν-

326 2866 441 2916 τες,
467 2851 534 2920 τῇ
561 2849 832 2921 εἰρημένῃ
866 2852 1113 2924 τιμωρίᾳ
1147 2853 1587 2919 ὑποκείσθωσαν,
1638 2857 1750 2909 εἴτε
1780 2856 1909 2927 βου-

329 2946 579 3017 λομένων
605 2946 715 3000 τῶν
767 2948 1048 3016 γυναικῶν
1070 2947 1182 3001 εἴτε
1223 2950 1319 3002 καὶ
1353 2949 1428 3020 μὴ
1468 2949 1815 3025 βουλομένων
1874 2953 1908 3022 ἡ

332 3037 561 3109 ἁρπαγή
594 3038 814 3108 γέγονε.
844 3039 1017 3094 Τοῦτο
1047 3040 1105 3093 δὲ
1135 3041 1328 3112 ἐκρίθη
1365 3042 1509 3095 οὕτω
1577 3043 1675 3097 καὶ
1734 3045 1815 3106 εἰς
1849 3044 1911 3097 τὸ

335 3131 617 3201 βασιλικὸν
642 3130 799 3202 βῆμα
834 3132 930 3186 ἐπὶ
962 3134 1028 3201 τῇ
1052 3131 1311 3186 ὑποθέσει
1353 3132 1448 3187 τοῦ
1480 3133 1588 3205 Σὴθ
1621 3134 1912 3204 ἁρπάσαν-

331 3241 425 3288 τος
462 3224 565 3295 τὴν
598 3223 880 3292 θυγατέρα
911 3223 1009 3277 τοῦ
1051 3226 1436 3292 νεοφωτίστου.
1502 3227 1565 3279 Εἰ
1615 3226 1672 3280 δὲ
1735 3225 1913 3289 θέλεις

331 3317 510 3369 εἰπεῖν
533 3316 608 3388 μὴ
657 3315 915 3384 γενέσθαι
954 3317 1034 3379 εἰς
1071 3318 1171 3388 τὴν
1258 3323 1497 3385 γυναῖκα
1548 3320 1616 3388 τῇ
1676 3317 1985 3408 ἀληθείας

333 3407 614 3480 ἁρπαγὴν,
647 3408 785 3462 ἀλλὰ
840 3408 987 3462 κατὰ
1043 3410 1434 3480 προσποίησιν,
1478 3410 1665 3474 καθὼς
1708 3409 1916 3466 ἄνωθεν

335 3503 586 3572 εἴπομεν.
655 3500 782 3555 οὔτε
814 3501 883 3554 τὰ
908 3502 1171 3571 ἐπιτίμια
1197 3502 1405 3566 ’ἐξουσιη
1438 3501 1649 3573 χώραν,
1681 3501 1807 3557 οὔτε
1861 3506 1914 3558 οἱ

336 3596 488 3663 νόμοι
531 3596 579 3647 οἰ
603 3593 928 3657 κολάζοντες
962 3595 1087 3656 τοὺς
1116 3594 1377 3664 ἅρπαγας
1400 3611 1414 3626 ο
1451 3595 1656 3666 μόνῃδὲ
1689 3598 1756 3666 τῇ
1786 3597 1917 3667 περὶ

340 3685 550 3755 ’ὕϐρεως
597 3687 791 3754 ἀγωγῇ
825 3684 1001 3756 ἔνοχοι
1031 3685 1246 3738 ἔσονται
1282 3688 1395 3750 τοῖς
1444 3687 1688 3757 πατράσι
1714 3690 1766 3741 oi
1816 3688 1916 3743 λαέ

345 3778 531 3840 ὖόντες
556 3778 652 3842 τὰς
679 3778 1026 3844 ὑπεξουσίας,
1052 3778 1306 3835 τοσοῦτον
1332 3779 1414 3833 ὄτι
1440 3781 1535 3833 καὶ
1569 3781 1598 3833 6
1621 3781 1913 3852 γενόμενος

339 3871 515 3940 γάμος
550 3872 714 3940 μέσον
741 3871 949 3924 τούτων
975 3870 1127 3941 παρὰ
1151 3871 1381 3941 γνώμην
1409 3872 1516 3924 τῶν
1550 3873 1785 3942 ἐχόντων
1814 3872 1914 3926 αὖ..

336 3964 438 4026 τὰς
469 3963 793 4029 ὑπεξουσίας
827 3962 1322 4032 διασπασθήσεται.
1356 3964 1468 4018 Καὶ
1516 3964 1797 4033 ἀνάγνωθι
1822 3965 1917 4018 τὸν

334 4049 418 4121 λη’
446 4054 651 4105 κανόνα
683 4050 779 4103 τοῦ
805 4050 964 4118 ἁγίου
1017 4050 1234 4117 τούτου,
1268 4053 1361 4104 τὸν
1397 4050 1492 4120 μα’
1518 4052 1614 4106 καὶ
1682 4053 1776 4107 τὸν
1806 4051 1917 4123 μβ’.

337 4141 537 4204 Καλῶς
567 4140 625 4194 δὲ
684 4139 933 4210 ἐμνήσθη
958 4142 985 4193 6
1008 4139 1165 4208 ἆγιος
1195 4140 1403 4211 φθορᾶς
1432 4143 1527 4196 καὶ
1562 4141 1791 4211 κλοπῆς.
1849 4142 1913 4197 Ἠ

343 4231 442 4298 μὲν
485 4229 597 4299 γὰρ
654 4228 830 4298 φθορὰ
857 4225 1063 4298 κυρίως
1100 4226 1311 4295 γίνεται
1375 4229 1455 4292 είς
1486 4228 1586 4301 τὴν
1619 4229 1913 4301 παρθένονο

336 4321 369 4386 ἡ
409 4318 466 4372 δὲ
539 4315 878 4386 κλεψιγαμία
934 4318 1015 4379 είς
1112 4316 1189 4388 μὴ
1255 4312 1886 4388 τοιαύτην’ὲλευθέραν.

2010 735 2101 798 qui
2139 731 2380 794 viduam,
2428 746 2549 798 qnm
2583 730 2667 785 sui
2705 740 2788 784 est
2835 730 2999 798 juris,
3029 731 3131 784 ltoe
3163 729 3321 783 modo
3354 728 3575 795 recepit.

2010 823 2145 877 Illud
2170 836 2374 885 autem,
2398 822 2516 877 Non
2537 831 2627 877 est
2644 822 2803 876 nobis
2822 821 3116 891 ﬁgurarum
3145 829 3201 875 et
3226 830 3578 890 prretextnnm

2012 914 2117 969 ulla
2150 930 2278 969 cura
2310 915 2566 984 gerenda,
2596 924 2680 973 est
2700 913 3106 981 hujusmodi.Si
3137 913 3357 976 mulier,
3387 912 3585 980 inquit,

2010 1004 2243 1059 fortasse
2297 1005 2625 1059 erubescens
2678 1020 2735 1059 se
2782 1006 3010 1058 amatori
3052 1004 3136 1058 vel
3175 1013 3382 1064 amato,
3442 1005 3621 1067 quod'

2012 1097 2176 1152 homo
2204 1079 2450 1165 abjeetus
2474 1099 2564 1161 sil,
2602 1098 2838 1161 tradere,
2870 1095 3085 1150 tinxerit
3115 1109 3174 1151 se
3206 1104 3414 1163 raptam
3441 1107 3583 1151 esse.

2009 1204 2131 1243 eum
2183 1198 2359 1245 tamen
2395 1204 2491 1243 sua
2531 1198 2725 1259 sponte
2775 1198 2959 1244 secuta
3012 1196 3117 1252 est,
3160 1186 3346 1257 ﬁgurae
3401 1202 3584 1241 revera

2011 1294 2104 1333 seu
2133 1278 2499 1334 simulationis
2532 1280 2735 1334 nullam
2760 1295 2944 1334 curam
2976 1280 3216 1351 gerimus
3241 1279 3337 1334 sed
3372 1277 3586 1332 veritati

2011 1373 2364 1429 attendimus.
2410 1372 2476 1428 Et
2511 1373 2627 1443 lege
2664 1389 2788 1427 can.
2837 1373 3097 1437 53,1tuic
3151 1369 3586 1440 interpretationi

2010 1464 2463 1519 consentientem.
2529 1462 2661 1517 Eum
2718 1474 2939 1527 autem,
3003 1463 3095 1532 qui
3157 1462 3432 1516 mulierem
3491 1477 3586 1544 sua

2013 1565 2206 1625 sponte
2256 1558 2454 1626 rapuit,
2492 1566 2635 1611 ἰιοη
2690 1571 2812 1611 esse
2874 1557 3089 1610 crimini
3148 1555 3464 1615 obnoxium,
3515 1553 3587 1605 ita

2011 1648 2196 1718 accipe
2228 1657 2297 1702 ut,
2332 1648 2381 1702 ei
2441 1648 2583 1702 nulla
2620 1662 2774 1717 poena
2826 1649 3088 1702 canonica
3151 1648 3221 1703 sit
3271 1645 3586 1712 iutligenda.

2011 1739 2113 1807 Qui
2173 1741 2321 1795 enim
2376 1740 2683 1802 mulierem,
2743 1755 2866 1809 quae
2912 1750 2995 1795 est
3023 1740 3102 1803 sui
3131 1740 3294 1810 juris.
3332 1739 3414 1792 vel
3469 1752 3587 1804 qua:

2016 1833 2245 1889 alterius
2299 1832 2556 1903 potestati
2592 1833 2901 1902 subjicitur,
2932 1847 3031 1887 seu
3064 1833 3346 1887 voluntate
3395 1830 3586 1899 ipsius,

2013 1940 2105 1982 seu
2137 1924 2355 1996 propria
2391 1924 2506 1980 sola
2532 1923 2814 1979 voluntate
2843 1923 3044 1994 rapuit,
3074 1930 3257 1990 raptus
3293 1921 3411 1991 lege
3438 1930 3587 1972 tene-

2014 2030 2102 2073 tur
2131 2020 2198 2074 ad
2229 2017 2527 2074 multorum
2568 2016 2913 2074 insolentiam
2943 2015 3344 2075 vindicandam,
3378 2023 3432 2067 et
3458 2011 3588 2065 reli-

2012 2128 2239 2185 quorum
2268 2111 2734 2180 comprimendam
2763 2127 2779 2165 :
2812 2111 2953 2166 sicut
2976 2109 3081 2165 hoc
3115 2108 3246 2162 dicit
3275 2107 3433 2177 prim.
3460 2121 3581 2171 cap.

2016 2207 2159 2262 tituli
2194 2206 2286 2269 58,
2316 2206 2411 2261 lib.
2445 2220 2536 2271 ιχ,
2558 2204 2704 2276 quod
2731 2204 2874 2259 circa
2907 2204 3069 2258 tinem
3091 2203 3170 2257 sic
3195 2201 3363 2256 dicit:
3392 2197 3586 2253 Omnia

2012 2308 2197 2355 autem
2252 2297 2661 2354 constitutionis
2703 2295 2965 2367 supplicia
3019 2295 3133 2349 sint
3182 2293 3446 2348 adversus
3493 2305 3590 2345 ens

2016 2392 2107 2462 qui
2144 2400 2466 2463 rapuerunt,
2505 2401 2561 2446 et
2608 2390 2700 2460 qui
2758 2388 2839 2443 eis
2862 2388 2915 2443 in
2951 2398 3104 2457 raptu
3133 2400 3290 2456 opem
3327 2384 3586 2451 tulerunt.

2015 2484 2118 2553 Qui
2142 2484 2362 2540 consilii
2397 2482 2614 2552 quidem
2644 2481 2881 2546 fuerunt,
2910 2491 2965 2535 et
2994 2493 3158 2550 opera
3205 2492 3302 2532 sua
3334 2478 3592 2546 juverunt

2014 2586 2070 2633 et
2123 2577 2502 2646 susceperunt,
2554 2574 2641 2630 vel
2694 2573 2992 2643 quamlibet
3018 2587 3176 2643 opem
3228 2571 3295 2625 iis
3329 2569 3587 2630 tulerunt,

2015 2669 2174 2726 dictat
2197 2682 2373 2737 ptume
2393 2665 2772 2736 subjiciantur,
2796 2678 2892 2718 seu
2921 2661 3232 2717 volentibus
3272 2674 3367 2715 seu
3407 2658 3592 2713 noleu-
3691 2656 3699 2664 '

2018 2760 2164 2816 tibus
2197 2759 2519 2815 mulieribus
2551 2765 2740 2826 raptus
2785 2755 2964 2811 factus
3010 2754 3104 2811 sit.
3157 2751 3271 2807 Hoc
3298 2760 3481 2805 autem
3535 2749 3589 2803 in

2014 2851 2369 2924 imperatorio
2399 2851 2511 2922 9o
2541 2864 2757 2921 quoque
2785 2847 3038 2903 tribunali
3061 2846 3142 2901 sic
3163 2845 3464 2914 iudicatum
3505 2848 3617 2897 εει-

2015 2946 2070 3002 in
2101 2960 2264 3001 causa
2307 2943 2576 3013 Seth,qui
2606 2953 2863 3010 rapuerat
2889 2940 3048 2996 tiliam
3072 2938 3191 3005 ejus
3215 2938 3307 3008 qui
3338 2944 3592 2991 recentcr

2015 3038 2195 3095 fuerat
2240 3036 2594 3092 illuminatus.
2634 3033 2731 3089 Sin
2780 3040 2961 3087 autem
3001 3029 3134 3085 velis
3158 3030 3359 3091 dicere,
3390 3026 3442 3079 in
3467 3042 3590 3080 mn-

2014 3133 2203 3189 lierem
2224 3145 2336 3185 non
2369 3142 2555 3184 revera
2577 3127 2784 3181 factum
2814 3139 2939 3181 esse
2965 3132 3202 3193 raptum,
3232 3121 3325 3175 sed
3385 3134 3480 3187 per
3517 3118 3596 3169 si—

2017 3222 2395 3284 mulationem,
2454 3226 2516 3273 ut
2570 3217 2825 3288 superius
2871 3216 3072 3270 dictum
3117 3224 3236 3276 est;
3287 3226 3387 3266 nec
3416 3222 3595 3280 poenze

2018 3312 2297 3367 canonica;
2324 3312 2502 3366 locum
2541 3308 2845 3371 habebunt,"
2870 3320 2973 3363 nec
3005 3307 3153 3377 leges
3193 3319 3316 3374 quae
3346 3310 3593 3371 raptores

2016 3406 2292 3475 puniunt:
2349 3404 2443 3459 sed
2494 3402 2670 3458 solum
2723 3399 2941 3455 actione
2983 3398 3308 3467 injuriarum
3344 3385 3639 3464 patribus'

2020 3495 2375 3557 tenebuntur,
2402 3492 2497 3560 qui
2518 3507 2611 3547 eas
2638 3500 2900 3560 ceperunt
2928 3504 3048 3559 qua:
3099 3499 3259 3544 erant
3302 3486 3402 3541 sub
3444 3493 3595 3554 pote-

2011 3593 2176 3648 state,
2217 3583 2352 3639 adeo
2375 3593 2432 3636 ut
2459 3592 2514 3638 et
2538 3583 2942 3637 matrimonium
2966 3583 3110 3653 quod
3142 3581 3285 3635 inter
3304 3595 3397 3635 eas
3427 3580 3596 3633 inter-

2011 3679 2202 3744 cessit,
2235 3690 2434 3748 praeter
2459 3692 2645 3732 eorum
2687 3676 3023 3731 voluntatem
3075 3676 3178 3730 sub
3227 3689 3458 3744 quorum
3494 3688 3593 3742 po-

2018 3779 2213 3825 testate
2255 3777 2403 3831 sunt,
2440 3768 2512 3823 sit
2546 3768 2930 3832 separandum.
2975 3765 3120 3835 Lege
3154 3781 3278 3820 ean.
3309 3765 3407 3820 ~158
3436 3764 3596 3830 hujus

2017 3861 2218 3924 sancti,
2255 3861 2318 3914 lt
2371 3870 2425 3915 et
2468 3859 2562 3915 49..
2613 3859 2849 3913 Sanctus
2907 3866 3085 3912 autem
3151 3866 3300 3912 recte
3350 3856 3610 3939 meminit

2014 3955 2184 4021 stupri
2201 3964 2251 4009 et
2266 3953 2418 4025 furti.
2443 3954 2697 4023 Stuprum
2718 3950 2863 4006 enim
2893 3950 2953 4005 tit
2973 3949 3189 4020 proprie
3212 3949 3267 4005 in
3283 3949 3543 4019 virginem
3571 3965 3587 4013 ;

2019 4034 2221 4101 furtum
2271 4055 2483 4109 autem,
2521 4059 2617 4099 seu
2664 4043 2894 4098 furtivus
2920 4040 3241 4097 concubitus
3273 4040 3326 4094 in
3360 4039 3586 4092 liberam

2024 4152 2146 4207 quae
2166 4151 2276 4191 non
2307 4145 2390 4190 est
2423 4134 2760 4203 bujusmodi.
2816 4132 3113 4188 Amborum
3142 4137 3323 4185 autem
3354 4127 3623 4183 meminit-

2023 4228 2169 4297 quod
2204 4228 2371 4283 etiam
2391 4227 2596 4295 absque
2619 4240 2685 4281 eo
2699 4224 2842 4295 quod
2875 4223 2966 4281 tiet
2994 4232 3204 4295 raptus,
3234 4229 3290 4278 et
3318 4228 3597 4292 smprator

2020 4330 2075 4382 et
2104 4318 2402 4375 fornicator
2423 4319 2744 4389 puniuntur.

346 4410 625 4482 Ἐμνήσθη
681 4410 739 4464 δὲ
791 4410 901 4463 τῶν
950 4409 1064 4475 δύο,
1095 4410 1177 4464 ὅτι
1238 4410 1334 4464 καὶ
1387 4409 1508 4481 δίχα
1562 4411 1656 4465 τοῦ
1688 4411 1943 4480 γενέσθαι
1975 4411 2257 4484 ἁρπαγὴν,
2288 4412 2384 4464 καὶ
2412 4412 2440 4464 6
2472 4410 2704 4481 φθορεὺς
2732 4408 2827 4464 καὶ
2885 4410 2915 4462 ὁ
2968 4409 3165 4479 πόρνος
3209 4407 3590 4478 ἐπιτιμῶνται.

408 4579 658 4635 ΖΩΝΛΡ.
690 4581 829 4642 Τοὺς
875 4580 1226 4651 ἁρπάζοντας
1278 4575 1570 4650 γυναῖκας,
1645 4584 1739 4637 καὶ
1791 4585 1914 4646 τοὺς

2096 4583 2349 4640 ZONAR.
2415 4584 2515 4652 Qui
2575 4584 2832 4640 mulieres
2894 4584 3134 4652 rapiunt,
3188 4583 3389 4654 quique
3452 4585 3598 4654 ipsos

339 4674 744 4744 συνεργοῦντας
787 4674 974 4736 αὐτοῖς
1010 4674 1103 4727 ἐπὶ
1151 4675 1397 4743 τριετίαν
1471 4676 1499 4726 6
1551 4675 1707 4743 ἆγιος
1758 4669 1941 4740 οὖτος-

336 4769 542 4838 ῶρισεν
592 4768 699 4833 ἔξω
745 4767 857 4819 τῶν
886 4768 1057 4836 εὐχῶν
1116 4767 1404 4836 γίνεσθαιο
1444 4768 1614 4838 ἤγουν
1693 4770 1752 4822 ὲν
1835 4770 1915 4839 τῷ

339 4858 567 4928 προνάῳ
595 4856 853 4910 ἵστασθαι
888 4857 1027 4926 μετὰ
1074 4857 1185 4909 τῶν
1268 4858 1327 4908 ἐν
1375 4857 1659 4927 ἀκροάσει.
1747 4859 1807 4911 ΕΞ
1857 4857 1915 4910 δὲ

342 4950 547 5004 ἑκοῦσα
568 4949 707 5020 γυνὴ
739 4950 909 5019 ἐπιδῷ
927 4950 1131 5018 ἑαυτὴν
1165 4950 1241 5020 μὴ
1275 4951 1753 5021 προηγησαμένης
1783 4950 1915 5019 φθο-

345 5042 468 5112 ρᾶς,
504 5042 639 5111 μηδὲ
672 5040 904 5110 κλοπῆς,
932 5042 1055 5096 ἀντὶ
1087 5042 1184 5095 τοῦ
1241 5041 1510 5112 λαθραίας
1569 5043 1788 5110 μίξεως,
1823 5043 1917 5095 ἀν-

343 5133 572 5196 εύθυνός
606 5136 757 5186 ὲστιν
778 5135 806 5186 6
834 5132 1038 5201 ταύτην
1063 5132 1265 5196 λαὸὼν,
1296 5128 1386 5187 οἷα
1420 5133 1555 5203 μηδὲ
1610 5135 1730 5203 βίας
1757 5152 1924 5203 μεσο-

345 5225 688 5295 λαὸησάσης,
714 5227 763 5278 εί
796 5223 934 5286 τέως
968 5223 1294 5289 αὑτεξουσία
1318 5221 1387 5296 ἦν
1415 5227 1451 5296 ἡ
1471 5226 1631 5296 γυνή.
1700 5227 1763 5278 ΕΞ
1813 5225 1924 5297 γάρ

344 5316 646 5381 ὑπεξουσία
672 5312 763 5386 ἦν,
796 5316 925 5369 ἄνευ
960 5314 1054 5368 τεῦ
1084 5312 1301 5387 ἔχοντος
1360 5317 1533 5383 αὐτὴν
1589 5317 1921 5382 ὑπεξουσίαν

345 5406 605 5460 ἐπιδοῦσα
638 5408 842 5475 ἑαυτὴν
873 5407 1028 5478 ἀνδρὶ
1058 5407 1121 5461 οὐ
1166 5406 1438 5475 λογίζεται
1483 5408 1660 5476 γάμον
1726 5407 1938 5460 σονσιλιοΔ

343 5498 590 5552 λάσσειν.
620 5498 682 5550 Εἰ
711 5499 821 5568 γὰρ
851 5497 1104 5568 βούλεται
1133 5501 1160 5551 6
1193 5499 1334 5568 ἔχων
1367 5498 1696 5563 ὑπεξουσίαν
1745 5500 1917 5565 αὐτὴν

344 5591 640 5643 διασπάσει
672 5592 734 5642 τὸ
764 5591 1127 5655 συνοικέσιον,
1158 5590 1235 5654 ὼς
1260 5591 1289 5642 6
1324 5588 1405 5661 λη’
1430 5590 1608 5644 κανὼν
1649 5591 1920 5662 περιέχει,

345 5684 443 5737 καὶ
478 5683 504 5733 6
533 5688 621 5750 μα’
653 5683 749 5735 καὶ
778 5684 805 5734 6
834 5680 945 5752 νβ’.
977 5685 1143 5735 Ὂθὲεν
1178 5684 1363 5753 φησιν,
1425 5685 1522 5737 ἐὰν
1594 5683 1922 5749 αὑτεξουσία

351 5764 581 5846 χήρα
620 5775 714 5826 καὶ
750 5772 839 5825 ἐπ’
877 5775 1012 5843 αὐτῇ
1049 5776 1250 5841 κεῖται,
1280 5775 1447 5846 ἤγουν
1478 5777 1573 5827 ἐπὶ
1604 5778 1669 5845 τῇ
1704 5774 1922 5843 θελήσει

356 5864 532 5929 αὐτῆς
582 5866 642 5917 τὸ
664 5865 1031 5930 ἀκολουθῆσαι
1090 5866 1267 5935 ἀνδρὶ,
1299 5869 1326 5917 ὁ
1357 5866 1561 5936 ταύτην
1594 5865 1774 5919 istde
1820 5869 1922 5919 οὐκ

351 5956 661 6009 εὐθύνεται.
691 5957 763 6010 Τὸ
796 5957 872 6020 δὲ,
903 5957 1022 6009 Τῶν
1060 5957 1351 6026 σχημάτων
1408 5958 1538 6028 ἡμῖν
1588 5958 1647 6010 οὐ
1703 5974 1922 6025 φροντι-

2026 4678 2227 4732 auxilio
2249 4677 2459 4748 juvant,
2489 4676 2726 4731 triennio
2759 4676 2849 4730 hic
2876 4675 2961 4730 vir
2984 4684 3209 4731 sanctus
3232 4683 3383 4731 extra
3410 4691 3598 4746 preca-

2029 4775 2355 4827 tiones‘csse
2380 4769 2664 4825 decernit:
2699 4769 2802 4823 hoc
2840 4775 2925 4823 est
2956 4768 3008 4822 in
3038 4768 3306 4823 vestibulo
3330 4769 3474 4823 inter
3502 4785 3601 4822 au-

2029 4867 2239 4920 dientes
2267 4863 2597 4919 consiStere.
2633 4861 2787 4928 Quod
2819 4863 2866 4915 si
2903 4861 3099 4917 mulier
3128 4860 3317 4916 volens
3362 4861 3598 4932 seipsam

2028 4958 2229 5021 tradat,
2259 4956 2554 5011 dummodo
2585 4954 2789 5009 nullum
2823 4954 3165 5024 praecesserit
3198 4963 3474 5023 stUprum,
3506 4971 3602 5008 ne-

2026 5066 2131 5121 que
2158 5050 2383 5115 furtum,
2423 5051 2525 5104 hoe
2552 5058 2635 5104 est
2661 5048 2869 5103 occulta
2900 5046 3232 5109 commistio,
3264 5047 3391 5101 nulli
3424 5063 3598 5117 pteuaa

2029 5144 2131 5197 erit
2165 5142 2435 5196 obnoxius
2457 5140 2548 5209 qui
2596 5140 2733 5194 bane
2760 5139 3053 5208 acceperit,
3075 5139 3273 5209 quippe
3299 5154 3422 5193 cum
3454 5139 3598 5193 nulla
3616 5176 3637 5187 μ

2028 5229 2113 5284 vis
2141 5227 2536 5293 intercesserit,
2565 5229 2726 5282 modo
2759 5236 2936 5281 tamen
2972 5227 3056 5281 sui
3080 5226 3399 5297 jurist‘oret
3448 5228 3599 5283 femi-

2030 5337 2120 5375 na.
2178 5319 2235 5375 Si
2279 5335 2512 5387 namque
2543 5320 2646 5374 sub
2700 5318 2927 5373 alterius
2968 5331 3111 5374 esset
3141 5328 3427 5389 potestate,
3454 5336 3517 5375 ac
3544 5337 3603 5375 se

2030 5413 2236 5481 absque
2269 5410 2385 5479 ejus
2414 5410 2669 5465 iacuitate
2720 5411 2806 5465 cui
2853 5410 3066 5466 subdita
3113 5422 3193 5466 est
3244 5412 3360 5466 vim
3415 5414 3620 5473 trndil,_

2027 5500 2322 5554 conciliare
2354 5500 2765 5554 matrimonium
2794 5500 3209 5570 haudquaquam
3238 5503 3596 5557 existimatur.

2027 5592 2084 5646 Si
2119 5606 2352 5659 namque
2383 5591 2511 5644 velit
2541 5590 2628 5644 ille
2664 5593 2819 5656 cujus
2857 5593 2958 5645 sub
2984 5604 3253 5658 potestate
3272 5602 3373 5654 est,
3406 5576 3603 5648 dissoI-L
3642 5613 3648 5619 ·

2030 5692 2114 5737 vet
2144 5683 2378 5751 nuptias,
2411 5692 2467 5735 ut
2492 5698 2613 5736 can.
2635 5682 2726 5746 58,
2760 5684 2820 5737 41
2853 5683 3015 5761 etiﬂ,
3040 5683 3373 5740 decernitur.
3411 5685 3599 5739 Proin-

2028 5775 2214 5838 de‘ait,
2243 5775 2289 5830 si
2328 5776 2408 5830 sui
2434 5775 2575 5845 juris
2622 5776 2775 5829 vidua
2813 5775 2993 5839 fuerit,
3039 5787 3095 5829 et
3126 5777 3175 5829 in
3218 5777 3330 5843 ipsa
3364 5777 3597 5845 positum

2030 5879 2129 5931 cet,
2172 5867 2426 5921 nimirum
2463 5868 2531 5921 ab
2554 5868 2699 5923 illius
2723 5868 2955 5947 arbitrio
2992 5871 3191 5935 pendet
3226 5869 3595 5936 seqnivirmn,

2026 5957 2115 6025 qui
2153 5957 2292 6013 hanc
2322 5959 2530 6028 accepit
2556 5958 2686 6012 nulli
2720 5960 2891 6028 pinna:
2919 5959 3183 6015 obnoxius
3206 5968 3310 6014 est.
3336 5958 3468 6015 Illud
3504 5974 3596 6015 ve-
