4008 6412
454 352 559 412 697

1416 361 1495 419 ΙΝ
1528 360 1771 423 ΕΡὶΞΤ.
1805 362 1860 422 S.
1910 362 2193 425 BASEIJl
2231 363 2674 424 CAP-IONICAM
2720 359 2802 418 IL

3603 353 3709 414 693

456 478 688 526 σαντος,
728 461 996 531 ἁζήτητόν
1038 464 1162 531 ,ἐστι
1204 467 1293 519 καὲ
1336 468 1723 538 ἀναμφίϐολον.
1772 473 1898 527 Ἐὰν
1936 474 2035 527 οὐκ

2143 478 2372 531 versiam
2397 485 2449 528 et
2481 474 2608 528 nulli
2640 473 2854 544 penitus
2914 469 3152 526 dubium.
3209 467 3301 524 Sin
3366 474 3546 521 autem
3603 483 3708 523 non

452 549 570 625 εἶχε
629 552 762 623 πρὸς
817 553 999 622 ἰσχύος
1047 554 1389 623 ζωογονῆσαι
1447 559 1507 612 τὴ
1557 561 1776 632 βρέφος,
1836 564 1926 618 δά
1978 568 2039 618 τὸ

451 644 708 699 ἕλκεσθαι
741 646 902 716 τυχὸν
935 648 1039 700 ὑπὸ
1069 648 1342 719 πολεμίων
1373 649 1450 713 ὼς
1482 653 1852 722 αίχμάλωτος,
1883 654 2034 708 οὐδό-

449 740 557 801 λως
600 737 1017 809 κολασθήσεται.
1060 742 1169 794 Καὶ
1216 742 1529 810 ἀνάγνωσον
1576 740 1791 817 τὸννβ·
1836 749 2036 801 κανόνα

449 829 543 883 τοῦ
599 832 757 899 ἁγίου
814 830 1029 895 τούτου,
1082 833 1456 903 ὲρμηνεύοντα
1510 838 1606 889 καὶ
1656 839 1745 890 τὸν
1794 839 2038 908 παρόντα

449 925 672 977 κανόνα.
709 925 844 993 Περὶ
881 923 1064 992 μέντοι
1098 924 1192 977 τοῦ
1235 925 1607 991 κολάζεσθαι,·
1640 928 1748 981 εἴτε
1789 931 1885 981 καὶ
1923 931 2032 999 μὴ,

447 1017 545 1076 τὰς
584 1013 940 1083 ἐκτιθεμένας
990 1014 1059 1067 τὰ
1090 1014 1265 1068 οἰκεῖα
1314 1014 1487 1085 βρέφη
1540 1019 1620 1079 είς
1663 1017 1761 1081 τὰς
1797 1018 2035 1084 εἰσόδους

447 1104 554 1155 τῶν
584 1103 745 1156 θείων
767 1104 911 1156 ναῶν
936 1102 1092 1171 λόγος
1120 1106 1339 1171 ἐγένετο
1360 1106 1636 1174 διαφόρως
1664 1108 1757 1160 ἐπὶ
1785 1109 2039 1160 συνελεύ-

452 1213 529 1249 σει
567 1195 819 1265 συνοδικῇ
849 1212 863 1225 ο
898 1195 989 1247 καὶ
1021 1195 1218 1265 ἤρεσεν
1248 1197 1323 1260 ὡς
1359 1198 1681 1267 φονευτρίας
1708 1198 1910 1262 ταύτας
1940 1217 2021 1253 xo-

447 1288 725 1354 }.:i§s30:t,
762 1290 867 1341 κ’ἰν
915 1291 1065 1359 παρά
1096 1307 1259 1341 τινων
1296 1289 1363 1342 τὰ
1398 1289 1570 1359 βρέφη
1600 1292 2031 1361 ζωογονηθῶσιν.

457 1379 757 1445 Ἀνᾶιγνιοθι
798 1379 892 1431 καὶ
929 1379 1125 1447 κεφάλ.
1170 1377 1213 1432 δ’
1256 1380 1352 1433 τοῦ
1401 1378 1454 1446 ς’
1480 1380 1660 1434 τίτλον
1693 1382 1784 1435 τοῦ
1824 1382 1906 1436 λα’
1947 1383 2034 1452 βι-

446 1472 593 1524 ίέλόυ
627 1472 766 1524 οὕτω
805 1471 961 1538 λέγον
983 1490 995 1500 ·
1027 1471 1245 1523 Φονεύει
1289 1472 1351 1524 τὸ
1375 1473 1692 1541 τικτόμενον
1724 1474 1783 1527 οὗ
1817 1475 1977 1542 μόνος
2006 1475 2034 1527 6

445 1566 670 1629 πνίγων,
704 1562 840 1615 ἀλλὰ
872 1566 963 1625 καὶ
991 1563 1019 1614 ὁ
1050 1563 1280 1632 ῥίπτων,
1309 1563 1405 1617 καὶ
1434 1567 1462 1617 ό
1503 1565 1578 1635 μὴ
1603 1565 1841 1635 τρέφων,
1875 1568 1971 1619 καὶ
2005 1569 2033 1620 ὁ

444 1653 787 1724 ἐνδημοσίοις
824 1655 1012 1716 τόποις
1051 1655 1401 1723 ἐκτιθέμενος
1442 1657 1533 1708 ἐπὶ
1570 1657 1933 1728 ἐλεημοσύνη,
1964 1660 2032 1731 ἣν

444 1745 608 1806 αὐτὸς
643 1745 740 1818 οὐκ
784 1744 965 1814 ἔσχεν.
1031 1746 1329 1814 Ἀνάγνωθι
1363 1747 1460 1801 καὶ
1494 1749 1585 1801 τὸν
1617 1748 1662 1818 β’
1689 1749 1813 1802 ὅλον
1856 1750 2032 1803 τίτλον

444 1841 538 1890 τοῦ
572 1835 655 1905 λγ¹
687 1838 895 1905 βιϐλίου
923 1837 1295 1907 διοριζόμενον
1325 1843 1449 1904 τοὺς
1480 1842 1888 1912 ἐκτιθεμένους,
1922 1844 2027 1895 κᾶν
2059 1838 2124 1916 B,

444 1927 622 1980 δοῦλοι
652 1921 787 1980 ὦσιν
810 1967 824 1992 ,
851 1928 1186 1983 ἁπεντεῦθεν
1214 1930 1657 2003 ἐλευθερούσθω.
1687 1931 2029 1996 Κολάζεσθαι

445 2018 631 2088 μέντοι
658 2017 861 2087 ὀφείλει
887 2020 919 2087 ἠ
947 2019 1170 2088 τοιαύτη
1200 2021 1337 2091 γυνὴ
1367 2023 1474 2074 ἀπὸ
1503 2022 1742 2093 μεγάλης
1774 2025 2032 2093 ἀμελείας

444 2111 685 2171 ἐοικυίας
715 2108 869 2179 δόλῳ,
897 2111 994 2178 τῆς
1023 2113 1116 2162 καὶ
1141 2110 1444 2182 λεγομένης
1474 2115 1625 2185 παρὰ
1649 2114 1758 2167 τῶν
1782 2130 2030 2184 νομομα-

445 2199 556 2267 θῷν
595 2200 763 2269 λάτης
802 2201 1066 2271 κούλπης.
1102 2204 1274 2273 Τυχον
1304 2205 1411 2275 γὰρ
1438 2205 1570 2258 οὖσα
1605 2205 1871 2277 ἐπιμελὴς
1902 2207 2034 2274 περὶ

456 2293 517 2346 τὰ
540 2295 737 2361 οἰκεῖα,
770 2295 897 2364 περὶ
928 2297 1027 2360 τὴν
1059 2295 1153 2348 τοῦ
1187 2296 1423 2366 βρέφους
1454 2298 1786 2368 ζωογόνησιν
1818 2299 2031 2369 διετέθη

426 2387 950 2469 .καταφρονητικῶς.
1004 2388 1159 2441 Ἐπεί
1194 2389 1276 2441 τοί
1318 2407 1381 2459 γε
1429 2390 1523 2443 ἐὰν
1579 2392 1709 2460 περὶ
1746 2392 1814 2445 τὰ
1858 2393 2037 2444 οἰκεῖα

450 2479 667 2549 τοιαύτη
693 2476 758 2550 ἦν
784 2481 1016 2549 ἀμελὴς,
1043 2480 1074 2550 ἢ
1104 2480 1179 2543 ὡς
1208 2480 1344 2534 οὖσα
1366 2483 1617 2552 εὐγενὴς,
1647 2483 1741 2537 καὶ
1769 2483 1843 2554 μὴ
1868 2484 2036 2537 εἰδυῖα

448 2570 545 2641 τὴν
577 2570 840 2642 βρεφικὴν
870 2573 1209 2642 ἐπιμέλειαν,
1243 2573 1274 2645 ἢ
1308 2573 1382 2637 ὼς
1413 2574 1556 2627 κατὰ
1588 2574 1748 2643 φύσιν
1780 2577 2062 2642 ἁνεπιτητ

445 2663 563 2716 δεία
595 2663 762 2725 οὖσα,
793 2665 887 2717 καὶ
921 2665 1120 2736 συνέϐη
1167 2669 1601 2738 τοιρυτοτρόπως
1632 2670 1693 2733 τὸ
1726 2667 1928 2738 βρέφος
1960 2667 2035 2737 μὴ

447 2753 876 2824 ζωογονηθῆναι,
915 2756 975 2808 οὐ
1007 2756 1426 2827 κολασθήσεται,
1456 2759 1530 2821 ὡς
1567 2754 1745 2827 οἶμαι.

520 2848 767 2903 ΖΩΝΑΡ.
842 2842 1167 2920 Ἐὰν’γυνὴ
1224 2848 1419 2916 ἔγκυος
1478 2850 1739 2904 ὁδεύουσα
1800 2852 2037 2923 ὠδιυήσῃ

449 2942 543 2993 καὶ
572 2940 712 3020 τέκῃ,
738 2942 796 2992 ἐν
825 2942 890 3009 τῇ
922 2940 1046 3011 ὀδῷ,
1079 2941 1353 3011 δυναμένη
1387 2942 1726 3009 ζωογονῆσαι
1758 2945 1849 2996 καὶ⁴
1880 2947 2038 3013 περι-

450 3034 624 3085 σῶσαι
659 3034 719 3085 τὸ
753 3033 1017 3103 γεννηθὲν
1045 3035 1451 3103 καταφρονήσει
1474 3035 1662 3099 αὐτοῦ,
1701 3038 1796 3088 καὶ
1837 3037 2037 3106 ἀφήσει

448 3126 869 3195 ἀνεπιμέλητον,
894 3126 970 3189 ὡς
992 3126 1297 3193 φονεύσασα
1311 3125 1442 3178 αὐτὸ
1469 3126 1710 3197 κρίνεται
1732 3146 1745 3159 ·
1770 3127 1871 3183 κᾶν
1896 3128 2026 3192 ἴσως

446 3219 509 3272 τὸ
542 3218 738 3289 βρέφος
771 3218 954 3288 ἕτερός
985 3235 1071 3281 τις
1101 3218 1275 3288 εὑρὼν
1315 3220 1614 3288 ἀνέληται,
1644 3222 1738 3273 καὶ
1769 3222 2034 3292 ἐπιμελησ-

354 3323 358 3327 ‘
451 3312 682 3380 σὰμενος
715 3309 1050 3382 ζωογονήσῃ.
1088 3312 1150 3364 Εἰ
1192 3312 1247 3365 δὲ
1293 3313 1554 3368 ἀδύνατόν
1583 3317 1699 3368 ἐστι
1742 3317 2035 3385 περιποιή-

450 3402 649 3457 σασθαι
683 3402 875 3467 τοῦτο,
907 3404 1071 3472 τυχὸν
1105 3403 1211 3473 γὰρ
1241 3405 1583 3475 αἰχμάλωτος
1622 3409 1786 3478 ἤγετο
1808 3446 1824 3469 ,
1854 3407 1950 3460 καὶ
1978 3409 2036 3462 ἐν

449 3499 512 3565 τῇ
556 3495 660 3565 ὀδῷ
699 3493 960 3564 ἔτεκεν,ἢ
1012 3493 1306 3564 πολεμίους
1353 3498 1575 3565 ἔφευγε,
1621 3500 1716 3552 καὶ
1758 3499 2037 3569 φεύγουσα

450 3589 751 3657 ἁπεκύησε,
801 3589 897 3642 καὶ
940 3589 1041 3642 οὒκ
1082 3588 1316 3659 ἠδύνατο
1351 3592 1445 3643 καὶ
1488 3593 1691 3662 ἑαυτὴν
1733 3592 2037 3661 περισῶσαι

456 3682 544 3733 καὶ
594 3681 657 3733 τὸ
714 3679 939 3750 τεχθὲν,
1007 3681 1274 3751 κρυϐεἴσα
1326 3681 1434 3751 γὰρ
1495 3681 1624 3745 ἴσως
1683 3684 2036 3755 κανεμηνύθη

453 3774 517 3829 ἂν
561 3775 665 3828 ὑπὸ
715 3775 810 3843 τοῦ
864 3773 1099 3846 βρέφους
1153 3775 1714 3849 κλαυθμυριζομένου,
1787 3796 2036 3847 συγγνω-

454 3868 732 3939 σοήσεται.

536 4049 776 4104 ’ΔΡῙΣΤ.
826 4049 893 4101 Ἦ
932 4049 1187 4121 κυήσασα
1230 4050 1287 4101 ἐν
1324 4048 1450 4120 ὁδῷ,
1490 4050 1584 4103 καὶ
1621 4053 1714 4103 τοῦ
1758 4051 2041 4121 τεχθέντος

449 4145 796 4215 ἀμελήσασα,
822 4143 1137 4210 φονεύτρια.
1168 4140 1399 4210 Σαφής.

1056 4232 1297 4286 ΚΑΝΩΝ
1314 4233 1436 4291 ΛΔθ.

454 4331 565 4391 Ti;
624 4326 1009 4419 μοιχευθείσας
1039 4328 1308 4396 γυναῖκας
1328 4366 1343 4392 ,
1374 4326 1469 4380 καὶ
1505 4325 1936 4398 ἐξαγορευούσας
1966 4334 2035 4386 δι’

522 4417 899 4489 εὐλάϐειανῆ
940 4417 1192 4472 ὁπωσοῦν
1244 4418 1643 4487 ἐλεγχομένας,
1689 4420 2036 4492 δημοσιεύειν

2147 570 2306 624 Γυξνίι
2336 571 2386 621 in
2420 568 2534 633 ejus
2566 574 2828 634 potestate
2859 564 3119 618 infantem
3143 563 3323 616 vivum
3358 563 3535 626 tueri,
3565 563 3709 629 quml

2144 665 2211 717 ab
2245 662 2488 715 hostibus
2514 659 2655 713 forte
2681 669 2738 709 ιιι
2763 657 2968 725 captiva
3004 655 3330 716 traheretur,
3362 654 3584 706 minime
3610 668 3709 718 pn-

2143 758 2340 809 nietnr.
2373 755 2431 807 Et
2467 755 2581 822 lege
2619 764 2881 805 canonem
2911 748 2979 815 52
3014 747 3172 816 hujus
3204 746 3373 800 sancti
3395 746 3530 813 ,.qui
3572 758 3712 812 prce-

2141 860 2347 902 sentem
2379 847 2540 901 etiam
2568 858 2826 899 canonem
2857 841 3263 909 interpretatur.
3295 839 3375 890 An
3406 846 3586 890 autem
3625 851 3704 887 es-

2139 948 2259 995 sent
2299 938 2616 1005 puniendus,
2664 949 2786 1005 qua:
2826 933 3070 1002 proprios
3115 931 3251 982 filios
3306 930 3357 982 in
3408 930 3708 980 divinorum

2140 1028 2457 1097 templorum
2493 1026 2728 1080 aditibus
2760 1033 3057 1089 exponunt,
3092 1035 3294 1093 aunop,
3354 1018 3406 1070 in
3463 1014 3706 1086 synodali

2139 1118 2521 1189 congressione
2548 1114 2696 1168 varie
2724 1112 3080 1178 disceptatum
3128 1115 3208 1161 et
3236 1123 3250 1169 ;
3284 1115 3333 1158 et
3386 1102 3584 1172 piat'ttit
3616 1118 3710 1156 eas

2135 1220 2195 1265 ut
2247 1208 2545 1263 homicidas
2594 1205 2817 1274 puniri,
2872 1202 2974 1256 etsi
3035 1200 3268 1253 infantes
3320 1199 3386 1250 ab
3439 1196 3711 1263 aliquibus

2137 1304 2453 1354 educentur.
2488 1296 2624 1363 Lege
2658 1305 2712 1348 et
2767 1308 2887 1361 cap.
2921 1292 2954 1345 4
2979 1331 2993 1352 .
3045 1292 3124 1343 tit.
3156 1289 3188 1342 6
3213 1329 3227 1351 ,
3267 1289 3358 1341 lih.
3396 1303 3521 1340 xxx:
3568 1286 3709 1353 quod

2140 1395 2217 1446 sic
2250 1394 2377 1445 dicit
2427 1389 2681 1444 :Oreidit
2731 1387 2895 1440 fetum
2946 1399 3053 1438 non
3102 1382 3273 1436 solum
3327 1380 3414 1444 qui
3461 1378 3707 1440 snﬂ‘ocm,

2136 1485 2228 1541 sed
2265 1485 2427 1538 etiam
2457 1482 2547 1551 qui
2582 1479 2785 1547 adjicit,
2820 1487 2875 1533 et
2903 1491 3006 1529 non
3034 1476 3221 1539 nutrit,
3247 1481 3300 1525 et
3329 1471 3417 1536 qui
3452 1469 3711 1539 iit-publi-

2136 1580 2215 1631 eis
2244 1576 2376 1629 locis
2406 1574 2627 1642 exponit
2657 1571 2722 1624 ad
2756 1566 3208 1630 misericordiam,
3248 1579 3410 1631 quam
3457 1561 3570 1629 ipse
3601 1575 3708 1613 non

2135 1669 2339 1726 habuit.
2375 1667 2515 1736 Lege
2545 1665 2654 1736 93
2676 1674 2729 1719 et
2765 1672 2933 1717 totum
2966 1660 3049 1714 tit.
3092 1659 3164 1724 2,
3221 1657 3315 1712 lib.
3372 1668 3540 1708 χχχιιι
3567 1694 3582 1719 ,
3617 1651 3708 1720 qui

2135 1763 2374 1819 decernit
2399 1774 2492 1814 eos
2517 1759 2608 1815 ani
2637 1765 2999 1826 exponuntur,
3034 1749 3245 1807 etiamsi
3297 1748 3437 1802 servi
3468 1747 3577 1800 sint
3601 1785 3616 1809 ,
3644 1759 3709 1798 eo

2133 1858 2246 1926 ipso
2277 1856 2473 1909 liberos
2499 1850 2659 1906 eliiei.
2694 1850 2865 1904 Debet
2894 1856 3070 1901 tamen
3119 1842 3297 1912 puniri
3354 1840 3544 1895 mulier
3584 1853 3712 1905 pro-

2133 1962 2251 2019 pter
2287 1961 2531 2018 magnam
2562 1942 2966 2013 negligentiam,
2989 1953 3108 2008 quae
3133 1937 3258 2000 dolo
3299 1934 3664 2003 aequiparatur
3692 1947 3709 1985 :

2134 2057 2254 2108 que
2298 2040 2515 2110 quidem
2580 2052 2608 2089 ιι
2650 2034 2979 2104 jurisperitis
3027 2031 3135 2084 lata
3174 2027 3328 2094 culpa
3386 2024 3740 2079 nominatur.-

2132 2126 2296 2180 Fnrle
2325 2126 2467 2179 enim
2495 2139 2615 2179 cum
2649 2131 2795 2177 esset
2825 2118 3025 2189 alioqui
3085 2122 3139 2171 in
3191 2116 3353 2169 rebus
3402 2111 3716 2167 domesticis

2136 2220 2360 2287 diligi-ns
2395 2227 2450 2269 et
2480 2215 2734 2277 sollicita,
2761 2214 2815 2266 in
2845 2210 3126 2281 educando
3153 2206 3357 2262 infante
3389 2205 3491 2260 fuit
3547 2204 3715 2274 negli-

2136 2325 2285 2379 gens.
2318 2307 2451 2362 Nam
2486 2309 2529 2360 si
2564 2307 2615 2360 in
2645 2304 2960 2359 domesticis
2995 2304 3160 2355 rebus
3184 2300 3307 2354 talis
3349 2306 3493 2352 esset
3552 2295 3714 2364 negli-

2136 2417 2290 2469 gens,
2321 2401 2399 2452 vel
2434 2411 2489 2452 ιιι
2527 2414 2646 2466 quae
2677 2405 2820 2449 esset
2852 2393 3017 2447 nnliili
3045 2392 3165 2446 loco
3207 2401 3357 2453 nata,
3389 2404 3510 2443 nec.
3543 2387 3713 2441 sciret
3794 2429 3801 2435 .

2137 2495 2407 2564 quomodo
2436 2492 2698 2544 infantum
2729 2496 2872 2542 esset
2909 2485 3149 2540 habenda
3178 2498 3333 2542 cura,
3382 2480 3464 2535 vel
3515 2479 3713 2546 alioqui

2139 2597 2326 2639 natura
2363 2583 2567 2635 adha'c
2626 2583 2730 2633 non
2784 2588 2928 2646 apta,
2977 2584 3032 2630 et
3077 2574 3303 2641 contigit
3350 2572 3609 2626 infantem
3652 2584 3713 2622 ca

2140 2676 2350 2729 ratione
2385 2673 2562 2725 vivum
2596 2684 2701 2724 non
2733 2668 2973 2731 servari,
3002 2665 3144 2720 haud
3175 2663 3448 2733 punietur,
3477 2673 3534 2717 ιιι
3565 2670 3715 2732 puto.

2209 2850 2459 2907 ZONAR.
2506 2849 2561 2902 Si
2595 2846 2790 2902 mulier
2833 2842 3050 2913 gravida
3103 2841 3206 2896 iter
3258 2841 3460 2904 faciens
3515 2846 3716 2894 tentata

2145 2945 2418 2997 doloribus
2445 2941 2623 3011 pariat
2648 2938 2700 2992 in
2729 2939 2839 3001 via,
2873 2950 3104 3005 cumque
3154 2935 3336 2988 vivum
3383 2947 3448 2987 ac
3504 2931 3714 2985 incolu-

2143 3054 2280 3092 mem
2320 3039 2485 3091 fetum
2528 3047 2746 3089 servare
2772 3038 2974 3100 posset,
2997 3028 3146 3083 illum
3176 3025 3494 3096 neglexerit,
3529 3023 3711 3078 omni-

2138 3145 2239 3198 que
2266 3128 2408 3182 illius
2436 3126 2639 3194 abiecta
2671 3139 2800 3180 cura
2831 3120 3152 3198 deseruerit,
3192 3132 3255 3171 ac
3300 3117 3342 3170 si
3394 3116 3570 3182 ipsum
3620 3113 3709 3168 in-

2143 3221 2461 3284 terfecisset,
2533 3196 2929 3273 condemnatur
2970 3231 2985 3268 :
3020 3211 3229 3265 etiamsi
3270 3209 3409 3263 forte
3456 3207 3753 3260 iufantem’

2138 3316 2276 3371 alius
2301 3313 2564 3383 quispiam
2595 3310 2873 3364 inventum
2924 3302 3206 3360 sustulerit
3234 3342 3249 3364 ,
3285 3315 3522 3364 curaque
3572 3298 3717 3352 adhi-

2138 3410 2247 3463 bita
2280 3405 2608 3460 incolumem
2635 3398 2994 3456 conservarit.
3031 3395 3297 3450 Caeterum
3333 3392 3376 3445 si
3418 3390 3568 3443 illum
3602 3403 3716 3441 ser-

2140 3515 2269 3554 vare
2301 3497 2444 3551 haud
2478 3494 2619 3564 potis
2648 3501 2804 3553 emt;
2839 3488 2981 3544 forte
3007 3500 3240 3554 namque
3273 3498 3394 3537 cum
3424 3481 3718 3534 abducere-

2142 3602 2228 3645 tur
2263 3588 2497 3655 captiva,
2527 3586 2581 3639 in
2615 3585 2809 3639 itinere
2842 3580 3071 3651 peperit,
3108 3587 3201 3630 aut
3229 3576 3416 3629 hos-tes
3460 3571 3714 3642 fugiebat,

2140 3695 2300 3751 atque
2326 3684 2377 3735 in
2414 3680 2535 3749 fuga
2562 3675 2730 3731 edidit
2755 3658 2991 3743 parttim,
3021 3686 3119 3723 nec
3146 3682 3248 3721 una
3285 3667 3516 3734 seipsam
3551 3661 3711 3717 simul

2141 3787 2194 3832 et
2230 3775 2392 3828 fetum
2423 3784 2644 3825 servare
2699 3765 2909 3836 potuit;
2961 3761 3225 3830 siquidem
3271 3759 3500 3814 fortasse
3544 3754 3718 3809 latens

2143 3867 2366 3926 infantis
2418 3860 2896 3933 ejulatuprodita
2957 3856 3188 3918 fuisset,
3251 3852 3462 3906 veniam
3525 3863 3718 3903 (-ouseo

2143 3973 2358 4031 queunu
3424 3958 3427 3961 ’

2217 4051 2442 4108 ARIST.
2479 4050 2607 4116 Quze
2643 4049 2694 4102 in
2727 4042 3064 4112 viapoperit,
3104 4048 3159 4094 et
3209 4037 3375 4092 fetum
3434 4032 3713 4104 neglexit,

2149 4144 2420 4201 homicidii
2478 4158 2567 4197 rea
2595 4150 2695 4196 est.
2749 4136 3093 4202 Perspicuus.
3696 4144 3697 4147 η

2684 4227 2911 4285 CANON
2938 4222 3180 4279 XXXIV.

2148 4330 2427 4385 Adulterio
2480 4327 2715 4395 pollutas
2766 4324 3021 4380 mulieres
3055 4329 3107 4375 et
3139 4315 3464 4374 confitentes
3490 4314 3559 4367 ob
3588 4312 3704 4380 pie-

2223 4432 2386 4475 tatem
2437 4419 2521 4475 vel
2587 4417 3071 4489 quomodocunque
3128 4409 3403 4464 convictas
3433 4403 3713 4475 publicare

529 4516 628 4582 μέν
660 4513 942 4566 ἐκώλυσαν
972 4513 1023 4564 οί
1072 4511 1318 4581 Πατέρες
1349 4512 1541 4580 ἡμῶν,
1574 4514 1665 4567 ἵνα
1693 4489 1772 4582 μή
1799 4514 2035 4570 θανάτου

2216 4513 2434 4580 quidem
2486 4508 2674 4563 Patres
2732 4505 2904 4562 nostri
2930 4501 3346 4573 prohibuerunt,
3372 4509 3439 4549 ne
3459 4489 3721 4547 convictis

529 4609 709 4661 αἰτίαν
742 4606 1118 4675 παράσχωμεν
1146 4604 1551 4673 ἐλεγχθείσαις·
1582 4605 1834 4661 ἵστασθαι
1857 4608 1912 4662 δὲ
1949 4611 2047 4661 αὑ-

527 4702 621 4763 τὰς
652 4702 780 4756 ἄνευ
805 4698 1090 4758 κοινωνίας
1115 4697 1458 4766 προσέταξαν
1489 4701 1650 4768 μέχρι
1670 4699 1764 4752 τοῦ
1793 4700 2045 4772 συμπλη-

529 4791 756 4858 ροῦσθαι
785 4792 877 4842 τὸν
908 4789 1099 4859 χρόνον
1134 4790 1235 4857 τῆς
1270 4786 1582 4857 μετανοίας.

527 4884 723 4937 ΒΛΛΣ.
760 4882 824 4936 Οἱ
864 4882 1040 4952 μοιχοὶ
1074 4881 1216 4935 κατὰ
1263 4882 1353 4936 τὸν
1383 4888 1463 4953 νη¹
1498 4885 1697 4939 κανόνα
1731 4884 1788 4937 ἐν
1820 4883 1862 4937 δ’
1887 4885 2032 4939 ἔτεσι

458 4976 593 5044 μετὰ
634 4974 746 5026 τῶν
793 4973 1233 5041 προσκλαιόντων
1272 4973 1539 5037 ἵστανται,
1591 4976 1648 5027 ἐν
1691 4976 1853 5028 πέντε
1895 4978 2034 5044 μετὰ

457 5068 567 5119 τῶν
598 5065 988 5134 ἀκροωμένων,
1022 5065 1078 5116 ἐν
1099 5065 1142 5117 δ’
1171 5063 1308 5133 μετὰ
1336 5063 1442 5116 τῶν
1471 5064 1909 5131 ὑποπιπτόντων,
1939 5069 2035 5121 καὶ

456 5160 513 5208 ἐν
543 5158 665 5211 δυσὶ
696 5155 833 5224 μετᾶ
854 5153 965 5205 τῶν
994 5152 1346 5216 συνεστώτων
1374 5155 1544 5223 χωρὶς
1572 5152 1874 5212 κὰνωνίαΞ.
1896 5158 2036 5228 Φησὶ

458 5248 588 5315 γοῦν
616 5251 643 5300 ὁ
665 5249 842 5315 ἆγιοςο
866 5247 928 5298 Εἰ
951 5245 1087 5315 γυνή
1111 5261 1192 5308 τις
1209 5245 1554 5331 μοιχευθεῖσα
1574 5246 2037 5318 ἐξομολογήσηται

455 5342 520 5392 τὸ
560 5341 923 5411 ἁρμάρτημα,
968 5337 1002 5408 ἢ
1050 5337 1298 5391 ὁπωσοῦν
1335 5338 1591 5431 ἐλεγχθῇ,
1631 5340 1692 5390 οὐ
1731 5339 1835 5410 χρὴ
1872 5340 2042 5411 δημο-

457 5432 661 5486 σιεύειν
696 5432 889 5502 αὐτὴν,
911 5432 1085 5501 ἤγουν
1119 5432 1273 5500 ίστᾷν
1302 5432 1380 5494 είς
1415 5430 1549 5495 τοὺς
1569 5430 1771 5501 τόπους
1800 5431 1910 5485 τῶν
1943 5437 2039 5505 ρη-

457 5523 661 5579 θέντων
686 5523 977 5592 ἐπιτιμίων
998 5538 1014 5555 ⁸
1045 5525 1073 5576 ὁ
1099 5521 1208 5593 γὰρ
1235 5522 1377 5591 ὀρῶν
1404 5522 1573 5593 αὐτὴν
1599 5521 1705 5588 ἔξω
1740 5524 1845 5576 τῶν
1876 5525 2034 5578 θείων

458 5615 762 5687 περιϐόλων
789 5617 888 5683 τῆς
911 5615 1206 5685 ἐκκλησίας
1238 5617 1530 5688 ἱσταμένην
1538 5656 1555 5685 ,
1583 5617 1619 5687 ἢ
1647 5617 1738 5668 καὶ
1761 5617 1900 5688 μετὰ
1927 5618 2034 5670 τῶν

459 5706 885 5777 κατηχουμένων
929 5703 1194 5770 ἐξιοῦσαν,
1254 5708 1582 5778 κατανοήσει
1629 5705 1847 5768 πάντως
1890 5708 2033 5761 κατὰ

461 5799 682 5864 πρώτην
713 5799 836 5863 ὄψιν
862 5799 948 5854 διὰ
981 5802 1222 5869 μοιχείας
1247 5799 1494 5869 ἔγκλημα
1520 5798 1908 5861 ἐπιτιμηθῆναι
1941 5800 2036 5853 αὐ-

2218 4602 2407 4658 mortis
2479 4614 2707 4655 causam
2788 4596 3160 4666 prtebeamus;
3218 4603 3313 4642 eas
3360 4594 3540 4640 autem
3573 4593 3720 4637 stare

2212 4696 2331 4750 sine
2384 4688 2762 4748 communione
2821 4687 3141 4756 jusserunt,
3185 4674 3721 4746 donec‘impleretur

2218 4798 2426 4853 tempus
2451 4779 2798 4851 ptenitentize.

2219 4874 2414 4930 BALS.
2453 4870 2700 4927 Adulteri
2733 4868 3029 4927 secundum
3059 4880 3182 4919 can.
3223 4863 3291 4919 58
3317 4867 3463 4939 stant
3489 4868 3721 4929 quatuor

2147 4971 2305 5028 annis
2333 4983 2455 5024 cum
2484 4964 2822 5027 dedentibus,
2841 4961 3081 5031 quinque
3106 4973 3229 5011 cum
3260 4953 3716 5014 auscultantilms,

2147 5072 2380 5132 quatuor
2412 5075 2532 5122 cum
2561 5056 2887 5118 substratis,
2925 5065 2980 5108 et
3023 5051 3232 5107 duobus
3279 5064 3401 5119 cum
3451 5045 3720 5101 stantibus

2142 5157 2347 5224 absque
2374 5148 2773 5206 communione.
2812 5145 2953 5200 Dicit
2990 5158 3120 5215 ergo
3163 5149 3425 5204 sanctus,
3492 5139 3537 5193 si
3593 5152 3717 5205 qua:

2136 5246 2437 5300 adulterata
2496 5240 2688 5315 mulier
2736 5247 3016 5308 peccatum
3079 5235 3330 5290 confessa
3389 5230 3576 5293 fuerit,
3636 5227 3718 5280 vel

2136 5335 2619 5407 quomodocunque
2653 5329 2899 5384 convicta
2937 5327 3030 5394 sit,
3063 5343 3167 5382 non
3196 5334 3409 5396 Oportet
3463 5338 3579 5377 eam
3620 5337 3717 5390 pu-

2144 5429 2370 5491 hlicare,
2406 5425 2459 5479 id
2493 5431 2578 5479 est
2601 5436 2719 5476 eam
2749 5421 2803 5475 in
2829 5419 3091 5474 dictarunt
3131 5431 3412 5487 ptrnarum
3441 5415 3573 5469 locis
3603 5423 3718 5466 sta-

2149 5534 2319 5576 tuere.
2355 5516 2458 5585 Qui
2483 5516 2628 5571 enim
2657 5529 2775 5569 eam
2804 5512 2999 5567 viderit
3026 5522 3178 5567 extra
3220 5511 3432 5566 divinos
3477 5505 3717 5560 ecclesiae

2148 5612 2384 5668 ambitus
2414 5617 2664 5672 stantem,
2699 5604 2781 5661 vel
2809 5605 2969 5659 etiam
2997 5620 3118 5659 cunt
3161 5599 3569 5658 catechumenis
3622 5613 3716 5663 ex:

2143 5716 2380 5770 euntem,
2420 5706 2595 5775 primo
2620 5712 2842 5773 aspectu
2886 5701 3108 5756 omnino
3146 5698 3409 5767 intelliget
3437 5737 3450 5757 ,
3499 5704 3717 5765 propter

2147 5798 2395 5854 adulterii
2439 5797 2641 5863 crimen
2669 5810 2788 5851 eam
2816 5793 2890 5849 illi
2914 5806 3031 5848 esse
3063 5805 3276 5855 pmuatn
3313 5791 3632 5853 iniunctam,
3663 5795 3719 5839 et
