4008 6452
277 355 387 419 699

1546 357 1647 420 ΤΠ
1659 359 1826 423 FOD.
1866 360 1955 419 BA
1969 361 2285 426 LSAMON

3478 366 3593 426 ’μιν

277 473 373 525 tiet
408 468 622 541 punitio
654 483 817 525 causa
854 469 1047 526 mortis
1083 510 1096 535 ,
1128 470 1246 526 viro
1292 468 1410 539 ejus
1460 480 1585 541 post
1640 473 1875 525 I‘nturunt

1990 479 2108 545 τὴν,
2138 478 2231 530 καὶ
2268 480 2559 549 γενήσεται
2588 478 2621 551 ἧ
2658 476 2979 547 ἐπιτίμησις
3016 478 3163 530 αἰτία
3205 475 3439 529 θανάτου
3462 515 3475 539 ,
3509 479 3586 542 ὡς

277 562 422 619 forte
454 562 685 617 reditum
718 578 876 618 suum
918 580 1032 620 rem
1067 564 1137 619 ita
1163 579 1224 619 se
1279 566 1482 619 habere
1534 566 1877 619 animadver-

278 668 446 713 tente.
479 656 819 712 Permittitur
845 672 974 730 ergo
1036 658 1346 714 consistere
1378 666 1433 712 et
1460 674 1582 713 cum
1633 658 1879 714 ﬁdelibus

274 751 638 820 comprecari,
681 766 709 804 a
768 763 1238 806 sacramentorum
1287 760 1465 805 autem
1496 751 1878 807 communione

277 845 578 905 abstinere,
638 842 814 895 donec
866 841 1201 906 paenitentiae
1268 849 1483 910 tempus
1544 843 1875 910 completum

279 938 609 1013 l‘uerit._llac
654 949 832 989 autem
865 938 1206 990 humanitate
1231 936 1284 990 in
1324 936 1578 992 mulieres
1602 937 1676 991 ttti
1713 953 1877 1005 opor-

276 1041 395 1083 tere
429 1039 651 1084 sanctus
682 1028 945 1103 deﬁnivit,
985 1038 1211 1097 propter
1256 1042 1377 1081 eam
1424 1044 1582 1095 quam
1644 1029 1878 1084 diximus

274 1125 565 1177 rationem.
595 1123 706 1175 Viri
745 1123 891 1174 enim
940 1121 1279 1175 adulterium
1321 1122 1647 1175 confitentes
1694 1120 1877 1174 itumi-

271 1216 624 1270 st-ricortliter
650 1215 811 1269 dictis
840 1214 1015 1283 pmuis
1048 1213 1416 1284 subjiciuntur
1444 1254 1459 1278 ,
1495 1215 1619 1280 quia
1652 1214 1719 1269 de
1772 1212 1876 1268 illis

271 1324 381 1361 tvm
413 1319 494 1361 est
528 1309 651 1362 talis
685 1309 865 1373 timor,
892 1308 1069 1375 qualis
1097 1307 1166 1361 de
1202 1306 1527 1361 mulieribus
1563 1308 1741 1360 dictus
1766 1313 1873 1372 est,

270 1408 363 1466 qui
396 1412 798 1469 prmsumuzttur
822 1414 945 1454 esse
981 1401 1145 1453 etiam
1182 1398 1305 1452 aliis
1337 1398 1571 1453 fortasse
1629 1396 1876 1451 crimini—

272 1496 373 1548 bus
403 1493 636 1553 obnoxii
672 1503 727 1546 et
752 1493 878 1561 jure
906 1492 1105 1560 pttniri.
1137 1490 1270 1544 Illud
1314 1501 1519 1556 autem,
1567 1488 1876 1556 Quomodo-

268 1602 484 1653 cunque
507 1585 754 1641 cnnvinci
789 1585 1079 1649 ntulit-res,
1116 1599 1220 1635 non
1283 1582 1446 1636 debes
1496 1582 1749 1648 accipere
1806 1580 1875 1636 de

268 1680 526 1733 omnibus
555 1690 680 1732 nota
717 1678 1062 1746 probatione.
1094 1678 1186 1731 sed
1221 1677 1288 1729 de
1320 1674 1565 1729 mulieris
1588 1676 1877 1730 conscien-

274 1769 365 1820 ti:c
401 1766 740 1829 probatione,
776 1769 878 1819 ltoc
913 1773 1017 1824 est.
1050 1762 1169 1817 sive
1201 1760 1393 1815 mulier
1419 1775 1517 1815 sua
1536 1760 1651 1815 sola
1683 1768 1874 1828 sponte

270 1859 520 1914 confessa
554 1859 648 1923 sit,
686 1858 765 1911 vel
794 1867 855 1911 ttt
880 1857 1043 1911 etiam
1093 1871 1121 1908 a
1172 1854 1415 1923 pariendi
1455 1852 1700 1923 periculo
1742 1868 1873 1907 coa-

272 1961 393 2016 ‘cta;
417 1952 501 2005 vel
532 1951 713 2018 aliquo
750 1951 855 2003 alio
891 1949 1071 2011 modo,
1103 1946 1409 2001 clanculum
1437 1955 1493 2000 et
1519 1960 1625 1999 non
1652 1945 1867 2014 publice

272 2045 510 2109 seipsatn
551 2042 943 2108 condcmnans,
972 2046 1027 2093 et
1052 2037 1438 2092 enuntiaverit.
1496 2036 1550 2091 Si
1589 2035 1736 2090 enim
1771 2037 1858 2090 di—

276 2135 427 2190 xeris
457 2133 671 2203 publice
700 2131 901 2187 iactam
933 2145 1054 2187 esse
1082 2129 1460 2200 probationem
1490 2170 1505 2193 ,
1530 2137 1587 2183 et
1613 2128 1776 2183 veluti
1810 2128 1865 2183 in

277 2230 614 2297 triumphum
649 2241 771 2282 esse
797 2225 1016 2280 ductum
1046 2223 1373 2277 adulterium
1403 2261 1421 2287 ,
1473 2230 1623 2277 recte
1679 2236 1872 2276 omnes

277 2335 451 2383 poena:
478 2319 530 2372 in
561 2333 682 2372 eam
718 2326 1103 2385 congerentur.
1140 2313 1327 2384 Neque
1375 2315 1519 2369 enim
1576 2330 1753 2370 canon
1816 2315 1870 2369 in

274 2426 341 2464 eo
364 2411 544 2465 locum
579 2410 766 2474 habet,
793 2407 1050 2475 quoniam
1080 2406 1247 2460 semel
1287 2405 1557 2474 publicata
1583 2414 1700 2468 est,
1732 2413 1785 2459 et
1807 2419 1872 2457 ex

273 2505 380 2559 viri
414 2504 592 2558 reditu
626 2502 769 2556 nulla
813 2501 979 2556 caedis
1034 2499 1272 2567 suspicio
1328 2499 1608 2553 suboritur
1654 2508 1876 2566 propter

274 2611 565 2668 poenarum
595 2593 1083 2649 denuntiationem.
1111 2591 1191 2645 Ex
1219 2604 1285 2645 eo
1318 2598 1496 2643 autem
1545 2591 1687 2659 quod
1745 2590 1875 2643 dicit

289 2698 548 2743 sanctus:
587 2684 664 2740 Ne
695 2687 885 2740 tlemus
934 2683 1198 2739 convictis
1240 2681 1556 2737 mulieribus
1606 2683 1720 2737 sive
1779 2698 1874 2751 per

277 2797 469 2851 pmnas
522 2781 638 2835 noti
686 2779 931 2835 criminis
958 2792 1180 2833 causam
1236 2779 1466 2842 mortis,
1516 2791 1617 2831 nec
1668 2775 1873 2832 dixeris

271 2874 499 2930 concedi
532 2872 742 2927 mat-itis
763 2870 1041 2925 adulteras
1088 2884 1216 2924 suas
1249 2869 1506 2925 mulieres
1537 2867 1870 2923 interﬁcere.

272 2968 332 3022 1n
365 2968 481 3021 sola
510 2968 653 3021 enim
683 2965 898 3035 propria
932 2966 1115 3024 domo,
1151 2961 1202 3015 in
1235 2961 1355 3031 ipso
1384 2959 1527 3015 facto
1559 2960 1871 3029 deprehen-

276 3077 396 3117 sum
425 3069 602 3127 potest
630 3059 856 3113 maritus
906 3056 1210 3111 adulterum
1273 3053 1528 3108 occidere
1559 3091 1577 3116 ,
1637 3060 1694 3108 et
1745 3067 1871 3108 eum

274 3154 556 3210 scenicum
587 3152 670 3205 vel
705 3151 893 3217 alium,
932 3148 1022 3218 qui
1059 3148 1130 3202 sit
1172 3146 1413 3200 infamis.
1464 3144 1535 3199 Et
1586 3143 1699 3216 94
1754 3145 1870 3213 lege

276 3263 398 3317 cap.
438 3247 529 3311 26,
569 3247 649 3298 tit.
684 3244 775 3307 57,
807 3244 899 3297 lib.
936 3238 1140 3306 1.x,27,
1178 3234 1329 3294 49‘et
1373 3237 1475 3292 alia
1506 3238 1709 3306 capita.
1760 3236 1869 3293 Sed
1898 3218 1941 3275 θ

278 3341 462 3407 act-ipe
494 3340 711 3392 vt-rbum
747 3335 944 3398 sancti,
981 3349 1047 3388 ne
1084 3331 1219 3386 [iant
1270 3344 1449 3402 poena:
1484 3332 1664 3399 magni
1715 3346 1875 3385 scan-

280 3432 384 3486 dali
416 3447 594 3485 causa:
629 3430 772 3483 inter
802 3429 1057 3482 maritum
1087 3434 1141 3480 et
1166 3431 1493 3487 uxoremﬁet
1532 3421 1676 3478 forte
1707 3424 1872 3478 etiam

281 3535 339 3577 ut
368 3524 623 3593 procedat
653 3523 717 3576 ad
746 3522 1008 3589 injustam
1041 3518 1452 3575 illius.c:etlem.

1987 569 2083 620 καὶ
2112 570 2207 623 τοῦ
2232 571 2423 640 ἀνδρὸς
2448 571 2639 641 αὐτῆς,
2675 570 2811 642 μετὰ
2840 570 2937 641 τὴν
2972 572 3103 631 ἴσως
3134 569 3435 638 γενομένην
3464 571 3603 644 τούς·

1985 676 2080 712 του
2116 663 2399 729 ἐπάνοδον,
2431 664 2604 728 οὕτως
2638 664 2801 736 ἔχειν,
2832 664 2899 717 τὰ
2933 663 3027 717 τοῦ
3063 658 3388 732 πράγματος
3419 679 3586 716 κατα-
3636 730 3643 735 ί

1994 755 2312 824 νοήσαντος.
2391 759 2810 829 Παρμχωρεϊται
2875 758 3005 825 γοῦν
3076 756 3427 809 συνίστασθαι
3495 757 3587 809 καὶ

1988 847 2342 917 συνεύχεσθαι
2375 853 2485 914 τοῖς
2516 854 2747 913 πιστοῖς,
2778 852 2875 919 τῆς
2896 851 2951 903 δὲ
2975 849 3262 912 κοινωνίας
3289 851 3395 900 τῶν
3424 850 3589 914 ἁγια-

1986 937 2212 1003 σμάτων
2248 939 2539 1003 κωλύεται,
2570 942 2762 1009 μέχρις
2794 941 2860 993 ἂν
2892 941 2919 991 ὁ
2949 939 3136 1009 χρόνος
3168 939 3263 1006 τῆς
3297 938 3586 1003 μετανοίας

1985 1026 2324 1097 ἐκμετρηθῇ.
2357 1029 2469 1098 Τὴν
2517 1032 2775 1098 τοιαύτην
2801 1030 2857 1083 δέ
2888 1029 3300 1097 φιλανθρωπίαν
3352 1033 3430 1091 εἰς
3482 1030 3585 1091 τὰς

1983 1122 2250 1184 γυναῖκας
2278 1119 2570 1190 διωρίσατο
2598 1122 2626 1173 ὁ
2647 1121 2800 1188 ἅγιος
2823 1122 3067 1188 γίνεσθαι
3094 1120 3160 1173 δι’
3188 1120 3247 1173 ὃν
3272 1121 3577 1189 εἰρήκαμεν

1984 1208 2263 1279 λογισμόν.
2319 1212 2382 1264 Οἱ
2427 1211 2536 1282 γὰρ
2576 1212 2769 1283 ἄνδρες
2805 1211 3289 1281 ἐξομολογούμενοι
3337 1211 3585 1280 μοιχείαν

1984 1302 2323 1372 ἀσυμπαθῶς
2359 1304 2675 1358 ὑπόκεινται
2704 1309 2814 1368 τοῖς
2849 1307 3223 1377 διαληφῡεῖσιν
3255 1304 3580 1372 ἐπιτιμίοις,

1983 1395 2064 1448 ὅτι
2093 1396 2213 1449 οὐδὲ
2242 1396 2438 1451 ὕπεστι
2467 1398 2631 1467 φόϐος
2659 1398 2900 1459 τοιοῦτος
2922 1401 2978 1451 ἓν
3006 1400 3209 1461 αὐτοῖς,
3239 1391 3348 1460 οἷος
3376 1398 3455 1457 εἰς
3485 1395 3585 1457 τὰς

1983 1489 2522 1561 γυναῖκαςκέρῤήθη,
2568 1491 2707 1557 μετὰ
2752 1490 3021 1561 πρόληψιν
3069 1486 3185 1542 οὖσι
3229 1488 3325 1542 καὶ
3372 1489 3586 1552 ἑτέροις
3682 1546 3687 1553 γ

1983 1577 2326 1647 ἐγκλήμασιν
2362 1580 2492 1642 ἴσως
2529 1581 2753 1651 ἐνόχοις,
2792 1583 2885 1634 καὶ
2923 1581 3085 1645 ἀξίως
3125 1579 3582 1649 ἐπιτιμωμένοις,

1982 1668 2057 1721 Τὸ
2106 1669 2317 1749 μέντοι,
2354 1671 2637 1726 Ὀπωσοῦν
2665 1672 2984 1743 ἐλέγχεσθαι
3002 1675 3101 1737 τὰς
3140 1675 3426 1740 γυναῖκας,
3478 1672 3583 1725 οὐκ

1982 1762 2221 1831 ὀφείλεις
2263 1764 2592 1818 ἐκλαϐἑσθαι
2632 1767 2711 1828 εἰς
2752 1765 3133 1832 πασίγνωστον
3174 1766 3414 1835 ἔλεγχον,
3461 1763 3583 1816 ἀλλ’

1976 1857 2059 1919 εἰς
2105 1854 2326 1927 ἔλεγχον
2360 1857 2454 1910 τοῦ
2490 1859 2789 1921 συνειδότος
2829 1862 2928 1927 τῆς
2973 1859 3254 1925 γυναικδς,
3289 1856 3587 1911 τουτέστιν

1977 1946 2089 1999 εἴτε
2123 1947 2263 2000 κατὰ
2290 1947 2457 2017 μόνην
2481 1948 2689 2002 οἰκείαν
2723 1949 3047 2019 προαίρεσιν
3077 1950 3109 2020 ἡ
3146 1950 3282 2018 γυνὴ
3318 1948 3587 2018 ἐξομολο-ρ

1975 2036 2230 2107 γήσεται,
2278 2038 2389 2091 εἴτε
2437 2038 2532 2091 καὶ
2577 2039 2654 2101 ὡς
2702 2040 3121 2120 ἀναγκαζομὲνη
3174 2043 3278 2095 ὑπὸ
3326 2041 3575 2097 κινδύνου

1975 2128 2070 2182 τοῦ
2111 2131 2175 2183 ἐκ
2203 2129 2298 2183 τοῦ
2327 2133 2527 2196 τεκεῖν,
2552 2132 2584 2202 ἢ
2621 2131 2717 2186 καὶ
2749 2132 2924 2196 ἄλλως
2955 2150 3072 2195 πως
3103 2133 3352 2203 κρυφίως
3380 2136 3473 2187 καὶ
3500 2134 3578 2205 μὴ

1976 2226 2212 2295 δημοσία
2256 2225 2749 2294 καταγινώσκουσα
2797 2225 2996 2294 ἐαυτῆς
3034 2225 3474 2296 ἐξαγορεύσεται.
3509 2228 3578 2281 Εἰ

1983 2318 2095 2388 γὰρ
2125 2319 2216 2371 τὸν
2248 2317 2472 2388 ἔλεγχον
2501 2317 2663 2389 εἴπῃς
2686 2316 2923 2388 δημοσίᾳ
2951 2317 3222 2386 γενέσθαι,
3253 2320 3350 2371 καὶ
3381 2319 3589 2390 οριαμα

1979 2411 2239 2481 ϐευθῆναι
2288 2411 2388 2482 τὴν
2430 2411 2697 2482 μοιχείαν,
2745 2410 2926 2474 καλῶς
2973 2412 3154 2464 πάντα
3203 2412 3271 2466 τὰ
3323 2412 3577 2484 ἐπιτίμια

1984 2504 2123 2573 αὐτῇ
2160 2502 2733 2574 ἐπιφορτισθήσονται.
2768 2503 2903 2557 Οὐδὲ
2935 2502 3042 2575 γὰρ
3073 2502 3256 2572 ἔχουσι
3292 2502 3480 2573 χώραν
3508 2503 3579 2557 τὰ

1978 2595 2073 2649 τοῦ
2107 2597 2330 2660 κανόνος
2370 2597 2451 2660 είς
2479 2595 2709 2666 ταύτην,
2742 2595 2830 2649 διὰ
2860 2598 2920 2647 τὸ
2948 2596 3096 2660 ama
3121 2596 3574 2665 δημοσιευθῆναι,

1977 2688 2070 2740 καὶ
2109 2689 2173 2741 ἐκ
2224 2688 2324 2756 τῆς
2363 2688 2627 2741 ἐπανόδου
2673 2686 2766 2740 τοῦ
2810 2687 3001 2757 ἀνδρὸς
3043 2688 3275 2741 θάνατον
3325 2688 3401 2757 μὴ
3451 2689 3584 2742 ὑπο-

1982 2779 2281 2832 πτεύεσθαι
2337 2779 2447 2833 ἀπὸ
2500 2781 2598 2849 τῆς
2651 2779 2761 2833 τῶν
2807 2780 3102 2848 ἐπιτιμίων
3146 2781 3578 2851 προσαγγελίας.

1989 2870 2083 2922 Ἐκ
2124 2870 2218 2924 τοῦ
2266 2869 2447 2939 λέγειν
2478 2872 2534 2924 δὲ
2560 2872 2653 2924 τὸν
2680 2870 2834 2939 ἅγιον
2876 2870 2965 2924 ἵνα
3000 2871 3070 2942 μὴ
3103 2872 3367 2940 διὶισωμεν
3399 2874 3595 2927 αἰτίαν

1981 2962 2215 3016 θανάτου
2239 2962 2381 3016 κατά
2400 2964 2509 3016 τῶν
2537 2964 2812 3032 γυναικῶν
2842 2964 3205 3035 ἐλεγχθεισῶν
3232 2968 3350 3036 ἦτοι
3382 2966 3584 3035 θριαμ-

1978 3057 2277 3111 ϐευθεισῶν
2325 3057 2414 3111 διὰ
2452 3058 2562 3111 τῶν
2611 3060 2930 3128 ἐπιτιμίων,
2976 3059 3049 3131 μὴ
3095 3061 3253 3133 εἴπῃς
3299 3061 3580 3131 ἐνδοθῆναι

1977 3151 2091 3212 τοῖς
2139 3147 2400 3218 ἀνδράσιν
2444 3149 2690 3217 φονεύειν
2734 3152 2835 3215 τὰς
2889 3146 3269 3224 μοιχευθεῖσας
3314 3157 3582 3221 γυναῖκας

1974 3243 2178 3299 αὐτῶν.
2220 3241 2311 3296 Ἐν
2345 3242 2495 3313 μόνῳ
2524 3243 2634 3314 γὰρ
2665 3244 2744 3314 τῷ
2786 3246 2901 3319 ἰδίῳ
2951 3249 3087 3315 οἴκῳ
3138 3249 3222 3299 ἐπ’
3273 3246 3582 3318 αὐτοφώρῳ

1971 3333 2198 3389 δύναται
2251 3333 2498 3404 φονεύειν
2547 3335 2640 3388 τὸν
2699 3336 2888 3409 μοιχὸν
2947 3341 2975 3392 ὁ
3031 3337 3193 3407 ἀνὴρ,
3246 3337 3340 3391 καὶ
3388 3336 3595 3405 τοῦτον·

1978 3427 2238 3498 σκηνικδν
2284 3427 2318 3497 ἢ
2357 3427 2542 3496 ἕτερον
2590 3427 2786 3497 ἄτιμον
2832 3429 2983 3486 ὄντα.
3041 3430 3151 3484 Καὶ
3197 3431 3472 3499 ἀνάγνωθι
3515 3429 3580 3480 τὸ

1976 3517 2070 3584 κζ’
2121 3536 2248 3588 κεφ.
2283 3518 2390 3571 Τοῦ
2427 3518 2730 3584 λζ’ντίτλου
2762 3519 2853 3572 τοῦ
2891 3519 2932 3584 ξ’
2980 3519 3208 3591 βιϐλίου,
3257 3524 3319 3576 τὸ
3371 3521 3475 3586 κζ’,
3522 3525 3583 3578 τὸ

284 3616 393 3685 p'l’;
452 3616 546 3667 mi.
584 3616 753 3683 ἔτερα
799 3631 926 3681 κεφ.
991 3610 1157 3683 Ἀλλὰ
1200 3608 1434 3664 ἐκλαϐοῦ
1481 3609 1541 3664 τδ
1598 3610 1750 3682 ῥῆμα
1792 3608 1884 3663 τοῦ
1915 3610 2074 3680 ἁγίου
2099 3613 2182 3676 είς
2211 3613 2272 3670 τὸ
2311 3612 2385 3685 μὴ
2419 3611 2678 3682 γενέσθαι
2707 3612 2776 3666 τὰ
2830 3613 3079 3682 ἐπιτίμια
3135 3614 3284 3668 αἴτια
3340 3613 3579 3684 μεγάλου

283 3705 586 3760 σκανδάλου
619 3704 787 3775 μέσον
824 3702 920 3759 τοῦ
953 3704 1148 3774 ἀνδρὸς
1179 3703 1275 3757 καὶ
1302 3703 1402 3773 τῆς
1428 3703 1710 3772 γυναικὸς,
1748 3703 1881 3766 ἴσως
1902 3703 1959 3758 δὲ
1994 3705 2267 3776 προϐῆναι
2289 3707 2383 3759 καὶ
2404 3706 2565 3776 φόνον
2587 3705 2771 3760 ἄδικον
2802 3705 2923 3759 κατ’
2954 3705 3151 3775 αὐτῆς.

357 3799 613 3855 ZONAR.
649 3797 707 3853 Si
748 3798 943 3852 mulier
969 3838 984 3865 ,
1031 3797 1245 3868 inquit,
1299 3796 1604 3852 adulterata
1665 3794 1831 3850 fuerit
1863 3834 1879 3860 ,

268 3894 608 3963 ,crimeuque
637 3891 963 3946 conﬁteatur
991 3934 1006 3958 ,
1054 3906 1293 3959 cavens,
1341 3891 1445 3946 hoc
1492 3899 1576 3945 est
1632 3897 1881 3946 metuens

281 3985 519 4040 futurum
549 3982 835 4052 judicium,
869 3982 954 4037 vel
992 3983 1153 4039 aliter
1183 3985 1433 4039 convicta
1473 3983 1638 4038 fuerit
1663 4021 1678 4047 ,
1704 3983 1871 4038 veluti

279 4077 424 4144 quod
457 4073 785 4130 intumuerit
813 4074 988 4141 alvus,
1029 4085 1123 4129 aut
1149 4074 1304 4128 edito
1336 4084 1515 4143 partu,
1550 4075 1678 4129 dum
1711 4073 1874 4144 longo

282 4168 542 4236 temporis
575 4167 869 4225 intervallo
896 4167 1068 4237 ipsius
1107 4165 1193 4219 vir
1228 4167 1626 4237 peregrinatur,
1671 4167 1869 4236 ipsam,

279 4262 380 4325 ait,
409 4275 512 4315 non
537 4268 750 4328 oportet
773 4259 1073 4329 publicare,
1094 4258 1199 4314 hoc
1222 4267 1328 4327 est,
1352 4274 1691 4331 nequaquam
1715 4274 1879 4329 opor-

283 4361 363 4408 tet
390 4353 565 4422 ipsam
618 4352 672 4407 in
722 4352 859 4407 locis
891 4351 1075 4407 multae
1108 4350 1320 4407 luenda:
1347 4392 1363 4415 ,
1396 4351 1578 4408 ﬂentis
1602 4352 1878 4418 videlicet,

2061 3801 2311 3854 ZONAP.
2364 3798 2492 3855 Ἐὰν
2526 3800 2664 3871 γυνὴ
2689 3840 2702 3862 ,
2741 3801 2903 3872 φησι,
2943 3798 3231 3869 μοιχευθῇι,
3265 3798 3360 3852 καὶ
3388 3798 3585 3866 ἐξομο-

1986 3890 2291 3965 λογήσηται
2314 3892 2377 3945 τὸ
2411 3893 2719 3964 ἁμάρτημα
2751 3890 3125 3962 εὐλαϐουμένη
3147 3931 3163 3956 ,
3197 3890 3320 3944 ἀντὶ
3351 3889 3446 3942 τοῦ
3476 3890 3585 3942 δεισ

1983 3982 2156 4036 λιῶσα
2178 3982 2278 4053 τὴν
2303 3982 2603 4054 μέλλουσαν
2627 3981 2829 4051 κρίσιν,
2853 3982 2887 4052 ἢ
2910 3979 3143 4051 ἐλεγχθῇ
3170 3979 3368 4043 ἄλλως,
3403 3972 3484 4040 οἷς
3516 3978 3579 4042 ἐξ

1981 4075 2150 4145 ὄγκου
2183 4076 2285 4145 τῆς
2306 4074 2565 4146 γαστρὸς,
2599 4073 2631 4145 ἦ
2663 4075 2726 4126 ἐκ
2755 4074 3003 4139 τοκετοῦ,
3029 4072 3324 4141 γενομένου
3358 4073 3415 4124 ἐν
3446 4072 3587 4123 απο-

1984 4166 2160 4240 δημίᾳ.
2191 4169 2381 4239 μακρᾷ
2419 4167 2515 4220 τοῦ
2549 4166 2742 4238 ἀνδρὸς
2771 4165 2964 4234 αὐτῆς,
3000 4165 3061 4217 ού
3094 4164 3199 4236 χρὴ
3235 4162 3583 4233 δημοσιεύειν

1985 4262 2189 4334 αὐτήν·
2240 4262 2412 4333 ἧγουν
2448 4260 2510 4314 ού
2538 4259 2644 4329 χρὴ
2693 4259 2849 4331 ίστᾷν
2888 4259 3059 4329 αὐτὴν
3091 4260 3171 4334 εἰς
3221 4259 3350 4320 τοὺς
3384 4257 3584 4317 τόπους

1986 4328 2449 4425 τῶν-ἐπιτιμίων,
2483 4328 2691 4405 τδντοῦ
2729 4328 3158 4420 προσκλαίοντος
3195 4348 3461 4417 δηλονότι,
3490 4348 3583 4400 τὸν

281 4445 595 4511 audientis,
626 4456 680 4499 et
705 4445 963 4501 substrati
997 4444 1287 4502 collocare.
1338 4444 1435 4500 Est
1488 4445 1594 4500 hoc
1647 4459 1875 4515 namque

1988 4448 2084 4502 τοῦ
2127 4447 2505 4517 ἀκροωμένου,
2528 4444 2620 4498 τὸν
2661 4442 2756 4496 τοῦ
2803 4441 3226 4504 ύποπίπτοντος.
3267 4440 3439 4493 Τοῦτο
3479 4439 3587 4509 γὰρ

281 4542 490 4597 crimen
534 4537 807 4608 publicum
856 4536 1092 4593 eﬂicere.
1140 4537 1244 4606 Qui
1299 4537 1445 4593 enim
1506 4538 1678 4608 ipsam
1729 4546 1883 4592 extra

280 4631 546 4687 ambitum
579 4629 834 4686 Ecclesiae
862 4631 1084 4697 viderit,
1119 4638 1214 4684 aut
1242 4629 1297 4684 in
1324 4628 1621 4694 vestibulo,
1646 4636 1740 4684 aut
1760 4641 1883 4684 cum

281 4722 696 4780 catecitumenis
740 4730 1079 4794 exeuntem,
1129 4730 1391 4792 agnoscet
1464 4721 1654 4792 procul
1713 4721 1881 4776 dubio

280 4816 455 4885 ipsam
493 4828 771 4884 peccasse,
806 4829 872 4870 ac
901 4829 1012 4884 prae
1049 4812 1172 4868 aliis
1219 4812 1541 4868 criminibus
1581 4811 1685 4881 ipsi
1730 4810 1885 4866 adul-

281 4909 483 4965 terium
541 4908 913 4980 appingetur,
962 4906 1176 4976 ipsique
1235 4905 1428 4960 mortis
1485 4918 1707 4960 causam
1766 4903 1885 4959 haec

283 4998 454 5055 multa
477 4998 815 5055 conciliabit.
848 4996 908 5051 Si
942 5009 1181 5067 namque
1233 4995 1287 5050 id
1321 4995 1403 5048 vir
1454 4994 1579 5065 ejus
1612 5008 1885 5065 cognove-

283 5093 379 5157 rit,
414 5092 558 5145 l'orte
590 5091 763 5160 ipsam
787 5088 1087 5144 interﬁciet
1117 5104 1133 5143 :
1159 5088 1313 5157 juxta
1347 5087 1478 5142 illud
1529 5078 1841 5141 Solomonis
1868 5127 1884 5152 ,

288 5183 486 5240 Plenus
518 5184 630 5238 zelo
684 5184 894 5238 animus
928 5184 1025 5238 viri
1058 5183 1226 5250 ipsius
1276 5183 1316 5235 ‘.
1366 5179 1517 5235 Hanc
1569 5181 1759 5250 itaque
1808 5180 1880 5234 ob

284 5291 531 5342 causam,
562 5276 866 5332 consistere
905 5276 1126 5346 quidem
1157 5289 1282 5330 cum
1319 5274 1563 5331 ﬁdelibus
1592 5312 1610 5340 ,
1655 5288 1720 5329 ac
1774 5286 1881 5327 una

285 5368 495 5440 precari
528 5368 880 5438 permittitur,
909 5382 1097 5424 verum
1115 5382 1147 5422 a
1173 5382 1452 5423 sacrorum
1478 5365 1876 5438 mysteriorum

286 5460 707 5524 communione,
753 5458 935 5529 quoad
991 5460 1265 5532 expletum
1322 5458 1492 5515 fuerit
1539 5456 1875 5529 poenitentiae

290 5559 524 5620 tempus.
557 5560 797 5607 arcetur.

361 5639 595 5698 ARIST.
629 5640 885 5701 Mulieres
917 5642 1188 5701 adulterio
1211 5642 1448 5716 pollutas
1472 5685 1488 5715 ,
1519 5653 1575 5704 et
1601 5643 1882 5702 convictas

368 5820 388 5855 ί
424 5818 590 5877 Prov.
620 5835 695 5893 tu,
727 5822 820 5880 54.

1994 4535 2344 4606 δημοσιεύειν
2376 4534 2495 4586 ἐστὶ¹
2526 4532 2586 4586 τὸ
2620 4532 2948 4601 ἁμάρτημα.
2994 4531 3054 4583 '0
3090 4531 3199 4597 γὰρ
3237 4529 3380 4598 ὁρῶν
3414 4528 3588 4599 αὐτὴν

1991 4628 2098 4695 ἔξω
2124 4625 2234 4681 τῶν
2264 4624 2567 4696 περιϐόλων
2592 4623 2695 4694 τῆς
2724 4621 3048 4691 ἐκκλησίας,
3086 4620 3118 4691 ἢ
3150 4621 3208 4673 ἐν
3232 4619 3311 4688 τῷ
3339 4620 3585 4690 προνάῳ,

1990 4720 2025 4790 ἢ
2060 4717 2201 4790 μετὰ
2228 4716 2338 4771 τῶν
2368 4714 2799 4785 κατηχουμένων
2830 4711 3084 4777 ἐξιοῦσαν
3104 4751 3119 4775 ,
3147 4709 3420 4779 γνώσεται
3453 4713 3590 4764 πάν-

1989 4829 2098 4875 τως
2127 4810 2447 4882 ἀμαρτῆσαι
2478 4807 2650 4879 αὐτὴν
2671 4822 2690 4840 ο
2718 4805 2815 4859 καὶ
2846 4804 2953 4875 πρδ
2990 4803 3098 4857 τῶν
3129 4803 3305 4857 ἄλλων
3334 4805 3590 4873 ἀμαρτηο

1993 4903 2182 4975 μάτων
2209 4902 2271 4954 τὸ
2293 4899 2397 4969 τῆς
2428 4897 2675 4969 μοιχείας
2703 4896 2843 4965 αὐτῇ
2871 4894 3346 4965 προσαφθήσεται,
3375 4894 3472 4946 καὶ
3493 4909 3589 4961 γεο

1989 4994 2276 5063 νήσεταιή
2327 4993 2645 5062 ἐπιτίμησις
2692 4990 2830 5059 αὐτῇ
2874 4987 3028 5041 αἰτία
3066 4986 3324 5041 θανάτου.
3374 4986 3438 5039 Εἰ
3477 4986 3589 5058 γὰρ

1989 5084 2104 5155 γνῷ
2149 5082 2313 5138 τοῦτο
2353 5084 2382 5135 ό
2423 5084 2562 5152 ἁνήρ
2600 5080 2795 5148 αὐτῆς,
2841 5078 2973 5139 ἴσως
3042 5077 3339 5129 ἀποκτενεῖ
3387 5077 3585 5145 αὐτήν.

1984 5177 2145 5234 Κατὰ
2188 5175 2300 5246 γὰρ
2349 5175 2439 5228 τὸν
2489 5171 2834 5243 Σολομῶντα,
2885 5168 3127 5234 Μεστὸς
3171 5167 3355 5235 ζήλου
3398 5170 3588 5237 θυμὸς

1985 5269 2209 5338 ἀνδρὸς
2238 5267 2453 5337 αὐτῆς.
2488 5268 2587 5320 Διὰ
2635 5263 2796 5319 τοῦτο
2839 5264 3254 5331 παραχωρεῖται
3297 5261 3398 5330 μὲν
3433 5262 3587 5313 συνί-

1989 5363 2224 5417 στασθαι
2283 5364 2378 5415 καὶ
2440 5358 2800 5429 συνεύχεσθαι
2863 5357 2978 5414 τοῖς
3050 5357 3300 5416 πιστοῖς,
3362 5354 3461 5423 τῆς
3524 5353 3585 5408 δὲ

1988 5455 2278 5520 κοινωνίας
2321 5456 2430 5508 τῶν
2474 5453 2836 5523 ἁγιασμάτων
2875 5446 3170 5508 κωλύεται,
3220 5445 3416 5517 μέχρις
3456 5444 3524 5500 ἂν
3550 5448 3581 5501 ὁ

1990 5549 2188 5621 χρόνος
2218 5548 2320 5618 τῆς
2354 5547 2652 5617 μετανοίας
2684 5539 3030 5615 ἐκμετρηθῇ.

2072 5636 2265 5693 ἈΡΙΣ.
2311 5637 2762 5709 Ἀδημοσιεύτους
2790 5636 2891 5710 μὲν
2922 5638 3021 5703 τὰς
3049 5634 3452 5708 μοιχευθείσας,
3487 5630 3583 5686 καὶ
