4008 6442
429 402 534 470 701

1397 408 1483 469 IN
1525 409 1759 470 EPIST.
1793 411 1852 472 S.
1898 412 2194 476 BASILII
2231 416 2689 479 CANONICAM
2716 416 2795 480 [ῐ.

3598 413 3701 478 702

430 519 818 591 ἐλεγχομένας,
843 519 1164 590 ἐγνώκαμεν
1192 537 1203 551 ·
1234 520 1632 592 ἀκοινωνήτους
1661 525 1715 578 δὲ
1749 525 2011 594 ἱστῶμεν,
2046 563 2057 590 ,

2193 531 2404 599 publice
2462 549 2567 587 non
2627 531 2995 588 traducendas
3025 547 3144 588 esse
3162 529 3439 587 bovinms.
3476 533 3704 586 Exmm-

429 615 537 678 ἕως
566 615 626 668 τὺ
660 613 937 684 ἐπιτίμιον
968 613 1449 687 ἀποπληρώσουσι.

507 792 652 862 Γυνὴ
698 793 1084 863 μοιχευθεῖσα,
1123 795 1218 847 καὶ
1252 794 1348 865 τὴν
1384 797 1667 868 ἀμερτῖαν.
1693 801 1863 868 αὐτῆς
1898 799 2025 866 ἐξα·-

437 888 751 955 γορεύσασι
797 886 866 939 δι’
916 886 1226 954 εὐλάϐειαν,
1281 889 1316 959 ἢ
1361 890 1538 951 ἄλλως
1587 890 1702 953 πῶς
1761 894 1911 961 παρὰ
1947 890 2025 960 τῷ

439 980 604 1047 πατρὶ
641 980 813 1049 αὐτῆς
846 980 925 1051 τῷ
958 981 1321 1051 πνευματικῷ
1356 982 1673 1050 ἐλεγχθεῖσα
1694 1024 1708 1045 ,
1740 984 1840 1037 οὐκ
1877 983 2026 1036 ἐνδεῖν⁴

439 1092 590 1144 χεται
620 1073 1065 1144 δημοσιεύεσθαι,
1097 1076 1190 1128 καὶ
1227 1075 1303 1137 ὡς
1337 1076 1584 1145 μοιχαλὶς
1611 1075 1689 1146 τῷ
1728 1077 1842 1146 ἰδίῳ
1872 1077 2028 1147 ἀνδρὶ

440 1164 806 1235 γντιιρὶζεσθαι
834 1183 847 1197 ·
876 1166 963 1218 ἵνα
1007 1167 1081 1236 μὴ
1111 1166 1346 1220 θανάτου
1382 1168 1556 1220 αἴτιον
1584 1170 1742 1221 τοῦτο
1775 1169 2024 1237 γένηται.

452 1259 544 1310 ‘Av.
582 1257 837 1328 ινώνητον
896 1259 952 1311 δὲ
1010 1259 1180 1330 αὐτὴν
1247 1260 1429 1329 μένειν
1491 1261 1920 1330 προστάττουσιν
1976 1262 2027 1313 οἱ

448 1352 525 1402 Γα
561 1350 705 1420 ἐρες,
734 1351 872 1420 μετὰ
903 1353 1014 1405 τῶν
1041 1352 1249 1405 πιστῶν
1278 1353 1555 1419 γυναικῶν
1586 1355 1903 1422 ἱσταμένην,
1944 1354 2036 1422 μέ-

441 1460 530 1511 χρι
581 1443 1026 1513 συμπληρνῦσεως
1054 1444 1161 1497 τῶν
1207 1446 1413 1514 χρόνων
1447 1445 1553 1499 τοῦ
1578 1445 1672 1498 ἐπὶ
1701 1449 1766 1515 τῇ
1819 1444 2031 1515 μοιχείᾳ.

440 1537 863 1604 ἁμαρτήσαντος
887 1554 900 1569 ’
936 1540 984 1591 εἰ
1011 1538 1120 1609 γὰρ
1157 1539 1293 1608 μετά
1328 1540 1434 1592 τῶν
1463 1538 1904 1607 προσκλαιόντων
1937 1537 2033 1591 καὶ

442 1628 553 1679 τῶν
605 1630 976 1700 ἀκροωμένων
1029 1631 1382 1702 ταχθὴσεται,
1437 1630 1911 1700 ὑποπτευθήσεται
1954 1629 2035 1701 τῷ

396 1739 402 1745 ”
445 1722 599 1786 dna}:
634 1722 823 1791 αὐτῆς,
863 1724 957 1775 καὶ
995 1725 1124 1785 ἴσως
1161 1724 1573 1795 φονευθήσεται.

1038 1816 1179 1869 ΚΛΝ
1188 1817 1277 1868 QN
1314 1818 1354 1869 A
1365 1817 1439 1869 E'.

456 1903 581 1955 Ἐπὶ
622 1906 712 1957 to?
753 1905 1207 1972 καταλειφθέντος
1236 1907 1429 1972 ἀνὸρὲς
1460 1907 1563 1961 ὑπὸ
1602 1905 1701 1975 τῆς
1734 1904 1995 1974 γυναικδς
2016 1946 2034 1971 ,

516 1998 614 2069 τὴν
644 1999 819 2055 αἰτίαν
857 2001 963 2071 χρὴ
1013 2003 1233 2055 σκοπεῖν
1272 2002 1371 2071 τῆς
1418 1999 1857 2069 ἐγκαταλείψεως
1881 2014 1894 2030 ο
1932 1998 2036 2052 κᾶν

520 2094 661 2161 φανῇ
689 2093 899 2159 ἀλόγως
923 2095 1345 2162 ἀναχωρήσασα,
1367 2093 1395 2144 ὀ
1417 2093 1514 2161 μὲν
1534 2092 1863 2162 συγγνώμης
1890 2092 2038 2144 ἐστὶν

521 2185 689 2247 ἄξιος,
724 2185 756 2253 ἡ
785 2184 842 2236 δὲ
873 2184 1152 2253 ἐπιτιμίου
1175 2201 1190 2216 ·
1221 2188 1253 2255 ἡ
1281 2186 1337 2238 δὲ
1371 2184 1673 2254 συγγνώμη
1698 2184 1872 2253 τούτῳ
1902 2183 2040 2255 πρὸς

521 2273 581 2325 τι
620 2276 895 2328 κοινωνεῖν
912 2277 976 2344 τῇ
1012 2273 1310 2345 Ἑκκλητία
1340 2275 1645 2346 δοθήσεται.

527 2365 724 2419 ΒᾹΛΣ.
767 2364 827 2417 '0
868 2364 1059 2435 παρὼν
1095 2365 1271 2418 κανὼν
1306 2366 1662 2435 σαφηνίζεται
1694 2364 1783 2418 διὰ
1815 2364 1916 2434 τῆς
1947 2381 2041 2432 γεο

455 2458 687 2527 νομένης
720 2458 850 2527 παρ’
881 2459 1039 2527 ἡμῶν
1067 2458 1361 2526 ἑρμηνείας
1405 2460 1461 2510 ἐν
1491 2457 1569 2529 τῷ
1606 2459 1692 2521 πς⁹
1725 2456 1909 2510 κανόνι
1942 2456 2044 2524 τῆς

454 2551 511 2602 ἐν
552 2550 626 2618 τῷ
660 2550 918 2634 ἰξρούλλῳ
960 2552 1178 2603 συνόδου
1203 2590 1217 2613 ,
1256 2554 1347 2602 καὶ
1380 2550 1653 2618 ἀνάγνωθι
1679 2550 1886 2618 ταύτην
1908 2590 1922 2615 ,
1954 2549 2047 2603 καὶ⁸

455 2645 548 2697 τὸν
588 2644 632 2696 (ι’
660 2645 860 2697 κανόνα
889 2644 982 2697 τοῦ
1015 2644 1170 2712 ἁγίου
1213 2648 1477 2714 Ηατέρος,
1514 2646 1608 2697 καὶ
1635 2644 1726 2697 τὸν
1763 2641 1867 2697 κα’.

530 2736 777 2790 ΖΩΝΑΡ.
826 2735 891 2789 Ἠ
936 2736 1028 2787 τὶν
1062 2737 1257 2789 οἰκεῖον
1305 2735 1681 2803 καταλείψασα
1723 2733 1913 2804 ἄνδρα,
1956 2732 2049 2785 ἐὰν

461 2830 631 2896 χωρὶς
661 2827 889 2892 εὐλόγου
929 2829 1110 2891 αἰτίας
1148 2828 1499 2897 ἀναχωρήσῃ.
1538 2827 1861 2896 ἐπιτιμᾶται
1886 2840 1900 2855 ⁶
1936 2826 1964 2877 ὁ
1994 2824 2051 2877 δὲ

464 2922 605 2990 ἀνὴρ
653 2920 1087 2990 συγγινώσκεται
1114 2938 1129 2953 ο
1171 2921 1268 2989 οὐχ
1320 2919 1458 2972 ὥστε
1509 2919 1682 2987 ἑτέρῳ
1724 2916 2047 2986 κεχρῆσθαι,

463 3016 581 3069 ἀλλ’
614 3015 753 3069 ὣστε
789 3016 887 3084 τῆς
929 3014 1256 3084 Ἐκκλησίας
1291 3015 1365 3083 μὴ
1390 3011 1747 3081 χωρισθῆναι.
1794 3010 1884 3062 Ἐν
1904 3009 1959 3061 δέ
1976 3009 2053 3078 τῷ

465 3110 513 3163 θ’
548 3109 829 3179 κεφαλαια)
860 3112 888 3163 ὁ
913 3110 1068 3176 ἅγιος
1097 3103 1274 3171 οὗτος,
1307 3105 1434 3160 οὔτε
1471 3104 1531 3157 τὸ
1568 3102 1870 3156 τύπτεσθαι
1902 3102 2055 3171 παρὰ

2199 624 2505 677 municatas
2559 639 2689 678 vero
2745 622 3057 684 statuimus,
3083 636 3251 691 usque
3301 623 3425 674 dmn
3485 637 3701 690 pmnam

2196 714 2551 780 expleverint.

2198 804 2390 857 Mulier
2409 805 2732 868 adulterata,
2761 815 2815 859 et
2843 805 2915 861 ob
2943 804 3196 874 pietatem
3229 810 3507 870 peccatum
3546 815 3699 853 suum

2125 897 2370 952 cenfessa
2401 938 2415 962 ,
2455 898 2537 952 vel
2595 899 2754 953 aliter
2803 898 3290 969 quomodocunqne
3336 910 3364 947 a
3414 905 3562 963 patre
3607 907 3703 944 suo

2127 994 2394 1056 spirituaii
2424 995 2702 1060 convicta,
2755 1010 2863 1048 non
2909 994 3067 1047 debet
3133 990 3443 1060 publicari,
3501 995 3554 1041 et
3610 1002 3706 1055 pro

2128 1086 2369 1141 adultera
2406 1101 2433 1138 a
2468 1089 2584 1140 viro
2615 1101 2713 1141 suo
2741 1085 2992 1153 cognosci
3026 1102 3038 1137 :
3072 1099 3138 1137 nc
3170 1080 3297 1136 illud
3329 1079 3517 1133 mortis
3545 1091 3706 1130 causa

2129 1180 2244 1233 fiat.
2278 1170 2486 1233 Ateam
2510 1177 3033 1232 excommunicatam
3058 1188 3275 1228 maluere
3302 1172 3492 1240 jnbent
3526 1167 3710 1220 Patres

2128 1284 2250 1324 cum
2284 1270 2528 1324 fidelibus
2549 1269 2865 1323 mulieribus
2893 1275 3125 1321 stantem
3153 1304 3169 1327 ,
3222 1265 3397 1317 donec
3452 1270 3666 1322 tempus
3692 1293 3708 1322 ,

2130 1365 2178 1418 ei
2213 1365 2301 1432 'qui
2338 1362 2690 1417 fornicatione
2721 1360 3026 1429 peccaverit
3050 1361 3402 1413 constitutum
3435 1395 3451 1419 ,
3482 1352 3708 1420 implea-

2133 1465 2236 1509 tur.
2266 1455 2321 1510 Si
2354 1454 2498 1509 enim
2538 1470 2659 1508 cum
2688 1452 3008 1507 deﬂentibus
3046 1459 3101 1504 et
3144 1449 3490 1504 audientibus
3525 1443 3699 1497 collo-

2133 1548 2368 1613 cabitur,
2400 1547 2516 1601 viro
2546 1560 2646 1601 suo
2674 1547 2727 1599 in
2761 1544 3125 1614 saepicionem
3163 1541 3362 1606 veniet,
3397 1547 3451 1594 et
3482 1536 3716 1593 fortasse

2135 1640 2435 1695 ocvidetur.

2687 1816 2918 1874 CANON
2950 1813 3171 1871 XXXV.

2139 1914 2196 1970 In
2228 1913 2444 1978 marito,
2496 1913 2588 1982 qui
2625 1914 2691 1967 ab
2751 1925 2923 1965 uxore
2963 1910 3191 1965 relictus
3215 1917 3318 1969 est,
3352 1906 3722 1963 derelictionis

2211 2027 2430 2068 causam
2493 2010 2841 2065 considerare
2869 2016 3116 2077 oportet;
3157 2006 3258 2060 etsi
3306 2012 3502 2072 praeter
3554 2003 3717 2056 ratio-

2213 2120 2335 2159 nem
2394 2118 2513 2157 eam
2601 2101 2894 2156 secessisse
2943 2096 3297 2168 apparuerit,
3365 2093 3457 2149 ille
3506 2092 3721 2160 quidem

2213 2199 2408 2268 dignus
2440 2197 2595 2252 venia
2659 2202 2763 2260 est,
2818 2193 2912 2248 illa
2943 2207 3069 2247 vero
3098 2204 3274 2259 poena.
3312 2188 3368 2242 Ei
3405 2198 3585 2241 autem
3620 2199 3721 2240 ve-

2221 2293 2330 2355 nia,
2366 2300 2419 2343 ut
2448 2289 2705 2348 Ecclesia:
2732 2285 3118 2346 communicet,
3153 2280 3390 2334 dabitur.

2218 2383 2412 2438 BALS.
2452 2382 2698 2436 Prresens
2742 2393 2917 2434 canon
2963 2375 3270 2430 declaratur
3312 2368 3648 2440 per'factam
3697 2378 3725 2417 ιι

2147 2478 2305 2533 nobis
2378 2473 2878 2543 interpretationem
2938 2471 2991 2525 iu
3046 2482 3221 2522 canon
3283 2464 3351 2518 8'1
3419 2460 3611 2531 synod.
3676 2459 3728 2511 in

2148 2562 2353 2627 Trulla.
2390 2568 2456 2623 Et
2502 2568 2620 2638 lege
2659 2581 2778 2620 eam
2834 2573 2888 2619 et
2950 2576 3146 2616 canon.
3196 2559 3230 2614 9
3277 2557 3450 2612 sancti
3508 2552 3726 2633 Patris,

2149 2681 2198 2722 et
2228 2666 2321 2719 ει.

2221 2758 2476 2816 ΖΟΝΑΒ.
2510 2756 2642 2823 Quae
2699 2752 2874 2806 virum
2932 2761 3089 2801 suum
3143 2740 3405 2810 reliquit,
3462 2736 3730 2805 siquidem

2150 2855 2352 2921 absque
2377 2853 2522 2921 justa
2555 2859 2717 2902 causa
2762 2838 3074 2900 secesserit,
3127 2833 3429 2887 multatur:
3463 2832 3583 2882 viro
3635 2842 3735 2879 au-

2152 2956 2261 3002 tem
2290 2941 2623 3013 ignoscitur:
2648 2951 2755 2991 non
2788 2931 3006 3003 quidem
3038 2934 3098 2981 ut
3125 2927 3227 2978 alia
3265 2922 3343 2976 uti
3392 2922 3584 2981 liceat,
3639 2932 3736 2970 ve—

2157 3053 2272 3094 rum
2296 3012 2353 3090 ut
2381 3034 2448 3088 ab
2480 3030 2719 3086 Ecclesia
2753 3025 2977 3080 minime
3010 3027 3348 3086 segregetur.
3386 3012 3542 3068 Nono
3573 3023 3737 3078 porro

2155 3131 2331 3199 capite
2360 3128 2447 3181 hic
2468 3132 2690 3179 sanctus
2714 3119 2817 3183 vir,
2842 3129 3014 3184 neque
3034 3108 3177 3181 quod
3203 3124 3230 3161 a
3256 3106 3376 3160 viro
3398 3104 3734 3162 verberetur,

464 3202 559 3255 τοῦ
604 3203 816 3273 ἀνδρὸς,
864 3200 989 3254 οὔτε
1025 3204 1088 3253 τὸ
1130 3201 1208 3263 είς
1249 3198 1504 3269 χρήματα
1547 3193 1895 3264 ζημιοῦσθαι,
1941 3192 2054 3245 ἀλλ’

2180 3235 2339 3292 teque
2381 3217 2523 3288 quod
2563 3218 2830 3285 jacturam
2876 3206 3230 3276 pecuniarum
3275 3196 3583 3260 sustineat,
3626 3193 3738 3246 imo

463 3297 584 3350 οὐδὲ
625 3296 685 3348 τὸ
732 3295 1033 3365 πορνεύειν,
1063 3295 1193 3355 ἴσως
1227 3291 1318 3343 τὸν
1345 3290 1532 3359 ἄνδρα,
1580 3286 1832 3352 εὐλόγους
1873 3284 2052 3347 αἰτίας

467 3392 681 3454 ἔκρινεν
706 3388 872 3451 εἰςτὺ
891 3385 1195 3456 ἀποστῆναι
1221 3383 1315 3453 τὴν
1339 3383 1569 3451 γυναῖκα
1591 3378 1679 3432 τοῦ
1707 3378 1908 3448 γάμο),
1934 3375 2056 3429 οὐδὲ

472 3482 578 3551 μὴν
611 3480 671 3533 τὸ
704 3479 934 3533 ἄπιστον
968 3476 1131 3530 αὑτὸν
1158 3473 1321 3529 εἷναι.
1346 3538 1377 3554 ς

554 3574 796 3628 ’ΛΡΙΣἸἏ
850 3572 976 3626 Ἐὰν
1013 3571 1220 3639 ἀλόγως
1247 3566 1605 3638 ἀνεχώρησεν
1644 3563 1677 3632 ἡ
1709 3561 1846 3631 γυνὴ
1869 3599 1885 3626 ,
1918 3561 2058 3634 αὐτὴ

481 3668 574 3738 μὲν
608 3668 709 3720 οὐκ
740 3666 1057 3728 ἀνεύθυνος.

553 3762 617 3816 Ἦ
661 3760 1036 3815 καταλιποῦσα
1070 3758 1161 3811 τὸν
1199 3758 1328 3812 ἴδιον
1365 3756 1556 3825 ἄνδρα,
1604 3737 1698 3810 καί
1736 3754 1796 3819 ἐξ
1847 3752 2058 3809 ἐκείνου

477 3853 687 3920 ἀλόγως
746 3850 1186 3920 ἀναχωρήσασα,
1246 3851 1302 3901 ἐν
1357 3849 1659 3918 ἐπιτιμίοις
1724 3845 1911 3899 ἔσται’
1968 3842 2064 3897 καὶ

482 3947 706 4016 μᾶλλον,
739 3946 787 3998 εἱ
817 3945 904 3998 ἐπ’
933 3944 1094 3999 ἄλλον
1115 3938 1278 4014 ἦλθεν
1311 3941 1481 4010 ἄνδρα
1500 3956 1514 3972 ⁸
1548 3941 1669 3994 τότε
1699 3938 1807 4009 γὰρ
1835 3937 1910 3997 ὡς
1943 3951 2065 4003 μοις

480 4042 636 4110 χαλ”·ς
665 4038 1077 4103 κατακρίνεται,
1110 4034 1251 4088 κατὰ
1279 4034 1373 4087 τὸν
1396 4033 1615 4085 ἔννατον
1636 4029 1870 4084 -κανὸνα,
1915 4027 1975 4081 '0
2006 4025 2066 4080 δέ

480 4132 641 4203 ἀνὴρ,
688 4133 715 4183 ὁ
761 4128 1145 4196 καταλειφθεὶς
1187 4126 1280 4180 ὑπ’
1312 4125 1502 4195 αὐτῆς,
1535 4119 1868 4191 συγγνώμης
1918 4119 2068 4173 ἐστὶν

483 4225 655 4288 ἄξιος,
712 4223 805 4277 καὶ
844 4222 933 4277 διὰ
956 4219 1136 4286 τοῦτο,
1179 4220 1228 4274 εί
1275 4218 1442 4288 ἄλλην
1486 4215 1626 4288 λάϐῃ
1669 4216 1927 4281 γυναῖκα.
1978 4210 2069 4267 καὶ

487 4302 902 4386 ὀίνεπιτίμητος.

1055 4405 1302 4462 ΚΑΝΩΝ
1324 4406 1466 4472 Δεῖν.

494 4502 899 4572 Στρατιώτιδες
925 4502 982 4555 αἱ
1013 4500 1122 4555 τῶν
1152 4498 1359 4570 ἀνδρῶν
1385 4496 1568 4551 αὐτῶν
1616 4493 1840 4564 ἀφανῶν
1900 4492 2071 4547 ὅντων

559 4615 630 4664 γα
657 4600 845 4663 ιεῖσαι,
871 4593 946 4665 τῷ
999 4592 1150 4661 αὐτῷ
1203 4591 1529 4646 ὑπόκεινται
1580 4589 1745 4658 λόγῳ,
1785 4583 1939 4659 ᾧπερ
1979 4588 2074 4641 καὶ
2108 4590 2153 4646 D

567 4691 621 4744 αί
653 4692 743 4743 διὰ
764 4690 864 4760 τὴν
887 4688 1201 4759 ἀποδημίαν
1228 4686 1340 4738 τῶν
1373 4684 1606 4753 ἀνδρῶν,
1645 4683 1719 4753 μὴ
1772 4683 2074 4751 ἀναμεῖνα·

574 4803 663 4836 σαι
694 4785 797 4852 τὴν
827 4781 1088 4836 ἐπάνοδον
1114 4796 1129 4813 ο
1154 4779 1295 4842 πλὴν
1322 4778 1434 4848 ἔχει
1465 4780 1590 4830 τινὰ
1633 4773 1968 4844 συγγνώμην
2015 4772 2077 4826 τὸ

567 4879 802 4945 πρᾶγμα
843 4873 1098 4938 ἐνταῦθα,
1147 4870 1237 4925 διὰ
1284 4871 1346 4924 τὸ
1397 4864 1602 4941 μᾶλλον
1663 4869 1803 4936 πρὸς
1845 4867 2078 4922 θάνατον

579 4965 720 5022 εἶναι
751 4969 849 5038 τὴν
879 4967 1164 5020 ὑπόνοιαν.
1512 4988 1529 4996 ·

584 5062 709 5115 ΒΑΛ
723 5063 782 5116 Σ.
846 5061 959 5115 Καὶ
988 5055 1145 5122 οὗτος
1177 5059 1205 5111 ὀ
1232 5056 1435 5121 κανὼν,
1467 5054 1649 5126 ῥητῶς
1680 5051 2080 5120 ἁνατατόμενος

506 5156 569 5207 ἐν
601 5154 680 5222 τῷ
719 5150 1091 5223 ἐννενηκοστῷ
1118 5150 1288 5221 τρίτῳ
1302 5148 1489 5223 κανόνι
1508 5145 1609 5216 τῆς
1640 5146 1698 5199 ἐν
1719 5141 1796 5214 τῷ
1825 5140 2082 5215 Τρούλλῳ

507 5248 728 5302 σννίδου
765 5245 1077 5315 ἐρμηνεύθη
1116 5245 1319 5298 ἐκεῖσε.

542 5314 805 5394 ΖΩΝΑΡξ
824 5314 934 5391 καὶ
965 5335 1158 5395 αἰτῶν
1191 5331 1548 5403 στρατιωτῶν
1574 5345 1837 5400 γυναικες
1858 5314 2082 5381 {mrem

506 5432 616 5486 τῶν
644 5429 867 5485 οἰκείων
885 5427 1096 5499 ἀνδρῶν
1129 5426 1205 5498 μὴ
1230 5410 1574 5495 φαινομένων
1604 5422 1701 5474 ἐὰν
1725 5421 1934 5491 ἑτέροις
1956 5436 2086 5472 συν-

510 5523 781 5601 αφθῶσιν,
817 5520 1022 5591 ὁμοίως
1066 5517 1428 5589 ἐπιτιμῶνται
1453 5517 1576 5579 ταῖς
1602 5514 1818 5577 λοιπαῖς
1847 5512 2084 5580 γυναιξὶ,

512 5622 632 5681 ταῖς
657 5612 1128 5685 ἀποδημασάντων
1186 5610 1280 5663 ἐπὶ
1345 5607 1560 5679 μακρὸν
1621 5605 1731 5659 τῶν
1752 5603 1962 5674 ἀνδρῶν
1991 5602 2092 5656 αὐ-

513 5709 623 5763 τῶν
702 5705 1073 5777 γαμηθείσαις
1153 5701 1355 5765 ἄλλοις.
1385 5702 1612 5770 Ἔχουσι
1649 5697 1705 5750 δὲ
1734 5696 1875 5757 τινὰ,
1930 5694 2086 5765 φησι,

518 5798 849 5868 συγγνώμην
871 5796 924 5848 αἱ
950 5791 1352 5864 στρατιώτιδες,
1383 5789 1470 5843 διὰ
1501 5787 1561 5840 τὺ
1592 5785 1792 5857 μᾶλλον
1847 5786 2092 5837 ὑπονοεῖ.

524 5894 648 5947 σθαι
679 5889 861 5943 θανεῖν
887 5888 1012 5948 τοὺς
1032 5882 1411 5954 στρατιώτας,
1437 5881 1502 5933 ἐκ
1533 5879 1625 5932 τοῦ
1655 5896 1719 5930 πε
1730 5880 1781 5949 ρί
1818 5876 2088 5945 πολέμους

2159 3284 2334 3384 neque
2366 3284 2510 3384 quod
2542 3284 2625 3362 vir
2661 3307 2896 3361 fortasse
2920 3297 3217 3354 fornicetur
3239 3330 3256 3356 ,
3277 3293 3475 3361 justam
3526 3284 3739 3338 mulieri

2158 3376 2399 3464 causam.
2434 3397 2761 3457 abscedendi
2796 3430 2801 3435 -
2831 3408 2952 3449 esse
2987 3385 3270 3457 judicavit,
3316 3396 3492 3450 neque
3521 3376 3737 3432 demum

2159 3499 2303 3570 quod
2326 3513 2357 3551 a
2399 3496 2503 3550 fide
2538 3493 2619 3546 vir
2652 3491 2769 3559 ipse
2800 3486 2871 3541 sit
2896 3484 3135 3537 alienus.
3393 3540 3402 3550 .

2234 3586 2463 3644 ARIST.
2490 3584 2546 3638 Si
2579 3581 2774 3637 mulier
2828 3577 2948 3633 sine
2996 3570 3209 3628 ratione
3249 3562 3576 3625 recesserit,
3627 3560 3743 3626 ipsa

2162 3683 2378 3754 quidem
2420 3678 2574 3744 culpa
2605 3689 2713 3728 non
2745 3677 2921 3724 vacat.

2236 3777 2365 3842 Qua:
2387 3743 2560 3825 virum
2583 3780 2738 3821 suum
2767 3760 3076 3830 dereliquit,
3107 3766 3161 3813 et
3183 3755 3250 3808 ab
3279 3767 3344 3807 eo
3369 3750 3486 3803 sine
3533 3743 3747 3800 ratione

2167 3865 2434 3930 recessit,
2458 3859 2632 3931 pmnis
2658 3855 2997 3922 subjicietur,
3028 3860 3084 3906 et
3106 3847 3377 3920 praecipue
3402 3844 3445 3895 si
3466 3840 3531 3893 ad
3580 3837 3745 3890 alium

2168 3960 2344 4014 virum
2376 3954 2608 4010 venerit.
2642 3951 2798 4005 Tunc
2848 3948 2994 4002 enim
3044 3952 3108 3999 ut
3148 3940 3391 3996 adultera
3431 3932 3744 4003 jndicatur.

2165 4053 2318 4124 juxta
2354 4063 2551 4104 nonum
2579 4056 2842 4099 canonem
2870 4057 2886 4095 :
2919 4040 3004 4093 vir
3038 4048 3217 4091 autem
3242 4031 3310 4085 ob
3351 4044 3411 4081 ea
3453 4023 3748 4079 derelictus

2168 4120 2323 4201 venia
2348 4145 2540 4214 dign-'s
2562 4148 2664 4207 est,
2691 4149 2855 4209 atque
2882 4135 3003 4190 ideo
3020 4132 3066 4187 si
3097 4129 3255 4185 aliam
3290 4120 3505 4180 duxerit
3524 4128 3749 4173 uxorem

2171 4239 2377 4311 culpari
2405 4235 2614 4307 nequit.

2595 4413 2704 4486 95
2749 4407 2980 4468 canon
3040 4399 3287 4461 xxxvr.

2175 4507 2401 4563 Militum
2455 4517 2677 4568 uxores,
2736 4516 2878 4570 quae,
2928 4508 3052 4553 cum
3106 4489 3282 4547 mariti
3345 4486 3585 4556 ipsarum
3641 4491 3749 4533 non

2252 4604 2570 4666 appareant,
2595 4598 2920 4662 nupserunt,
2952 4588 3126 4642 eidem
3151 4580 3348 4638 rationi
3372 4575 3752 4643 subjiciuntur,

2248 4692 2332 4746 cui
2370 4699 2424 4744 et
2455 4703 2575 4757 qua!
2615 4695 2837 4754 propter
2883 4680 3207 4736 maritorum
3261 4668 3753 4743 peregrinationem

2253 4781 2430 4833 reditu
2461 4794 2567 4831 non
2601 4782 2913 4841 exspectato
2943 4768 3261 4837 nupserint;
3292 4763 3384 4817 sed
3407 4775 3497 4815 res
3524 4754 3760 4810 nonnulo

2255 4870 2361 4923 Iam
2411 4868 2503 4921 hic
2531 4865 2746 4921 veniam
2788 4858 3047 4921 admittit,
3076 4854 3216 4924 quod
3258 4849 3432 4918 major
3462 4846 3537 4900 sit
3570 4842 3758 4898 mortis

2252 4961 2511 5029 suspicio.
2562 4994 2567 4999 -

2256 5026 2451 5107 BALS.
2484 5053 2584 5106 Hic
2621 5062 2835 5119 quoque
2887 5057 3060 5100 canon
3093 5039 3146 5094 in
3202 5037 3271 5092 9‘5
3320 5049 3441 5107 syn.
3488 5030 3544 5086 in
3572 5026 3760 5086 Trullo

2186 5148 2504 5208 collocatus,
2550 5143 2658 5197 illic
2694 5152 2777 5196 est
2812 5139 3225 5205 interpretatus.

2259 5322 2515 5380 ZONAR.
2548 5320 2618 5375 Et
2647 5319 2876 5373 militum
2911 5325 3126 5382 quoque
3156 5322 3375 5368 uxores,
3435 5303 3502 5358 ad
3534 5300 3787 5355 multum.

2190 5415 2448 5484 temporis
2511 5413 2752 5481 ipsarum
2807 5407 2940 5468 viris
2988 5416 3093 5456 non
3123 5397 3533 5468 apparentibus,
3563 5392 3607 5445 si
3643 5389 3764 5442 aliis

2192 5507 2493 5576 jnngantnr
2522 5501 2637 5570 pari
2669 5514 2791 5555 cum
2834 5495 3058 5564 reliquis
3104 5489 3425 5544 mulieribus
3466 5484 3635 5576 multa
3664 5496 3763 5548 pn-

2194 5599 2437 5659 niuutnr,
2488 5607 2628 5662 qum,
2689 5604 2811 5643 cum
2870 5585 2970 5638 viri
3025 5582 3226 5638 diutius
3268 5575 3762 5646 peregrinarentnr,

2195 5691 2317 5743 aliis
2375 5691 2698 5755 nupserunt.
2759 5679 2969 5733 Habent
3027 5689 3157 5728 vero
3214 5669 3530 5740 quamdam,
3567 5662 3761 5729 inquit,

2197 5799 2224 5833 v
2265 5782 2407 5833 niam
2470 5774 2698 5831 milituiu
2750 5784 2969 5829 uxores,
3000 5767 3140 5835 quod
3169 5762 3383 5817 fat-i’ius
3430 5755 3765 5823 suspicemur

2199 5874 2337 5926 inter
2362 5871 2468 5924 isse
2505 5867 2725 5932 milith
2759 5858 3060 5934 quippcqni
3088 5857 3230 5910 inter
3262 5850 3397 5908 bella
3427 5859 3479 5904 et
3506 5848 3677 5902 cardus
3703 5858 3766 5895 ac
