4008 6454
319 433 428 500 ³703

1529 380 1835 496 ’ἸΠΕΟΙἎ
1882 424 1971 488 ΒΑ
1988 430 2281 491 LSAMON

3468 430 3577 491 Ἰθί

323 546 560 619 pericula
584 546 755 600 vitam
780 512 960 615 aiant.
998 545 1164 602 Venia
1196 562 1357 617 porro
1389 547 1478 601 illi
1520 546 1702 607 fuerit,
1731 552 1787 595 ιιι
1818 542 1884 595 de

2009 542 2083 589 tz‘a
2115 541 2327 609 σψαγάς
2352 539 2442 593 καὶ
2470 524 2752 604 ⁸κινδύνους
2777 539 3236 611 ἀναστρέφεσθαι.
3257 541 3320 593 'll
3352 541 3407 594 δὲ
3444 559 3579 607 συγ-

324 651 566 706 tempore
600 652 776 706 paena!
810 638 1497 707 persolvendaaconstituto
1530 638 1731 707 aliquid
1762 635 1893 705 ipsis

243 716 248 721 ’
323 725 661 779 detrahatur.

397 814 623 870 ARIST.
685 816 911 870 Militum
960 833 1156 874 uxores
1204 834 1322 888 qua:
1384 834 1449 875 eo
1482 820 1625 889 quod
1657 819 1754 872 viri
1811 816 1894 872 sui

328 924 594 976 nus-qnam
640 918 935 978 appareant
970 911 1431 980 aliisjnngnutur,
1464 921 1589 967 sunt
1633 911 1789 965 venia
1812 910 1893 962 di-

327 1004 543 1070 gniores
574 1003 715 1065 aliis,
762 1018 882 1072 qua
944 1013 1163 1072 propter
1196 1019 1383 1059 eorum
1431 1005 1895 1078 peregrinationes

329 1113 430 1149 Itmt
456 1109 791 1163 exspectant.

403 1188 586 1240 Eidem
662 1185 1032 1243 fornicationis
1103 1188 1369 1258 supplicio
1431 1189 1797 1258 subjiciuntur
1845 1197 1899 1243 et.

328 1279 500 1332 amba:
533 1281 614 1333 hac
655 1281 929 1341 mulieres,
959 1290 1154 1347 etquae
1176 1281 1274 1335 viri
1315 1296 1343 1333 a
1374 1282 1564 1336 militia
1593 1281 1898 1336 communis

327 1380 380 1418 ct
418 1351 809 1436 peregrinantis
841 1385 980 1425 uxor
1008 1379 1113 1436 cst,
1147 1380 1200 1425 et
1250 1373 1563 1441 priusquam
1619 1372 1782 1426 certis
1815 1387 1902 1426 ar-

328 1464 599 1531 gumentis
643 1465 999 1517 conﬁrmetur
1036 1447 1181 1519 mors
1213 1464 1376 1528 illius,
1417 1465 1505 1518 alii
1535 1467 1802 1534 nupserit,
1847 1474 1900 1518 et

328 1568 448 1620 qua:
476 1553 663 1606 militis
691 1563 775 1608 est
812 1568 971 1619 uxor,
1006 1555 1049 1607 si
1081 1565 1134 1609 et
1166 1556 1256 1608 illa
1286 1566 1575 1625 antequam
1611 1557 1709 1609 viri
1733 1556 1900 1624 ipsius

333 1654 564 1699 mortem
600 1654 853 1697 accurate
875 1644 1084 1711 didicit,
1114 1646 1202 1700 alii
1234 1648 1607 1719 conjungetur.
1623 1647 1901 1715 Quomodo

329 1746 508 1787 autem
572 1736 802 1788 militum
867 1752 1064 1791 uxores
1117 1754 1238 1791 cum
1288 1743 1398 1793 vita
1455 1741 1735 1796 defunctos
1782 1756 1902 1797 esse

331 1826 556 1879 maritos
586 1841 713 1880 snos
747 1826 1036 1881 didicerint
1069 1841 1297 1883 mortem
1330 1846 1514 1885 corum
1576 1832 1901 1901 investigare

332 1918 550 1978 debent,
594 1919 884 1973 centesima
922 1922 1128 1975 decima
1186 1925 1413 1992 septima
1457 1925 1748 1981 Justiniani
1806 1942 1903 1981 no-

330 2007 470 2059 vella
506 2010 717 2072 statuit,
758 2011 809 2064 in
843 2014 1072 2079 septimo
1101 2016 1255 2069 titulo
1293 2019 1534 2072 vicesimi
1576 2019 1750 2073 octavi
1780 2019 1902 2073 libri

330 2093 687 2154 Βιιςίιίοοιοιιιη
724 2105 921 2169 posita.
954 2106 1121 2175 Cujus
1151 2109 1232 2163 vis
1256 2118 1308 2163 et
1359 2110 1413 2163 in
1460 2125 1582 2165 can.
1621 2112 1684 2166 91
1739 2124 1907 2167 sextze

329 2205 386 2243 .n
421 2190 610 2243 Trnllo
646 2194 835 2262 synodi
875 2196 1081 2266 scripta
1136 2209 1238 2255 est.
1291 2200 1535 2257 Praesens
1591 2214 1769 2257 autem
1811 2220 1903 2258 ca-

332 2294 435 2331 non
471 2282 704 2335 militum
754 2301 954 2341 uxores
1010 2290 1342 2359 indulgentia
1396 2296 1574 2362 aliqua
1629 2296 1900 2366 dignatur,

332 2372 614 2437 plusquam
646 2391 844 2431 uxores
892 2381 1050 2434 aliter
1095 2387 1580 2453 peregrinantium,
1626 2390 1671 2443 si
1717 2390 1781 2443 ad
1814 2407 1903 2445 se-

331 2466 538 2517 cundas
566 2468 785 2536 nuptias
828 2471 1095 2536 venerint,
1127 2474 1261 2529 viris
1292 2477 1406 2532 suis
1437 2494 1544 2533 non
1591 2483 1902 2549 apparenti-

330 2556 431 2608 bus
451 2559 704 2625 quoniam
734 2561 818 2614 isti
834 2564 1009 2631 potius
1031 2581 1195 2634 pr0pe
1218 2578 1444 2623 mortem
1471 2582 1616 2637 sunt,
1641 2583 1901 2628 eteorum

332 2644 573 2699 absentia
606 2663 854 2718 magnam
882 2651 978 2707 dat
1006 2656 1372 2724 suspicionem
1400 2663 1541 2729 quod
1570 2661 1654 2717 vel
1706 2664 1902 2717 mortui

330 2733 436 2787 sint
458 2735 541 2789 vel
570 2737 863 2794 interiecti.

823 2920 1055 2978 CANON
1110 2924 1378 2982 XXXVII.

333 3006 435 3073 Qui
470 3019 753 3080 postquam
782 3012 956 3068 aliena
992 3016 1041 3070 ei
1076 3017 1255 3072 ablata
1286 3020 1451 3076 fuerit
1472 3038 1699 3079 uxorem
1728 3025 1903 3091 duxit,

404 3101 458 3155 in
484 3103 658 3169 prima
676 3105 889 3173 quidem
917 3108 1171 3166 adulterii
1195 3114 1562 3182 accusabitur,
1592 3117 1647 3173 in
1664 3121 1902 3176 secunda

306 3222 313 3225 ι
404 3207 533 3246 νοτ-ο
560 3211 682 3252 rens
706 3215 810 3253 ηοη
843 3211 1054 3272 agetur.

404 3282 600 3340 BALS.
659 3289 904 3344 Alienant
962 3293 1049 3347 hic
1086 3296 1217 3352 dicit
1251 3313 1450 3367 canon,
1495 3316 1615 3371 quas
1665 3305 1902 3374 legitime

331 3377 537 3443 nupsit,
577 3379 658 3433 vel
680 3380 949 3447 desponsa
983 3384 1082 3440 fuit
1103 3389 1284 3445 alicui.
1308 3391 1363 3446 Si
1395 3394 1519 3462 quis
1550 3410 1678 3466 ergo
1697 3397 1903 3455 adulte-

332 3465 471 3529 rium
528 3471 859 3526 cmnmiserit
888 3515 904 3537 ,
951 3475 1132 3531 aliena
1182 3479 1448 3535 insuam
1518 3465 1901 3554 proprietatem

333 3553 613 3629 usurpata,
652 3563 766 3633 lege
790 3567 978 3636 utique
1007 3571 1361 3641 matrimonii,
1388 3585 1441 3629 et
1473 3579 1540 3630 ab
1586 3594 1647 3632 ea
1685 3595 1904 3646 separa-

332 3661 420 3705 tus
474 3652 635 3708 fuerit
672 3671 793 3711 cum
845 3658 1087 3727 legitima
1152 3665 1645 3733 condemnatione,
1702 3672 1905 3742 aliique

331 3736 655 3810 conjunctus
688 3766 702 3802 :
740 3764 837 3818 pro
867 3752 1136 3808 adulterio
1169 3757 1385 3824 quidem
1416 3762 1712 3815 secundum
1741 3780 1904 3819 rano-

333 3852 427 3889 nes
459 3839 728 3905 punietur,
776 3841 830 3895 in
869 3846 1109 3900 secunda
1156 3859 1333 3903 autem
1366 3867 1555 3917 uxore,
1583 3870 1703 3923 qua:
1743 3865 1826 3909 est
1874 3872 1901 3908 a

330 3927 451 3981 viro
502 3930 692 3996 libera,
730 3948 855 3988 reus
902 3950 1006 3990 non
1055 3939 1253 4007 agitur.
1306 3941 1434 3997 Hmc
1489 3955 1667 3997 autem
1709 3954 1836 3999 sunt
1873 3963 1900 3999 a

329 4031 518 4074 sant'lu
534 4024 831 4078 constituta
863 4035 1083 4096 propter
1127 4045 1221 4086 eos
1247 4033 1341 4102 qui
1379 4033 1632 4091 dicebmt
1671 4054 1776 4091 nou
1812 4040 1905 4093 de-

331 4111 461 4164 bere.
495 4114 799 4171 adulterum
832 4122 1082 4175 secundae
1112 4124 1270 4179 uxori
1307 4124 1586 4196 conjungi,
1617 4137 1676 4180 ut
1723 4131 1812 4197 qui
1852 4131 1901 4184 iu

329 4203 619 4269 capitalem
691 4207 1204 4266 condemnationem
1270 4214 1589 4283 incidisset,
1665 4228 1747 4289 et,
1797 4235 1903 4273 non

328 4303 518 4360 posset
556 4295 673 4363 lege
719 4300 888 4381 veteri
939 4305 1263 4359 contrahere
1288 4345 1304 4370 ,
1350 4322 1472 4376 quae
1510 4312 1905 4365 observabatur

330 4394 580 4454 tempore
614 4386 822 4454 Basilii,
870 4392 1081 4448 scilicet
1121 4406 1250 4452 ante
1296 4402 1754 4469 repurgationem.
1792 4403 1906 4459 Etsi

326 4478 478 4531 enim
509 4478 561 4532 in
591 4480 822 4548 capitale
875 4484 1197 4553 supplicium
1237 4490 1508 4560 quispiam
1545 4494 1746 4548 incidat
1785 4510 1906 4562 pro-

1928 1870 1976 1929 B

1924 3204 1974 3269 ὓ

1995 632 2187 700 γνώμη
2232 632 2316 703 εἴη
2378 632 2442 685 ἂν
2495 633 2554 685 τὸ
2624 632 2711 684 τὸν
2745 632 2931 702 χρόνον
2973 631 3065 685 τοῦ
3114 631 3393 700 ἐπιτιμίου
3448 632 3581 694 ἴσως

2009 728 2033 777 ὲ
2046 725 2369 779 λαττοῦσθαι
2412 726 2622 790 αὑταῖς.

2062 818 2287 871 ΑΡΙΣΤ.
2350 819 2420 870 Al
2471 818 2854 886 στρατιώτιδες
2888 820 2944 873 αἱ
2974 819 3063 872 διὰ
3088 818 3184 889 τὴν
3212 818 3320 870 τῶν
3368 816 3577 887 ἀνδρῶν

1998 910 2261 977 ἀφάνειαν
2282 912 2460 974 ἄλλοις
2490 909 2847 980 ζευγνύμεναι
2864 913 3237 979 συγγνωστὸτε
3247 929 3336 981 ραι
3355 910 3462 962 τῶν
3481 908 3577 961 άλ-

1997 1002 2130 1065 λων,
2156 1003 2212 1055 αἳ
2235 1002 2321 1057 διὰ
2346 1006 2443 1063 τὰς
2464 1006 2771 1076 ἀποδημίας
2791 1005 2851 1059 οὑ
2883 1006 3294 1077 περιμένουσιν.

2050 1182 2139 1252 Τῷ
2173 1184 2324 1256 αὑτῷ
2379 1186 2477 1255 τῆς
2510 1186 2762 1256 μοιχείας
2789 1187 3052 1258 ἐπιτιμίῳ
3110 1187 3428 1241 ὑπόκεινται
3487 1191 3581 1243 καὶ

2000 1258 2309 1340 ἀμφότεραι
2344 1272 2764 1343 αίγυναῖκες,ἧ
2814 1291 2873 1326 τε
2906 1273 3000 1327 τοὺ
3060 1275 3432 1351 ἀστρατεύτου
3486 1279 3581 1329 καὶ

2002 1362 2288 1432 ἀποδήμου
2307 1364 2482 1427 ὄντος,
2512 1364 2606 1416 καὶ
2643 1365 2750 1432 πρὸ
2808 1349 2902 1416 τοῦ
2952 1366 3441 1434 πληροφορηθῆναι
3489 1369 3582 1418 τὸν

2003 1454 2229 1508 θάνατον
2249 1456 2436 1515 αὑτοῦ,
2458 1458 2627 1528 ἑτέρῳ
2653 1459 2989 1526 γαμηθεῖσα,
3007 1460 3099 1510 καὶ
3129 1460 3160 1528 ἡ
3187 1459 3281 1511 τοῦ
3310 1461 3583 1530 στρατιῶν

2003 1562 2113 1608 του,
2145 1546 2237 1599 ἐὰν
2262 1547 2356 1598 καὶ
2384 1547 2542 1614 αὑτὴ,
2585 1548 2688 1617 πρὸ
2714 1547 2807 1599 τοῦ
2860 1548 3051 1617 μαθεῖν
3079 1547 3324 1617 ἀκριϐῶς
3352 1551 3419 1601 τά
3447 1549 3580 1617 περὶ

2004 1636 2098 1689 τοῦ
2131 1636 2473 1691 θανάτουτοῦ
2499 1640 2702 1711 -ἀνδρδς
2732 1640 2921 1709 αὐτῆς,
2947 1640 3118 1710 ἑτέρῳ
3143 1641 3409 1711 συναφθῇυ
3435 1643 3585 1704 ὅπως

2003 1729 2060 1782 δὲ
2114 1731 2173 1785 αί
2232 1732 2630 1801 στρατιώτιδες,
2687 1732 2954 1802 μαθοῦσαι
3011 1734 3138 1797 τοὺς
3171 1734 3332 1796 ίδίους
3387 1734 3585 1803 ἄνδρας

1989 1823 2480 1893 οτετελευτηκέναι,
2500 1826 2806 1893 ὀφείλουσιν
2830 1827 3057 1897 ἑρευνᾷν
3083 1828 3212 1898 περὶ
3228 1825 3322 1881 τοῦ
3352 1826 3585 1881 θανάτου

2011 1915 2272 1984 αὑτῶν,ὴ
2332 1916 2764 1981 ’1ουστινιάνειος
2805 1919 3076 1986 ὲκατοστὴ
3144 1920 3586 1988 ἑπτακαιδεκάτη

2007 2006 2196 2074 Νεαρὰ
2218 2006 2605 2075 διαλαμϐάνει,
2662 2010 2695 2077 ἡ
2750 2009 2808 2061 ιν
2863 2009 2943 2078 τῷ
3000 2009 3215 2079 ἑϐδόμῳ
3273 2008 3439 2080 τίτλῳ
3488 2010 3585 2063 τοῦ

2007 2097 2260 2150 εἰκοστοῦ
2298 2098 2488 2165 ὀγδόου
2531 2098 2740 2168 βιϐλίου
2790 2100 2899 2154 τῶν
2950 2100 3252 2170 βασιλικῶν
3309 2101 3538 2169 κειμένη
3568 2116 3588 2132 ·

2004 2183 2071 2260 ἦς
2100 2191 2133 2260 ἡ
2162 2190 2392 2258 δύναμις
2425 2192 2518 2244 καί
2549 2194 2606 2243 ὲν
2631 2175 2709 2261 τῷ
2743 2190 3113 2260 ὲννενηκοστῷ
3166 2190 3368 2261 πρώτῳ
3398 2192 3586 2245 κανόνι

2008 2281 2230 2350 ἐγράφη
2262 2281 2363 2349 τῆς
2398 2281 2552 2352 ἐντῷ
2587 2281 2845 2352 Τρούλλῳ
2893 2282 3062 2350 ’ἕκτης
3117 2281 3360 2335 συνόδου.
3421 2282 3480 2334 '0
3530 2282 3590 2333 δὲ

2007 2373 2200 2445 παρὼν
2229 2372 2413 2426 κανὼν
2442 2373 2770 2444 συγγνώμης
2787 2374 2934 2437 τινὸς
2956 2374 3099 2439 ἀξιοῖ
3136 2375 3240 2437 τὰς
3262 2374 3371 2427 τῶν
3416 2393 3588 2444 στρα-

2007 2464 2218 2517 τιωτῶν
2254 2468 2520 2530 γυναῖκας
2550 2466 2702 2534 παρὰ
2762 2466 2861 2527 τὰς
2909 2469 3179 2533 γυναῖκας
3247 2469 3353 2521 τῶν
3411 2467 3588 2531 άλλως

2007 2558 2457 2627 ἀποδημούντων,
2484 2558 2641 2626 εἴπερ
2666 2559 2802 2628 πρὸς
2829 2560 3084 2630 δεύτερον
3115 2564 3296 2627 γάμον
3352 2561 3583 2624 ἔλθοιεν,

2007 2650 2114 2701 τῶν
2141 2649 2352 2717 ἀνδρῶν
2384 2650 2563 2701 αὑτῶν
2604 2650 3076 2717 ἁφαντωθέντων·
3131 2652 3224 2704 διὰ
3278 2652 3336 2704 τὸ
3386 2651 3588 2719 μᾶλλον

2007 2739 2143 2806 πρὸς
2197 2739 2430 2791 θάνατον
2455 2735 2597 2792 εἶναι
2674 2739 2895 2802 αὑτοὺς,
2947 2742 3038 2793 καὶ
3098 2740 3340 2810 μεγάλην
3386 2741 3585 2794 διδόναι

2008 2829 2262 2880 ὑπόνοιαν
2283 2830 2380 2899 τὴν
2399 2830 2430 2880 ἀ
2444 2830 2682 2898 ράνειαν,
2699 2828 2773 2891 ὡς
2789 2828 3135 2898 τεθνήκασιν,
3160 2830 3191 2900 ἢ
3214 2831 3579 2900 ἀνῃρέθησαν.

2577 2922 2817 2974 ΚΑΝΩΝ
2846 2923 2969 2975 ΛΖ’.

2008 2990 2251 3065 Μετὰτδ
2307 3012 2676 3083 ἀφαιρεθῆναι
2709 3015 2806 3083 τὴν
2886 3013 3174 3083 ἀλλοτρίαν
3232 3017 3259 3067 ό
3303 3017 3586 3086 γαμήσας,

2057 3105 2153 3157 ἐπὶ
2216 3105 2314 3173 μὲν
2342 3109 2408 3175 τῇ
2443 3106 2657 3177 πρώτῃ,
2694 3106 2944 3175 μοιχείας
2974 3106 3389 3177 ὲγκληθήσεται
3432 3125 3446 3139 ο
3486 3108 3586 3159 ἐπὶ

2056 3199 2114 3252 δὲ
2164 3200 2230 3268 τῇ
2271 3199 2500 3268 δευτέρᾳ
2531 3197 2822 3260 ἀνεύθυνος
2854 3198 3029 3250 ἔσται.

2072 3290 2274 3347 ΒΑΛΣ.
2347 3288 2657 3360 Ἀλλοτρίαν
2737 3288 3009 3343 ἐνταῦθα.
3054 3290 3201 3358 λέγει
3286 3293 3314 3343 ό
3402 3290 3585 3345 κανὼν

2004 3384 2103 3453 τὴν
2184 3383 2430 3455 νομίμως
2501 3382 2844 3453 γαμηθεῖσαν
2915 3383 2947 3453 ἢ
2999 3384 3092 3437 καὶ
3154 3385 3586 3452 μνηστευθεῖσάν

2005 3493 2133 3530 τινι.
2212 3475 2279 3527 Εἴ
2355 3492 2439 3537 τις
2546 3474 2678 3542 γοῦν
2772 3477 3071 3544 μοιχεὺσει,
3164 3478 3588 3545 ίδιοποιούμετος

2008 3566 2109 3635 τὴν
2186 3567 2477 3637 ἀλλοτρίαν
2542 3567 2682 3621 κατὰ
2728 3569 2894 3636 νόμον
2956 3568 3121 3637 δῆθεν
3209 3572 3406 3639 γάμου,
3492 3573 3585 3623 καὶ

2006 3661 2176 3729 αὐτὴν
2231 3660 2330 3729 μὲν
2397 3660 2665 3731 ἀφαιρεθῇ
2721 3662 2859 3724 μετὰ
2949 3662 3245 3728 καταδίκης
3325 3664 3582 3731 νομίμου,

2007 3752 2172 3822 ἑτέρᾳ
2248 3750 2301 3803 δὲ
2368 3751 2690 3821 συζευχθῇ⁶
2741 3750 2900 3821 χάριν
2972 3751 3070 3819 μὲν
3146 3754 3244 3820 τῇς
3340 3753 3586 3821 μοιχείας

2006 3840 2150 3891 κατὰ
2175 3839 2300 3901 τοὺς
2332 3839 2566 3901 κανόνας
2590 3838 3077 3908 ὲπιτιμηθήσεται,
3131 3841 3225 3892 ἐπὶ
3252 3840 3307 3892 δὲ
3338 3844 3401 3911 τῇ
3464 3841 3585 3893 δευο

1962 3934 2139 4002 στέρᾳ
2190 3935 2427 4002 γαμετῇ.
2473 3931 2734 4002 ἐλευθέρᾳ
2801 3930 2935 4002 οὔσῃ
3011 3931 3223 4000 ἀνδρὸς,
3279 3933 3379 4022 οὑκ
3432 3932 3585 3984 ἔσται

2006 4028 2324 4088 ὑπεύθυνος.
2375 4025 2699 4096 Ὠρίσθησαν
2726 4024 2981 4078 δὲταῦτα
3008 4026 3159 4093 παρὰ
3196 4024 3293 4078 τοῦ
3324 4024 3585 4093 ἀγίουδιᾶι

2004 4120 2132 4182 τοὺς
2153 4119 2414 4185 λέγοντας
2446 4118 2519 4185 μὴ
2550 4116 2788 4184 ὀφείλειν
2811 4117 2903 4169 τὸν
2939 4118 3129 4185 μοιχὸν
3154 4119 3387 4187 δευτέρᾳ
3419 4118 3583 4169 συνάο

2008 4209 2239 4263 πτεσθαι
2256 4210 2497 4275 γυναικὶ,
2518 4210 2591 4272 ὡς
2604 4208 2874 4277 κεφαλικῇ
2898 4208 3165 4279 καταδίκῃ
3180 4208 3579 4275 ὑποπίπτοντα,

2010 4303 2104 4354 καὶ
2133 4303 2206 4371 μὴ
2233 4301 2536 4371 δυνάμενον
2587 4301 2982 4355 συναλλάττειν
3032 4304 3174 4355 κατὰ
3220 4303 3311 4354 τὴν
3353 4302 3586 4356 παλαιὸν

2007 4395 2173 4464 νόμον
2215 4395 2305 4449 τὸν
2332 4394 2640 4459 κρατοῦντα
2681 4397 2740 4447 ὲν
2790 4398 2912 4456 ταῖς
2948 4395 3188 4464 ἡμέραις
3245 4397 3342 4449 τοῦ
3422 4398 3583 4464 ἁγίου

2010 4485 2323 4544 Βασιλείου,
2364 4485 2610 4545 δηλονότι
2661 4486 2770 4555 πρὸ
2818 4486 2920 4552 τῆς
2966 4486 3418 4557 ἀνακαθάρσεως.
3466 4488 3585 4542 Κᾶν

328 4579 457 4637 pter
497 4568 846 4638 adulterium,
880 4588 984 4628 non
1022 4586 1106 4629 est
1137 4586 1313 4633 tamen
1335 4581 1734 4639 matrimonium
1776 4600 1902 4637 con-

2011 4576 2120 4646 γὰρ
2153 4576 2424 4646 κεφαλικῇ
2483 4551 3047 4648 τιμο›ρίαθὺπόκειταί
3076 4595 3161 4641 τις
3200 4551 3290 4632 διὰ
3310 4579 3407 4648 τὴν
3461 4598 3580 4650 μοι·

329 4659 553 4715 trahere
599 4662 930 4731 prohibitus,
962 4675 1018 4721 et
1060 4668 1182 4723 ideo
1221 4671 1290 4725 de
1328 4686 1394 4726 eo
1437 4688 1544 4729 non
1602 4674 1858 4743 punietur
1891 4694 1904 4731 :

331 4752 505 4806 multo
536 4765 720 4807 autem
756 4755 928 4825 magis
972 4756 1020 4812 is
1057 4758 1222 4814 hodie
1253 4776 1469 4835 poenam
1532 4778 1638 4817 non
1683 4764 1903 4826 subibit.

331 4849 619 4909 propterea
648 4845 791 4913 quod
836 4846 1069 4913 capitale
1106 4850 1440 4918 supplicium
1479 4853 1752 4906 sublatum
1799 4864 1904 4921 est,

327 4938 386 4983 et
411 4933 633 4997 punitur
656 4935 868 4989 adulter
907 4937 1019 4991 sola
1046 4941 1256 4994 narium
1282 4942 1621 4997 abscissione
1646 4953 1701 4998 et
1735 4945 1905 4999 bono-

329 5037 526 5077 norum
549 5025 843 5081 ablatione.
867 5027 932 5083 Et
958 5028 1075 5096 lege
1094 5044 1218 5100 cap.
1252 5030 1341 5097 82,
1366 5032 1450 5085 tit.
1472 5034 1562 5100 '57,
1601 5034 1695 5089 lib.
1739 5049 1829 5100 ιι,
1853 5047 1908 5091 et

330 5114 606 5170 Novellum
643 5117 715 5171 32
753 5120 1099 5188 imperatoris
1149 5123 1354 5178 domini
1400 5122 1597 5180 Leonis
1658 5126 1906 5181 Philoso-

331 5204 446 5270 phi.
484 5204 609 5260 [hec
649 5218 830 5261 autem
866 5210 1040 5263 locum
1080 5211 1372 5275 habebant,
1408 5223 1465 5267 ut
1500 5214 1631 5268 mihi
1667 5215 1903 5279 videtur,

329 5298 547 5362 quando
569 5297 684 5351 sola
708 5298 989 5356 aﬂ‘ectione
1007 5302 1441 5359 constituebatur
1462 5308 1863 5361 matrimonium
1888 5323 1902 5361 :

328 5387 442 5456 96
482 5403 625 5444 nunc
672 5401 852 5445 autem
904 5395 1122 5462 quando
1180 5411 1302 5450 cum
1353 5412 1511 5454 sacra
1556 5401 1805 5456 oratione
1850 5412 1906 5456 ct

331 5489 520 5534 sancto
564 5481 863 5538 ministerio
918 5487 1215 5554 procedunt
1277 5491 1475 5560 nuptiae
1515 5502 1569 5547 et
1605 5498 1901 5566 sponsalia,

330 5570 542 5626 adulter
586 5574 797 5630 mulieri
852 5593 957 5632 non
1010 5581 1167 5636 aliter
1218 5583 1598 5654 conjungetur,
1644 5602 1808 5654 quam
1857 5592 1901 5645 si

331 5661 580 5714 adulterii
617 5663 792 5730 ptenis
833 5665 996 5721 fuerit
1045 5666 1326 5735 liberatus,
1362 5686 1485 5741 quae
1557 5675 1903 5734 declarantur

334 5750 386 5802 in
418 5766 537 5803 can.
574 5754 643 5808 58
671 5759 951 5825 praesentis
977 5762 1173 5816 sancti.

2010 4669 2185 4738 χείαν,
2215 4668 2357 4722 ἀλλὰ
2388 4668 2567 4738 γάμον
2593 4669 2983 4724 συναλλάττειν
3008 4672 3070 4723 οὑ
3120 4670 3456 4737 κεκώλυται,
3491 4675 3586 4726 καὶ

2009 4759 2098 4812 διὰ
2133 4758 2294 4811 τοῦτο
2327 4759 2427 4811 οὑκ
2455 4759 2919 4830 ὲπιτιμηθὴσεται
2958 4761 3118 4831 χάριν
3134 4760 3325 4813 τούτου
3360 4777 3375 4792 ο
3404 4762 3586 4831 πολλῷ

2006 4851 2065 4906 δὲ
2094 4853 2258 4906 πλέον
2299 4854 2360 4905 οὑ
2401 4852 2807 4923 κολασθήσεται
2837 4854 3083 4921 σήμερον
3133 4856 3161 4907 ὀ
3201 4854 3473 4919 τοιοῦτος,
3498 4856 3582 4907 ὃτι

2007 4945 2281 5015 κεφαλικὴ
2365 4946 2601 5015 τιμωρία
2663 4945 2993 5016 περιῃρέθη,
3064 4948 3160 4998 καὶ
3228 4946 3519 5013 κολάζεται
3557 4951 3586 5000 ὀ

2014 5037 2200 5109 μοιχὸς
2241 5038 2378 5107 μόνῃ
2428 5037 2592 5107 ῥινῶν
2630 5038 2837 5106 ἐκτομῇ
2881 5038 2976 5089 καὶ
3029 5038 3370 5109 πραγμάτων
3420 5040 3613 5107 ἀίξαι-κ

2012 5129 2182 5200 ρέσει.
2250 5130 2363 5183 Καὶ
2394 5128 2673 5211 ἀνάγνωθι
2708 5129 2769 5181 τὸ
2804 5128 2893 5197 πβ’
2921 5145 3047 5197 κεφ.
3083 5129 3178 5181 τοῦ
3235 5129 3313 5194 λζ’
3345 5130 3451 5183 τίτ.
3487 5131 3583 5183 τοῦ

2012 5219 2052 5285 ξ’
2099 5221 2263 5291 βιϐλ.,
2289 5222 2384 5274 καὶ
2426 5219 2506 5289 λβ¹
2526 5220 2623 5290 τὴν
2678 5220 2900 5290 Νεαρὰν
2930 5219 3021 5273 τοῦ
3055 5220 3319 5288 βασιλέως
3390 5222 3583 5291 κυρίου

2008 5315 2236 5377 Λέοντος
2258 5312 2353 5366 τοῦ
2382 5314 2704 5382 Φιλοσόφου.
2743 5312 2928 5365 Ταῦτα
2960 5312 3017 5365 δὲ
3039 5315 3222 5384 χώραν
3280 5309 3448 5383 εἶχον,
3506 5314 3584 5377 ὡς

2006 5405 2131 5476 ἐμοὶ
2160 5405 2327 5468 δοκεῖ,
2351 5405 2439 5457 ὅτε
2484 5405 2619 5475 μόνῃ
2680 5398 2922 5457 διαθέσει
2989 5405 3281 5457 συνίστατο
3333 5404 3581 5473 ἀγάμος.

2018 5498 2250 5568 Ἀρτίως
2275 5498 2384 5566 γὰρ
2417 5498 2542 5550 ἐπεὶ
2573 5495 2714 5567 μετὰ
2739 5495 3043 5566 ἱερολογίας
3070 5497 3120 5548 οἱ
3172 5497 3343 5565 γάμοι
3371 5500 3466 5550 καὶ
3525 5499 3582 5549 αἰ

2009 5593 2301 5663 μνηστεῖαι
2332 5589 2744 5660 προϐαίνουσιν,
2770 5589 2950 5652 ἄλλως
2982 5590 3203 5656 γυναικί⁵
3253 5589 3283 5640 ὁ
3306 5590 3493 5659 μοιχὸς
3518 5591 3580 5642 οὑ

2008 5683 2465 5754 συζευχθήσεται,
2506 5683 2554 5735 εἰ
2581 5680 2656 5751 μὴ
2678 5680 2788 5735 ἀπὸ
2816 5680 2925 5733 τῶν
2981 5678 3273 5749 ἐπιτιμίων
3311 5682 3406 5751 τῆς
3463 5697 3582 5747 μοι·

2008 5772 2165 5840 χείας
2190 5770 2460 5840 ἀπολυθῇ,
2499 5770 2608 5823 τῶν
2628 5768 2977 5841 δηλουμένων
3024 5770 3104 5832 είς
3124 5768 3217 5820 τὸν
3277 5765 3352 5837 νη¹
3383 5770 3582 5822 κανόνα.

2003 5863 2099 5916 τ.ὖ
2128 5863 2388 5933 παρόντος
2422 5860 2599 5933 ἁγίου.
2618 5906 2630 5919 ,
