4008 6380
297 224 406 286 ’ῖθὸ

288 799 620 865 ὑπεύθυνος.

350 891 576 947 ΑΡΙΣΤ.
630 894 688 947 '0
719 897 823 966 τὴν
852 898 1138 971 ἀλλοτρίαν
1168 903 1347 973 ἀφεὶς,
1384 910 1477 959 καὶ
1518 910 1699 963 λαϐὼν
1722 913 1872 967 ἐλευ.

287 984 476 1055 θέραν,
513 988 872 1058 ἐπιτιμητέος
907 992 1005 1061 μὲν
1035 993 1124 1046 διὰ
1184 998 1282 1065 τὴν
1318 999 1542 1070 πρώτην
1572 1019 1586 1033 ’
1644 1007 1736 1056 ἐπὶ
1810 1007 1867 1060 δὲ

282 1081 348 1147 τῇ
381 1079 501 1131 δευι
514 1079 635 1150 ἐρα,
669 1082 982 1149 ἀνεύθυνος.

362 1168 427 1221 Εἴ
453 1185 538 1231 τις
599 1175 834 1237 γυναῖκα
872 1175 1022 1248 πλάϐῃ
1069 1179 1201 1249 παρ’
1264 1180 1428 1234 ἄλλου
1479 1185 1847 1241 ἁπολυθείσαν

288 1252 405 1310 εἶτα
433 1259 641 1331 ταύτην
692 1264 876 1332 ἀφεὶς,
932 1268 1097 1340 ἐτέρᾳ
1142 1271 1406 1345 ἐλευθέρᾳ
1462 1279 1708 1347 νομίμως
1763 1298 1861 1332 συ·

281 1349 476 1422 ζευχθῇ
500 1367 516 1384 ο
549 1354 644 1406 ἐπὶ
684 1358 783 1426 μὲν
810 1360 874 1429 τῇ
904 1358 1092 1432 πρώτῃ
1129 1363 1204 1433 τῷ
1227 1366 1325 1434 τῆς
1384 1371 1631 1438 μοιχείας
1682 1376 1857 1426 ἐπιτι-

283 1442 388 1510 μίῳ
440 1444 947 1516 ἐστὶνώπεύθυνος,
1003 1452 1142 1506 διότι
1216 1460 1312 1510 καὶ
1366 1461 1394 1510 6
1443 1462 1857 1536 ἀπολελυμένην

279 1534 533 1603 γαμήσας
558 1538 816 1608 μοιχᾶται
836 1555 851 1572 ⁸
872 1542 964 1593 ἐπὶ
996 1544 1050 1595 δέ
1074 1548 1136 1615 τῇ
1155 1547 1379 1619 δευτέρᾳ
1400 1551 1690 1617 άνεύθυνές
1719 1559 1852 1612 ἐστι.

881 1636 923 1686 Κ
935 1638 969 1689 Α
982 1637 1122 1691 ΝΩΝ
1148 1641 1187 1692 Λ
1199 1640 1278 1694 H'.

1242 240 1323 302 ΙΝ
1366 244 1605 308 EPIST.
1633 250 1689 312 S.
1726 252 2008 314 BASILII
2046 253 2484 341 CANONI‘CAM
2525 268 2603 329 ll.

364 340 611 394 ΖΩΝΛΡ.
664 342 787 395 Ἐάν
818 362 898 408 τις
932 347 1174 419 μνηστὴν
1204 352 1349 415 τινος
1373 356 1409 425 ἢ
1435 362 1669 423 γυναῖκα
1697 363 1879 415 λαϐὼν
1914 378 1954 425 Α

293 427 459 501 εἶχεν,
484 431 604 487 εἶτα
643 436 898 506 ἀφῃρέθη
929 441 1121 511 αὐτὴν,
1155 447 1248 495 καὶ
1277 447 1606 517 άφαιρεθε“ς
1657 456 1877 527 ἐκείνην

292 525 455 601 ἑτέρα
483 525 766 597 συνῴκησε
803 533 1017 602 γαμετῇ
1049 550 1063 563 ’
1094 532 1185 586 διὰ
1220 537 1324 604 μὲν
1347 539 1445 610 τὴν
1508 544 1589 605 εἰς
1657 547 1877 617 ἐκείνην

292 615 677 685 πλημμέλειαν
704 623 783 682 ὼς
847 624 1033 692 μοιχὸς
1075 625 1551 700 ἐπιτιμηθὴσεταί,
1600 636 1692 690 ἐπὶ
1723 639 1777 691 δὲ

282 708 522 777 δευτέρα
554 711 807 783 Ιγαμετῇ,
835 716 1094 789 ἐλευθέρᾳ
1139 718 1273 792 οὔσῃ
1331 724 1544 795 ἀνδρὸς,
1591 730 1691 783 οὐκ
1719 708 1874 785 ἔσται

3444 296 3552 357 ⁸]υῦ

2058 367 2312 428 ZONAIi.
2348 374 2403 428 Si
2436 379 2557 445 quis
2583 380 2812 450 alicujus
2849 403 3098 458 sponsam
3137 407 3190 447 ut
3227 413 3446 455 uxori-tn
3500 407 3550 457 in

1987 463 2386 518 matrimonium
2423 470 2655 536 duxerit,
2689 491 2809 544 quae
2827 492 3006 547 postea
3031 486 3211 544 abillo
3240 492 3415 547 ablata
3448 507 3551 562 est,-

1985 569 2216 621 nmaque
2249 559 2428 613 ablata
2469 563 2579 626 illa,
2618 568 2841 624 altcram
2870 571 3026 645 duxit
3058 593 3315 646 uxorem;
3349 592 3417 640 ob
3459 589 3540 642 ad-

1982 647 2204 701 missum
2262 654 2481 721 quidem
2526 659 2576 710 in
2623 676 2741 712 eam
2794 677 3073 733 peccatum
3117 682 3173 724 ut
3217 675 3426 731 adulter
3457 674 3544 748 pii.

1983 735 2182 803 nictur,
2219 746 2287 794 ob
2312 750 2603 802 secundam
2632 767 2761 805 vero
2787 771 3008 812 uxorem
3035 779 3151 828 quae
3175 778 3203 815 a
3241 767 3355 821 viro
3389 771 3550 825 libera

1979 838 2081 889 οδι,
2119 832 2246 885 tmlli
2282 837 2383 889 erit
2410 852 2582 902 paena:
2616 842 2901 901 obnoxius.

2043 922 2270 979 AlilST.
2310 914 2409 993 Qui
2438 932 2671 986 alienam
2710 937 2937 1005 dimisit,
2968 952 3020 996 et
3061 947 3262 1016 accepit
3301 949 3547 1017 liberam,

1973 1016 2348 1083 corripiendus
2383 1025 2601 1091 quidem
2638 1037 2686 1080 cl
2722 1041 2939 1100 propter
2983 1040 3209 1104 primam
3232 1082 3273 1106 ,.
3302 1045 3394 1095 sed
3425 1060 3550 1113 pru-

1971 1117 2091 1176 pter
2118 1110 2404 1167 secundam
2436 1117 2621 1172 insons
2655 1130 2759 1174 est.

2040 1195 2095 1250 Si
2120 1201 2240 1268 quis
2273 1219 2496 1258 uxorem
2524 1209 2743 1265 duxerit
2780 1215 2847 1267 ab
2878 1216 2987 1269 alio
3021 1218 3323 1288 dimissam,
3355 1238 3543 1293 postea

1965 1304 2083 1342 eam
2137 1286 2566 1363 diasittt'ttspalii
2603 1301 2788 1356 libera}
2847 1306 3086 1375 legitime
3156 1314 3540 1384 cetzjnngatur,

1965 1396 2184 1450 propter
2200 1387 2425 1453 primam
2445 1391 2695 1446 adulterii
2710 1398 2978 1465 supplicm
2996 1400 3264 1455 obnoxius
3283 1416 3386 1469 est,
3412 1411 3538 1477 quia

1963 1482 2009 1524 cl
2036 1460 2125 1543 qui
2159 1477 2435 1531 dimissam
2472 1482 2648 1549 duxit,
2677 1488 3051 1555 adulteratur;
3083 1502 3136 1545 et
3182 1503 3401 1563 propter
3431 1460 3537 1553 .se-

1960 1566 2221 1628 condam.
2246 1569 2476 1625 crimine
2496 1586 2670 1628 vacat.

2472 1664 2705 1721 CANON
2740 1668 3027 1731 XXXVIII.

277 1720 342 1773 Δί
396 1721 554 1794 κόραι
595 1725 829 1796 αῑπαρὰ
850 1731 1080 1800 γνώμην
1104 1736 1199 1785 τοῦ
1256 1736 1497 1804 πατέρος
1556 1732 1825 1815 ἀκολουθὴ

1957 1746 2175 1811 Puellre,
2225 1768 2343 1821 quze
2412 1767 2605 1823 praeter
2650 1764 2820 1828 patris
2874 1768 3202 1822 sententiam
3261 1782 3530 1829 amatores

355 1833 518 1870 σασαι
560 1818 904 1891 πορνεύουσι.
942 1825 1348 1891 Διαλλαγέντων
1402 1830 1457 1882 δὲ
1497 1832 1606 1884 τῶν
1651 1838 1851 1903 γονέων

341 1908 491 1962 δοκεῖ
522 1911 826 1979 θεραπείαν
862 1914 1164 1979 λαμῆάνειν
1200 1919 1260 1970 τὸ
1308 1923 1559 1990 πρᾶγμα.
1615 1910 1728 1980 Οθκ
1759 1933 1851 1983 εὑ-

338 2000 433 2064 θὺς
462 2002 518 2054 δὲ
554 2007 634 2067 εἰς
680 2005 780 2075 τὴν
838 2006 1128 2061 κοινωνίαν
1177 2011 1671 2083 άποκαθίστανται,
1730 2021 1846 2075 ἀλλ’

244 2106 249 2111 ·
324 2093 830 2165 ἐπιτιμηθήσωνται
855 2099 979 2168 τρία
1018 2100 1135 2171 ἔτη.

336 2183 532 2239 ΒΑΛΣ.
577 2187 760 2257 Κόρας
784 2189 1020 2243 ἐνταῦθα
1075 2193 1102 2244 ό
1148 2193 1301 2259 ἆγιος
1350 2198 1448 2261 τάς
1519 2201 1844 2268 ὑπεξουσίας

269 2274 543 2343 ὀνομάζει.
572 2279 710 2348 Φησὶ
745 2280 880 2348 γοῦν
906 2282 1003 2347 ὡς,
1032 2284 1127 2337 ἐάν
1148 2302 1293 2351 τινες
1328 2290 1484 2359 κόραι
1509 2294 1842 2350 ἐπιδώσουσιν

270 2366 467 2433 ἑαυτάς
494 2373 609 2433 τοῖς
663 2375 926 2441 ἐρασταῖς
987 2377 1194 2433 τούτων
1247 2383 1400 2449 παρὰ
1461 2385 1686 2458 γνώμην
1734 2391 1842 2444 τῶν

271 2461 519 2531 πατέρων
538 2466 742 2530 αὐτῶν,
771 2468 867 2519 καὶ
892 2467 1180 2539 φθαρῶσιν
1199 2472 1291 2524 ὑπ’
1321 2478 1571 2543 ἐκείνων,
1607 2482 1710 2534 κᾶν
1743 2458 1842 2551 ἣν

267 2553 663 2620 μικῶςδόξωσι
693 2560 1058 2629 συναφθῆναι,
1097 2564 1447 2633 πορνεύουσι,
1492 2569 1580 2622 διὰ
1610 2572 1670 2623 τὸ
1695 2572 1836 2627 εἶναι

258 2645 639 2702 ἀνυπόστατον
659 2650 750 2702 τὸν
780 2654 1074 2729 γενόμενον
1132 2657 1312 2727 γάμον
1356 2662 1456 2729 τῆς
1514 2662 1838 2728 ὑπεξουσίας

258 2736 384 2807 δίχα
415 2739 645 2809 γνώμης
682 2743 773 2795 τοῦ
799 2727 1040 2816 Ῑπατέρος
1071 2750 1261 2821 αὐτῆς.
1303 2727 1428 2806 Ἐλν
1465 2755 1520 2807 δὲ
1566 2727 1838 2810 καταλλαέ

257 2830 398 2896 γῶσι
453 2832 684 2897 ταύταις
713 2837 762 2889 οῖ
789 2843 967 2905 γονεῖς
997 2843 1199 2905 αὐτῶν,
1233 2846 1326 2897 καὶ
1356 2845 1627 2913 θελήσωσι
1662 2868 1835 2904 συνοι-

254 2924 373 2975 κεῖν
398 2923 606 2987 ταύτας
635 2929 748 2991 τοῖς
775 2931 1058 2999 ἐρασταῖς,
1094 2934 1246 2988 δοκεῖ
1325 2937 1731 3005 θεραπεύεσθαι
1772 2946 1830 2997 τὸ

253 3018 507 3086 πρᾶγμα.
545 3019 618 3071 Τὸ
652 3020 760 3091 γὰρ
789 3023 849 3087 ἐξ
880 3024 1057 3095 ἀρχῆς
1088 3028 1275 3092 κακῶς
1320 3031 1564 3097 γεγονὸς,
1614 3035 1646 3103 ή
1691 3041 1828 3103 μετὰ

249 3108 427 3158 ταῦτα
457 3110 767 3175 συναίνεσις
798 3119 908 3169 τῶν
989 3118 1197 3185 γονέων
1260 3121 1409 3173 δοκεῖ
1485 3122 1829 3192 θεραπεύειν,

250 3197 391 3252 ὥστε
426 3202 525 3269 τὴν
553 3205 808 3274 πορνείαν
833 3211 914 3271 εἰς
940 3210 1118 3279 γάμον
1142 3214 1497 3280 μετάγεσθαι.
1531 3217 1679 3287 Πλὴν
1732 3221 1830 3272 οὐκ

248 3290 415 3355 εὐθὺς
452 3294 621 3365 δεκτή
658 3300 806 3350 ἐστιν
836 3301 866 3369 ἡ
901 3302 1126 3374 τοιαύτη
1155 3306 1236 3368 εἰς
1304 3311 1613 3373 κοινωνίαν,
1693 3312 1828 3364 ἀλλὰ

248 3385 389 3452 μετὰ
438 3393 489 3454 γ’
547 3386 665 3457 ἐτη.
728 3390 992 3446 Ἐνταῦθα
1068 3395 1124 3449 δὲ
1202 3398 1276 3467 μὴ
1347 3398 1650 3471 θεματξσῃς
1729 3405 1827 3473 ἁρ-

244 3476 429 3545 παγὴν
464 3479 719 3545 γενέσθαι
772 3483 865 3533 ἐπὶ
917 3485 984 3554 τῇ
1045 3486 1204 3559 κόρῃ.
1258 3488 1497 3558 Ἔμαθες
1547 3496 1656 3562 γάρ
1720 3493 1826 3545 ἀπὸ

246 3567 339 3619 τοῦ
385 3569 431 3621 λ’
505 3572 730 3636 κανόνος
802 3576 897 3629 καὶ
939 3577 1035 3644 ,ἐξ
1108 3581 1311 3647 ἐτέρων
1385 3584 1506 3645 ὅτι,
1559 3585 1821 3656 άρπαγῇς

247 3666 540 3735 γενομένης
591 3671 702 3722 εἴτε
765 3674 903 3741 μετά
957 3674 1182 3746 γνώμης
1237 3677 1336 3748 τῆς
1397 3680 1652 3746 γυναικὸς
1712 3682 1821 3735 εἴτε

249 3753 345 3805 καὶ
367 3759 535 3827 χωρὶς
559 3759 787 3831 γνώμης
815 3764 1051 3834 ἐκείνης,
1105 3768 1285 3834 γάμος
1364 3770 1426 3821 οὐ
1481 3770 1820 3839 συνίσταται,

240 3846 344 3900 κᾶν
386 3851 436 3902 οί
480 3851 699 3922 ἔχοντες
768 3854 968 3918 αὐτοὺς
1033 3857 1387 3921 ὑπεξουσίους
1463 3848 1810 3921 συναινῶσιν.

250 3939 413 3995 Ἀλλὰ
442 3942 736 4012 θεμάτισον
765 3947 890 4017 δίχα
922 3948 1180 4017 ἁρπαγῆς
1256 3950 1626 4020 ἀκολουθῆσαι
1702 3956 1802 4023 τὴν

235 4031 565 4096 ὑπεξουσίαν
597 4036 673 4106 τῷ
701 4037 927 4103 φθορεί·
963 4038 1054 4091 διά
1101 4040 1211 4108 γὰρ
1266 4040 1422 4093 τοῦτο
1452 4045 1546 4095 καὶ
1585 4045 1621 4112 ἠ
1675 4044 1813 4112 μετὰ

191 4168 207 4179 ,
233 4121 406 4177 ταῦτα
430 4124 738 4188 συναίνεσις
770 4130 920 4179 ποιεῖ
947 4127 1244 4180 ἀνεύθυνον
1272 4131 1364 4182 τὸν
1406 4132 1811 4200 γάμον.Ταῦτα

232 4212 408 4280 δὲ,ὠς
436 4219 558 4286 ἐμοὶ
611 4218 780 4282 δοκεῖ,
832 4218 1019 4289 χώραν
1078 4215 1251 4290 εἶχον,
1316 4221 1447 4275 ὅταν
1499 4227 1808 4278 συναινέσει

233 4307 371 4378 μόνῃ
406 4308 724 4362 συνίσταται
754 4310 782 4361 6
820 4311 1019 4380 γάμος.
1043 4312 1292 4382 Σήμερον
1316 4314 1438 4366 ἐπεὶ
1494 4319 1632 4384 μετὰ
1665 4318 1807 4388 ίερο-

2025 1848 2224 1895 εει-ιιιιίε
2250 1856 2398 1906 sunt,
2429 1848 2769 1906 fornicamur
2799 1873 2811 1908 :
2845 1859 3214 1915 reconciliatis
3267 1879 3395 1918 vero
3439 1881 3523 1932 pa-

2026 1938 2292 2001 rentibus,
2332 1940 2540 1994 videtur
2582 1959 2665 1997 res
2715 1952 3012 2004 remedium
3070 1955 3354 2022 accipere;
3420 1973 3526 2013 non

2022 2030 2272 2092 protinus
2319 2042 2498 2086 autem
2541 2038 2606 2088 ad
2650 2044 3088 2098 communionem
3141 2050 3526 2115 restituentur,

2018 2121 2111 2172 sed
2138 2123 2372 2176 triennio
2397 2127 2709 2193 punientur.

2020 2205 2213 2261 BALS.
2246 2208 2462 2266 Puellas
2486 2213 2573 2268 hic
2603 2226 2824 2271 s:mctus
2849 2235 2965 2284 eas,
3002 2238 3120 2290 quae
3153 2236 3279 2278 sunt
3332 2228 3382 2280 in
3424 2243 3523 2297 po-

1950 2309 2142 2355 testate
2195 2303 2449 2370 appellat.
2504 2304 2643 2359 Dicit
2676 2324 2827 2378 ergo,
2861 2315 3003 2380 quod
3053 2315 3097 2368 si
3161 2333 3279 2384 quae
3333 2320 3524 2386 puclla:

1948 2394 2162 2446 tradent
2196 2397 2403 2461 seipsas
2422 2397 2536 2449 suis
2568 2404 2906 2455 amatoribus
2938 2415 3137 2471 praeter
3170 2423 3389 2461 suorum
3429 2427 3524 2479 pa-

1946 2492 2084 2535 trum
2114 2489 2460 2550 scnteutiam,
2487 2497 2541 2541 et
2587 2492 2653 2541 ab
2682 2491 2786 2543 illis
2820 2485 3260 2564 corrumpantur,
3300 2501 3516 2555 etiamsi

1943 2577 2291 2630 matrimonio
2329 2579 2618 2655 videantur
2644 2585 2977 2652 conjuncti»,
3023 2588 3400 2652 I‘orn'cantur;
3452 2609 3519 2646 eo

1940 2668 2080 2732 quod
2131 2667 2536 2721 matrimonium
2592 2671 2740 2738 ejus,
2784 2690 2901 2742 qua:
2933 2688 3034 2738 est,
3085 2681 3136 2732 in
3196 2683 3359 2735 tutela
3400 2688 3519 2737 sine

1938 2760 2104 2824 patris
2144 2760 2422 2815 voluntate
2458 2765 2760 2819 consistere
2804 2772 3013 2837 nequit.
3062 2772 3156 2826 Sin
3184 2786 3365 2831 autem
3414 2796 3511 2846 pa-

1939 2860 2117 2900 rentes
2152 2849 2387 2918 ipsarum
2425 2853 2503 2905 eis
2546 2857 2883 2911 reconciliati
2928 2859 3154 2930 fuerint,
3180 2875 3233 2918 et
3257 2882 3351 2921 eas
3382 2886 3505 2937 cum

1935 2943 2264 2995 amatoribus
2307 2943 2621 2998 Cobabi-tare
2671 2949 2979 3016 Voluerunt,
3029 2956 3102 3007 rei
3154 2956 3251 3011 bac
3302 2964 3552 3016 ratione.

1938 3032 2149 3084 videtur
2196 3020 2493 3088 remedium
2551 3037 2755 3093 all‘erri.
2809 3040 2964 3106 Quod
3023 3045 3169 3098 enim
3222 3052 3290 3101 ab
3354 3050 3510 3106 initio

1937 3124 2077 3175 male
2115 3124 2321 3177 factum
2340 3135 2444 3189 est,
2476 3138 2758 3195 parentum
2794 3144 2979 3200 postea
3008 3150 3313 3193 consensus
3348 3157 3508 3210 repa-

1932 3229 2053 3267 rare
2078 3216 2309 3277 videtur,
2343 3227 2401 3269 ttt
2442 3218 2729 3274 fornicatio
2782 3222 2832 3274 in
2878 3228 3280 3282 matrimonium
3335 3231 3506 3284 dedu~

1930 3314 2101 3362 catin'.
2125 3305 2193 3359 At
2217 3308 2340 3362 talis
2368 3325 2471 3362 nou
2497 3321 2579 3365 est
2606 3314 2786 3367 statim
2806 3315 2883 3379 ad
2902 3322 3336 3375 communionem
3362 3326 3505 3377 reci-

1928 3396 2146 3464 pienda,
2191 3401 2284 3454 sed
2314 3401 2529 3454 demum
2563 3415 2689 3470 post
2730 3416 2839 3459 tres
2868 3421 3060 3462 annos.
3096 3407 3191 3462 Hic
3215 3419 3393 3465 autem
3437 3430 3504 3468 ne

1924 3491 2167 3555 posueris
2234 3500 2440 3560 raptam
2521 3493 2689 3549 fuisse
2751 3498 3001 3565 puellam.
3082 3500 3153 3554 Ex
3229 3505 3502 3560 tricesimo

1924 3578 2067 3631 enim
2115 3595 2235 3633 can.
2284 3592 2339 3635 et
2386 3599 2450 3635 ex
2521 3585 2642 3637 aliis
2699 3584 2980 3651 didiciSIi,
3026 3576 3166 3657 quod
3221 3594 3264 3646 si
3315 3606 3500 3665 raptus

1920 3666 2094 3722 Iactus
2128 3669 2308 3731 fuerit,
2352 3673 2464 3727 sive
2492 3689 2612 3727 cum
2663 3677 2902 3731 audieris
2932 3682 3228 3745 voluntate,
3275 3686 3391 3738 sive
3433 3704 3496 3742 ea
3582 3741 3586 3745 .

1918 3760 2156 3826 nolente,
2198 3778 2301 3814 non
2357 3764 2605 3816 consistit
2666 3768 3070 3822 matrimonium
3115 3773 3332 3827 etiamsi
3400 3779 3493 3845 qui

1921 3850 2119 3904 habent
2153 3851 2202 3903 in
2227 3859 2494 3920 potestate
2517 3859 2881 3910 consentiant.
2911 3859 3015 3911 Sed
3043 3876 3181 3930 pone
3204 3878 3345 3929 eam,
3372 3883 3493 3933 qua:

1918 3951 2001 3995 cst
2033 3942 2085 3994 iu
2126 3952 2396 4011 potestate
2427 3960 2530 3996 non
2566 3957 2771 4015 raptam
2823 3961 3189 4015 Stupratorem
3246 3967 3491 4010 secutam

1916 4033 2111 4096 fuisse;
2150 4045 2429 4104 pr0pterea
2454 4038 2596 4090 enim
2620 4052 2849 4106 sequens
2878 4055 3176 4095 consensus
3204 4042 3353 4108 facit,
3381 4057 3490 4102 uta

1914 4127 2068 4194 Culpa
2118 4139 2384 4180 remotum
2416 4129 2487 4181 sit
2515 4129 2846 4198 conjugium.
2881 4131 3007 4187 Ilaec
3037 4145 3242 4199 autem,
3276 4146 3333 4190 ut
3358 4141 3489 4193 mibi

1912 4214 2145 4276 videtur,
2172 4215 2344 4269 locum
2390 4216 2683 4282 habebant,
2705 4214 2921 4288 quando
2941 4222 3058 4276 solo
3078 4240 3341 4280 consensu
3361 4243 3487 4282 con-

1911 4307 2133 4363 sistebat
2166 4308 2587 4365 matrimonium.
2616 4309 2785 4381 I’Iodie
2813 4328 2963 4377 vero,
2995 4317 3246 4381 quoniam
3278 4320 3336 4372 tit
3357 4336 3482 4373 cum

228 4397 416 4465 λογίας
442 4401 678 4467 γίνεται,
711 4403 817 4456 κᾶν
850 4407 1241 4458 συναινέσωσιν
1300 4409 1347 4459 oi
1370 4412 1569 4476 γονεῖς,
1627 4411 1805 4481 γάμος

1941 4415 2065 4454 acra
2135 4402 2542 4462 benedictione,
2607 4405 2849 4459 etiamsi“
2886 4416 3145 4471 parentes
3184 4424 3486 4466 consense-

226 4491 369 4559 μετὰ
399 4491 702 4560 ἱερολογίας
724 4494 786 4546 οὺ
820 4494 1054 4562 γίνεται,
1078 4499 1125 4549 εἰ
1192 4497 1267 4567 μὴ
1356 4498 1688 4570 πληρωθῶσι
1737 4501 1806 4556 τὰ

224 4581 322 4634 τοῦ
418 4585 699 4654 ἐπιτιμίου
768 4593 818 4654 γ’
878 4587 972 4657 ἐτη
1045 4588 1078 4658 ἢ
1146 4587 1298 4657 παρά
1380 4589 1473 4642 τοῦ
1572 4592 1803 4644 ἐπισκό-

223 4691 327 4728 που
388 4679 525 4744 μετὰ
575 4678 675 4746 τὴν
718 4666 926 4731 οἰκείαν
1005 4680 1285 4749 ἐπίκρισιν
1378 4683 1801 4753 στενοχωρηθῶο

226 4752 335 4821 σίν.
371 4768 698 4838 Ἱερολογίας
766 4771 823 4823 δὲ
896 4772 1288 4834 άνυποστάτως
1371 4774 1674 4843 γενομένης
1707 4776 1799 4827 ἐπὶ

222 4861 412 4931 ἁνήὸῳ
437 4864 593 4934 κόρῃ,
635 4865 730 4917 καὶ
761 4865 900 4932 μετὰ
948 4866 1122 4917 ταῦτα
1166 4866 1276 4918 τῶν
1309 4867 1564 4933 γαμικῶς
1600 4869 1801 4937 ἱερολο-

222 4951 504 5021 γηθέντων
545 4955 901 5025 στοιχούντων
952 4958 1029 5027 τῷ
1068 4955 1249 5025 γάμῳ,
1284 4956 1619 5029 συνεξητήθη
1660 4961 1707 5012 εί
1730 4959 1798 5014 τά

216 5046 510 5115 τικτόμενα
559 5046 618 5113 ἐξ
648 5048 826 5101 αὐτῶν
878 5049 979 5118 γνή
993 5049 1078 5103 σιά
1102 5051 1215 5101 είσι
1242 5050 1335 5102 καὶ
1366 5051 1599 5120 νόμιμα.
1636 5052 1793 5104 Ἕλε-

217 5153 316 5204 γον
361 5139 467 5207 γάρ
499 5155 639 5202 τινες
676 5138 772 5204 ὡς,
820 5141 942 5193 ἐπεὶ
999 5142 1237 5211 ἀρχῆθεν
1298 5144 1666 5207 ἀνυπόστατος
1724 5140 1793 5216 ἦν

218 5230 398 5298 γάμος
420 5230 508 5283 διὰ
527 5231 628 5300 τὴν
655 5232 965 5303 άνηὸότητα
993 5234 1089 5303 τῆς
1148 5235 1334 5304 κόρης,
1358 5235 1424 5287 τά
1452 5235 1507 5288 δὲ
1530 5237 1586 5300 ἐξ
1616 5239 1791 5308 ἀρχῆς

213 5322 567 5377 ἀνυπόστατα
595 5324 778 5377 ἐκτῶν
835 5328 972 5395 μετὰ
1017 5325 1192 5381 ταῦτα
1234 5327 1650 5394 συμῦαινόντων
1690 5331 1790 5384 καὶ

217 5410 568 5481 βεϐαιοῦνται
593 5414 773 5477 καθώς
803 5416 831 5468 6
856 5412 1019 5484 νόμος
1039 5416 1221 5484 φησιν,
1256 5416 1313 5480 ἐξ
1333 5416 1599 5485 ἀνάγκης,
1624 5420 1671 5469 εί
1711 5421 1786 5490 μὴ

213 5502 444 5570 γένηται
481 5502 710 5572 δευτέρα
767 5504 1057 5574 ἱερολογία,
1091 5504 1212 5557 οὐδὲ
1276 5505 1519 5572 νομίμως
1567 5505 1789 5570 τούτους

215 5593 593 5648 συνάπτεσθαι
616 5596 762 5649 εἴποι
788 5614 897 5661 τις.
933 5597 1005 5649 Τὸ
1035 5597 1166 5649 αὐτὸ
1217 5596 1273 5648 δὲ
1327 5596 1513 5662 ἔλεγον
1547 5597 1783 5665 ὀφείλειν

212 5685 493 5755 γενέσθαιΔ
517 5687 612 5739 καὶ
632 5689 710 5751 εἰς
737 5686 835 5756 τὴν
870 5685 1195 5751 ὑπεξουσίαν
1223 5685 1319 5754 τὴν
1360 5687 1506 5755 ταρᾶ
1555 5686 1781 5755 γ.ιῖ›;ι.ην

1909 4496 2060 4560 rint,
2110 4510 2218 4548 non
2285 4496 2373 4549 lict
2424 4495 2833 4551 matrimonium
2894 4515 3017 4555 cum
3088 4517 3246 4557 sacra
3317 4505 3486 4561 bene.

1908 4585 2142 4641 dictione
2203 4586 2303 4639 nisi
2365 4594 2472 4640 tres
2526 4588 2859 4656 poenitentia:
2920 4592 3045 4646 anni
3090 4595 3292 4662 expleti
3359 4599 3484 4653 tue-

1908 4680 2052 4741 riut,
2110 4677 2192 4732 vel
2231 4679 2299 4733 ab
2350 4679 2608 4747 episcopo
2653 4694 2753 4749 pro
2801 4696 2903 4735 suo
2944 4684 3207 4738 arbitratu
3245 4688 3311 4739 ad
3346 4696 3486 4742 tem-

1905 4786 2003 4839 pus
2071 4770 2287 4825 brevius
2363 4770 2564 4824 redacti
2644 4773 2773 4826 sint.
2819 4771 2954 4828 Cum
3018 4785 3197 4830 autem
3251 4779 3476 4832 benedi-

1902 4865 2031 4926 ctio,
2057 4877 2177 4931 quae
2206 4861 2506 4917 consistere
2532 4876 2636 4916 non
2662 4873 2870 4933 poterat
2895 4864 2946 4917 in
2969 4865 3245 4935 impuberc
3270 4869 3441 4936 puella
3459 4910 3476 4934 ,

1902 4959 2043 5010 facta
2099 4964 2262 5020 esset,
2309 4964 2364 5008 et
2405 4964 2588 5022 postea
2628 4955 2722 5025 qui
2783 4958 3258 5013 matrimonialiter
3315 4961 3478 5015 bene-

1900 5047 2029 5100 dicti
2054 5045 2411 5115 ‘matrimonio
2462 5061 2676 5116 quoque
2699 5046 2873 5116 juncti
2914 5049 3042 5115 sint,
3078 5052 3360 5119 quaesitum
3390 5063 3478 5108 est

1895 5156 1965 5194 an
2005 5140 2093 5206 qui
2122 5154 2187 5191 ex
2222 5138 2301 5191 eis
2337 5148 2639 5192 nascuntur
2686 5139 2794 5192 sint
2829 5143 3070 5208 germani
3122 5157 3182 5196 ac
3224 5144 3469 5213 legitimi.

1895 5233 2159 5289 Dicebant
2211 5232 2355 5283 enini
2401 5230 2641 5284 nonnulli
2674 5234 2838 5300 quod,
2894 5235 3148 5303 quoniam
3191 5236 3474 5291 manimn—
3564 5282 3579 5298 ,

1893 5328 2042 5382 nium
2080 5326 2145 5376 ab
2178 5322 2331 5375 initio
2374 5339 2475 5374 non
2501 5323 2840 5378 consistebat
2880 5336 3097 5394 propter
3132 5329 3324 5395 puellze
3368 5331 3470 5383 itu-

1892 5419 2228 5488 pubertatem
2258 5412 2402 5482 (qua:
2446 5422 2626 5467 autem
2663 5413 2733 5466 ab
2774 5416 2941 5490 initio;
2967 5433 3070 5471 nou
3118 5424 3465 5485 consistunt,

1888 5526 1952 5564 ex
1987 5510 2050 5563 iis
2079 5522 2200 5577 quae
2223 5518 2404 5573 postea
2439 5508 2692 5559 eveniunt
2713 5520 2815 5560 non
2836 5511 3248 5573 conﬁrmantur,
3277 5526 3469 5579 quem-

1888 5600 2179 5655 admodum
2237 5597 2315 5648 lcx
2371 5593 2523 5664 dicit)
2589 5599 2915 5657 necessario,
2952 5600 3049 5653 nisi
3090 5602 3180 5653 Iiat
3227 5604 3461 5653 secunda

1886 5686 2231 5749 benedicti',
2287 5704 2380 5740 uec
2443 5703 2539 5742 eos
2584 5688 2817 5757 legitime
2872 5694 3084 5758 quidun
3146 5694 3464 5758 conjunctos
