4008 6454
472 305 583 368 ἿΟῚ

465 511 584 564 tieri
628 504 954 565 dicebantin
1009 509 1116 564 filia
1163 509 1426 571 familias,
1475 522 1594 577 qua:
1639 515 1839 576 praeter
1869 506 2044 575 patris

467 600 790 654 sententiam
830 601 1108 655 bene.!icta
1144 610 1248 662 est,
1290 602 1625 661 insistentes,
1654 599 1792 667 quod
1822 597 2040 653 etiamsi

465 704 651 762 postea
692 695 1054 759 consenserit,
1094 692 1185 762 qui
1234 694 1379 747 illam
1423 693 1584 747 habet
1636 693 1688 745 in
1750 699 2044 761 potestate,

463 801 571 838 non
626 786 889 840 consistat
937 785 1367 849 matrimonium,
1412 785 1515 839 nisi
1548 785 1714 839 etiam
1762 784 1856 838 fiat
1884 785 2047 838 bene-

461 876 647 931 dictio.
676 876 937 934 Dominus
962 888 1140 931 autem
1166 878 1558 934 Constantinus
1583 877 1837 933 Nicaeuus
1862 877 2046 931 felicis

467 969 739 1022 memoria:
799 968 1014 1023 dicebat
1062 967 1278 1038 quidem
1327 968 1379 1022 iu
1416 967 1763 1022 filiafamilias
1802 982 1907 1020 non
1963 982 2047 1018 re-

461 1059 601 1125 quiri
641 1059 932 1115 secundam
976 1060 1458 1123 benedictionem,
1510 1059 1654 1129 quod
1703 1059 1872 1113 solius
1926 1073 2048 1127 per-

460 1163 608 1205 sonte
646 1151 854 1206 scilicet
889 1152 1058 1221 patris
1087 1161 1432 1222 contemptus
1475 1150 1848 1214 intervenerit,
1899 1161 1953 1204 et
1997 1149 2045 1205 is

463 1258 560 1308 per
588 1260 918 1299 consensum
953 1254 1271 1315 amputatus
1321 1246 1412 1303 sit.
1451 1245 1507 1299 In
1553 1243 1831 1314 impubere
1861 1251 2042 1297 autem

458 1337 628 1391 voluit
692 1337 985 1393 secundani
1053 1339 1169 1393 fieri
1243 1338 1700 1402 benedictionem,
1753 1338 1896 1406 quod
1956 1336 2044 1406 jus

459 1441 746 1484 commune
782 1439 1153 1499 contemptum
1186 1431 1276 1495 sit,
1307 1430 1415 1499 97
1452 1441 1504 1483 et
1551 1444 1659 1482 non
1697 1427 1857 1483 aliter
1877 1429 1925 1482 ei
1955 1442 2042 1481 re-

1736 297 2015 359 TIIEOD.
2054 299 2285 358 BALSA
2297 300 2456 359 MON

465 419 663 472 dixerit
714 416 1001 486 ψιὶεειίαιη.
1041 414 1154 470 Hoc
1194 416 1369 486 ipsum
1400 424 1578 470 autem
1640 413 1805 468 etiam
1850 413 2033 467 deberi

2157 415 2252 467 τοῦ
2286 418 2519 485 πατέρος
2553 413 2991 485 ίερολογτιίὶεῖσαν
3022 410 3414 479 διενιστάμενοι

3631 294 3722 356 7N

3442 425 3459 441 ο
3501 409 3595 472 ὡς,
3639 409 3728 461 κᾶν

2154 506 2296 572 μετὰ
2330 504 2504 558 ταῦτα
2538 504 2834 576 συναινέσῃ
2869 505 2896 556 ὁ
2950 504 3089 573 ἔχων
3153 502 3325 571 αὐτὴν
3384 499 3725 563 ὑπεξουσίαν,

2150 598 2330 664 γάμος
2364 600 2427 651 οὐ
2464 599 2728 669 συσταίη,
2766 601 2814 652 εί
2852 598 2929 671 μὴ
2962 598 3108 666 καὶὴ
3141 594 3416 665 ἱεροὶογία
3490 594 3728 661 γένηται.

2165 687 2225 742 Ὀ
2254 689 2309 742 δὲ
2339 691 2676 760 Μακαρίτης
2705 691 2897 760 κύριος
2955 690 3379 748 Κωνσταντῖνος
3423 690 3449 739 ὁ
3499 684 3731 747 Νικαεὺς

2148 780 2241 832 ἐπὶ
2271 781 2370 851 μὲν
2401 782 2499 851 τῆς
2529 782 2863 848 ὑπεξουσίας
2889 783 3045 847 ἔλεγε
3082 780 3156 851 μὴ
3214 779 3424 831 δεῖσθαι
3478 778 3732 845 δευτέρας

2149 873 2465 942 ἱερολογίας
2514 874 2606 927 διὰ
2628 875 2690 927 τὸ
2745 875 3165 944 καταφρόνησιν
3219 871 3388 941 μόνην
3445 870 3731 938 προσώπου

2148 965 2273 1036 ἦτοι
2297 966 2393 1018 τοῦ
2441 968 2679 1036 πατέρος
2747 966 3033 1034 γενέσθαι,
3084 964 3180 1017 καῖ
3223 965 3434 1031 ταύτην
3492 962 3583 1014 διὰ
3644 963 3733 1030 τῆς

2150 1061 2519 1121 συναινέσεως
2551 1061 3002 1131 περιαιρεθῆναι.
3069 1058 3192 1111 Ἐπὶ
3262 1058 3319 1110 δὲ
3382 1058 3479 1125 τῆς
3528 1056 3724 1124 ἁνήόου

2149 1150 2301 1204 ἔθελε
2363 1145 2630 1223 δευτέραν
2672 1152 2923 1221 γενέσθαι
2957 1151 3285 1221 ἱερολογίαν,
3310 1149 3400 1202 διὰ
3423 1151 3483 1200 τὸ
3548 1149 3734 1215 ἀϋετη-

2150 1242 2313 1312 θῆναι
2337 1245 2523 1298 κοινὸν
2565 1246 2824 1316 νόμιμον,
2853 1244 2949 1297 καὶ
2986 1244 3061 1315 μὴ
3088 1244 3264 1304 ἄλλως
3304 1239 3734 1309 θεραπεύεσθαι,

2149 1336 2199 1386 εί
2231 1335 2307 1404 μὴ
2339 1337 2483 1406 μετὰ
2510 1337 2805 1408 διόρθωσιν
2835 1354 2848 1367 ·
2887 1338 3028 1407 ὅπερ
3060 1338 3185 1406 ὲμοι
3221 1336 3281 1388 οὐ
3330 1336 3502 1400 δοκεῖ,
3537 1334 3624 1386 διὶι
3681 1332 3736 1385 τὸ

2156 1426 2320 1490 σέϐας
2357 1428 2419 1481 τὸ
2438 1430 2576 1500 πρὸς
2611 1431 2712 1494 τὴν
2745 1431 2911 1499 ἁγίαν
2941 1428 3273 1499 ἱερο).ογίαν.

459 1518 696 1573 medium
723 1517 923 1588 aﬂ‘erri,
964 1523 1068 1577 nisi
1099 1532 1221 1593 post
1244 1524 1667 1587 correctionem,
1708 1524 1852 1592 quod
1898 1523 2028 1578 mihi
2060 1536 2166 1577 non
2199 1523 2431 1590 videtur,
2464 1537 2684 1595 propter
2718 1526 3108 1580 bcneilirtionis
3144 1520 3531 1578 revi'renfimn.

518 1615 775 1670 ZONAR.
807 1618 1179 1687 Quzccunque,
1219 1620 1419 1688 inquit,
1455 1621 1647 1688 puellm
1670 1636 1799 1674 suos
1830 1631 2041 1673 amato-

457 1723 546 1762 tes
579 1720 780 1762 secutae
800 1708 1022 1773 fuerint,
1074 1712 1174 1764 hoc
1205 1720 1312 1779 est,
1358 1713 1423 1765 iis
1449 1726 1574 1766 sese
1623 1720 1819 1780 sponte
1864 1710 2037 1764 tradi-

456 1801 662 1863 derint,
723 1815 917 1869 pt‘mtcr
962 1812 1269 1870 parentum,
1329 1804 1430 1857 sub
1482 1817 1714 1872 quorum
1771 1810 2041 1874 potestate

2218 1621 2465 1676 ΖΩΝΑΡ.
2501 1622 2689 1687 Ὅσαι,
2723 1625 2876 1691 φησ,
2928 1623 3089 1695 κόραι
3134 1621 3559 1688 exaediﬁcata;
3602 1617 3738 1671 τιοὶν

2148 1714 2406 1783 ἐρασταῖς
2456 1715 2661 1781 αὐτῶν,
2709 1718 2827 1769 ἀντὶ
2858 1716 2978 1782 τοῦ,
3015 1715 3243 1768 ἐκδῶσιν
3287 1713 3483 1776 ἑαυτὰς
3518 1713 3737 1766 ἑκοῦσαι

2147 1806 2300 1875 παρὰ
2352 1808 2579 1879 γνώμην
2596 1808 2704 1860 τῶν
2741 1810 3031 1879 ὲπατέρων
3062 1809 3261 1874 αὐτῶν,
3294 1803 3378 1870 οἷς
3424 1811 3562 1860 εἰσιν
3603 1806 3731 1859 ὑπε-

456 1903 604 1956 sunt,
660 1895 1011 1959 voluntatem,
1056 1893 1423 1947 fornicamur.
1480 1894 1633 1960 Quod
1676 1896 1719 1949 si
1772 1896 1905 1964 ipsis
1961 1909 2033 1948 tc-

2148 1899 2376 1968 ξούσιαι,
2417 1901 2797 1971 πορνεύουσιν.
2835 1904 2963 1956 Ἐὰν
2989 1902 3047 1957 δὲ
3090 1901 3507 1971 καταλλαγῶσιν
3551 1901 3737 1963 αὐταῖς

456 1985 817 2039 rorteilietitur
846 1995 1099 2055 parentes
1130 1989 1239 2053 sui,
1272 2003 1473 2057 easque
1510 2005 1615 2042 nua
1645 2005 1767 2043 cum
1829 2000 2041 2043 amato—

456 2074 608 2130 ribus
667 2078 1191 2147 corrnptoribusque
1255 2079 1369 2134 suis
1411 2080 1577 2132 vitam
1634 2095 1798 2147 agere
1841 2080 2034 2142 velint,

454 2167 751 2221 remedium
782 2169 830 2222 ei
884 2172 1024 2236 quod
1085 2171 1290 2225 factum
1332 2180 1417 2225 est
1474 2174 1753 2225 inventum
1800 2172 2037 2225 videtur.

456 2261 627 2314 Porro
666 2264 767 2313 hoc
803 2263 946 2330 quod
1007 2262 1165 2316 initio
1212 2277 1378 2332 prave
1418 2274 1628 2333 gestum
1679 2273 1784 2326 est,
1840 2277 2038 2330 paren-

459 2360 572 2401 tum
594 2389 608 2411 ,
652 2350 740 2417 qui
781 2361 900 2418 post
924 2350 1237 2413 adhibetur,
1268 2365 1566 2405 consensus
1586 2366 1787 2418 eosque
1819 2350 2034 2404 videtur

454 2440 826 2503 einollire,ut
891 2440 1234 2495 foruicariam
1314 2442 1592 2495 mulierem
1649 2444 1934 2497 traducere
1985 2444 2037 2495 in

454 2532 862 2585 triatrimunium
916 2532 1094 2585 liceat.
1153 2532 1270 2586 Non
1327 2542 1506 2587 tamen
1566 2534 1655 2586 illa
1733 2535 1918 2587 statim
1971 2536 2038 2587 ad

457 2626 892 2678 communionem
937 2625 1040 2679 erit
1064 2625 1422 2690 admittenda,
1447 2628 1540 2679 sed
1567 2636 1759 2680 exacto
1783 2626 2037 2682 triennio.

526 2714 758 2770 ARIST.
815 2716 946 2784 Quae
998 2730 1188 2771 contra
1231 2719 1559 2772 voluntatem
1616 2721 1787 2788 patris
1847 2734 2036 2776 secuta

453 2819 556 2872 est,
602 2807 924 2863 fornicatrix
953 2821 1226 2863 censetur.
1285 2810 1339 2864 Si
1369 2826 1500 2865 vero
1533 2825 1788 2880 parentes
1835 2827 2030 2866 recon-

393 2898 401 2906 ’
452 2899 618 2953 ciliati
647 2898 871 2963 fuerint,
920 2911 976 2954 et
1044 2900 1245 2955 factum
1302 2903 1601 2956 remedium
1658 2904 1906 2971 accipere
1951 2906 2036 2957 vi-

457 2994 682 3056 deatur;
712 2994 948 3047 triennio
982 3002 1162 3045 tamen
1195 2994 1598 3048 substernatur.

528 3084 631 3151 Qui
673 3086 773 3138 sub
806 3094 1072 3153 potestate
1099 3095 1230 3137 sunt
1275 3095 1471 3154 praeter
1496 3099 1683 3139 eorum
1712 3085 2037 3140 sententiam

456 3177 558 3230 sub
579 3191 807 3244 quorum
855 3186 981 3229 sunt
1027 3185 1298 3245 potestate
1359 3177 1768 3230 nmtrimonium
1820 3188 2039 3231 contra-

2142 1993 2191 2044 οἰ
2225 1996 2403 2060 γονεῖς
2439 1996 2638 2059 αὐτῶν,
2677 1998 2771 2049 καὶ
2806 1996 3076 2066 θελήσωσι
3133 2000 3403 2051 συνοικεῖν
3431 1996 3605 2062 αὐτὰς
3629 2001 3739 2064 τοῖς

2142 2082 2403 2153 ἐρασταῖς
2449 2088 2545 2140 καὶ
2578 2087 2876 2158 φθορεῦσιν
2907 2089 3109 2155 αὐτῶν,
3146 2089 3296 2142 δοκεῖ
3335 2089 3737 2159 θεραπεύεσθαι

2139 2175 2203 2228 τὸ
2244 2178 2560 2245 γενόμενον.
2604 2181 2679 2232 Τὸ
2725 2180 2783 2233 δὲ
2814 2180 2873 2245 ἐξ
2931 2182 3106 2251 ἀρχῆς
3161 2182 3344 2245 κακῶς
3382 2184 3734 2254 γενόμενονή

2145 2268 2286 2339 μετὰ
2305 2269 2481 2323 ταῦτα
2509 2273 2818 2338 συναίνεσις
2843 2273 2951 2326 τῶν
2985 2275 3189 2339 γονέων
3214 2275 3363 2327 δοκεῖ
3386 2274 3736 2345 θεραπεύειν,

2141 2365 2283 2419 ὥστε
2297 2366 2396 2438 τὴν
2414 2368 2621 2439 πόρνην
2644 2372 2723 2433 εἰς
2742 2370 2922 2440 γάμον
2948 2371 3309 2440 μετάγεσθαι.
3343 2371 3490 2442 [Dira
3525 2372 3626 2425 οὐκ
3647 2373 3737 2424 εὖ·

2142 2458 2238 2522 οὺς
2253 2459 2418 2531 δεκτὴ
2440 2460 2638 2532 ἐσταιή
2656 2462 2883 2534 τοιαύτη
2901 2466 2979 2528 εἰς
2996 2465 3301 2519 κοινωνίαν.
3318 2464 3455 2518 ἀλλὰ
3472 2465 3593 2535 τρία
3617 2463 3729 2536 ἔτη.

2142 2712 2370 2767 ΑΡΙΣΤ.
2432 2715 2593 2786 Παρὰ
2652 2715 2881 2787 γνώμην
2938 2716 3252 2786 «nepoti;
3317 2713 3736 2784 ἀκολουθήσασα

2217 2807 2393 2877 πόρνη
2429 2808 2700 2879 κρίνεται.
2747 2810 2810 2862 ΕΞ
2845 2811 2900 2863 δὲ
2937 2810 3034 2863 καὶ
3062 2810 3112 2862 οἱ
3153 2810 3332 2876 γονεῖς
3371 2808 3732 2873 διαλλαγεῖεν,

2216 2901 2310 2952 καὶ
2366 2900 2428 2953 τὸ
2484 2903 2709 2969 γεγονὸς
2778 2901 3082 2970 Θεραπείαν
3139 2902 3282 2970 ἔχειν
3337 2900 3530 2953 δοκεῖ·
3584 2899 3736 2971 ὅμως

2213 2996 2458 3060 τριετίαν
2484 2994 2867 3047 ὑποπιπτέτω.

2215 3082 2277 3134 Οί
2310 3082 2647 3146 ὐπεξούσιοι,
2684 3085 2836 3152 παρὰ
2868 3083 3095 3153 γνώμην
3124 3082 3236 3135 τῶν
3273 3082 3510 3153 ἐχόντων
3534 3083 3736 3146 αὐτοὺς

2143 3172 2520 3238 ὑπεξουσὶους,
2555 3174 2942 3228 συναλλάττειν
2971 3177 3150 3243 γάμον
3183 3176 3245 3227 οὐ
3269 3174 3527 3227 δύνανται
3554 3191 3570 3206 ·
3599 3175 3650 3227 εί
3677 3174 3737 3228 δὲ

452 3267 583 3320 hcrc
610 3283 713 3320 tum
753 3256 1002 3335 possunt.
1033 3267 1091 3320 Si
1121 3277 1307 3321 autem
1354 3262 1409 3321 et
1436 3269 1855 3332 contraxerint,
1903 3269 2033 3322 nihil

2148 3266 2238 3318 καὶ
2289 3266 2740 3332 συναλλάξουσιν,
2773 3267 2927 3320 οὐδὲν
2959 3266 3231 3335 ἔπραξαν,
3265 3265 3385 3318 ἀλλ’
3437 3267 3736 3337 ἀνίσχυρόν

449 3359 719 3423 fecerunt,
756 3362 851 3413 sed
885 3359 1039 3411 irrita
1074 3368 1158 3411 est
1223 3358 1554 3410 contractio.
1608 3356 1826 3411 Puellae.
1853 3370 2034 3413 autem

448 3466 573 3519 qua:
598 3460 796 3518 prmter
859 3460 1071 3517 patrum
1113 3462 1337 3502 suorum
1406 3449 1740 3501 voluntatem
1789 3447 2037 3501 homines

450 3545 662 3610 aliquos
699 3542 1145 3604 secutaducrint,
1192 3538 1574 3593 fornicationis
1620 3539 1887 3608 supplicio
1908 3541 2037 3594 sub-

352 3704 361 3710 ,
445 3636 726 3704 ji:iuntur.
778 3632 833 3686 Si
894 3642 1074 3686 autem
1139 3641 1325 3698 postea
1391 3638 1646 3701 parentes
1713 3633 2030 3703 conjugiuin

458 3736 662 3794 puter
690 3736 844 3775 suam
879 3722 1203 3775 sententiam
1231 3720 1466 3785 initium,
1490 3721 1810 3787 admittunt,
1845 3735 1900 3775 et
1940 3724 2028 3777 in-

448 3817 776 3870 dissolntum
837 3829 1057 3866 manere
1115 3812 1324 3874 volunt,
1387 3811 1741 3865 nihilominus
1799 3813 1927 3881 quia
1965 3816 2033 3868 ab

448 3909 604 3962 initio
629 3924 747 3961 cum
773 3923 958 3962 eorum
991 3907 1267 3959 voluntate
1309 3919 1417 3959 non
1478 3904 1676 3960 factum
1720 3904 1822 3959 ftiit
1858 3924 1873 3972 ;
1922 3925 2028 3961 non

448 4002 631 4055 statim
674 4001 741 4053 ad
786 3999 1223 4053 communionem
1254 3997 1608 4066 recipientur,
1645 3998 1741 4053 sed
1792 4000 2028 4054 triennio

448 4106 640 4161 [stertas
675 4091 910 4146 solvent.

977 4178 1207 4236 CANON
1235 4178 1489 4235 XXXIX.

448 4274 578 4339 Quae
605 4275 737 4327 vivit
769 4290 891 4327 cum
918 4274 1291 4338 adultero,est
1323 4280 1440 4326 toto
1471 4281 1718 4341 tempore
1754 4273 2025 4328 adultera.

519 4382 714 4437 BALS.
754 4383 944 4437 Mulier
991 4385 1262 4450 quaedam,
1304 4397 1426 4452 quae
1484 4382 1796 4437 adulterata
1844 4382 2025 4439 fuerat

445 4488 499 4530 et
528 4492 651 4530 cum
687 4474 934 4529 adultero
969 4491 1072 4528 una
1098 4476 1338 4540 vivebat,
1365 4476 1553 4544 punita
1611 4485 1693 4529 est
1727 4491 1742 4528 :
1777 4492 1901 4529 cum
1931 4490 2028 4529 au-

2140 3358 2257 3409 ὲστι
2306 3357 2370 3409 τὸ
2416 3357 2802 3431 συνάλλαγμα.
2849 3358 3197 3411 ’Υπὸκεινται
3248 3358 3306 3411 δὲ
3359 3359 3453 3411 καὶ
3502 3359 3581 3428 τῷ
3631 3361 3738 3429 τῆς

2141 3451 2403 3518 πορνείας
2436 3451 2701 3521 ἐπιτιμίῳ
2743 3453 2799 3505 αἱ
2838 3452 2989 3520 παρὰ
3034 3452 3259 3520 γνώμην
3306 3452 3417 3503 τῶν
3470 3452 3738 3521 πατέρων

2139 3543 2323 3596 αὐτῶν
2355 3544 2800 3613 ἁκολουθήσασαί
2830 3561 2974 3597 τισιν
2997 3544 3225 3615 ἀνδράσι
3250 3543 3436 3613 κόραι.
3461 3543 3523 3596 Ei
3551 3543 3608 3595 δὲ
3633 3553 3736 3598 καὶ

2140 3637 2283 3707 μετὰ
2304 3636 2481 3690 ταῦτα
2512 3639 2561 3690 οἱ
2596 3640 2776 3705 γονεῖς
2806 3637 2867 3690 τὸ
2899 3639 3054 3709 παρᾶ
3090 3632 3318 3707 γνώμην
3353 3636 3537 3690 αὐτῶν
3576 3640 3736 3707 γενό-

2139 3749 2302 3800 μενον
2350 3732 2691 3785 συνοικέσιον
2731 3731 2995 3797 δέξονται,
3047 3732 3143 3785 καὶ
3200 3732 3492 3801 θελήσουσι
3546 3732 3733 3802 μένειν

2134 3823 2335 3876 ἄλυτον
2362 3839 2374 3853 ·
2401 3824 2578 3892 ⁹ὅμως
2636 3824 2729 3876 διὰ
2774 3824 2835 3876 τὸ
2875 3824 2935 3889 ἐξ
2975 3825 3148 3894 ἀρχῆς
3182 3823 3257 3895 μὴ
3307 3825 3448 3878 κατὰ
3501 3822 3732 3895 γνώμην

2136 3915 2318 3966 αὐτῶν
2358 3915 2638 3981 γενέσθαι,
2671 3915 2770 3968 οὐκ
2797 3915 2961 3992 ερίὶὺς
3015 3917 3095 3977 εἰς
3144 3916 3431 3967 κοινωνίαν
3479 3914 3728 3986 παραδε-

2133 3999 2453 4080 χοήσονται,
2483 4010 2603 4062 ἀλλ’
2625 4010 2715 4062 ἐπὶ
2748 4010 2996 4061 τοιετίαν
3025 4007 3545 4079 ἐπιτιμηοῆσονται.

2728 4189 2971 4242 ΚΑΝΩΝ
3014 4190 3139 4242 AB‘.

2184 4282 2246 4336 Ἠ
2264 4281 2342 4352 τῷ
2369 4280 2544 4352 μοιχῷ
2558 4280 2777 4344 συζῶσα
2798 4281 3046 4351 μοιχα).ίς
3066 4283 3182 4333 ἐστι
3198 4279 3380 4333 πάντα
3398 4279 3489 4333 τὸν
3506 4278 3731 4350 χρόνον.

2208 4375 2403 4427 ΒΛΛΣ.
2443 4374 2586 4443 Γυνή
2615 4391 2698 4436 τις
2729 4373 3071 4442 μοιχεύσασα
3101 4373 3193 4424 καὶ
3226 4372 3446 4436 συζῶσα
3473 4371 3549 4440 τῷ
3597 4388 3729 4440 μοι-

2137 4464 2220 4535 χῷ
2258 4466 2567 4535 ἐπετιμήθη
2594 4480 2606 4492 ·
2642 4463 2734 4516 τοῦ
2777 4463 2970 4534 ἀνδρὸς
3004 4464 3058 4516 δὲ
3092 4465 3262 4533 αὐτῆς
3291 4465 3732 4532 τελευτήσαντος

447 4579 554 4623 tem
587 4577 834 4621 mortuus
861 4578 1005 4621 esset
1035 4566 1154 4636 ejus
1207 4567 1458 4631 maritus,
1515 4567 1730 4621 volebat
1771 4567 2024 4637 conjungi

2148 4556 2291 4628 ψελε
2351 4556 2718 4626 συζευχθῆναι
2776 4557 2853 4626 τῷ
2892 4556 3086 4626 μοιχῷ.
3122 4558 3293 4627 Φησὶν
3344 4557 3437 4610 οὖν
3481 4560 3508 4610 ὁ
3564 4557 3729 4625 ἅγιος

444 4659 711 4712 adultero.
778 4658 920 4712 Dicit
947 4658 1131 4725 itaque
1170 4669 1419 4720 sanctus,
1458 4660 1604 4726 quod
1650 4672 1718 4711 ne
1750 4660 1852 4712 hoc
1902 4660 2026 4727 qui-

443 4749 689 4814 deinfiet,
708 4750 801 4803 sed
832 4750 993 4802 etiam
1020 4750 1191 4801 donec
1235 4748 1510 4802 vivltcum
1536 4747 1782 4801 adultero
1810 4764 2026 4817 pinnam

442 4843 627 4915 subire
650 4841 831 4905 debet,
881 4840 1097 4894 etiamsi
1155 4839 1462 4909 quindecim
1519 4839 1644 4893 anui
1693 4841 2028 4909 prenitentiae

444 4937 703 4988 tt‘anSucli
739 4935 866 4989 sint.
899 4933 976 4987 illi
1007 4935 1179 5009 ‘euim
1235 4934 1450 4987 demum
1478 4928 1595 4995 eas,
1644 4947 1768 5000 quae
1823 4933 1874 4987 in
1908 4948 2027 5002 poe-

442 5027 668 5080 nitentia
692 5027 908 5089 tlautur,
942 5041 1132 5095 pinnas
1159 5023 1391 5078 subiisse
1430 5025 1704 5089 videntur,
1731 5034 1786 5078 et
1814 5026 2024 5080 veniam

439 5116 686 5182 adipisci,
716 5116 869 5183 quia
924 5116 1063 5169 malo
1116 5113 1412 5167 abstinent.
1456 5112 1557 5179 Qui
1585 5122 1765 5167 autem
1790 5114 1842 5167 in
1882 5115 2025 5168 malo

442 5217 815 5276 perseverant,
879 5206 1055 5260 eidem
1109 5220 1284 5274 poenae
1336 5213 1464 5258 sunt
1518 5205 1764 5270 obnoxii,
1809 5206 2023 5261 etiamsi

438 5315 558 5353 eam
596 5299 790 5353 millies
821 5299 1107 5353 subierint.
1170 5296 1250 5351 lta
1284 5312 1414 5367 ergo
1459 5296 1514 5350 in
1570 5311 1835 5352 canonem
1891 5314 2023 5369 pro-

439 5406 619 5461 pone;
667 5402 722 5446 et
783 5406 850 5444 ne
898 5391 1102 5447 dixeris
1141 5406 1359 5445 onmem
1394 5389 1675 5444 mulierem
1739 5396 1856 5459 quae
1897 5410 2020 5446 eum

437 5482 686 5536 adultero
747 5482 1043 5547 cohabitat,
1105 5496 1230 5537 esse
1284 5480 1607 5536 adulteram.
1689 5480 1819 5549 Ejus
1876 5485 2019 5538 enim

441 5587 579 5626 uxor
620 5572 863 5642 legitima
895 5573 974 5626 illi
1002 5573 1346 5638 cohabitans,
1398 5583 1482 5626 est
1513 5587 1543 5626 a
1595 5573 2021 5642 reprehensione

439 5664 637 5726 aliena,
669 5678 716 5719 et
750 5665 955 5733 quaevis
984 5665 1090 5718 alia
1123 5676 1320 5735 praeter
1349 5664 1673 5719 adulteram.
1703 5663 1770 5716 Et
1793 5665 1877 5719 lex
1895 5667 2020 5735 qui-

435 5758 555 5809 dem
585 5757 960 5812 ecclesiastica
992 5757 1107 5813 haec
1132 5757 1397 5813 decernit.
1425 5755 1614 5812 Civilis
1642 5765 1821 5812 autem
1857 5759 2018 5813 adul-

439 5855 565 5903 tcrte
594 5849 741 5907 nullo
775 5851 938 5907 modo
966 5852 1234 5922 permittit
1271 5867 1393 5909 cum
1427 5849 1675 5909 adultero
1732 5852 2012 5925 conjungi.

2131 4648 2206 4711 ὡς
2246 4646 2374 4700 οὔτε
2413 4647 2575 4700 τοῦτο
2601 4647 2919 4716 γενήσεται,
2951 4646 3087 4699 ἀλλᾶ
3118 4647 3213 4718 καὶ
3253 4647 3445 4716 μέχρις
3480 4646 3547 4699 ἂν
3580 4645 3726 4716 συζῇ

2131 4738 2209 4808 τῷ
2253 4739 2426 4810 μοιχῷ
2464 4738 2902 4809 ὲπιτετιμημένη
2930 4737 3137 4806 ὀφείλει
3168 4734 3331 4802 εἶναι,
3381 4737 3485 4791 κᾶν
3547 4739 3616 4791 τὰ
3657 4737 3728 4791 ιε’

2131 4831 2227 4901 ἐτη
2283 4832 2393 4884 τῶν
2448 4832 2745 4901 ἐπιτιμίων
2805 4831 2905 4900 τῆς
2965 4831 3214 4899 μοιχείας
3277 4828 3728 4898 ἐπεραιώθησαν.

2142 4924 2374 4976 Ἐκεῖνοι
2409 4922 2519 4993 γὰρ
2544 4923 2612 4976 τὰ
2639 4924 2732 4976 ἐπὶ
2762 4925 2827 4993 τῇ
2878 4923 3136 4993 μετανοίᾳ
3180 4921 3436 4991 δ.δὸμενα
3464 4923 3731 4992 ἐπιτίμια

2129 5014 2346 5069 δοκοῦσι
2394 5016 2694 5079 δουλεύειν,
2747 5019 2839 5068 καὶ
2901 5015 3204 5083 λαμϐάνειν
3257 5014 3612 5085 συγχώρησιν
3670 5015 3732 5067 οἱ

2127 5109 2491 5179 ἀφιστάμενοι
2514 5109 2609 5161 τοῦ
2646 5107 2843 5162 κακοῦ.
2871 5110 2935 5161 Οἱ
2975 5108 3032 5161 δὲ
3058 5108 3414 5178 ἐπιμένοντες
3446 5106 3526 5175 τῷ
3561 5106 3731 5174 κακῷ

2129 5203 2222 5254 ἐπὶ
2276 5202 2335 5254 τὸ
2388 5201 2520 5254 αὐτό
2549 5202 2688 5253 εἰσιν
2720 5200 3010 5270 ὲπιτίμιοι,
3056 5202 3160 5255 κάν
3222 5198 3486 5269 μυριάκις
3539 5196 3731 5267 τούτῳ

2127 5292 2509 5346 δουλεύσωσιν.
2565 5289 2725 5344 Οὕτω
2767 5288 3063 5360 θεμάτισον
3087 5290 3180 5342 τὸν
3209 5288 3451 5341 κανόνα’
3496 5288 3592 5341 καὶ
3640 5290 3731 5357 μὴ

2129 5385 2292 5455 εἴπῃς
2324 5385 2504 5437 πᾶσαν
2545 5385 2779 5451 γυναῖκα
2819 5380 3073 5444 συξῶσαν
3103 5380 3183 5451 τῷ
3213 5378 3389 5450 μοιχῷ
3428 5376 3732 5448 μοιχαλίδα

2130 5474 2290 5531 εἶναι.
2337 5477 2403 5529 Ἦ
2433 5477 2544 5545 γὰρ
2576 5475 2809 5544 νόμιμος
2859 5474 3001 5544 γυνὴ
3048 5471 3215 5525 αὑτοῦ
3269 5470 3566 5531 ἁνεύθυνός
3599 5469 3732 5522 ἐστι

2130 5571 2310 5639 τούτῳ
2339 5570 2726 5637 συνδιάγουσα,
2755 5568 2849 5622 καὶ
2881 5566 3017 5636 ἄλλη
3045 5567 3198 5619 πᾶσα
3241 5567 3413 5644 χωρὶς
3443 5563 3544 5632 τῆς
3590 5579 3731 5632 μοι-

2124 5663 2364 5732 χαλίδος.
2421 5664 2530 5716 Καὶ
2581 5665 2608 5715 ὁ
2675 5661 2776 5729 μὲν
2836 5657 3297 5728 ὲκκλησιαστικὸς
3331 5654 3508 5723 ,νόμος
3536 5652 3734 5707 ταῦτα.

2121 5756 2416 5829 διορίζεται
2446 5772 2462 5787 ·
2499 5758 2526 5808 ὁ
2563 5757 2622 5810 δὲ
2668 5753 2949 5816 πολιτικὸς
2986 5752 3048 5805 οὐ
3102 5749 3434 5820 παραχωρεῖ
3455 5745 3557 5816 τὴν
3591 5761 3732 5815 μοι-

2123 5849 2316 5919 χαλίδα
2365 5851 2514 5914 ὅπως
2561 5849 2760 5920 δήποτε
2806 5844 3175 5918 συζευχθῆναι
3204 5840 3284 5912 τῷ
3326 5837 3503 5912 μοιχῷ
3530 5853 3544 5867 ⁸
3576 5838 3735 5909 φησι
