4008 6382
405 327 509 387 709

1366 327 1447 386 ΙΝ
1480 326 1718 390 ΕΡΙδΤ.
1759 330 1831 388 ‘S.
1863 329 2154 388 BASILII
2188 330 2625 392 CANONICAM
2671 335 2750 395 Il.

3567 342 3675 404 70

402 439 596 505 γὰρτὶ
632 435 719 501 Eg’
752 438 968 507 κεφάλο,
1003 438 1098 491 τοῦ
1154 438 1231 504 λζ’
1278 441 1482 505 τίτλου,
1528 441 1621 494 τοῦ
1667 442 1706 506 ξ’
1733 442 1943 512 βιϐλίου
1974 460 1987 476 ο

2107 445 2237 498 Dicit
2267 446 2412 499 enim
2439 461 2557 514 cap.
2591 447 2680 513 66,
2707 451 2789 504 tif.
2825 450 2914 513 57,
2952 450 3140 506 lih.Lx:
3172 452 3300 518 Qun:
3325 454 3491 507 semel
3519 457 3675 509 adul-

417 530 479 582 Ἤ
537 529 687 594 εις-,αξ
738 531 1112 601 ἁμαρτήσασα
1159 531 1429 603 μοιχείαν,
1461 532 1576 605 ἐὰν
1632 533 1772 602 μετὰ
1816 532 1988 588 ταῦτα

402 624 632 692 γένηται
667 623 882 692 γαμετὴ
915 625 1010 677 τοῦ
1058 624 1448 694 μοιχεύσαντος
1494 625 1686 694 αὐτὴν,
1736 627 1795 678 οὐ
1830 626 1987 678 σϐέν-

404 733 562 769 νυται
602 715 682 783 τῷ
715 716 1066 785 προσχήματι
1108 716 1201 769 τοῦ
1226 718 1409 786 γάμου
1442 716 1535 770 τοῦ
1569 718 1712 770 κατὰ
1741 718 1839 786 τὴν
1872 735 1988 786 μοι-

406 808 558 878 χείαν
587 806 882 875 γενομένου
907 823 920 837 ·
953 807 1046 860 καὶ
1080 808 1141 860 τὸ
1177 808 1243 877 ιγ’
1277 808 1474 876 κεφάλ.
1538 809 1631 861 τοῦ
1660 809 1748 878 μβ¹
1770 809 1947 862 τίτλου
1968 826 1986 842 ο

421 900 545 951 Ἐὰν
576 899 666 951 ἐπὶ
700 899 917 968 μοιχείᾳ
943 898 1201 968 γυναικὸς
1234 898 1656 958 καταδικασθεὶς
1689 899 1986 969 ἁγάγωμαι

408 992 598 1059 αὐτὴν,
629 994 698 1055 ,εἰ
742 994 835 1045 καὶ
875 992 948 1061 μὴ
977 993 1117 1061 αὐτὴ
1148 991 1549 1061 καταδικασθῇ,
1579 989 1705 1044 οὔτε
1742 993 1770 1049 ὁ
1811 993 1988 1062 γάμος

409 1084 652 1154 ἕρῤωται
683 1100 696 1116 ο
745 1084 860 1136 ἀλλ’
894 1085 944 1136 εἰ
982 1087 1077 1137 καὶ
1104 1084 1442 1155 κληρονόμον
1481 1083 1652 1153 αὐτὴν
1682 1084 1899 1155 γράψω,
1952 1084 1986 1155 ἢ

414 1176 511 1244 ἐμὲ
541 1174 703 1244 αὐτὴ,
733 1176 1030 1244 δημεύεται
1055 1179 1087 1245 ή
1117 1177 1472 1246 κληρονομία.
1508 1176 1640 1229 Οὐδὲ
1665 1192 1989 1245 στρατιωτι-

413 1271 523 1332 κῶς
556 1288 638 1330 τις
675 1270 996 1339 διαῦἐμενος
1022 1271 1248 1324 δύναται
1275 1270 1619 1342 κληρονόμον
1650 1269 1859 1339 γράψαι
1888 1270 1988 1340 τὴν

411 1364 519 1416 ἀπὸ
543 1363 751 1432 φθορᾶς
777 1363 1145 1434 γαμηθεῖσαν,
1182 1366 1277 1419 καὶ
1310 1363 1599 1432 σύγκοιτον
1631 1363 1796 1416 αὐτοῦ
1829 1380 1987 1431 γενο-

414 1454 585 1523 μένην
617 1471 630 1487 ’
664 1455 799 1508 ἀλλὰ
833 1454 1079 1507 τοιούτου
1106 1456 1254 1518 τινὸς
1287 1455 1702 1524 συμϐαίνοντος,
1730 1452 1882 1525 χώρα
1909 1453 1987 1525 τῷ

408 1546 672 1621 δημοσίῳ.
709 1548 866 1601 Κατὰ
893 1547 1073 1616 τρίτον
1097 1547 1249 1618 θέμα
1273 1549 1368 1603 τοῦ
1390 1548 1620 1602 δεκάτου
1645 1566 1770 1618 κεφ.
1824 1547 1919 1603 τοῦ
1944 1553 1985 1602 s"

405 1638 615 1702 τίτλου,
647 1638 738 1691 τοῦ
777 1638 1120 1709 κη’βιὸλίου,
1145 1643 1173 1694 ὁ
1198 1640 1567 1711 ἐπὶνμοιχείαν
1601 1641 1860 1708 γυναικὸς
1884 1658 1986 1694 κα-

406 1730 738 1799 τηγορηθεὶς
757 1731 818 1783 οὔ
848 1731 1074 1785 δύναται
1124 1733 1330 1802 ταύτην
1371 1731 1622 1802 γαμετὴν
1655 1731 1981 1801 ἀγαγέσθαι.

2095 537 2288 590 terium
2325 539 2619 603 commisit,
2646 540 2690 593 si
2724 540 2860 610 ejus,
2897 543 2989 610 qui
3023 558 3142 597 eam
3196 545 3500 600 adulterata
3554 559 3664 610 ρει,

2092 638 2277 694 postea
2309 644 2450 683 uxor
2474 627 2662 697 fuerit,
2695 646 2801 685 non
2829 634 3190 698 exstinguitur
3245 646 3509 701 praetextu
3544 652 3629 689 ma
3650 668 3663 676 -

2093 718 2359 783 trimonii,
2431 722 2571 790 quod
2619 733 2738 791 post
2795 724 3126 778 adulterium
3191 724 3389 780 factum
3438 737 3540 782 est.
3596 729 3667 782 Et.

2089 825 2209 876 cap.
2248 811 2332 875 l5,
2358 811 2445 866 tit.
2476 811 2548 865 42
2608 813 2849 880 ejusdem
2897 813 3057 871 libri;
3090 814 3146 869 Si
3208 826 3433 886 propter
3484 820 3670 873 uxoris

2090 899 2413 953 adulterium
2461 903 2856 957 condemnatus
2919 904 3088 970 ipsam
3145 907 3390 971 duxero,
3448 909 3661 963 etiamsi

2089 991 2203 1060 ipsa
2229 1008 2332 1045 non
2356 992 2832 1057 estcondemuata,
2874 1010 2980 1051 non
3002 1005 3084 1051 est
3110 997 3342 1052 validum
3386 1000 3668 1055 matrimo-

2089 1083 2235 1136 nium
2264 1101 2276 1136 :
2306 1082 2400 1137 sed
2432 1083 2531 1136 etsi
2560 1084 2734 1154 ipsam
2774 1085 3044 1140 barredcm
3075 1087 3368 1155 scripsero,
3430 1090 3514 1143 vel
3550 1090 3666 1159 ipsa

2089 1187 2197 1238 me,
2223 1174 2533 1243 publicator
2566 1176 2879 1231 haareditas.
2909 1176 3019 1231 Nec
3049 1178 3168 1246 quis
3225 1179 3536 1233 militariter
3598 1192 3675 1233 te-

2087 1274 2240 1319 stans
2265 1274 2437 1334 potest
2472 1283 2590 1321 eam
2621 1269 2891 1323 heredem
2947 1272 3214 1336 scribere,
3280 1287 3403 1341 qute
3449 1289 3517 1328 ex
3552 1283 3673 1328 stu-

2087 1372 2186 1427 pro
2221 1368 2303 1412 est
2327 1359 2489 1412 ducta
2512 1370 2567 1413 et
2590 1360 2640 1414 ei
2676 1362 2775 1414 fuit
2797 1361 3140 1419 concubina:
3174 1362 3270 1417 sed
3300 1364 3347 1419 si
3410 1365 3514 1418 tale
3543 1366 3670 1431 quid

2086 1449 2385 1518 contingat,
2417 1450 2569 1505 locus
2598 1451 2762 1506 datur
2806 1453 3044 1521 publico.
3083 1453 3147 1507 Et
3185 1453 3339 1522 juxta
3383 1456 3561 1509 thema
3612 1457 3668 1521 5,

2086 1557 2208 1612 cap.
2244 1543 2331 1606 10,
2359 1544 2441 1597 tit.
2472 1544 2526 1608 5,
2551 1543 2646 1600 lib.
2702 1560 2895 1601 xxvnt.
2924 1547 3024 1613 Qui
3078 1557 3301 1616 propter
3348 1547 3673 1603 adulterium

2088 1635 2273 1689 uxoris
2332 1644 2624 1690 accusatus
2687 1645 2791 1703 est,
2850 1653 2954 1692 non
3032 1648 3207 1707 potest
3261 1653 3380 1692 eam
3444 1654 3669 1695 uxorem

2090 1726 2305 1779 ducere.

478 1789 733 1876 ἐξέλθω).-
758 1822 818 1874 Εἰ
862 1825 936 1892 μή
982 1841 1066 1885 τις
1105 1789 1507 1896 (inoo-retinui];
1536 1789 1835 1895 ἁμαρτίας,
1886 1841 1985 1893 με·

2163 1816 2411 1871 ZUNAR.
2456 1817 2565 1872 Nisi
2592 1819 2712 1888 quis
2744 1834 2771 1872 a
2807 1829 3025 1890 peccato
3056 1820 3307 1889 desistat,
3373 1822 3521 1877 illum
3557 1840 3675 1896 pm-

406 1915 622 1965 τανοεῖν
660 1913 721 1964 ού
750 1913 1089 1978 πιστεύεται,
1126 1912 1252 1967 οὔτε
1288 1915 1505 1986 δέχεται
1544 1918 1624 1977 είς
1675 1914 1986 1983 μετάνοιαν.

410 2004 688 2056 Μετάνοια
732 2004 841 2072 γάρ
889 2005 1008 2057 ἐστι
1043 2004 1104 2057 τὸ
1147 2005 1557 2074 μεταμέλεσθαι
1597 2005 1689 2057 τὸν
1734 2004 1989 2075 ἁμαρτήο

411 2109 583 2147 σαντα
614 2095 701 2164 ἐφ’
732 2091 814 2157 οἷς
840 2095 1078 2165 ἥμαρτε.
1112 2098 1208 2149 καὶ
1232 2096 1526 2150 δάκνεσθαι
1557 2098 1645 2150 ἐπ’
1670 2098 1885 2160 αὐτοῖς.⁸
1929 2098 1989 2149 Ὀ

406 2182 463 2234 δὲ
511 2183 785 2250 ἐπιμένων
828 2186 895 2253 τῇ
947 2183 1193 2255 ἁμαρτίᾳ
1220 2182 1345 2237 οὔτε
1391 2183 1817 2254 μεταμέλεσθαι.
1859 2182 1990 2237 οὔτε

409 2274 698 2328 δάκνεσθαι
730 2276 1073 2337 πιστεύεται,
1109 2275 1247 2329 ἀλλὰ
1274 2275 1500 2346 ἥδεσθαι
1544 2274 1738 2346 ταύτῃ.
1790 2276 1855 2328 Ἠ
1892 2272 1989 2346 οῦν

409 2366 487 2435 τῷ
514 2367 688 2437 μοιχῷ
714 2368 1129 2437 ἀκολουθήσασα
1153 2369 1248 2422 καὶ
1275 2367 1585 2438 συμὸιοῦσα
1610 2367 1782 2436 αὐτῷ,
1810 2369 1989 2420 πάντα

406 2459 496 2511 τὸν
519 2462 712 2529 χρόνον
739 2462 837 2529 τῆς
862 2459 1225 2530 συμϐιώσεως
1259 2458 1512 2529 μοιχαλίς
1537 2461 1675 2520 ἐστι,
1705 2458 1786 2510 ἔτι
1818 2459 1987 2527 πράτ-

406 2568 575 2604 τουσα
615 2553 672 2604 τὸ
694 2553 886 2616 κακὸν,
915 2554 1007 2605 καὶ
1032 2554 1114 2615 εἰς
1153 2550 1533 2621 μετάνοιανιοὺ
1561 2550 1911 2620 δεχθήσεται.

2089 1911 2262 1965 nitere
2290 1912 2430 1964 haud
2490 1910 2749 1964 credibile
2774 1919 2877 1971 est,
2902 1910 2914 1928 '
2946 1927 3118 1980 neque
3169 1914 3232 1967 ad
3301 1909 3674 1984 pmnite'utiam

2092 1999 2415 2053 admittitur.
2472 2000 2562 2053 Est
2606 2000 2748 2052 enim
2805 2001 3143 2069 paenitentia,
3191 2018 3315 2057 cmn
3363 2022 3515 2065 eum.
3584 2010 3673 2075 qni

2101 2088 2355 2155 deliquit,
2404 2088 2622 2141 atltuiSsi
2663 2087 2912 2142 criminis
2954 2090 3203 2157 pmuitet,
3237 2105 3398 2160 atque
3427 2098 3496 2150 oh
3545 2096 3676 2151 illud

2093 2180 2327 2246 angitur.
2357 2179 2455 2243 Qui
2489 2193 2618 2232 vero
2642 2179 2696 2232 i‘u
2743 2189 2966 2247 peccato
3011 2193 3344 2248 perseverat,
3399 2202 3498 2239 nec
3549 2203 3671 2240 eum

2095 2271 2357 2340 poenitere
2382 2263 2833 2349 peccatituec‘ob
2870 2271 2983 2342 93
3010 2274 3063 2327 id
3095 2275 3217 2342 angi
3251 2278 3546 2340 credimus,
3580 2280 3675 2332 scd

2093 2378 2159 2415 ex
2206 2361 2298 2414 illo
2358 2362 2534 2429 potius
2598 2375 2827 2429 Capere'
2863 2364 3219 2433 Voluptatem.
3293 2368 3422 2430 Ome
3508 2369 3676 2438 igitur

2094 2452 2397 2506 adulterum
2421 2462 2604 2505 secuta
2629 2464 2733 2517 εει,
2789 2465 2840 2507 et
2897 2470 3016 2507 cum
3076 2472 3141 2510 eo
3184 2457 3346 2510 vitam
3404 2461 3534 2526 agit,
3567 2468 3680 2513 tuto

2104 2554 2378 2611 tempore,
2426 2557 2534 2613 quo
2572 2558 2699 2599 cum
2733 2560 2797 2597 co
2828 2548 2991 2616 degit,
3027 2549 3267 2603 adultera
3303 2561 3408 2615 est,
3443 2566 3564 2605 cum
3622 2542 3685 2606 ιη’

408 2643 676 2709 pravita'e
707 2645 883 2696 adhuc
935 2642 1214 2710 persistat,
1244 2656 1425 2710 neque
1479 2642 1543 2696 ad
1599 2642 1981 2711 paenitentiam
2020 2633 2351 2693 admittitur.

477 2733 708 2789 ΑΡΙΣΤ.
743 2734 811 2787 Ἦ
843 2731 1067 2798 συζῶσα
1106 2732 1282 2804 μοιχῷ
1309 2733 1398 2787 διὰ
1430 2732 1548 2806 βίον
1581 2732 1917 2805 μοιχεύεται.

479 2914 578 2968 Διὰ
606 2916 765 2968 τοῦτο
795 2916 927 2983 γοῦν
961 2918 1055 2969 καὶ
1095 2915 1470 2987 ἀπρόσδεκτός
1513 2916 1663 2968 ἔστιν
1695 2917 1728 2984 ἡ
1763 2913 1989 2985 τοιαύτη

407 3012 473 3077 τῇ
517 3009 784 3079 ἐκκλησίᾳ
817 3023 833 3040 ο
863 3009 1003 3078 μετὰ
1033 3008 1143 3078 γὰρ
1171 3009 1232 3063 τὸ
1260 3008 1538 3078 παυθῆναι
1568 3010 1667 3078 τῆς
1689 3005 1990 3078 ἁμαρτίας,

2169 2723 2398 2779 ARIST.
2441 2725 2569 2792 Quae
2603 2742 2708 2781 una
2750 2741 2878 2781 cum
2906 2727 3153 2784 adultero
3195 2729 3347 2796 vivit,
3395 2745 3489 2799 per
3516 2731 3678 2785 vitam

2102 2817 2430 2870 moechatur.
2485 2821 2489 2826 ‘

2169 2905 2376 2961 Idcirco
2403 2906 2584 2975 itaque
2620 2916 2675 2961 et
2705 2907 2830 2963 talis
2863 2909 2914 2961 in
2955 2909 3252 2964 Ecclesiam
3292 2924 3398 2963 non
3446 2921 3529 2966 est
3579 2913 3678 2964 ad-

2099 3000 2378 3053 mittenda.
2441 2997 2732 3068 Postquam
2796 3002 2940 3054 enim
2995 3018 3022 3054 a
3075 3012 3297 3069 peccato
3345 3007 3678 3069 cessaverit,

408 3103 532 3153 τότε
554 3102 776 3169 ’γενεται
809 3103 867 3154 ἐν
899 3103 1224 3172 ἐπιτιμίοις,
1246 3101 1342 3154 καὶ
1377 3100 1688 3172 διορθοῦται
1729 3098 1792 3152 τὸ
1829 3100 1991 3152 πταῖ-

2107 3098 2230 3144 tunc
2260 3103 2447 3159 pwnas
2469 3090 2578 3153 dat,
2610 3101 2666 3145 et
2710 3093 2917 3159 lapsum
2948 3108 3102 3147 suum
3154 3094 3428 3148 emendat.
3462 3096 3516 3149 Si
3582 3112 3681 3148 au-

412 3211 525 3264 σμα
559 3195 735 3265 αὐτῆς
766 3213 777 3226 ·
807 3196 902 3248 ἐὰν
930 3195 993 3249 δὲ
1017 3194 1255 3267 ἐπιμένῃ
1274 3197 1343 3267 τῇ
1391 3194 1633 3266 μοιχείᾳ,
1669 3191 1991 3264 ἀδιόρθωτός

2107 3192 2205 3237 tem
2237 3184 2289 3235 in
2327 3182 2588 3239 adulterio
2613 3184 2894 3254 persistat,
2919 3184 3333 3241 inemendabilis
3372 3197 3458 3242 est
3491 3198 3544 3243 et
3574 3205 3678 3243 non

411 3287 548 3351 ἐστι,
579 3290 668 3340 καὶ
702 3286 1094 3357 ἁπρὸσδεκτος.

1013 3380 1257 3434 ΚΑΝΩΝ
1307 3377 1397 3434 Μ’.

425 3472 489 3526 Ἠ
525 3473 676 3539 παρὰ
711 3471 940 3544 γνώμην
970 3472 1065 3526 τοῦ
1114 3473 1383 3537 δεσπότου¹
1435 3471 1594 3543 ἀνδρὶ
1641 3470 1842 3543 ἑαυτὴν
1903 3472 1999 3524 ὲκ-

480 3568 647 3623 δοῦσα
674 3569 1007 3638 ὲπόρνευσεν
1035 3589 1049 3603 ο
1078 3570 1113 3641 ἡ
1134 3569 1197 3626 ,δὲ
1228 3568 1368 3640 μετὰ
1398 3567 1576 3621 ταῦτα
1608 3570 1997 3638 πεπαρῤησια-

488 3660 668 3730 σμένῳ
706 3661 871 3729 γάμῳ
914 3663 1265 3730 χρησαμένη,
1312 3659 1584 3729 ἐγήματο.
1619 3658 1784 3710 ’Ὠστε
1818 3659 1997 3710 έκεῖνο

488 3751 584 3819 μὲν
635 3754 888 3823 πορνεία,
922 3752 1084 3805 τοῦτο
1126 3750 1184 3804 δὲ
1231 3751 1424 3820 γάμος.
1465 3751 1532 3802 At
1576 3749 1685 3821 γὰρ
1724 3747 1994 3819 συνθῆκαι

484 3846 594 3896 τῶν
626 3844 967 3913 ῦπεξουσίων
996 3843 1150 3899 οὐδὲν
1182 3843 1364 3914 ἔχουσι
1397 3842 1636 3915 βέϐαιον.

484 4017 684 4071 ΒΑΛΣ.
714 4016 888 4086 Δούλη
919 4014 1466 4089 συνήφθηγαμικῶς
1505 4014 1664 4084 ἀνδρί
1699 4008 1807 4068 τίνι⁹
1837 4013 1991 4067 ἐλευ-

414 4109 558 4180 θέρῳ
588 4112 741 4180 παρὰ
773 4112 1002 4181 γνώμην
1023 4110 1118 4163 τοῦ
1151 4109 1358 4164 οἰκείου
1382 4108 1670 4162 δεσπότου.
1702 4107 1908 4179 Καιροῦ
1935 4107 1994 4161 δέ

412 4218 558 4263 τινος
590 4201 978 4272 παρελθόντος,
1006 4202 1038 4270 ἢ
1073 4200 1388 4270 ἐλευθερίας
1414 4199 1706 4264 ἀξιωθεῖσα
1735 4198 1822 4250 τὸν
1853 4195 1993 4267 μετὰ

413 4295 508 4347 τοῦ
566 4296 835 4365 προτέρου
891 4294 1085 4363 ἀνδρὸς
1165 4296 1344 4363 γάμον
1435 4290 1994 4360 πεπαρρησιασμένον

413 4386 731 4452 ἐποιήσατο,
780 4385 812 4455 ἢ
860 4381 1220 4454 καὶὸκύριος
1268 4381 1439 4450 αὐτῆς
1472 4382 1563 4430 ἐπὶ
1612 4379 1692 4448 τῷ
1714 4378 1994 4448 γενομένῳ

2097 3266 2437 3344 ιεώρίευᾱαέ

2703 3367 2937 3424 CANON
2970 3368 3086 3424 XL.

2094 3450 2226 3519 ure
2268 3466 2463 3524 praeter
2514 3456 2715 3512 domini
2766 3459 3091 3513 sententiam
3143 3472 3205 3512 se
3255 3459 3373 3511 viro
3425 3457 3670 3520 tradidit,

2164 3542 2433 3598 fornicata
2461 3556 2582 3599 est:
2636 3562 2759 3616 qua:
2818 3557 3000 3600 autem
3053 3558 3239 3616 postea
3271 3546 3442 3600 libero
3492 3559 3682 3600 matr.-

2177 3636 2358 3688 monio
2397 3650 2491 3688 usa
2524 3645 2628 3700 est,
2694 3637 2895 3704 nupsit.
2926 3635 3104 3701 Quare
3156 3635 3282 3688 illud
3318 3636 3536 3704 quidem
3566 3635 3680 3689 for-
3712 3668 3724 3683 ι

2166 3727 2391 3793 nicatio,
2419 3728 2519 3781 hoc
2549 3742 2680 3781 vero
2709 3727 3113 3780 matrimonium
3146 3735 3249 3780 est.
3275 3725 3475 3781 Eorum
3502 3727 3670 3781 enim.

2166 3819 2256 3890 qui
2302 3826 2432 3872 sunt
2493 3818 2545 3870 iu
2603 3817 2829 3873 alterius
2871 3825 3356 3888 potestate,-pacta
3413 3828 3681 3873 conventa

2165 3911 2306 3964 firmi
2345 3910 2481 3963 nihil
2514 3909 2737 3964 habent.

2166 4001 2359 4056 BALS.
2385 4002 2593 4056 Ancilla
2637 4001 2882 4071 quaedam
2930 4001 3146 4056 cuidam
3183 4002 3300 4056 viro
3348 3999 3523 4055 libero
3556 4015 3675 4054 ma-

2098 4095 2483 4150 trimonialiter
2528 4094 2817 4164 conjuncta
2875 4104 2994 4148 erat
3053 4103 3251 4162 praeter
3300 4104 3535 4146 mentem
3594 4091 3681 4146 sui

2100 4184 2326 4240 domini.
2357 4183 2494 4240 Cum
2525 4194 2707 4239 autem
2745 4185 3078 4254 aliquantum
3136 4183 3399 4252 temporis
3449 4196 3673 4252 proces-

2098 4274 2282 4339 sisset,
2318 4273 2401 4333 vel
2440 4274 2692 4328 libertate
2731 4273 2954 4337 donata,
2992 4273 3132 4341 quod
3168 4288 3290 4327 cum
3345 4271 3528 4342 priore
3562 4275 3681 4326 viro

2099 4375 2450 4421 contraxerat
2481 4367 2717 4419 liberum
2740 4365 2929 4419 habuit
2952 4364 3383 4425 matrimonium,
3406 4363 3486 4417 vel
3513 4365 3678 4418 etiam

359 4528 364 4533 .
414 4476 684 4545 πρότερον
720 4474 1076 4541 ἁνυποστάτῳ
1121 4471 1286 4540 γάμῳ
1334 4472 1648 4543 συνῄνεσεν.
1706 4471 1991 4542 Ἢρωτήθη

2107 4456 2218 4526 ejus
2264 4457 2517 4510 dominus
2545 4457 2693 4524 prius
2743 4456 2911 4520 facto,
2972 4457 3251 4525 quodnon
3324 4455 3680 4520 consistebat,

413 4567 549 4635 γοῦν
572 4570 599 4620 ὁ
636 4571 791 4634 ἅγιος
823 4568 871 4618 εἰ
897 4565 1200 4619 ἀκόλαστον
1234 4565 1352 4616 ἐστι
1394 4564 1455 4616 τὸ
1496 4563 1720 4631 γεγονὸς
1753 4563 1998 4615 συνοικέ-

416 4677 555 4722 σιον,
588 4662 685 4713 καὶ
716 4654 871 4711 εἶπεν
897 4658 994 4722 ὡς,
1029 4656 1152 4708 ἐπεὶ
1181 4657 1238 4707 αἱ
1266 4655 1601 4716 συναινέσεις
1632 4654 1740 4737 τῶν
1770 4652 2001 4716 ὑπεξου-

417 4754 552 4806 σίων
596 4751 845 4805 ἀϐέϐαιοι
893 4751 989 4803 καὶ
1036 4747 1402 4801 ἀνυπόστατοι
1437 4748 1567 4809 εισι,
1608 4743 1902 4799 κάντεῦθεν
1931 4746 1993 4797 οὐ

418 4846 652 4916 συνέστη
682 4845 862 4912 γάμος
897 4843 1122 4910 ἔννομος
1153 4843 1209 4892 ὲν
1242 4838 1318 4908 τῷ
1363 4838 1544 4908 καιρῷ
1574 4838 1672 4907 τῆς
1703 4836 1947 4898 δουλείας
1984 4852 1998 4866 σ

416 4938 523 4991 κᾶν
555 4939 694 5008 μετὰ
723 4935 898 4987 ταῦτα
935 4933 1238 4992 συναίνεσις
1265 4928 1715 4998 παρηκολούθησε
1751 4926 1843 4980 τοῦ
1877 4927 2000 4979 δεσ-

416 5034 605 5093 πτου,
637 5029 671 5098 ἢ
707 5027 845 5096 αὑτὴ
876 5028 910 5094 ή
953 5025 1114 5095 δούλη
1154 5022 1582 5092 ὲλευθερωθείσα
1631 5020 1711 5088 τῷ
1743 5019 2000 5089 προτέρῳ

416 5123 586 5193 γάμῳ
645 5119 984 5187 ὲστοέχησεν,
1017 5116 1079 5169 οὐ
1100 5114 1390 5182 λογίζεται
1420 5112 1480 5165 τὸ
1534 5111 1757 5180 γεγονὸς
1803 5109 1893 5161 καὶ
1942 5106 2003 5172 ἐξ

417 5214 593 5285 ἀρχῆς
622 5211 793 5277 αὐτῆς
815 5209 1040 5276 ἔννομον
1061 5206 1150 5258 διὰ
1180 5207 1282 5273 τὴν
1302 5204 1440 5274 μετὰ
1464 5202 1636 5255 ταῦτα
1667 5200 1998 5262 συναίνεσιν,

419 5306 564 5359 κατὰ
586 5304 678 5356 τὸν
694 5303 860 5372 νόμον
881 5296 1216 5367 λέγοντα,Τὰ
1232 5295 1300 5358 ἐξ
1317 5293 1512 5362 ἀρχῆς
1532 5289 1799 5352 ἀϐέῖαια,
1816 5286 2001 5340 ἐκτῶν

426 5398 567 5466 μετὰ
597 5394 772 5448 ταῦτα
795 5391 1203 5461 συμϐαινόντων
1223 5387 1283 5440 οὑ
1309 5384 1677 5453 βεϐαιοῦνται.
1695 5380 1866 5432 Τοῦτο
1891 5377 2001 5445 γὰρ

422 5493 516 5542 ἐπὶ
551 5486 662 5540 τῶν
691 5483 1084 5539 ἀνυποστάτων
1116 5479 1301 5549 χώραν
1327 5477 1427 5529 οὐκ
1451 5477 1586 5546 ἔχει.
1611 5473 1710 5529 Διά
1732 5487 1813 5523 τοι
1848 5467 2004 5522 τοῦτο

420 5579 583 5650 χάριν
623 5578 724 5645 μὲν
779 5575 872 5630 τοῦ
922 5573 1189 5643 προτέρου
1240 5568 1411 5624 κακοῦ
1452 5567 1707 5650 ὲπςτίμια
1744 5561 2004 5633 πορνείας

425 5641 640 5732 gotisoni
665 5641 1240 5735 ὲπιφορτισθήσονται·
1275 5661 1307 5731 ἡ
1342 5660 1398 5712 δὲ
1427 5641 1575 5729 μετῖ
1590 5654 1764 5708 ταῦτα
1796 5652 2001 5723 συμὸί-

424 5777 559 5824 ωτις
581 5760 731 5814 ἔσται
762 5752 1294 5825 ἀνεπ;τίμητο;.ιὶαἰ
1316 5748 1489 5803 ταῦτα
1510 5748 1609 5819 μὲν
1641 5746 1768 5799 ὅταν
1795 5741 2001 5797 ἀνυπό-

2092 4550 2453 4605 -matrimonio
2493 4548 2793 4602 consensit.
2837 4547 3206 4615 Interrogatus
3251 4561 3383 4615 ergo
3438 4554 3682 4611 sanctus,

2103 4658 2172 4696 an
2214 4640 2355 4710 quod
2388 4640 2531 4693 inter
2579 4653 2673 4693 eos
2697 4638 2901 4692 factum
2935 4649 3019 4693 est
3061 4639 3465 4691 matrimonium
3511 4637 3683 4691 casti-

2103 4736 2218 4806 gari
2252 4750 2357 4789 non
2394 4732 2844 4819 debeatkdixit;
2876 4733 3019 4798 quod
3073 4722 3329 4798 quoniam
3365 4744 3552 4783 eorum
3588 4728 3684 4797 qui

2105 4834 2231 4880 sunt
2252 4825 2304 4877 in
2332 4832 2599 4894 potestate
2635 4837 2942 4877 consensus
2971 4822 3168 4874 infirmi
3202 4829 3403 4875 suntet
3426 4835 3529 4873 non
3554 4833 3679 4887 pos-

2104 4929 2230 4976 sunt
2253 4919 2572 4981 consistere,
2599 4916 2720 4970 ideo
2748 4930 2852 4968 non
2882 4916 3238 4968 constitutum
3269 4922 3351 4966 est
3377 4912 3680 4981 legitimum

2104 5008 2512 5066 matrimonium
2534 5016 2775 5075 tempore
2803 5005 3081 5059 servitutis
3112 5022 3126 5057 :
3159 5013 3213 5057 et
3242 5004 3289 5057 si
3320 5004 3522 5058 domini
3548 5017 3681 5057 con-

2105 5115 2297 5155 sensus
2328 5109 2509 5166 postea
2548 5111 2769 5152 secutus
2791 5096 2975 5162 fuerit,
3017 5095 3099 5150 vel
3141 5098 3328 5149 eadem
3359 5093 3551 5147 ancilla
3578 5109 3688 5147 ma-

2104 5194 2347 5249 numissa
2381 5194 2447 5246 ad
2494 5193 2646 5261 prius
2687 5190 3090 5244 matrimonium
3129 5205 3188 5244 se
3230 5189 3545 5254 contulerit,
3569 5202 3678 5241 non

2103 5287 2316 5341 videtur
2341 5285 2483 5354 quod
2514 5284 2714 5337 factum
2763 5292 2850 5337 est
2899 5283 3062 5335 etiam
3111 5282 3179 5336 ab
3224 5281 3341 5348 ipso
3389 5279 3683 5347 legitimum

2106 5387 2327 5450 propter
2373 5388 2692 5445 sequentem
2744 5390 3092 5439 consensum,
3164 5370 3459 5427 secundum
3509 5372 3685 5439 legem

2103 5486 2225 5541 quae
2264 5469 2425 5523 dicit:
2458 5467 2591 5532 Qua:
2618 5466 2683 5520 ab
2733 5467 2888 5520 initio
2944 5476 3069 5519 sunt
3106 5465 3321 5535 inﬁrma
3350 5479 3413 5517 ex
3465 5463 3533 5516 iis
3565 5474 3685 5529 quae

2106 5567 2288 5629 postea
2319 5555 2577 5610 eveniunt
2604 5568 2712 5607 non
2744 5553 3160 5608 confirmantur.
3186 5552 3299 5606 lloc
3323 5551 3468 5607 enim
3501 5549 3685 5603 locum
3771 5568 3777 5573 υ

2107 5667 2214 5706 non
2247 5649 2413 5704 habet
2445 5649 2499 5701 in
2556 5647 2623 5701 iis
2644 5660 2765 5714 qua:
2816 5661 2928 5700 non
2987 5644 3315 5700 consistunt.
3346 5641 3414 5696 Et
3441 5641 3560 5696 ideo
3584 5650 3686 5709 pro

2105 5740 2274 5810 priori
2299 5740 2520 5818 quidem
2544 5736 2686 5793 malo
2751 5735 3133 5793 fornicationis
3168 5746 3345 5805 poena:
3376 5731 3456 5789 eis
3512 5730 3688 5797 impo-
