4008 6398
310 342 317 350 ·
391 312 493 377 711

1649 294 1922 363 THEOD.
1962 301 2363 361 BALSAMON

3538 292 3646 361 ".12

397 435 625 480 nentur:
667 422 935 492 pmtmior
984 420 1161 472 autem
1218 414 1502 471 convictus
1541 427 1696 481 pinna
1737 409 1963 465 carebit.

2094 426 2268 471 nam;
2284 415 2458 478 γάμος
2484 408 2578 476 τῆς
2602 407 2797 475 δούλης
2820 403 3089 475 στηριχίῇ
3118 395 3150 475 ἦ
3175 404 3313 474 μετὰ
3332 404 3647 473 ἐλευθερίαν

399 518 461 568 Et
486 518 597 568 lucc
630 510 844 581 quidem
868 504 1084 579 quando
1131 506 1339 561 ancillae
1370 505 1797 564 matrimonium,
1823 499 1966 565 quod

397 608 699 662 consistere
735 618 840 657 non
869 611 1065 671 potest,
1093 598 1260 652 fuerit
1286 597 1694 654 conﬁrmatum,
1738 594 1818 646 vel
1851 601 1969 660 post

397 703 511 768 ejus
542 700 871 761 libertatem,
901 696 981 750 vel
1016 702 1136 764 post
1190 692 1542 746 manifestum
1594 687 1796 743 domini
1845 700 1971 740 con—

400 807 646 852 sensum,
705 804 863 858 quem
918 786 1082 840 etiam
1146 785 1306 838 tacita
1362 784 1587 837 libertas
1660 778 1972 832 necessario

400 882 777 950 consequitur.
810 878 947 945 Quid
993 875 1218 931 autem?
1267 873 1482 937 ancilla,
1524 886 1643 941 quae
1689 884 1814 924 vere
1861 884 1973 921 ma-

404 973 654 1026 trimouio
685 967 973 1035 conjuncta
1005 974 1091 1021 est
1111 964 1333 1018 domino
1361 965 1567 1018 sciente
1595 970 1650 1013 et
1691 976 1797 1013 non
1839 974 1973 1012 cou-

405 1061 727 1124 tradicente,
784 1066 843 1110 ut
893 1054 1216 1109 fornicatrix
1272 1050 1649 1120 reputabitur,
1710 1063 1774 1103 co
1835 1047 1973 1116 quod

405 1151 656 1206 dominus
700 1164 806 1203 non
838 1145 1211 1207 consenserit,
1247 1143 1471 1196 annon?
1530 1141 1642 1195 Sol.
1706 1154 1826 1208 cap.
1882 1137 1973 1199 47,

405 1245 489 1296 tit.
528 1243 582 1307 4,
614 1242 707 1295 lib.
747 1255 922 1303 xxviii
958 1240 1073 1292 haec
1120 1236 1254 1290 dicit
1296 1249 1574 1304 expresse.
1618 1233 1673 1287 Si
1722 1233 1843 1301 quis
1874 1246 1976 1283 an-

405 1334 579 1387 cillam
609 1348 762 1387 suam
798 1341 1024 1399 nuptum
1073 1327 1296 1393 locavit,
1331 1326 1423 1394 qui
1480 1332 1673 1403 autem‘
1694 1321 1829 1376 liber
1871 1329 1973 1384 est,

403 1436 457 1480 et
485 1425 679 1478 locanti
715 1422 814 1476 title
841 1423 989 1486 data,
1044 1436 1162 1476 eam
1207 1420 1439 1486 accepit,
1499 1428 1555 1471 et
1597 1415 1737 1469 forte
1799 1413 1963 1467 ctiam

405 1516 679 1572 dotalibus
713 1514 976 1569 confectis
1010 1513 1410 1573 instrumentis,
1453 1508 1537 1562 vel
1585 1523 1691 1561 non
1715 1503 1978 1560 confectis

406 1607 644 1675 quidem,
680 1596 785 1660 sed
811 1602 927 1671 ejus
986 1614 1167 1656 tamen
1210 1601 1492 1655 voluntate
1530 1613 1644 1668 rem
1698 1596 1976 1650 tractavit.

404 1713 512 1751 non
538 1696 740 1765 justum
767 1695 929 1748 fuerit
960 1695 1096 1748 tales
1120 1709 1225 1747 non
1252 1694 1579 1747 conﬁrmare
1618 1696 1979 1759 llllp1l88,‘5t‘d

2072 500 2264 567 αὐτῆς,
2308 499 2339 568 ἦ
2372 498 2511 569 μετὰ
2540 495 2782 568 φανεράν
2822 495 3134 547 συναίνεσιν
3171 494 3263 548 τοῦ
3301 494 3582 557 δεσπότου,

2071 593 2164 643 καὶ
2193 591 2476 660 ἐλευθεςία
2515 588 2772 658 σιωπηρὰ
2801 588 2860 653 ἐξ
2883 587 3130 656 ἀνάγκης
3170 587 3548 639 ἐπακολουθεῖ.
3585 588 3647 639 Τί

2071 684 2167 748 δέτ
2186 684 2234 751 μή
2264 680 2520 750 γαμικῶς
2547 681 2886 748 συναφθεῖσα
2909 679 3073 748 δούλη
3108 679 3247 749 μετά
3271 678 3533 746 ἀληθεἀς
3556 676 3648 730 τοῦ

2027 800 2036 808 ·
2070 772 2336 826 δεσπότου
2365 773 2568 835 εἰδότος
2608 774 2702 826 καὶ
2740 772 2814 842 μὴ
2864 771 3264 838 ἀντιλέγοντος,
3317 770 3392 831 ὡς
3425 767 3654 838 πορνεύ-

2073 882 2210 918 ονσα
2240 866 2625 934 λογισθήσεται
2666 864 2759 916 διὰ
2798 863 2859 916 ea
2893 863 2970 933 μὴ
3002 863 3319 916 συναινέσαι
3347 862 3438 915 τὸν
3464 862 3657 913 δεσπό-

2074 976 2195 1028 την,
2221 959 2251 1028 ἦ
2279 961 2384 1029 μή;
2418 957 2609 1017 Λύσις,
2639 957 2711 1009 Τὸ
2743 955 2829 1025 μζ¹
2854 974 3002 1025 κεφ.,
3029 956 3124 1009 τοῦ
3152 956 3192 1009 δ’
3219 956 3422 1018 τίτλου,
3454 955 3548 1007 τοῦ
3571 951 3656 1021 κη’

2078 1049 2308 1119 βιϐλίου,
2365 1044 2498 1118 φησὶ
2548 1048 2720 1101 ταῦτα
2771 1048 2952 1119 ῥητῶς
2985 1065 2999 1080 ο
3053 1049 3121 1101 Εἴ
3158 1064 3241 1111 τις
3282 1047 3513 1112 ἐξέδωκε
3560 1048 3658 1118 τὴν

2077 1141 2271 1194 ἑαυτοῦ
2299 1141 2662 1212 θεράπαιναν,
2687 1143 2713 1192 ό
2738 1140 2793 1192 δέ
2823 1140 3108 1210 ἐλεύθερος
3139 1138 3214 1192 ὢν
3239 1139 3335 1193 καὶ
3359 1139 3658 1202 πιστεύσας

2076 1233 2155 1301 τῷ
2186 1232 2378 1286 διδόντι
2411 1233 2582 1303 αὐτὴν
2630 1233 2843 1293 ἐλαϐεν,
2890 1233 3019 1295 ἴσως
3059 1234 3155 1286 καὶ
3187 1232 3478 1303 προικῴων
3503 1248 3661 1302 γενε-

2082 1328 2261 1394 μένων
2291 1324 2673 1394 συμϐολαίων,
2795 1325 2930 1394 μηδὲ
2974 1325 3283 1395 γενομένων
3332 1325 3452 1394 μὲν,
3481 1328 3581 1391 τῆς
3608 1324 3663 1377 δὲ

2079 1415 2274 1470 ἐαυτοῦ
2316 1415 2543 1487 γνώμης
2586 1416 2646 1468 τὸ
2696 1417 2931 1484 πρᾶγμα
2974 1415 3428 1485 διοικησαμέπρης,
3464 1417 3563 1467 οὐκ
3600 1417 3664 1467 ἂν

2080 1508 2163 1577 εἴη
2195 1508 2409 1561 δίκαιον
2441 1507 2532 1560 τὸν
2559 1507 2801 1560 τοιοῦτον
2832 1508 2908 1577 μὴ
2942 1507 3269 1560 συνεστάναι
3298 1510 3501 1575 γάμον,
3531 1506 3667 1559 ἀλλὰ

2083 1600 2376 1669 σιωπηράν
2417 1600 2740 1671 ἐλευθερίαν
2768 1601 3085 1653 ἀκολουθεῖν
3111 1601 3221 1652 εἴτε
3254 1599 3334 1667 τῷ
3364 1590 3665 1669 ἀνδρὶέῖτε

2080 1695 2147 1761 τῇ
2188 1693 2407 1760 γυναικί
2436 1709 2448 1721 ·
2488 1694 2584 1745 καὶ
2616 1692 2863 1763 τοιούτου
2905 1693 3050 1755 τινός
3086 1692 3237 1763 παρὰ
3269 1690 3366 1743 τοῦ
3402 1690 3665 1742 δεσπότου

405 1789 568 1841 etiam
606 1786 826 1840 tacitam
875 1783 1205 1845 libertatem,
1252 1781 1367 1835 sive
1416 1779 1557 1844 viro,
1605 1779 1719 1833 sive
1766 1775 1979 1830 mulieri

2094 1783 2402 1854 γενομένου,
2435 1783 2773 1853 θεσπίζομεν
2809 1784 3152 1853 ἁρπάζεσθαι
3182 1800 3240 1835 τε
3271 1784 3370 1835 καὶ
3413 1783 3508 1836 τὸν
3542 1798 3667 1837 τοι·

407 1874 696 1929 convenire
720 1891 734 1931 :
762 1882 815 1925 et
849 1886 972 1925 cum
1006 1870 1111 1923 tale
1144 1868 1273 1939 quid
1315 1884 1345 1923 a
1387 1868 1607 1922 domino
1659 1868 1858 1919 factum
1885 1864 1979 1929 sit,

406 1983 528 2020 eum
584 1980 813 2032 eamque
861 1961 1207 2017 decernimus
1243 1959 1311 2014 ad
1373 1959 1757 2028 ingenuitatem
1791 1957 1979 2025 arripi,

411 2072 629 2126 remque
653 2067 907 2124 tanquam
976 2054 1029 2107 in
1091 2052 1275 2106 liberis
1325 2060 1379 2104 et
1437 2051 1685 2120 ingenuis
1727 2048 1980 2117 judicari.

410 2147 466 2200 Si
509 2158 687 2200 autem
712 2144 827 2214 ipse
862 2142 1080 2210 quidem
1110 2138 1425 2193 alterutrius
1450 2152 1695 2207 personae
1722 2135 1983 2189 dominus

411 2236 815 2292 matrimonium
849 2249 955 2287 non
1017 2230 1387 2293 constituerit,
1454 2244 1573 2283 cum
1638 2242 1765 2282 vero
1821 2227 1987 2283 sciret

412 2331 556 2398 quod
591 2329 750 2383 fiebat
781 2327 848 2381 de
875 2325 1144 2379 industria
1190 2322 1410 2387 celavit,
1465 2329 1522 2373 ut
1570 2320 1831 2375 adversus
1860 2334 1991 2372 con-

407 2422 717 2489 junctorum
799 2416 1123 2469 alterutrum
1167 2413 1439 2482 negotium
1477 2420 1666 2480 postea
1710 2411 1987 2465 consarci-

416 2520 610 2585 naret,
670 2506 932 2575 ejusmodi
1000 2503 1218 2573 quidem
1277 2502 1649 2563 maleficium,
1716 2502 1985 2571 siquidem
2041 2500 2045 2508 '

415 2603 562 2657 clare
616 2605 893 2652 ostensum
940 2595 1123 2660 fuerit,
1160 2595 1440 2664 punitnus,
1489 2604 1544 2648 et
1598 2595 1679 2650 eis
1725 2595 1820 2663 qui
1880 2605 1987 2649 tam

416 2691 720 2760 improbum
756 2688 1046 2742 consilium
1080 2694 1364 2756 ceperunt,
1427 2685 1723 2740 dominium
1785 2686 1989 2739 auferi-

417 2797 553 2843 mus,
576 2790 631 2833 et
662 2781 761 2833 hoc
791 2780 867 2832 sit
891 2792 1081 2831 rursus
1108 2791 1327 2845 quoque
1387 2779 1808 2840 matrimonium,
1867 2794 1991 2844 pro-

419 2872 543 2925 inde
573 2885 636 2925 ac
675 2870 718 2923 si
745 2870 792 2924 is
840 2870 1203 2923 consensisset
1242 2869 1309 2923 ab
1342 2869 1497 2923 initio
1522 2869 1611 2938 qui
1658 2870 1988 2938 possidebat.

414 2967 485 3018 At
537 2963 623 3016 ille
659 2963 927 3031 quidema
960 2962 1204 3013 dominio
1248 2961 1506 3015 excidat:
1564 2976 1752 3016 rursus
1806 2972 1989 3016 autem

416 3069 607 3109 servus
632 3056 696 3106 ad
738 3052 1129 3124 ingenuitatem
1185 3053 1443 3119 rapiatur.
1495 3054 1627 3107 Cum
1686 3054 1787 3108 hoc
1816 3054 1993 3123 itaque

423 3146 627 3209 evenit,
659 3142 745 3197 vel
779 3144 821 3196 si
858 3141 1158 3205 consensit,
1187 3142 1270 3194 vel
1303 3142 1347 3195 si
1401 3141 1647 3211 improbe
1678 3143 1847 3210 gessit
1895 3145 1992 3203 do-

419 3235 620 3297 minus,
663 3231 868 3287 clarum
902 3240 1002 3296 est,
1037 3229 1180 3298 quod
1221 3234 1312 3299 qui
1373 3244 1439 3284 ex
1500 3231 1582 3284 liis
1635 3231 1996 3284 matrimuniis

421 3327 530 3379 uati
561 3336 708 3389 sunt,
740 3333 898 3377 erunt
927 3337 990 3375 ex
1036 3324 1139 3375 hac
1184 3334 1367 3378 nostra
1401 3322 1518 3391 lege
1550 3323 1704 3377 liberi
1740 3334 1795 3376 et
1847 3326 1996 3389 inge-

421 3414 533 3467 nui.
597 3413 662 3467 Et
717 3414 969 3481 quoniam
1025 3427 1088 3466 ex
1137 3412 1238 3466 hoc
1273 3419 1515 3482 apparet,
1553 3416 1643 3471 .ad
1696 3413 1994 3469 libertatem

416 3507 584 3576 arripi
617 3507 891 3567 ancillam,
924 3521 1043 3571 qua:
1069 3521 1189 3560 cum
1220 3505 1426 3559 domini
1482 3507 1768 3559 tolerantia
1809 3507 1991 3571 nupsit

420 3599 607 3658 libero,
660 3598 749 3665 qui
779 3596 1053 3664 conjuncti
1089 3606 1217 3649 sunt
1252 3596 1396 3649 nulla
1439 3609 1594 3663 pCBtla
1637 3594 1749 3664 99
1813 3596 1994 3647 ali‘ecti

418 3693 907 3747 conservabuutur.
937 3689 1089 3754 Quod
1123 3690 1267 3742 enim
1308 3690 1376 3742 ad
1405 3697 1643 3741 veterem
1687 3688 1856 3756 legem
1916 3699 1998 3739 at-

423 3780 577 3844 tinet,
614 3796 731 3849 quaa
764 3779 1165 3833 matrimonium
1203 3780 1316 3833 solo
1348 3794 1617 3831 consensu
1662 3778 1779 3833 ﬁeri
1810 3790 1999 3833 decer-

422 3872 522 3932 nit,
552 3869 816 3940 ejusmodi
857 3885 1071 3936 quoque
1100 3879 1382 3939 peractum
1447 3878 1530 3922 est
1590 3870 1994 3942 matrimonium

422 3959 518 4028 per
583 3961 802 4013 tacitum
856 3959 1059 4012 domini
1102 3972 1450 4011 consensum.
1493 3954 1578 4011 .Si
1634 3959 1753 4027 quis
1817 3969 1997 4013 autem

423 4051 644 4113 dixerit,
674 4052 813 4119 quod
842 4066 962 4103 cum
997 4064 1099 4101 non
1138 4047 1276 4101 facta
1314 4049 1384 4101 sit
1413 4048 1736 4112 benedictio,
1790 4062 1846 4102 ut
1888 4051 1995 4104 ho~

435 4142 521 4194 die
576 4142 895 4195 observatur
922 4180 936 4202 ,
972 4141 1006 4192 ii
1045 4152 1235 4206 pwnas
1294 4153 1400 4190 non
1448 4136 1702 4207 effugient
1733 4181 1747 4205 ,
1783 4144 1999 4197 etiamsi

424 4229 1066 4296 matrimmtioconjuncti
1124 4230 1253 4290 sint,
1292 4229 1511 4284 domino
1545 4231 1761 4287 vidente
1805 4242 1860 4287 et
1896 4252 2004 4303 pa-

423 4329 611 4389 tiente,
668 4325 853 4377 audiet
884 4323 1048 4390 quod,
1089 4335 1349 4388 quantum
1381 4323 1574 4376 attinet
1616 4326 1681 4376 ad
1724 4338 2001 4394 pinnarum

424 4420 707 4480 rationem,
740 4413 908 4482 magis
952 4410 1327 4465 consideratur
1357 4411 1596 4478 affectio,
1624 4430 1785 4484 quam
1812 4416 2005 4471 Novel-

426 4514 597 4565 larum
631 4502 1081 4560 constitutiouum
1117 4517 1384 4557 summum
1412 4502 1524 4574 jtts.

492 4618 746 4680 ZONAR.
790 4620 844 4674 Si
876 4618 1068 4673 ancilla
1090 4618 1325 4689 seipsam
1350 4619 1469 4675 viro
1494 4621 1778 4676 tradiderit
1806 4632 2006 4691 praeter

424 4715 631 4771 domini
661 4713 1016 4773 voluntatem,
1044 4711 1362 4766 fornicatur.
1394 4710 1530 4765 Cum
1564 4698 1707 4767 enim
1738 4716 1839 4768 sub
1871 4714 2007 4769 alte-

429 4811 540 4863 rius
568 4809 639 4862 sit
662 4812 946 4874 potestate,
968 4811 1253 4867 couveuta,
1280 4805 1329 4856 id
1355 4812 1457 4866 est,
1478 4805 1757 4871 pactiones
1779 4805 2000 4860 ineundi

428 4901 737 4954 facultatem
783 4910 888 4949 non
926 4894 1107 4949 habet.
1152 4892 1385 4947 lnﬁrmze
1422 4893 1689 4962 siquidem
1727 4910 1789 4948 ac
1834 4896 2002 4952 irritat

429 5002 574 5045 sunt.
610 4989 760 5055 Quod
812 4988 857 5042 si
905 4996 1111 5056 postea,
1143 4994 1424 5054 postquam
1471 4985 1678 5039 scilicet
1727 4983 1993 5040 fornicata

432 5084 553 5144 fuit,
602 5084 799 5134 donata
844 5079 1114 5140 libertate,
1154 5085 1247 5128 aut
1296 5074 1514 5128 domino
1565 5075 1732 5142 ipsius
1786 5078 2007 5144 permit-

434 5184 600 5237 tente,
634 5169 978 5223 matrimonio
1013 5168 1206 5230 libero,
1248 5167 1350 5219 hoc
1371 5176 1475 5228 est,
1512 5164 1800 5218 manifesto
1831 5166 2002 5234 palam

433 5277 511 5317 est
546 5278 662 5326 usa,
690 5261 800 5328 jam
834 5261 1005 5313 instar
1044 5260 1300 5328 legitimae
1330 5257 1533 5321 uxoris,
1565 5271 1669 5310 non
1703 5256 2005 5313 loruicaria:

434 5354 703 5418 mulieris,
735 5352 1157 5406 existimabitur.

503 5444 733 5502 ARIST.
774 5443 981 5497 Ancilla
1025 5457 1147 5513 quae
1192 5456 1252 5497 se
1283 5442 1398 5495 viro
1431 5441 1612 5505 tradit,
1661 5440 2005 5493 fornicatur:

437 5538 783 5594 matrimonio
811 5551 939 5589 vero
973 5535 1239 5605 jungitur,
1273 5535 1318 5587 si
1349 5550 1471 5589 cum
1507 5535 1705 5588 domini
1737 5547 2006 5587 Consensu

436 5633 486 5683 id
529 5632 671 5681 ficu.
708 5628 836 5693 Qua:
869 5630 1011 5680 enim
1044 5631 1110 5679 ab
1145 5628 1208 5679 iis
1245 5629 1377 5680 liuut
1405 5628 1495 5694 qui
1533 5627 1718 5679 aliena:
1755 5624 2004 5693 potestati

438 5741 479 5774 s.
507 5720 813 5773 bitt-iuuaur.
854 5720 1087 5773 invalida
1119 5729 1263 5772 sunt.

2083 1875 2238 1927 οῦτον
2270 1877 2364 1928 καὶ
2411 1875 2509 1945 τὴν
2550 1875 2810 1945 τοιαύτην
2856 1878 2935 1938 εἰς
2967 1876 3272 1944 εὐγένειαν,
3306 1874 3401 1928 καὶ
3433 1874 3494 1926 τὸ
3524 1875 3665 1943 πρᾶ-

2082 1984 2203 2037 γμα
2248 1966 2325 2030 ὡς
2371 1968 2465 2020 ἐπὶ
2499 1968 2807 2038 ἐλευθέροις
2840 1986 2899 2020 τε
2933 1971 3026 2020 καὶ
3059 1968 3309 2036 εὐγενέσι
3360 1966 3671 2041 κρίνεσθαι.

2085 2060 2150 2113 Εἰ
2181 2059 2238 2113 δὲ
2269 2060 2434 2121 αὐτὸς
2469 2059 2569 2129 μὲν
2594 2060 2654 2112 ού
2694 2042 3062 2128 συναρμόσειε
3095 2059 3186 2111 τδν
3221 2060 3399 2127 γάμον
3442 2062 3470 2111 ὁ
3512 2057 3671 2110 θατέ-

2088 2165 2184 2216 ρου
2210 2146 2319 2199 τῶν
2344 2145 2654 2215 προσώπων
2674 2146 2963 2214 δεσπότης,
2996 2148 3160 2218 εἰδείη
3188 2147 3244 2200 δὲ
3268 2149 3330 2199 τὸ
3353 2148 3672 2217 γενόμενον.

2087 2242 2183 2293 καὶ
2228 2240 2546 2308 ἐξεπίτηδες
2595 2240 2964 2311 ἀποκρύπτει,
3018 2239 3373 2309 ἵναοῦστερον
3435 2242 3674 2309 πρᾶγμα

2091 2331 2279 2401 βάψειε
2309 2330 2416 2382 τῶν
2444 2331 2827 2400 συναφθέντων
2856 2333 3093 2401 θατέρῳ,
3144 2333 3545 2403 τιμωρούμεθα
3579 2333 3676 2403 τὴν

2087 2423 2366 2495 τοιαύτην,
2425 2423 2541 2492 εἴγε
2612 2424 2803 2493 σαφῶς
2869 2420 3242 2495 ἀποδειχθείη,
3308 2428 3673 2493 κακουργίαν,

2092 2522 2185 2572 καὶ
2212 2519 2601 2590 ἀφαιρούμεθα
2628 2522 2728 2589 τὴν
2767 2520 3090 2573 δεσποτείαν
3116 2522 3224 2574 τῶν
3248 2520 3392 2574 οὕτω
3423 2522 3675 2590 πονηρῶς

2097 2611 2563 2691 βεϐουλευμένων,
2602 2614 2696 2666 καὶ
2742 2613 2884 2666 ἔστω
2919 2614 3082 2668 πάλιν
3129 2617 3222 2668 καὶ
3269 2614 3430 2667 τοῦτο
3476 2615 3675 2682 γάμος,

2093 2702 2287 2772 ὥσπερ
2338 2702 2405 2755 ἂν
2457 2705 2506 2755 εἱ
2556 2706 2904 2775 συιῂνεσενό
2935 2707 3274 2775 κεκτημένος
3321 2707 3419 2775 τὴν
3473 2706 3673 2773 ἀρχήν.

2095 2797 2203 2847 Καὶ
2235 2797 2262 2847 ὁ
2293 2795 2391 2865 μὲν
2417 2798 2738 2848 ἐκπιπτέτω
2782 2799 2886 2866 τῆς
2931 2799 3274 2861 δεσποτείας,
3316 2794 3559 2860 αὖθις-δέ
3600 2799 3679 2857 είς

2094 2886 2378 2954 εὐγένειαν
2405 2887 2738 2958 ἀρπαζέσθω
2764 2888 2823 2941 τὸ
2845 2888 3033 2941 δοῦλον
3062 2890 3379 2959 πρόσωπον.
3418 2888 3677 2941 Τοιούτου

2099 2978 2495 3048 συμϐαίνοντος
2519 2981 2989 3051 ἀποτελέσματος.
3018 2981 3051 3051 ἢ
3081 2982 3237 3050 εἰπερ
3263 2980 3682 3050 ἐκακούργησεν

2097 3072 2127 3122 ὁ
2169 3071 2535 3140 κεκτημένος,
2572 3073 2845 3142 πρόδηλον
2880 3071 2941 3124 ὃν
2975 3072 3051 3135 ὡς
3084 3074 3177 3126 καὶ
3212 3075 3259 3124 οί
3290 3072 3581 3143 τεχθέντες
3617 3074 3683 3123 ἐκ

2098 3164 2205 3214 τῶν
2235 3162 2500 3216 τοιούτων
2527 3163 2726 3234 γάμων
2752 3163 3033 3232 ἐλεύθεροί
3062 3180 3121 3216 τε
3145 3166 3240 3217 καὶ
3271 3166 3519 3232 εὐγενεῖς
3542 3165 3685 3217 κατὰ

2096 3252 2247 3304 τόνδε
2280 3253 2439 3322 ήμῶν
2472 3255 2566 3305 τὸν
2597 3254 2762 3323 νόμον
2793 3255 3030 3308 ἔσονται.
3062 3255 3173 3308 Καὶ
3208 3255 3333 3307 ἐπεὶ
3378 3258 3446 3307 ἐκ
3490 3254 3685 3307 τούτου

2075 3345 2573 3412 παρίσταταιέίς
2621 3346 2940 3417 ἐλευθερίαν
2992 3348 3345 3416 ἁρπάζεσθαι
3394 3347 3497 3415 τὴν
3550 3348 3689 3416 μετὰ

2099 3435 2300 3504 ἀνοχῆς
2334 3435 2431 3488 τοῦ
2467 3436 2735 3489 δεσπότου
2764 3440 2842 3504 τῷ
2869 3439 3141 3509 ἐλευθέρῳ
3187 3442 3538 3511 γαμηθεῖσαν
3567 3441 3688 3492 δοῦ-

2100 3525 2222 3595 λην,
2273 3527 2663 3599 ἀνεπιτίμητοι
2692 3530 2741 3581 οἱ
2766 3530 2908 3582 οὓτω
2935 3532 3301 3598 συναφθέντες
3339 3535 3691 3602 συντηρηθήσο

2101 3634 2307 3674 σονται.
2344 3621 2511 3673 Ὅσον
2540 3624 2650 3691 γὰρ
2683 3623 2822 3675 κατὰ
2853 3622 2946 3675 τὸν
3001 3624 3233 3676 παλαιὸν
3263 3626 3427 3693 νόμον
3457 3626 3549 3677 τὸν
3577 3625 3689 3677 διο-ι

2103 3710 2388 3779 ριςόμενον
2434 3713 2527 3763 τὸν
2556 3713 2734 3782 γάμον
2764 3712 3119 3766 συνίστασθαι
3163 3715 3468 3767 συναινέσει
3526 3716 3685 3784 μόνῃ,

2101 3806 2197 3856 καὶ
2240 3804 2302 3855 τὸ
2355 3803 2599 3857 τοιοῦτον
2631 3806 2965 3859 σννοικέσιον
3009 3806 3396 3876 πεπεράτωται
3451 3806 3540 3859 διὰ
3591 3809 3689 3876 τῆς

2104 3897 2393 3965 σιωπῃρᾶς
2458 3897 2820 3961 συναινέσεως
2876 3899 2970 3951 τοῦ
3031 3899 3318 3955 δεσπότου.
3376 3898 3438 3951 Et
3490 3899 3546 3952 δέ
3606 3915 3687 3959 τις

2103 3987 2233 4057 εἴπῃ
2281 3987 2355 4049 ὡς
2392 3988 2808 4059 ἱερολογίαςμὴ
2841 3991 3143 4059 γενομένης
3174 3989 3318 4041 κατὰ
3346 3988 3403 4042 τὸ
3444 3989 3688 4058 σήμερον

2105 4078 2367 4150 κρατοῦν,
2391 4082 2465 4132 ,οἱ
2509 4080 2746 4133 τοιοῦτοι
2779 4080 2882 4133 οὐκ
2912 4080 3274 4147 ἐκφεύξονται
3314 4082 3382 4133 τά
3411 4080 3684 4148 ἐπιτίμια,

2106 4174 2210 4225 κᾶν
2236 4173 2495 4247 γαμικῶς
2530 4173 2890 4242 συνήφθησαν
2919 4173 3014 4225 τοῦ
3045 4173 3307 4225 δεσπότου
3332 4173 3569 4243 δρῶντος
3596 4174 3690 4222 καὶ

2108 4264 2442 4332 ἀνεχομένου
2477 4280 2491 4295 ο
2549 4263 2742 4315 ἀκούει
2783 4262 2865 4314 ὅτι
2896 4262 2978 4323 εἰς
3013 4263 3105 4314 τὸν
3154 4263 3313 4332 λόγον
3365 4264 3478 4315 τῶν
3519 4268 3692 4315 ἐπιτι-

2111 4356 2251 4424 μίων
2305 4355 2338 4420 ἡ
2403 4352 2645 4415 διάθεσις
2708 4353 2913 4422 μᾶλλον
2967 4356 3276 4419 σκοπεῖται,
3336 4357 3430 4407 καὶ
3484 4355 3604 4423 οὐχὶ
3659 4355 3690 4420 η

2033 4445 2088 4506 D
2114 4444 2370 4513 ἀκρίϐεια
2399 4443 2507 4496 τῶν
2530 4442 2755 4515 Neapth
2779 4445 3185 4515 διαταγμάτων.

2182 4625 2424 4678 ΖΩΝΑΡ.
2494 4622 2620 4677 Ἐὰν
2661 4622 2819 4693 δούλη
2873 4623 3009 4693 ἐκδῷ
3054 4623 3253 4691 ἑαυτὴν
3304 4624 3480 4693 ἀνδρὶ,
3501 4621 3603 4674 ύπδ
3635 4619 3690 4671 τὸ

2110 4716 2323 4786 θέλημα
2355 4715 2449 4769 τοῦ
2473 4715 2738 4768 δεσπότου
2781 4714 2973 4783 αὐτῆς,
3008 4715 3283 4785 πορνεύει.
3332 4713 3455 4782 Ὑφ’
3505 4714 3690 4781 ἑτέρου

2108 4807 2216 4879 γὰρ
2266 4801 2403 4860 οῦσα
2464 4804 2714 4869 ἐξουσίαν
2761 4807 2822 4858 οὐ
2868 4805 3123 4857 δύνανται
3175 4804 3474 4873 συνθήκας,
3531 4804 3693 4872 ἤγουν

2108 4899 2428 4968 συμφωνίας
2460 4899 2656 4951 ποιεῖν.
2689 4895 2964 4950 Ἀὗέῦαιοι
2988 4896 3098 4963 γάρ
3120 4895 3226 4947 εἱσι
3267 4896 3363 4948 καὶ
3388 4895 3690 4964 ἀνίσχυροι.

2109 4990 2173 5042 Et
2198 4989 2254 5041 δέ
2285 4989 2424 5060 μετά
2454 4987 2649 5053 ταῦτα,
2684 4987 2823 5057 μετὰ
2860 4986 2921 5038 τὸ
2951 4984 3249 5055 πορνεῦσαι
3296 4985 3519 5055 δηλαδὴ,
3547 4986 3693 5035 ἐλευ-

2108 5081 2433 5148 θερωθείσα,
2464 5078 2520 5148 ἢ,
2553 5080 3055 5147 παραχωρήσαντος
3107 5075 3199 5127 τοῦ
3240 5076 3445 5146 Κυρίου
3503 5074 3690 5136 αὐτῆς,

2109 5171 2670 5241 πεπαῤῥησιασμένῳ,
2692 5167 2810 5220 ἀντὶ
2828 5167 2944 5230 τοῦ,
2972 5166 3192 5237 φανερῷ
3217 5169 3481 5234 χρήσεται
3514 5166 3691 5232 γάμῳ,

2107 5262 2182 5324 ὡς
2213 5259 2507 5331 γημαμένη
2539 5251 2920 5328 λογισθήσεται
2947 5258 3091 5333 τότε,
3122 5258 3216 5310 καὶ
3262 5258 3382 5326 οὐχὶ
3412 5257 3608 5326 πόρνῃ.

2179 5439 2405 5493 ΔΡΙΣΤ.
2450 5438 2681 5506 Ἐαυτὴν
2710 5437 2865 5510 ἀνδρὶ
2887 5436 3148 5491 ἐπιδοῦσα
3177 5434 3360 5506 δούλη,
3392 5430 3651 5505 πορνεύει
3676 5464 3690 5479 .

2118 5534 2447 5587 συνάπτεται
2481 5532 2559 5598 δὲ,
2595 5534 2643 5584 εἰ
2668 5532 2807 5600 μετὰ
2845 5529 3072 5601 γνώμης
3121 5529 3381 5584 δεσπότου
3405 5546 3418 5559 ο
3469 5529 3536 5580 τὰ
3590 5522 3693 5589 γὰρ

2116 5630 2221 5679 τῷν
2239 5626 2577 5689 ύπ;ξολσὶω9“
2608 5624 2864 5679 ἀϐέϐαια.
