4008 6394
379 360 483 426 Ί13

1346 360 1425 419 tN
1463 360 1703 423 EPIST.
1734 362 1793 419 δ.
1850 354 2125 418 BASlLll
2163 344 2599 419 CANONICAM
2642 358 2715 415 tt.

3542 350 3646 417 714

472 473 600 529 Ἐάν
635 474 682 527 οἱ
708 472 1017 539 ὑπεξούσιοι
1051 475 1239 538 παῖδες
1262 477 1410 545 παρὰ
1444 477 1670 545 γνώμην
1714 476 1822 529 τῶν
1871 457 1959 543 70.-

2137 476 2191 528 Si
2236 478 2389 545 pueri
2423 476 2523 530 Sub
2556 486 2820 545 poteStatc
2868 483 3064 542 praeter
3103 482 3388 542 parentum
3419 486 3645 527 suarum

377 565 515 618 νέων
538 566 718 619 αὐτῶν
742 567 1126 619 συναλλάττειν
1147 568 1324 636 γάμον
1349 568 1409 619 οὐ
1444 566 1727 631 δύνανται,
1775 569 1957 636 πολλῷ

382 656 591 720 μᾶλλον
613 656 661 707 οί
681 656 1025 710 οἱκέται.Διὰ
1046 657 1203 709 τοῦτο
1232 656 1363 724 γοῦν
1393 659 1483 711 καὶ
1510 659 1545 729 η
1581 658 1789 729 δούληή
1821 659 1966 729 ἐκδι-

379 746 547 800 δοῦσα
573 746 771 818 ἑαυτὴν
799 747 952 816 ἀνδρὶ
983 749 1132 818 παρὰ
1153 720 1378 820 γνῶμην
1405 748 1496 802 τοῦ
1523 720 1652 803 ίδίου
1680 720 1964 819 δέσὲιάτφξ,

381 839 458 902 ὡς
473 839 647 909 πόρνη
673 840 1130 910 ὲπιτιμηθήσεται
1150 856 1165 870 ο
1184 842 1232 893 εί
1259 840 1313 892 δὲ
1334 842 1655 910 μετάταῦτα
1673 842 1813 896 κατᾶ
1831 842 1970 911 γνὼ-

385 947 492 998 μην
514 929 606 980 τοῦ
637 930 898 983 δεσπότου
933 930 1179 999 συναφθῇ
1204 933 1383 1002 αὐτῷ,
1408 934 1652 1002 νομίμως
1700 935 1966 1003 ἐγήματο.

958 1026 1199 1079 ΚΑΝΩΝ
1226 1008 1364 1080 MA’.

394 1115 457 1168 Ἦ
488 1116 546 1168 ἐν
576 1118 642 1186 τῇ
692 1118 888 1188 χηρείᾳ
923 1117 1172 1183 ἐξουσίαν
1199 1118 1398 1187 ἔχουσα
1470 1118 1667 1187 ἑαυτῆς
1707 1122 1971 1172 συνοικεῖν

457 1205 810 1275 ἀνέγκλητος,
849 1208 898 1259 εί
925 1207 1114 1277 μηδείς
1135 1210 1284 1260 ἐστιν
1314 1208 1341 1259 ό
1389 1208 1629 1260 διασπῶν
1678 1208 1740 1261 τδ
1798 1226 1974 1261 συνοι-

385 1286 392 1293 ’
456 1297 657 1360 κέσιον,
679 1299 773 1351 τοῦ
805 1298 1131 1351 Ἀποστόλου
1181 1298 1446 1361 εἰπόντος,
1519 1297 1664 1352 Ἐὰν
1690 1282 1969 1368 ἀποθάνῃ

452 1392 482 1444 ό
510 1388 666 1458 ἀνὴρ
692 1430 707 1454 ,
750 1390 1069 1459 ἐλεύθερός
1105 1390 1277 1443 ἐστιν
1320 1384 1368 1458 ᾧ
1401 1390 1563 1443 θέλει
1610 1390 1972 1466 ιγ-ιιμηθῆικσαι⁹

449 1482 642 1550 μόνον
665 1481 735 1534 ἐν
756 1481 954 1546 Κυρίω
971 1522 984 1535 .

451 1572 604 1643 Γυνή,
637 1591 716 1634 τις
765 1572 1089 1642 χηρεύσασα
1140 1571 1330 1639 ἢθελεν
1392 1572 1565 1641 ἑτέρῳ
1615 1571 1977 1642 συζευχθῆναι

385 1664 562 1733 ἀνδρὶ,
594 1666 689 1717 καὶ.
732 1666 791 1715 ου
856 1667 1250 1733 παρεχιυρεῖτο,
1285 1665 1317 1733 ἢ
1356 1668 1447 1717 καὶ
1499 1664 1852 1735 συξευχθεϊσα
1883 1669 1981 1718 ἐπ-

383 1757 627 1822 ετιμᾶτο.
676 1756 962 1824 Ἠρωτήθη
989 1754 1081 1806 οὖν
1114 1757 1243 1824 περὶ
1277 1753 1434 1807 τοῦτο
1463 1757 1490 1807 ὁ
1523 1754 1675 1822 ἅγιος
1720 1759 1814 1811 καὶ
1871 1760 1981 1810 άπ-

2068 573 2391 625 sententiam
2437 562 2841 625 matrimonium
2889 558 3215 624 contrahere
3251 582 3358 621 non
3397 576 3646 636 possunt,

2069 659 2238 712 multo
2274 659 2442 726 magis
2470 658 2635 712 scrvi.
2668 656 2956 725 Propterea
2996 656 3176 725 itaque
3206 664 3261 708 et
3293 654 3488 709 ancilla
3528 668 3652 722 quas

2071 762 2265 821 [ιι-αξιοι·
2319 751 2519 807 domini
2576 752 2656 805 sui
2707 748 3032 804 sententiam
3095 762 3155 801 se
3200 738 3319 800 uiro
3367 745 3537 808 dedit,
3593 753 3651 797 nt

2073 843 2387 899 fornicatrix
2435 858 2622 913 poenas
2662 842 2793 895 luet.
2830 838 2885 894 Si
2933 830 3113 893 autem
3161 847 3342 905 postea
3394 830 3516 889 cum
3549 834 3647 887 do-

2075 937 2200 990 mini
2237 934 2513 990 voluntate
2544 935 2589 987 ci
2625 933 3004 1017 conjuugatttr,
3035 930 3270 1000 legitime
3305 927 3506 996 nupsit.

2657 1023 2887 1078 CANON
2929 1020 3065 1076 XLI.

2075 1121 2207 1186 Quae
2242 1122 2293 1173 in
2333 1120 2594 1173 viduitate
2636 1118 2795 1171 habet
2823 1115 2910 1171 sui
2944 1121 3287 1182 potestatem,
3327 1120 3381 1165 et
3414 1112 3532 1164 viro
3565 1124 3659 1164 co.

2154 1212 2383 1274 habitat,
2411 1211 2476 1265 ab
2507 1212 2653 1266 omni
2687 1208 3032 1264 accusatione
3060 1215 3144 1260 cst
3189 1206 3378 1270 libera,
3416 1207 3460 1261 si
3496 1220 3657 1260 nemo

2148 1314 2228 1358 est
2257 1307 2346 1372 qui
2379 1302 2685 1372 conjugium
2720 1299 2972 1365 divellat;
3006 1312 3127 1351 cum
3166 1295 3309 1350 dicat
3340 1288 3653 1365 Apostolus,

2152 1395 2210 1450 Si
2243 1404 2480 1450 mortuus
2510 1395 2576 1448 sit
2599 1393 2843 1457 maritus,
2865 1392 3025 1465 libera
3050 1400 3146 1453 est,
3180 1400 3234 1442 ιιι
3267 1389 3424 1442 nubat
3455 1389 3540 1443 cui
3577 1406 3661 1444 ve-

2152 1488 2235 1551 lit,
2264 1496 2471 1540 tantum
2504 1488 2557 1540 in
2585 1484 2811 1538 Domino
2841 1487 2881 1534 ¹.

2154 1578 2350 1632 BALS.
2402 1577 2594 1632 Mulier
2635 1577 2877 1645 quaedam
2926 1577 3081 1628 vidua
3136 1574 3349 1629 volebat
3395 1562 3488 1626 alii
3543 1572 3661 1625 viro

2084 1672 2434 1726 matrimonio
2470 1670 2760 1738 conjungi:
2804 1680 2854 1721 et
2889 1684 2992 1722 non
3025 1668 3071 1721 ei
3115 1664 3545 1736 permittebatur,
3581 1666 3661 1717 vel

2084 1763 2248 1818 etiam
2302 1763 2589 1832 conjuncta
2637 1761 2981 1831 puuicbatur.
3029 1757 3261 1814 Sanctus
3312 1766 3439 1827 ergo
3487 1759 3551 1810 de
3598 1762 3663 1811 eo'

384 1848 621 1916 ειρήνατο
665 1847 746 1898 ὅτι
796 1846 1041 1910 ἐξουσίαν
1071 1843 1184 1916 ἔχει
1209 1848 1241 1915 ὴ
1270 1846 1412 1918 χήρα
1442 1847 1615 1917 ἑτέρῳ
1648 1848 1980 1919 ωναφθῆναι

2090 1859 2449 1923 interrogatus
2488 1865 2592 1936 est,
2638 1863 2691 1909 et
2736 1854 3035 1921 respondit,
3086 1853 3229 1922 quod
3262 1861 3346 1906 est
3392 1852 3446 1905 in
3493 1851 3664 1903 vidua:

383 1938 561 2008 ἀνδρὶ,
587 1938 680 1990 ἐάν
698 1940 831 2001 τέως
848 1939 1168 2005 αὑτεξουσία
1194 1940 1331 1994 ἐστί.
1351 1940 1522 1993 Τοῦτο
1545 1941 1599 1993 δὲ
1620 1943 1792 2011 κρατή
1804 1959 1882 1994 σει
1908 1945 1986 2005 είς

2087 1958 2351 2020 patcstate
2395 1958 2452 2002 ut
2485 1948 2571 2001 alii
2611 1949 2726 2001 viro
2771 1946 3152 2017 coniungatur,
3202 1944 3246 1999 si
3296 1956 3421 1998 tunc
3467 1952 3551 1996 est
3580 1942 3663 1997 sui

389 2032 556 2098 μόνην
578 2030 1003 2100 δευτερογαμίαν
1027 2046 1041 2061 ⁸
1060 2031 1417 2101 τριτογαμίαν
1448 2032 1556 2101 γάρ
1585 2032 1611 2082 ὁ
1636 2033 1785 2098 Ξγιος
1802 2034 1860 2085 οὑ
1882 2050 1981 2086 πα-

2090 2039 2238 2107 iuris.
2271 2040 2381 2094 Hoc
2410 2049 2590 2093 autem
2623 2039 2673 2091 in
2703 2037 2814 2091 sola
2846 2035 3077 2105 digamia
3104 2034 3415 2089 servabitur
3444 2052 3456 2087 :
3488 2044 3662 2099 neque

388 2126 642 2192 ραχωρεῖ.
676 2124 833 2175 Ὥστε
853 2123 1031 2186 καλῶς
1053 2124 1086 2193 ἠ
1108 2124 1242 2193 γυνὴ
1258 2127 1293 2195 ἡ
1314 2125 1629 2195 χηρεύσασα
1650 2125 1712 2177 ἃν
1734 2125 1983 2197 δευτεροο

386 2216 628 2287 γαμήσῃ.
645 2218 735 2267 καὶ
751 2216 902 2269 δευτε
913 2217 1277 2288 ρογαμήσασα
1292 2217 1390 2269 οὐκ
1406 2216 1881 2288 ὲπιτιμηθήσεται,
1901 2216 1980 2268 εἵ-

394 2308 603 2377 περοῦκ
618 2301 765 2361 ἔστιν
786 2286 1078 2372 ὑπεξουσία
1094 2328 1107 2342 ⁸
1127 2313 1221 2364 ὲάν
1243 2312 1348 2380 γάρ
1364 2311 1510 2363 ἐστιν
1526 2286 1838 2375 ὑπεξουσία,
1862 2311 1983 2362 ἐπεὶ

398 2400 562 2469 ὁέχων
577 2400 777 2471 ταύτην
792 2401 890 2452 ἕρπε
902 2400 1118 2464 ξουσίαν
1130 2401 1353 2455 δύναται
1364 2403 1663 2455 διατπᾶσαι
1679 2405 1767 2452 τὸν
1781 2403 1978 2470 γάμον,

389 2491 843 2559 ἐπιτιμηθήσεται
870 2496 961 2544 καὶ
994 2491 1131 2563 αὕτη
1157 2492 1233 2555 ὡς
1265 2490 1630 2563 πορνεύσασα.
1687 2493 1830 2563 Πλὴν
1886 2494 1981 2544 καὶ

390 2582 444 2633 αἱ
482 2586 738 2649 γυναῖκες
770 2584 1271 2653 δευτερογαμοῦσαι
1307 2583 1385 2651 τῷ
1415 2585 1675 2653 ἐπιτιμίῳ
1722 2583 1828 2636 τῶν
1858 2584 1980 2636 δευ-

390 2674 842 2744 τερογαμούντων
867 2675 1206 2737 ὑπόκεινται,
1228 2675 1408 2738 καθὼς
1437 2676 1696 2737 πολλάκις
1719 2674 1974 2744 εἴπομεν.

403 2768 644 2823 Ἀκούων
674 2767 732 2819 δὲ
790 2767 883 2820 τοῦ
945 2768 1102 2836 άγίου
1156 2767 1401 2835 λέγοντος
1471 2768 1612 2837 ἔχειν
1652 2768 1739 2819 ἐπ’
1799 2759 1980 2828 ἀδείας

392 2866 491 2931 τὴν
532 2862 708 2930 χήραν
740 2852 785 2927 ᾧ
837 2860 980 2912 θέλει
1034 2859 1353 2928 γαμεῖσθαι,
1412 2858 1487 2928 μὴ
1521 2858 1680 2930 εἴπῃς
1717 2858 1976 2911 δύνασθαι

393 2955 565 3023 αὐτὴν
595 2951 835 3023 ἀσεϐεῖῆ
864 2953 1035 3021 ἑτέρῳ
1075 2952 1181 3004 τινὶ
1206 2950 1409 3020 ἀναξίῳ
1440 2950 1534 3003 τοῦ
1582 2952 1772 3018 γένους
1809 2951 1977 3020 αὐτῆς

396 3044 763 3100 συνάπτεσθαι
788 3061 802 3074 '
829 3044 944 3098 ἀλλ’
969 3045 1092 3096 εἰπὲ
1120 3042 1358 3111 ὀφείλειν
1385 3042 1553 3111 αὐτὴν
1592 3076 1604 3093 κ
1622 3043 1725 3095 ατὰ
1743 3042 1976 3105 κανόνας

396 3142 488 3190 καὶ
519 3137 716 3208 νόμους
740 3137 980 3205 δευτέρῳ
1007 3136 1163 3205 ἀνδρὶ
1202 3133 1518 3203 γαμεῖσθαι.
1554 3128 1695 3201 Φησὶ
1748 3136 1856 3205 γὰρ
1911 3136 1971 3187 τὸ

2087 2126 2230 2181 enim
2288 2126 2510 2181 sanctus
2560 2125 2861 2193 trigamiam
2926 2123 3210 2194 permittit.
3267 2121 3437 2177 Recte
3484 2122 3667 2189 itaque

2087 2204 2283 2270 mulier
2309 2200 2468 2269 vidua
2502 2214 2742 2269 secundo
2769 2214 2952 2279 nubet,
2978 2223 3034 2268 et
3057 2229 3179 2266 cum
3207 2210 3447 2268 Secundo
3473 2225 3670 2278 nupse-

2090 2308 2155 2360 rit
2187 2324 2289 2362 nou
2323 2308 2595 2378 punietur,
2629 2307 2671 2362 si
2702 2306 2921 2375 quidem
2957 2321 3063 2359 non
3104 2296 3189 2360 est
3219 2306 3321 2360 sub
3346 2313 3615 2374 potestate
3650 2324 3663 2358 :

2044 2464 2057 2479 ί
2086 2408 2179 2455 sed
2214 2403 2257 2454 si
2282 2404 2351 2457 sit
2385 2403 2484 2457 sub
2509 2410 2775 2472 potestate
2804 2399 3045 2469 parentis
3070 2400 3388 2456 constituta.
3413 2398 3665 2463 quoniam

2085 2496 2176 2565 qui
2229 2494 2346 2547 eam
2396 2494 2556 2547 habet
2608 2494 2662 2548 in
2715 2499 2983 2562 potestate
3036 2479 3212 2559 potest
3262 2490 3666 2543 matrimonium

2085 2586 2401 2647 dissolvere,
2442 2586 2556 2654 ipsa
2593 2600 2829 2654 quoque,
2879 2584 2935 2637 ut
2973 2581 3090 2651 qua:
3130 2578 3199 2635 sit
3250 2580 3540 2646 fornicata,
3573 2596 3670 2649 pn-

2083 2679 2286 2732 nietur.
2343 2677 2449 2731 Sed
2500 2688 2551 2729 et
2607 2678 2885 2740 mulieres,
2949 2691 3069 2742 qn.e
3127 2672 3375 2728 secundo
3436 2673 3665 2738 nubunt,

2082 2768 2414 2836 digamorum
2450 2766 2715 2835 supplicio
2742 2760 3125 2831 subjiciuntur,
3154 2774 3209 2817 ut
3241 2778 3381 2832 saepe
3408 2764 3662 2817 diximus.

2079 2860 2431 2927 Cnmgautem
2469 2859 2626 2913 audis
2670 2867 2914 2913 sanctum
2950 2856 3220 2910 dicentem
3258 2871 3379 2908 esse
3421 2858 3471 2909 in
3512 2865 3665 2925 potc-

2079 2958 2217 3007 state
2253 2946 2422 3005 vidua:
2454 2953 2656 3005 nubere
2689 2950 2775 3005 cui
2810 2950 2958 3009 velit,
3013 2964 3079 3003 ne
3113 2948 3318 3002 dixeris
3349 2964 3466 3000 eam
3506 2963 3665 3016 posse

2088 3046 2274 3114 impio,
2305 3045 2384 3095 vel
2424 3043 2582 3098 alicui
2618 3043 2707 3096 alii
2741 3057 2841 3097 suo
2874 3056 3069 3110 genere
3116 3041 3337 3111 indigno
3378 3040 3657 3110 conjungi.

2083 3140 2188 3192 Sed
2236 3137 2323 3190 dic
2373 3151 2491 3191 eam
2547 3135 2743 3190 debere
2785 3134 3079 3188 secundum
3129 3132 3276 3201 leges
3324 3144 3375 3185 ct
3427 3147 3666 3188 canones

395 3235 586 3297 α’κεφ.
609 3228 703 3279 τοῦ
736 3225 777 3280 δ’
813 3226 994 3280 τίτλου
1038 3227 1130 3280 τοῦ
1180 3232 1267 3295 κη’
1299 3224 1501 3294 βιϐλίου
1524 3241 1536 3255 ο
1599 3221 1779 3293 Γάμος
1829 3227 1973 3277 ἐστὶν

2090 3233 2329 3284 secundo
2358 3229 2470 3283 viro
2501 3218 2725 3281 nubere.
2758 3225 2892 3279 Dicit
2924 3227 3067 3279 cnim
3105 3226 3337 3293 primum
3365 3239 3482 3292 cap.
3518 3225 3598 3278 tit.
3632 3226 3666 3277 4

395 3318 587 3389 ἀνδρὸς
619 3319 714 3370 καὶ
752 3317 1009 3384 γυναικὸς
1047 3317 1313 3383 συνάφεια
1338 3315 1429 3366 καὶ
1458 3314 1833 3382 συγκλήρωσις
1882 3314 1974 3365 τοῦ

399 3411 513 3479 βίου
561 3410 803 3473 παντὸς,
859 3409 1007 3461 θείου
1053 3425 1112 3460 τε
1154 3409 1248 3459 καὶ
1285 3406 1630 3470 ἀνθρωπίνου
1701 3406 1974 3459 κοινωνία.

407 3501 515 3554 Καὶ
557 3502 586 3554 ὁ
631 3498 713 3551 λα’
748 3500 930 3551 κανὼν
979 3498 1079 3566 τῆς
1130 3500 1187 3550 ὲν
1223 3497 1516 3564 Λαοδικείᾳ.
1578 3495 1829 3557 συνόδου,
1889 3499 1979 3547 καὶ

402 3591 522 3662 ὀοβ⁹
552 3591 734 3646 κανὼν
765 3592 864 3661 τῆς
916 3594 973 3645 ὲν
1035 3591 1111 3660 τῷ
1154 3590 1410 3659 Τροὺλὶῳ
1468 3589 1683 3641 συνόδου
1712 3589 1979 3641 κωλύουσι

405 3685 524 3747 τοὺς
576 3683 890 3755 ὀρθοδόξους
947 3684 1083 3752 μετά
1140 3682 1431 3750 αἱρετικών
1459 3680 1847 3744 συνάπτεσθαι,
1884 3680 1980 3731 καὶ

404 3775 460 3828 τὸ
486 3772 531 3846 β’
569 3775 712 3844 θέμα
742 3774 837 3828 τοῦ
864 3775 907 3837 ς’
947 3792 1072 3841 κεφ.
1104 3773 1197 3825 τοῦ
1232 3771 1271 3823 ε’
1319 3773 1497 3825 τίτλου
1525 3771 1618 3823 τοῦ
1655 3778 1737 3840 κη’
1774 3770 1979 3839 βιϐλίου

403 3865 562 3934 φησίν
590 3881 605 3897 ο
633 3867 748 3919 Οὐκ
782 3865 1022 3936 ἔρρωται
1047 3866 1075 3917 ὁ
1107 3864 1281 3932 γάμος
1308 3863 1408 3931 τῆς
1451 3862 1751 3932 θυγατέρος
1807 3863 1839 3930 ἢ
1892 3864 1984 3928 ἑγ-

403 3958 561 4028 γόνης
589 3958 682 4011 τοῦ
723 3956 1094 4025 ἀξιωματικοῦ
1156 3956 1290 4025 πρὸς
1320 3953 1680 4023 ἀπελεύθερον
1729 3952 1761 4022 ἢ
1802 3957 1985 4023 σκηνι-

402 4050 515 4112 κὸν,
545 4047 579 4117 ἢ
615 4046 875 4117 σκηνικοῦ
915 4046 1028 4098 υἱὸν
1071 4045 1103 4115 ἢ
1155 4043 1442 4113 σκηνικῆς.
1513 4042 1570 4093 '0
1621 4041 1679 4093 δὲ
1727 4042 1985 4112 κραταιὸς

402 4141 495 4193 καὶ
524 4139 678 4208 ἅγιος
706 4138 862 4208 ἡμῶν
896 4137 1147 4207 βασιλεὺς
1174 4135 1446 4206 διαφόρων
1478 4133 1792 4186 συνοικέσια
1826 4133 1986 4200 εὐγεο

404 4232 508 4284 νῶν
540 4229 913 4300 συναφθεισῶν
959 4228 1215 4298 ἀνδράσιν
1249 4227 1495 4293 εὐγενέσι
1561 4226 1840 4289 διέσπασε,
1893 4224 1987 4276 καὶ

404 4323 528 4384 τοὺς
581 4319 952 4388 συναφθέντας
991 4317 1243 4386 μεγάλως
1281 4316 1559 4368 ἐκόλασεν.
1614 4312 1740 4366 Οἱόν
1782 4331 1834 4366 τι
1891 4331 1989 4365 πε-

404 4413 598 4482 ποίηκε
630 4412 722 4465 καὶ
754 4413 833 4473 εἰς
861 4410 951 4462 τὸν
997 4407 1273 4479 βασιλικὸν
1323 4406 1732 4476 γραμματικὸν,
1795 4405 1987 4474 κύριον

404 4504 780 4574 θεόδωροντδν
810 4501 1148 4570 Μεσαρίτην,
1173 4498 1267 4551 τοῦ
1294 4496 1562 4550 σεδαστοῦ
1594 4497 1686 4548 τοῦ
1708 4497 1991 4566 Βρυεννίου

404 4596 503 4663 τὴν
538 4594 815 4665 θυγατέρα
851 4593 1021 4662 χωρὶς
1048 4591 1305 4660 εἰδήσεως
1341 4589 1624 4657 βασιλικῆς
1648 4592 1726 4649 είς
1756 4592 1987 4654 γυναῖκα
2021 4581 2061 4636 D

404 4686 656 4741 λαϐόντα.
688 4685 762 4738 Τὸ
803 4685 987 4754 μέντοι
1011 4682 1089 4751 τῷ
1110 4682 1296 4734 κανόνι
1321 4681 1735 4751 προσκείμενον,
1770 4679 1864 4730 καὶ
1898 4677 1985 4730 λέ-

406 4795 523 4845 γον,
557 4778 716 4848 μόνον
745 4778 805 4830 ιν
831 4775 1041 4845 Κυρίῳ,
1075 4771 1381 4844 προσετέθη
1432 4771 1521 4823 διά
1549 4771 1675 4832 τοὺς
1699 4770 1981 4832 ἀπίστους.

419 4858 508 4922 Ἕν
528 4868 715 4941 Κυρίῳ
737 4869 845 4939 γὰρ
872 4866 1223 4920 συναλλάττει
1248 4865 1426 4934 γάμον
1455 4867 1486 4933 η
1513 4862 1648 4932 μετὰ
1678 4860 1984 4927 ὀρθοδόξου,

409 4960 468 5014 οὐ
501 4961 607 5032 μὴν
640 4960 778 5031 μετὰ
806 4957 1088 5028 αἰρετικοῦ
1125 4955 1483 5024 συναφθεϊσα.

480 5056 723 5109 ΖΩΝΑΡ.
752 5053 1084 5124 Χηρεύσασα
1122 5050 1261 5120 γυνὴ
1292 5050 1386 5103 καὶ
1422 5047 1497 5117 μὴ
1536 5046 1669 5101 οὖσα
1698 5045 1989 5111 ὑπεξουσία

409 5148 680 5220 γονεῦσιν,
698 5145 842 5200 ὥστε
869 5144 1094 5217 χρῄζειν
1122 5144 1224 5212 τῆς
1248 5142 1473 5195 ἐκείνων
1499 5140 1859 5201 συναινέσεως
1891 5140 1985 5191 ἐπὶ

409 5242 487 5312 τῷ
537 5241 722 5309 γάμῳ,
776 5237 1108 5307 ἀνέγκλητός
1141 5226 1259 5285 ἐστι
1302 5232 1555 5301 δεύτερον
1604 5229 1985 5294 συναλλάξατα

408 5337 607 5405 γάμον,
638 5334 687 5385 εί
713 5330 902 5402 μηδείς
950 5331 1099 5381 ἐστιν
1155 5328 1184 5378 ὁ
1229 5326 1474 5379 διασπῶν
1507 5323 1568 5376 τὸ
1628 5324 1984 5389 συνοικέσιον,

410 5427 707 5490 τουτέστιν,
741 5425 790 5476 εί
837 5425 911 5492 μή
940 5421 1083 5483 τινές
1114 5420 1250 5472 είσιν
1287 5415 1613 5480 ὑπεξουσίαν
1635 5414 1805 5484 αὐτὴν
1839 5414 1991 5484 ἔχον-

411 5538 520 5585 τις,
553 5520 672 5588 ἦτοι
706 5516 908 5586 πατὴρ,
936 5514 970 5583 ἢ
1003 5514 1250 5576 πάππος,
1274 5511 1324 5563 οἶ
1358 5512 1448 5563 καὶ
1471 5509 1705 5577 διασπᾷν
1735 5508 1989 5560 δύνανται

411 5613 508 5682 τὴν
541 5610 630 5662 διὰ
659 5607 753 5661 τοῦ
775 5609 954 5676 γάμου
992 5604 1308 5673 συνάφειαν,
1354 5602 1426 5671 μὴ
1463 5600 1875 5660 συναινέσαντες
1905 5597 1991 5648 ἐπ’

483 5802 499 5834 ⁸
530 5799 691 5856 lCor.
714 5813 809 5854 vtt.
844 5797 933 5853 59.

732 5896 1002 5953 l’srnon.
1044 5890 1158 5948 Gn.
1197 5884 1579 5947 CXXXVII].

2083 3323 2178 3375 lib.
2218 3337 2390 3375 χιιι-ιιι
2427 3316 2870 3375 :Matrimouinm
2912 3320 2996 3370 est
3025 3315 3123 3368 viri
3160 3324 3211 3369 et
3257 3315 3497 3369 mulieris
3534 3332 3665 3369 con-

2075 3411 2326 3478 jllt'Ctin,
2377 3419 2429 3464 et
2475 3410 2640 3463 totius
2691 3409 2813 3461 \‘itte
2853 3404 3205 3470 consuetudo,
3257 3407 3561 3460 divinarum
3613 3419 3666 3460 et

2084 3503 2439 3556 humanarum
2504 3513 2683 3552 rerum
2736 3496 2991 3551 societas.
3044 3493 3112 3548 Et
3167 3510 3287 3564 syn.
3348 3494 3666 3550 Laodiceme

2084 3609 2256 3646 canon
2294 3592 2385 3657 51,
2418 3600 2472 3645 ct
2509 3604 2632 3645 can.
2667 3587 2736 3643 72
2768 3604 2888 3657 syn.
2925 3589 2975 3642 in
3013 3585 3220 3650 Trullo,
3258 3587 3547 3655 prohibent
3579 3602 3668 3640 or-

2084 3684 2345 3739 thodoxo’s
2360 3698 2481 3737 cum
2509 3682 2780 3737 haereticis
2808 3679 3056 3748 coniungi
3077 3720 3092 3745 ,
3125 3687 3178 3733 et
3206 3672 3386 3732 thema
3406 3678 3461 3746 Ξ,
3487 3694 3608 3749 cap.
3635 3679 3667 3730 7

2087 3774 2169 3829 tit.
2198 3775 2370 3840 5,lib.
2410 3772 2582 3829 tum
2618 3774 2749 3827 dicit
2788 3790 2803 3826 :
2844 3772 2959 3826 Non
2991 3783 3072 3824 est
3105 3771 3338 3826 validum
3389 3772 3669 3825 matrimo-

2087 3866 2237 3919 nium
2272 3865 2394 3918 lilia:
2427 3862 2510 3917 vel
2551 3862 2728 3931 neptis
2770 3863 2866 3914 viri
2915 3860 3175 3914 senatorii
3204 3870 3326 3913 cum
3359 3858 3556 3912 liberto
3583 3858 3666 3913 vel

2086 3958 2322 4022 scenico,
2359 3955 2436 4009 vel
2467 3955 2667 4011 scenici
2701 3964 2790 4006 aut
2817 3952 3046 4007 scenicae
3084 3951 3212 4005 ﬁlio.
3249 3948 3447 4005 Peleus
3483 3960 3664 4005 autem

2066 4048 2142 4104 'et'
2169 4048 2393 4105 sanetns
2430 4059 2613 4103 uoster
2651 4048 2967 4115 imperator,
2999 4058 3121 4099 cum
3162 4044 3422 4098 nobilium
3459 4044 3666 4114 aliquot

2091 4142 2402 4205 mulierum,
2447 4155 2569 4194 cum
2611 4139 2740 4193 vivis
2789 4138 3114 4208 ignobilibus
3161 4144 3440 4191 contracta
3486 4146 3669 4191 essent

2092 4234 2460 4299 matrimonia,
2493 4248 2554 4286 ea
2601 4233 2897 4300 separavit,
2936 4231 2989 4285 et
3029 4230 3352 4299 conjunctos
3386 4229 3537 4283 valde
3567 4244 3667 4298 pu-

2093 4327 2215 4380 niit.
2250 4323 2713 4390 Quemadmodum
2740 4324 2904 4377 etia’m
2938 4321 3068 4376 fecit
3097 4331 3151 4373 et
3179 4322 3229 4373 in
3261 4320 3465 4390 regium
3490 4335 3671 4389 gratu-

2098 4419 2351 4471 maticum
2385 4415 2664 4470 dominum
2707 4401 3052 4468 Theodorum
3091 4410 3397 4466 Mesaritcm
3431 4411 3524 4480 qui
3565 4411 3669 4463 Au-

2098 4510 2235 4580 gusti
2284 4508 2525 4563 Briennii
2581 4506 2744 4577 100
2797 4505 3007 4569 ﬁliam,
3063 4505 3267 4572 absque
3326 4502 3669 4573 imperatoris

2092 4600 2316 4655 scientia
2352 4599 2404 4653 in
2440 4600 2664 4653 nitorem
2694 4604 2996 4665 acceperat.
3027 4593 3180 4660 Quod
3210 4600 3388 4647 autem
3421 4593 3671 4663 adjicitur

2092 4692 2308 4755 canoni,
2351 4703 2404 4743 et
2444 4690 2595 4755 dicit,
2639 4686 2824 4744 Solum
2871 4687 2924 4740 in
2975 4685 3221 4747 Domino,
3269 4686 3536 4752 adjectum
3587 4695 3672 4738 est

2094 4782 2315 4853 propter
2363 4782 2630 4837 inﬁdeles.
2671 4781 2730 4833 In
2793 4778 3021 4833 Domino
3068 4775 3213 4831 enim
3261 4775 3668 4829 matrimonium

2093 4873 2388 4938 contrahit,
2418 4886 2539 4941 qua
2584 4886 2705 4924 cum
2749 4867 3072 4928 orthodoxo,
3107 4878 3213 4918 non
3247 4866 3368 4918 cum
3416 4864 3671 4918 [heretico

2098 4964 2505 5018 matrimonium
2534 4960 2829 5016 contrahit.

2167 5051 2420 5108 ZONAR.
2478 5051 2668 5105 Mulier
2716 5065 2836 5119 qua:
2876 5049 3037 5103 vidda
3085 5054 3192 5111 εει,
3233 5052 3331 5099 nec
3384 5051 3669 5114 parentum

2096 5145 2347 5214 potestati
2377 5143 2644 5213 subjecta,
2681 5153 2739 5194 nt
2783 5140 2997 5208 illorum
3046 5148 3312 5191 consensu
3358 5133 3422 5189 ad
3457 5136 3673 5202 nuptias

2096 5236 2496 5290 contrahendas
2536 5232 2795 5301 indigeat,
2843 5232 3046 5299 absque
3090 5228 3197 5281 ulla
3239 5240 3376 5279 noxa
3418 5225 3673 5279 secundis

2100 5325 2302 5394 nuptiis
2331 5322 2523 5393 illigari
2575 5331 2772 5390 potest,
2823 5319 2868 5374 s‘i
2907 5333 3067 5373 nemo
3109 5317 3181 5371 sit
3226 5317 3315 5384 qui
3364 5314 3670 5382 conjugiunt

2098 5416 2380 5481 dissolvat,
2415 5416 2519 5469 hoc
2546 5421 2650 5479 est,
2688 5412 2739 5467 si‘
2780 5411 2911 5465 nulli
2943 5410 3073 5476 sint,
3109 5410 3200 5479 qui
3251 5409 3397 5461 illam
3440 5420 3553 5459 suae
3580 5406 3675 5458 ub—

2100 5508 2319 5561 noxiam
2350 5505 2602 5575 potestati
2633 5506 2885 5568 babeant,
2915 5512 3068 5569 pater
3094 5501 3373 5563 nimirum,
3398 5507 3493 5551 aut
3516 5510 3671 5561 avus,

2101 5600 2296 5669 quibus
2319 5599 2481 5654 etiam
2503 5596 2761 5652 dirimere
2787 5593 3121 5647 matrimonii
3148 5592 3461 5647 societatem
3488 5590 3671 5641 datum

3274 5869 3352 5932 23
