4008 6458
294 282 403 344 719

370 394 679 448 revertitur.
714 393 823 447 Nos
848 409 973 447 vero
1004 395 1319 450 diaconissm
1343 407 1560 462 corpus,
1592 402 1649 443 ut
1679 405 1864 443 corisc-
1899 398 1936 445 Α

363 497 598 546 rrattttu,
630 503 733 538 nun
766 476 997 554 amplius
1030 487 1083 540 in
1126 499 1221 542 usu
1256 485 1454 541 carnali
1491 499 1609 539 esse
1641 483 1865 549 periniu-

371 584 554 634 timus.

368 764 563 819 BALS.
614 763 915 830 Quomodo,
950 771 1003 815 et
1035 776 1280 831 quaenam
1327 758 1521 812 mulier
1560 756 1864 811 diacouissa

299 860 377 924 lit,
408 874 470 914 ex
500 856 728 911 diversis
767 854 1060 909 canouihus
1089 853 1344 908 didicisti.
1387 849 1697 904 Diaconissa
1735 863 1864 915 ergo

298 951 491 1006 mulier
540 950 698 1004 alicui
753 947 941 1003 Graeco
997 944 1346 1000 fornicatorie
1393 942 1708 1009 conjuncta,
1757 954 1863 992 non

298 1042 472 1098 solum
526 1049 606 1094 est
652 1038 914 1107 deposita,
960 1036 1054 1090 sed
1103 1033 1267 1089 etiam
1315 1041 1628 1102 segregata;
1681 1037 1733 1083 et
1775 1029 1863 1096 qui

296 1148 415 1187 cum
450 1148 510 1184 ea
547 1148 655 1185 rem
699 1131 885 1185 hahuit
926 1128 1166 1190 Graecus,
1215 1125 1383 1180 fidelis
1423 1122 1668 1184 eﬂ‘ectus,
1699 1120 1865 1172 voluit

297 1242 414 1278 eam
462 1238 682 1277 uxorem
726 1222 988 1289 accipere,
1035 1230 1291 1288 tanquam
1340 1216 1428 1284 qui
1473 1230 1569 1285 per
1617 1221 1861 1267 sanctum

299 1318 618 1385 baptismum
652 1330 681 1368 a
721 1316 903 1369 Grazra
952 1311 1286 1366 immnnditia
1320 1309 1580 1363 liberatus
1619 1311 1782 1367 esset,
1814 1312 1867 1355 et

298 1408 385 1477 qui
417 1408 465 1460 ei
494 1406 730 1473 legitime
770 1404 1019 1473 conjungi
1069 1418 1172 1455 non
1207 1401 1576 1469 impediretur,
1623 1413 1741 1464 qua:
1774 1411 1866 1462 per

298 1500 529 1567 priorem
562 1498 970 1553 forniCutionetn
999 1494 1327 1550 diaconalcin
1359 1495 1735 1544 auctoritatem
1769 1489 1864 1540 de~

296 1594 585 1659 posuisset,
630 1598 684 1643 et
727 1600 865 1643 ρεςρι
905 1588 1068 1642 veluti
1113 1586 1304 1640 libera.
1357 1583 1587 1637 Sanctus
1620 1596 1750 1650 ergo
1803 1580 1866 1634 de

299 1688 542 1754 utrisque.
572 1683 728 1753 102
757 1682 855 1735 fuit
903 1681 1289 1749 interrogatus,
1315 1687 1368 1731 et
1399 1676 1692 1742 respondit,
1723 1673 1861 1740 quod

296 1777 623 1837 diaconissa,
660 1789 778 1840 qua:
813 1772 1072 1824 fornicata
1107 1779 1209 1835 est,
1241 1778 1295 1822 et
1334 1778 1614 1838 propterea
1649 1763 1749 1818 fuit
1774 1765 1864 1818 de-

298 1868 492 1937 posita,
538 1882 645 1919 non
703 1863 1097 1932 segregabitur,
1153 1861 1225 1913 ita
1275 1871 1333 1912 nt
1381 1873 1484 1912 non
1532 1857 1585 1910 in
1635 1855 1862 1910 ecclesia

296 1952 561 2019 versetur,
597 1957 689 2009 sed
724 1955 789 2007 ad
823 1952 1119 2007 orationem
1165 1958 1218 2004 et
1250 1948 1539 2003 stationem
1573 1961 1694 2001 cum
1731 1943 1866 1999 ﬁde-

297 2050 435 2103 libus
457 2048 792 2102 admittetur.
820 2044 1027 2098 Dictum
1056 2043 1197 2096 enitn
1225 2049 1306 2094 est
1331 2040 1606 2093 tricesimo
1629 2039 1865 2093 secundo

296 2141 410 2208 ejus
440 2156 565 2193 can.
619 2142 760 2205 quod
804 2135 1009 2199 clerici,
1046 2132 1137 2203 qui
1195 2142 1472 2201 peccatum
1523 2131 1588 2182 ad
1637 2137 1863 2183 mortem

298 2240 548 2299 peccant,
570 2228 742 2283 solum
773 2230 1134 2295 deponuntur,
1163 2240 1267 2277 non
1298 2223 1457 2277 etiam
1490 2229 1863 2291 segregantur.

297 2319 414 2375 Non
450 2321 594 2375 enim
628 2317 930 2371 vindicahis
963 2315 1044 2371 bis
1078 2317 1128 2367 in
1163 2313 1419 2381 idipsum.
1451 2312 1622 2366 Porro
1653 2321 1707 2366 et
1745 2311 1865 2364 dia-

297 2412 509 2465 conissa
539 2418 757 2478 propter
786 2406 1196 2462 fornicationem
1231 2404 1471 2471 deposita
1505 2402 1576 2456 ab
1608 2401 1867 2456 ecclesia-

297 2501 435 2556 stica
471 2500 663 2571 synaxi
694 2514 799 2553 non
842 2496 1230 2568 segregabitur.
1266 2495 1342 2548 llli
1375 2496 1516 2551 enim
1548 2508 1646 2562 pro
1676 2492 1867 2561 quavis

297 2608 459 2664 ptena
486 2591 681 2648 sufﬁcit
708 2591 993 2660 depositio.
1024 2589 1160 2656 Quia
1191 2595 1369 2643 autem
1402 2588 1492 2657 qui
1521 2586 1867 2641 fornicantur

298 2686 532 2742 triennio
550 2698 654 2739 non
674 2692 797 2738 sunt
818 2691 1127 2737 sanctorum
1153 2681 1537 2752 mysteriorum
1553 2677 1863 2746 participes,

296 2779 486 2834 statuit
536 2784 757 2832 sanctus
791 2785 850 2830 ut
898 2788 958 2828 ea
1002 2773 1172 2843 magis
1207 2773 1506 2838 puniretur,
1557 2770 1701 2840 quod
1744 2785 1863 2822 cum

294 2870 482 2927 Graeco
523 2886 631 2925 rem
665 2869 931 2931 habuerit,
970 2883 1142 2935 caque
1175 2876 1317 2921 essm
1368 2876 1488 2932 post
1521 2864 1863 2935 septennium

296 2971 761 3017 sacramentorum
792 2958 1062 3027 particeps
1101 2975 1128 3009 a
1166 2956 1521 3009 fornicatione
1548 2970 1606 3009 se
1645 2967 1867 3022 prorsus

1564 277 1844 336 'l'iiEUD.
1882 276 2288 335 BALSAMON

3434 282 3545 344 720

2040 389 2098 441 τὸ
2117 389 2275 454 σῶμα
2295 390 2369 451 ὡς
2392 392 2791 459 καθιερωμένον
2814 392 2912 446 οὐκ
2936 393 3302 463 ἐπιτρέπομεν
3330 395 3386 448 ἐν
3409 397 3549 464 χρή-

2046 498 2125 532 σει
2154 476 2292 533 εἶναι
2329 486 2587 552 σαρκικῇ.

2036 750 2167 805 ΒΑΛ
2179 753 2233 805 Σ.
2254 754 2443 816 Ὅπως
2468 755 2558 807 καὶ
2581 756 2663 807 οἵα
2691 756 2824 826 γυνὴ
2847 757 3052 823 γίνεται
3077 756 3320 818 διάκονος
3347 755 3547 822 ἔμαθες

1966 846 2075 898 ἀπὸ
2099 846 2370 917 διαφόρων
2393 849 2655 903 κανόνων.
2678 850 2930 907 Διάκονο;
2962 849 3090 917 γοῦν
3112 850 3247 918 γυνὴ
3273 849 3546 918 πορνικῶς

1970 936 2352 1007 συμφθαρεῖσα
2388 938 2612 1007 Ἕλληνι
2645 957 2749 992 τινι
2784 941 2843 990 οὐ
2885 940 3045 1007 μόνον
3075 938 3379 1012 καθῃρέθη.
3411 939 3549 992 ἀλλὰ

1967 1028 2061 1078 καὶ
2100 1027 2385 1097 ἀφωρίσθη
2414 1043 2429 1059 ⁸
2472 1033 2566 1083 καί
2608 1033 2635 1083 δ
2683 1046 2821 1097 μετα
2856 1031 3058 1099 ταύτης
3095 1032 3152 1083 δὲ
3204 1032 3544 1098 συμφθαρεὶς

1968 1115 2187 1185 Ἕλλην,
2243 1118 2432 1179 πιστὸς
2461 1121 2774 1187 γενόμενος,
2817 1120 2973 1190 ἤθελε
3014 1120 3220 1190 ταύτην
3254 1120 3438 1173 λαϐεῖν
3469 1119 3549 1181 είς

1966 1207 2221 1271 γυναῖκα,
2268 1207 2344 1270 ὡς
2390 1207 2478 1259 δια
2527 1208 2621 1261 τοῦ
2674 1210 2832 1276 ἀγίου
2892 1208 3266 1279 βαπτίσματος
3311 1211 3417 1263 dub
3451 1210 3549 1279 τῆς

1980 1296 2299 1366 Ἑλληνικῆς
2351 1299 2690 1368 ἀκαθαρσίας
2739 1300 3054 1370 καθαροεὶς,
3107 1302 3203 1354 καὶ
3254 1300 3414 1370 δῆθεν
3472 1302 3548 1369 μὴ

1970 1389 2394 1457 ἐμποδιζόμενος
2432 1391 2680 1460 νομίμως
2713 1394 2852 1463 αὐτῇ
2880 1395 3246 1463 συναφθῆναι,
3287 1393 3385 1462 τὴν
3433 1393 3551 1446 δια·-

1968 1482 2193 1551 κονικὴν
2254 1481 2410 1547 ἀξίαν
2463 1483 2795 1554 ἀποθεμένῃ,
2847 1483 2935 1536 διὰ
2988 1486 3084 1553 τῆς
3142 1484 3548 1554 προγενοιλένης

1971 1575 2251 1645 πορνείας,
2276 1575 2370 1626 καὶ
2397 1568 2507 1627 οἷον
2529 1574 2665 1645 οὔσῃ
2691 1576 3266 1645 ὲ).ευοέρα.Ἦρωτήθη
3300 1574 3392 1628 οὖν
3420 1576 3549 1645 περὶ

1966 1666 2291 1736 ἀμφοτέρων
2315 1666 2343 1718 ὁ
2375 1666 2550 1733 ἆγιος,
2574 1669 2669 1721 καὶ
2691 1669 3027 1736 ἀπεκρίνατο
3047 1670 3126 1721 ὅτι
3148 1673 3174 1737 ἡ
3204 1668 3548 1737 πορνεύσασα

1897 1728 1936 1781 Β
1962 1728 2295 1821 διἀκὸνισσα,
2321 1728 2690 1811 καὶδάτοῦτο
2706 1728 3113 1829 καθαιρεθεῖσα,
3138 1728 3237 1812 niis
3256 1728 3554 1827 ἀφορισθή-

1968 1871 2121 1908 σεται
2180 1853 2320 1907 ὥστε
2371 1855 2445 1926 μὴ
2496 1855 2895 1924 ἐκκλησιάζειν,
2937 1854 3072 1908 ἀλλὰ
3113 1855 3430 1925 δεχθὴσεται
3471 1857 3550 1913 εἰς

1965 1950 2066 2017 τὴν
2093 1946 2231 2017 μετὰ
2255 1945 2364 1999 τῶν
2396 1949 2600 2000 πιστῶν
2634 1948 2799 2017 εὐχὴν
2821 1949 2914 2000 καὶ
2943 1949 3151 1999 στάσιν.
3185 1948 3415 2018 Εἴρηται
3442 1950 3551 2014 γὰρ

1965 2042 2043 2101 είς
2092 2040 2183 2091 τὸν
2227 2037 2306 2110 λβ⁹
2353 2039 2552 2092 κανόνα
2589 2040 2777 2105 αὐτοῦ,
2812 2042 2893 2093 ὃτι
2933 2042 2979 2092 σί
3016 2038 3115 2111 τὴν
3143 2044 3277 2109 πρὶς
3321 2041 3551 2093 θάνατον

1966 2132 2370 2201 ἁμαρτάνοντες
2388 2134 2666 2204 ἁμαρτίαν
2685 2133 2935 2203 κληρικοὶ
2955 2131 3343 2202 καθαιροῦνται
3365 2133 3548 2201 μόνον,

1965 2226 2026 2277 ού
2065 2225 2171 2295 μὴν
2203 2226 2297 2278 καὶ
2328 2227 2702 2296 ἀφορίζονται.
2741 2229 2816 2279 Ού
2852 2228 2958 2296 γὰρ
3001 2227 3311 2296 ὲκδικὴσεις
3344 2227 3426 2290 δὶς
3455 2229 3549 2278 ἐπὶ

1965 2317 2026 2369 τὸ
2079 2317 2241 2371 αὑτό.
2290 2319 2398 2371 Καὶ
2440 2320 2473 2388 ἡ
2521 2318 2766 2381 διάκονος
2806 2318 2968 2386 γοῦν,
3014 2318 3102 2370 διὰ
3142 2320 3241 2387 τὴν
3296 2319 3551 2387 πορνείαν

1969 2409 2384 2480 καθαιρεθεῖσα,
2420 2410 2519 2464 οὐκ
2555 2412 2986 2481 ἀφορισθήσεται
3027 2414 3088 2464 ἐκ
3121 2411 3219 2480 τῆς
3252 2411 3550 2481 ἐκκλησια-

1969 2505 2160 2573 στικῆς
2192 2502 2488 2565 συνάξεως.
2526 2503 2717 2573 Ἀρκεῖ
2747 2503 2853 2573 γὰρ
2884 2504 3021 2574 αὐτῇ
3054 2503 3175 2555 ἀντὶ
3206 2505 3404 2564 παντὸς
3433 2505 3551 2554 ἐπι-

1965 2593 2146 2661 τιμίου
2192 2594 2225 2661 ἠ
2270 2592 2609 2663 καθαίρεσις.
2663 2594 2785 2648 "Ott.
2840 2594 2897 2647 δὲ
2951 2596 3000 2646 οἱ
3057 2594 3416 2664 πορνεύοντες
3458 2577 3549 2645 ἐπὶ

1965 2686 2285 2756 τετραετίαν
2310 2685 2419 2739 τῶν
2451 2686 2622 2754 ἁγίων
2652 2686 2970 2756 μυστηρίων
3000 2687 3061 2739 οὐ
3099 2686 3549 2755 μεταλαμϐάνω-

1972 2795 2078 2844 σιν,
2128 2776 2329 2848 ὥρισεν
2359 2779 2387 2831 ὁ
2426 2777 2581 2846 ἀγιος
2618 2780 2710 2831 ἐπὶ
2746 2778 2906 2833 πλέον
2948 2778 3340 2849 ὲπιτιμηθῆναι
3379 2780 3550 2845 αὐτὴν

1964 2871 2051 2923 διὰ
2073 2870 2134 2922 τὸ
2163 2870 2303 2938 μετὰ
2334 2870 2593 2940 Ἕλληνος
2618 2872 3033 2942 συμφθαρῆναι,
3059 2873 3147 2923 καὶ
3175 2870 3313 2941 μετὰ
3342 2871 3544 2922 ἑπταε-

1968 2961 2092 3011 τίαν
2145 2959 2474 3028 μεταλαὸεῖν
2519 2960 2693 3031 αὐτὴν
2739 2961 2848 3012 τῶν
2894 2961 3279 3029 ἀγιασμάτων.
3331 2960 3548 3020 πάντως

294 3053 599 3108 continens.
649 3049 897 3105 Graecum
946 3059 1125 3101 autem
1173 3049 1261 3117 qui
1312 3047 1567 3110 credidit,
1620 3054 1677 3098 et
1721 3059 1861 3107 eam,

1977 3051 2294 3103 ἀποστᾶσαν
2340 3052 2405 3103 ὲκ
2450 3051 2548 3120 τῆς
2596 3051 2874 3121 πορνείας.
2921 3052 3024 3104 Τὸν
3051 3052 3125 3123 ⁴δὲ
3172 3051 3545 3104 πιστεύσαντα

295 3160 416 3214 quae
446 3144 737 3213 aliquando
763 3140 864 3194 fuit
892 3139 1200 3193 diaconissa
1234 3140 1432 3192 habere
1457 3136 1670 3204 quaerit,
1702 3135 1871 3189 sacri-

299 3235 423 3305 legii
463 3231 903 3288 eondemnationi
951 3229 1187 3297 suhjicit,
1226 3230 1268 3281 si
1303 3229 1623 3281 diaconissaa
1650 3239 1870 3295 corpus,

299 3325 442 3395 quod
469 3325 575 3379 Deo
602 3325 764 3376 semet
791 3328 872 3374 est
901 3320 1228 3380 dedicatum,
1257 3334 1351 3388 per
1386 3319 1584 3371 coitum
1618 3317 1867 3384 coinqui-

296 3415 510 3470 naverit
541 3432 555 3469 :
590 3423 643 3467 et
681 3427 804 3468 eum
840 3411 975 3465 adeo
1011 3424 1200 3464 canem
1237 3418 1415 3471 vocat,
1468 3409 1561 3479 qui
1608 3409 1673 3461 ad
1709 3423 1868 3463 suum

297 3507 560 3562 vomitum
593 3504 907 3566 rerertitur,
950 3504 1049 3556 hoc
1075 3510 1156 3556 est
1188 3501 1254 3555 ad
1299 3501 1531 3571 priorem
1574 3498 1865 3554 inﬁdelita-

298 3608 407 3653 tem
443 3609 541 3667 per
572 3595 837 3649 nefarium
882 3594 1105 3646 coitum.
1152 3592 1516 3658 Quamobrem
1564 3607 1708 3656 eam,
1750 3606 1871 3659 qua:

296 3688 463 3744 semel
514 3687 623 3741 Deo
671 3694 754 3739 est
794 3685 1068 3747 dedicata,
1120 3683 1334 3737 etiamsi
1386 3683 1548 3737 fuerit
1600 3682 1866 3751 deposita,

298 3780 446 3835 nullo
475 3778 639 3834 modo
676 3778 811 3832 sinit
854 3776 1015 3830 alicui
1052 3774 1333 3844 conjungi,
1369 3777 1511 3839 quod
1559 3774 1630 3829 sit
1670 3788 1869 3842 corpus

296 3872 415 3940 ejus
453 3879 853 3933 consecratum,
882 3877 937 3922 et
965 3867 1173 3921 servari
1207 3867 1400 3921 debeat
1428 3867 1494 3919 ab
1523 3866 1667 3918 omni
1702 3866 1865 3927 cuitu,

296 3973 352 4018 et
379 3963 524 4018 omni
551 3977 650 4016 usu
679 3959 883 4015 carnali
915 3961 1066 4031 juxta
1094 3960 1454 4014 universalem
1485 3958 1721 4028 regulum
1752 3972 1870 4026 qua:

298 4057 449 4120 dicit,
495 4055 649 4121 Quod
696 4064 940 4108 sanctum
987 4064 1071 4108 est
1123 4068 1233 4107 non
1278 4052 1340 4106 fit
1400 4052 1680 4121 pollutum.
1733 4051 1870 4105 Nota

293 4163 424 4216 ergo
454 4148 569 4200 haec
611 4156 832 4216 propter
865 4145 1095 4199 clericos
1133 4154 1188 4199 et
1222 4143 1538 4206 monathos,
1569 4144 1658 4213 qui
1692 4154 1870 4198 trans-

298 4238 536 4290 formant
588 4246 644 4289 et
690 4242 903 4288 mutant
952 4234 1194 4286 habitum
1235 4272 1250 4297 ,
1309 4232 1417 4286 iino
1474 4242 1528 4286 et
1572 4233 1870 4286 monachas

296 4325 483 4388 etiam,
514 4332 569 4376 et
606 4321 861 4375 ascetrias
900 4320 1141 4374 volentes
1186 4320 1439 4389 legitimis
1472 4322 1728 4375 uxoribus
1774 4331 1868 4374 aut

303 4415 441 4469 viris
468 4413 744 4483 conjungi.
781 4410 1046 4466 Existimo
1085 4420 1262 4466 autem
1295 4428 1387 4466 eas
1429 4415 1495 4466 ali
1528 4415 1629 4469 hoc
1661 4428 1868 4468 canone

298 4514 445 4558 recte
471 4502 714 4560 secundo
747 4503 949 4555 nuhere
985 4500 1368 4569 prohibendas,
1395 4517 1492 4556 nec
1527 4504 1868 4558 sacerdotum

299 4608 521 4659 uxores,
544 4592 684 4646 sicut
712 4606 809 4646 nec
834 4591 924 4659 qui
949 4598 1074 4646 sunt
1098 4593 1296 4646 sacrati
1326 4592 1688 4646 sacerdotium
1719 4606 1871 4646 recu-

298 4691 507 4747 santes,
563 4683 946 4751 permittentur
991 4681 1176 4736 virere
1225 4691 1281 4735 ut
1332 4681 1477 4746 laici,
1527 4693 1581 4736 et
1633 4681 1870 4736 secundo

300 4775 706 4828 matrimonium
734 4773 1057 4827 contrahere
1081 4789 1097 4826 :
1120 4773 1458 4827 sacerdomm
1486 4774 1629 4825 enim
1653 4786 1868 4836 uxores,

299 4878 465 4918 unum
506 4878 702 4932 corpus
739 4872 792 4917 et
838 4877 941 4916 una
991 4878 1120 4916 caro
1151 4863 1526 4927 sacerdotalis,
1561 4877 1657 4929 per
1687 4861 1870 4931 legiti-

300 4969 444 5009 mam
475 4953 768 5009 sacerdotii
804 4953 1233 5021 conjunctionem
1279 4953 1576 5023 appellatae,
1617 4961 1672 5008 et
1708 4967 1771 5007 ea
1801 4953 1869 5006 de

299 5060 463 5101 causa
502 5045 669 5100 veluti
717 5053 1084 5110 consecratae,
1137 5058 1241 5098 non
1291 5043 1721 5113 profanabantur
1773 5057 1871 5112 per

300 5136 570 5193 secundas
621 5137 860 5204 nuptias.
917 5133 1242 5191 Sacerdotes
1292 5141 1501 5199 autem,
1553 5135 1646 5202 qui
1702 5135 1869 5190 semel

297 5228 566 5283 secundas
618 5228 859 5295 nuptias,
909 5241 975 5282 eo
1023 5226 1169 5297 quod
1214 5226 1324 5281 Deo
1373 5235 1503 5281 sum
1541 5226 1865 5292 consecrati,

299 5317 627 5389 rejecerunt,
674 5328 728 5372 et
773 5319 883 5374 Deo
912 5320 1014 5374 hoc
1058 5320 1243 5387 utique
1281 5316 1510 5386 professi
1559 5327 1708 5383 sunt,
1760 5333 1865 5371 non

298 5411 551 5465 sinentur
601 5424 696 5478 per
742 5409 1014 5464 carnalem
1067 5408 1413 5479 cupiditatem
1472 5409 1863 5465 sacerdotalem

295 5501 611 5570 dignitatem
646 5503 954 5570 rrpudiare,
982 5511 1035 5556 et
1063 5516 1221 5570 quam
1254 5502 1363 5556 Deo
1391 5499 1634 5556 fecerunt
1660 5503 1868 5568 profes-

295 5593 506 5646 sionem
544 5593 842 5659 intlrmare,
883 5603 949 5648 et.
970 5592 1177 5647 carnali
1225 5592 1435 5649 libidini
1480 5595 1685 5648 servire.
1719 5612 1732 5648 :
1771 5595 1864 5648 sed

296 5681 510 5737 etiarnsi
546 5685 713 5740 seincl
755 5682 1060 5739 sacerdotio
1105 5684 1576 5750 renuntiaverint,
1635 5698 1861 5753 corpora

1977 3142 2218 3210 ’Ἕλληνα
2261 3143 2359 3195 καὶ
2400 3142 2666 3212 ζητοῦντα
2700 3144 2844 3211 ἔχειν
2880 3144 2977 3212 τήν
3026 3160 3153 3196 ποτε
3196 3144 3543 3197 διακόνισσαν

1977 3235 2284 3301 ἱεροσυλίας
2337 3235 2607 3304 καταδίκῃ
2653 3234 3080 3298 καθυποὸἀλλει,
3131 3235 3226 3287 ἐὰν
3278 3235 3341 3287 τὸ
3391 3234 3540 3299 ἅπαξ

1976 3326 2284 3396 ἀφιερωθὲν
2323 3325 2483 3394 σῶμα
2509 3325 2611 3394 τῆς
2644 3324 2990 3387 διακονίσσης
3019 3326 3106 3377 διὰ
3139 3325 3232 3393 τῆς
3259 3324 3542 3391 ἐπιμιξίας

1970 3418 2205 3488 κοινώσῃ
2226 3432 2243 3449 σ
2278 3417 2482 3486 μᾶλλον
2524 3417 2622 3486 μὲν
2659 3413 2754 3468 οὖν
2789 3418 2882 3468 καὶ
2914 3415 3050 3468 κύνα
3077 3416 3242 3468 αὑτὸν
3276 3416 3543 3467 ἀποκαλεί

1970 3511 2049 3569 εἰς
2071 3509 2159 3559 τὸν
2193 3507 2323 3560 ἴδιον
2347 3506 2540 3574 ἔμετον
2579 3507 3001 3574 ἐπιστρέφοντα,
3031 3507 3308 3560 τουτέστιν
3337 3510 3418 3569 εἰς
3444 3508 3543 3575 τὴν

1971 3599 2241 3667 προτέραν
2289 3596 2551 3649 ἀπιστίαν
2593 3596 2679 3648 διά
2724 3599 2827 3665 τῆς
2868 3597 3111 3666 ἀθέσμου
3158 3599 3381 3668 μίξεως,
3434 3600 3545 3652 Καὶ

1969 3688 2066 3756 τὴν
2110 3685 2258 3751 απαξ
2301 3686 2728 3757 καθιερωθεῖσαν
2765 3688 2843 3757 τῷ
2888 3688 3027 3758 Θεῷ,
3079 3688 3179 3742 κάν
3222 3689 3542 3761 καθαιρεθῇ,

1969 3782 2029 3830 ob
2079 3781 2402 3850 παραχωρεῖ
2453 3779 2807 3849 ὁπωσδήποτε
2856 3798 2964 3834 τινι
3013 3780 3401 3846 συνάπτεσθαι,
3455 3782 3542 3835 διὰ

1968 3874 2027 3922 τὸ
2066 3867 2207 3924 εἶναι
2241 3872 2300 3924 τὸ
2336 3871 2496 3941 σῶμα
2532 3872 2699 3942 αὐτῆς
2729 3873 3156 3945 καθιερωμένον,
3184 3875 3276 3927 καὶ
3306 3875 3540 3942 ὀφείλειν

1971 3961 2348 4030 συντηρεῖσθαι
2387 3961 2566 4031 πάσης
2614 3963 2799 4030 κοινῆς
2843 3963 2935 4015 καὶ
2981 3963 3249 4032 σαρκικῆς
3296 3964 3543 4032 χρήσεως

1969 4052 2265 4123 ἀνώτερον,
2317 4051 2459 4105 κατά
2505 4053 2596 4105 τὸν
2647 4051 2878 4105 καθόλου
2941 4051 3098 4117 λόγον
3144 4052 3236 4104 τὸν
3290 4051 3536 4120 λέγοντα·

1970 4145 2043 4196 Τὸ
2094 4145 2238 4213 ἱερὸν
2286 4147 2481 4213 μιαρὸν
2517 4143 2579 4195 οὐ
2619 4143 2849 4210 γίνεται.
2881 4142 3194 4212 Σημείωσαι
3240 4141 3417 4195 ταῦτα
3456 4143 3544 4195 διά

1969 4236 2096 4298 τοὺς
2150 4234 2795 4306 μετασχηματιζομένους
2848 4234 3140 4307 κληρικούς
3188 4251 3247 4288 τε
3298 4239 3391 4289 καί¹
3443 4251 3543 4303 μο-

1971 4328 2193 4395 ναχοὺς,
2238 4328 2333 4380 καὶ
2384 4328 2568 4395 μέντοι
2613 4325 2707 4378 καὶ
2763 4329 3003 4396 μοναχάς
3074 4330 3165 4379 καὶ
3218 4329 3539 4398 ἀσκητρίας,

1902 4391 2074 4466 Ι)κοιλ.”
2127 4391 2398 4476 θέλοντας⁷
2429 4412 2683 4481 νομίμοις
2739 4391 2984 4480 γυναιξὶν
3044 4414 3077 4483 ἢ
3136 4415 3230 4485 καὶ
3284 4391 3540 4485 ἀνδράσιν

1972 4503 2359 4558 συνάπτεσθαι.
2413 4503 2609 4571 Οῖομαι
2666 4502 2724 4555 δὲ
2778 4503 2888 4555 ἀπὸ
2936 4505 3031 4557 τοῦ
3075 4507 3297 4568 κανόνος
3349 4508 3538 4559 τούτου

1971 4594 2149 4656 καλῶς
2206 4594 2295 4645 ἵνα
2355 4592 2641 4646 κωλυθῶσι
2699 4591 3122 4662 δευτερογαμεῖν
3178 4597 3272 4648 καὶ
3331 4598 3385 4647 αἱ
3434 4597 3539 4646 τῶν

1975 4685 2162 4755 ἱερέων
2216 4686 2508 4751 γυναῖκες,
2568 4681 2757 4753 ὥσπερ
2816 4683 2937 4736 οὐδὲ
2993 4685 3043 4736 oi.
3099 4684 3380 4753 ἱερωμένοι
3443 4686 3540 4751 τὴν

1973 4775 2272 4846 ἱερωσύνην
2300 4776 2727 4844 παραιτούμενοι
2753 4775 3312 4846 παραχωρηθήσονται
3334 4777 3407 4839 ὠς
3431 4777 3539 4829 λαῖ-

1970 4871 2057 4920 κοὶ
2104 4867 2311 4934 διάγειν
2367 4868 2463 4919 καὶ
2507 4866 2960 4935 δευτερογαμεῖν·
3022 4869 3078 4918 αἱ
3143 4868 3243 4937 μὲν
3293 4868 3400 4939 γὰρ
3447 4886 3540 4935 γυ-

1969 4961 2152 5019 ναῖκες
2183 4958 2292 5010 τῶν
2334 4958 2523 5023 ἱερέων
2567 4955 2625 5008 ἓν
2660 4956 2818 5026 σῶμα
2860 4959 2955 5010 καὶ
2992 4958 3089 5023 μία
3126 4959 3259 5028 σὰρξ
3291 4938 3442 5028 ίερατ
3471 4938 3538 5028 xi]

1968 5050 2059 5103 διὰ
2072 5050 2170 5117 τῆς
2190 5048 2329 5117 μετά
2347 5046 2535 5118 ἱερέων
2552 5048 2785 5117 νομίμου
2802 5049 3091 5115 συναφείας
3108 5066 3211 5118 χρη
3221 5049 3539 5117 ματίσασαι,

1970 5137 2262 5192 κάντεῦθεν
2278 5130 2387 5190 οἷον
2410 5136 2735 5206 ίερωθεῑσαι,
2753 5138 2814 5190 οὑ
2841 5136 3309 5209 βεὸηλωθήσονται
3330 5140 3414 5194 διὰ
3437 5142 3538 5207 τῖμς

1967 5228 2419 5299 δευτερογαμίας.
2456 5229 2590 5283 Οὐδὲ
2616 5229 2781 5299 ἱερεῖς
2810 5228 2960 5293 ἅπαξ
2980 5229 3079 5281 τὴν
3106 5230 3536 5301 δευτερογαμίαν

1966 5322 2297 5391 ἀποθέμενοι
2354 5321 2443 5374 διὰ
2493 5320 2588 5374 τοῦ
2646 5320 2974 5391 ἱερωθῆναι,
3033 5324 3127 5374 καὶ
3185 5323 3343 5375 τοῦτο
3403 5325 3536 5375 αὐτὸ

1968 5416 2046 5474 εἰς
2100 5412 2234 5465 Θεὸν
2298 5411 2780 5478 ἐπαγγειλάμενοι,
2843 5413 2903 5464 οὐ
2970 5414 3534 5485 παραχωρῃθήσοντιιι

1966 5504 2053 5557 δια
2103 5503 2201 5574 τὴν
2266 5503 2536 5572 σαρκικὴν
2589 5503 2887 5572 ἐπιθυμίαν
2938 5508 3380 5575 παραιτήσασθαι
3434 5508 3532 5573 τὴν

1970 5596 2248 5664 ἱερατικὴν
2299 5595 2497 5659 ἀξίαν,
2555 5594 2648 5647 καὶ
2705 5593 2804 5661 τὴν
2862 5596 2941 5658 εἰς
2997 5595 3129 5649 Θεὸν
3199 5596 3531 5664 ἐπαγγελίαν

1972 5684 2256 5753 ἀθετῆσαι,
2289 5686 2382 5741 καὶ
2401 5689 2465 5757 τῇ
2498 5687 2733 5756 σαρκικῇ
2762 5686 3027 5757 ἐπιθυμία
3058 5686 3334 5742 δουλεῦσαι
3360 5705 3372 5721 ’
3398 5689 3534 5742 ἀλλά
