4008 6402
450 398 555 460 795

1282 434 1301 443 ε
1368 404 1450 461 1N
1494 402 1735 462 El‘lST.
1787 402 1851 461 S.
1884 398 2171 460 BASlLll
2209 398 2651 459 CANONICAM
2700 400 2782 460 ll.

3598 405 3704 465 7‘36

439 521 696 594 δεύτερον
727 522 903 592 γάμον
946 523 1094 593 αὐτῴ
1147 526 1521 591 συνοικήσασα
1549 523 1647 591 τὴν
1679 522 2012 592 πρόσκαιρον

2129 514 2289 590 atque
2314 520 2384 573 ita
2413 535 2535 572 cum
2574 518 2767 573 relicto
2804 519 2919 574 viro
2948 520 3236 590 habitavit,
3294 524 3540 579 adultera
3588 541 3694 581 est.

441 614 746 666 ἀπόστασιν
779 616 842 666 ἐκ
878 612 972 665 τοῦ
1014 613 1220 666 οἰκείου
1252 612 1466 681 ἀνδρὸς,
1518 613 1613 664 καὶ
1645 612 1787 664 οὓτω
1843 611 2021 680 συνῴ-

444 721 581 775 κησε
636 704 712 775 τῷ
765 704 1391 773 καταλειφθέντιάνδρὶ,
1419 703 1667 773 μοιχαλίς
1721 706 1892 769 ἐστιν,
1938 704 2022 755 ὅτι

445 796 734 865 ἀλλότριον
779 796 950 868 ἀνδρα
1005 796 1424 867 ἐσφετερίσατο,
1472 795 1549 858 ὡς
1605 794 1667 847 τὺ
1715 793 1871 856 τέλος
1928 793 2023 847 τοῦ

443 890 670 942 ἐννάτου
721 888 970 959 περιέχει
1031 887 1292 949 κανόνος·
1335 888 1386 938 εί
1449 887 1506 939 δὲ
1564 887 1753 956 ἠγνόει
1806 886 1967 938 τοῦτο
2002 928 2017 951 ,

441 977 575 1040 ἴσως
608 979 717 1047 γὰρ
745 978 805 1042 ἐξ
846 978 1158 1048 ἀλλοδαπῆς
1186 974 1256 1049 ἦν
1297 977 1505 1047 χώρας,
1554 980 1652 1031 καὶ
1682 980 1931 1046 ἠγνοεῖτο
1965 976 2024 1029 τὸ

442 1072 563 1124 κατ’
609 1071 795 1137 αὐτὸν,
856 1071 997 1141 μετά
1042 1071 1100 1125 δέ
1131 1088 1257 1128 τινα
1305 1072 1499 1139 καιρδν
1548 1072 1824 1140 ἐπανῆλθε
1884 1072 2025 1138 πρὸς

440 1164 530 1216 τὸν
558 1163 732 1232 ἄνδρα
762 1164 796 1232 ἡ
834 1162 1221 1217 καταλιποῦσα
1282 1162 1468 1227 αὑτὸν,
1514 1163 1605 1217 καὶ
1657 1163 1746 1216 διὰ
1797 1161 1954 1215 τοῦτο
1996 1165 2024 1214 ὁ

444 1256 574 1324 πρὸς
643 1254 743 1325 τὴν
808 1255 1072 1325 δευτέραν
1101 1257 1340 1323 γυναῖκα
1398 1253 1565 1323 ἐλύθη
1612 1255 1794 1324 γάμος
1833 1271 1846 1284 ·
1885 1272 2018 1324 πορ-

439 1347 630 1399 νεῦσαι
658 1347 806 1414 λέγει
834 1347 935 1417 τὴν
982 1350 1221 1409 γυναῖκα
1268 1347 1477 1415 ταύτην
1526 1348 1554 1399 6
1582 1346 1760 1415 ἅγιος,
1794 1346 1935 1415 πλὴν
1964 1348 2022 1399 ἐν

436 1438 631 1509 ἀγνοίᾳ
659 1454 673 1469 ο
709 1435 1006 1508 πορνεῦσαι
1034 1437 1094 1491 δὲ
1122 1437 1329 1508 ταύτην
1357 1437 1531 1505 λέγει,
1552 1436 1628 1499 ὡς
1665 1439 1739 1507 μὴ
1766 1436 2022 1500 λυθέντος

437 1526 532 1580 τοῦ
582 1529 854 1598 προτέρου
884 1528 1088 1598 γάμου.
1125 1528 1234 1581 Τοῦ
1274 1526 1495 1598 πρῶτον
1530 1527 1586 1579 δὲ
1616 1517 1711 1597 μὴ’
1741 1525 2020 1589 λυθέντος,

441 1619 558 1682 πῶς
599 1620 666 1673 ἂν
709 1619 911 1690 ἡπρῖις
956 1619 1054 1691 τὴν
1103 1619 1368 1690 δευτέραν
1419 1620 1662 1688 γυναῖκα
1708 1618 2021 1685 συνοίκησις

433 1710 686 1779 δεύτερος
714 1709 842 1781 δόξῃ
868 1709 1087 1780 γάμος;
1121 1711 1182 1764 Εί
1205 1710 1262 1765 δὲ
1289 1709 1469 1780 γάμος
1501 1711 1602 1763 οὐκ
1628 1709 1769 1768 ἔστι.
1803 1712 2021 1772 πάντως

432 1801 588 1856 ἔσται
617 1804 865 1872 πορνεία.
906 1803 1013 1855 Καὶ
1041 1805 1069 1855 6
1099 1802 1198 1871 μὲν
1224 1801 1366 1872 ἀνὴρ
1398 1803 1596 1872 πόρνος
1628 1804 1836 1870 κυρίως
1867 1801 2018 1868 λογιο

432 1896 717 1965 σθήσεται,
745 1896 779 1964 ἡ
811 1896 865 1947 δὲ
896 1895 1035 1964 γυνὴ
1069 1894 1366 1965 πορνεῦσαι
1400 1893 1501 1963 μὲν
1523 1893 1762 1961 λέγεται,
1795 1892 1935 1961 πλὴν
1955 1895 2014 1945 ὲν

429 1986 644 2056 ἀγνοίᾳ.
676 1987 751 2039 Οὐ
783 1987 892 2056 γάρ
925 1986 1185 2055 πορνείαν
1214 1986 1533 2058 ἀμαρτῆσαι
1583 1990 1787 2039 σκοπὸν
1829 1985 2009 2055 ἔσχεν,

428 2079 564 2131 ἀλλὰ
610 2080 790 2148 γάμον
835 2078 1217 2149 συστήσασθαι
1261 2078 1514 2149 ἔννομον.
1566 2076 1641 2131 Τὸ
1679 2077 1736 2131 δὲ
1775 2076 2012 2147 πρᾶγμα

430 2171 698 2242 περιέστη
735 2172 814 2233 είς
845 2171 905 2222 τὸ
938 2171 1014 2241 μὴ
1066 2170 1383 2237 λογίζεσθαι
1425 2170 1627 2239 γάμον,
1677 2170 1769 2223 διὰ
1818 2169 1880 2221 τὸ
1928 2167 2011 2220 ἔτι

433 2266 614 2332 μένειν
660 2264 753 2316 τὸν
815 2264 1036 2334 πρῶτον
1064 2263 1267 2332 γάμον.
1323 2262 1436 2330 Τῆς
1463 2262 1524 2314 δὲ
1575 2262 1713 2329 πρὸς
1771 2262 1872 2324 τὰς
1915 2259 2013 2314 δύο

430 2340 733 2425 συναφείας
768 2355 843 2425 μὴ
868 2352 1230 2425 λογιζομένης
1276 2354 1455 2424 γάμον
1482 2396 1498 2419 ,
1540 2353 1594 2406 τί
1624 2352 1694 2406 ἂν
1732 2353 1946 2421 λέγοιτο
1975 2352 2008 2422 ἡ

427 2447 697 2516 συνάφεια
729 2445 762 2515 ἢ
790 2445 1039 2521 πορνεία,
1077 2444 1214 2514 πλὴν
1235 2444 1294 2496 ὲν
1324 2443 1520 2513 ἀγνοίᾳ
1552 2443 1818 2511 γινομένη
1852 2459 1868 2507 ;
1917 2441 2010 2495 Διὸ

425 2542 520 2593 καὶ
551 2541 835 2608 ἐπήγαγεν
856 2539 885 2592 ὁ
917 2536 1097 2590 κανών
1127 2553 1143 2568 ο
1174 2536 1360 2603 Γάμου
1387 2532 1480 2587 οὖν
1504 2535 1605 2587 οὐκ
1633 2533 2008 2605 εἱρχθήσεται.

423 2633 498 2684 Οὐ
534 2632 645 2699 γὰρ
672 2630 746 2693 ὡς
779 2629 912 2699 παρ’
947 2628 1140 2698 ἀνδρὸς
1197 2626 1466 2695 ἀφεθεῖσα
1514 2624 1814 2694 λογίζεται.
1858 2624 2010 2678 Ἐπεὶ

422 2723 471 2774 εἰ
498 2722 660 2774 τοῦτο
684 2716 753 2791 ἦν
785 2721 882 2773 καὶ
909 2719 1085 2789 ἑτέρῳ
1108 2717 1335 2788 ἐμίχθη,
1369 2716 1620 2786 μοιχαλὶς
1643 2715 1895 2785 ἐκρίνετο
1919 2714 2004 2775 ἂν,

422 2817 564 2867 κατὰ
592 2813 683 2867 τὸν
713 2812 933 2866 ἔννατον
975 2811 1200 2865 κανόνα.
1252 2811 1378 2863 Ὅτι
1418 2810 1542 2863 οὐδὲ
1591 2809 1799 2878 κυρίως
1829 2807 2010 2875 γάμος

422 2906 560 2976 πρδς
591 2906 691 2977 τὴν
748 2904 1011 2974 δευτέραν
1061 2905 1298 2971 γυναῖκα
1346 2879 1658 2971 συμδίωσις
1704 2900 1872 2959 δοκεῖ,
1922 2899 2010 2979 διά

418 2999 576 3052 τοῦτο
607 2998 789 3068 γάμου
812 2998 912 3050 οὐκ
934 2996 1181 3067 εἴργεται
1203 2997 1236 3065 ἠ
1263 2996 1423 3064 γυνή.
1454 2993 1541 3056 Ὠς
1569 2992 1627 3047 δὲ
1657 2991 1844 3066 ἁπλῶς
1868 2990 2007 3061 γυνὴ

417 3091 783 3161 ὀνομασθεῖσα
828 3089 1061 3161 ἀνδρὸς,
1122 3089 1171 3141 εί
1228 3088 1306 3158 μὴ
1349 3087 1523 3156 ἑτέρῳ
1571 3083 1872 3153 συναφθείη
1925 3083 2006 3136 ἔτι

418 3181 623 3246 ζῶντος
655 3182 893 3247 ἐκείνου,
919 3182 1177 3249 κρεῖσσον
1202 3180 1267 3233 ἂν
1296 3182 1524 3249 ποιήσῃ,
1562 3176 1733 3248 φησὶν
1762 3176 1790 3228 6
1824 3175 2002 3244 ἅγιος.
2036 3208 2075 3249 n-

416 3276 492 3329 υὺ
527 3277 636 3345 γὲρ
672 3274 953 3346 εὔσχημον
986 3274 1188 3337 ζῶντος
1218 3273 1311 3325 τοῦ
1344 3272 1536 3339 ἁνδρδς
1564 3269 1659 3339 τὴν
1681 3268 2006 3337 ὀνομασθεί-

416 3385 518 3421 σαν
548 3369 743 3437 ἐκείνῳ
775 3370 1010 3435 γυναῖκα
1045 3366 1219 3437 ἑτέρῳ
1251 3364 1521 3431 συμϐιοῦν
1545 3379 1559 3394 ·
1583 3362 1734 3431 λέγει
1777 3364 1884 3430 γὰρ
1915 3364 2010 3414 καὶ

414 3460 443 3510 ὁ
470 3460 635 3527 νόμος
657 3459 754 3529 τῆς
786 3459 1086 3524 πολιτείας,
1117 3458 1200 3512 ὅτι
1231 3460 1290 3511 ἐν
1316 3460 1429 3519 τοῖς
1477 3455 1674 3525 γάμοις
1711 3456 1769 3507 οὐ
1800 3454 1860 3506 τὶ
1888 3455 2010 3507 ἐπιο

416 3554 821 3623 τετραμμένον,
852 3550 991 3606 ἀλλὰ
1015 3550 1074 3606 τὸ
1103 3551 1384 3621 εὐπρεπὲς
1419 3549 1759 3618 σκοποῦμεν.

324 3638 329 3643 ’
421 3650 589 3705 adhuc
611 3651 927 3717 superstite,
966 3662 1085 3717 quae
1113 3648 1256 3701 illius
1295 3646 1490 3700 mulier
1537 3644 1681 3700 dicta
1716 3653 1820 3709 est,
1871 3658 1995 3699 eum
2021 3641 2195 3697 altero
2231 3642 2395 3698 vitam
2426 3657 2610 3711 agere.
2651 3642 2707 3698 In
2768 3645 2973 3712 nuptiis
3038 3645 3329 3718 siquidem,

2128 610 2270 680 quod
2299 612 2535 664 alienum
2566 611 2667 666 sibi
2703 611 2881 667 virum
2928 614 3229 680 usurpavit,
3261 626 3315 669 ut
3366 615 3417 670 in
3443 616 3548 669 line
3582 634 3703 672 can.

2137 705 2169 759 9
2210 703 2538 759 continetur.
2569 703 2673 759 Sed
2709 705 2753 759 si
2780 706 2830 760 id
2856 705 3163 776 ignorabat,
3194 706 3330 762 forte
3371 711 3514 763 enim
3549 726 3707 779 pere-

2129 794 2316 863 grinus
2344 803 2482 860 eral,
2549 809 2648 849 nec
2692 812 2810 865 quae
2868 798 2934 852 ad
2994 798 3169 866 ipsum
3220 800 3537 867 spectabant
3579 813 3703 855 nota

2128 892 2306 949 erant,
2332 883 2513 953 alique
2539 899 2699 953 porro
2729 885 2989 955 temporis
3052 885 3338 940 intervallo
3397 886 3465 941 ad
3500 887 3703 946 virum.

2127 991 2251 1042 qua:
2298 977 2473 1043 ipsum
2521 976 2837 1031 deseruerat
2890 977 3139 1043 revertit,
3202 994 3265 1032 ac
3324 979 3552 1047 proinde
3609 996 3705 1032 uo-

2126 1068 2253 1137 ptizn
2276 1083 2400 1122 cum
2428 1067 2663 1122 secunda
2714 1082 2879 1124 uxore
2916 1078 3040 1123 sunt
3076 1069 3385 1135 dissolutte;
3423 1069 3701 1124 mulierem

2127 1166 2268 1220 hanc
2293 1176 2517 1221 sanctus
2545 1163 2869 1219 fornicatam
2894 1180 3014 1220 esse
3041 1168 3259 1230 asserit,
3290 1167 3383 1223 sed
3428 1182 3524 1236 per
3550 1167 3705 1237 igitu-

2128 1252 2414 1307 rationem.
2455 1251 2794 1307 Furnicatam
2857 1268 3019 1324 porro
3038 1250 3187 1309 eam‘
3212 1256 3367 1323 dicit,
3402 1257 3544 1326 quod
3598 1272 3701 1309 non

2125 1342 2330 1396 fuerint
2362 1343 2569 1413 priores
2591 1344 2781 1399 soluta:
2817 1348 3016 1415 nuptiae
3040 1366 3054 1415 ;
3075 1348 3347 1416 prioribus
3376 1358 3555 1403 autem
3596 1365 3700 1402 non

2125 1436 2353 1499 solutis,
2397 1440 2668 1506 quoiuodo
2719 1440 2849 1495 inita
2883 1456 3006 1495 cum
3057 1441 3293 1496 secunda
3349 1441 3572 1496 muliere
3616 1455 3705 1494 so-

2124 1531 2295 1586 cietas
2335 1531 2632 1585 secundum
2692 1532 3092 1586 matrimonium
3126 1534 3366 1588 rideatur
3398 1534 3421 1588 2
3451 1533 3603 1601 Quod
3656 1533 3700 1585 si

2128 1623 2534 1676 matrimonium
2566 1639 2669 1677 non
2700 1624 2793 1688 sit,
2832 1627 2937 1679 erit
2968 1624 3125 1694 plane
3158 1624 3472 1680 l'ornicatio.
3516 1624 3591 1678 Ac
3618 1622 3702 1675 vir

2126 1714 2383 1782 quidem,
2449 1715 2776 1771 fornicarius
2836 1716 3053 1788 proprie
3102 1716 3456 1783 iudicabitur,
3507 1715 3704 1769 mulier

2123 1817 2328 1869 autem,
2353 1804 2618 1859 fornicata
2672 1807 2889 1876 quidem
2948 1822 3069 1862 σεεν
3109 1790 3330 1872 dicitur,
3379 1820 3565 1860 verum
3607 1821 3702 1874 per

2122 1897 2537 1967 ignorationem.
2570 1898 2685 1955 Non
2719 1901 2863 1955 enim
2889 1900 3265 1956 fornicationis
3296 1907 3579 1971 peccatum
3601 1900 3696 1951 ad-

2123 1989 2338 2043 mittere
2375 1990 2449 2042 illi
2510 2006 2665 2046 mens
2720 2002 2863 2058 erat,
2912 1993 3007 2048 sed
3058 1994 3331 2064 legitimas
3379 1996 3700 2048 contrahere

2122 2072 2358 2147 nuptias.
2390 2079 2588 2136 Verum
2619 2097 2684 2137 eo
2726 2097 2812 2138 res
2849 2084 3057 2149 recidit,
3116 2095 3181 2141 ut
3228 2085 3429 2156 nuptiae
3480 2087 3701 2141 minime

2118 2169 2587 2238 existimarentur,
2621 2182 2908 2242 propterea
2961 2176 3106 2245 quod
3171 2176 3322 2245 prius
3363 2177 3544 2232 adhuc
3583 2193 3701 2230 ma-

2121 2262 2435 2317 trimonium
2467 2264 2813 2321 consisteret.
2852 2267 2989 2322 Cum
3014 2283 3141 2324 vero
3177 2270 3291 2325 hmc
3333 2285 3457 2325 cum
3492 2269 3701 2325 duabus

2120 2355 2438 2411 mulieribus
2466 2356 2800 2425 coniunctio,
2837 2358 3243 2413 matrimmiium
3292 2359 3503 2416 censeri
3553 2359 3698 2413 haud

2121 2447 2311 2517 possit.
2348 2448 2476 2517 quid
2503 2448 2648 2503 aliud
2674 2466 2735 2503 ea
2771 2449 2987 2504 dicatur
3018 2450 3339 2520 coniunctio
3364 2467 3527 2521 quam
3582 2451 3696 2506 for—

2119 2542 2341 2608 nicatio,
2367 2557 2463 2611 per
2489 2541 2885 2613 ignorationem
2924 2554 3104 2613 tamen
3158 2544 3441 2599 admissa?
3524 2543 3696 2612 Quam

2117 2633 2279 2687 etiam
2312 2636 2381 2688 ob
2430 2648 2653 2708 causam
2710 2634 2929 2704 subjicit
2979 2650 3192 2691 canon:
3254 2635 3298 2690 Α
3350 2636 3698 2692 matrimonio

2116 2741 2246 2795 ergo
2305 2741 2413 2779 non
2463 2724 2859 2793 prohibebitur.
2899 2724 3016 2781 Non
3070 2718 3239 2795 enim,
3289 2728 3457 2784 veluti
3497 2743 3526 2783 a
3579 2729 3697 2783 viro

2117 2819 2337 2873 dimissa
2387 2817 2733 2888 iudicabitur.
2787 2817 2846 2873 Si
2885 2835 3120 2889 namque
3167 2821 3219 2875 id
3282 2831 3448 2886 esset,
3494 2822 3697 2890 aliique

2118 2908 2233 2960 viro
2257 2906 2445 2977 juncta
2479 2908 2639 2969 foret,
2664 2906 3291 2975 adulterajudicaretur,
3319 2923 3385 2963 ex
3429 2907 3558 2962 noni
3592 2922 3685 2962 ca-

2118 3000 2276 3053 nonis
2310 2997 2724 3064 constitutione.
2758 3000 3046 3065 Quoniam.
3077 3013 3209 3077 vero
3275 2998 3691 3070 haudquaquam

2118 3090 2335 3159 proprie
2366 3087 2453 3141 illa
2489 3104 2612 3144 cum
2641 3078 2878 3146 secunda
2913 3090 3140 3146 muliere
3168 3090 3521 3158 coliabltatio,
3577 3107 3690 3144 ma-

2118 3166 2584 3240 trimonium'dici
2648 3191 2847 3254 potest,
2898 3197 3185 3261 propterea
3245 3200 3276 3239 a
3346 3183 3690 3240 matrimonio

2120 3274 2316 3328 mulier
2346 3273 2491 3327 haud
2529 3287 2771 3331 arcetur.
2805 3275 2942 3331 Cum
2974 3258 3105 3333 vero
3165 3293 3302 3333 uxor
3337 3260 3476 3333 citra
3534 3292 3666 3332 exee

2120 3364 2360 3433 ptionem
2401 3365 2544 3419 dicta
2580 3366 2739 3420 lueilt
2771 3352 2894 3430 viri,
2919 3367 2963 3421 si
3009 3367 3139 3422 nulli
3172 3366 3353 3434 alteri,
3405 3383 3472 3424 eo
3518 3368 3694 3424 adhuc

2118 3457 2331 3510 virente
2362 3455 2613 3526 c0pulata
2644 3456 2828 3520 fuerit,
2858 3458 3201 3526 laudabilius,
3263 3461 3437 3533 inquit
3474 3470 3695 3517 sanctus

2124 3548 2227 3614 vir,
2292 3547 2503 3604 fecerit.
2556 3546 2744 3619 Neque
2797 3550 2942 3606 enim
3007 3551 3294 3607 honestum
3326 3552 3521 3620 fuerit,
3580 3552 3696 3606 viro

3410 3648 3494 3704 lex
3559 3661 3695 3717 quo-

419 3761 520 3811 que
550 3744 728 3799 civilis
762 3752 994 3799 teStatur
1030 3748 1175 3813 quod
1234 3757 1330 3797 nos
1366 3756 1473 3797 non
1533 3750 1641 3795 tam
1693 3741 1822 3811 quid
1873 3741 2199 3810 permissam
2250 3741 2344 3807 sit,
2398 3730 2561 3811 quam
2644 3740 2774 3812 quid
2844 3742 3116 3798 honestati
3195 3746 3508 3811 conveniat,
3566 3762 3692 3802 cou-

415 3834 737 3891 sideramus.

482 3928 705 3982 APILT.
725 3928 1008 3997 Ἐγήματό
1026 3945 1110 3991 τις
1131 3927 1287 3999 ἀνδρὶ
1308 3928 1449 3983 κατά
1465 3928 1693 3999 ἄγνοιαν
1716 3932 1999 4003 ἀφεμένῳ,

412 4013 537 4071 εἶτα
603 4020 636 4090 ἡ
713 4020 963 4095 προτέρα
995 4020 1270 4090 ἀνέφηνεν
1300 4036 1315 4052 ο
1350 4022 1383 4091 ἡ
1414 4022 1459 4075 δ’
1510 4023 1780 4091 ἀφεθεῖσα
1826 4025 2001 4096 πόρνη

411 4111 692 4180 λογίζεται
734 4110 897 4165 κατὰ
924 4111 1169 4180 ἄγνοιανο
1202 4113 1295 4166 καὶ
1330 4113 1382 4165 εί
1427 4113 1593 4178 θέλει,
1662 4111 1958 4183 ζεύγνυται
1986 4132 2000 4147 ·

414 4203 635 4259 κάλλιον
667 4204 748 4267 δὲ,
782 4206 831 4256 εί
862 4204 936 4273 μὴ
958 4203 1275 4271 ζεύγνυται.

487 4294 842 4365 Κατελείφθη
876 4296 1018 4366 ἀνὴρ
1053 4298 1207 4365 παρὰ
1237 4297 1336 4365 τῆς
1378 4297 1517 4360 tota;
1565 4296 1830 4366 γυναικὸς
1871 4298 2010 4361 πρὸς

2185 3927 2415 3986 Αιιιδτ.
2444 3926 2639 3998 Nupsit
2666 3924 2914 3996 quaedam
2953 3924 3211 3995 ignorans
3261 3926 3378 3981 viro
3426 3924 3691 4003 dimisso:

2111 4032 2299 4093 postea
2352 4021 2502 4090 prior
2549 4017 2832 4088 apparuit:
2890 4016 3113 4072 dimissa
3139 4026 3320 4071 autem
3370 4016 3688 4071 fornicati-ix

2113 4129 2209 4184 per
2264 4111 2624 4183 ignorantiam
2671 4117 2987 4180 reputatur:
3015 4119 3072 4164 et
3096 4107 3140 4164 si
3189 4107 3305 4165 vult
3347 4110 3521 4177 nubit,
3583 4126 3694 4162 ine—

2114 4208 2420 4262 lius‘autem
2452 4205 2494 4259 si
2523 4221 2629 4259 non
2659 4204 2843 4259 nubat.

2187 4295 2285 4351 Vir
2313 4300 2379 4351 ad
2414 4303 2629 4365 tempus
2649 4282 2718 4351 al)
2750 4308 2920 4351 uxore
2968 4309 3064 4349 sua
3104 4293 3393 4349 derelictus
3423 4292 3552 4362 fuit,
3602 4293 3691 4347 ille

415 4387 652 4456 καιρόν
688 4389 719 4441 6
770 4385 850 4450 δὲ,
912 4385 988 4451 ὡς
1041 4388 1338 4453 ἀπολυθεὶς
1394 4388 1488 4444 ὑπ’
1538 4389 1777 4459 έκείνης,
1811 4387 2007 4456 ἑτέραν

2126 4394 2294 4441 autem
2328 4384 2443 4439 acsi
2470 4383 2539 4438 ab
2563 4398 2628 4439 ea
2659 4383 2920 4439 dimissus
2945 4381 3137 4437 fuisset
3175 4382 3338 4437 aliam
3370 4383 3549 4447 duxit.
3572 4397 3692 4451 quae

415 4479 632 4545 ἔλαϐεν,
679 4480 986 4549 ἀγνοοῦσαν
1016 4480 1078 4532 τὸ
1134 4481 1273 4551 πρὸς
1317 4482 1514 4553 καιρὸν
1571 4479 2006 4550 καταλειφθῆναι

2126 4476 2342 4533 nescivit
2369 4491 2493 4531 eum
2518 4477 2584 4530 ad
2622 4485 2834 4545 tempus
2865 4474 3171 4545 derelinqui
3205 4491 3221 4529 :
3255 4475 3414 4530 rediit
3468 4475 3534 4531 ad
3564 4491 3689 4529 eum

415 4573 604 4627 αὐτόν.
652 4571 960 4639 Ἐπανῆλθε
1004 4572 1141 4643 πρὸς
1169 4573 1336 4626 αὐτὸν
1385 4576 1417 4644 ἡ
1462 4573 1730 4643 προτέρα,
1763 4574 1859 4625 καὶ
1901 4589 2007 4627 πα-

2126 4572 2310 4639 prima,
2338 4579 2391 4625 et
2421 4584 2543 4624 eam
2573 4568 2845 4639 recipiens
2866 4567 3159 4622 secundam
3213 4567 3441 4632 dimisit,
3472 4575 3529 4622 ut
3580 4567 3691 4621 for-

417 4663 785 4735 ραδεξάμενος
845 4665 1079 4734 ταύτην,
1136 4665 1239 4734 τὴν
1287 4664 1552 4736 δευτέραν
1607 4664 1820 4734 ἀφῆκεν
1853 4677 1869 4694 θ
1929 4662 2006 4727 ὡς

416 4759 594 4828 πόρνη
615 4756 865 4828 κρίνεται
890 4755 1032 4828 αὐτὴ
1052 4758 1086 4827 ὴ
1112 4757 1400 4825 ἀφεθεῖσα,
1429 4757 1734 4828 πλὴν¹κατά
1756 4757 2004 4824 ἄγνοιαν·

416 4852 513 4902 καὶ
543 4850 633 4902 διὰ
659 4848 838 4916 τοῦτο,
864 4848 1185 4920 εί-βουληθῇ
1214 4852 1396 4917 γάμου
1433 4849 1694 4920 κοινωνίᾳ
1724 4848 2005 4917 συναφθῆ-

414 4959 503 4994 ναι
555 4943 754 5011 ἑτέρῳ,
804 4943 864 4994 οὐ
894 4941 1275 5011 κωλυθήσεται
1305 4957 1320 4972 ο
1347 4941 1409 4993 οὐ
1446 4943 1557 5011 γὰρ
1617 4940 2002 5010 ἀπολελυμένη

412 5036 692 5103 λογῖζεται
724 5050 739 5063 °
799 5034 882 5087 ὅτι
930 5034 1070 5103 μηδὲ
1102 5031 1240 5102 ἀνὴρ
1268 5032 1440 5101 αὐτῆς
1472 5033 1682 5101 κυρίως
1714 5032 1938 5100 ἐγένετο
1976 5035 2004 5086 ὁ

411 5128 620 5195 ταύτην
654 5127 949 5197 ἀφέμενος.
995 5125 1122 5178 Ἐάν
1151 5125 1209 5177 δὲ
1234 5125 1440 5197 θελήσῃ
1469 5127 1654 5194 μεῖναι
1675 5126 1732 5178 ὲν
1761 5124 1999 5195 ἀγαμίᾳ,

412 5222 507 5273 xli
536 5221 611 5290 μὴ
639 5220 725 5271 ἐπ’
753 5218 913 5273 ἄλλον
939 5217 1121 5271 ἐλθεῖν
1154 5217 1359 5286 γάμον,
1390 5217 1614 5271 κάλλιον
1642 5216 1825 5271 τοῦτο.

1012 5308 1251 5363 ΚΑΝΩΝ
1278 5307 1411 5363 MZ’.

424 5403 783 5475 Ἐγκρατῖται
818 5404 913 5456 καὶ
942 5402 1309 5472 Σακκοφόροι,
1343 5401 1439 5454 καὶ
1498 5401 1890 5456 ’Δποτακτίται
1921 5402 2005 5472 τῷ

481 5496 634 5566 αὐτῷ
681 5497 1006 5548 ὑπόκεινται
1058 5494 1226 5565 λόγῳ,
1272 5486 1317 5561 ᾧ
1374 5493 1469 5545 καὶ
1519 5490 1872 5559 Νανατιανοῖ,
1917 5492 1999 5545 ὄτι

484 5589 615 5656 περὶ
674 5585 773 5656 μὲν
807 5586 1035 5638 ἐκείνων
1075 5583 1259 5639 κανὼν
1289 5582 1632 5654 ὲξεφωνήθη,
1669 5585 1717 5637 εἰ
1749 5586 1842 5636 καὶ
1890 5583 2000 5636 διά-

482 5698 672 5750 φορος,
699 5682 766 5732 τὰ
796 5680 854 5733 δὲ
886 5679 1030 5733 κατά
1050 5678 1280 5741 τούτους
1306 5674 1758 5747 ἀποσεσιώπηται
1788 5692 1800 5705 °
1836 5678 1996 5746 ἡμεῖς

486 5773 670 5841 μέντοι
706 5772 789 5822 ἐνὶ
833 5769 980 5839 λόγῳ
1034 5768 1487 5835 ἁναὸαπτίζομεν
1529 5766 1655 5827 τοὺς
1692 5764 1988 5826 τοιούτους.

483 5865 543 5920 Εἰ
578 5865 635 5918 δὲ
675 5864 807 5935 παρ’
835 5864 968 5934 ἡμῖν
1014 5861 1398 5932 ἀπηγόρευται
1443 5854 1620 5924 τοῦτο,
1655 5858 1714 5911 τὸ
1746 5857 1837 5911 τοῦ
1870 5860 1973 5912 ἀνα

2111 4660 2337 4718 nicatrix
2370 4658 2650 4731 iudicatur
2679 4659 2928 4727 dimissa,
2963 4660 3059 4716 sed
3120 4676 3219 4730 per
3276 4660 3641 4731 ignorantiam
3672 4677 3688 4726 ;

2107 4764 2162 4810 et
2183 4754 2324 4820 {ideo
2376 4754 2421 4808 si
2474 4753 2802 4807 matrimonii
2859 4748 3379 4827 communione'alii
3436 4753 3689 4823 conjungi

2107 4848 2258 4913 velit,
2307 4861 2414 4901 non
2446 4842 2988 4914 prohibebitur.Non
3048 4845 3192 4900 enim
3261 4844 3489 4901 dimissa
3542 4860 3692 4914 repu-

2107 4947 2257 4993 tatur
2280 4979 2295 5004 ,
2327 4937 2585 5006 quoniam
2620 4936 2709 5005 qui
2732 4952 2853 4991 eam
2881 4937 3087 4992 dimisit
3143 4928 3363 5008 proprie
3406 4930 3510 4992 non
3572 4922 3687 4991 erat

2108 5030 2279 5098 ipsius
2308 5032 2412 5083 vir.
2460 5026 2517 5084 Si
2570 5038 2755 5083 autem
2809 5035 2965 5083 extra
3010 5029 3418 5105 matrimonium
3467 5044 3688 5085 manere

2107 5119 2286 5184 vellet,
2311 5128 2368 5174 et
2423 5119 2490 5173 ad
2534 5117 2771 5175 alterum
2826 5119 3135 5191 eonjugium
3191 5136 3297 5174 non
3340 5117 3547 5186 venire,
3585 5120 3686 5174 hoe

2105 5210 2295 5267 melius
2320 5220 2485 5266 esset.

2640 5298 2869 5359 CANON
2934 5290 3144 5358 XLV“.

2105 5389 2421 5454 Encratitaa,
2497 5399 2551 5446 et
2606 5388 2957 5460 Saccophori,
3017 5402 3072 5446 et
3138 5388 3456 5463 Apotactitte
3511 5392 3682 5462 subji-

2173 5483 2394 5538 ciuutur
2436 5482 2610 5537 eidem
2644 5483 2865 5548 rationi,
2891 5484 2978 5539 cui
2999 5494 3055 5540 et
3083 5484 3396 5553 Novatiani,
3453 5488 3580 5555 quia
3607 5486 3676 5541 de

2176 5575 2281 5630 illis
2306 5575 2484 5631 editus
2524 5584 2611 5632 est
2640 5591 2843 5641 canon,
2870 5577 2971 5633 etsi
2998 5578 3285 5635 diversus:
3312 5595 3434 5648 qua:
3492 5582 3693 5633 autem

2172 5680 2297 5726 sunt
2328 5669 2594 5725 adversus
2618 5683 2734 5729 eos.
2770 5668 2990 5725 silentio
3016 5672 3381 5741 praetermissa
3408 5682 3554 5735 sunt,
3584 5687 3682 5726 nos

2174 5775 2352 5817 autem
2395 5777 2502 5817 una
2568 5764 2775 5818 ratione
2828 5767 2965 5818 tales
3029 5765 3453 5836 rebaptizamus.
3503 5766 3559 5821 Si
3593 5783 3677 5818 au-

2186 5866 2292 5909 tem
2324 5854 2592 5925 prohibita
2650 5867 2735 5910 cst
2766 5858 2906 5925 apud
2974 5872 3067 5913 vos
3127 5860 3240 5913 haec
3303 5858 3679 5927 rebaptizatiu,
