4008 6382
317 418 427 479 735

1581 420 1857 476 TliEtll).
1898 416 2295 475 B.\LS‘A.\ION

3450 412 3557 473 ’ῖςῖῦ

391 531 537 583 nium
562 547 665 582 non
701 534 1052 599 approbatur.
1092 534 1387 585 \‘ciumtau
1412 552 1476 586 cn
1507 552 1570 586 ea
1610 544 1667 586 ut
1704 532 1888 583 lict-le-

2066 548 2165 597 μος
2217 532 2315 585 οὐκ
2368 530 2690 598 ἄγεται.Τά
2738 532 2921 599 μέντοι
2975 528 3204 582 τοιαῦτα
3258 530 3334 591 ὡς
3386 532 3566 598 ῥυπᾶ-

398 623 493 675 sia:
564 623 970 690 inquinamenta
1034 625 1322 678 videntis:
1363 630 1454 677 sed
1489 624 1720 691 publicis
1769 640 1898 675 u-n-

386 714 827 776 dominationibus
878 731 982 770 non
1029 718 1370 784 subjinimus,
1434 730 1487 769 ut
1547 732 1665 785 quae
1718 717 1890 770 soluta

387 804 748 861 fornicatione
804 810 1133 877 suntmagis
1200 810 1520 876 cxpetenla.

385 894 574 950 Βίης.
613 898 742 950 Cum
777 899 930 951 audis
960 909 1205 953 Sanctum
1234 900 1501 953 dicentem
1534 916 1636 953 non
1668 915 1784 954 esse
1818 900 1893 953 le-

317 1003 433 1051 gem
456 988 506 1039 in
529 989 797 1056 trigamia,
820 1005 885 1042 ne
904 990 1105 1045 dixeris
1133 994 1293 1046 etiam
1327 1009 1354 1045 ιι
1387 992 1505 1061 lege
1535 993 1677 1045 (εἰιὶΙί
1708 995 1896 1060 prohi-

319 1080 444 1134 bere
470 1081 769 1145 trigamiam
795 1097 852 1134 :a
882 1081 994 1151 lege
1018 1083 1157 1135 extim
1183 1098 1438 1137 concessa
1460 1092 1563 1137 est.
1593 1084 1695 1137 Sed
1723 1084 1896 1139 eccle—
1938 1079 1950 1088 ’

317 1171 688 1227 siasticamhic
710 1170 875 1241 legem
901 1173 1132 1243 iutellige
1159 1194 1169 1226 :
1199 1176 1367 1244 legem
1389 1178 1792 1231 autemoivilem
1810 1179 1897 1232 dic

316 1259 613 1327 antiquam,
645 1276 763 1329 quae.
812 1272 937 1315 ante
987 1275 1235 1318 sanctum
1255 1266 1892 1332 Palremobservahatur,

318 1362 421 1399 non
452 1360 627 1402 autem
655 1366 773 1405 eam
802 1368 921 1421 quae
950 1353 1124 1407 multis
1145 1366 1264 1423 post
1291 1358 1502 1415 saeculis
1525 1359 1625 1412 lata
1647 1369 1749 1420 est.
1784 1359 1897 1412 sci-

316 1436 435 1489 licet
454 1438 955 1512 Porphyrogenetm,
971 1454 1022 1496 et
1044 1447 1384 1513 imperatoris
1406 1450 1607 1501 domini
1625 1449 1894 1504 Constan-

316 1528 410 1578 tini
444 1528 790 1597 decisiunent,
818 1550 936 1600 qua:
970 1536 1068 1589 sita
1094 1548 1173 1591 est
1206 1538 1255 1590 iu
1284 1549 1477 1607 quarto
1508 1556 1713 1595 canone
1738 1541 1895 1606 hujus

315 1632 339 1665 ε
377 1620 510 1680 nczi,
543 1638 700 1687 quam
735 1626 895 1677 etia:n
963 1627 1099 1696 lege,
1135 1643 1190 1685 ut
1227 1630 1358 1685 dicit
1402 1632 1666 1687 Zonaras.
1713 1632 1897 1701 Neque

315 1710 458 1761 enim
499 1710 613 1762 ﬁeri
648 1725 823 1779 potest
862 1723 918 1769 ut
947 1716 1046 1772 hoc
1079 1718 1244 1784 dicat,
1282 1722 1424 1788 quod
1456 1725 1504 1773 in
1536 1724 1706 1774 smn-ti
1743 1741 1892 1777 men-

2069 639 2250 690 σματα
2275 623 2373 690 τῆς
2395 623 2723 691 Ἐκκλησίας
2751 620 2998 691 ὁρῶμεν’
3030 621 3319 689 δημοσίαις
3346 622 3401 675 δὲ
3429 638 3565 675 κατ-

2068 712 2279 774 αδίκαις
2312 713 2409 782 οὐχ
2442 713 2842 783 ὑποϐάλλομεν,
2872 711 2947 775 ὡς
2974 713 3072 783 τῆς
3103 711 3395 784 ἀνειμένης
3431 729 3569 782 πορο

2066 802 2212 864 νείας
2241 804 2597 873 αἱρετώτερα.

2068 895 2262 950 ΒΛΔΣ.
2302 897 2542 950 Ἀκούων
2582 899 2675 951 τοῦ
2714 899 2870 966 ἀγίου
2906 898 3159 967 λέγοντος
3197 897 3271 968 μὴ
3302 893 3446 950 εἶναι
3479 899 3567 950 νό-

2001 1003 2099 1053 μον
2129 989 2217 1045 ἐπὶ
2247 988 2575 1055 τιοιγαμίας,
2628 991 2704 1058 μὴ
2744 989 2906 1060 εἴπῃς
2961 989 3057 1042 καὶ
3096 990 3203 1043 ἀπὸ
3248 987 3341 1041 τοῦ
3397 989 3565 1058 νόμου

1998 1077 2092 1130 τοῦ
2132 1078 2399 1131 πολιτικοῦ
2430 1080 2732 1134 κωλύεσθαι
2776 1083 2875 1151 τὴν
2936 1084 3267 1152 τριγαμίαν·
3328 1081 3568 1150 ἐκκεκώ-

1999 1185 2162 1237 ρηται
2191 1170 2297 1242 γὰρ
2326 1170 2433 1223 ἀπὸ
2468 1172 2562 1223 τοῦ
2599 1172 2788 1242 νόμου.
2839 1174 3001 1226 Ἀλλά
3026 1173 3188 1240 νόμον
3217 1171 3455 1225 ἐνταῦθα
3475 1173 3568 1224 τὸν

1999 1261 2456 1331 ἐκκλησιαστικὸν
2488 1264 2634 1317 νόει·
2681 1266 2844 1332 νόμον
2873 1266 2930 1318 δὲ
2987 1265 3267 1318 πολιτικὸν
3325 1265 3445 1317 εἰπὲ
3477 1265 3568 1317 τὸν

1999 1350 2229 1405 παλαιὸν
2257 1353 2359 1421 πρὸ
2393 1355 2483 1406 τοῦ
2516 1354 2672 1421 ἁγίου
2706 1356 2920 1422 Πατρὸς
2980 1356 3308 1423 κρατοῦντα,
3347 1355 3407 1407 οὐ
3464 1358 3568 1422 μὴν

1997 1444 2088 1496 τὸν
2121 1447 2579 1515 μεταγενέστερον
2608 1440 2749 1499 κατά
2814 1447 2971 1509 πολὺ,
3024 1444 3267 1510 δηλονότι
3328 1447 3421 1498 τὸν
3472 1448 3565 1498 τοῦ

2001 1537 2517 1606 Πορφυρογεννήτου
2560 1539 2655 1591 καὶ
2689 1538 2952 1607 βασιλέως
2983 1539 3172 1607 κυρίου
3217 1539 3569 1590 Κωνσταντί-

1999 1641 2089 1676 νου
2120 1626 2309 1695 τόμον,
2351 1628 2445 1679 τὸν
2483 1629 2935 1698 καταστρωθέντα
2994 1630 3074 1690 εἰς
3136 1628 3229 1680 τὸν
3279 1629 3322 1681 δ’
3365 1630 3569 1681 κανόνα

1998 1716 2190 1769 τούτου
2220 1718 2312 1770 τοῦ
2337 1721 2512 1785 ἁγίου,
2547 1721 2605 1772 ὃν
2633 1723 2723 1772 καὶ
2763 1720 3070 1787 ἀνάγνωθι,
3103 1718 3289 1782 καθὼς
3321 1723 3348 1773 ὁ
3389 1723 3571 1774 Ζωνα-

320 1811 424 1851 lem
457 1802 641 1856 venire
671 1821 773 1857 non
830 1819 1062 1876 poterat,
1118 1820 1300 1879 utpote
1345 1816 1486 1881 quod
1531 1817 1718 1868 multis
1772 1826 1889 1885 post

320 1892 524 1913 -._,___.g_
568 1894 589 1913 ρ
631 1906 667 1913 _.
865 1910 871 1913 _
941 1902 976 1913 ..
1077 1905 1089 1913 .
1392 1906 1403 1913 .
1603 1908 1612 1913 .
1844 1911 1855 1913 _

2003 1810 2101 1877 ρᾶς
2133 1826 2289 1876 φησι.
2326 1809 2497 1862 Τοῦτο
2527 1810 2633 1881 γὰρ
2649 1811 2832 1871 λέγειν
2861 1809 3201 1871 ἀνένδεκτον,
3230 1810 3317 1862 διὰ
3344 1809 3408 1862 τὸ
3435 1810 3572 1877 μηδὲ

318 1892 527 1945 εκιςιιιίε
566 1894 765 1951 factum
796 1910 897 1954 est.
937 1902 1089 1967 Quod
1125 1914 1304 1957 autem
1334 1906 1496 1959 etiam
1527 1921 1553 1958 a
1602 1908 1716 1975 lege
1745 1911 1889 1963 anti-

318 1998 420 2049 qua
454 1985 669 2038 tertium
709 1991 1104 2046 matrimonium
1135 1998 1462 2062 permissum
1493 2014 1594 2061 est,
1631 2002 1746 2069 lege
1796 2002 1892 2058 lib.

319 2087 489 2128 xxvnt
524 2075 602 2132 tit.
635 2078 688 2145 8,
717 2097 837 2149 cap.
880 2084 968 2147 63,
1018 2084 1195 2139 thema
1232 2086 1263 2140 6
1295 2096 1350 2139 et
1393 2088 1477 2141 tit.
1538 2091 1623 2153 l4,
1678 2106 1797 2159 cap.
1840 2096 1892 2148 4.

318 2164 452 2220 Nota
487 2182 687 2236 autem,
721 2178 862 2244 quod
903 2192 970 2230 ex
1004 2177 1106 2231 hoc
1140 2182 1388 2246 praesenti
1424 2196 1629 2239 canone
1675 2198 1895 2254 apparet

232 2252 245 2264 “
321 2279 425 2315 non
456 2265 669 2323 dissolvi
714 2270 926 2325 tertium
963 2275 1364 2329 matrimonium
1405 2289 1459 2329 ut
1495 2290 1683 2333 contra
1752 2283 1895 2347 leges

323 2349 544 2411 factum.
570 2355 707 2411 Dicit
735 2360 900 2425 enim,
935 2363 1074 2431 quod
1106 2364 1512 2431 inquinamenta
1545 2370 1759 2437 quidem
1795 2372 1897 2425 Ec-

320 2443 499 2498 clesite
564 2449 718 2500 tertia
779 2453 1119 2505 matrimonia
1160 2455 1379 2508 omnino
1429 2469 1768 2524 repetantur,
1838 2471 1895 2515 ut

321 2549 439 2601 qum
461 2539 526 2590 ab
551 2538 786 2599 Ecclesia
820 2558 921 2598 non
952 2548 1355 2614 permittuntur,
1383 2551 1424 2603 si
1454 2560 1639 2618 rogata
1672 2551 1891 2613 fuerint.

326 2626 559 2685 Publicis
600 2644 776 2690 autem
829 2638 1387 2704 condenntatinnibus,
1444 2658 1537 2697 seu
1591 2645 1895 2702 manifestis

322 2718 710 2782 dimisionibus
744 2746 846 2784 non
877 2737 1258 2802 subjiciuntur,
1299 2739 1440 2804 quod
1475 2738 1581 2792 sint
1632 2740 1893 2809 ejusmodi

324 2814 569 2881 conjugia
599 2817 959 2879 fornicatione
993 2829 1246 2885 meliora.
1278 2830 1378 2899 Qui
1400 2845 1580 2887 autem
1605 2837 1888 2890 matrimo-

327 2906 474 2959 nium
509 2909 582 2962 ita
616 2921 1024 2985 contraxerunt,
1055 2936 1149 2989 per
1175 2924 1533 2993 polygamiam
1554 2928 1733 2981 minus
1752 2926 1894 2982 effu-

327 3021 388 3058 se
421 3019 664 3074 peccant.
698 3011 797 3078 Qui
839 3026 1016 3070 autem
1069 3019 1424 3085 fornicamur,
1481 3024 1617 3079 laxis
1669 3025 1894 3080 habenis

326 3094 537 3151 invitia
572 3098 840 3170 feruntur,
894 3110 1069 3178 utqui
1132 3112 1601 3170 indiscriminatim
1663 3131 1728 3173 ex
1787 3119 1890 3172 alia

328 3189 551 3244 muliere
577 3192 642 3246 ad
675 3197 833 3253 aliam
862 3205 1154 3258 transeant.

402 3368 655 3429 ZONAR.
680 3375 882 3441 Quarto
908 3380 1066 3439 etiam
1094 3397 1322 3443 canone.
1360 3385 1448 3441 hic
1480 3401 1714 3454 sam-tus,
1741 3393 1905 3462 triga-

333 3461 493 3513 tniam
527 3463 842 3532 polygamize
900 3469 1118 3524 nomine
1151 3474 1406 3541 appellari
1472 3480 1627 3541 dixit,
1689 3492 1743 3534 et
1801 3461 1904 3538 non

333 3552 763 3621 matrimonium,
790 3560 919 3626 quin
945 3564 1123 3628 potius
1146 3568 1460 3637 castigatam
1493 3570 1903 3629 fornicationem

334 3647 632 3713 nuncupari
674 3657 774 3702 :ct
819 3652 922 3708 hoc
968 3656 1088 3711 loco
1137 3661 1601 3729 inquinamentum
1654 3666 1906 3725 Ecclesiae

333 3737 652 3795 nominavit.
690 3743 956 3800 Caeterum
992 3750 1227 3815 publice,
1267 3754 1465 3822 inquit.
1509 3759 1610 3813 hoc
1640 3769 1722 3814 est
1752 3776 1904 3830 aper-

333 3839 407 3894 te,
434 3845 499 3884 ac
524 3833 641 3893 sine
666 3838 1106 3907 tergiversatione
1133 3847 1297 3912 ipSam
1325 3849 1545 3903 minime
1578 3854 1902 3911 condemno.

337 3934 476 3981 mus,
512 3936 750 3994 cousque
775 3939 831 3982 ut
863 3930 1024 3983 etiam
1059 3933 1385 3991 dissolvatur
1422 3938 1684 4007 ejusmodi
1715 3947 1905 4001 matri—

337 4012 595 4068 monium.
642 4016 848 4078 Idcirco
898 4038 1026 4079 vero
1091 4044 1193 4081 non
1232 4030 1561 4100 dissolvitur,
1596 4037 1736 4104 quod
1796 4054 1906 4105 pne

331 4102 505 4155 soluta
557 4105 937 4182 fornicatione,
1005 4117 1323 4188 incastigata
1386 4123 1642 4182 nimirum
1697 4139 1907 4200 etquae

334 4194 402 4246 ab
462 4196 563 4249 alia
617 4202 682 4254 ad
742 4204 899 4257 aliam
976 4211 1253 4265 mulierem
1314 4216 1508 4282 passim
1572 4219 1905 4290 digreditur,

332 4296 413 4339 est
478 4295 925 4368 praeoptandum,
984 4311 1235 4368 tanquam
1322 4303 1607 4363 fornicatio
1668 4313 1904 4382 quidem,

332 4394 702 4465 yei’umtainen
767 4392 1045 4460 castigata,
1078 4395 1274 4465 quippe
1324 4412 1447 4452 cum
1496 4400 1577 4454 vir
1622 4418 1727 4458 una
1790 4421 1907 4459 mu-

1998 1902 2079 1962 είς
2110 1901 2319 1954 ἔννοιαν
2349 1901 2442 1954 τοῦ
2472 1903 2628 1970 ἁγίου
2691 1902 2863 1955 ἐλθεῖν
2893 1902 2951 1954 τὸ
3003 1901 3141 1971 μετά
3192 1900 3392 1963 πολλὰς
3448 1903 3574 1954 ἑκα-

1996 1994 2412 2064 τονταετηρίδας
2470 1995 2711 2061 γεγονός.
2772 1995 2895 2048 Ὀτι
2943 1994 2998 2047 δὲ
3053 1993 3161 2047 ἀπὸ
3212 1993 3305 2046 τοῦ
3341 1994 3574 2047 παλαιοῦ

1997 2081 2163 2148 νόμου
2202 2081 2587 2152 ὲκκεχὼρηται
2618 2083 2646 2135 ὁ
2678 2084 2863 2153 τρίτος
2912 2083 3112 2151 γάμος,
3153 2083 3428 2149 ἀνάγνωθι
3486 2082 3573 2153 βι-

1999 2172 2144 2226 ϐλίον
2203 2174 2288 2242 κη’
2344 2176 2531 2228 τίτλου
2579 2182 2630 2243 η’
2671 2192 2801 2243 κεφ.
2860 2174 2938 2242 ξγ¹
2991 2175 3131 2243 θέμα
3180 2182 3254 2238 ς’,
3286 2175 3464 2229 τίτλου
3512 2177 3575 2230 ιδ’

1997 2278 2123 2331 κεφ.
2154 2262 2213 2317 δ’.
2244 2264 2558 2333 Σημείωσιι
2587 2264 2642 2317 δὲ
2668 2264 2749 2317 ὅτι
2785 2264 2879 2317 καὶ
2907 2262 3016 2317 ἀπὸ
3054 2263 3148 2316 τοῦ
3176 2265 3443 2330 παρόντος
3472 2282 3575 2318 κα-

1999 2356 2152 2418 νόνος
2179 2355 2537 2424 ἀναφαίνεται
2570 2357 2652 2408 ὅτι
2681 2358 2739 2409 οὐ
2779 2356 3077 2409 διασπᾶται
3105 2358 3133 2413 ὁ
3162 2356 3347 2424 τρίτος
3397 2356 3577 2426 γάμος

1995 2450 2072 2513 ὡς
2132 2452 2471 2522 παράνομος.
2521 2453 2658 2521 Φησὶ
2715 2454 2825 2522 γὰρ
2885 2453 2966 2505 ὃτι
3013 2450 3279 2521 ρύπασμα
3334 2453 3433 2522 μὲν
3476 2455 3577 2521 τῆς

2008 2542 2336 2607 Ἐκκλησίας
2357 2543 2666 2610 λογίσονται
2698 2545 2745 2597 οἱ
2785 2543 2958 2613 τρίτοι
2995 2544 3161 2612 γάμοι
3218 2545 3459 2607 πάντως,
3499 2543 3576 2605 ὡς

2000 2634 2073 2705 μὴ
2097 2635 2504 2705 ὲκχωρούμενοι
2538 2636 2644 2689 ὑπὸ
2673 2638 2770 2705 τῆς
2817 2635 3163 2705 Ἐκκλησίας,
3201 2636 3296 2686 ὲὰν
3361 2635 3576 2702 ἐρωτη-

1996 2726 2149 2780 θῶσι.
2187 2728 2487 2798 Δημοσίαις
2513 2728 2570 2781 δὲ
2598 2728 2943 2790 καταδ’καις,
2976 2729 3095 2798 ἦτοι
3150 2730 3407 2797 φανεροῖς
3457 2726 3578 2778 δια-

1997 2819 2293 2886 σπασμοῖς,
2316 2819 2415 2889 οὐχ
2444 2819 2897 2891 ὐποὸλέὸληνται,
2925 2819 3012 2872 διὰ
3031 2819 3090 2871 τὸ
3113 2811 3336 2871 εἶναιτὰ
3353 2816 3576 2869 τοιαῦτα

1996 2911 2308 2962 συνοικέσια
2328 2911 2613 2979 κρείττονα
2638 2911 2738 2975 τῆς
2763 2911 3038 2981 πορνείας.
3070 2909 3132 2963 Oi
3160 2909 3260 2979 μὲν
3292 2914 3400 2979 γάρ
3431 2907 3575 2961 οὓτω

1994 3003 2342 3070 γαμήσαντες
2401 3002 2837 3071 συνεσταλμένην
2882 3002 3159 3073 ἁμαρτίαν
3208 3002 3297 3053 διὰ
3345 3002 3442 3071 τὴν
3478 3017 3575 3053 πο-

1993 3093 2269 3162 λυγαμίαν
2291 3094 2538 3147 ποιοῦσιν
2563 3113 2574 3127 -
2608 3095 2658 3145 οί
2694 3094 2749 3147 δὲ
2783 3093 3141 3163 πορνεύοντες
3165 3093 3458 3161 ἀνειμένην
3481 3091 3577 3145 καὶ

1932 3184 1975 3241 C
2010 3186 2400 3255 ἐξηπλωμένην
2463 3186 2740 3256 ἁμαρτίαν
2780 3183 3105 3255 ἐργάζονται
3151 3184 3226 3247 ὡς
3284 3184 3342 3248 ἐξ
3385 3186 3577 3256 ἑτέρας

2008 3278 2266 3349 γυναικὸς
2309 3280 2388 3339 είς
2420 3278 2612 3346 ἐτέραν
2648 3276 2959 3344 ἀδιαφόρως
2994 3276 3435 3344 μεταϐαίνοντες.

2080 3369 2324 3423 ΖΩΝΑΡ.
2362 3369 2470 3422 Καὶ
2496 3371 2553 3420 ὲν
2579 3367 2658 3438 τῷ
2691 3368 2936 3438 τετάρτῳ
2967 3370 3152 3421 κανόνι
3182 3372 3209 3422 ὁ
3233 3368 3389 3435 ἅγιος
3421 3362 3577 3432 οὗτος

2006 3464 2105 3529 τὴν
2134 3462 2433 3533 τριγαμίαν
2489 3460 2840 3528 πολυγαμὶαν
2905 3460 3107 3530 ἔφησεν
3178 3460 3625 3547 ὀνομάζεσθαιν

2009 3559 2102 3611 καὶ
2146 3558 2219 3627 μὴ
2258 3557 2454 3624 γάμον,
2508 3553 2708 3624 μᾶλλον
2754 3552 2809 3613 δὲ
2844 3553 3103 3619 πορνείαν
3148 3552 3579 3623 κεκολασμένην*

2007 3650 2286 3703 κάνταῦθα
2316 3649 2578 3719 ρύπκσμα
2615 3646 2712 3714 τῆς
2752 3645 3079 3714 Ἐκκλησίας
3125 3648 3375 3699 ἐκάλεσε.
3410 3646 3577 3712 Πλὴν,

2009 3742 2166 3813 φησὶ,
2210 3739 2464 3810 δημοσίᾳ,
2496 3738 2618 3793 ἀντὶ
2648 3736 2740 3789 τοῦ
2773 3736 3025 3806 φανερῶς
3051 3736 3146 3789 καὶ
3176 3737 3576 3799 ἀνυποστόλως,

2007 3837 2067 3890 οὐ
2106 3833 2545 3901 καταδικὰξομεν
2587 3832 2787 3902 αὑτήν·
2846 3832 2990 3885 ὥστε
3048 3829 3147 3907 καὶ
3201 3827 3439 3897 διασπᾷ-α
3519 3826 3582 3878 τὸ

2008 3929 2249 3983 τοιοῦτον
2270 3927 2627 3981 συνοικέσιον.
2658 3926 2730 3978 Οὐ
2760 3924 3059 3978 διασπᾶται
3087 3920 3165 3984 δὲ,
3197 3920 3280 3972 ὅτι
3305 3918 3456 3988 παρά
3482 3921 3580 3984 τὴν

2007 4022 2301 4092 ἀνειμένην
2326 4021 2606 4089 πορνείαν,
2630 4021 2731 4087 τὴν
2774 4016 3072 4069 ἀκόλαστον
3112 4012 3333 4082 δηλαδὴ,
3401 4010 3496 4063 sui
3523 4010 3582 4075 ἐξ

2010 4114 2095 4167 ἑτέ
2105 4131 2205 4185 ρας
2239 4113 2501 4181 γυναικὸς
2524 4113 2605 4171 είς
2634 4111 2828 4178 ἑτέραν
2859 4105 3318 4175 μεταϐαίνουσαν,
3349 4105 3579 4173 uipera».-

2008 4206 2143 4276 τέρα
2178 4206 2349 4268 ἐστὶν,
2380 4204 2454 4264 ὡς
2492 4200 2722 4272 πορνεία
2767 4200 2888 4269 μὲν,
2926 4194 3305 4265 κεκολασμένη
3367 4194 3448 4258 δὲ,
3491 4190 3579 4246 οἷα

2014 4300 2110 4369 μιᾷ
2154 4297 2499 4367 ἀρκουμένου
2534 4293 2626 4345 τοῦ
2660 4290 2852 4360 ἀνδρὸς
2901 4289 3142 4356 γυναικί.
3218 4284 3457 4339 Ἀκούων
3523 4284 3579 4349 δὲ

2009 4391 2091 4443 ὅτι
2124 4387 2423 4459 τριγαμίας
2451 4385 2609 4453 νόμος
2638 4383 2739 4434 οὐκ
2771 4380 2941 4439 ἐστιν,
3000 4375 3459 4446 ἐκκλησιαστικὸν
3487 4376 3580 4426 καί

332 4459 464 4527 licre
511 4475 581 4529 sit
622 4487 925 4536 contentus.
950 4484 1117 4541 Porro
1145 4502 1265 4544 cum
1298 4491 1450 4547 audis
1504 4488 1764 4562 triganihe
1793 4513 1897 4552 non

2013 4480 2385 4549 πνευματικὸν
2418 4477 2528 4531 νόει
2560 4476 2746 4544 νόμον.
2798 4472 2929 4525 Ἀπὸ
2952 4471 3061 4543 γὰρ
3081 4465 3414 4581 Νεαρᾶςὶτρῦ
3444 4467 3583 4574 [iop-

333 4579 452 4617 esse
479 4565 1097 4636 legem,erclesiasticam
1141 4579 1334 4649 legem,
1365 4598 1426 4637 ac
1455 4586 1789 4654 apiritnalem
1818 4592 1902 4644 in-

335 4656 530 4727 te'lige.
575 4661 679 4716 Per
727 4661 1001 4720 Novellam
1058 4670 1319 4740 siquidem
1346 4672 1827 4749 Porphyrogenette
1851 4694 1905 4737 et

331 4750 693 4818 Constantini,
726 4758 899 4812 tertiae
930 4764 1148 4831 nuptiae,
1187 4781 1289 4820 non
1326 4767 1446 4821 sine
1475 4781 1597 4823 nota
1637 4781 1812 4827 tamen
1840 4789 1904 4829 ac

334 4844 535 4911 multis,
571 4849 974 4913 permittuntur.

401 4937 626 4994 ARIST.
658 4941 757 5006 Qui
796 4944 1009 4998 tertium
1049 4947 1313 5013 contrahit
1367 4954 1765 5008 matrimonium
1825 4956 1903 5010 le-

334 5042 425 5097 ges
462 5035 875 5103 transgreditur.
909 5035 1030 5092 Haec
1057 5051 1261 5107 autem,
1294 5051 1350 5093 ut
1371 5041 1628 5099 Ecclesiae
1653 5046 1903 5113 inquina-

333 5131 536 5187 menta,
562 5138 667 5178 non
700 5137 829 5181 sunt
876 5130 1088 5197 publice
1123 5134 1478 5197 traducenda,
1538 5137 1902 5194 tolerabiliora

330 5213 584 5269 dissoluta
613 5216 969 5274 fornicatione
987 5222 1249 5289 judicata.

405 5305 513 5361 Lex
542 5309 755 5376 quidem
787 5312 1001 5381 politica
1040 5318 1223 5373 tertias
1282 5318 1494 5385 nuptias
1546 5323 1807 5388 agnoscit.
1841 5332 1895 5377 et

338 5395 475 5450 lilios
497 5412 563 5452 ex
591 5400 668 5454 eis
694 5414 970 5471 susceptos
1005 5419 1102 5473 pro
1121 5405 1373 5474 legitimis
1406 5408 1588 5472 habet,
1620 5420 1670 5463 et
1701 5410 1766 5466 ad
1796 5412 1905 5469 hae-

338 5486 617 5543 reditatem
661 5500 836 5555 vocat;
869 5496 935 5548 At
964 5511 993 5549 a
1028 5497 1327 5552 canonibus
1359 5500 1532 5555 tertiae
1575 5502 1769 5570 nuptiae
1799 5519 1902 5559 non

340 5576 722 5646 admittuntur,
758 5583 851 5636 sed
882 5583 1015 5637 istas
1058 5594 1115 5637 ut
1154 5584 1401 5640 Ecclesia:
1439 5587 1903 5655 inquinamentum

340 5668 560 5722 habent.
591 5669 695 5725 Sed
723 5674 1158 5741 quandoquidem
1207 5674 1429 5728 licenter
1472 5678 1524 5747 ip
1557 5677 1910 5737 fornicatione

341 5756 544 5809 viventi
567 5759 681 5815 sive
722 5762 944 5817 dimissa
976 5764 1083 5817 sint
1114 5767 1285 5830 magis
1319 5769 1647 5834 expetendrc,
1681 5770 1908 5838 public's

344 5845 561 5915 quidem
595 5851 1138 5909 condcmnationibus
1174 5870 1279 5909 non
1314 5855 1600 5925 subjicitur
1636 5877 1646 5911 :
1683 5859 1782 5914 hoc
1807 5873 1910 5928 est,

2013 4570 2414 4643 φυρογεννήτου
2441 4567 2534 4623 καὶ
2556 4564 2971 4621 Κωνσταντίνου
3001 4564 3212 4630 ἐφεῖται
3232 4560 3324 4612 καί⁵
3353 4560 3379 4611 ὁ
3400 4558 3582 4624 τρίτος

2009 4668 2207 4737 γάμος,
2245 4663 2385 4735 μετά
2430 4662 2617 4731 μέντοι
2654 4655 2971 4722 διαστίξεων
3002 4658 3096 4708 καὶ
3124 4652 3438 4723 ἐπιτιμίων.

2080 4933 2301 4989 ΑΡΙΣΤ.
2342 4933 2402 4985 Ὀ
2430 4931 2697 5000 τρίγαμος
2746 4928 2981 4997 ἄνομοςσ
3033 4928 3189 4993 ὡςδὲ
3244 4932 3581 5000 ῥυπασματα

2010 5030 2108 5097 τῆς
2150 5025 2476 5094 Ἐκκλησίας
2506 5025 2570 5075 τὰ
2596 5020 2826 5074 τοιαῦτα
2856 5020 3343 5091 παραὸλεπόμενα,
3364 5021 3580 5088 ἁστηλίο

2011 5139 2216 5184 τευτα,
2273 5120 2507 5190 κρείττω
2568 5119 2666 5186 τῆς
2731 5114 3028 5184 ἀνειμένης
3084 5113 3343 5183 πορνείας
3397 5115 3582 5182 κρινό-

2017 5234 2174 5287 μενα.

2095 5310 2155 5362 Ὀ
2191 5306 2289 5377 μὲν
2317 5303 2594 5365 πολιτικὸς
2628 5304 2790 5370 νόμος
2851 5300 2951 5370 τὴν
2996 5296 3362 5367 τριτογαμίαν
3399 5296 3585 5363 ἐπιγι-

2015 5401 2233 5462 νώσκει,
2261 5398 2505 5457 καὶτοὺς
2541 5394 2599 5458 ἒξ
2634 5393 2806 5461 αὐτῆς
2852 5389 3150 5459 τεχθέντας
3208 5387 3400 5449 παῖδας
3426 5388 3581 5455 νομί-

2018 5509 2150 5563 μους
2188 5490 2325 5560 ἐχει.
2359 5488 2452 5542 καὶ
2495 5489 2576 5549 είς
2616 5482 2984 5554 κληρονομίαν
3020 5481 3194 5535 καλεῖ.
3240 5479 3362 5537 Τοῖς
3390 5478 3446 5530 δὲ
3479 5494 3584 5531 κα-

2015 5585 2163 5638 νόσιν
2190 5584 2218 5636 ὁ
2248 5581 2428 5652 τρίτος
2454 5577 2630 5646 γάμος
2677 5576 2737 5627 οὐ
2770 5574 3160 5642 παραδέχεται,
3196 5569 3311 5622 ἀλλ’
3362 5568 3436 5631 ὡς
3492 5567 3583 5637 ρύι

2017 5692 2212 5742 πασμα
2243 5672 2430 5724 τοῦτον
2458 5670 2557 5738 τῆς
2595 5665 2921 5732 Ἐκκλησίας
2968 5664 3200 5733 ἔχουσιν.
3226 5663 3351 5716 Ὂτι
3385 5661 3440 5712 δὲ
3483 5659 3581 5725 τῆς

2019 5765 2309 5834 ἀνειμένης
2369 5761 2645 5831 πορνείας,
2701 5762 2819 5829 ἦτοι
2845 5758 2940 5827 τῆς
2984 5755 3389 5823 ἐκλελυμένης,
3434 5752 3581 5804 ἐστὶν

2023 5856 2405 5930 αἱρετώτερος,
2433 5854 2718 5924 δημοσίαις
2749 5853 2847 5921 μὲν
2881 5850 3198 5917 καταδίκαις
3225 5847 3319 5902 οὑν
3346 5843 3580 5898 ὑποϐάλ-
