4008 6478
298 369 402 431 737

1260 360 1338 418 lN
1384 359 1623 420 EPIST.
1654 360 1716 418 S.
1758 358 2045 421 BASlLll
2084 356 2528 418 CANONICAM
2568 357 2692 419 ΙΙΙ.

3452 360 3554 423 738

295 485 468 532 λεται-
495 477 640 546 τοῦτ’
666 474 835 534 ἐστιν,
861 474 887 526 ὁ
910 473 1181 545 τρίγαμος
1210 474 1349 541 μετὰ
1373 472 1481 525 τῶν
1521 471 1884 542 προσκλαιόν-

1999 472 2253 539 trigamus
2319 485 2441 525 eum
2501 469 2822 524 (tenentibus
2889 485 2992 522 non
3068 471 3400 536 collocatur,
3461 491 3561 526 nee

296 590 406 623 των
443 571 503 623 οὐ
530 570 806 630 τάττεται,
836 566 930 620 καὶ
962 565 1358 636 θριαμϐεύεται
1404 564 1641 636 δημοσίᾳ
1676 565 1750 628 ὼς
1779 581 1877 617 κα-

298 663 559 731 τάκριτος
587 676 603 692 ·
633 658 808 720 ἄλλως
854 658 911 712 δὲ
953 658 1047 711 ἐπὶ
1099 658 1257 710 πέντε
1312 657 1490 709 ἔτεσιν
1531 657 1879 727 ἐπιτιμᾶται,

300 759 357 810 ὲν
398 755 517 809 δυσὶ
548 753 732 823 μὲν,ἧ
786 753 880 804 καὶ
918 754 1090 823 τρισὶ,
1136 750 1232 821 τῆς
1289 751 1398 804 τῶν
1457 750 1617 804 θείων
1651 749 1883 820 Γραφῶν

296 847 621 915 ἀκροάσεως
657 842 985 912 ἀξιούμενος
1020 845 1076 896 ὲν
1111 844 1226 905 τοῖς
1284 841 1587 912 βασιλικοῖς
1638 839 1884 894 πυλῶσιν

301 936 611 1007 ἱστάμενος
650 935 707 988 ἐν
748 935 804 988 δὲ
856 934 1066 1005 ἑτέροις
1122 933 1243 986 δυσὶ
1299 933 1438 1002 μετὰ
1502 931 1611 985 τῶν
1669 930 1878 985 πιστῶν

300 1026 722 1096 συνιστάμενος,
758 1025 851 1078 καὶ
884 1023 1265 1092 συγκοινωνῶν
1308 1024 1491 1086 αὐτοῖς
1535 1021 1644 1075 τῶν
1682 1020 1877 1090 εὐχῶν,

300 1120 397 1173 κα)⁵
424 1118 598 1181 οὕτως
631 1117 1146 1185 ὰποκαθιστάμενος
1175 1116 1257 1179 είς
1295 1115 1387 1167 τὸν
1431 1115 1594 1167 τόπον
1623 1114 1732 1167 τῶν
1766 1130 1876 1182 με-

300 1209 756 1279 ταλαμᾶινόντων
796 1209 903 1262 τῶν
929 1208 1089 1262 θείων
1118 1206 1499 1277 ἀγιασμάτων.

1986 561 2258 630 publicum
2300 561 2629 631 triumphum
2678 562 2787 631 agit
2820 572 2876 614 ιιι
2932 562 3344 618 condemnatus,
3396 563 3565 619 Aliter

1988 662 2166 705 autem
2207 654 2259 705 in
2293 654 2720 720 quinquennium
2748 666 2935 721 ptenas
2958 651 3236 720 persolvit,
3271 653 3323 705 in
3356 652 3563 708 duobus

1988 746 2204 814 quidem
2241 750 2318 798 vel
2353 746 2516 798 etiam
2568 745 2745 799 tribus
2798 744 3102 799 divinarum
3159 742 3563 814 Scripturarunt

1984 838 2179 905 dignus
2232 840 2510 893 auditione
2546 838 2784 903 habitus,
2835 839 2887 891 in
2946 837 3107 907 regiis
3142 837 3352 892 foribus
3384 846 3558 891 stans.

1985 929 2040 984 ln
2070 930 2194 986 aliis
2241 942 2422 986 autem
2455 933 2663 986 duobus
2697 945 2819 986 cum
2856 930 3101 986 ﬁdelibus
3138 930 3468 985 constitutus
3508 940 3565 985 et

1985 1036 2109 1076 cmn
2144 1022 2210 1077 iis
2245 1021 2297 1075 in
2324 1022 2664 1078 orationibus
2711 1022 3141 1079 communicans.
3181 1020 3248 1075 Et
3279 1022 3438 1078 sicin
3471 1037 3566 1075 θο-

1987 1129 2105 1166 rum
2134 1116 2225 1183 qui
2267 1115 2576 1169 divinorum
2613 1125 3076 1170 sacramentorum
3111 1124 3239 1170 sunt
3270 1113 3563 1184 participes

1985 1205 2164 1259 locum
2193 1207 2517 1261 restituitur.

1437 1584 1785 1718 ΤΟΥ
1860 1583 2439 1717 ΑΥΤΟΥ

885 1855 1176 1941 ΠΡΟΣ
1248 1856 1475 1941 ΤοΝ
1530 1854 1908 1942 ΑΥΤΟΝ
1982 1853 2553 1941 ΕΠΙΣΤΟΛΗ
2629 1853 2985 1937 ΤΡΙΤΗ.

1567 2218 1738 2341 EJ
1756 2216 2279 2345 USDEM

1002 2495 1146 2582 AD
1202 2492 1715 2583 EUMDEM
1785 2492 2365 2608 EPISTOLA
2434 2494 2916 2584 TERTIA.

914 2843 1154 2897 ΚΑΝΩΝ
1185 2842 1310 2896 NA'.

305 2986 381 3041 Τὸ
406 2984 549 3039 κατὰ
587 2981 886 3051 κληρικοὺς
910 2975 1227 3044 ἀδιορίστως
1257 2974 1307 3026 οἱ
1356 2973 1581 3035 κανόνες
1614 2972 1881 3037 ἐξέθεντο,

374 3074 737 3135 κελεύσαντες
775 3071 906 3138 μίαν
936 3071 1028 3120 ἐπὶ
1078 3069 1192 3129 τοῖς
1239 3063 1657 3136 παραπεσοῦσιν
1707 3064 1883 3135 ὁρίζε-

368 3173 494 3223 σθαι
521 3167 819 3237 τιμωρίαν,
850 3162 949 3231 τὴν
970 3161 1240 3212 ἔκπτωσιν
1273 3158 1373 3227 τῆς
1405 3158 1728 3228 ὑπηρεσίας,
1770 3158 1882 3209 εἴτε

372 3265 429 3316 ἐν
454 3261 650 3333 βαθμῷ
706 3255 1049 3326 τυγχάνοιεν,
1122 3253 1235 3305 εἴτε
1308 3251 1403 3303 καὶ
1474 3251 1881 3321 ἁχειροτονήτῳ

374 3352 652 3424 ὑπηρεσίᾳ
685 3346 1169 3422 προσκαρτεροῖεν.

278 3600 283 3603 _
374 3535 568 3589 ΒΑΛΣ.
601 3533 690 3586 Ἐν
720 3532 797 3602 τῷ
826 3531 905 3597 λβ’
932 3531 1117 3584 κανόνι
1161 3527 1453 3597 διωρίσατο
1514 3528 1540 3578 δ
1591 3526 1744 3591 ἅγιος
1775 3526 1885 3578 ἀπὸ

310 3628 506 3690 παντὸς
536 3627 940 3696 ἁμαρτήματος
969 3624 1058 3677 διὰ
1100 3621 1269 3691 μόνης
1317 3620 1695 3689 καθαιρέσεως
1726 3620 1889 3672 κολά-

313 3720 500 3785 ζεσθαι
531 3721 656 3781 τοὺς
690 3716 1007 3787 κληρικούς.
1049 3713 1203 3766 Ἐπεὶ
1228 3712 1289 3779 δὴ
1318 3710 1501 3777 ἔλεγόν
1545 3726 1691 3772 τινες
1742 3708 1886 3761 ὲκεί-

315 3822 436 3874 νοιῦς
465 3808 775 3878 λογίζεσθαι
802 3806 1099 3877 κληρικοὺς
1121 3803 1248 3865 τοὺς
1276 3802 1614 3872 χειροτονίαν
1641 3800 1886 3870 ἔχοντας,

311 3901 374 3957 σὺ
390 3904 494 3972 μὴν
521 3903 647 3965 τοὺς
679 3901 768 3953 διὰ
808 3899 975 3967 μόνης
1025 3895 1321 3965 σφραγῖδος
1379 3892 1754 3953 καταστάντας
1808 3892 1889 3952 εἰς

309 3991 551 4062 βαθμοὺς
574 3987 1064 4060 ἐκκλησιαστικοὺς
1094 3983 1337 4055 (τούτους
1361 3983 1469 4051 γὰρ
1493 3981 1683 4052 ἤθελον
1712 3980 1889 4033 πλειό-

312 4102 415 4149 νως
464 4080 837 4152 κολάζεσθαι),
871 4080 1160 4149 διωρίσατο
1193 4079 1221 4129 ὁ
1264 4075 1417 4142 ᾶγιος
1443 4073 1531 4126 διὰ
1562 4071 1654 4125 τοῦ
1690 4071 1891 4141 παρόν-

2483 2841 2643 2912 109
2695 2841 2922 2898 CANON
2982 2841 3064 2896 ιι.

1988 2980 2139 3045 Quod
2172 2980 2237 3032 ad
2271 2980 2496 3036 clericos
2548 2982 2739 3033 attinet
2791 2996 3028 3036 canones
3058 2981 3334 3037 indeﬁnite
3384 2983 3567 3037 edide-

2061 3079 2207 3132 runt,
2237 3085 2400 3123 unum
2426 3070 2482 3124 in
2516 3071 2582 3125 iis
2617 3070 2705 3139 qui
2736 3070 2870 3139 lapsi
2904 3081 3030 3125 sunt
3086 3072 3409 3141 supplicium
3435 3113 3443 3121 .
3469 3074 3562 3128 de-

2058 3163 2206 3215 cerni
2231 3162 2511 3232 jubentcs,
2545 3179 2572 3217 a
2601 3163 2905 3233 ministerio
2952 3164 3163 3218 scilicet
3209 3166 3563 3229 amotionem,

2060 3251 2175 3304 sive
2229 3252 2337 3304 sint
2389 3252 2442 3305 in
2491 3252 2681 3321 gradu,
2738 3255 2851 3307 sive
2908 3255 3069 3306 etiam
3133 3256 3185 3308 in
3242 3256 3562 3317 min-‘sscrio,

2060 3341 2201 3407 quod
2262 3357 2366 3395 non
2429 3342 2696 3411 impositis
2749 3345 3002 3399 manibus
3061 3345 3255 3410 datur,
3316 3362 3566 3415 νίπτοντ-

2061 3444 2200 3485 rent.

2062 3521 2257 3576 BALS.
2296 3525 2497 3578 ln‘can.
2530 3524 2599 3580 52
2622 3537 2845 3582 sanctus
2900 3529 3107 3581 deliniit
3150 3543 3370 3599 propter
3409 3548 3568 3585 omne

1990 3626 2265 3680 peccatum
2298 3615 2526 3669 «lerieos
2563 3634 2657 3682 per
2697 3619 2866 3670 solum
2914 3621 3302 3688 depositione”-
3365 3626 3565 3691 puu’ti.

1993 3703 2098 3756 Sed
2129 3707 2251 3772 quia
2289 3708 2531 3761 nonnulli
2567 3710 2824 3762 dixerunt
2861 3710 2980 3765 illos
3012 3714 3252 3780 reputari
3309 3716 3563 3781 clericos,

1991 3795 2080 3864 qui
2103 3798 2334 3851 ordinati
2367 3810 2515 3862 sunt,
2572 3809 3037 3858 nonautem'eos
3097 3805 3188 3874 qui
3244 3822 3340 3875 per
3393 3807 3565 3861 solum

1991 3889 2365 3954 characterem
2405 3893 2682 3946 constituti
2720 3905 2841 3947 sunt
2889 3895 2941 3948 in
2977 3898 3241 3965 gradibus
3309 3899 3568 3955 ecclesia-

1992 3979 2142 4034 sticis
2181 3980 2346 4051 (illos
2380 3983 2524 4038 enim
2577 3986 2750 4055 magis
2804 3987 2978 4054 puniri
3034 3988 3309 4059 volebant)
3364 3990 3569 4044 detiniit

1993 4077 2214 4124 sanctus
2243 4087 2339 4140 per
2371 4085 2691 4142 prmeentem
2720 4090 3008 4142 cauonem,
3068 4094 3258 4132 omnes
3316 4079 3569 4136 similiter

315 4196 401 4240 τος
426 4177 653 4237 κανόνος
688 4174 899 4235 πάντας
932 4174 1059 4232 τοὺς
1088 4167 1390 4237 κληρικοὺς
1416 4163 1618 4234 ὁμοίως
1646 4162 1736 4216 διὰ
1791 4164 1888 4233 μό.

1999 4160 2222 4216 clericos
2246 4176 2345 4232 per
2387 4165 2557 4218 solam
2592 4165 3008 4233 depositionem,
3044 4181 3141 4222 seu
3182 4168 3395 4238 lapsum
3427 4186 3455 4225 a
3480 4188 3569 4226 sa-

314 4278 406 4340 φης
435 4267 814 4337 καθαιρέσεως
844 4265 967 4334 ἦτοι
998 4261 1089 4314 διὰ
1123 4257 1456 4319 ἐκπτώσεως
1509 4255 1608 4324 τῆς
1651 4252 1890 4324 προσού-

310 4380 411 4433 σης
460 4361 647 4422 αὐτοῖς
707 4356 859 4425 ἱερᾶς
912 4352 1194 4416 διακονίας
1277 4347 1626 4412 κολάζεσθαι,
1683 4346 1786 4399 κᾶν
1830 4362 1889 4399 τε

312 4450 825 4522 κεχειροτονημένοι
851 4445 1008 4508 ὦσιν,
1041 4443 1113 4503 ὡς
1145 4444 1193 4494 oi
1223 4439 1606 4509 πρεσϐύτεροι,
1629 4439 1678 4490 οἱ
1710 4438 1889 4491 διάκοο

311 4564 413 4611 νοι,
444 4543 539 4598 καὶ
568 4544 619 4596 οἱ
641 4539 1014 4601 ὑποδιάκονοι,
1049 4535 1148 4589 κᾶν
1179 4550 1239 4586 τε
1266 4532 1354 4585 διὰ
1386 4532 1555 4601 μόνης
1592 4530 1890 4599 σφραγῖδος

309 4636 599 4702 ἐνέργειαν
620 4630 818 4701 ἔχωσιν
854 4624 1160 4697 ἱερατικὴν,
1188 4622 1264 4684 ὡς
1316 4622 1366 4673 οἱ
1400 4619 1770 4686 ἀναγνῶσται,
1799 4620 1893 4671 καὶ

310 4725 532 4795 ψάλται,
565 4724 614 4777 οί
649 4719 869 4790 θεωροὶ,
926 4717 1019 4771 καὶ
1072 4718 1122 4769 οἱ
1178 4715 1377 4782 ὅμοιοι.
1429 4713 1538 4765 Καὶ
1572 4710 1746 4763 ταῦτα
1795 4710 1894 4779 μὲν

308 4817 444 4885 περὶ
473 4811 755 4882 κληρικῶν
821 4810 907 4864 διὰ
946 4804 1308 4878 χειροτονίας,
1355 4802 1389 4871 ἢ
1447 4802 1536 4854 διὰ
1598 4800 1895 4870 σφραγῖδος

312 4905 773 4976 καταταχθέντων
799 4902 881 4962 είς
914 4899 1156 4970 βαθμοὺς
1212 4893 1722 4964 ὲκκλησιαστικούς.
1767 4892 1894 4943 Ἐὰν

310 5000 371 5053 δέ
398 5015 481 5061 τις
514 4999 683 5069 μόνην
700 4995 838 5065 ἔχων
869 4988 1189 5059 ὲπικουρίδα
1247 4985 1356 5039 ἀπὸ
1390 4984 1690 5038 ἐπισκόπου
1723 4982 1759 5051 ἢ
1788 4981 1897 5035 ἀπὸ

312 5090 623 5158 ἡγουμένου
655 5084 876 5155 ἐμπέσῃ
899 5084 979 5145 είς
1015 5079 1292 5149 ἔγκλημα,
1336 5075 1684 5146 ἀλλοτρόπως
1741 5069 1898 5138 οὗτος

313 5177 799 5250 τιμωρηθήσεταις
850 5174 1064 5238 Λύσις.
1101 5172 1210 5225 Καὶ
1259 5170 1288 5221 ὁ
1331 5166 1571 5230 τοιοῦτος
1635 5168 1898 5237 κληρικός

312 5274 459 5334 ἐστι,
512 5270 606 5324 καὶ
664 5266 1204 5335 καταδικασθήσεται
1265 5262 1340 5324 ὡς
1393 5262 1575 5315 λοιποὶ
1624 5261 1894 5333 κληρικοί.

315 5360 717 5430 Κωλυθήσεται
745 5359 855 5428 γὰρ
883 5359 1128 5426 ἐνεργεῖν
1156 5351 1542 5423 οἱονδηποτοῦν
1569 5352 1754 5421 ἔργον,
1787 5348 1899 5405 οἷον

316 5453 640 5525 ἐνεργοῦσιν
672 5452 724 5504 οι
761 5453 976 5521 ἔχοντες
1014 5446 1387 5515 ὲπικουρίδας,
1418 5440 1529 5497 οἷον
1557 5445 1656 5498 οὐκ
1683 5443 1897 5515 εἰσέλθῃ

316 5548 403 5610 εἰς
430 5546 604 5616 βῆμα,
631 5545 731 5597 οὐκ
763 5538 982 5610 ἀναγνῴ
1012 5539 1098 5592 ἐπ’
1125 5537 1398 5607 ἄμϐωνος,
1435 5536 1497 5588 οὺ
1523 5533 1788 5604 προκόψει
1817 5537 1897 5599 εἰς

320 5637 563 5711 βαθμίδα
594 5633 896 5707 ίερατικήν.
938 5630 1218 5699 Θαυμάζω
1247 5627 1303 5681 δὲ
1336 5627 1485 5688 ὅπως
1512 5624 1659 5686 τινὲς
1692 5624 1892 5678 καθαι-

321 5729 576 5802 ρεθέντας
630 5723 915 5796 ἐνεργοῦσι
970 5718 1392 5794 χαρτουλαράτσ.
1436 5715 1894 5787 ὲκκλησιαστικὰ,

322 5819 484 5878 ἅτινα
513 5818 793 5890 ἐνεργοῦσι
840 5816 989 5869 μόνοι
1048 5810 1361 5882 ἱερωμένοι.
1429 5805 1710 5870 Ὡσαύτως
1766 5806 1898 5863 θαυ-

1992 4269 2086 4307 cro
2114 4257 2255 4322 quod
2292 4255 2360 4309 ad
2396 4271 2489 4310 eos
2536 4258 2770 4326 pertinet
2820 4260 3145 4325 ministerio,
3200 4263 3398 4330 puniri,
3456 4264 3571 4318 sive

1994 4346 2107 4399 sint
2137 4347 2371 4400 ordinati
2405 4357 2463 4402 ut
2492 4350 2818 4420 presbyteri,
2839 4349 3071 4416 diaconi,
3098 4362 3153 4407 et
3184 4353 3567 4423 hypodiaconi,

1993 4439 2108 4493 sive
2137 4454 2231 4507 per
2263 4440 2436 4493 solum
2482 4441 2852 4497 characterem
2884 4445 3255 4512 operationem
3315 4448 3569 4500 sacerdo-

1998 4531 2158 4584 talem
2214 4531 2473 4595 habeant,
2530 4541 2589 4585 ut
2636 4533 2889 4599 lectores,
2953 4545 3228 4600 cantores,
3289 4549 3566 4590 sacrorum

1995 4637 2246 4676 vasorum
2279 4622 2557 4689 custodes,
2605 4633 2660 4679 et
2700 4625 2926 4680 similes.
2975 4625 3039 4678 Et
3072 4624 3189 4680 haec
3232 4627 3445 4694 quidem
3505 4629 3571 4680 de

1997 4712 2210 4766 clericis
2244 4727 2344 4782 per
2375 4715 2796 4779 ordinationem,
2845 4715 2926 4769 vel
2964 4717 3336 4771 characterem
3378 4718 3430 4771 in
3484 4734 3572 4771 cc-

2000 4803 2319 4858 clesiasticis
2358 4805 2613 4873 gradibus
2651 4806 2956 4863 collocatis.
3013 4805 3068 4859 Si
3111 4807 3234 4876 quis
3278 4817 3456 4861 autent
3503 4810 3573 4862 ab

1998 4896 2272 4963 episcopo,
2312 4897 2392 4949 vel
2427 4898 2746 4951 monasterii
2790 4898 3046 4966 praelecto
3079 4900 3246 4953 solam
3297 4911 3570 4953 tonsuram

1999 4988 2204 5041 habens
2237 4989 2289 5041 in
2318 4989 2527 5043 crimen
2560 4989 2834 5056 inciderit,
2875 4990 2991 5044 isne
3020 4991 3128 5044 alio
3177 4992 3337 5045 modo
3379 4994 3569 5059 punie-

1998 5077 2129 5133 tur?
2156 5076 2272 5133 Sol.
2296 5077 2364 5131 Et
2389 5080 2510 5134 talis
2535 5096 2750 5149 quoque
2774 5090 2859 5136 est
2882 5081 3131 5148 clericus,
3166 5092 3220 5136 et
3252 5084 3573 5141 condemna-

2001 5171 2146 5225 bitur
2176 5182 2233 5224 ut
2263 5173 2458 5241 reliqui
2486 5173 2692 5228 clerici.
2756 5171 3137 5229 Prohibebitur
3165 5175 3308 5228 enim
3343 5176 3573 5245 quodvis

2000 5279 2138 5334 opus
2198 5281 2482 5332 exercere,
2543 5265 2849 5336 cujusmodi
2907 5276 3164 5320 exercent
3227 5268 3319 5336 qui
3372 5268 3574 5323 habent

2003 5359 2758 5427 tonsuras;qucmadmodum
2788 5373 2893 5411 non
2939 5358 3269 5413 conscendet
3318 5360 3575 5420 tribunal.

1986 5432 2109 5501 ἰιοιι
2145 5449 2284 5517 leget
2311 5450 2363 5502 in
2400 5451 2648 5513 amboue,
2686 5449 2753 5503 ad
2783 5450 3177 5504 sacerdotalem
3212 5453 3438 5520 gradum
3472 5469 3575 5504 nou

2002 5539 2427 5605 promovebitur.
2481 5537 2645 5593 Miror
2675 5548 2877 5602 autem,
2910 5540 3179 5607 quomodo
3211 5539 3454 5594 nonnulli
3488 5544 3581 5595 de-

2005 5628 2163 5696 positi
2195 5629 2567 5684 cltartularata
2602 5628 2968 5685 ecclesiastica
2997 5640 3276 5695 exercent,
3313 5647 3432 5699 qua:
3460 5632 3581 5698 qui-

2007 5719 2127 5773 dem
2163 5719 2268 5774 soli
2320 5721 2522 5775 sacrati
2570 5728 2846 5775 exercent.
2908 5719 3174 5775 Similiter
3220 5723 3422 5785 miror,
3456 5738 3584 5791 quo-

2010 5810 2169 5864 modo
2221 5810 2314 5877 qui
2367 5811 2511 5866 solas
2568 5812 2771 5868 habent
2836 5824 3129 5880 tonsuras,
3188 5823 3239 5868 et
3297 5826 3584 5881 peccantes
