4008 6394
348 264 446 330 7li

1331 268 1412 326 IN
1444 267 1767 327 EPISTS.
1797 269 2087 329 B.\SII.I[
2126 272 2566 337 CANONICMI
2622 279 2740 342 [Π.

3529 288 3636 354 7ῖὲ

346 378 441 430 καὶ
470 377 830 449 ἀμελησὰσης
860 377 952 431 τοῦ
998 381 1277 449 κυήματος
1302 395 1315 408 ⁸
1350 379 1445 432 νῦν
1485 382 1541 432 δὲ
1602 381 1911 452 πλατύτερτ

2052 397 2226 436 :mtem
2261 389 2430 441 fusius
2464 392 2705 443 decernit
2740 391 2808 445 de
2856 394 3138 459 spcrielnts
3188 394 3545 464 ttegligentim,
3580 411 3633 450 rt

348 468 698 522 διατάττεται
727 471 794 524 τὰ
824 470 943 538 εῐδη
974 471 1075 540 τῆς
1094 472 1381 541 ἀμελείας,
1422 474 1514 525 καί
1575 491 1707 541 φησι
1746 478 1848 532 ἔτι,
1900 481 1940 526 εἶ

349 562 450 630 μὲν
479 563 542 614 ἐκ
585 562 845 633 πορνείας
897 562 929 634 ἤ
966 564 1213 635 μοιχείας
1264 564 1606 619 συλλαϐοῦσα
1664 568 1870 636 κρύφα.
1912 568 1940 636 ἢ

345 655 603 723 κυήσασα
640 655 733 707 καὶ
758 654 1071 725 φοϐουμένη
1110 658 1201 711 τὸν
1229 656 1472 726 ἔλεγχον,
1516 658 1817 711 ἐσπούδασε
1847 659 1937 711 διὰ

342 747 437 799 τοῦ
465 748 789 817 φονευθῆναι
828 750 887 801 τὸ
938 749 1196 819 γεννηθὲν
1230 752 1575 820 συγκαλύψαι
1620 752 1719 820 τὴν
1763 753 1942 824 ἀμαρ-

339 840 486 902 τίαν,
508 840 648 910 ﬁxa!
671 839 975 911 θηριωδῶς,
994 844 1161 913 ἦγουν
1187 843 1642 913 ἀπανθρωπινιιις.
1668 828 1940 917 ἐχρήσατο

340 935 418 1003 τῷ
444 933 717 1004 τεχθέντι,
742 934 991 987 τουτέστι
1036 936 1179 989 κατὰ
1222 934 1397 1006 θῆρας
1422 938 1812 1001 κατεσθίοντας
1841 942 1939 1002 τὰς

341 1027 696 1099 ἀνθρωπίνας
726 1030 958 1097 σάρκας.
1014 1031 1107 1083 καὶ
1173 1031 1248 1101 μὴ
1313 1032 1672 1101 φειδομένους
1728 1036 1933 1093 αὐτῶν,

341 1121 440 1173 οὐκ
462 1121 667 1191 ἠλέησε
690 1122 872 1184 τοῦτο,
912 1122 1118 1189 ὀφείλει
1149 1122 1333 1177 δοῦναι
1376 1123 1574 1194 λόγους
1607 1126 1841 1195 φονέως.
1874 1130 1932 1182 EE

342 1211 395 1264 δὲ
424 1209 582 1282 ἦθελε
612 1212 712 1279 μὲν
742 1215 1055 1283 περισῶσαι
1092 1216 1155 1268 τὸ
1190 1214 1412 1285 βρέφο’,
1446 1220 1548 1271 οὐκ
1584 1220 1818 1291 ἐδυνήθη
1876 1224 1933 1275 δὲ

341 1305 428 1357 διά
459 1305 700 1375 ἐρημίαν
734 1307 829 1358 καὶ
858 1309 1095 1379 ἀπορίαν
1130 1310 1239 1363 τῶν
1264 1314 1600 1379 ἀναγκα’ων,
1633 1314 1932 1367 κάντεῦθεν

340 1397 552 1467 ἐφθάρη
591 1398 772 1463 τοῦτο,
806 1401 1141 1473 συγγνώμης
1185 1402 1574 1472 ἀξιωθήσεται.
1662 1406 1818 1462 Ἐπεὶ
1874 1409 1928 1461 δὲ

335 1490 395 1541 ἐν
421 1490 498 1559 τῷ
527 1490 610 1558 λγ¹
651 1489 841 1544 κανόνι
870 1492 1097 1563 εἴπομεν
1123 1494 1197 1558 ὡς
1238 1496 1268 1564 ἡ
1299 1500 1609 1568 γεννήσασα
1644 1498 1767 1551 καθ’
1792 1502 1928 1565 ἑδὶεο,

337 1581 432 1634 καὶ
465 1580 708 1651 ἀμελῶς.
740 1583 773 1655 ἢ
806 1584 901 1637 καὶ
923 1585 1155 1657 δολερῶς
1182 1588 1273 1639 ἐπὶ
1297 1586 1375 1656 τῷ
1406 1588 1723 1658 γεννηθέντι
1750 1590 1930 1644 διατε-

335 1673 510 1739 θεῖσα,
535 1674 610 1737 ῶς
630 1677 939 1745 φονεύσασα
962 1677 1246 1751 κρίνεται,Ι
1267 1680 1328 1733 οὺ
1360 1680 1521 1751 μόνον
1538 1682 1634 1736 ἐὰν
1658 1682 1924 1756 διεφθάρη

332 1769 393 1822 τὸ
421 1769 647 1839 κυηθὲν,
685 1772 824 1826 ἀλλά
848 1776 942 1826 καὶ
1006 1775 1102 1826 ὲάν
1142 1775 1232 1841 ὑφ’
1282 1776 1471 1846 ἐτέρου
1532 1774 1882 1849 ἐζωογονήθη
1906 1800 1918 1811 ·

333 1861 567 1930 λέγομεν
592 1864 755 1919 πάλιν
799 1866 880 1919 ὅτι
910 1866 1007 1920 καὶ
1039 1866 1097 1932 ἒξ
1131 1862 1206 1918 ὧν
1245 1869 1342 1937 μὲν
1374 1871 1555 1922 ἐκεῖσε
1600 1871 1923 1942 ἐγράψαμεν

335 1955 671 2026 παρίσταται
699 1956 879 2019 τοῦτο,
927 1962 1027 2028 οὐχ
1059 1955 1224 2031 ἦττον
1256 1962 1311 2013 δὲ
1361 1963 1455 2014 καὶ
1486 1963 1594 2014 ἀπὸ
1624 1963 1718 2016 τοῦ
1778 1981 1923 2033 παρ-

330 2051 481 2112 ὄντος
511 2048 738 2112 κανόνος
797 2051 1179 2119 ἀναφαίνεται.
1232 2053 1402 2106 Ἔνθα
1446 2054 1547 2121 μὲν
1598 2056 1708 2127 γὰρ
1752 2075 1921 2112 κατα-

331 2144 594 2213 φρόνησιν
627 2143 658 2215 ἢ
688 2144 841 2198 δόλον
868 2146 1079 2214 είσάγει
1110 2149 1137 2200 ὀ
1175 2146 1331 2215 ἅγιος
1375 2149 1473 2218 τῆς
1519 2152 1800 2215 γυναικὸς,
1855 2153 1917 2205 οὔ

328 2236 654 2307 προστίθησι
670 2236 968 2309 διαφθορὰν
994 2240 1086 2292 τοῦ
1104 2240 1474 2309 γεννηθέντος,
1492 2241 1629 2295 ἀλλά
1644 2262 1812 2312 φησιν
1837 2246 1915 2309 ὡς

289 2369 297 2375 .
331 2331 424 2381 ἐπὶ
458 2331 606 2399 φόνῳ
634 2330 918 2400 κρίνεσθαι
949 2331 1052 2401 τὴν
1103 2334 1338 2403 μητέρα,
1371 2336 1645 2399 τουτέστι,
1707 2337 1811 2390 κᾶν
1840 2340 1913 2408 μὴ

326 2421 561 2494 φονευθῇ
596 2423 655 2475 τδ
689 2423 918 2492 κυηθὲν,
963 2423 1400 2488 κατακρίνεσθαι
1434 2427 1645 2498 ταύτην
1696 2429 1783 2483 διὰ
1817 2429 1914 2501 τὴν

312 2513 504 2583 ’κακὴν
538 2513 781 2567 διάθεσιν
802 2530 819 2546 ·
853 2515 1209 2584 φονευθέντος
1242 2517 1353 2589 γὰρ
1401 2518 1495 2571 τοῦ
1534 2521 1751 2574 παιδίου
1772 2523 1914 2575 κατά

322 2601 525 2673 δόλονῆ
558 2602 837 2674 ῥᾳθυμίαν
865 2604 1105 2674 ἐκείνης,
1140 2604 1371 2676 ἀμάχως
1412 2604 1645 2673 ὤφειλεν
1697 2610 1772 2671 ὡς
1818 2628 1914 2679 φο-

321 2694 545 2765 νεύτρια
598 2695 1081 2759 καταδικάζεσθαι.
1119 2696 1294 2748 ’Ὅταν
1343 2696 1400 2748 δὲ
1456 2697 1581 2750 οὔτε
1648 2701 1911 2769 ἀμέλειαν

320 2785 445 2840 οὔτε
474 2786 623 2840 δόλον
659 2787 931 2859 προϐῆναι
961 2789 1060 2857 τῆς
1122 2789 1356 2860 μητέρος
1396 2792 1551 2860 φησι,
1614 2793 1910 2847 κάντεῦθεν

318 2879 521 2949 ταύτην
547 2881 1042 2948 συγγινώσκεσθαι,
1067 2883 1160 2935 καὶ
1184 2883 1510 2951 προστίθησι
1536 2883 1907 2955 διαφθαρῆναι

317 2972 377 3024 «rb
408 2972 675 3044 γεννηθὲν
723 2974 833 3026 ἀπ’)
876 2975 1137 3045 ἐρημίας,
1192 2975 1223 3045 ἢ
1283 2975 1521 3045 ἀπορίας
1576 2975 1685 3028 τῶν
1733 2978 1901 3041 ἀναγ-

2053 479 2201 540 dicit,
2238 482 2379 546 quod
2433 483 2475 535 si
2519 500 2638 552 quzn
2695 500 2758 537 cx
2829 483 3192 539 fornicatione
3254 489 3495 557 quidem,
3551 495 3631 545 vcl

2049 569 2313 626 adulterio
2341 572 2478 626 clunt
2510 577 2592 629 vel
2634 580 2905 644 concepit,
2938 579 3019 631 vel
3055 581 3282 645 peperit,
3329 592 3380 635 et
3430 583 3631 638 timens

2050 678 2113 715 ne
2140 666 2583 730 convinceretur,
2622 671 2813 723 statuit
2864 687 2961 740 per
2994 673 3103 725 nati
3158 672 3302 727 fetus
3351 674 3628 730 interitum

2046 753 2224 809 celare
2248 769 2549 824 peccatum,
2585 760 2667 814 rel
2700 762 2862 816 etiam
2895 764 3150 827 belluinc,
3179 780 3275 818 seu
3335 766 3628 821 inhumane

2044 849 2095 900 in
2141 848 2311 905 fetum
2342 866 2401 906 se
2421 854 2613 921 gessit,
2644 854 2748 909 hoc
2771 867 2858 911 est
2884 857 3055 910 instar
3085 856 3321 910 ferarmn
3349 874 3469 927 qua:
3508 875 3623 913 car-

2043 957 2137 995 nes
2176 943 2445 1000 humanas
2477 947 2767 1012 devorant,
2817 960 2870 1003 et
2918 950 2998 1003 eis
3054 965 3157 1003 non
3216 960 3463 1018 par-runt,
3510 952 3626 1016 ejus

2041 1050 2147 1089 non
2184 1037 2410 1091 miserta
2442 1048 2546 1103 est,
2586 1042 2745 1094 debet
2776 1042 2957 1096 instar
2983 1043 3266 1096 homicida:
3297 1045 3493 1112 puniri.
3528 1043 3621 1095 Sin

2038 1137 2218 1179 autem
2252 1130 2467 1185 volebat
2510 1133 2730 1198 quidem
2790 1133 3051 1188 infantem
3112 1150 3353 1197 scrvare,
3391 1137 3482 1188 sed
3517 1152 3619 1187 non

2039 1222 2212 1288 potuit
2251 1234 2471 1293 propter
2505 1226 2850 1280 solitudinem
2881 1238 2932 1282 et
2963 1244 3141 1280 rerum
3187 1229 3615 1282 necessariarum

2039 1314 2298 1382 inepiam,
2331 1327 2387 1370 et
2424 1331 2491 1370 eo
2516 1318 2720 1373 factum
2751 1330 2835 1374 est
2863 1332 2917 1373 ut
2969 1319 3236 1381 interiret,
3298 1320 3458 1389 digna
3517 1324 3620 1374 erit.

2035 1408 2120 1461 eui
2162 1409 2494 1478 ignoscatur.
2555 1410 2662 1465 Sed
2700 1414 2825 1481 quia
2855 1412 2907 1466 in
2942 1428 3060 1469 can.
3090 1411 3159 1466 55
3187 1411 3441 1474 diximus.
3474 1418 3617 1481 quad

2034 1514 2155 1568 quae
2194 1502 2244 1555 in
2277 1503 2359 1555 via
2402 1506 2632 1573 peperit,
2669 1513 2722 1560 ct
2768 1507 3121 1575 negligenter,
3151 1505 3232 1560 vel
3269 1508 3433 1560 etiam
3465 1506 3611 1559 fran-

2034 1594 2283 1648 dulenter
2318 1594 2370 1649 in
2405 1596 2455 1649 id
2480 1598 2627 1667 quod
2680 1608 2867 1652 natum
2912 1610 3016 1661 cst,
3067 1599 3258 1654 affecta
3287 1610 3390 1661 cst,
3429 1608 3486 1652 nt
3517 1600 3617 1652 lm—

1961 1724 2002 1778 B
2034 1684 2227 1739 micida
2252 1685 2549 1754 indicatur,
2584 1706 2689 1743 non
2722 1690 2898 1743 solum
2932 1690 2979 1746 si
3021 1691 3392 1760 interiitqund
3425 1702 3606 1742 natum

2031 1789 2137 1841 est,
2186 1781 2281 1835 sed
2337 1781 2500 1835 etiam
2542 1782 2585 1836 si
2646 1782 2715 1835 ab
2751 1782 2859 1834 alio
2903 1782 3190 1837 educatum
3244 1784 3335 1836 sit.
3401 1782 3613 1835 Rursus

2028 1886 2245 1940 quoque
2280 1874 2532 1937 dicimus,
2571 1876 2714 1943 quod
2746 1876 2912 1930 etiam
2940 1892 3004 1929 ex
3056 1876 3122 1928 iis
3172 1890 3291 1945 qum
3332 1874 3437 1929 illic
3475 1875 3611 1928 scri-

2027 1963 2232 2031 psimus
2266 1964 2367 2019 hoc
2398 1966 2659 2036 probatur
2692 1983 2706 2020 :
2753 1982 2856 2020 non
2882 1968 3059 2021 minus
3085 1977 3266 2022 autem
3294 1975 3347 2021 et
3378 1981 3440 2021 ex
3475 1980 3612 2035 prac-

2024 2058 2162 2112 scuti
2193 2072 2406 2113 canone
2450 2069 2694 2125 apparet.
2750 2057 2859 2112 Illic
2901 2061 3044 2112 enim
3096 2068 3319 2113 sanctus
3371 2058 3611 2112 mulieris

2030 2157 2426 2220 contemptum.
2456 2150 2538 2205 vel
2568 2149 2810 2205 fraudem
2837 2150 3044 2204 inducit
3078 2168 3090 2202 :
3126 2164 3230 2203 non
3254 2138 3403 2203 addit
3426 2160 3605 2202 autem

2028 2244 2167 2300 fetus
2219 2244 2520 2299 interitum.
2583 2243 2691 2299 Sed
2744 2244 2879 2299 dicit
2923 2252 3181 2312 tauquam
3254 2243 3325 2298 ob
3382 2243 3609 2297 homici-

2022 2338 2171 2392 dium
2202 2348 2430 2392 matrem
2478 2337 2860 2400 condemnari,
2892 2336 2993 2391 hoc
3028 2347 3112 2392 est
3160 2337 3322 2391 etiam
3377 2336 3421 2389 si
3465 2334 3606 2389 fetus

2022 2441 2128 2481 non
2160 2425 2322 2481 fuerit
2352 2426 2699 2486 Interfectus,
2748 2427 3101 2481 condemnari
3148 2434 3330 2479 autem
3385 2436 3607 2493 propter

2021 2520 2220 2572 malam
2278 2518 2645 2576 affectionem.
2703 2519 2917 2574 Infante
2957 2519 3099 2572 cnim
3165 2518 3305 2571 illius
3351 2517 3472 2570 dolo
3522 2518 3601 2567 vel

2017 2609 2268 2664 socordia
2294 2608 2596 2674 interfecto,
2630 2610 2858 2664 debebat
2883 2611 2999 2664 sine
3028 2608 3395 2662 ροηιτονοτμίιι
3427 2620 3478 2658 ιιι
3510 2607 3602 2661 hu-

2019 2701 2216 2755 micida
2250 2701 2449 2770 puniri.
2484 2700 2712 2767 Quando
2747 2711 2925 2753 autem
2955 2716 3053 2754 nec
3084 2714 3181 2768 per
3212 2699 3597 2767 negligentiam

2018 2808 2117 2847 nec
2152 2808 2248 2862 per
2280 2792 2461 2847 dolum
2502 2792 2695 2846 matris
2727 2793 2780 2845 id
2811 2792 3074 2855 evenerit,
3107 2791 3236 2845 dicit
3271 2790 3347 2845 illi
3380 2806 3598 2861 quoque

2016 2886 2222 2952 ignosci
2257 2894 2536 2956 oportere,
2575 2894 2629 2940 et
2663 2885 2851 2955 adjicit
2884 2885 3049 2938 fetum
3089 2885 3312 2938 interire
3343 2898 3371 2936 a
3408 2885 3601 2937 solitu-

2014 2976 2161 3042 dine,
2190 2983 2244 3031 et
2289 2990 2317 3031 a
2361 2990 2545 3031 rerum
2599 2976 3032 3031 necessariarum
3086 2974 3289 3044 inopia.
3349 2973 3405 3028 Si
3452 2976 3594 3028 enim

319 3069 512 3120 καίων.
544 3068 611 3121 Εἴ
634 3067 745 3137 γὰρ
784 3067 904 3137 ἔζη,
938 3069 1033 3121 καὶ
1074 3066 1194 3120 οὐδὲ
1260 3066 1489 3137 ἀμέλεια
1550 3069 1755 3141 προέϐη
1810 3071 1908 3142 τῆς

2021 3067 2240 3123 vixisset
2269 3109 2284 3133 ,
2323 3082 2422 3123 nec
2472 3068 2663 3122 matris
2696 3067 3018 3137 negligentia
3050 3067 3413 3136 processisset
3467 3082 3599 3136 quo-

322 3159 584 3233 μητέρος,
622 3160 739 3222 πῶς
764 3159 830 3212 ἄν
876 3176 963 3222 τις
991 3160 1121 3230 εἴπῃ
1184 3160 1390 3230 ταύτην
1440 3161 1799 3229 εὖθύνεσθαις
1836 3162 1910 3220 Τὸ

319 3252 377 3305 δὲ
413 3251 692 3322 θηριωδῶς
726 3251 1040 3319 διατεθῆναι
1073 3251 1174 3321 τὴν
1211 3251 1452 3322 μητέρα,
1482 3252 1716 3306 ὲκλαϐοὖ
1766 3256 1907 3308 κατά

318 3347 419 3412 τὴν
448 3344 732 3412 παροῦσαν
768 3342 1093 3414 ἑρμηνείαν,
1128 3341 1225 3395 καὶ
1262 3342 1360 3413 μὴ,
1400 3342 1476 3408 ὥς
1535 3361 1681 3408 τινες
1733 3342 1906 3413 εἷπον,

316 3438 459 3491 κατά
487 3437 586 3507 τὴν
614 3435 996 3507 μητροκομίαν
1017 3435 1129 3488 τῶν
1164 3435 1394 3506 θηρίων.
1420 3437 1484 3490 Οἱ
1519 3438 1629 3508 γὰρ
1671 3438 1897 3501 πλείους

315 3532 422 3583 τῶν
447 3530 658 3601 θηρίων
675 3530 804 3591 τοὺς
849 3529 1131 3597 σκύμνους
1179 3528 1360 3581 αὐτῶν
1396 3529 1680 3598 ἐπιμελῶς
1722 3530 1909 3603 περιεί-

321 3637 501 3685 πουσι,
528 3622 625 3675 καὶ
656 3624 945 3690 τρέφουσι,
991 3622 1085 3673 καὶ
1138 3620 1321 3674 αὐτῶν
1386 3621 1903 3691 προκινδυνεύουσι,

321 3713 415 3766 καὶ
440 3715 497 3766 οὐ
530 3714 636 3785 χρὴ
663 3713 876 3777 τούτοις
907 3711 1411 3784 παραλληλίζεσθαι
1431 3716 1531 3776 τὰς
1559 3715 1786 3783 δολεράς
1810 3717 1907 3768 καὶ

317 3805 600 3876 ῥᾳθύμους
628 3796 895 3877 μητέρας.
934 3802 1155 3859 Αὐτίκα
1186 3807 1218 3877 ὴ
1250 3805 1441 3859 λέαινα
1492 3803 1752 3859 τοσοῦτον
1801 3807 1905 3878 κή-

310 3899 461 3950 δεται
491 3898 601 3951 τῶν
627 3897 887 3967 σκύμνων
917 3888 1112 3967 αὐτῆς,
1140 3897 1239 3961 ὠς,
1282 3895 1377 3950 τοῦ
1410 3895 1624 3965 φωλεοῦ
1684 3896 1905 3962 ἐξιοῦσα

310 3993 379 4044 τά
414 3992 535 4061 ἴχνη
573 3984 682 4044 τῶν
710 3991 891 4043 ποδῶν
934 3991 1106 4060 αὐτῆς
1152 3990 1240 4045 διὰ
1266 3990 1363 4044 τοῦ
1421 3990 1645 4061 οὐραίου
1706 3991 1905 4063 συγχέ-

308 4102 469 4145 ουσα,
501 4086 561 4136 οὐ
594 4086 924 4152 παραχωρεῖ
960 4078 1374 4151 ἐξιχνιασθῆναι
1437 4082 1529 4136 τὸν
1569 4083 1778 4152 φωλεὸν
1808 4085 1904 4136 αὐ-

307 4176 411 4243 τῆς
444 4177 547 4229 ὑπὸ
576 4171 870 4246 θηρευτοῦ,
913 4175 1007 4227 καὶ
1040 4175 1403 4244 ἀναιρεθῆναι
1434 4174 1502 4229 τὰ
1533 4175 1757 4244 ἔγγονα.

384 4256 631 4323 ΖΩΝΛΡ.
675 4270 810 4336 Περὶ
840 4269 939 4337 τῆς
976 4269 1034 4320 ὲν
1060 4267 1165 4337 ὁδῷ
1217 4269 1487 4338 τεκούσης
1541 4271 1634 4321 καὶ
1695 4268 1903 4339 ἀμεληο

2018 3160 2179 3214 tnodo
2215 3162 2338 3232 quis
2369 3178 2487 3217 eam
2541 3160 2935 3216 criminandam
2981 3173 3103 3214 esse
3157 3157 3413 3211 diceret?
3466 3155 3595 3212 Illud

2014 3262 2220 3317 autem,
2277 3267 2507 3310 matrem
2562 3254 2800 3308 belluine
2851 3252 3024 3314 allici.
3061 3254 3247 3321 accipe
3295 3253 3593 3306 secundum

2013 3355 2336 3408 prmsentem
2382 3344 2913 3416 interpretationem,
2960 3355 3016 3400 et
3070 3359 3174 3398 non
3235 3354 3293 3397 ut
3344 3346 3593 3398 dicebant

2011 3436 2204 3506 aliqui,
2238 3440 2538 3494 secundum
2586 3439 2820 3493 ferarum
2854 3446 3157 3491 maternam
3190 3436 3591 3492 educationem.

2009 3526 2302 3585 Permultae
2332 3534 2475 3584 enim
2511 3532 2638 3586 fera:
2670 3530 2844 3600 pullos
2896 3545 3022 3585 suos
3052 3529 3343 3599 diligenter
3399 3541 3595 3582 curant

2011 3630 2065 3676 et
2094 3623 2350 3684 educant,
2381 3632 2436 3677 et
2468 3638 2566 3692 pro
2596 3624 2677 3678 eis
2710 3623 2955 3693 pericula
2998 3623 3258 3685 subeunt,
3311 3637 3409 3677 nec
3464 3633 3594 3676 sunt

2007 3712 2090 3766 eis
2136 3712 2476 3769 conferenda:
2534 3714 2736 3769 dolosae
2786 3727 2841 3769 ct
2891 3714 3151 3770 socordes
3201 3724 3423 3768 matres.
3470 3710 3592 3767 Iam

2008 3802 2152 3856 enim
2188 3803 2353 3857 lemna
2389 3814 2591 3859 tantam
2617 3820 2844 3860 suorum
2869 3807 3175 3860 catulorum
3211 3821 3398 3862 curam
3425 3810 3589 3876 gerit,

2008 3905 2067 3949 ut
2092 3906 2254 3951 antro
2280 3897 2589 3966 egrediens.
2613 3909 2668 3953 et
2695 3900 2889 3968 pedum
2921 3914 3144 3953 suorum
3170 3898 3391 3967 vestigia
3416 3901 3591 3953 cauda

2006 3990 2369 4051 confundens.
2400 4006 2506 4045 non
2542 3992 2685 4046 sinat
2727 3974 2945 4045 antrum
2978 4006 3135 4045 suum
3192 3990 3506 4058 investigari
3556 4008 3587 4045 τι

2006 4092 2287 4146 venatore,
2322 4094 2375 4138 et
2407 4083 2546 4137 fetus
2576 4098 2702 4138 suos
2734 4084 2992 4137 interimi.

2076 4260 2331 4318 ZONAR.
2371 4261 2444 4317 De
2474 4261 2726 4325 muliere,
2756 4274 2871 4330 qum
2902 4261 2954 4313 in
2994 4260 3076 4311 via
3118 4259 3347 4328 peperit,
3386 4257 3583 4314 fetum-

311 4360 486 4429 σάσης
517 4358 611 4412 τοῦ
634 4358 937 4427 κυηθὲντος
964 4358 1059 4411 καὶ
1096 4359 1156 4411 ἐν
1176 4356 1258 4427 λγ⁹
1320 4362 1507 4411 κανόνι
1561 4357 1847 4424 διετάξατο
1870 4360 1898 4410 ὁ

2017 4372 2111 4427 me
2137 4355 2393 4424 neglexit,
2427 4354 2704 4411 tricesimo
2755 4353 2917 4407 tertio
2962 4365 3179 4422 quoque
3236 4366 3443 4407 canone
3487 4355 3587 4406 dcc

305 4453 487 4518 ἅγιος.
531 4450 645 4504 Νῦν
673 4452 731 4506 δὲ
764 4454 1103 4522 σαφέστερον
1146 4451 1498 4506 διατάττεται
1535 4452 1762 4521 φάσκων
1790 4452 1894 4512 ὅτι.

304 4545 357 4596 εἰ
393 4543 493 4613 μὲν
528 4532 817 4613 ¹δυναμένη
869 4543 1179 4612 περισῶσαι
1212 4542 1273 4595 τὸ
1301 4542 1586 4614 γεννηθὲν,
1619 4544 1897 4613 ἡμέλησεν

306 4634 478 4689 αὑτοῦ
510 4636 600 4690 διὰ
637 4635 986 4704 συγκαλύψαι
1016 4636 1114 4705 τὴν
1160 4635 1460 4704 ἁμαρτίαν,
1532 4635 1597 4688 ἐκ
1636 4636 1897 4708 πορνείας

306 4728 466 4788 ἴσως,
497 4726 530 4797 ἢ
556 4714 823 4796 ’μοιχείας
856 4726 1237 4788 συλλαβοῦσα,
1272 4725 1308 4795 ἦ
1357 4727 1452 4779 καὶ
1505 4726 1895 4795 ἀπανθρώπως

306 4820 778 4890 καταφρονήσασα
810 4817 906 4872 τοῦ
929 4817 1216 4889 τεχθέντος
1268 4818 1363 4871 καὶ
1389 4817 1670 4888 θηριωδῶς
1690 4833 1707 4850 '
1731 4818 1895 4888 ἐχρή-

309 4928 443 4964 σατο
469 4910 523 4965 δὲ
546 4914 611 4980 τῇ
641 4911 787 4977 λέξει
819 4912 940 4964 ἀντὶ
970 4909 1062 4963 τοῦ
1092 4909 1256 4978 ὠμῶς
1279 4910 1373 4960 καὶ
1409 4909 1655 4977 ἀπηνῶς.
1687 4909 1759 4963 Ού
1786 4913 1894 4980 γὰρ

306 5005 451 5057 οὕτω
491 5007 557 5060 τὰ
597 4994 761 5075 θηρία
793 5000 1066 5067 ποιοῦσιν,
1102 4996 1241 5054 ἀλλά
1276 4999 1528 5053 τίκτοντα
1580 5003 1709 5069 περὶ
1763 5003 1892 5063 τοὺς

310 5096 589 5166 σκύμνους
665 5090 940 5166 ἐπιμελῶς
1004 5082 1365 5148 διατίθενται·
1409 5094 1504 5146 καὶ
1568 5094 1891 5165 περιέπουσι

306 5192 401 5242 καὶ
432 5187 697 5259 τρέφουσι
731 5180 1051 5253 τάἔγγονα,
1080 5182 1175 5239 καὶ
1200 5176 1405 5239 τούτων
1438 5185 1892 5256 προκινδυνεύου-

307 5294 427 5331 σιν*
469 5281 516 5331 εἰ
545 5281 644 5350 μὲν
675 5276 770 5331 οὖν
820 5278 982 5343 οὕτω,
1028 5278 1182 5347 φησι,
1235 5276 1613 5346 κατεφρόνησε
1662 5275 1757 5328 τοῦ
1800 5293 1891 5329 τε-

307 5370 557 5440 χθέντος,
587 5370 660 5433 ὼς
706 5372 1016 5438 φονεύσασα
1060 5368 1498 5445 κατακρινὲσθω.
1529 5368 1591 5420 Εἰ
1629 5366 1685 5420 δὲ
1731 5367 1887 5438 ἤθελε

307 5463 411 5537 μὲν
432 5464 742 5535 περισῶσαι
767 5464 828 5517 τὸ
866 5465 1090 5537 βρέφος,
1123 5464 1225 5516 οὐκ
1269 5462 1509 5533 ἠδυνήθη
1560 5462 1617 5514 δὲ
1653 5460 1720 5514 δι’
1762 5464 1891 5529 ὲρη-

306 5556 439 5626 μίαν
500 5558 596 5609 καὶ
651 5556 886 5626 ἀπορίαν
939 5554 1052 5610 τῶν
1099 5555 1437 5622 ἀναγκαίων,
1495 5553 1653 5625 ἣδιά
1700 5553 1884 5624 φόϐον,

302 5649 436 5711 ἴσως
472 5647 980 5717 συγγνωσθήσετσιι.

2003 4460 2211 4506 cretum
2239 4457 2459 4505 sanctus
2484 4449 2569 4503 vir
2601 4446 2981 4518 promulgavit.
3014 4446 3170 4500 Nunc
3194 4459 3323 4500 vero
3346 4442 3591 4514 apertius

2000 4543 2209 4609 definit,
2249 4543 2457 4606 dicens,
2486 4542 2756 4611 siquidem
2800 4556 2920 4594 cum
2962 4547 3169 4608 posset.
3206 4539 3255 4592 id
3290 4539 3432 4607 quod
3468 4540 3584 4594 edi-

2003 4632 2112 4688 tum
2145 4644 2261 4691 erat
2289 4650 2533 4698 servare,
2568 4632 2698 4687 illud
2740 4631 2997 4703 neglexit,
3033 4640 3092 4685 ut
3122 4640 3403 4699 peccatum
3437 4633 3582 4687 cela-

1998 4734 2101 4790 ret,
2137 4722 2302 4797 (forte
2349 4736 2584 4792 namque
2625 4736 2691 4775 cx
2743 4719 3122 4784 fornicatione,
3171 4720 3254 4773 vel
3315 4722 3593 4787 adulterio

1997 4814 2345 4887 conceperat)
2375 4815 2458 4869 vel
2485 4813 2647 4869 etiam
2678 4821 2890 4883 partum
2912 4810 3278 4866 inhumaniter
3322 4820 3376 4865 et
3406 4810 3581 4865 ferino

1999 4925 2149 4965 more
2178 4907 2533 4977 contempsit;
2583 4921 2713 4962 usus
2742 4915 2825 4960 est
2868 4918 3032 4973 porro
3066 4903 3165 4958 hac
3197 4901 3449 4967 formula,
3478 4901 3583 4974 [fc-

1996 5000 2116 5056 rino
2139 4994 2313 5073 more]
2334 5009 2392 5054 ut
2413 4999 2790 5055 crudelitatem
2821 4995 3197 5066 saevitiamque
3221 4994 3576 5063 significaret.

1993 5093 2103 5150 Nec
2135 5093 2278 5149 enim
2309 5091 2548 5149 ferarum
2575 5093 2676 5147 iste
2711 5106 2828 5146 mos
2851 5100 2956 5153 est,
2991 5090 3082 5145 sed
3115 5088 3205 5143 ubi
3249 5097 3583 5158 pepererunt

1993 5187 2343 5241 sedulitatem
2391 5186 2443 5239 in
2499 5184 2700 5239 catulis
2751 5183 2867 5238 suis
2935 5180 3243 5236 nutriendis
3296 5179 3576 5243 adhibent,

1992 5278 2286 5349 foventque
2312 5286 2368 5334 et
2385 5278 2537 5332 alunt
2561 5276 2730 5338 fetus.
2752 5290 2814 5329 ac
2834 5290 2931 5345 pro
2955 5274 3020 5327 iis
3040 5272 3279 5344 pericula
3299 5272 3531 5327 subeunt
3559 5288 3574 5332 ;

1992 5374 2260 5443 siquidem
2297 5370 2483 5442 igitur,
2516 5369 2617 5431 ait_
2650 5369 2752 5423 hac
2784 5368 2996 5421 ratione
3037 5374 3255 5435 partum
3296 5378 3450 5418 suum
3479 5376 3578 5415 ne-

1990 5465 2181 5531 glexit,
2215 5471 2473 5534 tanquam
2503 5460 2782 5517 homicidii
2811 5473 2901 5515 rea
2928 5458 3238 5514 damnetur.
3269 5454 3363 5511 Sin
3395 5463 3583 5508 autem

1991 5556 2161 5611 voluit
2192 5556 2281 5610 illa
2327 5554 2543 5625 quidem
2605 5566 2823 5606 servare
2875 5550 3162 5614 infantem,
3207 5555 3582 5603 verumtamen

1991 5647 2132 5701 haud
2156 5644 2350 5714 potuit,
2390 5643 2534 5714 quod
2568 5643 2621 5697 in
2650 5640 2884 5697 desertis
2928 5639 3063 5694 locis
3104 5638 3468 5709 deprehensa.
3513 5652 3577 5690 ac

1995 5739 2158 5796 rebus
2184 5737 2508 5794 necessariis
2537 5736 2796 5792 desrituta
2829 5745 2999 5800 esset,
3025 5742 3115 5788 aut
3140 5730 3210 5788 ob
3245 5742 3449 5788 metum
3479 5729 3577 5784 ali-

1998 5844 2181 5898 quem,
2214 5829 2355 5887 forte
2382 5831 2600 5899 impune
2629 5827 2787 5883 feret.
