4008 6492
312 409 419 472 7i5

1246 398 1333 462 IN
1370 398 1612 459 EPIST.
1658 396 1714 458 S.
1764 390 2049 458 BASILII
2086 391 2523 454 CANONRCAM
2565 387 2682 451 ΙΙΙ.

3464 384 3569 447 ’ῖέθ

311 515 451 572 ἀλλά
472 515 571 587 τὴν
598 515 939 588 προαίρεσιν.
969 510 1042 566 Οὔ
1070 509 1180 583 γὰρ
1206 509 1295 565 ἵνα
1322 507 1507 574 ἁπλῶς
1534 505 1734 578 μίξεως
1761 506 1898 560 ἀπο-

2030 518 2160 559 asse.
2219 501 2522 557 lndicamus
2574 518 2740 567 vero,
2802 518 2906 557 non
2970 498 3418 566 simulationem,
3472 502 3566 555 sed

311 608 491 679 λαύσῃ
521 607 782 677 πορνικῆς
812 605 890 675 τῷ
917 603 1072 675 ἀνδρὶ
1103 601 1397 673 συνῆλθεν,
1426 599 1543 654 ἀλλ’
1560 597 1662 651 ἐπὶ
1694 596 1856 667 γάμῳ
1875 636 1892 664 ,

316 703 413 753 καὶ
445 697 633 751 λοιπὸν
662 698 721 751 οὐ
756 697 864 768 χρὴ
897 694 1245 765 ἐγκαλεῖσθαι
1276 692 1445 763 αὐτὴν
1475 689 1549 755 ὡς
1583 686 1894 760 πορνεύσα-

317 809 436 845 σαν.
476 790 549 844 Τὸ
583 788 641 842 δέ
673 789 769 860 τῆς
805 788 1066 859 διγαμίας
1103 785 1378 854 ἐπιτίμιον
1412 783 1512 837 ούκ
1545 780 1891 851 ἐκφεύξεται.

328 880 484 934 Ἐπεὶ
521 879 580 934 δὲ
619 880 719 950 τὴν
759 879 1018 947 τοιαύτην
1061 876 1253 947 δούλην
1293 874 1579 946 ὠνόμασεν
1618 874 1648 927 ό
1690 867 1894 938 κανὼν,

318 972 602 1043 νομιστέον
634 973 716 1026 ὅτι
750 970 778 1022 ὁ
812 970 1076 1040 δεσπότης
1118 968 1289 1039 αὐτῆς
1331 968 1472 1038 μετά
1501 964 1601 1036 τὴν
1635 963 1895 1036 ἁρπαγὴν

317 1062 413 1132 τὴν
442 1060 927 1132 ἐσχηματισμένην
956 1059 1219 1114 ἐπένευσε
1247 1056 1328 1128 τῷ
1361 1057 1545 1127 γάμῳ.
1576 1056 1638 1109 Εἰ
1673 1054 1782 1124 γὰρ
1819 1052 1895 1123 μὴ

318 1155 499 1216 τοῦτο,
527 1152 756 1225 πορνεία
782 1154 902 1205 ἐστὶ
929 1151 990 1205 τὸ
1018 1151 1308 1221 γενόμενον
1334 1149 1475 1204 κατά
1500 1148 1590 1203 τδν
1618 1153 1673 1219 μ’
1697 1146 1898 1200 κανόνα

322 1245 413 1299 τοῦ
442 1244 598 1312 ἁγίου
627 1242 816 1297 τούτου
849 1243 1079 1314 Πατρός.

390 1504 615 1563 ΑΡΙΣΤ.
654 1503 729 1560 Ού
772 1503 917 1575 μέγα
951 1506 1196 1573 πταῖσμα
1229 1507 1296 1575 τῇ
1351 1505 1499 1577 χήρᾳ
1530 1502 1727 1576 δούλῃ,
1763 1504 1898 1575 πρὸς

320 1597 573 1668 δεύτερον
601 1588 780 1667 γάμον
815 1594 1175 1669 ἀρπαζομένῃ
1194 1611 1208 1627 ο
1241 1595 1307 1650 τὸ
1337 1595 1395 1649 δὲ
1424 1597 1522 1667 τῆς
1555 1594 1812 1666 διγαμίας
1846 1593 1905 1646 τὸ

323 1689 598 1760 ἐπιτίμιον
626 1689 759 1757 ἕξει.
1840 1696 1848 1704 ’

408 1779 629 1852 Ἐπειδὴ
657 1781 713 1836 αἱ
739 1779 926 1835 δοῦλαι
956 1782 1088 1837 ἀνευ
1117 1782 1347 1851 γνώμης
1370 1780 1480 1835 τῶν
1506 1779 1784 1834 δεσποτῶν
1811 1779 1906 1833 αύ-

1995 595 2350 649 voluntariam
2399 593 2744 650 electionem.
2795 594 2914 649 Non
2977 594 3121 648 enim
3179 607 3243 648 ea
3295 593 3361 648 de
3402 606 3566 648 causa
3665 639 3671 646 .

1996 686 2338 743 solummodo
2373 693 2431 740 ut
2460 685 2754 741 fornicario
2784 685 3078 742 concubitu
3115 684 3405 749 frueretur,
3445 699 3567 740 cum

1995 777 2114 832 viro
2139 778 2414 844 convenit,
2456 777 2550 832 sed
2582 786 2641 832 ut
2667 777 2968 833 celebraret
2990 777 3226 846 nuptias,
3256 790 3319 830 ac
3345 776 3571 845 proinde

1997 866 2143 921 illam
2171 866 2333 921 veluti
2369 866 2717 922 fornicariam
2768 868 3008 922 accusari
3063 866 3287 928 minime
3335 873 3565 934 oportet.

1998 958 2256 1031 Digamlae
2306 974 2436 1016 vero
2486 960 2711 1017 multam
2761 974 3099 1030 nequaquam
3143 957 3381 1028 et'l‘ug'et.
3425 957 3571 1024 Quo-

1999 1053 2141 1108 niam
2171 1066 2299 1107 vero
2345 1051 2593 1107 ancillam
2638 1052 2778 1108 hanc
2832 1067 3002 1107 canon
3030 1051 3342 1120 appellavit.
3384 1050 3577 1106 existi-

2000 1156 2151 1198 mare
2185 1144 2442 1200 debemus
2486 1144 2653 1213 ipsius
2684 1143 2961 1198 dominum
2999 1151 3119 1213 post
3171 1152 3383 1212 raptum
3426 1141 3575 1194 illum

2001 1234 2337 1299 simulatum,
2370 1235 2569 1306 nuptiis
2602 1234 2878 1290 annuisse.
2904 1233 3039 1289 Nam
3069 1234 3114 1289 si
3144 1234 3194 1288 id
3222 1248 3328 1288 non
3363 1232 3576 1294 fecerit,

1965 1320 1971 1326 ’
2003 1328 2109 1384 erit
2135 1344 2200 1384 ea
2238 1326 2488 1383 videlicet
2519 1327 2830 1392 fornicatio,
2870 1337 2927 1382 ut
2969 1327 3386 1397 quadragesimo
3416 1324 3581 1395 hujus

2004 1417 2183 1473 sancti
2214 1417 2391 1472 Patris
2418 1430 2627 1470 canone
2660 1418 2941 1471 sancitum
2975 1425 3080 1472 est.

2080 1508 2240 1577 112
2273 1506 2500 1562 ARIST.
2536 1506 2782 1575 Magnum
2813 1507 3018 1562 crimen
3047 1507 3255 1561 ancillae
3296 1506 3468 1560 viduae
3513 1504 3583 1559 ad

2004 1599 2270 1654 secundas
2291 1597 2505 1667 nuptias
2535 1607 2700 1668 rapta:
2725 1613 2830 1653 non
2862 1598 3144 1653 inferatur.
3177 1597 3429 1667 Bigamiee
3455 1610 3585 1652 vero

2007 1702 2221 1756 poenam
2253 1685 2445 1741 solvet.

2080 1780 2533 1849 Quandoquidem
2582 1778 2790 1835 ancillae
2820 1779 2939 1835 sine
2972 1779 3313 1835 dominorum
3356 1794 3583 1836 suorum
3644 1800 3667 1808 ··

323 1873 432 1928 τῶν
461 1872 848 1927 συναλλάσσειν
876 1873 1052 1944 γάμον
1079 1873 1140 1926 ού
1171 1873 1457 1939 δύνανται,
1489 1873 1630 1925 κατὰ
1658 1872 1815 1925 τοῦτο
1840 1872 1900 1924 οὗ

2034 1873 2271 1929 ententia
2335 1873 2551 1941 nuptias
2605 1871 2933 1927 contrahere
3017 1880 3328 1941 nequeunt,
3382 1872 3589 1928 idcirco

325 1964 469 2018 δοκεί
509 1964 656 2034 μέγα
697 1967 924 2018 πταῖσαι
965 1965 999 2037 ἡ
1039 1965 1187 2036 χήρα
1224 1964 1384 2035 δούλη
1430 1963 1906 2036 σχηματισαμένη,

331 2056 435 2110 ὑπό
464 2073 609 2119 τινος
648 2056 1000 2126 ἁρπαγεῖσα,
1036 2058 1128 2110 τὸν
1165 2056 1303 2127 πρδς
1340 2056 1510 2126 αὐτὴν
1544 2055 1778 2126 ἑλομένη
1813 2057 1912 2123 γά-

331 2164 450 2219 μον.
482 2147 683 2201 Λοιπὸν
715 2146 837 2200 οὐδὲ
869 2148 936 2201 τά
969 2147 1101 2217 περὶ
1133 2146 1231 2217 τῆς
1265 2147 1522 2216 ἁρπαγῆς
1554 2145 1662 2200 τῶν
1695 2145 1911 2200 ἐλευθέ-

331 2251 440 2305 ρων
479 2234 759 2304 γυναικῶν
798 2234 886 2287 ἐπ’
911 2237 1084 2306 αὐτῆς
1127 2234 1312 2306 χώραν
1349 2235 1530 2303 ἕξουσι
1555 2252 1571 2266 ·
1610 2235 1765 2302 διότι,
1807 2235 1912 2289 κᾶν

329 2326 736 2397 ἐσχηματίσατο
767 2325 1088 2396 ἀρπαγῆναι
1109 2365 1126 2390 ,
1157 2326 1293 2380 ἀλλὰ
1324 2326 1466 2381 κατὰ
1499 2325 1716 2396 θέλησιν
1744 2327 1914 2397 αὐτῆς

330 2416 694 2488 ἠκολούθησε·
720 2420 815 2471 καὶ
837 2418 886 2471 οἱ
914 2416 1137 2482 κανόνες
1162 2417 1224 2471 ού
1249 2418 1318 2472 τά
1344 2418 1623 2488 σχήματα,
1652 2417 1789 2471 ἀλλά
1814 2418 1913 2488 τὴν

331 2510 655 2582 προαίρεσιν
687 2508 986 2581 κρίνουσιν.
1012 2511 1206 2564 Ἔσται
1242 2508 1336 2563 οὖν
1367 2511 1395 2562 ὁ
1437 2509 1575 2581 πρὸς
1612 2509 1783 2580 αὐτὴν
1813 2509 1916 2578 γά-

337 2619 459 2671 μος,
490 2601 586 2655 ἐὰν
610 2600 705 2656 καὶ
736 2603 763 2654 ὁ
793 2601 1063 2672 δεσπότης
1091 2601 1261 2669 αὐτῆς
1292 2605 1539 2672 συναινῇ,
1572 2600 1787 2672 βέϐαιος
1811 2619 1824 2633 ο
1856 2601 1916 2655 τὸ

339 2695 396 2750 δέ
422 2695 531 2750 τῶν
556 2692 802 2764 διγὰμων
832 2693 1108 2764 ἐπιτίμιον
1138 2691 1529 2761 ἐπιγνώσεται.

919 2784 1158 2840 ΚΑΝΩΝ
1194 2783 1318 2842 ΝΔ¹.

336 2880 447 2945 Τὰς
474 2881 585 2935 τῶν
613 2878 885 2935 ἀκουσίων
917 2879 1093 2948 φόνων
1127 2877 1245 2952 (12)
1275 2877 1538 2951 διαφορὰς
1575 2879 1679 2951 πρό
1711 2881 1916 2952 χρόνων

408 2970 558 3038 οῖδα,
590 2974 904 3036 ἐπιστείλας
935 2975 1000 3044 τῇ
1037 2972 1321 3043 θεοσεϐείᾳ
1355 2988 1450 3026 σου
1470 3013 1486 3040 ,
1522 2975 1661 3027 κατὰ
1690 2975 1751 3028 τὸ
1782 2977 1920 3048 ἡμῖν

411 3065 667 3130 δυνατὸν,
699 3067 797 3119 καὶ
826 3064 988 3118 πλέον
1019 3064 1244 3119 ἐκείνων
1271 3064 1427 3119 οὐδὲν
1459 3058 1634 3121 εἰπεῖν
1662 3066 1917 3138 δύναμαι.

412 3158 522 3227 Τῆς
543 3157 603 3211 δέ
628 3157 727 3227 σῆς
751 3156 1019 3223 συνέσεώς
1044 3158 1160 3211 ἐστι
1186 3158 1323 3213 κατά
1342 3158 1403 3212 τὸ
1429 3158 1626 3229 ίδίωμα
1646 3160 1745 3231 τῆς
1768 3174 1924 3232 περιο

414 3250 656 3313 στάσεως
687 3248 978 3303 ἐπιτείνειν
1006 3248 1073 3301 τὰ
1101 3248 1372 3317 ἐπιτίμια,
1402 3247 1436 3319 ἢ
1468 3249 1562 3302 καὶ
1592 3248 1828 3319 ὑφεῖναι.

411 3340 614 3395 ΒΑΔΣ.
647 3342 757 3394 Καὶ
788 3340 953 3394 πάλιν
970 3320 1240 3411 ῃὴρωτήθη
1273 3340 1301 3392 ό
1334 3340 1492 3408 άγιος
1525 3338 1640 3402 πῶς
1672 3340 1922 3410 ὀφείλου-

344 3452 431 3490 σιν
465 3433 824 3503 ἐπιτιμᾶσθαι
864 3434 915 3484 oi
958 3432 1252 3496 ἀκουσίους
1294 3431 1491 3501 φόνους
1532 3432 1921 3503 ἐργασάμενοι.

343 3525 454 3580 Καὶ
483 3522 860 3593 ἀπελογήσατο
884 3522 967 3575 ὅτι
997 3521 1164 3574 Πλέον
1191 3513 1267 3575 ὧν
1295 3518 1446 3575 εἶπεν
1475 3522 1532 3574 ἐν
1560 3521 1638 3594 τῷ
1666 3519 1714 3594 η’
1741 3524 1925 3579 κανόνι

349 3619 475 3688 περὶ
507 3615 784 3672 ἀκουσίων
816 3614 1025 3684 φόνων,
1061 3614 1238 3666 εἰπεῖν
1270 3613 1332 3667 οὐ
1365 3613 1620 3684 δύναμαι.
1660 3614 1924 3670 Ἐνέδωκε

350 3709 408 3763 δὲ
444 3708 521 3779 τῷ
560 3706 935 3777 οἰκονομοῦντι
972 3704 1065 3759 τὸν
1105 3705 1506 3776 ἀμαρτήσαντα
1542 3707 1634 3759 τὸν
1674 3707 1927 3763 ἀκούσιον

356 3802 533 3869 φόνον,
567 3799 601 3870 ἢ
638 3799 828 3866 αὔξειν
867 3798 927 3851 τὸ
968 3798 1263 3867 ἐπιτίμιον,
1307 3798 1342 3869 ἢ
1389 3797 1643 3852 ἐλαττοῦν
1686 3800 1828 3853 κατά
1867 3801 1928 3855 τὸ

356 3892 549 3963 ίδίωμα
571 3893 670 3963 τῆς
701 3890 1094 3960 περιστάσεως,
1122 3889 1293 3960 ἤγουν
1318 3880 1460 3944 κατά
1487 3891 1577 3945 τὶν
1604 3892 1807 3962 τρόπον
1832 3894 1929 3948 καὶ

349 3983 451 4055 τὴν
487 3986 665 4038 αἰτίαν
705 3984 799 4037 τοῦ
846 3983 1030 4052 φόνου,
1070 3982 1168 4036 καὶ
1211 3983 1353 4036 κατὰ
1392 3983 1493 4054 τὴν
1533 3983 1794 4054 ποιότητα
1832 3985 1928 4039 τοῦ

352 4072 715 4140 φονεύσαντος
767 4071 1060 4143 προσώπου
1112 4074 1209 4126 καὶ
1260 4073 1363 4143 τὴν
1412 4072 1673 4129 διάθεσιν.
1702 4073 1826 4130 Ὅτι
1873 4076 1931 4131 δέ

351 4163 730 4232 πολυτρόπως,
766 4163 945 4235 {now
972 4163 1103 4217 ποτέ
1141 4162 1239 4233 μὲν
1280 4162 1510 4234 βαρέως,
1546 4165 1677 4219 ποτέ
1713 4166 1771 4220 δέ
1802 4167 1933 4220 ἐλα-

351 4255 510 4325 φρῶς
547 4252 866 4318 κολάζονται
899 4255 951 4308 οἱ
986 4254 1236 4308 ἀκούσιοι
1271 4254 1457 4323 φόνοι,
1490 4254 1651 4324 δῆλόν
1683 4257 1935 4312 ἐστι’καὶ

354 4346 466 4400 ἀπὸ
508 4348 616 4401 τῶν
660 4347 930 4418 ὁσημέραι
979 4346 1425 4416 περιπιπτόντων
1466 4349 1935 4420 παραπτωμάτων

354 4440 438 4502 είς
465 4440 534 4495 τὰ
566 4438 741 4511 βρέφη
769 4440 838 4493 τὰ
864 4440 922 4491 ἐν
951 4439 1070 4501 ταῖς
1099 4438 1369 4505 ἀγκάλαις
1397 4438 1657 4504 πολλάκις
1687 4440 1794 4494 τῶν
1826 4459 1935 4513 μη-

2010 1964 2170 2019 vidua
2202 1977 2357 2018 serva
2406 1978 2514 2018 non
2564 1963 2793 2018 multum
2846 1963 2994 2033 lapsa
3030 1964 3266 2029 videtur,
3323 1966 3591 2022 simulans

2010 2065 2071 2106 se
2099 2051 2168 2105 ab
2196 2051 2379 2120 aliquo
2410 2052 2547 2120 rapi,
2584 2051 2933 2107 matrimonio
2962 2052 3011 2107 ei
3042 2053 3298 2124 conjungi
3340 2055 3588 2125 cupiens.

2011 2140 2183 2198 Porro
2228 2157 2329 2198 nec
2383 2157 2506 2210 quae
2557 2142 2624 2195 ad
2681 2141 2972 2198 liberarum
3021 2143 3310 2199 mulierum
3376 2154 3587 2214 raptum

2013 2235 2305 2306 pertinent.
2348 2234 2400 2289 in
2431 2249 2494 2289 ea
2529 2235 2707 2291 locum
2742 2235 3037 2299 habebunt,
3074 2237 3203 2305 quia
3249 2237 3498 2306 quamvis
3525 2252 3593 2293 se

2016 2329 2131 2397 rapi
2162 2328 2415 2394 simulat,
2450 2336 2630 2383 tamen
2680 2341 2775 2383 sua
2822 2326 3100 2384 voluntate
3149 2338 3336 2385 secuta
3379 2344 3484 2390 est.
3520 2328 3589 2384 Et

2016 2434 2252 2475 canones
2285 2435 2390 2476 non
2414 2419 2663 2489 judicant
2684 2405 3078 2487 simulationes,
3111 2420 3205 2476 sed
3232 2420 3589 2477 voluntatem.

2018 2509 2136 2565 Erit
2169 2511 2349 2580 itaque
2380 2510 2788 2566 matrimonium
2816 2524 2943 2565 eum
2967 2525 3033 2566 ea
3068 2509 3284 2576 initum,
3324 2512 3371 2567 si
3418 2511 3599 2567 domi-

2018 2617 2120 2658 nus
2152 2604 2270 2673 ejus
2298 2602 2647 2667 assentiatur,
2697 2602 2934 2668 ﬁrmum,
2969 2603 3064 2659 sed
3107 2603 3445 2674 digamorum
3478 2616 3596 2674 pce-

2020 2708 2145 2747 nam
2184 2692 2353 2749 dabit.

2606 2781 2834 2840 CANON
2874 2781 3012 2842 ων.

2020 2875 2094 2931 De
2124 2874 2504 2932 involuntariis
2530 2876 2766 2933 caedibus
2808 2877 2924 2934 scio
2960 2890 3045 2931 me
3078 2883 3205 2932 ante
3233 2880 3336 2932 hoc
3372 2884 3589 2947 tempus

2092 2977 2196 3025 tum
2239 2970 2522 3040 scripsisse
2570 2970 2847 3027 sanctitati
2895 2983 2993 3039 pro
3029 2968 3237 3024 viribus
3281 2969 3507 3034 nostris,
3543 2977 3600 3022 et

2087 3063 2225 3119 nihil
2276 3065 2416 3120 ultra
2475 3064 2566 3119 illa
2618 3078 2836 3135 possum
2870 3063 3096 3119 dicere:
3128 3071 3213 3118 cst
3265 3070 3446 3118 autem
3492 3073 3601 3118 tua:

2088 3156 2389 3228 prudentiae
2438 3171 2536 3225 pro
2567 3156 2991 3212 circumstantiae
3031 3155 3364 3227 proprietate
3405 3169 3600 3225 poenas

2093 3251 2372 3307 intendere
2398 3249 2483 3306 vel
2514 3249 2814 3307 remittere.

2092 3340 2292 3398 BALS.
2346 3340 2580 3398 Sanctus
2637 3357 2831 3399 rursus
2875 3342 3040 3397 etiam
3089 3341 3457 3414 interrogatus
3497 3355 3602 3410 est,

2025 3437 2296 3506 quomodo
2326 3434 2522 3491 debent
2553 3435 2732 3505 puniri
2760 3434 2856 3503 qui
2889 3434 3065 3490 caedes
3097 3434 3457 3492 involuntarie
3483 3452 3607 3509 per-

2016 3518 2263 3599 petram,
2293 3536 2347 3582 et
2384 3523 2866 3597 respondit:l’lus
2920 3539 3082 3595 quam
3135 3525 3249 3581 dixi
3306 3526 3362 3583 in
3415 3539 3606 3584 octavo

2027 3604 2258 3684 canone,
2289 3632 2394 3673 non
2423 3632 2639 3688 possum
2669 3616 2736 3672 de
2768 3616 3144 3673 involuntariis
3198 3619 3486 3675 homicidis
3517 3622 3604 3677 di-

2028 3724 2170 3765 cere.
2190 3709 2666 3766 Concessitautem
2683 3709 2730 3763 ei
2755 3707 2910 3778 cujus
2935 3696 3129 3764 munus
3142 3719 3223 3764 est
3243 3709 3310 3765 de
3333 3725 3400 3766 eo
3415 3712 3508 3782 qui
3534 3712 3610 3767 in-

2028 3798 2390 3856 voluntarium
2415 3798 2768 3855 homicidium
2790 3800 3083 3860 commisit,
3103 3798 3365 3868 judicare,
3388 3816 3604 3873 poenam

2030 3892 2115 3949 vel
2161 3905 2377 3964 augere,
2433 3891 2518 3946 vel
2575 3891 2820 3946 minuere
2869 3893 3166 3946 secundum
3217 3893 3605 3962 proprietatem

2030 3982 2480 4044 σίτουιιιειεηιίω,
2528 3996 2625 4037 seu
2682 3982 2980 4037 secundum
3035 3982 3254 4036 modum
3290 3991 3345 4038 ει
3387 3998 3608 4038 causam

2033 4072 2216 4135 caedis.
2252 4083 2305 4130 et
2331 4073 2634 4130 secundum
2665 4071 2986 4143 qualitatem
3014 4087 3262 4142 persona:
3284 4089 3403 4143 quae
3436 4076 3613 4132 inter-

2033 4166 2161 4222 fecit
2187 4167 2412 4237 ejusque
2437 4165 2800 4222 all’ectionem.
2833 4164 2985 4232 Quod
3014 4174 3199 4220 autem
3225 4166 3373 4221 varie
3401 4167 3615 4224 scilicet

2034 4260 2327 4329 aliquando
2360 4257 2576 4329 quidem
2636 4256 2874 4328 graviter
2899 4296 2915 4324 ,
2951 4256 3243 4335 aliquando
3291 4257 3482 4313 leviter
3508 4253 3628 4329 pur:

2034 4351 2259 4406 niuntur
2291 4350 2469 4405 caedes
2497 4348 2896 4414 iuvoluntariaz,
2927 4348 3134 4404 clarum
3181 4360 3262 4405 est
3289 4365 3355 4405 ex
3394 4350 3461 4406 iis
3489 4366 3611 4422 quae

2036 4442 2277 4513 quotidie
2320 4440 2575 4496 accidunt
2603 4441 2749 4496 circa
2800 4440 3056 4505 infantes,
3093 4456 3214 4510 quae
3269 4442 3322 4496 in
3374 4443 3648 4496 matrum‘

276 4539 285 4550 '
354 4533 532 4603 τέρων
560 4531 992 4604 ἀποθνήσκοντα.
1022 4533 1082 4585 El
1115 4531 1213 4602 μὲν
1243 4532 1352 4601 γάρ
1382 4532 1490 4585 ἀπὸ
1524 4533 1694 4604 μέθης
1724 4533 1919 4605 βαρέως

2039 4534 2181 4590 ulnis
2226 4547 2370 4603 saepe
2410 4532 2734 4587 moriuntur.
2764 4531 2820 4586 Si
2856 4533 3000 4586 enim
3030 4547 3096 4587 ex
3134 4533 3401 4589 ebrietate
3434 4544 3611 4589 mater

357 4623 656 4677 ύπνώσασα
691 4624 724 4694 ἡ
763 4624 967 4694 μήτηρ,
999 4623 1093 4675 καὶ
1123 4623 1187 4675 τὸ
1222 4620 1425 4692 βρέφος
1456 4623 1803 4695 ἀτημέλητον
1834 4640 1936 4678 κα-

2041 4626 2191 4696 gravi
2226 4641 2417 4682 somno
2446 4624 2666 4688 aﬂecta,
2698 4626 2890 4681 relicto
2935 4626 3184 4681 incurato
3234 4625 3440 4683 infante
3465 4627 3614 4682 dedit

356 4714 684 4786 ταλείψασα,
712 4714 881 4768 ἔδωκε
905 4713 1006 4786 τὴν
1033 4712 1212 4768 αἰτίαν
1239 4713 1331 4766 τοῦ
1359 4714 1541 4783 φόνου,
1572 4714 1788 4786 πικρῶς
1816 4717 1919 4769 ἐπι·

2043 4733 2265 4776 causam
2300 4719 2483 4785 caedis,
2512 4718 2708 4774 acerbe
2735 4718 3009 4788 punietur.
3041 4717 3140 4773 Sin
3173 4727 3354 4773 autem
3376 4734 3443 4774 ex
3480 4720 3618 4773 mala

1590 4873 1787 4937 Guill.
1831 4877 2163 4960 Beveregii
2199 4885 2386 4943 nota).

440 5003 553 5078 (19)
615 5003 756 5078 Τὰςη
788 5001 1257 5078 τᾷὲνΑάκορσίων
1304 4998 1529 5078 φόνων.
1555 5072 1565 5078 _
1595 4998 1934 5078 Scholiastes

365 5071 783 5141 Ilartnenopuli,
828 5074 954 5126 Ἐπὶ
1002 5073 1096 5124 τοῦ
1150 5071 1724 5141 πατριάρχουγΛουκᾶ
1776 5089 1937 5141 στρα-

367 5140 706 5217 τιώτῃιτινὶ,
748 5144 909 5217 φόνον
960 5141 1225 5217 ἑκούσιον-
1248 5140 1597 5217 πεποιηκότι,
1624 5140 1927 5217 ἐπίσκοπός

368 5234 453 5279 τις
483 5210 814 5284 ἐῇἱίμετρίῳ
842 5214 981 5284 πάνυ
1012 5210 1192 5284 καιρῷ
1211 5211 1504 5284 ἐγγραφὼς
1528 5212 1628 5280 τὴν
1655 5211 1929 5284 ἀθύνωσιν

373 5286 493 5357 (sic)
518 5281 887 5357 δέδωκε.Καὶ
918 5281 1318 5357 ἐγκαλούμενος
1353 5283 1507 5357 παρὰ
1530 5284 1594 5351 τῇ
1627 5281 1937 5357 συνόδῳτὸν

375 5350 578 5410 κανόνα
624 5350 969 5421 προέτεινεν,
1005 5352 1064 5414 ὃς
1113 5354 1233 5421 ,τοῖς
1281 5350 1599 5412 ἐπισκόποις
1648 5352 1937 5421 ἐπιτρέπει

371 5429 474 5493 τὴν
504 5419 752 5488 ἐξουσίαν
789 5423 822 5493 ἢ
860 5424 1065 5493 ἀνεῖναι
1096 5419 1129 5491 ἢ
1168 5421 1434 5493 ἐπιτεῖναι
1466 5422 1577 5493 τοῖς
1602 5420 1928 5493 μετανοοῦσι

372 5490 445 5549 τᾶ
505 5495 776 5563 ἐπιτίμια.
811 5490 968 5563 ’Ἂλλέ
1012 5490 1289 5563 ἡκουσενε
1313 5490 1396 5563 ὅτι
1436 5491 1550 5551 τοῖς
1591 5491 1939 5563 ἀρχιερεῦσιν

376 5563 534 5633 ἐδόθη
556 5559 670 5633 μὲν
691 5562 872 5633 τοῦτο,
913 5562 975 5633 οὐ
1019 5559 1125 5633 μὴν
1163 5559 1503 5633 ἀνεξετάστῳ
1536 5562 1632 5633 καὶ
1665 5559 1942 5633 bne-.961).-

375 5629 811 5705 λούσῂχρῆσθᾳι
842 5629 1286 5705 συγκαταϐάσειᾌ·
1310 5631 1449 5682 ·δθεν
1476 5630 1592 5705 ,τὸν
1626 5629 1726 5699 μὲν
1774 5646 1940 5700 στρα-

377 5699 676 5773 τιώτῆἵῆ
713 5703 931 5764 σύνοδος
974 5703 1086 5762 τοῖς
1114 5703 1178 5753 ἐκ
1194 5699 1597 5773 ,τῶν-κανόνων
1636 5699 1938 5769 ἐπιτιμίοις

380 5769 750 5855 καθυπέὸαλε,
774 5776 873 5855 τὸν
893 5773 950 5825 δὲ
978 5769 1244 5855 ἀρχιερέα
1289 5769 1445 5855 δίκας
1472 5770 1723 5855 ἀπῄτησε
1756 5773 1962 5855 τὴνῗέν·

378 5845 670 5919 τρισμήνῳ
707 5842 885 5914 καιρῷ
942 5839 1038 5911 τῆς
1102 5839 1447 5910 λειτουργίας
1487 5839 1937 5910 ἐπίσχεσινζδιιὺ

734 5940 1002 6001 Ρλτιιοι..
1050 5939 1165 5997 Gn.
1208 5936 1306 5996 CX
1324 5932 1594 5995 XXVIII.

2036 5004 2183 5059 Luca
2205 4988 2518 5076 patriai-cita
2547 5004 2704 5059 militi
2729 5004 2970 5067 cuidam,
3003 5005 3095 5074 qui
3123 5000 3328 5076 ‘cmdem
3374 5001 3624 5076 voiunta-

2038 5078 2177 5129 riam
2201 5072 2558 5135 commiserat.
2578 5077 2851 5145 episcOpus
2878 5072 3258 5143 quiduminlra
3277 5072 3623 5141 perexiguum

2040 5156 2245 5211 tempus
2285 5147 2673 5199 absolutionem
2731 5160 2823 5211 per
2866 5148 3188 5211 scripturum
3247 5152 3623 5207 concesserat;

2038 5227 2087 5270 et
2118 5232 2238 5270 cum
2269 5224 2615 5271 accusaretur
2635 5214 2776 5285 apud
2802 5215 3084 5283 synodum,
3105 5226 3358 5266 annonem
3392 5226 3623 5285 praeten-

2038 5287 2195 5340 debat
2233 5288 2324 5355 qui
2362 5286 2724 5355 paenitentiam
2765 5287 3043 5352 agentibus
3084 5298 3265 5352 poenas
3314 5287 3394 5355 vel
3437 5284 3626 5355 remit-

2041 5357 2183 5410 tendi
2238 5353 2314 5410 uel
2363 5353 2605 5424 'augendi
2654 5365 2963 5423 potestatem
3011 5355 3105 5408 dat
3132 5354 3410 5420 episcoyis.
3445 5353 3552 5424 Sed
3575 5355 3627 5408 ei

2050 5441 2360 5490 responsum
2407 5423 2532 5493 fuit,
2579 5440 2884 5480 concessum
2913 5426 2966 5477 id
3005 5425 3216 5494 quidem
3261 5423 3624 5492 pontiﬁcibus,

2049 5513 2154 5553 non
2179 5507 2356 5550 tamen
2396 5505 2452 5548 ut
2483 5498 2619 5549 citra
2649 5497 3070 5558 explorationem
3111 5505 3160 5548 et
3198 5495 3366 5547 nimia
3400 5494 3627 5547 camini-

2048 5568 2314 5625 seralione
2359 5577 2653 5620 uterentur.
2676 5565 2858 5630 Quare
2892 5566 3112 5619 militem
3139 5567 3374 5634 synodus
3405 5564 3628 5634 canam}

2048 5641 2123 5691 cis
2154 5638 2317 5705 poenis
2343 5636 2587 5705 subjecit,
2612 5646 2661 5689 et
2691 5635 2992 5704 pontiﬁcem
3029 5632 3234 5706 quoque
3260 5634 3524 5706 multavit,
3556 5632 3628 5685 ad

2049 5704 2159 5762 tres
2189 5723 2390 5760 menses
2427 5704 2458 5760 ὰ
2491 5707 2783 5759 ministerio
2808 5704 3069 5762 abstinere
3093 5706 3333 5776 jussum.
3361 5704 3621 5761 llarmen.

2048 5782 2178 5848 epit.
2217 5792 2344 5832 can.
2382 5785 2520 5833 sect.
2549 5777 2603 5842 5,
2639 5776 2725 5834 tit.
2755 5776 2808 5832 5.

3191 5928 3267 5992 24
