4008 6378
375 272 483 334 Ἷςτι

1654 271 1937 331 ΤΗΕΟΙ).
1968 270 2368 335 BALSAMON

3523 281 3636 344 .752

451 383 681 440 ARIST;
709 383 806 449 Qui
857 397 915 436 se
962 380 1268 436 latronibus
1307 379 1563 433 adversos
1584 378 1868 447 objiciunt,
1909 379 1953 432 si

2131 381 2356 438 ΑΡΙΣΤ.
2393 382 2456 436 Oi
2489 383 2602 445 τοῖς
2638 383 2861 454 λῃσταῖς
2919 382 3352 452 ἆντεπεξιόντες,
3384 385 3491 453 ἔξω
3537 392 3639 460 μὲν

386 483 498 534 sint
546 478 762 547 quidem
825 472 1360 536 extra-Ecclesium,
1411 472 1534 524 Ι)οηί
1582 470 1959 526 (ommunione

2094 490 2216 538 ντες
2236 476 2674 545 τῆςνκοινωνίας,
2699 476 2982 547 εἴργονται
3003 476 3100 530 τοῦ
3127 479 3354 547 ἁγαθοῦο
3381 483 3639 554 κληρικο)⁸

378 581 650 632 arcemur,
710 568 893 622 clerici
926 581 1054 620 vero
1081 565 1247 634 gradu
1297 564 1658 631 deponuntur.

452 660 681 726 Quando
712 657 929 727 quidem
963 655 1123 724 juxta
1162 653 1499 708 Dominicam
1543 665 1747 706 vocem
1774 650 1957 704 Omnis

375 754 464 820 qui
502 751 737 821 gladium
771 750 964 818 accepit
1000 746 1177 817 gladio
1237 746 1422 813 peribit
1446 760 1464 798 :
1487 751 1540 797 et
1563 744 1653 812 qui
1685 758 1744 800 se
1789 742 1956 796 latro-

378 847 541 899 nibus
575 837 836 895 adversos
863 840 1148 907 objiciunt,
1197 850 1399 904 eosque
1447 834 1728 898 occidunt,
1764 847 1953 904 pmnas

377 937 550 989 luent.
594 933 651 987 Si
699 932 819 987 laici
845 932 1064 1000 quidem
1113 929 1244 994 sint,
1295 927 1596 982 divinorum
1641 939 1953 980 sacramen-

381 1039 558 1082 torum
590 1024 885 1097 participes
907 1037 1014 1076 non
1047 1029 1234 1081 erunt.
1265 1020 1309 1073 si
1345 1018 1530 1072 clerici
1557 1027 1759 1082 autem,
1789 1017 1954 1086 depo—

364 1127 602 1175 nentur.

942 1201 1172 1260 CANON
1226 1201 1363 1257 LVI.

365 1301 476 1369 -Qui
517 1315 611 1355 sua
640 1308 833 1370 sponte
859 1297 1152 1360 interfecit,
1194 1307 1248 1350 et
1273 1303 1456 1366 postea
1498 1293 1818 1366 paenitentia
1849 1295 1952 1348 du-

444 1401 697 1456 ctus-est,
724 1390 914 1462 viginti
966 1389 1126 1444 annis
1164 1395 1511 1443 sacramento
1562 1401 1668 1440 non
1709 1401 1954 1441 commu-

423 1483 668 1539 ‘nicabit.
700 1481 901 1552 Viginti
945 1489 1128 1536 autem
1168 1478 1295 1534 anni
1339 1480 1420 1533 sic
1467 1478 1521 1532 itt
1573 1492 1640 1533 eo
1677 1477 1990 1567 dispensa-.

444 1576 669 1630 buntur.
707 1573 874 1628 Debet
906 1582 1143 1643 quatuor
1181 1571 1341 1626 annis
1371 1569 1566 1626 deﬂere
1602 1577 1756 1626 stans
1799 1579 1953 1624 extra

439 1667 590 1722 fores
636 1665 886 1728 oratorii,
920 1673 973 1719 et
1007 1663 1191 1740 fideles
1233 1662 1600 1731 ingredientes
1646 1677 1847 1732 rogans
1889 1669 1950 1716 ttt

442 1775 550 1829 pro
575 1773 642 1813 eo
669 1767 981 1828 precentur,
1007 1770 1162 1810 suam
1213 1754 1550 1824 iniquitatem
1579 1755 1953 1823 pronuntians.

445 1849 794 1920 Postquator
825 1857 1005 1902 autem
1028 1861 1202 1900 annos
1249 1846 1392 1900 inter
1423 1844 1695 1900 auditores
1725 1844 1956 1913 recipie-

444 1953 552 2010 tur,
575 1952 634 1998 et
662 1941 904 2012 quinque
942 1941 1101 1994 annis
1123 1954 1246 1994 cum
1284 1938 1416 2007 ipsis
1451 1937 1763 2008 egredietur
1798 1953 1812 1990 :
1869 1951 1954 1992 se-

417 2045 590 2106 .ptem
641 2044 822 2091 autem
865 2034 1026 2088 annis
1047 2031 1372 2101 cumiisqui
1432 2030 1488 2085 in
1547 2030 1951 2097 substratione,

411 2136 599 2183 «orant
623 2165 639 2189 .
694 2125 1026 2198 egredietur.
1057 2126 1117 2178 lu
1149 2133 1351 2193 quator
1387 2124 1545 2177 annis
1574 2122 1748 2177 solum
1767 2122 1952 2188 stabit,

435 2236 566 2274 cum
610 2219 899 2284 ﬁdelibus‘,
938 2216 1031 2273 sed
1063 2231 1167 2272 non
1196 2219 1300 2271 erit
1319 2214 1612 2270 oblationis
1659 2217 1951 2284 particeps.

423 2315 517 2368 .tis
545 2311 999 2381 autem-expletis,
1027 2310 1132 2365 erit
1169 2317 1633 2364 sacramentorum
1656 2307 1952 2376 particeps.

955 2400 1183 2458 CANON
1222 2399 1377 2456 LVII.

363 2495 480 2562 ὀιιί
505 2509 610 2550 non
639 2492 1266 2559 voluntarieinterfecit,
1304 2491 1552 2549 undecim
1577 2494 1736 2548 annis
1769 2506 1956 2548 sacra-

445 2591 644 2644 mentis
683 2603 790 2644 non
833 2586 1275 2643 communicabit.
1310 2585 1576 2642 Undecim
1610 2593 1792 2641 autem
1825 2585 1954 2640 anni

446 2684 527 2737 sic
589 2683 646 2737 in
693 2697 758 2738 eo
805 2679 1286 2752 dispensabuutur.
1345 2679 1490 2734 Duos
1531 2679 1748 2748 quidem
1780 2692 1955 2734 annos

425 2771 692 2838 —dcﬂebil,
732 2781 843 2826 tres
867 2779 1050 2825 autem
1081 2783 1253 2824 annos
1287 2768 1428 2823 inter
1463 2767 1744 2823 auditores
1771 2782 1956 2836 perse-

443 2863 682 2928 serabit,
735 2862 790 2917 in
825 2871 1079 2931 aquatuor
1109 2859 1438 2923 substratus,
1482 2867 1538 2912 et
1579 2873 1726 2914 anno
1779 2856 1954 2914 solum

441 2955 725 3019 consistet,
748 2959 805 3008 et
832 2953 1086 3021 deinceps
1117 2951 1185 3005 ad
1209 2963 1365 3005 sacra
1383 2949 1734 3005 admittetur.

451 3135 649 3191 BALS.
686 3132 991 3189 Przesentes
1044 3132 1154 3187 duo
1190 3144 1426 3186 canones
1460 3130 1780 3186 describunt
1830 3145 1964 3200 quo-

388 3229 550 3285 modo
577 3227 772 3280 debent
807 3225 985 3294 puniri
1036 3225 1127 3290 qui
1173 3222 1507 3276 voluntarias
1553 3233 1608 3275 et
1650 3221 1961 3276 involunta-

382 3325 492 3378 rias
534 3320 714 3375 caedes
775 3317 972 3372 fecere.
1015 3313 1304 3370 Pwnarum
1341 3321 1518 3366 autem
1562 3313 1724 3367 etiam
1757 3311 1965 3366 modos

382 3417 667 3470 deﬁniunt.

447 3506 708 3560 ‘ZUNAR.
755 3504 837 3558 Ad
867 3517 1040 3558 annos
1081 3499 1308 3571 viginti,
1369 3513 1491 3554 eum
1522 3498 1613 3569 qui
1661 3496 1968 3552 voluntarie

384 3599 680 3662 interfecit,
719 3607 894 3666 atque
931 3595 999 3650 ad
1053 3591 1428 3665 paenitentiam
1495 3606 1556 3648 se
1605 3591 1841 3656 confert,
1881 3589 1968 3646 Itic

384 3701 609 3748 sanctus
635 3689 732 3744 -vir
776 3685 1053 3758 segregari
1081 3685 1278 3755 jubet;
1327 3686 1392 3737 ad
1431 3683 1618 3738 decem
1673 3697 1796 3737 vero
1836 3696 1967 3736 eum

383 3789 475 3858 qui
527 3799 634 3840 non
678 3793 871 3853 sponte
909 3779 1128 3835 occidit.
1174 3777 1330 3831 'Tum
1357 3776 1964 3845 -deiuceps,‘utrisque

390 3893 490 3948 pro
536 3873 764 3946 singulis
812 3871 998 3927 multa:
1045 3867 1177 3925 locis
1206 3907 1221 3933 ,
1281 3869 1559 3936 proprium
1611 3876 1823 3934 tempus
1865 3864 1958 3918 de-

384 3971 584 4040 signat.

454 4059 685 4114 ARIST.
725 4055 878 4127 (Con.
912 4054 1000 4109 56.
1064 4049 1415 4107 Voluntarius
1463 4046 1734 4104 homicida
1778 4045 1969 4114 viginti

320 4149 336 4162 ’
386 4167 558 4206 annos
593 4151 1012 4212 substernatur,
1060 4144 1457 4199 iuvoluntarius
1479 4141 1705 4206 decem;
1751 4138 1965 4194 adulter

385 4247 691 4316 quindecim
731 4262 748 4298 :
796 4244 1093 4300 fornicator
1129 4251 1334 4309 septem
1372 4258 1384 4294 :
1421 4237 1808 4308 virginespost
1831 4249 1963 4307 pro-

388 4341 676 4395 fessionem
704 4338 892 4406 lapsae,
921 4348 1091 4388 annos
1123 4331 1451 4401 quindecim.

459 4514 560 4581 Qui
591 4510 889 4567 voluntarie
926 4506 1234 4576 quempiam
1263 4502 1489 4568 occidit,
1521 4511 1574 4557 et
1609 4511 1798 4574 postea
1844 4518 1962 4574 pm-

388 4607 673 4662 nitentiam
721 4603 858 4672 egit,
893 4598 1084 4668 viginti
1123 4610 1300 4650 annos
1338 4610 1367 4649 a
1399 4595 1833 4652 sanctiﬁcatione
1865 4610 1961 4652 ex-

285 4726 294 4742 ι
385 4701 910 4761 communica-bitur.
956 4697 1033 4750 At
1063 4693 1272 4764 ,viginti
1310 4693 1440 4748 anni
1484 4693 1564 4749 sic
1620 4694 1673 4748 in
1719 4709 1844 4750 eum
1882 4693 1964 4748 di-

387 4790 1046 4866 wensantur.'Qtt~atuor
1084 4786 1259 4842 annis
1306 4793 1458 4841 extra
1509 4786 1640 4841 aedis
1707 4785 1963 4841 oratoria:

399 4892 546 4944 iuras
582 4898 771 4949 stans,
806 4881 1122 4937 ~~et"ﬁdeles
1161 4877 1526 4948 ingredientes
1569 4891 1735 4931 orans
1775 4890 1964 4945 preces

398 4997 495 5050 pro
527 4980 646 5049 ipso
675 4976 932 5037 fundere,
986 4979 1276 5040 peccatum,
1307 4983 1476 5044 suum
1499 4968 1679 5036 palam
1726 4965 1966 5021 eﬂ‘erens

385 5073 588 5128 deﬂere
645 5069 822 5124 debet.
873 5064 1068 5121 Postea
1113 5071 1293 5117 autem
1325 5068 1558 5130 quatuor
1597 5074 1769 5114 annos
1808 5058 1966 5130 115

391 5165 460 5219 ad
497 5156 1131 5227 audientesrecipietur,
1159 5163 1213 5209 et
1244 5155 1486 5222 quinque
1532 5151 1692 5204 annis
1739 5166 1860 5206 cum
1896 5153 1962 5208 iis

371 5251 956 5326 ,egredietur.~St-ptem
982 5248 1137 5302 annis
1162 5261 1282 5301 cum
1319 5245 1384 5299 iis
1407 5242 1496 5311 qui
1524 5241 1576 5296 in
1603 5243 1966 5300 submissione

2059 564 2116 617 δὲ
2148 565 2241 616 τοῦ
2273 565 2487 635 βαθμοῦ
2523 565 2944 637 καθαιροῦνται.

2139 655 2382 724 Ἐπειδὴ,
2429 657 2576 710 κατά
2617 657 2732 729 τὴν
2807 660 3094 732 Κυριακὴν
3167 661 3372 733 φωνὴν,
3420 663 3546 729 Πᾶς
3607 668 3641 720 ὀ

2056 745 2261 800 ,λαϐὼν
2274 749 2583 818 μάχαιραν
2634 750 2703 804 ἐν
2726 753 2995 822 μαχαίρᾳ
3026 753 3445 809 ἀποθανεῖται·
3479 756 3576 810 καὶ
3590 759 3642 811 οἱ

2056 838 2172 901 τοῖς
2205 838 2438 908 λῃσταῖς
2467 843 2911 911 ἀντεπεξιόντες,
2931 846 3026 901 καὶ
3053 846 3282 910 τούτους
3295 847 3638 916 φονεύοντες,

2061 930 2166 984 ὑπὸ
2195 933 2522 1006 ἐπιτίμησιν
2553 933 2796 991 ἔσονταιο
2831 938 2926 993 καὶ
2949 938 3134 993 λαῖκοὶ
3191 941 3292 1010 μὲν
3320 941 3500 1008 ὄντες,
3533 942 3644 996 τῶν

2057 1022 2218 1076 θείων
2253 1025 2614 1096 ἁγιασμάτων
2641 1028 2702 1082 οὐ
2731 1028 3024 1099 μεθέξουσι
3049 1047 3063 1062 ο
3100 1031 3358 1102 κληρικοὶ
3387 1031 3447 1086 δὲ
3467 1032 3640 1102 ὄντες,

2039 1116 2573 1190 καθαιρεθήσονται.

2636 1213 2878 1269 ΚΑΝΩΝ
2910 1214 3054 1283 NCT.

2061 1299 2128 1353 Ὃ
2160 1301 2427 1368 ἑκουσίως
2481 1305 2777 1375 φονεύσας,
2827 1309 2924 1362 καὶ
2964 1307 3107 1377 μετὰ
3139 1311 3316 1366 τοῦτο’
3338 1330 3471 1384 μετα
3484 1315 3648 1385 μελη-

2127 1393 2260 1460 θεὶς,
2297 1395 2506 1451 εἴκοσιν
2559 1398 2653 1470 ἔτη
2710 1399 3074 1473 ἀκοινώνητος
3136 1403 3291 1458 ἔσται
3323 1406 3419 1459 τοῦ
3484 1408 3648 1474 ἁγιά-

2119 1504 2360 1557 -σματος,
2391 1490 2472 1544 Τὰ
2504 1491 2562 1544 δὲ
2588 1493 2794 1545 εἴκοσιν
2832 1492 2927 1564 ἔτη
2946 1494 3120 1558 οὕτως
3157 1497 3646 1569 οίκονομηθήσεται

2118 1579 2222 1633 tn"
2244 1580 2417 1652 αὐτῷ.
2479 1583 2570 1635 Ἐν
2598 1583 2642 1636 δ’
2672 1582 2851 1638 ἔτεσιν
2881 1587 3237 1657 προσκλαίειν
3267 1589 3494 1658 ὀφείλει,
3544 1591 3646 1655 ἔξω

2133 1675 2234 1745 τῆς
2260 1673 2436 1749 θύρας
2471 1677 2656 1744 ’ἑστὼς
2715 1678 2813 1733 τοῦ
2855 1680 3150 1754 εὐκτηρίου
3194 1682 3369 1750 οῐκου,
3419 1685 3647 1739 καὶτῶν

2140 1766 2426 1822 εἰσιόντων
2501 1772 2714 1827 πιστῶν
2781 1774 3042 1844 δεόμενος
3075 1775 3245 1848 eam»:
3309 1777 3454 1850 ὑπὲρ
3479 1778 3646 1834 αὐτοῦ

2114 1861 2770 1936 ποιεῖσθαι,ἑξαγορεύων
2795 1866 2894 1938 τὴν
2928 1868 3066 1922 ίδίαν
3085 1871 3464 1944 παρανομίαν.
3484 1873 3642 1928 Μετὰ

2138 1954 2196 2006 δὲ
2230 1954 2273 2008 δ’
2297 1954 2395 2025 ἔτη
2449 1958 2531 2020 είς
2555 1959 2682 2023 τοὺς
2709 1961 3102 2032 ἀκροωμένους
3129 1963 3477 2036 δεχθήσεται,
3512 1967 3570 2019 ἑν
3601 1974 3640 2019 ε’

2129 2045 2315 2100 ἐτεσιν
2341 2049 2463 2120 μετ’
2487 2051 2670 2107 αὐτῶν
2707 2053 3082 2119 ἐξελεύσεται.
3118 2057 3209 2109 Ἐν
3236 2056 3278 2108 δ’
3312 2060 3646 2130 συστήσεται

2135 2141 2299 2210 μόνον
2328 2144 2446 2206 τοῖς
2482 2147 2724 2211 πιστοῖς,
2781 2149 3105 2218 προσφορᾶς
3131 2149 3192 2204 δὲ
3235 2150 3297 2203 οὐ
3335 2151 3648 2223 μεταλήψε-

2124 2229 2683 2303 ται.-Πληρωθέντων
2725 2235 2784 2290 δὲ
2815 2236 3270 2308 τούτωνμεθέεει
3301 2240 3414 2294 τῶν
3485 2242 3646 2311 ἁγια-

2121 2322 2364 2392 σμάτων.

2620 2423 2865 2478 ΚΑΝΩΝ
2905 2424 3043 2481 ΝΖ’.

2067 2507 2132 2561 -Ὂ
2166 2509 2443 2576 ἀκουσίως
2475 2515 2744 2581 φονεύσας
2780 2517 2894 2588 (15)
2931 2519 2992 2572 ἑν
3046 2519 3181 2574 δέκα
3206 2519 3390 2576 ἔτεσιν
3419 2523 3652 2576 ἀκοινώ-

2137 2619 2299 2673 νητος
2344 2603 2499 2659 ἔσται
2531 2606 2644 2659 τῶν
2685 2608 3076 2678 ἁγιασμάτων.
3135 2613 3651 2686 Οίκονομηθήσεται

2129 2694 2188 2748 δὲ
2219 2697 2310 2749 ἐπ’
2372 2698 2524 2770 αύτῷ
2563 2700 2631 2753 τὰ
2669 2699 2803 2754 δέκα
2852 2701 2947 2773 ἔτη
3015 2704 3184 2759 οὕτω.
3241 2708 3347 2760 Δύο
3398 2707 3500 2778 μὲν
3554 2708 3652 2779 ἔτη

2135 2786 2540 2856 προσκλαύσει,
2591 2790 2720 2861 τρία
2760 2792 2818 2845 δὲ
2856 2793 2953 2862 ἔτη
2994 2795 3052 2848 ἑν
3115 2797 3498 2868 ἀκροωμένοις
3532 2799 3650 2855 δια-

2130 2879 2365 2945 τελέσει,
2403 2883 2462 2934 ἑν
2512 2881 2554 2934 δ’
2603 2883 2949 2950 ὑποπίπτων,
2999 2888 3093 2940 καὶ
3133 2889 3193 2941 ἐν
3248 2891 3484 2962 ἐνιαυτῷ
3514 2909 3648 2944 στα·

2128 2968 2358 3042 θήσεται
2388 2972 2571 3043 μόνον,
2619 2976 2714 3029 καὶ
2764 2976 2832 3032 τὰ
2879 2976 3008 3050 ἑξῆς
3057 2981 3138 3043 είς
3182 2981 3250 3034 τὰ
3280 2980 3415 3051 ἅγια
3455 2983 3652 3056 δεχθῆ-

1992 3077 2036 3138 c
2141 3080 2322 3118 σεται.

2143 3155 2345 3211 ΒΔΛΣ.
2377 3159 2444 3212 Οἱ
2493 3159 2771 3230 παρόντες
2814 3161 2920 3216 -δύο
2986 3166 3215 3232 κανόνες
3279 3167 3654 3223 ὐποτυποῦσιν

2065 3245 2216 3309 ὅπως
2263 3247 2580 3315 ὀφείλουσιν
2629 3252 2995 3324 ἐπιτιμᾶσθαι
3047 3258 3096 3309 οἱ
3133 3258 3461 3328 ποιήσαντες
3493 3261 3656 3313 ἑκου-

2074 3335 2228 3399 σίους
2260 3339 2458 3406 φόνους
2481 3340 2588 3392 ικαὶ
2623 3341 2943 3408 ἀκουσίους.
2993 3345 3267 3416 Ὀρίζουσι
3297 3348 3355 3401 δὲ
3398 3352 3493 3403 καὶ
3527 3351 3658 3415 τοὺς

2066 3426 2306 3498 τρόπους
2342 3428 2453 3484 τῶν
2482 3431 2800 3503 ἐπιτιμίων.

2131 3521 2378 3578 ΖΩΝΑΡ.
2428 3523 2518 3578 Ἐν
2543 3527 2754 3583 ετκσστν
2799 3530 3074 3596 ἐνιαυτοῖς
3109 3532 3204 3588 τὸν
3254 3533 3521 3599 ἑκουσίως
3557 3553 3654 3604 φο-

2067 3613 2361 3680 νεύσαντα,
2388 3617 2482 3670 καὶ
2505 3620 2589 3682 εἰς
2622 3621 2926 3689 μετάνοιαν
2951 3623 3178 3679 ἐλθόντα
3218 3626 3470 3698 ἀφορίζει
3498 3619 3656 3692 οὗτος

2069 3709 2097 3760 ὁ
2126 3707 2306 3776 ἅγιοςο
2341 3711 2402 3764 ὲν
2443 3710 2579 3764 δέκα
2613 3712 2672 3766 δὲ
2707 3713 2803 3767 τὸν
2876 3716 3156 3780 ἀκουσίως
3211 3719 3494 3774 ἀνελόντα.
3543 3723 3656 3775 Καὶ

2071 3797 2198 3868 ἑξῆς
2225 3799 2314 3852 ἐπ’
2338 3801 2678 3873 ἀμφοτέροις
2708 3803 2930 3875 ἑκάστῳ
2964 3806 3116 3876 τόπῳ
3152 3808 3440 3878 ἐπιτιμίου
3477 3809 3653 3884 ὁρίζει

2070 3893 2263 3963 καιρὸν
2300 3893 2617 3949 ἰδιαίτατον.
3669 3892 3677 3898 ’

2135 4067 2361 4124 ΑΡΙΣΤ.
2399 4085 2525 4126 καν.
2556 4077 2665 4136 νς’.
2709 4072 2770 4128 '0
2792 4073 3039 4137 ἑκούσιος
3088 4078 3354 4147 φονευτῆς
3431 4077 3652 4130 εἰκοσα-

2072 4159 2229 4214 ετίαν
2280 4161 2658 4217 ὑποπιπτέτω·
2689 4166 2717 4218 ὁ
2746 4164 3004 4228 ἀκούσιος
3051 4167 3360 4223 δεκαετίαν·
3406 4171 3434 4222 ὁ
3468 4170 3656 4239 μοιχὸς

2071 4253 2656 4310 πεντεκαιδεκαετίαν·
2695 4255 2726 4308 ὁ
2757 4257 2958 4327 πόρνος
2989 4259 3294 4314 ἑπταετίαν
3317 4276 3331 4290 ·
3365 4260 3422 4313 αἱ
3473 4276 3653 4330 παρα·

2072 4347 2375 4402 πίπτουσαι
2414 4349 2557 4419 μετὰ
2583 4347 2694 4420 τὴν
2726 4349 3026 4421 ὁμολογίαν
3050 4353 3338 4424 ’παρθένοις
3365 4369 3652 4405 πεντεκαις

1997 4423 2041 4481 Ῑ)
2069 4437 2383 4494 δεκαετίαν.

2144 4527 2205 4585 '0
2239 4529 2506 4593 ἑκουσίως
2536 4529 2830 4601 φονεύσας,
2889 4532 3032 4602 μετὰ
3052 4532 3112 4587 δὲ
3135 4532 3297 4586 τοῦτο
3330 4533 3643 4604 μεταμελη-

2067 4620 2203 4689 θεὶς,
2248 4621 2456 4676 εἴκοσιν
2487 4621 2668 4678 ἔτεσιν
2693 4624 3066 4696 ἀκοινώνητός
3091 4627 3208 4679 ἑστι
3258 4625 3353 4680 τοῦ
3378 4627 3661 4698 ἁγιάσμα-

2066 4732 2181 4779 τος.
2209 4715 2291 4771 Τὰ
2317 4716 2376 4768 δὲ
2421 4715 2630 4770 εἴκοσιν
2683 4716 2782 4787 ἔτη
2806 4715 2984 4782 οὕτως
3016 4718 3520 4790 οίκονομηθήσεται
3565 4718 3656 4771 ἐπ’

2067 4806 2240 4876 αύτῷ.
2271 4807 2360 4861 Ἐν
2375 4807 2668 4878 τέσσαρσιν
2693 4809 2871 4863 ἔτεσιν
2893 4809 3102 4880 ὀφείλει
3135 4811 3517 4882 προσκλαίειν,
3543 4810 3653 4876 ἔξω

2068 4901 2168 4970 τῆς
2225 4897 2398 4968 θύρας
2467 4899 2645 4964 ἑστὼς
2711 4900 2806 4952 τοῦ
2850 4901 3145 4972 εὐκτηρίου
3191 4901 3367 4968 οίκου,
3415 4898 3660 4954 καὶτῶν

2071 4991 2350 5044 εἰσιόντων
2382 4991 2600 5046 πιστῶν
2616 4990 2878 5062 δεόμενος
2905 4991 3074 5063 εὐχὴν
3104 4993 3248 5063 ὑπὲρ
3268 4992 3448 5045 αὐτοῦ
3478 4993 3657 5046 ποιεῖ-

2077 5081 2225 5146 σθαι,
2258 5082 2610 5152 ἐξαγορεύων
2634 5083 2732 5151 τὴν
2783 5083 2922 5137 ἰδίαν
2978 5085 3356 5155 παρανομίαν·
3401 5084 3542 5155 μετὰ
3599 5083 3659 5137 δὲ

2076 5175 2255 5230 ταῦτα
2283 5175 2352 5228 τὰ
2375 5176 2620 5245 τέσσαρα
2649 5175 2748 5246 ἐτη
2780 5175 2862 5238 εἰς
2885 5173 3014 5238 τοὺς
3043 5175 3430 5248 ἀκροωμένους
3459 5175 3664 5245 δεχθή-

2079 5280 2257 5328 σεται,
2299 5263 2396 5318 καὶ
2426 5265 2484 5317 ἑν
2521 5262 2684 5316 πέντε
2722 5261 2871 5316 Ε-τεσι
2906 5263 3030 5331 μετ’
3059 5263 3244 5318 αὐτῶν
3273 5263 3619 5328 ἐξελεύσεται
3642 5278 3658 5292 ·

1629 5407 1819 5470 Guill.
1854 5410 2183 5501 Beveregji
2220 5419 2405 5476 notas.

463 5540 574 5612 (IS)
596 5541 662 5594 '0
691 5537 991 5612 ἀκουσίως
1021 5535 1346 5612 φυτεύσας.
1369 5531 1712 5612 _Scltol_iastcs
1736 5532 1964 5612 Harme-

391 5604 598 5681 nopul'i,
632 5611 769 5672 Τοὺς
824 5610 1005 5681 φονεῖς
1049 5609 1078 5658 ὀ
1111 5605 1451 5681 Νηστευτῂς,
1481 5605 1605 5681 τοὺς
1659 5604 1756 5681 μὲν
1806 5607 1966 5681 ex“...

389 5673 564 5746 σίούς,
588 5673 699 5736 ⁷ἐπὶ.
731 5673 1058 5746 πενταετίαν
1097 5673 1452 5746 καταδικᾴζει
1477 5689 1489 5702 ·
1523 5674 1649 5734 τοὺς
1702 5673 1758 5746 δὲ
1798 5677 1960 5727 ἀκου-

390 5741 659 5817 σίους-ἑπὶ
689 5749 957 5823 τριετίαν.
989 5743 1299 5801 Homicidas
1329 5741 1637 5813 Jejtmator,
1657 5743 1958 5800 voluntario

2075 5542 2286 5606 quidem
2346 5541 2398 5593 in
2453 5541 2933 5609 quinquagenuium
2983 5539 3297 5593 condemnat
3350 5554 3368 5592 :
3422 5551 3525 5589 non
3569 5552 3666 5590 vo-

2074 5612 2337 5735 ttmstarios
2414 5624 2590 5664 autem
2664 5611 2732 5663 ad
2806 5611 3112 5666 triennium.
3168 5609 3353 5663 “arm.
3416 5622 3505 5677 ep.
3568 5622 3664 5660 att.

2074 5696 2118 5735 s.
2185 5722 2200 5735 .
2244 5689 2284 5735 t.
2315 5682 2369 5735 5.

2073 5696 2118 5736 s.
2145 5696 2200 5749 ο,
2244 5696 2284 5735 ι.
2315 5701 2369 5736 ο.
