  <div class='ocr_page' id='page_1' title='image "/cluster/home/n/w/nwhite01/storage/ocr_20150623/138:no.2/coo.31924054870435/391.png"; bbox 0 0 4008 6422; ppageno 0'>
   <div class='ocr_carea' id='block_1_1' title="bbox 429 349 538 413">
    <p class='ocr_par' dir='ltr' id='par_1_1' title="bbox 429 349 538 413">
     <span class='ocr_line' id='line_1_1' title="bbox 429 349 538 413; baseline 0.018 -2"><span class='ocrx_word' id='word_1_1' title='bbox 429 349 538 413; x_wconf 82' lang='lat'><strong>767</strong></span> 
     </span>
    </p>
   </div>
   <div class='ocr_carea' id='block_1_2' title="bbox 1652 350 2371 415">
    <p class='ocr_par' dir='ltr' id='par_1_2' title="bbox 1652 350 2371 415">
     <span class='ocr_line' id='line_1_2' title="bbox 1652 350 2371 415; baseline 0 -4"><span class='ocrx_word' id='word_1_2' title='bbox 1652 350 1750 411; x_wconf 83' lang='grc' dir='ltr'><strong>ΤΗ</strong></span> <span class='ocrx_word' id='word_1_3' title='bbox 1766 353 1932 415; x_wconf 76' lang='lat' dir='ltr'><strong>EOD.</strong></span> <span class='ocrx_word' id='word_1_4' title='bbox 1973 350 2206 413; x_wconf 69' lang='lat' dir='ltr'><strong>BALSA</strong></span> <span class='ocrx_word' id='word_1_5' title='bbox 2217 351 2371 412; x_wconf 73' lang='grc' dir='ltr'><strong>ΜοΝ</strong></span> 
     </span>
    </p>
   </div>
   <div class='ocr_carea' id='block_1_3' title="bbox 3575 351 3697 415">
    <p class='ocr_par' dir='ltr' id='par_1_3' title="bbox 3575 351 3697 415">
     <span class='ocr_line' id='line_1_3' title="bbox 3575 351 3697 415; baseline 0.057 -6"><span class='ocrx_word' id='word_1_6' title='bbox 3575 351 3697 415; x_wconf 75' lang='lat'><strong>768</strong></span> 
     </span>
    </p>
   </div>
   <div class='ocr_carea' id='block_1_4' title="bbox 435 459 2014 538">
    <p class='ocr_par' dir='ltr' id='par_1_4' title="bbox 435 459 2006 537">
     <span class='ocr_line' id='line_1_4' title="bbox 435 459 2006 537; baseline -0.002 -13"><span class='ocrx_word' id='word_1_7' title='bbox 435 459 688 524; x_wconf 83' lang='lat' dir='ltr'><strong>minister</strong></span> <span class='ocrx_word' id='word_1_8' title='bbox 723 466 898 522; x_wconf 80' lang='lat' dir='ltr'><strong>factus</strong></span> <span class='ocrx_word' id='word_1_9' title='bbox 942 466 1032 532; x_wconf 89' lang='lat' dir='ltr'><strong>sit,</strong></span> <span class='ocrx_word' id='word_1_10' title='bbox 1079 482 1175 521; x_wconf 87' lang='lat' dir='ltr'><strong>suo</strong></span> <span class='ocrx_word' id='word_1_11' title='bbox 1202 467 1367 537; x_wconf 74' lang='lat' dir='ltr'><strong>gradu</strong></span> <span class='ocrx_word' id='word_1_12' title='bbox 1399 467 1744 531; x_wconf 69' lang='lat' dir='ltr'><strong>eXltlt&#39;DPltlr,</strong></span> <span class='ocrx_word' id='word_1_13' title='bbox 1787 469 2006 534; x_wconf 67' lang='lat' dir='ltr'><strong>cognito</strong></span> 
     </span>
    </p>
   </div>
   <div class='ocr_carea' id='block_1_5' title="bbox 2119 459 3706 538">
    <p class='ocr_par' dir='ltr' id='par_1_5' title="bbox 2119 467 3706 538">
     <span class='ocr_line' id='line_1_5' title="bbox 2119 467 3706 538; baseline 0.003 -21"><span class='ocrx_word' id='word_1_14' title='bbox 2119 467 2301 530; x_wconf 66' lang='grc' dir='ltr'>αὑτοῦ,</span> <span class='ocrx_word' id='word_1_15' title='bbox 2344 468 2772 535; x_wconf 66' lang='grc' dir='ltr'>διαγνωσθέντος</span> <span class='ocrx_word' id='word_1_16' title='bbox 2798 469 2892 520; x_wconf 70' lang='grc' dir='ltr'>τοῦ</span> <span class='ocrx_word' id='word_1_17' title='bbox 2934 467 3354 538; x_wconf 71' lang='grc' dir='ltr'>άμαρτήματο</span> <span class='ocrx_word' id='word_1_18' title='bbox 3382 467 3491 521; x_wconf 75' lang='grc' dir='ltr'><strong>Καὶ</strong></span> <span class='ocrx_word' id='word_1_19' title='bbox 3511 471 3706 522; x_wconf 71' lang='grc' dir='ltr'>ταῦτα</span> 
     </span>
    </p>
   </div>
   <div class='ocr_carea' id='block_1_6' title="bbox 434 560 2001 630">
    <p class='ocr_par' dir='ltr' id='par_1_6' title="bbox 434 560 2001 630">
     <span class='ocr_line' id='line_1_6' title="bbox 434 560 2001 630; baseline -0.001 -16"><span class='ocrx_word' id='word_1_20' title='bbox 434 560 680 614; x_wconf 86' lang='lat' dir='ltr'><strong>crimine.</strong></span> <span class='ocrx_word' id='word_1_21' title='bbox 728 561 793 614; x_wconf 86' lang='lat' dir='ltr'><strong>Et</strong></span> <span class='ocrx_word' id='word_1_22' title='bbox 835 561 948 614; x_wconf 72' lang='lat' dir='ltr'><strong>hrcc</strong></span> <span class='ocrx_word' id='word_1_23' title='bbox 990 562 1207 630; x_wconf 84' lang='lat' dir='ltr'><strong>quidem</strong></span> <span class='ocrx_word' id='word_1_24' title='bbox 1253 561 1356 615; x_wconf 87' lang='lat' dir='ltr'><strong>hoc</strong></span> <span class='ocrx_word' id='word_1_25' title='bbox 1396 562 1568 616; x_wconf 90' lang='lat' dir='ltr'><strong>modo.</strong></span> <span class='ocrx_word' id='word_1_26' title='bbox 1605 560 1760 617; x_wconf 83' lang='lat' dir='ltr'><strong>Scias</strong></span> <span class='ocrx_word' id='word_1_27' title='bbox 1800 572 2001 624; x_wconf 88' lang='lat' dir='ltr'><strong>autem,</strong></span> 
     </span>
    </p>
   </div>
   <div class='ocr_carea' id='block_1_7' title="bbox 434 653 2004 724">
    <p class='ocr_par' dir='ltr' id='par_1_7' title="bbox 434 653 2004 724">
     <span class='ocr_line' id='line_1_7' title="bbox 434 653 2004 724; baseline 0.001 -20"><span class='ocrx_word' id='word_1_28' title='bbox 434 653 613 720; x_wconf 84' lang='lat' dir='ltr'><strong>quod,</strong></span> <span class='ocrx_word' id='word_1_29' title='bbox 669 668 792 722; x_wconf 66' lang='lat' dir='ltr'><strong>quae</strong></span> <span class='ocrx_word' id='word_1_30' title='bbox 843 653 946 707; x_wconf 90' lang='lat' dir='ltr'><strong>hoc</strong></span> <span class='ocrx_word' id='word_1_31' title='bbox 985 667 1195 707; x_wconf 83' lang='lat' dir='ltr'><strong>canone</strong></span> <span class='ocrx_word' id='word_1_32' title='bbox 1234 654 1601 716; x_wconf 90' lang='lat' dir='ltr'><strong>continentur,</strong></span> <span class='ocrx_word' id='word_1_33' title='bbox 1656 654 1708 707; x_wconf 91' lang='lat' dir='ltr'><strong>in</strong></span> <span class='ocrx_word' id='word_1_34' title='bbox 1764 653 2004 724; x_wconf 82' lang='lat' dir='ltr'><strong>synodali</strong></span> 
     </span>
    </p>
   </div>
   <div class='ocr_carea' id='block_1_8' title="bbox 426 740 2004 808">
    <p class='ocr_par' dir='ltr' id='par_1_8' title="bbox 426 740 2004 808">
     <span class='ocr_line' id='line_1_8' title="bbox 426 740 2004 808; baseline -0.001 -13"><span class='ocrx_word' id='word_1_35' title='bbox 426 740 638 808; x_wconf 82' lang='lat' dir='ltr'><strong>judicio</strong></span> <span class='ocrx_word' id='word_1_36' title='bbox 663 741 812 796; x_wconf 76' lang='lat' dir='ltr'><strong>varie</strong></span> <span class='ocrx_word' id='word_1_37' title='bbox 847 742 1146 808; x_wconf 88' lang='lat' dir='ltr'><strong>disceptata</strong></span> <span class='ocrx_word' id='word_1_38' title='bbox 1179 750 1327 808; x_wconf 80' lang='lat' dir='ltr'><strong>sunt,</strong></span> <span class='ocrx_word' id='word_1_39' title='bbox 1379 753 1432 798; x_wconf 90' lang='lat' dir='ltr'><strong>et</strong></span> <span class='ocrx_word' id='word_1_40' title='bbox 1472 743 1731 797; x_wconf 82' lang='lat' dir='ltr'><strong>dixerunt</strong></span> <span class='ocrx_word' id='word_1_41' title='bbox 1759 742 2004 796; x_wconf 86' lang='lat' dir='ltr'><strong>nonnulli</strong></span> 
     </span>
    </p>
   </div>
   <div class='ocr_carea' id='block_1_9' title="bbox 435 833 2004 903">
    <p class='ocr_par' dir='ltr' id='par_1_9' title="bbox 435 833 2004 903">
     <span class='ocr_line' id='line_1_9' title="bbox 435 833 2004 903; baseline 0.001 -16"><span class='ocrx_word' id='word_1_42' title='bbox 435 834 553 888; x_wconf 63' lang='lat' dir='ltr'><strong>haec</strong></span> <span class='ocrx_word' id='word_1_43' title='bbox 595 833 768 887; x_wconf 90' lang='lat' dir='ltr'><strong>locum</strong></span> <span class='ocrx_word' id='word_1_44' title='bbox 825 833 1118 899; x_wconf 84' lang='lat' dir='ltr'><strong>habuisse,</strong></span> <span class='ocrx_word' id='word_1_45' title='bbox 1165 835 1382 903; x_wconf 82' lang='lat' dir='ltr'><strong>quando</strong></span> <span class='ocrx_word' id='word_1_46' title='bbox 1418 835 1689 903; x_wconf 83' lang='lat' dir='ltr'><strong>sponsalia</strong></span> <span class='ocrx_word' id='word_1_47' title='bbox 1736 848 2004 890; x_wconf 86' lang='lat' dir='ltr'><strong>consensu</strong></span> 
     </span>
    </p>
   </div>
   <div class='ocr_carea' id='block_1_10' title="bbox 435 925 2005 992">
    <p class='ocr_par' dir='ltr' id='par_1_10' title="bbox 435 925 2005 992">
     <span class='ocr_line' id='line_1_10' title="bbox 435 925 2005 992; baseline -0.001 -12"><span class='ocrx_word' id='word_1_48' title='bbox 435 926 898 980; x_wconf 89' lang='lat' dir='ltr'><strong>contrahebantur</strong></span> <span class='ocrx_word' id='word_1_49' title='bbox 968 933 1022 980; x_wconf 90' lang='lat' dir='ltr'><strong>et</strong></span> <span class='ocrx_word' id='word_1_50' title='bbox 1090 925 1536 980; x_wconf 85' lang='lat' dir='ltr'><strong>dissolvehantur.</strong></span> <span class='ocrx_word' id='word_1_51' title='bbox 1594 925 1749 980; x_wconf 86' lang='lat' dir='ltr'><strong>Nunc</strong></span> <span class='ocrx_word' id='word_1_52' title='bbox 1805 935 2005 992; x_wconf 88' lang='lat' dir='ltr'><strong>autem,</strong></span> 
     </span>
    </p>
   </div>
   <div class='ocr_carea' id='block_1_11' title="bbox 438 1018 2007 1088">
    <p class='ocr_par' dir='ltr' id='par_1_11' title="bbox 438 1018 2007 1088">
     <span class='ocr_line' id='line_1_11' title="bbox 438 1018 2007 1088; baseline -0.001 -15"><span class='ocrx_word' id='word_1_53' title='bbox 438 1019 656 1088; x_wconf 85' lang='lat' dir='ltr'><strong>quando</strong></span> <span class='ocrx_word' id='word_1_54' title='bbox 688 1034 791 1072; x_wconf 92' lang='lat' dir='ltr'><strong>uon</strong></span> <span class='ocrx_word' id='word_1_55' title='bbox 825 1019 982 1072; x_wconf 88' lang='lat' dir='ltr'><strong>aliter</strong></span> <span class='ocrx_word' id='word_1_56' title='bbox 1019 1018 1419 1072; x_wconf 86' lang='lat' dir='ltr'><strong>contrahuntur</strong></span> <span class='ocrx_word' id='word_1_57' title='bbox 1456 1033 1553 1072; x_wconf 86' lang='lat' dir='ltr'><strong>nec</strong></span> <span class='ocrx_word' id='word_1_58' title='bbox 1587 1021 1870 1072; x_wconf 88' lang='lat' dir='ltr'><strong>solvuntur</strong></span> <span class='ocrx_word' id='word_1_59' title='bbox 1904 1018 2007 1073; x_wconf 86' lang='lat' dir='ltr'><strong>nisi</strong></span> 
     </span>
    </p>
   </div>
   <div class='ocr_carea' id='block_1_12' title="bbox 433 1108 2009 1180">
    <p class='ocr_par' dir='ltr' id='par_1_12' title="bbox 433 1108 2009 1180">
     <span class='ocr_line' id='line_1_12' title="bbox 433 1108 2009 1180; baseline -0.001 -15"><span class='ocrx_word' id='word_1_60' title='bbox 433 1110 506 1166; x_wconf 84' lang='lat' dir='ltr'><strong>iis</strong></span> <span class='ocrx_word' id='word_1_61' title='bbox 557 1111 732 1165; x_wconf 85' lang='lat' dir='ltr'><strong>modis</strong></span> <span class='ocrx_word' id='word_1_62' title='bbox 773 1119 828 1164; x_wconf 89' lang='lat' dir='ltr'><strong>et</strong></span> <span class='ocrx_word' id='word_1_63' title='bbox 883 1112 1112 1176; x_wconf 87' lang='lat' dir='ltr'><strong>causis;</strong></span> <span class='ocrx_word' id='word_1_64' title='bbox 1172 1111 1368 1178; x_wconf 88' lang='lat' dir='ltr'><strong>quibus</strong></span> <span class='ocrx_word' id='word_1_65' title='bbox 1437 1108 1732 1180; x_wconf 81' lang='lat' dir='ltr'><strong>perfectum</strong></span> <span class='ocrx_word' id='word_1_66' title='bbox 1797 1124 2009 1177; x_wconf 90' lang='lat' dir='ltr'><strong>quoque</strong></span> 
     </span>
    </p>
   </div>
   <div class='ocr_carea' id='block_1_13' title="bbox 435 1202 2008 1268">
    <p class='ocr_par' dir='ltr' id='par_1_13' title="bbox 435 1202 2008 1268">
     <span class='ocr_line' id='line_1_13' title="bbox 435 1202 2008 1268; baseline 0 -12"><span class='ocrx_word' id='word_1_67' title='bbox 435 1203 844 1258; x_wconf 76' lang='lat' dir='ltr'><strong>matrimonium</strong></span> <span class='ocrx_word' id='word_1_68' title='bbox 889 1203 1236 1257; x_wconf 84' lang='lat' dir='ltr'><strong>contrahitur</strong></span> <span class='ocrx_word' id='word_1_69' title='bbox 1278 1211 1333 1258; x_wconf 88' lang='lat' dir='ltr'><strong>et</strong></span> <span class='ocrx_word' id='word_1_70' title='bbox 1365 1203 1618 1268; x_wconf 86' lang='lat' dir='ltr'><strong>solvitur,</strong></span> <span class='ocrx_word' id='word_1_71' title='bbox 1672 1204 1787 1258; x_wconf 65' lang='lat' dir='ltr'><strong>haec</strong></span> <span class='ocrx_word' id='word_1_72' title='bbox 1823 1202 2008 1256; x_wconf 82' lang='lat' dir='ltr'><strong>omnia</strong></span> 
     </span>
    </p>
   </div>
   <div class='ocr_carea' id='block_1_14' title="bbox 434 1293 2006 1363">
    <p class='ocr_par' dir='ltr' id='par_1_14' title="bbox 434 1293 2006 1363">
     <span class='ocr_line' id='line_1_14' title="bbox 434 1293 2006 1363; baseline -0.001 -15"><span class='ocrx_word' id='word_1_73' title='bbox 434 1296 806 1353; x_wconf 81' lang='lat' dir='ltr'><strong>exoleverunt.</strong></span> <span class='ocrx_word' id='word_1_74' title='bbox 856 1293 1012 1349; x_wconf 84' lang='lat' dir='ltr'><strong>Unde</strong></span> <span class='ocrx_word' id='word_1_75' title='bbox 1058 1311 1156 1349; x_wconf 86' lang='lat' dir='ltr'><strong>nec</strong></span> <span class='ocrx_word' id='word_1_76' title='bbox 1203 1296 1534 1363; x_wconf 87' lang='lat' dir='ltr'><strong>permittitur</strong></span> <span class='ocrx_word' id='word_1_77' title='bbox 1577 1296 1738 1350; x_wconf 88' lang='lat' dir='ltr'><strong>alicui</strong></span> <span class='ocrx_word' id='word_1_78' title='bbox 1797 1310 2006 1356; x_wconf 86' lang='lat' dir='ltr'><strong>eorum,</strong></span> 
     </span>
    </p>
   </div>
   <div class='ocr_carea' id='block_1_15' title="bbox 435 1388 2008 1458">
    <p class='ocr_par' dir='ltr' id='par_1_15' title="bbox 435 1388 2008 1458">
     <span class='ocr_line' id='line_1_15' title="bbox 435 1388 2008 1458; baseline 0.003 -19"><span class='ocrx_word' id='word_1_79' title='bbox 435 1389 525 1457; x_wconf 89' lang='lat' dir='ltr'><strong>qui</strong></span> <span class='ocrx_word' id='word_1_80' title='bbox 560 1396 781 1442; x_wconf 80' lang='lat' dir='ltr'><strong>suntex</strong></span> <span class='ocrx_word' id='word_1_81' title='bbox 827 1388 1084 1442; x_wconf 85' lang='lat' dir='ltr'><strong>tribunali</strong></span> <span class='ocrx_word' id='word_1_82' title='bbox 1136 1399 1312 1442; x_wconf 83' lang='lat' dir='ltr'><strong>morte</strong></span> <span class='ocrx_word' id='word_1_83' title='bbox 1356 1389 1441 1443; x_wconf 85' lang='lat' dir='ltr'><strong>vel</strong></span> <span class='ocrx_word' id='word_1_84' title='bbox 1495 1389 1670 1458; x_wconf 84' lang='lat' dir='ltr'><strong>aliqua</strong></span> <span class='ocrx_word' id='word_1_85' title='bbox 1706 1389 1809 1442; x_wconf 88' lang='lat' dir='ltr'><strong>alia</strong></span> <span class='ocrx_word' id='word_1_86' title='bbox 1844 1404 2008 1444; x_wconf 83' lang='lat' dir='ltr'><strong>causa</strong></span> 
     </span>
    </p>
   </div>
   <div class='ocr_carea' id='block_1_16' title="bbox 434 1481 2009 1553">
    <p class='ocr_par' dir='ltr' id='par_1_16' title="bbox 434 1481 2009 1553">
     <span class='ocr_line' id='line_1_16' title="bbox 434 1481 2009 1553; baseline 0.001 -19"><span class='ocrx_word' id='word_1_87' title='bbox 434 1491 564 1534; x_wconf 88' lang='lat' dir='ltr'><strong>ante</strong></span> <span class='ocrx_word' id='word_1_88' title='bbox 610 1481 829 1548; x_wconf 80' lang='lat' dir='ltr'><strong>nuptias</strong></span> <span class='ocrx_word' id='word_1_89' title='bbox 877 1495 906 1534; x_wconf 88' lang='lat' dir='ltr'><strong>a</strong></span> <span class='ocrx_word' id='word_1_90' title='bbox 959 1496 1056 1535; x_wconf 88' lang='lat' dir='ltr'><strong>suo</strong></span> <span class='ocrx_word' id='word_1_91' title='bbox 1095 1497 1292 1548; x_wconf 88' lang='lat' dir='ltr'><strong>sponsa</strong></span> <span class='ocrx_word' id='word_1_92' title='bbox 1342 1493 1620 1553; x_wconf 83' lang='lat' dir='ltr'><strong>separato,</strong></span> <span class='ocrx_word' id='word_1_93' title='bbox 1658 1483 1747 1537; x_wconf 82' lang='lat' dir='ltr'><strong>alii</strong></span> <span class='ocrx_word' id='word_1_94' title='bbox 1797 1483 2009 1536; x_wconf 87' lang='lat' dir='ltr'><strong>mulieri</strong></span> 
     </span>
    </p>
   </div>
   <div class='ocr_carea' id='block_1_17' title="bbox 437 1573 2012 1644">
    <p class='ocr_par' dir='ltr' id='par_1_17' title="bbox 437 1573 2012 1644">
     <span class='ocr_line' id='line_1_17' title="bbox 437 1573 2012 1644; baseline 0 -16"><span class='ocrx_word' id='word_1_95' title='bbox 437 1573 722 1641; x_wconf 74' lang='lat' dir='ltr'><strong>conjungi,</strong></span> <span class='ocrx_word' id='word_1_96' title='bbox 754 1583 805 1626; x_wconf 90' lang='lat' dir='ltr'><strong>et</strong></span> <span class='ocrx_word' id='word_1_97' title='bbox 836 1574 882 1627; x_wconf 89' lang='lat' dir='ltr'><strong>is</strong></span> <span class='ocrx_word' id='word_1_98' title='bbox 911 1575 1000 1641; x_wconf 91' lang='lat' dir='ltr'><strong>qui</strong></span> <span class='ocrx_word' id='word_1_99' title='bbox 1030 1575 1132 1628; x_wconf 91' lang='lat' dir='ltr'><strong>hoc</strong></span> <span class='ocrx_word' id='word_1_100' title='bbox 1163 1573 1379 1639; x_wconf 79' lang='lat' dir='ltr'><strong>fecerit,</strong></span> <span class='ocrx_word' id='word_1_101' title='bbox 1423 1583 1477 1628; x_wconf 89' lang='lat' dir='ltr'><strong>ut</strong></span> <span class='ocrx_word' id='word_1_102' title='bbox 1501 1575 1751 1642; x_wconf 79' lang='lat' dir='ltr'><strong>bigamus</strong></span> <span class='ocrx_word' id='word_1_103' title='bbox 1784 1575 2012 1644; x_wconf 91' lang='lat' dir='ltr'><strong>deponi-</strong></span> 
     </span>
    </p>
   </div>
   <div class='ocr_carea' id='block_1_18' title="bbox 437 1664 2008 1734">
    <p class='ocr_par' dir='ltr' id='par_1_18' title="bbox 437 1664 2008 1734">
     <span class='ocr_line' id='line_1_18' title="bbox 437 1664 2008 1734; baseline 0.002 -17"><span class='ocrx_word' id='word_1_104' title='bbox 437 1675 527 1718; x_wconf 90' lang='lat' dir='ltr'><strong>tur</strong></span> <span class='ocrx_word' id='word_1_105' title='bbox 563 1683 577 1718; x_wconf 88' lang='lat'><strong>:</strong></span> <span class='ocrx_word' id='word_1_106' title='bbox 636 1664 888 1719; x_wconf 88' lang='lat' dir='ltr'><strong>similiter</strong></span> <span class='ocrx_word' id='word_1_107' title='bbox 921 1675 975 1718; x_wconf 89' lang='lat' dir='ltr'><strong>et</strong></span> <span class='ocrx_word' id='word_1_108' title='bbox 1014 1665 1184 1718; x_wconf 85' lang='lat' dir='ltr'><strong>lector</strong></span> <span class='ocrx_word' id='word_1_109' title='bbox 1227 1665 1315 1733; x_wconf 91' lang='lat' dir='ltr'><strong>qui</strong></span> <span class='ocrx_word' id='word_1_110' title='bbox 1372 1665 1424 1718; x_wconf 91' lang='lat' dir='ltr'><strong>in</strong></span> <span class='ocrx_word' id='word_1_111' title='bbox 1476 1667 1582 1719; x_wconf 87' lang='lat' dir='ltr'><strong>tale</strong></span> <span class='ocrx_word' id='word_1_112' title='bbox 1628 1664 1757 1734; x_wconf 88' lang='lat' dir='ltr'><strong>quid</strong></span> <span class='ocrx_word' id='word_1_113' title='bbox 1800 1666 2008 1728; x_wconf 85' lang='lat' dir='ltr'><strong>incidit.</strong></span> 
     </span>
    </p>
   </div>
   <div class='ocr_carea' id='block_1_19' title="bbox 435 1755 2008 1827">
    <p class='ocr_par' dir='ltr' id='par_1_19' title="bbox 435 1755 2008 1827">
     <span class='ocr_line' id='line_1_19' title="bbox 435 1755 2008 1827; baseline 0.003 -18"><span class='ocrx_word' id='word_1_114' title='bbox 435 1760 502 1809; x_wconf 84' lang='lat' dir='ltr'><strong>ad</strong></span> <span class='ocrx_word' id='word_1_115' title='bbox 533 1755 697 1810; x_wconf 84' lang='lat' dir='ltr'><strong>alium</strong></span> <span class='ocrx_word' id='word_1_116' title='bbox 727 1759 953 1826; x_wconf 80' lang='lat' dir='ltr'><strong>gradum</strong></span> <span class='ocrx_word' id='word_1_117' title='bbox 990 1773 1095 1812; x_wconf 89' lang='lat' dir='ltr'><strong>non</strong></span> <span class='ocrx_word' id='word_1_118' title='bbox 1135 1768 1504 1827; x_wconf 84' lang='lat' dir='ltr'><strong>promovetur.</strong></span> <span class='ocrx_word' id='word_1_119' title='bbox 1544 1758 1806 1813; x_wconf 80' lang='lat' dir='ltr'><strong>Volebam</strong></span> <span class='ocrx_word' id='word_1_120' title='bbox 1833 1771 2008 1814; x_wconf 88' lang='lat' dir='ltr'><strong>autem</strong></span> 
     </span>
    </p>
   </div>
   <div class='ocr_carea' id='block_1_20' title="bbox 434 1847 2010 1917">
    <p class='ocr_par' dir='ltr' id='par_1_20' title="bbox 434 1847 2010 1917">
     <span class='ocr_line' id='line_1_20' title="bbox 434 1847 2010 1917; baseline 0.004 -18"><span class='ocrx_word' id='word_1_121' title='bbox 434 1860 558 1899; x_wconf 87' lang='lat' dir='ltr'><strong>eum</strong></span> <span class='ocrx_word' id='word_1_122' title='bbox 595 1861 834 1914; x_wconf 89' lang='lat' dir='ltr'><strong>quoque,</strong></span> <span class='ocrx_word' id='word_1_123' title='bbox 869 1848 960 1914; x_wconf 89' lang='lat' dir='ltr'><strong>qui</strong></span> <span class='ocrx_word' id='word_1_124' title='bbox 1011 1847 1172 1902; x_wconf 90' lang='lat' dir='ltr'><strong>hodie</strong></span> <span class='ocrx_word' id='word_1_125' title='bbox 1200 1863 1322 1904; x_wconf 86' lang='lat' dir='ltr'><strong>cum</strong></span> <span class='ocrx_word' id='word_1_126' title='bbox 1369 1865 1464 1904; x_wconf 89' lang='lat' dir='ltr'><strong>sua</strong></span> <span class='ocrx_word' id='word_1_127' title='bbox 1512 1864 1711 1917; x_wconf 88' lang='lat' dir='ltr'><strong>sponsa</strong></span> <span class='ocrx_word' id='word_1_128' title='bbox 1746 1867 1856 1905; x_wconf 89' lang='lat' dir='ltr'><strong>rem</strong></span> <span class='ocrx_word' id='word_1_129' title='bbox 1909 1851 2010 1905; x_wconf 84' lang='lat' dir='ltr'><strong>ha-</strong></span> 
     </span>
    </p>
   </div>
   <div class='ocr_carea' id='block_1_21' title="bbox 435 1935 2010 2011">
    <p class='ocr_par' dir='ltr' id='par_1_21' title="bbox 435 1935 2010 2011">
     <span class='ocr_line' id='line_1_21' title="bbox 435 1935 2010 2011; baseline 0.006 -22"><span class='ocrx_word' id='word_1_130' title='bbox 435 1935 577 2003; x_wconf 83' lang='lat' dir='ltr'><strong>buit,</strong></span> <span class='ocrx_word' id='word_1_131' title='bbox 633 1938 684 1991; x_wconf 92' lang='lat' dir='ltr'><strong>id</strong></span> <span class='ocrx_word' id='word_1_132' title='bbox 732 1939 954 2007; x_wconf 85' lang='lat' dir='ltr'><strong>impune</strong></span> <span class='ocrx_word' id='word_1_133' title='bbox 1005 1939 1220 2006; x_wconf 78' lang='lat' dir='ltr'><strong>fecisse,</strong></span> <span class='ocrx_word' id='word_1_134' title='bbox 1282 1944 1423 2009; x_wconf 87' lang='lat' dir='ltr'><strong>quod</strong></span> <span class='ocrx_word' id='word_1_135' title='bbox 1465 1957 1569 1995; x_wconf 91' lang='lat' dir='ltr'><strong>non</strong></span> <span class='ocrx_word' id='word_1_136' title='bbox 1615 1952 1835 2011; x_wconf 89' lang='lat' dir='ltr'><strong>possunt</strong></span> <span class='ocrx_word' id='word_1_137' title='bbox 1875 1944 2010 1998; x_wconf 86' lang='lat' dir='ltr'><strong>solvi</strong></span> 
     </span>
    </p>
   </div>
   <div class='ocr_carea' id='block_1_22' title="bbox 439 2030 2012 2106">
    <p class='ocr_par' dir='ltr' id='par_1_22' title="bbox 439 2030 2012 2106">
     <span class='ocr_line' id='line_1_22' title="bbox 439 2030 2012 2106; baseline 0.007 -27"><span class='ocrx_word' id='word_1_138' title='bbox 439 2030 734 2096; x_wconf 84' lang='lat' dir='ltr'><strong>sponsalia.</strong></span> <span class='ocrx_word' id='word_1_139' title='bbox 787 2031 919 2085; x_wconf 87' lang='lat' dir='ltr'><strong>Cum</strong></span> <span class='ocrx_word' id='word_1_140' title='bbox 968 2043 1146 2086; x_wconf 90' lang='lat' dir='ltr'><strong>autem</strong></span> <span class='ocrx_word' id='word_1_141' title='bbox 1205 2042 1468 2106; x_wconf 77' lang='lat' dir='ltr'><strong>angustus</strong></span> <span class='ocrx_word' id='word_1_142' title='bbox 1525 2034 1612 2088; x_wconf 86' lang='lat' dir='ltr'><strong>ille</strong></span> <span class='ocrx_word' id='word_1_143' title='bbox 1657 2044 1709 2088; x_wconf 89' lang='lat' dir='ltr'><strong>et</strong></span> <span class='ocrx_word' id='word_1_144' title='bbox 1782 2050 2012 2104; x_wconf 81' lang='lat' dir='ltr'><strong>magnus</strong></span> 
     </span>
    </p>
   </div>
   <div class='ocr_carea' id='block_1_23' title="bbox 439 2123 2014 2194">
    <p class='ocr_par' dir='ltr' id='par_1_23' title="bbox 439 2123 2014 2194">
     <span class='ocr_line' id='line_1_23' title="bbox 439 2123 2014 2194; baseline 0.004 -19"><span class='ocrx_word' id='word_1_145' title='bbox 439 2123 768 2185; x_wconf 71' lang='lat' dir='ltr'><strong>drungarius</strong></span> <span class='ocrx_word' id='word_1_146' title='bbox 813 2124 1068 2178; x_wconf 88' lang='lat' dir='ltr'><strong>dominus</strong></span> <span class='ocrx_word' id='word_1_147' title='bbox 1124 2125 1446 2194; x_wconf 71' lang='lat' dir='ltr'><strong>Stephanus!</strong></span> <span class='ocrx_word' id='word_1_148' title='bbox 1506 2126 1815 2182; x_wconf 90' lang='lat' dir='ltr'><strong>Comnenus</strong></span> <span class='ocrx_word' id='word_1_149' title='bbox 1867 2136 2014 2184; x_wconf 90' lang='lat' dir='ltr'><strong>esset</strong></span> 
     </span>
    </p>
   </div>
   <div class='ocr_carea' id='block_1_24' title="bbox 441 2212 2013 2286">
    <p class='ocr_par' dir='ltr' id='par_1_24' title="bbox 441 2212 2013 2286">
     <span class='ocr_line' id='line_1_24' title="bbox 441 2212 2013 2286; baseline 0.007 -22"><span class='ocrx_word' id='word_1_150' title='bbox 441 2212 791 2267; x_wconf 87' lang='lat' dir='ltr'><strong>matrimonio</strong></span> <span class='ocrx_word' id='word_1_151' title='bbox 830 2213 1141 2282; x_wconf 78' lang='lat' dir='ltr'><strong>jungendus</strong></span> <span class='ocrx_word' id='word_1_152' title='bbox 1189 2217 1422 2271; x_wconf 75' lang='lat' dir='ltr'><strong>domina:</strong></span> <span class='ocrx_word' id='word_1_153' title='bbox 1475 2216 1767 2271; x_wconf 66' lang='lat' dir='ltr'><strong>Eudochire</strong></span> <span class='ocrx_word' id='word_1_154' title='bbox 1797 2219 2013 2286; x_wconf 78' lang='lat' dir='ltr'><strong>augusti</strong></span> 
     </span>
    </p>
   </div>
   <div class='ocr_carea' id='block_1_25' title="bbox 439 2302 2016 2370">
    <p class='ocr_par' dir='ltr' id='par_1_25' title="bbox 439 2302 2016 2370">
     <span class='ocr_line' id='line_1_25' title="bbox 439 2302 2016 2370; baseline 0.004 -16"><span class='ocrx_word' id='word_1_155' title='bbox 439 2302 586 2357; x_wconf 88' lang='lat' dir='ltr'><strong>illius</strong></span> <span class='ocrx_word' id='word_1_156' title='bbox 613 2312 662 2357; x_wconf 80' lang='lat' dir='ltr'><strong>et</strong></span> <span class='ocrx_word' id='word_1_157' title='bbox 699 2303 880 2369; x_wconf 78' lang='lat' dir='ltr'><strong>magni</strong></span> <span class='ocrx_word' id='word_1_158' title='bbox 913 2304 1198 2358; x_wconf 84' lang='lat' dir='ltr'><strong>domestici</strong></span> <span class='ocrx_word' id='word_1_159' title='bbox 1247 2304 1708 2360; x_wconf 85' lang='lat' dir='ltr'><strong>dominiJoannis</strong></span> <span class='ocrx_word' id='word_1_160' title='bbox 1753 2307 1876 2361; x_wconf 63' lang='lat' dir='ltr'><strong>ﬁlia:</strong></span> <span class='ocrx_word' id='word_1_161' title='bbox 1907 2347 1920 2370; x_wconf 93' lang='lat'><strong>,</strong></span> <span class='ocrx_word' id='word_1_162' title='bbox 1959 2315 2016 2361; x_wconf 86' lang='lat' dir='ltr'><strong>et</strong></span> 
     </span>
    </p>
   </div>
   <div class='ocr_carea' id='block_1_26' title="bbox 441 2395 2013 2469">
    <p class='ocr_par' dir='ltr' id='par_1_26' title="bbox 441 2395 2013 2469">
     <span class='ocr_line' id='line_1_26' title="bbox 441 2395 2013 2469; baseline 0.006 -23"><span class='ocrx_word' id='word_1_163' title='bbox 441 2395 848 2462; x_wconf 87' lang='lat' dir='ltr'><strong>prohiberetur,</strong></span> <span class='ocrx_word' id='word_1_164' title='bbox 902 2411 967 2451; x_wconf 90' lang='lat' dir='ltr'><strong>eo</strong></span> <span class='ocrx_word' id='word_1_165' title='bbox 1006 2399 1149 2466; x_wconf 89' lang='lat' dir='ltr'><strong>quod</strong></span> <span class='ocrx_word' id='word_1_166' title='bbox 1221 2414 1378 2453; x_wconf 90' lang='lat' dir='ltr'><strong>soror</strong></span> <span class='ocrx_word' id='word_1_167' title='bbox 1419 2401 1536 2469; x_wconf 86' lang='lat' dir='ltr'><strong>ejus</strong></span> <span class='ocrx_word' id='word_1_168' title='bbox 1578 2401 1801 2454; x_wconf 88' lang='lat' dir='ltr'><strong>domina</strong></span> <span class='ocrx_word' id='word_1_169' title='bbox 1853 2401 2013 2456; x_wconf 88' lang='lat' dir='ltr'><strong>lrene</strong></span> 
     </span>
    </p>
   </div>
   <div class='ocr_carea' id='block_1_27' title="bbox 435 2485 2016 2562">
    <p class='ocr_par' dir='ltr' id='par_1_27' title="bbox 435 2485 2016 2562">
     <span class='ocr_line' id='line_1_27' title="bbox 435 2485 2016 2562; baseline 0.007 -22"><span class='ocrx_word' id='word_1_170' title='bbox 435 2485 704 2556; x_wconf 82' lang='lat' dir='ltr'><strong>desponsa</strong></span> <span class='ocrx_word' id='word_1_171' title='bbox 735 2498 880 2544; x_wconf 87' lang='lat' dir='ltr'><strong>esset</strong></span> <span class='ocrx_word' id='word_1_172' title='bbox 923 2490 996 2542; x_wconf 88' lang='lat' dir='ltr'><strong>illi</strong></span> <span class='ocrx_word' id='word_1_173' title='bbox 1031 2491 1275 2558; x_wconf 79' lang='lat' dir='ltr'><strong>Augusto</strong></span> <span class='ocrx_word' id='word_1_174' title='bbox 1300 2493 1444 2545; x_wconf 92' lang='lat' dir='ltr'><strong>dom.</strong></span> <span class='ocrx_word' id='word_1_175' title='bbox 1482 2493 1675 2546; x_wconf 78' lang='lat' dir='ltr'><strong>Alexio</strong></span> <span class='ocrx_word' id='word_1_176' title='bbox 1714 2494 1766 2547; x_wconf 92' lang='lat' dir='ltr'><strong>in</strong></span> <span class='ocrx_word' id='word_1_177' title='bbox 1821 2494 2016 2562; x_wconf 82' lang='lat' dir='ltr'><strong>primis</strong></span> 
     </span>
    </p>
   </div>
   <div class='ocr_carea' id='block_1_28' title="bbox 435 2578 2017 2653">
    <p class='ocr_par' dir='ltr' id='par_1_28' title="bbox 435 2578 2017 2653">
     <span class='ocr_line' id='line_1_28' title="bbox 435 2578 2017 2653; baseline 0.006 -23"><span class='ocrx_word' id='word_1_178' title='bbox 435 2578 663 2646; x_wconf 80' lang='lat' dir='ltr'><strong>Augusti</strong></span> <span class='ocrx_word' id='word_1_179' title='bbox 714 2580 860 2633; x_wconf 92' lang='lat' dir='ltr'><strong>dom.</strong></span> <span class='ocrx_word' id='word_1_180' title='bbox 916 2578 1144 2634; x_wconf 79' lang='lat' dir='ltr'><strong>Joannis</strong></span> <span class='ocrx_word' id='word_1_181' title='bbox 1190 2581 1374 2651; x_wconf 83' lang='lat' dir='ltr'><strong>inclyti</strong></span> <span class='ocrx_word' id='word_1_182' title='bbox 1426 2580 1714 2651; x_wconf 83' lang='lat' dir='ltr'><strong>lmp.iilio,</strong></span> <span class='ocrx_word' id='word_1_183' title='bbox 1753 2585 1846 2653; x_wconf 92' lang='lat' dir='ltr'><strong>qui</strong></span> <span class='ocrx_word' id='word_1_184' title='bbox 1896 2594 2017 2640; x_wconf 90' lang='lat' dir='ltr'><strong>erat</strong></span> 
     </span>
    </p>
   </div>
   <div class='ocr_carea' id='block_1_29' title="bbox 433 2671 2016 2746">
    <p class='ocr_par' dir='ltr' id='par_1_29' title="bbox 433 2671 2016 2746">
     <span class='ocr_line' id='line_1_29' title="bbox 433 2671 2016 2746; baseline 0.006 -24"><span class='ocrx_word' id='word_1_185' title='bbox 433 2671 644 2740; x_wconf 86' lang='lat' dir='ltr'><strong>primus</strong></span> <span class='ocrx_word' id='word_1_186' title='bbox 686 2672 948 2740; x_wconf 86' lang='lat' dir='ltr'><strong>patruelis</strong></span> <span class='ocrx_word' id='word_1_187' title='bbox 982 2675 1155 2742; x_wconf 79' lang='lat' dir='ltr'><strong>magni</strong></span> <span class='ocrx_word' id='word_1_188' title='bbox 1187 2675 1487 2742; x_wconf 72' lang='lat' dir='ltr'><strong>ldrungarii</strong></span> <span class='ocrx_word' id='word_1_189' title='bbox 1524 2685 1578 2730; x_wconf 92' lang='lat' dir='ltr'><strong>et</strong></span> <span class='ocrx_word' id='word_1_190' title='bbox 1615 2675 1729 2730; x_wconf 81' lang='lat' dir='ltr'><strong>ﬁeri</strong></span> <span class='ocrx_word' id='word_1_191' title='bbox 1783 2693 1889 2732; x_wconf 93' lang='lat' dir='ltr'><strong>non</strong></span> <span class='ocrx_word' id='word_1_192' title='bbox 1923 2693 2016 2746; x_wconf 90' lang='lat' dir='ltr'><strong>po-</strong></span> 
     </span>
    </p>
   </div>
   <div class='ocr_carea' id='block_1_30' title="bbox 435 2765 2011 2834">
    <p class='ocr_par' dir='ltr' id='par_1_30' title="bbox 435 2765 2011 2834">
     <span class='ocr_line' id='line_1_30' title="bbox 435 2765 2011 2834; baseline 0.005 -18"><span class='ocrx_word' id='word_1_193' title='bbox 435 2772 611 2829; x_wconf 85' lang='lat' dir='ltr'><strong>terat,</strong></span> <span class='ocrx_word' id='word_1_194' title='bbox 669 2775 726 2816; x_wconf 89' lang='lat' dir='ltr'><strong>ut</strong></span> <span class='ocrx_word' id='word_1_195' title='bbox 781 2765 891 2818; x_wconf 89' lang='lat' dir='ltr'><strong>duo</strong></span> <span class='ocrx_word' id='word_1_196' title='bbox 937 2766 1095 2832; x_wconf 89' lang='lat' dir='ltr'><strong>primi</strong></span> <span class='ocrx_word' id='word_1_197' title='bbox 1142 2768 1414 2834; x_wconf 89' lang='lat' dir='ltr'><strong>patrueles</strong></span> <span class='ocrx_word' id='word_1_198' title='bbox 1465 2767 1676 2822; x_wconf 85' lang='lat' dir='ltr'><strong>duabus</strong></span> <span class='ocrx_word' id='word_1_199' title='bbox 1730 2770 2011 2825; x_wconf 88' lang='lat' dir='ltr'><strong>sororibus</strong></span> 
     </span>
    </p>
   </div>
   <div class='ocr_carea' id='block_1_31' title="bbox 435 2857 2015 2930">
    <p class='ocr_par' dir='ltr' id='par_1_31' title="bbox 435 2857 2015 2930">
     <span class='ocr_line' id='line_1_31' title="bbox 435 2857 2015 2930; baseline 0.004 -21"><span class='ocrx_word' id='word_1_200' title='bbox 435 2857 897 2926; x_wconf 76' lang='lat' dir='ltr'><strong>conjungercntur</strong></span> <span class='ocrx_word' id='word_1_201' title='bbox 950 2859 1103 2928; x_wconf 80' lang='lat'><strong>121</strong></span> <span class='ocrx_word' id='word_1_202' title='bbox 1155 2861 1409 2930; x_wconf 80' lang='lat' dir='ltr'><strong>synodico</strong></span> <span class='ocrx_word' id='word_1_203' title='bbox 1452 2861 1710 2929; x_wconf 76' lang='lat' dir='ltr'><strong>agitatum</strong></span> <span class='ocrx_word' id='word_1_204' title='bbox 1759 2871 1840 2917; x_wconf 90' lang='lat' dir='ltr'><strong>est</strong></span> <span class='ocrx_word' id='word_1_205' title='bbox 1878 2872 2015 2917; x_wconf 90' lang='lat' dir='ltr'><strong>tem-</strong></span> 
     </span>
    </p>
   </div>
   <div class='ocr_carea' id='block_1_32' title="bbox 436 2950 2013 3020">
    <p class='ocr_par' dir='ltr' id='par_1_32' title="bbox 436 2950 2013 3020">
     <span class='ocr_line' id='line_1_32' title="bbox 436 2950 2013 3020; baseline 0.005 -19"><span class='ocrx_word' id='word_1_206' title='bbox 436 2962 567 3017; x_wconf 87' lang='lat' dir='ltr'><strong>pore</strong></span> <span class='ocrx_word' id='word_1_207' title='bbox 596 2950 926 3004; x_wconf 88' lang='lat' dir='ltr'><strong>sanctissimi</strong></span> <span class='ocrx_word' id='word_1_208' title='bbox 969 2952 1290 3020; x_wconf 79' lang='lat' dir='ltr'><strong>patriarchae</strong></span> <span class='ocrx_word' id='word_1_209' title='bbox 1321 2953 1527 3007; x_wconf 90' lang='lat' dir='ltr'><strong>domini</strong></span> <span class='ocrx_word' id='word_1_210' title='bbox 1583 2953 1790 3008; x_wconf 84' lang='lat' dir='ltr'><strong>Nicolai</strong></span> <span class='ocrx_word' id='word_1_211' title='bbox 1825 2953 2013 3008; x_wconf 76' lang='lat' dir='ltr'><strong>Maza—</strong></span> 
     </span>
    </p>
   </div>
   <div class='ocr_carea' id='block_1_33' title="bbox 434 3038 2018 3112">
    <p class='ocr_par' dir='ltr' id='par_1_33' title="bbox 434 3038 2018 3112">
     <span class='ocr_line' id='line_1_33' title="bbox 434 3038 2018 3112; baseline 0.004 -20"><span class='ocrx_word' id='word_1_212' title='bbox 434 3038 600 3105; x_wconf 87' lang='lat' dir='ltr'><strong>lonis,</strong></span> <span class='ocrx_word' id='word_1_213' title='bbox 646 3055 712 3092; x_wconf 86' lang='lat' dir='ltr'><strong>an</strong></span> <span class='ocrx_word' id='word_1_214' title='bbox 740 3055 901 3096; x_wconf 76' lang='lat' dir='ltr'><strong>exeo</strong></span> <span class='ocrx_word' id='word_1_215' title='bbox 933 3042 1257 3112; x_wconf 85' lang='lat' dir='ltr'><strong>impediatur</strong></span> <span class='ocrx_word' id='word_1_216' title='bbox 1296 3045 1434 3112; x_wconf 79' lang='lat' dir='ltr'><strong>magi</strong></span> <span class='ocrx_word' id='word_1_217' title='bbox 1493 3045 1768 3112; x_wconf 87' lang='lat' dir='ltr'><strong>drungarii</strong></span> <span class='ocrx_word' id='word_1_218' title='bbox 1798 3053 2018 3099; x_wconf 83' lang='lat' dir='ltr'><strong>contra-</strong></span> 
     </span>
    </p>
   </div>
   <div class='ocr_carea' id='block_1_34' title="bbox 2111 560 3697 632">
    <p class='ocr_par' dir='ltr' id='par_1_34' title="bbox 2111 560 3697 632">
     <span class='ocr_line' id='line_1_34' title="bbox 2111 560 3697 632; baseline 0.003 -20"><span class='ocrx_word' id='word_1_219' title='bbox 2111 560 2212 630; x_wconf 82' lang='grc' dir='ltr'><strong>μὲν</strong></span> <span class='ocrx_word' id='word_1_220' title='bbox 2269 560 2467 622; x_wconf 70' lang='grc' dir='ltr'>οὓτως.</span> <span class='ocrx_word' id='word_1_221' title='bbox 2511 562 2707 615; x_wconf 81' lang='grc' dir='ltr'>ἰστέον</span> <span class='ocrx_word' id='word_1_222' title='bbox 2754 562 2808 614; x_wconf 80' lang='grc' dir='ltr'>δὲ</span> <span class='ocrx_word' id='word_1_223' title='bbox 2865 563 2946 614; x_wconf 81' lang='grc' dir='ltr'><strong>ὅτι</strong></span> <span class='ocrx_word' id='word_1_224' title='bbox 2985 563 3052 614; x_wconf 78' lang='grc' dir='ltr'><strong>τά</strong></span> <span class='ocrx_word' id='word_1_225' title='bbox 3103 561 3232 632; x_wconf 76' lang='grc' dir='ltr'>περὶ</span> <span class='ocrx_word' id='word_1_226' title='bbox 3275 560 3372 614; x_wconf 81' lang='grc' dir='ltr'>τοῦ</span> <span class='ocrx_word' id='word_1_227' title='bbox 3436 561 3697 616; x_wconf 78' lang='grc' dir='ltr'>τοιούτου</span> 
     </span>
    </p>
   </div>
   <div class='ocr_carea' id='block_1_35' title="bbox 2108 653 3697 724">
    <p class='ocr_par' dir='ltr' id='par_1_35' title="bbox 2108 653 3697 724">
     <span class='ocr_line' id='line_1_35' title="bbox 2108 653 3697 724; baseline 0.001 -18"><span class='ocrx_word' id='word_1_228' title='bbox 2108 653 2335 714; x_wconf 76' lang='grc' dir='ltr'><strong>κανόνος</strong></span> <span class='ocrx_word' id='word_1_229' title='bbox 2409 653 2680 723; x_wconf 79' lang='grc' dir='ltr'>διαφόρως</span> <span class='ocrx_word' id='word_1_230' title='bbox 2761 655 3109 724; x_wconf 77' lang='grc' dir='ltr'>ἐλαλήθησαν</span> <span class='ocrx_word' id='word_1_231' title='bbox 3175 658 3255 717; x_wconf 72' lang='grc' dir='ltr'><strong>είς</strong></span> <span class='ocrx_word' id='word_1_232' title='bbox 3304 655 3362 706; x_wconf 72' lang='grc' dir='ltr'>τ),</span> <span class='ocrx_word' id='word_1_233' title='bbox 3401 654 3697 708; x_wconf 65' lang='grc' dir='ltr'>συνοδιςκδν</span> 
     </span>
    </p>
   </div>
   <div class='ocr_carea' id='block_1_36' title="bbox 2108 741 3700 817">
    <p class='ocr_par' dir='ltr' id='par_1_36' title="bbox 2108 741 3700 817">
     <span class='ocr_line' id='line_1_36' title="bbox 2108 741 3700 817; baseline 0 -19"><span class='ocrx_word' id='word_1_234' title='bbox 2108 744 2482 816; x_wconf 80' lang='grc' dir='ltr'>δικαστήριον,</span> <span class='ocrx_word' id='word_1_235' title='bbox 2521 747 2614 800; x_wconf 69' lang='grc' dir='ltr'><strong>καὶ</strong></span> <span class='ocrx_word' id='word_1_236' title='bbox 2638 742 2794 799; x_wconf 75' lang='grc' dir='ltr'>εἶπόν</span> <span class='ocrx_word' id='word_1_237' title='bbox 2824 764 2972 808; x_wconf 88' lang='grc' dir='ltr'>τινες</span> <span class='ocrx_word' id='word_1_238' title='bbox 2998 748 3073 809; x_wconf 82' lang='grc' dir='ltr'>ὡς</span> <span class='ocrx_word' id='word_1_239' title='bbox 3103 743 3276 800; x_wconf 73' lang='grc' dir='ltr'>ταῦτα</span> <span class='ocrx_word' id='word_1_240' title='bbox 3305 746 3492 817; x_wconf 87' lang='grc' dir='ltr'>χώραν</span> <span class='ocrx_word' id='word_1_241' title='bbox 3515 741 3700 816; x_wconf 74' lang='grc' dir='ltr'>εἶχον,</span> 
     </span>
    </p>
   </div>
   <div class='ocr_carea' id='block_1_37' title="bbox 2109 840 3698 909">
    <p class='ocr_par' dir='ltr' id='par_1_37' title="bbox 2109 840 3698 909">
     <span class='ocr_line' id='line_1_37' title="bbox 2109 840 3698 909; baseline 0.004 -17"><span class='ocrx_word' id='word_1_242' title='bbox 2109 840 2199 892; x_wconf 85' lang='grc' dir='ltr'>ὅτε</span> <span class='ocrx_word' id='word_1_243' title='bbox 2231 841 2264 908; x_wconf 80' lang='grc' dir='ltr'><strong>ἡ</strong></span> <span class='ocrx_word' id='word_1_244' title='bbox 2308 841 2577 909; x_wconf 88' lang='grc' dir='ltr'>μνηστεία</span> <span class='ocrx_word' id='word_1_245' title='bbox 2634 842 2942 894; x_wconf 88' lang='grc' dir='ltr'>συναινέσει</span> <span class='ocrx_word' id='word_1_246' title='bbox 3002 842 3294 895; x_wconf 77' lang='grc' dir='ltr'>συνίστατο</span> <span class='ocrx_word' id='word_1_247' title='bbox 3342 841 3434 894; x_wconf 71' lang='grc' dir='ltr'><strong>καὶ</strong></span> <span class='ocrx_word' id='word_1_248' title='bbox 3476 840 3698 898; x_wconf 77' lang='grc' dir='ltr'>ἐλύετο.</span> 
     </span>
    </p>
   </div>
   <div class='ocr_carea' id='block_1_38' title="bbox 2108 930 3702 999">
    <p class='ocr_par' dir='ltr' id='par_1_38' title="bbox 2108 930 3702 999">
     <span class='ocr_line' id='line_1_38' title="bbox 2108 930 3702 999; baseline 0.001 -15"><span class='ocrx_word' id='word_1_249' title='bbox 2108 930 2345 999; x_wconf 83' lang='grc' dir='ltr'>Ἀρτίως</span> <span class='ocrx_word' id='word_1_250' title='bbox 2379 930 2435 985; x_wconf 81' lang='grc' dir='ltr'>δὲ</span> <span class='ocrx_word' id='word_1_251' title='bbox 2477 932 2565 984; x_wconf 86' lang='grc' dir='ltr'>ὅτε</span> <span class='ocrx_word' id='word_1_252' title='bbox 2609 933 2784 995; x_wconf 78' lang='grc' dir='ltr'>ἄλλως</span> <span class='ocrx_word' id='word_1_253' title='bbox 2831 934 2891 986; x_wconf 76' lang='grc' dir='ltr'><strong>οὐ</strong></span> <span class='ocrx_word' id='word_1_254' title='bbox 2946 934 3266 987; x_wconf 76' lang='grc' dir='ltr'>συνίσταται</span> <span class='ocrx_word' id='word_1_255' title='bbox 3334 934 3456 988; x_wconf 84' lang='grc' dir='ltr'><strong>ούδὲ</strong></span> <span class='ocrx_word' id='word_1_256' title='bbox 3495 932 3702 987; x_wconf 71' lang='grc' dir='ltr'>λύεται</span> 
     </span>
    </p>
   </div>
   <div class='ocr_carea' id='block_1_39' title="bbox 2113 1022 3706 1094">
    <p class='ocr_par' dir='ltr' id='par_1_39' title="bbox 2113 1022 3706 1094">
     <span class='ocr_line' id='line_1_39' title="bbox 2113 1022 3706 1094; baseline 0.003 -18"><span class='ocrx_word' id='word_1_257' title='bbox 2113 1027 2161 1078; x_wconf 81' lang='grc' dir='ltr'><strong>εί</strong></span> <span class='ocrx_word' id='word_1_258' title='bbox 2197 1023 2272 1093; x_wconf 82' lang='grc' dir='ltr'>μὴ</span> <span class='ocrx_word' id='word_1_259' title='bbox 2303 1022 2445 1078; x_wconf 75' lang='grc' dir='ltr'>κατὰ</span> <span class='ocrx_word' id='word_1_260' title='bbox 2473 1026 2600 1086; x_wconf 79' lang='grc' dir='ltr'>τοὺς</span> <span class='ocrx_word' id='word_1_261' title='bbox 2637 1026 2874 1094; x_wconf 79' lang='grc' dir='ltr'><strong>τρόπους</strong></span> <span class='ocrx_word' id='word_1_262' title='bbox 2909 1027 3002 1079; x_wconf 79' lang='grc' dir='ltr'><strong>καὶ</strong></span> <span class='ocrx_word' id='word_1_263' title='bbox 3055 1026 3154 1091; x_wconf 86' lang='grc' dir='ltr'><strong>τάς</strong></span> <span class='ocrx_word' id='word_1_264' title='bbox 3215 1027 3394 1088; x_wconf 85' lang='grc' dir='ltr'>αίτίας</span> <span class='ocrx_word' id='word_1_265' title='bbox 3448 1025 3569 1080; x_wconf 76' lang='grc' dir='ltr'>καθ’</span> <span class='ocrx_word' id='word_1_266' title='bbox 3624 1025 3706 1090; x_wconf 83' lang='grc' dir='ltr'><strong>ἂς</strong></span> 
     </span>
    </p>
   </div>
   <div class='ocr_carea' id='block_1_40' title="bbox 2111 1116 3707 1186">
    <p class='ocr_par' dir='ltr' id='par_1_40' title="bbox 2111 1116 3707 1186">
     <span class='ocr_line' id='line_1_40' title="bbox 2111 1116 3707 1186; baseline 0.004 -18"><span class='ocrx_word' id='word_1_267' title='bbox 2111 1117 2204 1170; x_wconf 79' lang='grc' dir='ltr'><strong>καὶ</strong></span> <span class='ocrx_word' id='word_1_268' title='bbox 2235 1118 2262 1169; x_wconf 86' lang='grc' dir='ltr'>ὁ</span> <span class='ocrx_word' id='word_1_269' title='bbox 2291 1116 2496 1180; x_wconf 87' lang='grc' dir='ltr'>τέλειος</span> <span class='ocrx_word' id='word_1_270' title='bbox 2529 1117 2706 1186; x_wconf 86' lang='grc' dir='ltr'>γάμος</span> <span class='ocrx_word' id='word_1_271' title='bbox 2741 1118 3060 1172; x_wconf 78' lang='grc' dir='ltr'>συνίσταται</span> <span class='ocrx_word' id='word_1_272' title='bbox 3111 1119 3206 1172; x_wconf 76' lang='grc' dir='ltr'>καὶ</span> <span class='ocrx_word' id='word_1_273' title='bbox 3253 1118 3463 1182; x_wconf 81' lang='grc' dir='ltr'>λύεται,</span> <span class='ocrx_word' id='word_1_274' title='bbox 3515 1119 3707 1174; x_wconf 79' lang='grc' dir='ltr'>ταῦτα</span> 
     </span>
    </p>
   </div>
   <div class='ocr_carea' id='block_1_41' title="bbox 2113 1207 3704 1277">
    <p class='ocr_par' dir='ltr' id='par_1_41' title="bbox 2113 1207 3704 1277">
     <span class='ocr_line' id='line_1_41' title="bbox 2113 1207 3704 1277; baseline 0.003 -18"><span class='ocrx_word' id='word_1_275' title='bbox 2113 1207 2294 1260; x_wconf 85' lang='grc' dir='ltr'>πάντα</span> <span class='ocrx_word' id='word_1_276' title='bbox 2325 1207 2907 1277; x_wconf 80' lang='grc' dir='ltr'>ἀπρακτοῦσιν.’¹Οθεν</span> <span class='ocrx_word' id='word_1_277' title='bbox 2963 1209 3087 1261; x_wconf 78' lang='grc' dir='ltr'><strong>οὐδὲ</strong></span> <span class='ocrx_word' id='word_1_278' title='bbox 3143 1211 3360 1275; x_wconf 76' lang='grc' dir='ltr'>ἐφεῖταί</span> <span class='ocrx_word' id='word_1_279' title='bbox 3415 1228 3522 1263; x_wconf 84' lang='grc' dir='ltr'>τινι</span> <span class='ocrx_word' id='word_1_280' title='bbox 3581 1211 3704 1264; x_wconf 60' lang='grc' dir='ltr'>τίὲν</span> 
     </span>
    </p>
   </div>
   <div class='ocr_carea' id='block_1_42' title="bbox 2113 1299 3704 1373">
    <p class='ocr_par' dir='ltr' id='par_1_42' title="bbox 2113 1299 3704 1373">
     <span class='ocr_line' id='line_1_42' title="bbox 2113 1299 3704 1373; baseline 0.001 -21"><span class='ocrx_word' id='word_1_281' title='bbox 2113 1299 2208 1352; x_wconf 82' lang='grc' dir='ltr'>τοῦ</span> <span class='ocrx_word' id='word_1_282' title='bbox 2243 1299 2490 1370; x_wconf 83' lang='grc' dir='ltr'><strong>βήματος</strong></span> <span class='ocrx_word' id='word_1_283' title='bbox 2520 1300 2734 1368; x_wconf 91' lang='grc' dir='ltr'>θανάτῳ</span> <span class='ocrx_word' id='word_1_284' title='bbox 2773 1302 2805 1373; x_wconf 78' lang='grc' dir='ltr'><strong>ἢ</strong></span> <span class='ocrx_word' id='word_1_285' title='bbox 2842 1302 2979 1372; x_wconf 81' lang='grc' dir='ltr'>ἄλλῃ</span> <span class='ocrx_word' id='word_1_286' title='bbox 3029 1301 3180 1373; x_wconf 80' lang='grc' dir='ltr'>αἰτία</span> <span class='ocrx_word' id='word_1_287' title='bbox 3215 1305 3277 1354; x_wconf 81' lang='grc' dir='ltr'>ἐκ</span> <span class='ocrx_word' id='word_1_288' title='bbox 3338 1305 3437 1372; x_wconf 82' lang='grc' dir='ltr'>τῆς</span> <span class='ocrx_word' id='word_1_289' title='bbox 3482 1302 3704 1366; x_wconf 71' lang='grc' dir='ltr'>οἰκείας</span> 
     </span>
    </p>
   </div>
   <div class='ocr_carea' id='block_1_43' title="bbox 2116 1389 3705 1460">
    <p class='ocr_par' dir='ltr' id='par_1_43' title="bbox 2116 1389 3705 1460">
     <span class='ocr_line' id='line_1_43' title="bbox 2116 1389 3705 1460; baseline -0.001 -17"><span class='ocrx_word' id='word_1_290' title='bbox 2116 1389 2493 1460; x_wconf 69' lang='grc' dir='ltr'>διαζευχθέντι</span> <span class='ocrx_word' id='word_1_291' title='bbox 2544 1390 2787 1460; x_wconf 86' lang='grc' dir='ltr'>μνηστῆς</span> <span class='ocrx_word' id='word_1_292' title='bbox 2831 1391 2937 1460; x_wconf 76' lang='grc' dir='ltr'><strong>πρὸ</strong></span> <span class='ocrx_word' id='word_1_293' title='bbox 2964 1389 3058 1442; x_wconf 77' lang='grc' dir='ltr'>τοῦ</span> <span class='ocrx_word' id='word_1_294' title='bbox 3115 1391 3295 1460; x_wconf 83' lang='grc' dir='ltr'>γάμου</span> <span class='ocrx_word' id='word_1_295' title='bbox 3336 1391 3497 1459; x_wconf 76' lang='grc' dir='ltr'>ἑτέρα</span> <span class='ocrx_word' id='word_1_296' title='bbox 3527 1389 3705 1442; x_wconf 82' lang='grc' dir='ltr'>συνά-</span> 
     </span>
    </p>
   </div>
   <div class='ocr_carea' id='block_1_44' title="bbox 2116 1481 3705 1552">
    <p class='ocr_par' dir='ltr' id='par_1_44' title="bbox 2116 1481 3705 1552">
     <span class='ocr_line' id='line_1_44' title="bbox 2116 1481 3705 1552; baseline -0.001 -17"><span class='ocrx_word' id='word_1_297' title='bbox 2116 1483 2355 1536; x_wconf 88' lang='grc' dir='ltr'>πτεσθαι</span> <span class='ocrx_word' id='word_1_298' title='bbox 2378 1483 2619 1552; x_wconf 72' lang='grc' dir='ltr'>γυναικὶ,</span> <span class='ocrx_word' id='word_1_299' title='bbox 2645 1485 2739 1536; x_wconf 67' lang='grc' dir='ltr'><strong>καὶ</strong></span> <span class='ocrx_word' id='word_1_300' title='bbox 2761 1483 2851 1536; x_wconf 80' lang='grc' dir='ltr'><strong>τὸν</strong></span> <span class='ocrx_word' id='word_1_301' title='bbox 2888 1483 3049 1538; x_wconf 74' lang='grc' dir='ltr'>τοῦτο</span> <span class='ocrx_word' id='word_1_302' title='bbox 3075 1483 3379 1549; x_wconf 84' lang='grc' dir='ltr'>ποιήσαντα</span> <span class='ocrx_word' id='word_1_303' title='bbox 3411 1481 3482 1542; x_wconf 74' lang='grc' dir='ltr'><strong>ὡς</strong></span> <span class='ocrx_word' id='word_1_304' title='bbox 3509 1481 3705 1534; x_wconf 88' lang='grc' dir='ltr'>δευτε-</span> 
     </span>
    </p>
   </div>
   <div class='ocr_carea' id='block_1_45' title="bbox 2123 1574 3704 1645">
    <p class='ocr_par' dir='ltr' id='par_1_45' title="bbox 2123 1574 3704 1645">
     <span class='ocr_line' id='line_1_45' title="bbox 2123 1574 3704 1645; baseline 0 -20"><span class='ocrx_word' id='word_1_305' title='bbox 2123 1575 2517 1645; x_wconf 83' lang='grc' dir='ltr'>ρογαμήσαντα</span> <span class='ocrx_word' id='word_1_306' title='bbox 2555 1574 2939 1644; x_wconf 71' lang='grc' dir='ltr'>καθαιρεῖσθαι</span> <span class='ocrx_word' id='word_1_307' title='bbox 2983 1590 2998 1606; x_wconf 80' lang='grc' dir='ltr'><strong>ο</strong></span> <span class='ocrx_word' id='word_1_308' title='bbox 3029 1574 3291 1634; x_wconf 73' lang='grc' dir='ltr'>ὡσαύτως</span> <span class='ocrx_word' id='word_1_309' title='bbox 3325 1574 3419 1626; x_wconf 70' lang='grc' dir='ltr'><strong>καὶ</strong></span> <span class='ocrx_word' id='word_1_310' title='bbox 3455 1574 3548 1626; x_wconf 79' lang='grc' dir='ltr'><strong>τὸν</strong></span> <span class='ocrx_word' id='word_1_311' title='bbox 3593 1575 3704 1643; x_wconf 78' lang='grc' dir='ltr'><strong>ἐμ-</strong></span> 
     </span>
    </p>
   </div>
   <div class='ocr_carea' id='block_1_46' title="bbox 2115 1664 3692 1736">
    <p class='ocr_par' dir='ltr' id='par_1_46' title="bbox 2115 1664 3692 1736">
     <span class='ocr_line' id='line_1_46' title="bbox 2115 1664 3692 1736; baseline 0 -18"><span class='ocrx_word' id='word_1_312' title='bbox 2115 1665 2356 1719; x_wconf 83' lang='grc' dir='ltr'>πεσόντα</span> <span class='ocrx_word' id='word_1_313' title='bbox 2420 1667 2502 1728; x_wconf 86' lang='grc' dir='ltr'><strong>είς</strong></span> <span class='ocrx_word' id='word_1_314' title='bbox 2555 1665 2801 1729; x_wconf 79' lang='grc' dir='ltr'>τοιοῦτόν</span> <span class='ocrx_word' id='word_1_315' title='bbox 2857 1683 2912 1718; x_wconf 88' lang='grc' dir='ltr'><strong>τι</strong></span> <span class='ocrx_word' id='word_1_316' title='bbox 2973 1664 3328 1734; x_wconf 83' lang='grc' dir='ltr'>ἀναγνώστην</span> <span class='ocrx_word' id='word_1_317' title='bbox 3374 1665 3446 1736; x_wconf 86' lang='grc' dir='ltr'>μὴ</span> <span class='ocrx_word' id='word_1_318' title='bbox 3483 1681 3692 1733; x_wconf 83' lang='grc' dir='ltr'>προκο-</span> 
     </span>
    </p>
   </div>
   <div class='ocr_carea' id='block_1_47' title="bbox 2123 1759 3702 1828">
    <p class='ocr_par' dir='ltr' id='par_1_47' title="bbox 2123 1759 3702 1828">
     <span class='ocr_line' id='line_1_47' title="bbox 2123 1759 3702 1828; baseline 0.001 -18"><span class='ocrx_word' id='word_1_319' title='bbox 2123 1776 2281 1812; x_wconf 87' lang='grc' dir='ltr'>πτειν</span> <span class='ocrx_word' id='word_1_320' title='bbox 2301 1759 2381 1823; x_wconf 85' lang='grc' dir='ltr'><strong>είς</strong></span> <span class='ocrx_word' id='word_1_321' title='bbox 2412 1759 2598 1828; x_wconf 75' lang='grc' dir='ltr'>ἕτερον</span> <span class='ocrx_word' id='word_1_322' title='bbox 2628 1759 2852 1828; x_wconf 85' lang='grc' dir='ltr'>βαθμόν,</span> <span class='ocrx_word' id='word_1_323' title='bbox 2889 1759 3118 1812; x_wconf 83' lang='grc' dir='ltr'>Ἤθελον</span> <span class='ocrx_word' id='word_1_324' title='bbox 3150 1759 3206 1812; x_wconf 83' lang='grc' dir='ltr'>δὲ</span> <span class='ocrx_word' id='word_1_325' title='bbox 3237 1761 3443 1812; x_wconf 77' lang='grc' dir='ltr'>καὶτὸν</span> <span class='ocrx_word' id='word_1_326' title='bbox 3464 1759 3702 1827; x_wconf 62' lang='grc' dir='ltr'>μιγέντα</span> 
     </span>
    </p>
   </div>
   <div class='ocr_carea' id='block_1_48' title="bbox 2123 1848 3704 1920">
    <p class='ocr_par' dir='ltr' id='par_1_48' title="bbox 2123 1848 3704 1920">
     <span class='ocr_line' id='line_1_48' title="bbox 2123 1848 3704 1920; baseline 0 -18"><span class='ocrx_word' id='word_1_327' title='bbox 2123 1850 2366 1920; x_wconf 86' lang='grc' dir='ltr'>σήμερον</span> <span class='ocrx_word' id='word_1_328' title='bbox 2411 1849 2548 1919; x_wconf 83' lang='grc' dir='ltr'>μετὰ</span> <span class='ocrx_word' id='word_1_329' title='bbox 2581 1849 2681 1918; x_wconf 82' lang='grc' dir='ltr'>τῆς</span> <span class='ocrx_word' id='word_1_330' title='bbox 2709 1848 2954 1912; x_wconf 50' lang='grc' dir='ltr'>κοίκείας</span> <span class='ocrx_word' id='word_1_331' title='bbox 2992 1849 3236 1918; x_wconf 82' lang='grc' dir='ltr'>μνηστῆς</span> <span class='ocrx_word' id='word_1_332' title='bbox 3301 1849 3704 1918; x_wconf 79' lang='grc' dir='ltr'>ἀνεπιτίμητον</span> 
     </span>
    </p>
   </div>
   <div class='ocr_carea' id='block_1_49' title="bbox 2118 1937 3700 2009">
    <p class='ocr_par' dir='ltr' id='par_1_49' title="bbox 2118 1937 3700 2009">
     <span class='ocr_line' id='line_1_49' title="bbox 2118 1937 3700 2009; baseline 0.001 -17"><span class='ocrx_word' id='word_1_333' title='bbox 2118 1939 2299 2009; x_wconf 82' lang='grc' dir='ltr'>πάντη</span> <span class='ocrx_word' id='word_1_334' title='bbox 2363 1938 2757 2008; x_wconf 84' lang='grc' dir='ltr'>συντηρείσθαι</span> <span class='ocrx_word' id='word_1_335' title='bbox 2790 1938 2881 1991; x_wconf 87' lang='grc' dir='ltr'>διὰ</span> <span class='ocrx_word' id='word_1_336' title='bbox 2914 1939 2974 1991; x_wconf 81' lang='grc' dir='ltr'><strong>τὸ</strong></span> <span class='ocrx_word' id='word_1_337' title='bbox 3021 1937 3212 1992; x_wconf 82' lang='grc' dir='ltr'>ἄλυτον</span> <span class='ocrx_word' id='word_1_338' title='bbox 3242 1937 3339 2006; x_wconf 79' lang='grc' dir='ltr'>τῆς</span> <span class='ocrx_word' id='word_1_339' title='bbox 3374 1939 3700 2008; x_wconf 72' lang='grc' dir='ltr'>μνηστείας.</span> 
     </span>
    </p>
   </div>
   <div class='ocr_carea' id='block_1_50' title="bbox 2114 2027 3701 2098">
    <p class='ocr_par' dir='ltr' id='par_1_50' title="bbox 2114 2027 3701 2098">
     <span class='ocr_line' id='line_1_50' title="bbox 2114 2027 3701 2098; baseline -0.001 -16"><span class='ocrx_word' id='word_1_340' title='bbox 2114 2031 2221 2083; x_wconf 80' lang='grc' dir='ltr'><strong>Τοῦ</strong></span> <span class='ocrx_word' id='word_1_341' title='bbox 2250 2029 2310 2083; x_wconf 81' lang='grc' dir='ltr'>δὲ</span> <span class='ocrx_word' id='word_1_342' title='bbox 2346 2028 2613 2082; x_wconf 74' lang='grc' dir='ltr'>σεϐαστοῦ</span> <span class='ocrx_word' id='word_1_343' title='bbox 2644 2028 2856 2082; x_wconf 82' lang='grc' dir='ltr'>ἑκείνου</span> <span class='ocrx_word' id='word_1_344' title='bbox 2909 2030 3003 2082; x_wconf 70' lang='grc' dir='ltr'><strong>καὶ</strong></span> <span class='ocrx_word' id='word_1_345' title='bbox 3049 2027 3290 2097; x_wconf 87' lang='grc' dir='ltr'>μεγάλου</span> <span class='ocrx_word' id='word_1_346' title='bbox 3325 2028 3701 2098; x_wconf 84' lang='grc' dir='ltr'>δρουγγαρίου</span> 
     </span>
    </p>
   </div>
   <div class='ocr_carea' id='block_1_51' title="bbox 2115 2117 3706 2191">
    <p class='ocr_par' dir='ltr' id='par_1_51' title="bbox 2115 2117 3706 2191">
     <span class='ocr_line' id='line_1_51' title="bbox 2115 2117 3706 2191; baseline -0.001 -18"><span class='ocrx_word' id='word_1_347' title='bbox 2115 2120 2310 2191; x_wconf 78' lang='grc' dir='ltr'>κυρίου</span> <span class='ocrx_word' id='word_1_348' title='bbox 2341 2120 2617 2188; x_wconf 80' lang='grc' dir='ltr'>Στεφάνου</span> <span class='ocrx_word' id='word_1_349' title='bbox 2674 2117 2770 2171; x_wconf 80' lang='grc' dir='ltr'>τοῦ</span> <span class='ocrx_word' id='word_1_350' title='bbox 2821 2118 3112 2188; x_wconf 84' lang='grc' dir='ltr'>Κομνηνοῦ</span> <span class='ocrx_word' id='word_1_351' title='bbox 3163 2119 3450 2188; x_wconf 80' lang='grc' dir='ltr'>μέλλοντος</span> <span class='ocrx_word' id='word_1_352' title='bbox 3506 2119 3706 2183; x_wconf 77' lang='grc' dir='ltr'>συζευ-</span> 
     </span>
    </p>
   </div>
   <div class='ocr_carea' id='block_1_52' title="bbox 2117 2209 3703 2282">
    <p class='ocr_par' dir='ltr' id='par_1_52' title="bbox 2117 2209 3703 2282">
     <span class='ocr_line' id='line_1_52' title="bbox 2117 2209 3703 2282; baseline -0.003 -17"><span class='ocrx_word' id='word_1_353' title='bbox 2117 2212 2323 2282; x_wconf 82' lang='grc' dir='ltr'>χθῆναι</span> <span class='ocrx_word' id='word_1_354' title='bbox 2346 2214 2411 2282; x_wconf 78' lang='grc' dir='ltr'>τῇ</span> <span class='ocrx_word' id='word_1_355' title='bbox 2443 2211 2610 2280; x_wconf 75' lang='grc' dir='ltr'>κυρία</span> <span class='ocrx_word' id='word_1_356' title='bbox 2640 2209 2871 2280; x_wconf 76' lang='grc' dir='ltr'>Εύδοκίᾳ</span> <span class='ocrx_word' id='word_1_357' title='bbox 2900 2212 2966 2281; x_wconf 76' lang='grc' dir='ltr'>τῇ</span> <span class='ocrx_word' id='word_1_358' title='bbox 3007 2210 3239 2282; x_wconf 78' lang='grc' dir='ltr'>θυγατρὶ</span> <span class='ocrx_word' id='word_1_359' title='bbox 3277 2210 3373 2263; x_wconf 79' lang='grc' dir='ltr'>τοῦ</span> <span class='ocrx_word' id='word_1_360' title='bbox 3430 2209 3703 2263; x_wconf 82' lang='grc' dir='ltr'>σεϐαστοῦ</span> 
     </span>
    </p>
   </div>
   <div class='ocr_carea' id='block_1_53' title="bbox 2116 2300 3704 2372">
    <p class='ocr_par' dir='ltr' id='par_1_53' title="bbox 2116 2300 3704 2372">
     <span class='ocr_line' id='line_1_53' title="bbox 2116 2300 3704 2372; baseline 0.001 -20"><span class='ocrx_word' id='word_1_361' title='bbox 2116 2301 2332 2353; x_wconf 72' lang='grc' dir='ltr'>ἐκείνου</span> <span class='ocrx_word' id='word_1_362' title='bbox 2379 2302 2472 2353; x_wconf 71' lang='grc' dir='ltr'><strong>καὶ</strong></span> <span class='ocrx_word' id='word_1_363' title='bbox 2506 2300 2750 2371; x_wconf 78' lang='grc' dir='ltr'>μεγάλου</span> <span class='ocrx_word' id='word_1_364' title='bbox 2790 2300 3114 2371; x_wconf 87' lang='grc' dir='ltr'>δομεστίκου</span> <span class='ocrx_word' id='word_1_365' title='bbox 3177 2302 3370 2372; x_wconf 82' lang='grc' dir='ltr'>κυρίου</span> <span class='ocrx_word' id='word_1_366' title='bbox 3427 2301 3704 2368; x_wconf 84' lang='grc' dir='ltr'>Ἰωάννου,</span> 
     </span>
    </p>
   </div>
   <div class='ocr_carea' id='block_1_54' title="bbox 2117 2391 3704 2463">
    <p class='ocr_par' dir='ltr' id='par_1_54' title="bbox 2117 2391 3704 2463">
     <span class='ocr_line' id='line_1_54' title="bbox 2117 2391 3704 2463; baseline -0.001 -17"><span class='ocrx_word' id='word_1_367' title='bbox 2117 2393 2210 2446; x_wconf 74' lang='grc' dir='ltr'><strong>καὶ</strong></span> <span class='ocrx_word' id='word_1_368' title='bbox 2263 2391 2614 2460; x_wconf 82' lang='grc' dir='ltr'>κωλυομένου</span> <span class='ocrx_word' id='word_1_369' title='bbox 2661 2392 2749 2445; x_wconf 80' lang='grc' dir='ltr'>διὰ</span> <span class='ocrx_word' id='word_1_370' title='bbox 2807 2391 2869 2444; x_wconf 82' lang='grc' dir='ltr'><strong>τὸ</strong></span> <span class='ocrx_word' id='word_1_371' title='bbox 2926 2393 3028 2463; x_wconf 84' lang='grc' dir='ltr'><strong>τὴν</strong></span> <span class='ocrx_word' id='word_1_372' title='bbox 3087 2391 3430 2460; x_wconf 80' lang='grc' dir='ltr'>αὑταδέλφην</span> <span class='ocrx_word' id='word_1_373' title='bbox 3490 2391 3704 2461; x_wconf 82' lang='grc' dir='ltr'>ταύτης</span> 
     </span>
    </p>
   </div>
   <div class='ocr_carea' id='block_1_55' title="bbox 2117 2482 3705 2555">
    <p class='ocr_par' dir='ltr' id='par_1_55' title="bbox 2117 2482 3705 2555">
     <span class='ocr_line' id='line_1_55' title="bbox 2117 2482 3705 2555; baseline -0.001 -19"><span class='ocrx_word' id='word_1_374' title='bbox 2117 2482 2317 2554; x_wconf 78' lang='grc' dir='ltr'>κυρίαν</span> <span class='ocrx_word' id='word_1_375' title='bbox 2348 2483 2586 2555; x_wconf 76' lang='grc' dir='ltr'>Εἰρήνην</span> <span class='ocrx_word' id='word_1_376' title='bbox 2622 2484 3030 2555; x_wconf 81' lang='grc' dir='ltr'>μνηστευθῆναι</span> <span class='ocrx_word' id='word_1_377' title='bbox 3058 2483 3136 2553; x_wconf 82' lang='grc' dir='ltr'>τῷ</span> <span class='ocrx_word' id='word_1_378' title='bbox 3199 2482 3451 2553; x_wconf 84' lang='grc' dir='ltr'>σεϐαστῷ</span> <span class='ocrx_word' id='word_1_379' title='bbox 3503 2482 3705 2552; x_wconf 77' lang='grc' dir='ltr'>ἐκείνῳ</span> 
     </span>
    </p>
   </div>
   <div class='ocr_carea' id='block_1_56' title="bbox 2117 2574 3702 2648">
    <p class='ocr_par' dir='ltr' id='par_1_56' title="bbox 2117 2574 3702 2648">
     <span class='ocr_line' id='line_1_56' title="bbox 2117 2574 3702 2648; baseline -0.004 -16"><span class='ocrx_word' id='word_1_380' title='bbox 2117 2579 2292 2648; x_wconf 81' lang='grc' dir='ltr'>κυρίῳ</span> <span class='ocrx_word' id='word_1_381' title='bbox 2331 2577 2557 2647; x_wconf 83' lang='grc' dir='ltr'>Ἀλεξίῳ</span> <span class='ocrx_word' id='word_1_382' title='bbox 2602 2577 2680 2646; x_wconf 85' lang='grc' dir='ltr'>τῷ</span> <span class='ocrx_word' id='word_1_383' title='bbox 2725 2577 2824 2646; x_wconf 88' lang='grc' dir='ltr'>υίῷ</span> <span class='ocrx_word' id='word_1_384' title='bbox 2854 2577 2949 2629; x_wconf 76' lang='grc' dir='ltr'><strong>τοῦ</strong></span> <span class='ocrx_word' id='word_1_385' title='bbox 2985 2575 3446 2645; x_wconf 83' lang='grc' dir='ltr'>πρωτοσεϐάστου</span> <span class='ocrx_word' id='word_1_386' title='bbox 3484 2574 3702 2628; x_wconf 81' lang='grc' dir='ltr'>ἑκείνου</span> 
     </span>
    </p>
   </div>
   <div class='ocr_carea' id='block_1_57' title="bbox 2120 2666 3704 2738">
    <p class='ocr_par' dir='ltr' id='par_1_57' title="bbox 2120 2666 3704 2738">
     <span class='ocr_line' id='line_1_57' title="bbox 2120 2666 3704 2738; baseline -0.003 -15"><span class='ocrx_word' id='word_1_387' title='bbox 2120 2668 2308 2738; x_wconf 78' lang='grc' dir='ltr'>κυρίου</span> <span class='ocrx_word' id='word_1_388' title='bbox 2356 2669 2606 2722; x_wconf 83' lang='grc' dir='ltr'>Ἰωάννου</span> <span class='ocrx_word' id='word_1_389' title='bbox 2630 2669 2726 2722; x_wconf 86' lang='grc' dir='ltr'>τοῦ</span> <span class='ocrx_word' id='word_1_390' title='bbox 2765 2669 3016 2738; x_wconf 83' lang='grc' dir='ltr'>ἀοιδίμου</span> <span class='ocrx_word' id='word_1_391' title='bbox 3061 2667 3594 2738; x_wconf 81' lang='grc' dir='ltr'>σεϐαστοκράτορος,</span> <span class='ocrx_word' id='word_1_392' title='bbox 3625 2666 3704 2735; x_wconf 85' lang='grc' dir='ltr'><strong>τῷ</strong></span> 
     </span>
    </p>
   </div>
   <div class='ocr_carea' id='block_1_58' title="bbox 2117 2757 3706 2832">
    <p class='ocr_par' dir='ltr' id='par_1_58' title="bbox 2117 2757 3706 2832">
     <span class='ocr_line' id='line_1_58' title="bbox 2117 2757 3706 2832; baseline -0.003 -18"><span class='ocrx_word' id='word_1_393' title='bbox 2117 2760 2230 2815; x_wconf 81' lang='grc' dir='ltr'>δντι</span> <span class='ocrx_word' id='word_1_394' title='bbox 2254 2760 2455 2831; x_wconf 86' lang='grc' dir='ltr'>πρώτῳ</span> <span class='ocrx_word' id='word_1_395' title='bbox 2485 2760 2762 2832; x_wconf 83' lang='grc' dir='ltr'>ἑξαδέλφῳ</span> <span class='ocrx_word' id='word_1_396' title='bbox 2799 2760 2896 2814; x_wconf 85' lang='grc' dir='ltr'>τοῦ</span> <span class='ocrx_word' id='word_1_397' title='bbox 2919 2759 3157 2830; x_wconf 81' lang='grc' dir='ltr'>μεγάλου</span> <span class='ocrx_word' id='word_1_398' title='bbox 3191 2757 3582 2827; x_wconf 89' lang='grc' dir='ltr'>δρουγγαρίου,</span> <span class='ocrx_word' id='word_1_399' title='bbox 3607 2761 3706 2810; x_wconf 78' lang='grc' dir='ltr'>καὶ</span> 
     </span>
    </p>
   </div>
   <div class='ocr_carea' id='block_1_59' title="bbox 2119 2846 3706 2922">
    <p class='ocr_par' dir='ltr' id='par_1_59' title="bbox 2119 2846 3706 2922">
     <span class='ocr_line' id='line_1_59' title="bbox 2119 2846 3706 2922; baseline -0.003 -16"><span class='ocrx_word' id='word_1_400' title='bbox 2119 2851 2382 2906; x_wconf 81' lang='grc' dir='ltr'>ἀδύνατον</span> <span class='ocrx_word' id='word_1_401' title='bbox 2414 2846 2556 2905; x_wconf 68' lang='grc' dir='ltr'>εἶναι</span> <span class='ocrx_word' id='word_1_402' title='bbox 2595 2851 2688 2904; x_wconf 88' lang='grc' dir='ltr'><strong>δύο</strong></span> <span class='ocrx_word' id='word_1_403' title='bbox 2718 2850 2972 2922; x_wconf 83' lang='grc' dir='ltr'>πρώτους</span> <span class='ocrx_word' id='word_1_404' title='bbox 2999 2851 3329 2919; x_wconf 78' lang='grc' dir='ltr'>ἐξαδὲλφους</span> <span class='ocrx_word' id='word_1_405' title='bbox 3361 2850 3516 2902; x_wconf 74' lang='grc' dir='ltr'>δυσὶν</span> <span class='ocrx_word' id='word_1_406' title='bbox 3548 2849 3706 2904; x_wconf 84' lang='grc' dir='ltr'>ἁδελ-</span> 
     </span>
    </p>
   </div>
   <div class='ocr_carea' id='block_1_60' title="bbox 2124 2941 3708 3015">
    <p class='ocr_par' dir='ltr' id='par_1_60' title="bbox 2124 2941 3708 3015">
     <span class='ocr_line' id='line_1_60' title="bbox 2124 2941 3708 3015; baseline -0.002 -17"><span class='ocrx_word' id='word_1_407' title='bbox 2124 2945 2253 3015; x_wconf 81' lang='grc' dir='ltr'>φαῖς</span> <span class='ocrx_word' id='word_1_408' title='bbox 2311 2943 2706 3010; x_wconf 84' lang='grc' dir='ltr'>συνάπτεσθαι,</span> <span class='ocrx_word' id='word_1_409' title='bbox 2771 2943 3010 3014; x_wconf 76' lang='grc' dir='ltr'>ἐλαλήθη</span> <span class='ocrx_word' id='word_1_410' title='bbox 3084 2941 3382 3004; x_wconf 87' lang='grc' dir='ltr'>συνοδικῶς</span> <span class='ocrx_word' id='word_1_411' title='bbox 3443 2942 3537 2994; x_wconf 70' lang='grc' dir='ltr'>ἐπὶ</span> <span class='ocrx_word' id='word_1_412' title='bbox 3590 2941 3708 2995; x_wconf 82' lang='grc' dir='ltr'><strong>τῶν</strong></span> 
     </span>
    </p>
   </div>
   <div class='ocr_carea' id='block_1_61' title="bbox 2121 3033 3706 3105">
    <p class='ocr_par' dir='ltr' id='par_1_61' title="bbox 2121 3033 3706 3105">
     <span class='ocr_line' id='line_1_61' title="bbox 2121 3033 3706 3105; baseline 0.001 -19"><span class='ocrx_word' id='word_1_413' title='bbox 2121 3034 2347 3105; x_wconf 76' lang='grc' dir='ltr'>ἡμερῶν</span> <span class='ocrx_word' id='word_1_414' title='bbox 2382 3033 2478 3088; x_wconf 79' lang='grc' dir='ltr'>τοῦ</span> <span class='ocrx_word' id='word_1_415' title='bbox 2510 3033 2814 3103; x_wconf 87' lang='grc' dir='ltr'>άγιωτάτου</span> <span class='ocrx_word' id='word_1_416' title='bbox 2834 3033 3180 3104; x_wconf 82' lang='grc' dir='ltr'>πατριάρχου</span> <span class='ocrx_word' id='word_1_417' title='bbox 3201 3033 3395 3104; x_wconf 86' lang='grc' dir='ltr'>κυρίου</span> <span class='ocrx_word' id='word_1_418' title='bbox 3424 3033 3706 3088; x_wconf 84' lang='grc' dir='ltr'>Νικολάου</span> 
     </span>
    </p>
   </div>
   <div class='ocr_carea' id='block_1_62' title="bbox 437 3127 2014 3215">
    <p class='ocr_par' dir='ltr' id='par_1_62' title="bbox 437 3136 2010 3206">
     <span class='ocr_line' id='line_1_62' title="bbox 437 3136 2010 3206; baseline 0.003 -21"><span class='ocrx_word' id='word_1_419' title='bbox 437 3139 605 3185; x_wconf 89' lang='lat' dir='ltr'><strong>ctus:</strong></span> <span class='ocrx_word' id='word_1_420' title='bbox 658 3141 916 3185; x_wconf 87' lang='lat' dir='ltr'><strong>statutum</strong></span> <span class='ocrx_word' id='word_1_421' title='bbox 969 3144 1054 3189; x_wconf 91' lang='lat' dir='ltr'><strong>est</strong></span> <span class='ocrx_word' id='word_1_422' title='bbox 1091 3145 1269 3190; x_wconf 89' lang='lat' dir='ltr'><strong>autem</strong></span> <span class='ocrx_word' id='word_1_423' title='bbox 1313 3151 1419 3190; x_wconf 92' lang='lat' dir='ltr'><strong>non</strong></span> <span class='ocrx_word' id='word_1_424' title='bbox 1470 3136 1741 3206; x_wconf 87' lang='lat' dir='ltr'><strong>impediri,</strong></span> <span class='ocrx_word' id='word_1_425' title='bbox 1774 3151 1841 3192; x_wconf 93' lang='lat' dir='ltr'><strong>eo</strong></span> <span class='ocrx_word' id='word_1_426' title='bbox 1866 3136 2010 3206; x_wconf 88' lang='lat' dir='ltr'><strong>quod</strong></span> 
     </span>
    </p>
   </div>
   <div class='ocr_carea' id='block_1_63' title="bbox 2119 3127 3708 3215">
    <p class='ocr_par' dir='ltr' id='par_1_63' title="bbox 2131 3127 3708 3194">
     <span class='ocr_line' id='line_1_63' title="bbox 2131 3127 3708 3194; baseline -0.001 -12"><span class='ocrx_word' id='word_1_427' title='bbox 2131 3128 2226 3182; x_wconf 81' lang='grc' dir='ltr'>τοῦ</span> <span class='ocrx_word' id='word_1_428' title='bbox 2252 3127 2645 3192; x_wconf 77' lang='grc' dir='ltr'>Μουσάλωνος,</span> <span class='ocrx_word' id='word_1_429' title='bbox 2686 3128 2736 3180; x_wconf 87' lang='grc' dir='ltr'><strong>εί</strong></span> <span class='ocrx_word' id='word_1_430' title='bbox 2763 3128 2830 3180; x_wconf 82' lang='grc' dir='ltr'><strong>ἑκ</strong></span> <span class='ocrx_word' id='word_1_431' title='bbox 2876 3127 3070 3180; x_wconf 89' lang='grc' dir='ltr'>τούτου</span> <span class='ocrx_word' id='word_1_432' title='bbox 3115 3127 3474 3194; x_wconf 79' lang='grc' dir='ltr'>ἑμποδίζεται</span> <span class='ocrx_word' id='word_1_433' title='bbox 3516 3127 3578 3180; x_wconf 85' lang='grc' dir='ltr'><strong>τὸ</strong></span> <span class='ocrx_word' id='word_1_434' title='bbox 3604 3127 3708 3180; x_wconf 82' lang='grc' dir='ltr'>τοῦ</span> 
     </span>
    </p>
   </div>
   <div class='ocr_carea' id='block_1_64' title="bbox 439 3225 2011 3294">
    <p class='ocr_par' dir='ltr' id='par_1_64' title="bbox 439 3225 2011 3294">
     <span class='ocr_line' id='line_1_64' title="bbox 439 3225 2011 3294; baseline 0.003 -15"><span class='ocrx_word' id='word_1_435' title='bbox 439 3225 710 3292; x_wconf 87' lang='lat' dir='ltr'><strong>sponsalia</strong></span> <span class='ocrx_word' id='word_1_436' title='bbox 755 3225 981 3294; x_wconf 83' lang='lat' dir='ltr'><strong>perl‘ecti</strong></span> <span class='ocrx_word' id='word_1_437' title='bbox 1037 3229 1368 3284; x_wconf 88' lang='lat' dir='ltr'><strong>matrimonii</strong></span> <span class='ocrx_word' id='word_1_438' title='bbox 1411 3229 1585 3284; x_wconf 84' lang='lat' dir='ltr'><strong>locum</strong></span> <span class='ocrx_word' id='word_1_439' title='bbox 1627 3243 1732 3283; x_wconf 88' lang='lat' dir='ltr'><strong>non</strong></span> <span class='ocrx_word' id='word_1_440' title='bbox 1774 3239 2011 3285; x_wconf 85' lang='lat' dir='ltr'><strong>teneant.</strong></span> 
     </span>
    </p>
   </div>
   <div class='ocr_carea' id='block_1_65' title="bbox 437 3314 2012 3391">
    <p class='ocr_par' dir='ltr' id='par_1_65' title="bbox 437 3314 2012 3391">
     <span class='ocr_line' id='line_1_65' title="bbox 437 3314 2012 3391; baseline 0.006 -23"><span class='ocrx_word' id='word_1_441' title='bbox 437 3314 610 3370; x_wconf 90' lang='lat' dir='ltr'><strong>Porro</strong></span> <span class='ocrx_word' id='word_1_442' title='bbox 663 3319 1044 3373; x_wconf 84' lang='lat' dir='ltr'><strong>sanctissimus</strong></span> <span class='ocrx_word' id='word_1_443' title='bbox 1115 3335 1332 3390; x_wconf 89' lang='lat' dir='ltr'><strong>quoque</strong></span> <span class='ocrx_word' id='word_1_444' title='bbox 1385 3321 1697 3391; x_wconf 84' lang='lat' dir='ltr'><strong>patriarcha</strong></span> <span class='ocrx_word' id='word_1_445' title='bbox 1757 3322 2012 3378; x_wconf 90' lang='lat' dir='ltr'><strong>dominus</strong></span> 
     </span>
    </p>
   </div>
   <div class='ocr_carea' id='block_1_66' title="bbox 439 3405 2018 3480">
    <p class='ocr_par' dir='ltr' id='par_1_66' title="bbox 439 3405 2018 3480">
     <span class='ocr_line' id='line_1_66' title="bbox 439 3405 2018 3480; baseline 0.006 -20"><span class='ocrx_word' id='word_1_446' title='bbox 439 3405 776 3462; x_wconf 89' lang='lat' dir='ltr'><strong>Theodosius</strong></span> <span class='ocrx_word' id='word_1_447' title='bbox 835 3411 1110 3465; x_wconf 69' lang='lat' dir='ltr'><strong>concessit</strong></span> <span class='ocrx_word' id='word_1_448' title='bbox 1170 3411 1658 3480; x_wconf 80' lang='lat' dir='ltr'><strong>Mesopotamitano</strong></span> <span class='ocrx_word' id='word_1_449' title='bbox 1721 3414 1866 3468; x_wconf 91' lang='lat' dir='ltr'><strong>dom.</strong></span> <span class='ocrx_word' id='word_1_450' title='bbox 1923 3415 2018 3470; x_wconf 84' lang='lat' dir='ltr'><strong>Mi-</strong></span> 
     </span>
    </p>
   </div>
   <div class='ocr_carea' id='block_1_67' title="bbox 441 3497 2010 3574">
    <p class='ocr_par' dir='ltr' id='par_1_67' title="bbox 441 3497 2010 3574">
     <span class='ocr_line' id='line_1_67' title="bbox 441 3497 2010 3574; baseline 0.006 -22"><span class='ocrx_word' id='word_1_451' title='bbox 441 3497 638 3560; x_wconf 83' lang='lat' dir='ltr'><strong>chaeli.</strong></span> <span class='ocrx_word' id='word_1_452' title='bbox 676 3501 761 3554; x_wconf 86' lang='lat' dir='ltr'><strong>cui</strong></span> <span class='ocrx_word' id='word_1_453' title='bbox 806 3500 974 3556; x_wconf 82' lang='lat' dir='ltr'><strong>Maria</strong></span> <span class='ocrx_word' id='word_1_454' title='bbox 1013 3504 1260 3570; x_wconf 69' lang='lat' dir='ltr'><strong>quaedam</strong></span> <span class='ocrx_word' id='word_1_455' title='bbox 1316 3503 1586 3573; x_wconf 87' lang='lat' dir='ltr'><strong>desponsa</strong></span> <span class='ocrx_word' id='word_1_456' title='bbox 1627 3503 1767 3561; x_wconf 81' lang='lat' dir='ltr'><strong>forte</strong></span> <span class='ocrx_word' id='word_1_457' title='bbox 1807 3504 2010 3574; x_wconf 79' lang='lat' dir='ltr'><strong>fuerat,</strong></span> 
     </span>
    </p>
   </div>
   <div class='ocr_carea' id='block_1_68' title="bbox 439 3592 2014 3660">
    <p class='ocr_par' dir='ltr' id='par_1_68' title="bbox 439 3592 2014 3660">
     <span class='ocr_line' id='line_1_68' title="bbox 439 3592 2014 3660; baseline 0.006 -17"><span class='ocrx_word' id='word_1_458' title='bbox 439 3600 524 3653; x_wconf 88' lang='lat' dir='ltr'><strong>et,</strong></span> <span class='ocrx_word' id='word_1_459' title='bbox 594 3594 734 3660; x_wconf 89' lang='lat' dir='ltr'><strong>quod</strong></span> <span class='ocrx_word' id='word_1_460' title='bbox 805 3605 866 3644; x_wconf 89' lang='lat' dir='ltr'><strong>ea</strong></span> <span class='ocrx_word' id='word_1_461' title='bbox 936 3602 1061 3646; x_wconf 86' lang='lat' dir='ltr'><strong>ante</strong></span> <span class='ocrx_word' id='word_1_462' title='bbox 1117 3592 1522 3647; x_wconf 82' lang='lat' dir='ltr'><strong>matrimonium</strong></span> <span class='ocrx_word' id='word_1_463' title='bbox 1576 3605 1802 3649; x_wconf 75' lang='lat' dir='ltr'><strong>inertem</strong></span> <span class='ocrx_word' id='word_1_464' title='bbox 1857 3596 2014 3652; x_wconf 84' lang='lat' dir='ltr'><strong>obie-</strong></span> 
     </span>
    </p>
   </div>
   <div class='ocr_carea' id='block_1_69' title="bbox 441 3680 2016 3756">
    <p class='ocr_par' dir='ltr' id='par_1_69' title="bbox 441 3680 2016 3756">
     <span class='ocr_line' id='line_1_69' title="bbox 441 3680 2016 3756; baseline 0.006 -23"><span class='ocrx_word' id='word_1_465' title='bbox 441 3689 517 3734; x_wconf 86' lang='lat' dir='ltr'><strong>rat</strong></span> <span class='ocrx_word' id='word_1_466' title='bbox 549 3720 562 3745; x_wconf 91' lang='lat'><strong>,</strong></span> <span class='ocrx_word' id='word_1_467' title='bbox 617 3680 773 3734; x_wconf 87' lang='lat' dir='ltr'><strong>aliam</strong></span> <span class='ocrx_word' id='word_1_468' title='bbox 821 3691 1144 3751; x_wconf 71' lang='lat' dir='ltr'><strong>acceperat,</strong></span> <span class='ocrx_word' id='word_1_469' title='bbox 1191 3690 1249 3736; x_wconf 89' lang='lat' dir='ltr'><strong>ut</strong></span> <span class='ocrx_word' id='word_1_470' title='bbox 1288 3683 1374 3737; x_wconf 90' lang='lat' dir='ltr'><strong>alii</strong></span> <span class='ocrx_word' id='word_1_471' title='bbox 1411 3685 1528 3738; x_wconf 89' lang='lat' dir='ltr'><strong>sine</strong></span> <span class='ocrx_word' id='word_1_472' title='bbox 1559 3686 1869 3755; x_wconf 67' lang='lat' dir='ltr'><strong>prtejudicio</strong></span> <span class='ocrx_word' id='word_1_473' title='bbox 1897 3696 2016 3756; x_wconf 91' lang='lat' dir='ltr'><strong>post</strong></span> 
     </span>
    </p>
   </div>
   <div class='ocr_carea' id='block_1_70' title="bbox 441 3773 2019 3846">
    <p class='ocr_par' dir='ltr' id='par_1_70' title="bbox 441 3773 2019 3846">
     <span class='ocr_line' id='line_1_70' title="bbox 441 3773 2019 3846; baseline 0.007 -22"><span class='ocrx_word' id='word_1_474' title='bbox 441 3781 670 3827; x_wconf 87' lang='lat' dir='ltr'><strong>mortem</strong></span> <span class='ocrx_word' id='word_1_475' title='bbox 709 3773 825 3841; x_wconf 87' lang='lat' dir='ltr'><strong>ejus</strong></span> <span class='ocrx_word' id='word_1_476' title='bbox 875 3776 1330 3846; x_wconf 76' lang='lat' dir='ltr'><strong>conjungeretur,</strong></span> <span class='ocrx_word' id='word_1_477' title='bbox 1393 3779 1628 3833; x_wconf 76' lang='lat' dir='ltr'><strong>maxime</strong></span> <span class='ocrx_word' id='word_1_478' title='bbox 1669 3795 1789 3834; x_wconf 90' lang='lat' dir='ltr'><strong>cum</strong></span> <span class='ocrx_word' id='word_1_479' title='bbox 1849 3790 1902 3836; x_wconf 92' lang='lat' dir='ltr'><strong>et</strong></span> <span class='ocrx_word' id='word_1_480' title='bbox 1954 3781 2019 3835; x_wconf 91' lang='lat' dir='ltr'><strong>li-</strong></span> 
     </span>
    </p>
   </div>
   <div class='ocr_carea' id='block_1_71' title="bbox 437 3863 2016 3938">
    <p class='ocr_par' dir='ltr' id='par_1_71' title="bbox 437 3863 2016 3938">
     <span class='ocr_line' id='line_1_71' title="bbox 437 3863 2016 3938; baseline 0.004 -21"><span class='ocrx_word' id='word_1_481' title='bbox 437 3863 598 3920; x_wconf 88' lang='lat' dir='ltr'><strong>beros</strong></span> <span class='ocrx_word' id='word_1_482' title='bbox 665 3867 933 3928; x_wconf 79' lang='lat' dir='ltr'><strong>haberet,</strong></span> <span class='ocrx_word' id='word_1_483' title='bbox 999 3876 1054 3920; x_wconf 87' lang='lat' dir='ltr'><strong>et</strong></span> <span class='ocrx_word' id='word_1_484' title='bbox 1159 3868 1392 3938; x_wconf 83' lang='lat' dir='ltr'><strong>trigenta</strong></span> <span class='ocrx_word' id='word_1_485' title='bbox 1461 3885 1632 3926; x_wconf 91' lang='lat' dir='ltr'><strong>annos</strong></span> <span class='ocrx_word' id='word_1_486' title='bbox 1672 3872 2016 3938; x_wconf 79' lang='lat' dir='ltr'><strong>excessisset,</strong></span> 
     </span>
    </p>
   </div>
   <div class='ocr_carea' id='block_1_72' title="bbox 441 3955 2017 4034">
    <p class='ocr_par' dir='ltr' id='par_1_72' title="bbox 441 3955 2017 4034">
     <span class='ocr_line' id='line_1_72' title="bbox 441 3955 2017 4034; baseline 0.006 -25"><span class='ocrx_word' id='word_1_487' title='bbox 441 3955 627 4011; x_wconf 84' lang='lat' dir='ltr'><strong>dicens</strong></span> <span class='ocrx_word' id='word_1_488' title='bbox 668 3956 773 4013; x_wconf 87' lang='lat' dir='ltr'><strong>hoc</strong></span> <span class='ocrx_word' id='word_1_489' title='bbox 823 3973 928 4012; x_wconf 88' lang='lat' dir='ltr'><strong>non</strong></span> <span class='ocrx_word' id='word_1_490' title='bbox 956 3960 1196 4028; x_wconf 89' lang='lat' dir='ltr'><strong>reputari</strong></span> <span class='ocrx_word' id='word_1_491' title='bbox 1245 3960 1572 4028; x_wconf 76' lang='lat' dir='ltr'><strong>trigamiam,</strong></span> <span class='ocrx_word' id='word_1_492' title='bbox 1628 3972 1812 4033; x_wconf 86' lang='lat' dir='ltr'><strong>utpote</strong></span> <span class='ocrx_word' id='word_1_493' title='bbox 1875 3964 2017 4034; x_wconf 90' lang='lat' dir='ltr'><strong>quod</strong></span> 
     </span>
    </p>
   </div>
   <div class='ocr_carea' id='block_1_73' title="bbox 443 4049 2017 4120">
    <p class='ocr_par' dir='ltr' id='par_1_73' title="bbox 443 4049 2017 4120">
     <span class='ocr_line' id='line_1_73' title="bbox 443 4049 2017 4120; baseline 0.006 -18"><span class='ocrx_word' id='word_1_494' title='bbox 443 4049 720 4118; x_wconf 85' lang='lat' dir='ltr'><strong>sponsalia</strong></span> <span class='ocrx_word' id='word_1_495' title='bbox 755 4065 852 4118; x_wconf 89' lang='lat' dir='ltr'><strong>pro</strong></span> <span class='ocrx_word' id='word_1_496' title='bbox 879 4053 1118 4120; x_wconf 81' lang='lat' dir='ltr'><strong>perfecto</strong></span> <span class='ocrx_word' id='word_1_497' title='bbox 1151 4054 1502 4109; x_wconf 86' lang='lat' dir='ltr'><strong>matrimonio</strong></span> <span class='ocrx_word' id='word_1_498' title='bbox 1545 4070 1651 4110; x_wconf 91' lang='lat' dir='ltr'><strong>non</strong></span> <span class='ocrx_word' id='word_1_499' title='bbox 1687 4055 2017 4112; x_wconf 81' lang='lat' dir='ltr'><strong>suﬂicereut.</strong></span> 
     </span>
    </p>
   </div>
   <div class='ocr_carea' id='block_1_74' title="bbox 440 4139 2017 4217">
    <p class='ocr_par' dir='ltr' id='par_1_74' title="bbox 440 4139 2017 4217">
     <span class='ocr_line' id='line_1_74' title="bbox 440 4139 2017 4217; baseline 0.005 -22"><span class='ocrx_word' id='word_1_500' title='bbox 440 4139 568 4196; x_wconf 70' lang='lat' dir='ltr'><strong>Haec</strong></span> <span class='ocrx_word' id='word_1_501' title='bbox 619 4151 796 4196; x_wconf 88' lang='lat' dir='ltr'><strong>autem</strong></span> <span class='ocrx_word' id='word_1_502' title='bbox 829 4143 1028 4198; x_wconf 86' lang='lat' dir='ltr'><strong>idcirco</strong></span> <span class='ocrx_word' id='word_1_503' title='bbox 1068 4155 1270 4199; x_wconf 83' lang='lat' dir='ltr'><strong>statuta</strong></span> <span class='ocrx_word' id='word_1_504' title='bbox 1303 4155 1452 4212; x_wconf 89' lang='lat' dir='ltr'><strong>sunt,</strong></span> <span class='ocrx_word' id='word_1_505' title='bbox 1505 4149 1650 4217; x_wconf 91' lang='lat' dir='ltr'><strong>quod</strong></span> <span class='ocrx_word' id='word_1_506' title='bbox 1683 4163 1788 4202; x_wconf 93' lang='lat' dir='ltr'><strong>non</strong></span> <span class='ocrx_word' id='word_1_507' title='bbox 1811 4149 2017 4203; x_wconf 91' lang='lat' dir='ltr'><strong>dictum</strong></span> 
     </span>
    </p>
   </div>
   <div class='ocr_carea' id='block_1_75' title="bbox 438 4230 2020 4306">
    <p class='ocr_par' dir='ltr' id='par_1_75' title="bbox 438 4230 2020 4306">
     <span class='ocr_line' id='line_1_75' title="bbox 438 4230 2020 4306; baseline 0.003 -19"><span class='ocrx_word' id='word_1_508' title='bbox 438 4241 525 4287; x_wconf 88' lang='lat' dir='ltr'><strong>est</strong></span> <span class='ocrx_word' id='word_1_509' title='bbox 597 4230 912 4287; x_wconf 74' lang='lat' dir='ltr'><strong>afﬁnitatem</strong></span> <span class='ocrx_word' id='word_1_510' title='bbox 963 4235 1130 4290; x_wconf 88' lang='lat' dir='ltr'><strong>etiam</strong></span> <span class='ocrx_word' id='word_1_511' title='bbox 1192 4237 1339 4290; x_wconf 89' lang='lat' dir='ltr'><strong>inter</strong></span> <span class='ocrx_word' id='word_1_512' title='bbox 1389 4247 1569 4306; x_wconf 89' lang='lat' dir='ltr'><strong>partes</strong></span> <span class='ocrx_word' id='word_1_513' title='bbox 1628 4238 2020 4306; x_wconf 86' lang='lat' dir='ltr'><strong>desponsantes</strong></span> 
     </span>
    </p>
   </div>
   <div class='ocr_carea' id='block_1_76' title="bbox 439 4323 2017 4396">
    <p class='ocr_par' dir='ltr' id='par_1_76' title="bbox 439 4323 2017 4396">
     <span class='ocr_line' id='line_1_76' title="bbox 439 4323 2017 4396; baseline 0.003 -19"><span class='ocrx_word' id='word_1_514' title='bbox 439 4323 630 4378; x_wconf 81' lang='lat' dir='ltr'><strong>fuisse.</strong></span> <span class='ocrx_word' id='word_1_515' title='bbox 694 4323 750 4377; x_wconf 87' lang='lat' dir='ltr'><strong>Si</strong></span> <span class='ocrx_word' id='word_1_516' title='bbox 805 4326 949 4379; x_wconf 92' lang='lat' dir='ltr'><strong>enim</strong></span> <span class='ocrx_word' id='word_1_517' title='bbox 1015 4325 1246 4380; x_wconf 80' lang='lat' dir='ltr'><strong>afﬁnitas</strong></span> <span class='ocrx_word' id='word_1_518' title='bbox 1300 4327 1514 4393; x_wconf 82' lang='lat' dir='ltr'><strong>fuisset,</strong></span> <span class='ocrx_word' id='word_1_519' title='bbox 1578 4327 1685 4381; x_wconf 89' lang='lat' dir='ltr'><strong>tale</strong></span> <span class='ocrx_word' id='word_1_520' title='bbox 1736 4328 2017 4396; x_wconf 87' lang='lat' dir='ltr'><strong>quippiam</strong></span> 
     </span>
    </p>
   </div>
   <div class='ocr_carea' id='block_1_77' title="bbox 439 4417 2017 4483">
    <p class='ocr_par' dir='ltr' id='par_1_77' title="bbox 439 4417 2017 4483">
     <span class='ocr_line' id='line_1_77' title="bbox 439 4417 2017 4483; baseline 0.002 -13"><span class='ocrx_word' id='word_1_521' title='bbox 439 4430 717 4483; x_wconf 82' lang='lat' dir='ltr'><strong>nunquam</strong></span> <span class='ocrx_word' id='word_1_522' title='bbox 777 4417 1127 4470; x_wconf 87' lang='lat' dir='ltr'><strong>constitutum</strong></span> <span class='ocrx_word' id='word_1_523' title='bbox 1175 4429 1343 4482; x_wconf 90' lang='lat' dir='ltr'><strong>esset,</strong></span> <span class='ocrx_word' id='word_1_524' title='bbox 1389 4434 1457 4472; x_wconf 91' lang='lat' dir='ltr'><strong>ne</strong></span> <span class='ocrx_word' id='word_1_525' title='bbox 1500 4419 1821 4474; x_wconf 77' lang='lat' dir='ltr'><strong>manifestus</strong></span> <span class='ocrx_word' id='word_1_526' title='bbox 1870 4419 2017 4474; x_wconf 90' lang='lat' dir='ltr'><strong>ince-</strong></span> 
     </span>
    </p>
   </div>
   <div class='ocr_carea' id='block_1_78' title="bbox 2124 3218 3712 3291">
    <p class='ocr_par' dir='ltr' id='par_1_78' title="bbox 2124 3218 3712 3291">
     <span class='ocr_line' id='line_1_78' title="bbox 2124 3218 3712 3291; baseline -0.001 -18"><span class='ocrx_word' id='word_1_527' title='bbox 2124 3220 2364 3291; x_wconf 85' lang='grc' dir='ltr'>μεγάλου</span> <span class='ocrx_word' id='word_1_528' title='bbox 2395 3219 2770 3291; x_wconf 88' lang='grc' dir='ltr'>δρουγγαρίου</span> <span class='ocrx_word' id='word_1_529' title='bbox 2839 3219 3224 3288; x_wconf 85' lang='grc' dir='ltr'>συνάλλαγμα·</span> <span class='ocrx_word' id='word_1_530' title='bbox 3261 3220 3354 3272; x_wconf 67' lang='grc' dir='ltr'>καὶ</span> <span class='ocrx_word' id='word_1_531' title='bbox 3399 3218 3712 3289; x_wconf 82' lang='grc' dir='ltr'>διεγνώσθη</span> 
     </span>
    </p>
   </div>
   <div class='ocr_carea' id='block_1_79' title="bbox 2123 3297 3712 3383">
    <p class='ocr_par' dir='ltr' id='par_1_79' title="bbox 2123 3297 3712 3383">
     <span class='ocr_line' id='line_1_79' title="bbox 2123 3297 3712 3383; baseline 0 -20"><span class='ocrx_word' id='word_1_532' title='bbox 2123 3312 2199 3383; x_wconf 81' lang='grc' dir='ltr'>μὴ</span> <span class='ocrx_word' id='word_1_533' title='bbox 2225 3310 2638 3381; x_wconf 79' lang='grc' dir='ltr'>ἐμποδίζεσθαι,</span> <span class='ocrx_word' id='word_1_534' title='bbox 2658 3310 2748 3363; x_wconf 79' lang='grc' dir='ltr'>διὰ</span> <span class='ocrx_word' id='word_1_535' title='bbox 2764 3311 2825 3364; x_wconf 81' lang='grc' dir='ltr'><strong>τὸ</strong></span> <span class='ocrx_word' id='word_1_536' title='bbox 2845 3297 2943 3380; x_wconf 75' lang='grc' dir='ltr'><strong>τὴν</strong></span> <span class='ocrx_word' id='word_1_537' title='bbox 2977 3309 3280 3379; x_wconf 84' lang='grc' dir='ltr'>μνηστείαν</span> <span class='ocrx_word' id='word_1_538' title='bbox 3313 3307 3480 3362; x_wconf 85' lang='grc' dir='ltr'>τόπον</span> <span class='ocrx_word' id='word_1_539' title='bbox 3496 3309 3712 3364; x_wconf 85' lang='grc' dir='ltr'>τελείου</span> 
     </span>
    </p>
   </div>
   <div class='ocr_carea' id='block_1_80' title="bbox 2120 3401 3716 3475">
    <p class='ocr_par' dir='ltr' id='par_1_80' title="bbox 2120 3401 3716 3475">
     <span class='ocr_line' id='line_1_80' title="bbox 2120 3401 3716 3475; baseline -0.003 -17"><span class='ocrx_word' id='word_1_540' title='bbox 2120 3407 2302 3475; x_wconf 89' lang='grc' dir='ltr'>γάμου</span> <span class='ocrx_word' id='word_1_541' title='bbox 2340 3405 2416 3475; x_wconf 83' lang='grc' dir='ltr'>μὴ</span> <span class='ocrx_word' id='word_1_542' title='bbox 2467 3404 2711 3473; x_wconf 73' lang='grc' dir='ltr'>ἐπέχειν.</span> <span class='ocrx_word' id='word_1_543' title='bbox 2743 3402 2856 3458; x_wconf 71' lang='grc' dir='ltr'><strong>Καὶ</strong></span> <span class='ocrx_word' id='word_1_544' title='bbox 2880 3404 2908 3456; x_wconf 82' lang='grc' dir='ltr'>ὀ</span> <span class='ocrx_word' id='word_1_545' title='bbox 2934 3402 3244 3472; x_wconf 88' lang='grc' dir='ltr'>ἁγιώτατος</span> <span class='ocrx_word' id='word_1_546' title='bbox 3277 3401 3332 3454; x_wconf 86' lang='grc' dir='ltr'>δὲ</span> <span class='ocrx_word' id='word_1_547' title='bbox 3351 3401 3716 3473; x_wconf 71' lang='grc' dir='ltr'>πατριάρχης</span> 
     </span>
    </p>
   </div>
   <div class='ocr_carea' id='block_1_81' title="bbox 2121 3495 3714 3570">
    <p class='ocr_par' dir='ltr' id='par_1_81' title="bbox 2121 3495 3714 3570">
     <span class='ocr_line' id='line_1_81' title="bbox 2121 3495 3714 3570; baseline -0.003 -16"><span class='ocrx_word' id='word_1_548' title='bbox 2121 3501 2316 3570; x_wconf 81' lang='grc' dir='ltr'>κύριος</span> <span class='ocrx_word' id='word_1_549' title='bbox 2381 3498 2665 3561; x_wconf 83' lang='grc' dir='ltr'>Θεοδόσιος</span> <span class='ocrx_word' id='word_1_550' title='bbox 2729 3495 3044 3567; x_wconf 71' lang='grc' dir='ltr'>ἐξεχώρησε</span> <span class='ocrx_word' id='word_1_551' title='bbox 3105 3495 3182 3564; x_wconf 82' lang='grc' dir='ltr'>τῷ</span> <span class='ocrx_word' id='word_1_552' title='bbox 3239 3496 3714 3565; x_wconf 83' lang='grc' dir='ltr'>Μεσοποταμίτου</span> 
     </span>
    </p>
   </div>
   <div class='ocr_carea' id='block_1_82' title="bbox 2122 3586 3714 3662">
    <p class='ocr_par' dir='ltr' id='par_1_82' title="bbox 2122 3586 3714 3662">
     <span class='ocr_line' id='line_1_82' title="bbox 2122 3586 3714 3662; baseline -0.003 -18"><span class='ocrx_word' id='word_1_553' title='bbox 2122 3591 2315 3662; x_wconf 86' lang='grc' dir='ltr'>κυρίου</span> <span class='ocrx_word' id='word_1_554' title='bbox 2351 3589 2574 3660; x_wconf 81' lang='grc' dir='ltr'>Μιχαὴλ</span> <span class='ocrx_word' id='word_1_555' title='bbox 2608 3589 3088 3660; x_wconf 78' lang='grc' dir='ltr'>μνηστευσαμένῳ</span> <span class='ocrx_word' id='word_1_556' title='bbox 3112 3587 3329 3658; x_wconf 87' lang='grc' dir='ltr'>Μαρίαν</span> <span class='ocrx_word' id='word_1_557' title='bbox 3369 3586 3497 3640; x_wconf 80' lang='grc' dir='ltr'>τινὰ</span> <span class='ocrx_word' id='word_1_558' title='bbox 3518 3587 3714 3657; x_wconf 70' lang='grc' dir='ltr'>τυχὸν,</span> 
     </span>
    </p>
   </div>
   <div class='ocr_carea' id='block_1_83' title="bbox 2120 3677 3714 3750">
    <p class='ocr_par' dir='ltr' id='par_1_83' title="bbox 2120 3677 3714 3750">
     <span class='ocr_line' id='line_1_83' title="bbox 2120 3677 3714 3750; baseline -0.004 -13"><span class='ocrx_word' id='word_1_559' title='bbox 2120 3682 2216 3737; x_wconf 77' lang='grc' dir='ltr'>καὶ</span> <span class='ocrx_word' id='word_1_560' title='bbox 2275 3682 2366 3736; x_wconf 82' lang='grc' dir='ltr'>διὰ</span> <span class='ocrx_word' id='word_1_561' title='bbox 2408 3681 2470 3734; x_wconf 77' lang='grc' dir='ltr'>τὸ</span> <span class='ocrx_word' id='word_1_562' title='bbox 2523 3680 2848 3750; x_wconf 85' lang='grc' dir='ltr'>τελευτῆσαι</span> <span class='ocrx_word' id='word_1_563' title='bbox 2913 3680 3119 3746; x_wconf 85' lang='grc' dir='ltr'>ταύτην</span> <span class='ocrx_word' id='word_1_564' title='bbox 3166 3679 3275 3749; x_wconf 85' lang='grc' dir='ltr'><strong>πρὸ</strong></span> <span class='ocrx_word' id='word_1_565' title='bbox 3332 3677 3428 3732; x_wconf 83' lang='grc' dir='ltr'>τοῦ</span> <span class='ocrx_word' id='word_1_566' title='bbox 3497 3679 3714 3747; x_wconf 82' lang='grc' dir='ltr'>γάμου,</span> 
     </span>
    </p>
   </div>
   <div class='ocr_carea' id='block_1_84' title="bbox 2071 3773 3718 3848">
    <p class='ocr_par' dir='ltr' id='par_1_84' title="bbox 2071 3773 3718 3848">
     <span class='ocr_line' id='line_1_84' title="bbox 2071 3773 3718 3848; baseline -0.003 -18"><span class='ocrx_word' id='word_1_567' title='bbox 2071 3811 2085 3822; x_wconf 60' lang='grc' dir='ltr'><em>κ</em></span> <span class='ocrx_word' id='word_1_568' title='bbox 2121 3778 2318 3846; x_wconf 81' lang='grc' dir='ltr'>ἑτέραν</span> <span class='ocrx_word' id='word_1_569' title='bbox 2347 3777 2590 3843; x_wconf 87' lang='grc' dir='ltr'>λαϐόντι,</span> <span class='ocrx_word' id='word_1_570' title='bbox 2624 3776 3156 3848; x_wconf 81' lang='grc' dir='ltr'>ἀπροκριματίστως</span> <span class='ocrx_word' id='word_1_571' title='bbox 3198 3773 3339 3842; x_wconf 75' lang='grc' dir='ltr'>μετὰ</span> <span class='ocrx_word' id='word_1_572' title='bbox 3359 3774 3454 3826; x_wconf 77' lang='grc' dir='ltr'><strong>τὸν</strong></span> <span class='ocrx_word' id='word_1_573' title='bbox 3493 3773 3718 3842; x_wconf 77' lang='grc' dir='ltr'>ταύτης</span> 
     </span>
    </p>
   </div>
   <div class='ocr_carea' id='block_1_85' title="bbox 2123 3865 3719 3941">
    <p class='ocr_par' dir='ltr' id='par_1_85' title="bbox 2123 3865 3719 3941">
     <span class='ocr_line' id='line_1_85' title="bbox 2123 3865 3719 3941; baseline -0.006 -15"><span class='ocrx_word' id='word_1_574' title='bbox 2123 3870 2356 3926; x_wconf 87' lang='grc' dir='ltr'>θάνατον</span> <span class='ocrx_word' id='word_1_575' title='bbox 2407 3870 2576 3941; x_wconf 82' lang='grc' dir='ltr'>ἑτέρᾳ</span> <span class='ocrx_word' id='word_1_576' title='bbox 2606 3869 2974 3939; x_wconf 77' lang='grc' dir='ltr'>συναφθῆναι,</span> <span class='ocrx_word' id='word_1_577' title='bbox 3006 3868 3191 3938; x_wconf 75' lang='grc' dir='ltr'>ἔχοντι</span> <span class='ocrx_word' id='word_1_578' title='bbox 3218 3866 3313 3920; x_wconf 77' lang='grc' dir='ltr'><strong>καὶ</strong></span> <span class='ocrx_word' id='word_1_579' title='bbox 3364 3865 3543 3918; x_wconf 78' lang='grc' dir='ltr'>ταῦτα</span> <span class='ocrx_word' id='word_1_580' title='bbox 3574 3869 3719 3918; x_wconf 85' lang='grc' dir='ltr'>παῖ-</span> 
     </span>
    </p>
   </div>
   <div class='ocr_carea' id='block_1_86' title="bbox 2121 3959 3720 4033">
    <p class='ocr_par' dir='ltr' id='par_1_86' title="bbox 2121 3959 3720 4033">
     <span class='ocr_line' id='line_1_86' title="bbox 2121 3959 3720 4033; baseline -0.004 -15"><span class='ocrx_word' id='word_1_581' title='bbox 2121 3964 2239 4029; x_wconf 86' lang='grc' dir='ltr'>δας,</span> <span class='ocrx_word' id='word_1_582' title='bbox 2261 3962 2358 4017; x_wconf 72' lang='grc' dir='ltr'>καὶ</span> <span class='ocrx_word' id='word_1_583' title='bbox 2380 3963 2474 4016; x_wconf 75' lang='grc' dir='ltr'>τὸν</span> <span class='ocrx_word' id='word_1_584' title='bbox 2501 3961 2834 4033; x_wconf 75' lang='grc' dir='ltr'>τριακοστὸν</span> <span class='ocrx_word' id='word_1_585' title='bbox 2851 3959 3269 4030; x_wconf 80' lang='grc' dir='ltr'>ὑπεραναϐάντι</span> <span class='ocrx_word' id='word_1_586' title='bbox 3291 3960 3506 4030; x_wconf 88' lang='grc' dir='ltr'>χρόνον,</span> <span class='ocrx_word' id='word_1_587' title='bbox 3531 3959 3720 4011; x_wconf 84' lang='grc' dir='ltr'>είπὼν</span> 
     </span>
    </p>
   </div>
   <div class='ocr_carea' id='block_1_87' title="bbox 2123 4044 3722 4130">
    <p class='ocr_par' dir='ltr' id='par_1_87' title="bbox 2123 4044 3722 4130">
     <span class='ocr_line' id='line_1_87' title="bbox 2123 4044 3722 4130; baseline -0.004 -18"><span class='ocrx_word' id='word_1_588' title='bbox 2123 4060 2200 4130; x_wconf 80' lang='grc' dir='ltr'>μὴ</span> <span class='ocrx_word' id='word_1_589' title='bbox 2229 4044 2546 4127; x_wconf 79' lang='grc' dir='ltr'>λογίζεσθαι</span> <span class='ocrx_word' id='word_1_590' title='bbox 2579 4057 2738 4112; x_wconf 82' lang='grc' dir='ltr'>τοῦτο</span> <span class='ocrx_word' id='word_1_591' title='bbox 2775 4057 3099 4128; x_wconf 85' lang='grc' dir='ltr'>τριγαμίαν,</span> <span class='ocrx_word' id='word_1_592' title='bbox 3133 4055 3208 4115; x_wconf 83' lang='grc' dir='ltr'>ὡς</span> <span class='ocrx_word' id='word_1_593' title='bbox 3233 4055 3336 4124; x_wconf 79' lang='grc' dir='ltr'>τῆς</span> <span class='ocrx_word' id='word_1_594' title='bbox 3404 4054 3722 4125; x_wconf 83' lang='grc' dir='ltr'>μνηστείας</span> 
     </span>
    </p>
   </div>
   <div class='ocr_carea' id='block_1_88' title="bbox 2124 4144 3722 4222">
    <p class='ocr_par' dir='ltr' id='par_1_88' title="bbox 2124 4144 3722 4222">
     <span class='ocr_line' id='line_1_88' title="bbox 2124 4144 3722 4222; baseline -0.003 -17"><span class='ocrx_word' id='word_1_595' title='bbox 2124 4151 2200 4222; x_wconf 81' lang='grc' dir='ltr'>μὴ</span> <span class='ocrx_word' id='word_1_596' title='bbox 2238 4149 2518 4220; x_wconf 81' lang='grc' dir='ltr'>ἀρκούσης</span> <span class='ocrx_word' id='word_1_597' title='bbox 2551 4151 2676 4203; x_wconf 76' lang='grc' dir='ltr'>ἀντὶ</span> <span class='ocrx_word' id='word_1_598' title='bbox 2701 4149 2909 4203; x_wconf 88' lang='grc' dir='ltr'>τελείου</span> <span class='ocrx_word' id='word_1_599' title='bbox 2950 4148 3157 4218; x_wconf 85' lang='grc' dir='ltr'>γάμου.</span> <span class='ocrx_word' id='word_1_600' title='bbox 3215 4146 3402 4201; x_wconf 81' lang='grc' dir='ltr'>Ταῦτα</span> <span class='ocrx_word' id='word_1_601' title='bbox 3446 4145 3504 4200; x_wconf 82' lang='grc' dir='ltr'>δὲ</span> <span class='ocrx_word' id='word_1_602' title='bbox 3561 4144 3722 4200; x_wconf 74' lang='grc' dir='ltr'>οὕτω</span> 
     </span>
    </p>
   </div>
   <div class='ocr_carea' id='block_1_89' title="bbox 2127 4239 3720 4313">
    <p class='ocr_par' dir='ltr' id='par_1_89' title="bbox 2127 4239 3720 4313">
     <span class='ocr_line' id='line_1_89' title="bbox 2127 4239 3720 4313; baseline -0.004 -15"><span class='ocrx_word' id='word_1_603' title='bbox 2127 4243 2434 4313; x_wconf 89' lang='grc' dir='ltr'>διεγνώσθη</span> <span class='ocrx_word' id='word_1_604' title='bbox 2467 4243 2554 4296; x_wconf 85' lang='grc' dir='ltr'><strong>διὰ</strong></span> <span class='ocrx_word' id='word_1_605' title='bbox 2603 4243 2664 4296; x_wconf 80' lang='grc' dir='ltr'><strong>τὸ</strong></span> <span class='ocrx_word' id='word_1_606' title='bbox 2715 4243 2790 4312; x_wconf 82' lang='grc' dir='ltr'>μὴ</span> <span class='ocrx_word' id='word_1_607' title='bbox 2819 4241 3123 4311; x_wconf 80' lang='grc' dir='ltr'>λαληθῆναι</span> <span class='ocrx_word' id='word_1_608' title='bbox 3156 4240 3250 4294; x_wconf 75' lang='grc' dir='ltr'>καὶ</span> <span class='ocrx_word' id='word_1_609' title='bbox 3285 4239 3542 4307; x_wconf 80' lang='grc' dir='ltr'>γενέσθαι</span> <span class='ocrx_word' id='word_1_610' title='bbox 3571 4256 3720 4292; x_wconf 81' lang='grc' dir='ltr'>συν-</span> 
     </span>
    </p>
   </div>
   <div class='ocr_carea' id='block_1_90' title="bbox 2121 4328 3720 4404">
    <p class='ocr_par' dir='ltr' id='par_1_90' title="bbox 2121 4328 3720 4404">
     <span class='ocr_line' id='line_1_90' title="bbox 2121 4328 3720 4404; baseline -0.003 -17"><span class='ocrx_word' id='word_1_611' title='bbox 2121 4335 2320 4404; x_wconf 87' lang='grc' dir='ltr'>άφειαν</span> <span class='ocrx_word' id='word_1_612' title='bbox 2392 4334 2558 4402; x_wconf 86' lang='grc' dir='ltr'>μέσον</span> <span class='ocrx_word' id='word_1_613' title='bbox 2620 4333 2728 4386; x_wconf 83' lang='grc' dir='ltr'>τῶν</span> <span class='ocrx_word' id='word_1_614' title='bbox 2791 4332 3143 4402; x_wconf 81' lang='grc' dir='ltr'>μνηστήρων.</span> <span class='ocrx_word' id='word_1_615' title='bbox 3211 4330 3275 4383; x_wconf 79' lang='lat' dir='ltr'><strong>El.</strong></span> <span class='ocrx_word' id='word_1_616' title='bbox 3345 4331 3454 4400; x_wconf 84' lang='grc' dir='ltr'>γὰρ</span> <span class='ocrx_word' id='word_1_617' title='bbox 3513 4328 3720 4397; x_wconf 75' lang='grc' dir='ltr'>γέγονε</span> 
     </span>
    </p>
   </div>
   <div class='ocr_carea' id='block_1_91' title="bbox 2133 4421 3722 4494">
    <p class='ocr_par' dir='ltr' id='par_1_91' title="bbox 2133 4421 3722 4494">
     <span class='ocr_line' id='line_1_91' title="bbox 2133 4421 3722 4494; baseline -0.003 -16"><span class='ocrx_word' id='word_1_618' title='bbox 2133 4428 2418 4493; x_wconf 79' lang='grc' dir='ltr'>συνάφεια,</span> <span class='ocrx_word' id='word_1_619' title='bbox 2455 4425 2555 4478; x_wconf 86' lang='grc' dir='ltr'><strong>ούκ</strong></span> <span class='ocrx_word' id='word_1_620' title='bbox 2592 4425 2659 4477; x_wconf 80' lang='grc' dir='ltr'>ἂν</span> <span class='ocrx_word' id='word_1_621' title='bbox 2712 4423 3018 4492; x_wconf 73' lang='grc' dir='ltr'>διεγνιῦσθη</span> <span class='ocrx_word' id='word_1_622' title='bbox 3081 4421 3322 4476; x_wconf 83' lang='grc' dir='ltr'>τοιοῦτόν</span> <span class='ocrx_word' id='word_1_623' title='bbox 3371 4440 3445 4487; x_wconf 85' lang='grc' dir='ltr'><strong>τι,</strong></span> <span class='ocrx_word' id='word_1_624' title='bbox 3487 4421 3574 4474; x_wconf 78' lang='grc' dir='ltr'>ἵνα</span> <span class='ocrx_word' id='word_1_625' title='bbox 3633 4424 3722 4494; x_wconf 78' lang='grc' dir='ltr'>μὴ</span> 
     </span>
    </p>
   </div>
   <div class='ocr_carea' id='block_1_92' title="bbox 442 4494 2014 4586">
    <p class='ocr_par' dir='ltr' id='par_1_92' title="bbox 442 4509 2014 4578">
     <span class='ocr_line' id='line_1_92' title="bbox 442 4509 2014 4578; baseline 0.002 -15"><span class='ocrx_word' id='word_1_626' title='bbox 442 4519 581 4572; x_wconf 88' lang='lat' dir='ltr'><strong>stus,</strong></span> <span class='ocrx_word' id='word_1_627' title='bbox 631 4519 686 4562; x_wconf 88' lang='lat' dir='ltr'><strong>et</strong></span> <span class='ocrx_word' id='word_1_628' title='bbox 745 4509 1079 4577; x_wconf 77' lang='lat' dir='ltr'><strong>illegitimum</strong></span> <span class='ocrx_word' id='word_1_629' title='bbox 1138 4511 1541 4564; x_wconf 89' lang='lat' dir='ltr'><strong>matrimonium</strong></span> <span class='ocrx_word' id='word_1_630' title='bbox 1585 4511 2014 4578; x_wconf 67' lang='lat' dir='ltr'><strong>permitteretur;</strong></span> 
     </span>
    </p>
   </div>
   <div class='ocr_carea' id='block_1_93' title="bbox 2119 4494 3718 4586">
    <p class='ocr_par' dir='ltr' id='par_1_93' title="bbox 2131 4512 3718 4586">
     <span class='ocr_line' id='line_1_93' title="bbox 2131 4512 3718 4586; baseline -0.004 -17"><span class='ocrx_word' id='word_1_631' title='bbox 2131 4516 2418 4586; x_wconf 74' lang='grc' dir='ltr'>προφανὴς</span> <span class='ocrx_word' id='word_1_632' title='bbox 2453 4513 2749 4586; x_wconf 81' lang='grc' dir='ltr'>αἱμομιξία</span> <span class='ocrx_word' id='word_1_633' title='bbox 2782 4516 2876 4567; x_wconf 69' lang='grc' dir='ltr'><strong>καὶ</strong></span> <span class='ocrx_word' id='word_1_634' title='bbox 2899 4513 3158 4583; x_wconf 84' lang='grc' dir='ltr'>ἁθὲμιτος</span> <span class='ocrx_word' id='word_1_635' title='bbox 3185 4514 3366 4582; x_wconf 82' lang='grc' dir='ltr'>γάμος</span> <span class='ocrx_word' id='word_1_636' title='bbox 3394 4512 3718 4582; x_wconf 78' lang='grc' dir='ltr'>ἑγχωρηθῇ.</span> 
     </span>
    </p>
   </div>
   <div class='ocr_carea' id='block_1_94' title="bbox 441 4600 2022 4672">
    <p class='ocr_par' dir='ltr' id='par_1_94' title="bbox 441 4600 2022 4672">
     <span class='ocr_line' id='line_1_94' title="bbox 441 4600 2022 4672; baseline 0.004 -20"><span class='ocrx_word' id='word_1_637' title='bbox 441 4600 748 4666; x_wconf 79' lang='lat' dir='ltr'><strong>Quinetiam</strong></span> <span class='ocrx_word' id='word_1_638' title='bbox 802 4603 890 4654; x_wconf 89' lang='lat' dir='ltr'><strong>tali</strong></span> <span class='ocrx_word' id='word_1_639' title='bbox 933 4601 1192 4656; x_wconf 80' lang='lat' dir='ltr'><strong>aliinitate</strong></span> <span class='ocrx_word' id='word_1_640' title='bbox 1224 4618 1326 4656; x_wconf 89' lang='lat' dir='ltr'><strong>non</strong></span> <span class='ocrx_word' id='word_1_641' title='bbox 1376 4603 1804 4668; x_wconf 78' lang='lat' dir='ltr'><strong>interveniente,</strong></span> <span class='ocrx_word' id='word_1_642' title='bbox 1843 4620 2022 4672; x_wconf 79' lang='lat' dir='ltr'><strong>quan-</strong></span> 
     </span>
    </p>
   </div>
   <div class='ocr_carea' id='block_1_95' title="bbox 441 4693 2024 4766">
    <p class='ocr_par' dir='ltr' id='par_1_95' title="bbox 441 4693 2024 4766">
     <span class='ocr_line' id='line_1_95' title="bbox 441 4693 2024 4766; baseline 0.001 -17"><span class='ocrx_word' id='word_1_643' title='bbox 441 4695 728 4763; x_wconf 84' lang='lat' dir='ltr'><strong>doquidem</strong></span> <span class='ocrx_word' id='word_1_644' title='bbox 785 4711 814 4749; x_wconf 87' lang='lat' dir='ltr'><strong>a</strong></span> <span class='ocrx_word' id='word_1_645' title='bbox 855 4711 982 4750; x_wconf 87' lang='lat' dir='ltr'><strong>can.</strong></span> <span class='ocrx_word' id='word_1_646' title='bbox 1026 4695 1096 4752; x_wconf 88' lang='lat'><strong>98</strong></span> <span class='ocrx_word' id='word_1_647' title='bbox 1138 4695 1329 4765; x_wconf 85' lang='lat' dir='ltr'><strong>synodi</strong></span> <span class='ocrx_word' id='word_1_648' title='bbox 1365 4695 1416 4748; x_wconf 89' lang='lat' dir='ltr'><strong>in</strong></span> <span class='ocrx_word' id='word_1_649' title='bbox 1452 4693 1662 4760; x_wconf 84' lang='lat' dir='ltr'><strong>Trullo,</strong></span> <span class='ocrx_word' id='word_1_650' title='bbox 1709 4705 1764 4750; x_wconf 90' lang='lat' dir='ltr'><strong>et</strong></span> <span class='ocrx_word' id='word_1_651' title='bbox 1813 4711 1932 4766; x_wconf 85' lang='lat' dir='ltr'><strong>cap.</strong></span> <span class='ocrx_word' id='word_1_652' title='bbox 1988 4697 2024 4750; x_wconf 76' lang='lat'><strong>2</strong></span> 
     </span>
    </p>
   </div>
   <div class='ocr_carea' id='block_1_96' title="bbox 443 4784 2022 4856">
    <p class='ocr_par' dir='ltr' id='par_1_96' title="bbox 443 4784 2022 4856">
     <span class='ocr_line' id='line_1_96' title="bbox 443 4784 2022 4856; baseline 0.003 -16"><span class='ocrx_word' id='word_1_653' title='bbox 443 4786 530 4841; x_wconf 89' lang='lat' dir='ltr'><strong>tit.</strong></span> <span class='ocrx_word' id='word_1_654' title='bbox 565 4784 652 4850; x_wconf 84' lang='lat'><strong>58,</strong></span> <span class='ocrx_word' id='word_1_655' title='bbox 688 4787 779 4842; x_wconf 83' lang='lat' dir='ltr'><strong>lib.</strong></span> <span class='ocrx_word' id='word_1_656' title='bbox 807 4803 872 4840; x_wconf 68' lang='grc' dir='ltr'>ιτ</span> <span class='ocrx_word' id='word_1_657' title='bbox 904 4797 955 4842; x_wconf 90' lang='lat' dir='ltr'><strong>et</strong></span> <span class='ocrx_word' id='word_1_658' title='bbox 1005 4789 1172 4842; x_wconf 88' lang='lat' dir='ltr'><strong>them.</strong></span> <span class='ocrx_word' id='word_1_659' title='bbox 1197 4789 1251 4853; x_wconf 83' lang='lat'><strong>&#39;5,</strong></span> <span class='ocrx_word' id='word_1_660' title='bbox 1282 4795 1400 4856; x_wconf 88' lang='lat' dir='ltr'><strong>ca&#39;p.</strong></span> <span class='ocrx_word' id='word_1_661' title='bbox 1442 4789 1528 4852; x_wconf 74' lang='grc'><strong>12,</strong></span> <span class='ocrx_word' id='word_1_662' title='bbox 1558 4789 1641 4842; x_wconf 90' lang='lat' dir='ltr'><strong>tit.</strong></span> <span class='ocrx_word' id='word_1_663' title='bbox 1664 4789 1754 4852; x_wconf 81' lang='lat'><strong>57,</strong></span> <span class='ocrx_word' id='word_1_664' title='bbox 1783 4789 2022 4855; x_wconf 89' lang='lat' dir='ltr'><strong>ejusdem</strong></span> 
     </span>
    </p>
   </div>
   <div class='ocr_carea' id='block_1_97' title="bbox 442 4880 2015 4950">
    <p class='ocr_par' dir='ltr' id='par_1_97' title="bbox 442 4880 2015 4950">
     <span class='ocr_line' id='line_1_97' title="bbox 442 4880 2015 4950; baseline 0.001 -15"><span class='ocrx_word' id='word_1_665' title='bbox 442 4881 539 4936; x_wconf 88' lang='lat' dir='ltr'><strong>lib.</strong></span> <span class='ocrx_word' id='word_1_666' title='bbox 588 4896 677 4946; x_wconf 70' lang='grc' dir='ltr'><strong>ωε,</strong></span> <span class='ocrx_word' id='word_1_667' title='bbox 723 4881 855 4936; x_wconf 84' lang='lat' dir='ltr'><strong>satis</strong></span> <span class='ocrx_word' id='word_1_668' title='bbox 893 4889 1109 4935; x_wconf 84' lang='lat' dir='ltr'><strong>constat</strong></span> <span class='ocrx_word' id='word_1_669' title='bbox 1139 4896 1285 4943; x_wconf 87' lang='lat' dir='ltr'><strong>eum,</strong></span> <span class='ocrx_word' id='word_1_670' title='bbox 1321 4881 1410 4950; x_wconf 87' lang='lat' dir='ltr'><strong>qui</strong></span> <span class='ocrx_word' id='word_1_671' title='bbox 1451 4880 1604 4934; x_wconf 88' lang='lat' dir='ltr'><strong>alteri</strong></span> <span class='ocrx_word' id='word_1_672' title='bbox 1634 4882 2015 4950; x_wconf 88' lang='lat' dir='ltr'><strong>desponsatam</strong></span> 
     </span>
    </p>
   </div>
   <div class='ocr_carea' id='block_1_98' title="bbox 440 4972 2021 5045">
    <p class='ocr_par' dir='ltr' id='par_1_98' title="bbox 440 4972 2021 5045">
     <span class='ocr_line' id='line_1_98' title="bbox 440 4972 2021 5045; baseline -0.001 -15"><span class='ocrx_word' id='word_1_673' title='bbox 440 4977 678 5038; x_wconf 77' lang='lat' dir='ltr'><strong>duxerit,</strong></span> <span class='ocrx_word' id='word_1_674' title='bbox 708 4974 959 5027; x_wconf 63' lang='lat' dir='ltr'><strong>adulterii</strong></span> <span class='ocrx_word' id='word_1_675' title='bbox 991 4972 1219 5027; x_wconf 89' lang='lat' dir='ltr'><strong>crimine</strong></span> <span class='ocrx_word' id='word_1_676' title='bbox 1262 4973 1458 5034; x_wconf 85' lang='lat' dir='ltr'><strong>teneri,</strong></span> <span class='ocrx_word' id='word_1_677' title='bbox 1503 4975 1719 5042; x_wconf 89' lang='lat' dir='ltr'><strong>quando</strong></span> <span class='ocrx_word' id='word_1_678' title='bbox 1755 4978 1810 5028; x_wconf 82' lang='lat' dir='ltr'><strong>&#39;et</strong></span> <span class='ocrx_word' id='word_1_679' title='bbox 1857 4991 2021 5045; x_wconf 86' lang='lat' dir='ltr'><strong>spon-</strong></span> 
     </span>
    </p>
   </div>
   <div class='ocr_carea' id='block_1_99' title="bbox 438 5065 2026 5135">
    <p class='ocr_par' dir='ltr' id='par_1_99' title="bbox 438 5065 2026 5135">
     <span class='ocr_line' id='line_1_99' title="bbox 438 5065 2026 5135; baseline -0.001 -11"><span class='ocrx_word' id='word_1_680' title='bbox 438 5069 578 5124; x_wconf 79' lang='lat' dir='ltr'><strong>salia</strong></span> <span class='ocrx_word' id='word_1_681' title='bbox 622 5077 749 5121; x_wconf 88' lang='lat' dir='ltr'><strong>tunc</strong></span> <span class='ocrx_word' id='word_1_682' title='bbox 779 5080 952 5135; x_wconf 57' lang='lat' dir='ltr'><strong>parate</strong></span> <span class='ocrx_word' id='word_1_683' title='bbox 975 5065 1241 5120; x_wconf 88' lang='lat' dir='ltr'><strong>solutione</strong></span> <span class='ocrx_word' id='word_1_684' title='bbox 1261 5065 1714 5133; x_wconf 77' lang='lat' dir='ltr'><strong>dissolvebantur,</strong></span> <span class='ocrx_word' id='word_1_685' title='bbox 1747 5079 1800 5121; x_wconf 88' lang='lat' dir='ltr'><strong>et</strong></span> <span class='ocrx_word' id='word_1_686' title='bbox 1832 5083 1936 5122; x_wconf 82' lang='lat' dir='ltr'><strong>non</strong></span> <span class='ocrx_word' id='word_1_687' title='bbox 1970 5076 2026 5122; x_wconf 89' lang='lat' dir='ltr'><strong>ut</strong></span> 
     </span>
    </p>
   </div>
   <div class='ocr_carea' id='block_1_100' title="bbox 444 5159 2020 5229">
    <p class='ocr_par' dir='ltr' id='par_1_100' title="bbox 444 5159 2020 5229">
     <span class='ocr_line' id='line_1_100' title="bbox 444 5159 2020 5229; baseline -0.001 -13"><span class='ocrx_word' id='word_1_688' title='bbox 444 5163 604 5216; x_wconf 86' lang='lat' dir='ltr'><strong>hodie</strong></span> <span class='ocrx_word' id='word_1_689' title='bbox 633 5159 982 5215; x_wconf 87' lang='lat' dir='ltr'><strong>matrimonio</strong></span> <span class='ocrx_word' id='word_1_690' title='bbox 1016 5159 1430 5229; x_wconf 68' lang='lat' dir='ltr'><strong>aequivalebant,</strong></span> <span class='ocrx_word' id='word_1_691' title='bbox 1465 5161 1586 5212; x_wconf 87' lang='lat' dir='ltr'><strong>dico</strong></span> <span class='ocrx_word' id='word_1_692' title='bbox 1613 5176 1732 5228; x_wconf 65' lang='grc' dir='ltr'><strong>(μω</strong></span> <span class='ocrx_word' id='word_1_693' title='bbox 1785 5162 1856 5213; x_wconf 88' lang='lat' dir='ltr'><strong>ita</strong></span> <span class='ocrx_word' id='word_1_694' title='bbox 1892 5176 2020 5229; x_wconf 89' lang='lat' dir='ltr'><strong>per-</strong></span> 
     </span>
    </p>
   </div>
   <div class='ocr_carea' id='block_1_101' title="bbox 444 5249 2019 5319">
    <p class='ocr_par' dir='ltr' id='par_1_101' title="bbox 444 5249 2019 5319">
     <span class='ocr_line' id='line_1_101' title="bbox 444 5249 2019 5319; baseline 0.001 -14"><span class='ocrx_word' id='word_1_695' title='bbox 444 5253 734 5306; x_wconf 83' lang='lat' dir='ltr'><strong>mittuntur</strong></span> <span class='ocrx_word' id='word_1_696' title='bbox 769 5267 874 5306; x_wconf 91' lang='lat' dir='ltr'><strong>non</strong></span> <span class='ocrx_word' id='word_1_697' title='bbox 919 5265 1040 5306; x_wconf 88' lang='lat' dir='ltr'><strong>esse</strong></span> <span class='ocrx_word' id='word_1_698' title='bbox 1086 5258 1238 5304; x_wconf 83' lang='lat' dir='ltr'><strong>extra</strong></span> <span class='ocrx_word' id='word_1_699' title='bbox 1283 5249 1610 5319; x_wconf 84' lang='lat' dir='ltr'><strong>periculum,</strong></span> <span class='ocrx_word' id='word_1_700' title='bbox 1646 5250 2019 5318; x_wconf 66' lang='lat' dir='ltr'><strong>adstipulante</strong></span> 
     </span>
    </p>
   </div>
   <div class='ocr_carea' id='block_1_102' title="bbox 438 5342 1559 5412">
    <p class='ocr_par' dir='ltr' id='par_1_102' title="bbox 438 5342 1559 5412">
     <span class='ocr_line' id='line_1_102' title="bbox 438 5342 1559 5412; baseline 0.002 -16"><span class='ocrx_word' id='word_1_701' title='bbox 438 5343 609 5396; x_wconf 80' lang='lat' dir='ltr'><strong>etiam</strong></span> <span class='ocrx_word' id='word_1_702' title='bbox 643 5342 928 5412; x_wconf 68' lang='lat' dir='ltr'><strong>praesentis</strong></span> <span class='ocrx_word' id='word_1_703' title='bbox 955 5345 1178 5397; x_wconf 81' lang='lat' dir='ltr'><strong>canonis</strong></span> <span class='ocrx_word' id='word_1_704' title='bbox 1209 5345 1559 5398; x_wconf 87' lang='lat' dir='ltr'><strong>auctoritate.</strong></span> 
     </span>
    </p>
   </div>
   <div class='ocr_carea' id='block_1_103' title="bbox 2125 4604 3720 4677">
    <p class='ocr_par' dir='ltr' id='par_1_103' title="bbox 2125 4604 3720 4677">
     <span class='ocr_line' id='line_1_103' title="bbox 2125 4604 3720 4677; baseline -0.003 -14"><span class='ocrx_word' id='word_1_705' title='bbox 2125 4611 2303 4663; x_wconf 87' lang='grc' dir='ltr'>Ὅπου</span> <span class='ocrx_word' id='word_1_706' title='bbox 2347 4626 2408 4677; x_wconf 84' lang='grc' dir='ltr'><strong>γε</strong></span> <span class='ocrx_word' id='word_1_707' title='bbox 2473 4610 2569 4662; x_wconf 70' lang='grc' dir='ltr'><strong>καὶ</strong></span> <span class='ocrx_word' id='word_1_708' title='bbox 2620 4609 2918 4674; x_wconf 73' lang='grc' dir='ltr'>συναφείας</span> <span class='ocrx_word' id='word_1_709' title='bbox 2958 4607 3034 4676; x_wconf 84' lang='grc' dir='ltr'>μὴ</span> <span class='ocrx_word' id='word_1_710' title='bbox 3083 4606 3396 4674; x_wconf 86' lang='grc' dir='ltr'>γεγονυίας,</span> <span class='ocrx_word' id='word_1_711' title='bbox 3440 4605 3563 4657; x_wconf 80' lang='grc' dir='ltr'>ἐπεὶ</span> <span class='ocrx_word' id='word_1_712' title='bbox 3597 4604 3720 4658; x_wconf 84' lang='grc' dir='ltr'><strong>άπδ</strong></span> 
     </span>
    </p>
   </div>
   <div class='ocr_carea' id='block_1_104' title="bbox 2127 4693 3722 4771">
    <p class='ocr_par' dir='ltr' id='par_1_104' title="bbox 2127 4693 3722 4771">
     <span class='ocr_line' id='line_1_104' title="bbox 2127 4693 3722 4771; baseline -0.006 -16"><span class='ocrx_word' id='word_1_713' title='bbox 2127 4702 2224 4755; x_wconf 81' lang='grc' dir='ltr'>τοῦ</span> <span class='ocrx_word' id='word_1_714' title='bbox 2254 4701 2654 4771; x_wconf 77' lang='grc' dir='ltr'>ἑννενηκοστοῦ</span> <span class='ocrx_word' id='word_1_715' title='bbox 2675 4699 2863 4767; x_wconf 87' lang='grc' dir='ltr'>ὀγδόου</span> <span class='ocrx_word' id='word_1_716' title='bbox 2895 4699 3234 4766; x_wconf 77' lang='grc' dir='ltr'>κανόνοςτῆς</span> <span class='ocrx_word' id='word_1_717' title='bbox 3261 4698 3322 4749; x_wconf 80' lang='grc' dir='ltr'>ὲν</span> <span class='ocrx_word' id='word_1_718' title='bbox 3342 4697 3421 4766; x_wconf 77' lang='grc' dir='ltr'><strong>τῷ</strong></span> <span class='ocrx_word' id='word_1_719' title='bbox 3451 4693 3722 4766; x_wconf 74' lang='grc' dir='ltr'>Τρούλλῳ</span> 
     </span>
    </p>
   </div>
   <div class='ocr_carea' id='block_1_105' title="bbox 2129 4788 3716 4859">
    <p class='ocr_par' dir='ltr' id='par_1_105' title="bbox 2129 4788 3716 4859">
     <span class='ocr_line' id='line_1_105' title="bbox 2129 4788 3716 4859; baseline -0.004 -12"><span class='ocrx_word' id='word_1_720' title='bbox 2129 4794 2374 4857; x_wconf 88' lang='grc' dir='ltr'>συνόδου,</span> <span class='ocrx_word' id='word_1_721' title='bbox 2409 4795 2501 4845; x_wconf 70' lang='grc' dir='ltr'><strong>καὶ</strong></span> <span class='ocrx_word' id='word_1_722' title='bbox 2535 4792 2641 4844; x_wconf 81' lang='grc' dir='ltr'><strong>άπὸ</strong></span> <span class='ocrx_word' id='word_1_723' title='bbox 2675 4790 2767 4844; x_wconf 85' lang='grc' dir='ltr'>τοῦ</span> <span class='ocrx_word' id='word_1_724' title='bbox 2800 4790 3060 4859; x_wconf 82' lang='grc' dir='ltr'>δευτέρου</span> <span class='ocrx_word' id='word_1_725' title='bbox 3100 4790 3414 4856; x_wconf 84' lang='grc' dir='ltr'>κεφαλαίου</span> <span class='ocrx_word' id='word_1_726' title='bbox 3447 4788 3542 4840; x_wconf 81' lang='grc' dir='ltr'>τοῦ</span> <span class='ocrx_word' id='word_1_727' title='bbox 3573 4805 3716 4841; x_wconf 79' lang='grc' dir='ltr'>πεν-</span> 
     </span>
    </p>
   </div>
   <div class='ocr_carea' id='block_1_106' title="bbox 2128 4880 3720 4958">
    <p class='ocr_par' dir='ltr' id='par_1_106' title="bbox 2128 4880 3720 4958">
     <span class='ocr_line' id='line_1_106' title="bbox 2128 4880 3720 4958; baseline -0.005 -16"><span class='ocrx_word' id='word_1_728' title='bbox 2128 4887 2398 4958; x_wconf 84' lang='grc' dir='ltr'>τηκοστοῦ</span> <span class='ocrx_word' id='word_1_729' title='bbox 2464 4885 2653 4952; x_wconf 69' lang='grc' dir='ltr'>ὀγδόου</span> <span class='ocrx_word' id='word_1_730' title='bbox 2711 4883 2891 4937; x_wconf 84' lang='grc' dir='ltr'>τίτλου</span> <span class='ocrx_word' id='word_1_731' title='bbox 2940 4881 3033 4935; x_wconf 80' lang='grc' dir='ltr'><strong>τοῦ</strong></span> <span class='ocrx_word' id='word_1_732' title='bbox 3111 4882 3412 4952; x_wconf 77' lang='grc' dir='ltr'>ἑξηκοστοῦ</span> <span class='ocrx_word' id='word_1_733' title='bbox 3475 4880 3720 4951; x_wconf 84' lang='grc' dir='ltr'>βιϐλίου,</span> 
     </span>
    </p>
   </div>
   <div class='ocr_carea' id='block_1_107' title="bbox 2130 4973 3730 5045">
    <p class='ocr_par' dir='ltr' id='par_1_107' title="bbox 2130 4973 3730 5045">
     <span class='ocr_line' id='line_1_107' title="bbox 2130 4973 3730 5045; baseline -0.006 -11"><span class='ocrx_word' id='word_1_734' title='bbox 2130 4980 2224 5034; x_wconf 71' lang='grc' dir='ltr'><strong>καὶ</strong></span> <span class='ocrx_word' id='word_1_735' title='bbox 2258 4977 2486 5032; x_wconf 76' lang='grc' dir='ltr'>ἀπὸτοῦ</span> <span class='ocrx_word' id='word_1_736' title='bbox 2519 4977 2706 5045; x_wconf 87' lang='grc' dir='ltr'>τρίτου</span> <span class='ocrx_word' id='word_1_737' title='bbox 2750 4976 2988 5044; x_wconf 86' lang='grc' dir='ltr'>θέματος</span> <span class='ocrx_word' id='word_1_738' title='bbox 3030 4974 3126 5040; x_wconf 77' lang='grc' dir='ltr'>τοῦ</span> <span class='ocrx_word' id='word_1_739' title='bbox 3173 4973 3488 5026; x_wconf 85' lang='grc' dir='ltr'>δωδεκάτου</span> <span class='ocrx_word' id='word_1_740' title='bbox 3541 4989 3730 5038; x_wconf 80' lang='grc' dir='ltr'>κεφα-</span> 
     </span>
    </p>
   </div>
   <div class='ocr_carea' id='block_1_108' title="bbox 2129 5064 3722 5140">
    <p class='ocr_par' dir='ltr' id='par_1_108' title="bbox 2129 5064 3722 5140">
     <span class='ocr_line' id='line_1_108' title="bbox 2129 5064 3722 5140; baseline -0.006 -14"><span class='ocrx_word' id='word_1_741' title='bbox 2129 5073 2286 5126; x_wconf 83' lang='grc' dir='ltr'>λαίου</span> <span class='ocrx_word' id='word_1_742' title='bbox 2315 5067 2649 5140; x_wconf 82' lang='grc' dir='ltr'>τριακοστοῦ</span> <span class='ocrx_word' id='word_1_743' title='bbox 2676 5067 2914 5136; x_wconf 86' lang='grc' dir='ltr'>ἑϐδόμου</span> <span class='ocrx_word' id='word_1_744' title='bbox 2947 5066 3128 5119; x_wconf 88' lang='grc' dir='ltr'>τίτλου</span> <span class='ocrx_word' id='word_1_745' title='bbox 3161 5064 3256 5118; x_wconf 85' lang='grc' dir='ltr'>τοῦ</span> <span class='ocrx_word' id='word_1_746' title='bbox 3310 5065 3480 5118; x_wconf 80' lang='grc' dir='ltr'>αὑτοῦ</span> <span class='ocrx_word' id='word_1_747' title='bbox 3513 5065 3722 5133; x_wconf 79' lang='grc' dir='ltr'>ἑξηκο-</span> 
     </span>
    </p>
   </div>
   <div class='ocr_carea' id='block_1_109' title="bbox 2133 5157 3723 5233">
    <p class='ocr_par' dir='ltr' id='par_1_109' title="bbox 2133 5157 3723 5233">
     <span class='ocr_line' id='line_1_109' title="bbox 2133 5157 3723 5233; baseline -0.006 -16"><span class='ocrx_word' id='word_1_748' title='bbox 2133 5164 2260 5217; x_wconf 77' lang='grc' dir='ltr'>στοῦ</span> <span class='ocrx_word' id='word_1_749' title='bbox 2302 5163 2534 5233; x_wconf 80' lang='grc' dir='ltr'>βιϐλίου,</span> <span class='ocrx_word' id='word_1_750' title='bbox 2566 5162 2907 5232; x_wconf 86' lang='grc' dir='ltr'>παρίσταται</span> <span class='ocrx_word' id='word_1_751' title='bbox 2959 5159 3022 5211; x_wconf 81' lang='grc' dir='ltr'><strong>τὸ</strong></span> <span class='ocrx_word' id='word_1_752' title='bbox 3064 5158 3194 5229; x_wconf 79' lang='grc' dir='ltr'><strong>περὶ</strong></span> <span class='ocrx_word' id='word_1_753' title='bbox 3228 5159 3478 5228; x_wconf 85' lang='grc' dir='ltr'>μοιχείας</span> <span class='ocrx_word' id='word_1_754' title='bbox 3514 5157 3723 5226; x_wconf 79' lang='grc' dir='ltr'>ἐγκλή-</span> 
     </span>
    </p>
   </div>
   <div class='ocr_carea' id='block_1_110' title="bbox 2136 5251 3721 5330">
    <p class='ocr_par' dir='ltr' id='par_1_110' title="bbox 2136 5251 3721 5330">
     <span class='ocr_line' id='line_1_110' title="bbox 2136 5251 3721 5330; baseline -0.006 -19"><span class='ocrx_word' id='word_1_755' title='bbox 2136 5278 2266 5330; x_wconf 86' lang='grc' dir='ltr'>ματι</span> <span class='ocrx_word' id='word_1_756' title='bbox 2298 5256 2669 5310; x_wconf 87' lang='grc' dir='ltr'>καθίστασθαι</span> <span class='ocrx_word' id='word_1_757' title='bbox 2718 5257 2901 5324; x_wconf 71' lang='grc' dir='ltr'>ἔνοχον</span> <span class='ocrx_word' id='word_1_758' title='bbox 2953 5253 3048 5306; x_wconf 79' lang='grc' dir='ltr'><strong>τὸν</strong></span> <span class='ocrx_word' id='word_1_759' title='bbox 3081 5253 3182 5322; x_wconf 85' lang='grc' dir='ltr'>τὴν</span> <span class='ocrx_word' id='word_1_760' title='bbox 3221 5251 3394 5320; x_wconf 89' lang='grc' dir='ltr'>ἑτέρῳ</span> <span class='ocrx_word' id='word_1_761' title='bbox 3438 5267 3721 5320; x_wconf 81' lang='grc' dir='ltr'>μνηστευ-</span> 
     </span>
    </p>
   </div>
   <div class='ocr_carea' id='block_1_111' title="bbox 2131 5340 3721 5417">
    <p class='ocr_par' dir='ltr' id='par_1_111' title="bbox 2131 5340 3721 5417">
     <span class='ocr_line' id='line_1_111' title="bbox 2131 5340 3721 5417; baseline -0.006 -15"><span class='ocrx_word' id='word_1_762' title='bbox 2131 5349 2378 5417; x_wconf 85' lang='grc' dir='ltr'>σαμένην</span> <span class='ocrx_word' id='word_1_763' title='bbox 2400 5349 2683 5415; x_wconf 85' lang='grc' dir='ltr'>γήμαντα,</span> <span class='ocrx_word' id='word_1_764' title='bbox 2718 5345 2808 5397; x_wconf 82' lang='grc' dir='ltr'>ὅτε</span> <span class='ocrx_word' id='word_1_765' title='bbox 2843 5343 2939 5396; x_wconf 71' lang='grc' dir='ltr'><strong>καὶ</strong></span> <span class='ocrx_word' id='word_1_766' title='bbox 2963 5343 3005 5412; x_wconf 65' lang='grc' dir='ltr'><strong>σή</strong></span> <span class='ocrx_word' id='word_1_767' title='bbox 3034 5341 3305 5411; x_wconf 85' lang='grc' dir='ltr'>μνηστεία</span> <span class='ocrx_word' id='word_1_768' title='bbox 3337 5344 3481 5411; x_wconf 77' lang='grc' dir='ltr'>μετὰ</span> <span class='ocrx_word' id='word_1_769' title='bbox 3515 5340 3721 5402; x_wconf 70' lang='grc' dir='ltr'>δόσεως</span> 
     </span>
    </p>
   </div>
   <div class='ocr_carea' id='block_1_112' title="bbox 446 5432 3712 5512">
    <p class='ocr_par' dir='ltr' id='par_1_112' title="bbox 446 5432 3712 5512">
     <span class='ocr_line' id='line_1_112' title="bbox 446 5432 3712 5512; baseline -0.001 -26"><span class='ocrx_word' id='word_1_770' title='bbox 446 5435 749 5506; x_wconf 87' lang='grc' dir='ltr'>προστίμου</span> <span class='ocrx_word' id='word_1_771' title='bbox 770 5435 974 5501; x_wconf 90' lang='grc' dir='ltr'>ἑλύετο,</span> <span class='ocrx_word' id='word_1_772' title='bbox 1011 5438 1101 5488; x_wconf 74' lang='grc' dir='ltr'>καὶ</span> <span class='ocrx_word' id='word_1_773' title='bbox 1135 5436 1234 5488; x_wconf 74' lang='grc' dir='ltr'><strong>οὐκ</strong></span> <span class='ocrx_word' id='word_1_774' title='bbox 1262 5433 1327 5506; x_wconf 80' lang='grc' dir='ltr'>ἦν</span> <span class='ocrx_word' id='word_1_775' title='bbox 1364 5435 1680 5506; x_wconf 75' lang='grc' dir='ltr'>ίσοδύναμος</span> <span class='ocrx_word' id='word_1_776' title='bbox 1710 5438 1786 5507; x_wconf 80' lang='grc' dir='ltr'><strong>τῷ</strong></span> <span class='ocrx_word' id='word_1_777' title='bbox 1811 5440 1975 5510; x_wconf 76' lang='grc' dir='ltr'>γάμῳ</span> <span class='ocrx_word' id='word_1_778' title='bbox 2015 5445 2089 5508; x_wconf 79' lang='grc' dir='ltr'>ὡς</span> <span class='ocrx_word' id='word_1_779' title='bbox 2122 5440 2542 5512; x_wconf 80' lang='grc' dir='ltr'>σήμερον,λέγω</span> <span class='ocrx_word' id='word_1_780' title='bbox 2568 5438 2642 5509; x_wconf 81' lang='grc' dir='ltr'>μὴ</span> <span class='ocrx_word' id='word_1_781' title='bbox 2679 5434 2817 5489; x_wconf 73' lang='grc' dir='ltr'>εἶναι</span> <span class='ocrx_word' id='word_1_782' title='bbox 2853 5435 3113 5489; x_wconf 85' lang='grc' dir='ltr'>ἀκίνδυνα</span> <span class='ocrx_word' id='word_1_783' title='bbox 3155 5435 3224 5487; x_wconf 76' lang='grc' dir='ltr'><strong>τά</strong></span> <span class='ocrx_word' id='word_1_784' title='bbox 3250 5432 3426 5498; x_wconf 76' lang='grc' dir='ltr'>οὕτως</span> <span class='ocrx_word' id='word_1_785' title='bbox 3457 5436 3712 5502; x_wconf 83' lang='grc' dir='ltr'>ὲγχωρη-</span> 
     </span>
    </p>
   </div>
   <div class='ocr_carea' id='block_1_113' title="bbox 440 5529 2384 5606">
    <p class='ocr_par' dir='ltr' id='par_1_113' title="bbox 440 5529 2384 5606">
     <span class='ocr_line' id='line_1_113' title="bbox 440 5529 2384 5606; baseline 0.005 -23"><span class='ocrx_word' id='word_1_786' title='bbox 440 5529 604 5583; x_wconf 80' lang='grc' dir='ltr'>Θὲντα</span> <span class='ocrx_word' id='word_1_787' title='bbox 633 5531 1038 5601; x_wconf 83' lang='grc' dir='ltr'>συνεργουμένῃ</span> <span class='ocrx_word' id='word_1_788' title='bbox 1095 5530 1188 5584; x_wconf 77' lang='grc' dir='ltr'><strong>καὶ</strong></span> <span class='ocrx_word' id='word_1_789' title='bbox 1249 5535 1314 5601; x_wconf 83' lang='grc' dir='ltr'>τῇ</span> <span class='ocrx_word' id='word_1_790' title='bbox 1361 5532 1454 5585; x_wconf 82' lang='grc' dir='ltr'>τοῦ</span> <span class='ocrx_word' id='word_1_791' title='bbox 1535 5534 1803 5602; x_wconf 66' lang='grc' dir='ltr'>παρόντος</span> <span class='ocrx_word' id='word_1_792' title='bbox 1886 5541 2108 5603; x_wconf 57' lang='lat' dir='ltr'><strong>ica/rivo;</strong></span> <span class='ocrx_word' id='word_1_793' title='bbox 2135 5539 2384 5606; x_wconf 84' lang='grc' dir='ltr'>δυνάμει.</span> 
     </span>
    </p>
   </div>
   <div class='ocr_carea' id='block_1_114' title="bbox 524 5715 2030 5790">
    <p class='ocr_par' dir='ltr' id='par_1_114' title="bbox 524 5715 2030 5790">
     <span class='ocr_line' id='line_1_114' title="bbox 524 5715 2030 5790; baseline 0.008 -22"><span class='ocrx_word' id='word_1_794' title='bbox 524 5715 774 5772; x_wconf 76' lang='lat' dir='ltr'><strong>ZONAB.</strong></span> <span class='ocrx_word' id='word_1_795' title='bbox 805 5721 861 5774; x_wconf 87' lang='lat' dir='ltr'><strong>Si</strong></span> <span class='ocrx_word' id='word_1_796' title='bbox 887 5737 1010 5774; x_wconf 77' lang='lat' dir='ltr'><strong>cum</strong></span> <span class='ocrx_word' id='word_1_797' title='bbox 1039 5738 1135 5776; x_wconf 88' lang='lat' dir='ltr'><strong>sua</strong></span> <span class='ocrx_word' id='word_1_798' title='bbox 1167 5738 1360 5790; x_wconf 82' lang='lat' dir='ltr'><strong>sponsa</strong></span> <span class='ocrx_word' id='word_1_799' title='bbox 1395 5724 1564 5777; x_wconf 85' lang='lat' dir='ltr'><strong>lector</strong></span> <span class='ocrx_word' id='word_1_800' title='bbox 1617 5740 1727 5777; x_wconf 70' lang='lat' dir='ltr'><strong>rem</strong></span> <span class='ocrx_word' id='word_1_801' title='bbox 1779 5726 2030 5780; x_wconf 70' lang='lat' dir='ltr'><strong>habuerit</strong></span> 
     </span>
    </p>
   </div>
   <div class='ocr_carea' id='block_1_115' title="bbox 463 5813 2033 5887">
    <p class='ocr_par' dir='ltr' id='par_1_115' title="bbox 463 5813 2033 5887">
     <span class='ocr_line' id='line_1_115' title="bbox 463 5813 2033 5887; baseline 0.009 -28"><span class='ocrx_word' id='word_1_802' title='bbox 463 5819 590 5863; x_wconf 83' lang='lat' dir='ltr'><strong>ante</strong></span> <span class='ocrx_word' id='word_1_803' title='bbox 621 5813 1044 5884; x_wconf 84' lang='lat' dir='ltr'><strong>matrimonium,</strong></span> <span class='ocrx_word' id='word_1_804' title='bbox 1083 5817 1246 5872; x_wconf 82' lang='lat' dir='ltr'><strong>etiam</strong></span> <span class='ocrx_word' id='word_1_805' title='bbox 1280 5817 1490 5873; x_wconf 76' lang='lat' dir='ltr'><strong>volente</strong></span> <span class='ocrx_word' id='word_1_806' title='bbox 1535 5817 1621 5872; x_wconf 82' lang='lat' dir='ltr'><strong>illa</strong></span> <span class='ocrx_word' id='word_1_807' title='bbox 1685 5819 1756 5887; x_wconf 87' lang='lat' dir='ltr'><strong>(id</strong></span> <span class='ocrx_word' id='word_1_808' title='bbox 1787 5820 1927 5873; x_wconf 73' lang='lat' dir='ltr'><strong>enim</strong></span> <span class='ocrx_word' id='word_1_809' title='bbox 1963 5821 2033 5875; x_wconf 83' lang='lat' dir='ltr'><strong>si—</strong></span> 
     </span>
    </p>
   </div>
   <div class='ocr_carea' id='block_1_116' title="bbox 2213 5712 3714 5788">
    <p class='ocr_par' dir='ltr' id='par_1_116' title="bbox 2213 5712 3714 5788">
     <span class='ocr_line' id='line_1_116' title="bbox 2213 5712 3714 5788; baseline -0.012 -9"><span class='ocrx_word' id='word_1_810' title='bbox 2213 5724 2449 5780; x_wconf 67' lang='lat' dir='ltr'><strong>ZQNAP.</strong></span> <span class='ocrx_word' id='word_1_811' title='bbox 2514 5722 2639 5775; x_wconf 75' lang='grc' dir='ltr'>Ἐάν</span> <span class='ocrx_word' id='word_1_812' title='bbox 2703 5723 2768 5788; x_wconf 81' lang='grc' dir='ltr'>τῇ</span> <span class='ocrx_word' id='word_1_813' title='bbox 2839 5719 3019 5786; x_wconf 57' lang='grc' dir='ltr'>οἰκείᾳ</span> <span class='ocrx_word' id='word_1_814' title='bbox 3077 5720 3290 5786; x_wconf 73' lang='grc' dir='ltr'>μνηστῇ</span> <span class='ocrx_word' id='word_1_815' title='bbox 3356 5712 3714 5780; x_wconf 70' lang='grc' dir='ltr'>ἀναγνώστης</span> 
     </span>
    </p>
   </div>
   <div class='ocr_carea' id='block_1_117' title="bbox 2144 5807 3714 5888">
    <p class='ocr_par' dir='ltr' id='par_1_117' title="bbox 2144 5807 3714 5888">
     <span class='ocr_line' id='line_1_117' title="bbox 2144 5807 3714 5888; baseline -0.023 -19"><span class='ocrx_word' id='word_1_816' title='bbox 2144 5818 2308 5888; x_wconf 74' lang='grc' dir='ltr'>μιχθῇ</span> <span class='ocrx_word' id='word_1_817' title='bbox 2350 5817 2451 5884; x_wconf 68' lang='grc' dir='ltr'>πρῖ,</span> <span class='ocrx_word' id='word_1_818' title='bbox 2479 5814 2570 5867; x_wconf 67' lang='grc' dir='ltr'>τοῦ</span> <span class='ocrx_word' id='word_1_819' title='bbox 2600 5818 2800 5884; x_wconf 78' lang='grc' dir='ltr'>γάμου,</span> <span class='ocrx_word' id='word_1_820' title='bbox 2835 5812 3093 5876; x_wconf 73' lang='grc' dir='ltr'>κάκείνης</span> <span class='ocrx_word' id='word_1_821' title='bbox 3123 5809 3381 5877; x_wconf 73' lang='grc' dir='ltr'>θελούσης</span> <span class='ocrx_word' id='word_1_822' title='bbox 3408 5807 3586 5877; x_wconf 60' lang='grc' dir='ltr'>(τοῦτο</span> <span class='ocrx_word' id='word_1_823' title='bbox 3607 5810 3714 5873; x_wconf 45' lang='grc' dir='ltr'>γὰρ</span> 
     </span>
    </p>
   </div>
  </div>
