4008 6384
309 329 414 393 769

1265 330 1346 390 ΙΝ
1387 329 1624 390 EPIST.
1673 331 1731 389 S.
1772 327 2525 387 BASILIPCANONICAM
2562 326 2677 385 Ill.

3456 332 3560 395 ’ΠΟ

310 441 468 512 δηλοῖ
498 438 584 508 τὸ,
605 437 976 508 συναλλάξει),
1002 438 1247 492 ἐνιαυτὸν
1275 437 1614 508 ἀφορίζεται,
1654 430 1771 489 εἶτα
1799 437 1884 489 δέ-

2002 433 2205 505 ;niticat
2232 435 2452 488 verbum
2485 434 2621 487 illud
2657 432 2996 503 συναλλάξει)
3045 451 3150 490 uno
3195 453 3337 493 anno
3381 455 3567 511 segre-

309 548 468 602 χεται
566 532 640 601 μὴ
692 530 1166 601 προϐιϐαζόμενος
1237 531 1316 593 είς
1369 528 1594 600 μείζονα
1656 528 1885 598 βαθμόν.

322 622 452 674 Ἐὰν
479 622 536 676 δὲ
581 623 708 676 ἀνευ
720 621 1015 692 μνηστείας
1062 620 1293 690 συνέλθῃ
1309 619 1553 687 γυναικὶ,
1575 618 1680 672 κᾶν
1697 618 1890 686 λόγους

309 715 445 777 ῐσως
485 715 724 769 ἐποιεῖτο
762 714 882 783 μετ’
923 713 1122 784 αὐτῆς,
1164 713 1306 766 ὥστε
1347 713 1535 765 λαϐεῖν
1577 711 1750 780 αὐτὴν
1810 713 1890 774 εἰς

309 806 570 871 γυναῖκα,
604 803 708 856 κᾶν
735 804 1011 872 συνεζύγη
1043 802 1182 874 αὐτῇ
1213 803 1354 873 μετὰ
1390 803 1590 863 ταῦτα,
1626 801 1887 854 ἐκπίπτει

311 895 414 964 τῆς
441 894 773 964 ὑπηρεσίας.
835 895 909 946 Τὸ
941 895 1072 948 αὐτὸ
1095 895 1153 948 δέ
1199 911 1333 964 φησι
1395 896 1490 947 καὶ
1522 894 1651 965 περὶ
1681 893 1892 963 ὑπηρέη

309 1003 430 1050 του,
491 987 664 1056 ήγουν
717 985 1103 1042 ὑποδιακόνου.
1155 985 1301 1056 Πρὸς
1353 985 1411 1037 δὲ
1454 984 1516 1037 τὸ
1582 985 1640 1038 ἓν
1684 985 1890 1053 φάκτον

305 1076 602 1130 ἀποδοτέον
628 1077 689 1129 τὸ
723 1077 854 1146 περὶ
890 1075 984 1129 τοῦ
1013 1076 1394 1140 ὑποδιακόνου,
1446 1077 1619 1147 ἤγουν
1647 1076 1708 1129 τὸ
1735 1075 1892 1128 ἐκπί-

311 1183 469 1220 πτειν
496 1166 656 1218 αύτδν
681 1166 781 1235 τῆς
805 1166 1106 1236 ὑπηρεσίας
1137 1167 1648 1237 κλεψιγαμήσαντα.
1677 1170 1752 1221 Οὐ
1779 1167 1890 1237 γάρ

314 1262 523 1330 ἐφεῖται
547 1259 892 1330 ύποδιακόνῳ
920 1260 1058 1329 μετά
1083 1259 1182 1330 τὴν
1221 1259 1573 1332 χειροθεσίαν
1620 1261 1890 1329 γυναῖκας

317 1349 730 1420 μνηστεύεσθαι
758 1351 855 1403 καὶ
885 1351 1064 1419 γάμον
1100 1351 1520 1405 συναλλάσσειν.
1553 1352 1691 1420 Φησὶ
1717 1350 1826 1420 γὰρ
1861 1349 1890 1400 ὁ

315 1438 426 1492 τῶν
459 1439 633 1505 ἁγίων
693 1439 1014 1492 ἀποστόλων
1047 1439 1227 1492 κανὼν
1269 1446 1365 1504 κς⁸
1415 1440 1624 1494 ταῦτα’
1654 1440 1775 1492 Τῶν
1809 1440 1890 1503 είς

310 1531 514 1602 κλῆρον
548 1530 928 1596 προελθόντων
957 1531 1192 1602 ἀγάμων
1216 1531 1514 1601 κελεύομεν
1530 1531 1892 1602 βουλομένους

1993 535 2150 596 gatus
2179 540 2300 579 mox
2335 525 2663 589 admittitur,
2697 525 2764 580 ad
2802 527 3059 596 majorem
3096 530 3319 596 gradum
3360 546 3564 600 nequa-

1991 632 2152 686 quam
2181 619 2600 686 promoventlns.
2631 616 2782 683 Quod
2819 617 2864 672 si
2909 617 3112 685 absque
3146 621 3563 688 deSpousmione

1992 723 2114 760 cum
2146 708 2374 762 muliere
2404 709 2812 777 congrediatnr,
2847 717 2902 762 et
2943 708 2987 764 si
3027 709 3166 762 forte
3201 710 3269 763 de
3317 711 3404 764 illa
3456 713 3560 766 sibi

1991 813 2161 854 uxore
2183 799 2521 868 adiungenda
2558 815 2679 853 cum
2713 815 2774 853 ea
2819 800 2980 854 verba
3026 801 3238 865 fecerit,
3273 803 3482 856 etiamsi
3508 813 3565 857 et

1987 900 2180 959 postea
2232 904 2352 942 eam
2393 890 2632 954 duxerit,
2691 905 2724 944 a
2771 890 3078 944 ministerio
3131 891 3352 946 excidit.
3416 893 3562 946 Idem

1991 994 2122 1033 vero
2149 981 2224 1032 ait
2255 981 2420 1033 etiam
2451 980 2518 1033 de
2550 979 2804 1035 ministro
2832 997 3028 1050 nempe
3051 981 3452 1052 hypodiacono.
3483 984 3565 1038 Ad

1991 1087 2159 1124 unum
2213 1085 2379 1139 porro
2441 1069 2642 1124 factum
2698 1070 3046 1126 referendum
3093 1082 3195 1139 est,
3245 1074 3298 1128 id
3325 1077 3466 1142 quod
3498 1075 3566 1128 de

1993 1161 2369 1231 bypodiacono
2395 1161 2635 1216 dicitur:
2669 1163 2946 1228 nimirum,
2976 1173 3034 1218 ut
3079 1180 3108 1218 a
3140 1166 3439 1218 ministerio
3471 1179 3566 1220 ex-

1992 1256 2158 1318 cidat,
2203 1254 2251 1308 si
2286 1254 2686 1309 matri-monium
2745 1255 2928 1310 furtim
2963 1257 3199 1314 inivcrit.
3258 1247 3367 1312 Nec
3418 1259 3562 1314 enim

1993 1345 2365 1416 hypodiacono
2416 1347 2768 1414 permittitur,
2834 1359 2955 1417 post
3003 1349 3402 1418 impositionem
3451 1365 3567 1403 ma-

1993 1451 2157 1488 nuum
2194 1435 2474 1490 mulierem
2526 1451 2782 1506 sponsam
2837 1452 3141 1503 assumere,
3195 1455 3428 1510 cumque
3474 1440 3564 1494 illa

1994 1527 2287 1581 conciliare
2320 1527 2555 1596 nuptias.
2592 1526 2716 1583 Haec
2763 1543 2998 1599 namque
3029 1530 3195 1585 habet
3249 1543 3564 1586 sanctorum

307 1625 512 1694 γαμεῖν
541 1622 906 1692 ἀναγνώστας
931 1625 1028 1678 καὶ
1077 1625 1291 1695 ψάλτας
1341 1625 1528 1696 μόνον.
1582 1626 1645 1678 Εἰ
1700 1625 1759 1678 δέ
1805 1641 1888 1688 τις

2002 1617 2366 1686 apostolorum
2396 1633 2568 1672 canon
2602 1619 2895 1674 vicesimus
2931 1631 3118 1676 sextus
3149 1621 3277 1694 :gEx
3332 1624 3416 1687 iis,
3469 1625 3563 1692 qui

310 1719 742 1791 κλεψιγαμήσας
771 1721 916 1789 μετά
951 1720 1122 1774 ταῦτα
1148 1720 1435 1792 ὑπηρέτης
1477 1722 1724 1791 γέγονεν,
1753 1718 1888 1784 ἐξω-

2002 1722 2098 1761 non
2127 1708 2286 1762 ducta
2311 1723 2480 1763 uxore
2510 1710 2579 1764 ad
2608 1709 2809 1764 clerum
2843 1714 3076 1782 promoti
3111 1722 3259 1778 sunt,
3288 1715 3561 1784 jubemus,

312 1780 541 1880 θήσεται
561 1780 664 1864 ’τοῦ
696 1780 912 1882 βαθμοῦ
928 1809 1120 1878 αὐτοῦ,
1143 1780 1574 1880 διαγνωσθέντος
1592 1810 1685 1864 τοῦ
1707 1780 1888 1882 ἀμαρ-

2002 1799 2036 1854 si
2072 1800 2263 1866 velint,
2317 1816 2543 1856 uxorem
2589 1801 2790 1858 ducere
2826 1804 3056 1860 lectores
3088 1813 3142 1859 et
3195 1819 3447 1860 cantores
3479 1822 3569 1860 so.

309 1903 579 1975 τήματος,
1987 1891 2090 1946 los.
2117 1889 2172 1945 Si
2205 1891 2326 1962 quis
2354 1901 2531 1946 autem
2569 1904 2756 1964 postea
2786 1896 3032 1952 minister
3056 1895 3244 1951 furtim
3282 1899 3562 1954 matrimo-

1983 1986 2134 2040 nium
2186 1986 2388 2051 inierit,
2424 1986 2514 2042 ubi
2558 1988 2764 2042 crimen
2819 1989 3058 2059 agnitum
3118 1989 3303 2055 fuerit,
3349 1994 3414 2045 de
3467 2006 3566 2046 suo

1986 2078 2153 2147 gradu
2185 2079 2487 2148 dejicietur.

377 2171 599 2225 ΑΡΙΣΤ.
644 2169 703 2224 Ὀ
732 2170 839 2241 πρὸ
900 2171 1080 2241 γάμου
1109 2171 1495 2227 συναλλάσσων
1525 2172 1902 2243 ἀναγνώστης·

316 2267 532 2336 μνηστῇ
572 2265 687 2334 μετ’
719 2265 964 2317 ἐνιαυτὸν
996 2263 1212 2334 δεχθεὶς
1262 2267 1470 2336 μενέτω
1531 2266 1887 2335 ἀναγνώστης

306 2356 628 2425 ἀπρόκοπος
662 2374 676 2386 ·
703 2355 1041 2426 κλεψίγαμος
1072 2356 1514 2424 δὲ,ἁπωοείσθω.
1539 2357 1613 2410 Τὸ
1630 2357 1762 2410 αὐτὸ
1792 2358 1888 2410 καὶ

306 2449 617 2517 ὑπηρέτης.

395 2537 783 2608 Ἀναγνὼστης
847 2539 1080 2606 γυναῖκα
1115 2539 1604 2610 μνηστευσάμενος
1635 2544 1730 2596 καὶ
1779 2543 1889 2615 πρὸ

301 2630 401 2683 τοῦ
429 2631 612 2700 γάμου
650 2628 768 2700 μετ’
825 2629 998 2699 αὐτῆς
1049 2631 1438 2701 συμφθαρεὶς,
1493 2634 1588 2684 ἐπὶ
1640 2635 1890 2688 ἐνιαυτὸν

304 2724 567 2794 ἀργήσει,
598 2722 692 2775 καὶ
728 2720 872 2774 οὕτω
908 2721 1234 2790 δεχθήσεται
1257 2723 1339 2785 είς
1370 2723 1430 2775 τὸ
1459 2723 1884 2792 ἀναγινώσκειν,

307 2819 394 2878 είς
426 2816 651 2885 μείζονα
677 2812 968 2886 προκοπὴν
997 2813 1072 2883 μὴ
1106 2812 1606 2884 προϐιϐαζόμενος,
1627 2815 1743 2868 ἀλλ’
1795 2817 1889 2867 ἐπὶ

307 2907 405 2962 τοῦ
462 2907 630 2960 αὑτοῦ
688 2907 866 2976 μένων
936 2905 1170 2976 βαθμοῦ.
1242 2906 1300 2959 ὐ
1359 2906 1415 2958 δὲ
1495 2907 1589 2959 καὶ
1645 2909 1748 2978 πρὸ
1789 2908 1889 2976 τῆς

315 3001 621 3072 μνηστείας
675 2999 1107 3072 κλεψιγαμιήσας
1160 2997 1341 3050 τέλεον
1388 2996 1486 3050 τοῦ
1546 2996 1758 3068 βαθμοῦ
1791 3000 1889 3052 αύ-

303 3069 404 3145 τοῦ
443 3069 984 3161 μετακινηθήσεταιῖ
1005 3091 1078 3142 Τὸ
1109 3089 1243 3143 αὐτὸ
1272 3090 1328 3143 δὲ
1355 3090 1638 3158 ἐπιτίμιον
1664 3093 1759 3143 καὶ
1804 3091 1884 3154 είς

306 3183 441 3246 τοὺς
475 3184 927 3253 ἀχειροτονήτους
953 3183 1236 3253 ὑπηρέτας
1262 3183 1360 3252 τῆς
1399 3182 1726 3251 Ἐκκλησίας
1750 3199 1888 3256 κρα-

305 3277 492 3346 τὴσει.

908 3367 1151 3420 ΚΑΝΩΝ
1204 3368 1283 3421 0⁸.

305 3461 571 3522 Διάκονος
637 3460 694 3512 ἐν
739 3459 948 3529 χείλεσι
1010 3458 1283 3526 μιανθεὶς,
1335 3459 1430 3512 καὶ
1490 3475 1653 3530 μεχρι
1698 3457 1888 3512 τούτου

378 3551 765 3623 ἡμαρτηκέναι
810 3551 1177 3622 ὁμολογήσας,
1230 3551 1332 3620 τῆς
1374 3551 1728 3621 ’λειτουργίας
1771 3553 1889 3604 ὲπι-

385 3642 880 3712 σχεθήσεταιοτοῦ
923 3643 978 3696 δὲ
1049 3643 1301 3714 μετέχειν
1360 3642 1468 3698 τῶν
1529 3643 1888 3712 ἁγιασμάτων

389 3735 528 3804 μετά
559 3735 668 3788 τῶν
702 3736 974 3788 διακόνιον
1007 3735 1403 3806 ἀξιωθήσεται.
1447 3736 1521 3788 Τὸ
1549 3737 1679 3788 αὐτὸ
1708 3735 1886 3789 δὲκαὶ

387 3829 786 3899 πρεσϐύτερος.
855 3831 915 3882 Εἰ
975 3828 1030 3881 δέ.
1105 3846 1157 3881 τι
1213 3829 1400 3882 πλεῖον
1458 3830 1744 3900 φωραθείη
1801 3847 1886 3893 τις

377 3920 738 3992 ἡμαρτηκὼς,
797 3923 856 3973 ἐν
904 3921 1000 3990 οἴῳ
1054 3921 1119 3974 ἂν
1277 3921 1498 3993 βαθμῴ,
1545 3922 1886 3994 καθαιρεθή-

375 4028 551 4068 σεται.

384 4103 580 4157 ΒΛΛΣ.
629 4103 738 4157 Τὸν
800 4106 858 4156 ἐν
912 4103 1122 4174 χείλεσι
1178 4105 1479 4175 μιανθέντα
1513 4106 1780 4174 διάκονον,
1843 4109 1877 4179 ἢ

310 4196 487 4263 ἱερέα,
557 4197 654 4249 καὶ
713 4196 1266 4268 ἐξομολογησάμενσν
1306 4199 1366 4251 τὸ
1419 4201 1743 4270 ἁμάρτημα,
1810 4203 1893 4254 δι-

305 4287 551 4355 ορίζεται
609 4288 636 4338 ὁ
688 4287 841 4353 ἆγιος
919 4285 1228 4339 κωλύεσθαι
1286 4289 1386 4357 τῆς
1432 4291 1766 4360 ἱερουργίας,
1813 4290 1889 4362 μὴ

313 4379 500 4448 μέντοι
522 4394 588 4444 γε
616 4376 672 4428 δὲ
708 4378 804 4430 καὶ
835 4377 936 4445 τῆς
970 4377 1082 4429 τῶν
1123 4379 1486 4448 ἁγιασμάτων
1521 4382 1882 4450 μεταλήψεως

2062 2167 2291 2223 ARIST.
2319 2168 2511 2224 Lector
2543 2170 2633 2240 qui
2664 2182 2790 2225 ante
2812 2171 3032 2241 nuptias
3063 2187 3176 2226 rem
3206 2188 3327 2226 cum
3361 2188 3560 2242 Sponsa

1991 2259 2198 2327 habuit,
2235 2273 2353 2330 post
2395 2277 2595 2315 annum
2641 2275 2914 2331 receptus,
2955 2275 3168 2318 maneat
3209 2265 3375 2318 lector
3422 2267 3564 2320 ulte-

1989 2356 2102 2407 rius
2145 2369 2248 2406 non
2303 2355 2746 2422 promovendus;
2803 2359 2893 2424 qui
2962 2357 3218 2410 furtivum
3277 2374 3405 2412 vero
3448 2357 3570 2414 iniit

1992 2444 2420 2509 matrimonium,
2451 2447 2774 2516 expellatur.
2803 2450 2945 2500 ldern
2974 2457 3027 2502 et
3055 2448 3326 2503 minister.

2061 2534 2254 2590 Lector
2312 2533 2568 2589 feminam
2621 2539 2956 2606 desponsans
2999 2548 3054 2593 et
3096 2552 3220 2594 ante
3284 2541 3564 2594 matrimo-

1991 2628 2138 2682 nium
2166 2643 2288 2681 cum
2321 2643 2381 2681 ea
2416 2638 2732 2696 corruptus,
2764 2642 2962 2682 annum
2995 2632 3202 2684 otiosus
3240 2633 3364 2696 erit,
3405 2643 3456 2686 et
3487 2634 3566 2687 sic

1991 2719 2055 2773 ad
2085 2718 2369 2790 legendum
2400 2705 2711 2787 recipiatur,
2757 2723 2821 2771 ad
2868 2719 3125 2786 majorem
3168 2724 3561 2790 promotionem

1992 2826 2098 2864 non
2168 2811 2486 2879 procedens,
2543 2810 2634 2863 sed
2669 2794 2719 2863 in
2775 2811 2962 2864 eodem
3018 2813 3316 2879 persistens
3370 2813 3565 2880 gradu.

1992 2897 2093 2965 Qui
2136 2909 2316 2952 autem
2347 2908 2400 2953 et
2429 2908 2556 2952 ante
2590 2897 3065 2966 desponsationem
3116 2899 3302 2954 furtim
3353 2902 3564 2966 coierit,

1991 2992 2160 3060 gradu
2197 3005 2295 3044 suo
2332 2990 2573 3060 perfecte
2621 3001 2886 3045 movetur.
2948 2991 3090 3045 Idem
3138 3003 3315 3046 autem
3364 2995 3566 3062 suppli-

1994 3083 2138 3136 cium
2174 3090 2229 3135 et
2259 3081 2311 3135 in
2341 3095 2433 3135 eos
2458 3079 2719 3136 Ecclesia:
2769 3083 3047 3136 minis1ros
3095 3083 3185 3150 qui
3231 3082 3432 3137 nullam
3469 3085 3566 3138 ha-

1995 3174 2228 3227 buerunt
2260 3187 2515 3226 manuum
2546 3172 2950 3242 impositionem
2989 3173 3278 3228 obtinebit.

2452 3349 2612 3418 122
2650 3347 2879 3404 canon
2928 3347 3092 3405 Lxx.

1990 3445 2279 3508 Diaeonus,
2305 3443 2394 3513 qui
2426 3445 2664 3512 pollutus
2688 3445 2842 3496 estin
2877 3442 3068 3503 labris,
3111 3451 3166 3496 et
3204 3457 3261 3496 se
3292 3457 3355 3496 eo
3400 3456 3568 3512 usque

2059 3550 2317 3606 peccasse
2361 3534 2644 3589 confessus
2700 3545 2804 3596 est,
2838 3549 2867 3587 a
2906 3534 3212 3589 ministerio
3255 3535 3566 3604 prohibebi-

2063 3638 2152 3682 tur
2187 3646 2201 3682 :
2236 3637 2295 3681 ut
2319 3638 2499 3680 autem
2529 3627 2602 3680 sit
2631 3634 3121 3693 sacramentorum}
3147 3641 3267 3681 cum
3323 3629 3568 3682 diac0nis

2059 3720 2331 3789 particeps
2352 3719 2542 3788 dignus
2567 3717 2870 3772 habebitur.
2887 3716 2940 3771 Id
2969 3719 3138 3786 ipsum
3156 3729 3331 3772 autem
3350 3721 3573 3790 presby-

2062 3821 2147 3866 ter
2177 3825 2414 3879 quoque.
2446 3809 2502 3861 Si
2533 3810 2660 3878 quid
2706 3821 2885 3862 autem
2919 3809 3149 3877 amplius
3191 3825 3411 3877 pecasse
3440 3812 3562 3880 quis

2061 3903 2433 3971 deprehensus
2478 3900 2663 3965 fuerit,
2700 3899 2753 3954 in
2786 3915 3108 3969 quocunque
3137 3900 3208 3953 sit
3239 3903 3430 3970 gradu,
3468 3903 3566 3955 de-

2063 4004 2321 4065 ponetur.

2065 4109 2257 4164 BALS.
2291 4107 2582 4161 Diaconum
2639 4105 2720 4161 vel
2763 4106 3124 4172 sacerdotem,
3171 4108 3262 4175 qui
3314 4108 3363 4161 in
3406 4107 3569 4162 labris

1992 4207 2230 4276 pollutus
2263 4216 2541 4274 peccatum
2588 4203 2871 4257 confessus
2901 4211 3004 4266 est,
3058 4204 3299 4257 decernit
3344 4216 3566 4259 sanctus

1993 4317 2112 4354 esse
2139 4315 2166 4352 a
2205 4314 2362 4354 sacro
2402 4295 2709 4349 ministerio
2751 4298 3067 4362 arcendum,
3102 4312 3206 4349 non
3240 4305 3419 4349 tarm-n
3449 4312 3570 4352 esse

1996 4408 2024 4445 a
2058 4399 2520 4446 sacramentormn
2549 4402 2764 4457 quoque
2811 4387 3222 4455 participatione
3273 4389 3567 4456 prohiben-

306 4473 701 4542 ἀπείργεσθαι,
731 4472 866 4524 ἀλλά
894 4473 1348 4543 μεταλαμϐάνειν
1403 4475 1556 4538 ἐντὸς
1581 4477 1677 4528 τοῦ
1725 4476 1884 4544 ἀγίου

2002 4485 2146 4546 dnrn,
2193 4483 2286 4537 sed
2322 4482 2462 4534 intra
2501 4495 2718 4534 sacrum
2779 4480 3012 4532 tribunal
3057 4495 3177 4532 curn
3232 4482 3408 4548 gradu
3467 4481 3567 4533 sibi

310 4563 564 4634 βήματος
601 4565 743 4636 μετὰ
781 4565 890 4617 τῶν
926 4565 1247 4636 ίσοϐάθμων
1280 4567 1449 4620 αὐτοῦ
1478 4569 1737 4638 ίερέωνῆ
1774 4569 1890 4622 δια-

307 4655 507 4710 κόνων.
540 4656 644 4709 Τὸν
676 4655 732 4709 δὲ
778 4657 854 4727 μὴ
911 4657 1075 4727 μέχρι
1113 4657 1302 4710 τούτου
1338 4660 1725 4730 ἡμαρτηκότα,
1751 4661 1890 4713 ἀλλὰ

307 4747 407 4798 καὶ
452 4748 532 4810 εἰς
563 4747 725 4800 πλέον
765 4748 1223 4818 ἐξολισθήσαντα,
1291 4748 1432 4802 θέλει
1483 4751 1883 4820 καθαιρεῖσθαι.

309 4837 496 4892 Ταῦτα
550 4839 644 4891 τοῦ
676 4840 901 4904 κανόνος
939 4841 1340 4912 διοριζομένου,
1375 4843 1638 4914 ἠρωτήθη
1696 4843 1892 4897 πολλά-

306 4947 418 4994 κις,
449 4932 513 4984 Τί
538 4934 654 4984 ἐστι
684 4934 744 4985 τὸ
770 4937 826 4986 ἐν
855 4933 1062 5004 χείλεσι
1104 4935 1397 5005 μιανθῆναι
1428 4939 1522 4992 τὸν
1543 4937 1844 5007 ἱερωμένον
1869 4955 1885 5004 ;

306 5023 419 5075 Καί
451 5017 600 5086 τινες
629 5017 787 5078 εἷπον
810 5021 951 5078 εἶναι
980 5025 1040 5078 τὸ
1070 5027 1233 5098 μέχρι
1265 5029 1574 5099 φιλήματος
1600 5028 1887 5097 ἐμπαθοῦς

307 5114 406 5167 καὶ
436 5113 704 5184 ἐρωτικοῦ
752 5117 889 5186 πρὸς
920 5121 1158 5185 γυναῖκα
1191 5120 1892 5190 γινομένου·ήμαρτηκέναι

307 5203 451 5265 τινὰ,
483 5204 628 5255 κατὰ
670 5204 730 5255 τὸ
756 5206 1118 5274 εύαγγελικὸν
1153 5212 1318 5278 ῥητὸν
1365 5211 1426 5261 τὸ
1449 5210 1647 5278 λέγον;
1694 5213 1763 5264 '0
1789 5212 1891 5281 ἐμ-

308 5291 542 5360 ϐιέεζπας
596 5297 832 5364 γυναικὶ
888 5301 1038 5367 πρὸς
1100 5301 1164 5354 τὸ
1232 5301 1599 5371 ἐπιθυμῆσαι
1669 5304 1889 5373 αὐτῆς,

308 5385 428 5453 ἤδη
454 5389 587 5454 ἐμοί
589 5405 816 5457 χευσεν
837 5393 1055 5458 αὐτήν)
1090 5393 1272 5446 Ἀλλοι
1327 5390 1482 5447 εἷπον
1514 5394 1588 5458 ὤς
1622 5413 1766 5458 τινες
1813 5395 1892 5466 τῷ

317 5477 621 5548 ἀφροδισίῳ
693 5482 830 5553 πυρὶ
883 5484 1122 5548 διακαῶς
1175 5487 1506 5557 ἐκκαόμενοι
1583 5488 1658 5552 ὡς
1706 5489 1889 5543 κύλικι

309 5568 554 5638 χρῶνται
586 5571 664 5642 τῷ
695 5577 994 5643 γυναικείῳ
1028 5579 1232 5647 αἰδοῖῳ,
1267 5580 1362 5634 καὶ
1391 5580 1462 5632 δι’
1499 5581 1659 5635 αὑτοῦ
1695 5581 1757 5650 (ὣ
1780 5583 1871 5636 τοῦ

410 5754 427 5782 ⁸
467 5751 658 5809 Matth.
687 5771 741 5820 v,
761 5755 847 5810 :28.

1995 4576 2293 4644 aequalibus
2327 4573 2706 4626 sacerdotibus
2733 4571 2815 4625 Vel
2857 4572 3121 4624 diaconus
3153 4571 3567 4625 communicare

1996 4667 2043 4721 ei
2075 4665 2515 4735 permittemlum.
2550 4662 2681 4714 Eum
2707 4672 2907 4725 autem,
2932 4663 3021 4730 qui
3049 4676 3152 4713 non
3181 4675 3246 4714 eo
3279 4677 3447 4728 usque
3481 4677 3571 4712 so-

1999 4757 2110 4810 lum
2141 4756 2404 4824 peccavit,
2458 4757 2552 4809 sed
2596 4753 2827 4824 amplius
2857 4756 3021 4808 etiam
3072 4753 3254 4821 lapsus
3299 4761 3400 4818 est,
3462 4754 3575 4806 vult

1996 4864 2116 4903 esse
2167 4848 2560 4917 deponendum.
2593 4844 2718 4899 llaec
2773 4859 2895 4898 cum
2955 4860 3078 4897 can.
3134 4846 3379 4907 deﬁniat,
3431 4859 3574 4911 sche

1998 4942 2392 5012 interrogatum
2427 4948 2530 5004 est,
2575 4938 2712 5003 Quid
2746 4938 2816 4990 sit
2864 4945 3137 4990 sacratqu
3198 4936 3466 4989 hominem
3518 4939 3570 4992 'tn

1994 5033 2162 5087 labris
2191 5031 2402 5100 pollui?
2444 5041 2497 5086 et
2527 5032 2779 5086 dicebant
2826 5028 2994 5098 aliqui
3032 5041 3151 5081 esse
3183 5026 3414 5095 aliquem
3443 5044 3573 5097 pec-

1995 5143 2150 5184 Casse
2170 5143 2288 5181 cum
2326 5126 2552 5180 muliere
2581 5127 2644 5178 ad
2691 5125 2947 5178 lascivum
2981 5134 3034 5178 et
3064 5125 3388 5177 amatorium
3415 5138 3575 5177 Oscu-

1996 5223 2130 5285 lum,
2161 5223 2457 5275 secnndum
2485 5217 2854 5287 evangelicum
2892 5217 3114 5276 dictum,
3153 5219 3294 5284 quod
3321 5200 3425 5274 est,
3471 5217 3574 5278 Qui

1997 5314 2200 5379 aspexit
2222 5313 2487 5366 mulierem
2516 5312 2584 5363 ad
2619 5309 3089 5377 concupiscendum
3115 5325 3231 5362 eam
3261 5309 3572 5372 ,mozcltatus

1997 5417 2068 5460 est
2099 5421 2214 5458 cum
2269 5421 2327 5457 ea
2360 5403 2400 5460 ¹.
2447 5404 2540 5454 Alii
2577 5404 2846 5465 dicebant,
2880 5402 3021 5470 quod
3074 5401 3290 5468 quidam
3356 5399 3575 5453 Veneris

1996 5500 2120 5569 igne
2151 5498 2408 5551 ardenter
2463 5493 2799 5557 inﬂammati,
2859 5491 3106 5546 muliebri
3163 5491 3412 5558 pudendo
3453 5499 3574 5543 tan-

1994 5605 2155 5660 quam
2187 5589 2376 5658 poculo
2419 5596 2664 5652 utuntur,
2703 5596 2757 5639 et
2794 5600 2888 5654 per
2945 5584 3118 5652 ipsum
3148 5583 3213 5653 (υ
3253 5579 3570 5638 exsecrandi
