4008 6414
460 352 565 416 ’171

1725 350 1826 409 'l'll
1842 350 2007 409 EtJD.
2049 344 2451 407 BALSAMON
3609 346 3721 411 ’7ῗέ

453 469 644 541 ﬂagitii
674 469 1063 526 exsecrabilem
1116 468 1336 540 potum)
1375 469 1588 534 bibunt,
1624 476 1677 521 et
1729 464 1878 520 labra
1925 478 2022 517 sua

2138 462 2337 531 μύσους
2378 460 2764 515 κατάπτυστον
2808 459 2984 532 πόμα)
3048 460 3291 529 πίνουσι,
3347 463 3441 517 καί
3463 464 3532 552 sit
3559 465 3733 537 χείλη

451 562 716 633 polluant.
748 561 854 616 Alii
877 563 1161 618 dicebant:
1191 561 1440 617 Nonnulli
1464 561 1654 615 insano
1684 573 1868 613 amore
1890 560 2036 624 capti

454 654 722 708 muliebre
752 655 1062 723 pudendum
1086 653 1489 719 exosculantur,
1552 668 1649 707 nec
1675 650 2032 712 erubescunt.

456 746 550 801 sed
582 746 813 801 dicunt:
851 747 1022 800 Labra
1056 757 1237 800 nostra
1276 760 1441 814 penes
1472 760 1569 798 nos
1617 753 1761 809 sunt,
1794 745 1919 813 quis
1947 758 2040 796 no-

454 837 542 891 bis
574 836 679 890 erit
713 835 1011 890 dominus?
1050 834 1162 905 Ego
1196 845 1375 889 autem
1407 834 1592 904 legens
1623 833 1823 888 Juliutn
1855 831 2038 888 Pollu-

457 943 601 994 cem,
635 928 812 981 inveni
837 942 959 981 eum
990 927 1045 980 in
1067 928 1309 982 secundo
1345 926 1484 981 libro
1532 926 1861 996 scriptorum
1913 939 2039 979 suo-

458 1036 578 1074 rum
608 1021 674 1075 de
718 1022 1031 1074 nominibus
1086 1021 1453 1075 nominantem
1502 1020 1936 1090 μυρτοχειλίδας,
1984 1027 2040 1072 ct

457 1111 858 1183 κρημνὼματα,
894 1122 949 1166 et
989 1112 1422 1182 πτερυγώματα,
1474 1126 1592 1179 quae
1643 1124 1768 1166 sunt
1813 1113 1940 1167 hinc
1985 1121 2039 1166 et

459 1202 608 1256 illinc
680 1202 1046 1271 prominentes
1109 1201 1354 1256 muliebri
1433 1202 1666 1272 pudendi
1745 1214 1927 1271 partes
1981 1211 2038 1258 et

458 1296 728 1348 membra.
783 1293 1144 1348 Doctissimus
1192 1309 1411 1364 quoque
1464 1293 1788 1349 Aristoteles
1836 1296 1891 1349 iu
1939 1311 2035 1351 sua

456 1385 791 1457 physiologia
823 1389 888 1440 de
919 1385 1165 1454 partibus
1210 1386 1527 1439 animalium
1571 1401 1637 1440 ea
1685 1386 1834 1441 labra
1864 1388 2038 1441 uomi-

455 1489 573 1532 nat.
604 1476 752 1531 Multi
782 1493 1021 1546 quoque,
1054 1478 1144 1546 qui
1168 1479 1373 1548 scripta
1400 1478 1663 1532 amatoria
1695 1479 2033 1548 conscripse-

456 1578 606 1636 runt,
637 1585 699 1624 ea
733 1578 790 1624 et
811 1571 985 1635 hiare,
1018 1580 1072 1625 et
1105 1586 1364 1638 expuere,
1411 1582 1466 1625 et
1510 1570 1746 1640 lingulis-
1775 1571 2033 1624 instructa

457 1674 582 1716 esse
611 1662 817 1715 dicunt.
846 1659 1111 1714 Existimo
1144 1676 1294 1731 ergo,
1330 1661 1473 1729 quod
1518 1662 1606 1727 qui
1640 1670 1722 1714 cst
1751 1661 1802 1713 in
1838 1662 2033 1726 saetis,

456 1754 502 1807 si
533 1766 629 1822 per
663 1751 966 1806 istiusmodi
998 1750 1148 1805 labra
1183 1751 1417 1818 pollutus
1470 1750 1655 1817 fuerit,
1688 1763 1745 1803 ut
1779 1751 1871 1820 qui
1920 1764 2029 1804 rem

458 1846 680 1915 quidem
709 1845 864 1898 valde
906 1859 1125 1899 exesam
1166 1844 1378 1907 fecerit,
1414 1843 1479 1897 ad
1529 1853 1741 1912 tempus
1778 1858 2033 1914 segrega-

459 1939 625 2000 bitur,
660 1948 715 1990 ut
747 1938 839 2006 qui
862 1946 1040 1991 autem
1075 1935 1374 2003 perfectum
1401 1948 1678 2005 peccatum
1708 1952 1802 2005 per
1830 1938 2033 1990 coitum

459 2044 562 2083 nOn
582 2028 879 2093 commisit,
915 2043 1020 2082 non
1056 2030 1377 2097 deponetur.
1410 2028 1548 2094 Quia
1579 2042 1757 2083 autem
1791 2030 2035 2085 nonnulli

456 2120 664 2188 dicunt,
690 2137 812 2175 enm
843 2127 933 2191 qui
959 2122 1010 2174 in
1042 2122 1207 2175 labris
1247 2121 1485 2192 pollutus
1515 2134 1594 2175 cst
1635 2132 1687 2174 et
1727 2120 2033 2187 confesms,

458 2210 658 2267 debere
690 2213 910 2281 deponi,
942 2214 1084 2281 quod
1114 2213 1263 2266 dicat
1293 2221 1515 2267 sanitas
1547 2230 1669 2266 eum
1721 2228 1826 2266 nun
1871 2228 2034 2282 Opor-

461 2312 578 2358 tere
606 2304 939 2368 ministrare,
964 2304 1198 2357 dicimus
1232 2316 1478 2359 sanctum
1509 2305 1608 2358 huc
1639 2306 1890 2360 noluisse.
1917 2304 2030 2360 Etsi

459 2394 602 2447 enim
633 2395 879 2447 videatur
921 2408 1043 2448 esse
1077 2394 1400 2462 supplicium
1435 2396 1684 2448 acerbius
1714 2395 1831 2464 cjns
1863 2397 1951 2465 qui
1981 2396 2036 2450 in

461 2485 629 2539 labris
660 2485 896 2554 pollutus
936 2495 1131 2552 esl,ex
1172 2504 1236 2540 eo
1285 2487 1428 2556 quod
1470 2504 1575 2541 non
1632 2502 1846 2559 tempus
1898 2492 2033 2544 deli-

462 2579 631 2629 nituin
670 2576 1020 2646 prohibitioni
1062 2579 1349 2631 ministerii
1377 2620 1391 2644 ,
1434 2578 1530 2632 sed
1577 2593 1683 2632 non
1720 2580 1833 2649 jam
1871 2583 2035 2636 etiam

461 2681 681 2736 apparet
736 2666 1029 2736 depositio.
1092 2668 1244 2721 llluni
1300 2671 1442 2722 enim
1486 2671 1867 2740 deponendum
1916 2690 2038 2729 esse

459 2759 741 2826 decernit,
784 2759 874 2827 qui
919 2758 1092 2828 majus
1130 2760 1331 2828 aliquid
1371 2776 1468 2831 per
1506 2774 1707 2815 conum
1751 2774 2028 2834 perpetra-

461 2851 553 2904 rit.
800 2862 805 2863 ί

538 3135 797 3193 ΖοΝΑιι.
823 3138 994 3217 Habet
1019 3143 1107 3196 hic
1136 3157 1309 3198 canon
1346 3143 1780 3214 ambiguitatem,
1814 3148 2039 3217 proinde

462 3244 493 3284 a
519 3232 790 3286 nonnullis
821 3216 1039 3301 quidem
1064 3234 1171 3289 alio
1192 3239 1371 3300 modo,
1405 3236 1474 3289 ab
1498 3237 1617 3289 aliis
1645 3254 1857 3292 rnrsmn
1881 3240 2034 3294 aliter

463 3323 808 3392 intelligitur.
836 3326 941 3379 Alii
966 3328 1233 3396 siquidem
1259 3328 1519 3395 pollutum
1553 3328 1711 3386 labiis
1742 3335 2031 3397 accipiunt,

460 3430 584 3470 eum
615 3416 870 3470 nimirum
903 3421 994 3486 qui
1039 3419 1105 3472 ad
1143 3419 1391 3473 osculum
1450 3436 1623 3489 usque
1668 3422 1926 3476 lascivum
1980 3434 2036 3478 et

462 3511 786 3563 amatorium
848 3524 970 3563 cum
1024 3509 1252 3565 muliere
1305 3512 1591 3578 processit.
1649 3514 1743 3568 Est
1784 3517 1928 3570 enim
1983 3517 2034 3570 id

461 3616 674 3669 quoque
703 3588 949 3668 pollutio.
1002 3601 1216 3657 Etenim
1254 3604 1299 3658 si
1340 3605 1427 3659 νει
1479 3605 1593 3674 ipse
1643 3622 1942 3665 consensus
1980 3611 2033 3663 in

461 3700 745 3760 peccatum
771 3694 919 3744 solus
966 3691 1231 3745 ratiOnt-tn
1263 3695 1620 3762 coinquinare
1668 3700 2033 3761 existimatur,

465 3779 633 3834 multo
672 3783 796 3850 plus
849 3796 980 3837 sane
1038 3782 1257 3837 habebit
1300 3785 1652 3854 impunitatis,
1700 3789 1744 3841 si
1800 3790 1924 3858 qu'is
1967 3788 2036 3842 ad

459 3872 704 3926 osculum
734 3888 906 3942 usque
930 3871 1185 3925 lasrivum
1218 3877 1614 3944 progrediatur.
1658 3876 1813 3932 Hunc
1839 3894 1970 3948 ergo
2004 3895 2033 3932 a

462 3963 771 4017 miniSterio
819 3962 1091 4032 prohiberi
1139 3963 1349 4029 dicunt,
1401 3966 1505 4021 hoc
1545 3975 1652 4031 est,
1699 3972 1765 4021 ad
1825 3974 2037 4043 tempus

462 4055 791 4123 segregrari,
825 4065 992 4122 atque
1021 4067 1052 4105 a
1083 4056 1408 4110 diacdnatns
1436 4060 1806 4112 [unctionibus
1835 4060 2033 4123 arceri,

460 4157 584 4196 cum
615 4145 860 4199 diaconis
890 4159 1022 4199 vero
1057 4158 1521 4202 sacramentorum
1554 4151 1895 4205 solummodo
1919 4166 2034 4223 par-

463 4235 677 4302 ticipem
710 4250 854 4303 esse,
896 4236 1050 4304 quasi
1079 4240 1209 4291 satis
1243 4254 1522 4308 pinnarum
1560 4245 1676 4296 luat
1703 4259 1767 4297 ex
1803 4260 1867 4298 eo
1893 4249 2035 4312 quod

463 4327 535 4377 ad
566 4334 778 4392 tempus
808 4340 836 4376 a
863 4324 1169 4380 ministerio
1202 4331 1575 4397 prohibeatur.
1611 4333 1788 4401 Atque
1835 4339 1901 4387 ad
1936 4338 2035 4389 bu-

457 4413 551 4482 jus
573 4413 856 4468 sentcntiae
896 4419 1381 4484 conlirmationem,
1416 4421 1576 4474 verba
1607 4438 1752 4500 quze‘
1779 4423 2034 4494 deinceps

2142 553 2624 622 καταμιαίνουσιν.
2656 554 2876 625 Ἔτεροι
2908 554 3163 622 λέγουσιν
3185 554 3259 619 ὥς
3292 574 3439 619 τινες
3490 559 3717 628 ἐρωτο-

2143 646 2442 717 μανοῦντες
2499 648 2599 716 τὴν
2632 648 2960 714 γυναικείαν
2984 647 3382 715 καταφιλοῢσιν
3427 652 3733 720 αἰσχύνην,

2140 740 2235 791 καὶ
2263 739 2366 792 οὐκ
2393 739 2765 808 αἰσχύνονται,
2802 740 2937 792 ἀλλὰ
2962 740 3183 806 λέγουσι
3216 755 3231 772 ·
3257 741 3334 793 Τὰ
3368 741 3525 810 χειλη
3559 742 3733 812 ἡμῶν

2140 831 2272 905 παρ’
2307 834 2443 903 ἡμῖν
2491 834 2608 885 ἐστι
2669 847 2685 863 ·
2740 831 2824 895 τίς
2875 831 3034 900 ἱμῶν
3081 834 3234 885 ἔσται
3298 833 3534 901 κύριοςς
3579 837 3734 902 Ἐγὼ

2136 920 2217 981 δέ,
2267 920 2659 989 ἀναγινώσκων
2691 919 2780 973 τὸν
2863 920 3089 974 Ἰούλιον
3133 921 3502 993 Πολυδεύκην,
3556 922 3732 996 εὗρον

2098 1020 2107 1030 ’
2137 1013 2197 1065 ἐν
2234 1012 2313 1081 τῷ
2340 1012 2580 1083 δευτέρῳ
2614 1013 2807 1085 βιϐλίῳ
2857 1014 2969 1067 τῶν
3007 1016 3395 1085 όνομαστικὼν
3430 1035 3735 1089 συγγραμ-

2141 1104 2329 1174 μάτων
2409 1106 2602 1170 αὑτοῦ,
2673 1106 3016 1178 ὀνομάζοντα
3091 1110 3532 1180 μυρτοχειλίδας,
3618 1117 3723 1166 καὶ

2138 1195 2552 1267 κρημνώματα,
2586 1200 2679 1251 καὶ
2711 1199 3132 1270 πτερυγὼματα
3161 1202 3232 1255 τὰ
3274 1203 3431 1257 ἔνθεν
3458 1207 3730 1260 κακεῖθεν

2140 1288 2287 1359 μέρη
2331 1290 2425 1342 καὶ
2462 1289 2601 1360 μέλη
2646 1290 2750 1360 τῆς
2812 1293 3136 1357 γυναικείας
3193 1295 3483 1366 αἰσχύνης.
3537 1299 3644 1351 Καὶ
3697 1302 3733 1353 ὁ

2140 1379 2541 1448 σοφὼτατος¹ὃὲ
2586 1383 2967 1455 Ἀριστοτέλης
3014 1387 3073 1438 ἐν
3134 1388 3199 1457 τῇ
3254 1391 3382 1459 περὶ
3413 1388 3569 1456 ζώων
3623 1410 3731 1461 μο-

2139 1466 2276 1533 ρίων
2320 1470 2649 1544 φυσιολογίᾳ
2690 1471 2859 1527 αὐτοῦ
2890 1474 3043 1544 χείλη
3084 1475 3259 1531 ταῦτα
3310 1484 3725 1551 κατονομάζει.

2138 1558 2250 1611 Καὶ
2297 1558 2485 1613 πολλοὶ
2512 1561 2567 1616 δὲ
2612 1565 2855 1633 ἐρωτικὰ
2912 1569 3389 1640 μουσουργοῦντες
3432 1577 3732 1646 συγγράμ-

2141 1668 2285 1719 ματα
2317 1654 2619 1722 κεχηνῆναι
2660 1656 2836 1710 ταῦτά
2876 1676 3028 1725 φασι.
3088 1661 3185 1713 καὶ
3240 1665 3563 1726 αποπτύειν,
3623 1671 3730 1723 καὶ

2137 1744 2519 1810 ἑπιγλωττίοις
2558 1749 2945 1816 σεμνύνεσθαι.
3005 1752 3233 1824 Νομίζω
3287 1756 3380 1810 οὖν
3432 1761 3514 1812 ὄτι
3551 1764 3578 1813 ό
3632 1764 3731 1817 διὰ

2138 1835 2399 1890 τοιούτων
2432 1842 2663 1910 χειλέων
2712 1843 3066 1912 ὁπωσδήποτε
3104 1850 3353 1917 μιανθεὶς
3392 1854 3726 1921 ίερωμένος,

2137 1927 2213 1990 ὡς
2243 1930 2343 1998 μὲν
2376 1930 2629 1999 ἔχθιστον
2661 1932 2931 2004 ἐργασίαν
2961 1941 3280 2006 πεποιηκὼς
3321 1943 3460 2011 πρὸς
3517 1950 3721 2012 καιρὶν

2135 2021 2603 2091 ἀφορισθήσεταιο
2632 2024 2707 2088 ὡς
2748 2025 2804 2079 δέ
2862 2026 3066 2082 τέλειον
3117 2032 3423 2102 ἁμάρτημα
3474 2035 3565 2089 διὰ
3599 2055 3728 2090 σιν-

2137 2112 2443 2181 ουσιασμοῦ
2522 2113 2599 2185 μὴ
2641 2117 3044 2189 ποιησάμενος,
3089 2122 3153 2174 οὐ
3231 2125 3724 2196 καθαιρεθήσεται.

2149 2202 2305 2255 Ἐπεὶ
2332 2202 2389 2256 δέ
2421 2222 2570 2269 τινες
2637 2206 2859 2275 λέγουσι
2911 2210 3005 2263 τὸν
3056 2213 3116 2264 ἐν
3153 2215 3361 2283 χείλεσι
3419 2219 3726 2286 μιανθέντα

2140 2295 2236 2349 καὶ
2270 2296 2820 2370 ἐξομολογησάμενον
2869 2304 3110 2375 ὀφείλειν
3171 2310 3573 2378 καθαιρεῖσθαι.
3631 2317 3726 2371 διὰ

2137 2387 2197 2440 τὸ
2226 2387 2408 2457 λέγειν
2437 2391 2529 2442 τὸν
2558 2390 2717 2459 ἆγιον
2747 2394 2824 2464 μὴ
2866 2395 3213 2467 λειτουργεῖν
3268 2404 3484 2469 τοῦτον,
3534 2409 3724 2477 φαμὲν

2134 2478 2218 2530 ὅτι
2246 2478 2551 2547 ἀϐούλητόν
2588 2482 2718 2561 ’ἐστι
2775 2483 2935 2538 τοῦτο
2965 2487 3041 2558 τῷ
3071 2489 3234 2562 ἁγίῳ.
3302 2494 3423 2548 Κᾶν
3473 2498 3584 2571 γὰρ
3622 2502 3725 2569 ἐμ-

2140 2570 2394 2637 φαίνεται
2424 2571 2761 2642 δριμυτέραν
2823 2572 2964 2631 εἶναι
3021 2580 3122 2650 τὴν
3182 2586 3459 2655 τιμωρίαν
3512 2589 3603 2642 τοῦ
3664 2594 3725 2645 ἐν

2137 2662 2347 2732 χείλεσι
2402 2663 2725 2734 μιανθέντος
2750 2669 2813 2720 ἐκ
2847 2668 2944 2722 τοῦ
2973 2670 3050 2742 μὴ
3083 2676 3368 2744 ὁρισθῆναι
3419 2683 3609 2749 καιρὸν
3653 2688 3719 2753 τῇ

2137 2755 2424 2826 ἐπισχέσει
2452 2758 2552 2826 τῆς
2599 2757 2963 2831 λειτουργίας,
2991 2765 3106 2816 ἀλλ’
3128 2768 3228 2820 οὐκ
3258 2769 3357 2839 ἤδη
3392 2773 3486 2825 καὶ
3522 2774 3724 2829 καθαί-

2141 2862 2293 2915 ρεσις
2325 2849 2707 2917 ἀναφαίνεται.
2759 2850 3001 2907 Ἐκεῖνον
3029 2857 3139 2924 γὰρ
3182 2858 3486 2927 διορίζεται
3528 2864 3721 2919 καθαιο

2141 2938 2376 3008 ρεῖσθαι,
2407 2946 2500 2993 τὸν
2531 2942 2625 2995 καὶ
2659 2943 2822 2998 πλέον
2859 2962 2914 2998 τι
2965 2947 3128 3019 ἔργον
3172 2950 3263 3004 διὰ
3313 2957 3720 3030 συνουσιασμοῦ

2139 3034 2509 3098 πεποιηκότα.

2214 3120 2462 3177 ΖΩΝΑΡ.
2507 3123 2570 3176 ’0
2619 3126 2816 3195 παρὼν
2870 3128 3051 3185 κανὼν
3102 3132 3160 3183 ἐν
3190 3132 3495 3206 ἀμφιϐολίᾳ
3544 3139 3719 3205 ἐστὶν,

2703 3179 2715 3195 ι
2872 3179 2926 3182 "‘
2955 3179 3043 3185 “"
3105 3179 3152 3183 "
3192 3179 3495 3206 "|"Y"""'f
3544 3179 3719 3205 "'""

2063 3179 2107 3235 C
2142 3210 2318 3273 ἄλλως
2350 3214 2450 3281 μὲν
2500 3215 2633 3286 παρ’
2685 3219 2844 3272 ἐνίων
2902 3226 3217 3290 νοούμενος,
3269 3227 3479 3297 ἑτέρως
3539 3230 3585 3281 δ’
3615 3226 3721 3286 αὗ-

2138 3303 2222 3365 θις
2252 3305 2383 3375 παρ’
2422 3306 2621 3361 ἄλλων.
2658 3310 2722 3363 Oi
2749 3312 2848 3378 μὲν
2875 3312 2985 3381 γὰρ
3014 3315 3107 3368 τὸν
3161 3317 3365 3384 χείλεσι
3400 3320 3723 3389 μιανθέντα,

2136 3396 2306 3466 ἤγουν
2323 3398 2413 3450 τὸν
2437 3399 2927 3473 μέχριφιλὴματος
2959 3405 3261 3474 ἐμπαθῶς,
3311 3412 3405 3463 καὶ
3436 3412 3727 3483 ἐρωτικῶς

2136 3488 2428 3558 φθάσαντα
2459 3495 2597 3563 πρὸς
2619 3498 2882 3564 γυναῖκα·
2929 3498 3150 3569 μίασμα
3191 3504 3299 3572 γὰρ
3330 3504 3427 3557 καὶ
3452 3504 3647 3559 τοῦτο·
3673 3510 3725 3560 εί

2138 3584 2250 3654 γὰρ
2282 3585 2314 3655 ἡ
2346 3587 2756 3652 συγκατάθεσις
2784 3591 2864 3653 εἰς
2901 3593 3182 3662 ἁμαρτίαν
3232 3596 3510 3666 λογίζεται
3558 3600 3731 3668 μόνον

2138 3675 2388 3746 ῥυποῦσα
2422 3680 2516 3734 τὸν
2546 3681 2831 3754 λογισμὸν,
2871 3686 3055 3756 πολλῴ
3088 3688 3251 3741 πλέον
3309 3691 3399 3759 εἴη
3450 3691 3518 3744 ἂν
3575 3695 3729 3747 ἀκα-

2137 3768 2365 3837 θαρσία,
2421 3772 2516 3825 καὶ
2555 3775 2619 3827 τὸ
2667 3775 2833 3847 μέχρι
2879 3777 3191 3848 φιλήματος
3246 3781 3429 3835 ἐλθεῖν
3460 3801 3582 3837 τινα
3612 3785 3729 3854 ἐμ-

2138 3859 2328 3921 παθῶς
2388 3864 2708 3933 γινομένουο
2767 3867 3126 3939 ἐπισχεθῆναι
3185 3872 3284 3937 τῆς
3370 3873 3728 3944 λειτουργίας

2139 3954 2324 4023 φασὶν,
2356 3954 2527 4026 ἢγουν
2555 3959 2647 4010 ἐπὶ
2683 3959 2876 4028 καιρὸν
2912 3963 3304 4033 ἀφορισθῆναι,
3377 3971 3472 4020 καὶ
3536 3970 3728 4023 κωλυ-

2137 4044 2300 4114 θῆναι
2357 4045 2461 4115 τῆς
2522 4048 2621 4102 τοῦ
2676 4049 2948 4104 διακονεῖν
3004 4055 3313 4124 ἐνεργείας,
3377 4061 3629 4129 μετέχειν
3663 4062 3730 4116 δὲ

2141 4137 2303 4207 μόνον
2342 4138 2452 4191 τῶν
2485 4138 2774 4205 διακόνων,
2827 4143 2905 4206 ὡς
2951 4148 3253 4216 ἀρκοῦντος
3312 4154 3396 4215 εἰς
3437 4156 3726 4227 τιμωρίαν

2135 4229 2231 4296 τοῦ
2260 4232 2533 4300 καιρικῶς
2586 4234 2932 4290 κεκωλύσθαι
2992 4242 3091 4309 τῆς
3126 4240 3429 4308 διακονίας.
3480 4248 3589 4301 Καὶ
3634 4252 3730 4315 εἰς

2139 4319 2397 4375 σύστασιν
2424 4323 2526 4393 τῆς
2574 4326 2791 4395 γραφῆς
2838 4328 3136 4401 κέχρηνται
3194 4333 3271 4403 τῷ
3317 4336 3408 4389 τὸν
3456 4338 3617 4392 πλέον
3660 4357 3726 4394 τι

2140 4411 2534 4484 ἁμαρτήσαντα
2565 4416 2943 4488 καθαιροῦντι,
2978 4423 3043 4474 ἐκ
3092 4422 3284 4478 τούτου
3343 4427 3590 4496 λέγοντες
3624 4432 3691 4501 δη

464 4506 517 4558 in
542 4505 732 4559 eodem
757 4518 966 4560 canone
998 4508 1364 4575 subjiciuntur
1390 4512 1685 4580 adducunt,
1716 4484 1933 4584 quibus,
1987 4518 2032 4573 si

2739 4483 2751 4488 -
2934 4483 2937 4485 .
3415 4483 3427 4496 .
3570 4483 3589 4493 -
3638 4483 3643 4484 ν
3678 4483 3691 4501 .

2139 4501 2481 4557 λοῦσθαιτὸν
2536 4506 2663 4559 νοῦν
2716 4507 2809 4560 τοῦ
2867 4512 3049 4579 ἁγίου,
3085 4510 3167 4567 ὅτι
3238 4522 3499 4591 καιρικὴν
3546 4483 3750 4592 ὧρισεξ

464 4596 733 4664 quispiam
756 4599 986 4666 amplius
1026 4601 1354 4668 peccaverit,
1389 4606 1590 4672 deponi
1640 4605 1818 4672 jubet.
1867 4608 1943 4662 Ex
1969 4624 2035 4665 eo

464 4696 771 4743 asserentes
799 4690 972 4743 sancti
1005 4692 1104 4743 viri
1141 4701 1373 4745 mentem
1418 4695 1706 4762 declarari,
1758 4707 2034 4770 tempora-

464 4796 623 4835 neam
684 4798 880 4853 nempe
944 4784 1369 4853 prohibitionem
1411 4790 1765 4845 decrevisse:
1810 4794 2036 4864 ejusque

460 4875 840 4942 prohibitionis
864 4886 1096 4945 tempus,
1133 4877 1386 4947 exiguum
1432 4881 1685 4938 videlicet
1714 4884 1858 4940 illius
1885 4888 2034 4942 arbi-

458 4967 589 5031 trio,
641 4968 726 5022 cui
784 4970 1024 5038 peccatis
1081 4971 1406 5025 emendandi
1454 4988 1583 5027 cura
1635 4975 1885 5030 mandata
1929 4986 2035 5046 est,

459 5058 797 5125 permisisse.
829 5058 936 5112 Alii
958 5074 1088 5114 vero
1113 5071 1429 5131 perpetuam
1462 5077 1585 5119 esse
1616 5067 2033 5133 prohibitionem

464 5142 626 5214 123
663 5160 727 5201 ac
760 5146 1154 5217 depositionem
1184 5154 1371 5220 procul
1408 5153 1573 5207 dubio
1604 5166 1879 5211 asserunt.
1911 5158 2039 5214 Pro-

465 5234 592 5285 inde
649 5247 749 5287 nec
803 5236 971 5289 ullum
1028 5238 1251 5308 quidem
1312 5252 1527 5311 tempus
1588 5243 1868 5300 delinitutn
1915 5262 2039 5305 esse

460 5326 653 5405 aiunt;
689 5336 878 5381 verum
912 5330 1008 5399 ipsi
1036 5346 1158 5386 cum
1191 5331 1438 5386 diacouis
1477 5337 1914 5391 cominunicaudi
1945 5356 2039 5408 po-

463 5428 715 5474 testatem
749 5435 875 5477 esse
918 5422 1118 5478 factam
1165 5426 1236 5480 ob
1285 5427 1555 5480 levitatem
1619 5429 1913 5494 criminis:
1946 5433 2036 5500 qui

463 5525 596 5565 vero
634 5514 861 5579 gravius
911 5519 1241 5584 peccaverit,
1293 5518 1417 5571 huic
1454 5521 1625 5573 sancti
1672 5520 1775 5573 viri
1822 5518 2038 5578 decreto

458 5603 1212 5678 depositioncm-irrogatam,
1248 5611 1608 5679 depositionis
1648 5622 1812 5666 verbo
1841 5627 2035 5682 perpe-

457 5703 608 5749 tuam
642 5698 781 5766 ejus,
824 5701 918 5770 qui
956 5705 1222 5769 peccavit,
1252 5719 1283 5759 e
1314 5720 1412 5758 suo
1465 5705 1630 5773 gradu
1673 5704 2031 5772 dejectionem

464 5788 779 5846 indicando.
812 5793 1085 5863 hjusmodi
1114 5794 1479 5850 etiitti'llultlltil
1517 5814 1611 5852 nec
1644 5814 1763 5853 cum
1790 5797 2034 5853 diaconis

2138 4593 2239 4664 τὴν
2264 4596 2549 4664 ἐπίσχεσιν
2568 4613 2583 4627 ο
2604 4597 2664 4651 τὸ
2681 4601 2776 4652 τοῦ
2809 4604 3001 4674 καιροῦ
3022 4605 3117 4677 τῆς
3152 4609 3483 4680 ἐπισχέσεως
3517 4614 3729 4686 μέτρ-ν

2138 4686 2462 4741 καταλιπὼν
2495 4692 2561 4760 τῇ
2599 4691 2781 4762 κρίσει
2835 4695 2931 4747 τοῦ
2964 4700 3380 4769 οἱκονομοῦντος
3408 4706 3592 4761 αὐτόν.
3648 4706 3724 4763 Οἱ

2137 4777 2193 4831 δὲ
2249 4779 2346 4850 τὴν
2370 4781 2654 4852 ἐπίσχεσιν
2680 4784 2908 4856 διηνεκῆ
2938 4787 3192 4858 λέγουσιν
3215 4787 3358 4848 εἶναι
3389 4799 3483 4850 καὶ
3519 4797 3724 4851 καθαί-

2139 4886 2297 4942 ρεσιν
2325 4873 2608 4944 ἄντικρυς.
2652 4877 2747 4930 Διὸ
2772 4879 2908 4950 μηδέ
2943 4884 3136 4953 καιρόν
3195 4901 3357 4953 φασιν
3389 4889 3720 4959 ὁρισθῆναι·

2136 4962 2231 5017 τού
2264 4963 2322 5016 δὲ
2351 4969 2490 5035 μετὰ
2521 4969 2628 5021 τῶν
2659 4969 2926 5025 διακόνων
2989 4981 3273 5030 κοινωνεῖν
3300 4960 3589 5046 αξιοῦσθαι
3620 4984 3728 5038 αὖ-

2137 5053 2251 5125 τὸν,
2289 5055 2378 5109 διὰ
2414 5056 2508 5111 τοῦ
2538 5058 2942 5133 ἁμαρτήματος
2977 5065 3349 5140 ἐλαφρότερον
3383 5088 3396 5100 '
3425 5076 3518 5125 τὸν
3533 5072 3591 5129 δέ
3620 5075 3725 5129 καὶ

2138 5147 2218 5209 είς
2260 5148 2424 5202 πλέον
2454 5154 2896 5224 προχωρήσαντα
2930 5159 3319 5230 καθαιρεῖσθαι
3345 5162 3606 5219 θεσπίσαι
3625 5168 3725 5220 τὸν

2139 5240 2314 5307 ἅγιον,
2340 5242 2428 5296 διὰ
2477 5245 2576 5310 τῆς
2621 5245 2999 5318 καθαιρέσεως
3040 5251 3140 5322 τὴν
3179 5254 3397 5308 τελείαν
3440 5258 3724 5313 ἔκπτωσιν

2138 5334 2237 5400 τὴν
2271 5334 2337 5387 ἐκ
2372 5334 2465 5388 τοῦ
2498 5336 2707 5390 οἰκείου
2744 5340 2955 5410 βαθμοῦ
2981 5343 3077 5395 τοῦ
3108 5345 3497 5421 ἡμαρτηκότος
3532 5365 3720 5419 παρα·

2139 5425 2480 5496 δηλώσαντα.
2527 5429 2633 5483 Τὸν
2660 5432 2903 5485 τοιοῦτον
2938 5434 3046 5506 γὰρ
3100 5438 3236 5508 μηδὲ
3287 5442 3429 5507 μετᾶ
3468 5442 3574 5494 τῶν
3603 5442 3722 5495 δια-

2141 5518 2314 5572 κόνων
2339 5519 2491 5583 ἐντὸς
2522 5521 2619 5576 τοῦ
2652 5522 3047 5597 θυσιαστηρίου
3083 5530 3550 5601 μεταλαμϐάνειν,
3577 5532 3717 5589 ἀλλὰ

2144 5609 2284 5678 μετὰ
2337 5609 2446 5665 τῶν
2510 5612 2741 5669 λαῖκῶν.
2788 5616 2931 5685 Ἐγὼ
2961 5619 3019 5670 δὲ
3078 5624 3145 5691 τῇ
3197 5625 3440 5693 προτέρᾳ.
3494 5623 3721 5693 τίθεμαι

2142 5703 2358 5775 γνώμῃ,
2402 5707 2496 5757 καὶ
2527 5707 2601 5769 ὡς
2632 5708 3142 5783 φιλανθρωπότερα,
3168 5717 3261 5769 καὶ
3277 5715 3363 5770 διὰ
3399 5718 3491 5770 τὸν
3512 5718 3718 5776 κανόνα

2147 5797 2243 5866 τῆς
2292 5799 2347 5850 ὲν
2395 5798 2805 5872 Νεοκαισαρείᾳ
2840 5805 3081 5871 συνόδου,
3143 5807 3236 5860 τὸν
3281 5809 3543 5879 λὲγοντασ
3589 5812 3719 5867 Ἐὰν

3532 6002 3559 6011 4.,
