4008 6380
321 285 430 349 ’173

1293 285 1372 346 IN
1419 285 1652 347 EPIST.
1684 286 1738 344 S.
1779 284 2060 346 BASILlI
2105 285 2538 347 CANONlCAM
2578 289 2686 350 III.

3474 301 3580 362 774

324 393 600 467 πρόθηται
634 410 718 456 τις
771 393 1111 466 ιπιθυμῆσαι
1150 397 1409 464 γυναικὸς
1463 396 1893 467 συγκαθευδῆναι

2013 398 2150 452 intra
2184 407 2332 469 septa
2369 400 2556 454 altat-is
2609 400 3049 456 connnuuicandi
3093 403 3404 461 facultatem
3437 423 3577 471 esse.

322 489 486 559 αύτῇ,
549 484 626 557 μὴ
664 486 796 560 ἔλθῃ
843 487 898 541 δὲ
939 488 1018 551 εις
1062 486 1224 558 ἔργον
1259 487 1425 541 αὐτοῦ
1471 489 1504 557 ή
1573 488 1898 559 ἑνθύμησις,

325 581 579 647 φαίνεται
614 580 696 633 ὃτι
734 580 840 632 ὑπὸ
863 581 964 649 τῆς
995 581 1222 650 χάριτος
1255 579 1520 652 ἐρρύσθη.
1562 579 1626 634 Ei
1682 581 1818 651 γοῦν
1874 583 1903 634 6

317 671 672 742 ἑπιθυμησας
733 661 1186 741 συγκαθευδῆναι
1246 671 1492 740 γυναικὶ,
1567 671 1664 725 καὶ⁵
1738 671 1902 744 μέχρι

322 764 513 831 κοίτης
547 760 777 831 προϐὰς,
811 763 894 826 εἰς
937 762 1100 831 ἔργον
1124 762 1182 816 δὲ
1225 763 1299 835 μὴ
1333 763 1710 834 ἐξολισθήσας,
1768 763 1907 819 ἀλλὰ

318 854 428 925 πρὸ
459 851 561 924 τῆς
598 853 798 920 μίξεως
830 855 909 917 εἰς
936 853 1132 908 ἑαυτὸν
1161 855 1482 923 γένομενος,
1546 853 1642 908 καὶ
1671 857 1890 928 ἀποπη-

316 945 511 1016 δήσας,
557 942 761 996 καὶτοῦ
795 944 958 1012 ἔργου
987 945 1387 1015 ἀποσχόμενος,
1421 946 1526 998 ὑπὸ
1551 949 1651 1016 τῆς
1672 945 1899 1018 χάριτος

321 1036 588 1105 ρυσθῆναι
636 1035 975 1097 πιστεύεται,
1019 1035 1050 1088 6
1117 1037 1264 1108 μόνῳ
1305 1037 1576 1107 φιλήματι
1634 1036 1902 1108 μιανθεὶς,

323 1126 418 1181 καὶ
445 1126 525 1186 εἰς
553 1124 722 1178 πλέον
755 1125 832 1195 μὴ
860 1127 1254 1196 ἀποχωρήσας,
1278 1127 1481 1196 μᾶλλον
1515 1126 1582 1180 ἂν
1604 1126 1899 1197 πιστευθή-

330 1233 480 1270 σεται
509 1216 777 1288 ῥυσθῆναι
833 1217 941 1270 ὑπὸ
990 1221 1091 1290 τῆς
1122 1219 1370 1289 χάριτος.
1428 1221 1525 1274 ’ον
1555 1220 1610 1274 δὲ
1671 1225 1704 1290 ἠ
1742 1221 1901 1292 χάρις

327 1308 617 1379 ἐρρύσατο,
654 1309 772 1373 πῶς
815 1311 881 1364 ἄν
917 1329 1004 1374 τις
1043 1315 1406 1383 κατακρινεῖ;
1449 1313 1555 1367 Καὶ
1585 1313 1757 1366 ταῦτα
1792 1313 1894 1384 βα-

323 1403 475 1468 ρεῖαν
505 1400 653 1456 οὕτω
687 1402 1038 1474 κατάκρισιν,
1071 1404 1238 1475 ἡγουν
1269 1403 1546 1459 ἔκπτωσιν
1571 1403 1668 1456 τοῦ
1691 1405 1895 1459 οἰκείου

318 1493 532 1564 βαθμοῦ
557 1513 573 1562 ;

2009 489 2102 544 sed
2136 505 2240 544 una
2288 507 2408 544 cum
2464 490 2633 547 Iaicis.
2683 489 2795 562 Ego
2830 507 2958 547 vero
3002 493 3233 562 priorem
3287 496 3582 567 amplector

2010 583 2362 646 sententiam,
2396 592 2504 636 tum
2537 585 2664 652 quia
2702 585 2982 656 benignior
3007 594 3110 649 est,
3149 595 3259 640 tum
3282 589 3351 642 ob
3385 591 3580 659 synodi

2012 672 2470 732 Neocaesariensis
2515 691 2816 744 canonem,
2846 676 2937 747 qui
2973 678 3052 733 sic
3104 679 3268 733 habet
3299 697 3314 734 :
3346 679 3404 734 Si
3459 682 3584 750 quis

2012 766 2357 833 proposuerit
2385 767 2766 836 concupiscere
2795 768 3074 826 mulierem
3111 772 3175 823 ad
3201 771 3579 826 dormiendum

2010 867 2131 906 eum
2169 854 2308 923 ipsa,
2336 858 2456 923 ejus
2477 869 2656 911 autem
2690 859 3016 914 desiderium
3067 863 3132 916 ad
3177 877 3313 932 opus
3344 878 3450 917 non
3490 876 3584 918 ve-

2012 945 2176 1010 nerit,
2207 947 2420 1000 videtur
2460 963 2581 1002 esse
2611 965 2639 1003 a
2672 951 2841 1020 gratia
2879 950 3162 1008 liberatus.
3219 953 3360 1025 Ergo
3397 955 3443 1008 si
3476 955 3584 1024 qui

2011 1048 2132 1090 cum
2167 1035 2393 1092 muliere
2421 1039 2659 1095 dormire
2701 1041 2908 1105 optavit
2956 1053 3118 1111 atque
3153 1060 3325 1114 usque
3354 1046 3421 1101 ad
3452 1059 3586 1101 cou-

2009 1129 2248 1183 cubitum
2285 1133 2572 1199 processit,
2603 1143 2856 1188 caeterum
2889 1135 2942 1192 in
2971 1152 3104 1206 opus
3133 1140 3352 1193 minime
3377 1147 3460 1194 est
3489 1139 3584 1193 de-
3627 1123 3646 1187 ἓ

2011 1220 2214 1288 lapsus,
2247 1237 2430 1276 verum
2478 1225 2788 1293 priusquam
2825 1226 2898 1280 illi
2929 1231 3371 1284 connnisceretur
3400 1231 3584 1300 seipse

2003 1313 2242 1382 collegit,
2284 1324 2349 1367 ac
2380 1330 2442 1368 se
2474 1317 2779 1386 proripiens
2807 1319 2875 1376 ab
2923 1334 3086 1388 opere
3119 1322 3408 1387 abstinuit,
3456 1336 3585 1376 cre-

2000 1406 2146 1459 ditor
2175 1420 2204 1460 a
2246 1405 2428 1460 divina
2470 1409 2642 1477 gratia
2673 1423 2792 1465 esse
2830 1409 3135 1479 liberatus;
3167 1414 3258 1481 qui
3300 1414 3416 1470 solo
3464 1412 3582 1484 pol-

2003 1495 2148 1552 lutus
2181 1507 2266 1552 est
2298 1498 2509 1563 osculu,
2557 1515 2659 1574 nec
2698 1501 2838 1554 ultra
2877 1518 3201 1573 progressus
3253 1518 3359 1572 est,
3414 1505 3585 1559 nuilto

321 1591 556 1657 iiiagisa
597 1589 770 1662 gratia
800 1590 1064 1649 liberatus
1125 1608 1252 1650 esse
1321 1595 1745 1668 existimabitur.
1785 1593 1974 1662 .Quem
2007 1607 2171 1662 porro
2231 1596 2407 1664 gratia
2468 1595 2738 1663 liberavit,
2802 1612 3036 1667 quonam
3097 1602 3260 1655 modo
3313 1601 3584 1671 quispiam

319 1680 688 1736 condemnet?
727 1682 889 1752 idque
945 1685 1096 1755 gravi
1153 1687 1287 1744 adeo
1349 1689 1721 1755 damnatione,
1773 1701 1894 1758 quae
1951 1684 2208 1740 nimirum
2275 1702 2304 1740 a
2374 1687 2597 1758 proprio
2681 1689 2850 1758 gradu
2942 1692 3332 1760 depositiouem
3416 1691 3588 1747 conti-

317 1782 440 1824 neat
463 1770 489 1824 'I

386 1864 606 1920 ΑΡΙΣΤ.
635 1866 1008 1940 Ὀμολογήσας
1038 1872 1406 1943 πρεσῧύτερος
1437 1873 1469 1939 ἢ
1491 1872 1735 1936 διάκονος
1785 1874 1893 1943 χεί-

2071 1867 2299 1927 ARIST.
2335 1866 2623 1939 Presbyter
2654 1879 2708 1923 et
2751 1869 3010 1926 diaconus
3041 1870 3273 1927 confessi
3323 1889 3384 1928 se
3416 1873 3576 1930 labiis

315 1957 433 2010 λεσι
455 1956 768 2027 μιανθῆναι,
783 1958 884 2028 τῆς
902 1961 1241 2032 λειτουργίας
1263 1962 1592 2032 εἰρχθέντες,
1618 1961 1724 2014 τῶν
1749 1964 1905 2029 ἁγια-

318 2063 344 2098 σ
355 2047 540 2117 μάτων
574 2048 951 2118 μετεχέτωσαν
971 2067 986 2081 ο
1018 2052 1067 2104 ει
1105 2051 1164 2104 δέ
1193 2069 1246 2105 τι
1289 2053 1450 2105 πλέον
1475 2053 1666 2105 τούτου
1699 2052 1900 2124 φανείη

314 2139 677 2210 ἡμαρτηκὼς,
706 2141 1194 2215 καθαιρεθήσεται.

387 2231 462 2282 Τὸ
492 2231 550 2282 ιν
578 2230 786 2300 χείλεσι
821 2234 1121 2303 μιανθῆναι
1176 2234 1455 2305 διαφόρως
1510 2233 1900 2306 ἑρμηνεύεται.

316 2322 464 2392 Πλὴν
488 2323 786 2393 ἐγγράφως
818 2327 1194 2395 παραδοθῆναι
1221 2327 1280 2380 οὐ
1313 2327 1417 2398 χρὴ
1438 2325 1524 2380 διὰ
1548 2327 1608 2378 τὸ
1633 2326 1723 2380 τοῦ
1761 2326 1902 2395 πρά-

315 2432 526 2486 γματος
560 2417 805 2487 αἰσχρόν.
837 2416 904 2471 Εἴ
945 2437 1027 2482 τις
1059 2418 1114 2472 δὲ
1139 2420 1248 2472 τῶν
1277 2420 1538 2474 διακόνων
1582 2418 1614 2491 ἢ
1657 2419 1901 2490 πρεσϐυ-

307 2512 488 2580 τέρων
516 2511 595 2582 τῷ
623 2513 848 2581 τοιούτῳ
877 2513 1240 2584 ἁμαρτήματι
1298 2511 1599 2582 περιπέσῃ,
1633 2513 1774 2565 κατὰ
1804 2513 1898 2568 τὸν

312 2603 562 2674 παρόντα
594 2605 794 2658 κανόνα
828 2604 889 2658 τὸ
922 2607 1199 2676 ἐπιτίμιον
1224 2605 1458 2672 δέξεται.

921 2699 1161 2774 ιςΑΝΩΝ
1185 2700 1309 2753 om.
1646 2754 1652 2759 .

324 2787 386 2840 '0
416 2789 774 2858 συνεγνωκὼς
802 2791 1021 2858 ἑκάστῳ
1054 2791 1162 2844 τῶν
1192 2791 1610 2861 προειρημένων
1642 2793 1899 2866 ἁμαρτη-

387 2881 596 2950 μάτων,
629 2883 726 2937 καὶ
759 2883 834 2953 μὴ
863 2884 1228 2955 ὁμολογήσας,
1257 2883 1394 2937 μάλλ’
1447 2884 1750 2955 ἐλεγχθεὶς,
1801 2883 1897 2938 τοῦ

383 2972 643 3026 τοσούτου
672 2973 893 3044 χρόνου,
932 2975 1010 3037 εἰς
1032 2974 1091 3028 ὃν
1118 2976 1144 3027 6
1168 2975 1408 3045 ἐργάτης
1433 2974 1541 3025 τῶν
1563 2974 1746 3028 κακῶν
1773 2979 1898 3030 ἐπιο

383 3064 696 3134 τετίμηται,
731 3065 826 3118 καὶ
856 3067 1020 3128 αὐτὸς
1052 3065 1205 3118 ἔσται
1243 3067 1302 3118 ὲν
1327 3065 1614 3135 ἐπιτιμίῳ.

389 3155 582 3210 ΒΑΛΣ.
617 3157 754 3220 Τοὺς
794 3158 1099 3221 συνειδότας
1161 3159 1303 3211 τισὶν
1336 3159 1750 3228 ἁμαρτάνουσιν
1803 3147 1897 3208 οἷα

2007 1962 2412 2030 coinquinatos,
2446 1976 2476 2014 a
2507 1960 2810 2018 ministerio
2844 1963 3076 2032 depulsi,
3120 1977 3585 2021 sacramentorum

2005 2053 2113 2108 sint
2167 2050 2484 2122 participes.
2540 2049 2594 2103 Si
2639 2051 2766 2120 quid
2813 2063 2989 2106 autem
3039 2054 3269 2122 amplius
3319 2055 3584 2126 quispiam

2003 2158 2259 2215 peccasse
2290 2141 2745 2210 deprehendatur,
2778 2143 3096 2212 deponetur.
3332 2136 3346 2150 ”

2074 2234 2206 2288 Illud
2239 2233 2290 2286 in
2341 2232 2508 2290 labris
2555 2232 2816 2301 pollutum
2866 2248 2986 2288 esse
3019 2236 3169 2288 varie
3206 2235 3582 2304 intepretatur.

2003 2325 2108 2380 Sed
2156 2326 2210 2379 in
2256 2325 2474 2390 scriptis
2503 2325 2639 2379 tradi
2673 2341 2779 2378 non
2806 2336 3016 2396 oportet
3042 2338 3263 2397 propter
3311 2330 3385 2383 rei
3420 2333 3588 2400 turpi-

2003 2422 2262 2476 tudinem.
2301 2419 2360 2474 Si
2405 2419 2524 2487 quis
2555 2429 2734 2474 autem
2760 2435 2791 2474 ο
2841 2421 3082 2476 diacouis
3106 2432 3198 2475 aut
3249 2427 3582 2495 presbyteris

2003 2511 2054 2565 in
2091 2511 2390 2566 istiusmodi
2433 2521 2716 2580 peccatum
2764 2515 3036 2590 inciderit,
3066 2518 3388 2588 supplicium
3420 2520 3578 2590 juxta

2006 2601 2147 2656 lnmc
2182 2615 2447 2656 canonetn
2485 2605 2729 2672 recipiet.

2573 2695 2802 2752 CANON
2834 2697 3022 2754 LXXI.

1999 2786 2100 2854 Qui
2159 2788 2590 2858 uniuscujusque
2644 2789 3024 2858 praedictorum
3089 2801 3431 2861 peccatorum
3487 2793 3589 2850 fuit

2069 2882 2342 2946 conscius,
2389 2892 2440 2935 et
2485 2896 2588 2936 non
2665 2884 2967 2948 confessus,
3018 2884 3113 2938 sed
3164 2884 3446 2940 convictus
3477 2898 3584 2952 est,

2071 2981 2220 3026 tanto
2275 2981 2538 3042 tempore,
2574 2984 2778 3041 quanto
2811 2975 3076 3029 malorum
3109 2975 3332 3031 efi‘eCtor
3362 2977 3582 3044 p‘unitus

2070 3074 2174 3129 est,
2213 3065 2326 3133 ipse
2355 3081 2569 3133 quoque
2599 3067 2870 3134 punietur.

2071 3154 2267 3210 BALS.
2312 3155 2411 3222 Qui
2456 3157 2818 3211 consciisuut
2851 3159 3123 3213 nonnullis
3153 3171 3371 3228 peccata
3407 3163 3585 3233 aliqua

309 3248 375 3317 δὴ
401 3264 524 3300 τινα
557 3245 963 3319 ἁμαρτήματα,
983 3253 1074 3302 καὶ
1109 3250 1185 3320 μὴ
1208 3251 1606 3319 ὁμολογοῦντας
1634 3249 1893 3317 αὐθαιρέ-

2007 3249 2490 3312 committentilnis,
2535 3265 2631 3304 nec
2666 3249 2781 3304 haec
2811 3266 2905 3304 sua
2937 3263 3127 3321 sponte
3160 3253 3426 3324 episcOpis
3454 3269 3587 3309 coa-

307 3357 418 3403 τως
448 3341 622 3394 ταῦτα
655 3344 762 3405 τοῖς
819 3345 1165 3406 ἐπισκόποις,
1216 3343 1354 3398 ἀλλὰ
1407 3342 1893 3412 συγκαλύπτοντες

310 3435 476 3495 αὐτὰ,
505 3435 802 3503 διορίζεται
829 3437 855 3488 6
882 3436 1038 3504 ἅγιος
1071 3437 1212 3507 μετὰ
1240 3437 1462 3507 ἔλεγχον
1492 3437 1709 3499 πάντως
1741 3437 1896 3504 νόμι-

319 3543 417 3594 μον
449 3527 774 3597 παρομοῑως
827 3531 941 3590 τοῖς
970 3528 1326 3599 ἡμαρτηκόσι
1358 3530 1425 3582 τὰ
1452 3529 1602 3582 κακὰ
1635 3528 1896 3597 ὲπιτιμᾶι-

319 3615 464 3670 σθαι.
494 3617 882 3684 Συνεγνωκότα
915 3618 972 3670 δὲ
999 3615 1236 3670 ἐνταῦθα
1271 3615 1348 3689 μὴ
1389 3619 1549 3688 εἴπῃς
1574 3620 1668 3670 τὶν
1699 3615 1895 3686 ἔχοντα

319 3706 524 3778 εἴδησιν
556 3712 748 3780 μόνην,
786 3710 883 3764 καὶ
914 3712 988 3780 μὴ
1013 3710 1316 3774 δυνάμενον
1339 3709 1604 3774 κωλῦσαι,
1635 3709 1770 3779 μηδὲ
1801 3708 1893 3763 τὸν

315 3801 865 3872 συμϐουλευσάμενον
933 3803 1105 3875 χωρὶς
1158 3802 1493 3866 κακοθελοῦς
1552 3801 1889 3864 διαθέσεως·

312 3894 448 3947 ἀλλὰ
469 3896 560 3947 τὸν
589 3896 1010 3966 συμπράξαντα,
1040 3895 1074 3968 ἢ
1115 3895 1530 3965 συναιρόμενον,
1565 3894 1597 3964 ἢ
1644 3891 1894 3960 συμσου-

310 3985 645 4057 λευσὰμενον
689 3989 830 4057 μετὰ
877 3988 1054 4051 δόλου,
1089 3989 1121 4058 ἢ
1158 3986 1354 4056 ἔχοντα
1417 3985 1626 4054 εἴδησιν
1677 3984 1774 4038 καὶ
1805 3985 1892 4038 δυ-

309 4079 544 4146 νάμενον
589 4078 854 4145 κωλῦσαι,
891 4080 984 4132 καὶ
1024 4079 1099 4149 μὴ
1128 4078 1468 4132 κωλύσαντα.
1503 4077 1642 4148 Φησὶ
1675 4079 1786 4146 γὰρ
1830 4076 1894 4129 τὸ

309 4167 356 4238 β’
386 4168 527 4239 θέμα
568 4171 662 4223 τοῦ
700 4176 790 4240 μη¹
819 4188 944 4238 κεφ.
995 4171 1091 4222 τοῦ
1125 4175 1193 4222 ια’
1235 4169 1417 4223 τιτλου
1447 4169 1540 4221 τοῦ
1579 4164 1618 4232 ξ’
1651 4167 1880 4238 βιϐλίου,

307 4261 394 4312 ὅτι
432 4260 492 4312 '0
523 4261 811 4328 γινώσκων
849 4260 940 4312 τὸν
974 4260 1236 4330 κλέπτην,
1273 4261 1375 4314 κᾶν
1417 4259 1493 4332 μὴ
1525 4259 1888 4329 καταμηνύσῃ

307 4351 628 4417 αὐτὺνῖούκ
652 4353 765 4407 ἐστι
793 4355 1051 4423 κλέπτης.
1074 4355 1130 4406 '0
1149 4355 1205 4408 δὲ
1226 4355 1482 4426 κρύπτων
1507 4354 1597 4408 τὸν
1621 4355 1882 4422 κλέπτην,

310 4444 550 4512 κλέπτης
580 4447 692 4499 ἐστι
711 4462 725 4478 ο
759 4448 854 4501 καὶ
895 4448 954 4499 τὸ
977 4448 1022 4517 β’
1065 4447 1207 4516 θέμα
1231 4448 1326 4500 τοῦ
1358 4453 1400 4500 ν’
1430 4464 1552 4516 κεςρ.
1600 4447 1693 4500 τοῦ
1717 4447 1886 4511 αὐτοῦ

309 4535 516 4606 βιόλίου
561 4538 654 4589 καὶ
695 4538 878 4591 τίτλον
909 4553 925 4567 ο
954 4537 1168 4607 Σπουδῇ
1201 4541 1295 4590 και¹
1327 4536 1609 4608 συμϐουλῇ
1648 4537 1882 4614 γίνεται,

2004 3341 2244 3407 fitentur,
2280 3342 2373 3395 sed
2424 3357 2484 3396 ea
2525 3343 2726 3408 celant,
2766 3345 2954 3398 statuit
2985 3358 3226 3409 sanctus,
3261 3357 3377 3416 post
3403 3345 3581 3414 legiti-

2009 3448 2152 3488 mam
2197 3435 2626 3500 accusationem,
2659 3450 2755 3491 eos
2783 3450 2938 3505 teque
2986 3437 3187 3506 puniri,
3221 3453 3283 3493 ac
3321 3438 3410 3507 qui
3447 3438 3587 3492 mala

2000 3536 2401 3600 perpetraruut.
2437 3526 2727 3583 Conscium
2764 3539 2942 3582 autem
2996 3531 3082 3584 llic
3114 3545 3179 3585 ne
3214 3529 3418 3585 dixeris
3460 3546 3585 3586 eum

2005 3622 2094 3689 qui
2127 3620 2298 3673 solam
2332 3620 2491 3673 habet
2515 3611 2824 3686 scientiam,
2853 3630 2906 3676 et
2932 3622 3224 3690 prohibere
3253 3637 3354 3677 non
3385 3634 3584 3693 potest,

2003 3727 2102 3768 nec
2136 3728 2258 3766 eum
2293 3711 2383 3780 qui
2436 3711 2711 3766 consuluit
2741 3715 2946 3782 absque
2979 3714 3224 3784 improba
3255 3714 3542 3772 affectione
3569 3732 3582 3768 :

2002 3804 2096 3860 sed
2149 3818 2272 3857 eum
2330 3803 2420 3870 qui
2469 3817 2624 3871 apem
2672 3813 2726 3860 et
2776 3803 3036 3858 auxilium
3091 3804 3234 3872 tulit,
3266 3807 3349 3860 vel
3399 3807 3587 3862 dolose

2001 3894 2310 3960 consuluit;
2345 3893 2426 3948 vel
2477 3909 2597 3950 eum
2636 3895 2725 3964 qui
2780 3896 2881 3949 scit
2930 3905 2984 3949 et
3040 3905 3220 3965 potest
3269 3899 3582 3966 prohibere,

2005 4001 2105 4041 nec
2126 3985 2420 4055 prohibuit.
2451 3985 2589 4041 Dicit
2620 3987 2766 4040 enim
2796 3969 2980 4042 thema
3010 3989 3064 4044 2.
3098 4003 3220 4057 cap.
3254 3991 3344 4044 48.
3377 3991 3457 4045 tit.
3493 3990 3582 4045 Η.

2002 4080 2097 4135 lib.
2152 4081 2245 4134 60.
2278 4081 2420 4147 quod
2468 4081 2561 4148 qui
2597 4081 2746 4133 novit
2799 4078 2994 4146 furem,
3049 4081 3264 4136 etiamsi
3297 4097 3421 4140 cum
3475 4100 3584 4138 non

2006 4170 2346 4234 revelaverit,
2378 4171 2463 4224 fur
2495 4186 2600 4224 non
2657 4171 2867 4236 est.Qui
2898 4181 3078 4226 autem
3107 4171 3281 4225 furem
3315 4175 3579 4237 occultat,

2001 4259 2090 4315 fur
2123 4269 2223 4315 est.
2270 4260 2332 4313 Et
2367 4262 2544 4313 tbcma
2587 4259 2640 4311 2.
2675 4275 2794 4328 cap.
2829 4260 2920 4325 51,
2955 4260 3196 4327 ejusdem
3235 4260 3353 4314 libri
3384 4272 3440 4316 et
3493 4263 3578 4316 tit.

2003 4354 2180 4408 studio
2227 4359 2282 4407 et
2332 4351 2558 4407 consilio
2611 4351 2687 4416 fit,
2734 4352 2952 4420 quando
3010 4352 3087 4418 fit,
3146 4367 3364 4422 pt'Opter
3397 4355 3579 4409 odium

2004 4450 2122 4518 ejus
2154 4449 2241 4502 cui
2277 4446 2418 4501 furto
2451 4446 2577 4515 quid
2623 4447 2886 4501 aufertur.
2924 4444 3074 4500 Sicut
3105 4447 3306 4498 furtum
3336 4447 3477 4500 enim
3509 4448 3582 4503 ita

1983 4551 2055 4597 -ει
2089 4541 2327 4597 studium
2363 4554 2467 4592 non
2503 4539 2559 4592 fit
2588 4539 2703 4591 sine
2733 4538 2855 4590 dolo
2891 4537 3052 4592 u‘alo.
3097 4536 3158 4590 Et
3188 4539 3421 4591 consulit
3455 4539 3581 4607 qui-

307 4631 437 4682 ὃταν
494 4629 585 4682 διὰ
639 4632 739 4699 τὴν
787 4629 991 4701 ἔχθραν
1043 4633 1268 4699 γένηται
1325 4630 1420 4682 τοῦ
1487 4628 1884 4697 κλεπτομένου.

2007 4637 2144 4702 dem,
2176 4635 2266 4702 qui
2321 4633 2522 4686 furtum
2573 4635 2763 4686 suadet
2799 4648 2812 4686 :
2867 4632 3053 4686 studet
3084 4642 3284 4695 autem,
3335 4632 3423 4698 qui
3455 4646 3585 4700 ope-

314 4721 524 4791 Ὦσπερ
555 4723 665 4794 γὰρ
691 4724 726 4794 η
760 4723 955 4792 κλοπὴ,
985 4721 1131 4775 οὕτω
1186 4723 1280 4774 καὶ
1313 4723 1346 4790 ή
1381 4720 1586 4788 σπουδὴ
1608 4721 1774 4790 χωρὶς
1805 4717 1890 4769 δό-

310 4815 405 4866 λου
440 4811 617 4866 κακοῦ
655 4814 716 4865 ού
768 4812 1014 4880 γίνεται·
1067 4810 1164 4863 καὶ
1220 4808 1579 4879 συμϐουλεύει
1612 4807 1713 4877 μὲν
1739 4809 1766 4858 6
1791 4805 1889 4877 τὴν

309 4905 520 4975 κλοπὴν
575 4903 1004 4974 ὑποτιθέμενος,
1068 4901 1362 4965 σπουδάζει
1409 4900 1466 4954 δὲ
1518 4901 1546 4953 6
1579 4899 1886 4969 ὑπηρεσίαν

306 4995 433 5048 τινὰ
469 4996 559 5049 καὶ
590 4993 845 5066 βοήθειαν
878 4993 974 5046 ἐπὶ
1001 4997 1068 5065 τῇ
1101 4991 1279 5065 κλοπῇ
1316 4993 1692 5064 παρεχόμενος
1720 5006 1736 5024 ⁸
1793 4990 1889 5047 καὶ

309 5082 388 5154 ξτ¹
413 5103 537 5156 κεφ.
559 5103 572 5116 ·
641 5086 704 5139 Ὀ
748 5084 928 5150 δείξας
961 5086 1040 5154 τῷ
1076 5086 1300 5153 φυγόντι
1331 5085 1427 5156 τὴν
1457 5085 1597 5152 ὁδὸν,
1646 5085 1746 5138 οὐκ
1772 5084 1890 5137 ἔστι

309 5179 582 5249 κλέπτης·
617 5180 714 5232 καὶ
763 5195 890 5245 κεφ.
953 5175 1004 5244 γ’
1052 5176 1148 5229 τοῦ
1179 5176 1440 5242 ς’τίτλου
1472 5176 1566 5229 τοῦ
1599 5175 1762 5228 αὐτοῦ
1803 5176 1891 5246 βι-

307 5274 494 5326 6λίου’
534 5274 592 5327 Ὀ
618 5271 822 5335 ἀδόλως
856 5269 1268 5341 συμϐουλεύσας
1322 5270 1422 5323 οὐκ
1457 5270 1728 5338 ἐνέχεται,
1761 5267 1886 5321 οὔτε

302 5368 336 5420 ὁ
363 5366 663 5433 παιγνικώς
683 5380 696 5393 ·
727 5365 820 5415 καὶ
863 5365 891 5414 ὁ
922 5362 1147 5423 παλαιὶς
1185 5361 1279 5413 τοῦ
1313 5357 1379 5412 ια’
1409 5377 1534 5426 κεφ.
1569 5359 1660 5410 τοῦ
1718 5357 1881 5411 αὑτοῦ

308 5457 517 5527 βιϐλίου
551 5456 645 5507 xui.
671 5452 852 5506 τίτλου
877 5469 888 5481 ·
942 5452 1074 5504 Ἀπὸ
1126 5453 1294 5521 μόνης
1342 5450 1451 5517 γὰρ
1482 5447 1793 5518 συμϐουλῆς
1819 5449 1881 5500 ού

305 5551 552 5602 τίκτεται
587 5548 799 5617 φούρτι.
833 5545 944 5599 Καὶ
991 5546 1017 5596 ὁ
1049 5542 1376 5614 ἱεροψάλτης
1405 5542 1460 5594 δὲ
1489 5541 1654 5593 Δαὸ“;δ
1701 5542 1760 5591 οὺ
1788 5557 1882 5592 κο-

305 5644 462 5706 λάζει
495 5643 586 5693 τὸν
620 5637 932 5708 θεωροῦντα
982 5635 1223 5704 κλέπτην
1266 5637 1298 5706 ἢ
1334 5638 1543 5704 μοιχὸν,
1601 5631 1738 5685 ἀλλὰ
1791 5634 1885 5685 τὸν

311 5733 692 5806 συντρέχοντα,
742 5733 859 5804 ἤτοι
911 5747 1098 5802 super?
1142 5744 1332 5803 ττοντα
1385 5729 1461 5795 τῷ
1501 5725 1729 5795 κλέπτῃ,
1789 5726 1881 5776 καὶ

1999 4744 2114 4782 ram
2154 4727 2388 4795 aliquam
2424 4734 2479 4780 et
2531 4725 2790 4779 auxilium
2843 4724 2908 4778 ad
2969 4723 3172 4777 furtum
3230 4725 3451 4792 praebet.
3515 4724 3582 4781 Et

1997 4833 2115 4888 cap.
2167 4817 2256 4872 65.
2307 4816 2407 4882 Qui
2443 4814 2666 4884 fugienti
2699 4817 2839 4868 viain
2873 4814 3169 4867 ostendi-rit
3205 4827 3308 4866 non
3338 4823 3420 4866 est
3465 4814 3574 4867 fur.

1996 4908 2062 4962 Et
2107 4922 2229 4976 cap.
2266 4907 2334 4961 5:
2372 4907 2454 4961 tit.
2488 4905 2541 4960 6.
2577 4905 2820 4976 ejusdem
2850 4905 2970 4961 lib:
3019 4904 3118 4971 Qui
3153 4906 3272 4958 sine
3301 4904 3424 4959 dolo
3450 4919 3584 4959 eon-

1997 4999 2184 5066 suluit,
2236 5013 2342 5054 non
2390 5007 2623 5062 tenetur,
2661 5013 2759 5053 nec
2812 4998 2904 5068 qui
2952 5012 3048 5065 per
3079 4997 3283 5050 ludum.
3342 4997 3577 5066 Antiqua

1997 5105 2212 5159 quoque
2244 5101 2362 5158 cap.
2399 5090 2483 5142 Η.
2518 5089 2761 5160 ejusdem
2792 5089 2914 5144 libri
2943 5099 2998 5144 et
3032 5089 3146 5143 tit.:
3181 5090 3253 5143 Ex
3287 5089 3403 5144 solo
3435 5091 3580 5143 enim

1996 5181 2225 5236 consilio
2281 5181 2406 5234 furti
2467 5184 2611 5234 actio
2663 5195 2768 5234 non
2820 5181 3083 5236 nascitur.
3138 5180 3306 5236 Sacer
3357 5197 3580 5250 quoque

1997 5273 2201 5344 psaltes
2250 5272 2415 5327 David
2449 5289 2554 5327 non
2597 5275 2751 5342 punit
2785 5288 2908 5328 eum
2974 5274 3064 5342 qui
3099 5273 3271 5327 iurent
3305 5273 3386 5328 vel
3422 5274 3578 5327 adol-

1997 5376 2169 5420 terum
2224 5373 2488 5432 aspectat,
2521 5366 2610 5418 sed
2657 5380 2778 5417 eum
2829 5366 2921 5433 q-ui
2957 5367 3125 5420 currit
3163 5381 3286 5419 cum
3321 5365 3459 5427 fure,
3492 5367 3574 5419 vel

1990 5458 2037 5510 ei
2078 5456 2178 5510 fert
2216 5454 2496 5520 auxilium,
2544 5464 2596 5506 et
2631 5468 2750 5507 eum
2781 5457 2868 5522 qui
2907 5455 3117 5520 dividit,
3153 5458 3252 5510 boc
3285 5465 3387 5519 est,
3421 5471 3574 5509 com-

1990 5562 2154 5600 mune
2205 5546 2334 5599 facit
2365 5559 2488 5598 cum
2525 5545 2772 5600 adultero
2807 5556 3112 5614 peccatum.
3147 5547 3247 5612 Qui
3282 5563 3408 5615 ergo
3444 5547 3570 5598 mali

1993 5648 2197 5690 tantum
2259 5639 2419 5691 li..th
2459 5635 2770 5701 scientiam,
2803 5647 2855 5691 et
2896 5653 3002 5691 non
3050 5647 3227 5706 potest
3262 5638 3574 5706 prohibere,

1989 5738 2040 5782 ct
2093 5727 2178 5794 qui
2240 5727 2513 5782 consuluit
2571 5729 2769 5793 absque
2825 5725 3068 5796 inproba
3127 5723 3408 5778 affectione
3465 5741 3571 5776 non
