4008 6436
490 334 597 398 775

1772 327 2059 389 THEOD.
2094 327 2501 416 BALSItMON

3676 328 3771 392 776

490 446 798 516 punientur.
863 443 1024 515 124
1080 442 1181 510 Qui
1232 450 1408 496 autem
1456 440 1636 502 scivit,
1679 448 1732 494 et
1773 455 1898 495 cum
1940 455 2061 509 pro-

2178 442 2268 496 τὸν
2298 428 2797 513 συμμεριζόμενον,
2824 444 3071 495 τουτέστι
3109 442 3615 511 κοινοποιούμενον
3649 445 3769 511 μετδ

493 540 680 591 hibcre
730 549 911 603 posset
964 552 1067 589 non
1116 534 1411 605 prohibuit,
1464 544 1520 586 et
1568 532 1661 601 qui
1699 533 1837 585 malo
1886 534 2069 586 animo

495 627 786 690 consuluit,
834 628 1004 681 multo
1033 636 1214 680 autem
1263 624 1436 694 magis
1472 624 1562 693 qui
1590 638 1748 693 opem
1788 622 1929 679 tulit.
1965 639 2067 693 pu-

490 718 686 773 uietur.
728 718 861 772 Nota
913 728 1089 772 autem
1139 716 1281 785 quod
1342 717 1540 784 ubique
1592 713 1863 770 confessio
1920 715 2067 769 levat

489 824 733 878 paruam,
770 810 1017 880 probatio
1061 818 1242 862 autem
1277 822 1397 861 eam
1429 816 1606 875 anget.
1702 828 1707 833 ι

2177 534 2272 587 τοῦ
2318 536 2507 605 μοιχοῦ
2559 535 2620 588 τὸ
2667 535 2996 607 ἁμάρτημα.
3061 535 3122 588 ’0
3159 534 3305 604 γοῦν
3352 535 3573 604 εἴδησιν
3610 537 3770 606 μόνην

2176 623 2316 693 ἔχων
2356 624 2451 677 τοῦ
2477 625 2648 677 κακοῦ
2675 625 2771 678 καὶ
2802 624 2881 695 μὴ
2935 625 3244 694 δυνάμενος
3304 623 3611 688 κωλῦσαι,,
3639 625 3770 677 καίἐ

2175 716 2726 785 συμϐουλευσάμενος
2754 720 2925 788 χωρὶς
2949 716 3292 779 κακοθελοῠς
3333 716 3614 768 διαθέσεω
3651 757 3668 782 ,
3686 717 3771 769 οὐκ

2172 809 2686 878 ἐπιτιμηθήσονται.
2737 808 2793 863 '0
2826 809 2881 862 δὲ
2905 810 3081 873 εἰδὼς,
3107 811 3204 862 καὶ
3239 808 3561 878 δυνάμενος
3610 810 3772 862 κωλῦο

490 917 607 963 σαι,
649 901 745 954 καὶ
789 901 864 971 μὴ
895 900 1167 966 κωλύσας,
1198 900 1292 952 καὶ
1322 899 1351 950 6
1381 896 1695 959 κακοθελῶς
1728 896 2302 965 συμϐουλευσάμενος,
2366 898 2549 968 πολλῷ
2598 899 2655 952 δὲ
2710 898 2876 952 πλέον
2921 901 2948 952 6
3029 898 3383 971 συμπράξας
3455 901 3771 971 τιμωρηθή-

491 997 1005 1066 σεται.Σημεεωσαι
1037 995 1095 1049 δὲ
1146 995 1228 1048 ὅτι
1264 993 1544 1065 πανταχοῦ
1595 994 2048 1065 ήὲξομολόγησις
2070 993 2319 1063 κουφίζει
2349 997 2448 1066 τὴν
2496 995 2757 1049 κόλασιν·
2799 996 2828 1048 6
2889 997 2945 1050 δὲ
3019 996 3249 1068 ἐλεγχος
3324 997 3636 1067 μεγαλύνει
3689 998 3771 1050 αὐ.

488 1108 610 1143 την.

524 1091 816 1233 ήῖΟΝᾹΒ.
873 1176 1007 1231 Cum
1047 1176 1114 1230 de
1146 1175 1471 1231 criminibus
1521 1177 1961 1247 presbyterorum
2011 1185 2069 1231 et

491 1274 846 1326 diacouorum
878 1281 932 1323 et
960 1269 1190 1324 aliorum
1222 1271 1314 1339 qni
1352 1271 1402 1323 in
1435 1270 1823 1324 ecclesiasticis
1854 1270 2066 1324 ordini-

495 1365 599 1419 bus
628 1362 909 1418 constituti
937 1370 1084 1424 sunt,
1134 1361 1418 1430 hucusque
1464 1361 1548 1415 vir
1591 1371 1814 1415 sanctus
1857 1376 2068 1417 sermo-

486 1464 607 1503 nem
661 1449 956 1505 habuerit:
990 1464 1137 1504 nunc
1187 1448 1256 1504 de
1306 1450 1395 1517 iis,
1444 1448 1537 1520 qui
1581 1462 1926 1521 peccatorum
1960 1452 2067 1507 illis

485 1542 689 1596 conscii
716 1550 864 1609 sunt,
896 1541 1163 1615 decernit,
1191 1541 1384 1596 dicens
1415 1562 1428 1597 :
1453 1541 1515 1597 Si
1552 1543 1675 1612 quis
1704 1543 2065 1599 admissurum

2244 1178 2489 1232 ΖΩΝΑΡ.
2524 1178 2708 1233 Εἰπὼν
2735 1178 2866 1248 περὶ
2916 1179 3349 1249 ἁμαρτημάτων
3386 1182 3772 1253 πρεσϐυτέρων

2174 1268 2267 1320 καὶ
2295 1267 2557 1320 διακόνων
2576 1269 2667 1321 καὶ
2690 1266 2796 1320 τῶν
2826 1267 3028 1321 λοιπῶν
3047 1270 3549 1340 ἐκκλησιαστικῶν
3575 1275 3771 1343 ταγμάο

2126 1364 2131 1369 ’
2172 1372 2285 1409 των
2312 1360 2340 1410 6
2390 1360 2565 1425 ἅγιος,
2597 1358 2691 1412 νῦν
2747 1360 2844 1411 καὶ
2890 1360 3157 1430 περὶτῶν
3214 1362 3557 1415 συνειδότων
3602 1364 3770 1426 αὐτοῖς

2173 1446 2549 1519 ἁμαρτήματα
2593 1448 2944 1503 διατάττεται
2984 1448 3188 1518 λέγων,
3250 1451 3330 1514 ὡς
3404 1452 3466 1505 'O
3522 1454 3769 1518 συνειῐώς

2171 1555 2284 1591 τισι
2312 1539 2423 1592 τῶν
2454 1539 2762 1612 εἰρημένων
2810 1543 3213 1614 ἁμαρτήματα,
3252 1543 3358 1597 καὶ
3394 1545 3477 1614 μὴ
3511 1547 3768 1616 ὁμολογή-

487 1635 557 1688 ab
607 1634 696 1700 iis,
727 1648 863 1704 quos
907 1633 1366 1699 enumeravimus,
1421 1634 1729 1689 hominibus
1774 1635 2061 1689 criminum

2175 1646 2274 1692 σας
2326 1630 2422 1684 καὶ
2454 1629 2590 1701 δῆλα
2638 1632 2867 1702 θέμενος
2911 1633 2990 1705 τῷ
3050 1635 3353 1706 ἐπισκόπῳ
3410 1637 3593 1704 αὐτὰ,
3646 1639 3770 1693 ἀλλὰ

488 1725 742 1780 conscius
791 1723 973 1789 fuerit,
1027 1737 1127 1779 nec
1174 1736 1239 1778 ea
1274 1722 1437 1778 fuerit
1487 1724 1790 1795 confessus,
1836 1741 1903 1780 ac
1936 1728 2066 1798 epi-

489 1831 659 1887 scopo
690 1817 986 1886 aperuerit,
1016 1814 1259 1886 quinimo
1287 1830 1350 1870 ea
1378 1817 1612 1882 occulte,
1645 1828 1699 1872 ct
1726 1833 1852 1873 cum
1879 1821 2065 1886 sciret,

486 1911 706 1964 silentio
753 1908 951 1963 texisse
998 1916 1052 1963 et
1102 1906 1309 1962 celasse
1355 1922 1419 1962 ea
1467 1909 1537 1963 sit
1567 1912 1865 1975 c0nviclns,
1917 1920 2068 1965 tanto

490 2008 753 2067 tempore,
788 2004 992 2066 quanto
1040 1997 1086 2052 is
1133 1998 1225 2069 qui
1272 1996 1482 2053 crimen
1515 1998 1753 2063 admisit,
1790 2001 1903 2069 ipse
1931 2016 2067 2071 quo-

487 2105 594 2157 que
625 2090 892 2159 punietur,

482 2177 709 2234 ARIST.
752 2180 855 2246 Qui
903 2178 1156 2235 conscius
1185 2187 1269 2235 est
1310 2178 1565 2248 cuipiam,
1595 2187 1651 2235 et
1693 2180 1852 2245 celat,
1886 2181 2061 2236 eidem

1028 2282 1204 2338 paenae
1232 2266 1541 2337 subjicitur.

558 2360 614 2416 Si
642 2362 763 2430 quis
804 2357 1054 2413 conscius
1094 2358 1166 2413 sit
1187 2357 1414 2425 cuilibet
1442 2364 1731 2425 peccatum
1764 2355 1979 2426 aliquod
2002 2372 2069 2410 cx

486 2450 760 2519 praedictis
801 2450 1040 2518 peccatis
1084 2446 1413 2511 admittenti,
1449 2455 1505 2500 et
1547 2445 1678 2499 illud
1742 2460 1847 2498 non
1897 2445 2069 2499 conii-

489 2551 690 2605 teatur,
739 2542 832 2595 sed
889 2548 1169 2610 peccatum
1220 2540 1430 2592 celasse
1481 2537 1872 2601 convincatur;
1927 2536 2068 2590 idem

484 2632 686 2684 subibit
721 2604 1063 2698 supplicium,
1110 2604 1164 2682 et
1194 2628 1282 2681 tali
1320 2635 1564 2696 tempore
1596 2624 1759 2696 quale
1806 2636 1862 2679 et
1891 2640 2069 2694 quau-

482 2730 597 2774 tum
633 2721 747 2790 ipse
792 2720 1053 2774 malorum
1097 2727 1351 2788 operator
1383 2716 1514 2770 luet.

1017 2935 1250 2994 CANON
1281 2935 1492 2992 LXXII.

2170 1722 2572 1789 συγκαλύπτων
2613 1724 2813 1793 ταῦτα,
2864 1724 3140 1795 ἐλεγχθεὶς
3168 1725 3229 1778 δὲ
3265 1727 3354 1779 ὅτι
3389 1727 3549 1791 εἰδὼς
3572 1728 3767 1784 ἐσιώπα

2168 1813 2263 1867 καὶ
2302 1816 2642 1886 συνέκρυπτε
2668 1816 2866 1880 ταῦτα,
2898 1818 2991 1871 ἐπὶ
3020 1817 3285 1871 τοσοῦτον
3314 1819 3519 1890 χρόνον
3550 1822 3646 1874 καὶ
3675 1823 3759 1874 αὖ·

2167 1905 2259 1967 τὸς
2282 1906 2760 1979 ὲπιτιμηθήσεται,
2796 1909 2883 1980 ἐφ’
2904 1911 3028 1965 ὅσον
3053 1913 3080 1964 6
3100 1910 3198 1983 τὴν
3227 1912 3519 1985 ἁμαρτίαν
3544 1930 3761 1985 πεποιη-

2168 1995 2301 2060 κὼς.

2167 2176 2394 2232 ΑΡΙΣΤ.
2451 2178 2512 2232 Ὀ
2567 2174 2923 2249 συνεγνωκὼς
2970 2182 3187 2255 ἑκάστῳ
3237 2184 3339 2238 καὶ¹
3401 2185 3759 2254 ἀποκρύπτων

2645 2274 2706 2326 τὸ
2737 2273 2851 2328 ῐσον
2881 2276 3301 2348 ὲπιτετὶμηται.

2253 2360 2381 2415 Ἐάν
2428 2379 2513 2425 τις
2547 2362 2756 2417 σύνοιδέ
2808 2382 2916 2418 τινι
2962 2366 3343 2436 ἁμαρτάνοντι
3381 2368 3689 2440 ἁμάρτημά
3714 2386 3758 2422 τι

2169 2452 2279 2506 τῶν
2302 2456 2717 2526 προειρημένων
2747 2457 2969 2528 άμαρτη
2979 2459 3190 2527 μάτων,
3223 2461 3322 2513 καὶ
3373 2462 3478 2531 οὐχ
3504 2461 3755 2531 ὁμολογή-

2173 2561 2254 2597 σει
2290 2546 2445 2611 αύτδι,
2485 2547 2602 2601 ἀλλ’
2638 2548 2873 2619 ἐλεγχθῇ
2905 2552 2964 2602 τὸ
2994 2552 3314 2623 ἁμάρτημα
3348 2554 3746 2624 ἀποκρύπτων·

2171 2635 2232 2688 τὸ
2260 2634 2393 2688 αὐτὸ
2421 2635 2633 2702 δέξεται
2685 2640 2984 2708 ἐπιτίμιον,
3038 2643 3129 2693 καὶ
3158 2644 3220 2695 ὲν
3269 2643 3523 2712 τοσούτῳ
3569 2643 3750 2711 χρόνῳ,

2168 2722 2282 2781 οἷον
2331 2729 2426 2781 καὶ
2473 2729 2597 2783 ὅσον
2653 2732 2681 2783 6
2723 2730 2833 2783 τῶν
2869 2733 3054 2787 κακῶν
3110 2733 3382 2807 ιὲργάτης
3446 2733 3752 2804 ἐπιτετίμη-

2169 2835 2279 2875 ται.

2738 2918 2983 2973 ΚΑΝΩΝ
3018 2919 3142 2975 ΟΒ¹.

477 3030 581 3099 Qui
612 3044 673 3087 se
717 3030 957 3093 vatibus,
988 3029 1076 3083 vel
1108 3027 1373 3096 ejusmodi
1409 3029 1530 3083 aliis
1562 3028 1748 3093 tradit,
1791 3028 1904 3100 ipse
1928 3043 2061 3100 quo-

2182 3008 2241 3063 '0
2274 3007 2535 3080 μάντεσιν
2594 3010 2790 3065 ἑαυτὸν
2832 3012 3075 3078 ἐπιδοὺς,
3116 3012 3150 3082 ἦ
3202 3029 3323 3067 τισι
3354 3010 3640 3078 τοιούτοις,
3668 3005 3746 3061 τὸν

716 3138 824 3193 que
850 3122 1245 3177 homicidarum
1277 3130 1519 3200 tempore
1549 3122 1824 3189 punietur.

551 3212 749 3269 BALS.
802 3213 856 3267 In
909 3228 1029 3281 cap.
1071 3211 1161 3267 '55.
1211 3212 1294 3266 tit.
1343 3212 1397 3268 9.
1431 3213 1717 3282 praesentis
1767 3214 1968 3284 operis,
2005 3224 2061 3271 et

478 3309 536 3364 in
590 3325 710 3379 cap.
740 3309 835 3365 ‘20.
884 3311 968 3363 tit.
1018 3312 1106 3364 t5.
1143 3309 1309 3361 multa
1345 3309 1665 3377 scripsimus
1713 3309 1779 3363 de
1826 3311 2059 3377 vatibus,

479 3403 668 3470 magis,
698 3412 749 3453 et
773 3400 1062 3464 simiiihus,
1085 3409 1138 3453 et
1161 3399 1275 3466 lege
1304 3413 1392 3463 ea,
1423 3409 1472 3453 et
1502 3398 1592 3468 qui
1618 3399 1670 3452 in
1703 3400 1769 3454 iis
1794 3401 2061 3470 capitibus

479 3493 826 3547 declarantur
868 3506 1104 3546 canones
1133 3499 1188 3544 et
1228 3492 1394 3557 leges,
1435 3498 1490 3544 et
1517 3491 1657 3545 scies
1701 3493 1971 3560 quomodo
2006 3493 2057 3547 hi

488 3583 784 3652 puniantur
837 3583 1069 3637 civiliter
1117 3591 1171 3636 et
1225 3582 1614 3637 ecclesiastice.
1671 3581 1823 3637 Nunc
1878 3595 2058 3639 autem

483 3683 712 3727 sanctus
750 3675 996 3727 dcccruit
1048 3689 1162 3733 eos,
1214 3674 1305 3742 qui
1347 3689 1405 3728 se
1440 3675 1708 3744 ejusmodi
1751 3676 2059 3730 hominibus

480 3765 704 3827 dedunt,
736 3764 1128 3819 llOll‘IiCldttl‘litli
1171 3780 1387 3834 quoque
1422 3776 1665 3834 tempore
1690 3766 1887 3836 puniri.
1921 3766 2055 3833 Quia

481 3865 660 3909 autem
694 3856 931 3909 nonnulli
966 3866 1282 3924 praesentem
1317 3872 1580 3912 canonem
1631 3859 2053 3927 interpretantes

483 3948 757 4011 dicebant,
815 3963 909 4003 eos
962 3951 1039 4003 sic
1077 3964 1291 4020 quoque
1352 3951 1528 4020 puniri
1589 3951 1806 4014 debere,
1860 3951 1949 4014 qui
1991 3950 2058 4004 ad

480 4040 738 4094 mulieres
791 4042 1074 4107 accedunt,
1129 4056 1249 4109 quae
1299 4058 1420 4094 cum
1477 4042 1678 4095 hordeo
1712 4055 1769 4095 se
1812 4042 2056 4110 quaedam

479 4133 708 4196 incerta,
743 4133 824 4185 vel
855 4134 1016 4185 etiam
1067 4134 1247 4186 futura
1278 4135 1516 4187 revelare
1550 4133 1904 4200 profitentur;
1936 4134 2059 4188 dico

484 4239 608 4278 esse
659 4224 1019 4277 differentiam
1061 4237 1265 4289 vatum,
1315 4234 1368 4279 et
1401 4222 1820 4281 ittcaittatrimim
1855 4226 2060 4280 vetula-

481 4329 598 4366 rnm
645 4328 766 4380 qua:
794 4328 890 4381 per
937 4316 1330 4367 ittCanlatioucs
1380 4316 1737 4383 simpliciores
1773 4316 2054 4371 seducunt.

479 4403 556 4456 Illi
600 4406 743 4457 enim
799 4408 1069 4460 themones
1124 4407 1374 4459 invocant
1415 4424 1429 4460 :

484 4497 665 4565 potius
716 4506 766 4548 et
803 4495 1287 4551 sanrtiﬁcatioueni
1322 4500 1665 4561 simulantes,
1701 4514 1823 4553 cum
1859 4499 2057 4554 divinis

479 4588 709 4642 canticis
765 4586 946 4643 futura
1004 4605 1390 4659 nonnunquam
1449 4592 1784 4656 describunt,
1835 4603 1886 4646 et
1939 4595 2082 4662 (μηθ’

477 4689 603 4741 sunt
639 4679 869 4733 obscura
926 4696 1020 4749 per
1072 4681 1326 4736 hordeum
1378 4684 1700 4751 proferunt;
1752 4693 1811 4737 ut
1854 4681 2059 4738 faciunt

477 4777 533 4821 et
562 4782 683 4837 quae
717 4769 976 4823 dicuntur
1006 4770 1270 4841 κρίτριαι,
1303 4781 1356 4825 et
1398 4774 1486 4840 qui
1521 4787 1710 4827 saccos
1738 4787 2055 4842 pannosqne

475 4857 700 4914 induunt
738 4861 873 4914 bene
907 4862 1116 4914 barbati
1170 4873 1222 4916 et
1264 4864 1460 4916 comati
1509 4866 1781 4919 monachi.
1828 4865 1865 4918 li
1909 4868 2054 4918 enim

474 4958 533 5004 et
563 4953 887 5006 seduceutes
917 4959 972 5006 et
1020 4936 1228 5007 seducti
1276 4956 1452 5008 l‘mura
1500 4957 1880 5020 vaticiuautur,
1934 4966 2056 5010 ttin-

480 5057 643 5112 quam
700 5048 769 5099 ab
833 5046 1076 5115 angelica
1138 5049 1537 5102 renuntiatioue
1590 5049 1791 5104 edOcti.
1851 5050 2056 5104 Debent.

476 5132 680 5202 itaque,
724 5133 814 5203 qui
845 5149 950 5188 nou
987 5133 1152 5188 Deum
1199 5147 1484 5207 negarunt,
1520 5138 1612 5192 sed
1647 5154 1741 5206 per
1794 5140 2054 5209 improbi-

480 5234 643 5280 tatem
671 5227 1017 5280 sanctitatem
1053 5227 1330 5292 simulant,
1363 5238 1421 5283 ut
1451 5230 1579 5283 mihi
1606 5232 1840 5295 videtur,
1873 5233 2054 5286 utilius

476 5327 532 5371 et
564 5332 670 5371 non
709 5317 886 5373 instar
926 5335 1112 5375 eorum
1143 5322 1233 5389 qui
1271 5320 1432 5373 Deum
1465 5333 1816 5392 negaverunt,
1851 5325 2052 5390 puniri.

478 5408 576 5464 Sin
608 5420 785 5466 autem
843 5413 1046 5469 dixeris
1080 5415 1265 5468 hordei
1315 5415 1534 5470 latrices
1583 5427 1636 5470 et
1662 5416 2052 5470 incantatrices
2107 5465 2112 5475 ,

476 5504 718 5559 aniculas
750 5505 1019 5561 daemones
1051 5510 1328 5573 invocato,
1359 5523 1436 5562 ea:
1469 5521 1684 5576 quoque
1718 5506 2048 5571 ueressatio,

479 5603 541 5648 ut
592 5599 730 5665 magi
779 5606 831 5650 et
888 5609 1064 5661 vates,
1119 5610 1365 5652 extremo
1413 5600 1677 5669 supplicio
1734 5598 2045 5666 punientur.

477 5687 620 5752 Lege
666 5696 721 5740 et
769 5701 888 5742 can.
939 5688 1007 5743 83
1056 5691 1338 5758 praesentis
1390 5691 1588 5756 sancti,
1640 5699 1691 5745 et
1743 5704 1862 5758 qum
1901 5688 1952 5741 in
1989 5703 2052 5744 eo

476 5788 623 5831 sunt.

2252 3103 2446 3174 χρόνον
2471 3103 2581 3157 τῶν
2612 3102 2820 3173 φονέων
2849 3106 2946 3157 καὶ
2975 3105 3140 3168 αὐτὸς
3171 3106 3663 3179 ὲπιτιμηθήσεται.

2239 3195 2440 3250 ΒΑΛΣ.
2479 3197 2567 3249 Ἐν
2601 3196 2679 3266 τῷ
2720 3194 2799 3251 κε’
2832 3214 2959 3267 κεφ.
2986 3198 3085 3251 τοῦ
3122 3198 3167 3250 θ’
3192 3199 3381 3252 τίτλου
3429 3198 3522 3253 τοῦ
3554 3193 3742 3265 παρόν-

2168 3297 2258 3345 τος
2291 3283 2692 3353 συντάγματος,
2729 3287 2822 3338 mi
2844 3285 2923 3357 τῷ
2949 3284 2996 3340 κ’
3020 3304 3146 3355 κεφ.
3185 3288 3286 3341 τοῦ
3311 3295 3385 3357 ιγ’
3411 3289 3615 3350 τίτλον,
3639 3282 3744 3337 διά-

2166 3388 2312 3443 φορα
2376 3372 2700 3445 ἐγράψαμεν
2737 3376 2867 3447 περὶ
2904 3378 3175 3446 μάντεων,
3229 3380 3450 3448 μάγων,
3503 3379 3596 3430 καὶ
3641 3373 3738 3427 τῶν

2168 3466 2394 3535 ὁμοίων,
2426 3469 2521 3520 καὶ
2547 3470 2821 3537 ἀνάγνωθι
2855 3472 3031 3525 ταῦτά
3052 3489 3110 3526 τε
3147 3475 3244 3528 καὶ
3279 3474 3408 3537 τοὺς
3437 3475 3495 3527 ὲν
3530 3474 3640 3535 τοῖς
3662 3467 3745 3521 αὺ-

2166 3559 2281 3620 τοῖς
2314 3573 2439 3627 κεφ.
2475 3558 2839 3630 δηλουμένους
2895 3564 3133 3628 κανόνας
3178 3582 3239 3619 τε
3274 3568 3370 3619 καὶ
3410 3566 3626 3635 νόμους,
3659 3562 3741 3617 καὶ

2171 3647 2348 3719 μάθῃς
2382 3649 2530 3713 ὅπως
2561 3645 2711 3704 οὗτοι
2742 3652 3065 3719 κολάζονται
3104 3656 3405 3721 πολιτικῶς
3456 3674 3513 3710 τε
3545 3657 3634 3710 καὶ
3660 3656 3741 3707 ἐκ·

2166 3737 2599 3805 κλησιαστικῶς.
2648 3741 2874 3812 Ἀρτίως
2921 3744 2978 3798 δὲ
3014 3745 3043 3796 6
3076 3746 3234 3813 ἅγιος
3288 3748 3584 3818 διορίζεται
3630 3744 3741 3804 τοὺς

2167 3829 2593 3901 ἀνατιθεμένους
2620 3835 2846 3899 ἑαυτοὺς
2867 3836 3131 3901 τοιούτοις
3155 3838 3269 3891 τισὶ
3307 3842 3451 3892 κατὰ
3476 3840 3601 3900 τοὺς
3629 3833 3740 3906 χρό-

2165 3935 2293 3983 νους
2320 3921 2429 3973 τῶν
2466 3924 2675 3990 φονέων
2703 3924 3088 3995 ἐπιτιμᾶσθαι.
3133 3928 3359 3998 Ἐπειδὴ
3394 3946 3539 3990 τινες
3574 3928 3735 3996 ἑρμη-

2166 4010 2414 4075 νεύοντες
2427 4013 2518 4065 τὺν
2536 4016 2781 4085 παρόντα
2802 4018 3004 4072 κανόνα
3019 4014 3170 4074 εἶπον
3188 4023 3374 4091 ὀφειλε
3384 4042 3431 4077 ιν
3449 4022 3616 4084 οὕτως
3630 4023 3735 4073 ἐπι-

2164 4106 2427 4176 τιμᾶσθαι
2455 4107 2694 4170 καὶτοὺς
2716 4112 3187 4179 προσερχομένους
3210 4116 3432 4182 γυναιξὶ
3455 4116 3592 4185 μετὰ
3628 4128 3732 4181 κρι-

2168 4201 2278 4256 θῶν
2300 4202 2803 4274 ἐπαγγελλομέναις
2818 4206 3229 4262 ἀνακαλύπτειν
3243 4211 3418 4280 ἄδηλά
3431 4228 3569 4273 τινα,
3588 4208 3617 4278 ἢ
3650 4206 3731 4259 καὶ

2170 4293 2433 4363 μέλλοντα
2469 4310 2485 4327 ο
2519 4294 2664 4362 λέγω
2691 4297 2773 4349 ὅτι
2820 4296 3055 4368 διαφορά
3086 4302 3202 4354 ἐστι
3239 4304 3488 4373 μάντεων
3522 4314 3734 4369 γοητευ-

1479 4409 1560 4461 ha:
1617 4422 1745 4461 vero
1801 4410 2052 4462 virtutem

2171 4385 2352 4456 τριῶν,
2381 4389 2474 4439 καὶ
2494 4389 2867 4457 γοητευτριῶν
2893 4392 3079 4459 γραῶν
3116 4392 3203 4446 διά
3233 4396 3569 4466 ὲπᾳσμάτων
3618 4389 3728 4448 τοὺς

2166 4478 2567 4548 ἁπλουστέρους
2598 4481 2949 4536 άπατουσῶν.
2985 4484 3047 4536 Οἱ
3080 4484 3180 4554 μὲν
3202 4488 3312 4557 γὰρ
3341 4488 3598 4555 δαίμονας
3620 4485 3729 4553 ἐπι·

2166 4568 2461 4624 καλοῦνται
2484 4586 2498 4601 ’
2535 4571 2698 4638 αἰδὲ,
2738 4573 2941 4643 μᾶλλον
2964 4576 3164 4648 ἀρετὴν
3189 4581 3285 4632 καὶ⁹
3307 4578 3578 4648 άγιασμὸν
3606 4576 3727 4626 ὐπο-

2164 4662 2658 4735 κρινόμεναι,μετά
2696 4666 2854 4721 θείων
2873 4667 3325 4739 ψαλτῳδημάτων
3354 4671 3521 4722 ἐνίοτε
3554 4678 3722 4736 χειροο

2164 4756 2438 4827 γραφοῦσι
2460 4759 2527 4811 τά
2551 4758 2835 4828 μέλλοντα,
2868 4762 2965 4815 καὶ
2996 4762 3389 4834 κριθοφοροῦσι
3448 4762 3513 4815 τά
3549 4756 3722 4824 ἄδηλα.

2162 4847 2342 4911 καθὼς
2360 4849 2572 4902 ποιοῦσι
2598 4850 2693 4903 καὶ
2720 4852 3086 4920 αἱλεγόμεναι
3118 4856 3387 4924 κρίτριαι,
3418 4853 3510 4906 καὶ
3527 4851 3573 4902 οἱ
3596 4862 3717 4899 σακ-

2162 4939 2545 5005 κενδυτοῦντες
2571 4942 2665 4994 καὶ
2695 4943 2745 4994 oi
2774 4943 3225 5013 ῥακενδυτοῦντες
3258 4945 3549 5015 ὴῡγένειοι,
3570 4933 3721 5007 ἠϋκό-

2164 5045 2254 5099 μοι
2307 5031 2549 5101 μοναχοί.
2576 5032 2685 5084 Καὶ
2697 5028 2844 5086 οὗτοι
2862 5032 2970 5104 γὰρ
2999 5035 3306 5098 πλανῶντές
3332 5052 3388 5087 τε
3422 5032 3514 5087 καὶ
3528 5023 3720 5082 πλανώ-

2165 5137 2315 5189 μενοι
2330 5122 2398 5173 τά
2435 5122 2700 5191 μέλλοντα
2730 5124 3203 5193 προφοιδάζουσιν,
3226 5126 3301 5190 ὡς
3319 5126 3376 5192 ἐξ
3406 5109 3717 5190 ὑποφηέείας

2160 5213 2479 5283 άγγελικῆς.
2497 5215 2597 5268 Διά
2623 5230 2706 5267 τοι
2729 5215 2885 5268 τοῦτο
2912 5217 3221 5284 ὀφεῖλουσιν
3234 5219 3282 5272 οἱ
3316 5217 3392 5289 μὴ
3417 5212 3714 5286 ἀρνησάμε’

2160 5323 2241 5360 vat
2266 5308 2358 5360 τὸν
2385 5307 2541 5370 θεὸν,
2572 5309 2711 5361 ἀλλὰ
2741 5307 2831 5362 διὰ
2882 5309 3221 5381 λειξουρείαν
3254 5310 3558 5380 ἁγιωσύνην
3590 5304 3710 5354 ὑπο-

2161 5403 2497 5472 κρινόμενοι,
2524 5401 2598 5461 ὼς
2620 5403 2742 5472 ἐμοὶ
2766 5402 2932 5470 δοκεῖ,
2960 5406 3340 5476 μετριωτέρως
3361 5404 3453 5457 καὶ
3481 5401 3552 5471 μὴ
3584 5389 3711 5449 κατά

2159 5493 2285 5554 τοὺς
2318 5490 2673 5563 ἀρνησιθέους
2713 5490 3059 5555 κολάζεσθαι.
3102 5493 3161 5546 Et
3187 5492 3243 5545 δὲ
3269 5493 3426 5560 εἴπῃς
3455 5486 3520 5538 τά
3542 5477 3708 5552 κριθοσ

2161 5583 2306 5654 φάβα
2331 5584 2425 5636 καὶ
2458 5587 2862 5654 γοητευτοτόκι
2890 5584 3115 5651 γραῖδια
3158 5584 3416 5654 δαίμονας
3446 5567 3706 5654 ἐπικαλεῖῖ

2163 5650 2312 5741 σθαι,
2342 5676 2400 5742 ἐξ
2431 5650 2678 5745 ἀνάγκης
2714 5679 2808 5730 καὶ
2838 5650 2997 5728 αὗται
3027 5676 3170 5729 κατὰ
3206 5650 3329 5735 τὼς
3366 5669 3577 5741 μάντεις
3625 5650 3705 5745 καξὶ

2171 5771 2380 5841 μάγους
2436 5743 2682 5840 ἐσχάταις
2728 5767 3242 5839 ἔπιτιμηθήσονται.
3306 5743 3702 5844 Ἀνάγνωθιᾷκῗὶ

2170 5864 2258 5918 τὸν
2292 5860 2383 5932 σῖγ’
2414 5862 2612 5917 καιιόνα
2642 5861 2732 5914 τοῦ
2766 5862 3033 5931 παρόντος
3065 5859 3241 5929 ἁγίου,
3266 5859 3355 5911 καὶ
3382 5853 3444 5905 τά
3472 5850 3522 5899 ἐν
3551 5840 3696 5902 a5“?-
