4008 6476
285 346 391 413 ἾΤἹ

1186 349 1265 411 IN
1297 349 1536 412 EPIST.
1574 350 1635 410 S.
1676 347 1972 408 BASILII
2028 345 2479 425 QANONICAM
2517 344 2633 407 III.

3464 341 3569 406 778

360 454 612 513 ΖΩΝΑΡ.
660 459 930 513 Μαντεῖαι
968 460 1066 530 μὲν
1102 459 1266 512 πάλαι
1307 454 1450 531 ἦσαν
1494 457 1551 510 αί
1606 454 1873 527 περὶτῶν

2051 450 2302 508 ZONAR.
2342 452 2608 507 Vaticinia
2647 450 2775 507 olim
2828 458 3010 515 erant,
3068 465 3190 521 quae
3250 449 3404 506 falsis
3463 454 3569 507 diis

284 547 656 619 ψευδωνύμων
699 549 838 603 θεῶν
892 551 1181 622 γινόμεναι
1230 551 1588 621 προρρήσεις,
1654 549 1687 620 ἢ
1737 547 1875 616 πρὸς

284 640 587 711 ἐρωτήσεις
623 643 949 713 ἀποκρίσεις
972 659 988 674 ·
1028 645 1076 696 εἰ
1112 643 1170 696 δὲ
1222 642 1318 697 καὶ
1348 643 1415 696 τὰ
1438 642 1752 712 χρηστήρια
1782 640 1876 691 ἐκ-

283 730 571 785 λελοίπασι
620 735 760 803 μετὰ
784 735 885 804 τὴν
912 734 1189 806 σάρκωσιν
1212 732 1308 787 τοῦ
1346 734 1579 805 Κυρίου,
1610 731 1749 785 ἀλλά
1780 729 1877 784 καὶ

283 825 382 880 νῦν
405 825 649 895 γίνονται
706 830 858 898 παρά
886 848 1048 885 τινων
1097 831 1166 883 δι’
1198 830 1425 901 ἐπῳδῶν
1458 831 1555 883 καὶ
1590 827 1876 897 ἐνεργείας

283 918 610 989 δαιμονικῆς
657 923 1016 993 προρρήσεις,
1072 924 1121 976 εί
1178 924 1270 976 καὶ
1301 923 1522 993 ψευδεῖς
1559 924 1616 975 αἱ
1650 920 1872 982 πλείους

285 1009 636 1081 ἐλέγχονται·
671 1005 783 1063 οἷαί
819 1013 927 1064 είσι
977 1013 1071 1066 καὶ
1113 1013 1169 1065 αί
1202 1012 1354 1081 παρὰ
1402 1011 1682 1079 γυναικῶν
1711 1024 1877 1062 τινων

285 1103 598 1172 γινόμεναι,
654 1102 714 1156 αϊ
742 1103 940 1176 κριθάς
972 1107 1032 1158 ἐν
1066 1108 1224 1176 χερσὶ
1253 1103 1493 1158 τιθεῖσαι
1541 1103 1609 1156 δι’
1641 1101 1873 1155 ἐκείνων

289 1195 617 1267 προλέγουτί
660 1213 816 1251 τινα·
851 1198 1010 1252 ἄλλαι
1044 1198 1125 1262 δὲ,
1191 1198 1387 1265 σποδιᾷ
1439 1196 1869 1260 ἐπικύπτουσαι,

292 1286 671 1358 προμηνύουσί
703 1305 825 1342 τινα
858 1289 1142 1358 μέλλοντα.
1173 1288 1733 1361 Συναριθμείσθωσαν
1753 1286 1879 1340 τού-

289 1394 400 1443 τοις
426 1380 517 1432 καὶ
541 1381 590 1434 οί
637 1381 702 1433 ἐκ
741 1380 850 1436 τῶν
880 1382 1133 1454 ἀστέρων
1185 1383 1591 1453 προγινώσκειν
1621 1381 1879 1457 λέγοντες

287 1470 356 1524 τά
383 1471 641 1542 ἐσόμενα,
698 1474 792 1526 καὶ
819 1476 872 1528 οἱ
918 1474 1133 1537 τούτοις
1183 1475 1483 1546 χρώμενοι,
1516 1473 1613 1537 οὓς
1668 1475 1878 1538 πάντας

284 1561 366 1632 τῷ
382 1563 646 1635 ἐπιτιμίῳ
675 1564 787 1618 τῶν
809 1567 1018 1635 φονέων
1048 1565 1390 1636 καθυπάγει.

305 1743 549 1799 ἈΡΙΣΤ.
592 1744 653 1801 Ὅ
681 1745 944 1816 μάντεσιν
971 1748 1003 1819 ἢ
1056 1747 1319 1810 τοιούτοις
1350 1748 1495 1802 τισὶν
1522 1746 1719 1801 ἐαυτὸν
1752 1744 1877 1808 δοὺς

455 1839 547 1893 τὸν
579 1840 770 1910 χρόνον
808 1840 918 1893 τῶν
941 1842 1152 1909 φονέων
1178 1838 1695 1911 οίκονομηθήσεται.

368 1929 427 1984 '0
461 1931 560 2002 μέν
594 1932 787 1987 ἐαυτὸν
818 1933 1036 1995 ἐπιδοὺς
1058 1930 1398 2003 μάντεσιν,ἢ
1432 1931 1641 1999 γόησιν,
1669 1928 1702 1999 ἢ
1731 1944 1874 1999 (pap-

289 2025 516 2092 μακοίξβ,
554 2024 647 2077 ἐπὶ
676 2022 754 2094 τῷ
785 2026 981 2096 μαθεῖν
1015 2026 1115 2094 τὴν
1149 2022 1510 2094 κακοτεχνίαν
1561 2020 1767 2085 αὐτῶν,
1796 2020 1874 2081 ὡς

284 2115 314 2165 ὁ
335 2116 601 2180 ἑκουσίως
628 2116 874 2186 φονεύων
925 2115 1390 2187 ἐπιτιμηθήσεται
1411 2130 1427 2145 ’
1460 2115 1489 2167 ὁ
1508 2114 1565 2168 δέ
1596 2110 1874 2167 πιστεύων

288 2208 570 2277 μάντεσιν,
614 2209 854 2277 εἰσάγων
883 2209 1087 2274 αὐτοὺς
1118 2211 1201 2271 εἰς
1231 2208 1327 2262 τδν
1349 2200 1500 2261 οἷκον
1552 2205 1751 2259 ἐαυτοῦ
1780 2205 1875 2258 ἐπὶ

285 2297 571 2369 ἀνευρέσει
608 2298 699 2352 καί¹
726 2296 995 2370 καθάρσει
1029 2297 1417 2370 φαρμακειῶν,
1454 2296 1487 2367 ἢ
1525 2293 1872 2363 ἀποκαλύψει

284 2391 450 2446 τινῶν
493 2393 846 2465 ἀπορρήτων,
877 2390 1128 2459 ἑξαετίαν
1171 2392 1536 2462 ἐπιτιμᾶταιο
1575 2389 1650 2452 ὡς
1685 2389 1713 2442 ὁ
1745 2387 1874 2459 ἐξη-

284 2485 478 2549 κοστὸς
506 2484 722 2556 πρῶτος
750 2483 934 2540 κανὼν
961 2487 1064 2557 τῆς
1092 2486 1151 2538 ἐν
1175 2484 1252 2555 τῷ
1273 2482 1530 2556 Τρούλλῳ
1552 2482 1716 2553 ἕκτης
1746 2498 1875 2536 συν·-

284 2576 408 2631 ὁδου
442 2576 824 2648 διαλαμϐάνει,
862 2579 960 2632 καὶ
982 2580 1010 2632 ὁ
1039 2576 1403 2648 ὀγδοηκοστὸς
1423 2577 1616 2645 τρίτας
1640 2574 1742 2643 τῆς
1773 2573 1879 2628 ἁνά

285 2671 477 2739 χεῖρας
495 2669 703 2741 ταύτης
727 2671 921 2742 τρίτης
968 2670 1267 2741 ἐπιστολῆς
1294 2667 1401 2752 ,τοῦ
1433 2668 1676 2739 μεγάλου
1708 2666 1876 2723 Βασι-

286 2762 456 2819 λείου.

875 2859 1120 2914 ΚΑΝΩΝ
1166 2857 1289 2915 υΓ’.

300 2946 361 3000 '0
398 2947 488 3003 τὸν
518 2949 754 3020 Χριστὸν
787 2952 1192 3022 ἀρνησάμενος,
1246 2949 1343 3006 καὶ
1379 2951 1639 3024 παραϐὰς
1682 2951 1745 3005 τὸ
1775 2951 1877 3022 τῆς

362 3041 636 3114 σωτηρίας
696 3045 1024 3115 μυστήριον,
1093 3046 1152 3098 ἐν
1193 3045 1354 3099 παντὶ
1408 3043 1488 3115 τῷ
1538 3044 1719 3115 χρόνῳ
1773 3045 1876 3115 τῆς

357 3133 505 3204 ζωῆς
541 3135 708 3189 αὐτοῦ
755 3135 1116 3208 προσκλαίειν
1143 3136 1371 3205 ὀφείλει.
1401 3137 1498 3190 καὶ
1529 3136 1876 3205 ἐξομολογεῖ-

361 3228 488 3281 σθαι
513 3229 805 3299 χρεωστεῖ,
836 3228 894 3281 ἐν
923 3227 1001 3298 τῷ
1047 3229 1227 3298 καιρῷ
1258 3224 1302 3296 ᾧ
1335 3228 1583 3282 ἐκϐαίνει
1617 3227 1715 3282 τοῦ
1757 3230 1879 3298 βίου

355 3320 721 3390 ἀγιασμάτων
772 3319 1096 3390 ἀξιούμενος
1150 3321 1334 3374 πίστει
1399 3321 1498 3391 τῆς
1554 3321 1709 3392 παρά
1740 3320 1879 3376 Θεοῦ

358 3414 804 3484 φιλανθρωπίας.

358 3506 553 3564 ΒΑΛΣ.
595 3505 656 3561 Ὀ
689 3506 789 3577 μέν
821 3504 1005 3560 κανὼν
1032 3504 1211 3577 σαὶρής
1251 3507 1392 3559 ἐστι.
1419 3504 1729 3576 Διορίζεται
1767 3504 1878 3576 γὰρ

279 3601 412 3662 τοὺς
437 3599 857 3670 ἀρνησαμένους
888 3597 984 3650 τὸν
1030 3598 1235 3668 Κύριον
1282 3600 1445 3668 ἡμῶν
1490 3599 1699 3668 Ἰησοῦν
1734 3598 1875 3669 Χρι-

291 3694 442 3760 στὸν,
481 3694 575 3747 καὶ
614 3693 688 3763 μὴ
719 3691 1051 3761 δεξαμένους
1087 3692 1149 3744 τὸ
1186 3691 1496 3763 μυστήριον
1547 3693 1647 3762 τῆς
1677 3693 1878 3764 ἐνσάρ-

292 3803 392 3841 κου
423 3786 734 3857 οἰκονομίας
766 3782 956 3849 αὑτοῦ,
1007 3785 1369 3854 προσκλαίειν
1398 3785 1497 3839 καὶ
1530 3785 1880 3856 ἐξομολογεῖ-

287 3879 410 3932 σθαι
446 3878 575 3951 παρ’
611 3878 732 3931 ὅλον
774 3878 866 3930 τὸν
904 3877 1004 3948 τῆς
1038 3877 1189 3949 ζωῆς
1221 3878 1405 3931 αὐτῶν
1444 3878 1674 3947 χρόνον,
1733 3879 1876 3933 κατά

286 3970 456 4038 μόνας
483 3970 541 4023 δὲ
574 3969 672 4033 τάς
730 3968 1052 4032 τελευταίας
1115 3970 1396 4030 ἀναπνοὰς
1447 3968 1738 4034 ἀξιοῦσθαι
1766 3972 1867 4039 τῆς

281 4060 393 4114 τῶν
418 4059 778 4132 ἁγιασμάτων
831 4059 1220 4130 μεταλήψεωςο
1275 4059 1378 4130 τῆς
1409 4058 1467 4113 δέ
1513 4062 1572 4114 ἐν
1623 4059 1874 4134 Ἀγκύρᾳ

285 4153 506 4206 συνόδου
536 4153 632 4207 καὶ
663 4150 758 4204 τοῦ
779 4152 939 4219 ἁγίου
969 4152 1372 4224 ίερομάρτυρος
1406 4154 1621 4224 Πέτρου
1667 4155 1874 4225 μηδένα

283 4245 532 4299 τοιοῦτον
563 4244 1088 4299 καθυποθαλλὸντο.ν
1138 4246 1354 4315 ἐσχάτῳ
1407 4247 1676 4317 ἐπιτιμίῳ
1717 4250 1874 4300 ἀκοι-

283 4339 578 4409 νωνησίας,
628 4341 724 4393 καὶ
762 4335 873 4392 οἷον
922 4341 1364 4408 ἐναντιουμένων
1388 4340 1467 4410 τῷ
1501 4341 1731 4411 παρόντι
1766 4359 1873 4396 κα-

280 4430 418 4496 νόνι,
452 4433 573 4485 είπέ
606 4432 688 4484 δτι
728 4431 969 4500 ἀνάλογα
995 4431 1184 4485 ἔθεντο
1216 4433 1266 4486 οί
1320 4433 1568 4502 Πατέρες
1599 4435 1670 4487 τὰ
1699 4435 1873 4489 ἐπιτί-

1902 3188 1950 3253 C

1980 545 2277 600 edebantur
2337 545 2741 614 praedictiones,
2798 544 2880 599 vel
2937 558 3056 613 qua:
3111 544 3178 600 ad
3237 545 3568 614 quaestiones

1983 651 2241 707 responsa
2280 637 2579 693 dabantur.
2628 638 2820 705 Porro,
2873 636 3125 708 quamvis
3176 638 3395 694 oracula
3444 650 3569 709 post

1981 737 2314 800 assumptum
2362 747 2393 784 a
2443 731 2676 785 Domino
2727 747 2948 787 carnem
3007 731 3329 794 defecerint,
3387 742 3568 788 tamen

1981 820 2066 876 his
2115 837 2331 891 quoque
2382 824 2735 892 temporibus.
2773 839 2869 893 per
2912 825 3311 879 incantationes
3344 837 3399 880 et
3453 826 3568 881 dre-

1982 927 2203 966 mouum
2249 913 2573 977 ministeria,
2607 914 2862 968 vaticinia
2894 915 3138 983 quaedam
3177 916 3569 986 proferuntur;

1981 1004 2193 1059 etiamsi
2257 1005 2522 1059 mendacii
2586 1004 2848 1074 pleraque
2886 1008 3281 1062 convincanlur
3330 1023 3345 1062 :
3387 1011 3569 1079 qualia

1981 1103 2109 1149 sunt
2155 1108 2278 1164 qua:
2327 1107 2358 1147 a
2396 1095 2671 1148 nonnullis
2721 1096 3041 1152 mulieribus
3078 1097 3236 1165 ﬁunt,
3284 1115 3405 1169 quae
3438 1103 3570 1154 hor-

1983 1184 2143 1239 deum
2195 1186 2250 1239 in
2292 1186 2543 1240 munibus
2591 1186 2874 1250 habentes,
2911 1190 3158 1251 quaedam
3195 1204 3290 1258 per
3328 1191 3455 1244 illud
3486 1192 3571 1245 di-

1981 1277 2204 1344 vinant;
2236 1279 2357 1333 alia:
2392 1293 2521 1334 vero
2559 1280 2731 1334 cineri
2772 1282 3176 1345 incumbentes,
3212 1280 3394 1337 futura
3423 1299 3572 1353 qua:-

1982 1370 2105 1424 dam
2154 1372 2481 1441 praedicunt.
2535 1371 3100 1443 Adjunganturhisce
3149 1384 3436 1444 praeterea,
3475 1378 3568 1446 qui

1982 1476 2043 1517 se
2094 1476 2163 1517 ex
2198 1463 2363 1519 astris
2411 1474 2635 1519 ventura
2684 1479 2847 1522 nosse
2878 1468 3224 1538 proﬁtentur,
3257 1477 3312 1523 et
3341 1470 3431 1538 qui
3477 1484 3572 1523 eos

1982 1556 2311 1624 conSuluut;
2346 1573 2483 1628 quos
2517 1558 2734 1628 quidem
2777 1574 2992 1627 omnes,
3024 1560 3415 1616 homicidarqu
3451 1576 3571 1631 pato

1984 1649 2069 1702 nis
2107 1647 2417 1704 multandos
2442 1664 2565 1704 esse
2603 1650 2872 1706 decernit.

1986 1740 2145 1811 125
2168 1739 2399 1797 ARIST.
2447 1741 2551 1808 Qui
2596 1743 2835 1809 vatibus,
2869 1744 2952 1799 vel
2996 1744 3265 1815 ejusmodi
3313 1744 3438 1801 aliis
3484 1751 3545 1801 se

1905 1821 1950 1878 Β
2054 1834 2235 1897 tradit,
2262 1833 2662 1889 homicidarum
2691 1843 2902 1904 tempus
2927 1836 2979 1892 ei
3009 1839 3395 1893 coitatituetur.

2054 1925 2156 1992 Qui
2213 1941 2273 1981 se
2316 1927 2553 1993 vatibus,
2590 1937 2685 1980 aut
2733 1927 3244 1998 praestigiatorlbus,
3283 1940 3380 1985 aut
3414 1945 3579 1985 vene-r

1985 2016 2105 2072 ﬁcis
2145 2016 2331 2083 tradit,
2376 2028 2440 2071 ut
2491 2016 2663 2072 malas
2700 2017 2926 2073 istorum
2968 2031 3115 2075 artes
3147 2020 3357 2086 discat,
3385 2029 3444 2075 ut
3481 2036 3573 2077 vo-

1984 2107 2220 2163 luntarie
2263 2109 2542 2174 occidens,
2583 2110 2857 2178 punietur.
2902 2109 3008 2166 Sed
3053 2117 3144 2181 qui
3184 2114 3380 2170 talibus
3410 2114 3572 2169 ﬁdem

1985 2197 2169 2263 habet,
2217 2213 2422 2270 eosque
2450 2200 2505 2253 in
2554 2201 2776 2257 domum
2819 2217 2973 2258 suam
3016 2204 3332 2273 introducit,
3363 2208 3430 2261 ad
3469 2221 3574 2262 ve-

1985 2291 2308 2347 neﬁciorum
2354 2295 2730 2351 inventionem
2774 2308 2868 2351 aut
2919 2297 3318 2369 purgationem,
3364 2310 3464 2355 aut
3488 2315 3573 2357 sev

1985 2393 2261 2438 cretorum
2330 2384 2697 2453 quorumdam
2769 2390 3178 2456 revelationem,
3249 2392 3574 2447 sexennium

1985 2475 2259 2541 punietur.
2316 2476 2389 2534 Ut
2445 2488 2615 2533 sexta:
2672 2478 2726 2534 iu
2781 2477 2970 2537 Trullo
3026 2484 3215 2555 synodi
3272 2501 3447 2543 canon
3506 2485 3570 2543 ει

1986 2566 2250 2635 decernit,
2299 2584 2399 2626 nec
2428 2585 2535 2624 non
2582 2570 2654 2627 83
2708 2574 2880 2628 tertia:
2916 2573 3090 2645 hujus
3143 2578 3324 2650 magni
3381 2576 3570 2636 Basilii

1984 2659 2231 2728 epistolae
2260 2676 2379 2731 quae
2405 2665 2508 2721 sub
2541 2678 2708 2720 manu
2733 2671 2835 2721 est.

2510 2847 2744 2909 CANON
2802 2852 3040 2913 LXXIII.

1984 2938 2087 3007 Qui
2135 2940 2414 2999 Christum
2458 2948 2697 3017 negavit,
2728 2958 2785 3005 et
2812 2949 3004 3007 salutis
3036 2951 3352 3023 mysterium
3383 2962 3571 3014 trans-

2056 3047 2284 3101 gressus
2324 3043 2430 3099 est,
2475 3051 2598 3091 eum
2629 3049 2745 3094 toto
2780 3041 2904 3096 vitae
2947 3055 3063 3097 suae
3092 3053 3338 3114 tempore
3360 3055 3581 3117 oportet

2059 3124 2283 3194 deﬂere,
2314 3138 2369 3183 et
2397 3128 2648 3185 conﬁteri
2687 3134 2960 3200 convenit,
3002 3137 3057 3190 in
3105 3143 3350 3208 tempore
3380 3153 3491 3208 quo
3540 3156 3574 3196 e

2053 3220 2168 3274 vita
2206 3220 2447 3288 excedit,
2492 3236 2840 3281 sacramento
2880 3226 3104 3297 dignum
3147 3229 3416 3297 habitum,
3442 3246 3575 3304 pro-

2056 3311 2181 3381 pter
2211 3311 2373 3368 ﬁdem
2411 3313 2609 3370 divina:
2638 3315 2964 3374 clementiae.

2056 3514 2253 3571 BALS.
2309 3516 2506 3572 Cauon
2541 3517 2763 3588 quidem
2793 3520 2976 3577 clarus
3005 3528 3091 3577 est
3121 3539 3138 3579 :
3186 3523 3381 3580 statuit
3423 3526 3571 3583 enim

1982 3613 2042 3659 ut
2069 3606 2163 3676 qui
2193 3604 2474 3661 Christum
2507 3607 2799 3664 Dominum
2844 3619 3093 3667 nostrum
3126 3624 3488 3686 negaverunt,
3516 3627 3574 3673 ct
3603 3623 3613 3637 '

1980 3698 2098 3768 ejus
2158 3714 2277 3768 qua:
2317 3699 2372 3754 in
2405 3714 2571 3754 carne
2620 3700 2723 3756 luit
2749 3708 3068 3760 ceconomiae
3107 3709 3428 3778 mysterium
3460 3725 3567 3765 non

1980 3800 2365 3859 susceperunt,
2419 3791 2655 3847 deﬂeant
2684 3801 2741 3847 et
2773 3796 3141 3852 conﬁteantur
3169 3807 3284 3855 toto
3328 3806 3572 3872 tempore

1981 3880 2108 3933 vitae
2134 3895 2266 3946 suae,
2302 3882 2354 3934 in
2383 3881 2497 3935 sola
2527 3891 2708 3936 autem
2737 3894 2984 3939 extrema
3028 3887 3393 3955 respiratione
3421 3891 3568 3959 digni

1981 3972 2292 4028 habeantur
2318 3984 2785 4031 sacramentorum
2816 3979 3251 4050 participatione.
3291 3980 3426 4039 Cum
3465 3999 3567 4038 au-

1981 4072 2087 4118 tem
2136 4067 2424 4136 Ancyrana
2483 4067 2745 4137 synodus,
2802 4079 2859 4124 et
2917 4083 3305 4128 sacrosanctus
3358 4084 3566 4147 martyr

1982 4156 2184 4210 Petrus
2234 4169 2484 4213 extremo
2530 4160 3120 4218 excommunicationis
3166 4165 3436 4234 supplicio
3473 4184 3541 4223 ne

1988 4250 2190 4302 minem
2226 4249 2541 4316 subjiciaut,
2573 4261 2630 4306 et
2659 4255 2915 4322 praesenti
2949 4255 3143 4309 canoni
3177 4258 3342 4311 veluti
3372 4258 3568 4316 adver-

1982 4350 2197 4405 sentur,
2258 4342 2344 4396 dic
2400 4341 2543 4411 quod
2593 4341 2787 4399 Patres
2840 4353 3154 4403 statuerunt
3209 4362 3401 4418 poenas
3450 4351 3567 4406 suis

1978 4432 2316 4523 temporibus
2363 4434 2769 4491 convenientes.
2805 4436 2917 4507 Qui
2940 4441 3083 4494 enim
3113 4451 3273 4495 erant
3303 4444 3564 4512 tempori-

287 4539 390 4592 μια
423 4523 559 4593 πρὸς
607 4524 735 4586 τοὺς
776 4523 940 4586 ἰδίους
966 4525 1215 4594 καιρούς.
1249 4523 1313 4575 Ol.
1343 4523 1445 4592 μέν
1488 4525 1598 4595 γὰρ
1636 4520 1778 4594 ἦσαν
1809 4528 1867 4580 ἐν

1987 4520 2078 4579 bus
2141 4525 2550 4580 vehementium
2604 4531 3068 4597 persecutionum,
3119 4533 3343 4602 quando
3395 4541 3562 4591 etiam

282 4617 501 4685 καιροῖς
527 4615 775 4688 σφοδρῶν
803 4615 1083 4685 διωγμῶν,
1117 4616 1209 4669 ὅτε
1254 4614 1350 4668 καὶ
1395 4617 1428 4687 η
1468 4616 1653 4679 πίστις
1697 4619 1870 4689 ἀστή-

282 4723 469 4776 ρικτος
497 4702 587 4777 ἦν,
621 4707 716 4759 καὶ
759 4707 850 4760 διά
878 4708 1036 4760 τοῦτο
1063 4710 1181 4769 τοῖς
1212 4711 1636 4777 παραπίπτουσι
1669 4724 1864 4779 μετρι-

276 4793 488 4866 ώτερον
540 4799 967 4868 προσεφέροντο,
1030 4796 1566 4865 συγκαταόαίνοντες
1630 4797 1723 4851 διὰ
1768 4798 1867 4869 τὴν

280 4888 535 4959 ἀνάγκην
590 4889 699 4941 τῶν
733 4888 1018 4942 διωκτῶνν
1048 4892 1077 4943 ὁ
1119 4889 1177 4941 δε
1237 4889 1414 4959 μέγας
1462 4889 1770 4954 Βασίλειος,
1807 4892 1867 4943 ἐν

278 4980 467 5049 καιρῷ
514 4982 799 5052 τυγχάνων
841 4982 932 5035 ὅτε
985 4982 1019 5052 ὴ
1055 4982 1235 5044 πίστις
1278 4981 1595 5047 ἐπλατύνθη
1645 4981 1741 5033 καὶ⁵
1777 4981 1870 5051 βε-

278 5070 546 5143 σαιοτέρα
571 5076 812 5141 ἐγένετο,
839 5073 1202 5145 σφοδρότερον
1229 5074 1604 5143 προσεφέρετο
1628 5076 1740 5135 τοῖς
1768 5074 1871 5144 ἀρ-

275 5181 573 5235 νουμενοις
601 5166 703 5236 τὴν
731 5167 939 5223 πίστιν.
999 5165 1071 5219 Ἦ
1125 5166 1247 5219 εἰπέ
1291 5166 1375 5219 ὅτι
1405 5165 1456 5217 οί
1489 5166 1591 5235 μὲν
1627 5165 1869 5234 Πατέρες

274 5256 600 5322 διετάξαντο
633 5258 762 5326 περὶ
792 5257 902 5310 τῶν
935 5258 1079 5311 κατά
1101 5255 1225 5327 βίαν
1250 5260 1585 5327 τυραννικὴν
1622 5261 1869 5329 ἀρνησα-

283 5350 472 5422 μένων
500 5352 592 5406 τὸν
621 5352 883 5422 Χριστὸν,
941 5352 1038 5404 καὶ
1079 5350 1172 5403 διὰ.
1231 5348 1392 5402 τοῦτο
1440 5347 1766 5419 κουφίζουσι
1803 5349 1871 5404 τὰ

276 5446 578 5515 ἐπιτίμιαο
618 5449 648 5502 ὁ
693 5447 751 5501 δὲ
786 5445 975 5516 παρὼν
998 5443 1180 5500 κανὼν
1214 5442 1564 5525 διατάττεται
1606 5443 1730 5514 περὶ
1761 5443 1871 5496 τῶν

273 5538 554 5601 ἑκουσίως
587 5536 683 5591 καὶ
714 5536 884 5607 χωρὶς
910 5537 1160 5607 ἀνάγκης
1179 5535 1325 5599 τινὸς
1353 5537 1752 5605 ἀρνησαμένων
1778 5536 1874 5589 τὸν

272 5628 546 5701 Χριστὸν,
579 5629 675 5684 καὶ
693 5628 786 5683 διὰ
819 5628 979 5684 τοῦτο
1018 5628 1247 5700 βαρεῖαν
1275 5626 1502 5680 κόλασιν
1541 5626 1741 5696 ἐπάγει
1770 5627 1868 5681 αὑ-

272 5725 425 5784 τοῖς.
454 5723 529 5776 Τὸ
559 5722 619 5778 δέ
649 5720 1006 5793 προσκλαίειν
1034 5722 1261 5785 τούτους
1297 5725 1393 5775 καὶ
1424 5719 1869 5792 ἐξομολογεῖσθαι

271 5810 357 5870 δι’
381 5812 510 5880 ὅλης
528 5813 632 5883 τῆς
669 5813 879 5877 οἰκείας
906 5814 1049 5883 ζωῆς
1073 5810 1296 5880 λέγουσί
1316 5829 1460 5878 τινες
1492 5813 1570 5885 μὴ
1592 5812 1870 5885 ἐκλαμοά-

672 5906 947 5970 Ρηιοι..
985 5909 1103 5970 Cm.
1152 5906 1537 5970 CXXXVIII.

1975 4613 2110 4672 ﬁdes
2150 4631 2259 4672 non
2303 4629 2424 4673 erat
2465 4617 2625 4673 valde
2658 4621 2890 4689 stabilis,
2925 4631 2982 4676 et
3024 4635 3315 4693 prapterea
3360 4626 3414 4680 in
3467 4642 3563 4682 eos

1974 4707 2071 4775 qui
2125 4706 2471 4774 labebantur,
2517 4724 2576 4765 se
2625 4711 2813 4766 mitius
2856 4714 3139 4782 gerebant,
3190 4730 3296 4769 una
3329 4717 3560 4772 condes-

1978 4798 2275 4854 cemleutes
2309 4811 2531 4869 promer
2566 4813 2970 4871 persecuturum
3012 4807 3419 4863 necessitatem.
3450 4810 3563 4866 Ma-

1975 4904 2114 4960 gnus
2140 4899 2317 4945 autem
2367 4891 2600 4949 Basilius
2647 4895 2739 4963 qui
2768 4905 2888 4950 erat
2915 4912 2982 4951 eo
3010 4904 3255 4967 tempore
3284 4915 3393 4970 quo
3424 4900 3560 4957 ﬁdes

1976 4977 2199 5032 dilatata
2256 4981 2573 5052 ﬁrmiorque
2610 4982 2752 5038 facta
2794 4996 2899 5051 est,
2941 4985 3045 5043 fuit
3083 4990 3460 5048 vehementior
3502 4995 3558 5049 in

1975 5082 2071 5123 eos
2108 5070 2202 5139 qui
2240 5069 2400 5126 ﬁdem
2455 5074 2745 5145 negabant.
2778 5075 2874 5132 Vel
2907 5078 2994 5133 dic
3038 5081 3183 5150 quod
3215 5078 3405 5137 Patres
3436 5087 3559 5154 qui-

1977 5164 2099 5215 dem
2159 5162 2231 5218 de
2284 5164 2352 5220 iis
2405 5177 2715 5223 statuerunt
2765 5168 2860 5241 qui
2910 5184 3007 5239 per
3055 5172 3165 5228 vim
3220 5177 3558 5246 tyrannicam

1973 5253 2252 5312 Christum
2303 5272 2595 5331 negarunt,
2628 5271 2683 5319 et
2728 5264 2849 5321 ideo
2881 5281 3071 5336 poenas
3118 5268 3384 5338 mitigant.
3413 5273 3559 5329 Pra-

1975 5363 2106 5405 sens
2154 5363 2336 5408 antem
2384 5370 2557 5410 canon
2606 5356 2673 5410 de
2712 5358 2782 5413 iis
2813 5360 3058 5415 decernit
3082 5362 3175 5432 qui
3203 5376 3303 5418 sua
3344 5375 3556 5432 sponte.

1974 5449 2030 5496 et
2059 5443 2177 5497 sine
2214 5444 2393 5516 alqua
2440 5448 2765 5504 necessitate
2806 5448 3087 5507 Christum
3115 5467 3469 5522 negaverunt,
3504 5462 3559 5510 et

1978 5547 2271 5609 propterea
2319 5555 2538 5609 gravem
2577 5542 2691 5603 iﬂis
2737 5558 2954 5614 pmnam
2982 5544 3198 5602 inﬂixit.
3226 5547 3351 5603 Illos
3374 5552 3553 5612 autem

1976 5628 2196 5697 deﬂere,
2235 5638 2296 5686 et
2331 5645 2428 5700 per
2478 5641 2647 5688 totam
2687 5635 2855 5691 vitam
2901 5636 3171 5707 conﬁteri,
3208 5638 3396 5693 dicunt
3416 5638 3558 5707 don-

1977 5720 2113 5775 nulli
2145 5737 2251 5777 non
2280 5722 2454 5794 accipi
2483 5723 2551 5778 ad
2581 5724 2683 5780 hoc
2711 5736 2767 5780 ut
2807 5737 3080 5796 ponantur
3109 5702 3165 5782 in
3207 5728 3327 5783 loco
3348 5702 3553 5784 deder)?

1976 5813 2111 5868 tium
2132 5826 2147 5866 :
2171 5811 2286 5870 llos
2305 5815 2473 5884 enim,
2498 5814 2766 5887 inquiunt,
2793 5827 2869 5874 est
2901 5832 2930 5873 ο
2953 5818 3127 5875 sancti
3157 5806 3551 5885 miserlcdrdis,

3133 5908 3213 5971 Ἀ
