  <div class='ocr_page' id='page_1' title='image "/cluster/home/n/w/nwhite01/storage/ocr_20150623/138:no.2/coo.31924054870435/397.png"; bbox 0 0 4008 6396; ppageno 0'>
   <div class='ocr_carea' id='block_1_1' title="bbox 475 290 2058 392">
    <p class='ocr_par' dir='ltr' id='par_1_1' title="bbox 475 320 2058 390">
     <span class='ocr_line' id='line_1_1' title="bbox 475 320 2058 390; baseline -0.002 -2"><span class='ocrx_word' id='word_1_1' title='bbox 475 326 582 390; x_wconf 76' lang='lat'><strong>779</strong></span> <span class='ocrx_word' id='word_1_2' title='bbox 1727 320 2002 388; x_wconf 75' lang='lat' dir='ltr'><strong>THEOD.</strong></span> <span class='ocrx_word' id='word_1_3' title='bbox 2047 325 2058 385; x_wconf 82' lang='lat' dir='ltr'><strong>i</strong></span> 
     </span>
    </p>
   </div>
   <div class='ocr_carea' id='block_1_2' title="bbox 2157 290 3740 392">
    <p class='ocr_par' dir='ltr' id='par_1_2' title="bbox 2157 290 3740 392">
     <span class='ocr_line' id='line_1_2' title="bbox 2157 290 3740 392; baseline 0.003 -8"><span class='ocrx_word' id='word_1_4' title='bbox 2157 325 2446 387; x_wconf 77' lang='lat' dir='ltr'><strong>LSAMON</strong></span> <span class='ocrx_word' id='word_1_5' title='bbox 2776 290 2781 295; x_wconf 68' lang='grc'><strong>’</strong></span> <span class='ocrx_word' id='word_1_6' title='bbox 3617 324 3740 392; x_wconf 72' lang='lat'><strong>730</strong></span> 
     </span>
    </p>
   </div>
   <div class='ocr_carea' id='block_1_3' title="bbox 471 432 2054 506">
    <p class='ocr_par' dir='ltr' id='par_1_3' title="bbox 471 434 2036 506">
     <span class='ocr_line' id='line_1_3' title="bbox 471 434 2036 506; baseline -0.001 -16"><span class='ocrx_word' id='word_1_7' title='bbox 471 445 525 490; x_wconf 80' lang='lat' dir='ltr'><strong>ct</strong></span> <span class='ocrx_word' id='word_1_8' title='bbox 561 437 650 489; x_wconf 88' lang='lat' dir='ltr'><strong>Del</strong></span> <span class='ocrx_word' id='word_1_9' title='bbox 685 434 997 502; x_wconf 85' lang='lat' dir='ltr'><strong>clementia,</strong></span> <span class='ocrx_word' id='word_1_10' title='bbox 1029 447 1147 504; x_wconf 73' lang='lat' dir='ltr'><strong>quae</strong></span> <span class='ocrx_word' id='word_1_11' title='bbox 1173 434 1342 491; x_wconf 89' lang='lat' dir='ltr'><strong>vincit</strong></span> <span class='ocrx_word' id='word_1_12' title='bbox 1371 449 1530 491; x_wconf 89' lang='lat' dir='ltr'><strong>omne</strong></span> <span class='ocrx_word' id='word_1_13' title='bbox 1570 445 1873 506; x_wconf 86' lang='lat' dir='ltr'><strong>peccatum,</strong></span> <span class='ocrx_word' id='word_1_14' title='bbox 1902 434 2036 488; x_wconf 88' lang='lat' dir='ltr'><strong>alie-</strong></span> 
     </span>
    </p>
   </div>
   <div class='ocr_carea' id='block_1_4' title="bbox 2159 432 3742 506">
    <p class='ocr_par' dir='ltr' id='par_1_4' title="bbox 2159 432 3742 500">
     <span class='ocr_line' id='line_1_4' title="bbox 2159 432 3742 500; baseline 0 -12"><span class='ocrx_word' id='word_1_15' title='bbox 2159 435 2328 490; x_wconf 76' lang='grc' dir='ltr'>νεσθαι</span> <span class='ocrx_word' id='word_1_16' title='bbox 2355 439 2436 499; x_wconf 83' lang='grc' dir='ltr'><strong>είς</strong></span> <span class='ocrx_word' id='word_1_17' title='bbox 2463 435 2525 488; x_wconf 77' lang='grc' dir='ltr'>τὸ</span> <span class='ocrx_word' id='word_1_18' title='bbox 2548 435 2800 490; x_wconf 75' lang='grc' dir='ltr'><strong>ἵστασθαι</strong></span> <span class='ocrx_word' id='word_1_19' title='bbox 2833 434 3031 500; x_wconf 72' lang='grc' dir='ltr'>αὐτοὺς</span> <span class='ocrx_word' id='word_1_20' title='bbox 3063 433 3158 488; x_wconf 72' lang='grc' dir='ltr'><strong>καὶ¹</strong></span> <span class='ocrx_word' id='word_1_21' title='bbox 3191 433 3271 497; x_wconf 79' lang='grc' dir='ltr'><strong>είς</strong></span> <span class='ocrx_word' id='word_1_22' title='bbox 3301 432 3392 486; x_wconf 81' lang='grc' dir='ltr'><strong>τὸν</strong></span> <span class='ocrx_word' id='word_1_23' title='bbox 3419 432 3586 486; x_wconf 88' lang='grc' dir='ltr'>τόπον</span> <span class='ocrx_word' id='word_1_24' title='bbox 3614 432 3742 488; x_wconf 79' lang='grc' dir='ltr'>τῶν</span> 
     </span>
    </p>
   </div>
   <div class='ocr_carea' id='block_1_5' title="bbox 474 524 2057 602">
    <p class='ocr_par' dir='ltr' id='par_1_5' title="bbox 474 529 2046 602">
     <span class='ocr_line' id='line_1_5' title="bbox 474 529 2046 602; baseline 0.003 -22"><span class='ocrx_word' id='word_1_25' title='bbox 474 538 634 593; x_wconf 81' lang='lat' dir='ltr'><strong>num;</strong></span> <span class='ocrx_word' id='word_1_26' title='bbox 686 529 808 584; x_wconf 91' lang='lat' dir='ltr'><strong>ideo</strong></span> <span class='ocrx_word' id='word_1_27' title='bbox 842 531 1024 586; x_wconf 88' lang='lat' dir='ltr'><strong>volunt</strong></span> <span class='ocrx_word' id='word_1_28' title='bbox 1055 547 1148 588; x_wconf 89' lang='lat' dir='ltr'><strong>eos</strong></span> <span class='ocrx_word' id='word_1_29' title='bbox 1174 531 1391 602; x_wconf 87' lang='lat' dir='ltr'><strong>quidem</strong></span> <span class='ocrx_word' id='word_1_30' title='bbox 1424 531 1644 598; x_wconf 82' lang='lat' dir='ltr'><strong>deﬂere,</strong></span> <span class='ocrx_word' id='word_1_31' title='bbox 1684 543 1736 586; x_wconf 91' lang='lat' dir='ltr'><strong>et</strong></span> <span class='ocrx_word' id='word_1_32' title='bbox 1763 540 2046 601; x_wconf 89' lang='lat' dir='ltr'><strong>peccatum</strong></span> 
     </span>
    </p>
   </div>
   <div class='ocr_carea' id='block_1_6' title="bbox 2156 524 3739 602">
    <p class='ocr_par' dir='ltr' id='par_1_6' title="bbox 2156 524 3739 600">
     <span class='ocr_line' id='line_1_6' title="bbox 2156 524 3739 600; baseline -0.001 -20"><span class='ocrx_word' id='word_1_33' title='bbox 2156 529 2616 598; x_wconf 86' lang='grc' dir='ltr'>προσκλαιόντων.</span> <span class='ocrx_word' id='word_1_34' title='bbox 2657 527 2829 582; x_wconf 81' lang='grc' dir='ltr'>Τοῦτο</span> <span class='ocrx_word' id='word_1_35' title='bbox 2853 529 2983 600; x_wconf 81' lang='grc' dir='ltr'>γὰρ,</span> <span class='ocrx_word' id='word_1_36' title='bbox 3013 529 3199 600; x_wconf 79' lang='grc' dir='ltr'>φησὶν,</span> <span class='ocrx_word' id='word_1_37' title='bbox 3241 524 3347 592; x_wconf 76' lang='grc' dir='ltr'><strong>ἔξω</strong></span> <span class='ocrx_word' id='word_1_38' title='bbox 3377 526 3476 595; x_wconf 80' lang='grc' dir='ltr'>τῆς</span> <span class='ocrx_word' id='word_1_39' title='bbox 3502 543 3739 596; x_wconf 84' lang='grc' dir='ltr'>συμπα-</span> 
     </span>
    </p>
   </div>
   <div class='ocr_carea' id='block_1_7' title="bbox 474 617 2057 695">
    <p class='ocr_par' dir='ltr' id='par_1_7' title="bbox 474 619 2042 695">
     <span class='ocr_line' id='line_1_7' title="bbox 474 619 2042 695; baseline 0.004 -28"><span class='ocrx_word' id='word_1_40' title='bbox 474 619 726 676; x_wconf 71' lang='lat' dir='ltr'><strong>conﬁteri</strong></span> <span class='ocrx_word' id='word_1_41' title='bbox 785 631 898 677; x_wconf 91' lang='lat' dir='ltr'><strong>toto</strong></span> <span class='ocrx_word' id='word_1_42' title='bbox 953 625 1072 679; x_wconf 72' lang='lat' dir='ltr'><strong>vita:</strong></span> <span class='ocrx_word' id='word_1_43' title='bbox 1127 635 1391 695; x_wconf 86' lang='lat' dir='ltr'><strong>tempore,</strong></span> <span class='ocrx_word' id='word_1_44' title='bbox 1449 626 1544 680; x_wconf 89' lang='lat' dir='ltr'><strong>sed</strong></span> <span class='ocrx_word' id='word_1_45' title='bbox 1595 624 1710 678; x_wconf 83' lang='lat' dir='ltr'><strong>loca</strong></span> <span class='ocrx_word' id='word_1_46' title='bbox 1758 637 2042 694; x_wconf 62' lang='lat' dir='ltr'><strong>plenarum</strong></span> 
     </span>
    </p>
   </div>
   <div class='ocr_carea' id='block_1_8' title="bbox 2149 617 3732 695">
    <p class='ocr_par' dir='ltr' id='par_1_8' title="bbox 2149 617 3732 690">
     <span class='ocr_line' id='line_1_8' title="bbox 2149 617 3732 690; baseline 0 -19"><span class='ocrx_word' id='word_1_47' title='bbox 2149 618 2298 682; x_wconf 83' lang='grc' dir='ltr'>θείας</span> <span class='ocrx_word' id='word_1_48' title='bbox 2329 621 2444 672; x_wconf 77' lang='grc' dir='ltr'>ἐστὶ</span> <span class='ocrx_word' id='word_1_49' title='bbox 2493 619 2586 672; x_wconf 77' lang='grc' dir='ltr'>τοῦ</span> <span class='ocrx_word' id='word_1_50' title='bbox 2626 621 2784 687; x_wconf 81' lang='grc' dir='ltr'>ἁγίου</span> <span class='ocrx_word' id='word_1_51' title='bbox 2833 620 2927 674; x_wconf 77' lang='grc' dir='ltr'>καὶ</span> <span class='ocrx_word' id='word_1_52' title='bbox 2957 622 3055 690; x_wconf 84' lang='grc' dir='ltr'><strong>τῆς</strong></span> <span class='ocrx_word' id='word_1_53' title='bbox 3101 619 3195 672; x_wconf 79' lang='grc' dir='ltr'><strong>τοῦ</strong></span> <span class='ocrx_word' id='word_1_54' title='bbox 3228 617 3364 671; x_wconf 79' lang='grc' dir='ltr'>Θεοῦ</span> <span class='ocrx_word' id='word_1_55' title='bbox 3411 618 3732 688; x_wconf 83' lang='grc' dir='ltr'>φιλανθρω-</span> 
     </span>
    </p>
   </div>
   <div class='ocr_carea' id='block_1_9' title="bbox 473 709 2056 785">
    <p class='ocr_par' dir='ltr' id='par_1_9' title="bbox 473 713 2036 785">
     <span class='ocr_line' id='line_1_9' title="bbox 473 713 2036 785; baseline 0.004 -25"><span class='ocrx_word' id='word_1_56' title='bbox 473 723 765 778; x_wconf 78' lang='lat' dir='ltr'><strong>peragrare</strong></span> <span class='ocrx_word' id='word_1_57' title='bbox 818 715 1116 768; x_wconf 89' lang='lat' dir='ltr'><strong>secundum</strong></span> <span class='ocrx_word' id='word_1_58' title='bbox 1174 730 1416 770; x_wconf 90' lang='lat' dir='ltr'><strong>canones</strong></span> <span class='ocrx_word' id='word_1_59' title='bbox 1466 715 1766 785; x_wconf 71' lang='lat' dir='ltr'><strong>Ancyranm</strong></span> <span class='ocrx_word' id='word_1_60' title='bbox 1820 713 2036 785; x_wconf 85' lang='lat' dir='ltr'><strong>synodi.</strong></span> 
     </span>
    </p>
   </div>
   <div class='ocr_carea' id='block_1_10' title="bbox 2158 709 3741 785">
    <p class='ocr_par' dir='ltr' id='par_1_10' title="bbox 2158 709 3741 782">
     <span class='ocr_line' id='line_1_10' title="bbox 2158 709 3741 782; baseline -0.002 -18"><span class='ocrx_word' id='word_1_61' title='bbox 2158 710 2278 773; x_wconf 89' lang='grc' dir='ltr'>πίας</span> <span class='ocrx_word' id='word_1_62' title='bbox 2303 712 2399 779; x_wconf 87' lang='grc' dir='ltr'><strong>τῆς</strong></span> <span class='ocrx_word' id='word_1_63' title='bbox 2430 711 2671 782; x_wconf 76' lang='grc' dir='ltr'><strong>νικώσης</strong></span> <span class='ocrx_word' id='word_1_64' title='bbox 2703 713 2885 766; x_wconf 81' lang='grc' dir='ltr'>πᾶσαν</span> <span class='ocrx_word' id='word_1_65' title='bbox 2913 710 3189 781; x_wconf 82' lang='grc' dir='ltr'><strong>ἁμαρτίαν</strong></span> <span class='ocrx_word' id='word_1_66' title='bbox 3209 728 3224 744; x_wconf 78' lang='grc' dir='ltr'><strong><em>ο</em></strong></span> <span class='ocrx_word' id='word_1_67' title='bbox 3257 710 3338 763; x_wconf 78' lang='grc' dir='ltr'>διὸ</span> <span class='ocrx_word' id='word_1_68' title='bbox 3379 711 3478 764; x_wconf 77' lang='grc' dir='ltr'>καὶ</span> <span class='ocrx_word' id='word_1_69' title='bbox 3504 709 3741 774; x_wconf 73' lang='grc' dir='ltr'>ἀξοῦσι</span> 
     </span>
    </p>
   </div>
   <div class='ocr_carea' id='block_1_11' title="bbox 475 797 2058 875">
    <p class='ocr_par' dir='ltr' id='par_1_11' title="bbox 475 797 2040 875">
     <span class='ocr_line' id='line_1_11' title="bbox 475 797 2040 875; baseline 0.003 -23"><span class='ocrx_word' id='word_1_70' title='bbox 475 797 581 852; x_wconf 91' lang='lat' dir='ltr'><strong>Sed</strong></span> <span class='ocrx_word' id='word_1_71' title='bbox 624 813 1091 858; x_wconf 76' lang='lat' dir='ltr'><strong>sacramentorum</strong></span> <span class='ocrx_word' id='word_1_72' title='bbox 1124 806 1508 861; x_wconf 88' lang='lat' dir='ltr'><strong>communione</strong></span> <span class='ocrx_word' id='word_1_73' title='bbox 1543 806 1687 875; x_wconf 81' lang='lat' dir='ltr'><strong>digni</strong></span> <span class='ocrx_word' id='word_1_74' title='bbox 1719 821 1825 859; x_wconf 91' lang='lat' dir='ltr'><strong>non</strong></span> <span class='ocrx_word' id='word_1_75' title='bbox 1845 805 2040 858; x_wconf 71' lang='lat' dir='ltr'><strong>diabe-</strong></span> 
     </span>
    </p>
   </div>
   <div class='ocr_carea' id='block_1_12' title="bbox 2160 797 3743 875">
    <p class='ocr_par' dir='ltr' id='par_1_12' title="bbox 2160 799 3743 872">
     <span class='ocr_line' id='line_1_12' title="bbox 2160 799 3743 872; baseline 0 -19"><span class='ocrx_word' id='word_1_76' title='bbox 2160 803 2499 872; x_wconf 78' lang='grc' dir='ltr'>προσκλαίειν</span> <span class='ocrx_word' id='word_1_77' title='bbox 2563 803 2662 871; x_wconf 82' lang='grc' dir='ltr'><strong>μὲν</strong></span> <span class='ocrx_word' id='word_1_78' title='bbox 2712 803 2958 866; x_wconf 84' lang='grc' dir='ltr'>τούτους,</span> <span class='ocrx_word' id='word_1_79' title='bbox 3025 806 3117 856; x_wconf 75' lang='grc' dir='ltr'><strong>καὶ</strong></span> <span class='ocrx_word' id='word_1_80' title='bbox 3162 799 3610 870; x_wconf 78' lang='grc' dir='ltr'><strong>ἐξομολογεῖσθαι</strong></span> <span class='ocrx_word' id='word_1_81' title='bbox 3675 801 3743 854; x_wconf 84' lang='grc' dir='ltr'><strong>τὸ</strong></span> 
     </span>
    </p>
   </div>
   <div class='ocr_carea' id='block_1_13' title="bbox 472 888 2055 975">
    <p class='ocr_par' dir='ltr' id='par_1_13' title="bbox 472 888 2038 966">
     <span class='ocr_line' id='line_1_13' title="bbox 472 888 2038 966; baseline 0.004 -25"><span class='ocrx_word' id='word_1_82' title='bbox 472 888 695 956; x_wconf 85' lang='lat' dir='ltr'><strong>buntur,</strong></span> <span class='ocrx_word' id='word_1_83' title='bbox 751 895 854 947; x_wconf 89' lang='lat' dir='ltr'><strong>nisi</strong></span> <span class='ocrx_word' id='word_1_84' title='bbox 903 895 958 948; x_wconf 92' lang='lat' dir='ltr'><strong>in</strong></span> <span class='ocrx_word' id='word_1_85' title='bbox 1008 907 1252 951; x_wconf 82' lang='lat' dir='ltr'><strong>extrema</strong></span> <span class='ocrx_word' id='word_1_86' title='bbox 1305 896 1684 966; x_wconf 87' lang='lat' dir='ltr'><strong>respiratione.</strong></span> <span class='ocrx_word' id='word_1_87' title='bbox 1740 893 1803 948; x_wconf 82' lang='lat' dir='ltr'><strong>Ei</strong></span> <span class='ocrx_word' id='word_1_88' title='bbox 1857 904 2038 948; x_wconf 91' lang='lat' dir='ltr'><strong>autem</strong></span> 
     </span>
    </p>
   </div>
   <div class='ocr_carea' id='block_1_14' title="bbox 2163 888 3746 975">
    <p class='ocr_par' dir='ltr' id='par_1_14' title="bbox 2163 893 3746 965">
     <span class='ocr_line' id='line_1_14' title="bbox 2163 893 3746 965; baseline -0.002 -19"><span class='ocrx_word' id='word_1_89' title='bbox 2163 894 2453 964; x_wconf 67' lang='grc' dir='ltr'>ὶμάρτημα</span> <span class='ocrx_word' id='word_1_90' title='bbox 2500 895 2568 948; x_wconf 88' lang='grc' dir='ltr'>δι’</span> <span class='ocrx_word' id='word_1_91' title='bbox 2594 895 2720 965; x_wconf 81' lang='grc' dir='ltr'>ὅλης</span> <span class='ocrx_word' id='word_1_92' title='bbox 2753 896 2850 962; x_wconf 80' lang='grc' dir='ltr'>τῆς</span> <span class='ocrx_word' id='word_1_93' title='bbox 2879 894 3090 958; x_wconf 88' lang='grc' dir='ltr'>οίκείας</span> <span class='ocrx_word' id='word_1_94' title='bbox 3128 893 3300 962; x_wconf 76' lang='grc' dir='ltr'>ζωῆς,</span> <span class='ocrx_word' id='word_1_95' title='bbox 3356 893 3483 954; x_wconf 77' lang='grc' dir='ltr'>τοὺς</span> <span class='ocrx_word' id='word_1_96' title='bbox 3525 893 3746 954; x_wconf 80' lang='grc' dir='ltr'>τόπους</span> 
     </span>
    </p>
   </div>
   <div class='ocr_carea' id='block_1_15' title="bbox 471 984 2054 1058">
    <p class='ocr_par' dir='ltr' id='par_1_15' title="bbox 471 985 2040 1058">
     <span class='ocr_line' id='line_1_15' title="bbox 471 985 2040 1058; baseline 0.002 -21"><span class='ocrx_word' id='word_1_97' title='bbox 471 987 756 1040; x_wconf 70' lang='lat' dir='ltr'><strong>sententia:</strong></span> <span class='ocrx_word' id='word_1_98' title='bbox 792 989 1064 1042; x_wconf 86' lang='lat' dir='ltr'><strong>assentior</strong></span> <span class='ocrx_word' id='word_1_99' title='bbox 1095 997 1148 1043; x_wconf 89' lang='lat' dir='ltr'><strong>et</strong></span> <span class='ocrx_word' id='word_1_100' title='bbox 1182 989 1318 1058; x_wconf 88' lang='lat' dir='ltr'><strong>ipse,</strong></span> <span class='ocrx_word' id='word_1_101' title='bbox 1355 998 1415 1042; x_wconf 89' lang='lat' dir='ltr'><strong>ut</strong></span> <span class='ocrx_word' id='word_1_102' title='bbox 1440 986 1768 1052; x_wconf 91' lang='lat' dir='ltr'><strong>humaniori,</strong></span> <span class='ocrx_word' id='word_1_103' title='bbox 1815 996 1870 1041; x_wconf 91' lang='lat' dir='ltr'><strong>et</strong></span> <span class='ocrx_word' id='word_1_104' title='bbox 1899 985 2040 1053; x_wconf 89' lang='lat' dir='ltr'><strong>quod</strong></span> 
     </span>
    </p>
   </div>
   <div class='ocr_carea' id='block_1_16' title="bbox 2163 984 3746 1058">
    <p class='ocr_par' dir='ltr' id='par_1_16' title="bbox 2163 984 3746 1055">
     <span class='ocr_line' id='line_1_16' title="bbox 2163 984 3746 1055; baseline -0.003 -17"><span class='ocrx_word' id='word_1_105' title='bbox 2163 985 2200 1038; x_wconf 69' lang='lat' dir='ltr'><strong>5’s</strong></span> <span class='ocrx_word' id='word_1_106' title='bbox 2230 987 2341 1037; x_wconf 82' lang='grc' dir='ltr'>τῶν</span> <span class='ocrx_word' id='word_1_107' title='bbox 2369 985 2664 1055; x_wconf 72' lang='grc' dir='ltr'><strong>ἐπιτιμίων</strong></span> <span class='ocrx_word' id='word_1_108' title='bbox 2707 987 2892 1040; x_wconf 81' lang='grc' dir='ltr'><strong>ἀνύειν</strong></span> <span class='ocrx_word' id='word_1_109' title='bbox 2924 987 3067 1039; x_wconf 84' lang='grc' dir='ltr'>κατὰ</span> <span class='ocrx_word' id='word_1_110' title='bbox 3094 986 3222 1048; x_wconf 72' lang='grc' dir='ltr'>τοὺς</span> <span class='ocrx_word' id='word_1_111' title='bbox 3251 986 3487 1046; x_wconf 82' lang='grc' dir='ltr'>κανόνας</span> <span class='ocrx_word' id='word_1_112' title='bbox 3525 984 3629 1053; x_wconf 64' lang='grc' dir='ltr'>τῆς</span> <span class='ocrx_word' id='word_1_113' title='bbox 3679 984 3746 1034; x_wconf 80' lang='grc' dir='ltr'><strong>ὲν</strong></span> 
     </span>
    </p>
   </div>
   <div class='ocr_carea' id='block_1_17' title="bbox 429 1074 2012 1157">
    <p class='ocr_par' dir='ltr' id='par_1_17' title="bbox 429 1077 2012 1148">
     <span class='ocr_line' id='line_1_17' title="bbox 429 1077 2012 1148; baseline 0.001 -19"><span class='ocrx_word' id='word_1_114' title='bbox 429 1127 434 1129; x_wconf 89' lang='lat'>_</span> <span class='ocrx_word' id='word_1_115' title='bbox 475 1089 574 1129; x_wconf 88' lang='lat' dir='ltr'><strong>nec</strong></span> <span class='ocrx_word' id='word_1_116' title='bbox 606 1078 780 1131; x_wconf 91' lang='lat' dir='ltr'><strong>sancti</strong></span> <span class='ocrx_word' id='word_1_117' title='bbox 809 1080 1026 1144; x_wconf 83' lang='lat' dir='ltr'><strong>quidem</strong></span> <span class='ocrx_word' id='word_1_118' title='bbox 1057 1079 1240 1134; x_wconf 85' lang='lat' dir='ltr'><strong>verbis</strong></span> <span class='ocrx_word' id='word_1_119' title='bbox 1271 1087 1496 1148; x_wconf 88' lang='lat' dir='ltr'><strong>apparet</strong></span> <span class='ocrx_word' id='word_1_120' title='bbox 1526 1093 1648 1133; x_wconf 91' lang='lat' dir='ltr'><strong>eum</strong></span> <span class='ocrx_word' id='word_1_121' title='bbox 1682 1078 1775 1147; x_wconf 89' lang='lat' dir='ltr'><strong>qui</strong></span> <span class='ocrx_word' id='word_1_122' title='bbox 1811 1077 1888 1131; x_wconf 88' lang='lat' dir='ltr'><strong>sic</strong></span> <span class='ocrx_word' id='word_1_123' title='bbox 1917 1090 2012 1146; x_wconf 86' lang='lat' dir='ltr'><strong>pec</strong></span> 
     </span>
    </p>
   </div>
   <div class='ocr_carea' id='block_1_18' title="bbox 2164 1074 3747 1157">
    <p class='ocr_par' dir='ltr' id='par_1_18' title="bbox 2164 1074 3747 1157">
     <span class='ocr_line' id='line_1_18' title="bbox 2164 1074 3747 1157; baseline -0.001 -29"><span class='ocrx_word' id='word_1_124' title='bbox 2164 1074 2405 1147; x_wconf 74' lang='grc' dir='ltr'>Ἀγκύρᾳ</span> <span class='ocrx_word' id='word_1_125' title='bbox 2472 1077 2726 1128; x_wconf 80' lang='grc' dir='ltr'><strong>συνόδου·</strong></span> <span class='ocrx_word' id='word_1_126' title='bbox 2781 1077 2885 1144; x_wconf 82' lang='grc' dir='ltr'>τῆς</span> <span class='ocrx_word' id='word_1_127' title='bbox 2951 1075 3138 1145; x_wconf 84' lang='grc' dir='ltr'>μέντοι</span> <span class='ocrx_word' id='word_1_128' title='bbox 3206 1074 3567 1157; x_wconf 68' lang='grc' dir='ltr'>μεταληψεως</span> <span class='ocrx_word' id='word_1_129' title='bbox 3620 1074 3747 1127; x_wconf 85' lang='grc' dir='ltr'>τῶν</span> 
     </span>
    </p>
   </div>
   <div class='ocr_carea' id='block_1_19' title="bbox 472 1166 2055 1240">
    <p class='ocr_par' dir='ltr' id='par_1_19' title="bbox 472 1166 1800 1240">
     <span class='ocr_line' id='line_1_19' title="bbox 472 1166 1800 1240; baseline 0.005 -23"><span class='ocrx_word' id='word_1_130' title='bbox 472 1166 617 1220; x_wconf 82' lang='lat' dir='ltr'><strong>cavit</strong></span> <span class='ocrx_word' id='word_1_131' title='bbox 648 1170 812 1222; x_wconf 85' lang='lat' dir='ltr'><strong>statui</strong></span> <span class='ocrx_word' id='word_1_132' title='bbox 841 1169 893 1222; x_wconf 92' lang='lat' dir='ltr'><strong>in</strong></span> <span class='ocrx_word' id='word_1_133' title='bbox 924 1169 1042 1225; x_wconf 92' lang='lat' dir='ltr'><strong>loco</strong></span> <span class='ocrx_word' id='word_1_134' title='bbox 1088 1181 1434 1240; x_wconf 87' lang='lat' dir='ltr'><strong>peccatorum</strong></span> <span class='ocrx_word' id='word_1_135' title='bbox 1467 1169 1800 1224; x_wconf 85' lang='lat' dir='ltr'><strong>deﬂentium.</strong></span> 
     </span>
    </p>
   </div>
   <div class='ocr_carea' id='block_1_20' title="bbox 2164 1166 3747 1240">
    <p class='ocr_par' dir='ltr' id='par_1_20' title="bbox 2164 1167 3747 1238">
     <span class='ocr_line' id='line_1_20' title="bbox 2164 1167 3747 1238; baseline -0.003 -17"><span class='ocrx_word' id='word_1_136' title='bbox 2164 1167 2513 1236; x_wconf 66' lang='grc' dir='ltr'>Ξγιασμάτων</span> <span class='ocrx_word' id='word_1_137' title='bbox 2539 1169 2642 1220; x_wconf 86' lang='grc' dir='ltr'><strong>ούκ</strong></span> <span class='ocrx_word' id='word_1_138' title='bbox 2671 1168 3073 1236; x_wconf 77' lang='grc' dir='ltr'>ἀξιωθήσονται</span> <span class='ocrx_word' id='word_1_139' title='bbox 3124 1169 3173 1220; x_wconf 88' lang='grc' dir='ltr'>εἰ</span> <span class='ocrx_word' id='word_1_140' title='bbox 3207 1168 3284 1238; x_wconf 84' lang='grc' dir='ltr'>μὴ</span> <span class='ocrx_word' id='word_1_141' title='bbox 3314 1169 3372 1218; x_wconf 85' lang='grc' dir='ltr'><strong>έν</strong></span> <span class='ocrx_word' id='word_1_142' title='bbox 3404 1169 3519 1229; x_wconf 72' lang='grc' dir='ltr'>ταῖς</span> <span class='ocrx_word' id='word_1_143' title='bbox 3546 1169 3747 1219; x_wconf 83' lang='grc' dir='ltr'>τελευ-</span> 
     </span>
    </p>
   </div>
   <div class='ocr_carea' id='block_1_21' title="bbox 467 1247 3753 1336">
    <p class='ocr_par' dir='ltr' id='par_1_21' title="bbox 467 1247 3753 1336">
     <span class='ocr_line' id='line_1_21' title="bbox 467 1247 3753 1336; baseline 0.001 -27"><span class='ocrx_word' id='word_1_144' title='bbox 467 1258 648 1322; x_wconf 79' lang='grc' dir='ltr'>ταίαις</span> <span class='ocrx_word' id='word_1_145' title='bbox 679 1263 999 1326; x_wconf 84' lang='grc' dir='ltr'>ἀναπνοαῖς.</span> <span class='ocrx_word' id='word_1_146' title='bbox 1045 1263 1230 1336; x_wconf 75' lang='grc' dir='ltr'>Ταύτῃ</span> <span class='ocrx_word' id='word_1_147' title='bbox 1250 1263 1306 1316; x_wconf 77' lang='grc' dir='ltr'>δὲ</span> <span class='ocrx_word' id='word_1_148' title='bbox 1349 1266 1415 1334; x_wconf 79' lang='grc' dir='ltr'>τῇ</span> <span class='ocrx_word' id='word_1_149' title='bbox 1462 1263 1657 1334; x_wconf 84' lang='grc' dir='ltr'>γνώμῃ</span> <span class='ocrx_word' id='word_1_150' title='bbox 1715 1259 2034 1330; x_wconf 77' lang='grc' dir='ltr'><strong>συντίθεμαι</strong></span> <span class='ocrx_word' id='word_1_151' title='bbox 2063 1258 2160 1313; x_wconf 73' lang='grc' dir='ltr'><strong>καὶ</strong></span> <span class='ocrx_word' id='word_1_152' title='bbox 2202 1257 2384 1324; x_wconf 75' lang='grc' dir='ltr'>αὐτὸς,</span> <span class='ocrx_word' id='word_1_153' title='bbox 2431 1257 2507 1321; x_wconf 72' lang='grc' dir='ltr'>ὡς</span> <span class='ocrx_word' id='word_1_154' title='bbox 2558 1259 3086 1329; x_wconf 67' lang='grc' dir='ltr'>φιλανθρωποτέρα,</span> <span class='ocrx_word' id='word_1_155' title='bbox 3159 1247 3254 1312; x_wconf 77' lang='grc' dir='ltr'><strong>καὶ</strong></span> <span class='ocrx_word' id='word_1_156' title='bbox 3310 1259 3392 1312; x_wconf 82' lang='grc' dir='ltr'><strong>ὅτι</strong></span> <span class='ocrx_word' id='word_1_157' title='bbox 3453 1259 3573 1311; x_wconf 75' lang='grc' dir='ltr'>οὐδὲ</span> <span class='ocrx_word' id='word_1_158' title='bbox 3625 1260 3753 1313; x_wconf 75' lang='grc' dir='ltr'>ἀπὸ</span> 
     </span>
    </p>
   </div>
   <div class='ocr_carea' id='block_1_22' title="bbox 468 1349 3751 1426">
    <p class='ocr_par' dir='ltr' id='par_1_22' title="bbox 468 1349 3751 1426">
     <span class='ocr_line' id='line_1_22' title="bbox 468 1349 3751 1426; baseline 0 -25"><span class='ocrx_word' id='word_1_159' title='bbox 468 1349 578 1402; x_wconf 86' lang='grc' dir='ltr'><strong>τῶν</strong></span> <span class='ocrx_word' id='word_1_160' title='bbox 613 1353 876 1422; x_wconf 81' lang='grc' dir='ltr'><strong>ῥημάτων</strong></span> <span class='ocrx_word' id='word_1_161' title='bbox 908 1354 1002 1409; x_wconf 81' lang='grc' dir='ltr'>τοῦ</span> <span class='ocrx_word' id='word_1_162' title='bbox 1054 1356 1214 1424; x_wconf 82' lang='grc' dir='ltr'>ἁγίου</span> <span class='ocrx_word' id='word_1_163' title='bbox 1252 1354 1612 1426; x_wconf 80' lang='grc' dir='ltr'>ἀναφαίνεται</span> <span class='ocrx_word' id='word_1_164' title='bbox 1677 1354 1740 1408; x_wconf 83' lang='grc' dir='ltr'><strong>τδ</strong></span> <span class='ocrx_word' id='word_1_165' title='bbox 1782 1351 2039 1408; x_wconf 76' lang='grc' dir='ltr'>ἵστασθαι</span> <span class='ocrx_word' id='word_1_166' title='bbox 2074 1351 2165 1405; x_wconf 81' lang='grc' dir='ltr'><strong>τὸν</strong></span> <span class='ocrx_word' id='word_1_167' title='bbox 2209 1349 2384 1414; x_wconf 73' lang='grc' dir='ltr'>οὕτως</span> <span class='ocrx_word' id='word_1_168' title='bbox 2444 1352 2805 1422; x_wconf 78' lang='grc' dir='ltr'>ἡμαρτηκότα</span> <span class='ocrx_word' id='word_1_169' title='bbox 2852 1352 2933 1414; x_wconf 82' lang='grc' dir='ltr'><strong>είς</strong></span> <span class='ocrx_word' id='word_1_170' title='bbox 3008 1354 3100 1404; x_wconf 79' lang='grc' dir='ltr'><strong>τὸν</strong></span> <span class='ocrx_word' id='word_1_171' title='bbox 3152 1355 3320 1406; x_wconf 84' lang='grc' dir='ltr'>τόπον</span> <span class='ocrx_word' id='word_1_172' title='bbox 3389 1351 3502 1404; x_wconf 82' lang='grc' dir='ltr'>τῶν</span> <span class='ocrx_word' id='word_1_173' title='bbox 3556 1367 3751 1425; x_wconf 76' lang='grc' dir='ltr'>προσ-</span> 
     </span>
    </p>
   </div>
   <div class='ocr_carea' id='block_1_23' title="bbox 470 1442 791 1500">
    <p class='ocr_par' dir='ltr' id='par_1_23' title="bbox 470 1442 791 1500">
     <span class='ocr_line' id='line_1_23' title="bbox 470 1442 791 1500; baseline 0.025 -8"><span class='ocrx_word' id='word_1_174' title='bbox 470 1442 791 1500; x_wconf 80' lang='grc' dir='ltr'><strong>κλαιόντων.</strong></span> 
     </span>
    </p>
   </div>
   <div class='ocr_carea' id='block_1_24' title="bbox 538 1535 2121 1611">
    <p class='ocr_par' dir='ltr' id='par_1_24' title="bbox 538 1538 2044 1611">
     <span class='ocr_line' id='line_1_24' title="bbox 538 1538 2044 1611; baseline 0.002 -17"><span class='ocrx_word' id='word_1_175' title='bbox 538 1538 793 1596; x_wconf 78' lang='lat' dir='ltr'><strong>ZONAB.</strong></span> <span class='ocrx_word' id='word_1_176' title='bbox 860 1540 962 1596; x_wconf 83' lang='lat' dir='ltr'><strong>llic</strong></span> <span class='ocrx_word' id='word_1_177' title='bbox 1022 1542 1237 1611; x_wconf 84' lang='lat' dir='ltr'><strong>quidem</strong></span> <span class='ocrx_word' id='word_1_178' title='bbox 1297 1543 1384 1598; x_wconf 87' lang='lat' dir='ltr'><strong>vir</strong></span> <span class='ocrx_word' id='word_1_179' title='bbox 1443 1552 1684 1607; x_wconf 83' lang='lat' dir='ltr'><strong>sanctus,</strong></span> <span class='ocrx_word' id='word_1_180' title='bbox 1751 1541 2044 1598; x_wconf 87' lang='lat' dir='ltr'><strong>indiscrete</strong></span> 
     </span>
    </p>
   </div>
   <div class='ocr_carea' id='block_1_25' title="bbox 2168 1535 3751 1611">
    <p class='ocr_par' dir='ltr' id='par_1_25' title="bbox 2223 1535 3751 1606">
     <span class='ocr_line' id='line_1_25' title="bbox 2223 1535 3751 1606; baseline -0.001 -14"><span class='ocrx_word' id='word_1_181' title='bbox 2223 1536 2469 1592; x_wconf 79' lang='lat' dir='ltr'><strong>ZQNAP.</strong></span> <span class='ocrx_word' id='word_1_182' title='bbox 2517 1537 2578 1590; x_wconf 81' lang='lat'>&#39;0</span> <span class='ocrx_word' id='word_1_183' title='bbox 2613 1535 2714 1605; x_wconf 86' lang='grc' dir='ltr'><strong>μὲν</strong></span> <span class='ocrx_word' id='word_1_184' title='bbox 2765 1537 2923 1606; x_wconf 78' lang='grc' dir='ltr'>ἅγιος</span> <span class='ocrx_word' id='word_1_185' title='bbox 2981 1553 3141 1600; x_wconf 74' lang='grc' dir='ltr'>ουτος</span> <span class='ocrx_word' id='word_1_186' title='bbox 3187 1537 3548 1600; x_wconf 85' lang='grc' dir='ltr'>ἀδιαστίκτως</span> <span class='ocrx_word' id='word_1_187' title='bbox 3589 1539 3751 1590; x_wconf 65' lang='lat' dir='ltr'><strong>stiv-</strong></span> 
     </span>
    </p>
   </div>
   <div class='ocr_carea' id='block_1_26' title="bbox 471 1630 2054 1702">
    <p class='ocr_par' dir='ltr' id='par_1_26' title="bbox 471 1631 2041 1702">
     <span class='ocr_line' id='line_1_26' title="bbox 471 1631 2041 1702; baseline 0.002 -18"><span class='ocrx_word' id='word_1_188' title='bbox 471 1645 662 1685; x_wconf 88' lang='lat' dir='ltr'><strong>omnes</strong></span> <span class='ocrx_word' id='word_1_189' title='bbox 709 1632 801 1702; x_wconf 89' lang='lat' dir='ltr'><strong>qui</strong></span> <span class='ocrx_word' id='word_1_190' title='bbox 847 1631 1322 1688; x_wconf 80' lang='lat' dir='ltr'><strong>Christianismum</strong></span> <span class='ocrx_word' id='word_1_191' title='bbox 1372 1641 1730 1702; x_wconf 85' lang='lat' dir='ltr'><strong>negaverunt,</strong></span> <span class='ocrx_word' id='word_1_192' title='bbox 1779 1643 1886 1687; x_wconf 91' lang='lat' dir='ltr'><strong>toto</strong></span> <span class='ocrx_word' id='word_1_193' title='bbox 1920 1634 2041 1687; x_wconf 86' lang='lat' dir='ltr'><strong>vitae</strong></span> 
     </span>
    </p>
   </div>
   <div class='ocr_carea' id='block_1_27' title="bbox 2164 1630 3747 1702">
    <p class='ocr_par' dir='ltr' id='par_1_27' title="bbox 2164 1630 3747 1701">
     <span class='ocr_line' id='line_1_27' title="bbox 2164 1630 3747 1701; baseline -0.001 -16"><span class='ocrx_word' id='word_1_194' title='bbox 2164 1650 2247 1696; x_wconf 73' lang='lat' dir='ltr'><strong>rat;</strong></span> <span class='ocrx_word' id='word_1_195' title='bbox 2269 1633 2398 1693; x_wconf 79' lang='grc' dir='ltr'>τοὺς</span> <span class='ocrx_word' id='word_1_196' title='bbox 2445 1630 2860 1700; x_wconf 80' lang='grc' dir='ltr'><strong>ἀρνησαμένους</strong></span> <span class='ocrx_word' id='word_1_197' title='bbox 2891 1631 2984 1682; x_wconf 82' lang='grc' dir='ltr'>τὸν</span> <span class='ocrx_word' id='word_1_198' title='bbox 3019 1631 3453 1700; x_wconf 85' lang='grc' dir='ltr'>Χριστιανισμδν</span> <span class='ocrx_word' id='word_1_199' title='bbox 3483 1631 3574 1685; x_wconf 77' lang='grc' dir='ltr'>διὰ</span> <span class='ocrx_word' id='word_1_200' title='bbox 3613 1633 3747 1701; x_wconf 85' lang='grc' dir='ltr'>βίου</span> 
     </span>
    </p>
   </div>
   <div class='ocr_carea' id='block_1_28' title="bbox 471 1704 2054 1796">
    <p class='ocr_par' dir='ltr' id='par_1_28' title="bbox 471 1725 2046 1796">
     <span class='ocr_line' id='line_1_28' title="bbox 471 1725 2046 1796; baseline 0.003 -22"><span class='ocrx_word' id='word_1_201' title='bbox 471 1731 730 1792; x_wconf 89' lang='lat' dir='ltr'><strong>tempore,</strong></span> <span class='ocrx_word' id='word_1_202' title='bbox 782 1740 810 1778; x_wconf 88' lang='lat' dir='ltr'><strong>a</strong></span> <span class='ocrx_word' id='word_1_203' title='bbox 854 1728 1238 1780; x_wconf 88' lang='lat' dir='ltr'><strong>communione</strong></span> <span class='ocrx_word' id='word_1_204' title='bbox 1286 1728 1483 1792; x_wconf 85' lang='lat' dir='ltr'><strong>arceri,</strong></span> <span class='ocrx_word' id='word_1_205' title='bbox 1530 1743 1594 1782; x_wconf 89' lang='lat' dir='ltr'><strong>ac</strong></span> <span class='ocrx_word' id='word_1_206' title='bbox 1649 1725 1846 1782; x_wconf 85' lang='lat' dir='ltr'><strong>deﬂere</strong></span> <span class='ocrx_word' id='word_1_207' title='bbox 1876 1726 2046 1796; x_wconf 83' lang='lat' dir='ltr'><strong>jubet.</strong></span> 
     </span>
    </p>
   </div>
   <div class='ocr_carea' id='block_1_29' title="bbox 2166 1704 3749 1796">
    <p class='ocr_par' dir='ltr' id='par_1_29' title="bbox 2166 1717 3749 1790">
     <span class='ocr_line' id='line_1_29' title="bbox 2166 1717 3749 1790; baseline -0.001 -14"><span class='ocrx_word' id='word_1_208' title='bbox 2166 1723 2558 1790; x_wconf 70' lang='grc' dir='ltr'>ἱκοινωνὴτους</span> <span class='ocrx_word' id='word_1_209' title='bbox 2590 1717 2731 1772; x_wconf 81' lang='grc' dir='ltr'>εἶναι</span> <span class='ocrx_word' id='word_1_210' title='bbox 2785 1720 2999 1772; x_wconf 83' lang='grc' dir='ltr'>κελεύει</span> <span class='ocrx_word' id='word_1_211' title='bbox 3053 1720 3144 1772; x_wconf 76' lang='grc' dir='ltr'><strong>καὶ</strong></span> <span class='ocrx_word' id='word_1_212' title='bbox 3181 1719 3573 1788; x_wconf 79' lang='grc' dir='ltr'>προσκλαίεινο</span> <span class='ocrx_word' id='word_1_213' title='bbox 3603 1725 3634 1772; x_wconf 82' lang='grc' dir='ltr'>ό</span> <span class='ocrx_word' id='word_1_214' title='bbox 3681 1722 3749 1775; x_wconf 78' lang='grc' dir='ltr'>δὲ</span> 
     </span>
    </p>
   </div>
   <div class='ocr_carea' id='block_1_30' title="bbox 468 1809 2051 1889">
    <p class='ocr_par' dir='ltr' id='par_1_30' title="bbox 468 1815 2050 1889">
     <span class='ocr_line' id='line_1_30' title="bbox 468 1815 2050 1889; baseline 0.001 -21"><span class='ocrx_word' id='word_1_215' title='bbox 468 1815 869 1870; x_wconf 81' lang='lat' dir='ltr'><strong>Alexandrinus</strong></span> <span class='ocrx_word' id='word_1_216' title='bbox 911 1832 1042 1872; x_wconf 88' lang='lat' dir='ltr'><strong>vero</strong></span> <span class='ocrx_word' id='word_1_217' title='bbox 1071 1819 1533 1889; x_wconf 84' lang='lat' dir='ltr'><strong>archiepiscopus,</strong></span> <span class='ocrx_word' id='word_1_218' title='bbox 1564 1828 1619 1874; x_wconf 91' lang='lat' dir='ltr'><strong>et</strong></span> <span class='ocrx_word' id='word_1_219' title='bbox 1648 1829 1872 1875; x_wconf 90' lang='lat' dir='ltr'><strong>sanctus</strong></span> <span class='ocrx_word' id='word_1_220' title='bbox 1905 1833 2050 1872; x_wconf 88' lang='lat' dir='ltr'><strong>mar-</strong></span> 
     </span>
    </p>
   </div>
   <div class='ocr_carea' id='block_1_31' title="bbox 2163 1809 3746 1889">
    <p class='ocr_par' dir='ltr' id='par_1_31' title="bbox 2169 1809 3746 1880">
     <span class='ocr_line' id='line_1_31' title="bbox 2169 1809 3746 1880; baseline -0.001 -15"><span class='ocrx_word' id='word_1_221' title='bbox 2169 1809 2578 1880; x_wconf 67' lang='grc' dir='ltr'>Ἀλεξανδρείας</span> <span class='ocrx_word' id='word_1_222' title='bbox 2630 1809 3065 1879; x_wconf 83' lang='grc' dir='ltr'>ἁρχιεπίσκοπος</span> <span class='ocrx_word' id='word_1_223' title='bbox 3121 1811 3216 1862; x_wconf 74' lang='grc' dir='ltr'><strong>καὶ</strong></span> <span class='ocrx_word' id='word_1_224' title='bbox 3257 1810 3591 1880; x_wconf 84' lang='grc' dir='ltr'>ίερομάρτυς</span> <span class='ocrx_word' id='word_1_225' title='bbox 3631 1811 3746 1863; x_wconf 84' lang='grc' dir='ltr'><strong>[Ιὲ-</strong></span> 
     </span>
    </p>
   </div>
   <div class='ocr_carea' id='block_1_32' title="bbox 473 1901 2056 1976">
    <p class='ocr_par' dir='ltr' id='par_1_32' title="bbox 473 1904 2050 1976">
     <span class='ocr_line' id='line_1_32' title="bbox 473 1904 2050 1976; baseline 0.004 -20"><span class='ocrx_word' id='word_1_226' title='bbox 473 1914 558 1976; x_wconf 76' lang='lat' dir='ltr'><strong>tyr</strong></span> <span class='ocrx_word' id='word_1_227' title='bbox 587 1904 800 1969; x_wconf 88' lang='lat' dir='ltr'><strong>Petrus,</strong></span> <span class='ocrx_word' id='word_1_228' title='bbox 861 1909 1026 1962; x_wconf 92' lang='lat' dir='ltr'><strong>multa</strong></span> <span class='ocrx_word' id='word_1_229' title='bbox 1081 1909 1424 1976; x_wconf 81' lang='lat' dir='ltr'><strong>discrimina,</strong></span> <span class='ocrx_word' id='word_1_230' title='bbox 1471 1910 1526 1964; x_wconf 93' lang='lat' dir='ltr'><strong>in</strong></span> <span class='ocrx_word' id='word_1_231' title='bbox 1563 1911 1678 1966; x_wconf 74' lang='lat' dir='ltr'><strong>suis</strong></span> <span class='ocrx_word' id='word_1_232' title='bbox 1726 1909 2050 1974; x_wconf 88' lang='lat' dir='ltr'><strong>canonibns,</strong></span> 
     </span>
    </p>
   </div>
   <div class='ocr_carea' id='block_1_33' title="bbox 2163 1901 3746 1976">
    <p class='ocr_par' dir='ltr' id='par_1_33' title="bbox 2163 1901 3746 1974">
     <span class='ocr_line' id='line_1_33' title="bbox 2163 1901 3746 1974; baseline -0.001 -18"><span class='ocrx_word' id='word_1_233' title='bbox 2163 1920 2282 1974; x_wconf 84' lang='grc' dir='ltr'>τρος</span> <span class='ocrx_word' id='word_1_234' title='bbox 2334 1902 2536 1964; x_wconf 80' lang='grc' dir='ltr'>πολλὰς</span> <span class='ocrx_word' id='word_1_235' title='bbox 2587 1901 2878 1965; x_wconf 81' lang='grc' dir='ltr'>διαστίξεις</span> <span class='ocrx_word' id='word_1_236' title='bbox 2909 1901 3020 1953; x_wconf 85' lang='grc' dir='ltr'>τῶν</span> <span class='ocrx_word' id='word_1_237' title='bbox 3066 1901 3466 1970; x_wconf 84' lang='grc' dir='ltr'>ἀρνησαμένων</span> <span class='ocrx_word' id='word_1_238' title='bbox 3497 1903 3598 1970; x_wconf 78' lang='grc' dir='ltr'>τὴν</span> <span class='ocrx_word' id='word_1_239' title='bbox 3634 1902 3746 1954; x_wconf 66' lang='grc' dir='ltr'><strong>πίε</strong></span> 
     </span>
    </p>
   </div>
   <div class='ocr_carea' id='block_1_34' title="bbox 443 1993 2026 2069">
    <p class='ocr_par' dir='ltr' id='par_1_34' title="bbox 443 1997 2026 2069">
     <span class='ocr_line' id='line_1_34' title="bbox 443 1997 2026 2069; baseline 0.002 -19"><span class='ocrx_word' id='word_1_240' title='bbox 443 2011 657 2050; x_wconf 90' lang='lat' dir='ltr'><strong>.eornm</strong></span> <span class='ocrx_word' id='word_1_241' title='bbox 718 1997 810 2066; x_wconf 89' lang='lat' dir='ltr'><strong>qui</strong></span> <span class='ocrx_word' id='word_1_242' title='bbox 869 1998 1028 2053; x_wconf 85' lang='lat' dir='ltr'><strong>ﬁdem</strong></span> <span class='ocrx_word' id='word_1_243' title='bbox 1082 2015 1370 2069; x_wconf 83' lang='lat' dir='ltr'><strong>negavere,</strong></span> <span class='ocrx_word' id='word_1_244' title='bbox 1427 2003 1731 2064; x_wconf 86' lang='lat' dir='ltr'><strong>constituit,</strong></span> <span class='ocrx_word' id='word_1_245' title='bbox 1784 2016 1848 2056; x_wconf 92' lang='lat' dir='ltr'><strong>ac</strong></span> <span class='ocrx_word' id='word_1_246' title='bbox 1895 2000 2026 2054; x_wconf 87' lang='lat' dir='ltr'><strong>vari:</strong></span> 
     </span>
    </p>
   </div>
   <div class='ocr_carea' id='block_1_35' title="bbox 2160 1993 3743 2069">
    <p class='ocr_par' dir='ltr' id='par_1_35' title="bbox 2160 1993 3743 2064">
     <span class='ocr_line' id='line_1_35' title="bbox 2160 1993 3743 2064; baseline 0 -17"><span class='ocrx_word' id='word_1_247' title='bbox 2160 2011 2272 2048; x_wconf 86' lang='grc' dir='ltr'>στιν</span> <span class='ocrx_word' id='word_1_248' title='bbox 2302 1997 2535 2048; x_wconf 83' lang='grc' dir='ltr'>ποιεῖται</span> <span class='ocrx_word' id='word_1_249' title='bbox 2580 1997 2640 2048; x_wconf 83' lang='grc' dir='ltr'>ὲν</span> <span class='ocrx_word' id='word_1_250' title='bbox 2683 1996 2797 2058; x_wconf 85' lang='grc' dir='ltr'>τοῖς</span> <span class='ocrx_word' id='word_1_251' title='bbox 2844 1993 3007 2047; x_wconf 81' lang='grc' dir='ltr'>αὐτοῦ</span> <span class='ocrx_word' id='word_1_252' title='bbox 3037 1994 3248 2058; x_wconf 82' lang='grc' dir='ltr'>κανόσι,</span> <span class='ocrx_word' id='word_1_253' title='bbox 3295 1996 3390 2046; x_wconf 77' lang='grc' dir='ltr'><strong>καὶ</strong></span> <span class='ocrx_word' id='word_1_254' title='bbox 3435 1994 3743 2064; x_wconf 74' lang='grc' dir='ltr'>διαφόρους</span> 
     </span>
    </p>
   </div>
   <div class='ocr_carea' id='block_1_36' title="bbox 472 2085 2055 2162">
    <p class='ocr_par' dir='ltr' id='par_1_36' title="bbox 472 2088 2051 2162">
     <span class='ocr_line' id='line_1_36' title="bbox 472 2088 2051 2162; baseline 0.003 -21"><span class='ocrx_word' id='word_1_255' title='bbox 472 2096 713 2158; x_wconf 88' lang='lat' dir='ltr'><strong>tempora</strong></span> <span class='ocrx_word' id='word_1_256' title='bbox 738 2088 1054 2145; x_wconf 88' lang='lat' dir='ltr'><strong>luendarum</strong></span> <span class='ocrx_word' id='word_1_257' title='bbox 1083 2091 1152 2146; x_wconf 87' lang='lat' dir='ltr'><strong>ab</strong></span> <span class='ocrx_word' id='word_1_258' title='bbox 1189 2093 1317 2162; x_wconf 87' lang='lat' dir='ltr'><strong>ipsis</strong></span> <span class='ocrx_word' id='word_1_259' title='bbox 1339 2107 1616 2157; x_wconf 65' lang='lat' dir='ltr'><strong>poenarum</strong></span> <span class='ocrx_word' id='word_1_260' title='bbox 1640 2092 1913 2157; x_wconf 88' lang='lat' dir='ltr'><strong>decernit;</strong></span> <span class='ocrx_word' id='word_1_261' title='bbox 1938 2100 2051 2146; x_wconf 90' lang='lat' dir='ltr'><strong>toto</strong></span> 
     </span>
    </p>
   </div>
   <div class='ocr_carea' id='block_1_37' title="bbox 2162 2085 3745 2162">
    <p class='ocr_par' dir='ltr' id='par_1_37' title="bbox 2162 2085 3745 2158">
     <span class='ocr_line' id='line_1_37' title="bbox 2162 2085 3745 2158; baseline -0.011 -15"><span class='ocrx_word' id='word_1_262' title='bbox 2162 2089 2279 2151; x_wconf 79' lang='grc' dir='ltr'>τοὺς</span> <span class='ocrx_word' id='word_1_263' title='bbox 2314 2088 2424 2141; x_wconf 85' lang='grc' dir='ltr'>τῶν</span> <span class='ocrx_word' id='word_1_264' title='bbox 2457 2088 2748 2156; x_wconf 81' lang='grc' dir='ltr'>ἐπιτιμίων</span> <span class='ocrx_word' id='word_1_265' title='bbox 2799 2088 3027 2156; x_wconf 85' lang='grc' dir='ltr'>χρόνους</span> <span class='ocrx_word' id='word_1_266' title='bbox 3059 2085 3146 2140; x_wconf 80' lang='grc' dir='ltr'>ἐπ’</span> <span class='ocrx_word' id='word_1_267' title='bbox 3187 2087 3371 2148; x_wconf 77' lang='grc' dir='ltr'>αὐτοῖς</span> <span class='ocrx_word' id='word_1_268' title='bbox 3402 2087 3576 2158; x_wconf 74' lang='grc' dir='ltr'>ὁρίζει</span> <span class='ocrx_word' id='word_1_269' title='bbox 3597 2105 3612 2118; x_wconf 86' lang='lat'><strong>-</strong></span> <span class='ocrx_word' id='word_1_270' title='bbox 3644 2088 3745 2141; x_wconf 62' lang='grc' dir='ltr'><strong>διὰ</strong></span> 
     </span>
    </p>
   </div>
   <div class='ocr_carea' id='block_1_38' title="bbox 454 2179 2037 2254">
    <p class='ocr_par' dir='ltr' id='par_1_38' title="bbox 454 2181 2037 2252">
     <span class='ocr_line' id='line_1_38' title="bbox 454 2181 2037 2252; baseline 0.004 -20"><span class='ocrx_word' id='word_1_271' title='bbox 454 2191 647 2234; x_wconf 77' lang='lat' dir='ltr'><strong>&#39;autem</strong></span> <span class='ocrx_word' id='word_1_272' title='bbox 674 2181 795 2235; x_wconf 69' lang='lat' dir='ltr'><strong>vita:</strong></span> <span class='ocrx_word' id='word_1_273' title='bbox 819 2191 1084 2252; x_wconf 90' lang='lat' dir='ltr'><strong>tempore,</strong></span> <span class='ocrx_word' id='word_1_274' title='bbox 1111 2184 1380 2238; x_wconf 89' lang='lat' dir='ltr'><strong>neminem</strong></span> <span class='ocrx_word' id='word_1_275' title='bbox 1408 2197 1438 2236; x_wconf 88' lang='lat' dir='ltr'><strong>a</strong></span> <span class='ocrx_word' id='word_1_276' title='bbox 1461 2186 1843 2239; x_wconf 89' lang='lat' dir='ltr'><strong>communione</strong></span> <span class='ocrx_word' id='word_1_277' title='bbox 1880 2191 2037 2238; x_wconf 85' lang='lat' dir='ltr'><strong>arcet.</strong></span> 
     </span>
    </p>
   </div>
   <div class='ocr_carea' id='block_1_39' title="bbox 2160 2179 3743 2254">
    <p class='ocr_par' dir='ltr' id='par_1_39' title="bbox 2160 2179 3743 2254">
     <span class='ocr_line' id='line_1_39' title="bbox 2160 2179 3743 2254; baseline -0.001 -21"><span class='ocrx_word' id='word_1_278' title='bbox 2160 2181 2270 2252; x_wconf 80' lang='grc' dir='ltr'>βίου</span> <span class='ocrx_word' id='word_1_279' title='bbox 2295 2181 2351 2233; x_wconf 85' lang='grc' dir='ltr'>δὲ</span> <span class='ocrx_word' id='word_1_280' title='bbox 2378 2181 2564 2234; x_wconf 79' lang='grc' dir='ltr'>οὐδένα</span> <span class='ocrx_word' id='word_1_281' title='bbox 2595 2183 2741 2234; x_wconf 77' lang='grc' dir='ltr'>ποιεῖ</span> <span class='ocrx_word' id='word_1_282' title='bbox 2771 2181 3154 2249; x_wconf 69' lang='grc' dir='ltr'>ἀκοινώνητον.</span> <span class='ocrx_word' id='word_1_283' title='bbox 3194 2181 3303 2233; x_wconf 77' lang='grc' dir='ltr'>Καὶ</span> <span class='ocrx_word' id='word_1_284' title='bbox 3334 2182 3366 2249; x_wconf 86' lang='grc' dir='ltr'><strong>ή</strong></span> <span class='ocrx_word' id='word_1_285' title='bbox 3395 2183 3450 2232; x_wconf 80' lang='grc' dir='ltr'><strong>ἐν</strong></span> <span class='ocrx_word' id='word_1_286' title='bbox 3481 2179 3743 2254; x_wconf 62' lang='grc' dir='ltr'>Ἀγκύρᾳ</span> 
     </span>
    </p>
   </div>
   <div class='ocr_carea' id='block_1_40' title="bbox 472 2266 2055 2344">
    <p class='ocr_par' dir='ltr' id='par_1_40' title="bbox 472 2271 2049 2344">
     <span class='ocr_line' id='line_1_40' title="bbox 472 2271 2049 2344; baseline 0.002 -19"><span class='ocrx_word' id='word_1_287' title='bbox 472 2271 610 2325; x_wconf 86' lang='lat' dir='ltr'><strong>Tum</strong></span> <span class='ocrx_word' id='word_1_288' title='bbox 655 2271 946 2342; x_wconf 84' lang='lat' dir='ltr'><strong>Aucyrana</strong></span> <span class='ocrx_word' id='word_1_289' title='bbox 990 2287 1210 2342; x_wconf 90' lang='lat' dir='ltr'><strong>quoque</strong></span> <span class='ocrx_word' id='word_1_290' title='bbox 1243 2276 1506 2344; x_wconf 86' lang='lat' dir='ltr'><strong>synodus,</strong></span> <span class='ocrx_word' id='word_1_291' title='bbox 1539 2290 1660 2344; x_wconf 66' lang='lat' dir='ltr'><strong>quae</strong></span> <span class='ocrx_word' id='word_1_292' title='bbox 1690 2275 1804 2343; x_wconf 87' lang='lat' dir='ltr'><strong>ipso</strong></span> <span class='ocrx_word' id='word_1_293' title='bbox 1835 2288 2049 2344; x_wconf 86' lang='lat' dir='ltr'><strong>quoque</strong></span> 
     </span>
    </p>
   </div>
   <div class='ocr_carea' id='block_1_41' title="bbox 2157 2266 3740 2344">
    <p class='ocr_par' dir='ltr' id='par_1_41' title="bbox 2157 2266 3740 2340">
     <span class='ocr_line' id='line_1_41' title="bbox 2157 2266 3740 2340; baseline -0.001 -15"><span class='ocrx_word' id='word_1_294' title='bbox 2157 2271 2206 2325; x_wconf 83' lang='grc' dir='ltr'>δὲ</span> <span class='ocrx_word' id='word_1_295' title='bbox 2234 2269 2449 2332; x_wconf 80' lang='grc' dir='ltr'>σύνοδος</span> <span class='ocrx_word' id='word_1_296' title='bbox 2502 2270 2836 2340; x_wconf 79' lang='grc' dir='ltr'>ἀρχαιοτέρα</span> <span class='ocrx_word' id='word_1_297' title='bbox 2891 2266 3027 2323; x_wconf 77' lang='grc' dir='ltr'>οὖσα</span> <span class='ocrx_word' id='word_1_298' title='bbox 3069 2269 3163 2322; x_wconf 70' lang='grc' dir='ltr'><strong>καὶ</strong></span> <span class='ocrx_word' id='word_1_299' title='bbox 3197 2269 3292 2322; x_wconf 82' lang='grc' dir='ltr'><strong>τοῦ</strong></span> <span class='ocrx_word' id='word_1_300' title='bbox 3329 2270 3740 2339; x_wconf 80' lang='grc' dir='ltr'>ίερομὰρτυρος</span> 
     </span>
    </p>
   </div>
   <div class='ocr_carea' id='block_1_42' title="bbox 472 2363 2055 2434">
    <p class='ocr_par' dir='ltr' id='par_1_42' title="bbox 472 2365 2048 2434">
     <span class='ocr_line' id='line_1_42' title="bbox 472 2365 2048 2434; baseline 0.003 -18"><span class='ocrx_word' id='word_1_301' title='bbox 472 2372 663 2417; x_wconf 83' lang='lat' dir='ltr'><strong>sancto</strong></span> <span class='ocrx_word' id='word_1_302' title='bbox 704 2374 940 2434; x_wconf 85' lang='lat' dir='ltr'><strong>martyre</strong></span> <span class='ocrx_word' id='word_1_303' title='bbox 969 2365 1133 2419; x_wconf 87' lang='lat' dir='ltr'><strong>Petro</strong></span> <span class='ocrx_word' id='word_1_304' title='bbox 1174 2365 1448 2434; x_wconf 85' lang='lat' dir='ltr'><strong>antiquior</strong></span> <span class='ocrx_word' id='word_1_305' title='bbox 1494 2376 1597 2432; x_wconf 88' lang='lat' dir='ltr'><strong>est,</strong></span> <span class='ocrx_word' id='word_1_306' title='bbox 1630 2369 1826 2420; x_wconf 85' lang='lat' dir='ltr'><strong>multas</strong></span> <span class='ocrx_word' id='word_1_307' title='bbox 1862 2380 2048 2420; x_wconf 88' lang='lat' dir='ltr'><strong>eorum</strong></span> 
     </span>
    </p>
   </div>
   <div class='ocr_carea' id='block_1_43' title="bbox 2158 2363 3741 2434">
    <p class='ocr_par' dir='ltr' id='par_1_43' title="bbox 2158 2363 3741 2434">
     <span class='ocr_line' id='line_1_43' title="bbox 2158 2363 3741 2434; baseline 0 -16"><span class='ocrx_word' id='word_1_308' title='bbox 2158 2363 2308 2432; x_wconf 77' lang='grc' dir='ltr'>ἁγίου</span> <span class='ocrx_word' id='word_1_309' title='bbox 2358 2363 2566 2434; x_wconf 81' lang='grc' dir='ltr'>Πέτρου</span> <span class='ocrx_word' id='word_1_310' title='bbox 2601 2363 2900 2434; x_wconf 79' lang='grc' dir='ltr'>διαιρέσεις</span> <span class='ocrx_word' id='word_1_311' title='bbox 2949 2363 3151 2426; x_wconf 78' lang='grc' dir='ltr'>πολλὰς</span> <span class='ocrx_word' id='word_1_312' title='bbox 3193 2363 3303 2416; x_wconf 79' lang='grc' dir='ltr'><strong>τῶν</strong></span> <span class='ocrx_word' id='word_1_313' title='bbox 3349 2364 3741 2418; x_wconf 72' lang='grc' dir='ltr'>ὲπιϐυσάντων</span> 
     </span>
    </p>
   </div>
   <div class='ocr_carea' id='block_1_44' title="bbox 473 2453 2056 2528">
    <p class='ocr_par' dir='ltr' id='par_1_44' title="bbox 473 2453 2048 2527">
     <span class='ocr_line' id='line_1_44' title="bbox 473 2453 2048 2527; baseline 0.004 -21"><span class='ocrx_word' id='word_1_314' title='bbox 473 2453 564 2524; x_wconf 88' lang='lat' dir='ltr'><strong>qui</strong></span> <span class='ocrx_word' id='word_1_315' title='bbox 616 2453 1032 2509; x_wconf 87' lang='lat' dir='ltr'><strong>immolaverunt</strong></span> <span class='ocrx_word' id='word_1_316' title='bbox 1081 2456 1374 2512; x_wconf 86' lang='lat' dir='ltr'><strong>divisiones</strong></span> <span class='ocrx_word' id='word_1_317' title='bbox 1420 2458 1628 2522; x_wconf 86' lang='lat' dir='ltr'><strong>statuit,</strong></span> <span class='ocrx_word' id='word_1_318' title='bbox 1665 2458 1878 2527; x_wconf 84' lang='lat' dir='ltr'><strong>aliaque</strong></span> <span class='ocrx_word' id='word_1_319' title='bbox 1930 2458 2048 2512; x_wconf 80' lang='lat' dir='ltr'><strong>aliis</strong></span> 
     </span>
    </p>
   </div>
   <div class='ocr_carea' id='block_1_45' title="bbox 2158 2453 3741 2528">
    <p class='ocr_par' dir='ltr' id='par_1_45' title="bbox 2158 2456 3741 2528">
     <span class='ocr_line' id='line_1_45' title="bbox 2158 2456 3741 2528; baseline 0.002 -19"><span class='ocrx_word' id='word_1_320' title='bbox 2158 2459 2411 2521; x_wconf 88' lang='grc' dir='ltr'>ποιεῖται,</span> <span class='ocrx_word' id='word_1_321' title='bbox 2445 2456 2538 2508; x_wconf 78' lang='grc' dir='ltr'>καὶ</span> <span class='ocrx_word' id='word_1_322' title='bbox 2567 2457 2795 2525; x_wconf 79' lang='grc' dir='ltr'>καιροὺς</span> <span class='ocrx_word' id='word_1_323' title='bbox 2846 2457 3140 2525; x_wconf 82' lang='grc' dir='ltr'>ἐπιτιμίων</span> <span class='ocrx_word' id='word_1_324' title='bbox 3170 2457 3374 2519; x_wconf 83' lang='grc' dir='ltr'>ἄλλους</span> <span class='ocrx_word' id='word_1_325' title='bbox 3398 2457 3577 2520; x_wconf 83' lang='grc' dir='ltr'>ἄλλοις</span> <span class='ocrx_word' id='word_1_326' title='bbox 3614 2459 3741 2528; x_wconf 82' lang='grc' dir='ltr'>ὀρί-</span> 
     </span>
    </p>
   </div>
   <div class='ocr_carea' id='block_1_46' title="bbox 471 2544 2054 2619">
    <p class='ocr_par' dir='ltr' id='par_1_46' title="bbox 471 2548 2049 2619">
     <span class='ocr_line' id='line_1_46' title="bbox 471 2548 2049 2619; baseline 0.002 -18"><span class='ocrx_word' id='word_1_327' title='bbox 471 2557 716 2616; x_wconf 85' lang='lat' dir='ltr'><strong>tempora</strong></span> <span class='ocrx_word' id='word_1_328' title='bbox 763 2548 1050 2603; x_wconf 87' lang='lat' dir='ltr'><strong>multarum</strong></span> <span class='ocrx_word' id='word_1_329' title='bbox 1087 2550 1389 2617; x_wconf 72' lang='lat' dir='ltr'><strong>praescribit</strong></span> <span class='ocrx_word' id='word_1_330' title='bbox 1420 2567 1437 2616; x_wconf 93' lang='lat'><strong>;</strong></span> <span class='ocrx_word' id='word_1_331' title='bbox 1475 2559 1727 2605; x_wconf 67' lang='lat' dir='ltr'><strong>caeterum</strong></span> <span class='ocrx_word' id='word_1_332' title='bbox 1767 2551 1832 2604; x_wconf 91' lang='lat' dir='ltr'><strong>ad</strong></span> <span class='ocrx_word' id='word_1_333' title='bbox 1879 2564 2049 2619; x_wconf 89' lang='lat' dir='ltr'><strong>usque</strong></span> 
     </span>
    </p>
   </div>
   <div class='ocr_carea' id='block_1_47' title="bbox 2158 2544 3741 2619">
    <p class='ocr_par' dir='ltr' id='par_1_47' title="bbox 2158 2544 3741 2617">
     <span class='ocr_line' id='line_1_47' title="bbox 2158 2544 3741 2617; baseline 0.004 -20"><span class='ocrx_word' id='word_1_334' title='bbox 2158 2544 2268 2610; x_wconf 73' lang='grc' dir='ltr'>ζειο</span> <span class='ocrx_word' id='word_1_335' title='bbox 2306 2546 2472 2614; x_wconf 84' lang='grc' dir='ltr'>μέχρι</span> <span class='ocrx_word' id='word_1_336' title='bbox 2497 2545 2553 2598; x_wconf 86' lang='grc' dir='ltr'>δὲ</span> <span class='ocrx_word' id='word_1_337' title='bbox 2581 2548 2835 2614; x_wconf 79' lang='grc' dir='ltr'>τελευτῆς</span> <span class='ocrx_word' id='word_1_338' title='bbox 2863 2548 3054 2601; x_wconf 81' lang='grc' dir='ltr'>οὐδένα</span> <span class='ocrx_word' id='word_1_339' title='bbox 3082 2547 3282 2617; x_wconf 80' lang='grc' dir='ltr'>ὥρισεν</span> <span class='ocrx_word' id='word_1_340' title='bbox 3332 2546 3471 2602; x_wconf 86' lang='grc' dir='ltr'>εἶναι</span> <span class='ocrx_word' id='word_1_341' title='bbox 3501 2551 3741 2604; x_wconf 82' lang='grc' dir='ltr'>ἀκοινώ-</span> 
     </span>
    </p>
   </div>
   <div class='ocr_carea' id='block_1_48' title="bbox 473 2637 2056 2712">
    <p class='ocr_par' dir='ltr' id='par_1_48' title="bbox 473 2639 2047 2712">
     <span class='ocr_line' id='line_1_48' title="bbox 473 2639 2047 2712; baseline 0.001 -20"><span class='ocrx_word' id='word_1_342' title='bbox 473 2639 598 2693; x_wconf 69' lang='lat' dir='ltr'><strong>vitae</strong></span> <span class='ocrx_word' id='word_1_343' title='bbox 629 2639 858 2704; x_wconf 83' lang='lat' dir='ltr'><strong>exitum,</strong></span> <span class='ocrx_word' id='word_1_344' title='bbox 890 2641 1158 2694; x_wconf 88' lang='lat' dir='ltr'><strong>neminem</strong></span> <span class='ocrx_word' id='word_1_345' title='bbox 1190 2656 1222 2695; x_wconf 90' lang='lat' dir='ltr'><strong>a</strong></span> <span class='ocrx_word' id='word_1_346' title='bbox 1249 2643 1626 2696; x_wconf 89' lang='lat' dir='ltr'><strong>communione</strong></span> <span class='ocrx_word' id='word_1_347' title='bbox 1655 2641 2047 2712; x_wconf 86' lang='lat' dir='ltr'><strong>prohibendum</strong></span> 
     </span>
    </p>
   </div>
   <div class='ocr_carea' id='block_1_49' title="bbox 2155 2637 3738 2712">
    <p class='ocr_par' dir='ltr' id='par_1_49' title="bbox 2155 2637 3738 2708">
     <span class='ocr_line' id='line_1_49' title="bbox 2155 2637 3738 2708; baseline 0.003 -17"><span class='ocrx_word' id='word_1_348' title='bbox 2155 2654 2328 2706; x_wconf 87' lang='grc' dir='ltr'>νητον.</span> <span class='ocrx_word' id='word_1_349' title='bbox 2362 2637 2522 2691; x_wconf 76' lang='grc' dir='ltr'>Εἴποι</span> <span class='ocrx_word' id='word_1_350' title='bbox 2545 2638 2600 2690; x_wconf 78' lang='grc' dir='ltr'><strong>δέ</strong></span> <span class='ocrx_word' id='word_1_351' title='bbox 2642 2654 2729 2699; x_wconf 77' lang='grc' dir='ltr'><strong>τις</strong></span> <span class='ocrx_word' id='word_1_352' title='bbox 2759 2639 2841 2691; x_wconf 80' lang='grc' dir='ltr'>ὅτι</span> <span class='ocrx_word' id='word_1_353' title='bbox 2866 2639 3106 2707; x_wconf 81' lang='grc' dir='ltr'>ἀνάλογα</span> <span class='ocrx_word' id='word_1_354' title='bbox 3155 2640 3221 2692; x_wconf 83' lang='grc' dir='ltr'><strong>τὰ</strong></span> <span class='ocrx_word' id='word_1_355' title='bbox 3250 2640 3504 2708; x_wconf 78' lang='grc' dir='ltr'>ἐπιτίμια</span> <span class='ocrx_word' id='word_1_356' title='bbox 3545 2644 3738 2696; x_wconf 78' lang='grc' dir='ltr'>ἔθεντο</span> 
     </span>
    </p>
   </div>
   <div class='ocr_carea' id='block_1_50' title="bbox 472 2729 2055 2807">
    <p class='ocr_par' dir='ltr' id='par_1_50' title="bbox 472 2735 2045 2807">
     <span class='ocr_line' id='line_1_50' title="bbox 472 2735 2045 2807; baseline 0 -19"><span class='ocrx_word' id='word_1_357' title='bbox 472 2748 595 2789; x_wconf 86' lang='lat' dir='ltr'><strong>esse</strong></span> <span class='ocrx_word' id='word_1_358' title='bbox 637 2735 902 2790; x_wconf 82' lang='lat' dir='ltr'><strong>deﬁnivit.</strong></span> <span class='ocrx_word' id='word_1_359' title='bbox 947 2736 1157 2791; x_wconf 80' lang='lat' dir='ltr'><strong>Dixerit</strong></span> <span class='ocrx_word' id='word_1_360' title='bbox 1189 2751 1318 2791; x_wconf 86' lang='lat' dir='ltr'><strong>vero</strong></span> <span class='ocrx_word' id='word_1_361' title='bbox 1347 2736 1613 2807; x_wconf 85' lang='lat' dir='ltr'><strong>quispiam</strong></span> <span class='ocrx_word' id='word_1_362' title='bbox 1659 2736 1852 2790; x_wconf 89' lang='lat' dir='ltr'><strong>multas</strong></span> <span class='ocrx_word' id='word_1_363' title='bbox 1882 2751 1911 2788; x_wconf 90' lang='lat' dir='ltr'><strong>a</strong></span> <span class='ocrx_word' id='word_1_364' title='bbox 1943 2735 2045 2788; x_wconf 87' lang='lat' dir='ltr'><strong>Pa-</strong></span> 
     </span>
    </p>
   </div>
   <div class='ocr_carea' id='block_1_51' title="bbox 2153 2729 3736 2807">
    <p class='ocr_par' dir='ltr' id='par_1_51' title="bbox 2153 2729 3736 2806">
     <span class='ocr_line' id='line_1_51' title="bbox 2153 2729 3736 2806; baseline 0.004 -25"><span class='ocrx_word' id='word_1_365' title='bbox 2153 2730 2201 2781; x_wconf 82' lang='lat' dir='ltr'><strong>oi</strong></span> <span class='ocrx_word' id='word_1_366' title='bbox 2227 2729 2469 2800; x_wconf 83' lang='grc' dir='ltr'>Πατέρες</span> <span class='ocrx_word' id='word_1_367' title='bbox 2500 2731 2638 2800; x_wconf 85' lang='grc' dir='ltr'>πρὸς</span> <span class='ocrx_word' id='word_1_368' title='bbox 2663 2732 2790 2795; x_wconf 79' lang='grc' dir='ltr'>τοὺς</span> <span class='ocrx_word' id='word_1_369' title='bbox 2849 2733 3014 2793; x_wconf 87' lang='grc' dir='ltr'>ίδίους</span> <span class='ocrx_word' id='word_1_370' title='bbox 3063 2734 3312 2802; x_wconf 79' lang='grc' dir='ltr'>καιρούς.</span> <span class='ocrx_word' id='word_1_371' title='bbox 3370 2736 3433 2787; x_wconf 89' lang='grc' dir='ltr'>Οί</span> <span class='ocrx_word' id='word_1_372' title='bbox 3472 2735 3571 2802; x_wconf 86' lang='grc' dir='ltr'>μὲν</span> <span class='ocrx_word' id='word_1_373' title='bbox 3621 2739 3736 2806; x_wconf 76' lang='grc' dir='ltr'><strong>γὰρ</strong></span> 
     </span>
    </p>
   </div>
   <div class='ocr_carea' id='block_1_52' title="bbox 474 2815 2057 2899">
    <p class='ocr_par' dir='ltr' id='par_1_52' title="bbox 474 2827 2046 2896">
     <span class='ocr_line' id='line_1_52' title="bbox 474 2827 2046 2896; baseline 0 -17"><span class='ocrx_word' id='word_1_374' title='bbox 474 2827 650 2882; x_wconf 88' lang='lat' dir='ltr'><strong>tribus</strong></span> <span class='ocrx_word' id='word_1_375' title='bbox 688 2841 787 2895; x_wconf 91' lang='lat' dir='ltr'><strong>pro</strong></span> <span class='ocrx_word' id='word_1_376' title='bbox 835 2837 1138 2896; x_wconf 89' lang='lat' dir='ltr'><strong>temporum</strong></span> <span class='ocrx_word' id='word_1_377' title='bbox 1187 2842 1411 2884; x_wconf 87' lang='lat' dir='ltr'><strong>suorum</strong></span> <span class='ocrx_word' id='word_1_378' title='bbox 1444 2830 1654 2882; x_wconf 88' lang='lat' dir='ltr'><strong>ratione</strong></span> <span class='ocrx_word' id='word_1_379' title='bbox 1701 2828 1869 2881; x_wconf 75' lang='lat' dir='ltr'><strong>fuisse</strong></span> <span class='ocrx_word' id='word_1_380' title='bbox 1918 2841 2046 2880; x_wconf 83' lang='lat' dir='ltr'><strong>con-</strong></span> 
     </span>
    </p>
   </div>
   <div class='ocr_carea' id='block_1_53' title="bbox 2156 2815 3739 2899">
    <p class='ocr_par' dir='ltr' id='par_1_53' title="bbox 2156 2815 3739 2899">
     <span class='ocr_line' id='line_1_53' title="bbox 2156 2815 3739 2899; baseline 0.005 -27"><span class='ocrx_word' id='word_1_381' title='bbox 2156 2815 2289 2888; x_wconf 77' lang='grc' dir='ltr'>ἦσαν</span> <span class='ocrx_word' id='word_1_382' title='bbox 2322 2823 2379 2875; x_wconf 81' lang='grc' dir='ltr'>ἐν</span> <span class='ocrx_word' id='word_1_383' title='bbox 2413 2827 2624 2893; x_wconf 78' lang='grc' dir='ltr'>καιροῖς</span> <span class='ocrx_word' id='word_1_384' title='bbox 2649 2824 2892 2894; x_wconf 78' lang='grc' dir='ltr'>σφοδρῶν</span> <span class='ocrx_word' id='word_1_385' title='bbox 2916 2824 3196 2892; x_wconf 85' lang='grc' dir='ltr'>διωγμῶν,</span> <span class='ocrx_word' id='word_1_386' title='bbox 3231 2827 3318 2878; x_wconf 81' lang='grc' dir='ltr'><strong>ὅτε</strong></span> <span class='ocrx_word' id='word_1_387' title='bbox 3353 2827 3431 2878; x_wconf 82' lang='grc' dir='ltr'><strong>ἔτι</strong></span> <span class='ocrx_word' id='word_1_388' title='bbox 3454 2829 3606 2899; x_wconf 81' lang='grc' dir='ltr'>καὶὴ</span> <span class='ocrx_word' id='word_1_389' title='bbox 3643 2829 3739 2880; x_wconf 81' lang='grc' dir='ltr'>πί·-</span> 
     </span>
    </p>
   </div>
   <div class='ocr_carea' id='block_1_54' title="bbox 473 2911 2056 2990">
    <p class='ocr_par' dir='ltr' id='par_1_54' title="bbox 473 2915 2045 2990">
     <span class='ocr_line' id='line_1_54' title="bbox 473 2915 2045 2990; baseline -0.001 -18"><span class='ocrx_word' id='word_1_390' title='bbox 473 2920 705 2973; x_wconf 84' lang='lat' dir='ltr'><strong>stitutas.</strong></span> <span class='ocrx_word' id='word_1_391' title='bbox 749 2915 885 2972; x_wconf 89' lang='lat' dir='ltr'><strong>Nam</strong></span> <span class='ocrx_word' id='word_1_392' title='bbox 918 2920 1006 2972; x_wconf 87' lang='lat' dir='ltr'><strong>alii</strong></span> <span class='ocrx_word' id='word_1_393' title='bbox 1035 2921 1251 2988; x_wconf 81' lang='lat' dir='ltr'><strong>quidem</strong></span> <span class='ocrx_word' id='word_1_394' title='bbox 1281 2921 1620 2990; x_wconf 86' lang='lat' dir='ltr'><strong>temporibus</strong></span> <span class='ocrx_word' id='word_1_395' title='bbox 1645 2918 2045 2972; x_wconf 80' lang='lat' dir='ltr'><strong>vehementiam</strong></span> 
     </span>
    </p>
   </div>
   <div class='ocr_carea' id='block_1_55' title="bbox 2154 2911 3737 2990">
    <p class='ocr_par' dir='ltr' id='par_1_55' title="bbox 2154 2911 3737 2988">
     <span class='ocr_line' id='line_1_55' title="bbox 2154 2911 3737 2988; baseline 0.004 -23"><span class='ocrx_word' id='word_1_396' title='bbox 2154 2929 2267 2974; x_wconf 87' lang='grc' dir='ltr'>στις</span> <span class='ocrx_word' id='word_1_397' title='bbox 2291 2915 2617 2984; x_wconf 73' lang='grc' dir='ltr'>ἀστήρικτος</span> <span class='ocrx_word' id='word_1_398' title='bbox 2639 2911 2707 2985; x_wconf 86' lang='grc' dir='ltr'>ἦν</span> <span class='ocrx_word' id='word_1_399' title='bbox 2723 2932 2737 2946; x_wconf 81' lang='grc' dir='ltr'><strong>ο</strong></span> <span class='ocrx_word' id='word_1_400' title='bbox 2767 2915 2862 2967; x_wconf 76' lang='grc' dir='ltr'>καὶ</span> <span class='ocrx_word' id='word_1_401' title='bbox 2883 2917 2970 2969; x_wconf 80' lang='grc' dir='ltr'>διὰ</span> <span class='ocrx_word' id='word_1_402' title='bbox 2993 2917 3149 2968; x_wconf 74' lang='grc' dir='ltr'>τοῦτο</span> <span class='ocrx_word' id='word_1_403' title='bbox 3171 2919 3280 2979; x_wconf 71' lang='grc' dir='ltr'>τοῖς</span> <span class='ocrx_word' id='word_1_404' title='bbox 3310 2919 3737 2988; x_wconf 61' lang='grc' dir='ltr'>’παραπίπτουσι</span> 
     </span>
    </p>
   </div>
   <div class='ocr_carea' id='block_1_56' title="bbox 475 2993 2058 3112">
    <p class='ocr_par' dir='ltr' id='par_1_56' title="bbox 475 2993 2045 3077">
     <span class='ocr_line' id='line_1_56' title="bbox 475 2993 2045 3077; baseline -0.001 -13"><span class='ocrx_word' id='word_1_405' title='bbox 475 3010 909 3077; x_wconf 84' lang='lat' dir='ltr'><strong>persecutionum</strong></span> <span class='ocrx_word' id='word_1_406' title='bbox 956 2993 1228 3077; x_wconf 71' lang='lat' dir='ltr'><strong>vixerunt,</strong></span> <span class='ocrx_word' id='word_1_407' title='bbox 1283 3027 1405 3067; x_wconf 88' lang='lat' dir='ltr'><strong>cum</strong></span> <span class='ocrx_word' id='word_1_408' title='bbox 1457 3012 1636 3065; x_wconf 85' lang='lat' dir='ltr'><strong>adhuc</strong></span> <span class='ocrx_word' id='word_1_409' title='bbox 1687 3010 1821 3063; x_wconf 86' lang='lat' dir='ltr'><strong>ﬁdes</strong></span> <span class='ocrx_word' id='word_1_410' title='bbox 1865 3009 2045 3063; x_wconf 88' lang='lat' dir='ltr'><strong>minus</strong></span> 
     </span>
    </p>
   </div>
   <div class='ocr_carea' id='block_1_57' title="bbox 2154 2993 3737 3112">
    <p class='ocr_par' dir='ltr' id='par_1_57' title="bbox 2156 3005 3737 3076">
     <span class='ocr_line' id='line_1_57' title="bbox 2156 3005 3737 3076; baseline 0.007 -21"><span class='ocrx_word' id='word_1_411' title='bbox 2156 3005 2519 3075; x_wconf 79' lang='grc' dir='ltr'>μετριώτερον</span> <span class='ocrx_word' id='word_1_412' title='bbox 2570 3009 2973 3076; x_wconf 73' lang='grc' dir='ltr'>προσεφέροντο</span> <span class='ocrx_word' id='word_1_413' title='bbox 3001 3046 3018 3073; x_wconf 89' lang='grc'><strong>,</strong></span> <span class='ocrx_word' id='word_1_414' title='bbox 3068 3009 3594 3074; x_wconf 79' lang='grc' dir='ltr'>συγκαταϐαίνοντες</span> <span class='ocrx_word' id='word_1_415' title='bbox 3642 3013 3737 3066; x_wconf 69' lang='grc' dir='ltr'>διὰ</span> 
     </span>
    </p>
   </div>
   <div class='ocr_carea' id='block_1_58' title="bbox 477 3096 2060 3170">
    <p class='ocr_par' dir='ltr' id='par_1_58' title="bbox 477 3098 2048 3170">
     <span class='ocr_line' id='line_1_58' title="bbox 477 3098 2048 3170; baseline -0.002 -17"><span class='ocrx_word' id='word_1_416' title='bbox 477 3101 660 3153; x_wconf 84' lang='lat' dir='ltr'><strong>ﬁrmas</strong></span> <span class='ocrx_word' id='word_1_417' title='bbox 690 3099 849 3170; x_wconf 78' lang='lat'><strong>126</strong></span> <span class='ocrx_word' id='word_1_418' title='bbox 879 3102 1088 3163; x_wconf 76' lang='lat' dir='ltr'><strong>radices</strong></span> <span class='ocrx_word' id='word_1_419' title='bbox 1110 3101 1330 3170; x_wconf 73' lang='lat' dir='ltr'><strong>egisset,</strong></span> <span class='ocrx_word' id='word_1_420' title='bbox 1361 3115 1425 3154; x_wconf 90' lang='lat' dir='ltr'><strong>ac</strong></span> <span class='ocrx_word' id='word_1_421' title='bbox 1452 3101 1677 3170; x_wconf 90' lang='lat' dir='ltr'><strong>proinde</strong></span> <span class='ocrx_word' id='word_1_422' title='bbox 1703 3113 1824 3153; x_wconf 90' lang='lat' dir='ltr'><strong>cum</strong></span> <span class='ocrx_word' id='word_1_423' title='bbox 1855 3099 1921 3151; x_wconf 94' lang='lat' dir='ltr'><strong>iis</strong></span> <span class='ocrx_word' id='word_1_424' title='bbox 1957 3098 2048 3167; x_wconf 87' lang='lat' dir='ltr'><strong>qui</strong></span> 
     </span>
    </p>
   </div>
   <div class='ocr_carea' id='block_1_59' title="bbox 2153 3096 3736 3170">
    <p class='ocr_par' dir='ltr' id='par_1_59' title="bbox 2153 3096 3736 3168">
     <span class='ocr_line' id='line_1_59' title="bbox 2153 3096 3736 3168; baseline 0.007 -22"><span class='ocrx_word' id='word_1_425' title='bbox 2153 3097 2251 3163; x_wconf 84' lang='grc' dir='ltr'>τὴν</span> <span class='ocrx_word' id='word_1_426' title='bbox 2283 3096 2529 3164; x_wconf 79' lang='grc' dir='ltr'>ἀνάγκην</span> <span class='ocrx_word' id='word_1_427' title='bbox 2563 3099 2672 3149; x_wconf 88' lang='grc' dir='ltr'>τῶν</span> <span class='ocrx_word' id='word_1_428' title='bbox 2691 3097 2947 3166; x_wconf 82' lang='grc' dir='ltr'>διωγμῶν</span> <span class='ocrx_word' id='word_1_429' title='bbox 2966 3115 2980 3130; x_wconf 80' lang='grc'><em>’</em></span> <span class='ocrx_word' id='word_1_430' title='bbox 3010 3102 3037 3151; x_wconf 90' lang='grc' dir='ltr'>ό</span> <span class='ocrx_word' id='word_1_431' title='bbox 3066 3097 3121 3152; x_wconf 72' lang='grc' dir='ltr'>δὲ</span> <span class='ocrx_word' id='word_1_432' title='bbox 3157 3100 3330 3168; x_wconf 83' lang='grc' dir='ltr'>μέγας</span> <span class='ocrx_word' id='word_1_433' title='bbox 3357 3101 3640 3165; x_wconf 81' lang='grc' dir='ltr'>Βασίλειος</span> <span class='ocrx_word' id='word_1_434' title='bbox 3675 3107 3736 3157; x_wconf 75' lang='grc' dir='ltr'><strong>ἐν</strong></span> 
     </span>
    </p>
   </div>
   <div class='ocr_carea' id='block_1_60' title="bbox 476 3185 2059 3265">
    <p class='ocr_par' dir='ltr' id='par_1_60' title="bbox 476 3185 2052 3258">
     <span class='ocr_line' id='line_1_60' title="bbox 476 3185 2052 3258; baseline -0.001 -18"><span class='ocrx_word' id='word_1_435' title='bbox 476 3189 610 3256; x_wconf 82' lang='lat' dir='ltr'><strong>lapsi</strong></span> <span class='ocrx_word' id='word_1_436' title='bbox 653 3190 885 3255; x_wconf 82' lang='lat' dir='ltr'><strong>fuerant,</strong></span> <span class='ocrx_word' id='word_1_437' title='bbox 912 3190 1095 3246; x_wconf 87' lang='lat' dir='ltr'><strong>mitius</strong></span> <span class='ocrx_word' id='word_1_438' title='bbox 1125 3192 1375 3258; x_wconf 79' lang='lat' dir='ltr'><strong>agebant,</strong></span> <span class='ocrx_word' id='word_1_439' title='bbox 1409 3201 1516 3241; x_wconf 90' lang='lat' dir='ltr'><strong>una</strong></span> <span class='ocrx_word' id='word_1_440' title='bbox 1548 3185 1959 3247; x_wconf 84' lang='lat' dir='ltr'><strong>descendentes,</strong></span> <span class='ocrx_word' id='word_1_441' title='bbox 1984 3185 2052 3239; x_wconf 89' lang='lat' dir='ltr'><strong>ob</strong></span> 
     </span>
    </p>
   </div>
   <div class='ocr_carea' id='block_1_61' title="bbox 2152 3185 3735 3265">
    <p class='ocr_par' dir='ltr' id='par_1_61' title="bbox 2153 3189 3735 3265">
     <span class='ocr_line' id='line_1_61' title="bbox 2153 3189 3735 3265; baseline 0.004 -24"><span class='ocrx_word' id='word_1_442' title='bbox 2153 3189 2329 3259; x_wconf 83' lang='grc' dir='ltr'>καιρῷ</span> <span class='ocrx_word' id='word_1_443' title='bbox 2371 3192 2672 3260; x_wconf 79' lang='grc' dir='ltr'>τυγχάνων,</span> <span class='ocrx_word' id='word_1_444' title='bbox 2705 3192 2793 3244; x_wconf 83' lang='grc' dir='ltr'><strong>ὅτε</strong></span> <span class='ocrx_word' id='word_1_445' title='bbox 2837 3193 2864 3262; x_wconf 56' lang='lat' dir='ltr'><strong>Ii</strong></span> <span class='ocrx_word' id='word_1_446' title='bbox 2916 3192 3100 3256; x_wconf 80' lang='grc' dir='ltr'>πίστις</span> <span class='ocrx_word' id='word_1_447' title='bbox 3134 3194 3469 3264; x_wconf 74' lang='grc' dir='ltr'>ἐπλατύνϐη,</span> <span class='ocrx_word' id='word_1_448' title='bbox 3508 3197 3602 3248; x_wconf 74' lang='grc' dir='ltr'><strong>καὶ</strong></span> <span class='ocrx_word' id='word_1_449' title='bbox 3637 3197 3735 3265; x_wconf 78' lang='grc' dir='ltr'><strong>βε-</strong></span> 
     </span>
    </p>
   </div>
   <div class='ocr_carea' id='block_1_62' title="bbox 479 3276 2062 3355">
    <p class='ocr_par' dir='ltr' id='par_1_62' title="bbox 479 3276 2048 3350">
     <span class='ocr_line' id='line_1_62' title="bbox 479 3276 2048 3350; baseline -0.003 -17"><span class='ocrx_word' id='word_1_450' title='bbox 479 3281 858 3334; x_wconf 88' lang='lat' dir='ltr'><strong>necessitatem</strong></span> <span class='ocrx_word' id='word_1_451' title='bbox 889 3281 1348 3350; x_wconf 75' lang='lat' dir='ltr'><strong>persecutionum.</strong></span> <span class='ocrx_word' id='word_1_452' title='bbox 1379 3280 1601 3348; x_wconf 82' lang='lat' dir='ltr'><strong>Magnus</strong></span> <span class='ocrx_word' id='word_1_453' title='bbox 1644 3292 1771 3331; x_wconf 86' lang='lat' dir='ltr'><strong>vero</strong></span> <span class='ocrx_word' id='word_1_454' title='bbox 1798 3276 2048 3340; x_wconf 81' lang='lat' dir='ltr'><strong>Basilius,</strong></span> 
     </span>
    </p>
   </div>
   <div class='ocr_carea' id='block_1_63' title="bbox 2155 3276 3738 3355">
    <p class='ocr_par' dir='ltr' id='par_1_63' title="bbox 2155 3277 3738 3355">
     <span class='ocr_line' id='line_1_63' title="bbox 2155 3277 3738 3355; baseline 0.008 -25"><span class='ocrx_word' id='word_1_455' title='bbox 2155 3277 2408 3349; x_wconf 78' lang='grc' dir='ltr'>δαιοτέρα</span> <span class='ocrx_word' id='word_1_456' title='bbox 2433 3283 2668 3347; x_wconf 81' lang='grc' dir='ltr'>ἐγένετο,</span> <span class='ocrx_word' id='word_1_457' title='bbox 2705 3283 2773 3334; x_wconf 87' lang='grc' dir='ltr'>τὰ</span> <span class='ocrx_word' id='word_1_458' title='bbox 2803 3283 2860 3334; x_wconf 82' lang='grc' dir='ltr'>δὲ</span> <span class='ocrx_word' id='word_1_459' title='bbox 2895 3283 2989 3335; x_wconf 78' lang='grc' dir='ltr'>τοῦ</span> <span class='ocrx_word' id='word_1_460' title='bbox 3037 3284 3395 3355; x_wconf 83' lang='grc' dir='ltr'>Ἑλληνισμοῦ</span> <span class='ocrx_word' id='word_1_461' title='bbox 3425 3287 3504 3348; x_wconf 83' lang='grc' dir='ltr'>εἰς</span> <span class='ocrx_word' id='word_1_462' title='bbox 3544 3289 3738 3343; x_wconf 66' lang='grc' dir='ltr'>στενὸν</span> 
     </span>
    </p>
   </div>
   <div class='ocr_carea' id='block_1_64' title="bbox 479 3368 2062 3448">
    <p class='ocr_par' dir='ltr' id='par_1_64' title="bbox 479 3368 2051 3442">
     <span class='ocr_line' id='line_1_64' title="bbox 479 3368 2051 3442; baseline -0.003 -17"><span class='ocrx_word' id='word_1_463' title='bbox 479 3386 602 3425; x_wconf 86' lang='lat' dir='ltr'><strong>cum</strong></span> <span class='ocrx_word' id='word_1_464' title='bbox 647 3387 746 3442; x_wconf 90' lang='lat' dir='ltr'><strong>per</strong></span> <span class='ocrx_word' id='word_1_465' title='bbox 776 3387 840 3426; x_wconf 89' lang='lat' dir='ltr'><strong>ea</strong></span> <span class='ocrx_word' id='word_1_466' title='bbox 887 3384 1127 3441; x_wconf 90' lang='lat' dir='ltr'><strong>tempora</strong></span> <span class='ocrx_word' id='word_1_467' title='bbox 1161 3373 1384 3437; x_wconf 88' lang='lat' dir='ltr'><strong>viveret,</strong></span> <span class='ocrx_word' id='word_1_468' title='bbox 1427 3371 1622 3441; x_wconf 87' lang='lat' dir='ltr'><strong>quibus</strong></span> <span class='ocrx_word' id='word_1_469' title='bbox 1657 3369 1758 3422; x_wconf 89' lang='lat' dir='ltr'><strong>late</strong></span> <span class='ocrx_word' id='word_1_470' title='bbox 1791 3368 1904 3423; x_wconf 78' lang='lat' dir='ltr'><strong>lusa</strong></span> <span class='ocrx_word' id='word_1_471' title='bbox 1932 3377 2051 3422; x_wconf 86' lang='lat' dir='ltr'><strong>erat</strong></span> 
     </span>
    </p>
   </div>
   <div class='ocr_carea' id='block_1_65' title="bbox 2157 3368 3740 3448">
    <p class='ocr_par' dir='ltr' id='par_1_65' title="bbox 2157 3371 3740 3448">
     <span class='ocr_line' id='line_1_65' title="bbox 2157 3371 3740 3448; baseline 0.007 -27"><span class='ocrx_word' id='word_1_472' title='bbox 2157 3371 2496 3439; x_wconf 83' lang='grc' dir='ltr'>κατήντησαν</span> <span class='ocrx_word' id='word_1_473' title='bbox 2549 3373 2768 3443; x_wconf 80' lang='grc' dir='ltr'>κομιδῆ,</span> <span class='ocrx_word' id='word_1_474' title='bbox 2806 3377 2916 3437; x_wconf 77' lang='grc' dir='ltr'>τοῖς</span> <span class='ocrx_word' id='word_1_475' title='bbox 2976 3376 3334 3446; x_wconf 79' lang='grc' dir='ltr'>ἀρνουμένοις</span> <span class='ocrx_word' id='word_1_476' title='bbox 3391 3379 3490 3448; x_wconf 81' lang='grc' dir='ltr'><strong>τὴν</strong></span> <span class='ocrx_word' id='word_1_477' title='bbox 3541 3382 3740 3434; x_wconf 83' lang='grc' dir='ltr'>πίστιν</span> 
     </span>
    </p>
   </div>
   <div class='ocr_carea' id='block_1_66' title="bbox 479 3453 2062 3542">
    <p class='ocr_par' dir='ltr' id='par_1_66' title="bbox 479 3461 2049 3535">
     <span class='ocr_line' id='line_1_66' title="bbox 479 3461 2049 3535; baseline -0.003 -17"><span class='ocrx_word' id='word_1_478' title='bbox 479 3464 632 3530; x_wconf 87' lang='lat' dir='ltr'><strong>ﬁdes,</strong></span> <span class='ocrx_word' id='word_1_479' title='bbox 672 3479 734 3535; x_wconf 79' lang='lat' dir='ltr'><strong>ac</strong></span> <span class='ocrx_word' id='word_1_480' title='bbox 768 3465 974 3534; x_wconf 84' lang='lat' dir='ltr'><strong>ﬁrmior</strong></span> <span class='ocrx_word' id='word_1_481' title='bbox 1001 3464 1168 3527; x_wconf 81' lang='lat' dir='ltr'><strong>facta,</strong></span> <span class='ocrx_word' id='word_1_482' title='bbox 1202 3478 1290 3518; x_wconf 89' lang='lat' dir='ltr'><strong>res</strong></span> <span class='ocrx_word' id='word_1_483' title='bbox 1322 3475 1503 3517; x_wconf 90' lang='lat' dir='ltr'><strong>autem</strong></span> <span class='ocrx_word' id='word_1_484' title='bbox 1531 3461 1840 3516; x_wconf 52' lang='lat' dir='ltr'><strong>Graecorum</strong></span> <span class='ocrx_word' id='word_1_485' title='bbox 1868 3461 1922 3513; x_wconf 93' lang='lat' dir='ltr'><strong>iu</strong></span> <span class='ocrx_word' id='word_1_486' title='bbox 1950 3474 2049 3513; x_wconf 88' lang='lat' dir='ltr'><strong>an-</strong></span> 
     </span>
    </p>
   </div>
   <div class='ocr_carea' id='block_1_67' title="bbox 2159 3453 3742 3542">
    <p class='ocr_par' dir='ltr' id='par_1_67' title="bbox 2159 3453 3742 3542">
     <span class='ocr_line' id='line_1_67' title="bbox 2159 3453 3742 3542; baseline 0.009 -28"><span class='ocrx_word' id='word_1_487' title='bbox 2159 3463 2506 3533; x_wconf 81' lang='grc' dir='ltr'>σφοδρότερον</span> <span class='ocrx_word' id='word_1_488' title='bbox 2535 3467 2928 3535; x_wconf 83' lang='grc' dir='ltr'>προσεφέρετο,</span> <span class='ocrx_word' id='word_1_489' title='bbox 2953 3453 3029 3530; x_wconf 82' lang='grc' dir='ltr'>ὦς</span> <span class='ocrx_word' id='word_1_490' title='bbox 3055 3469 3316 3531; x_wconf 79' lang='grc' dir='ltr'>ἑκουσίως</span> <span class='ocrx_word' id='word_1_491' title='bbox 3343 3471 3437 3524; x_wconf 72' lang='grc' dir='ltr'><strong>καὶ</strong></span> <span class='ocrx_word' id='word_1_492' title='bbox 3468 3470 3593 3540; x_wconf 81' lang='grc' dir='ltr'>βίας</span> <span class='ocrx_word' id='word_1_493' title='bbox 3624 3493 3742 3542; x_wconf 81' lang='grc' dir='ltr'><strong>χω-</strong></span> 
     </span>
    </p>
   </div>
   <div class='ocr_carea' id='block_1_68' title="bbox 479 3553 2062 3631">
    <p class='ocr_par' dir='ltr' id='par_1_68' title="bbox 479 3553 2051 3623">
     <span class='ocr_line' id='line_1_68' title="bbox 479 3553 2051 3623; baseline -0.001 -16"><span class='ocrx_word' id='word_1_494' title='bbox 479 3567 694 3623; x_wconf 84' lang='lat' dir='ltr'><strong>gustum</strong></span> <span class='ocrx_word' id='word_1_495' title='bbox 719 3557 876 3610; x_wconf 88' lang='lat' dir='ltr'><strong>valde</strong></span> <span class='ocrx_word' id='word_1_496' title='bbox 905 3567 1218 3619; x_wconf 67' lang='lat' dir='ltr'><strong>contractae,</strong></span> <span class='ocrx_word' id='word_1_497' title='bbox 1246 3554 1298 3609; x_wconf 89' lang='lat' dir='ltr'><strong>in</strong></span> <span class='ocrx_word' id='word_1_498' title='bbox 1327 3568 1419 3608; x_wconf 87' lang='lat' dir='ltr'><strong>eos</strong></span> <span class='ocrx_word' id='word_1_499' title='bbox 1463 3555 1551 3621; x_wconf 87' lang='lat' dir='ltr'><strong>qui</strong></span> <span class='ocrx_word' id='word_1_500' title='bbox 1580 3553 1737 3607; x_wconf 87' lang='lat' dir='ltr'><strong>Iidem</strong></span> <span class='ocrx_word' id='word_1_501' title='bbox 1761 3560 2051 3620; x_wconf 77' lang='lat' dir='ltr'><strong>negassent</strong></span> 
     </span>
    </p>
   </div>
   <div class='ocr_carea' id='block_1_69' title="bbox 2156 3553 3739 3631">
    <p class='ocr_par' dir='ltr' id='par_1_69' title="bbox 2156 3553 3739 3631">
     <span class='ocr_line' id='line_1_69' title="bbox 2156 3553 3739 3631; baseline 0.008 -26"><span class='ocrx_word' id='word_1_502' title='bbox 2156 3553 2236 3622; x_wconf 70' lang='grc' dir='ltr'>ρὶς</span> <span class='ocrx_word' id='word_1_503' title='bbox 2264 3555 2697 3624; x_wconf 80' lang='grc' dir='ltr'>παραπίπτουσι,</span> <span class='ocrx_word' id='word_1_504' title='bbox 2748 3560 2842 3610; x_wconf 77' lang='grc' dir='ltr'><strong>καὶ</strong></span> <span class='ocrx_word' id='word_1_505' title='bbox 2869 3558 2973 3612; x_wconf 57' lang='grc' dir='ltr'><strong>διὰν</strong></span> <span class='ocrx_word' id='word_1_506' title='bbox 3002 3559 3163 3612; x_wconf 79' lang='grc' dir='ltr'>τοῦτο</span> <span class='ocrx_word' id='word_1_507' title='bbox 3187 3563 3592 3631; x_wconf 78' lang='grc' dir='ltr'>ὰκοινωνήτους</span> <span class='ocrx_word' id='word_1_508' title='bbox 3627 3567 3739 3617; x_wconf 75' lang='grc' dir='ltr'><strong>αὖ·-</strong></span> 
     </span>
    </p>
   </div>
   <div class='ocr_carea' id='block_1_70' title="bbox 479 3643 2062 3720">
    <p class='ocr_par' dir='ltr' id='par_1_70' title="bbox 479 3643 2047 3715">
     <span class='ocr_line' id='line_1_70' title="bbox 479 3643 2047 3715; baseline -0.003 -14"><span class='ocrx_word' id='word_1_509' title='bbox 479 3649 804 3701; x_wconf 83' lang='lat' dir='ltr'><strong>severiorem</strong></span> <span class='ocrx_word' id='word_1_510' title='bbox 839 3661 896 3701; x_wconf 85' lang='lat' dir='ltr'><strong>se</strong></span> <span class='ocrx_word' id='word_1_511' title='bbox 925 3646 1174 3715; x_wconf 66' lang='lat' dir='ltr'><strong>praebuit,</strong></span> <span class='ocrx_word' id='word_1_512' title='bbox 1200 3646 1340 3714; x_wconf 89' lang='lat' dir='ltr'><strong>quod</strong></span> <span class='ocrx_word' id='word_1_513' title='bbox 1370 3652 1581 3715; x_wconf 90' lang='lat' dir='ltr'><strong>sponte,</strong></span> <span class='ocrx_word' id='word_1_514' title='bbox 1614 3655 1668 3699; x_wconf 93' lang='lat' dir='ltr'><strong>et</strong></span> <span class='ocrx_word' id='word_1_515' title='bbox 1701 3645 1818 3700; x_wconf 89' lang='lat' dir='ltr'><strong>sine</strong></span> <span class='ocrx_word' id='word_1_516' title='bbox 1841 3646 1889 3698; x_wconf 92' lang='lat' dir='ltr'><strong>vi</strong></span> <span class='ocrx_word' id='word_1_517' title='bbox 1914 3643 2047 3713; x_wconf 84' lang='lat' dir='ltr'><strong>lapsi</strong></span> 
     </span>
    </p>
   </div>
   <div class='ocr_carea' id='block_1_71' title="bbox 1466 3643 3049 3720">
    <p class='ocr_par' dir='ltr' id='par_1_71' title="bbox 1470 3643 3049 3720">
     <span class='ocr_line' id='line_1_71' title="bbox 1470 3643 3049 3720; baseline 0.003 -22"><span class='ocrx_word' id='word_1_518' title='bbox 1470 3652 1581 3710; x_wconf 90' lang='lat' dir='ltr'><strong>nte,</strong></span> <span class='ocrx_word' id='word_1_519' title='bbox 1614 3655 1668 3699; x_wconf 89' lang='lat' dir='ltr'><strong>et</strong></span> <span class='ocrx_word' id='word_1_520' title='bbox 1701 3645 1818 3700; x_wconf 86' lang='lat' dir='ltr'><strong>sine</strong></span> <span class='ocrx_word' id='word_1_521' title='bbox 1841 3646 1889 3698; x_wconf 91' lang='lat' dir='ltr'><strong>vi</strong></span> <span class='ocrx_word' id='word_1_522' title='bbox 1914 3643 2047 3713; x_wconf 86' lang='lat' dir='ltr'><strong>lapsi</strong></span> <span class='ocrx_word' id='word_1_523' title='bbox 2148 3645 2273 3710; x_wconf 82' lang='grc' dir='ltr'>τοὺς</span> <span class='ocrx_word' id='word_1_524' title='bbox 2301 3646 2388 3701; x_wconf 85' lang='grc' dir='ltr'><strong>διὰ</strong></span> <span class='ocrx_word' id='word_1_525' title='bbox 2430 3648 2547 3718; x_wconf 88' lang='grc' dir='ltr'>βίου</span> <span class='ocrx_word' id='word_1_526' title='bbox 2574 3651 2756 3719; x_wconf 83' lang='grc' dir='ltr'>μένειν</span> <span class='ocrx_word' id='word_1_527' title='bbox 2789 3651 3049 3720; x_wconf 80' lang='grc' dir='ltr'>ὡρίσατο.</span> 
     </span>
    </p>
   </div>
   <div class='ocr_carea' id='block_1_72' title="bbox 478 3735 2064 3808">
    <p class='ocr_par' dir='ltr' id='par_1_72' title="bbox 478 3735 2064 3808">
     <span class='ocr_line' id='line_1_72' title="bbox 478 3735 2064 3808; baseline -0.003 -15"><span class='ocrx_word' id='word_1_528' title='bbox 478 3747 626 3802; x_wconf 87' lang='lat' dir='ltr'><strong>sunt,</strong></span> <span class='ocrx_word' id='word_1_529' title='bbox 662 3753 725 3792; x_wconf 86' lang='lat' dir='ltr'><strong>ac</strong></span> <span class='ocrx_word' id='word_1_530' title='bbox 751 3749 1032 3808; x_wconf 87' lang='lat' dir='ltr'><strong>propterea</strong></span> <span class='ocrx_word' id='word_1_531' title='bbox 1065 3748 1176 3793; x_wconf 91' lang='lat' dir='ltr'><strong>toto</strong></span> <span class='ocrx_word' id='word_1_532' title='bbox 1207 3739 1330 3792; x_wconf 66' lang='lat' dir='ltr'><strong>vitae</strong></span> <span class='ocrx_word' id='word_1_533' title='bbox 1361 3746 1623 3808; x_wconf 86' lang='lat' dir='ltr'><strong>tempore,</strong></span> <span class='ocrx_word' id='word_1_534' title='bbox 1654 3735 2064 3792; x_wconf 84' lang='lat' dir='ltr'><strong>communionis.</strong></span> 
     </span>
    </p>
   </div>
   <div class='ocr_carea' id='block_1_73' title="bbox 479 3829 1403 3899">
    <p class='ocr_par' dir='ltr' id='par_1_73' title="bbox 479 3829 1403 3899">
     <span class='ocr_line' id='line_1_73' title="bbox 479 3829 1403 3899; baseline 0.001 -18"><span class='ocrx_word' id='word_1_535' title='bbox 479 3839 731 3894; x_wconf 82' lang='lat' dir='ltr'><strong>expertes</strong></span> <span class='ocrx_word' id='word_1_536' title='bbox 779 3830 924 3898; x_wconf 85' lang='lat' dir='ltr'><strong>ipsos</strong></span> <span class='ocrx_word' id='word_1_537' title='bbox 967 3843 1186 3884; x_wconf 90' lang='lat' dir='ltr'><strong>manere</strong></span> <span class='ocrx_word' id='word_1_538' title='bbox 1210 3829 1403 3899; x_wconf 83' lang='lat' dir='ltr'><strong>jussit.</strong></span> 
     </span>
    </p>
   </div>
   <div class='ocr_carea' id='block_1_74' title="bbox 477 3915 2060 3993">
    <p class='ocr_par' dir='ltr' id='par_1_74' title="bbox 477 3916 2046 3990">
     <span class='ocr_line' id='line_1_74' title="bbox 477 3916 2046 3990; baseline -0.001 -17"><span class='ocrx_word' id='word_1_539' title='bbox 477 3917 706 3973; x_wconf 73' lang='lat' dir='ltr'><strong>ARIST.</strong></span> <span class='ocrx_word' id='word_1_540' title='bbox 741 3919 843 3986; x_wconf 86' lang='lat' dir='ltr'><strong>Qui</strong></span> <span class='ocrx_word' id='word_1_541' title='bbox 876 3919 1155 3975; x_wconf 83' lang='lat' dir='ltr'><strong>Christum</strong></span> <span class='ocrx_word' id='word_1_542' title='bbox 1193 3918 1428 3990; x_wconf 77' lang='lat' dir='ltr'><strong>negavit,</strong></span> <span class='ocrx_word' id='word_1_543' title='bbox 1464 3928 1629 3974; x_wconf 91' lang='lat' dir='ltr'><strong>totam</strong></span> <span class='ocrx_word' id='word_1_544' title='bbox 1675 3919 1837 3973; x_wconf 89' lang='lat' dir='ltr'><strong>vitam</strong></span> <span class='ocrx_word' id='word_1_545' title='bbox 1869 3916 2046 3989; x_wconf 63' lang='lat' dir='ltr'><strong>poeni-</strong></span> 
     </span>
    </p>
   </div>
   <div class='ocr_carea' id='block_1_75' title="bbox 2152 3915 3735 3993">
    <p class='ocr_par' dir='ltr' id='par_1_75' title="bbox 2221 3915 3735 3993">
     <span class='ocr_line' id='line_1_75' title="bbox 2221 3915 3735 3993; baseline 0.006 -25"><span class='ocrx_word' id='word_1_546' title='bbox 2221 3916 2443 3970; x_wconf 86' lang='grc' dir='ltr'><strong>ΑΡΙΣΤ.</strong></span> <span class='ocrx_word' id='word_1_547' title='bbox 2494 3915 2556 3970; x_wconf 88' lang='lat'><strong>&#39;0</strong></span> <span class='ocrx_word' id='word_1_548' title='bbox 2621 3918 3038 3989; x_wconf 75' lang='grc' dir='ltr'>ἀρνησίχριστος</span> <span class='ocrx_word' id='word_1_549' title='bbox 3078 3920 3166 3974; x_wconf 84' lang='grc' dir='ltr'>διὰ</span> <span class='ocrx_word' id='word_1_550' title='bbox 3224 3921 3341 3991; x_wconf 88' lang='grc' dir='ltr'>βίου</span> <span class='ocrx_word' id='word_1_551' title='bbox 3412 3923 3735 3993; x_wconf 74' lang='grc' dir='ltr'>μεταμέλε-</span> 
     </span>
    </p>
   </div>
   <div class='ocr_carea' id='block_1_76' title="bbox 1061 4011 2644 4081">
    <p class='ocr_par' dir='ltr' id='par_1_76' title="bbox 1061 4011 1455 4081">
     <span class='ocr_line' id='line_1_76' title="bbox 1061 4011 1455 4081; baseline -0.003 -16"><span class='ocrx_word' id='word_1_552' title='bbox 1061 4011 1282 4066; x_wconf 84' lang='lat' dir='ltr'><strong>tentiam</strong></span> <span class='ocrx_word' id='word_1_553' title='bbox 1313 4022 1455 4081; x_wconf 81' lang='lat' dir='ltr'><strong>aget.</strong></span> 
     </span>
    </p>
   </div>
   <div class='ocr_carea' id='block_1_77' title="bbox 1429 4011 3012 4081">
    <p class='ocr_par' dir='ltr' id='par_1_77' title="bbox 1429 4012 3012 4066">
     <span class='ocr_line' id='line_1_77' title="bbox 1429 4012 3012 4066; baseline 0.001 -3"><span class='ocrx_word' id='word_1_554' title='bbox 1429 4050 1455 4064; x_wconf 91' lang='lat'><strong>..</strong></span> <span class='ocrx_word' id='word_1_555' title='bbox 2865 4012 3012 4066; x_wconf 87' lang='grc' dir='ltr'>σθαι.</span> 
     </span>
    </p>
   </div>
   <div class='ocr_carea' id='block_1_78' title="bbox 547 4101 2130 4176">
    <p class='ocr_par' dir='ltr' id='par_1_78' title="bbox 547 4101 2048 4170">
     <span class='ocr_line' id='line_1_78' title="bbox 547 4101 2048 4170; baseline -0.001 -14"><span class='ocrx_word' id='word_1_556' title='bbox 547 4102 652 4168; x_wconf 84' lang='lat' dir='ltr'><strong>Qui</strong></span> <span class='ocrx_word' id='word_1_557' title='bbox 697 4101 974 4158; x_wconf 88' lang='lat' dir='ltr'><strong>Christum</strong></span> <span class='ocrx_word' id='word_1_558' title='bbox 1009 4102 1246 4170; x_wconf 80' lang='lat' dir='ltr'><strong>negavit,</strong></span> <span class='ocrx_word' id='word_1_559' title='bbox 1294 4111 1464 4156; x_wconf 91' lang='lat' dir='ltr'><strong>totum</strong></span> <span class='ocrx_word' id='word_1_560' title='bbox 1508 4101 1632 4156; x_wconf 78' lang='lat' dir='ltr'><strong>vitae</strong></span> <span class='ocrx_word' id='word_1_561' title='bbox 1679 4116 1790 4156; x_wconf 70' lang='lat' dir='ltr'><strong>suae</strong></span> <span class='ocrx_word' id='word_1_562' title='bbox 1841 4108 2048 4170; x_wconf 90' lang='lat' dir='ltr'><strong>tempus</strong></span> 
     </span>
    </p>
   </div>
   <div class='ocr_carea' id='block_1_79' title="bbox 2153 4101 3736 4176">
    <p class='ocr_par' dir='ltr' id='par_1_79' title="bbox 2248 4101 3736 4176">
     <span class='ocr_line' id='line_1_79' title="bbox 2248 4101 3736 4176; baseline 0.005 -23"><span class='ocrx_word' id='word_1_563' title='bbox 2248 4103 2289 4154; x_wconf 92' lang='grc' dir='ltr'><strong>Ο</strong></span> <span class='ocrx_word' id='word_1_564' title='bbox 2323 4101 2414 4153; x_wconf 78' lang='grc' dir='ltr'><strong>τὸν</strong></span> <span class='ocrx_word' id='word_1_565' title='bbox 2447 4102 2681 4171; x_wconf 82' lang='grc' dir='ltr'>Χριστὸν</span> <span class='ocrx_word' id='word_1_566' title='bbox 2714 4104 3090 4172; x_wconf 83' lang='grc' dir='ltr'>ἀρνησάμενος</span> <span class='ocrx_word' id='word_1_567' title='bbox 3125 4104 3304 4156; x_wconf 76' lang='grc' dir='ltr'>πάντα</span> <span class='ocrx_word' id='word_1_568' title='bbox 3329 4104 3418 4158; x_wconf 81' lang='grc' dir='ltr'><strong>τὸν</strong></span> <span class='ocrx_word' id='word_1_569' title='bbox 3441 4104 3539 4174; x_wconf 78' lang='grc' dir='ltr'>τῆς</span> <span class='ocrx_word' id='word_1_570' title='bbox 3569 4107 3736 4176; x_wconf 78' lang='grc' dir='ltr'>ζωῆς</span> 
     </span>
    </p>
   </div>
   <div class='ocr_carea' id='block_1_80' title="bbox 476 4191 2059 4272">
    <p class='ocr_par' dir='ltr' id='par_1_80' title="bbox 476 4191 2047 4261">
     <span class='ocr_line' id='line_1_80' title="bbox 476 4191 2047 4261; baseline 0 -15"><span class='ocrx_word' id='word_1_571' title='bbox 476 4192 676 4246; x_wconf 81' lang='lat' dir='ltr'><strong>deﬂere</strong></span> <span class='ocrx_word' id='word_1_572' title='bbox 718 4193 895 4259; x_wconf 86' lang='lat' dir='ltr'><strong>debet,</strong></span> <span class='ocrx_word' id='word_1_573' title='bbox 927 4201 981 4248; x_wconf 91' lang='lat' dir='ltr'><strong>et</strong></span> <span class='ocrx_word' id='word_1_574' title='bbox 1007 4194 1061 4246; x_wconf 93' lang='lat' dir='ltr'><strong>in</strong></span> <span class='ocrx_word' id='word_1_575' title='bbox 1093 4191 1215 4245; x_wconf 81' lang='lat' dir='ltr'><strong>vitae</strong></span> <span class='ocrx_word' id='word_1_576' title='bbox 1254 4192 1400 4245; x_wconf 86' lang='lat' dir='ltr'><strong>exitu</strong></span> <span class='ocrx_word' id='word_1_577' title='bbox 1447 4192 1823 4248; x_wconf 89' lang='lat' dir='ltr'><strong>communione</strong></span> <span class='ocrx_word' id='word_1_578' title='bbox 1854 4192 2047 4261; x_wconf 79' lang='lat' dir='ltr'><strong>dignus</strong></span> 
     </span>
    </p>
   </div>
   <div class='ocr_carea' id='block_1_81' title="bbox 2157 4191 3740 4272">
    <p class='ocr_par' dir='ltr' id='par_1_81' title="bbox 2157 4192 3740 4272">
     <span class='ocr_line' id='line_1_81' title="bbox 2157 4192 3740 4272; baseline 0.004 -28"><span class='ocrx_word' id='word_1_579' title='bbox 2157 4192 2313 4245; x_wconf 73' lang='grc' dir='ltr'>αὑτοῦ</span> <span class='ocrx_word' id='word_1_580' title='bbox 2344 4194 2533 4263; x_wconf 79' lang='grc' dir='ltr'>χρόνον</span> <span class='ocrx_word' id='word_1_581' title='bbox 2563 4194 2767 4261; x_wconf 78' lang='grc' dir='ltr'>ὀιρείλει</span> <span class='ocrx_word' id='word_1_582' title='bbox 2819 4195 3172 4264; x_wconf 76' lang='grc' dir='ltr'>προσκλαίειν</span> <span class='ocrx_word' id='word_1_583' title='bbox 3196 4212 3211 4227; x_wconf 74' lang='grc' dir='ltr'><strong>ο</strong></span> <span class='ocrx_word' id='word_1_584' title='bbox 3259 4198 3317 4248; x_wconf 79' lang='grc' dir='ltr'><strong>ὲν</strong></span> <span class='ocrx_word' id='word_1_585' title='bbox 3347 4196 3404 4250; x_wconf 77' lang='grc' dir='ltr'>δὲ</span> <span class='ocrx_word' id='word_1_586' title='bbox 3457 4201 3522 4268; x_wconf 79' lang='grc' dir='ltr'>τῇ</span> <span class='ocrx_word' id='word_1_587' title='bbox 3556 4198 3740 4272; x_wconf 77' lang='grc' dir='ltr'>ἐξόδῳ</span> 
     </span>
    </p>
   </div>
   <div class='ocr_carea' id='block_1_82' title="bbox 472 4278 2055 4354">
    <p class='ocr_par' dir='ltr' id='par_1_82' title="bbox 472 4278 810 4350">
     <span class='ocr_line' id='line_1_82' title="bbox 472 4278 810 4350; baseline -0.003 -16"><span class='ocrx_word' id='word_1_588' title='bbox 472 4283 768 4350; x_wconf 85' lang='lat' dir='ltr'><strong>judicetur.</strong></span> <span class='ocrx_word' id='word_1_589' title='bbox 808 4278 810 4281; x_wconf 83' lang='grc'><em>’</em></span> 
     </span>
    </p>
   </div>
   <div class='ocr_carea' id='block_1_83' title="bbox 1566 4278 3149 4354">
    <p class='ocr_par' dir='ltr' id='par_1_83' title="bbox 2147 4284 3149 4354">
     <span class='ocr_line' id='line_1_83' title="bbox 2147 4284 3149 4354; baseline 0.002 -16"><span class='ocrx_word' id='word_1_590' title='bbox 2147 4284 2240 4338; x_wconf 84' lang='grc' dir='ltr'><strong>τοῦ</strong></span> <span class='ocrx_word' id='word_1_591' title='bbox 2269 4284 2384 4354; x_wconf 84' lang='grc' dir='ltr'>βίου</span> <span class='ocrx_word' id='word_1_592' title='bbox 2417 4285 2686 4350; x_wconf 76' lang='grc' dir='ltr'>ἀξιούσθω</span> <span class='ocrx_word' id='word_1_593' title='bbox 2717 4287 2818 4354; x_wconf 78' lang='grc' dir='ltr'>τῆς</span> <span class='ocrx_word' id='word_1_594' title='bbox 2842 4287 3149 4350; x_wconf 85' lang='grc' dir='ltr'>κοινωνίας.</span> 
     </span>
    </p>
   </div>
   <div class='ocr_carea' id='block_1_84' title="bbox 1077 4370 2660 4447">
    <p class='ocr_par' dir='ltr' id='par_1_84' title="bbox 1077 4370 2122 4447">
     <span class='ocr_line' id='line_1_84' title="bbox 1077 4370 2122 4447; baseline 0.003 -19"><span class='ocrx_word' id='word_1_595' title='bbox 1077 4370 1303 4428; x_wconf 66' lang='lat' dir='ltr'><strong>canon</strong></span> <span class='ocrx_word' id='word_1_596' title='bbox 1339 4370 1572 4428; x_wconf 80' lang='lat' dir='ltr'><strong>LXXIV.</strong></span> <span class='ocrx_word' id='word_1_597' title='bbox 2077 4391 2122 4447; x_wconf 82' lang='grc' dir='ltr'><strong>ι)</strong></span> 
     </span>
    </p>
   </div>
   <div class='ocr_carea' id='block_1_85' title="bbox 1550 4370 3133 4447">
    <p class='ocr_par' dir='ltr' id='par_1_85' title="bbox 1550 4377 3133 4447">
     <span class='ocr_line' id='line_1_85' title="bbox 1550 4377 3133 4447; baseline 0.002 -19"><span class='ocrx_word' id='word_1_598' title='bbox 1550 4377 1572 4428; x_wconf 17' lang='grc' dir='ltr'><strong>γ.</strong></span> <span class='ocrx_word' id='word_1_599' title='bbox 2077 4391 2122 4447; x_wconf 80' lang='grc' dir='ltr'><strong>ι)</strong></span> <span class='ocrx_word' id='word_1_600' title='bbox 2727 4378 2966 4431; x_wconf 76' lang='grc' dir='ltr'><strong>ΚΑΝΩΝ</strong></span> <span class='ocrx_word' id='word_1_601' title='bbox 3015 4377 3133 4432; x_wconf 74' lang='grc' dir='ltr'><strong>οΔο.</strong></span> 
     </span>
    </p>
   </div>
   <div class='ocr_carea' id='block_1_86' title="bbox 482 4459 2065 4542">
    <p class='ocr_par' dir='ltr' id='par_1_86' title="bbox 482 4459 2046 4532">
     <span class='ocr_line' id='line_1_86' title="bbox 482 4459 2046 4532; baseline -0.001 -14"><span class='ocrx_word' id='word_1_602' title='bbox 482 4461 539 4518; x_wconf 86' lang='lat' dir='ltr'><strong>Si</strong></span> <span class='ocrx_word' id='word_1_603' title='bbox 571 4469 757 4515; x_wconf 88' lang='lat' dir='ltr'><strong>autem</strong></span> <span class='ocrx_word' id='word_1_604' title='bbox 790 4459 1162 4530; x_wconf 89' lang='lat' dir='ltr'><strong>unusquisque</strong></span> <span class='ocrx_word' id='word_1_605' title='bbox 1197 4476 1382 4515; x_wconf 92' lang='lat' dir='ltr'><strong>eorum</strong></span> <span class='ocrx_word' id='word_1_606' title='bbox 1414 4462 1504 4531; x_wconf 92' lang='lat' dir='ltr'><strong>qui</strong></span> <span class='ocrx_word' id='word_1_607' title='bbox 1537 4463 1588 4516; x_wconf 92' lang='lat' dir='ltr'><strong>in</strong></span> <span class='ocrx_word' id='word_1_608' title='bbox 1623 4461 1890 4532; x_wconf 75' lang='lat' dir='ltr'><strong>pramictis</strong></span> <span class='ocrx_word' id='word_1_609' title='bbox 1915 4476 2046 4530; x_wconf 80' lang='lat' dir='ltr'><strong>pec-</strong></span> 
     </span>
    </p>
   </div>
   <div class='ocr_carea' id='block_1_87' title="bbox 2154 4459 3737 4542">
    <p class='ocr_par' dir='ltr' id='par_1_87' title="bbox 2163 4462 3737 4542">
     <span class='ocr_line' id='line_1_87' title="bbox 2163 4462 3737 4542; baseline 0.007 -25"><span class='ocrx_word' id='word_1_610' title='bbox 2163 4462 2290 4519; x_wconf 75' lang='grc' dir='ltr'><strong>Ἐὰν</strong></span> <span class='ocrx_word' id='word_1_611' title='bbox 2323 4466 2507 4534; x_wconf 84' lang='grc' dir='ltr'>μέντοι</span> <span class='ocrx_word' id='word_1_612' title='bbox 2532 4467 2760 4529; x_wconf 74' lang='grc' dir='ltr'>ἕκαστος</span> <span class='ocrx_word' id='word_1_613' title='bbox 2786 4469 2895 4520; x_wconf 80' lang='grc' dir='ltr'><strong>τῶν</strong></span> <span class='ocrx_word' id='word_1_614' title='bbox 2940 4471 2997 4522; x_wconf 88' lang='grc' dir='ltr'>ὲν</span> <span class='ocrx_word' id='word_1_615' title='bbox 3043 4473 3157 4533; x_wconf 84' lang='grc' dir='ltr'>τοῖς</span> <span class='ocrx_word' id='word_1_616' title='bbox 3199 4478 3737 4542; x_wconf 83' lang='grc' dir='ltr'>προγεγραμμένοις</span> 
     </span>
    </p>
   </div>
   <div class='ocr_carea' id='block_1_88' title="bbox 551 4550 2134 4633">
    <p class='ocr_par' dir='ltr' id='par_1_88' title="bbox 551 4550 2046 4630">
     <span class='ocr_line' id='line_1_88' title="bbox 551 4550 2046 4630; baseline 0 -22"><span class='ocrx_word' id='word_1_617' title='bbox 551 4552 690 4608; x_wconf 83' lang='lat' dir='ltr'><strong>catis</strong></span> <span class='ocrx_word' id='word_1_618' title='bbox 722 4551 894 4617; x_wconf 81' lang='lat' dir='ltr'><strong>fuere,</strong></span> <span class='ocrx_word' id='word_1_619' title='bbox 930 4550 1209 4630; x_wconf 77' lang='lat' dir='ltr'><strong>confessus</strong></span> <span class='ocrx_word' id='word_1_620' title='bbox 1274 4553 1451 4608; x_wconf 86' lang='lat' dir='ltr'><strong>bonus</strong></span> <span class='ocrx_word' id='word_1_621' title='bbox 1495 4557 1747 4618; x_wconf 80' lang='lat' dir='ltr'><strong>evaserit,</strong></span> <span class='ocrx_word' id='word_1_622' title='bbox 1797 4565 1851 4607; x_wconf 89' lang='lat' dir='ltr'><strong>et</strong></span> <span class='ocrx_word' id='word_1_623' title='bbox 1882 4555 1927 4608; x_wconf 88' lang='lat' dir='ltr'><strong>is</strong></span> <span class='ocrx_word' id='word_1_624' title='bbox 1961 4553 2046 4608; x_wconf 86' lang='lat' dir='ltr'><strong>cui</strong></span> 
     </span>
    </p>
   </div>
   <div class='ocr_carea' id='block_1_89' title="bbox 2153 4550 3736 4633">
    <p class='ocr_par' dir='ltr' id='par_1_89' title="bbox 2221 4555 3736 4633">
     <span class='ocr_line' id='line_1_89' title="bbox 2221 4555 3736 4633; baseline 0.008 -26"><span class='ocrx_word' id='word_1_625' title='bbox 2221 4555 2586 4626; x_wconf 84' lang='grc' dir='ltr'>ἁμαρτήμασι</span> <span class='ocrx_word' id='word_1_626' title='bbox 2655 4559 2965 4627; x_wconf 89' lang='grc' dir='ltr'>γενομένων</span> <span class='ocrx_word' id='word_1_627' title='bbox 3015 4562 3298 4625; x_wconf 75' lang='grc' dir='ltr'>σπουδαῖος</span> <span class='ocrx_word' id='word_1_628' title='bbox 3344 4565 3566 4633; x_wconf 84' lang='grc' dir='ltr'>γένηται</span> <span class='ocrx_word' id='word_1_629' title='bbox 3605 4565 3736 4628; x_wconf 79' lang='grc' dir='ltr'>ἑξο-</span> 
     </span>
    </p>
   </div>
   <div class='ocr_carea' id='block_1_90' title="bbox 555 4640 2138 4724">
    <p class='ocr_par' dir='ltr' id='par_1_90' title="bbox 555 4640 2048 4711">
     <span class='ocr_line' id='line_1_90' title="bbox 555 4640 2048 4711; baseline 0.002 -15"><span class='ocrx_word' id='word_1_630' title='bbox 555 4657 584 4696; x_wconf 87' lang='lat' dir='ltr'><strong>a</strong></span> <span class='ocrx_word' id='word_1_631' title='bbox 632 4641 726 4696; x_wconf 91' lang='lat' dir='ltr'><strong>Dei</strong></span> <span class='ocrx_word' id='word_1_632' title='bbox 791 4642 1123 4710; x_wconf 78' lang='lat' dir='ltr'><strong>benignitate</strong></span> <span class='ocrx_word' id='word_1_633' title='bbox 1180 4640 1382 4711; x_wconf 86' lang='lat' dir='ltr'><strong>ligandi</strong></span> <span class='ocrx_word' id='word_1_634' title='bbox 1435 4652 1491 4704; x_wconf 86' lang='lat' dir='ltr'><strong>et</strong></span> <span class='ocrx_word' id='word_1_635' title='bbox 1547 4643 1788 4697; x_wconf 89' lang='lat' dir='ltr'><strong>solvendi</strong></span> <span class='ocrx_word' id='word_1_636' title='bbox 1840 4644 2048 4699; x_wconf 81' lang='lat' dir='ltr'><strong>credita</strong></span> 
     </span>
    </p>
   </div>
   <div class='ocr_carea' id='block_1_91' title="bbox 2154 4640 3737 4724">
    <p class='ocr_par' dir='ltr' id='par_1_91' title="bbox 2222 4648 3737 4724">
     <span class='ocr_line' id='line_1_91' title="bbox 2222 4648 3737 4724; baseline 0.006 -24"><span class='ocrx_word' id='word_1_637' title='bbox 2222 4648 2640 4718; x_wconf 87' lang='grc' dir='ltr'>μολογούμενος,</span> <span class='ocrx_word' id='word_1_638' title='bbox 2679 4651 2708 4702; x_wconf 89' lang='grc' dir='ltr'>ό</span> <span class='ocrx_word' id='word_1_639' title='bbox 2737 4651 3052 4716; x_wconf 80' lang='grc' dir='ltr'>πιστευθεὶς</span> <span class='ocrx_word' id='word_1_640' title='bbox 3103 4653 3200 4721; x_wconf 88' lang='grc' dir='ltr'>τῆς</span> <span class='ocrx_word' id='word_1_641' title='bbox 3227 4653 3323 4706; x_wconf 90' lang='grc' dir='ltr'><strong>τοῦ</strong></span> <span class='ocrx_word' id='word_1_642' title='bbox 3357 4654 3492 4707; x_wconf 81' lang='grc' dir='ltr'>Θεοῦ</span> <span class='ocrx_word' id='word_1_643' title='bbox 3535 4659 3737 4724; x_wconf 76' lang='grc' dir='ltr'>φιλαν-</span> 
     </span>
    </p>
   </div>
   <div class='ocr_carea' id='block_1_92' title="bbox 550 4735 2133 4817">
    <p class='ocr_par' dir='ltr' id='par_1_92' title="bbox 550 4735 2045 4805">
     <span class='ocr_line' id='line_1_92' title="bbox 550 4735 2045 4805; baseline -0.003 -13"><span class='ocrx_word' id='word_1_644' title='bbox 550 4747 632 4792; x_wconf 88' lang='lat' dir='ltr'><strong>est</strong></span> <span class='ocrx_word' id='word_1_645' title='bbox 667 4743 924 4805; x_wconf 84' lang='lat' dir='ltr'><strong>potestas,</strong></span> <span class='ocrx_word' id='word_1_646' title='bbox 961 4735 1005 4790; x_wconf 90' lang='lat' dir='ltr'><strong>si</strong></span> <span class='ocrx_word' id='word_1_647' title='bbox 1038 4737 1133 4789; x_wconf 87' lang='lat' dir='ltr'><strong>ﬁat</strong></span> <span class='ocrx_word' id='word_1_648' title='bbox 1173 4736 1510 4800; x_wconf 91' lang='lat' dir='ltr'><strong>clementior,</strong></span> <span class='ocrx_word' id='word_1_649' title='bbox 1549 4735 1740 4789; x_wconf 88' lang='lat' dir='ltr'><strong>videns</strong></span> <span class='ocrx_word' id='word_1_650' title='bbox 1783 4750 2045 4789; x_wconf 88' lang='lat' dir='ltr'><strong>summam</strong></span> 
     </span>
    </p>
   </div>
   <div class='ocr_carea' id='block_1_93' title="bbox 2150 4735 3733 4817">
    <p class='ocr_par' dir='ltr' id='par_1_93' title="bbox 2220 4737 3733 4817">
     <span class='ocr_line' id='line_1_93' title="bbox 2220 4737 3733 4817; baseline 0.006 -27"><span class='ocrx_word' id='word_1_651' title='bbox 2220 4737 2467 4807; x_wconf 69' lang='lat' dir='ltr'><strong>Optunia;</strong></span> <span class='ocrx_word' id='word_1_652' title='bbox 2497 4740 2667 4803; x_wconf 84' lang='grc' dir='ltr'>λύειν,</span> <span class='ocrx_word' id='word_1_653' title='bbox 2692 4743 2785 4794; x_wconf 76' lang='grc' dir='ltr'><strong>καὶ</strong></span> <span class='ocrx_word' id='word_1_654' title='bbox 2813 4741 3034 4812; x_wconf 81' lang='grc' dir='ltr'>δεσμεῖν</span> <span class='ocrx_word' id='word_1_655' title='bbox 3057 4783 3072 4810; x_wconf 93' lang='grc'><strong>,</strong></span> <span class='ocrx_word' id='word_1_656' title='bbox 3103 4745 3152 4796; x_wconf 89' lang='grc' dir='ltr'><strong>εί</strong></span> <span class='ocrx_word' id='word_1_657' title='bbox 3209 4743 3733 4817; x_wconf 71' lang='grc' dir='ltr'>φιλανθρωπότερος</span> 
     </span>
    </p>
   </div>
   <div class='ocr_carea' id='block_1_94' title="bbox 548 4824 2131 4905">
    <p class='ocr_par' dir='ltr' id='par_1_94' title="bbox 548 4824 2047 4897">
     <span class='ocr_line' id='line_1_94' title="bbox 548 4824 2047 4897; baseline -0.002 -14"><span class='ocrx_word' id='word_1_658' title='bbox 548 4829 687 4897; x_wconf 85' lang='lat' dir='ltr'><strong>ejus,</strong></span> <span class='ocrx_word' id='word_1_659' title='bbox 736 4828 827 4897; x_wconf 91' lang='lat' dir='ltr'><strong>qui</strong></span> <span class='ocrx_word' id='word_1_660' title='bbox 875 4826 1113 4896; x_wconf 83' lang='lat' dir='ltr'><strong>peccavit</strong></span> <span class='ocrx_word' id='word_1_661' title='bbox 1151 4824 1573 4891; x_wconf 74' lang='lat' dir='ltr'><strong>confessionem,</strong></span> <span class='ocrx_word' id='word_1_662' title='bbox 1617 4825 1683 4880; x_wconf 86' lang='lat' dir='ltr'><strong>ad</strong></span> <span class='ocrx_word' id='word_1_663' title='bbox 1739 4827 2047 4880; x_wconf 87' lang='lat' dir='ltr'><strong>diminuen-</strong></span> 
     </span>
    </p>
   </div>
   <div class='ocr_carea' id='block_1_95' title="bbox 2148 4824 3731 4905">
    <p class='ocr_par' dir='ltr' id='par_1_95' title="bbox 2218 4827 3731 4905">
     <span class='ocr_line' id='line_1_95' title="bbox 2218 4827 3731 4905; baseline 0.007 -26"><span class='ocrx_word' id='word_1_664' title='bbox 2218 4827 2908 4901; x_wconf 63' lang='grc' dir='ltr'>γένοιτο,’τδ.ὑπερ6άλλον</span> <span class='ocrx_word' id='word_1_665' title='bbox 2960 4832 3058 4900; x_wconf 82' lang='grc' dir='ltr'><strong>τῆς</strong></span> <span class='ocrx_word' id='word_1_666' title='bbox 3085 4833 3526 4904; x_wconf 80' lang='grc' dir='ltr'>ἑξομολογήσεως</span> <span class='ocrx_word' id='word_1_667' title='bbox 3576 4837 3731 4905; x_wconf 85' lang='grc' dir='ltr'>όρῶν</span> 
     </span>
    </p>
   </div>
   <div class='ocr_carea' id='block_1_96' title="bbox 549 4916 2132 4995">
    <p class='ocr_par' dir='ltr' id='par_1_96' title="bbox 549 4917 2042 4988">
     <span class='ocr_line' id='line_1_96' title="bbox 549 4917 2042 4988; baseline 0 -15"><span class='ocrx_word' id='word_1_668' title='bbox 549 4921 674 4975; x_wconf 88' lang='lat' dir='ltr'><strong>dum</strong></span> <span class='ocrx_word' id='word_1_669' title='bbox 710 4933 991 4987; x_wconf 62' lang='lat' dir='ltr'><strong>poenarum</strong></span> <span class='ocrx_word' id='word_1_670' title='bbox 1029 4927 1263 4987; x_wconf 88' lang='lat' dir='ltr'><strong>tempus,</strong></span> <span class='ocrx_word' id='word_1_671' title='bbox 1301 4931 1407 4970; x_wconf 92' lang='lat' dir='ltr'><strong>non</strong></span> <span class='ocrx_word' id='word_1_672' title='bbox 1456 4917 1563 4972; x_wconf 90' lang='lat' dir='ltr'><strong>erit</strong></span> <span class='ocrx_word' id='word_1_673' title='bbox 1592 4919 1784 4988; x_wconf 89' lang='lat' dir='ltr'><strong>dignus</strong></span> <span class='ocrx_word' id='word_1_674' title='bbox 1820 4921 2042 4973; x_wconf 84' lang='lat' dir='ltr'><strong>damna-</strong></span> 
     </span>
    </p>
   </div>
   <div class='ocr_carea' id='block_1_97' title="bbox 2148 4916 3731 4995">
    <p class='ocr_par' dir='ltr' id='par_1_97' title="bbox 2220 4916 3731 4995">
     <span class='ocr_line' id='line_1_97' title="bbox 2220 4916 3731 4995; baseline 0.005 -25"><span class='ocrx_word' id='word_1_675' title='bbox 2220 4916 2318 4970; x_wconf 78' lang='grc' dir='ltr'><strong>τοῦ</strong></span> <span class='ocrx_word' id='word_1_676' title='bbox 2347 4920 2750 4989; x_wconf 64' lang='grc' dir='ltr'>ἡμαρτηκότος,</span> <span class='ocrx_word' id='word_1_677' title='bbox 2809 4921 2890 4984; x_wconf 75' lang='grc' dir='ltr'><strong>είς</strong></span> <span class='ocrx_word' id='word_1_678' title='bbox 2939 4920 3000 4974; x_wconf 81' lang='grc' dir='ltr'>τὸ</span> <span class='ocrx_word' id='word_1_679' title='bbox 3037 4921 3341 4975; x_wconf 77' lang='grc' dir='ltr'>ἐλαττῶσαι</span> <span class='ocrx_word' id='word_1_680' title='bbox 3381 4923 3474 4975; x_wconf 72' lang='grc' dir='ltr'><strong>τὸν</strong></span> <span class='ocrx_word' id='word_1_681' title='bbox 3528 4926 3731 4995; x_wconf 82' lang='grc' dir='ltr'>χρόνον</span> 
     </span>
    </p>
   </div>
   <div class='ocr_carea' id='block_1_98' title="bbox 549 5007 2132 5085">
    <p class='ocr_par' dir='ltr' id='par_1_98' title="bbox 549 5007 2044 5078">
     <span class='ocr_line' id='line_1_98' title="bbox 549 5007 2044 5078; baseline 0 -14"><span class='ocrx_word' id='word_1_682' title='bbox 549 5012 723 5076; x_wconf 77' lang='lat' dir='ltr'><strong>tione,</strong></span> <span class='ocrx_word' id='word_1_683' title='bbox 758 5023 882 5064; x_wconf 90' lang='lat' dir='ltr'><strong>cum</strong></span> <span class='ocrx_word' id='word_1_684' title='bbox 914 5022 1033 5078; x_wconf 73' lang='lat' dir='ltr'><strong>qua:</strong></span> <span class='ocrx_word' id='word_1_685' title='bbox 1070 5015 1154 5062; x_wconf 88' lang='lat' dir='ltr'><strong>est</strong></span> <span class='ocrx_word' id='word_1_686' title='bbox 1186 5009 1239 5061; x_wconf 92' lang='lat' dir='ltr'><strong>in</strong></span> <span class='ocrx_word' id='word_1_687' title='bbox 1269 5007 1588 5076; x_wconf 73' lang='lat' dir='ltr'><strong>beriptttris,</strong></span> <span class='ocrx_word' id='word_1_688' title='bbox 1625 5011 1783 5064; x_wconf 88' lang='lat' dir='ltr'><strong>nobis</strong></span> <span class='ocrx_word' id='word_1_689' title='bbox 1821 5010 2044 5064; x_wconf 86' lang='lat' dir='ltr'><strong>historia</strong></span> 
     </span>
    </p>
   </div>
   <div class='ocr_carea' id='block_1_99' title="bbox 2147 5007 3730 5085">
    <p class='ocr_par' dir='ltr' id='par_1_99' title="bbox 2217 5008 3730 5085">
     <span class='ocr_line' id='line_1_99' title="bbox 2217 5008 3730 5085; baseline 0.005 -25"><span class='ocrx_word' id='word_1_690' title='bbox 2217 5008 2328 5060; x_wconf 87' lang='grc' dir='ltr'>τῶν</span> <span class='ocrx_word' id='word_1_691' title='bbox 2351 5009 2664 5078; x_wconf 76' lang='grc' dir='ltr'>ἐπιτιμίων,</span> <span class='ocrx_word' id='word_1_692' title='bbox 2709 5012 2807 5075; x_wconf 63' lang='grc' dir='ltr'><strong>οὐκ</strong></span> <span class='ocrx_word' id='word_1_693' title='bbox 2836 5012 2950 5064; x_wconf 78' lang='grc' dir='ltr'>ἔστι</span> <span class='ocrx_word' id='word_1_694' title='bbox 2986 5010 3393 5080; x_wconf 84' lang='grc' dir='ltr'>καταγνώσεως</span> <span class='ocrx_word' id='word_1_695' title='bbox 3420 5014 3592 5078; x_wconf 77' lang='grc' dir='ltr'>ἄξιος,</span> <span class='ocrx_word' id='word_1_696' title='bbox 3620 5015 3730 5085; x_wconf 85' lang='grc' dir='ltr'><strong>τῆς</strong></span> 
     </span>
    </p>
   </div>
   <div class='ocr_carea' id='block_1_100' title="bbox 552 5096 2135 5172">
    <p class='ocr_par' dir='ltr' id='par_1_100' title="bbox 552 5096 2047 5169">
     <span class='ocr_line' id='line_1_100' title="bbox 552 5096 2047 5169; baseline 0 -17"><span class='ocrx_word' id='word_1_697' title='bbox 552 5098 840 5169; x_wconf 72' lang='lat' dir='ltr'><strong>signiﬁcet,</strong></span> <span class='ocrx_word' id='word_1_698' title='bbox 877 5098 1017 5166; x_wconf 87' lang='lat' dir='ltr'><strong>quod</strong></span> <span class='ocrx_word' id='word_1_699' title='bbox 1055 5098 1146 5168; x_wconf 86' lang='lat' dir='ltr'><strong>qui</strong></span> <span class='ocrx_word' id='word_1_700' title='bbox 1181 5113 1301 5153; x_wconf 92' lang='lat' dir='ltr'><strong>cum</strong></span> <span class='ocrx_word' id='word_1_701' title='bbox 1339 5096 1530 5168; x_wconf 87' lang='lat' dir='ltr'><strong>majori</strong></span> <span class='ocrx_word' id='word_1_702' title='bbox 1571 5098 1755 5154; x_wconf 87' lang='lat' dir='ltr'><strong>labore</strong></span> <span class='ocrx_word' id='word_1_703' title='bbox 1783 5099 2047 5154; x_wconf 80' lang='lat' dir='ltr'><strong>conﬁten-</strong></span> 
     </span>
    </p>
   </div>
   <div class='ocr_carea' id='block_1_101' title="bbox 2142 5096 3725 5172">
    <p class='ocr_par' dir='ltr' id='par_1_101' title="bbox 2221 5099 3725 5172">
     <span class='ocr_line' id='line_1_101' title="bbox 2221 5099 3725 5172; baseline 0.003 -22"><span class='ocrx_word' id='word_1_704' title='bbox 2221 5099 2280 5150; x_wconf 79' lang='grc' dir='ltr'><strong>ὲν</strong></span> <span class='ocrx_word' id='word_1_705' title='bbox 2303 5099 2424 5161; x_wconf 77' lang='grc' dir='ltr'>ταῖς</span> <span class='ocrx_word' id='word_1_706' title='bbox 2471 5099 2718 5170; x_wconf 80' lang='grc' dir='ltr'>Γραφαῖς</span> <span class='ocrx_word' id='word_1_707' title='bbox 2752 5100 2994 5169; x_wconf 76' lang='grc' dir='ltr'>ἱστορίας</span> <span class='ocrx_word' id='word_1_708' title='bbox 3036 5099 3410 5170; x_wconf 80' lang='grc' dir='ltr'>γνωριζούσης</span> <span class='ocrx_word' id='word_1_709' title='bbox 3433 5103 3567 5172; x_wconf 80' lang='grc' dir='ltr'>ἡμῖν</span> <span class='ocrx_word' id='word_1_710' title='bbox 3594 5104 3725 5167; x_wconf 75' lang='grc' dir='ltr'>τοὺς</span> 
     </span>
    </p>
   </div>
   <div class='ocr_carea' id='block_1_102' title="bbox 550 5189 2133 5262">
    <p class='ocr_par' dir='ltr' id='par_1_102' title="bbox 550 5189 1974 5260">
     <span class='ocr_line' id='line_1_102' title="bbox 550 5189 1974 5260; baseline 0.002 -17"><span class='ocrx_word' id='word_1_711' title='bbox 550 5200 659 5254; x_wconf 75' lang='lat' dir='ltr'><strong>tur,</strong></span> <span class='ocrx_word' id='word_1_712' title='bbox 703 5189 796 5243; x_wconf 88' lang='lat' dir='ltr'><strong>Dei</strong></span> <span class='ocrx_word' id='word_1_713' title='bbox 832 5189 1254 5244; x_wconf 87' lang='lat' dir='ltr'><strong>misericordiam</strong></span> <span class='ocrx_word' id='word_1_714' title='bbox 1286 5189 1522 5244; x_wconf 85' lang='lat' dir='ltr'><strong>celerius</strong></span> <span class='ocrx_word' id='word_1_715' title='bbox 1551 5190 1974 5260; x_wconf 84' lang='lat' dir='ltr'><strong>apprehendaut.</strong></span> 
     </span>
    </p>
   </div>
   <div class='ocr_carea' id='block_1_103' title="bbox 2139 5189 3722 5262">
    <p class='ocr_par' dir='ltr' id='par_1_103' title="bbox 2225 5189 3722 5262">
     <span class='ocr_line' id='line_1_103' title="bbox 2225 5189 3722 5262; baseline 0.002 -19"><span class='ocrx_word' id='word_1_716' title='bbox 2225 5189 2363 5259; x_wconf 77' lang='grc' dir='ltr'>μετὰ</span> <span class='ocrx_word' id='word_1_717' title='bbox 2406 5191 2656 5260; x_wconf 78' lang='grc' dir='ltr'>μείζονος</span> <span class='ocrx_word' id='word_1_718' title='bbox 2707 5191 2874 5244; x_wconf 87' lang='grc' dir='ltr'>πόνου</span> <span class='ocrx_word' id='word_1_719' title='bbox 2917 5191 3452 5262; x_wconf 80' lang='grc' dir='ltr'>έξομολογουμένους</span> <span class='ocrx_word' id='word_1_720' title='bbox 3505 5193 3722 5262; x_wconf 84' lang='grc' dir='ltr'>ταχέως</span> 
     </span>
    </p>
   </div>
   <div class='ocr_carea' id='block_1_104' title="bbox 2215 5275 3548 5353">
    <p class='ocr_par' dir='ltr' id='par_1_104' title="bbox 2215 5275 3548 5353">
     <span class='ocr_line' id='line_1_104' title="bbox 2215 5275 3548 5353; baseline 0.005 -22"><span class='ocrx_word' id='word_1_721' title='bbox 2215 5280 2313 5350; x_wconf 83' lang='grc' dir='ltr'>τὴν</span> <span class='ocrx_word' id='word_1_722' title='bbox 2353 5281 2448 5334; x_wconf 83' lang='grc' dir='ltr'><strong>τοῦ</strong></span> <span class='ocrx_word' id='word_1_723' title='bbox 2470 5275 2605 5336; x_wconf 80' lang='grc' dir='ltr'>Θεοῦ</span> <span class='ocrx_word' id='word_1_724' title='bbox 2636 5281 3049 5352; x_wconf 80' lang='grc' dir='ltr'>φιλανθρωπίαν</span> <span class='ocrx_word' id='word_1_725' title='bbox 3079 5283 3548 5353; x_wconf 78' lang='grc' dir='ltr'>καταλαμϐάνειν.</span> 
     </span>
    </p>
   </div>
   <div class='ocr_carea' id='block_1_105' title="bbox 533 5363 2116 5447">
    <p class='ocr_par' dir='ltr' id='par_1_105' title="bbox 533 5363 2042 5440">
     <span class='ocr_line' id='line_1_105' title="bbox 533 5363 2042 5440; baseline 0.005 -22"><span class='ocrx_word' id='word_1_726' title='bbox 533 5365 746 5421; x_wconf 74' lang='lat' dir='ltr'><strong>.BALS.</strong></span> <span class='ocrx_word' id='word_1_727' title='bbox 782 5363 874 5431; x_wconf 47' lang='lat' dir='ltr'><strong>,Ne</strong></span> <span class='ocrx_word' id='word_1_728' title='bbox 913 5367 1034 5436; x_wconf 83' lang='lat' dir='ltr'><strong>quis</strong></span> <span class='ocrx_word' id='word_1_729' title='bbox 1081 5373 1303 5436; x_wconf 87' lang='lat' dir='ltr'><strong>propter</strong></span> <span class='ocrx_word' id='word_1_730' title='bbox 1342 5377 1716 5438; x_wconf 65' lang='lat' dir='ltr'><strong>temporarium</strong></span> <span class='ocrx_word' id='word_1_731' title='bbox 1763 5384 2042 5440; x_wconf 79' lang='lat' dir='ltr'><strong>pmnarum</strong></span> 
     </span>
    </p>
   </div>
   <div class='ocr_carea' id='block_1_106' title="bbox 2139 5363 3722 5447">
    <p class='ocr_par' dir='ltr' id='par_1_106' title="bbox 2217 5372 3722 5447">
     <span class='ocr_line' id='line_1_106' title="bbox 2217 5372 3722 5447; baseline 0.005 -22"><span class='ocrx_word' id='word_1_732' title='bbox 2217 5373 2417 5430; x_wconf 78' lang='grc' dir='ltr'><strong>ΒΑΛΣ.</strong></span> <span class='ocrx_word' id='word_1_733' title='bbox 2461 5372 2576 5428; x_wconf 78' lang='grc' dir='ltr'><strong>Ἵνα</strong></span> <span class='ocrx_word' id='word_1_734' title='bbox 2603 5376 2677 5445; x_wconf 84' lang='grc' dir='ltr'>μή</span> <span class='ocrx_word' id='word_1_735' title='bbox 2701 5391 2784 5438; x_wconf 90' lang='grc' dir='ltr'>τις</span> <span class='ocrx_word' id='word_1_736' title='bbox 2817 5373 3092 5446; x_wconf 78' lang='grc' dir='ltr'>ἀκηδιὰσῃ</span> <span class='ocrx_word' id='word_1_737' title='bbox 3109 5375 3196 5429; x_wconf 80' lang='grc' dir='ltr'><strong>διὰ</strong></span> <span class='ocrx_word' id='word_1_738' title='bbox 3227 5377 3290 5427; x_wconf 90' lang='grc' dir='ltr'><strong>τὸ</strong></span> <span class='ocrx_word' id='word_1_739' title='bbox 3319 5376 3722 5447; x_wconf 69' lang='grc' dir='ltr'>ἐπιτεταμένον</span> 
     </span>
    </p>
   </div>
   <div class='ocr_carea' id='block_1_107' title="bbox 479 5453 2062 5534">
    <p class='ocr_par' dir='ltr' id='par_1_107' title="bbox 479 5453 2044 5530">
     <span class='ocr_line' id='line_1_107' title="bbox 479 5453 2044 5530; baseline 0.004 -22"><span class='ocrx_word' id='word_1_740' title='bbox 479 5453 868 5524; x_wconf 76' lang='lat' dir='ltr'><strong>longitudinem</strong></span> <span class='ocrx_word' id='word_1_741' title='bbox 908 5456 1127 5510; x_wconf 89' lang='lat' dir='ltr'><strong>tristitia</strong></span> <span class='ocrx_word' id='word_1_742' title='bbox 1160 5454 1448 5520; x_wconf 85' lang='lat' dir='ltr'><strong>aﬁiciatur,</strong></span> <span class='ocrx_word' id='word_1_743' title='bbox 1475 5457 1607 5512; x_wconf 87' lang='lat' dir='ltr'><strong>dicit</strong></span> <span class='ocrx_word' id='word_1_744' title='bbox 1636 5467 1858 5515; x_wconf 89' lang='lat' dir='ltr'><strong>sanctus</strong></span> <span class='ocrx_word' id='word_1_745' title='bbox 1904 5460 2044 5530; x_wconf 88' lang='lat' dir='ltr'><strong>quod</strong></span> 
     </span>
    </p>
   </div>
   <div class='ocr_carea' id='block_1_108' title="bbox 2136 5453 3719 5534">
    <p class='ocr_par' dir='ltr' id='par_1_108' title="bbox 2148 5462 3719 5534">
     <span class='ocr_line' id='line_1_108' title="bbox 2148 5462 3719 5534; baseline 0.004 -18"><span class='ocrx_word' id='word_1_746' title='bbox 2148 5462 2258 5518; x_wconf 87' lang='grc' dir='ltr'>τῶν</span> <span class='ocrx_word' id='word_1_747' title='bbox 2281 5462 2552 5534; x_wconf 81' lang='grc' dir='ltr'>χρονικῶν</span> <span class='ocrx_word' id='word_1_748' title='bbox 2600 5464 2914 5533; x_wconf 68' lang='grc' dir='ltr'>ἐπιτιμίων,</span> <span class='ocrx_word' id='word_1_749' title='bbox 2961 5469 3127 5534; x_wconf 72' lang='grc' dir='ltr'>φησιν</span> <span class='ocrx_word' id='word_1_750' title='bbox 3165 5463 3194 5516; x_wconf 82' lang='grc' dir='ltr'>ό</span> <span class='ocrx_word' id='word_1_751' title='bbox 3224 5464 3380 5533; x_wconf 80' lang='grc' dir='ltr'>ἆγιος</span> <span class='ocrx_word' id='word_1_752' title='bbox 3413 5465 3491 5530; x_wconf 84' lang='grc' dir='ltr'>ὡς</span> <span class='ocrx_word' id='word_1_753' title='bbox 3515 5469 3546 5521; x_wconf 85' lang='grc' dir='ltr'>ό</span> <span class='ocrx_word' id='word_1_754' title='bbox 3573 5467 3719 5523; x_wconf 72' lang='grc' dir='ltr'>κατὰ</span> 
     </span>
    </p>
   </div>
   <div class='ocr_carea' id='block_1_109' title="bbox 479 5545 2062 5629">
    <p class='ocr_par' dir='ltr' id='par_1_109' title="bbox 479 5545 2047 5618">
     <span class='ocr_line' id='line_1_109' title="bbox 479 5545 2047 5618; baseline 0.006 -19"><span class='ocrx_word' id='word_1_755' title='bbox 479 5546 715 5617; x_wconf 78' lang='lat' dir='ltr'><strong>regionis</strong></span> <span class='ocrx_word' id='word_1_756' title='bbox 745 5545 1010 5616; x_wconf 79' lang='lat' dir='ltr'><strong>pontifex,</strong></span> <span class='ocrx_word' id='word_1_757' title='bbox 1039 5549 1132 5617; x_wconf 91' lang='lat' dir='ltr'><strong>qui</strong></span> <span class='ocrx_word' id='word_1_758' title='bbox 1160 5549 1609 5618; x_wconf 86' lang='lat' dir='ltr'><strong>quemadmodum</strong></span> <span class='ocrx_word' id='word_1_759' title='bbox 1643 5565 1855 5608; x_wconf 85' lang='lat' dir='ltr'><strong>summo</strong></span> <span class='ocrx_word' id='word_1_760' title='bbox 1905 5553 2047 5608; x_wconf 85' lang='lat' dir='ltr'><strong>inter</strong></span> 
     </span>
    </p>
   </div>
   <div class='ocr_carea' id='block_1_110' title="bbox 2140 5545 3723 5629">
    <p class='ocr_par' dir='ltr' id='par_1_110' title="bbox 2149 5553 3723 5629">
     <span class='ocr_line' id='line_1_110' title="bbox 2149 5553 3723 5629; baseline -0.002 -20"><span class='ocrx_word' id='word_1_761' title='bbox 2149 5553 2332 5626; x_wconf 81' lang='grc' dir='ltr'>χώραν</span> <span class='ocrx_word' id='word_1_762' title='bbox 2361 5555 2651 5624; x_wconf 77' lang='grc' dir='ltr'>ἀρχιερεὺς</span> <span class='ocrx_word' id='word_1_763' title='bbox 2686 5557 2714 5608; x_wconf 88' lang='grc' dir='ltr'>ό</span> <span class='ocrx_word' id='word_1_764' title='bbox 2764 5555 2902 5610; x_wconf 82' lang='grc' dir='ltr'>κατὰ</span> <span class='ocrx_word' id='word_1_765' title='bbox 2933 5556 3024 5608; x_wconf 76' lang='grc' dir='ltr'><strong>τὸν</strong></span> <span class='ocrx_word' id='word_1_766' title='bbox 3064 5558 3124 5610; x_wconf 81' lang='grc' dir='ltr'><strong>ὲν</strong></span> <span class='ocrx_word' id='word_1_767' title='bbox 3173 5556 3497 5622; x_wconf 78' lang='grc' dir='ltr'>ἀποστόλοις</span> <span class='ocrx_word' id='word_1_768' title='bbox 3555 5574 3723 5629; x_wconf 74' lang='grc' dir='ltr'>κορυ-</span> 
     </span>
    </p>
   </div>
   <div class='ocr_carea' id='block_1_111' title="bbox 477 5636 2060 5718">
    <p class='ocr_par' dir='ltr' id='par_1_111' title="bbox 477 5636 2046 5710">
     <span class='ocr_line' id='line_1_111' title="bbox 477 5636 2046 5710; baseline 0.009 -22"><span class='ocrx_word' id='word_1_769' title='bbox 477 5638 746 5705; x_wconf 82' lang='lat' dir='ltr'><strong>apostolos</strong></span> <span class='ocrx_word' id='word_1_770' title='bbox 777 5636 937 5694; x_wconf 80' lang='lat' dir='ltr'><strong>Petro</strong></span> <span class='ocrx_word' id='word_1_771' title='bbox 988 5639 1136 5710; x_wconf 89' lang='lat' dir='ltr'><strong>regni</strong></span> <span class='ocrx_word' id='word_1_772' title='bbox 1186 5640 1446 5696; x_wconf 78' lang='lat' dir='ltr'><strong>caelorum</strong></span> <span class='ocrx_word' id='word_1_773' title='bbox 1477 5658 1504 5696; x_wconf 84' lang='lat' dir='ltr'><strong>a</strong></span> <span class='ocrx_word' id='word_1_774' title='bbox 1538 5643 1646 5698; x_wconf 89' lang='lat' dir='ltr'><strong>Deo</strong></span> <span class='ocrx_word' id='word_1_775' title='bbox 1694 5644 1875 5702; x_wconf 86' lang='lat' dir='ltr'><strong>claves</strong></span> <span class='ocrx_word' id='word_1_776' title='bbox 1924 5661 2046 5702; x_wconf 82' lang='lat' dir='ltr'><strong>cre-</strong></span> 
     </span>
    </p>
   </div>
   <div class='ocr_carea' id='block_1_112' title="bbox 2136 5636 3719 5718">
    <p class='ocr_par' dir='ltr' id='par_1_112' title="bbox 2152 5646 3719 5718">
     <span class='ocr_line' id='line_1_112' title="bbox 2152 5646 3719 5718; baseline 0.003 -19"><span class='ocrx_word' id='word_1_777' title='bbox 2152 5647 2440 5716; x_wconf 80' lang='grc' dir='ltr'>φαιότατον</span> <span class='ocrx_word' id='word_1_778' title='bbox 2467 5647 2670 5717; x_wconf 85' lang='grc' dir='ltr'>Πέτρον</span> <span class='ocrx_word' id='word_1_779' title='bbox 2713 5648 2813 5709; x_wconf 78' lang='grc' dir='ltr'>τὰς</span> <span class='ocrx_word' id='word_1_780' title='bbox 2833 5646 2980 5711; x_wconf 85' lang='grc' dir='ltr'>κλεῖς</span> <span class='ocrx_word' id='word_1_781' title='bbox 3004 5647 3104 5718; x_wconf 78' lang='grc' dir='ltr'>τῆς</span> <span class='ocrx_word' id='word_1_782' title='bbox 3147 5648 3428 5718; x_wconf 73' lang='grc' dir='ltr'>βασιλείας</span> <span class='ocrx_word' id='word_1_783' title='bbox 3461 5650 3574 5704; x_wconf 87' lang='grc' dir='ltr'>τῶν</span> <span class='ocrx_word' id='word_1_784' title='bbox 3619 5651 3719 5706; x_wconf 72' lang='grc' dir='ltr'><strong>οὐ-</strong></span> 
     </span>
    </p>
   </div>
   <div class='ocr_carea' id='block_1_113' title="bbox 475 5727 2058 5815">
    <p class='ocr_par' dir='ltr' id='par_1_113' title="bbox 475 5727 2040 5802">
     <span class='ocr_line' id='line_1_113' title="bbox 475 5727 2040 5802; baseline 0.009 -21"><span class='ocrx_word' id='word_1_785' title='bbox 475 5727 598 5783; x_wconf 71' lang='grc' dir='ltr'>ᾱίιιο</span> <span class='ocrx_word' id='word_1_786' title='bbox 623 5728 858 5799; x_wconf 76' lang='lat' dir='ltr'><strong>fuerunt,</strong></span> <span class='ocrx_word' id='word_1_787' title='bbox 905 5730 1212 5802; x_wconf 85' lang='lat' dir='ltr'><strong>ligantlique</strong></span> <span class='ocrx_word' id='word_1_788' title='bbox 1240 5741 1293 5786; x_wconf 90' lang='lat' dir='ltr'><strong>et</strong></span> <span class='ocrx_word' id='word_1_789' title='bbox 1331 5733 1571 5789; x_wconf 85' lang='lat' dir='ltr'><strong>solvendi</strong></span> <span class='ocrx_word' id='word_1_790' title='bbox 1604 5744 1918 5802; x_wconf 83' lang='lat' dir='ltr'><strong>potestatem</strong></span> <span class='ocrx_word' id='word_1_791' title='bbox 1950 5753 2040 5795; x_wconf 86' lang='lat' dir='ltr'><strong>ae—</strong></span> 
     </span>
    </p>
   </div>
   <div class='ocr_carea' id='block_1_114' title="bbox 2137 5727 3720 5815">
    <p class='ocr_par' dir='ltr' id='par_1_114' title="bbox 2159 5738 3720 5809">
     <span class='ocr_line' id='line_1_114' title="bbox 2159 5738 3720 5809; baseline 0.005 -19"><span class='ocrx_word' id='word_1_792' title='bbox 2159 5738 2333 5802; x_wconf 83' lang='grc' dir='ltr'>ρανῶν</span> <span class='ocrx_word' id='word_1_793' title='bbox 2352 5739 2458 5793; x_wconf 80' lang='grc' dir='ltr'><strong>ἀπὸ</strong></span> <span class='ocrx_word' id='word_1_794' title='bbox 2499 5738 2594 5792; x_wconf 84' lang='grc' dir='ltr'><strong>τοῦ</strong></span> <span class='ocrx_word' id='word_1_795' title='bbox 2624 5738 2759 5794; x_wconf 80' lang='grc' dir='ltr'>Θεοῦ</span> <span class='ocrx_word' id='word_1_796' title='bbox 2785 5739 3193 5806; x_wconf 78' lang='grc' dir='ltr'>ὲμπιστευθεὶς,</span> <span class='ocrx_word' id='word_1_797' title='bbox 3233 5744 3326 5796; x_wconf 74' lang='grc' dir='ltr'>καὶ</span> <span class='ocrx_word' id='word_1_798' title='bbox 3349 5742 3602 5809; x_wconf 66' lang='grc' dir='ltr'>ἐξουσίαν</span> <span class='ocrx_word' id='word_1_799' title='bbox 3624 5742 3720 5798; x_wconf 72' lang='grc' dir='ltr'>λα-</span> 
     </span>
    </p>
   </div>
  </div>
