4008 6442
215 386 310 446 731

1127 375 1206 438 IN
1248 371 1490 439 EPIST.
1523 377 1582 437 s.
1624 369 1908 438 BASILII
1953 375 2398 441 CANONICAM
2438 358 2558 442 Itt.’

3352 373 3460 438 782

184 496 324 559 ,ὁὼν
346 495 564 564 δεσμεῖν
598 493 692 547 καὶ
721 491 891 555 λύειν,
919 489 1015 544 ἐὰν
1040 489 1125 561 ίδῃ
1155 491 1245 543 τον
1279 490 1367 545 διά
1390 507 1443 543 τι
1482 490 1788 561 ἁμάρτημα

1894 493 2052 560 cepit,
2101 491 2145 544 si
2175 489 2372 546 viderit
2400 504 2522 545 eum
2555 487 2645 558 qui
2678 492 2898 557 propter
2938 484 3153 556 aliquod
3185 497 3462 556 peccatum

216 586 607 657 ἐπιτιμηθέντα
668 583 784 653 μετ’
815 583 1170 652 εὐχαριστίας
1217 581 1327 635 τῶν
1363 582 1654 650 ἐπιτιμίων
1689 582 1787 648 τὴν

213 677 508 751 θεραπείαν
537 676 853 745 δεξάμενον,
914 676 1009 728 καὶ
1048 675 1194 745 μετὰ
1244 674 1584 745 θερμοτέρας
1618 690 1788 726 σπουο

213 767 306 836 δῆς
334 765 429 834 τὴν
481 763 768 833 μετάνοιαν
797 761 1242 832 ἐπιδεικνύμενον
1266 799 1283 828 ,
1314 764 1613 817 ἐλαττώσει
1659 766 1787 827 τοὺς

215 858 435 927 χρόνους
461 855 568 908 τῶν
599 855 916 931 ἐπιτιμίωθ,
952 857 1030 923 μὴ
1061 853 1394 922 πτοούμενος
1418 859 1784 923 κατάγνωσιν,

216 949 289 1012 ὡς
317 949 473 1018 δῆθεν
495 947 848 1016 παραϐαίνων
874 951 972 1014 τὴν
1004 947 1132 1014 περὶ
1153 946 1260 998 τῶν
1288 949 1499 1015 χρόνων
1528 947 1638 1000 τῶν
1666 949 1788 1000 ἐπι-

215 1040 409 1108 τιμίων
448 1037 741 1108 κανονικὴν
780 1037 1092 1105 ἀκρίϐειαν.
1129 1037 1388 1090 Διδάσκει
1420 1037 1530 1108 γὰρ
1567 1039 1719 1108 ἡμᾶς
1753 1039 1788 1107 ἠ

217 1116 402 1199 Γραῲὴ
433 1129 518 1182 ὅτι
552 1130 632 1190 είς
669 1127 797 1190 τοὺς
847 1126 988 1197 μετὰ
1036 1127 1280 1197 μείζονος
1332 1129 1498 1180 πόνου
1533 1128 1788 1196 ἐξομολο-

218 1220 508 1288 γουμένους
571 1220 786 1288 ταχέως
837 1219 870 1288 ἡ
937 1217 1324 1288 φιλανθρωπία
1371 1219 1788 1286 καταλαμϐάνει

220 1309 315 1363 τοῦ
338 1309 485 1361 Θεοῦ.
526 1309 633 1360 Καὶ
659 1309 687 1360 ὁ
718 1307 820 1377 μὲν
871 1308 1052 1360 κανὼν
1110 1307 1166 1357 ἐν
1194 1306 1427 1369 τούτοις.
1469 1309 1540 1360 Σὺ
1574 1308 1629 1360 δέ
1659 1309 1791 1362 ἀνά-

223 1401 382 1467 γνωθι
414 1401 474 1453 τὸ
525 1398 602 1453 λθ⁹
643 1417 767 1468 κερ.
797 1399 891 1452 τοῦ
923 1399 968 1452 θ’
1001 1400 1184 1452 τίτλου
1216 1399 1308 1452 τοῦ
1361 1400 1630 1469 παρόντος
1665 1417 1791 1453 συν-ι-

219 1496 512 1563 τὰγματος,
566 1495 663 1547 καὶ
711 1494 837 1556 τοὺς
889 1494 947 1545 ἐν
976 1493 1124 1562 αὐτῷ
1159 1491 1653 1563 καταστρωθέντας
1703 1494 1789 1547 νό-

223 1603 372 1654 μους,
399 1591 492 1639 καὶ
529 1586 705 1658 μάθῃς
743 1587 826 1638 ὃτι
855 1585 1090 1654 διαφορά
1121 1587 1236 1636 ἐστι
1278 1584 1387 1636 τῶν
1414 1579 1789 1652 ἁποιραίνομέ-

220 1695 326 1730 νων
372 1677 641 1731 δικαστῶν
695 1677 945 1738 κολάσεις
997 1677 1316 1746 σωματικάς
1367 1677 1509 1730 κατὰ
1563 1677 1631 1729 τὰ
1680 1677 1791 1730 τῶν

220 1771 516 1839 γεγονότων
573 1769 889 1822 ὑπευθύνων
942 1769 1283 1838 ἐγκλήματα,
1315 1770 1409 1824 καὶ
1442 1770 1550 1821 τῶν
1582 1770 1791 1838 ὁριζόμ-

220 1881 328 1916 των
355 1863 668 1916 ἐπισκόπων
717 1862 967 1930 ἐπιτίμια
1021 1861 1456 1931 ἐκκλησιαστικὰ
1500 1863 1644 1916 κατὰ
1680 1863 1788 1916 τῶν

223 1953 726 2023 ἐξομολογουμένων
777 1955 1152 2024 ἁμαρτήματα
1197 1955 1424 2025 ψυχικά.
1461 1956 1521 2007 Oi
1557 1954 1656 2024 μὲν
1679 1955 1790 2025 γὰρ

223 2051 319 2110 τας
347 2049 656 2118 όρισθείσας
689 2049 797 2099 ἀπὸ
831 2046 924 2100 τοῦ
983 2050 1150 2117 νόμου
1183 2047 1376 2110 ποινὰς
1430 2046 1553 2100 οὔτε
1605 2046 1790 2111 αὔξειν

222 2139 341 2194 οὔτε
373 2141 558 2211 μειοῦν
607 2141 861 2194 δύνανται
895 2141 1061 2209 χωρὶς
1099 2140 1386 2209 βασιλικῆς
1443 2139 1746 2204 κελεύσεως
1772 2155 1785 2169 ⁶

223 2235 270 2288 oi
301 2233 351 2286 δὲ
379 2235 444 2285 τὰ
476 2235 672 2302 φορτία
697 2233 809 2284 τῶν
831 2232 1118 2301 ἡμετέρων
1140 2232 1427 2304 ἁμαρτιῶν
1451 2232 1786 2302 ἀναδεχόμε-

222 2341 322 2388 νοι,
354 2322 423 2384 ὡς
455 2324 550 2375 καὶ
597 2321 790 2389 λόγους
827 2321 967 2391 ὑπὲρ
1002 2320 1156 2390 ἡμῶν
1196 2321 1276 2386 τῷ
1328 2320 1447 2391 Θεῷ
1489 2321 1788 2391 ’μέλλοντες

223 2417 426 2477 δώσειν,
455 2416 596 2468 κατὰ
621 2415 684 2467 τὸ
699 2414 891 2468 δοκοῦν
913 2415 1096 2477 αὐτοῖς
1118 2416 1209 2467 καὶ
1233 2415 1457 2479 αὔξουσι
1487 2414 1581 2468 καὶ
1614 2413 1792 2484 μειοῦ-

225 2527 276 2561 σι
308 2509 369 2559 τὰ
399 2509 670 2576 ἐπιτίμια,
718 2507 805 2560 διά
841 2523 922 2558 τοι
978 2505 1138 2560 τοῦτο
1184 2509 1279 2561 καὶ
1316 2507 1568 2573 ἐξουσίαν
1603 2508 1789 2578 ἔχουσι

229 2599 303 2670 μὴ
347 2601 541 2668 μόνους
579 2602 705 2661 τοὺς
734 2601 957 2668 χρόνους
1005 2601 1113 2652 τῶν
1164 2601 1462 2668 ἐπιτιμίων
1505 2601 1786 2666 ὲὶαττοῦν,

226 2689 355 2741 αλλὰ
410 2688 506 2742 καὶ
539 2688 608 2740 τὰ
676 2687 926 2757 ἐπιτίμια
963 2689 1337 2757 μεταμείόειν.
1375 2687 1494 2740 Κᾶν
1536 2691 1646 2757 γὰρ
1698 2690 1791 2739 ἐπί

225 2779 461 2847 τριετίαν
501 2778 663 2845 τυιδν
701 2779 895 2847 ὁρισθῇ
942 2779 1034 2831 τὸν
1074 2779 1436 2848 ἡμαρτηκότα
1484 2779 1604 2830 τόδε
1634 2795 1684 2830 τι
1715 2779 1789 2848 μὴ

228 2875 638 2943 κρεωφαγῆσαι,
665 2871 798 2938 μηδέ
820 2870 1082 2936 συστῆναι
1103 2873 1216 2930 τοῖς
1254 2871 1492 2932 πιστοῖς,
1525 2869 1789 2931 ὡσαύτως

230 2965 358 3035 μηδέ
420 2963 742 3032 μεταὶαὸεἶν
795 2963 905 3013 τῶν
942 2961 1102 3014 θείων
1141 2961 1507 3028 άγιασμάτων
1534 2975 1548 2991 ⁸
1612 2961 1728 3014 ἀλλ’
1762 2964 1790 3014 ὁ

226 3060 322 3128 τὴν
357 3057 741 3126 ἐξομολόγησιν
785 3055 1080 3123 δεξάμενος
1106 3055 1242 3123 πρὸς
1271 3056 1371 3122 τὴν
1401 3055 1666 3123 ποιότητα
1692 3056 1787 3108 τοῦ

1892 595 2048 649 pretia
2101 578 2324 634 aﬁ‘ectus
2359 587 2466 644 est,
2515 592 2640 632 cum
2677 575 2976 647 gratiarum
3024 574 3236 629 actione
3276 588 3464 643 paena-

1893 689 2008 726 rnm
2044 673 2305 728 medelam
2339 671 2662 740 suscepisse,
2699 679 2753 724 et
2801 668 3107 723 ardentiore
3142 669 3319 722 etndio
3349 681 3465 736 pte-

1892 764 2170 818 nitentiam
2207 764 2514 829 ostendere,
2549 771 2759 831 tempus
2801 774 2973 830 ptenae
3019 759 3304 818 ditninuet.
3357 772 3463 812 non

1893 856 2092 911 timens
2135 856 2641 911 condemnationem
2673 861 2931 921 tanquam
2963 853 3054 921 qui
3087 855 3274 921 utique
3302 865 3468 905 cano-

1893 949 2068 1001 nicum
2099 949 2354 1016 temporis
2383 961 2664 1016 pcenarum
2692 946 3060 998 deﬁnitionem
3104 943 3472 1011 transgredia-

1894 1047 2000 1092 tur.
2033 1037 2200 1094 Docet
2223 1043 2367 1092 enim
2397 1053 2495 1092 nos
2523 1036 2822 1105 Scriptura,
2853 1036 2993 1104 quod
3022 1037 3113 1106 qui
3137 1035 3250 1106 jam
3277 1035 3466 1102 majori

1891 1130 2080 1184 labore
2123 1129 2469 1196 conﬁtentur,
2517 1143 2612 1183 eos
2661 1127 2752 1183 Dei
2804 1127 3180 1183 misericordia
3236 1126 3467 1181 celerius

1891 1223 2264 1294 apprehendit.
2315 1221 2380 1277 Et
2435 1221 2486 1276 in
2543 1223 2628 1276 bis
2675 1221 2890 1290 quidem
2927 1235 3126 1276 canon.
3172 1216 3251 1273 Tn
3283 1229 3464 1274 autem

1892 1317 2008 1384 lege
2037 1330 2156 1385 cap.
2198 1314 2267 1369 '59
2322 1313 2404 1368 tit.
2440 1314 2494 1377 9,
2541 1314 2826 1383 prtesentis
2853 1312 3051 1380 operis,
3099 1321 3151 1365 et
3180 1313 3322 1379 leges
3347 1323 3466 1379 quat

1893 1409 1945 1462 in
1976 1421 2038 1460 ea
2069 1409 2185 1460 sitae
2229 1415 2374 1471 sunt,
2405 1414 2459 1459 et
2490 1420 2557 1458 ex
2588 1404 2671 1459 his
2700 1405 2842 1460 scies
2867 1404 3009 1472 quod
3051 1413 3134 1458 est
3162 1402 3464 1459 diﬂ‘erenﬁa

1894 1499 2034 1552 inter
2054 1498 2282 1566 judices,
2312 1498 2402 1566 qui
2435 1498 2784 1566 pronuntiant
2815 1497 3126 1565 corporales
3153 1498 3467 1565 punitiones

1892 1591 2150 1644 adversus
2178 1605 2271 1644 eos
2297 1591 2386 1660 qui
2411 1598 2538 1644 sunt
2566 1589 2883 1643 criminibus
2911 1589 3213 1655 obnoxii,et
3252 1590 3457 1659 episco-

1894 1696 1990 1750 pos
2012 1681 2101 1748 qui
2126 1681 2424 1736 decernunt
2448 1695 2638 1750 pennas
2665 1680 3064 1737 ecclesiasticas
3091 1683 3351 1737 adversus
3375 1696 3470 1737 eos

1893 1776 1984 1843 qui
2022 1776 2216 1828 animas
2262 1785 2485 1844 peccata
2533 1772 2878 1828 conﬁtentur.
2913 1771 2992 1828 llli
3039 1773 3182 1827 enim
3217 1785 3408 1844 pennas
3435 1789 3466 1828 a

1894 1868 2009 1937 lege
2041 1869 2366 1923 constitutas
2403 1883 2504 1921 nec
2551 1876 2776 1938 possunt
2819 1879 3037 1936 augere,
3083 1881 3184 1922 nec
3225 1869 3468 1921 minuere

1893 1961 2014 2016 sine
2044 1961 2197 2028 jussu
2245 1961 2609 2028 imperatoris.
2657 1959 2719 2014 lli
2751 1974 2878 2015 vero
2920 1971 3228 2014 nostrorum
3270 1975 3466 2030 pecca-

1894 2060 2071 2104 torum
2118 2065 2281 2106 onera
2326 2050 2704 2120 suscipientes,
2748 2061 3002 2119 tanquam
3040 2053 3148 2106 Deo
3181 2065 3275 2120 pro
3311 2051 3468 2107 nobis

1892 2143 2134 2196 rationes
2183 2141 2471 2204 reddituri,
2514 2150 2571 2196 et
2597 2157 2694 2211 pro
2755 2157 2853 2196 suo
2883 2143 3145 2198 arbitratu
3185 2158 3376 2213 ptenas
3413 2152 3468 2198 et

1893 2244 2114 2304 augent.
2148 2243 2202 2286 et
2233 2233 2505 2301 minuunt,
2538 2245 2593 2288 et
2624 2233 2748 2288 ideo
2785 2233 2837 2287 itt
2868 2249 3055 2290 eorum
3086 2246 3171 2290 est
3201 2245 3468 2303 potestate

1889 2340 2001 2379 non
2031 2324 2204 2379 solum
2245 2337 2525 2392 ptenarnm
2557 2335 2796 2391 tempora
2843 2323 3143 2387 minuendi.
3177 2326 3272 2380 sed
3300 2326 3464 2381 etiam

1893 2429 2082 2485 pennas
2123 2414 2513 2471 commutandi.
2559 2413 2670 2468 Etsi
2723 2416 2868 2470 enim
2901 2415 3047 2469 verbi
3105 2415 3280 2485 gratia
3333 2431 3467 2472 con-

1892 2510 2138 2563 stitutum
2190 2515 2296 2572 est,
2345 2516 2400 2560 nt
2438 2506 2532 2576 qui
2580 2507 2682 2562 hoc
2726 2505 2807 2560 vel
2842 2505 2969 2561 illud
3001 2517 3280 2575 peccatum
3315 2522 3469 2563 com-

1894 2601 2039 2654 misit
2073 2616 2290 2654 carnem
2322 2617 2430 2657 non
2459 2600 2728 2661 comedat,
2766 2613 2866 2654 nec
2902 2613 3023 2652 cum
3057 2598 3309 2653 ﬁdelibus
3337 2615 3469 2656 con-

1890 2692 2070 2755 sistat,
2109 2691 2362 2750 similiter
2390 2707 2493 2746 nec
2535 2691 2606 2745 sit
2651 2690 2954 2744 divinorum
2999 2701 3465 2746 sacramentorum

1896 2797 1993 2848 per
2029 2783 2321 2836 triennium
2359 2784 2624 2850 particeps
2657 2799 2671 2836 :
2713 2782 2804 2851 qui
2857 2791 3032 2836 tamen
3065 2785 3462 2840 confessimtem

1895 2871 2131 2940 suscepit
2159 2888 2254 2941 pro
2280 2886 2528 2940 personae
2551 2872 2638 2924 cui
2671 2885 2825 2940 poena
2858 2871 3154 2940 imponitur
3179 2875 3462 2942 qualitate,

1891 2973 1944 3018 et
1972 2965 2088 3033 ejus
2118 2963 2472 3018 confeSsionis
2498 2963 2859 3024 vehementia,
2893 2976 2946 3018 et
2987 2966 3320 3032 paenitentia:
3351 2974 3464 3020 stu-
3541 3033 3547 3038 ν

1895 3055 2002 3118 dio,
2069 3055 2166 3108 has
2215 3055 2433 3122 quidem
2495 3068 2683 3121 poenas
2741 3054 3132 3120 moderabitur,
3185 3055 3303 3108 illas
3339 3071 3466 3111 vero

227 3150 623 3218 ἐπιτιμωμένου
667 3147 981 3218 προσώπου,
1024 3147 1118 3199 καὶ
1163 3151 1262 3216 τὴν
1321 3146 1632 3216 θερμότητα
1692 3147 1789 3216 τῆς

1897 3145 2296 3214 multiplicabit.
2328 3146 2506 3210 Quare
2537 3161 2640 3198 non
2670 3154 2752 3198 est
2783 3145 3123 3212 accipiendus
3154 3147 3242 3201 hic
3271 3163 3477 3213 canon,

227 3241 658 3310 ἐξομολογήσεως
713 3240 899 3304 αὐτοῦ,
934 3241 1028 3291 καὶ
1060 3238 1160 3305 τὴν
1199 3238 1436 3308 σπουδὴν
1487 3240 1584 3308 τῆς
1615 3257 1789 3308 μετα-

225 3333 399 3393 νοίας,
435 3332 562 3384 τάδε
608 3333 705 3402 μὲν
732 3333 841 3383 τῶν
873 3331 1168 3396 ἐπιτιμίων
1203 3330 1506 3399 μετριάσει,
1541 3332 1702 3402 ἕτερα
1735 3332 1790 3385 δὲ

225 3423 712 3477 πολλαπλασιάσει.
777 3423 939 3478 ’Ὥστε
997 3423 1071 3493 μὴ
1105 3421 1400 3490 ἐκληπτέον
1433 3422 1524 3476 τὸν
1565 3424 1788 3486 κανόνα,

224 3515 398 3579 καθώς
425 3534 566 3579 τινες
592 3513 765 3576 εἷπον.
794 3518 873 3578 εἰς
919 3516 1087 3586 μόνην
1113 3515 1408 3567 ἐλάττωσιν
1448 3515 1542 3566 τοῦ
1595 3515 1786 3584 χρόνου

223 3609 332 3659 τῶν
359 3611 668 3669 ἐπιτιμίων,
705 3607 840 3659 ἀλλὰ
869 3610 963 3659 καὶ
989 3609 1067 3667 είς
1120 3607 1266 3659 ἆπαν
1292 3600 1430 3666 εἶδος
1467 3605 1786 3674 ἐπιτιμίων.

229 3695 377 3756 Two;
403 3695 455 3746 δὲ
497 3697 827 3768 στρατιώτου
873 3695 1262 3765 περιπεσόντος
1305 3693 1561 3747 ἑκουσίου
1622 3697 1782 3762 φόνου

229 3783 569 3854 ἐγκλήματι,
620 3788 772 3856 παρὰ
831 3787 1135 3857 ἀρχιερέως
1184 3786 1330 3846 τινὸς
1384 3786 1523 3852 μετὰ
1565 3786 1786 3856 μέτριον

227 3877 364 3929 πάνυ
395 3879 584 3948 καιρὸν
606 3880 899 3949 ἐγγράφως
927 3878 1298 3942 ἁθωωθέντος,
1347 3877 1374 3928 ό
1401 3879 1664 3949 κραταιὸς
1693 3879 1787 3930 καὶ

219 3969 544 4040 ἄγιοςήμῶν
575 3971 836 4040 βασιλεὺς
859 3971 1202 4040 δυσχεράνας
1247 3971 1338 4021 ἐπὶ
1371 3968 1448 4038 τῷ
1489 3972 1789 4041 γενομένῳ,

218 4063 505 4133 διωρίσατο
532 4063 626 4115 ἐπὶ
675 4063 784 4115 τῶν
823 4061 1048 4134 ἡμερῶν
1078 4062 1169 4114 τοῦ
1213 4062 1520 4131 ἁγιωτάτου
1579 4062 1789 4115 ἐκείνου

215 4155 555 4224 πατριάρχου
580 4154 771 4224 κυρίου
791 4155 976 4207 Λουκᾶ
1008 4155 1352 4224 σκοπηθῆναι
1388 4153 1707 4217 συνοδικῶς,
1743 4156 1790 4205 εί

214 4243 398 4305 καλῶς
425 4244 503 4312 τῷ
547 4242 853 4312 στρατιώτῃ
893 4240 1328 4311 ἐπεφιλοτιμήθη
1383 4242 1418 4308 ἡ
1469 4241 1578 4292 τῶν
1611 4243 1794 4294 ἐπιτι-

217 4334 359 4404 μίων
386 4334 657 4397 ἀθώωσις,
694 4332 1262 4402 κατεσπουδασμένως
1290 4331 1434 4384 οὕτω
1457 4334 1551 4384 καὶ
1574 4327 1687 4384 οἷον
1713 4334 1791 4384 ei-

213 4431 340 4478 πεῖν
370 4427 430 4478 οὐ
458 4424 783 4494 συμπαθῶς,
839 4424 975 4475 ἀλλὰ
1009 4422 1362 4494 προσπαθῶς.
1388 4422 1493 4475 Τοῦ
1521 4423 1576 4475 δέ
1606 4427 1792 4494 ἀρχιεο

1897 3249 1955 3291 ut
1990 3237 2230 3290 nonnulli
2276 3238 2548 3301 dicebant,
2607 3239 2671 3290 ad
2703 3236 2871 3291 solum
2901 3237 3157 3305 temporis
3185 3251 3464 3307 patriorum

1894 3329 2325 3389 όῑιιὶίιιυιίοιὶειη,
2345 3327 2438 3382 sed
2463 3335 2528 3380 ad
2548 3341 2706 3380 omne
2729 3341 2900 3394 poture
2920 3341 3112 3396 genus.
3139 3327 3272 3382 Cum
3291 3343 3465 3384 autem

1893 3419 2112 3486 quidam
2152 3417 2306 3472 miles
2351 3419 2402 3471 in
2441 3416 2754 3471 voluntariae
2787 3418 2952 3472 caedis
2980 3420 3190 3472 crimen
3229 3421 3464 3474 incidis-

1893 3511 1997 3573 set,
2033 3518 2087 3564 et
2140 3524 2171 3562 a
2223 3511 2454 3579 quodam
2507 3509 2766 3574 antistite,
2823 3520 2945 3579 post
2989 3510 3146 3564 valde
3196 3512 3464 3577 modicum

1896 3609 2128 3667 tempus,
2186 3603 2325 3654 datis
2355 3602 2596 3670 scriptis,
2645 3603 2922 3657 absolutus
2965 3612 3128 3669 esset,
3176 3615 3367 3673 potens
3413 3617 3470 3660 et

1895 3701 2117 3744 sanctus
2167 3701 2350 3744 noster
2395 3691 2708 3760 imperator,
2739 3703 2801 3747 et
2847 3694 3117 3756 dominus,
3165 3696 3215 3748 id
3265 3695 3464 3750 factum

1894 3798 2037 3852 aegre
2089 3783 2288 3846 ferens,
2319 3784 2510 3836 statuit
2537 3793 2776 3849 tempore
2817 3785 3144 3838 sanctissimi
3181 3785 3326 3841 illius
3370 3802 3466 3856 pa-

1897 3875 2149 3927 triarclm
2172 3873 2371 3927 domini
2416 3872 3042 3945 Lucm,utsynodalitet‘
3092 3878 3466 3932 considerare-

1899 3969 2006 4024 tur,
2035 3961 2191 4032 127
2217 3977 2283 4015 an
2311 3974 2457 4018 recte
2497 3964 2570 4017 illi
2602 3965 2756 4018 militi
2781 3979 3035 4020 concessa
3061 3977 3204 4021 esset
3228 3983 3256 4021 a
3291 3971 3465 4036 poenis

1899 4054 2191 4114 absolutio.
2242 4063 2388 4108 tanto
2438 4055 2494 4108 in
2541 4070 2666 4110 eum
2715 4057 2895 4110 studio
2929 4067 2983 4111 et
3035 4073 3131 4127 per
3171 4061 3463 4130 quamdam

1899 4162 2004 4200 non
2043 4146 2498 4210 misericordiam,
2539 4148 2632 4203 sed
2677 4149 2856 4217 potius
2898 4149 3062 4204 animi
3096 4151 3462 4208 aﬂ'ectionem.

1897 4239 2031 4293 Cum
2066 4248 2246 4292 autem
2284 4239 2508 4294 antistes
2538 4250 2858 4307 prmsentmn
2886 4255 3154 4297 canonetn
3200 4259 3464 4314 propane-

1897 4338 2000 4392 ret,
2035 4339 2089 4381 et
2115 4327 2248 4382 alios
2293 4328 2636 4384 moderantes
2672 4332 2858 4399 utique
2905 4346 3024 4385 eam
3057 4349 3176 4403 qua:
3206 4335 3283 4388 illi
3330 4339 3465 4406 obji—

1895 4419 2136 4471 ciebatur
2166 4418 2386 4472 nimiam
2417 4433 2590 4488 poenae
2622 4420 2914 4487 levitatem,
2977 4433 3163 4478 sancta
3197 4427 3463 4494 synodus,

209 4519 355 4589 ρέως
381 4519 470 4570 τὸν
502 4516 743 4587 παρόντα
771 4516 971 4569 κανόνα
989 4515 1426 4585 προϐαλλομένου
1460 4517 1552 4568 καὶ
1575 4517 1789 4584 ἐτέρους

1900 4523 2133 4562 canones
2164 4509 2424 4563 limitibus
2459 4512 2936 4580 circutnscribcns,
2990 4519 3286 4570 secundum
3329 4519 3467 4572 divi~

212 4609 652 4680 μετεωρίζοντας
679 4607 818 4676 τάχα
861 4607 960 4675 τὴν
999 4605 1491 4675 ἐπιφορτιζομένην
1522 4607 1671 4676 αὐτῷ
1697 4607 1792 4676 βα-

212 4703 375 4770 ρεῖαν
432 4701 770 4768 κουςότητα,
815 4700 848 4768 ὴ
898 4697 1029 4764 ἁγία
1073 4696 1331 4758 σύνοδος,
1381 4698 1508 4759 τοὺς
1559 4697 1792 4760 κανόνας

204 4789 634 4860 ὀρθοτομὴσασα
661 4787 804 4840 κατὰ
831 4785 930 4856 τὴν
964 4785 1190 4838 ἐνοῦσαν
1214 4785 1403 4844 αὐτοῖς
1433 4788 1497 4837 ἐκ
1529 4787 1623 4839 τοῦ
1651 4803 1792 4839 πανο

202 4881 375 4948 αγίου
437 4881 750 4948 Πνεῦματος
807 4877 1088 4947 θειοτάτην
1155 4868 1475 4948 ἐλλαμψῖν,
1535 4878 1629 4929 τὸν
1689 4880 1790 4948 μὲν

205 4971 562 5042 στρατιώτην
597 4971 692 5023 καὶ
740 4967 894 5033 αὖθις
928 4969 1320 5031 ἁλυκτοπέδαις
1357 4970 1647 5034 ἐπιτιμίων
1691 4986 1790 5021 κα-

200 5064 445 5118 νυνικῶν
485 5061 866 5116 καθυπέϐαλε·
898 5061 989 5114 τὸν
1017 5061 1073 5112 δὲ
1114 5061 1377 5132 ἀρχιερέα
1419 5063 1626 5132 μετξίῳ
1665 5063 1796 5129 690-

202 5154 404 5225 ρισμῴ
437 5151 888 5224 ἀλειτουργησίας
931 5151 1393 5219 ἐστενοχωρησεν,
1459 5151 1689 5204 εἰποῦσα
1718 5151 1795 5214 ὼς

197 5248 327 5308 τοῖς
359 5247 680 5318 ἀρχιερεῦσι
743 5246 842 5314 μὲν
865 5244 1076 5312 ἐφεῖται
1113 5240 1299 5305 αὔξειν
1341 5243 1438 5294 καὶ
1507 5241 1697 5311 μειοῦν
1726 5243 1794 5295 τὰ

199 5341 484 5392 κανονικὰ
515 5339 803 5408 ἐπιτίμια·
863 5333 1208 5406 ἀραχνιαίοις
1258 5333 1312 5385 δὲ
1350 5333 1528 5401 μίτυις
1575 5334 1792 5403 δεσμεῖν

197 5428 281 5485 τὰ
315 5426 605 5488 καλωδίοις
663 5421 931 5494 ἐντρίτοις
977 5421 1443 5490 καταδεσμεῑσθαι
1509 5421 1794 5491 ὀφείλοντα

193 5519 314 5573 οὐκ
352 5517 596 5587 ἐνεδόθη.
635 5515 870 5584 Λέγεται
916 5512 973 5565 δέ
1002 5513 1086 5566 ὅτι
1111 5513 1208 5565 καὶ
1232 5511 1320 5565 διὰ
1359 5512 1460 5582 τὴν
1488 5511 1585 5566 τοῦ
1614 5512 1794 5565 τοιού-

192 5627 305 5664 του
339 5609 684 5684 στρατιώτου,
739 5606 996 5660 ὑπόθεσιν
1061 5603 1276 5667 ἐξέθετο
1313 5607 1343 5658 ό
1390 5605 1656 5672 κραταιὸς
1702 5606 1794 5657 καὶ

193 5699 373 5764 ἅγιος
401 5696 558 5767 ἡμῶν
586 5696 841 5765 βασιλεὺς
871 5699 970 5770 τὴν
1001 5698 1126 5767 περὶ
1156 5694 1266 5747 τῶν
1298 5693 1562 5747 ἑκουσίων
1589 5692 1797 5758 φονίων

183 5789 437 5861 Νεαρὰν
460 5807 474 5820 ·
503 5791 571 5860 ἦν
607 5792 702 5843 καὶ
729 5790 1004 5858 ἀνάγνωθι
1033 5787 1258 5842 ὄπισθεν
1283 5786 1791 5854 καταστρωθεῖσαν,

187 5881 307 5934 ναὶ
343 5881 829 5951 δ.αλαμ6άνουσαν
875 5881 1014 5951 μετὰ
1057 5879 1163 5934 τῶν
1193 5879 1371 5933 ἄλλων
1422 5879 1516 5932 καὶ
1570 5876 1780 5931 ταῦ;α⁶

1897 4600 2176 4652 nissimam
2206 4599 2636 4668 inspirationem,
2667 4616 2787 4670 quae
2811 4617 2879 4656 ex
2908 4615 3099 4660 sancto
3131 4607 3236 4662 illis
3260 4604 3464 4678 Spiritu

1897 4687 2100 4754 inerat,
2167 4688 2392 4742 militem
2454 4689 2671 4756 quidem
2729 4693 3116 4746 canonicarntn
3179 4708 3462 4763 pomorum

1898 4793 2088 4832 rursus
2122 4779 2472 4845 compedibus
2510 4779 2781 4847 subjecit:
2813 4781 3110 4835 antistitem
3157 4794 3336 4837 autem
3395 4786 3460 4838 ad

1895 4869 2230 4936 aliquantum
2261 4869 2527 4939 temporis
2553 4874 2621 4924 ab
2644 4871 2819 4925 oﬁicio
2845 4876 3202 4941 suspensione
3231 4877 3462 4941 punivit,

1895 4963 2079 5014 dicens
2108 4963 2247 5029 quod
2281 4963 2616 5016 antistitibus
2659 4963 2875 5032 quidem
2921 4964 3048 5018 licet
3081 4979 3269 5032 paenae
3298 4981 3464 5022 cano-

1897 5050 2048 5103 nicas
2103 5065 2321 5118 augere,
2379 5062 2435 5105 et
2488 5052 2794 5107 ditninuere
2865 5068 3228 5110 :aranearutn
3282 5067 3464 5113 autem

1897 5141 2002 5196 ﬁlis
2044 5143 2216 5211 ligare
2284 5157 2405 5210 quae
2438 5145 2636 5198 debent
2677 5146 2847 5200 tribus
2887 5147 3206 5204 rudentibus
3232 5149 3465 5219 alligari,

1893 5247 2002 5286 non
2033 5247 2344 5288 cot‘icessum
2385 5242 2491 5288 est.
2520 5233 2727 5288 Dicitur
2750 5245 2951 5300 autem,
2976 5239 3118 5306 quod
3144 5239 3309 5294 etiam
3336 5255 3466 5311 pro-

1893 5333 2016 5394 pter
2059 5325 2206 5379 illius
2240 5324 2428 5380 militis
2464 5339 2682 5380 causam
2719 5328 2884 5381 edidit
2931 5339 3123 5399 potens
3163 5339 3217 5386 at
3246 5344 3468 5390 sanctus

1897 5428 2081 5473 uoster
2107 5419 2401 5488 imperator
2428 5418 2493 5473 de
2517 5421 2839 5475 voluntariis
2857 5421 3158 5479 hemicidiis
3180 5425 3467 5492 novellam,

1894 5523 2056 5578 quam
2105 5511 2268 5566 etiam
2300 5510 2419 5582 lege
2448 5521 2594 5566 retro
2640 5511 2825 5578 sitam,
2852 5524 2906 5569 et
2953 5514 3068 5570 haec
3095 5531 3314 5587 quoque
3346 5534 3469 5576 cum

1893 5604 2015 5659 aliis
2069 5603 2622 5662 tractantemzbeiis
2656 5621 2835 5663 autem
2886 5626 3005 5679 qua
3053 5614 3122 5667 ab
3153 5612 3256 5670 illis
3307 5615 3466 5691 ﬁunt,

1895 5706 2179 5766 postquam
2213 5698 2278 5750 ad
2327 5697 2726 5753 sanctissimam
2766 5698 2859 5755 Dei
2888 5716 3138 5772 magnam
3168 5702 3467 5760 Ecclesium

1896 5787 2257 5858 confugerint,
2298 5788 2599 5857 imperialis
2636 5805 2753 5846 mea
2791 5794 3050 5860 majesus
3079 5802 3186 5850 non
3213 5797 3314 5852 scit
3342 5811 3470 5866 per-

1899 5877 2064 5944 fecte,
2103 5878 2256 5932 audit
2287 5888 2464 5933 tamen
2496 5893 2616 5950 qua
2646 5897 2751 5936 non
2782 5885 2921 5939 bona
2951 5895 3093 5939 sunt.
