4008 6376
236 374 343 442 785

1149 376 1236 439 IN
1278 374 1524 439 EPIST.
1557 375 1615 438 S.
1660 370 1949 435 BASILII
1984 373 2423 438 CANONICAM
2454 374 2571 440 III.

3391 377 3501 440 786

235 491 342 548 κᾶν
391 486 469 561 μὴ
534 486 594 553 ἐξ
651 488 981 559 ἀμφοτέρων
1036 489 1146 546 τῶν
1213 491 1419 559 γονέων
1472 490 1816 555 συνάπτηται

1949 487 2133 545 :tiamsl
2164 503 2269 542 non
2295 503 2361 542 ex
2392 487 2655 544 ambobus
2684 486 2734 543 ei
2755 488 3072 558 parentibus
3102 489 3387 562 conjuncta
3407 493 3504 552 sit.

237 580 400 649 αὐτῇ,
434 576 574 632 ἀλλά
596 577 653 644 ἐξ
684 578 805 641 ἑνὸς
840 578 987 650 (ἥτις
1039 577 1264 646 λέγεται
1314 576 1413 631 καὶ
1464 572 1815 648 ἑτεροθαλὴς)

238 671 336 726 καὶ
356 671 508 733 ὅπως
535 670 857 739 ἐπιτιμᾶται
901 670 931 723 ὁ
980 671 1234 741 μιανθεὶς
1272 668 1410 740 μετά
1449 668 1553 739 τῆς
1596 666 1819 737 νύμφης

235 760 423 816 αὐτοῦ.
467 758 580 814 Καὶ
604 761 739 830 φασὶ
773 760 1000 823 τούτους
1029 759 1354 826 ἐξωθεῖσθαι
1416 761 1517 830 μὲν
1555 758 1666 812 ἀπὸ
1715 757 1820 827 τῆς

240 852 540 922 ἐκκλησίας
589 852 785 923 μέχρις
838 852 907 906 ἂν
940 853 1040 921 τῆς
1077 852 1359 924 ἀμαρτίας
1415 851 1768 922 ἀπόσχωνται
1799 863 1817 881 ·

245 945 390 1018 μετά
443 945 502 999 δὲ
551 945 614 998 τὸ
660 945 972 1011 ἀποστῆναι
1026 944 1429 1013 οίκονομείσθαι
1479 946 1559 1007 είς
1615 945 1745 1004 τοὺς
1777 944 1819 996 δ’

235 1041 435 1094 τόπους
456 1037 568 1091 τῶν
591 1038 911 1106 ἐπιτιμίων.
962 1037 1057 1091 καὶ
1116 1035 1294 1101 οὕτως
1349 1037 1644 1103 ἀξιοῦσθαι
1714 1036 1817 1106 τῆς

243 1133 401 1201 ἀγίας
459 1131 842 1202 μεταλήψεως.
902 1131 968 1187 Οί
1007 1131 1063 1184 δὲ
1133 1130 1177 1186 δ’
1209 1134 1369 1186 τόποι
1419 1131 1678 1186 ἀνύονται
1725 1129 1816 1184 διά

240 1227 449 1298 χρόνων
477 1226 708 1281 δώδεκα.
757 1225 1064 1293 Ἀνάγνωθι
1102 1225 1201 1279 καὶ
1239 1225 1301 1279 τδ
1365 1225 1621 1296 δεύτερον
1683 1241 1816 1293 κεφ.
1855 1208 1859 1212 ’

243 1321 337 1376 τοῦ
370 1318 436 1389 ιγ’
458 1320 642 1373 τίτλου
667 1319 762 1372 τοῦ
781 1320 1056 1391 παρόντος
1096 1319 1520 1389 συντάγματος·
1567 1319 1664 1372 καὶ
1713 1336 1814 1390 ση-

240 1412 579 1486 μείωσαιότι
626 1413 741 1473 τοῖς
782 1411 1184 1481 ἀφισταμένοις
1215 1412 1341 1481 οὐχὶ
1396 1413 1511 1474 τοῖς
1560 1410 1644 1465 ἔτι
1703 1411 1807 1481 ἔμε-

241 1505 465 1576 μένουσι
497 1506 567 1574 τῇ
650 1503 902 1574 ἁμαρτίᾳ
948 1502 1182 1556 δίδονται
1236 1504 1304 1557 τὰ
1342 1503 1617 1573 ἐπιτίμια.
1679 1502 1816 1558 Teti-

236 1611 356 1660 τοις
415 1594 526 1665 γὰρ
582 1592 932 1664 ἀκοινώνητα
983 1593 1269 1658 παντελῶς
1316 1596 1425 1648 είσι
1462 1594 1531 1649 τά
1578 1593 1689 1650 τῶν
1727 1611 1817 1649 πιο

236 1680 403 1741 στῶν.

311 1781 562 1836 ΖΩΝΑΡ.
609 1779 671 1834 Ὅ
704 1780 913 1853 ἀδελφῇ
954 1782 1304 1854 συμφθαρεὶς
1341 1783 1563 1850 ἑαυτοῦ,
1598 1782 1704 1839 κᾶν
1739 1783 1814 1859 μὴ

1921 581 2016 637 sed
2046 596 2112 636 ex
2147 596 2255 636 uno
2290 581 2432 652 (quas
2462 581 2625 636 etiam
2655 581 2981 652 ὲτεροταλὴς
3009 582 3255 654 dicitur),
3281 592 3338 640 et
3366 599 3502 654 quo-

1921 675 2082 730 modo
2110 674 2334 741 punitur
2362 675 2452 743 qui
2484 692 2605 731 cum
2641 691 2737 730 sua
2772 692 2912 731 nuru
2946 676 3226 745 polluitur,
3271 685 3329 733 et
3362 678 3506 749 dicit

1921 781 2016 821 eos
2052 766 2269 836 quidem
2303 766 2505 823 debere
2556 768 2768 824 extrudi
2811 769 2880 825 ab
2943 769 3188 825 Ecclesia
3246 770 3421 827 donec
3473 785 3504 825 a

1921 868 2146 931 peccato
2172 860 2535 916 abstinuerint
2569 879 2583 916 :
2617 872 2901 931 postquam
2951 871 3132 916 autem
3169 861 3502 932 destiterint,

1922 952 2179 1009 distribui
2219 953 2272 1008 in
2304 964 2542 1022 quatuor
2571 954 2709 1018 loca,
2742 969 2929 1010 eorum
2966 956 3060 1024 qui
3100 964 3268 1027 agunt
3324 955 3505 1024 pomi-

1923 1045 2150 1101 tcntiam
2189 1062 2205 1102 :
2245 1053 2300 1102 et
2329 1047 2408 1102 sic
2440 1058 2628 1100 sancta
2656 1048 3039 1103 communione
3073 1047 3265 1116 dignos
3287 1046 3502 1102 baberi.

1921 1138 2163 1206 Quatuor
2200 1148 2383 1195 autem
2421 1140 2543 1196 loca
2591 1138 2877 1195 duodecim
2910 1142 3066 1197 annis
3119 1141 3502 1212 perficiuntur.

1928 1231 2075 1301 Lege
2106 1242 2159 1288 et
2195 1242 2357 1302 caput
2381 1235 2416 1289 2
2449 1236 2533 1290 tit.
2585 1237 2672 1304 15,
2706 1237 2992 1308 prmsetttis
3046 1235 3248 1304 operis,
3289 1241 3343 1289 et
3377 1241 3505 1288 nota

1921 1325 2154 1393 quodiis
2180 1326 2272 1396 qui
2307 1327 2596 1393 desistunt,
2633 1343 2738 1381 non
2768 1328 2835 1383 iis
2872 1327 2966 1398 qui
3034 1332 3391 1396 perseverant
3448 1325 3504 1379 in

1920 1425 2171 1485 peccato,
2204 1417 2406 1472 dantur
2457 1435 2653 1489 pmnze.
2691 1419 2784 1475 liis
2812 1420 2959 1476 enim
2996 1418 3133 1475 nihil
3156 1417 3300 1490 quod
3331 1417 3402 1473 sit
3442 1416 3506 1470 ll-

1920 1507 2141 1575 delium,
2173 1509 2390 1581 penitus
2424 1513 2884 1568 communicatur.

1997 1779 2247 1837 ZONAR.
2289 1779 2391 1847 Qui
2425 1795 2544 1834 cum
2580 1790 2771 1835 sorore
2796 1787 3087 1849 corruptus
3108 1788 3214 1846 est,
3254 1779 3507 1849 quamvis

236 1870 298 1938 ἐξ
327 1872 661 1944 ἀμφοτέρων
689 1873 798 1927 τῶν
825 1874 1034 1942 γονέων
1063 1876 1096 1945 ἡ
1156 1875 1459 1947 ἀδελφότης
1489 1877 1660 1941 ἐστὶν,
1701 1875 1816 1929 ἀλλ’

1949 1872 2034 1931 ton
2059 1892 2126 1931 cx
2158 1885 2391 1946 utroque
2429 1883 2673 1943 parente,
2721 1872 2817 1929 sed
2853 1889 2920 1928 ex
2979 1871 3242 1927 alterutro
3295 1880 3507 1926 tantum

236 1961 300 2028 ἐξ
336 1962 477 2027 ἑνὸς.
518 1966 693 2033 πάντη
726 1965 1011 2030 ἐξωθεῖται
1048 1968 1148 2036 τῆς
1176 1967 1534 2038 Ἐκκλησίας,
1574 1968 1681 2033 ἓως
1724 1970 1822 2034 τῆς

238 2057 505 2126 τοιαύτης
555 2058 839 2128 ἁμαρτίας
903 2061 1239 2131 ἀπόσχηται.
1315 2061 1718 2134 Ἀποσχόμενος
1766 2061 1823 2116 δὲ

232 2149 615 2217 οἰκονομεῖται
636 2149 714 2213 ὡς
759 2153 788 2204 ό
816 2151 1001 2207 κανὼν
1029 2153 1404 2219 διατάττεται,
1438 2153 1818 2227 προσκλαίων,

231 2240 608 2312 ἀκροώμενος,
687 2243 1040 2309 ὑποπίπτων,
1110 2245 1405 2311 συνεστώς-
1494 2246 1589 2301 καὶ⁸
1649 2243 1824 2309 οὕτως

233 2333 486 2401 ἀξιοῦται
520 2335 626 2407 τῆς
653 2337 748 2391 τοῦ
775 2336 984 2407 ἀγαθοῦ
1017 2339 1323 2401 κοινωνίας.

318 2603 542 2660 ΑΡΙΣΤ.
562 2622 688 2660 καν.
715 2612 809 2660 οεθ.
848 2605 909 2660 Ὀ
938 2606 1144 2678 ἀδελφῇ
1183 2606 1459 2678 πατρόθεν
1489 2606 1521 2678 ἢ
1547 2606 1825 2678 μητρόθεν

237 2698 615 2769 συμμιανθεὶς
653 2698 729 2768 μὴ
781 2699 973 2753 είσίτω
1033 2701 1117 2764 είς
1165 2697 1316 2753 οἷκον
1358 2702 1677 2772 προσευχῆς
1721 2700 1827 2764 ἕως

236 2795 499 2862 ἀποστῇ*
572 2787 674 2844 εἶτ’
746 2792 1053 2863 ἀνανήψας,
1107 2792 1355 2862 τριετίαν
1421 2790 1824 2861 προσκλαιέτω,

235 2883 490 2955 τριετίαν
555 2882 874 2954 ἀκροάσθω,
939 2882 1194 2954 τριετίαν
1266 2881 1648 2947 ὑποπιπτέτω,
1731 2881 1828 2935 καὶ

234 2974 324 3043 τῷ
375 2973 588 3045 δεκάτῳ
652 2973 912 3045 δεχέσθω
963 2975 1135 3046 χωρὶς
1190 2974 1531 3042 προσφορᾶς,
1592 2974 1687 3027 καὶ
1735 2972 1830 3026 δύο

233 3067 338 3137 ἔτη
397 3066 611 3131 συστὰς
658 3067 741 3131 είς
780 3067 971 3139 εὐχὴν,
1002 3065 1197 3122 λοιπὸν
1253 3065 1529 3133 ἀξιούσθω
1571 3066 1675 3137 τῆς
1720 3084 1831 3121 κοι-

234 3176 461 3223 νωνῑας.

1923 1968 2235 2026 fraternitas
2268 1968 2362 2033 sit,
2383 1982 2448 2022 ex
2478 1966 2719 2023 Ecclesia
2755 1981 2976 2036 prorsus
2996 1966 3304 2036 expellitur,
3334 1965 3510 2021 donec

1925 2063 1994 2118 ab
2027 2061 2294 2128 ejusmodi
2336 2070 2562 2130 peccato
2601 2060 2854 2115 absistat.
2912 2058 3206 2128 Postquam
3237 2071 3367 2111 vero
3414 2057 3512 2110 ab-

1925 2153 2200 2217 stinuerit,
2233 2169 2297 2207 ex
2336 2151 2654 2222 praescripta
2689 2152 2744 2205 in
2786 2149 2892 2205 boc
2926 2163 3134 2205 canone
3167 2147 3339 2202 forma
3370 2146 3508 2201 mul-

1929 2254 2097 2310 tatur,
2128 2245 2199 2298 ita
2226 2254 2285 2298 ut
2317 2245 2456 2298 inter
2479 2242 2671 2297 ﬂentes
2699 2242 2880 2311 degat,
2912 2251 3025 2296 tum
3080 2241 3226 2295 inter
3283 2239 3509 2293 audien-

1926 2346 2043 2401 tes,
2067 2336 2192 2391 inde
2229 2334 2285 2389 in
2317 2333 2705 2401 substratione,
2744 2348 2869 2387 mox
2894 2347 3017 2386 cum
3052 2330 3303 2386 iidelibus
3330 2327 3511 2384 consi-

1927 2437 2038 2484 stat
2085 2435 2301 2495 :atque
2349 2427 2421 2482 ita
2478 2426 2700 2481 demum
2756 2427 2826 2481 ad
2879 2423 3008 2481 boni
3071 2421 3510 2479 communionem

1925 2521 2267 2575 admittatur.

1995 2610 2226 2666 ARIST.
2258 2609 2394 2665 Can.
2429 2609 2518 2665 75.
2558 2608 2815 2675 Quicum
2864 2622 3055 2663 sorore
3106 2621 3174 2664 ex
3226 2615 3379 2676 patre
3426 2604 3513 2660 vel

1927 2715 2104 2760 matre
2133 2703 2540 2772 coinquinatur,
2574 2704 2792 2756 domum
2824 2701 3091 2756 orationis
3119 2714 3189 2755 ne
3237 2699 3510 2769 ingredia-

1928 2808 2035 2859 tur.
2063 2797 2234 2852 donec
2256 2795 2508 2850 desistat.
2545 2792 2738 2849 Postea
2767 2808 2890 2848 cum
2917 2793 3236 2862 resipuerit,
3270 2791 3510 2847 triennio

1929 2889 2144 2957 deﬂeat,
2208 2887 2446 2943 triennio
2489 2886 2697 2952 audiat,
2729 2885 2969 2941 triennio
3018 2885 3423 2951 substernatur,
3454 2891 3513 2941 et

1929 2998 2073 3038 anno
2102 2981 2314 3036 decimo
2348 2980 2647 3048 recipiatur
2676 2978 2795 3034 sine
2826 2977 3126 3044 oblatione,
3186 2989 3243 3033 et
3290 2978 3513 3034 biennio

1929 3077 1997 3131 ad
2037 3072 2342 3130 orationem
2369 3086 2494 3128 cum
2525 3070 2860 3136 consisterit,
2905 3069 3289 3126 communione
3317 3069 3514 3141 dignus

1931 3166 2222 3222 habeatur.

296 3247 510 3315 Οὗτοςό
539 3251 725 3308 κανὼν
742 3252 1173 3326 συνηρμηνεύθη
1195 3252 1272 3325 τῷ
1299 3251 1583 3325 ἑξηκοστῷ
1610 3252 1826 3325 ἑϐδόμῳ

2002 3259 2100 3315 llic
2129 3273 2305 3314 canon
2328 3272 2439 3312 una
2469 3270 2592 3313 cum
2635 3257 2975 3328 sexagesimo
3028 3255 3261 3328 septimo
3302 3268 3515 3312 canone

234 3345 452 3401 κανόνι.
1568 3396 1571 3399 .

308 3436 534 3493 ΑΡΙΣΤ.
570 3435 822 3503 καν.ος’.
852 3437 937 3491 Τὰ
965 3437 1105 3493 αὐτὰ
1144 3438 1241 3494 καὶ
1269 3439 1403 3510 περὶ
1429 3438 1543 3493 τῶν
1566 3438 1668 3504 τὰς
1687 3438 1827 3511 νύμ-

240 3547 355 3600 φας
377 3529 794 3613 λαμϐανόντων.
825 3530 1037 3599 Σαφής.

811 3612 1051 3678 ΚᾹΝΩΝ
1066 3622 1186 3679 ΟΖ’.

261 3715 328 3770 '0
368 3715 550 3785 μέντοι
577 3713 1014 3784 καταλιμπάνων
1041 3712 1144 3780 τὴν
1167 3715 1420 3784 νομίμως
1455 3720 1828 3788 συναφθείσαν

325 3805 476 3874 αύτῷ
519 3806 785 3873 γυναῖκα,
820 3802 914 3856 καὶ
959 3801 1156 3873 ἑτέραν
1208 3801 1480 3872 ἀγόμενος
1538 3806 1680 3861 κατὰ
1730 3806 1830 3879 τὴν

317 3898 416 3954 τοῦ
440 3898 652 3968 Κυρίου
690 3896 974 3964 ἀπόφασιν
1020 3894 1102 3967 τῷ
1127 3894 1230 3964 τῆς
1258 3897 1506 3967 μοιχείας
1536 3899 1829 3955 ὑπόκειται

307 3993 564 4064 κρίματι.
617 3988 1018 4042 Κεκανόνισται
1088 3989 1145 4042 δὲ
1195 3988 1346 4058 παρά
1395 3989 1505 4043 τῶν
1555 3992 1829 4061 Πατέρων

324 4089 485 4158 ἡμῶν
516 4088 646 4150 τοὺς
694 4084 976 4147 τοιούτους
1007 4083 1258 4137 ἐνιαυτὸν
1292 4085 1675 4153 προσκλαίειν,
1719 4086 1829 4141 διες

313 4184 442 4237 τίαν
477 4177 886 4249 ἐπακροᾶσθαι,
932 4178 1179 4244 τριετίαν
1204 4177 1572 4242 ὑποπίπτειν,
1597 4179 1677 4251 τῷ
1734 4180 1829 4234 ἐϐ-

313 4271 470 4344 δόμῳ
527 4270 889 4326 συνίστασθαι
944 4272 1057 4335 τοῖς
1105 4273 1341 4337 πιστοῖς,
1397 4270 1495 4323 καὶ
1538 4268 1682 4324 οὕτω
1731 4269 1832 4338 τῆς

314 4366 644 4436 προσφορᾶς
703 4360 1128 4430 καταξιοῦσθαι,
1189 4364 1287 4421 ὲάν
1357 4363 1496 4433 μετά
1579 4362 1833 4435 δακρύων

323 4457 760 4529 μετανοήσωσιν.

827 4548 1072 4602 ΚΑΝΩΝ
1129 4546 1259 4602 OH'.

1859 4570 1914 4632 D

1929 3350 2322 3422 interpretatus
2351 3357 2458 3406 est.

1999 3441 2230 3500 ARIST.
2261 3442 2398 3498 Can.
2432 3442 2521 3498 76.
2550 3441 2754 3497 Eadem
2781 3451 2837 3495 et
2867 3441 2937 3497 de
2962 3440 3031 3497 iis
3060 3440 3152 3512 qui
3187 3454 3360 3497 nurus
3387 3453 3512 3496 sua:

1932 3535 2225 3606 accipiunt,
2259 3536 2643 3592 decernuntur.
2672 3533 3014 3599 Perspicuum

2456 3623 2687 3682 CANON
2721 3623 2980 3679 LXXVII.

1934 3720 2036 3789 Qui
2071 3720 2352 3777 mulierem
2380 3719 2597 3789 quidem
2638 3717 2742 3773 sibi
2784 3717 3025 3787 legitime
3064 3717 3372 3786 copulatam
3428 3716 3514 3771 di-

2004 3809 2192 3873 mittit,
2231 3820 2285 3862 et
2316 3807 2474 3862 aliam
2504 3806 2672 3872 ducit,
2707 3807 3003 3861 secundum
3045 3803 3257 3861 Domini
3296 3815 3517 3860 senten-

2012 3900 2167 3964 tiam,
2197 3898 2447 3954 adulterii
2476 3896 2684 3967 judicio
2728 3894 3017 3964 subjicitur
3052 3914 3066 3951 :
3102 3906 3158 3952 et
3188 3911 3218 3950 a
3261 3895 3518 3951 Patribus

2007 3991 2209 4046 nostris
2254 3990 2518 4046 canonice
2573 3996 2839 4045 statutum
2884 3998 3013 4053 est,
3061 3995 3122 4043 ut
3170 3987 3209 4043 ii
3255 4001 3398 4040 anno
3420 3985 3516 4041 de-

2005 4085 2211 4151 ileant,
2269 4082 2490 4137 biennio
2544 4081 2804 4145 audiant,
2867 4079 3105 4136 triennio
3160 4081 3516 4135 subsmrnan-

2006 4187 2096 4232 tur
2132 4195 2146 4233 :
2182 4177 2413 4245 septimo
2470 4190 2592 4231 cum
2648 4174 2897 4228 ﬁdelibus
2950 4173 3250 4228 consistant
3285 4186 3301 4226 :
3347 4179 3402 4226 et
3441 4171 3517 4226 ita

2006 4269 2283 4326 oblatione
2307 4268 2452 4339 digni
2503 4267 2833 4332 habeantur,
2868 4267 2912 4322 si
2946 4281 3092 4323 cum.
3121 4264 3375 4336 lacrymis
3401 4277 3517 4335 po:-

2007 4362 2293 4419 nitentiam
2331 4358 2565 4433 egerint.

2450 4532 2681 4592 CANON
2717 4534 3006 4593 LXXVI”.

257 4645 326 4698 '0
358 4641 524 4704 αὐτὸς
555 4640 828 4713 κρατείτω
855 4638 1027 4702 τύπος
1060 4638 1154 4692 καὶ
1183 4639 1278 4692 ἐπὶ
1309 4642 1418 4692 τῶν
1445 4640 1538 4692 δύο
1592 4640 1828 4708 ἀδελφὰς

1949 4631 2142 4687 Eadem
2187 4639 2365 4684 autem
2396 4628 2572 4682 forma
2612 4629 2953 4692 observetur,
2984 4634 3040 4680 et
3072 4640 3124 4679 .n
3177 4625 3242 4680 iis
3274 4625 3364 4693 qui
3389 4626 3521 4679 duas

311 4734 713 4804 λαμϐανόντων
733 4735 816 4797 εἱς
852 4728 1216 4795 συνοικέσιον,
1253 4731 1303 4784 εί
1326 4731 1423 4784 καὶ
1449 4729 1594 4784 κατά
1645 4729 1837 4804 διαφό-

333 4844 463 4901 ρους
485 4827 736 4898 χρόνους.

824 4916 1064 4970 ΚΔΝΩΝ
1090 4914 1212 4969 ΟΘ’.

251 5013 321 5066 Oi.
344 5009 401 5064 δὲ
416 5012 541 5074 ταῖς
571 5010 872 5079 μητρυιαῖς
892 5007 1107 5060 ἑαυτῶν
1137 5007 1399 5076 ἑπιμαινό
1412 5024 1566 5076 μενοι
1593 5007 1673 5074 τῷ
1690 5007 1841 5077 αύτῷ

325 5105 652 5156 ὑπόκεινται
683 5101 874 5154 κανόνι
900 5094 945 5170 ᾧ
981 5101 1079 5154 καὶ
1111 5101 1161 5153 oi
1192 5102 1315 5163 ταῖς
1342 5098 1554 5154 ἑαυτῶν
1579 5099 1838 5170 ἀδελφαῖς

327 5194 772 5262 ὲπιμαινόμενοι.

333 5290 533 5346 ΒΑΛΣ.
569 5291 675 5343 Τὸν
736 5292 817 5353 είς
881 5289 1183 5360 ὲτεροθαλῆ
1251 5289 1489 5362 ἀδελφὴν
1538 5290 1572 5361 ἢ
1620 5290 1842 5361 νύμφην

254 5382 475 5438 οίκείαν
534 5382 838 5452 μιανθέντα
907 5382 1002 5435 ἐπὶ
1051 5380 1419 5435 δωδεκαετίαν
1481 5383 1841 5452 ἐπιτιμᾶσθαι

253 5473 558 5543 διωρίσατο
580 5474 608 5526 ὁ
631 5471 785 5540 ἅγιος
821 5473 876 5523 ὲν
907 5471 987 5541 τῷ
1009 5467 1082 5525 οε¹
1116 5472 1208 5524 καὶ
1238 5469 1324 5536 ος¹
1358 5473 1576 5527 κανόνι.
1609 5472 1843 5543 Ἀρτίως

254 5566 343 5632 δὲ,
377 5565 547 5636 ἤγουν
576 5566 638 5619 ἒν
702 5564 782 5635 τῷ
808 5565 907 5631 αἶ’,
938 5566 994 5616 ἑν
1015 5562 1092 5633 τῷ
1123 5581 1185 5635 οη
1225 5563 1322 5618 καὶ
1345 5567 1405 5617 ὲν
1444 5563 1522 5635 τῷ
1546 5562 1621 5617 οθ¹
1653 5563 1842 5618 κανόνι

256 5657 708 5728 παρακελεύεται
752 5657 879 5721 τοὺς
937 5658 1455 5728 καταλιμπάνοντας
1497 5655 1595 5720 τὰς
1627 5658 1843 5710 ἑαυτῶν

260 5745 557 5816 συμϐίους,
594 5747 688 5800 καὶ
712 5746 909 5814 ἑτέρας
940 5746 1080 5816 πρὸς
1109 5747 1292 5819 γάμον
1338 5749 1664 5818 ἀγομένους,
1701 5746 1839 5800 ἀλλὰ

267 5840 381 5911 μὴν
412 5839 508 5893 καὶ
529 5841 657 5904 τοὺς
692 5840 756 5895 λα
770 5839 1077 5913 μὸἀνοντας
1103 5842 1183 5905 είς
1218 5840 1551 5894 συνοικέσινεν
1582 5837 1843 5893 6506:851-

2010 4740 2230 4782 sorores
2287 4724 2340 4778 in
2379 4724 2726 4779 matrimonio
2773 4721 3089 4788 accipiunt,
3133 4718 3236 4773 etsi
3293 4718 3522 4775 diversis

2011 4816 2363 4887 temporibus.

2470 4906 2704 4964 CANON
2757 4903 2998 4960 LXXIX.
3018 4957 3022 4960 ι

1945 5002 1982 5058 li
2006 5012 2184 5058 autem
2209 5003 2299 5073 qui
2334 5002 2387 5056 in
2417 5015 2546 5056 suas
2565 5013 2830 5055 novercas
2853 4994 3161 5062 insaniunt,
3189 5004 3315 5051 sunt
3344 4993 3522 5049 eidem

1934 5167 1941 5171 θ
2015 5094 2210 5151 canoni
2249 5095 2493 5161 obnoxii,
2529 5093 2615 5151 cui
2645 5103 2699 5149 et
2736 5092 2772 5147 ii
2810 5091 2901 5163 qui
2936 5090 2993 5145 in
3018 5103 3147 5145 suas
3191 5102 3410 5145 sorores
3439 5087 3528 5144 in-

2014 5188 2256 5243 saniunt.

2026 5276 2224 5334 BALS.
2259 5278 2391 5333 Eum
2420 5277 2512 5349 qui
2541 5276 2594 5331 in
2627 5290 2781 5332 suam
2807 5289 2874 5330 ex
2896 5273 3082 5329 altero.
3100 5273 3344 5344 germine
3374 5286 3526 5326 soro-

1949 5386 2062 5428 rem
2095 5371 2178 5425 vel
2210 5386 2364 5426 suam
2395 5385 2590 5425 nurum
2631 5368 2865 5439 pollutus
2905 5376 3011 5432 est,
3043 5365 3331 5421 duodecim
3368 5362 3529 5420 annis

1949 5464 2281 5536 puniendum
2342 5464 2533 5518 statuit
2592 5471 2814 5518 sanctus
2868 5460 2920 5514 itt
2966 5473 3162 5517 canon.
3218 5455 3289 5514 75
3329 5466 3387 5513 et
3435 5455 3525 5513 76.

1950 5556 2106 5613 Nunc
2129 5567 2313 5610 autem
2341 5554 2550 5611 scilicet
2576 5554 2627 5609 in
2654 5568 2776 5609 can.
2818 5551 2906 5617 77,
2939 5549 3008 5606 78
3050 5559 3104 5605 et
3128 5549 3194 5605 79
3237 5549 3411 5619 jubet,
3468 5560 3527 5602 ut

1950 5651 2039 5721 qui
2068 5664 2198 5705 suas
2232 5657 2518 5704 consortes
2549 5649 2849 5714 dimittunt,
2902 5652 2956 5700 et
3019 5643 3154 5699 alias
3209 5643 3416 5698 ducunt
3469 5642 3524 5695 in

1951 5743 2378 5809 matrimonium,
2402 5741 2712 5813 quinetiam
2742 5739 2778 5797 ii
2798 5738 2889 5810 qui
2916 5737 3052 5794 duas
3073 5750 3289 5794 sorores
3324 5734 3377 5790 in
3409 5749 3527 5790 ma-

1954 5837 2270 5891 trimonium
2304 5836 2598 5913 accipiunt,
2640 5832 2847 5891 scilicet
2872 5840 2993 5902 post
3018 5830 3176 5885 ttttitts
3196 5837 3447 5894 mortem,
3473 5835 3528 5881 et
