4008 6380
540 334 648 405 787

1822 337 2100 400 THEOD.
2145 321 2547 417 BALSAMON

3688 339 3798 406 183

546 452 636 515 qui
658 465 780 503 cum
804 447 919 503 suis
939 447 1187 505 novercis
1211 449 1616 518 polluuntur.'ut
1631 450 1862 506 adulteri
1889 450 2109 519 punian-

2224 461 2336 531 φὰς
2364 461 2586 525 πάντως
2618 462 2760 533 μετὰ
2785 442 3029 528 θάνατον,
3047 464 3148 531 τῆς
3195 462 3351 532 μιᾶς,
3382 462 3477 515 καὶ
3506 460 3636 525 τοὺς
3660 476 3799 526 μαι-

544 549 654 592 tur.
680 538 839 592 Addit
864 549 1044 592 autem
1076 540 1127 593 in
1160 555 1370 596 canone
1398 541 1464 596 76
1494 552 1551 595 ut
1575 541 1666 611 qui
1704 556 1857 597 suam
1888 556 2115 596 uxorem

548 629 823 695 relinquit,
846 639 899 685 et
926 630 1018 685 alii
1055 633 1424 700 conjungitur,
1475 648 1503 686 a
1537 632 1796 688 Patribus
1826 632 2114 703 septennia

550 723 809 788 puniatur
842 738 857 777 :
889 730 945 777 et
967 724 1046 777 sic
1080 724 1126 777 si
1156 739 1277 777 cum
1302 723 1554 795 lacrymis
1577 722 1951 793 paenitentiam
1988 737 2117 792 ege-

546 812 635 874 rit.
690 823 879 868 sancta
935 815 1096 884 129
1140 815 1520 870 communione
1571 816 1766 882 dignus
1827 814 2114 871 habeatur.

534 896 670 958 Haec
697 920 819 958 cum
849 907 915 960 ita
943 922 1002 959 se
1035 908 1289 976 habeant,
1320 907 1468 962 dicat
1502 907 1771 976 quispiam
1816 909 1957 976 quod
1992 922 2113 962 cum

543 1010 664 1048 ran.
696 996 766 1049 58
813 999 862 1048 in
894 998 1199 1067 quindecim
1253 999 1409 1052 annis
1453 999 1637 1066 puniat
1679 998 2007 1061 adulterum,
2062 1008 2118 1051 et

542 1102 786 1161 prmsens
810 1106 983 1144 canon
1025 1091 1171 1144 dicat
1214 1101 1421 1159 septem
1459 1091 1620 1145 annis
1657 1090 1833 1159 puniri
1884 1104 1977 1144 eos
2023 1090 2114 1156 qui

543 1192 672 1228 snas
702 1195 899 1233 uxores
932 1180 1230 1238 dimittunt.
1259 1192 1311 1232 et
1340 1182 1459 1234 aliis
1517 1180 1935 1250 cnnjuvguntur,
1986 1180 2115 1249 quid

543 1268 696 1319 nobis
733 1270 799 1319 sit
827 1271 1201 1338 sequendum?
1234 1270 1349 1325 Sol.
1383 1270 1452 1324 Ea
1499 1285 1618 1336 quae
1648 1272 1698 1323 in
1733 1286 1855 1323 can.
1889 1271 1958 1325 53
1981 1287 2114 1323 cou-

544 1360 802 1412 tinentur.
857 1363 954 1413 llic
1004 1364 1144 1415 enim
1178 1374 1397 1417 sanctus
1446 1362 1667 1416 Patrum
1721 1362 2112 1428 definitionem,

543 1463 650 1504 non
682 1462 731 1499 ιιι
772 1452 1066 1513 deeretnm.
1095 1457 1187 1507 sed
1223 1464 1273 1506 nt
1328 1455 1379 1508 in
1424 1454 1681 1507 memoria
1719 1455 2112 1516 revocationem

546 1538 790 1603 adduxit,
823 1550 879 1594 et
901 1551 956 1594 ut
986 1543 1220 1596 sciamus
1243 1542 1370 1610 quid
1405 1544 1475 1597 ab
1529 1544 1633 1596 illis
1673 1544 1820 1612 prius
1852 1551 2112 1596 statutum

547 1638 654 1692 est,
690 1642 741 1685 et
779 1634 905 1699 quid
943 1635 1009 1685 ali
1036 1636 1150 1701 ipso
1180 1644 1365 1686 contra
1391 1644 1455 1689 st.
1478 1643 1650 1688 tutqu
1684 1650 1700 1688 :
1731 1642 1785 1687 et
1823 1633 1924 1688 hoc
1951 1634 2116 1702 signi-

543 1719 758 1783 llczitur.
794 1738 856 1777 ex
891 1738 956 1776 eo
984 1726 1125 1791 quod
1160 1725 1290 1779 dicit
1320 1732 1539 1780 sanctus
1559 1727 1756 1779 debere
1783 1741 1877 1779 eos
1907 1726 2113 1794 puniri,

544 1822 601 1862 nt
629 1812 926 1869 adulteros.
970 1814 1026 1868 Si
1062 1816 1184 1883 quis
1231 1826 1408 1870 autem
1445 1818 1700 1887 generale
1734 1816 1873 1884 juris
1911 1816 2116 1871 dictum
2148 1802 2192 1857 Β

540 1904 801 1974 proferet,
837 1908 1047 1971 dicens,
1103 1910 1367 1978 ExpreSSa
1394 1912 1512 1979 plus
1539 1909 1718 1963 valere
1739 1924 1898 1977 quam
1929 1910 2113 1976 tacita,

541 1996 746 2058 audiet,
780 2000 923 2064 quod
950 2000 992 2052 si
1024 2010 1168 2055 esset
1202 2001 1419 2066 quidam
1463 2001 1601 2055 alius
1649 2001 1822 2054 sancti
1864 1984 1988 2055 can.
2024 2001 2115 2069 qui

538 2090 846 2155 quuulerim
885 2092 1041 2146 annis
1094 2094 1307 2160 pun’ret
1354 2092 1650 2156 adulteros,
1692 2093 1958 2148 rationein
2008 2093 2117 2147 lor-

540 2188 686 2234 tasse
729 2183 953 2237 haberet
977 2184 1119 2253 quod
1158 2185 1377 2238 dicitur.
1415 2185 1549 2250 Quia
1574 2194 1765 2249 autem
1794 2192 1918 2238 sunt
1948 2184 2113 2239 etiam

540 2272 780 2338 ejusdem
813 2275 985 2329 sancti
1025 2274 1238 2344 utrique
1284 2290 1535 2339 canones,
1592 2276 1916 2333 necessario.
1971 2274 2113 2344 quod

544 2363 613 2416 ab
645 2378 713 2418 eo
738 2366 1011 2432 poeterius
1049 2378 1269 2420 cautum
1296 2376 1401 2430 est,
1439 2367 1639 2421 attendi
1668 2367 1848 2433 debet,
1890 2377 1948 2421 ut
1972 2369 2112 2436 quod

534 2453 646 2519 jam
682 2465 827 2510 esset
856 2457 1063 2511 editum
1098 2474 1191 2526 per
1218 2457 1478 2512 clmdnent
1511 2458 1599 2513 58.
1628 2459 1701 2512 De
1727 2460 1791 2513 iis
1812 2468 1986 2512 autem
2021 2458 2111 2529 qui

539 2559 669 2615 suas
732 2560 927 2599 uxores
990 2546 1319 2612 relinquunt,
1363 2548 1477 2615 lege
1526 2549 1687 2601 etiam
1732 2563 1992 2603 eanouem
2045 2548 2113 2603 48

541 2637 819 2705 praesentis
850 2637 1021 2691 sancti
1068 2637 1245 2691 Patris
1279 2656 1292 2692 :
1332 2648 1384 2691 et
1416 2637 1894 2706 antepennltimmn
1929 2639 2110 2692 thema

539 2720 639 2776 ult.
699 2737 818 2791 cap.
871 2723 954 2777 tit.
1023 2724 1090 2778 57
1158 2725 1253 2779 lih.
1304 2741 1372 2780 t.x
1428 2728 1570 2796 quod
1614 2727 1745 2781 dicit
1779 2728 1923 2793 :Qui
1978 2729 2111 2783 duas

538 2829 740 2868 uxores
766 2815 962 2869 habere
996 2818 1248 2881 tentavit,
1283 2834 1387 2871 non
1427 2820 1561 2888 lege,
1592 2818 1686 2874 sed
1729 2818 1871 2873 facto
1918 2819 2109 2872 volun-

537 2905 686 2970 tatis,
718 2914 860 2962 recte
884 2907 1134 2961 adulterii
1163 2910 1376 2963 crimini
1408 2912 1716 2979 Slllllelllll'.
1751 2910 1883 2977 Qum.
1929 2921 2110 2967 autem

535 3000 614 3056 illi
650 3001 826 3067 nupsit
858 3004 1147 3072 pasti-rior,
1169 3005 1213 3058 si
1248 3005 1483 3059 nesciret
1512 3021 1633 3059 eum
1662 3005 1861 3060 habere
1888 3020 2109 3059 uxorem

537 3091 858 3158 legitimam,
904 3094 952 3147 ei
983 3095 1139 3148 venia
1174 3096 1415 3151 dabitur.
1478 3095 1622 3167 Lege
1666 3109 1719 3151 et
1769 3112 2033 3152 canonom
2074 3097 2111 3151 ἓ

534 3182 838 3239 Νεονιυεειν.
884 3187 1096 3256 synodi,
1143 3186 1233 3254 qui
1296 3187 1425 3240 dicit
1479 3203 1575 3242 eos
1628 3188 1698 3242 ab
1748 3189 1987 3244 Ecclesia
2042 3190 2109 3243 ad

537 3288 766 3331 mortem
807 3293 978 3346 usque
1016 3279 1232 3347 expelli,
1273 3289 1327 3333 et
1376 3296 1442 3335 ne
1478 3281 1573 3335 tibi
1632 3287 1933 3338 cautrarius
1990 3298 2113 3338 esse

534 3364 813 3431 rideatur;
843 3369 934 3420 sed
967 3368 1055 3422 dic
1081 3370 1365 3424 antediclas
1393 3372 1609 3439 quidem
1635 3387 1770 3443 syno
1792 3373 1825 3427 li
1845 3387 2109 3428 canonem

534 3464 796 3513 statutum
837 3471 958 3512 esse
986 3459 1054 3513 de
1099 3458 1165 3514 iis
1200 3461 1293 3529 qui
1328 3462 1378 3516 in
1415 3463 1556 3517 malo
1602 3464 1939 3531 persistnnt:
1970 3482 2111 3536 prte-

534 3556 742 3604 sentein
768 3564 894 3603 vero
924 3552 992 3605 de
1023 3551 1087 3606 iis
1106 3554 1193 3620 qui
1219 3554 1563 3621 disteterunt,
1595 3565 1648 3611 et
1679 3559 1909 3614 confessi
1934 3570 2061 3614 sunt
2091 3578 2105 3614 :

537 3646 591 3695 et
628 3647 909 3704 propterea
962 3641 1038 3693 illi
1102 3641 1319 3709 quidem
1377 3645 1614 3713 perfecta
1665 3648 2107 3702 excommunica-

536 3727 685 3795 tione
720 3728 1080 3788 damnantur:
1123 3733 1174 3787 hi
1204 3750 1332 3789 vero
1362 3736 1666 3806 quindecim
1696 3738 1852 3791 annis
1876 3739 2107 3806 puniun-

535 3832 642 3878 tur;
678 3819 814 3876 Nota
850 3834 1031 3879 autem
1071 3840 1137 3881 ex
1169 3829 1531 3893 praesentibus
1584 3830 1909 3893 canonibus,
1960 3833 2104 3900 quod

529 3927 638 3973 non
669 3913 842 3969 solum
889 3917 939 3969 in
994 3916 1080 3972 his
1115 3920 1374 3987 peccatis.
1431 3921 1524 3976 sed
1564 3923 1728 3976 etiam
1766 3923 1819 3976 in
1882 3923 2104 3991 reliquis

529 4006 764 4059 cessatio
789 4012 874 4060 dat
913 4007 1090 4062 locum
1130 4011 1324 4078 pannis.
1352 4010 1453 4078 Qui
1483 4015 1627 4066 enim
1671 4015 1723 4068 in
1754 4015 1895 4069 malo
1918 4031 2105 4084 perse-

528 4104 702 4159 verat,
734 4100 948 4153 etiamsi
981 4100 1175 4155 millies
1224 4102 1443 4170 punitus
1497 4104 1682 4169 fuerit,
1716 4114 1770 4161 et
1808 4107 1964 4160 toties
2018 4107 2107 4161 b0-

529 4203 657 4252 ntun
708 4189 920 4253 fecerit,
955 4190 1117 4245 habet
1139 4191 1332 4244 vulnus
1370 4192 1787 4261 immedicabile,
1817 4197 1960 4265 quod
1987 4199 2107 4253 vin-

528 4281 665 4345 culis
724 4297 844 4351 qua
892 4281 1201 4341 cicatricem
1254 4281 1486 4337 induttnt
1538 4301 1643 4338 non
1694 4290 2100 4358 constringitur.

528 4373 665 4429 Nota
699 4384 981 4439 praeterea,
1013 4373 1157 4441 quod
1178 4389 1296 4439 qua:
1328 4376 1380 4429 in
1414 4376 1630 4446 antiqua
1677 4378 1792 4448 lege
1821 4384 2102 4438 continen-

2219 555 2480 624 νομένους
2522 556 2662 623 μετὰ
2715 555 2825 610 τῶν
2867 555 3152 624 μητρυιῶν
3206 554 3409 621 αὐτῶν,
3450 553 3526 617 ὼς
3571 553 3802 622 μοιχοὺς

2218 647 2610 717 ἔπιτιμᾶσθαι.
2656 648 2995 718 Προστίθησι
3026 646 3088 701 δὲ
3143 647 3201 701 ἐν
3224 646 3304 717 τῷ
3351 651 3439 712 ος¹
3466 645 3657 699 κανόνι
3701 644 3801 698 τὸν

2218 740 2713 805 καταλιμπάνοντα
2765 739 2868 810 τὴν
2921 740 3131 794 οίκείαν
3173 741 3431 807 γυναῖκα,
3489 738 3586 792 καὶ
3634 753 3802 791 συναι-

2221 833 2496 900 πτόμενον
2532 832 2653 902 μεθ’
2705 831 2927 902 ἑτέρας.
2965 831 3061 884 ἐπὶ
3092 816 3387 885 ἑπταετίαν
3434 826 3804 897 ἐπιτιμᾶσθαι

2225 923 2382 991 παρά
2411 924 2523 976 τῶν
2546 922 2831 993 Πατέρων,
2881 923 2977 976 καί⁵
3006 922 3182 984 οὕτως
3212 922 3308 974 εὰν
3354 920 3493 991 μετὰ
3536 918 3802 987 δακρύων

2222 1016 2606 1083 μετανοήσωσι
2662 1016 2762 1083 τῆς
2812 1015 2976 1080 ἁγίας
3057 1012 3414 1082 μεταλήψεως
3480 1009 3800 1074 ἀξιοῦσθαι.

2221 1109 2443 1163 Τούτων
2478 1107 2655 1171 οὓτως
2692 1108 2950 1176 ἑχόντων,
2980 1107 3098 1173 ἐρεῖ
3144 1122 3231 1168 τις
3287 1104 3385 1165 ὡς,
3429 1101 3525 1157 τοῦ
3560 1108 3642 1167 νη⁹
3688 1119 3803 1155 κα.-

2218 1196 2372 1258 νόνος
2406 1198 2463 1249 ἐν
2493 1201 2556 1248 ιε’
2596 1195 2745 1248 ἔτεσι.
2789 1197 2881 1247 τδν
2904 1193 3092 1262 μοιχὸν
3134 1191 3525 1260 ἐπιτιμῶντος,
3556 1189 3653 1242 καὶ
3694 1188 3803 1242 τοῦ

2219 1283 2492 1353 παρόντος
2523 1282 2746 1343 κανόνος
2777 1283 2834 1333 ὲν
2880 1282 2924 1344 ζ’
2953 1280 3096 1333 ἔτεσι
3135 1281 3387 1347 λέγοντος
3421 1278 3795 1344 ἐπιτιμᾶσθαι

2219 1374 2373 1442 παρὰ
2425 1374 2536 1426 τῶν
2599 1373 2860 1442 Πατέρων
2916 1374 3043 1437 τοὺς
3105 1371 3628 1441 καταλιμπάνοντας
3695 1370 3810 1433 τὰς

2217 1466 2428 1527 οίκεῐας
2460 1467 2750 1533 γυναῖκας,
2797 1463 2896 1517 καὶ
2922 1465 3141 1532 ἑτέραις
3185 1461 3656 1530 συναπτομένους,
3686 1459 3808 1512 τίνι

2219 1556 2508 1629 προσέχειν
2559 1554 2886 1624 όφείλομενς
2936 1556 3147 1619 Λύσις.
3174 1555 3302 1616 Τοῖς
3343 1552 3402 1605 ἐν
3446 1551 3524 1620 τῷ
3574 1551 3657 1621 νη⁹
3693 1568 3808 1603 κα-

2217 1651 2331 1703 νόνι
2390 1648 2826 1718 περιεχομένοις.
2873 1646 3142 1699 Ἐνταῦθα
3203 1644 3314 1712 γὰρ
3397 1645 3498 1714 οὐχ
3527 1643 3604 1704 ὡς
3668 1642 3810 1711 ὅρον

2218 1741 2376 1795 ἔθετο
2409 1744 2437 1796 ό
2471 1742 2626 1809 ἀγιος
2664 1739 2764 1809 τὴν
2822 1738 2932 1791 τῶν
2975 1739 3237 1806 Πατέρων
3280 1735 3641 1798 διατύπωσιν,
3678 1729 3811 1788 ἀ).λῖ

2219 1835 2297 1898 ὼς
2332 1833 2663 1903 ἀνάμνησιν,
2726 1833 2826 1885 καὶ
2875 1830 2965 1883 ἵνα
3013 1827 3382 1898 γινώσκωμεν
3434 1826 3488 1880 τί
3550 1843 3610 1879 τε
3661 1825 3809 1895 παρ’

2220 1926 2451 1979 ἐκείνων
2495 1923 2860 1996 προιὶκρισται.
2900 1921 2998 1974 καὶ
3045 1920 3101 1974 τί
3153 1920 3305 1988 παρὰ
3339 1918 3530 1971 τούτου
3563 1918 3812 1989 μεθὼριο

2220 2031 2383 2070 σται·
2421 2015 2516 2070 καὶ
2537 2013 2794 2082 δηλοῦται
2837 2011 2999 2066 τοῦτο
3039 2012 3105 2065 ἔκ
3152 2010 3248 2064 τοῦ
3285 2011 3461 2063 εἰπεῖν
3512 2008 3604 2063 τὸν
3639 2010 3810 2076 ἆγιον

2216 2108 2456 2177 ὀφείλειν
2488 2106 2715 2170 τούτους
2760 2105 3126 2174 ἐπιτιμᾶσθαι
3170 2105 3311 2157 κατά
3347 2101 3591 2172 μοιχούς.
3642 2102 3706 2155 El
3737 2100 3807 2154 δέ

2215 2216 2297 2262 τις
2341 2200 2460 2268 ἐρεῖ
2491 2198 2728 2266 νόμιμον
2791 2195 3011 2266 γενικὺν
3054 2194 3217 2261 λέγον
3250 2193 3475 2263 κρατεῖν
3528 2190 3599 2244 τὰ
3624 2192 3808 2244 ὲκπε-
3852 2226 3860 2232 -

2216 2286 2521 2356 φωνημένα
2554 2284 2710 2354 παρά
2736 2285 2806 2338 τά
2853 2283 3266 2353 σεσιωπημένα,
3326 2279 3554 2335 ἀκούσει
3592 2279 3696 2344 ὅτι,
3746 2282 3805 2334 εἰ

2222 2382 2324 2453 μὲν
2369 2383 2558 2451 ἐτέρου
2616 2375 2685 2450 ἦν
2730 2378 2889 2444 ἁγίου
2939 2374 3122 2431 κανὼν
3175 2378 3204 2429 ό
3252 2374 3346 2427 ἐπὶ
3392 2373 3452 2427 ιε’
3520 2371 3617 2441 ἔτη
3662 2375 3807 2427 τοὺς

2220 2474 2447 2545 μοιχοὺς
2473 2471 2769 2539 ἐπιτιμῶν,
2796 2471 2928 2531 ἴσως
2969 2467 3037 2521 ἂν
3064 2468 3247 2536 εἴχετο
3281 2466 3444 2534 λόγον
3462 2465 3522 2518 τὸ
3552 2464 3804 2532 λεγόμε-

2216 2582 2342 2621 νον·
2385 2565 2658 2634 ἐπειδὴδὲ
2696 2564 2792 2617 τοῦ
2829 2561 2996 2616 αὐτοῦ
3052 2561 3210 2627 ἁγίου
3266 2560 3364 2613 καὶ
3408 2557 3715 2627 ἀμφότεροι
3745 2557 3806 2610 οἱ

2217 2660 2448 2719 κανόνες
2491 2657 2654 2720 εἰσιν,
2686 2654 2747 2720 ἐξ
2791 2656 3039 2723 ἀνάγκης
3064 2654 3142 2722 τῷ
3182 2654 3335 2723 παρὰ
3392 2651 3586 2704 τούτου
3624 2667 3807 2718 μετα-

2216 2748 2558 2818 γενεστέρως
2606 2744 2882 2813 ὁρισθέντι
2907 2742 3201 2813 προσέχειν
3235 2740 3550 2810 ὀφείλομεν,
3579 2738 3655 2805 ὡς
3689 2737 3803 2809 ἠδη

2216 2840 2314 2894 καὶ
2357 2837 2734 2907 ἐκφωνηθέντι
2779 2835 2868 2888 διὰ
2909 2834 3103 2889 τούτου
3162 2840 3244 2905 νη¹
3281 2836 3531 2893 κανόνος.
3569 2833 3705 2902 Περὶ
3734 2832 3803 2886 δὲ

2214 2932 2321 2985 τῶν
2348 2930 2886 2999 καταλιμπανόντων
2940 2928 3043 2990 τὰς
3091 2927 3307 2990 οἰκείας
3344 2928 3616 2993 γυναῖκας
3658 2926 3803 2978 ἀνὰ-

2214 3021 2386 3090 γνωθι
2448 3022 2546 3073 καὶ
2599 3021 2693 3072 τὸν
2750 3017 2840 3090 μη¹
2897 3018 3102 3073 κανόνα
3159 3017 3253 3072 τοῦ
3304 3018 3572 3088 παρόντος
3631 3016 3800 3085 ἁγίου

2137 3135 2181 3190 c
2215 3115 2481 3183 Πατέρος.
2504 3113 2599 3165 καὶ
2628 3112 2688 3163 τὸ
2734 3112 3144 3181 παρατέλευτον
3172 3110 3322 3178 θὲμα
3346 3110 3439 3163 to?)
3466 3110 3797 3165 τελευταίου

2216 3206 2516 3273 κεφαλαίου
2571 3204 2665 3258 τοῦ
2725 3203 2802 3268 λζ’
2859 3203 3043 3256 τίτλου
3102 3202 3199 3256 τοῦ
3247 3201 3287 3267 ξ’
3325 3200 3533 3272 βιϐλίου
3587 3199 3797 3266 λέγον’

2222 3299 2393 3353 Ὀδύο
2420 3300 2687 3366 γυναῖκας
2718 3298 2865 3367 ἔχειν
2915 3295 3240 3364 πειρασθείς
3302 3294 3361 3347 ού
3426 3293 3599 3362 νόμῳ.
3650 3291 3798 3349 ἀλλὰ

2214 3391 2408 3459 φάκτῳ
2440 3391 2841 3459 προαιρέσεως,
2903 3388 3086 3452 καλῶς
3145 3385 3501 3441 ὑποκείσεται
3560 3383 3637 3455 τῷ
3689 3384 3798 3453 τῆς

2216 3485 2462 3554 μοιχείας
2490 3483 2827 3551 ἐγκλήματι.
2896 3481 2960 3534 Ἢ
2991 3481 3047 3534 δὲ
3096 3482 3176 3543 εἰς
3231 3478 3461 3550 ὕστερον
3497 3474 3649 3547 αύτῷ
3682 3493 3795 3545 γα-

2216 3576 2477 3645 μηθεῖσα,
2545 3575 2594 3626 εί
2623 3574 2808 3645 ἠγνόει
2856 3573 3021 3627 αὐτὸν
3057 3573 3201 3644 ἔχειν
3251 3572 3486 3642 νόμιμον
3515 3571 3794 3639 γαμετὴν,

2215 3666 2728 3735 συγγνωσθήσεται.
2783 3664 3085 3733 Ἀνὰγνωθι
3121 3664 3215 3717 καὶ
3242 3663 3337 3717 τὸν
3444 3662 3648 3715 κανόνα
3688 3663 3795 3730 τῆς

2210 3763 2269 3814 ὲν
2321 3758 2731 3829 Νεοκαισαρείᾳ
2793 3757 3013 3810 συνόδου
3057 3756 3286 3823 λέγοντα
3332 3756 3458 3815 τοὺς
3510 3753 3791 3817 τοιούτους

2211 3849 2534 3917 ἐξωθεῖσθαι
2572 3849 2675 3918 τῆς
2715 3848 3016 3915 ἐκκλησίας
3049 3846 3212 3916 μέχρι.
3243 3845 3505 3900 θανάτου.
3550 3845 3662 3899 Καὶ
3713 3845 3790 3915 μὴ

2208 3944 2507 4012 ἐναντιωθῇ
2542 3957 2668 3995 σοι’
2709 3939 2826 3993 ἀλλ’
2857 3939 2977 3992 είπὲ
3011 3938 3102 3991 τὸν
3129 3938 3229 4007 μὲν
3257 3940 3356 4009 τῆς
3394 3937 3791 4009 ὃιαληφθείσης
3826 3995 3837 4003 ,

2210 4035 2433 4087 συνόδου
2468 4034 2674 4086 κανόνα
2702 4031 3095 4102 ὁροθετηθῆναι
3128 4032 3259 4099 περὶ
3291 4030 3400 4083 τῶν
3435 4029 3785 4099 ἐξεχομένων

2205 4125 2300 4180 τοῦ
2355 4121 2549 4179 κακοῦο
2585 4124 2677 4176 τὸν
2727 4122 2784 4176 δὲ
2828 4124 3073 4191 παρόντα
3109 4122 3239 4192 ’περὶ⁹
3275 4121 3384 4174 τῶν
3425 4123 3790 4176 ἀποστάντων

2204 4215 2301 4269 καὶ
2338 4213 2929 4283 ὲξομολογησαμένων.
2964 4213 3073 4266 Καὶ
3112 4212 3201 4265 διὰ
3247 4210 3409 4265 τοῦτο
3459 4214 3657 4266 ἐκεῖνοι
3684 4210 3790 4281 μὲν

2205 4306 2577 4376 ἁκοινωνησίᾳ
2656 4305 2916 4358 παντελεῖ
2988 4308 3450 4375 κατακρίνονται’
3520 4302 3670 4358 οὗτοι
3727 4305 3792 4358 δὲ

2206 4394 2599 4450 πεντεκαίδεκα
2676 4393 2856 4447 ἔτεσιν
2905 4395 3295 4463 ὲπιτιμῶνται.
3350 4393 3668 4460 Σημείωσαι
3727 4391 3791 4445 δὲ

530 4476 635 4531 tur.
670 4474 870 4534 pmter
921 4480 984 4518 ea
1031 4480 1150 4532 qum
1185 4464 1254 4519 ab
1300 4465 1542 4524 Ecclesia
1602 4483 1788 4539 aperte
1847 4487 2101 4542 suscepta

2213 4483 2318 4538 ἀπὸ
2349 4482 2457 4535 τῶν
2485 4484 2770 4553 παρόντων
2804 4483 3046 4537 κανόνων
3076 4483 3158 4536 ὄτι
3186 4483 3248 4536 ού
3288 4481 3454 4553 μόνον
3488 4482 3571 4544 εἰς
3605 4481 3794 4536 ταῦτα

526 4564 677 4615 sunt.
704 4554 981 4619 eminere,
1023 4563 1081 4613 et
1133 4555 1223 4623 qui
1277 4557 1359 4612 eis
1400 4559 1584 4625 utitur,
1639 4561 1901 4630 judaizat.
1959 4562 2102 4621 Ecce

524 4650 669 4715 enim
706 4645 1117 4723 apparet,quod
1139 4650 1300 4703 etiam
1334 4654 1475 4718 apud
1515 4661 1732 4707 sanctos
1786 4653 1977 4710 Patres
2022 4656 2101 4711 le-

519 4751 620 4806 ges
649 4749 913 4804 susceptae
948 4749 1074 4795 sunt
1108 4753 1228 4808 qua:
1260 4741 1472 4798 ratione
1514 4745 1854 4813 cognationis
1910 4748 2101 4803 matri-

527 4825 705 4880 monia
738 4826 1046 4896 prohibent.
1084 4827 1249 4899 Porro
1291 4829 1373 4884 lex
1419 4846 1635 4903 quoque
1675 4834 1918 4904 antiqua,
1978 4852 2099 4906 qua:

525 4933 655 4997 perii
681 4918 784 4974 itiit
818 4930 875 4977 ut
904 4918 1074 4995 frater
1116 4920 1355 4977 defuncti
1402 4925 1517 4995 ejus
1562 4941 1783 4981 uxorein
1841 4930 2093 4998 accipiat,

526 5019 579 5059 ut
613 5008 764 5064 fratri
788 5026 975 5066 semen
1031 5014 1279 5079 suscitet,
1348 5017 1401 5069 in
1462 5032 1560 5069 usu
1618 5032 1721 5072 non
1761 5028 1865 5075 est.
1923 5018 2093 5077 Porro

498 5158 499 5161 η
523 5100 697 5164 Latini
731 5118 944 5175 quoque
973 5105 1065 5174 qui
1107 5107 1471 5170 matrimonia.
1499 5124 1619 5177 qua
1650 5110 1863 5166 ratione
1887 5128 2092 5184 cogna-

520 5193 685 5247 tionis
708 5194 872 5249 vetita
920 5206 1070 5275 sunt,
1112 5197 1585 5254 indiscriminatim
1641 5204 1993 5272 contrahunt,
2037 5206 2091 5261 in

520 5300 779 5349 canonent
821 5287 1145 5358 impingunt.

2204 4574 2274 4627 τὰ
2299 4572 2696 4643 ἁμαρτήματα,
2724 4571 2862 4625 ἀλλὰ
2895 4574 2990 4626 καὶ
3018 4576 3098 4637 είς
3127 4573 3197 4627 τά
3218 4573 3382 4627 λοιπὰ
3420 4575 3452 4645 ἡ
3475 4574 3794 4638 ἀπόστασις

2202 4664 2385 4719 δίδωσι
2436 4667 2623 4736 χώραν
2655 4667 2768 4728 τοῖς
2798 4666 3120 4737 ἐπιτιμίοις.
3163 4666 3221 4722 Ὀ
3261 4668 3371 4737 γὰρ
3404 4667 3679 4737 ὲπιμένων
3705 4668 3796 4736 τῷ

2204 4759 2410 4826 xuii),-
2446 4759 2553 4811 κᾶν
2622 4761 2885 4829 μυριάκις
2940 4760 3267 4829 ἐπιτιμηθῇ,
3330 4761 3425 4811 καὶ
3453 4759 3836 4826 τοσαυτάκις,

2203 4849 2616 4921 ἁγαθοεργὴσῃ,
2640 4850 2862 4903 ἀνίατον
2914 4851 3031 4921 ἔχει
3059 4851 3303 4921 τραῦμα,
3339 4851 3414 4922 μὴ
3471 4851 3780 4918 συσφιγγό-

2209 4957 2370 5010 μενον
2402 4942 2775 5011 καταδέσμοις
2799 4941 3127 5006 οὐλοτικοῖς.
3182 4943 3306 4996 Ἔτι
3355 4942 3667 5013 σημείωται
3696 4941 3795 4996 ὅτι.

2203 5032 2273 5084 τὰ
2298 5030 2394 5084 τοῦ
2424 5031 2668 5105 παλαιοῦ
2723 5031 2890 5102 νόμου
2943 5033 3074 5088 ἄνευ
3121 5026 3198 5088 ὧν
3246 5032 3428 5105 ῥητῶς
3477 5032 3699 5113 ἐδέξατο
3751 5033 3791 5105 ἠ

2213 5120 2536 5189 Ἐκκλησία,
2579 5123 2910 5191 ἐσχόλασαν,
2974 5127 3072 5178 καὶ
3134 5127 3162 5178 ό
3203 5124 3487 5196 χρώμενος
3539 5123 3789 5190 τούτοις,

2213 5212 2511 5278 Ἰουδαΐζει.
2567 5214 2697 5268 Ἰδοὺ
2725 5215 2835 5285 γάρ
2865 5217 3223 5285 ἀναφαίνεται
3268 5217 3345 5270 ὃτι
3372 5218 3467 5270 καὶ
3492 5216 3646 5285 παρὰ
3665 5218 3793 5280 τοῖς

2200 5304 2375 5373 ἁγίοις
2418 5304 2696 5374 Πατράσιν
2763 5308 2814 5360 οἱ
2858 5308 3014 5376 νόμοι
3067 5307 3384 5378 ἐδέχθησαν,
3429 5307 3478 5359 οἱ
3536 5308 3662 5369 τοὺς
3717 5306 3792 5372 ἐξ

520 5374 838 5446 ἀγχιττειπς
872 5376 1084 5457 γάμφνς
1111 5377 1431 5444 κωλύοντες.
1467 5381 1577 5438 Καὶ
1640 5386 1669 5438 ό
1699 5387 1865 5457 νόμος
1918 5389 1948 5442 ό
2003 5390 2228 5457 παλαιὸς
2290 5395 2319 5447 ό
2385 5394 2699 5465 ἐπιτρέπων
2753 5395 2846 5448 τὸν
2906 5374 3000 5449 τοῦ
3073 5374 3496 5466 τελευτήσαντος
3549 5397 3788 5465 ἀδελφὸν

517 5466 818 5565 λαμδάνειν
872 5471 971 5549 τὴν
1030 5476 1265 5565 γυναῖκα
1319 5477 1507 5565 αύτοῦ,
1566 5481 1644 5541 ὡς
1684 5481 1752 5536 ἂν
1808 5483 2090 5560 ἀναστήσῃ
2134 5490 2355 5561 σπέρμα
2383 5489 2462 5560 τῷ
2485 5463 2720 5561 ἀδελφῷ,
2746 5492 3070 5560 ὴπράκτησε
3101 5509 3116 5524 ο
3172 5463 3294 5548 καὶ-
3324 5495 3374 5547 oi
3421 5463 3639 5551 Ᾰατίνοι
3692 5463 3781 5565 δὲ,

515 5559 562 5610 al
592 5557 770 5653 jééﬁ
793 5560 1111 5633 ἀγχιστείας
1165 5564 1482 5619 συνοικέσια
1514 5566 1821 5640 ἀδιαφόρως
1890 5557 2368 5643 συναλλάττοντες,
2400 5557 2477 5649 τῷ
2509 5557 2696 5634 κανόνι
2726 5557 3179 5653 προσκρούωσιν.

591 5650 842 5711 ZONAR.
880 5655 936 5711 lu
971 5673 1095 5712 can.
1124 5658 1214 5733 77.
1241 5655 1343 5727 Qui
1371 5676 1567 5718 uxores
1593 5679 1722 5721 suas
1750 5666 2081 5737 relinquunt,

514 5743 759 5837 aliisque
803 5748 901 5825 sibi
936 5752 1279 5832 matrimonio
1305 5752 1555 5825 jungunt,
1591 5767 1844 5826 tanquam
1883 5760 2086 5816 adulsc-

2265 5675 2511 5728 ΖΩΝΑΡ.
2566 5676 2704 5738 Τοὺς
2728 5676 2825 5738 τὰς
2879 5677 3086 5730 ἑαυτῶν
3114 5678 3378 5748 συμϐἔους
3423 5680 3779 5751 καταλιμπῷ

2196 5783 2383 5828 νοντεις
2417 5768 2511 5819 καὶ
2541 5767 2736 5836 ἑτέρας
2769 5768 2902 5837 πρὸς
2938 5769 3115 5838 γάμον
3175 5772 3477 5839 ἀγομένους
3526 5774 3690 5844 φησιν
3743 5778 3776 5828 ό
