4008 6388
322 360 428 424 789

1268 364 1352 426 IN
1372 366 1593 428 EPIST
1644 367 1706 427 s.
1741 338 2038 431 BASIth
2067 372 2507 435 CANONICAM
2539 373 2658 435 111.

3483 365 3591 431 790

322 467 478 539 Ξγιος
507 468 586 533 ὡς
610 470 833 542 μοιχοὺς
867 474 1018 547 παρὰ
1077 475 1174 533 τοῦ
1205 478 1412 551 Κυρίου
1446 479 1909 551 κατακεκρίσθαι.

2039 496 2105 538 'os
2143 497 2173 537 a
2202 481 2437 539 Domino
2465 483 2856 538 condemnatos
2884 481 3054 537 fuisse
3078 488 3296 536 sanctus
3325 478 3408 533 vir
3440 490 3592 533 asse-

319 561 489 659 Λέγει
515 561 732 659 γάρῌὲν
758 565 1112 635 Εὐαγγελίοις
1142 572 1172 623 ό
1203 571 1410 642 Κύριος
1431 586 1447 604 ο
1486 573 1553 627 '0
1583 573 1908 643 ἀπολύσας

2043 576 2107 659 it.
2132 575 2222 631 Ait
2256 589 2492 644 namque
2523 576 2575 628 in
2599 573 2908 643 Evangeliis
2958 570 3222 627 Dominus
3254 589 3269 626 :
3309 570 3413 636 Qui
3456 582 3592 623 uxo-

318 651 437 721 τὴν
471 656 734 723 γυναῖκα
756 660 1056 728 παρεκτὸς
1088 662 1278 734 λόγου
1304 666 1615 734 πορνείας,
1647 667 1749 721 καί
1801 684 1907 738 τα-

317 746 527 816 μήσας
554 748 791 820 ἑτέραν,
816 752 1166 822 μοιχᾶσθαι.
1225 756 1291 810 Ol
1319 756 1378 810 δὲ
1409 758 1677 830 Πατέρες,
1714 762 1908 831 φησιν,

320 841 480 910 ἡμῶν
505 841 828 897 ὲκανόνισαν
857 847 983 911 τοὺς
1008 845 1293 913 τοιούτους
1320 850 1378 903 ὲν
1414 850 1679 924 ἑπταετίᾳ
1730 854 1911 908 ἐπιτι-

326 935 570 1006 μᾶσθαι·
634 937 725 991 καὶ
788 937 934 993 οὕτω
974 941 1239 1010 δέχεσθαι
1295 943 1379 1006 είς
1439 946 1749 1018 μετάληψιν
1809 950 1910 1018 τῆς

326 1031 677 1099 προσφορᾶς,
704 1029 798 1083 ὲάν
848 1032 991 1102 μετά
1032 1035 1289 1106 δακρύων
1326 1039 1764 1109 μετανοήσωσιν.
1822 1041 1915 1095 El-

323 1119 445 1174 πὼν
478 1120 535 1175 δὲ
587 1121 647 1175 τὸ
678 1123 833 1192 παρά
886 1124 997 1178 τῶν
1045 1128 1312 1198 Πατέρων
1375 1131 1672 1202 ὲπενεχθὲν
1723 1133 1908 1198 αὐτοῖς

326 1213 623 1282 ἐπιτίμιον,
648 1214 802 1268 οὐδὲν
829 1217 1150 1286 προσέθετο,
1186 1222 1381 1292 ἀρκεῖν
1412 1225 1769 1296 ἡγησάμενος
1827 1228 1912 1282 ὅτι

330 1306 548 1376 μοιχεία
572 1305 635 1360 τδ
658 1307 971 1395 ἀμάρτημα
1020 1317 1168 1368 κατά
1200 1316 1293 1368 τὸν
1333 1319 1427 1371 τοῦ
1486 1320 1698 1391 Κυρίου
1738 1321 1901 1390 λόγον

325 1399 629 1468 ἀπέφηνεν.
655 1401 889 1457 Ἔπεται
917 1404 1026 1476 γάρ
1048 1408 1124 1470 ὡς
1159 1412 1406 1480 μοιχικαὶ
1424 1412 1452 1465 ὁ
1479 1415 1590 1476 τοῖς
1626 1418 1913 1487 μοιχεύου-
1941 1443 1945 1448 ·

327 1506 413 1545 σιν
456 1494 540 1558 είς
596 1495 915 1567 ἐπιτίμησιν
943 1498 1185 1570 όρισθεὶς
1214 1503 1349 1575 παρ’
1397 1504 1563 1560 αὐτοῦ
1588 1508 1804 1579 χρόνος.

409 1772 648 1830 ἈΡΙΣΤ.
698 1777 839 1832 Καν.
898 1778 1020 1835 OZ'.
1088 1779 1149 1835 ⁸0
1201 1781 1303 1854 τὴν
1366 1785 1505 1839 ίδίαν
1552 1785 1755 1855 ἀφεὶς,
1816 1789 1914 1844 καὶ

2011 683 2119 722 rem
2155 684 2307 722 suam
2362 666 2650 729 dimiserit,
2706 674 2927 733 excepta
2995 662 3364 731 fornicationis
3407 676 3590 724 causa,

2011 759 2275 832 aliamque
2302 759 2539 823 duxerit,
2574 757 2866 811 mmchatur
2893 757 2935 812 '.
2988 754 3171 808 Nostri
3206 767 3354 816 vero,
3394 749 3590 820 inquit,

2012 850 2224 912 Patres,
2258 852 2542 921 septenuio
2566 848 2834 917 ejusmodi
2866 847 3106 908 multari,
3138 845 3252 900 suis
3291 841 3594 902 canonibus

2012 952 2334 1002 sanxerunt,
2371 951 2535 1009 atque
2563 941 2635 994 ita
2667 939 2735 994 ad
2785 936 3331 994 connnunicationem
3366 932 3593 987 oblatio-

2012 1035 2101 1089 nis
2130 1034 2366 1100 admitti,
2391 1033 2437 1089 si
2463 1033 2682 1104 quidem
2739 1046 2862 1087 cum
2909 1028 3166 1100 lacrymis
3213 1024 3590 1097 pmnitentiam

2013 1125 2244 1195 egerint.
2277 1123 2572 1193 Postquam
2619 1138 2750 1177 vero
2810 1121 3035 1175 multam
3083 1118 3232 1175 hisce
3282 1112 3593 1173 hominibus

2012 1217 2234 1274 Patrum
2263 1218 2485 1272 decreto
2515 1216 2815 1286 irrogatam
2864 1213 3140 1282 exposuit,
3176 1209 3314 1264 nihil
3363 1206 3597 1264 ulterius

2014 1308 2261 1375 addidit;
2303 1306 2550 1362 sufﬁcere
2586 1307 2905 1370 arbitratus,
2931 1304 3073 1373 quod
3112 1300 3436 1357 adulterium
3481 1299 3596 1357 cri—

2016 1414 2142 1455 men
2173 1414 2295 1455 esse
2319 1414 2385 1454 ex
2423 1398 2632 1453 Domini
2660 1397 2842 1453 verbis
2888 1395 3168 1450 indicavit.
3217 1393 3294 1447 Ex
3337 1406 3405 1447 eo
3447 1404 3600 1445 nam.

2016 1507 2124 1563 que
2169 1490 2558 1560 consequitur,
2621 1485 3077 1558 quemadmodum
3145 1483 3446 1546 adulterio,
3520 1480 3594 1536 ita

2017 1594 2072 1639 et
2135 1581 2395 1638 adulteris
2445 1595 2619 1652 pinnae
2685 1589 2929 1648 tempora
2988 1576 3058 1631 ab
3119 1576 3238 1647 ipso
3302 1572 3597 1632 constituta

2016 1693 2320 1824 ess:‘flilST.
2380 1754 2517 1823 Cau.
2571 1766 2661 1820 77.
2714 1763 2818 1830 Qui
2871 1763 3090 1832 propria
3143 1775 3315 1817 uxore
3371 1757 3595 1813 dimissa

324 1867 628 1938 λαμϐάνων
682 1871 902 1944 ἑτέραν,
959 1875 1149 1947 μοιχὸς
1208 1829 1307 1944 ὢν,
1360 1829 1914 1938 ἐπταετίάνψὸἒτοσπῖ

2039 1862 2177 1916 diam
2215 1859 2433 1931 accipit,
2462 1874 2584 1914 cum
2615 1858 2690 1915 sit
2721 1829 2990 1923 moechus,
3037 1853 3325 1925 septennio
3353 1852 3600 1908 subster-

322 1961 532 2017 πτέτω.

396 2057 510 2111 Καὶ
543 2050 702 2122 οὗτος
731 2061 761 2113 ό
787 2060 972 2115 κανὼν
1016 2066 1443 2140 συνηρμηνεύθη
1492 2068 1576 2142 τῷ
1628 2068 1911 2144 ἑξηκοστῷ

321 2149 497 2217 ὀγδόῳ
512 2151 724 2209 κανόνι.

396 2236 643 2297 ΖΩΝΑΡ.
700 2242 762 2297 Ὁ
791 2243 849 2297 δὲ
877 2246 1132 2316 δεύτερος
1168 2251 1352 2303 κανὼν
1384 2252 1480 2318 τῆς
1528 2253 1587 2306 ὲν
1608 2254 1914 2312 Νεοκαισαο

325 2331 449 2403 psi;
475 2336 776 2405 γενομένης
803 2339 1024 2391 συνόδου
1048 2357 1066 2407 ;
1096 2342 1161 2394 Εἰ
1189 2343 1265 2411 μὴ
1309 2343 1482 2411 λύσει,
1522 2349 1666 2417 φησὶ
1689 2349 1782 2403 τὸν
1815 2350 1917 2419 γά-

327 2441 451 2495 μον,
498 2426 811 2493 ἐξωθείσθω
832 2432 932 2502 τῆς
953 2431 1288 2507 Ἐκκλησίας
1315 2438 1477 2509 μέχρι
1509 2439 1762 2498 θανάτου.

410 2616 650 2675 ἈΡῘΣῙἉ
686 2621 826 2676 Καν.
849 2623 981 2679 OH'.
1024 2622 1086 2679 '0
1114 2626 1281 2690 αὐτὸς
1303 2629 1577 2698 κρατείτω
1617 2632 1791 2697 τύπος
1814 2634 1911 2687 καὶ

334 2708 435 2761 επὶ
462 2710 575 2762 τῶν
603 2710 699 2764 δύο
731 2711 974 2785 ἀδολφὰς
994 2715 1414 2787 λαμϐανόντων,
1445 2720 1495 2773 εί
1514 2722 1611 2775 καὶ
1634 2723 1778 2778 κατὰ
1802 2723 1920 2778 δια-

330 2800 533 2871 φόρους
568 2805 820 2872 καιρούς.

412 2892 656 2950 ἈΡΙΣΤ.
692 2899 832 2954 Καν.
887 2899 1011 2957 08'.
1070 2902 1130 2956 Ὀ
1164 2906 1231 2975 τῇ
1258 2909 1477 2978 μητρυᾷ
1506 2908 1816 2982 ὲπιμανεὶς.
1840 2911 1918 2973 ὡς

333 2982 428 3038 tm
434 2986 630 3056 μανεὶς
662 2988 891 3062 ἀδελφῇ.

910 3084 1153 3140 ΚΑΝΩΝ
1184 3087 1265 3143 Π’.

2012 1961 2199 2011 natur.

2086 2046 2149 2101 Et
2174 2045 2263 2100 hic
2300 2059 2475 2100 canon
2515 2060 2625 2101 una
2657 2059 2781 2102 cum
2810 2042 3148 2114 sexagesimo
3175 2047 3368 2093 octavo
3394 2049 3600 2091 canone

2016 2139 2413 2205 interpretatus
2441 2145 2547 2191 est.

2092 2231 2251 2301 130
2284 2228 2537 2284 ZONAR.
2567 2227 2627 2283 In
2656 2242 2781 2282 can.
2825 2227 2914 2283 78.
2947 2225 3230 2281 Secundus
3258 2230 3437 2277 autem
3466 2218 3600 2275 N-o-

2018 2324 2358 2380 csesariensis
2394 2321 2590 2393 synodi
2624 2335 2799 2374 canon
2836 2336 2851 2375 :
2884 2318 3020 2383 Nisi,
3064 2316 3267 2385 inquit,
3310 2315 3475 2369 hasce
3503 2328 3602 2367 nu-

2019 2416 2160 2487 ptias
2194 2416 2435 2481 solverit,
2467 2414 2536 2470 ab
2562 2413 2827 2478 Ecclesia,
2856 2412 2924 2468 ad
2954 2421 3259 2466 extremum
3296 2421 3469 2477 usque
3490 2403 3605 2476 spi-

2020 2508 2207 2573 ritum,
2238 2508 2509 2576 ejiciatur.

2090 2599 2481 2657 ARIST.Can.
2520 2599 2611 2655 78.
2678 2598 2879 2653 Eadem
2930 2598 3094 2653 etiam
3156 2597 3365 2652 ob-inet
3427 2594 3601 2650 forma

2022 2694 2075 2749 in
2104 2693 2170 2749 iis
2197 2694 2289 2764 qui
2319 2695 2454 2749 duas
2489 2707 2707 2749 sorores
2753 2693 2984 2757 ducunt,
3030 2690 3136 2747 etsi
3198 2689 3430 2747 diversis
3464 2700 3603 2745 tem-

2021 2787 2268 2858 poribus.

2093 2878 2319 2934 ARIST.
2345 2878 2480 2935 Can.
2514 2879 2602 2934 79.
2636 2877 2740 2946 Qui
2777 2878 2831 2933 in
2863 2890 3152 2934 novercam
3174 2874 3399 2940 insanit,
3426 2882 3485 2929 ut
3506 2873 3601 2945 qui

2022 2971 2225 3028 insanit
2253 2970 2307 3026 in
2343 2985 2611 3027 sororem.

2588 3062 2818 3119 CANON
2843 3059 3055 3118 LXXX.

335 3167 450 3241 Τὴν
506 3174 860 3244 πολυγαμίαν
885 3177 935 3230 cl
1007 3180 1251 3249 πατέρες
1324 3181 1767 3251 ἀπεσιώπησαν,
1842 3186 1919 3249 ὡς

2039 3162 2215 3217 Patres
2237 3156 2604 3233 polygamiam
2653 3155 2875 3211 silentio
2913 3152 3334 3224 prmtermisere,
3384 3158 3444 3206 ut
3487 3149 3607 3206 hel-

404 3266 653 3340 κτηνώδη
684 3271 781 3324 καὶ
838 3272 1122 3337 παντελῶς
1147 3273 1440 3345 ἀλλοτρίαν
1466 3277 1560 3329 τοῦ
1582 3278 1774 3343 γένους
1807 3280 1918 3333 τῶν

392 3358 723 3429 ἀνθρώπων.
773 3365 937 3434 Ἦμῖν
968 3367 1025 3420 δὲ
1080 3368 1420 3438 παρίσταται
1460 3369 1624 3423 πλέον
1653 3388 1705 3425 τι
1776 3390 1917 3441 πορο

405 3447 558 3512 νείας
587 3446 814 3506 εἶναιτὸ
840 3455 1062 3526 ἀμάρτη
1074 3474 1170 3526 μα,
1204 3457 1286 3510 διὸ
1314 3457 1535 3526 εὔλογον
1564 3459 1690 3525 τοὺς
1744 3464 1921 3517 τοιού-

412 3558 538 3607 τους
567 3545 966 3600 ὑποϐάλλεσοαι
995 3550 1109 3612 τοῖς
1141 3550 1354 3605 κανόσι.
1411 3553 1671 3621 Δηλονότι
1736 3557 1921 3611 ἐνιαυ-

409 3637 500 3692 τὸν
535 3636 1052 3705 προσκλαύσαντας,
1084 3641 1180 3696 καὶ
1218 3643 1278 3695 ὲν
1299 3644 1482 3714 τρισὶν
1510 3645 1918 3715 ὑποπεσόντας,

412 3727 471 3783 οὔ
483 3746 555 3783 τω
585 3729 813 3794 δεκτοὺς
842 3727 1009 3787 εἶναι.
1825 3777 1843 3789 .

408 3822 587 3876 ΒΑΛΣ
650 3824 739 3876 Ἐν
770 3823 843 3895 τῷ
870 3824 912 3877 δ’
943 3823 1132 3878 κανόνι
1169 3827 1300 3896 περὶ
1329 3827 1622 3897 τριγάμων
1659 3833 1755 3886 καὶ
1820 3850 1919 3886 m-

341 3913 602 3985 λυγάμων
633 3916 977 3986 όροθετήσας
1009 3919 1039 3971 ὁ
1088 3920 1265 3986 ἅγιος,
1318 3923 1419 3975 ὅσα
1482 3922 1543 3976 τὸ
1589 3924 1816 3994 Πνεῦμα
1861 3925 1923 3978 τὸ

338 4007 496 4076 ἅγιον
528 4007 618 4062 διὰ
676 4007 779 4073 τῆς
805 4007 1000 4062 τούτου
1029 4011 1482 4084 ἐκαλλιγράφησε
1540 4013 1748 4081 δεξιᾶς,
1792 4015 1922 4087 ἄρτι

338 4099 510 4170 φησὶν
559 4099 637 4164 ὡς
683 4100 733 4153 oi
794 4102 895 4170 μὲν
919 4104 1161 4173 Πατέρες
1199 4103 1357 4158 οὐδὲν
1407 4108 1541 4177 περὶ
1576 4107 1922 4178 πολυγαμίας

310 4194 647 4263 -είρὴκασιν,
701 4193 843 4248 ἀλλά
900 4195 979 4265 τῷ
1027 4197 1126 4264 τῆς
1183 4197 1427 4267 διφασίας
1491 4200 1672 4253 σκότει
1715 4199 1922 4272 ταύτην

339 4281 641 4352 ἐκάλυψαν,
670 4283 747 4346 ὡς
782 4285 1058 4357 κτηνὼδη,
1099 4290 1196 4342 καὶ
1249 4291 1346 4361 τῆς
1380 4290 1731 4362 ἀνθρωπίνης
1786 4292 1924 4346 ἀπε-

336 4375 653 4447 ξενωμὲνην
713 4375 1018 4446 διαγωγῆς.
1059 4378 1222 4451 Αὐτῷ
1250 4380 1308 4434 δὲ
1329 4382 1480 4435 δοκεῖ
1509 4381 1716 4450 ταύτην
1778 4377 1922 4435 εἶναι

338 4466 566 4536 χείρονα
600 4469 704 4536 τῆς
739 4467 1025 4538 πορνείας.
1061 4470 1151 4524 Διδ
1182 4473 1276 4524 καὶ
1331 4474 1425 4526 τὸν
1469 4476 1536 4543 τῇ
1601 4475 1705 4543 τῆς
1754 4474 1924 4529 πολυ-

2100 3253 2306 3309 luinam
2330 3295 2345 3319 ,
2391 3260 2445 3308 et
2485 3252 2703 3319 penitus
2730 3249 2798 3303 ab
2823 3246 3100 3303 hominum
3127 3260 3325 3316 genere
3351 3242 3607 3299 alienam.

2094 3347 2262 3404 Nobis
2292 3357 2470 3402 autem
2511 3347 2772 3417 probatur
2801 3356 2920 3397 eam
2981 3341 3161 3409 majus
3193 3354 3315 3395 esse
3372 3336 3612 3392 fornica-

2099 3440 2248 3495 tione
2280 3448 2587 3509 peccatum,
2634 3444 2691 3490 et
2738 3434 2861 3488 ideo
2914 3441 3342 3487 consentaneum
3392 3437 3498 3492 est,
3553 3436 3612 3481 ut

2098 3531 2134 3586 ii
2182 3530 2487 3586 canonibus
2533 3526 2912 3596 subiiciantur,
2948 3530 3010 3578 ut
3061 3522 3271 3577 scilicet
3322 3529 3609 3591 postquam

2097 3640 2242 3680 anno
2273 3621 2542 3685 ﬂeverint,
2567 3626 2622 3673 et
2656 3616 2831 3671 tribus
2851 3613 3112 3670 substratl
3136 3610 3359 3677 fuerint,
3384 3609 3464 3666 sic
3488 3623 3612 3666 sus-

2096 3718 2391 3787 cipiuntur.

2094 3809 2295 3866 BALS.
2337 3807 2471 3863 Cum
2512 3818 2735 3864 sanctus
2780 3807 2837 3863 in
2887 3821 3012 3861 can.
3057 3805 3090 3860 4
3128 3805 3195 3860 de
3245 3800 3511 3873 trigamis,
3555 3807 3612 3854 et

2025 3901 2327 3975 polygamis
2363 3916 2424 3956 ea
2461 3899 2788 3962 deliniissct,
2825 3885 2945 3968 qua:
2976 3897 3210 3965 Spiritus
3250 3899 3468 3948 sanctus
3511 3904 3612 3959 per

2024 3999 2143 4066 ejus
2171 4009 2390 4049 manum
2424 3993 2672 4048 dextram
2707 3991 2938 4062 pulchre
2969 3986 3326 4043 describenda
3372 3982 3606 4044 curavit,

2027 4103 2173 4144 nunc
2199 4086 2355 4149 dicit.
2395 4086 2542 4156 quod
2572 4083 2766 4138 Patres
2794 4084 3014 4152 quidem
3040 4080 3171 4135 nihil
3205 4080 3270 4134 de
3303 4074 3606 4148 polygamia

2026 4183 2301 4244 dixerunt,
2334 4177 2429 4233 sed
2467 4191 2586 4233 eam
2624 4177 2692 4231 de
2723 4174 2992 4230 industria
3038 4170 3258 4227 silentio
3308 4162 3611 4237 printerml—

2025 4280 2233 4336 serunt,
2279 4280 2336 4323 ut
2370 4268 2688 4325 belluinam.
2722 4274 2774 4321 et
2794 4265 2862 4319 ah
2892 4263 3175 4318 hominum
3204 4258 3448 4315 instituto
3478 4254 3614 4310 alie-

2028 4362 2328 4421 nam:sibi
2376 4371 2558 4417 autem
2616 4359 2838 4415 videtur
2891 4372 3011 4414 eam
3066 4367 3189 4411 esse
3251 4350 3614 4408 fornicatione

2028 4458 2378 4514 deteriorem.
2409 4455 2589 4522 Quare
2616 4464 2669 4509 et
2698 4466 2819 4507 eum
2844 4450 2936 4520 qui
2963 4446 3277 4520 polygamiae
3302 4443 3615 4514 impuritate

332 4535 545 4626 γαμίας
579 4535 895 4631 ἀκαθαρσίᾳ
932 4561 993 4626 ἐξ
1023 4561 1222 4629 ἀλόγου
1257 4535 1674 4636 κατασχεθέντά
1699 4583 1916 4620 κανονιο

2039 4559 2252 4621 propter
2304 4547 2533 4602 rationis
2588 4545 2825 4613 inopiam
2882 4541 3133 4613 alligatus
3186 4547 3293 4602 est,
3333 4535 3614 4594 canonicis

337 4651 454 4712 κοῖς
488 4650 785 4719 ἐπιτιμίοις
812 4652 1322 4710 καθυποσάλ).εσθαι
1343 4656 1636 4728 διωρίσατο
1661 4673 1676 4688 ο
1734 4658 1926 4727 δηλον⁹

340 4740 423 4795 ότι
489 4742 584 4795 ἐπὶ
619 4745 867 4799 ἐνιαυτὸν
898 4746 1041 4817 μετὰ
1092 4748 1202 4802 τῶν
1266 4751 1717 4827 προσκλαιόντων
1775 4752 1928 4806 ἵστα-

343 4834 488 4898 σθαι,
511 4837 604 4889 ἰπὶ
634 4838 813 4905 τρισὶν
840 4840 1113 4902 ἐνιαυτοῖς
1143 4843 1201 4893 ἐν
1254 4841 1571 4896 ὑποπτώσει
1606 4838 1770 4909 εἶναι,
1830 4845 1928 4898 καὶ

344 4923 484 4992 μετά
504 4926 614 4979 τῶν
644 4940 886 4998 κατηχου
896 4932 1078 5000 μένων
1102 4930 1328 5005 ἐξιέναι.
1357 4935 1456 4988 καὶ
1480 4932 1627 4988 οὕτω
1648 4935 1920 5005 δέχεσθαι.

351 5014 652 5086 Ἐρωτήσει
718 5018 774 5088 δέ.
811 5037 917 5085 τις,
965 5024 1042 5084 ὡς
1070 5004 1177 5076 τοῦκ
1216 5008 1607 5094 διαλήφθέντος
1655 5004 1923 5099 τετάρτου

341 5106 566 5170 κανόνος
619 5107 1090 5180 διαλαμϐάνοντος
1158 5114 1259 5186 τὴν
1325 5118 1632 5186 τριγαμίαν
1661 5119 1925 5190 πορνείαν

338 5198 753 5272 κεκολασμένην
783 5204 934 5273 παρά
959 5205 1067 5275 τῶν
1092 5206 1358 5278 Πατέρων
1383 5208 1786 5279 ὀνομασθῆναί,
1820 5211 1920 5265 καὶ

339 5287 649 5354 ἑξισοῢντος
703 5294 762 5345 ὲν
819 5294 957 5348 πᾶσι
1005 5296 1232 5362 ταύτας,
1264 5299 1383 5361 πῶς
1430 5298 1459 5351 ό
1513 5295 1706 5368 παρὼν
1740 5296 1924 5352 κανών

344 5395 532 5447 φησιν,
584 5382 1047 5455 ἀποσιωπηθῆναι
1105 5387 1203 5458 τὴν
1242 5389 1597 5458 πολυγαμίαν
1629 5387 1785 5460 ποιρά
1813 5387 1926 5442 τῶν

344 5470 629 5543 Πατέρων,
658 5474 1020 5545 ὑπερκεῖσθαι
1043 5477 1100 5530 δὲ
1132 5479 1229 5533 καὶ
1281 5479 1382 5550 τῆς
1413 5481 1677 5551 πορνείας
1703 5481 1766 5533 τὸ
1794 5479 1928 5535 ταύ-

339 5577 442 5632 της
494 5565 840 5636 ἀμάρτημας
890 5569 1101 5636 Λύσις.
1155 5571 1438 5642 Τριγαμία
1491 5573 1593 5643 μὲν
1647 5572 1727 5642 τῷ
1773 5572 1926 5643 νόμῳ

342 5655 788 5725 ἐπιγινώσκεται,
821 5660 1167 5733 τετραγαμία
1188 5662 1243 5719 δὲ
1297 5665 1390 5719 καὶ
1436 5663 1634 5734 ἐφεξῆς
1663 5662 1785 5718 οὔτε
1816 5666 1928 5728 τοϊς

424 5836 648 5897 ‘hlatth.
686 5858 739 5909 v,
776 5842 865 5900 3‘2.

2028 4655 2150 4696 esse
2180 4640 2360 4711 pinnis
2399 4637 2799 4706 subiiciendum
2831 4634 3071 4690 decrevit
3100 4651 3114 4687 :
3148 4631 3356 4687 scilicet
3388 4637 3449 4684 ut
3504 4634 3613 4680 stet

2029 4749 2173 4789 anno
2197 4748 2319 4787 cum
2362 4729 2711 4794 dedentibus,
2747 4724 2922 4781 tribus
2961 4723 3118 4779 annis
3148 4723 3221 4778 sit
3264 4723 3319 4777 in
3364 4721 3617 4776 substra-

2030 4823 2201 4890 tione,
2232 4830 2287 4877 et
2319 4835 2440 4876 cum
2476 4815 2885 4874 catechumenis
2911 4812 3248 4884 egrediatur,
3283 4821 3337 4867 et
3384 4810 3467 4866 sic
3509 4807 3611 4864 ad-

2032 4916 2299 4970 mittatur.
2336 4912 2632 4982 Rogaverit
2679 4919 2862 4965 autem
2895 4906 3195 4975 quispiam,
3243 4917 3367 4958 cum
3417 4900 3614 4971 praedi-

2030 5019 2154 5065 ctus
2186 5023 2360 5064 canon
2386 5006 2422 5061 4
2473 5002 2751 5061 contineat
2794 4999 3098 5071 trigamiam
3145 5006 3201 5051 et
3252 4994 3613 5066 polygamiam

2033 5102 2351 5173 castigatam
2385 5098 2799 5154 fornicationem
2829 5107 2956 5149 esse
2988 5107 3018 5146 a
3044 5089 3308 5144 Patribus
3361 5087 3613 5143 nomina—

2036 5203 2172 5257 tam,
2226 5206 2429 5261 easque
2456 5191 2508 5245 in
2533 5188 2786 5245 omnibus
2831 5192 3079 5254 exmquet
3109 5201 3124 5240 :
3155 5180 3428 5252 quomodo
3483 5179 3616 5235 dicit

2039 5303 2280 5361 praesens
2301 5301 2472 5343 canon
2505 5284 2676 5340 fuisse
2705 5281 3067 5353 polygamiam
3096 5292 3126 5333 a
3158 5275 3412 5332 Patrihus
3446 5273 3616 5330 silen-

2033 5382 2108 5438 tio
2132 5380 2583 5451 praetermissam,
2613 5383 2668 5431 et.
2697 5375 2817 5444 ejus
2864 5380 3149 5445 peccatum
3192 5368 3611 5425 fornicationem

2032 5474 2335 5545 superare?
2372 5471 2489 5528 Sol.
2521 5468 2798 5539 Trigamia
2828 5467 3048 5537 quidem
3082 5479 3112 5519 a
3144 5463 3262 5535 lege
3277 5460 3613 5533 agnoscitur,

2032 5564 2350 5635 tetragamia
2384 5574 2588 5629 autem,
2621 5572 2676 5617 et
2706 5559 2986 5630 deinceps,
3016 5570 3116 5613 nec
3155 5556 3477 5619 canonibus,
3513 5567 3616 5609 nec

2035 5657 2243 5729 legibus
2268 5655 2502 5711 admissa
2529 5662 2631 5712 est.
2666 5650 2858 5709 Omnis
2885 5664 3016 5721 ergo
3041 5644 3460 5704 matrimonialis
3486 5658 3619 5699 coa-
