  <div class='ocr_page' id='page_1' title='image "/cluster/home/n/w/nwhite01/storage/ocr_20150623/138:no.2/coo.31924054870435/408.png"; bbox 0 0 4008 6416; ppageno 0'>
   <div class='ocr_carea' id='block_1_1' title="bbox 394 354 498 420">
    <p class='ocr_par' dir='ltr' id='par_1_1' title="bbox 394 354 498 420">
     <span class='ocr_line' id='line_1_1' title="bbox 394 354 498 420; baseline 0 0"><span class='ocrx_word' id='word_1_1' title='bbox 394 354 498 420; x_wconf 84' lang='lat'><strong>801</strong></span> 
     </span>
    </p>
   </div>
   <div class='ocr_carea' id='block_1_2' title="bbox 394 466 1795 540">
    <p class='ocr_par' dir='ltr' id='par_1_2' title="bbox 394 466 1795 540">
     <span class='ocr_line' id='line_1_2' title="bbox 394 466 1795 540; baseline -0.002 -19"><span class='ocrx_word' id='word_1_2' title='bbox 394 468 519 540; x_wconf 86' lang='grc' dir='ltr'>μίου</span> <span class='ocrx_word' id='word_1_3' title='bbox 552 466 787 535; x_wconf 74' lang='grc' dir='ltr'>σταυροῦ</span> <span class='ocrx_word' id='word_1_4' title='bbox 842 466 1205 521; x_wconf 72' lang='grc' dir='ltr'>ὲκδιώκεσῦαι</span> <span class='ocrx_word' id='word_1_5' title='bbox 1240 469 1348 522; x_wconf 73' lang='grc' dir='ltr'><strong>ἀπὸ</strong></span> <span class='ocrx_word' id='word_1_6' title='bbox 1404 470 1513 521; x_wconf 84' lang='grc' dir='ltr'><strong>τῶν</strong></span> <span class='ocrx_word' id='word_1_7' title='bbox 1566 468 1795 532; x_wconf 82' lang='grc' dir='ltr'>πιστῶν,</span> 
     </span>
    </p>
   </div>
   <div class='ocr_carea' id='block_1_3' title="bbox 391 558 1990 629">
    <p class='ocr_par' dir='ltr' id='par_1_3' title="bbox 391 558 1990 629">
     <span class='ocr_line' id='line_1_3' title="bbox 391 558 1990 629; baseline -0.001 -14"><span class='ocrx_word' id='word_1_8' title='bbox 391 560 882 626; x_wconf 68' lang='grc' dir='ltr'><strong>ἐξακολουθοῦντας</strong></span> <span class='ocrx_word' id='word_1_9' title='bbox 908 558 1108 627; x_wconf 68' lang='grc' dir='ltr'>μᾶλλον</span> <span class='ocrx_word' id='word_1_10' title='bbox 1127 562 1238 622; x_wconf 79' lang='grc' dir='ltr'>τοῖς</span> <span class='ocrx_word' id='word_1_11' title='bbox 1258 559 1629 629; x_wconf 76' lang='grc' dir='ltr'>τερατολόγοις</span> <span class='ocrx_word' id='word_1_12' title='bbox 1659 564 1747 612; x_wconf 80' lang='grc' dir='ltr'><strong>καὶ</strong></span> <span class='ocrx_word' id='word_1_13' title='bbox 1771 578 1990 629; x_wconf 81' lang='grc' dir='ltr'>μαγγα-</span> 
     </span>
    </p>
   </div>
   <div class='ocr_carea' id='block_1_4' title="bbox 392 651 1989 720">
    <p class='ocr_par' dir='ltr' id='par_1_4' title="bbox 392 651 1989 720">
     <span class='ocr_line' id='line_1_4' title="bbox 392 651 1989 720; baseline 0 -15"><span class='ocrx_word' id='word_1_14' title='bbox 392 670 452 708; x_wconf 92' lang='grc' dir='ltr'><strong>νο</strong></span> <span class='ocrx_word' id='word_1_15' title='bbox 464 656 626 714; x_wconf 76' lang='grc' dir='ltr'>ποιοῖς</span> <span class='ocrx_word' id='word_1_16' title='bbox 646 652 742 704; x_wconf 72' lang='grc' dir='ltr'><strong>καὶ</strong></span> <span class='ocrx_word' id='word_1_17' title='bbox 762 654 881 715; x_wconf 85' lang='grc' dir='ltr'>ταῖς</span> <span class='ocrx_word' id='word_1_18' title='bbox 901 651 1008 705; x_wconf 84' lang='grc' dir='ltr'><strong>τῶν</strong></span> <span class='ocrx_word' id='word_1_19' title='bbox 1026 653 1197 705; x_wconf 82' lang='grc' dir='ltr'><strong>ἐθνῶν</strong></span> <span class='ocrx_word' id='word_1_20' title='bbox 1215 653 1545 720; x_wconf 69' lang='grc' dir='ltr'><strong>συνηθείαις,</strong></span> <span class='ocrx_word' id='word_1_21' title='bbox 1568 655 1657 705; x_wconf 70' lang='grc' dir='ltr'><strong>καὶ</strong></span> <span class='ocrx_word' id='word_1_22' title='bbox 1672 654 1989 719; x_wconf 74' lang='grc' dir='ltr'><strong>εἰσάγοντας</strong></span> 
     </span>
    </p>
   </div>
   <div class='ocr_carea' id='block_1_5' title="bbox 392 742 1987 815">
    <p class='ocr_par' dir='ltr' id='par_1_5' title="bbox 392 742 1987 815">
     <span class='ocr_line' id='line_1_5' title="bbox 392 742 1987 815; baseline 0.003 -22"><span class='ocrx_word' id='word_1_23' title='bbox 392 742 669 804; x_wconf 73' lang='grc' dir='ltr'><strong>τοιούτους</strong></span> <span class='ocrx_word' id='word_1_24' title='bbox 717 747 869 806; x_wconf 81' lang='grc' dir='ltr'>τινάς</span> <span class='ocrx_word' id='word_1_25' title='bbox 909 746 965 796; x_wconf 78' lang='grc' dir='ltr'>ὲν</span> <span class='ocrx_word' id='word_1_26' title='bbox 990 747 1101 807; x_wconf 77' lang='grc' dir='ltr'>τοῖς</span> <span class='ocrx_word' id='word_1_27' title='bbox 1132 745 1300 807; x_wconf 79' lang='grc' dir='ltr'>οἴκοις</span> <span class='ocrx_word' id='word_1_28' title='bbox 1333 746 1419 796; x_wconf 70' lang='grc' dir='ltr'><strong>διὰ</strong></span> <span class='ocrx_word' id='word_1_29' title='bbox 1448 745 1795 815; x_wconf 58' lang='grc' dir='ltr'>καθαρισμω</span> <span class='ocrx_word' id='word_1_30' title='bbox 1847 746 1987 813; x_wconf 78' lang='grc' dir='ltr'>τάχα</span> 
     </span>
    </p>
   </div>
   <div class='ocr_carea' id='block_1_6' title="bbox 392 828 1989 905">
    <p class='ocr_par' dir='ltr' id='par_1_6' title="bbox 392 828 1989 905">
     <span class='ocr_line' id='line_1_6' title="bbox 392 828 1989 905; baseline -0.001 -19"><span class='ocrx_word' id='word_1_31' title='bbox 392 834 490 900; x_wconf 71' lang='grc' dir='ltr'>τῆς</span> <span class='ocrx_word' id='word_1_32' title='bbox 509 833 614 885; x_wconf 69' lang='grc' dir='ltr'><strong>ἀπὸ</strong></span> <span class='ocrx_word' id='word_1_33' title='bbox 632 835 728 898; x_wconf 64' lang='grc' dir='ltr'>τῆς</span> <span class='ocrx_word' id='word_1_34' title='bbox 754 835 1106 903; x_wconf 72' lang='grc' dir='ltr'>φαρμακείας</span> <span class='ocrx_word' id='word_1_35' title='bbox 1133 837 1436 899; x_wconf 63' lang='grc' dir='ltr'>νοσηλείας,</span> <span class='ocrx_word' id='word_1_36' title='bbox 1463 828 1627 904; x_wconf 76' lang='grc' dir='ltr'>φησιν</span> <span class='ocrx_word' id='word_1_37' title='bbox 1653 840 1680 888; x_wconf 84' lang='grc' dir='ltr'>ὁ</span> <span class='ocrx_word' id='word_1_38' title='bbox 1705 840 1873 905; x_wconf 61' lang='grc' dir='ltr'>ἄγος,</span> <span class='ocrx_word' id='word_1_39' title='bbox 1897 841 1989 893; x_wconf 72' lang='grc' dir='ltr'><strong>ἐπὶ</strong></span> 
     </span>
    </p>
   </div>
   <div class='ocr_carea' id='block_1_7' title="bbox 397 926 1988 995">
    <p class='ocr_par' dir='ltr' id='par_1_7' title="bbox 397 926 1988 995">
     <span class='ocr_line' id='line_1_7' title="bbox 397 926 1988 995; baseline 0.006 -20"><span class='ocrx_word' id='word_1_40' title='bbox 397 926 649 991; x_wconf 70' lang='grc' dir='ltr'>ἑξαετίαν</span> <span class='ocrx_word' id='word_1_41' title='bbox 674 928 1059 995; x_wconf 74' lang='grc' dir='ltr'>ἐπιτιμᾶσθαι.</span> <span class='ocrx_word' id='word_1_42' title='bbox 1097 928 1321 995; x_wconf 79' lang='grc' dir='ltr'>Ἐρεῐδέ</span> <span class='ocrx_word' id='word_1_43' title='bbox 1370 946 1452 991; x_wconf 88' lang='grc' dir='ltr'><strong>τις</strong></span> <span class='ocrx_word' id='word_1_44' title='bbox 1489 930 1866 984; x_wconf 68' lang='grc' dir='ltr'>ἐναντιούσοει</span> <span class='ocrx_word' id='word_1_45' title='bbox 1899 934 1988 985; x_wconf 74' lang='grc' dir='ltr'>τὸν</span> 
     </span>
    </p>
   </div>
   <div class='ocr_carea' id='block_1_8' title="bbox 398 1017 1990 1090">
    <p class='ocr_par' dir='ltr' id='par_1_8' title="bbox 398 1017 1990 1090">
     <span class='ocr_line' id='line_1_8' title="bbox 398 1017 1990 1090; baseline 0.004 -22"><span class='ocrx_word' id='word_1_46' title='bbox 398 1017 638 1087; x_wconf 67' lang='grc' dir='ltr'>παρόντι</span> <span class='ocrx_word' id='word_1_47' title='bbox 660 1023 861 1070; x_wconf 78' lang='grc' dir='ltr'>κανόνα</span> <span class='ocrx_word' id='word_1_48' title='bbox 879 1018 956 1086; x_wconf 82' lang='grc' dir='ltr'>τῷ</span> <span class='ocrx_word' id='word_1_49' title='bbox 980 1018 1051 1081; x_wconf 81' lang='grc' dir='ltr'>ξε’</span> <span class='ocrx_word' id='word_1_50' title='bbox 1076 1022 1260 1071; x_wconf 62' lang='grc' dir='ltr'>κανόνι</span> <span class='ocrx_word' id='word_1_51' title='bbox 1290 1022 1382 1071; x_wconf 76' lang='grc' dir='ltr'><strong>καὶ</strong></span> <span class='ocrx_word' id='word_1_52' title='bbox 1403 1021 1478 1087; x_wconf 81' lang='grc' dir='ltr'><strong>τῷ</strong></span> <span class='ocrx_word' id='word_1_53' title='bbox 1509 1018 1607 1087; x_wconf 60' lang='lat'><strong>09&#39;.</strong></span> <span class='ocrx_word' id='word_1_54' title='bbox 1645 1024 1872 1074; x_wconf 78' lang='grc' dir='ltr'>Ἐκεῖνοι</span> <span class='ocrx_word' id='word_1_55' title='bbox 1890 1024 1990 1090; x_wconf 78' lang='grc' dir='ltr'><strong>μὲν</strong></span> 
     </span>
    </p>
   </div>
   <div class='ocr_carea' id='block_1_9' title="bbox 400 1109 1987 1183">
    <p class='ocr_par' dir='ltr' id='par_1_9' title="bbox 400 1109 1987 1183">
     <span class='ocr_line' id='line_1_9' title="bbox 400 1109 1987 1183; baseline 0.005 -24"><span class='ocrx_word' id='word_1_56' title='bbox 400 1109 981 1178; x_wconf 73' lang='grc' dir='ltr'>γάρδιορέζονταιτοὺς</span> <span class='ocrx_word' id='word_1_57' title='bbox 1004 1118 1275 1169; x_wconf 66' lang='grc' dir='ltr'>τοιούτους</span> <span class='ocrx_word' id='word_1_58' title='bbox 1296 1112 1341 1163; x_wconf 84' lang='grc' dir='ltr'><strong>ὠ</strong></span> <span class='ocrx_word' id='word_1_59' title='bbox 1389 1116 1580 1178; x_wconf 70' lang='grc' dir='ltr'>φονέας</span> <span class='ocrx_word' id='word_1_60' title='bbox 1604 1116 1987 1183; x_wconf 71' lang='grc' dir='ltr'><strong>ἐπιτιμᾶσθαι,</strong></span> 
     </span>
    </p>
   </div>
   <div class='ocr_carea' id='block_1_10' title="bbox 402 1204 1989 1275">
    <p class='ocr_par' dir='ltr' id='par_1_10' title="bbox 402 1204 1989 1275">
     <span class='ocr_line' id='line_1_10' title="bbox 402 1204 1989 1275; baseline 0.008 -23"><span class='ocrx_word' id='word_1_61' title='bbox 402 1204 518 1273; x_wconf 72' lang='grc' dir='ltr'>ἢτοι</span> <span class='ocrx_word' id='word_1_62' title='bbox 563 1206 655 1255; x_wconf 76' lang='grc' dir='ltr'><strong>ἐπὶ</strong></span> <span class='ocrx_word' id='word_1_63' title='bbox 689 1205 894 1255; x_wconf 74' lang='grc' dir='ltr'>εἴκοσιν</span> <span class='ocrx_word' id='word_1_64' title='bbox 953 1210 1219 1267; x_wconf 68' lang='grc' dir='ltr'>ἐνιαυτοῖς</span> <span class='ocrx_word' id='word_1_65' title='bbox 1248 1209 1298 1258; x_wconf 76' lang='grc' dir='ltr'><strong>οἱ</strong></span> <span class='ocrx_word' id='word_1_66' title='bbox 1339 1208 1662 1275; x_wconf 75' lang='grc' dir='ltr'>ονομεῖτθαι</span> <span class='ocrx_word' id='word_1_67' title='bbox 1695 1212 1837 1262; x_wconf 72' lang='grc' dir='ltr'>κατὰ</span> <span class='ocrx_word' id='word_1_68' title='bbox 1862 1214 1989 1274; x_wconf 76' lang='grc' dir='ltr'>τοὺς</span> 
     </span>
    </p>
   </div>
   <div class='ocr_carea' id='block_1_11' title="bbox 403 1296 1989 1365">
    <p class='ocr_par' dir='ltr' id='par_1_11' title="bbox 403 1296 1989 1365">
     <span class='ocr_line' id='line_1_11' title="bbox 403 1296 1989 1365; baseline 0.007 -19"><span class='ocrx_word' id='word_1_69' title='bbox 403 1298 683 1355; x_wconf 64' lang='grc' dir='ltr'>ἑκουσίους</span> <span class='ocrx_word' id='word_1_70' title='bbox 707 1299 873 1363; x_wconf 11' lang='grc' dir='ltr'>φονεῖ.</span> <span class='ocrx_word' id='word_1_71' title='bbox 894 1336 908 1357; x_wconf 84' lang='grc'><strong>,</strong></span> <span class='ocrx_word' id='word_1_72' title='bbox 935 1296 967 1365; x_wconf 77' lang='grc' dir='ltr'><strong>ἢ</strong></span> <span class='ocrx_word' id='word_1_73' title='bbox 994 1300 1084 1349; x_wconf 70' lang='grc' dir='ltr'>ἐπὶ</span> <span class='ocrx_word' id='word_1_74' title='bbox 1107 1299 1237 1351; x_wconf 77' lang='grc' dir='ltr'>δέκα</span> <span class='ocrx_word' id='word_1_75' title='bbox 1264 1300 1407 1351; x_wconf 78' lang='grc' dir='ltr'>ἔτεσι</span> <span class='ocrx_word' id='word_1_76' title='bbox 1439 1303 1581 1353; x_wconf 70' lang='grc' dir='ltr'>κατὰ</span> <span class='ocrx_word' id='word_1_77' title='bbox 1615 1306 1740 1365; x_wconf 68' lang='grc' dir='ltr'>τοὺς</span> <span class='ocrx_word' id='word_1_78' title='bbox 1769 1306 1989 1357; x_wconf 80' lang='grc' dir='ltr'>ἀκουσί-</span> 
     </span>
    </p>
   </div>
   <div class='ocr_carea' id='block_1_12' title="bbox 399 1389 1988 1464">
    <p class='ocr_par' dir='ltr' id='par_1_12' title="bbox 399 1389 1988 1464">
     <span class='ocr_line' id='line_1_12' title="bbox 399 1389 1988 1464; baseline 0.006 -24"><span class='ocrx_word' id='word_1_79' title='bbox 399 1405 509 1451; x_wconf 80' lang='grc' dir='ltr'>ους,</span> <span class='ocrx_word' id='word_1_80' title='bbox 536 1390 563 1439; x_wconf 82' lang='grc' dir='ltr'>ὁ</span> <span class='ocrx_word' id='word_1_81' title='bbox 584 1389 640 1440; x_wconf 76' lang='grc' dir='ltr'>δὲ</span> <span class='ocrx_word' id='word_1_82' title='bbox 675 1390 864 1459; x_wconf 84' lang='grc' dir='ltr'>παρὼν</span> <span class='ocrx_word' id='word_1_83' title='bbox 889 1393 978 1442; x_wconf 73' lang='grc' dir='ltr'>ἐπὶ</span> <span class='ocrx_word' id='word_1_84' title='bbox 1007 1393 1063 1454; x_wconf 74' lang='grc' dir='ltr'>ἕξ</span> <span class='ocrx_word' id='word_1_85' title='bbox 1106 1392 1274 1461; x_wconf 69' lang='lat' dir='ltr'><strong>Optat</strong></span> <span class='ocrx_word' id='word_1_86' title='bbox 1292 1395 1347 1445; x_wconf 75' lang='grc' dir='ltr'>δὲ</span> <span class='ocrx_word' id='word_1_87' title='bbox 1367 1396 1449 1445; x_wconf 78' lang='grc' dir='ltr'><strong>ὃτι</strong></span> <span class='ocrx_word' id='word_1_88' title='bbox 1475 1395 1711 1464; x_wconf 76' lang='grc' dir='ltr'>διαφορά</span> <span class='ocrx_word' id='word_1_89' title='bbox 1733 1398 1850 1448; x_wconf 80' lang='grc' dir='ltr'>ἐστι</span> <span class='ocrx_word' id='word_1_90' title='bbox 1879 1398 1988 1450; x_wconf 85' lang='grc' dir='ltr'><strong>τῶν</strong></span> 
     </span>
    </p>
   </div>
   <div class='ocr_carea' id='block_1_13' title="bbox 401 1483 1989 1563">
    <p class='ocr_par' dir='ltr' id='par_1_13' title="bbox 401 1483 1989 1563">
     <span class='ocr_line' id='line_1_13' title="bbox 401 1483 1989 1563; baseline 0.008 -32"><span class='ocrx_word' id='word_1_91' title='bbox 401 1484 662 1535; x_wconf 74' lang='grc' dir='ltr'>κανόνων.</span> <span class='ocrx_word' id='word_1_92' title='bbox 700 1483 759 1534; x_wconf 80' lang='grc' dir='ltr'><strong>Ὀ</strong></span> <span class='ocrx_word' id='word_1_93' title='bbox 787 1485 884 1551; x_wconf 83' lang='grc' dir='ltr'>μὲν</span> <span class='ocrx_word' id='word_1_94' title='bbox 915 1492 1024 1552; x_wconf 79' lang='grc' dir='ltr'><strong>γαρ</strong></span> <span class='ocrx_word' id='word_1_95' title='bbox 1058 1485 1129 1549; x_wconf 73' lang='grc' dir='ltr'><strong>ξε¹</strong></span> <span class='ocrx_word' id='word_1_96' title='bbox 1153 1488 1333 1540; x_wconf 85' lang='grc' dir='ltr'>κανὼν</span> <span class='ocrx_word' id='word_1_97' title='bbox 1365 1491 1838 1561; x_wconf 63' lang='grc' dir='ltr'>περιναύτουργών</span> <span class='ocrx_word' id='word_1_98' title='bbox 1870 1494 1989 1563; x_wconf 74' lang='grc' dir='ltr'>ἤτοι</span> 
     </span>
    </p>
   </div>
   <div class='ocr_carea' id='block_1_14' title="bbox 403 1575 1990 1654">
    <p class='ocr_par' dir='ltr' id='par_1_14' title="bbox 403 1575 1990 1654">
     <span class='ocr_line' id='line_1_14' title="bbox 403 1575 1990 1654; baseline 0.007 -28"><span class='ocrx_word' id='word_1_99' title='bbox 403 1575 596 1642; x_wconf 76' lang='grc' dir='ltr'>μάγων</span> <span class='ocrx_word' id='word_1_100' title='bbox 609 1578 701 1628; x_wconf 87' lang='grc' dir='ltr'>καί</span> <span class='ocrx_word' id='word_1_101' title='bbox 716 1578 1027 1646; x_wconf 77' lang='grc' dir='ltr'>φαρμακῶν</span> <span class='ocrx_word' id='word_1_102' title='bbox 1047 1580 1312 1647; x_wconf 77' lang='grc' dir='ltr'>ὸροθετεί,</span> <span class='ocrx_word' id='word_1_103' title='bbox 1334 1581 1598 1645; x_wconf 78' lang='grc' dir='ltr'><strong>ὡσαύτως</strong></span> <span class='ocrx_word' id='word_1_104' title='bbox 1613 1588 1707 1634; x_wconf 78' lang='grc' dir='ltr'><strong>και</strong></span> <span class='ocrx_word' id='word_1_105' title='bbox 1725 1590 1750 1635; x_wconf 83' lang='grc' dir='ltr'>ο</span> <span class='ocrx_word' id='word_1_106' title='bbox 1766 1585 1845 1653; x_wconf 83' lang='grc' dir='ltr'><strong>οβ’</strong></span> <span class='ocrx_word' id='word_1_107' title='bbox 1863 1589 1990 1654; x_wconf 72' lang='grc' dir='ltr'>περὶ</span> 
     </span>
    </p>
   </div>
   <div class='ocr_carea' id='block_1_15' title="bbox 399 1668 1990 1747">
    <p class='ocr_par' dir='ltr' id='par_1_15' title="bbox 399 1668 1990 1747">
     <span class='ocr_line' id='line_1_15' title="bbox 399 1668 1990 1747; baseline 0.006 -26"><span class='ocrx_word' id='word_1_108' title='bbox 399 1668 509 1721; x_wconf 82' lang='grc' dir='ltr'><strong>τῶν</strong></span> <span class='ocrx_word' id='word_1_109' title='bbox 532 1671 891 1725; x_wconf 77' lang='grc' dir='ltr'><strong>ἐπιδιδόντων</strong></span> <span class='ocrx_word' id='word_1_110' title='bbox 923 1674 1152 1737; x_wconf 74' lang='grc' dir='ltr'>ἑαυτοὺς</span> <span class='ocrx_word' id='word_1_111' title='bbox 1190 1674 1472 1743; x_wconf 86' lang='grc' dir='ltr'>μάντεσιν,</span> <span class='ocrx_word' id='word_1_112' title='bbox 1498 1676 1617 1747; x_wconf 69' lang='grc' dir='ltr'>ἦτοι</span> <span class='ocrx_word' id='word_1_113' title='bbox 1648 1678 1990 1744; x_wconf 69' lang='grc' dir='ltr'>φρονούντων</span> 
     </span>
    </p>
   </div>
   <div class='ocr_carea' id='block_1_16' title="bbox 397 1763 1988 1840">
    <p class='ocr_par' dir='ltr' id='par_1_16' title="bbox 397 1763 1988 1840">
     <span class='ocr_line' id='line_1_16' title="bbox 397 1763 1988 1840; baseline 0.007 -27"><span class='ocrx_word' id='word_1_114' title='bbox 397 1763 597 1828; x_wconf 78' lang='grc' dir='ltr'>ὁμοίως</span> <span class='ocrx_word' id='word_1_115' title='bbox 624 1766 809 1823; x_wconf 79' lang='grc' dir='ltr'>αὐτοῖς</span> <span class='ocrx_word' id='word_1_116' title='bbox 835 1785 845 1793; x_wconf 61' lang='grc' dir='ltr'>ί</span> <span class='ocrx_word' id='word_1_117' title='bbox 869 1767 966 1819; x_wconf 77' lang='grc' dir='ltr'><strong>όδὲ</strong></span> <span class='ocrx_word' id='word_1_118' title='bbox 996 1768 1187 1838; x_wconf 86' lang='grc' dir='ltr'>παρὼν</span> <span class='ocrx_word' id='word_1_119' title='bbox 1211 1773 1390 1821; x_wconf 82' lang='grc' dir='ltr'>κανὼν</span> <span class='ocrx_word' id='word_1_120' title='bbox 1419 1770 1862 1840; x_wconf 80' lang='grc' dir='ltr'>περἰὸνθρώττων</span> <span class='ocrx_word' id='word_1_121' title='bbox 1885 1772 1988 1825; x_wconf 86' lang='grc' dir='ltr'>διέ-</span> 
     </span>
    </p>
   </div>
   <div class='ocr_carea' id='block_1_17' title="bbox 400 1854 1988 1935">
    <p class='ocr_par' dir='ltr' id='par_1_17' title="bbox 400 1854 1988 1935">
     <span class='ocr_line' id='line_1_17' title="bbox 400 1854 1988 1935; baseline 0.008 -29"><span class='ocrx_word' id='word_1_122' title='bbox 400 1854 539 1919; x_wconf 79' lang='grc' dir='ltr'>ξεισι</span> <span class='ocrx_word' id='word_1_123' title='bbox 569 1861 711 1910; x_wconf 73' lang='grc' dir='ltr'>κατὰ</span> <span class='ocrx_word' id='word_1_124' title='bbox 743 1858 953 1930; x_wconf 81' lang='grc' dir='ltr'>πλάνην</span> <span class='ocrx_word' id='word_1_125' title='bbox 988 1860 1485 1930; x_wconf 70' lang='grc' dir='ltr'><strong>ἀκολουθησάντων</strong></span> <span class='ocrx_word' id='word_1_126' title='bbox 1512 1867 1626 1925; x_wconf 86' lang='grc' dir='ltr'>τοῖς</span> <span class='ocrx_word' id='word_1_127' title='bbox 1661 1864 1988 1935; x_wconf 67' lang='grc' dir='ltr'>διισχυριζο-</span> 
     </span>
    </p>
   </div>
   <div class='ocr_carea' id='block_1_18' title="bbox 400 1948 1988 2027">
    <p class='ocr_par' dir='ltr' id='par_1_18' title="bbox 400 1948 1988 2027">
     <span class='ocr_line' id='line_1_18' title="bbox 400 1948 1988 2027; baseline 0.008 -28"><span class='ocrx_word' id='word_1_128' title='bbox 400 1948 586 2018; x_wconf 69' lang='grc' dir='ltr'>μέιοις</span> <span class='ocrx_word' id='word_1_129' title='bbox 616 1949 949 2021; x_wconf 78' lang='grc' dir='ltr'>θεραπεύειν</span> <span class='ocrx_word' id='word_1_130' title='bbox 999 1958 1092 2007; x_wconf 77' lang='grc' dir='ltr'><strong>καὶ</strong></span> <span class='ocrx_word' id='word_1_131' title='bbox 1122 1954 1270 2006; x_wconf 88' lang='grc' dir='ltr'>λύειν</span> <span class='ocrx_word' id='word_1_132' title='bbox 1328 1956 1396 2008; x_wconf 75' lang='grc' dir='ltr'><strong>τά</strong></span> <span class='ocrx_word' id='word_1_133' title='bbox 1431 1958 1643 2024; x_wconf 83' lang='grc' dir='ltr'><strong>μαγικὰ</strong></span> <span class='ocrx_word' id='word_1_134' title='bbox 1684 1957 1858 2027; x_wconf 83' lang='grc' dir='ltr'>δεσμά</span> <span class='ocrx_word' id='word_1_135' title='bbox 1893 1961 1988 2013; x_wconf 71' lang='grc' dir='ltr'>καὶ</span> 
     </span>
    </p>
   </div>
   <div class='ocr_carea' id='block_1_19' title="bbox 401 2042 1983 2118">
    <p class='ocr_par' dir='ltr' id='par_1_19' title="bbox 401 2042 1983 2118">
     <span class='ocr_line' id='line_1_19' title="bbox 401 2042 1983 2118; baseline 0.009 -26"><span class='ocrx_word' id='word_1_136' title='bbox 401 2042 710 2110; x_wconf 83' lang='grc' dir='ltr'>νοσήματα,</span> <span class='ocrx_word' id='word_1_137' title='bbox 739 2046 939 2114; x_wconf 77' lang='grc' dir='ltr'>μηκέτι</span> <span class='ocrx_word' id='word_1_138' title='bbox 965 2046 1021 2097; x_wconf 82' lang='grc' dir='ltr'><strong>δὲ</strong></span> <span class='ocrx_word' id='word_1_139' title='bbox 1051 2048 1157 2099; x_wconf 80' lang='grc' dir='ltr'>ἀπὸ</span> <span class='ocrx_word' id='word_1_140' title='bbox 1180 2049 1276 2112; x_wconf 74' lang='grc' dir='ltr'>τῆς</span> <span class='ocrx_word' id='word_1_141' title='bbox 1302 2048 1540 2111; x_wconf 76' lang='grc' dir='ltr'>πίσεςως</span> <span class='ocrx_word' id='word_1_142' title='bbox 1574 2053 1983 2118; x_wconf 75' lang='grc' dir='ltr'>μεταστάντων.</span> 
     </span>
    </p>
   </div>
   <div class='ocr_carea' id='block_1_20' title="bbox 399 2132 1987 2213">
    <p class='ocr_par' dir='ltr' id='par_1_20' title="bbox 399 2132 1987 2213">
     <span class='ocr_line' id='line_1_20' title="bbox 399 2132 1987 2213; baseline 0.008 -29"><span class='ocrx_word' id='word_1_143' title='bbox 399 2132 563 2186; x_wconf 84' lang='grc' dir='ltr'>Ὥστε</span> <span class='ocrx_word' id='word_1_144' title='bbox 581 2134 816 2206; x_wconf 77' lang='grc' dir='ltr'>διαφορά</span> <span class='ocrx_word' id='word_1_145' title='bbox 835 2138 954 2190; x_wconf 75' lang='grc' dir='ltr'>ἐστι</span> <span class='ocrx_word' id='word_1_146' title='bbox 974 2138 1475 2209; x_wconf 73' lang='grc' dir='ltr'>αὖτουργησάντων</span> <span class='ocrx_word' id='word_1_147' title='bbox 1500 2141 1594 2193; x_wconf 74' lang='grc' dir='ltr'>καὶ</span> <span class='ocrx_word' id='word_1_148' title='bbox 1612 2144 1987 2213; x_wconf 84' lang='grc' dir='ltr'>καταπροδόν-</span> 
     </span>
    </p>
   </div>
   <div class='ocr_carea' id='block_1_21' title="bbox 396 2225 1993 2307">
    <p class='ocr_par' dir='ltr' id='par_1_21' title="bbox 396 2225 1993 2307">
     <span class='ocr_line' id='line_1_21' title="bbox 396 2225 1993 2307; baseline 0.008 -32"><span class='ocrx_word' id='word_1_149' title='bbox 396 2238 506 2275; x_wconf 86' lang='grc' dir='ltr'>των</span> <span class='ocrx_word' id='word_1_150' title='bbox 536 2225 767 2289; x_wconf 66' lang='grc' dir='ltr'>ὲαυτοξλς</span> <span class='ocrx_word' id='word_1_151' title='bbox 797 2230 907 2289; x_wconf 84' lang='grc' dir='ltr'>τοῖς</span> <span class='ocrx_word' id='word_1_152' title='bbox 935 2231 1150 2299; x_wconf 85' lang='grc' dir='ltr'>γόησιν,</span> <span class='ocrx_word' id='word_1_153' title='bbox 1174 2230 1316 2283; x_wconf 75' lang='grc' dir='ltr'>ὥστε</span> <span class='ocrx_word' id='word_1_154' title='bbox 1346 2233 1443 2285; x_wconf 77' lang='grc' dir='ltr'><strong>καὶ</strong></span> <span class='ocrx_word' id='word_1_155' title='bbox 1470 2232 1571 2301; x_wconf 76' lang='grc' dir='ltr'><strong>τὴν</strong></span> <span class='ocrx_word' id='word_1_156' title='bbox 1618 2234 1805 2287; x_wconf 75' lang='grc' dir='ltr'>πίστιν</span> <span class='ocrx_word' id='word_1_157' title='bbox 1823 2237 1993 2307; x_wconf 83' lang='grc' dir='ltr'>ἀρνή-</span> 
     </span>
    </p>
   </div>
   <div class='ocr_carea' id='block_1_22' title="bbox 398 2319 1988 2400">
    <p class='ocr_par' dir='ltr' id='par_1_22' title="bbox 398 2319 1988 2400">
     <span class='ocr_line' id='line_1_22' title="bbox 398 2319 1988 2400; baseline 0.009 -31"><span class='ocrx_word' id='word_1_158' title='bbox 398 2319 615 2382; x_wconf 80' lang='grc' dir='ltr'>σασθαι,</span> <span class='ocrx_word' id='word_1_159' title='bbox 636 2320 731 2372; x_wconf 69' lang='grc' dir='ltr'><strong>καὶ</strong></span> <span class='ocrx_word' id='word_1_160' title='bbox 749 2321 857 2373; x_wconf 85' lang='grc' dir='ltr'><strong>τῶν</strong></span> <span class='ocrx_word' id='word_1_161' title='bbox 879 2326 952 2390; x_wconf 80' lang='grc' dir='ltr'><strong>μὴ</strong></span> <span class='ocrx_word' id='word_1_162' title='bbox 975 2324 1337 2378; x_wconf 75' lang='grc' dir='ltr'>ἀποστάντων</span> <span class='ocrx_word' id='word_1_163' title='bbox 1382 2326 1481 2395; x_wconf 86' lang='grc' dir='ltr'>μὲν</span> <span class='ocrx_word' id='word_1_164' title='bbox 1508 2326 1614 2379; x_wconf 74' lang='grc' dir='ltr'>άπὸ</span> <span class='ocrx_word' id='word_1_165' title='bbox 1643 2328 1743 2398; x_wconf 81' lang='grc' dir='ltr'>τῆς</span> <span class='ocrx_word' id='word_1_166' title='bbox 1765 2329 1988 2400; x_wconf 79' lang='grc' dir='ltr'>ὀρθοδό-</span> 
     </span>
    </p>
   </div>
   <div class='ocr_carea' id='block_1_23' title="bbox 399 2409 1988 2491">
    <p class='ocr_par' dir='ltr' id='par_1_23' title="bbox 399 2409 1988 2491">
     <span class='ocr_line' id='line_1_23' title="bbox 399 2409 1988 2491; baseline 0.008 -26"><span class='ocrx_word' id='word_1_167' title='bbox 399 2409 489 2475; x_wconf 82' lang='grc' dir='ltr'><strong>ξου</strong></span> <span class='ocrx_word' id='word_1_168' title='bbox 512 2414 773 2476; x_wconf 78' lang='grc' dir='ltr'>πίστεως,</span> <span class='ocrx_word' id='word_1_169' title='bbox 798 2415 1207 2484; x_wconf 76' lang='grc' dir='ltr'>όλισθησάντων</span> <span class='ocrx_word' id='word_1_170' title='bbox 1234 2418 1290 2470; x_wconf 88' lang='grc' dir='ltr'>δὲ</span> <span class='ocrx_word' id='word_1_171' title='bbox 1313 2418 1402 2471; x_wconf 87' lang='grc' dir='ltr'>διὰ</span> <span class='ocrx_word' id='word_1_172' title='bbox 1427 2420 1484 2472; x_wconf 72' lang='grc' dir='ltr'>τὸ</span> <span class='ocrx_word' id='word_1_173' title='bbox 1504 2418 1645 2483; x_wconf 84' lang='grc' dir='ltr'><strong>ὅλως</strong></span> <span class='ocrx_word' id='word_1_174' title='bbox 1666 2423 1988 2491; x_wconf 74' lang='grc' dir='ltr'>προσελθεῖν</span> 
     </span>
    </p>
   </div>
   <div class='ocr_carea' id='block_1_24' title="bbox 394 2506 1985 2581">
    <p class='ocr_par' dir='ltr' id='par_1_24' title="bbox 394 2506 1985 2581">
     <span class='ocr_line' id='line_1_24' title="bbox 394 2506 1985 2581; baseline 0.008 -23"><span class='ocrx_word' id='word_1_175' title='bbox 394 2506 659 2569; x_wconf 79' lang='grc' dir='ltr'>τοιούτοις</span> <span class='ocrx_word' id='word_1_176' title='bbox 706 2506 861 2559; x_wconf 83' lang='grc' dir='ltr'>τισί·</span> <span class='ocrx_word' id='word_1_177' title='bbox 892 2511 985 2561; x_wconf 75' lang='grc' dir='ltr'><strong>καὶ</strong></span> <span class='ocrx_word' id='word_1_178' title='bbox 1018 2509 1109 2563; x_wconf 82' lang='grc' dir='ltr'><strong>διὰ</strong></span> <span class='ocrx_word' id='word_1_179' title='bbox 1169 2511 1328 2565; x_wconf 81' lang='grc' dir='ltr'>τοῦτο</span> <span class='ocrx_word' id='word_1_180' title='bbox 1378 2514 1579 2565; x_wconf 76' lang='grc' dir='ltr'>ἐκείνοι</span> <span class='ocrx_word' id='word_1_181' title='bbox 1606 2512 1726 2581; x_wconf 74' lang='grc' dir='ltr'>ιμὲν</span> <span class='ocrx_word' id='word_1_182' title='bbox 1775 2516 1985 2571; x_wconf 64' lang='grc' dir='ltr'>πλείοσι</span> 
     </span>
    </p>
   </div>
   <div class='ocr_carea' id='block_1_25' title="bbox 394 2598 1985 2675">
    <p class='ocr_par' dir='ltr' id='par_1_25' title="bbox 394 2598 1985 2675">
     <span class='ocr_line' id='line_1_25' title="bbox 394 2598 1985 2675; baseline 0.007 -27"><span class='ocrx_word' id='word_1_183' title='bbox 394 2598 609 2668; x_wconf 80' lang='grc' dir='ltr'>χρόνοις</span> <span class='ocrx_word' id='word_1_184' title='bbox 633 2600 1025 2670; x_wconf 76' lang='grc' dir='ltr'>ὲπιτιμῶνται,</span> <span class='ocrx_word' id='word_1_185' title='bbox 1051 2603 1275 2655; x_wconf 72' lang='grc' dir='ltr'>υοτοιδὲ</span> <span class='ocrx_word' id='word_1_186' title='bbox 1293 2606 1384 2655; x_wconf 70' lang='grc' dir='ltr'>ἐπὶ</span> <span class='ocrx_word' id='word_1_187' title='bbox 1408 2604 1654 2673; x_wconf 80' lang='grc' dir='ltr'>ἥττοσιν.</span> <span class='ocrx_word' id='word_1_188' title='bbox 1676 2606 1985 2675; x_wconf 80' lang='grc' dir='ltr'>Ἀνάγνυιθι</span> 
     </span>
    </p>
   </div>
   <div class='ocr_carea' id='block_1_26' title="bbox 395 2690 1984 2767">
    <p class='ocr_par' dir='ltr' id='par_1_26' title="bbox 395 2690 1984 2767">
     <span class='ocr_line' id='line_1_26' title="bbox 395 2690 1984 2767; baseline 0.008 -27"><span class='ocrx_word' id='word_1_189' title='bbox 395 2690 488 2742; x_wconf 72' lang='grc' dir='ltr'><strong>καὶ</strong></span> <span class='ocrx_word' id='word_1_190' title='bbox 511 2690 603 2742; x_wconf 79' lang='grc' dir='ltr'><strong>τὸν</strong></span> <span class='ocrx_word' id='word_1_191' title='bbox 633 2690 677 2760; x_wconf 86' lang='grc' dir='ltr'><strong>β’</strong></span> <span class='ocrx_word' id='word_1_192' title='bbox 710 2695 917 2746; x_wconf 79' lang='grc' dir='ltr'>κανόνα</span> <span class='ocrx_word' id='word_1_193' title='bbox 944 2692 1040 2745; x_wconf 85' lang='grc' dir='ltr'><strong>τού</strong></span> <span class='ocrx_word' id='word_1_194' title='bbox 1078 2695 1238 2763; x_wconf 84' lang='grc' dir='ltr'>ἁγίου</span> <span class='ocrx_word' id='word_1_195' title='bbox 1296 2696 1603 2767; x_wconf 84' lang='grc' dir='ltr'>Γρηγορίου</span> <span class='ocrx_word' id='word_1_196' title='bbox 1632 2698 1727 2751; x_wconf 83' lang='grc' dir='ltr'><strong>τού</strong></span> <span class='ocrx_word' id='word_1_197' title='bbox 1763 2700 1984 2767; x_wconf 72' lang='grc' dir='ltr'>Νύσσης</span> 
     </span>
    </p>
   </div>
   <div class='ocr_carea' id='block_1_27' title="bbox 396 2781 1984 2857">
    <p class='ocr_par' dir='ltr' id='par_1_27' title="bbox 396 2781 1984 2857">
     <span class='ocr_line' id='line_1_27' title="bbox 396 2781 1984 2857; baseline 0.008 -24"><span class='ocrx_word' id='word_1_198' title='bbox 396 2781 460 2833; x_wconf 75' lang='grc' dir='ltr'>ἐκ</span> <span class='ocrx_word' id='word_1_199' title='bbox 487 2782 585 2851; x_wconf 80' lang='grc' dir='ltr'>τῆς</span> <span class='ocrx_word' id='word_1_200' title='bbox 619 2783 757 2854; x_wconf 64' lang='grc' dir='ltr'>πρὸς</span> <span class='ocrx_word' id='word_1_201' title='bbox 811 2786 1043 2856; x_wconf 86' lang='grc' dir='ltr'>Λητόῖον</span> <span class='ocrx_word' id='word_1_202' title='bbox 1093 2788 1392 2857; x_wconf 79' lang='grc' dir='ltr'>ἐπιστολῆς</span> <span class='ocrx_word' id='word_1_203' title='bbox 1441 2788 1585 2843; x_wconf 72' lang='grc' dir='ltr'>οὕτω</span> <span class='ocrx_word' id='word_1_204' title='bbox 1637 2790 1811 2844; x_wconf 77' lang='grc' dir='ltr'>ταῦτα</span> <span class='ocrx_word' id='word_1_205' title='bbox 1842 2792 1984 2845; x_wconf 87' lang='grc' dir='ltr'>διαι-</span> 
     </span>
    </p>
   </div>
   <div class='ocr_carea' id='block_1_28' title="bbox 396 2874 1982 2953">
    <p class='ocr_par' dir='ltr' id='par_1_28' title="bbox 396 2874 1982 2953">
     <span class='ocr_line' id='line_1_28' title="bbox 396 2874 1982 2953; baseline 0.003 -27"><span class='ocrx_word' id='word_1_206' title='bbox 396 2874 619 2943; x_wconf 78' lang='grc' dir='ltr'>ροῦντα.</span> <span class='ocrx_word' id='word_1_207' title='bbox 666 2875 800 2929; x_wconf 73' lang='grc' dir='ltr'><strong>Ἀπὸ</strong></span> <span class='ocrx_word' id='word_1_208' title='bbox 830 2878 885 2930; x_wconf 76' lang='grc' dir='ltr'>δὲ</span> <span class='ocrx_word' id='word_1_209' title='bbox 901 2878 997 2930; x_wconf 81' lang='grc' dir='ltr'><strong>τοῦ</strong></span> <span class='ocrx_word' id='word_1_210' title='bbox 1033 2881 1353 2949; x_wconf 72' lang='grc' dir='ltr'>μεμνῆσθαι</span> <span class='ocrx_word' id='word_1_211' title='bbox 1402 2881 1494 2934; x_wconf 85' lang='grc' dir='ltr'><strong>τὸν</strong></span> <span class='ocrx_word' id='word_1_212' title='bbox 1530 2883 1736 2935; x_wconf 82' lang='grc' dir='ltr'>κανόνα</span> <span class='ocrx_word' id='word_1_213' title='bbox 1770 2884 1982 2953; x_wconf 84' lang='grc' dir='ltr'>ἁνθρῶ.</span> 
     </span>
    </p>
   </div>
   <div class='ocr_carea' id='block_1_29' title="bbox 396 2970 1979 3043">
    <p class='ocr_par' dir='ltr' id='par_1_29' title="bbox 396 2970 1979 3043">
     <span class='ocr_line' id='line_1_29' title="bbox 396 2970 1979 3043; baseline 0.008 -29"><span class='ocrx_word' id='word_1_214' title='bbox 396 2978 516 3015; x_wconf 82' lang='grc' dir='ltr'><strong>πων</strong></span> <span class='ocrx_word' id='word_1_215' title='bbox 540 2970 1114 3038; x_wconf 85' lang='grc' dir='ltr'>καταμαντευομένων</span> <span class='ocrx_word' id='word_1_216' title='bbox 1197 2970 1584 3039; x_wconf 83' lang='grc' dir='ltr'>ἀναφαίνεται,</span> <span class='ocrx_word' id='word_1_217' title='bbox 1640 2972 1714 3034; x_wconf 80' lang='grc' dir='ltr'><strong>ὡς</strong></span> <span class='ocrx_word' id='word_1_218' title='bbox 1746 2974 1979 3043; x_wconf 77' lang='grc' dir='ltr'>νομίζω,</span> 
     </span>
    </p>
   </div>
   <div class='ocr_carea' id='block_1_30' title="bbox 396 3055 1979 3130">
    <p class='ocr_par' dir='ltr' id='par_1_30' title="bbox 396 3055 1979 3130">
     <span class='ocr_line' id='line_1_30' title="bbox 396 3055 1979 3130; baseline 0.007 -23"><span class='ocrx_word' id='word_1_219' title='bbox 396 3055 476 3108; x_wconf 78' lang='grc' dir='ltr'>ὅτι</span> <span class='ocrx_word' id='word_1_220' title='bbox 526 3055 576 3108; x_wconf 78' lang='grc' dir='ltr'>οἱ</span> <span class='ocrx_word' id='word_1_221' title='bbox 630 3061 1121 3129; x_wconf 76' lang='grc' dir='ltr'>καταχρησάμενοι</span> <span class='ocrx_word' id='word_1_222' title='bbox 1205 3062 1280 3129; x_wconf 83' lang='grc' dir='ltr'><strong>τῷ</strong></span> <span class='ocrx_word' id='word_1_223' title='bbox 1357 3061 1512 3130; x_wconf 83' lang='grc' dir='ltr'>κακῷ</span> <span class='ocrx_word' id='word_1_224' title='bbox 1574 3065 1673 3116; x_wconf 74' lang='grc' dir='ltr'><strong>ἐπὶ</strong></span> <span class='ocrx_word' id='word_1_225' title='bbox 1726 3064 1979 3129; x_wconf 76' lang='grc' dir='ltr'>ἑξαετίαν</span> 
     </span>
    </p>
   </div>
   <div class='ocr_carea' id='block_1_31' title="bbox 1324 354 2747 417">
    <p class='ocr_par' dir='ltr' id='par_1_31' title="bbox 1324 354 2747 417">
     <span class='ocr_line' id='line_1_31' title="bbox 1324 354 2747 417; baseline -0.001 0"><span class='ocrx_word' id='word_1_226' title='bbox 1324 357 1401 417; x_wconf 75' lang='lat' dir='ltr'><strong>IN</strong></span> <span class='ocrx_word' id='word_1_227' title='bbox 1440 357 1681 417; x_wconf 88' lang='lat' dir='ltr'><strong>EPIST.</strong></span> <span class='ocrx_word' id='word_1_228' title='bbox 1712 357 1769 416; x_wconf 89' lang='lat' dir='ltr'><strong>S.</strong></span> <span class='ocrx_word' id='word_1_229' title='bbox 1812 354 2100 414; x_wconf 86' lang='lat' dir='ltr'><strong>BASlLll</strong></span> <span class='ocrx_word' id='word_1_230' title='bbox 2132 355 2585 416; x_wconf 77' lang='lat' dir='ltr'><strong>CANONICAM</strong></span> <span class='ocrx_word' id='word_1_231' title='bbox 2628 356 2747 417; x_wconf 79' lang='lat' dir='ltr'><strong>lli.</strong></span> 
     </span>
    </p>
   </div>
   <div class='ocr_carea' id='block_1_32' title="bbox 1871 466 3680 537">
    <p class='ocr_par' dir='ltr' id='par_1_32' title="bbox 1871 466 3680 537">
     <span class='ocr_line' id='line_1_32' title="bbox 1871 466 3680 537; baseline 0.001 -17"><span class='ocrx_word' id='word_1_232' title='bbox 1871 467 1985 520; x_wconf 85' lang='grc' dir='ltr'>ἀλλ’</span> <span class='ocrx_word' id='word_1_233' title='bbox 2018 474 2064 528; x_wconf 79' lang='grc' dir='ltr'><strong>Α</strong></span> <span class='ocrx_word' id='word_1_234' title='bbox 2095 467 2401 520; x_wconf 81' lang='lat' dir='ltr'><strong>racuiorum</strong></span> <span class='ocrx_word' id='word_1_235' title='bbox 2433 476 2824 531; x_wconf 78' lang='lat' dir='ltr'><strong>ostentatores,</strong></span> <span class='ocrx_word' id='word_1_236' title='bbox 2876 466 3431 536; x_wconf 64' lang='lat' dir='ltr'><strong>praestigiatoresque,</strong></span> <span class='ocrx_word' id='word_1_237' title='bbox 3464 475 3520 520; x_wconf 90' lang='lat' dir='ltr'><strong>et</strong></span> <span class='ocrx_word' id='word_1_238' title='bbox 3549 482 3680 537; x_wconf 77' lang='lat' dir='ltr'><strong>gen-</strong></span> 
     </span>
    </p>
   </div>
   <div class='ocr_carea' id='block_1_33' title="bbox 3573 350 3683 415">
    <p class='ocr_par' dir='ltr' id='par_1_33' title="bbox 3573 350 3683 415">
     <span class='ocr_line' id='line_1_33' title="bbox 3573 350 3683 415; baseline 0.009 -1"><span class='ocrx_word' id='word_1_239' title='bbox 3573 350 3683 415; x_wconf 73' lang='lat'><strong>802</strong></span> 
     </span>
    </p>
   </div>
   <div class='ocr_carea' id='block_1_34' title="bbox 2094 560 3680 626">
    <p class='ocr_par' dir='ltr' id='par_1_34' title="bbox 2094 560 3680 626">
     <span class='ocr_line' id='line_1_34' title="bbox 2094 560 3680 626; baseline 0.003 -16"><span class='ocrx_word' id='word_1_240' title='bbox 2094 560 2225 610; x_wconf 88' lang='lat' dir='ltr'><strong>tium</strong></span> <span class='ocrx_word' id='word_1_241' title='bbox 2258 560 2680 614; x_wconf 83' lang='lat' dir='ltr'><strong>coosuetmlines</strong></span> <span class='ocrx_word' id='word_1_242' title='bbox 2733 570 3058 626; x_wconf 82' lang='lat' dir='ltr'><strong>sequuntur,</strong></span> <span class='ocrx_word' id='word_1_243' title='bbox 3089 571 3137 612; x_wconf 91' lang='lat' dir='ltr'><strong>et</strong></span> <span class='ocrx_word' id='word_1_244' title='bbox 3166 574 3258 613; x_wconf 91' lang='lat' dir='ltr'><strong>eos</strong></span> <span class='ocrx_word' id='word_1_245' title='bbox 3290 561 3342 611; x_wconf 91' lang='lat' dir='ltr'><strong>in</strong></span> <span class='ocrx_word' id='word_1_246' title='bbox 3379 561 3521 612; x_wconf 77' lang='lat' dir='ltr'><strong>aedes</strong></span> <span class='ocrx_word' id='word_1_247' title='bbox 3550 575 3680 614; x_wconf 84' lang='lat' dir='ltr'><strong>saas</strong></span> 
     </span>
    </p>
   </div>
   <div class='ocr_carea' id='block_1_35' title="bbox 2094 650 3680 721">
    <p class='ocr_par' dir='ltr' id='par_1_35' title="bbox 2094 650 3680 721">
     <span class='ocr_line' id='line_1_35' title="bbox 2094 650 3680 721; baseline 0 -19"><span class='ocrx_word' id='word_1_248' title='bbox 2094 650 2447 705; x_wconf 78' lang='lat' dir='ltr'><strong>introduCunt</strong></span> <span class='ocrx_word' id='word_1_249' title='bbox 2478 652 2544 704; x_wconf 87' lang='lat' dir='ltr'><strong>ad</strong></span> <span class='ocrx_word' id='word_1_250' title='bbox 2579 653 2916 721; x_wconf 69' lang='lat' dir='ltr'><strong>purgantium</strong></span> <span class='ocrx_word' id='word_1_251' title='bbox 2953 650 3091 705; x_wconf 80' lang='lat' dir='ltr'><strong>forte</strong></span> <span class='ocrx_word' id='word_1_252' title='bbox 3132 652 3529 717; x_wconf 62' lang='lat' dir='ltr'><strong>agritudmem,</strong></span> <span class='ocrx_word' id='word_1_253' title='bbox 3560 667 3680 716; x_wconf 60' lang='lat' dir='ltr'><strong>qua</strong></span> 
     </span>
    </p>
   </div>
   <div class='ocr_carea' id='block_1_36' title="bbox 2091 744 3681 807">
    <p class='ocr_par' dir='ltr' id='par_1_36' title="bbox 2091 744 3681 807">
     <span class='ocr_line' id='line_1_36' title="bbox 2091 744 3681 807; baseline 0 -10"><span class='ocrx_word' id='word_1_254' title='bbox 2091 758 2155 797; x_wconf 83' lang='lat' dir='ltr'><strong>ex</strong></span> <span class='ocrx_word' id='word_1_255' title='bbox 2209 745 2470 796; x_wconf 69' lang='lat' dir='ltr'><strong>veni-tirio</strong></span> <span class='ocrx_word' id='word_1_256' title='bbox 2524 747 2717 807; x_wconf 91' lang='lat' dir='ltr'><strong>oritur,</strong></span> <span class='ocrx_word' id='word_1_257' title='bbox 2778 744 2910 797; x_wconf 86' lang='lat' dir='ltr'><strong>dicit</strong></span> <span class='ocrx_word' id='word_1_258' title='bbox 2975 754 3196 797; x_wconf 80' lang='lat' dir='ltr'><strong>sanctus</strong></span> <span class='ocrx_word' id='word_1_259' title='bbox 3251 759 3375 797; x_wconf 83' lang='lat' dir='ltr'><strong>esse</strong></span> <span class='ocrx_word' id='word_1_260' title='bbox 3417 746 3681 798; x_wconf 71' lang='lat' dir='ltr'><strong>sexennio</strong></span> 
     </span>
    </p>
   </div>
   <div class='ocr_carea' id='block_1_37' title="bbox 2094 838 3676 907">
    <p class='ocr_par' dir='ltr' id='par_1_37' title="bbox 2094 838 3676 907">
     <span class='ocr_line' id='line_1_37' title="bbox 2094 838 3676 907; baseline 0.001 -19"><span class='ocrx_word' id='word_1_261' title='bbox 2094 839 2418 905; x_wconf 81' lang='lat' dir='ltr'><strong>puniendos.</strong></span> <span class='ocrx_word' id='word_1_262' title='bbox 2457 839 2610 891; x_wconf 70' lang='lat' dir='ltr'><strong>Dii-et</strong></span> <span class='ocrx_word' id='word_1_263' title='bbox 2662 848 2842 892; x_wconf 69' lang='lat' dir='ltr'><strong>autem</strong></span> <span class='ocrx_word' id='word_1_264' title='bbox 2893 843 3164 907; x_wconf 66' lang='lat' dir='ltr'><strong>quispiam</strong></span> <span class='ocrx_word' id='word_1_265' title='bbox 3218 838 3362 891; x_wconf 88' lang='lat' dir='ltr'><strong>hunc</strong></span> <span class='ocrx_word' id='word_1_266' title='bbox 3417 853 3676 890; x_wconf 76' lang='lat' dir='ltr'><strong>ratmnem</strong></span> 
     </span>
    </p>
   </div>
   <div class='ocr_carea' id='block_1_38' title="bbox 2093 931 3681 985">
    <p class='ocr_par' dir='ltr' id='par_1_38' title="bbox 2093 931 3681 985">
     <span class='ocr_line' id='line_1_38' title="bbox 2093 931 3681 985; baseline 0.001 -4"><span class='ocrx_word' id='word_1_267' title='bbox 2093 931 2370 982; x_wconf 64' lang='grc' dir='ltr'>ηιμ-ενδ..τὶ</span> <span class='ocrx_word' id='word_1_268' title='bbox 2403 946 2603 984; x_wconf 74' lang='lat' dir='ltr'><strong>canon.</strong></span> <span class='ocrx_word' id='word_1_269' title='bbox 2637 931 2706 985; x_wconf 85' lang='lat'><strong>65</strong></span> <span class='ocrx_word' id='word_1_270' title='bbox 2734 942 2787 984; x_wconf 91' lang='lat' dir='ltr'><strong>ct</strong></span> <span class='ocrx_word' id='word_1_271' title='bbox 2818 931 2888 984; x_wconf 73' lang='lat'><strong>72</strong></span> <span class='ocrx_word' id='word_1_272' title='bbox 2924 950 2939 984; x_wconf 90' lang='lat'><strong>:</strong></span> <span class='ocrx_word' id='word_1_273' title='bbox 2975 932 3043 982; x_wconf 92' lang='lat' dir='ltr'><strong>dli</strong></span> <span class='ocrx_word' id='word_1_274' title='bbox 3081 937 3225 984; x_wconf 73' lang='lat' dir='ltr'><strong>cum</strong></span> <span class='ocrx_word' id='word_1_275' title='bbox 3270 932 3568 984; x_wconf 81' lang='lat' dir='ltr'><strong>decernunt</strong></span> <span class='ocrx_word' id='word_1_276' title='bbox 3624 940 3681 983; x_wconf 88' lang='lat' dir='ltr'><strong>ul.</strong></span> 
     </span>
    </p>
   </div>
   <div class='ocr_carea' id='block_1_39' title="bbox 2095 1020 3683 1093">
    <p class='ocr_par' dir='ltr' id='par_1_39' title="bbox 2095 1020 3683 1093">
     <span class='ocr_line' id='line_1_39' title="bbox 2095 1020 3683 1093; baseline 0.001 -20"><span class='ocrx_word' id='word_1_277' title='bbox 2095 1020 2128 1073; x_wconf 87' lang='lat' dir='ltr'><strong>ii</strong></span> <span class='ocrx_word' id='word_1_278' title='bbox 2160 1034 2417 1089; x_wconf 88' lang='lat' dir='ltr'><strong>tanquam</strong></span> <span class='ocrx_word' id='word_1_279' title='bbox 2458 1025 2741 1077; x_wconf 47' lang='lat' dir='ltr'><strong>nouacula!</strong></span> <span class='ocrx_word' id='word_1_280' title='bbox 2784 1025 3094 1093; x_wconf 85' lang='lat' dir='ltr'><strong>puniantur.</strong></span> <span class='ocrx_word' id='word_1_281' title='bbox 3130 1025 3334 1077; x_wconf 71' lang='lat' dir='ltr'><strong>SClllCCl</strong></span> <span class='ocrx_word' id='word_1_282' title='bbox 3384 1037 3435 1074; x_wconf 83' lang='lat' dir='ltr'><strong>ut</strong></span> <span class='ocrx_word' id='word_1_283' title='bbox 3478 1026 3554 1074; x_wconf 82' lang='lat' dir='ltr'><strong>\(‘l</strong></span> <span class='ocrx_word' id='word_1_284' title='bbox 3605 1025 3683 1075; x_wconf 82' lang='lat' dir='ltr'><strong>vi-</strong></span> 
     </span>
    </p>
   </div>
   <div class='ocr_carea' id='block_1_40' title="bbox 2093 1112 3680 1185">
    <p class='ocr_par' dir='ltr' id='par_1_40' title="bbox 2093 1112 3680 1185">
     <span class='ocr_line' id='line_1_40' title="bbox 2093 1112 3680 1185; baseline 0.004 -22"><span class='ocrx_word' id='word_1_285' title='bbox 2093 1112 2224 1181; x_wconf 82' lang='lat' dir='ltr'><strong>ginti</strong></span> <span class='ocrx_word' id='word_1_286' title='bbox 2274 1115 2436 1166; x_wconf 84' lang='lat' dir='ltr'><strong>annis</strong></span> <span class='ocrx_word' id='word_1_287' title='bbox 2486 1130 2644 1183; x_wconf 73' lang='lat' dir='ltr'><strong>ptena</strong></span> <span class='ocrx_word' id='word_1_288' title='bbox 2710 1119 2791 1169; x_wconf 83' lang='lat' dir='ltr'><strong>eis</strong></span> <span class='ocrx_word' id='word_1_289' title='bbox 2866 1117 3175 1185; x_wconf 81' lang='lat' dir='ltr'><strong>imponatur</strong></span> <span class='ocrx_word' id='word_1_290' title='bbox 3221 1118 3395 1169; x_wconf 71' lang='lat' dir='ltr'><strong>instar</strong></span> <span class='ocrx_word' id='word_1_291' title='bbox 3432 1118 3680 1170; x_wconf 75' lang='lat' dir='ltr'><strong>Vttlltllltl-</strong></span> 
     </span>
    </p>
   </div>
   <div class='ocr_carea' id='block_1_41' title="bbox 2097 1206 3680 1271">
    <p class='ocr_par' dir='ltr' id='par_1_41' title="bbox 2097 1206 3680 1271">
     <span class='ocr_line' id='line_1_41' title="bbox 2097 1206 3680 1271; baseline 0.004 -15"><span class='ocrx_word' id='word_1_292' title='bbox 2097 1207 2297 1257; x_wconf 84' lang='lat' dir='ltr'><strong>rioruni</strong></span> <span class='ocrx_word' id='word_1_293' title='bbox 2329 1206 2746 1271; x_wconf 81' lang='lat' dir='ltr'><strong>homicidarum,</strong></span> <span class='ocrx_word' id='word_1_294' title='bbox 2783 1209 2867 1261; x_wconf 87' lang='lat' dir='ltr'><strong>vel</strong></span> <span class='ocrx_word' id='word_1_295' title='bbox 2902 1210 3088 1261; x_wconf 74' lang='lat' dir='ltr'><strong>decent</strong></span> <span class='ocrx_word' id='word_1_296' title='bbox 3118 1225 3289 1262; x_wconf 82' lang='lat' dir='ltr'><strong>annos</strong></span> <span class='ocrx_word' id='word_1_297' title='bbox 3324 1210 3499 1263; x_wconf 70' lang='lat' dir='ltr'><strong>instar</strong></span> <span class='ocrx_word' id='word_1_298' title='bbox 3527 1213 3680 1263; x_wconf 78' lang='lat' dir='ltr'><strong>invo-</strong></span> 
     </span>
    </p>
   </div>
   <div class='ocr_carea' id='block_1_42' title="bbox 2093 1298 3675 1356">
    <p class='ocr_par' dir='ltr' id='par_1_42' title="bbox 2093 1298 3675 1356">
     <span class='ocr_line' id='line_1_42' title="bbox 2093 1298 3675 1356; baseline 0.002 -5"><span class='ocrx_word' id='word_1_299' title='bbox 2093 1298 2455 1352; x_wconf 79' lang='lat' dir='ltr'><strong>luntarioruin</strong></span> <span class='ocrx_word' id='word_1_300' title='bbox 2503 1318 2516 1352; x_wconf 89' lang='lat'><strong>:</strong></span> <span class='ocrx_word' id='word_1_301' title='bbox 2567 1303 2652 1354; x_wconf 87' lang='lat' dir='ltr'><strong>hic</strong></span> <span class='ocrx_word' id='word_1_302' title='bbox 2684 1318 2817 1355; x_wconf 80' lang='lat' dir='ltr'><strong>vero</strong></span> <span class='ocrx_word' id='word_1_303' title='bbox 2867 1311 2923 1354; x_wconf 87' lang='grc' dir='ltr'>ιιι</span> <span class='ocrx_word' id='word_1_304' title='bbox 2975 1319 3091 1356; x_wconf 61' lang='lat' dir='ltr'><strong>ser.</strong></span> <span class='ocrx_word' id='word_1_305' title='bbox 3170 1303 3435 1356; x_wconf 76' lang='lat' dir='ltr'><strong>E\istimu</strong></span> <span class='ocrx_word' id='word_1_306' title='bbox 3498 1312 3675 1355; x_wconf 87' lang='lat' dir='ltr'><strong>autem</strong></span> 
     </span>
    </p>
   </div>
   <div class='ocr_carea' id='block_1_43' title="bbox 2092 1390 3682 1462">
    <p class='ocr_par' dir='ltr' id='par_1_43' title="bbox 2092 1390 3682 1462">
     <span class='ocr_line' id='line_1_43' title="bbox 2092 1390 3682 1462; baseline 0.001 -19"><span class='ocrx_word' id='word_1_307' title='bbox 2092 1405 2213 1443; x_wconf 61' lang='lat' dir='ltr'><strong>eSSe</strong></span> <span class='ocrx_word' id='word_1_308' title='bbox 2236 1390 2378 1444; x_wconf 72' lang='lat' dir='ltr'><strong>inter</strong></span> <span class='ocrx_word' id='word_1_309' title='bbox 2397 1408 2637 1446; x_wconf 80' lang='lat' dir='ltr'><strong>canones</strong></span> <span class='ocrx_word' id='word_1_310' title='bbox 2656 1393 3013 1447; x_wconf 61' lang='lat' dir='ltr'><strong>uilli-rendam</strong></span> <span class='ocrx_word' id='word_1_311' title='bbox 3034 1413 3049 1447; x_wconf 74' lang='grc' dir='ltr'>ς</span> <span class='ocrx_word' id='word_1_312' title='bbox 3070 1400 3442 1462; x_wconf 73' lang='lat' dir='ltr'><strong>sexagesimus</strong></span> <span class='ocrx_word' id='word_1_313' title='bbox 3462 1394 3682 1461; x_wconf 78' lang='lat' dir='ltr'><strong>quimus</strong></span> 
     </span>
    </p>
   </div>
   <div class='ocr_carea' id='block_1_44' title="bbox 2093 1484 3684 1553">
    <p class='ocr_par' dir='ltr' id='par_1_44' title="bbox 2093 1484 3684 1553">
     <span class='ocr_line' id='line_1_44' title="bbox 2093 1484 3684 1553; baseline 0.003 -19"><span class='ocrx_word' id='word_1_314' title='bbox 2093 1484 2234 1536; x_wconf 89' lang='lat' dir='ltr'><strong>enim</strong></span> <span class='ocrx_word' id='word_1_315' title='bbox 2270 1498 2442 1536; x_wconf 88' lang='lat' dir='ltr'><strong>canon</strong></span> <span class='ocrx_word' id='word_1_316' title='bbox 2473 1487 2540 1537; x_wconf 87' lang='lat' dir='ltr'><strong>de</strong></span> <span class='ocrx_word' id='word_1_317' title='bbox 2571 1485 2702 1552; x_wconf 84' lang='lat' dir='ltr'><strong>ipsis</strong></span> <span class='ocrx_word' id='word_1_318' title='bbox 2730 1485 3038 1552; x_wconf 70' lang='lat' dir='ltr'><strong>upilicihus,</strong></span> <span class='ocrx_word' id='word_1_319' title='bbox 3091 1501 3184 1538; x_wconf 82' lang='lat' dir='ltr'><strong>seu</strong></span> <span class='ocrx_word' id='word_1_320' title='bbox 3240 1486 3307 1537; x_wconf 88' lang='lat' dir='ltr'><strong>de</strong></span> <span class='ocrx_word' id='word_1_321' title='bbox 3351 1485 3595 1553; x_wconf 71' lang='lat' dir='ltr'><strong>magicis.</strong></span> <span class='ocrx_word' id='word_1_322' title='bbox 3627 1492 3684 1537; x_wconf 86' lang='lat' dir='ltr'><strong>et</strong></span> 
     </span>
    </p>
   </div>
   <div class='ocr_carea' id='block_1_45' title="bbox 2094 1575 3683 1645">
    <p class='ocr_par' dir='ltr' id='par_1_45' title="bbox 2094 1575 3683 1645">
     <span class='ocr_line' id='line_1_45' title="bbox 2094 1575 3683 1645; baseline 0.003 -21"><span class='ocrx_word' id='word_1_323' title='bbox 2094 1575 2355 1629; x_wconf 69' lang='lat' dir='ltr'><strong>vent-[iris</strong></span> <span class='ocrx_word' id='word_1_324' title='bbox 2413 1578 2679 1631; x_wconf 87' lang='lat' dir='ltr'><strong>decernit.</strong></span> <span class='ocrx_word' id='word_1_325' title='bbox 2740 1576 3007 1630; x_wconf 82' lang='lat' dir='ltr'><strong>Similiter</strong></span> <span class='ocrx_word' id='word_1_326' title='bbox 3060 1578 3215 1631; x_wconf 69' lang='lat'><strong>(-17‘2</strong></span> <span class='ocrx_word' id='word_1_327' title='bbox 3251 1580 3317 1630; x_wconf 80' lang='lat' dir='ltr'><strong>de</strong></span> <span class='ocrx_word' id='word_1_328' title='bbox 3372 1578 3437 1629; x_wconf 76' lang='lat' dir='ltr'><strong>iis</strong></span> <span class='ocrx_word' id='word_1_329' title='bbox 3469 1580 3561 1645; x_wconf 79' lang='lat' dir='ltr'><strong>qui</strong></span> <span class='ocrx_word' id='word_1_330' title='bbox 3621 1592 3683 1629; x_wconf 86' lang='lat' dir='ltr'><strong>se</strong></span> 
     </span>
    </p>
   </div>
   <div class='ocr_carea' id='block_1_46' title="bbox 2095 1667 3682 1738">
    <p class='ocr_par' dir='ltr' id='par_1_46' title="bbox 2095 1667 3682 1738">
     <span class='ocr_line' id='line_1_46' title="bbox 2095 1667 3682 1738; baseline 0.001 -17"><span class='ocrx_word' id='word_1_331' title='bbox 2095 1668 2318 1721; x_wconf 89' lang='lat' dir='ltr'><strong>tradunt</strong></span> <span class='ocrx_word' id='word_1_332' title='bbox 2379 1669 2616 1731; x_wconf 85' lang='lat' dir='ltr'><strong>vatibus,</strong></span> <span class='ocrx_word' id='word_1_333' title='bbox 2665 1685 2758 1722; x_wconf 88' lang='lat' dir='ltr'><strong>seu</strong></span> <span class='ocrx_word' id='word_1_334' title='bbox 2791 1669 2860 1723; x_wconf 86' lang='lat' dir='ltr'><strong>de</strong></span> <span class='ocrx_word' id='word_1_335' title='bbox 2916 1670 2980 1721; x_wconf 90' lang='lat' dir='ltr'><strong>iis</strong></span> <span class='ocrx_word' id='word_1_336' title='bbox 3012 1670 3103 1738; x_wconf 87' lang='lat' dir='ltr'><strong>qui</strong></span> <span class='ocrx_word' id='word_1_337' title='bbox 3156 1674 3342 1723; x_wconf 84' lang='lat' dir='ltr'><strong>eadem</strong></span> <span class='ocrx_word' id='word_1_338' title='bbox 3392 1684 3513 1721; x_wconf 84' lang='lat' dir='ltr'><strong>cum</strong></span> <span class='ocrx_word' id='word_1_339' title='bbox 3576 1667 3682 1722; x_wconf 81' lang='lat' dir='ltr'><strong>illis</strong></span> 
     </span>
    </p>
   </div>
   <div class='ocr_carea' id='block_1_47' title="bbox 2095 1752 3683 1815">
    <p class='ocr_par' dir='ltr' id='par_1_47' title="bbox 2095 1752 3683 1815">
     <span class='ocr_line' id='line_1_47' title="bbox 2095 1752 3683 1815; baseline -0.003 -1"><span class='ocrx_word' id='word_1_340' title='bbox 2095 1762 2358 1814; x_wconf 84' lang='lat' dir='ltr'><strong>sentiunt.</strong></span> <span class='ocrx_word' id='word_1_341' title='bbox 2388 1760 2635 1815; x_wconf 67' lang='lat' dir='ltr'><strong>Praesens</strong></span> <span class='ocrx_word' id='word_1_342' title='bbox 2662 1771 2844 1815; x_wconf 84' lang='lat' dir='ltr'><strong>autem</strong></span> <span class='ocrx_word' id='word_1_343' title='bbox 2881 1752 3056 1815; x_wconf 87' lang='lat' dir='ltr'><strong>canon</strong></span> <span class='ocrx_word' id='word_1_344' title='bbox 3086 1762 3305 1814; x_wconf 73' lang='lat' dir='ltr'><strong>disserit</strong></span> <span class='ocrx_word' id='word_1_345' title='bbox 3334 1761 3399 1813; x_wconf 87' lang='lat' dir='ltr'><strong>de</strong></span> <span class='ocrx_word' id='word_1_346' title='bbox 3447 1760 3683 1813; x_wconf 89' lang='lat' dir='ltr'><strong>homini-</strong></span> 
     </span>
    </p>
   </div>
   <div class='ocr_carea' id='block_1_48' title="bbox 2096 1854 3684 1922">
    <p class='ocr_par' dir='ltr' id='par_1_48' title="bbox 2096 1854 3684 1922">
     <span class='ocr_line' id='line_1_48' title="bbox 2096 1854 3684 1922; baseline -0.004 -14"><span class='ocrx_word' id='word_1_347' title='bbox 2096 1858 2215 1916; x_wconf 86' lang='lat' dir='ltr'><strong>bus,</strong></span> <span class='ocrx_word' id='word_1_348' title='bbox 2252 1855 2341 1922; x_wconf 92' lang='lat' dir='ltr'><strong>qui</strong></span> <span class='ocrx_word' id='word_1_349' title='bbox 2375 1870 2468 1908; x_wconf 86' lang='lat' dir='ltr'><strong>eos</strong></span> <span class='ocrx_word' id='word_1_350' title='bbox 2494 1869 2590 1921; x_wconf 85' lang='lat' dir='ltr'><strong>per</strong></span> <span class='ocrx_word' id='word_1_351' title='bbox 2627 1870 2867 1907; x_wconf 79' lang='lat' dir='ltr'><strong>errorem</strong></span> <span class='ocrx_word' id='word_1_352' title='bbox 2900 1856 3070 1908; x_wconf 74' lang='lat' dir='ltr'><strong>sei-nti</strong></span> <span class='ocrx_word' id='word_1_353' title='bbox 3117 1865 3263 1917; x_wconf 84' lang='lat' dir='ltr'><strong>sum,</strong></span> <span class='ocrx_word' id='word_1_354' title='bbox 3310 1854 3401 1921; x_wconf 89' lang='lat' dir='ltr'><strong>qui</strong></span> <span class='ocrx_word' id='word_1_355' title='bbox 3434 1858 3684 1906; x_wconf 86' lang='lat' dir='ltr'><strong>asserunt</strong></span> 
     </span>
    </p>
   </div>
   <div class='ocr_carea' id='block_1_49' title="bbox 2094 1946 3679 2015">
    <p class='ocr_par' dir='ltr' id='par_1_49' title="bbox 2094 1946 3679 2015">
     <span class='ocr_line' id='line_1_49' title="bbox 2094 1946 3679 2015; baseline -0.003 -15"><span class='ocrx_word' id='word_1_356' title='bbox 2094 1962 2152 2000; x_wconf 79' lang='lat' dir='ltr'><strong>se</strong></span> <span class='ocrx_word' id='word_1_357' title='bbox 2186 1951 2397 2015; x_wconf 72' lang='lat' dir='ltr'><strong>magica</strong></span> <span class='ocrx_word' id='word_1_358' title='bbox 2431 1946 2641 1999; x_wconf 85' lang='lat' dir='ltr'><strong>vincula</strong></span> <span class='ocrx_word' id='word_1_359' title='bbox 2677 1961 2742 1999; x_wconf 88' lang='lat' dir='ltr'><strong>ac</strong></span> <span class='ocrx_word' id='word_1_360' title='bbox 2771 1946 3125 2013; x_wconf 71' lang='lat' dir='ltr'><strong>aegritudines</strong></span> <span class='ocrx_word' id='word_1_361' title='bbox 3153 1946 3365 2000; x_wconf 75' lang='lat' dir='ltr'><strong>Solvere</strong></span> <span class='ocrx_word' id='word_1_362' title='bbox 3388 1954 3441 1997; x_wconf 85' lang='lat' dir='ltr'><strong>et</strong></span> <span class='ocrx_word' id='word_1_363' title='bbox 3464 1958 3679 2007; x_wconf 76' lang='lat' dir='ltr'><strong>curare,</strong></span> 
     </span>
    </p>
   </div>
   <div class='ocr_carea' id='block_1_50' title="bbox 2095 2038 3683 2107">
    <p class='ocr_par' dir='ltr' id='par_1_50' title="bbox 2095 2038 3683 2107">
     <span class='ocr_line' id='line_1_50' title="bbox 2095 2038 3683 2107; baseline 0 -15"><span class='ocrx_word' id='word_1_364' title='bbox 2095 2056 2202 2092; x_wconf 89' lang='lat' dir='ltr'><strong>non</strong></span> <span class='ocrx_word' id='word_1_365' title='bbox 2232 2050 2409 2093; x_wconf 87' lang='lat' dir='ltr'><strong>tamen</strong></span> <span class='ocrx_word' id='word_1_366' title='bbox 2436 2054 2465 2093; x_wconf 86' lang='lat' dir='ltr'><strong>a</strong></span> <span class='ocrx_word' id='word_1_367' title='bbox 2511 2039 2613 2093; x_wconf 76' lang='lat' dir='ltr'><strong>{ide</strong></span> <span class='ocrx_word' id='word_1_368' title='bbox 2646 2039 3009 2093; x_wconf 67' lang='lat' dir='ltr'><strong>desciierunt.</strong></span> <span class='ocrx_word' id='word_1_369' title='bbox 3044 2038 3135 2092; x_wconf 84' lang='lat' dir='ltr'><strong>Est</strong></span> <span class='ocrx_word' id='word_1_370' title='bbox 3166 2040 3346 2107; x_wconf 85' lang='lat' dir='ltr'><strong>itaque</strong></span> <span class='ocrx_word' id='word_1_371' title='bbox 3378 2038 3683 2092; x_wconf 83' lang='lat' dir='ltr'><strong>dill&#39;eteulia</strong></span> 
     </span>
    </p>
   </div>
   <div class='ocr_carea' id='block_1_51' title="bbox 2091 2132 3683 2202">
    <p class='ocr_par' dir='ltr' id='par_1_51' title="bbox 2091 2132 3683 2202">
     <span class='ocr_line' id='line_1_51' title="bbox 2091 2132 3683 2202; baseline -0.001 -16"><span class='ocrx_word' id='word_1_372' title='bbox 2091 2148 2280 2186; x_wconf 86' lang='lat' dir='ltr'><strong>eorum</strong></span> <span class='ocrx_word' id='word_1_373' title='bbox 2315 2134 2407 2201; x_wconf 92' lang='lat' dir='ltr'><strong>qui</strong></span> <span class='ocrx_word' id='word_1_374' title='bbox 2447 2148 2542 2202; x_wconf 83' lang='lat' dir='ltr'><strong>per</strong></span> <span class='ocrx_word' id='word_1_375' title='bbox 2578 2147 2637 2187; x_wconf 87' lang='lat' dir='ltr'><strong>se</strong></span> <span class='ocrx_word' id='word_1_376' title='bbox 2671 2144 2955 2195; x_wconf 62' lang='lat' dir='ltr'><strong>exercent,</strong></span> <span class='ocrx_word' id='word_1_377' title='bbox 3007 2147 3308 2202; x_wconf 86' lang='lat' dir='ltr'><strong>eorumque</strong></span> <span class='ocrx_word' id='word_1_378' title='bbox 3355 2132 3445 2201; x_wconf 88' lang='lat' dir='ltr'><strong>qui</strong></span> <span class='ocrx_word' id='word_1_379' title='bbox 3481 2146 3540 2185; x_wconf 84' lang='lat' dir='ltr'><strong>se</strong></span> <span class='ocrx_word' id='word_1_380' title='bbox 3571 2141 3683 2183; x_wconf 89' lang='lat' dir='ltr'><strong>tra-</strong></span> 
     </span>
    </p>
   </div>
   <div class='ocr_carea' id='block_1_52' title="bbox 2094 2224 3684 2293">
    <p class='ocr_par' dir='ltr' id='par_1_52' title="bbox 2094 2224 3684 2293">
     <span class='ocr_line' id='line_1_52' title="bbox 2094 2224 3684 2293; baseline 0.001 -18"><span class='ocrx_word' id='word_1_381' title='bbox 2094 2226 2227 2277; x_wconf 89' lang='lat' dir='ltr'><strong>dunt</strong></span> <span class='ocrx_word' id='word_1_382' title='bbox 2282 2224 2793 2293; x_wconf 66' lang='lat' dir='ltr'><strong>praestigiaturibus,</strong></span> <span class='ocrx_word' id='word_1_383' title='bbox 2839 2232 2898 2278; x_wconf 83' lang='lat' dir='ltr'><strong>ut,</strong></span> <span class='ocrx_word' id='word_1_384' title='bbox 2951 2226 3105 2277; x_wconf 88' lang='lat' dir='ltr'><strong>tidem</strong></span> <span class='ocrx_word' id='word_1_385' title='bbox 3153 2225 3316 2275; x_wconf 85' lang='lat' dir='ltr'><strong>etiam</strong></span> <span class='ocrx_word' id='word_1_386' title='bbox 3376 2233 3592 2288; x_wconf 71' lang='lat' dir='ltr'><strong>negent,</strong></span> <span class='ocrx_word' id='word_1_387' title='bbox 3627 2232 3684 2276; x_wconf 79' lang='lat' dir='ltr'><strong>et</strong></span> 
     </span>
    </p>
   </div>
   <div class='ocr_carea' id='block_1_53' title="bbox 2091 2316 3682 2386">
    <p class='ocr_par' dir='ltr' id='par_1_53' title="bbox 2091 2316 3682 2386">
     <span class='ocr_line' id='line_1_53' title="bbox 2091 2316 3682 2386; baseline 0.002 -17"><span class='ocrx_word' id='word_1_388' title='bbox 2091 2330 2304 2382; x_wconf 87' lang='lat' dir='ltr'><strong>eorum,</strong></span> <span class='ocrx_word' id='word_1_389' title='bbox 2340 2333 2431 2383; x_wconf 83' lang='lat' dir='ltr'><strong>qui</strong></span> <span class='ocrx_word' id='word_1_390' title='bbox 2466 2319 2533 2370; x_wconf 86' lang='lat' dir='ltr'><strong>ab</strong></span> <span class='ocrx_word' id='word_1_391' title='bbox 2566 2317 2870 2370; x_wconf 83' lang='lat' dir='ltr'><strong>orthodoxa</strong></span> <span class='ocrx_word' id='word_1_392' title='bbox 2899 2319 3001 2370; x_wconf 88' lang='lat' dir='ltr'><strong>lide</strong></span> <span class='ocrx_word' id='word_1_393' title='bbox 3038 2333 3144 2369; x_wconf 91' lang='lat' dir='ltr'><strong>non</strong></span> <span class='ocrx_word' id='word_1_394' title='bbox 3172 2316 3519 2381; x_wconf 80' lang='lat' dir='ltr'><strong>defecerunt,</strong></span> <span class='ocrx_word' id='word_1_395' title='bbox 3547 2317 3682 2386; x_wconf 80' lang='lat' dir='ltr'><strong>lapsi</strong></span> 
     </span>
    </p>
   </div>
   <div class='ocr_carea' id='block_1_54' title="bbox 2091 2408 3687 2479">
    <p class='ocr_par' dir='ltr' id='par_1_54' title="bbox 2091 2408 3687 2479">
     <span class='ocr_line' id='line_1_54' title="bbox 2091 2408 3687 2479; baseline 0.001 -18"><span class='ocrx_word' id='word_1_396' title='bbox 2091 2418 2272 2462; x_wconf 86' lang='lat' dir='ltr'><strong>autem</strong></span> <span class='ocrx_word' id='word_1_397' title='bbox 2300 2421 2424 2462; x_wconf 90' lang='lat' dir='ltr'><strong>sunt</strong></span> <span class='ocrx_word' id='word_1_398' title='bbox 2457 2412 2601 2477; x_wconf 88' lang='lat' dir='ltr'><strong>quod</strong></span> <span class='ocrx_word' id='word_1_399' title='bbox 2638 2410 2706 2463; x_wconf 87' lang='lat' dir='ltr'><strong>ad</strong></span> <span class='ocrx_word' id='word_1_400' title='bbox 2742 2411 2952 2479; x_wconf 88' lang='lat' dir='ltr'><strong>aliquos</strong></span> <span class='ocrx_word' id='word_1_401' title='bbox 2978 2408 3283 2477; x_wconf 90' lang='lat' dir='ltr'><strong>hujusmodi</strong></span> <span class='ocrx_word' id='word_1_402' title='bbox 3327 2426 3548 2478; x_wconf 63' lang='lat' dir='ltr'><strong>promus</strong></span> <span class='ocrx_word' id='word_1_403' title='bbox 3594 2427 3687 2466; x_wconf 78' lang='lat' dir='ltr'><strong>ac-</strong></span> 
     </span>
    </p>
   </div>
   <div class='ocr_carea' id='block_1_55' title="bbox 2090 2501 3686 2574">
    <p class='ocr_par' dir='ltr' id='par_1_55' title="bbox 2090 2501 3686 2574">
     <span class='ocr_line' id='line_1_55' title="bbox 2090 2501 3686 2574; baseline 0.003 -20"><span class='ocrx_word' id='word_1_404' title='bbox 2090 2510 2398 2555; x_wconf 85' lang='lat' dir='ltr'><strong>cesserunt.</strong></span> <span class='ocrx_word' id='word_1_405' title='bbox 2435 2501 2503 2555; x_wconf 86' lang='lat' dir='ltr'><strong>Et</strong></span> <span class='ocrx_word' id='word_1_406' title='bbox 2564 2502 2685 2556; x_wconf 88' lang='lat' dir='ltr'><strong>ideo</strong></span> <span class='ocrx_word' id='word_1_407' title='bbox 2742 2502 2817 2556; x_wconf 92' lang='lat' dir='ltr'><strong>illi</strong></span> <span class='ocrx_word' id='word_1_408' title='bbox 2876 2504 3099 2571; x_wconf 92' lang='lat' dir='ltr'><strong>quidem</strong></span> <span class='ocrx_word' id='word_1_409' title='bbox 3161 2502 3388 2572; x_wconf 79' lang='lat' dir='ltr'><strong>longiori</strong></span> <span class='ocrx_word' id='word_1_410' title='bbox 3443 2512 3686 2574; x_wconf 84' lang='lat' dir='ltr'><strong>tempore</strong></span> 
     </span>
    </p>
   </div>
   <div class='ocr_carea' id='block_1_56' title="bbox 2089 2594 3685 2666">
    <p class='ocr_par' dir='ltr' id='par_1_56' title="bbox 2089 2594 3685 2666">
     <span class='ocr_line' id='line_1_56' title="bbox 2089 2594 3685 2666; baseline 0.005 -23"><span class='ocrx_word' id='word_1_411' title='bbox 2089 2596 2408 2663; x_wconf 78' lang='lat' dir='ltr'><strong>plllllllllltll&#39;,</strong></span> <span class='ocrx_word' id='word_1_412' title='bbox 2472 2594 2526 2647; x_wconf 90' lang='lat' dir='ltr'><strong>hi</strong></span> <span class='ocrx_word' id='word_1_413' title='bbox 2578 2611 2711 2650; x_wconf 82' lang='lat' dir='ltr'><strong>vero</strong></span> <span class='ocrx_word' id='word_1_414' title='bbox 2762 2597 3021 2651; x_wconf 85' lang='lat' dir='ltr'><strong>breviori.</strong></span> <span class='ocrx_word' id='word_1_415' title='bbox 3082 2596 3224 2666; x_wconf 82' lang='lat' dir='ltr'><strong>Lege</strong></span> <span class='ocrx_word' id='word_1_416' title='bbox 3271 2602 3434 2651; x_wconf 87' lang='lat' dir='ltr'><strong>etiam</strong></span> <span class='ocrx_word' id='word_1_417' title='bbox 3496 2597 3685 2654; x_wconf 71' lang='lat' dir='ltr'><strong>can.3</strong></span> 
     </span>
    </p>
   </div>
   <div class='ocr_carea' id='block_1_57' title="bbox 2088 2685 3683 2762">
    <p class='ocr_par' dir='ltr' id='par_1_57' title="bbox 2088 2685 3683 2762">
     <span class='ocr_line' id='line_1_57' title="bbox 2088 2685 3683 2762; baseline 0.005 -23"><span class='ocrx_word' id='word_1_418' title='bbox 2088 2685 2261 2739; x_wconf 84' lang='lat' dir='ltr'><strong>Sancti</strong></span> <span class='ocrx_word' id='word_1_419' title='bbox 2287 2685 2537 2757; x_wconf 77' lang='lat' dir='ltr'><strong>Gregorii</strong></span> <span class='ocrx_word' id='word_1_420' title='bbox 2573 2686 2803 2759; x_wconf 81' lang='lat' dir='ltr'><strong>Nysseui</strong></span> <span class='ocrx_word' id='word_1_421' title='bbox 2834 2705 2899 2743; x_wconf 78' lang='lat' dir='ltr'><strong>ex</strong></span> <span class='ocrx_word' id='word_1_422' title='bbox 2930 2690 3157 2759; x_wconf 90' lang='lat' dir='ltr'><strong>epistola</strong></span> <span class='ocrx_word' id='word_1_423' title='bbox 3189 2692 3253 2743; x_wconf 88' lang='lat' dir='ltr'><strong>ad</strong></span> <span class='ocrx_word' id='word_1_424' title='bbox 3290 2690 3561 2753; x_wconf 86' lang='lat' dir='ltr'><strong>Latomm,</strong></span> <span class='ocrx_word' id='word_1_425' title='bbox 3588 2694 3683 2762; x_wconf 85' lang='lat' dir='ltr'><strong>qui</strong></span> 
     </span>
    </p>
   </div>
   <div class='ocr_carea' id='block_1_58' title="bbox 2086 2780 3684 2852">
    <p class='ocr_par' dir='ltr' id='par_1_58' title="bbox 2086 2780 3684 2852">
     <span class='ocr_line' id='line_1_58' title="bbox 2086 2780 3684 2852; baseline 0.005 -21"><span class='ocrx_word' id='word_1_426' title='bbox 2086 2792 2147 2831; x_wconf 83' lang='lat' dir='ltr'><strong>ea</strong></span> <span class='ocrx_word' id='word_1_427' title='bbox 2183 2780 2251 2831; x_wconf 84' lang='lat' dir='ltr'><strong>ita</strong></span> <span class='ocrx_word' id='word_1_428' title='bbox 2285 2781 2495 2835; x_wconf 85' lang='lat' dir='ltr'><strong>dividit.</strong></span> <span class='ocrx_word' id='word_1_429' title='bbox 2532 2782 2608 2835; x_wconf 77' lang='lat' dir='ltr'><strong>Ex</strong></span> <span class='ocrx_word' id='word_1_430' title='bbox 2646 2798 2712 2835; x_wconf 87' lang='lat' dir='ltr'><strong>eo</strong></span> <span class='ocrx_word' id='word_1_431' title='bbox 2751 2795 2955 2844; x_wconf 86' lang='lat' dir='ltr'><strong>autem,</strong></span> <span class='ocrx_word' id='word_1_432' title='bbox 3003 2783 3147 2852; x_wconf 87' lang='lat' dir='ltr'><strong>quod</strong></span> <span class='ocrx_word' id='word_1_433' title='bbox 3199 2799 3374 2838; x_wconf 90' lang='lat' dir='ltr'><strong>canon</strong></span> <span class='ocrx_word' id='word_1_434' title='bbox 3432 2785 3684 2839; x_wconf 79' lang='lat' dir='ltr'><strong>meminit</strong></span> 
     </span>
    </p>
   </div>
   <div class='ocr_carea' id='block_1_59' title="bbox 2086 2870 3673 2945">
    <p class='ocr_par' dir='ltr' id='par_1_59' title="bbox 2086 2870 3673 2945">
     <span class='ocr_line' id='line_1_59' title="bbox 2086 2870 3673 2945; baseline 0.003 -21"><span class='ocrx_word' id='word_1_435' title='bbox 2086 2870 2363 2927; x_wconf 83' lang='lat' dir='ltr'><strong>hominum</strong></span> <span class='ocrx_word' id='word_1_436' title='bbox 2396 2876 2485 2941; x_wconf 86' lang='lat' dir='ltr'><strong>qui</strong></span> <span class='ocrx_word' id='word_1_437' title='bbox 2533 2876 2917 2943; x_wconf 79' lang='lat' dir='ltr'><strong>vaticinantur,</strong></span> <span class='ocrx_word' id='word_1_438' title='bbox 2969 2886 3219 2945; x_wconf 83' lang='lat' dir='ltr'><strong>apparet,</strong></span> <span class='ocrx_word' id='word_1_439' title='bbox 3274 2890 3331 2931; x_wconf 90' lang='grc' dir='ltr'><strong>ιιι</strong></span> <span class='ocrx_word' id='word_1_440' title='bbox 3388 2879 3673 2944; x_wconf 78' lang='lat' dir='ltr'><strong>existimo,</strong></span> 
     </span>
    </p>
   </div>
   <div class='ocr_carea' id='block_1_60' title="bbox 2084 2967 3672 3036">
    <p class='ocr_par' dir='ltr' id='par_1_60' title="bbox 2084 2967 3672 3036">
     <span class='ocr_line' id='line_1_60' title="bbox 2084 2967 3672 3036; baseline 0.003 -19"><span class='ocrx_word' id='word_1_441' title='bbox 2084 2967 2227 3035; x_wconf 90' lang='lat' dir='ltr'><strong>quod</strong></span> <span class='ocrx_word' id='word_1_442' title='bbox 2261 2967 2351 3036; x_wconf 90' lang='lat' dir='ltr'><strong>qui</strong></span> <span class='ocrx_word' id='word_1_443' title='bbox 2391 2967 2530 3021; x_wconf 90' lang='lat' dir='ltr'><strong>malo</strong></span> <span class='ocrx_word' id='word_1_444' title='bbox 2562 2967 2715 3022; x_wconf 86' lang='lat' dir='ltr'><strong>abusi</strong></span> <span class='ocrx_word' id='word_1_445' title='bbox 2741 2977 2889 3033; x_wconf 82' lang='lat' dir='ltr'><strong>sunt,</strong></span> <span class='ocrx_word' id='word_1_446' title='bbox 2925 2969 3189 3023; x_wconf 80' lang='lat' dir='ltr'><strong>sexennio</strong></span> <span class='ocrx_word' id='word_1_447' title='bbox 3221 2969 3535 3035; x_wconf 79' lang='lat' dir='ltr'><strong>punientur.</strong></span> <span class='ocrx_word' id='word_1_448' title='bbox 3570 2968 3672 3035; x_wconf 82' lang='lat' dir='ltr'><strong>Qui</strong></span> 
     </span>
    </p>
   </div>
   <div class='ocr_carea' id='block_1_61' title="bbox 2085 3062 3687 3128">
    <p class='ocr_par' dir='ltr' id='par_1_61' title="bbox 2085 3062 3687 3128">
     <span class='ocr_line' id='line_1_61' title="bbox 2085 3062 3687 3128; baseline 0.003 -18"><span class='ocrx_word' id='word_1_449' title='bbox 2085 3070 2265 3112; x_wconf 88' lang='lat' dir='ltr'><strong>autem</strong></span> <span class='ocrx_word' id='word_1_450' title='bbox 2293 3063 2459 3114; x_wconf 86' lang='lat' dir='ltr'><strong>semel</strong></span> <span class='ocrx_word' id='word_1_451' title='bbox 2495 3064 2634 3115; x_wconf 81' lang='lat' dir='ltr'><strong>forte</strong></span> <span class='ocrx_word' id='word_1_452' title='bbox 2666 3073 3012 3128; x_wconf 81' lang='lat' dir='ltr'><strong>erraverunt,</strong></span> <span class='ocrx_word' id='word_1_453' title='bbox 3064 3073 3117 3117; x_wconf 89' lang='lat' dir='ltr'><strong>et</strong></span> <span class='ocrx_word' id='word_1_454' title='bbox 3167 3062 3541 3125; x_wconf 63' lang='lat' dir='ltr'><strong>(lasciverunt,</strong></span> <span class='ocrx_word' id='word_1_455' title='bbox 3584 3062 3687 3115; x_wconf 75' lang='lat' dir='ltr'><strong>mi-</strong></span> 
     </span>
    </p>
   </div>
   <div class='ocr_carea' id='block_1_62' title="bbox 400 3146 1982 3232">
    <p class='ocr_par' dir='ltr' id='par_1_62' title="bbox 400 3146 1982 3228">
     <span class='ocr_line' id='line_1_62' title="bbox 400 3146 1982 3228; baseline 0.008 -31"><span class='ocrx_word' id='word_1_456' title='bbox 400 3146 924 3218; x_wconf 79' lang='grc' dir='ltr'>ὲπιτιμηθήσονται.</span> <span class='ocrx_word' id='word_1_457' title='bbox 987 3153 1050 3205; x_wconf 78' lang='lat' dir='ltr'><strong>Oi</strong></span> <span class='ocrx_word' id='word_1_458' title='bbox 1084 3153 1140 3206; x_wconf 70' lang='grc' dir='ltr'>δὲ</span> <span class='ocrx_word' id='word_1_459' title='bbox 1208 3154 1359 3221; x_wconf 77' lang='grc' dir='ltr'>ἅπαξ</span> <span class='ocrx_word' id='word_1_460' title='bbox 1412 3155 1573 3225; x_wconf 80' lang='grc' dir='ltr'>τυχὸν</span> <span class='ocrx_word' id='word_1_461' title='bbox 1614 3156 1982 3228; x_wconf 81' lang='grc' dir='ltr'>πλανηθέντες</span> 
     </span>
    </p>
   </div>
   <div class='ocr_carea' id='block_1_63' title="bbox 2088 3146 3682 3232">
    <p class='ocr_par' dir='ltr' id='par_1_63' title="bbox 2098 3153 3682 3222">
     <span class='ocr_line' id='line_1_63' title="bbox 2098 3153 3682 3222; baseline 0.003 -19"><span class='ocrx_word' id='word_1_462' title='bbox 2098 3153 2202 3206; x_wconf 88' lang='lat' dir='ltr'><strong>tius</strong></span> <span class='ocrx_word' id='word_1_463' title='bbox 2235 3154 2595 3207; x_wconf 75' lang='lat' dir='ltr'><strong>curabuntur.</strong></span> <span class='ocrx_word' id='word_1_464' title='bbox 2634 3155 2701 3208; x_wconf 87' lang='lat' dir='ltr'><strong>Et</strong></span> <span class='ocrx_word' id='word_1_465' title='bbox 2735 3156 2849 3222; x_wconf 88' lang='lat' dir='ltr'><strong>ipse</strong></span> <span class='ocrx_word' id='word_1_466' title='bbox 2880 3156 3024 3209; x_wconf 85' lang='lat' dir='ltr'><strong>enim</strong></span> <span class='ocrx_word' id='word_1_467' title='bbox 3086 3156 3187 3209; x_wconf 90' lang='lat' dir='ltr'><strong>hoc</strong></span> <span class='ocrx_word' id='word_1_468' title='bbox 3234 3170 3339 3208; x_wconf 70' lang='grc' dir='ltr'>τον(</span> <span class='ocrx_word' id='word_1_469' title='bbox 3361 3169 3420 3207; x_wconf 88' lang='lat' dir='ltr'><strong>ra</strong></span> <span class='ocrx_word' id='word_1_470' title='bbox 3482 3155 3682 3208; x_wconf 81' lang='lat' dir='ltr'><strong>factum</strong></span> 
     </span>
    </p>
   </div>
   <div class='ocr_carea' id='block_1_64' title="bbox 402 3238 1981 3319">
    <p class='ocr_par' dir='ltr' id='par_1_64' title="bbox 402 3238 1981 3319">
     <span class='ocr_line' id='line_1_64' title="bbox 402 3238 1981 3319; baseline 0.009 -30"><span class='ocrx_word' id='word_1_471' title='bbox 402 3238 499 3290; x_wconf 72' lang='grc' dir='ltr'><strong>καὶ</strong></span> <span class='ocrx_word' id='word_1_472' title='bbox 568 3239 908 3305; x_wconf 83' lang='grc' dir='ltr'>ἀποστάντες</span> <span class='ocrx_word' id='word_1_473' title='bbox 990 3247 1230 3315; x_wconf 79' lang='grc' dir='ltr'>μετρίως</span> <span class='ocrx_word' id='word_1_474' title='bbox 1304 3248 1832 3319; x_wconf 79' lang='grc' dir='ltr'>θεραπευθήσονται.</span> <span class='ocrx_word' id='word_1_475' title='bbox 1890 3247 1981 3304; x_wconf 75' lang='grc' dir='ltr'><strong>Εἷ-</strong></span> 
     </span>
    </p>
   </div>
   <div class='ocr_carea' id='block_1_65' title="bbox 397 3331 1984 3415">
    <p class='ocr_par' dir='ltr' id='par_1_65' title="bbox 397 3331 1984 3415">
     <span class='ocr_line' id='line_1_65' title="bbox 397 3331 1984 3415; baseline 0.01 -31"><span class='ocrx_word' id='word_1_476' title='bbox 397 3331 487 3385; x_wconf 85' lang='grc' dir='ltr'><strong>δον</strong></span> <span class='ocrx_word' id='word_1_477' title='bbox 533 3336 643 3402; x_wconf 76' lang='grc' dir='ltr'>γὰρ</span> <span class='ocrx_word' id='word_1_478' title='bbox 701 3337 859 3388; x_wconf 76' lang='grc' dir='ltr'>τοῦτο</span> <span class='ocrx_word' id='word_1_479' title='bbox 918 3338 1014 3390; x_wconf 78' lang='grc' dir='ltr'><strong>καὶ</strong></span> <span class='ocrx_word' id='word_1_480' title='bbox 1084 3342 1495 3411; x_wconf 75' lang='grc' dir='ltr'>πραγματικῶς</span> <span class='ocrx_word' id='word_1_481' title='bbox 1553 3343 1796 3409; x_wconf 75' lang='grc' dir='ltr'>γεγονός.</span> <span class='ocrx_word' id='word_1_482' title='bbox 1870 3345 1984 3415; x_wconf 84' lang='grc' dir='ltr'>Τῆς</span> 
     </span>
    </p>
   </div>
   <div class='ocr_carea' id='block_1_66' title="bbox 399 3425 1985 3503">
    <p class='ocr_par' dir='ltr' id='par_1_66' title="bbox 399 3425 1985 3503">
     <span class='ocr_line' id='line_1_66' title="bbox 399 3425 1985 3503; baseline 0.004 -24"><span class='ocrx_word' id='word_1_483' title='bbox 399 3425 508 3496; x_wconf 80' lang='grc' dir='ltr'><strong>γὰρ</strong></span> <span class='ocrx_word' id='word_1_484' title='bbox 544 3426 903 3495; x_wconf 86' lang='grc' dir='ltr'>μακαρίτιδος</span> <span class='ocrx_word' id='word_1_485' title='bbox 936 3429 1208 3501; x_wconf 78' lang='grc' dir='ltr'>σεϐαστῆς</span> <span class='ocrx_word' id='word_1_486' title='bbox 1270 3434 1449 3503; x_wconf 75' lang='grc' dir='ltr'>κυρᾶς</span> <span class='ocrx_word' id='word_1_487' title='bbox 1486 3431 1663 3501; x_wconf 80' lang='grc' dir='ltr'>Ζωῆς,</span> <span class='ocrx_word' id='word_1_488' title='bbox 1696 3433 1796 3503; x_wconf 80' lang='grc' dir='ltr'><strong>τῆς</strong></span> <span class='ocrx_word' id='word_1_489' title='bbox 1848 3450 1985 3503; x_wconf 88' lang='grc' dir='ltr'>συμ-</span> 
     </span>
    </p>
   </div>
   <div class='ocr_carea' id='block_1_67' title="bbox 406 3516 1982 3596">
    <p class='ocr_par' dir='ltr' id='par_1_67' title="bbox 406 3516 1982 3596">
     <span class='ocr_line' id='line_1_67' title="bbox 406 3516 1982 3596; baseline 0.005 -27"><span class='ocrx_word' id='word_1_490' title='bbox 406 3516 526 3569; x_wconf 76' lang='grc' dir='ltr'>ϐίου</span> <span class='ocrx_word' id='word_1_491' title='bbox 578 3516 674 3570; x_wconf 76' lang='grc' dir='ltr'>τοῦ</span> <span class='ocrx_word' id='word_1_492' title='bbox 725 3520 1173 3579; x_wconf 76' lang='grc' dir='ltr'>πανσεὸεστάτου</span> <span class='ocrx_word' id='word_1_493' title='bbox 1239 3524 1453 3576; x_wconf 79' lang='grc' dir='ltr'>ἐκείνου</span> <span class='ocrx_word' id='word_1_494' title='bbox 1505 3525 1748 3588; x_wconf 79' lang='grc' dir='ltr'>Ἀλεξίου</span> <span class='ocrx_word' id='word_1_495' title='bbox 1809 3526 1982 3596; x_wconf 84' lang='grc' dir='ltr'>κυροῦ</span> 
     </span>
    </p>
   </div>
   <div class='ocr_carea' id='block_1_68' title="bbox 401 3610 1982 3694">
    <p class='ocr_par' dir='ltr' id='par_1_68' title="bbox 401 3610 1982 3694">
     <span class='ocr_line' id='line_1_68' title="bbox 401 3610 1982 3694; baseline 0.008 -31"><span class='ocrx_word' id='word_1_496' title='bbox 401 3610 689 3681; x_wconf 80' lang='grc' dir='ltr'>Κομνηνοῧ</span> <span class='ocrx_word' id='word_1_497' title='bbox 716 3613 811 3665; x_wconf 79' lang='grc' dir='ltr'>τοῦ</span> <span class='ocrx_word' id='word_1_498' title='bbox 859 3616 977 3667; x_wconf 83' lang='grc' dir='ltr'>υίοῦ</span> <span class='ocrx_word' id='word_1_499' title='bbox 1006 3616 1254 3687; x_wconf 81' lang='grc' dir='ltr'>ἀοιδίμου</span> <span class='ocrx_word' id='word_1_500' title='bbox 1282 3619 1806 3690; x_wconf 80' lang='grc' dir='ltr'>σεϐαστοκράτορος,</span> <span class='ocrx_word' id='word_1_501' title='bbox 1840 3626 1982 3694; x_wconf 82' lang='grc' dir='ltr'>νόσῳ</span> 
     </span>
    </p>
   </div>
   <div class='ocr_carea' id='block_1_69' title="bbox 405 3708 1980 3785">
    <p class='ocr_par' dir='ltr' id='par_1_69' title="bbox 405 3708 1980 3785">
     <span class='ocr_line' id='line_1_69' title="bbox 405 3708 1980 3785; baseline 0.024 -35"><span class='ocrx_word' id='word_1_502' title='bbox 405 3708 813 3774; x_wconf 71' lang='grc' dir='ltr'>περιπεσούσης</span> <span class='ocrx_word' id='word_1_503' title='bbox 850 3708 1070 3779; x_wconf 72' lang='grc' dir='ltr'>βαρείᾳ,</span> <span class='ocrx_word' id='word_1_504' title='bbox 1125 3711 1217 3763; x_wconf 74' lang='grc' dir='ltr'><strong>καὶ</strong></span> <span class='ocrx_word' id='word_1_505' title='bbox 1249 3713 1358 3764; x_wconf 86' lang='grc' dir='ltr'><strong>τῶν</strong></span> <span class='ocrx_word' id='word_1_506' title='bbox 1395 3714 1598 3785; x_wconf 78' lang='grc' dir='ltr'>ἰατρῶν</span> <span class='ocrx_word' id='word_1_507' title='bbox 1661 3715 1980 3783; x_wconf 73' lang='grc' dir='ltr'>ἀπαγορευ”</span> 
     </span>
    </p>
   </div>
   <div class='ocr_carea' id='block_1_70' title="bbox 403 3794 1982 3883">
    <p class='ocr_par' dir='ltr' id='par_1_70' title="bbox 403 3794 1982 3883">
     <span class='ocr_line' id='line_1_70' title="bbox 403 3794 1982 3883; baseline 0.008 -37"><span class='ocrx_word' id='word_1_508' title='bbox 403 3794 614 3849; x_wconf 86' lang='grc' dir='ltr'>σάντων</span> <span class='ocrx_word' id='word_1_509' title='bbox 649 3800 749 3866; x_wconf 73' lang='grc' dir='ltr'><strong>τὴν</strong></span> <span class='ocrx_word' id='word_1_510' title='bbox 781 3798 1084 3869; x_wconf 82' lang='grc' dir='ltr'>θεραπείαν</span> <span class='ocrx_word' id='word_1_511' title='bbox 1138 3803 1308 3872; x_wconf 80' lang='grc' dir='ltr'>αὐτῆς</span> <span class='ocrx_word' id='word_1_512' title='bbox 1351 3804 1440 3857; x_wconf 80' lang='grc' dir='ltr'><strong>διά</strong></span> <span class='ocrx_word' id='word_1_513' title='bbox 1473 3808 1572 3883; x_wconf 73' lang='grc' dir='ltr'>τὴν</span> <span class='ocrx_word' id='word_1_514' title='bbox 1596 3806 1707 3858; x_wconf 80' lang='grc' dir='ltr'><strong>τῶν</strong></span> <span class='ocrx_word' id='word_1_515' title='bbox 1761 3806 1982 3859; x_wconf 85' lang='grc' dir='ltr'>πολυει-</span> 
     </span>
    </p>
   </div>
   <div class='ocr_carea' id='block_1_71' title="bbox 400 3884 1982 3967">
    <p class='ocr_par' dir='ltr' id='par_1_71' title="bbox 400 3884 1982 3967">
     <span class='ocr_line' id='line_1_71' title="bbox 400 3884 1982 3967; baseline 0.009 -30"><span class='ocrx_word' id='word_1_516' title='bbox 400 3884 506 3938; x_wconf 85' lang='grc' dir='ltr'><strong>δῶν</strong></span> <span class='ocrx_word' id='word_1_517' title='bbox 540 3891 871 3959; x_wconf 83' lang='grc' dir='ltr'>νοσημάτων</span> <span class='ocrx_word' id='word_1_518' title='bbox 929 3895 1308 3965; x_wconf 74' lang='grc' dir='ltr'>ἐναντιότητα,</span> <span class='ocrx_word' id='word_1_519' title='bbox 1371 3893 1578 3949; x_wconf 79' lang='grc' dir='ltr'>ὲθνικοί</span> <span class='ocrx_word' id='word_1_520' title='bbox 1611 3913 1759 3960; x_wconf 87' lang='grc' dir='ltr'>τινες</span> <span class='ocrx_word' id='word_1_521' title='bbox 1812 3900 1982 3967; x_wconf 84' lang='grc' dir='ltr'>ὲπαγ-</span> 
     </span>
    </p>
   </div>
   <div class='ocr_carea' id='block_1_72' title="bbox 401 3977 1983 4057">
    <p class='ocr_par' dir='ltr' id='par_1_72' title="bbox 401 3977 1983 4057">
     <span class='ocr_line' id='line_1_72' title="bbox 401 3977 1983 4057; baseline 0.008 -29"><span class='ocrx_word' id='word_1_522' title='bbox 401 3977 719 4050; x_wconf 86' lang='grc' dir='ltr'>γειλάμενοι</span> <span class='ocrx_word' id='word_1_523' title='bbox 782 3980 1130 4053; x_wconf 82' lang='grc' dir='ltr'>θεραπεύσαι</span> <span class='ocrx_word' id='word_1_524' title='bbox 1164 3985 1358 4053; x_wconf 72' lang='grc' dir='ltr'>αὐτὴν,</span> <span class='ocrx_word' id='word_1_525' title='bbox 1417 3984 1493 4043; x_wconf 73' lang='grc' dir='ltr'>ὡς</span> <span class='ocrx_word' id='word_1_526' title='bbox 1524 3985 1688 4055; x_wconf 75' lang='grc' dir='ltr'>δῆθεν</span> <span class='ocrx_word' id='word_1_527' title='bbox 1727 3988 1835 4040; x_wconf 69' lang='grc' dir='ltr'><strong>ἀπὸ</strong></span> <span class='ocrx_word' id='word_1_528' title='bbox 1874 4006 1983 4057; x_wconf 87' lang='grc' dir='ltr'>μα-</span> 
     </span>
    </p>
   </div>
   <div class='ocr_carea' id='block_1_73' title="bbox 401 4071 1983 4148">
    <p class='ocr_par' dir='ltr' id='par_1_73' title="bbox 401 4071 1983 4148">
     <span class='ocr_line' id='line_1_73' title="bbox 401 4071 1983 4148; baseline 0.008 -28"><span class='ocrx_word' id='word_1_529' title='bbox 401 4071 579 4137; x_wconf 82' lang='grc' dir='ltr'>γικῶν</span> <span class='ocrx_word' id='word_1_530' title='bbox 644 4076 1000 4141; x_wconf 80' lang='grc' dir='ltr'>μαγγανειὼν</span> <span class='ocrx_word' id='word_1_531' title='bbox 1031 4076 1488 4148; x_wconf 69' lang='grc' dir='ltr'>νοσηλευομένην,</span> <span class='ocrx_word' id='word_1_532' title='bbox 1523 4079 1846 4147; x_wconf 83' lang='grc' dir='ltr'>συνώθησαν</span> <span class='ocrx_word' id='word_1_533' title='bbox 1871 4080 1983 4133; x_wconf 73' lang='grc' dir='ltr'>ἁδί-</span> 
     </span>
    </p>
   </div>
   <div class='ocr_carea' id='block_1_74' title="bbox 399 4164 1982 4239">
    <p class='ocr_par' dir='ltr' id='par_1_74' title="bbox 399 4164 1982 4239">
     <span class='ocr_line' id='line_1_74' title="bbox 399 4164 1982 4239; baseline 0.008 -26"><span class='ocrx_word' id='word_1_534' title='bbox 399 4176 509 4224; x_wconf 84' lang='grc' dir='ltr'><strong>κως</strong></span> <span class='ocrx_word' id='word_1_535' title='bbox 541 4164 841 4235; x_wconf 78' lang='grc' dir='ltr'>ὲτασθῆναι</span> <span class='ocrx_word' id='word_1_536' title='bbox 874 4167 1078 4232; x_wconf 78' lang='grc' dir='ltr'>πολλὰς</span> <span class='ocrx_word' id='word_1_537' title='bbox 1115 4172 1203 4221; x_wconf 79' lang='grc' dir='ltr'><strong>καὶ</strong></span> <span class='ocrx_word' id='word_1_538' title='bbox 1239 4170 1565 4237; x_wconf 71' lang='grc' dir='ltr'>θαυμαστὰς</span> <span class='ocrx_word' id='word_1_539' title='bbox 1585 4176 1852 4239; x_wconf 72' lang='grc' dir='ltr'>γυναῖκας</span> <span class='ocrx_word' id='word_1_540' title='bbox 1879 4174 1982 4226; x_wconf 88' lang='grc' dir='ltr'>αύ-</span> 
     </span>
    </p>
   </div>
   <div class='ocr_carea' id='block_1_75' title="bbox 398 4255 1982 4336">
    <p class='ocr_par' dir='ltr' id='par_1_75' title="bbox 398 4255 1982 4336">
     <span class='ocr_line' id='line_1_75' title="bbox 398 4255 1982 4336; baseline 0.008 -29"><span class='ocrx_word' id='word_1_541' title='bbox 398 4255 495 4325; x_wconf 82' lang='grc' dir='ltr'>τῆς</span> <span class='ocrx_word' id='word_1_542' title='bbox 522 4273 536 4288; x_wconf 79' lang='grc' dir='ltr'><strong><em>ο</em></strong></span> <span class='ocrx_word' id='word_1_543' title='bbox 574 4257 655 4310; x_wconf 84' lang='grc' dir='ltr'>ἔτι</span> <span class='ocrx_word' id='word_1_544' title='bbox 710 4259 815 4328; x_wconf 79' lang='grc' dir='ltr'>μὴν</span> <span class='ocrx_word' id='word_1_545' title='bbox 847 4262 944 4313; x_wconf 72' lang='grc' dir='ltr'><strong>καὶ</strong></span> <span class='ocrx_word' id='word_1_546' title='bbox 974 4262 1200 4331; x_wconf 82' lang='grc' dir='ltr'>ἄνδρας.</span> <span class='ocrx_word' id='word_1_547' title='bbox 1250 4264 1556 4334; x_wconf 74' lang='grc' dir='ltr'>Ἐῤῥιπτον</span> <span class='ocrx_word' id='word_1_548' title='bbox 1581 4264 1638 4317; x_wconf 83' lang='grc' dir='ltr'>δὲ</span> <span class='ocrx_word' id='word_1_549' title='bbox 1687 4265 1873 4336; x_wconf 76' lang='grc' dir='ltr'>κρύφα</span> <span class='ocrx_word' id='word_1_550' title='bbox 1923 4270 1982 4320; x_wconf 78' lang='grc' dir='ltr'>ὲν</span> 
     </span>
    </p>
   </div>
   <div class='ocr_carea' id='block_1_76' title="bbox 396 4348 1983 4429">
    <p class='ocr_par' dir='ltr' id='par_1_76' title="bbox 396 4348 1983 4429">
     <span class='ocr_line' id='line_1_76' title="bbox 396 4348 1983 4429; baseline 0.008 -31"><span class='ocrx_word' id='word_1_551' title='bbox 396 4348 619 4413; x_wconf 86' lang='grc' dir='ltr'>γωνίαις</span> <span class='ocrx_word' id='word_1_552' title='bbox 668 4350 1027 4420; x_wconf 84' lang='grc' dir='ltr'>κηρόπλαστα</span> <span class='ocrx_word' id='word_1_553' title='bbox 1082 4353 1280 4406; x_wconf 67' lang='grc' dir='ltr'>εἴδωλα</span> <span class='ocrx_word' id='word_1_554' title='bbox 1335 4355 1430 4407; x_wconf 70' lang='grc' dir='ltr'><strong>καὶ</strong></span> <span class='ocrx_word' id='word_1_555' title='bbox 1485 4357 1795 4419; x_wconf 84' lang='grc' dir='ltr'>σατανικώς</span> <span class='ocrx_word' id='word_1_556' title='bbox 1849 4375 1983 4429; x_wconf 86' lang='grc' dir='ltr'>προ-</span> 
     </span>
    </p>
   </div>
   <div class='ocr_carea' id='block_1_77' title="bbox 397 4441 1977 4522">
    <p class='ocr_par' dir='ltr' id='par_1_77' title="bbox 397 4441 1977 4522">
     <span class='ocr_line' id='line_1_77' title="bbox 397 4441 1977 4522; baseline 0.009 -31"><span class='ocrx_word' id='word_1_557' title='bbox 397 4441 632 4511; x_wconf 82' lang='grc' dir='ltr'>εμήνυον</span> <span class='ocrx_word' id='word_1_558' title='bbox 665 4444 763 4512; x_wconf 82' lang='grc' dir='ltr'><strong>τὴν</strong></span> <span class='ocrx_word' id='word_1_559' title='bbox 824 4444 1032 4499; x_wconf 83' lang='grc' dir='ltr'>τούτων</span> <span class='ocrx_word' id='word_1_560' title='bbox 1090 4446 1523 4518; x_wconf 74' lang='grc' dir='ltr'>ἀναψηλάφησιν</span> <span class='ocrx_word' id='word_1_561' title='bbox 1579 4452 1676 4502; x_wconf 77' lang='grc' dir='ltr'><strong>καὶ</strong></span> <span class='ocrx_word' id='word_1_562' title='bbox 1732 4449 1977 4522; x_wconf 78' lang='grc' dir='ltr'>εὕρεσιν.</span> 
     </span>
    </p>
   </div>
   <div class='ocr_carea' id='block_1_78' title="bbox 398 4530 1974 4609">
    <p class='ocr_par' dir='ltr' id='par_1_78' title="bbox 398 4530 1974 4609">
     <span class='ocr_line' id='line_1_78' title="bbox 398 4530 1974 4609; baseline 0.009 -28"><span class='ocrx_word' id='word_1_563' title='bbox 398 4530 506 4582; x_wconf 80' lang='grc' dir='ltr'><strong>Καὶ</strong></span> <span class='ocrx_word' id='word_1_564' title='bbox 574 4530 713 4585; x_wconf 83' lang='grc' dir='ltr'>ἄλλα</span> <span class='ocrx_word' id='word_1_565' title='bbox 756 4533 812 4586; x_wconf 80' lang='grc' dir='ltr'>δὲ</span> <span class='ocrx_word' id='word_1_566' title='bbox 870 4536 1042 4605; x_wconf 79' lang='grc' dir='ltr'>μυρία</span> <span class='ocrx_word' id='word_1_567' title='bbox 1098 4536 1246 4591; x_wconf 86' lang='grc' dir='ltr'>δεινὰ</span> <span class='ocrx_word' id='word_1_568' title='bbox 1288 4539 1648 4609; x_wconf 70' lang='grc' dir='ltr'>διεπράξαντο</span> <span class='ocrx_word' id='word_1_569' title='bbox 1679 4544 1759 4604; x_wconf 80' lang='grc' dir='ltr'><strong>είς</strong></span> <span class='ocrx_word' id='word_1_570' title='bbox 1811 4559 1974 4595; x_wconf 85' lang='grc' dir='ltr'>κατα-</span> 
     </span>
    </p>
   </div>
   <div class='ocr_carea' id='block_1_79' title="bbox 398 4625 1978 4703">
    <p class='ocr_par' dir='ltr' id='par_1_79' title="bbox 398 4625 1978 4703">
     <span class='ocr_line' id='line_1_79' title="bbox 398 4625 1978 4703; baseline 0.009 -29"><span class='ocrx_word' id='word_1_571' title='bbox 398 4625 665 4693; x_wconf 75' lang='grc' dir='ltr'>φρόνησιν</span> <span class='ocrx_word' id='word_1_572' title='bbox 683 4627 778 4679; x_wconf 88' lang='grc' dir='ltr'><strong>τού</strong></span> <span class='ocrx_word' id='word_1_573' title='bbox 811 4627 949 4680; x_wconf 82' lang='grc' dir='ltr'>Θεοῦ</span> <span class='ocrx_word' id='word_1_574' title='bbox 976 4632 1071 4681; x_wconf 75' lang='grc' dir='ltr'><strong>καὶ</strong></span> <span class='ocrx_word' id='word_1_575' title='bbox 1095 4632 1378 4700; x_wconf 69' lang='grc' dir='ltr'>τιμωρίαν</span> <span class='ocrx_word' id='word_1_576' title='bbox 1411 4632 1720 4701; x_wconf 82' lang='grc' dir='ltr'>ἀνθρώπων</span> <span class='ocrx_word' id='word_1_577' title='bbox 1746 4634 1978 4703; x_wconf 82' lang='grc' dir='ltr'>πολλῶν,</span> 
     </span>
    </p>
   </div>
   <div class='ocr_carea' id='block_1_80' title="bbox 398 4716 1981 4797">
    <p class='ocr_par' dir='ltr' id='par_1_80' title="bbox 398 4716 1981 4797">
     <span class='ocr_line' id='line_1_80' title="bbox 398 4716 1981 4797; baseline 0.009 -31"><span class='ocrx_word' id='word_1_578' title='bbox 398 4716 491 4768; x_wconf 79' lang='grc' dir='ltr'>καὶ</span> <span class='ocrx_word' id='word_1_579' title='bbox 549 4718 704 4770; x_wconf 82' lang='grc' dir='ltr'>αὐτοὶ</span> <span class='ocrx_word' id='word_1_580' title='bbox 765 4721 865 4789; x_wconf 79' lang='grc' dir='ltr'>μὲν</span> <span class='ocrx_word' id='word_1_581' title='bbox 919 4723 969 4774; x_wconf 75' lang='grc' dir='ltr'><strong>οἱ</strong></span> <span class='ocrx_word' id='word_1_582' title='bbox 1030 4722 1177 4775; x_wconf 81' lang='grc' dir='ltr'>ἄθεοι</span> <span class='ocrx_word' id='word_1_583' title='bbox 1240 4725 1700 4795; x_wconf 82' lang='grc' dir='ltr'>ἁπρακτήσαντες</span> <span class='ocrx_word' id='word_1_584' title='bbox 1757 4730 1981 4797; x_wconf 71' lang='grc' dir='ltr'>ἀφανεῖς</span> 
     </span>
    </p>
   </div>
   <div class='ocr_carea' id='block_1_81' title="bbox 396 4806 1977 4890">
    <p class='ocr_par' dir='ltr' id='par_1_81' title="bbox 396 4806 1977 4890">
     <span class='ocr_line' id='line_1_81' title="bbox 396 4806 1977 4890; baseline 0.009 -32"><span class='ocrx_word' id='word_1_585' title='bbox 396 4806 745 4875; x_wconf 74' lang='grc' dir='ltr'>ἐγεγόνεισαν</span> <span class='ocrx_word' id='word_1_586' title='bbox 766 4826 779 4840; x_wconf 87' lang='grc'>⁶</span> <span class='ocrx_word' id='word_1_587' title='bbox 826 4811 892 4866; x_wconf 88' lang='grc' dir='ltr'><strong>Ἠ</strong></span> <span class='ocrx_word' id='word_1_588' title='bbox 918 4814 975 4865; x_wconf 80' lang='grc' dir='ltr'>δὲ</span> <span class='ocrx_word' id='word_1_589' title='bbox 1038 4818 1520 4887; x_wconf 81' lang='grc' dir='ltr'>πανευγενεστάτη</span> <span class='ocrx_word' id='word_1_590' title='bbox 1555 4817 1739 4889; x_wconf 80' lang='grc' dir='ltr'>ἐκείνη</span> <span class='ocrx_word' id='word_1_591' title='bbox 1765 4822 1901 4890; x_wconf 80' lang='grc' dir='ltr'>γυνὴ</span> <span class='ocrx_word' id='word_1_592' title='bbox 1919 4821 1977 4873; x_wconf 88' lang='grc' dir='ltr'><strong>ού</strong></span> 
     </span>
    </p>
   </div>
   <div class='ocr_carea' id='block_1_82' title="bbox 400 4901 1982 4984">
    <p class='ocr_par' dir='ltr' id='par_1_82' title="bbox 400 4901 1982 4984">
     <span class='ocr_line' id='line_1_82' title="bbox 400 4901 1982 4984; baseline 0.009 -32"><span class='ocrx_word' id='word_1_593' title='bbox 400 4901 561 4969; x_wconf 88' lang='grc' dir='ltr'>μόνον</span> <span class='ocrx_word' id='word_1_594' title='bbox 615 4904 716 4956; x_wconf 76' lang='grc' dir='ltr'><strong>οὐκ</strong></span> <span class='ocrx_word' id='word_1_595' title='bbox 774 4904 1032 4959; x_wconf 77' lang='grc' dir='ltr'>ἀπώνατό</span> <span class='ocrx_word' id='word_1_596' title='bbox 1094 4926 1168 4973; x_wconf 84' lang='grc' dir='ltr'><strong>τι,</strong></span> <span class='ocrx_word' id='word_1_597' title='bbox 1235 4909 1369 4962; x_wconf 82' lang='grc' dir='ltr'>ἀλλὰ</span> <span class='ocrx_word' id='word_1_598' title='bbox 1430 4912 1523 4961; x_wconf 77' lang='grc' dir='ltr'><strong>καὶ</strong></span> <span class='ocrx_word' id='word_1_599' title='bbox 1557 4912 1621 4980; x_wconf 82' lang='grc' dir='ltr'>τῇ</span> <span class='ocrx_word' id='word_1_600' title='bbox 1656 4912 1797 4981; x_wconf 81' lang='grc' dir='ltr'>νόσῳ</span> <span class='ocrx_word' id='word_1_601' title='bbox 1854 4931 1982 4984; x_wconf 82' lang='grc' dir='ltr'>χρο-</span> 
     </span>
    </p>
   </div>
   <div class='ocr_carea' id='block_1_83' title="bbox 397 4992 1979 5071">
    <p class='ocr_par' dir='ltr' id='par_1_83' title="bbox 397 4992 1979 5071">
     <span class='ocr_line' id='line_1_83' title="bbox 397 4992 1979 5071; baseline 0.008 -28"><span class='ocrx_word' id='word_1_602' title='bbox 397 4992 522 5056; x_wconf 84' lang='grc' dir='ltr'>νίως</span> <span class='ocrx_word' id='word_1_603' title='bbox 553 4997 1141 5062; x_wconf 81' lang='grc' dir='ltr'>προσπατταλευθεῑσα</span> <span class='ocrx_word' id='word_1_604' title='bbox 1175 5000 1238 5051; x_wconf 75' lang='grc' dir='ltr'><strong>ἐκ</strong></span> <span class='ocrx_word' id='word_1_605' title='bbox 1263 4999 1358 5052; x_wconf 87' lang='grc' dir='ltr'><strong>τού</strong></span> <span class='ocrx_word' id='word_1_606' title='bbox 1396 4999 1513 5068; x_wconf 83' lang='grc' dir='ltr'>βίου</span> <span class='ocrx_word' id='word_1_607' title='bbox 1549 5000 1816 5071; x_wconf 76' lang='grc' dir='ltr'>μετέστη,</span> <span class='ocrx_word' id='word_1_608' title='bbox 1881 5021 1979 5056; x_wconf 88' lang='grc' dir='ltr'>κα-</span> 
     </span>
    </p>
   </div>
   <div class='ocr_carea' id='block_1_84' title="bbox 396 5084 1977 5163">
    <p class='ocr_par' dir='ltr' id='par_1_84' title="bbox 396 5084 1977 5163">
     <span class='ocr_line' id='line_1_84' title="bbox 396 5084 1977 5163; baseline 0.008 -26"><span class='ocrx_word' id='word_1_609' title='bbox 396 5084 492 5138; x_wconf 72' lang='grc' dir='ltr'><strong>κὸν</strong></span> <span class='ocrx_word' id='word_1_610' title='bbox 532 5087 746 5155; x_wconf 79' lang='grc' dir='ltr'>ἐφόδιον</span> <span class='ocrx_word' id='word_1_611' title='bbox 808 5089 1268 5161; x_wconf 82' lang='grc' dir='ltr'>ὲπιφορτισθεῑσα</span> <span class='ocrx_word' id='word_1_612' title='bbox 1335 5095 1433 5163; x_wconf 79' lang='grc' dir='ltr'>τὴν</span> <span class='ocrx_word' id='word_1_613' title='bbox 1464 5094 1573 5145; x_wconf 75' lang='grc' dir='ltr'>ἀπὸ</span> <span class='ocrx_word' id='word_1_614' title='bbox 1633 5095 1745 5146; x_wconf 86' lang='grc' dir='ltr'><strong>τῶν</strong></span> <span class='ocrx_word' id='word_1_615' title='bbox 1815 5094 1977 5149; x_wconf 85' lang='grc' dir='ltr'>θείων</span> 
     </span>
    </p>
   </div>
   <div class='ocr_carea' id='block_1_85' title="bbox 398 5178 1975 5257">
    <p class='ocr_par' dir='ltr' id='par_1_85' title="bbox 398 5178 1975 5257">
     <span class='ocr_line' id='line_1_85' title="bbox 398 5178 1975 5257; baseline 0.008 -27"><span class='ocrx_word' id='word_1_616' title='bbox 398 5178 641 5231; x_wconf 86' lang='grc' dir='ltr'>κανόνων</span> <span class='ocrx_word' id='word_1_617' title='bbox 668 5179 793 5231; x_wconf 81' lang='grc' dir='ltr'>κατ’</span> <span class='ocrx_word' id='word_1_618' title='bbox 826 5181 998 5251; x_wconf 78' lang='grc' dir='ltr'>αὐτῆς</span> <span class='ocrx_word' id='word_1_619' title='bbox 1058 5185 1459 5255; x_wconf 81' lang='grc' dir='ltr'>ἀγανάκτησιν,</span> <span class='ocrx_word' id='word_1_620' title='bbox 1487 5185 1553 5256; x_wconf 85' lang='grc' dir='ltr'>ἢν</span> <span class='ocrx_word' id='word_1_621' title='bbox 1607 5186 1975 5257; x_wconf 78' lang='grc' dir='ltr'>ἐπικουφίσαι</span> 
     </span>
    </p>
   </div>
   <div class='ocr_carea' id='block_1_86' title="bbox 396 5269 1967 5352">
    <p class='ocr_par' dir='ltr' id='par_1_86' title="bbox 396 5269 1967 5352">
     <span class='ocr_line' id='line_1_86' title="bbox 396 5269 1967 5352; baseline 0.009 -31"><span class='ocrx_word' id='word_1_622' title='bbox 396 5269 604 5340; x_wconf 80' lang='grc' dir='ltr'>Κύριος</span> <span class='ocrx_word' id='word_1_623' title='bbox 633 5275 662 5325; x_wconf 90' lang='grc' dir='ltr'>ὁ</span> <span class='ocrx_word' id='word_1_624' title='bbox 714 5271 848 5337; x_wconf 77' lang='grc' dir='ltr'>Θεὸς</span> <span class='ocrx_word' id='word_1_625' title='bbox 876 5276 971 5327; x_wconf 78' lang='grc' dir='ltr'><strong>ἐπὶ</strong></span> <span class='ocrx_word' id='word_1_626' title='bbox 1020 5276 1121 5338; x_wconf 79' lang='grc' dir='ltr'><strong>τὰς</strong></span> <span class='ocrx_word' id='word_1_627' title='bbox 1175 5276 1340 5340; x_wconf 85' lang='grc' dir='ltr'>ἄλλας</span> <span class='ocrx_word' id='word_1_628' title='bbox 1374 5276 1744 5349; x_wconf 83' lang='grc' dir='ltr'>ἀγαθοεργίας</span> <span class='ocrx_word' id='word_1_629' title='bbox 1771 5280 1967 5352; x_wconf 82' lang='grc' dir='ltr'>αὐτῆς.</span> 
     </span>
    </p>
   </div>
   <div class='ocr_carea' id='block_1_87' title="bbox 396 5366 1969 5445">
    <p class='ocr_par' dir='ltr' id='par_1_87' title="bbox 396 5366 1969 5445">
     <span class='ocr_line' id='line_1_87' title="bbox 396 5366 1969 5445; baseline 0.004 -24"><span class='ocrx_word' id='word_1_630' title='bbox 396 5367 555 5422; x_wconf 79' lang='grc' dir='ltr'>Μετὰ</span> <span class='ocrx_word' id='word_1_631' title='bbox 576 5366 809 5422; x_wconf 80' lang='grc' dir='ltr'>θάνατον</span> <span class='ocrx_word' id='word_1_632' title='bbox 838 5369 895 5423; x_wconf 81' lang='grc' dir='ltr'>δὲ</span> <span class='ocrx_word' id='word_1_633' title='bbox 918 5369 1127 5441; x_wconf 88' lang='grc' dir='ltr'>ταύτης</span> <span class='ocrx_word' id='word_1_634' title='bbox 1152 5370 1243 5425; x_wconf 84' lang='grc' dir='ltr'>διὰ</span> <span class='ocrx_word' id='word_1_635' title='bbox 1268 5371 1378 5426; x_wconf 87' lang='grc' dir='ltr'><strong>τῶν</strong></span> <span class='ocrx_word' id='word_1_636' title='bbox 1419 5372 1649 5445; x_wconf 79' lang='grc' dir='ltr'>ἡμερῶν</span> <span class='ocrx_word' id='word_1_637' title='bbox 1672 5372 1771 5427; x_wconf 87' lang='grc' dir='ltr'>τοῦ</span> <span class='ocrx_word' id='word_1_638' title='bbox 1798 5375 1969 5444; x_wconf 68' lang='grc' dir='ltr'>ἀγιωο</span> 
     </span>
    </p>
   </div>
   <div class='ocr_carea' id='block_1_88' title="bbox 395 5460 1977 5534">
    <p class='ocr_par' dir='ltr' id='par_1_88' title="bbox 395 5460 1977 5534">
     <span class='ocr_line' id='line_1_88' title="bbox 395 5460 1977 5534; baseline 0.004 -21"><span class='ocrx_word' id='word_1_639' title='bbox 395 5460 558 5514; x_wconf 83' lang='grc' dir='ltr'>τάτου</span> <span class='ocrx_word' id='word_1_640' title='bbox 588 5462 932 5534; x_wconf 81' lang='grc' dir='ltr'>πατριάρχου</span> <span class='ocrx_word' id='word_1_641' title='bbox 954 5462 1124 5533; x_wconf 81' lang='grc' dir='ltr'>κυρού</span> <span class='ocrx_word' id='word_1_642' title='bbox 1162 5463 1400 5529; x_wconf 81' lang='grc' dir='ltr'>Λέοντος</span> <span class='ocrx_word' id='word_1_643' title='bbox 1434 5464 1544 5518; x_wconf 85' lang='grc' dir='ltr'><strong>τῶν</strong></span> <span class='ocrx_word' id='word_1_644' title='bbox 1587 5466 1864 5521; x_wconf 87' lang='grc' dir='ltr'>Στυππῶν</span> <span class='ocrx_word' id='word_1_645' title='bbox 1894 5485 1977 5520; x_wconf 84' lang='grc' dir='ltr'>τι-</span> 
     </span>
    </p>
   </div>
   <div class='ocr_carea' id='block_1_89' title="bbox 396 5552 1977 5630">
    <p class='ocr_par' dir='ltr' id='par_1_89' title="bbox 396 5552 1977 5630">
     <span class='ocr_line' id='line_1_89' title="bbox 396 5552 1977 5630; baseline 0.004 -24"><span class='ocrx_word' id='word_1_646' title='bbox 396 5552 484 5617; x_wconf 67' lang='grc' dir='ltr'><strong>νες</strong></span> <span class='ocrx_word' id='word_1_647' title='bbox 513 5553 611 5623; x_wconf 82' lang='grc' dir='ltr'>μὲν</span> <span class='ocrx_word' id='word_1_648' title='bbox 632 5554 744 5607; x_wconf 83' lang='grc' dir='ltr'><strong>τῶν</strong></span> <span class='ocrx_word' id='word_1_649' title='bbox 774 5555 1095 5625; x_wconf 83' lang='grc' dir='ltr'>προσγενῶν</span> <span class='ocrx_word' id='word_1_650' title='bbox 1135 5555 1231 5609; x_wconf 69' lang='grc' dir='ltr'>καὶ</span> <span class='ocrx_word' id='word_1_651' title='bbox 1260 5556 1372 5610; x_wconf 86' lang='grc' dir='ltr'><strong>τῶν</strong></span> <span class='ocrx_word' id='word_1_652' title='bbox 1411 5557 1745 5629; x_wconf 80' lang='grc' dir='ltr'>ὑποχειρίων</span> <span class='ocrx_word' id='word_1_653' title='bbox 1804 5559 1977 5630; x_wconf 70' lang='grc' dir='ltr'>αὐτῆς</span> 
     </span>
    </p>
   </div>
   <div class='ocr_carea' id='block_1_90' title="bbox 400 5646 1979 5721">
    <p class='ocr_par' dir='ltr' id='par_1_90' title="bbox 400 5646 1979 5721">
     <span class='ocr_line' id='line_1_90' title="bbox 400 5646 1979 5721; baseline 0.003 -20"><span class='ocrx_word' id='word_1_654' title='bbox 400 5646 613 5718; x_wconf 85' lang='grc' dir='ltr'>βαρέως</span> <span class='ocrx_word' id='word_1_655' title='bbox 658 5649 1105 5720; x_wconf 76' lang='grc' dir='ltr'>ἐπετιμήθησαν,</span> <span class='ocrx_word' id='word_1_656' title='bbox 1174 5651 1249 5713; x_wconf 86' lang='grc' dir='ltr'><strong>ὡς</strong></span> <span class='ocrx_word' id='word_1_657' title='bbox 1309 5650 1634 5713; x_wconf 82' lang='grc' dir='ltr'>πλειστάκις</span> <span class='ocrx_word' id='word_1_658' title='bbox 1694 5669 1979 5721; x_wconf 84' lang='grc' dir='ltr'>καταμαν-</span> 
     </span>
    </p>
   </div>
   <div class='ocr_carea' id='block_1_91' title="bbox 397 5738 1975 5811">
    <p class='ocr_par' dir='ltr' id='par_1_91' title="bbox 397 5738 1975 5811">
     <span class='ocr_line' id='line_1_91' title="bbox 397 5738 1975 5811; baseline 0.001 -20"><span class='ocrx_word' id='word_1_659' title='bbox 397 5741 761 5808; x_wconf 71' lang='grc' dir='ltr'>τευσάμενοι,</span> <span class='ocrx_word' id='word_1_660' title='bbox 793 5740 891 5793; x_wconf 79' lang='grc' dir='ltr'>καὶ</span> <span class='ocrx_word' id='word_1_661' title='bbox 933 5738 1217 5810; x_wconf 70' lang='grc' dir='ltr'>έλοψύχως</span> <span class='ocrx_word' id='word_1_662' title='bbox 1282 5744 1350 5811; x_wconf 77' lang='grc' dir='ltr'>τῇ</span> <span class='ocrx_word' id='word_1_663' title='bbox 1414 5738 1743 5793; x_wconf 82' lang='grc' dir='ltr'>σατανιώδει</span> <span class='ocrx_word' id='word_1_664' title='bbox 1798 5741 1975 5810; x_wconf 77' lang='grc' dir='ltr'>ἀῤῥη-</span> 
     </span>
    </p>
   </div>
   <div class='ocr_carea' id='block_1_92' title="bbox 398 5832 1968 5906">
    <p class='ocr_par' dir='ltr' id='par_1_92' title="bbox 398 5832 1968 5906">
     <span class='ocr_line' id='line_1_92' title="bbox 398 5832 1968 5906; baseline 0.001 -19"><span class='ocrx_word' id='word_1_665' title='bbox 398 5834 627 5906; x_wconf 72' lang='grc' dir='ltr'>τουργίᾳ</span> <span class='ocrx_word' id='word_1_666' title='bbox 676 5832 1098 5899; x_wconf 82' lang='grc' dir='ltr'>πιστεύσαντες.</span> <span class='ocrx_word' id='word_1_667' title='bbox 1166 5832 1385 5905; x_wconf 82' lang='grc' dir='ltr'>Ἐτεροι</span> <span class='ocrx_word' id='word_1_668' title='bbox 1456 5833 1513 5887; x_wconf 69' lang='grc' dir='ltr'>δὲ</span> <span class='ocrx_word' id='word_1_669' title='bbox 1575 5832 1664 5905; x_wconf 68' lang='grc' dir='ltr'><strong>διὰ</strong></span> <span class='ocrx_word' id='word_1_670' title='bbox 1743 5836 1968 5903; x_wconf 77' lang='grc' dir='ltr'>μετρίου</span> 
     </span>
    </p>
   </div>
   <div class='ocr_carea' id='block_1_93' title="bbox 2092 3244 3688 3315">
    <p class='ocr_par' dir='ltr' id='par_1_93' title="bbox 2092 3244 3688 3315">
     <span class='ocr_line' id='line_1_93' title="bbox 2092 3244 3688 3315; baseline 0.003 -21"><span class='ocrx_word' id='word_1_671' title='bbox 2092 3244 2221 3297; x_wconf 86' lang='lat' dir='ltr'><strong>vidi.</strong></span> <span class='ocrx_word' id='word_1_672' title='bbox 2253 3244 2388 3299; x_wconf 90' lang='lat' dir='ltr'><strong>Cum</strong></span> <span class='ocrx_word' id='word_1_673' title='bbox 2418 3250 2563 3301; x_wconf 89' lang='lat' dir='ltr'><strong>enim</strong></span> <span class='ocrx_word' id='word_1_674' title='bbox 2594 3248 2763 3300; x_wconf 69' lang='lat' dir='ltr'><strong>beata:</strong></span> <span class='ocrx_word' id='word_1_675' title='bbox 2803 3249 2853 3301; x_wconf 93' lang='lat' dir='ltr'><strong>in</strong></span> <span class='ocrx_word' id='word_1_676' title='bbox 2890 3248 3118 3301; x_wconf 89' lang='lat' dir='ltr'><strong>Domino</strong></span> <span class='ocrx_word' id='word_1_677' title='bbox 3144 3246 3268 3299; x_wconf 78' lang='lat' dir='ltr'><strong>vita:</strong></span> <span class='ocrx_word' id='word_1_678' title='bbox 3310 3245 3505 3315; x_wconf 82' lang='lat' dir='ltr'><strong>conjux</strong></span> <span class='ocrx_word' id='word_1_679' title='bbox 3533 3245 3604 3312; x_wconf 78' lang='lat' dir='ltr'><strong>pii</strong></span> <span class='ocrx_word' id='word_1_680' title='bbox 3632 3254 3688 3299; x_wconf 87' lang='lat' dir='ltr'><strong>ct</strong></span> 
     </span>
    </p>
   </div>
   <div class='ocr_carea' id='block_1_94' title="bbox 2091 3335 3684 3409">
    <p class='ocr_par' dir='ltr' id='par_1_94' title="bbox 2091 3335 3684 3409">
     <span class='ocr_line' id='line_1_94' title="bbox 2091 3335 3684 3409; baseline 0.001 -19"><span class='ocrx_word' id='word_1_681' title='bbox 2091 3335 2250 3408; x_wconf 79' lang='grc'><strong>135</strong></span> <span class='ocrx_word' id='word_1_682' title='bbox 2269 3338 2502 3408; x_wconf 78' lang='lat' dir='ltr'><strong>religiosi</strong></span> <span class='ocrx_word' id='word_1_683' title='bbox 2530 3338 2670 3392; x_wconf 85' lang='lat' dir='ltr'><strong>illius</strong></span> <span class='ocrx_word' id='word_1_684' title='bbox 2690 3340 2891 3393; x_wconf 85' lang='lat' dir='ltr'><strong>dOmini</strong></span> <span class='ocrx_word' id='word_1_685' title='bbox 2913 3337 3364 3393; x_wconf 80' lang='lat' dir='ltr'><strong>AlexiiComueni</strong></span> <span class='ocrx_word' id='word_1_686' title='bbox 3389 3338 3440 3392; x_wconf 82' lang='lat' dir='ltr'><strong>lii</strong></span> <span class='ocrx_word' id='word_1_687' title='bbox 3468 3338 3684 3409; x_wconf 84' lang='lat' dir='ltr'><strong>iim-lyti</strong></span> 
     </span>
    </p>
   </div>
   <div class='ocr_carea' id='block_1_95' title="bbox 2088 3431 3689 3500">
    <p class='ocr_par' dir='ltr' id='par_1_95' title="bbox 2088 3431 3689 3500">
     <span class='ocr_line' id='line_1_95' title="bbox 2088 3431 3689 3500; baseline 0.001 -16"><span class='ocrx_word' id='word_1_688' title='bbox 2088 3433 2433 3500; x_wconf 76' lang='lat' dir='ltr'><strong>imperatoris</strong></span> <span class='ocrx_word' id='word_1_689' title='bbox 2485 3431 2539 3484; x_wconf 90' lang='lat' dir='ltr'><strong>in</strong></span> <span class='ocrx_word' id='word_1_690' title='bbox 2578 3448 2795 3499; x_wconf 75' lang='lat' dir='ltr'><strong>gravem</strong></span> <span class='ocrx_word' id='word_1_691' title='bbox 2830 3432 3075 3486; x_wconf 75' lang='lat' dir='ltr'><strong>moubu‘m</strong></span> <span class='ocrx_word' id='word_1_692' title='bbox 3132 3431 3436 3497; x_wconf 87' lang='lat' dir='ltr'><strong>incidisset,</strong></span> <span class='ocrx_word' id='word_1_693' title='bbox 3472 3444 3523 3487; x_wconf 91' lang='lat' dir='ltr'><strong>et</strong></span> <span class='ocrx_word' id='word_1_694' title='bbox 3575 3448 3689 3486; x_wconf 85' lang='lat' dir='ltr'><strong>me-</strong></span> 
     </span>
    </p>
   </div>
   <div class='ocr_carea' id='block_1_96' title="bbox 2087 3522 3680 3594">
    <p class='ocr_par' dir='ltr' id='par_1_96' title="bbox 2087 3522 3680 3594">
     <span class='ocr_line' id='line_1_96' title="bbox 2087 3522 3680 3594; baseline 0.001 -18"><span class='ocrx_word' id='word_1_695' title='bbox 2087 3522 2195 3577; x_wconf 91' lang='lat' dir='ltr'><strong>dici</strong></span> <span class='ocrx_word' id='word_1_696' title='bbox 2235 3525 2300 3576; x_wconf 91' lang='lat' dir='ltr'><strong>de</strong></span> <span class='ocrx_word' id='word_1_697' title='bbox 2333 3522 2452 3593; x_wconf 89' lang='lat' dir='ltr'><strong>ejus</strong></span> <span class='ocrx_word' id='word_1_698' title='bbox 2492 3535 2727 3577; x_wconf 75' lang='lat' dir='ltr'><strong>sanitate</strong></span> <span class='ocrx_word' id='word_1_699' title='bbox 2762 3525 3151 3591; x_wconf 86' lang='lat' dir='ltr'><strong>desperassent</strong></span> <span class='ocrx_word' id='word_1_700' title='bbox 3203 3534 3427 3594; x_wconf 82' lang='lat' dir='ltr'><strong>pmptcr</strong></span> <span class='ocrx_word' id='word_1_701' title='bbox 3492 3525 3680 3581; x_wconf 78' lang='lat' dir='ltr'><strong>multi-</strong></span> 
     </span>
    </p>
   </div>
   <div class='ocr_carea' id='block_1_97' title="bbox 2087 3618 3679 3689">
    <p class='ocr_par' dir='ltr' id='par_1_97' title="bbox 2087 3618 3679 3689">
     <span class='ocr_line' id='line_1_97' title="bbox 2087 3618 3679 3689; baseline 0.003 -19"><span class='ocrx_word' id='word_1_702' title='bbox 2087 3618 2304 3686; x_wconf 76' lang='lat' dir='ltr'><strong>[ilicium</strong></span> <span class='ocrx_word' id='word_1_703' title='bbox 2340 3618 2656 3671; x_wconf 77' lang='lat' dir='ltr'><strong>morborum</strong></span> <span class='ocrx_word' id='word_1_704' title='bbox 2714 3622 3185 3684; x_wconf 83' lang='lat' dir='ltr'><strong>contrarietatem,</strong></span> <span class='ocrx_word' id='word_1_705' title='bbox 3219 3621 3438 3689; x_wconf 88' lang='lat' dir='ltr'><strong>quidam</strong></span> <span class='ocrx_word' id='word_1_706' title='bbox 3475 3622 3679 3674; x_wconf 86' lang='lat' dir='ltr'><strong>ethnici</strong></span> 
     </span>
    </p>
   </div>
   <div class='ocr_carea' id='block_1_98' title="bbox 2085 3710 3688 3783">
    <p class='ocr_par' dir='ltr' id='par_1_98' title="bbox 2085 3710 3688 3783">
     <span class='ocr_line' id='line_1_98' title="bbox 2085 3710 3688 3783; baseline 0.001 -19"><span class='ocrx_word' id='word_1_707' title='bbox 2085 3725 2144 3764; x_wconf 91' lang='lat' dir='ltr'><strong>se</strong></span> <span class='ocrx_word' id='word_1_708' title='bbox 2168 3724 2286 3762; x_wconf 89' lang='lat' dir='ltr'><strong>eam</strong></span> <span class='ocrx_word' id='word_1_709' title='bbox 2331 3718 2615 3763; x_wconf 79' lang='lat' dir='ltr'><strong>curaturos</strong></span> <span class='ocrx_word' id='word_1_710' title='bbox 2640 3710 2894 3778; x_wconf 79' lang='lat' dir='ltr'><strong>professi,</strong></span> <span class='ocrx_word' id='word_1_711' title='bbox 2930 3723 3115 3781; x_wconf 86' lang='lat' dir='ltr'><strong>utpote</strong></span> <span class='ocrx_word' id='word_1_712' title='bbox 3171 3728 3290 3781; x_wconf 79' lang='lat' dir='ltr'><strong>qua:</strong></span> <span class='ocrx_word' id='word_1_713' title='bbox 3340 3714 3566 3783; x_wconf 76' lang='lat' dir='ltr'><strong>magicis</strong></span> <span class='ocrx_word' id='word_1_714' title='bbox 3599 3728 3688 3765; x_wconf 80' lang='lat' dir='ltr'><strong>ar-</strong></span> 
     </span>
    </p>
   </div>
   <div class='ocr_carea' id='block_1_99' title="bbox 2088 3783 3684 3864">
    <p class='ocr_par' dir='ltr' id='par_1_99' title="bbox 2088 3783 3684 3864">
     <span class='ocr_line' id='line_1_99' title="bbox 2088 3783 3684 3864; baseline 0.002 -8"><span class='ocrx_word' id='word_1_715' title='bbox 2088 3801 2272 3856; x_wconf 84' lang='lat' dir='ltr'><strong>tiliciis</strong></span> <span class='ocrx_word' id='word_1_716' title='bbox 2310 3783 2603 3864; x_wconf 80' lang='lat' dir='ltr'><strong>laboraret,</strong></span> <span class='ocrx_word' id='word_1_717' title='bbox 2642 3801 2942 3856; x_wconf 67' lang='lat' dir='ltr'><strong>effecerunt</strong></span> <span class='ocrx_word' id='word_1_718' title='bbox 2974 3814 3026 3855; x_wconf 92' lang='lat' dir='ltr'><strong>ut</strong></span> <span class='ocrx_word' id='word_1_719' title='bbox 3056 3804 3239 3857; x_wconf 69' lang='lat' dir='ltr'><strong>multa:</strong></span> <span class='ocrx_word' id='word_1_720' title='bbox 3271 3812 3324 3857; x_wconf 91' lang='lat' dir='ltr'><strong>et</strong></span> <span class='ocrx_word' id='word_1_721' title='bbox 3348 3805 3684 3859; x_wconf 65' lang='lat' dir='ltr'><strong>admirandae</strong></span> 
     </span>
    </p>
   </div>
   <div class='ocr_carea' id='block_1_100' title="bbox 2087 3892 3687 3964">
    <p class='ocr_par' dir='ltr' id='par_1_100' title="bbox 2087 3892 3687 3964">
     <span class='ocr_line' id='line_1_100' title="bbox 2087 3892 3687 3964; baseline 0.001 -17"><span class='ocrx_word' id='word_1_722' title='bbox 2087 3893 2206 3964; x_wconf 87' lang='lat' dir='ltr'><strong>ejus</strong></span> <span class='ocrx_word' id='word_1_723' title='bbox 2250 3892 2487 3955; x_wconf 65' lang='lat' dir='ltr'><strong>feminea,</strong></span> <span class='ocrx_word' id='word_1_724' title='bbox 2513 3904 2567 3946; x_wconf 90' lang='lat' dir='ltr'><strong>et</strong></span> <span class='ocrx_word' id='word_1_725' title='bbox 2603 3893 2703 3945; x_wconf 81' lang='lat' dir='ltr'><strong>viri</strong></span> <span class='ocrx_word' id='word_1_726' title='bbox 2734 3894 2897 3947; x_wconf 87' lang='lat' dir='ltr'><strong>etiam</strong></span> <span class='ocrx_word' id='word_1_727' title='bbox 2959 3893 3161 3961; x_wconf 89' lang='lat' dir='ltr'><strong>injuste</strong></span> <span class='ocrx_word' id='word_1_728' title='bbox 3212 3894 3687 3949; x_wconf 71' lang='lat' dir='ltr'><strong>rxmninareutur.</strong></span> 
     </span>
    </p>
   </div>
   <div class='ocr_carea' id='block_1_101' title="bbox 2086 3984 3682 4055">
    <p class='ocr_par' dir='ltr' id='par_1_101' title="bbox 2086 3984 3682 4055">
     <span class='ocr_line' id='line_1_101' title="bbox 2086 3984 3682 4055; baseline 0.002 -17"><span class='ocrx_word' id='word_1_729' title='bbox 2086 3986 2237 4039; x_wconf 85' lang='lat' dir='ltr'><strong>Clam</strong></span> <span class='ocrx_word' id='word_1_730' title='bbox 2267 3994 2448 4039; x_wconf 87' lang='lat' dir='ltr'><strong>autem</strong></span> <span class='ocrx_word' id='word_1_731' title='bbox 2487 3985 2854 4054; x_wconf 86' lang='lat' dir='ltr'><strong>projiciebant</strong></span> <span class='ocrx_word' id='word_1_732' title='bbox 2887 3985 3154 4055; x_wconf 78' lang='lat' dir='ltr'><strong>imagines</strong></span> <span class='ocrx_word' id='word_1_733' title='bbox 3203 4002 3267 4040; x_wconf 82' lang='lat' dir='ltr'><strong>ex</strong></span> <span class='ocrx_word' id='word_1_734' title='bbox 3302 4002 3426 4041; x_wconf 80' lang='lat' dir='ltr'><strong>cera</strong></span> <span class='ocrx_word' id='word_1_735' title='bbox 3485 3984 3682 4048; x_wconf 77' lang='lat' dir='ltr'><strong>factas.</strong></span> 
     </span>
    </p>
   </div>
   <div class='ocr_carea' id='block_1_102' title="bbox 2085 4078 3682 4131">
    <p class='ocr_par' dir='ltr' id='par_1_102' title="bbox 2085 4078 3682 4131">
     <span class='ocr_line' id='line_1_102' title="bbox 2085 4078 3682 4131; baseline -0.003 0"><span class='ocrx_word' id='word_1_736' title='bbox 2085 4087 2141 4131; x_wconf 88' lang='lat' dir='ltr'><strong>et</strong></span> <span class='ocrx_word' id='word_1_737' title='bbox 2170 4078 2411 4129; x_wconf 85' lang='lat' dir='ltr'><strong>satauice</strong></span> <span class='ocrx_word' id='word_1_738' title='bbox 2440 4091 2631 4129; x_wconf 84' lang='lat' dir='ltr'><strong>eorum</strong></span> <span class='ocrx_word' id='word_1_739' title='bbox 2667 4079 3161 4130; x_wconf 84' lang='lat' dir='ltr'><strong>cuntrcctationcm</strong></span> <span class='ocrx_word' id='word_1_740' title='bbox 3210 4086 3264 4129; x_wconf 93' lang='lat' dir='ltr'><strong>et</strong></span> <span class='ocrx_word' id='word_1_741' title='bbox 3318 4078 3682 4130; x_wconf 79' lang='lat' dir='ltr'><strong>inventionem</strong></span> 
     </span>
    </p>
   </div>
   <div class='ocr_carea' id='block_1_103' title="bbox 2087 4170 3685 4241">
    <p class='ocr_par' dir='ltr' id='par_1_103' title="bbox 2087 4170 3685 4241">
     <span class='ocr_line' id='line_1_103' title="bbox 2087 4170 3685 4241; baseline 0 -17"><span class='ocrx_word' id='word_1_742' title='bbox 2087 4171 2492 4241; x_wconf 76' lang='lat' dir='ltr'><strong>signiﬁcabant,</strong></span> <span class='ocrx_word' id='word_1_743' title='bbox 2522 4182 2684 4241; x_wconf 87' lang='lat' dir='ltr'><strong>atque</strong></span> <span class='ocrx_word' id='word_1_744' title='bbox 2711 4171 2876 4223; x_wconf 84' lang='lat' dir='ltr'><strong>etiam</strong></span> <span class='ocrx_word' id='word_1_745' title='bbox 2931 4170 3097 4224; x_wconf 86' lang='lat' dir='ltr'><strong>multa</strong></span> <span class='ocrx_word' id='word_1_746' title='bbox 3140 4170 3243 4224; x_wconf 88' lang='lat' dir='ltr'><strong>alia</strong></span> <span class='ocrx_word' id='word_1_747' title='bbox 3294 4173 3479 4240; x_wconf 81' lang='lat' dir='ltr'><strong>gravia</strong></span> <span class='ocrx_word' id='word_1_748' title='bbox 3541 4172 3685 4225; x_wconf 81' lang='lat' dir='ltr'><strong>lece-</strong></span> 
     </span>
    </p>
   </div>
   <div class='ocr_carea' id='block_1_104' title="bbox 2090 4263 3685 4333">
    <p class='ocr_par' dir='ltr' id='par_1_104' title="bbox 2090 4263 3685 4333">
     <span class='ocr_line' id='line_1_104' title="bbox 2090 4263 3685 4333; baseline -0.002 -16"><span class='ocrx_word' id='word_1_749' title='bbox 2090 4276 2215 4317; x_wconf 87' lang='lat' dir='ltr'><strong>runt</strong></span> <span class='ocrx_word' id='word_1_750' title='bbox 2257 4266 2308 4318; x_wconf 91' lang='lat' dir='ltr'><strong>in</strong></span> <span class='ocrx_word' id='word_1_751' title='bbox 2347 4263 2439 4318; x_wconf 86' lang='lat' dir='ltr'><strong>Dei</strong></span> <span class='ocrx_word' id='word_1_752' title='bbox 2474 4273 2867 4333; x_wconf 88' lang='lat' dir='ltr'><strong>contemptum,</strong></span> <span class='ocrx_word' id='word_1_753' title='bbox 2901 4265 3194 4317; x_wconf 87' lang='lat' dir='ltr'><strong>multorum</strong></span> <span class='ocrx_word' id='word_1_754' title='bbox 3232 4264 3513 4317; x_wconf 88' lang='lat' dir='ltr'><strong>hominum</strong></span> <span class='ocrx_word' id='word_1_755' title='bbox 3556 4280 3685 4333; x_wconf 79' lang='lat' dir='ltr'><strong>sup-</strong></span> 
     </span>
    </p>
   </div>
   <div class='ocr_carea' id='block_1_105' title="bbox 2087 4355 3683 4428">
    <p class='ocr_par' dir='ltr' id='par_1_105' title="bbox 2087 4355 3683 4428">
     <span class='ocr_line' id='line_1_105' title="bbox 2087 4355 3683 4428; baseline 0.001 -19"><span class='ocrx_word' id='word_1_756' title='bbox 2087 4359 2333 4428; x_wconf 86' lang='lat' dir='ltr'><strong>plicium.</strong></span> <span class='ocrx_word' id='word_1_757' title='bbox 2393 4358 2455 4411; x_wconf 81' lang='lat' dir='ltr'><strong>Et</strong></span> <span class='ocrx_word' id='word_1_758' title='bbox 2514 4357 2612 4427; x_wconf 83' lang='lat' dir='ltr'><strong>ipsi</strong></span> <span class='ocrx_word' id='word_1_759' title='bbox 2644 4360 2863 4426; x_wconf 85' lang='lat' dir='ltr'><strong>quidem</strong></span> <span class='ocrx_word' id='word_1_760' title='bbox 2904 4357 3057 4426; x_wconf 89' lang='lat' dir='ltr'><strong>impii</strong></span> <span class='ocrx_word' id='word_1_761' title='bbox 3113 4372 3234 4411; x_wconf 89' lang='lat' dir='ltr'><strong>cum</strong></span> <span class='ocrx_word' id='word_1_762' title='bbox 3292 4372 3405 4411; x_wconf 90' lang='lat' dir='ltr'><strong>rem</strong></span> <span class='ocrx_word' id='word_1_763' title='bbox 3468 4355 3683 4411; x_wconf 76' lang='lat' dir='ltr'><strong>t-lIicere</strong></span> 
     </span>
    </p>
   </div>
   <div class='ocr_carea' id='block_1_106' title="bbox 2088 4448 3676 4518">
    <p class='ocr_par' dir='ltr' id='par_1_106' title="bbox 2088 4448 3676 4518">
     <span class='ocr_line' id='line_1_106' title="bbox 2088 4448 3676 4518; baseline -0.001 -16"><span class='ocrx_word' id='word_1_764' title='bbox 2088 4464 2194 4502; x_wconf 85' lang='lat' dir='ltr'><strong>non</strong></span> <span class='ocrx_word' id='word_1_765' title='bbox 2231 4451 2555 4518; x_wconf 83' lang='lat' dir='ltr'><strong>potuissent,</strong></span> <span class='ocrx_word' id='word_1_766' title='bbox 2591 4461 2952 4502; x_wconf 81' lang='lat' dir='ltr'><strong>evanuerunt.</strong></span> <span class='ocrx_word' id='word_1_767' title='bbox 2986 4448 3335 4503; x_wconf 86' lang='lat' dir='ltr'><strong>Nobilissima</strong></span> <span class='ocrx_word' id='word_1_768' title='bbox 3381 4461 3559 4502; x_wconf 87' lang='lat' dir='ltr'><strong>autem</strong></span> <span class='ocrx_word' id='word_1_769' title='bbox 3589 4449 3676 4501; x_wconf 87' lang='lat' dir='ltr'><strong>illa</strong></span> 
     </span>
    </p>
   </div>
   <div class='ocr_carea' id='block_1_107' title="bbox 2088 4536 3680 4606">
    <p class='ocr_par' dir='ltr' id='par_1_107' title="bbox 2088 4536 3680 4606">
     <span class='ocr_line' id='line_1_107' title="bbox 2088 4536 3680 4606; baseline -0.004 -12"><span class='ocrx_word' id='word_1_770' title='bbox 2088 4540 2283 4594; x_wconf 88' lang='lat' dir='ltr'><strong>mulier</strong></span> <span class='ocrx_word' id='word_1_771' title='bbox 2316 4555 2421 4592; x_wconf 87' lang='lat' dir='ltr'><strong>nou</strong></span> <span class='ocrx_word' id='word_1_772' title='bbox 2455 4542 2613 4592; x_wconf 83' lang='lat' dir='ltr'><strong>modo</strong></span> <span class='ocrx_word' id='word_1_773' title='bbox 2650 4539 2783 4591; x_wconf 81' lang='lat' dir='ltr'><strong>nihil</strong></span> <span class='ocrx_word' id='word_1_774' title='bbox 2831 4537 3129 4606; x_wconf 87' lang='lat' dir='ltr'><strong>adjumenti</strong></span> <span class='ocrx_word' id='word_1_775' title='bbox 3190 4541 3385 4606; x_wconf 83' lang='lat' dir='ltr'><strong>adepta</strong></span> <span class='ocrx_word' id='word_1_776' title='bbox 3427 4545 3531 4599; x_wconf 87' lang='lat' dir='ltr'><strong>est,</strong></span> <span class='ocrx_word' id='word_1_777' title='bbox 3585 4536 3680 4589; x_wconf 88' lang='lat' dir='ltr'><strong>scd</strong></span> 
     </span>
    </p>
   </div>
   <div class='ocr_carea' id='block_1_108' title="bbox 2084 4626 3682 4693">
    <p class='ocr_par' dir='ltr' id='par_1_108' title="bbox 2084 4626 3682 4693">
     <span class='ocr_line' id='line_1_108' title="bbox 2084 4626 3682 4693; baseline -0.005 -6"><span class='ocrx_word' id='word_1_778' title='bbox 2084 4634 2250 4687; x_wconf 87' lang='lat' dir='ltr'><strong>etiam</strong></span> <span class='ocrx_word' id='word_1_779' title='bbox 2293 4632 2552 4685; x_wconf 84' lang='lat' dir='ltr'><strong>diuturno</strong></span> <span class='ocrx_word' id='word_1_780' title='bbox 2588 4631 2776 4684; x_wconf 90' lang='lat' dir='ltr'><strong>morbo</strong></span> <span class='ocrx_word' id='word_1_781' title='bbox 2802 4638 2993 4684; x_wconf 82' lang='lat' dir='ltr'><strong>vexata</strong></span> <span class='ocrx_word' id='word_1_782' title='bbox 3026 4631 3135 4682; x_wconf 84' lang='lat' dir='ltr'><strong>vita</strong></span> <span class='ocrx_word' id='word_1_783' title='bbox 3185 4630 3446 4693; x_wconf 82' lang='lat' dir='ltr'><strong>excessit,</strong></span> <span class='ocrx_word' id='word_1_784' title='bbox 3481 4626 3624 4679; x_wconf 86' lang='lat' dir='ltr'><strong>malo</strong></span> <span class='ocrx_word' id='word_1_785' title='bbox 3651 4640 3682 4679; x_wconf 84' lang='lat' dir='ltr'><strong>a</strong></span> 
     </span>
    </p>
   </div>
   <div class='ocr_carea' id='block_1_109' title="bbox 2085 4722 3681 4794">
    <p class='ocr_par' dir='ltr' id='par_1_109' title="bbox 2085 4722 3681 4794">
     <span class='ocr_line' id='line_1_109' title="bbox 2085 4722 3681 4794; baseline -0.004 -15"><span class='ocrx_word' id='word_1_786' title='bbox 2085 4741 2144 4780; x_wconf 79' lang='lat' dir='ltr'><strong>se</strong></span> <span class='ocrx_word' id='word_1_787' title='bbox 2200 4734 2458 4794; x_wconf 75' lang='lat' dir='ltr'><strong>suscepto</strong></span> <span class='ocrx_word' id='word_1_788' title='bbox 2507 4724 2731 4783; x_wconf 80' lang='lat' dir='ltr'><strong>viatico,</strong></span> <span class='ocrx_word' id='word_1_789' title='bbox 2784 4723 3095 4776; x_wconf 84' lang='lat' dir='ltr'><strong>divinorum</strong></span> <span class='ocrx_word' id='word_1_790' title='bbox 3155 4722 3363 4775; x_wconf 76' lang='lat' dir='ltr'><strong>scilicet</strong></span> <span class='ocrx_word' id='word_1_791' title='bbox 3407 4736 3681 4774; x_wconf 85' lang='lat' dir='ltr'><strong>canonum</strong></span> 
     </span>
    </p>
   </div>
   <div class='ocr_carea' id='block_1_110' title="bbox 2083 4811 3679 4884">
    <p class='ocr_par' dir='ltr' id='par_1_110' title="bbox 2083 4811 3679 4884">
     <span class='ocr_line' id='line_1_110' title="bbox 2083 4811 3679 4884; baseline -0.003 -14"><span class='ocrx_word' id='word_1_792' title='bbox 2083 4817 2346 4871; x_wconf 81' lang='lat' dir='ltr'><strong>adversus</strong></span> <span class='ocrx_word' id='word_1_793' title='bbox 2383 4832 2442 4871; x_wconf 87' lang='lat' dir='ltr'><strong>se</strong></span> <span class='ocrx_word' id='word_1_794' title='bbox 2497 4816 2893 4884; x_wconf 83' lang='lat' dir='ltr'><strong>indignatione,</strong></span> <span class='ocrx_word' id='word_1_795' title='bbox 2942 4829 3101 4882; x_wconf 84' lang='lat' dir='ltr'><strong>quam</strong></span> <span class='ocrx_word' id='word_1_796' title='bbox 3144 4813 3285 4866; x_wconf 72' lang='lat' dir='ltr'><strong>Deus</strong></span> <span class='ocrx_word' id='word_1_797' title='bbox 3328 4823 3545 4881; x_wconf 79' lang='lat' dir='ltr'><strong>propter</strong></span> <span class='ocrx_word' id='word_1_798' title='bbox 3574 4811 3679 4865; x_wconf 88' lang='lat' dir='ltr'><strong>alia</strong></span> 
     </span>
    </p>
   </div>
   <div class='ocr_carea' id='block_1_111' title="bbox 2083 4904 3678 4979">
    <p class='ocr_par' dir='ltr' id='par_1_111' title="bbox 2083 4904 3678 4979">
     <span class='ocr_line' id='line_1_111' title="bbox 2083 4904 3678 4979; baseline -0.004 -17"><span class='ocrx_word' id='word_1_799' title='bbox 2083 4908 2201 4979; x_wconf 87' lang='lat' dir='ltr'><strong>ejus</strong></span> <span class='ocrx_word' id='word_1_800' title='bbox 2232 4910 2369 4962; x_wconf 88' lang='lat' dir='ltr'><strong>bona</strong></span> <span class='ocrx_word' id='word_1_801' title='bbox 2402 4922 2567 4976; x_wconf 83' lang='lat' dir='ltr'><strong>Opera</strong></span> <span class='ocrx_word' id='word_1_802' title='bbox 2595 4908 2833 4961; x_wconf 80' lang='lat' dir='ltr'><strong>allevare</strong></span> <span class='ocrx_word' id='word_1_803' title='bbox 2858 4907 3132 4975; x_wconf 81' lang='lat' dir='ltr'><strong>dignetur.</strong></span> <span class='ocrx_word' id='word_1_804' title='bbox 3156 4904 3285 4958; x_wconf 84' lang='lat' dir='ltr'><strong>Post</strong></span> <span class='ocrx_word' id='word_1_805' title='bbox 3340 4905 3458 4972; x_wconf 86' lang='lat' dir='ltr'><strong>ejus</strong></span> <span class='ocrx_word' id='word_1_806' title='bbox 3500 4913 3678 4957; x_wconf 88' lang='lat' dir='ltr'><strong>autem</strong></span> 
     </span>
    </p>
   </div>
   <div class='ocr_carea' id='block_1_112' title="bbox 2084 4995 3677 5068">
    <p class='ocr_par' dir='ltr' id='par_1_112' title="bbox 2084 4995 3677 5068">
     <span class='ocr_line' id='line_1_112' title="bbox 2084 4995 3677 5068; baseline -0.003 -16"><span class='ocrx_word' id='word_1_807' title='bbox 2084 5012 2314 5054; x_wconf 87' lang='lat' dir='ltr'><strong>mortem</strong></span> <span class='ocrx_word' id='word_1_808' title='bbox 2375 5007 2619 5068; x_wconf 85' lang='lat' dir='ltr'><strong>tempore</strong></span> <span class='ocrx_word' id='word_1_809' title='bbox 2679 4997 3017 5054; x_wconf 78' lang='lat' dir='ltr'><strong>Sanetissiuti</strong></span> <span class='ocrx_word' id='word_1_810' title='bbox 3082 4998 3408 5065; x_wconf 69' lang='lat' dir='ltr'><strong>patriarcha:</strong></span> <span class='ocrx_word' id='word_1_811' title='bbox 3474 4995 3677 5050; x_wconf 81' lang='lat' dir='ltr'><strong>domini</strong></span> 
     </span>
    </p>
   </div>
   <div class='ocr_carea' id='block_1_113' title="bbox 2083 5088 3681 5160">
    <p class='ocr_par' dir='ltr' id='par_1_113' title="bbox 2083 5088 3681 5160">
     <span class='ocr_line' id='line_1_113' title="bbox 2083 5088 3681 5160; baseline -0.003 -15"><span class='ocrx_word' id='word_1_812' title='bbox 2083 5090 2284 5145; x_wconf 90' lang='lat' dir='ltr'><strong>Leonis</strong></span> <span class='ocrx_word' id='word_1_813' title='bbox 2316 5090 2560 5160; x_wconf 67' lang='lat' dir='ltr'><strong>Stuppae,</strong></span> <span class='ocrx_word' id='word_1_814' title='bbox 2606 5090 2854 5144; x_wconf 85' lang='lat' dir='ltr'><strong>nOnnulli</strong></span> <span class='ocrx_word' id='word_1_815' title='bbox 2904 5090 3121 5157; x_wconf 69' lang='lat' dir='ltr'><strong>quidem</strong></span> <span class='ocrx_word' id='word_1_816' title='bbox 3174 5088 3295 5158; x_wconf 80' lang='lat' dir='ltr'><strong>ejus</strong></span> <span class='ocrx_word' id='word_1_817' title='bbox 3335 5090 3574 5156; x_wconf 81' lang='lat' dir='ltr'><strong>cognati,</strong></span> <span class='ocrx_word' id='word_1_818' title='bbox 3627 5097 3681 5142; x_wconf 81' lang='lat' dir='ltr'><strong>et</strong></span> 
     </span>
    </p>
   </div>
   <div class='ocr_carea' id='block_1_114' title="bbox 2084 5180 3680 5253">
    <p class='ocr_par' dir='ltr' id='par_1_114' title="bbox 2084 5180 3680 5253">
     <span class='ocr_line' id='line_1_114' title="bbox 2084 5180 3680 5253; baseline -0.005 -12"><span class='ocrx_word' id='word_1_819' title='bbox 2084 5186 2248 5241; x_wconf 87' lang='lat' dir='ltr'><strong>etiam</strong></span> <span class='ocrx_word' id='word_1_820' title='bbox 2276 5186 2501 5249; x_wconf 81' lang='lat' dir='ltr'><strong>subditi,</strong></span> <span class='ocrx_word' id='word_1_821' title='bbox 2532 5185 2773 5253; x_wconf 75' lang='lat' dir='ltr'><strong>graviter</strong></span> <span class='ocrx_word' id='word_1_822' title='bbox 2800 5182 2973 5251; x_wconf 86' lang='lat' dir='ltr'><strong>puniti</strong></span> <span class='ocrx_word' id='word_1_823' title='bbox 2997 5190 3149 5245; x_wconf 88' lang='lat' dir='ltr'><strong>sunt,</strong></span> <span class='ocrx_word' id='word_1_824' title='bbox 3181 5182 3355 5249; x_wconf 89' lang='lat' dir='ltr'><strong>utqui</strong></span> <span class='ocrx_word' id='word_1_825' title='bbox 3380 5180 3680 5249; x_wconf 68' lang='lat' dir='ltr'><strong>saepissime</strong></span> 
     </span>
    </p>
   </div>
   <div class='ocr_carea' id='block_1_115' title="bbox 2084 5274 3677 5342">
    <p class='ocr_par' dir='ltr' id='par_1_115' title="bbox 2084 5274 3677 5342">
     <span class='ocr_line' id='line_1_115' title="bbox 2084 5274 3677 5342; baseline -0.004 -8"><span class='ocrx_word' id='word_1_826' title='bbox 2084 5278 2367 5334; x_wconf 83' lang='lat' dir='ltr'><strong>vaticinati</strong></span> <span class='ocrx_word' id='word_1_827' title='bbox 2416 5287 2622 5342; x_wconf 86' lang='lat' dir='ltr'><strong>essent,</strong></span> <span class='ocrx_word' id='word_1_828' title='bbox 2675 5285 2732 5331; x_wconf 87' lang='lat' dir='ltr'><strong>et</strong></span> <span class='ocrx_word' id='word_1_829' title='bbox 2783 5275 3043 5330; x_wconf 67' lang='lat' dir='ltr'><strong>satanicre</strong></span> <span class='ocrx_word' id='word_1_830' title='bbox 3094 5274 3320 5329; x_wconf 82' lang='lat' dir='ltr'><strong>nelari:e</strong></span> <span class='ocrx_word' id='word_1_831' title='bbox 3373 5275 3677 5341; x_wconf 84' lang='lat' dir='ltr'><strong>operationi</strong></span> 
     </span>
    </p>
   </div>
   <div class='ocr_carea' id='block_1_116' title="bbox 2082 5367 3680 5437">
    <p class='ocr_par' dir='ltr' id='par_1_116' title="bbox 2082 5367 3680 5437">
     <span class='ocr_line' id='line_1_116' title="bbox 2082 5367 3680 5437; baseline -0.005 -10"><span class='ocrx_word' id='word_1_832' title='bbox 2082 5381 2199 5428; x_wconf 80' lang='lat' dir='ltr'><strong>tcto</strong></span> <span class='ocrx_word' id='word_1_833' title='bbox 2223 5372 2405 5426; x_wconf 87' lang='lat' dir='ltr'><strong>animo</strong></span> <span class='ocrx_word' id='word_1_834' title='bbox 2432 5372 2818 5426; x_wconf 82' lang='lat' dir='ltr'><strong>credidissent.</strong></span> <span class='ocrx_word' id='word_1_835' title='bbox 2868 5369 2974 5424; x_wconf 81' lang='lat' dir='ltr'><strong>Alii</strong></span> <span class='ocrx_word' id='word_1_836' title='bbox 3018 5378 3196 5423; x_wconf 86' lang='lat' dir='ltr'><strong>autem</strong></span> <span class='ocrx_word' id='word_1_837' title='bbox 3255 5367 3517 5423; x_wconf 86' lang='lat' dir='ltr'><strong>mediocri</strong></span> <span class='ocrx_word' id='word_1_838' title='bbox 3555 5383 3680 5437; x_wconf 80' lang='lat' dir='ltr'><strong>sup-</strong></span> 
     </span>
    </p>
   </div>
   <div class='ocr_carea' id='block_1_117' title="bbox 2084 5459 3675 5534">
    <p class='ocr_par' dir='ltr' id='par_1_117' title="bbox 2084 5459 3675 5534">
     <span class='ocr_line' id='line_1_117' title="bbox 2084 5459 3675 5534; baseline -0.002 -17"><span class='ocrx_word' id='word_1_839' title='bbox 2084 5463 2247 5534; x_wconf 88' lang='lat' dir='ltr'><strong>plicio</strong></span> <span class='ocrx_word' id='word_1_840' title='bbox 2267 5462 2443 5518; x_wconf 80' lang='lat' dir='ltr'><strong>curati</strong></span> <span class='ocrx_word' id='word_1_841' title='bbox 2468 5471 2617 5527; x_wconf 81' lang='grc' dir='ltr'>ειιιιι,</span> <span class='ocrx_word' id='word_1_842' title='bbox 2651 5471 2709 5515; x_wconf 88' lang='grc' dir='ltr'><strong>ιιι</strong></span> <span class='ocrx_word' id='word_1_843' title='bbox 2739 5462 2830 5531; x_wconf 90' lang='lat' dir='ltr'><strong>qui</strong></span> <span class='ocrx_word' id='word_1_844' title='bbox 2864 5476 2971 5517; x_wconf 86' lang='lat' dir='ltr'><strong>non</strong></span> <span class='ocrx_word' id='word_1_845' title='bbox 3031 5475 3195 5531; x_wconf 58' lang='lat' dir='ltr'><strong>sape,</strong></span> <span class='ocrx_word' id='word_1_846' title='bbox 3252 5474 3352 5515; x_wconf 83' lang='lat' dir='ltr'><strong>nec</strong></span> <span class='ocrx_word' id='word_1_847' title='bbox 3397 5476 3461 5514; x_wconf 79' lang='lat' dir='ltr'><strong>cx</strong></span> <span class='ocrx_word' id='word_1_848' title='bbox 3494 5459 3675 5514; x_wconf 87' lang='lat' dir='ltr'><strong>animo</strong></span> 
     </span>
    </p>
   </div>
   <div class='ocr_carea' id='block_1_118' title="bbox 2084 5550 3676 5621">
    <p class='ocr_par' dir='ltr' id='par_1_118' title="bbox 2084 5550 3676 5621">
     <span class='ocr_line' id='line_1_118' title="bbox 2084 5550 3676 5621; baseline -0.004 -11"><span class='ocrx_word' id='word_1_849' title='bbox 2084 5555 2283 5611; x_wconf 89' lang='lat' dir='ltr'><strong>malum</strong></span> <span class='ocrx_word' id='word_1_850' title='bbox 2316 5555 2449 5609; x_wconf 89' lang='lat' dir='ltr'><strong>illud</strong></span> <span class='ocrx_word' id='word_1_851' title='bbox 2484 5553 2660 5609; x_wconf 87' lang='lat' dir='ltr'><strong>secuti</strong></span> <span class='ocrx_word' id='word_1_852' title='bbox 2692 5561 2901 5610; x_wconf 87' lang='lat' dir='ltr'><strong>essent.</strong></span> <span class='ocrx_word' id='word_1_853' title='bbox 2935 5550 3032 5607; x_wconf 86' lang='lat' dir='ltr'><strong>Est</strong></span> <span class='ocrx_word' id='word_1_854' title='bbox 3072 5552 3257 5621; x_wconf 82' lang='lat' dir='ltr'><strong>itaque</strong></span> <span class='ocrx_word' id='word_1_855' title='bbox 3292 5565 3467 5605; x_wconf 85' lang='lat' dir='ltr'><strong>canon</strong></span> <span class='ocrx_word' id='word_1_856' title='bbox 3498 5559 3676 5605; x_wconf 80' lang='lat' dir='ltr'><strong>atten-</strong></span> 
     </span>
    </p>
   </div>
   <div class='ocr_carea' id='block_1_119' title="bbox 2083 5643 3665 5718">
    <p class='ocr_par' dir='ltr' id='par_1_119' title="bbox 2083 5643 3665 5718">
     <span class='ocr_line' id='line_1_119' title="bbox 2083 5643 3665 5718; baseline -0.005 -15"><span class='ocrx_word' id='word_1_857' title='bbox 2083 5649 2314 5713; x_wconf 82' lang='lat' dir='ltr'><strong>dendus,</strong></span> <span class='ocrx_word' id='word_1_858' title='bbox 2368 5655 2426 5703; x_wconf 87' lang='lat' dir='ltr'><strong>et</strong></span> <span class='ocrx_word' id='word_1_859' title='bbox 2482 5646 2574 5701; x_wconf 87' lang='lat' dir='ltr'><strong>Dei</strong></span> <span class='ocrx_word' id='word_1_860' title='bbox 2627 5645 3233 5718; x_wconf 79' lang='lat' dir='ltr'><strong>judicio,relinquenda</strong></span> <span class='ocrx_word' id='word_1_861' title='bbox 3281 5643 3665 5713; x_wconf 62' lang='lat' dir='ltr'><strong>mandantium</strong></span> 
     </span>
    </p>
   </div>
   <div class='ocr_carea' id='block_1_120' title="bbox 2080 5737 3675 5812">
    <p class='ocr_par' dir='ltr' id='par_1_120' title="bbox 2080 5737 3675 5812">
     <span class='ocr_line' id='line_1_120' title="bbox 2080 5737 3675 5812; baseline -0.003 -15"><span class='ocrx_word' id='word_1_862' title='bbox 2080 5757 2233 5809; x_wconf 81' lang='lat' dir='ltr'><strong>cura,</strong></span> <span class='ocrx_word' id='word_1_863' title='bbox 2267 5742 2359 5812; x_wconf 86' lang='lat' dir='ltr'><strong>qui</strong></span> <span class='ocrx_word' id='word_1_864' title='bbox 2395 5739 2512 5794; x_wconf 82' lang='lat' dir='ltr'><strong>solo</strong></span> <span class='ocrx_word' id='word_1_865' title='bbox 2545 5741 2715 5795; x_wconf 82' lang='lat' dir='ltr'><strong>verbo</strong></span> <span class='ocrx_word' id='word_1_866' title='bbox 2767 5738 3063 5795; x_wconf 84' lang='lat' dir='ltr'><strong>dissolutas</strong></span> <span class='ocrx_word' id='word_1_867' title='bbox 3114 5737 3390 5805; x_wconf 73' lang='lat' dir='ltr'><strong>astringit,</strong></span> <span class='ocrx_word' id='word_1_868' title='bbox 3458 5747 3561 5792; x_wconf 76' lang='lat' dir='ltr'><strong>nec</strong></span> <span class='ocrx_word' id='word_1_869' title='bbox 3613 5750 3675 5791; x_wconf 65' lang='lat' dir='ltr'><strong>se</strong></span> 
     </span>
    </p>
   </div>
   <div class='ocr_carea' id='block_1_121' title="bbox 2085 5829 3670 5902">
    <p class='ocr_par' dir='ltr' id='par_1_121' title="bbox 2085 5829 3670 5902">
     <span class='ocr_line' id='line_1_121' title="bbox 2085 5829 3670 5902; baseline -0.004 -14"><span class='ocrx_word' id='word_1_870' title='bbox 2085 5831 2300 5888; x_wconf 79' lang='lat' dir='ltr'><strong>tradere</strong></span> <span class='ocrx_word' id='word_1_871' title='bbox 2361 5840 2577 5902; x_wconf 82' lang='lat' dir='ltr'><strong>oportet</strong></span> <span class='ocrx_word' id='word_1_872' title='bbox 2636 5831 2901 5889; x_wconf 74' lang='lat' dir='ltr'><strong>satanicis</strong></span> <span class='ocrx_word' id='word_1_873' title='bbox 2964 5829 3309 5901; x_wconf 79' lang='lat' dir='ltr'><strong>imposturis,</strong></span> <span class='ocrx_word' id='word_1_874' title='bbox 3382 5840 3502 5898; x_wconf 59' lang='lat' dir='ltr'><strong>qua</strong></span> <span class='ocrx_word' id='word_1_875' title='bbox 3562 5840 3670 5881; x_wconf 78' lang='lat' dir='ltr'><strong>non</strong></span> 
     </span>
    </p>
   </div>
  </div>
