4008 6418
371 336 479 399 803

1658 331 1940 395 THEOD.
1987 332 2390 393 BALSAMOV

3544 340 3649 406 804

373 446 544 499 solam
590 456 882 513 corporum
952 442 1241 500 sanitatem
1304 441 1583 503 aufertuit.
1656 443 1750 496 sed
1803 443 1954 496 etiam

2077 443 2358 514 ἐπιτιμίου
2393 443 2871 517 ἐθεραπεύθησαν,
2909 447 2988 511 ὡς
3039 446 3118 521 μὴ
3148 448 3470 515 πλειστάκις
3527 452 3650 523 μηδ’

374 536 699 591 animarum.
762 534 907 604 Lege
967 536 1282 591 vicesimum
1331 542 1498 604 eaput
1555 533 1750 586 decimi
1814 534 1957 588 tertii

376 627 515 681 tituli
546 626 832 697 praesentis
856 627 1063 696 operis,
1092 637 1148 681 et
1172 625 1487 680 vicesimum
1516 623 1765 692 quintum
1798 631 1961 693 caput

375 719 503 773 noni
537 720 699 783 tituli,
734 730 790 774 et
826 720 1143 774 vicesimum
1169 728 1424 787 quartum
1473 728 1738 772 canonem
1765 714 1961 784 synodi

373 811 704 881 Ancyranaz.

2070 533 2330 605 ἐκθύμως
2360 535 2436 605 τῷ
2461 537 2617 608 κακῷ
2644 538 3137 609 ἀκολουθήσαντες.
3174 542 3520 613 Προσεκτέον
3551 540 3645 600 οὖν

2068 625 2150 695 τῷ
2184 628 2391 694 κανόνι,
2424 629 2520 683 καὶ
2550 631 2629 693 είς
2656 629 2790 683 Θεὸν
2816 630 3103 685 ἀναθετέον
3130 634 3230 697 τάς
3256 635 3368 687 τῶν
3387 636 3645 704 νοσηλευ-

2068 719 2280 787 ομένων
2302 719 2604 790 θεραπείας
2655 722 2732 794 τῷ
2791 724 2938 795 λόγῳ
2983 725 3132 796 μόνῳ
3186 727 3647 798 παραλελυμένας

2076 810 2290 879 σάρκας
2344 813 2748 881 συσφίγεαντα·
2800 818 2892 869 καὶ
2934 816 3010 886 μὴ
3073 819 3370 887 προδοτῶν
3423 818 3649 882 ἑαυτοὺς

376 903 455 964 είς
497 905 831 973 μαγγανείας
866 902 1188 966 σατανικὰς.
1262 899 1682 971 ἀφαιρουμένας
1742 901 1817 970 μὴ
1875 900 2047 970 μόνην
2110 903 2208 974 τὴν
2276 905 2387 959 τῶν
2455 909 2727 978 σωμάτων
2760 909 2972 977 ὑγείαν,
3009 910 3149 965 ἀλλὰ
3169 913 3266 966 καὶ
3293 913 3407 965 τῶν
3437 912 3649 983 ψυχῶν.

387 997 690 1066 ’Ᾱνὰγνωθι
717 1002 812 1052 καὶ
848 1001 909 1053 τὸ
944 1005 993 1051 κ’
1023 998 1321 1066 κεφάλαιον
1368 995 1465 1049 τοῦ
1498 993 1565 1062 ιγ’
1620 995 1805 1049 τίτλου
1846 995 1942 1049 τοῦ
1981 997 2257 1067 παρόντος
2317 1001 2722 1072 συντάγματος,
2773 1004 2871 1057 καὶ
2920 1003 2984 1057 τὸ
3033 1010 3113 1058 κε’
3150 1021 3278 1075 κεφ.
3320 1006 3423 1074 τῆς
3473 1007 3650 1061 τίτλου

373 1090 471 1144 καὶ
491 1091 582 1141 τὸν
621 1090 699 1142 κδ’
732 1090 933 1143 κανόνα
959 1091 1060 1157 τῆς
1090 1091 1147 1141 ὲν
1208 1084 1462 1157 ’Λγκύρᾳ
1496 1085 1743 1139 συνόδου.

903 1180 1024 1233 Alia
1058 1181 1444 1249 interpretatio.

449 1272 527 1327 De
554 1273 621 1327 iis
654 1281 834 1327 autem
867 1273 956 1341 qui
982 1276 1049 1326 ad
1091 1288 1310 1341 ti‘iagos,
1351 1281 1405 1327 et
1442 1278 1617 1336 vates,
1666 1280 1719 1324 et
1755 1270 1947 1325 incan-

376 1370 540 1423 tores,
565 1367 619 1413 et
661 1362 727 1411 ad
763 1374 860 1413 eos
888 1359 1160 1415 accedunt
1187 1360 1276 1425 qui
1316 1360 1553 1415 amuleta
1593 1369 1649 1414 et
1672 1358 1775 1413 alia
1814 1373 1960 1428 qua:-

378 1450 502 1502 tlam
535 1450 832 1503 daemonica
863 1448 1095 1509 faciunt,
1131 1450 1246 1519 lege
1267 1448 1641 1520 Chrysostouti
1692 1451 1960 1517 interpre-

381 1541 641 1595 tationem
706 1542 951 1608 epistola:
1013 1541 1084 1596 ad
1162 1539 1548 1606 Colosscnses,
1610 1541 1961 1608 ejusdemque

378 1632 653 1684 homiliam
686 1642 897 1686 sextam
925 1632 979 1686 in
1004 1631 1219 1699 Judam,
1243 1647 1361 1703 quae
1393 1637 1568 1696 docet,
1590 1635 1730 1702 quod
1760 1634 1805 1687 si
1837 1635 1959 1703 quis

2539 1182 2744 1256 Ἑτέρα
2765 1186 3074 1255 ἑρμηνεία.

2137 1272 2276 1341 Περὶ
2327 1273 2385 1328 δὲ
2432 1276 2543 1330 τῶν
2592 1280 3051 1348 προσερχομένων
3106 1280 3304 1349 μάγοις
3329 1280 3363 1352 ἢ
3391 1281 3647 1347 μάντεσι,

2065 1364 2160 1416 καὶ
2182 1364 2436 1435 ἐπῳδοῖς,
2466 1368 2700 1431 καὶτοῖς
2739 1370 2955 1423 ποιοῦσι
3006 1370 3291 1442 περίαπτα
3335 1372 3436 1425 καὶ
3484 1371 3652 1443 ἓτερά

2065 1470 2190 1507 τινα
2222 1456 2533 1525 δαιμονικά,
2562 1461 2838 1527 ἀνάγνωθι
2865 1462 2964 1531 τὴν
2998 1465 3097 1532 τῆς
3126 1465 3261 1535 πρὸς
3310 1464 3648 1528 Κολοσσαεϊς

2065 1547 2358 1618 ἐπιστολῆς
2386 1551 2684 1620 ἑρμηνείαν
2705 1551 2799 1605 τοῦ
2825 1554 3238 1625 Χρυσοστόμου,
3258 1558 3355 1609 καὶ
3387 1556 3482 1609 τὸν
3506 1556 3648 1609 κατὰ

2078 1637 2250 1692 Ἰούδα
2291 1647 2345 1705 ς’
2369 1642 2530 1710 λόγον
2575 1643 2761 1708 αὑτοῦ,
2803 1645 3124 1700 διδάσκοντα
3160 1647 3257 1712 ὡς,
3290 1647 3403 1701 κᾶν
3451 1648 3649 1716 νεκρὸν

375 1733 622 1774 sanctam
665 1736 772 1777 non
812 1738 977 1791 agens
1004 1724 1168 1779 vitam
1206 1735 1475 1779 mortuum
1522 1727 1949 1793 resuscitaverit,

2077 1727 2342 1799 Ιιναστήσῃ
2387 1747 2472 1794 τις
2517 1730 2593 1800 μὴ
2624 1731 2735 1796 ζῶν
2774 1734 3146 1805 ἁγιοπρεπῶς,
3189 1711 3266 1806 μὴ
3300 1711 3646 1799 πιστευτέον,

378 1812 427 1866 ei
464 1828 569 1865 non
594 1824 675 1867 est
703 1815 1054 1882 credendum,
1081 1817 1174 1870 sed
1208 1816 1534 1886 rejicicndns
1564 1825 1670 1874 est.

452 1902 709 1958 ΖΟΝΑΙὶ.
744 1904 1096 1975 Sexagesimo
1123 1909 1315 1976 quinto
1351 1923 1580 1969 canene,
1617 1908 1709 1978 qui
1742 1912 1956 1980 prasti-

378 1997 520 2065 gias,
553 2006 647 2050 aut
686 1999 1006 2053 venetlciutn
1042 1996 1299 2065 fatentur,
1340 2000 1736 2059 homicidarum
1784 2004 1957 2073 poenis

376 2090 617 2157 subjicit.
649 2089 799 2155 Quos
849 2104 977 2142 vero
1009 2088 1098 2143 hic
1129 2098 1412 2155 memorat,
1469 2092 1730 2147 sexennio
1771 2108 1958 2162 θεειο-

377 2196 534 2251 gaios
573 2198 694 2238 esse
716 2183 891 2252 jubet.
916 2183 1100 2252 Neque
1130 2199 1258 2237 vero
1284 2199 1467 2239 secum
1498 2185 1610 2253 ipse
1629 2187 1713 2239 vir
1740 2194 1959 2240 sanctus

376 2284 625 2342 pugnat:
661 2277 754 2329 sed
796 2276 868 2328 ibi
901 2276 1147 2343 quidem,
1183 2275 1252 2331 de
1287 2276 1351 2330 iis
1374 2276 1464 2345 qni
1508 2278 1807 2345 praestigias
1862 2293 1957 2348 per

377 2381 437 2433 se
465 2368 562 2434 ipsi
596 2376 876 2430 exercent,
906 2380 971 2420 ac
999 2380 1204 2420 venena
1239 2367 1305 2420 ad
1338 2367 1641 2436 perniciem
1669 2369 1946 2423 hominum

378 2458 632 2521 miscent,
663 2459 923 2521 decrevit,
945 2458 1024 2511 vel
1048 2458 1210 2513 etiam
1242 2461 1307 2512 de
1339 2458 1405 2513 iis
1430 2460 1519 2528 qui
1554 2461 1761 2515 illorum
1787 2474 1955 2529 Opera

375 2549 443 2603 ad
484 2548 751 2618 ejusmodi
786 2564 874 2602 res
911 2560 1138 2603 uluutur
1166 2566 1180 2602 :
1211 2549 1315 2603 hoc
1351 2549 1469 2605 loco
1500 2565 1632 2605 vero
1671 2552 1736 2606 de
1769 2550 1832 2606 iis
1860 2552 1952 2620 qui

378 2642 649 2696 vaticiniis
682 2642 931 2701 credunt.
962 2644 1282 2713 vatihusque
1314 2650 1538 2697 utuntur
1569 2644 1636 2697 ad
1663 2646 1954 2699 venelieio-

382 2747 498 2784 rum
531 2733 917 2797 inientionetn,
970 2739 1133 2803 atque
1163 2736 1229 2788 ad
1264 2734 1500 2788 maculas
1548 2734 1704 2802 forte,
1740 2751 1859 2806 quaD
1889 2752 1958 2791 ex

380 2822 659 2881 veneﬁciis
697 2825 1049 2888 inhaeserant,
1079 2829 1481 2897 expurgandus,
1515 2825 1799 2893 illatasque
1828 2828 1951 2880 inde

383 2931 550 2969 noxas
602 2918 1071 2983 averruncandae,
1115 2933 1177 2971 ac
1222 2921 1547 2973 nlt'dlCillaln
1590 2920 1813 2984 morbis,
1862 2935 1956 2988 per

376 3006 641 3074 i-jusmodi
685 3010 1011 3075 importatis,
1052 3008 1436 3065 adhibendam.
1464 3009 1731 3064 Caeterum
1763 3010 1956 3064 vicesi-

378 3115 500 3152 mus
532 3108 759 3168 quartus
803 3104 1107 3171 Ancyrana:
1138 3102 1326 3170 synodi
1360 3117 1556 3164 canon,
1593 3101 1952 3170 quinquennii

377 3189 814 3258 segregationem
859 3194 910 3244 in
947 3192 1208 3259 ejusmodi
1254 3193 1502 3246 homines
1536 3192 1809 3246 decernit.

449 3278 678 3335 ARIST.
712 3280 814 3348 Qui
855 3282 1065 3337 vatibus
1088 3284 1245 3337 Iidem
1271 3283 1465 3336 habent
1491 3293 1545 3336 et
1577 3282 1631 3335 in
1653 3284 1798 3337 :edes
1827 3296 1956 3337 suas

376 3372 587 3442 aliquos
632 3373 981 3427 introducunt
1016 3376 1081 3427 ad
1135 3376 1514 3429 veneﬁciorum
1553 3375 1951 3440 inventionem,

373 3482 487 3518 uno
519 3480 664 3519 anno
692 3466 945 3527 deﬂeant,
994 3466 1166 3521 altero
1211 3467 1453 3527 audiant,
1484 3466 1658 3520 tribus
1704 3466 1955 3520 subster-

377 3569 595 3622 nantur,
627 3567 682 3610 et
710 3572 831 3610 cum
877 3571 986 3611 nuo
1013 3558 1358 3611 constiterint
1412 3557 1553 3610 inter
1600 3557 1803 3623 ﬁdeles,
1857 3557 1952 3611 ad-

376 3647 677 3700 mittuntur.
715 3644 1059 3717 Perspicuus.

805 3762 966 3833 136
993 3760 1221 3818 CANON
1256 3759 1542 3817 LXXXIV.
1576 3759 1583 3763 ’

373 3850 498 3906 Haec
527 3862 704 3904 autem
735 3858 917 3905 omnia
951 3853 1263 3915 scribimus,
1298 3864 1356 3906 ut
1379 3852 1709 3921 paenitentia:
1740 3852 1949 3915 fruetus

442 3940 722 4006 probetur.
756 3937 870 3991 Non
903 3941 1048 3993 enim
1084 3940 1197 3993 lnec
1230 3943 1453 3996 omnino
1475 3951 1715 4010 tempore
1736 3940 1953 4010 judica-

441 4045 565 4083 mus
599 4046 613 4083 :
648 4032 740 4084 sed
777 4030 994 4084 modum
1028 4032 1357 4101 paruitcntie
1399 4035 1751 4087 attendimus.
1797 4032 1953 4099 Quod

438 4120 602 4190 siqui
636 4136 664 4174 a
697 4122 929 4193 propriis
972 4126 1214 4179 moribus
1258 4141 1362 4180 non
1406 4124 1569 4180 facile
1617 4124 1944 4189 avellantur,

434 4224 492 4268 ct
537 4214 720 4267 Carnis
763 4215 1126 4284 voluptatibus
1159 4219 1334 4286 potius
1369 4233 1531 4287 quam
1572 4215 1801 4271 Domino
1834 4230 1949 4269 ser-

440 4306 558 4359 vire
594 4304 885 4371 voluerint,
915 4309 1189 4378 vitamque
1212 4325 1276 4362 ex
1312 4308 1604 4378 Evangelio
1644 4308 1944 4361 institutam

435 4412 547 4451 non
576 4397 882 4464 admittant,
922 4400 1066 4454 nulla
1096 4408 1179 4454 est
1213 4399 1368 4453 nobis
1394 4412 1519 4452 cum
1561 4397 1667 4451 illis
1699 4410 1946 4449 commu-
1979 4403 2027 4458 ο

437 4490 527 4543 nis
561 4489 718 4542 ratio.
748 4488 856 4544 Nos
884 4492 1029 4544 enim
1079 4492 1134 4543 in
1183 4488 1528 4543 inoheJiente
1574 4496 1627 4540 et
1671 4488 1945 4540 contradi-

438 4589 601 4635 cente
629 4582 825 4650 pupulo
858 4581 1049 4635 audire
1088 4580 1231 4633 docti
1271 4592 1489 4632 sumus:
1518 4575 1747 4631 Serrana
1797 4592 1947 4631 serva

444 4673 681 4726 animam
710 4685 885 4726 tuam.

441 4761 637 4817 BALS.
671 4744 884 4817 ln'eau.
917 4762 985 4816 74
1015 4758 1223 4812 tleﬁniit
1253 4766 1472 4813 sanctus
1496 4773 1616 4813 esse
1653 4743 1942 4814 moderan-

366 4843 496 4911 dum
552 4856 887 4923 poenitentiae
936 4863 1150 4919 tempus
1200 4850 1251 4904 in
1302 4851 1368 4904 iis
1418 4851 1511 4920 qui
1568 4850 1942 4920 ptenitentiam

373 4948 664 5019 diligenter
686 4954 877 5014 agunt.
903 4940 1004 4996 Hic
1032 4953 1212 4996 autem
1244 4941 1379 4996 dicit
1404 4958 1434 4997 a
1482 4957 1639 5013 poena
1673 4958 1780 4997 non
1809 4943 1948 4997 libe-

376 5044 580 5093 t'audos
641 5038 735 5106 qui
797 5034 973 5106 poenis
1035 5034 1370 5105 negligenter
1417 5037 1684 5089 serviunt.
1747 5032 1951 5087 Statuit

364 5132 516 5184 enim
558 5138 618 5182 ut
648 5129 699 5181 in
721 5142 814 5182 eos
845 5141 1013 5196 pinna:
1049 5135 1434 5197 aggraventur.
1463 5123 1666 5180 Eorum
1703 5139 1828 5179 vero
1856 5125 1946 5192 qui

366 5236 403 5272 a
435 5219 578 5273 maio
611 5233 717 5272 non
744 5219 1013 5274 desistunt
1053 5228 1170 5285 post
1210 5216 1634 5280 cculessionetn,
1674 5216 1768 5271 sed
1803 5216 1854 5269 in
1885 5232 1949 5271 eo

365 5321 744 5381 perseverant,
781 5309 933 5381 jubet
960 5309 1163 5363 nullam
1194 5308 1385 5363 haberi
1437 5310 1727 5363 rationem.
1777 5307 1948 5362 Audi-

369 5418 497 5459 mus
520 5404 692 5471 enim,
732 5404 931 5472 inquit,
959 5419 1026 5458 ex
1055 5403 1366 5473 Scriptura,
1395 5399 1624 5458 Servum
1651 5415 1799 5455 senm
1828 5389 1941 5454 atti-

368 5511 516 5551 mant
546 5505 715 5552 tuam.
748 5494 885 5551 Vide
913 5494 1118 5551 scilicet
1158 5511 1225 5548 ne
1264 5504 1314 5549 te
1358 5497 1532 5564 ipsum
1590 5496 1781 5562 perdas
1825 5509 1948 5548 cum

378 5590 451 5643 iis
470 5603 802 5644 conversans
828 5588 918 5659 qui
952 5587 1148 5659 corrigi
1184 5594 1476 5655 nequeunt.
1507 5586 1645 5641 Nota
1675 5600 1802 5657 ergo
1844 5584 1952 5641 duo

373 5680 750 5749 pulcherrima
787 5695 851 5735 ex
885 5678 1135 5749 pra‘srnti
1159 5691 1388 5743 canone,
1424 5678 1564 5745 quod
1603 5677 1954 5747 quemadmo-

373 5779 507 5847 dum
534 5783 714 5840 poena:
741 5773 807 5827 iis
844 5775 1158 5830 minuuntur
1191 5771 1281 5841 qui
1310 5768 1638 5826 confessioni
1669 5769 1957 5836 diligenter

2067 1814 2208 1866 ἀλλά
2234 1832 2372 1870 κατα
2380 1821 2633 1887 ργητέον.

2140 1906 2386 1960 ΖΩΝΑΡ.
2437 1908 2528 1961 Ἐν
2560 1909 2638 1981 τῷ
2672 1910 2743 1977 ξε¹
2790 1913 2978 1967 κανόνι
3024 1914 3154 1978 τοὺς
3173 1914 3469 1987 γόητας.ἢ
3504 1931 3648 1986 φαρ-

2064 2000 2298 2067 μακείαν
2326 2000 2773 2072 ἐξαγορεύοντας,
2793 2004 2867 2074 τῷ
2902 2007 3107 2074 φονέως
3128 2006 3331 2074 ὑπάγει
3354 2007 3645 2078 ἐπιτιμίῳ.

2062 2089 2169 2164 Οὓς
2198 2090 2255 2143 δὲ
2285 2091 2435 2160 λέγει
2468 2092 2723 2157 ἐνταῦθα,
2750 2100 2806 2146 ἐν
2838 2093 2898 2159 ἒξ
2928 2094 3179 2164 ἀφορίζει
3212 2099 3507 2159 ἐνιαυτοῖς.
3536 2094 3645 2149 Καὶ

2058 2183 2160 2235 οὐκ
2203 2183 2547 2237 ἐναντιοῦται
2582 2187 2610 2238 ὁ
2653 2183 2811 2252 ἆγιος
2841 2185 3047 2255 ἑαυτῷ,
3079 2187 3197 2239 ἀλλ’
3219 2189 3343 2240 ἐκεῖ
3383 2189 3486 2257 μὲν
3514 2189 3646 2257 περὶ

2060 2274 2169 2327 τῶν
2194 2274 2364 2327 αύτου
2380 2275 2656 2345 ργούντων
2677 2278 2777 2337 τὰς
2809 2277 3087 2345 γοητείας,
3144 2278 3238 2331 καὶ
3259 2278 3329 2331 τὰ
3369 2278 3644 2348 φάρμακα

2060 2367 2437 2437 κεραννύντων
2491 2370 2571 2430 εἰς
2594 2366 2799 2437 βλάϐην
2854 2366 3160 2439 ἀνθρώπων
3208 2370 3531 2437 διετάξατο,
3600 2371 3632 2442 ἢ

2059 2460 2155 2511 καὶ
2187 2458 2293 2510 τῶν
2328 2459 2626 2528 χρωμένων
2683 2460 2868 2522 αὐτοῖς
2936 2463 2994 2513 ἐν
3049 2461 3318 2526 τοιούτοις
3347 2476 3361 2491 ·
3403 2463 3642 2517 ἐνταῦθα

2056 2549 2114 2603 δὲ
2143 2550 2398 2620 περὶτῶν
2438 2537 2719 2619 μαντείαις
2754 2553 3146 2615 πιστευόντων,
3187 2556 3495 2623 χρωμένων
3526 2558 3638 2620 τοῖς

2060 2642 2336 2708 μάντεσιν,
2394 2643 2474 2701 είς
2523 2640 2742 2711 εὕρεσιν
2809 2645 3196 2712 φαρμακειῶν,
3253 2647 3348 2699 καὶ
3410 2652 3495 2711 ei;
3544 2649 3641 2702 κάν

2061 2731 2256 2802 θαρσιν
2286 2734 2427 2802 τάχα
2482 2732 2576 2785 τοῦ
2626 2733 2689 2785 ἐκ
2746 2735 3099 2803 φαρμακείας
3165 2739 3504 2807 μιάσματος,
3548 2740 3643 2792 καὶ

2058 2824 2136 2886 εἰς
2193 2825 2644 2894 ἀποτροπιασμον
2687 2826 2786 2894 τῆς
2831 2829 2896 2879 ὲκ
2958 2827 3215 2881 τοιούτων
3272 2830 3504 2899 βλάϐης,
3545 2831 3641 2885 καὶ

2061 2912 2361 2983 Θεραπείαν
2418 2913 2579 2983 δῆθεν
2652 2914 2761 2966 τῶν
2829 2919 3265 2987 τοιουτοτρόπως
3322 2922 3637 2989 γινομένων

2062 3005 2428 3073 παθημάτων.
2477 3004 2534 3056 Ὀ
2567 3003 2623 3056 δὲ
2654 3004 2731 3057 κδ’
2762 3004 2944 3057 κανὼν
2971 3006 3068 3077 τῆς
3100 3008 3158 3062 ἐν
3202 3009 3447 3080 Ἀγκύρῃ
3513 3025 3637 3062 συν·

2058 3095 2179 3147 ὁδου
2223 3094 2550 3156 π-νταετίας
2603 3094 2775 3164 ὁρίζει
2835 3098 2977 3148 κατὰ
3007 3096 3115 3149 τῶν
3144 3098 3401 3152 τοιούτων
3442 3101 3639 3169 ἀφορι-

2060 3186 2217 3253 σμόν.

2130 3277 2356 3332 ΑΡΙΣΤ.
2415 3282 2478 3329 0.
2540 3277 2765 3347 μάντεσι
2818 3278 3171 3344 πιστεύοντες
3223 3279 3254 3347 ἦ
3317 3280 3635 3345 εἰσάγοντες

2056 3385 2209 3432 τινας
2239 3370 2319 3431 εἰς
2352 3368 2445 3432 τὰς
2508 3370 2716 3433 οἰκείας
2773 3371 2952 3425 αὐτῶν
3008 3374 3099 3424 ἐπὶ
3140 3370 3425 3442 ἀνεύρεσιν
3470 3385 3634 3423 τινων

2059 3460 2422 3530 φαρμακειῶν
2481 3460 2730 3515 ἐνιαυτὸν
2816 3460 3324 3530 προσκλαιέτωσαν,
3383 3460 3636 3513 ἐνιαυτὸν

2055 3551 2469 3622 ἀκροάσοωσαν,
2524 3557 2674 3622 τρεῖς
2740 3554 3225 3616 ύποπιπτὲτωσαν,
3283 3559 3377 3606 καὶ
3435 3555 3494 3606 ἐν
3557 3552 3639 3605 ἑνὶ

2059 3643 2383 3710 συστάντες,
2416 3645 2527 3706 τοῖς
2556 3647 2791 3707 πιστοῖς,
2844 3643 3215 3715 δεχθὴτωσαν.
3251 3644 3462 3716 Σαφής.

2642 3736 2878 3789 ΚΔΝΩΝ
2905 3737 3026 3791 HA‘.

2056 3829 2244 3884 Πάντα
2274 3830 2332 3883 δὲ
2362 3830 2535 3885 ταῦτα
2574 3832 2882 3901 γράφομεν,
2925 3831 3067 3884 ὥστε
3098 3832 3226 3895 τοὺς
3274 3831 3523 3899 καρποὺς
3551 3834 3634 3881 δο-

2133 3922 2469 3991 κιμάζεσθαι
2496 3924 2596 3991 τῆς
2621 3925 2936 3992 μετανοίας.
2965 3925 3038 3977 Οὐ
3066 3924 3177 3994 γὰρ
3201 3926 3422 3987 παντως
3452 3922 3632 3993 χρόνῳ

2127 4014 2385 4084 κρίνομεν
2402 4014 2471 4067 τὰ
2492 4015 2740 4097 τοιαύτά,
2769 4017 2905 4069 ἀλλὰ
2920 4016 2997 4083 τῷ
3015 4016 3202 4085 τρόπῳ
3229 4017 3328 4084 τῆς
3346 4014 3639 4084 μετανοίας

2128 4110 2490 4177 προσέχομεν.
2527 4109 2651 4161 Ἐάν
2680 4110 2735 4163 δὲ
2756 4110 3226 4170 δυσαποσπάστως
3262 4108 3497 4178 ἔχωνται
3528 4109 3639 4161 τῶν

2126 4200 2278 4252 ἰδίων
2309 4201 2470 4265 ὲΟῶν,
2502 4203 2596 4253 καὶ
2645 4205 2764 4265 ταῖς
2802 4203 3017 4271 ἡδοναῖς
3057 4199 3156 4269 τῆς
3193 4203 3398 4268 σαρκὸς
3431 4203 3636 4272 μᾶλλον

2126 4290 2400 4342 δουλεύειν
2429 4290 2756 4359 Οελήσωσιν,
2790 4292 2824 4353 ἢ
2853 4291 2931 4361 τῷ
2966 4291 3175 4361 Κυρίῳ,
3227 4294 3319 4344 καὶ
3344 4294 3446 4362 τὴν
3490 4295 3634 4346 κατὰ

2082 4366 2184 4453 ’τὸ
2239 4381 2566 4450 Εὐαγγέλιον
2624 4380 2767 4451 ζωὴν
2848 4382 2922 4450 μὴ
2971 4382 3408 4452 παραδέχωνται,
3464 4384 3642 4445 οὐδεὶς

2130 4476 2262 4545 ἡμῖν
2287 4475 2422 4541 πρὸς
2449 4474 2646 4536 αὐτοὺς
2668 4473 2847 4542 λόγος.
2879 4473 3072 4542 Ἡμεῖς
3102 4475 3212 4544 γὰρ
3245 4477 3303 4526 ἐν
3334 4474 3452 4544 λαῴ
3484 4478 3641 4528 ἁπειο

2129 4567 2211 4621 θεῖ
2279 4566 2373 4619 καὶ
2435 4564 2770 4635 άντιλέγοντι
2838 4566 3200 4636 δεδιδάγμεθα
3254 4565 3477 4619 ἀκούειν
3536 4566 3638 4621 ὅτι.

2017 4714 2025 4719 ,
2125 4657 2331 4717 Σὼζων
2360 4655 2509 4719 σῶζε
2531 4658 2647 4727 τὴν
2664 4658 2928 4712 σεαυτοῦ
2960 4657 3195 4727 ψυχήν.

2130 4752 2329 4806 ΒΑΛΣ.
2369 4751 2457 4804 Ἐν
2495 4752 2594 4822 μὲν
2621 4750 2699 4821 τῷ
2733 4752 2803 4805 οδ¹
2850 4754 3033 4823 κανόνι
3063 4750 3404 4821 ὡροθέτησεν
3424 4751 3453 4803 ὁ
3485 4750 3639 4815 ἅγιος

2062 4845 2457 4917 μετριάζεσθαι
2493 4848 2583 4898 τὸν
2612 4846 2802 4915 χρόνον
2829 4843 2921 4896 τοῦ
2962 4836 3239 4913 ὲπιτιμίεύ
3263 4846 3342 4905 εἰς
3363 4846 3492 4905 τοὺς
3518 4844 3638 4894 ἐπι-

2068 4937 2245 5006 μελῶς
2304 4937 2744 5006 μετανοοῦντα;’
2773 4934 3010 4990 ἐνταῦθα
3063 4933 3123 4986 δέ
3164 4949 3329 5001 φησιν
3382 4933 3494 4985 ἀπὸ
3543 4930 3635 4984 τού

2061 5027 2344 5096 ἐπιτιμίου
2405 5023 2481 5097 μὴ
2531 5025 2864 5079 ἀπολύεσθαι
2931 5026 3058 5088 τοὺς
3085 5021 3305 5090 ἀμελῶς
3333 5025 3447 5085 τοῖς
3466 5024 3640 5074 ἐπιτι-

2062 5118 2203 5188 μίοις
2241 5119 2656 5181 δουλεύσαντας.
2710 5117 2870 5170 Κατὰ
2925 5116 3132 5171 τούτων
3183 5115 3294 5185 γὰρ
3341 5113 3632 5188 διορίζεται

2058 5213 2127 5263 τᾶ
2149 5211 2405 5279 ἐπιτίμια
2439 5209 2837 5263 ἐπιτείνεσθαι.
2867 5208 3005 5271 Τοὺς
3032 5207 3221 5278 μέντοι
3253 5206 3330 5275 μὴ
3361 5207 3633 5260 ἀποστάν-

2058 5322 2157 5369 τας
2190 5305 2329 5374 μετὰ
2352 5300 2744 5371 ἐξομολόγησιν
2776 5301 2881 5355 ἀπὸ
2913 5298 3008 5355 τοῦ
3063 5297 3239 5352 κακοῦ
3272 5296 3389 5351 ἀλλ’
3443 5298 3623 5368 ἐξεχο-

2065 5393 2261 5461 μένους
2291 5390 2488 5455 αὑτῶ,
2519 5388 2958 5460 παρακελεύεται
2988 5387 3123 5471 μηδὲ
3143 5387 3303 5455 λόγου
3329 5386 3630 5454 ἀξιοῦσθαι.

2074 5484 2372 5557 ’Λκούομεν
2404 5483 2535 5555 γὰρ,
2565 5485 2752 5553 φησὶν,
2808 5484 2873 5536 ἐκ
2897 5482 2995 5551 τῆς
3045 5481 3276 5552 Γραφῆς
3322 5481 3405 5533 ὃτι
3432 5477 3634 5540 Σώζων

2060 5579 2209 5642 σῶζε
2264 5581 2380 5647 τὴν
2425 5577 2692 5633 σεαυτοῦ
2747 5575 2998 5647 ψυχήν*
3054 5577 3228 5648 ἤγουν
3278 5579 3382 5650 ὅρα
3424 5575 3502 5645 μὴ
3537 5570 3626 5625 καὶ

2065 5670 2294 5725 σεαυτὸν
2325 5669 2594 5741 ἀπολέσῃς
2629 5667 2977 5739 ἁδιορϐὡῖοις
3000 5669 3405 5737 συγκοινωνῶν.
3436 5659 3631 5733 Σημείο

2063 5781 2204 5819 ωσαι
2244 5758 2338 5817 οὖν
2363 5760 2459 5814 δύο
2483 5761 2751 5814 κάλλιστα
2794 5759 2903 5815 ἀπὸ
2925 5760 3023 5814 τοῦ
3060 5762 3332 5829 παρόντος
3386 5762 3627 5815 ataviva
