4008 6380
291 333 400 398 809

1215 308 1291 382 ιχ
1338 322 1575 382 EPIST-
1623 322 1683 378 s.
1728 312 2013 375 BASILII
2050 303 2151 372 AD
2192 309 2619 372 DIODORUM.

3428 307 3533 370 810

364 442 558 496 ΒΑΛΣ.
590 440 650 492 Oi
692 438 1066 506 Ἐγκρατῖται,
1114 435 1188 497 ὼς
1221 434 1360 503 τάχει
1434 433 1709 501 μετιόντες
1772 429 1863 494 έγ-

2035 444 2230 499 BALS.
2270 446 2584 511 Encratitre,
2621 444 2708 511 qui
2739 440 3125 497 continentiam
3169 439 3305 495 forte
3344 454 3534 508 perse-

292 535 569 602 κράτειαν,
602 527 983 582 ἐϐδελύσσοντο
1025 528 1087 579 τὸ
1139 525 1540 595 σαρκοφαγεῖν,
1578 522 1671 573 καὶ
1698 520 1862 572 ἁκού-

288 634 441 687 οντες
472 622 547 693 μὴ
580 620 761 683 καλῶς
791 621 986 681 ποιεῖν,
1018 618 1322 686 ἀντεπῆγον
1349 618 1459 678 τοῖς
1514 612 1819 684 όρθοδόξοις
1842 628 1856 643 ·

294 713 535 765 Ἐτικαὶ
573 710 733 779 ὑμεῖς
795 708 915 767 ἔνια
966 705 1075 761 τῶν
1136 703 1443 774 βρωμάτων
1484 697 1858 772 βδελύττεσθε,

288 807 370 873 διὸ
403 806 496 858 καὶ
525 801 801 872 ἀπέχεσθε
830 797 1032 853 αὐτῶν.
1077 796 1222 867 Πρὸς
1276 794 1435 849 τοῦτο
1484 789 1577 847 οὖν
1631 792 1659 843 6
1705 790 1866 857 ἅγιος

287 897 439 965 λέγει
468 896 549 948 ὅτι
578 894 637 946 οὐ
671 891 983 962 θαυμαστὸν
1014 887 1068 940 εί
1110 902 1274 940 τινων
1332 884 1654 956 ἀπεχόμεθα
1675 883 1710 955 ἢ
1740 882 1860 953 βδε-

288 984 601 1055 λυσσόμεθα
633 982 772 1036 αὑτά
800 996 814 1013 ο
865 980 949 1033 ὅτι
994 976 1092 1032 καὶ
1135 977 1205 1029 τὰ
1262 973 1652 1046 περιττώματα
1703 971 1860 1043 ἡμῶν

295 1074 717 1149 βδελυττόμεθα,
752 1072 931 1126 καίτοι
962 1072 1026 1122 ὲκ
1060 1058 1161 1136 τῆς
1192 1068 1380 1130 οὐσίας
1426 1066 1557 1120 ὄντα
1591 1066 1691 1134 τῆς
1721 1067 1860 1136 ἡμε-

290 1172 455 1241 τέρας
488 1167 708 1239 σαρκός.
752 1161 1154 1235 Περιττώματα
1187 1160 1246 1213 δέ
1298 1151 1409 1213 eis:
1460 1160 1527 1211 τὰ
1582 1158 1737 1227 οὖρα,
1796 1156 1862 1245 τὰ

297 1259 562 1323 σκύϐαλα,
599 1258 648 1311 oi
682 1256 870 1328 χυμοὶ,
904 1255 971 1309 τὰ
1005 1253 1095 1306 διὰ
1144 1251 1412 1331 στόματος
1452 1250 1545 1302 καὶ
1576 1249 1737 1317 ῥινῶν
1774 1265 1861 1301 κει

292 1350 523 1421 νούμενα
545 1346 710 1418 ὑγρὰ,
743 1348 837 1399 καὶ
862 1347 961 1398 ὅσα
983 1340 1230 1397 τοιαῦτα.
1273 1342 1360 1402 Ὠς
1385 1336 1477 1393 οὖν
1527 1339 1711 1390 ἐκεῖνα
1766 1339 1862 1389 ἐκ-

289 1440 619 1512 τρεπόμεθα,
654 1436 799 1490 οὖτω
829 1435 922 1489 καί
958 1452 1080 1487 τινα
1113 1424 1220 1484 τῶν
1255 1429 1561 1500 βρωμάτων
1584 1428 1664 1479 05’
1694 1443 1864 1495 προσ.

293 1532 508 1602 ιὲμεοα.
545 1530 729 1583 Πάντα
771 1529 872 1598 μὲν
911 1528 1020 1597 γὰρ
1074 1525 1283 1593 λάχανα
1340 1521 1532 1590 χόρτου
1603 1519 1672 1570 τὰ
1722 1517 1861 1585 γρέα

287 1625 418 1693 ἡμῖν
450 1612 776 1690 λογίζονται,
821 1608 962 1671 κατὰ
1004 1617 1064 1669 τὸ
1127 1613 1400 1685 φάγεσθαι
1452 1611 1633 1665 πάντα
1672 1608 1865 1673 (bald:-

285 1730 428 1785 χανα
461 1715 658 1783 χόρτου
692 1728 705 1742 ⁸
733 1710 1114 1782 διακρίνοντες
1174 1707 1231 1759 δὲ
1281 1706 1377 1759 καὶ
1436 1703 1764 1774 χωρίζοντες
1803 1702 1863 1754 τὸ

1965 536 2289 606 quebantnr,
2358 537 2503 590 vesci
2561 534 2817 588 carnibus
2866 530 3252 593 abhorrebant,
3321 538 3531 585 etcum

1962 625 2044 680 eis
2087 624 2360 679 diceretur
2387 624 2439 678 id
2479 640 2584 678 non
2635 632 2781 676 recte
2815 637 2842 674 a
2896 637 2953 676 sc
3009 619 3149 683 ﬁeri,
3193 620 3539 688 opponebam

1964 717 2285 773 orthodoxis
2311 731 2333 769 ε
2366 716 2473 770 Vos
2502 728 2717 785 quoque
2759 712 3049 767 nonnullos
3087 711 3238 767 cibos
3269 709 3530 764 abhorre-

1968 807 2057 874 tis,
2092 816 2147 864 et
2173 809 2293 863 ideo
2319 807 2386 862 ab
2415 807 2496 863 eis
2526 805 2833 862 abstinetis.
2861 804 2940 858 Ad
2969 804 3090 871 hoc,
3113 801 3243 857 dicit
3271 809 3532 857 sanctus:

1963 899 2081 955 Non
2127 909 2213 955 cst
2257 901 2451 954 mirum
2505 899 2548 953 si
2619 899 2686 952 ab
2734 895 3004 965 aliquibus
3041 892 3399 957 abstinemus,
3450 878 3538 946 ie!

1963 991 2149 1047 eadem
2186 991 2597 1055 abominamur;
2657 1003 2779 1042 nam
2842 994 2895 1040 et
2948 994 3134 1039 nostra
3189 987 3540 1038 excrementa

1964 1084 2347 1145 abhorremus,
2376 1083 2478 1136 etsi
2506 1082 2617 1136 sint
2664 1096 2730 1133 ex
2791 1088 2994 1133 nostrae
3041 1074 3227 1131 carnis
3283 1073 3539 1129 substau-
3609 1073 3618 1146 ξ

1965 1173 2073 1228 tia:
2106 1182 2234 1228 sunt
2262 1184 2439 1228 autem
2465 1179 2841 1233 excrementa,
2896 1168 3093 1233 urinae,
3114 1176 3399 1231 stercora,
3432 1165 3537 1220 ltu-
3564 1213 3573 1220 .

1928 1279 2144 1332 .‘m‘orcs
2197 1264 2287 1332 qni
2332 1278 2427 1332 per
2465 1278 2527 1317 os
2579 1272 2634 1317 et
2695 1274 2856 1316 nares
2913 1260 3259 1323 emittuntur,
3291 1263 3346 1312 et
3383 1269 3534 1324 quae-

1904 1324 2181 1422 d'cnnque
2234 1352 2524 1421 ejusmodi.
2569 1349 3034 1418 Quemadmodum
3077 1362 3210 1418 ergo
3260 1346 3351 1415 illa
3383 1359 3542 1400 aver-

1967 1457 2168 1506 sanmr,
2206 1442 2280 1496 ita
2323 1443 2472 1496 cibos
2503 1456 2720 1511 quoque
2773 1426 2983 1509 aliquos
3008 1453 3116 1492 non
3175 1436 3541 1492 admittimus.

1967 1533 2157 1588 Omnia
2193 1534 2336 1588 enim
2399 1534 2545 1589 olera
2612 1532 2866 1589 éarnesa
2932 1531 3087 1586 nobis
3134 1528 3540 1590 existimantur,

1965 1626 2107 1693 quod
2153 1628 2336 1680 omnia
2390 1627 2740 1680 comedamus
2797 1633 2855 1677 ut
2924 1622 3092 1679 olera.
3137 1621 3542 1685 ,Discernentes

1966 1724 2169 1781 autem,
2204 1727 2599 1787 etseparantes
2634 1717 2685 1772 id
2726 1717 2865 1785 quod
2899 1724 2985 1770 est
3029 1713 3275 1780 noxium,
3310 1727 3375 1768 eo
3398 1712 3544 1782 quod

287 1804 451 1873 βλαὸε
465 1805 556 1875 ρὺν
588 1801 849 1873 χρώμεθα
886 1799 961 1869 τῷ
1004 1798 1080 1869 μὴ
1112 1798 1423 1869 βλάπτοντι,
1460 1795 1557 1848 καλ⁵
1586 1793 1772 1865 ὥσπερ
1805 1794 1861 1845 ἐν

1993 1823 2073 1862 ιοιι
2119 1807 2508 1865 Iredit‘ntimur
2540 1827 2554 1875 ;
2589 1820 2645 1864 et
2693 1808 3148 1877 quemadmodum
3204 1808 3259 1862 in
3304 1806 3547 1862 oleribus

284 1901 401 1960 τοῖς
431 1891 686 1968 λαχάνόις
716 1893 949 1965 λάχανόν
984 1893 1100 1944 ἐστι
1130 1891 1225 1945 καὶ
1280 1889 1341 1941 τὸ
1399 1888 1645 1949 κώνειον,
1682 1888 1775 1939 καὶ
1830 1887 1857 1937 6

288 1990 622 2058 ὑοσκύαμος,
652 1988 789 2041 ἀλλὰ
808 1985 1047 2058 βλαϐερά
1071 1984 1202 2036 ὂντα
1227 1981 1499 2051 φεύγομεν
1520 1981 1661 2034 αύτὰ
1680 1996 1693 2009 ·
1720 1979 1864 2032 οὕτω

285 2079 380 2132 καὶ
414 2081 471 2132 ὲν
500 2081 609 2140 τοῖς
643 2078 844 2149 κρέασι
874 2078 1046 2146 κρέας
1066 2074 1183 2127 ἐστὶ
1206 2072 1299 2124 καὶ
1326 2071 1385 2122 τὸ
1414 2070 1645 2135 γύπειον
1681 2069 1775 2121 καὶ
1806 2069 1865 2121 τὸ

284 2172 379 2225 τοῦ
398 2171 575 2235 κυνός·
596 2172 714 2226 ἀλλ’
729 2169 827 2224 οὐκ
844 2171 907 2224 ἄν
921 2184 1004 2230 τις
1023 2166 1275 2235 γεύσαιτο
1295 2163 1478 2226 κυνὸς,
1501 2160 1638 2233 εἰμὴ
1659 2160 1863 2230 σφόδρα

208 2289 219 2293 ·
285 2266 565 2339 Αιμώττει.
603 2266 661 2318 ὐ
710 2256 766 2316 δὲ
800 2260 1140 2332 γευσάμενος
1171 2257 1234 2308 ὲκ
1262 2255 1386 2324 βίας
1431 2254 1530 2307 οὐκ
1562 2254 1859 2326 ὴνόμησεν.

1964 1909 2048 1953 est
2087 1902 2288 1963 cicuta,
2334 1911 2387 1957 ct
2422 1905 2804 1973 hyoscyamus,
2841 1910 3045 1965 tamen,
3080 1899 3207 1969 quia
3261 1908 3389 1955 sunt.
3441 1913 3543 1953 no-

1968 1990 2076 2055 xia,
2125 2007 2186 2045 ea
2220 1992 2493 2062 fugimus:
2530 1996 2601 2048 ita
2636 2003 2689 2046 et
2722 1995 2773 2045 in
2818 1992 3097 2075 carnibus,
3130 2005 3260 2046 caro
3305 1999 3389 2044 est
3417 2003 3548 2044 caro

1965 2083 2262 2150 vultur-ina,
2294 2094 2349 2141 et
2374 2101 2500 2140 caro
2534 2087 2719 2140 canis:
2757 2086 2850 2139 sed
2910 2096 3093 2139 tamen
3140 2095 3303 2138 nemo
3354 2091 3546 2153 gusta-

1942 2165 2124 2242 'verit,
2154 2176 2258 2231 nisi
2291 2176 2443 2232 valde
2478 2178 2702 2232 esuriat.
2730 2178 2829 2243 Qui
2850 2185 3048 2231 autem
3079 2189 3175 2245 per
3208 2174 3315 2229 vim
3346 2181 3548 2245 .gusta-

1967 2268 2070 2332 vit,
2121 2284 2232 2324 non
2258 2271 2369 2339 egit
2401 2268 2603 2336 inique.

266 2384 425 2469 ⁸ΤΟΥ
451 2384 685 2440 ΑΥΤΟΥ
731 2380 913 2435 ΠΡΟΣ
960 2371 1292 2432 ΔΙΟΔΩΡΟΝ
1338 2371 1740 2426 ΕΠΙΣΚΟΠΟΝ
2096 2384 2256 2438 ΠΕΡΙ
2306 2385 2445 2438 ΤΟΥ
2482 2385 2614 2438 ΔΥΟ
2656 2383 2966 2438 ΛΔΕΛΦΑΣ
3019 2380 3401 2437 ΑΓΟΜΕΝΟΥ
3441 2378 3550 2435 ΕΙΣ

473 2543 634 2615 139
671 2541 1029 2603 EIUSDEM
1061 2518 2131 2621 ADL)WPPBP-ELTARSENSEM
2179 2549 2643 2621 Episcoruu,
2689 2550 2788 2609 on
2830 2549 2935 2609 EO
2972 2546 3111 2620 QUI
3153 2547 3362 2610 DUAS

1165 2613 1529 2676 S‘OllOIlES
1577 2614 1657 2673 ΙΝ
1712 2618 2303 2688 ΜΑΤΗΙΜΟΝΙΠΜ
2352 2628 2630 2688 DUXIT.

357 2716 555 2783 ΒᾹΛΣ.
596 2725 709 2794 Τῆς
740 2720 1030 2788 ἐπιστολῆς
1057 2716 1265 2786 ταύτης
1300 2708 1551 2784 ἐμνήσθη
1607 2715 1635 2766 6
1707 2708 1861 2784 ἅγιος

189 2819 221 2873 ᾖ
285 2818 346 2871 έν
367 2817 446 2888 τῷ
471 2814 558 2884 κγ’
591 2811 780 2868 κανόνι
816 2809 1008 2865 αὐτοῦ.
1050 2805 1359 2877 Ἀπεστάλη
1398 2804 1454 2858 δὲ
1498 2805 1635 2870 πρὸς
1670 2806 1864 2858 Διόδω-

293 2928 385 2982 ρον
425 2906 642 2980 Ταρσοῦ
668 2906 993 2969 ἐπίσκοπον,
1029 2901 1108 2965 ὃς,
1169 2898 1472 2971 ἐρωτηθεὶς
1530 2899 1666 2967 πρός
1715 2915 1861 2960 τινος

285 3003 338 3052 εί
368 2997 588 3051 δύναιτο
614 2995 712 3064 τῆς
736 2991 998 3061 γυναικὸς
1024 2988 1191 3042 αὑτοῦ
1225 2985 1492 3054 θανούσης
1520 2985 1619 3054 τὴν
1646 2985 1864 3056 ἐκείνης

2043 2722 2238 2781 BALS.
2275 2724 2442 2793 llujus
2474 2725 2715 2793 epistolae
2744 2726 2989 2780 meminit
3020 2718 3241 2781 sanctus
3267 2725 3319 2779 in
3351 2726 3422 2780 25
3452 2740 3553 2781 suo

1969 2830 2198 2870 canone.
2248 2814 2406 2871 Missa
2457 2825 2540 2872 est
2585 2827 2765 2872 autem
2800 2819 2865 2871 ad
2906 2816 3194 2872 Diodorum
3225 2816 3550 2871 Tarsensem

1969 2905 2302 2975 episc0pum,
2339 2906 2429 2976 qui
2482 2923 2511 2960 a
2559 2910 2793 2977 quodam
2842 2908 3228 2977 interrogatus,
3261 2920 3329 2961 an
3377 2922 3551 2962 uxore

1971 3010 2068 3052 sua
2098 3008 2306 3051 mortua
2343 3008 2582 3053 sororem
2618 2999 2758 3052 illius
2790 2998 2844 3052 in
2898 2996 3306 3052 matrimonium
3351 2997 3550 3054 ducere

292 3089 530 3160 ἀδελφὴν
551 3084 859 3156 ἀγαγέσθαι
888 3082 1028 3153 πρὸς
1064 3081 1264 3149 γάμον,
1316 3076 1643 3148 ἀπεκρίνετο
1669 3078 1841 3149 ὲγγρά

1993 3100 2190 3154 losset',
2224 3091 2273 3143 in
2317 3090 2535 3160 scriptis
2586 3090 2894 3159 respondit,
2945 3105 3066 3144 eum
3099 3103 3206 3144 non
3248 3088 3549 3158 prohiberi.

289 3199 407 3251 φως
442 3181 519 3250 μὴ
539 3176 866 3232 κωλύεσθαι.
886 3172 993 3226 Τοῦ
1018 3172 1074 3225 δὲ
1112 3170 1352 3241 μεγάλου
1407 3167 1692 3221 Βασιλείου
1720 3170 1867 3222 ἀπει-
1902 3226 1905 3229 λ

273 3272 619 3344 ιγορεύοντος
672 3269 765 3321 τὸν
792 3264 1033 3319 τοιοῦτον
1054 3263 1254 3330 γάμον,
1279 3262 1313 3329 ὴ
1338 3257 1429 3312 τοῦ
1457 3258 1722 3328 Διοδώρου
1774 3259 1865 3327 ἔγ.

287 3381 500 3436 γραφος
530 3361 824 3432 ἀπόκρισις
851 3354 1182 3426 ὲνεφανίσθη
1217 3351 1391 3421 αὐτῷ,
1426 3350 1519 3404 τὸν
1574 3350 1869 3421 εἰρημένον

288 3456 668 3525 ἐπιτρέπουσα
702 3450 905 3521 γάμον.
932 3444 1116 3498 λὊθεν
1143 3440 1465 3495 ἀπέστειλεν
1491 3439 1638 3506 αὐτῷ
1671 3439 1865 3493 ταῦτα.

303 3549 559 3616 Ἀφίκετο
596 3545 734 3615 πρὸς
797 3540 959 3611 ἡμᾶς
1021 3538 1332 3606 γράμματα
1394 3534 1493 3601 τὴν
1545 3529 1868 3600 ὑπογραφὴν

372 3641 558 3709 ἔχοντα
593 3634 907 3705 Διοδώρουσ
965 3630 1031 3682 τὰ
1085 3628 1142 3680 δὲ
1208 3625 1410 3695 ἐφεξῆς
1480 3622 1640 3675 ἄλλου
1723 3621 1869 3683 τινὸς

370 3732 642 3805 πρέποντα
677 3724 819 3780 εἶναι
859 3724 892 3794 ἢ
929 3719 1216 3792 Διοδώρου.
1252 3718 1408 3769 Δοκεῖ
1456 3731 1546 3786 μοι
1603 3713 1749 3805 γάρὴ
1787 3727 1869 3774 τις

366 3802 473 3879 τών
501 3818 767 3892 τεχνικῶν
832 3816 893 3869 τὸ
937 3813 1031 3866 σοῦ
1080 3810 1373 3880 πρόσωπον
1425 3805 1645 3869 ὑποδὺς,
1694 3802 1868 3864 οὕτως

364 3915 557 3970 ἑαυτὸν
588 3912 911 3977 ἀξιόπιστον
939 3903 1200 3975 ἐθελῆσαι
1232 3899 1459 3970 ποιῆσαι
1490 3899 1603 3959 τοῖς
1631 3899 1864 3968 ἁκροου-

374 4011 559 4079 μένοις
594 4023 607 4037 ·
637 4007 693 4068 ὃς
727 4020 789 4071 γε
814 3998 1110 4073 ἐρωτηθεὶς
1136 3995 1241 4049 ὑπό
1288 4008 1473 4057 τινων,
1532 3992 1584 4043 εἰ
1643 3989 1869 4059 θεμιτδν

365 4101 530 4155 αὑτὸν
560 4098 697 4169 πρὸς
730 4096 909 4165 γάμον
941 4092 1040 4160 τῆς
1066 4087 1401 4157 τελευτήσῃς
1427 4083 1575 4153 αὐτῷ
1607 4080 1866 4152 γυναικὸς

366 4195 466 4264 τὴν
495 4191 730 4259 ἀδελφὴν
758 4184 1090 4254 ἀγαγέσθαι,
1119 4181 1220 4233 οὐκ
1249 4175 1436 4248 ἔφριξε
1465 4174 1564 4245 τὴν
1580 4172 1862 4245 ἐρώτησιν

366 4286 504 4339 ἀλλὰ
535 4266 629 4336 καὶ
662 4280 853 4352 πράως
884 4277 1080 4346 ἧνεγκε
1116 4272 1214 4344 τὴν
1239 4270 1428 4341 ἀκοὴν,
1472 4267 1568 4320 καὶ
1621 4264 1682 4319 τὸ
1707 4264 1866 4318 ἀσελ-

370 4366 463 4447 γὲς
497 4374 827 4444 ἐπιθύμημα
856 4370 997 4424 πάνυ
1029 4365 1290 4435 γενναίως
1344 4360 1492 4430 αὑτῷ
1528 4360 1622 4413 καὶ
1667 4359 1867 4426 ἀγωνι-

369 4469 575 4532 στικῶς
619 4462 1095 4535 συγκατέπραξεν,
1122 4459 1185 4511 Ei
1215 4457 1315 4528 μὲν
1351 4454 1443 4508 οὖν
1467 4452 1656 4523 παρῆν
1686 4467 1774 4522 μοι
1803 4449 1865 4502 τὸ
1895 4448 1942 4502 D

363 4562 623 4633 γράμμα,
670 4555 804 4609 αὐτὸ
857 4553 922 4607 ἂν
951 4548 1267 4610 ἀπέστειλα,
1307 4546 1398 4598 καὶ
1424 4542 1652 4613 ὲξῆρκες
1684 4538 1867 4633 σαυτῷ

481 4649 687 4721 ἀμῦναι
721 4648 818 4700 καὶ
862 4645 929 4713 τῇ
963 4640 1210 4712 ἀληθείᾳ.
1232 4638 1386 4690 Ἐπεὶ
1421 4635 1477 4687 δὲ
1503 4637 1530 4688 6
1555 4634 1732 4698 δείξας
1760 4631 1868 4685 πά-

370 4745 452 4797 λιν
476 4742 749 4812 αφείλετο,
797 4739 889 4790 καὶ
917 4735 1107 4803 ὥσπερ
1132 4750 1184 4784 τι
1235 4730 1498 4800 τρόπαιον
1558 4726 1679 4780 καθ’
1709 4723 1869 4794 ἡμῶν

375 4838 694 4908 περιέφερε,
734 4828 1129 4884 κεκωλυκότων
1158 4826 1217 4878 τὸ
1263 4826 1322 4890 ἐξ
1352 4822 1547 4891 ἀρχῆς,
1589 4819 1868 4888 ἔγγραφον

367 4933 545 4999 λέγειν
576 4928 841 4999 ἔχωντὴν
873 4922 1147 4986 ἐξουσίαν,
1211 4917 1512 4970 ἀπέστειλα
1579 4914 1675 4966 νῦν
1762 4928 1865 4977 σοι,

369 5024 510 5078 ὥστε
532 5022 695 5089 διπλῇ
720 5020 785 5088 τῇ
818 5016 964 5087 χειρὶ
996 5013 1139 5083 ἡμᾶς
1194 5009 1368 5063 ἐλθεῖν
1428 5008 1521 5060 ἐπὶ
1580 5006 1675 5059 τὸν
1716 5004 1870 5058 νόθον

370 5115 576 5170 ἐκεῖνον
593 5112 775 5177 λὸγον,
790 5106 884 5158 καί
901 5102 1172 5175 μηδεμίαν
1191 5101 1336 5169 αύτῴ
1360 5100 1511 5168 ἰσχὺν
1529 5095 1866 5151 καταλιπεῐνο

369 5208 457 5260 ἵνα
485 5206 560 5275 μὴ
586 5203 687 5274 ἔχῃ
719 5200 975 5270 βλάπτειν
1009 5196 1206 5267 ῥᾳδίως
1247 5192 1373 5255 τοὺς
1414 5189 1866 5259 ὲντῦγχάνοντας.

368 5300 566 5352 ΒΔΛΣ.
602 5290 928 5362 Ἀνατρέψαι
966 5289 1034 5340 τὰ
1070 5285 1222 5357 παρὰ
1251 5284 1345 5338 τοῦ
1365 5282 1630 5352 Διοδώρου
1658 5281 1869 5351 μέλλων

290 5398 319 5448 ὁ
351 5392 528 5456 ἅγιος,
557 5386 818 5458 τεχνικῶς
852 5383 1065 5453 μέτεισι
1098 5383 1197 5447 τὴν
1222 5375 1560 5448 ἀνατροπὴν,
1612 5376 1704 5427 καὶ
1734 5390 1870 5443 προ-

292 5482 533 5551 καθιστᾷ
565 5481 653 5533 τὸν
676 5479 875 5530 οἰκεῖον
902 5474 1081 5539 λόγον,
1120 5471 1205 5522 ira
1261 5468 1334 5539 μὴ
1392 5468 1523 5535 δοκῇ
1584 5465 1869 5534 ἐντρέπειν

291 5577 479 5640 αὑτὸν,
497 5573 592 5626 καὶ
608 5570 668 5623 ού
678 5587 781 5630 τως
796 5570 985 5620 ἐνστατ
997 5565 1155 5617 ικώτε
1169 5580 1257 5632 ρον
1280 5562 1441 5615 αὑτὸν
1460 5559 1866 5628 ἀπεργάσηται,

292 5668 391 5724 καί
413 5683 580 5736 φησιν
598 5667 679 5718 ὅτι
697 5663 767 5714 Τὸ
787 5660 1025 5730 γράμμα
1045 5660 1120 5718 εἰς
1139 5655 1310 5723 ὄνομα
1336 5653 1435 5721 μὲν
1454 5653 1544 5704 σὺν
1563 5652 1869 5718 ἐπεγέγρα-

296 5776 419 5814 πτο·
452 5759 596 5811 δοκεί
626 5756 681 5807 δέ
719 5771 808 5824 μοι
835 5754 914 5804 ὅτι
948 5750 1101 5809 ἄλλος
1130 5748 1237 5798 τῶν
1267 5749 1332 5795 τὰ
1360 5742 1581 5794 τοιαῦτα
1615 5743 1870 5812 τεχνάζε-

589 5850 853 5907 l’A‘t'uuL.
888 5849 998 5900 υιι.
1052 5844 1090 5900 L2
1116 5844 1211 5899 ﬁ}.
1230 5838 1441 5897 XV)“.

1970 3178 2103 3252 Cum
2128 3188 2306 3232 autem
2339 3195 2566 3249 magnus
2585 3179 2814 3234 Basilius
2843 3179 3111 3250 ejusmodi
3145 3179 3550 3233 matrimonium

1971 3270 2303 3339 prohiberet,
2341 3272 2558 3340 scriptis
2600 3273 2849 3326 mandata
2883 3271 3100 3326 Diodori
3153 3273 3441 3340 responsio
3472 3271 3552 3325 illi

1971 3371 2184 3417 ostensa
2226 3372 2329 3429 est,
2359 3379 2479 3433 quae
2519 3363 2831 3433 praedictum
2881 3363 3287 3419 matrimonium
3323 3363 3550 3432 permit—

1972 3453 2142 3508 tebat.
2180 3453 2331 3508 Unde
2363 3455 2433 3507 illi
2469 3456 2581 3507 lucc
2609 3455 2777 3509 misit.
3072 3454 3075 3457 ’

1972 3545 2247 3601 Venerunt
2283 3548 2345 3599 ad
2376 3562 2472 3601 nos
2505 3546 2707 3601 littera:
2762 3546 2977 3613 Diodori
3014 3545 3417 3616 inscriptionem
3443 3545 3543 3599 ha-
3617 3508 3633 3567 ι’

2041 3637 2232 3691 bentes
2268 3652 2282 3688 :
2319 3638 2439 3705 quae
2472 3644 2651 3690 autem
2686 3636 2942 3705 deinceps
2971 3646 3291 3705 sequuntur,
3322 3649 3386 3690 ea
3414 3633 3549 3693 alius

2041 3731 2220 3797 potius
2252 3743 2413 3799 quam
2440 3728 2657 3784 Diodori
2688 3742 2810 3784 esse
2834 3729 3105 3783 convenit.
3144 3728 3370 3783 Videtur
3398 3728 3548 3783 enim

2042 3819 2194 3873 vafer
2225 3819 2491 3889 quispiam
2526 3827 2667 3872 tuam
2700 3828 2989 3887 personam
3018 3817 3272 3883 subiisse,
3294 3827 3354 3872 ut
3385 3833 3442 3872 se
3467 3819 3548 3874 sic

2044 3910 2379 3966 auditoribus
2421 3910 2523 3965 ﬁde
2558 3912 2776 3980 dignum
2806 3909 3074 3975 ediceret;
3122 3909 3213 3979 qui
3259 3909 3326 3965 ab
3352 3909 3549 3980 aliqui-

2043 4004 2145 4057 bus
2182 4003 2564 4072 interrogatus,
2590 4018 2654 4053 an
2687 4001 2764 4055 fas
2787 4004 2856 4055 sit
2887 4001 3185 4056 demortuae
3213 4001 3332 4073 ejus
3362 4003 3551 4058 uxoris

2042 4109 2282 4148 sororem
2318 4095 2369 4149 in
2400 4094 2803 4149 matrimonium
2830 4096 3045 4162 ducere,
3066 4095 3545 4165 interrogationem

2044 4197 2148 4237 non
2182 4183 2463 4238 abhorruit
2496 4199 2508 4233 :
2548 4183 2642 4237 sed
2676 4183 3007 4238 auditionem
3050 4198 3205 4254 aequo
3248 4184 3430 4242 animo
3462 4196 3550 4239 tu-

2041 4274 2123 4335 lit,
2148 4283 2200 4328 et
2231 4274 2297 4329 ad
2334 4273 2564 4329 salacem
2598 4275 2716 4345 ejus
2744 4273 3093 4343 cupiditatem
3123 4273 3277 4329 valde
3302 4274 3376 4329 illi
3409 4283 3554 4329 stre.

2043 4384 2146 4422 nne
2170 4380 2471 4439 magnaque
2504 4369 2851 4423 contentione
2886 4367 3141 4421 auxilium
3175 4366 3318 4423 tulit.
3348 4366 3403 4422 Si
3430 4367 3550 4438 ipse

2042 4459 2223 4528 itaque
2248 4457 2452 4511 litteras
2484 4457 2760 4524 haberem,
2784 4473 2876 4512 eas
2906 4457 2972 4511 ad
3003 4466 3054 4511 te
3083 4457 3375 4523 misissem,
3408 4457 3553 4525 ipse-

2045 4567 2151 4621 que
2192 4554 2256 4604 ad
2294 4560 2344 4604 te
2372 4560 2428 4604 et
2469 4550 2751 4604 veritatem
2798 4548 3190 4605 defendendam
3224 4549 3552 4606 sull'ccisses.

2046 4644 2180 4711 Quia
2211 4654 2389 4697 autem
2421 4643 2466 4695 is
2493 4643 2580 4710 qui
2611 4642 2850 4697 ostendit
2878 4655 3065 4696 rursus
3094 4640 3338 4709 abstulit,
3371 4650 3425 4695 et
3454 4643 3553 4696 ad-

2043 4747 2236 4787 versus
2274 4745 2392 4795 nos,
2424 4729 2515 4798 qui
2566 4728 2633 4781 ab
2673 4728 2826 4782 initio
2877 4726 3349 4796 prohibue‘ramus,
3389 4727 3555 4782 veluti

2045 4825 2340 4893 trophazum
2372 4820 2719 4886 circumtulit,
2752 4819 2979 4896 dicendo
3004 4834 3062 4875 se
3087 4819 3308 4890 scriptis
3334 4819 3555 4875 manda-

2049 4930 2153 4973 tam
2203 4918 2406 4969 habere
2455 4922 2773 4983 potestatem
2814 4925 2828 4965 :
2877 4926 3019 4966 nunc
3052 4911 3121 4967 ad
3151 4920 3202 4966 te
3237 4911 3463 4981 scripti,
3496 4922 3556 4965 ut

2047 5026 2205 5065 manu
2232 5009 2430 5077 duplici
2462 5008 2526 5060 ad
2569 5006 2711 5060 illam
2742 5004 3101 5060 adulterinam
3127 5003 3426 5060 orationem
3456 5018 3550 5059 ve-

2047 5102 2281 5163 nianms,
2313 5107 2367 5151 et
2402 5097 2575 5150 nullas
2605 5097 2652 5150 ei
2679 5095 2819 5150 vires
2855 5095 3254 5164 relinquamus;
3286 5109 3357 5150 ne
3384 5095 3559 5166 possit

1954 5179 1980 5210 ’⁵
2045 5208 2137 5245 eos
2176 5190 2330 5243 facile
2364 5188 2577 5251 laedere,
2618 5189 2669 5242 in
2708 5203 2846 5256 quos
2877 5187 3088 5243 incidit.
3572 5174 3585 5187 ’

2044 5283 2238 5337 BALS.
2276 5281 2406 5347 Quae
2447 5297 2476 5335 a
2509 5280 2745 5351 Diodoro
2777 5281 2980 5350 scripta
3015 5287 3143 5336 sunt
3177 5278 3555 5335 confutaturus

1972 5387 2215 5440 sanctus,
2277 5373 2698 5429 conl‘utationem
2762 5373 3055 5429 artiﬁciose
3108 5372 3440 5445 aggreditur,
3496 5381 3554 5427 et

1971 5470 2090 5539 ejus
2129 5469 2328 5522 dictum
2373 5467 2445 5519 ita
2482 5466 2766 5534 proponit,
2806 5476 2866 5520 ut
2912 5482 3046 5522 non'
3074 5466 3323 5521 videatur
3379 5466 3556 5535 ipsum

1973 5561 2078 5632 pud
2102 5575 2177 5613 ire
2212 5556 2544 5623 sull'nndere,
2562 5567 2615 5611 et
2645 5556 2717 5610 ita
2741 5571 2863 5612 eum
2890 5559 2957 5613 ad
2988 5556 3345 5612 insistendum
3377 5555 3556 5610 acrio-

1976 5668 2086 5707 rem
2120 5649 2335 5708 elllcint.
2355 5658 2409 5703 et
2432 5647 2573 5703 dicet
2600 5646 2850 5703 :Litterae
2869 5649 3084 5719 quidem
3110 5648 3210 5703 sub
3235 5657 3323 5701 tuo
3341 5647 3557 5700 nomine

1972 5748 2188 5815 scripta:
2220 5743 2432 5798 fuerant
2461 5755 2478 5796 :
2508 5741 2639 5797 mihi
2672 5750 2852 5798 autem
2885 5742 3097 5798 videtur
3123 5739 3317 5807 aliquis
3347 5752 3555 5806 eorum,

3165 5830 3241 5893 $26

3612 1162 3619 1213 i

3616 1216 3623 1248 l
