4008 6398
508 322 609 393 811
1764 319 2042 381 TIIEOD.
2079 319 2171 379 BA
2184 319 2483 382 [ΞΛΜοΝ
3658 329 3756 396 312

505 436 599 510 qui
631 434 698 491 ad
735 434 851 491 hate
897 432 1258 490 maehinanda
1286 442 1340 489 et
1369 433 1723 504 excogitanda
1768 434 1880 503 apti
1916 442 2043 488 sunt

2190 432 2317 488 σθαι
2339 434 2433 487 καὶ
2489 434 2840 507 μηχανᾶσθαι
2870 432 3226 505 ἐπ’τηδείων,
3250 439 3423 494 θέλων
3451 439 3752 508 ἀξιόπιστον

480 540 483 543 '
508 529 692 585 volens
720 525 951 591 edicere,
985 533 1047 580 ut
1075 527 1217 595 quod
1252 540 1282 580 a
1308 538 1368 580 se
1393 524 1697 581 disceretur
1727 522 1832 578 (ide
1860 524 2062 593 dignun

2188 529 2414 598 ποιῆσαι
2432 527 2540 597 ῖτδν
2582 530 2782 582 οἰκεῖον
2824 530 3004 599 λόγον,
3037 532 3318 603 ἐπέγραψε
3359 533 3437 603 τῷ
3477 535 3751 606 γράμματι

503 629 668 685 esset,
689 618 885 675 litteris
903 627 1050 673 tuum
1071 631 1267 672 nomen
1282 617 1687 685 subscripsisse.
1717 614 1819 682 Qui
1849 615 2062 671 interro

2186 619 2248 673 τὸ
2278 619 2368 671 σὺν
2389 618 2582 689 ὄνομα.
2614 621 2825 688 Ὅστις,
2859 623 3159 694 ἐρωτηθεὶς
3206 627 3256 677 εἰ
3282 625 3529 697 θέμιτον,
3549 628 3680 698 ἦγον
3706 631 3751 682 εἰ

507 719 685 781 gatus,
712 724 780 763 an
809 708 890 763 Ias
917 716 1084 773 esset,
1113 723 1205 763 seu
1237 705 1536 777 legitimum
1568 716 1662 760 aut
1689 706 1894 774 justum
1926 720 2086 762 soro-

508 813 623 855 rem
650 799 835 855 uxoris
879 813 990 854 sua:
1026 807 1253 853 morture
1298 797 1353 851 in
1407 797 1815 851 matrimonium
1851 796 2084 862 ducere;

508 889 580 954 el,
612 890 708 959 qui
754 888 1101 957 interrogavit
1124 927 1139 953 ,
1169 887 1222 940 in
1258 886 1423 955 impia
1457 887 1880 956 interrogatione
1932 888 2088 942 anxi-

503 980 638 1033 lium
670 980 811 1043 tulit,
845 978 897 1033 id
929 987 1030 1043 est,
1068 979 1543 1047 intemperantiam
1573 988 1628 1032 et
1657 979 1937 1035 hbidinem
1971 994 2086 1049 per-

504 1068 766 1122 mittendo
788 1106 805 1135 ,
842 1069 953 1137 ipse
984 1082 1196 1137 quoque
1227 1069 1441 1123 videtur
1474 1068 1643 1125 fuisse
1694 1071 1923 1132 actionis
1960 1085 2086 1141 par-

504 1160 695 1227 ticeps.
733 1157 790 1214 Si
820 1159 1022 1239 itaque,
1054 1159 1251 1230 inquit,
1279 1160 1486 1217 litteras
1514 1162 1822 1219 habuissem
1847 1203 1863 1229 ,
1893 1158 2084 1220 eas‘ad

502 1258 556 1307 te
603 1252 894 1316 misissem,
931 1263 1090 1322 teque
1136 1263 1193 1309 et
1237 1256 1519 1311 veritatem
1570 1256 1933 1325 defendisses,
1981 1273 2075 1313 seu

503 1344 599 1398 tibi
636 1343 896 1400 auxilium
948 1348 1190 1421 tulisses,
1221 1356 1280 1403 ut
1326 1346 1462 1404 falso
1506 1358 1823 1416 accusatus,
1874 1349 2080 1405 nefaria

2188 710 2422 782 νόμιμον
2455 713 2486 783 ἢ
2515 713 2726 766 δίκαιον
2758 715 2876 767 ἐστι
2905 716 3003 786 τὴν
3028 717 3268 788 ἀδελφὴν
3306 719 3405 788 τῆς
3435 721 3752 791 celsusque--

2191 821 2294 876 σης
2330 803 2466 867 ίδῐας
2490 808 2753 873 γυναικὸς
2794 810 3104 877 ἀγαγέσθαι
3151 813 3291 880 πρὸς
3331 814 3531 884 γάμον.
3559 817 3619 869 τὸ
3638 818 3755 871 ἀσε-

2187 893 2287 957 ϐὲς
2329 895 2595 967 ἐρώτημα
2618 897 2695 967 τῷ
2731 901 3074 971 ἐρωτήσαντι
3129 905 3602 977 συγκατέπραξεν,
3642 908 3754 960 ἀντὶ

2184 986 2304 1054 τοῦ,
2340 988 2431 1042 διὰ
2467 991 2529 1043 τὸ
2570 991 2868 1063 ἐπιτρέψαι
2901 993 3002 1065 τὴν
3054 995 3375 1064 ἀσέλγειαν,
3407 1000 3651 1062 κάκεῖνος
3678 999 3753 1052 δο-

2148 1146 2149 1149 ,
2188 1083 2277 1135 κεί
2315 1081 2648 1153 κοινωνῆσαι
2679 1085 2775 1155 τῆς
2806 1085 3082 1157 πράξεως.
3125 1087 3190 1142 Εἰ
3280 1090 3383 1160 μὲν
3450 1088 3545 1145 οὖν
3598 1089 3750 1163 εἶχον,

2187 1173 2345 1243 φησὶ,
2374 1171 2435 1225 τὸ
2466 1174 2725 1244 γράμμα,
2761 1174 2991 1246 ἔπεμψα
3015 1178 3081 1231 ἄν
3114 1196 3198 1232 σοι
3231 1182 3388 1249 αὐτὸ,
3427 1184 3513 1237 καὶ
3554 1185 3753 1255 ἤμυνας

2187 1262 2254 1316 ἂν
2289 1263 2467 1334 ἐαυτῷ
2499 1265 2597 1318 καὶ
2633 1268 2699 1337 τῇ
2726 1267 2979 1340 ἀληθείᾳ,
3014 1269 3135 1340 ἦτοι
3185 1272 3496 1344 ἐϐοήθησας
3557 1276 3642 1340 ἂν,
3686 1276 3755 1339 ὡς

2186 1355 2401 1425 ψευδῶς
2419 1356 2559 1427 τάχα
2578 1361 2986 1431 κατηγορηθεὶς
3029 1365 3208 1417 εἰπεῖν
3247 1365 3347 1420 καὶ
3399 1367 3610 1437 γράψαι
3638 1369 3755 1423 ἀθέ-

501 1437 681 1491 dicere
708 1447 763 1492 et
790 1438 1051 1502 scribere,
1080 1441 1225 1510 quod
1261 1450 1311 1497 te
1340 1449 1396 1497 et
1438 1442 1724 1496 veritatem
1758 1444 1950 1514 tangit.
1984 1444 2062 1501 Ve

2191 1464 2346 1517 μιτα,
2387 1451 2526 1522 ὅπερ
2557 1452 2650 1504 καὶ
2673 1452 2766 1504 σοῦ
2804 1453 3145 1508 καθάπτεται
3176 1458 3273 1511 καὶ
3322 1460 3422 1528 τῆς
3465 1461 3715 1531 ἀληθείας
3738 1477 3751 1492 ·

499 1530 712 1585 ritatem
748 1531 1010 1601 quidem,
1039 1547 1163 1588 eum
1194 1532 1387 1589 falsum
1434 1534 1509 1589 illi
1551 1535 1831 1604 praelatum
1866 1536 2029 1593 fuerit
2065 1556 2079 1593 :

501 1631 554 1675 te
587 1629 790 1688 autem,
826 1631 884 1677 ut
927 1624 1018 1693 qui
1052 1638 1141 1688 ea,
1190 1640 1311 1695 qua:
1364 1641 1469 1680 non
1519 1628 1695 1695 decet,
1745 1630 2079 1698 permiseris.

498 1715 632 1780 Quia
658 1725 839 1771 autem
869 1715 938 1783 is,
970 1717 1059 1787 qui
1086 1720 1343 1783 ostendit,
1379 1735 1573 1776 rursus
1599 1721 1843 1788 abstulit,
1869 1733 1925 1778 et
1959 1732 2081 1777 tan-

2188 1540 2287 1611 τῆς
2320 1540 2423 1611 μὲν
2450 1542 2733 1614 ἀληθείας,
2764 1545 2840 1608 ὡς
2860 1546 2955 1598 τοῦ
2983 1546 3216 1615 ψεύδους
3247 1549 3469 1623 ἐκείνης
3500 1570 3757 1626 προτιμη-

2189 1630 2400 1696 θέντος,
2434 1633 2529 1687 σοῦ
2561 1635 2643 1700 δὲ,
2697 1636 2772 1699 ὡς
2831 1638 3235 1709 ἐπιτρέξαντος
3319 1641 3362 1696 ἃ
3426 1645 3502 1716 μὴ
3579 1648 3753 1719 ἐχρῆν.

2198 1723 2421 1797 Ἐπειδὴ
2448 1726 2507 1780 δὲ
2539 1727 2765 1792 ὁδείξας
2789 1729 2948 1784 πάλιν
2976 1734 3255 1800 ἀφείλετο,
3304 1738 3406 1792 καὶ
3458 1739 3643 1811 ὥσπερ
3706 1744 3755 1794 δὲ

496 1821 659 1875 quam
695 1808 911 1878 aliquod
944 1810 1243 1879 trophaeum
1274 1811 1533 1869 adversus
1578 1830 1680 1871 nos
1723 1817 2062 1873 circumtulit.

2183 1818 2450 1890 τρόπαιον
2486 1819 2610 1873 καθ’
2640 1820 2799 1891 ἡμῶν
2824 1825 3145 1895 περιέφερε.
3195 1828 3479 1897 Τρόπαιον
3531 1833 3589 1886 δέ
3616 1808 3625 1811 ν
3649 1839 3754 1888 ἐστι

496 1896 592 1952 Est
626 1906 804 1953 autem
828 1900 1125 1967 tropbazum
1162 1902 1379 1973 signum
1410 1905 1646 1976 aliquod,
1673 1909 1815 1978 quod
1846 1910 1899 1964 in
1930 1911 2072 1967 bello

492 1989 732 2043 vincenti
762 1988 945 2057 datur,
982 2001 1039 2047 ut
1070 2007 1134 2047 ex
1167 2008 1232 2050 eo
1274 1996 1345 2051 sit
1377 1998 1720 2055 manifestum
1745 2040 1760 2068 ,
1796 2017 1916 2072 qua:
1950 2019 2079 2074 pars

496 2080 808 2136 adversario
840 2082 1049 2138 vicerit.
1082 2084 1295 2142 Undc'a
1329 2090 1499 2144 versis
1528 2092 1800 2160 hostibus,
1827 2097 1956 2150 dum
1981 2098 2077 2153 ad-

494 2175 753 2230 versariis
787 2185 933 2246 terga
962 2176 1094 2232 dant
1138 2194 1231 2234 seu
1280 2191 1519 2248 vertunt,
1562 2187 1859 2255 trophaeum
1896 2194 2072 2245 nomi-

492 2275 679 2318 natum
705 2277 789 2321 est
819 2266 870 2336 (a
903 2268 1069 2324 verbo
1096 2268 1286 2326 Graeco
1312 2274 1521 2342 τρέπω,
1550 2279 1692 2345 quod
1722 2290 1877 2336 verto
1905 2282 2075 2352 signi-

490 2355 664 2425 ﬁcat.)
696 2356 832 2423 Quia
883 2372 1012 2428 ergo
1056 2377 1162 2418 non
1213 2364 1387 2419 habeo
1434 2367 1667 2434 litteras,
1703 2384 1849 2426 nunc
1901 2378 1966 2426 at
2018 2384 2071 2429 te

492 2449 709 2518 scripsi,
743 2460 802 2506 nt
830 2451 1230 2521 adgrediamur,
1264 2466 1323 2510 ut
1352 2458 1551 2528 duplici
1578 2476 1759 2527 manu,
1798 2472 1885 2518 tua
1920 2466 2073 2520 scili-

489 2550 573 2595 cet
598 2550 650 2594 et
675 2557 814 2607 mea,
833 2543 1231 2623 contendamus
1252 2546 1513 2605 adversus
1535 2551 1897 2609 adnlterinam
1920 2555 2066 2611 illaut

491 2633 793 2690 orationem
822 2635 1053 2692 alienam
1085 2648 1141 2694 et
1166 2641 1476 2711 conﬁctam,
1508 2653 1562 2699 et
1591 2645 1733 2701 vires
1765 2648 1812 2701 ei
1840 2664 1943 2703 non
1987 2667 2068 2703 re-

489 2722 832 2795 linquamus,-
864 2736 925 2784 ut
973 2744 1082 2785 non
1129 2731 1291 2789 facile
1332 2749 1424 2791 eos
1460 2736 1637 2808 laedat,
1667 2741 1759 2810 qui
1809 2742 1861 2796 in
1919 2742 2063 2797 illaut

491 2818 730 2876 incidunt
746 2833 798 2876 et
821 2823 1023 2893 legunt.

881 2961 1038 3036 140
1065 2963 1294 3020 CANON
1341 2965 1681 3031 LXXXVIII.

689 3054 931 3111 Primum
981 3057 1203 3127 itaque,
1252 3059 1399 3130 quod
1472 3061 1527 3115 in
1577 3064 1847 3131 ejusmodi
1906 3064 2067 3121 rebus

2186 1910 2417 1981 σημεῖόν
2434 1929 2490 1965 τι
2526 1912 2607 1984 τῷ
2645 1915 2937 1986 νικήσαντι
2966 1920 3025 1970 ἐν
3072 1918 3296 1991 πολέμῳ
3339 1922 3638 1995 διδόμενον,
3695 1929 3755 1981 ἴτ’

2183 2006 2269 2077 εῐη
2296 2006 2431 2078 δήλη
2462 2007 2731 2063 ἐκτούτου
2757 2012 2791 2082 ἡ
2810 2011 3059 2082 τρέψασα
3078 2018 3245 2085 μοῖρα
3274 2021 3408 2084 τοὺς
3431 2022 3715 2094 πολεμίους
3737 2040 3754 2059 ο

2182 2100 2308 2155 ὅθεν
2329 2102 2620 2172 ῶνόμασαι
2648 2105 2936 2175 τρόπαιον,
2967 2110 3031 2162 ἐκ
3069 2110 3163 2165 τοῦ
3222 2117 3438 2187 τροπὴν
3469 2118 3576 2173 τῶν
3612 2123 3791 2180 πο>.ε--

2184 2193 2327 2268 μίων
2344 2195 2630 2265 γενέσθαι,
2659 2199 2983 2269 τρεψάντων
3007 2203 3077 2256 τὰ
3128 2205 3273 2262 νῶτα
3320 2211 3440 2271 τοῖς
3478 2214 3749 2279 ἐναντίοις.

2194 2283 2352 2337 Ἐπεὶ
2380 2283 2476 2338 οὖν
2498 2288 2737 2359 γράμμα
2754 2290 2854 2342 οὐκ
2880 2292 3010 2363 ἔχω,
3053 2295 3353 2354 ἐπέστειλα
3379 2303 3476 2358 νῦν
3530 2322 3636 2368 σοι,
3673 2308 3749 2361 ἵνα

2180 2378 2528 2449 ἐπέλθωμεν,
2562 2381 2651 2435 ἵνα
2680 2383 3191 2457 άνταγωνισὼμεθα
3251 2393 3421 2467 διπλῇ
3484 2402 3551 2470 τῇ
3591 2404 3748 2474 χειρὶ,

2180 2473 2249 2541 τῇ
2275 2473 2384 2543 ἐμῇ
2411 2472 2619 2545 δηλαδὴ
2673 2476 2770 2529 καὶ
2801 2480 2867 2549 τῇ
2903 2482 2995 2551 σῇ,
3062 2484 3204 2538 κατὰ
3231 2486 3328 2539 τοῦ
3359 2491 3516 2544 νόθου
3546 2472 3746 2548 ἐκείνου

2178 2563 2340 2633 λόγου
2376 2566 2469 2619 τοῦ
2499 2566 2652 2633 ξένου
2684 2570 2779 2624 καὶ
2817 2572 2914 2627 τοῦ
2947 2575 3359 2649 πεπλασμένου,
3413 2586 3509 2639 καὶ
3536 2587 3611 2659 μὴ
3657 2590 3744 2644 ἐά-

2180 2676 2364 2729 σωμεν
2398 2661 2552 2733 αὑτῴ
2583 2662 2835 2733 δύναμιν,
2873 2667 2961 2722 ἵνα
2988 2670 3061 2740 μὴ
3085 2673 3324 2739 εὐκόλως
3377 2678 3591 2756 βλάπτῃ
3627 2688 3746 2750 τοὺς

2178 2749 2609 2821 ἐντυγχάνοντας
2637 2754 2785 2826 αὑτῷ
2816 2758 2913 2809 καὶ
2952 2760 3451 2831 άναγινὼσκονταςυ

2764 2984 3004 3040 ΚᾹΝΩΝ
3036 2989 3170 3041 [ΠΡ.

2326 3066 2551 3139 Πρῶτον
2590 3070 2689 3141 μὲν
2722 3067 2835 3136 οὖν,
2872 3073 2901 3125 δ
2937 3073 3190 3144 μέγιστον
3214 3076 3307 3130 ἐπὶ
3335 3076 3447 3130 τῶν
3480 3078 3739 3131 τοιούτων

506 3147 803 3200 maximum
851 3152 976 3211 est,
1018 3162 1227 3202 morem
1280 3156 1530 3204 nostrum
1584 3153 1825 3222 obiicere
1869 3169 2062 3223 possu-

2167 3157 2301 3221 ἐστὶ,
2324 3158 2386 3211 τὸ
2410 3160 2538 3229 παρ’
2563 3140 2692 3230 ἡμῖν
2725 3161 2863 3225 ἔθος,
2893 3140 3159 3232 ὃνὲχομεν
3206 3166 3548 3236 προϐάλλειν,
3576 3168 3741 3238 νόμον

504 3252 662 3300 mus,
718 3244 778 3291 ut
809 3237 920 3291 vim
967 3238 1102 3307 legis
1147 3238 1437 3294 habentem
1464 3279 1479 3306 ,
1521 3256 1585 3295 eo
1631 3242 1773 3312 quod
1838 3245 1998 3299 nobis
2035 3259 2066 3298 a

501 3328 634 3383 viris
672 3329 879 3383 sanctis
913 3328 1127 3385 traditae
1168 3332 1278 3386 sint
1312 3334 1531 3402 regulas.
1583 3333 1699 3389 Mos
1737 3343 1917 3389 autem
1974 3337 2065 3392 ille

340 3478 347 3489 κ
438 3463 441 3467 .
500 3427 585 3476 est
643 3418 937 3488 ejusmodi,
980 3428 1038 3474 ut
1095 3422 1140 3476 si
1202 3423 1325 3492 quis
1381 3424 1713 3494 impuritatis
1772 3428 1907 3481 vitio
1960 3428 2061 3481 ali-

500 3510 718 3581 quando
769 3511 943 3567 vietus
975 3511 1029 3566 in
1074 3512 1315 3567 illicitam
1374 3514 1604 3570 duarum
1630 3533 1881 3572 sororum
1931 3532 2063 3571 con-

496 3602 831 3672 iunctionem
860 3601 1136 3670 inciderit,
1199 3621 1378 3675 neque
1426 3607 1481 3661 id
1510 3610 1917 3663 matrimonium
1952 3609 2064 3663 exi-

498 3694 748 3749 stimetur
779 3733 796 3761 ,
839 3710 1016 3766 neque
1064 3697 1287 3769 omnino
1337 3699 1393 3754 in
1435 3699 1692 3757 Ecclesia:
1736 3711 1934 3756 coetum
1965 3700 2059 3755 ad-

497 3781 828 3850 mittuntur,
882 3784 1200 3855 priusquam
1250 3801 1280 3840 a
1316 3802 1380 3842 se
1424 3787 1655 3870 invicem
1711 3791 2056 3846 dirimuntur.

496 3872 678 3940 Quare
708 3873 924 3932 etiamsi
975 3876 1112 3931 nihil
1157 3878 1302 3932 aliud
1341 3878 1448 3933 dici
1480 3890 1701 3951 posset,
1750 3883 1884 3939 satis
1917 3890 2060 3937 esset

494 3966 615 4037 ipsa
689 3969 1028 4023 consuetudo
1084 3969 1150 4024 ad
1191 3971 1318 4026 boni
1370 3973 1700 4028 custodiam.
1757 3972 1864 4028 Sed
1932 3973 2057 4042 quia

494 4057 588 4129 qui
616 4057 759 4111 hanc
796 4059 1017 4130 scripsit
1056 4048 1363 4131 epistolam,
1397 4063 1702 4117 adulterino
1738 4072 2058 4133 argumento

494 4148 695 4203 malum
767 4157 972 4206 tantum
1014 4135 1243 4208 conatus
1297 4160 1379 4208 est
1440 4154 1493 4208 in
1547 4170 1727 4209 mores
1775 4154 2054 4208 hominum

494 4240 773 4306 inducere,
835 4258 1056 4300 necesse
1105 4252 1227 4309 est,
1286 4254 1345 4298 ut
1410 4259 1510 4299 nec
1577 4245 2055 4298 ratiocinationnm

494 4331 795 4386 subsidium
829 4334 1165 4398 omittamus,
1206 4347 1516 4403 quanquam
1548 4373 1563 4397 ,
1594 4333 1649 4386 in
1706 4333 1870 4386 rebus
1901 4334 2054 4386 valde

492 4423 824 4492 conspicuis,
861 4424 1332 4494 argumentatione
1365 4422 1541 4492 potior
1566 4431 1649 4476 est
1692 4421 2046 4490 uniuscujus-

490 4532 594 4587 que
619 4518 899 4587 praanotio.

673 4607 949 4679 Scriptum
995 4614 1097 4667 est,
1160 4604 1357 4673 inquit.
1411 4604 1464 4657 in
1493 4602 1734 4661 chitico
1766 4625 1778 4660 :
1816 4605 2045 4662 Uxorem
2074 4610 2116 4663 D

486 4714 640 4767 super
678 4714 858 4751 sorore
917 4696 1030 4763 ejus
1078 4710 1186 4749 non
1233 4695 1453 4765 accipies
1499 4695 1745 4750 tantulam
1773 4739 1788 4762 ,
1836 4698 1904 4751 ad
1958 4716 2044 4754 re-

485 4787 759 4844 z‘clandam
819 4784 1193 4855 turpitudinem
1249 4785 1361 4856 ejus
1436 4801 1591 4857 super
1647 4804 1763 4842 eam
1794 4829 1809 4853 ,
1877 4789 2045 4845 adhuc

488 4882 680 4935 virente
727 4894 789 4932 ea
840 4876 880 4930 ⁸.
940 4874 1071 4930 Inde
1113 4875 1282 4948 igitur
1349 4877 1698 4933 manifestum
1742 4895 1860 4936 esse
1915 4880 2045 4935 dicit

488 4976 716 5024 mortuae
749 4981 993 5023 sororem
1032 4969 1276 5039 accipere
1324 4970 1508 5025 licere.
1557 4970 1636 5024 Ad
1669 4968 1771 5025 hoc
1810 4971 2041 5041 primum

486 5059 706 5131 quidem
755 5057 955 5123 dicam,
995 5074 1335 5130 quaecunque
1386 5059 1472 5114 lex
1505 5058 1661 5124 dicit,
1724 5061 1791 5116 iis
1845 5063 1938 5133 qui
1987 5063 2042 5116 in

485 5153 599 5222 lege
633 5157 761 5205 sunt
808 5149 1036 5216 dicere;
1077 5151 1280 5222 alioqui
1330 5152 1412 5208 sic
1444 5158 1499 5207 et
1546 5150 1952 5208 circumcisioni
1990 5163 2042 5209 et

483 5239 722 5297 Sabbato
753 5248 807 5297 et
863 5224 1205 5298 abstinentiae
1240 5242 1484 5297 ciborum
1517 5240 1888 5310 subjiciemur.
1937 5242 2044 5297 Ne—

482 5347 585 5403 que
615 5331 759 5387 enim
805 5332 850 5388 si
890 5333 1021 5404 quid
1054 5333 1421 5413 .inveniamus
1474 5334 1782 5404 appositum
1836 5336 2042 5390 nostris

482 5422 866 5492 voluptatibus,
913 5423 1048 5494 jugo
1092 5424 1368 5481 servitutis
1402 5424 1537 5494 legis
1566 5440 1666 5480 nos
1720 5424 1823 5495 ipsi
1871 5426 2043 5494 subji-

480 5515 687 5568 cicmus
714 5528 727 5564 :
756 5515 801 5569 si
849 5514 976 5584 quid
1031 5520 1213 5569 autem
1253 5515 1429 5570 visum
1461 5514 1627 5570 fuerit
1664 5531 1826 5585 grave
1859 5517 1915 5570 in
1966 5517 2041 5572 le-

479 5605 709 5674 galibus,
745 5611 877 5660 tunc
902 5604 1309 5660 ad‘libertatem
1330 5644 1347 5671 ,
1576 5621 1698 5676 qua:
1728 5606 1785 5660 in
1816 5605 2039 5661 Christo

477 5703 580 5760 est,
611 5694 1009 5768 confugiemus.
1052 5692 1374 5766 Interrogati
1425 5709 1615 5751 sumus
1656 5709 1722 5749 an
1767 5695 2036 5764 scriptum

474 5784 564 5848 sit,
618 5794 676 5840 ut
727 5787 1033 5858 accipiatur
1082 5800 1223 5842 uxor
1271 5793 1392 5856 post
1436 5784 1609 5856 ipsius
1644 5800 1907 5842 sororem.
1950 5784 2034 5840 Di-

577 5901 592 5930 ι
626 5896 801 5950 Levit.
838 5909 994 5959 mit,
1035 5890 1118 5949 18.

2118 3898 2124 3903 '
2158 3880 2218 3933 τὸ
2248 3881 2367 3945 ἔθος
2410 3883 2545 3954 πρὸς
2575 3883 2673 3955 τὴν
2711 3884 2802 3937 τοῦ
2835 3885 2998 3937 καλοῦ

2164 3246 2387 3318 δύναμιν
2416 3248 2557 3318 ἕχον,
2591 3250 2678 3302 διὰ
2714 3251 2775 3304 τὸ
2798 3251 2886 3318 ὑφ’
2921 3253 3091 3320 ἁγίων
3117 3253 3325 3324 ἀνδρῶν
3358 3256 3488 3317 τοὺς
3509 3255 3740 3327 θεσμοὺς

2165 3339 2294 3407 ἡμῖν
2358 3339 2744 3409 παραδοθῆναι.
2801 3340 2970 3393 Τοῦτο
3011 3342 3068 3395 δὲ
3117 3344 3357 3397 τοιοῦτόν
3418 3345 3599 3398 ἐστιν’
3646 3349 3739 3401 ἐάν

2162 3445 2262 3491 τις,
2294 3428 2455 3482 πάθει
2488 3430 2826 3503 ἀκαθαρσίας
2855 3433 2982 3485 ποτὲ
3013 3434 3324 3505 κρατηθεὶς,
3354 3435 3566 3507 ἐκπέσῃ
3601 3438 3737 3509 πρὸς

2160 3516 2302 3571 δυεῖν
2329 3517 2571 3587 ἀδελφῶν
2593 3518 2828 3592 ἄθεσμον
2858 3524 3163 3588 κοινωνίαν,
3202 3527 3338 3596 μήτε
3382 3527 3564 3596 γάμον
3592 3531 3737 3600 ἠγεῖ-

2164 3606 2285 3660 σθαι
2311 3607 2495 3662 τοῦτον
2527 3649 2547 3674 ,
2664 3608 2791 3680 μηθ’
2813 3610 2948 3673 ὅλως
2987 3613 3066 3676 είς
3109 3612 3434 3685 Ἐκκλησίας
3465 3613 3733 3686 πλήρωμα

2161 3698 2562 3769 παραδέχεσθαι
2611 3701 2895 3773 πρότερον,
2929 3702 2963 3772 ἢ
2998 3702 3247 3758 διαλῦσαι
3283 3706 3481 3770 αὐτοὺς
3515 3708 3608 3760 ἀπ’
3640 3706 3730 3760 ἁλ-

2159 3786 2356 3860 λήλων.
2389 3790 2552 3843 Ὥστε
2575 3793 2623 3844 εἰ
2647 3792 2741 3845 καὶ
2777 3793 2945 3863 μηδὲν
2976 3793 3162 3865 ἓτερον
3191 3796 3362 3850 εἰπεῖν
3392 3792 3479 3868 ἦν,
3511 3797 3726 3869 ἐξήρκει

3133 3888 3398 3959 φυλακήν.
3437 3890 3647 3959 Ἐπειδὴ
3672 3889 3724 3940 δὲ

2158 3972 2187 4023 ὁ
2247 3972 2347 4041 τὴν
2396 3973 2684 4044 ἐπιστολὴν
2746 3974 2982 4044 γράψας,
3045 3978 3427 4048 ἐπιχειρήματι
3493 3978 3721 4048 κιϐδήλῳ

2158 4065 2324 4118 κακὸν
2354 4065 2602 4119 τοσοῦτον
2636 4066 2898 4137 ἐπειράθη
2922 4067 2999 4135 τῷ
3032 4067 3128 4138 βίῳ
3159 4071 3480 4137 ἐπαγαγεῖν,
3508 4070 3717 4137 ἀνάγκη

2159 4154 2294 4224 μηδὲ
2319 4157 2467 4225 ἡμᾶς
2498 4156 2597 4227 τῆς
2634 4159 2696 4211 ἐκ
2726 4157 2833 4210 τῶν
2873 4157 3145 4226 λογισμῶν
3175 4160 3427 4232 βοηθείας
3458 4161 3681 4229 ὑφέσθαι
3705 4177 3716 4189 ο

2156 4242 2328 4295 καίτοι
2359 4260 2422 4311 γε
2454 4245 2545 4296 ἐπὶ
2591 4246 2699 4296 τῶν
2746 4246 2952 4314 σφόδρα
2978 4248 3222 4314 ἐναργῶν
3251 4249 3454 4318 μείζων
3487 4252 3601 4303 ἐστὶ
3628 4246 3717 4301 τοῦ

2155 4329 2308 4396 λόγου
2339 4334 2370 4401 ἡ
2405 4333 2532 4402 παρ’
2571 4335 2799 4386 ἑκάστου
2942 4337 3231 4407 πρόληψις.

2296 4604 2628 4676 Γέγραπται,
2686 4607 2869 4678 φησιν,
2912 4610 2970 4662 ἐν
3010 4608 3088 4681 τῷ
3133 4613 3421 4685 Λευῖτικῷο
3448 4615 3707 4671 Γυναῖκα

2145 4694 2236 4747 ἐπ’
2293 4695 2527 4765 ἀδελφῇ
2571 4697 2759 4767 αὐτῆς
2800 4700 2872 4752 οὐ
2897 4700 3069 4769 λήψῃ
3111 4702 3431 4771 ἀντίζηλον
3456 4749 3471 4775 ,
3500 4709 3706 4762 ἀποκαρ

2142 4787 2333 4853 addat
2349 4784 2458 4853 τὴν
2473 4787 2908 4856 ἀσχημοσύνην
2920 4791 3110 4858 αὐτῆς
3124 4792 3214 4845 ἐπ’
3229 4794 3400 4862 αὐτῇ,
3422 4797 3510 4851 ἔτι
3527 4797 3704 4885 (diam

2145 4875 2348 4944 αὐτῆς.
2383 4877 2546 4947 Δῆλον
2574 4878 2637 4948 δὴ
2670 4875 2763 4932 οὖν
2779 4881 2842 4933 ἐκ
2864 4881 3051 4934 τούτου
3084 4878 3225 4936 εἷναί
3253 4902 3437 4955 φησιν,
3473 4875 3704 4954 ὄτίσυγ-

2145 4968 2400 5038 χωρεῖται
2442 4966 2739 5036 λαμϐάνειν
2790 4969 3208 5042 τελευτησάσης.
3264 4975 3409 5045 Πρδς
3453 4979 3517 5050 δὴ
3554 4977 3703 5031 τοῦτο

2146 5056 2357 5126 πρῶτον
2396 5058 2492 5127 μὲν
2532 5060 2706 5112 ἐκεῖνο
2766 5059 2908 5131 ἐρῶο
2960 5063 3065 5126 ὃτι,
3118 5064 3216 5117 ὅσα
3264 5067 3292 5117 ὁ
3327 5067 3493 5136 νόμος
3537 5069 3697 5136 λέγει,

2143 5147 2254 5209 τοῖς
2271 5149 2326 5200 ἐν
2344 5147 2420 5218 τῷ
2444 5148 2592 5218 νόμῳ
2619 5148 2771 5202 λαλεί
2803 5162 2821 5179 ⁸
2925 5152 3045 5205 ἐπεὶ
3065 5152 3205 5208 οὕτω
3225 5172 3288 5223 γε
3304 5156 3397 5210 καὶ
3412 5144 3695 5229 περιτομῇ,

2144 5238 2235 5290 καὶ
2284 5237 2561 5310 Σαϐϐάτῳ,
2614 5241 2705 5293 καὶ
2738 5242 2914 5313 ἀποχῇ
2961 5242 3259 5315 βρωμάτων
3287 5247 3693 5319 ὑποκεισόμεθα.

2143 5330 2216 5383 υῦ
2242 5331 2347 5401 γὰρ
2371 5330 2453 5402 δὴ,
2481 5331 2575 5384 ἐὰν
2609 5332 2706 5403 μέν
2730 5351 2779 5385 τι
2813 5333 3058 5405 εὕρωμεν
3093 5338 3379 5410 συντρέχον
3403 5345 3434 5413 ἡ
3445 5342 3560 5412 μῶν
3584 5341 3693 5401 ταῖς

2140 5421 2376 5489 ἡδοναῖς,
2436 5420 2513 5492 τῷ
2545 5422 2694 5493 ζυγῷ
2722 5424 2819 5492 τῆς
2859 5424 3099 5489 δουλείας
3133 5427 3225 5479 τοῦ
3278 5429 3441 5500 νόμου
3477 5428 3692 5489 ἐαυτοὺς

2141 5511 2510 5583 ὑποθήσομεν·
2567 5513 2662 5567 ἐὰν
2705 5514 2761 5566 δέ
2814 5532 2865 5568 τι
2915 5518 3057 5587 φανῇ
3101 5516 3238 5588 βαρὺ
3280 5518 3388 5575 τῶν
3431 5520 3686 5591 νομίμων»

2139 5605 2258 5656 τότε
2316 5604 2452 5674 πρὸς
2502 5603 2700 5675 τὴνέν
2761 5606 2980 5678 Χριστῷ
3022 5609 3331 5680 ἐλευθερίαν
3368 5607 3689 5683 ἀποδραμοῦ-

2145 5693 2305 5763 μεθα.
2378 5695 2765 5767 Ἦρωτήθημεν
2944 5701 2993 5751 εἰ
3047 5700 3354 5771 γέγραπται
3404 5700 3684 5774 λαμϐάνειν

2140 5789 2372 5856 γυναῖκα
2428 5791 2510 5841 ἐπ’
2559 5790 2779 5862 ἀδελφῇ.
2816 5792 3075 5864 Εἴπομεν,
3117 5793 3251 5865 ὅπερ
3300 5794 3531 5865 ἀσφαλὲς
3563 5791 3682 5862 ἡμῖν

3928 6194 3936 6245 l
