4008 6416
386 415 494 483 813
1271 419 1354 483 IN
1393 417 1639 485 EPIST.
1672 422 1731 521 ε
1783 422 2070 484 casn.”
2111 422 2213 484 AD
2248 406 2685 487 DIODORUM.
3504 405 3616 485 sit

385 538 483 593 καὶ
503 537 722 610 ἀληθὲς,
751 540 830 595 ὅτι
861 538 920 593 ού
942 539 1269 612 γέγραπται.
1296 542 1371 597 Τὸ
1394 542 1438 596 δ’
1460 544 1526 597 ἐκ
1554 545 1652 613 τῆς
1695 541 1788 596 τοῦ
1815 544 1937 596 ἀκο-

2047 542 2248 603 cimus,
2281 539 2428 609 quod
2463 549 2635 595 tutum
2669 537 2825 593 nobis
2859 545 2942 594 est
2971 545 3027 593 et
3068 552 3278 604 verum,
3325 537 3428 593 hoc
3475 544 3613 593 scri-

385 626 576 682 λούθου
621 630 904 701 ἐπιφορᾶς,
953 630 1013 683 τὸ
1051 631 1324 703 σιωπηθὲν
1366 631 1770 701 συλλογίζεσθαι
1795 650 1937 703 νομο-

2045 638 2196 700 ptum
2232 645 2341 685 non
2371 646 2515 686 esse.
2564 629 2719 696 Quod
2770 638 2949 685 autem
3003 630 3218 684 silentio
3273 630 3610 698 praetenuis-

382 719 666 783 θετοῦντός
691 721 859 785 ἐστιν,
881 721 941 775 ού
961 722 1030 774 τά
1049 721 1143 775 τοῦ
1167 723 1329 794 νόμου
1351 723 1600 792 λέγοντος
1620 740 1635 754 ·
1664 725 1785 777 ἐπεὶ
1803 723 1937 777 οὕτω

2045 735 2164 774 sum
2201 729 2307 783 est,
2357 721 2410 774 id
2444 736 2539 791 per
2565 720 2970 777 con‘sc’eutiohis
2996 720 3294 774 illationcm
3331 718 3610 788 colligere.

387 823 449 878 γε
506 809 718 876 ἐξέσται
768 811 846 882 τῷ
890 811 1194 882 βουλομένῳ
1248 815 1655 885 κατατολμῆσαι
1706 814 1799 867 καὶ
1862 814 1937 868 ἔτι

2043 810 2372 878 legislatoris
2399 819 2503 874 est,
2537 827 2645 866 non
2670 813 2837 881 legem
2869 811 3172 877 recitantis;
3208 809 3479 878 siquidem
3508 807 3612 862 hoc

344 904 351 911 ’
384 897 567 971 ζώσης
585 901 684 970 τῆς
710 902 961 968 γυναικὸς
989 901 1281 972 λαμϐάνειν
1313 904 1411 972 τὴν
1445 904 1696 974 ἀδελφήν.
1731 904 1805 957 Th
1836 902 1937 975 γὰρ

2045 908 2203 968 pacto
2234 901 2420 955 licebit
2466 900 2667 955 volenti
2710 900 2923 955 facinus
2960 899 3202 969 aggredi,
3237 900 3400 953 etiam
3433 897 3612 952 adhuc

384 989 519 1042 αὐτὸ
553 991 710 1043 τοῦτο
762 992 997 1061 σόφισμα
1057 993 1152 1045 καὶ
1190 994 1279 1046 ἐπ’
1315 994 1525 1047 ἐκείνου
1574 994 1824 1065 ἁρμόζει.
1851 995 1937 1047 Γέ-

2046 992 2277 1046 viventis
2328 992 2518 1046 uxoris
2585 992 2835 1062 accipere
2885 1000 3154 1047 sororem.
3235 989 3371 1043 Nam
3434 989 3613 1060 ipsum

385 1095 627 1152 γραπται
657 1081 784 1150 γὰρ,
820 1084 1002 1152 φησὶν,
1043 1085 1123 1136 Οὐ
1173 1082 1343 1152 λήψῃ
1385 1084 1721 1151 ἀντίζηλον,
1748 1083 1823 1147 ὡς
1847 1083 1937 1155 τήν

2047 1079 2176 1134 .llud
2215 1081 2494 1150 sophisma
2528 1081 2698 1136 etiam
2744 1079 2811 1135 ad
2842 1096 2962 1136 eam
3003 1096 3117 1135 rem
3154 1081 3463 1151 appositum
3492 1087 3606 1134 est.

384 1186 450 1240 γε
473 1168 579 1234 ἔξω
630 1172 724 1222 τοῦ
756 1172 917 1241 ζῆλου
954 1172 1136 1225 λαϐεῖν
1164 1174 1263 1227 ούκ
1307 1173 1596 1230 ἐκώλυσεν.
1643 1177 1700 1227 ’0
1729 1176 1792 1247 δὴ
1822 1193 1937 1230 συν-

2047 1169 2324 1241 Scriptum
2366 1180 2454 1226 est
2484 1211 2501 1234 ,
2566 1172 2742 1243 inquit
2778 1210 2792 1235 ,
2861 1170 2986 1226 Non
3031 1173 3253 1266 accipies
3315 1172 3562 1227 aemulam
3590 1184 3613 1225 :

387 1262 601 1333 ηγορῶν
656 1262 733 1332 τῷ
789 1263 949 1316 πάθει
1001 1263 1339 1333 ἀζηλότυπον
1386 1263 1525 1318 εἶναι
1574 1266 1852 1337 διοριεῖται
1885 1267 1937 1320 τί

2048 1260 2275 1329 proinde
2321 1260 2496 1330 accipi
2542 1276 2663 1315 eam
2708 1271 2861 1316 extra
2902 1260 3307 1317 aemulationem
3334 1276 3445 1316 non
3480 1274 3614 1329 pro-

382 1347 514 1422 ἦθος
563 1353 671 1406 τῶν
717 1354 981 1423 ἀδελφῶν.
1036 1356 1406 1428 ’Δνῃρημένης
1461 1352 1553 1409 οὖν
1592 1356 1695 1426 τῆς
1743 1358 1937 1422 αἰτίας1

2045 1348 2241 1402 hibuit.
2291 1347 2394 1415 Qui
2435 1357 2615 1404 autem
2667 1350 2878 1405 libidini
2920 1351 3375 1421 patrocinabitur,
3439 1365 3613 1405 temne
3676 1368 3685 1375 “

381 1442 448 1495 δι’
481 1444 547 1513 ἢν
573 1445 917 1516 ἀπηγόρευσε
948 1447 1048 1517 τὴν
1081 1445 1403 1516 ἀμφοτέρων
1445 1446 1775 1518 συνοίκησιν,
1806 1447 1860 1500 τί
1886 1447 1937 1501 τὲ

2048 1437 2272 1493 talionis
2305 1448 2581 1509 expertem
2623 1455 2746 1496 esse
2793 1440 3081 1495 athrmabit
3135 1441 3375 1495 indolem
3446 1455 3607 1495 soro-

382 1533 588 1587 κωλύον
622 1534 772 1589 ἔσται
912 1535 1209 1607 λαμϐάνειν
1257 1535 1357 1599 τὰς
1400 1536 1662 1605 ἁδελφάςς
1703 1537 1841 1589 Ἀλλ’
1884 1537 1937 1589 οὗ

2046 1543 2189 1583 rum.
2239 1528 2419 1595 Quare
2460 1531 2674 1585 sublata
2724 1545 2931 1595 causa,
2977 1532 3047 1588 ob
3106 1544 3270 1601 quam
3326 1531 3616 1586 ambarum

380 1625 685 1694 γέγραπται
732 1626 920 1692 αὕτα,
953 1628 1217 1698 φήσομεν.
1276 1626 1414 1679 Ἀλλ’
1459 1626 1581 1679 οὐδὲ
1608 1628 1790 1680 ὲκεῖνα
1814 1625 1937 1698 ὤρι-

2045 1620 2381 1675 connuhium
2437 1622 2763 1692 prohibuit,
2821 1624 2954 1694 quid
3007 1625 3266 1694 impediet
3321 1622 3651 1692 quominus'

379 1716 524 1768 σταὶ.
578 1716 640 1768 Ἠ
673 1715 728 1769 δὲ
782 1716 959 1770 ἔννοια
1017 1718 1111 1771 τοῦ
1153 1715 1446 1771 ἀκολούθου
1483 1714 1683 1786 ὁμοίως
1706 1714 1937 1786 ἀμφότέ·

2046 1723 2268 1767 sorores
2317 1713 2702 1782 accipiantur?
2764 1712 2870 1768 Sed
2900 1715 3014 1770 haec
3042 1714 3247 1783 scripta
3281 1729 3388 1768 non
3436 1725 3566 1769 sunt
3597 1756 3613 1780 ,

378 1819 507 1875 ραις
634 1805 733 1875 τὴν
758 1806 941 1860 ἄδειαν
958 1807 1193 1861 δίδωσιν.
1217 1805 1363 1859 Ἔδει
1393 1805 1472 1871 δὲ,
1506 1805 1601 1859 καὶ
1785 1802 1937 1874 μικὺν

2048 1800 2280 1857 aiemus.
2350 1801 2455 1857 Sed
2509 1816 2687 1873 neque
2741 1803 2834 1857 illa
2889 1812 3095 1860 statuta
3147 1810 3295 1859 sunt.
3331 1802 3617 1859 Consecu-

374 1894 474 1948 ἐπὶ
527 1894 594 1947 τὰ
644 1895 874 1949 κατόπιν
929 1897 1031 1966 τῆς
1084 1894 1404 1967 νομοθεσίας
1456 1894 1937 1966 ὲπαναδραμόντα,

2045 1889 2212 1946 tionis
2241 1898 2423 1945 autem
2484 1892 2840 1963 intelligentia
2870 1894 3075 1963 pariter
3132 1894 3400 1950 ambabus
3447 1893 3619 1949 liceno

376 1984 724 2055 ἀπηλλάχθαι
774 1988 1131 2057 πραγμάτων.
1198 1988 1381 2041 Ἔοικα
1437 1985 1546 2057 γὰρ
1580 1985 1643 2038 οὗ
1672 1986 1780 2039 πᾶν
1805 1981 1944 2049 εἶδος

374 2073 788 2146 ἁμαρτημάτων
852 2076 1274 2148 περιλαμϐάνειν
1344 2076 1376 2129 ό
1447 2075 1741 2147 νομοθέτης
1760 2090 1774 2105 '
1829 2075 1943 2128 ἀλλ’

383 2163 526 2227 ἰδίως
557 2164 918 2236 ἀπαγορεύειν
946 2165 1015 2219 τά
1064 2166 1172 2220 τῶν
1218 2164 1552 2234 Αἰγυπτίων,
1583 2164 1705 2219 ὅθεν
1733 2164 1944 2236 ἀπῆρεν

381 2256 409 2307 ὁ
455 2255 688 2325 Ἰσραὴλ,
721 2256 816 2310 καὶ
845 2255 915 2309 τά
959 2255 1067 2309 τῶν
1104 2255 1446 2320 Χαναναίων,
1480 2254 1616 2325 πρὸς
1669 2252 1762 2316 οὓς
1813 2253 1945 2323 μεθ-

379 2345 611 2401 ίσταται.
644 2350 795 2419 Ἔχει
848 2348 957 2418 γὰρ
986 2348 1159 2412 οὕτως
1188 2351 1220 2420 η
1246 2347 1390 2412 λέξις
1410 2363 1427 2379 ⁸
1458 2348 1619 2402 Κατὰ
1648 2345 1720 2399 τὰ
1744 2346 1945 2413 ἐπιτη-

375 2435 636 2506 δεύματα
680 2437 786 2505 τῆς
810 2440 1136 2509 Αίγύπωυ,
1198 2441 1268 2493 ἐν
1415 2435 1811 2505 παρῳκήσατε
1848 2435 1943 2487 ἐπ’

373 2527 584 2595 αὐτῆς.
607 2530 678 2581 οὐ
720 2528 1034 2595 ποιήσετε-
1082 2529 1181 2583 καὶ
1225 2529 1375 2582 κατὰ
1413 2526 1487 2581 τὰ
1511 2525 1944 2595 ἐπιτηδεύματα

374 2616 488 2688 γῆς
535 2620 795 2682 Χαναὰν,
828 2621 920 2686 εἰς
962 2617 1042 2687 ἢν
1083 2618 1198 2688 ἐγὼ
1235 2617 1457 2682 εἰσάξω
1499 2615 1657 2686 ὑμᾶς
1692 2615 1837 2680 ἐκεῖ,
1869 2616 1943 2669 οὐ

368 2708 674 2774 ποιήσετε,
732 2710 829 2763 καί
859 2710 930 2763 ἐν
974 2709 1098 2774 τοῖς
1150 2709 1424 2778 νομίμοις
1625 2705 1823 2760 αὐτῶν
1867 2706 1943 2758 οὐ

372 2799 763 2866 πορεύσεσθε.
800 2798 963 2850 Ὥστε
1021 2796 1181 2851 τοῦτο
1236 2795 1383 2861 εἰκός
1424 2808 1529 2848 που
1713 2794 1775 2847 τὸ
1804 2789 1944 2856 εἶδος

371 2890 470 2960 τῆς
523 2889 796 2961 ἁμαρτίας
850 2889 924 2960 μὴ
981 2887 1431 2960 ἐμπολιτεύεσθαι
1486 2886 1606 2940 τότε
1643 2886 1791 2958 παρά
1828 2888 1943 2949 τοῖς

367 2980 579 3034 ἔθνεσισ
611 2981 691 3034 διὸ
726 2980 860 3053 μηδὲ
911 2981 1012 3051 τῆς
1064 2982 1149 3034 ἐπ’
1183 2979 1333 3050 αύτῷ
1380 2977 1622 3048 φυλακῆς
1664 2977 1945 3047 προσδεη-

370 3069 525 3141 θῆναι
571 3071 661 3124 τδν
706 3071 1019 3143 νομοθέτην,
1049 3070 1165 3125 ἀλλ’
1200 3069 1537 3141 ἀρκεσθῆναι
1565 3068 1641 3140 τῷ
1675 3068 1942 3137 ἀδιδάκτῳ

367 3158 477 3213 ἔθει
528 3162 663 3232 πρὸς
720 3162 818 3233 τὴν
862 3162 955 3216 τοῦ
996 3161 1200 3234 μύσους
1242 3159 1516 3231 διαϐολήν.
1577 3159 1703 3223 Πῶς
1742 3154 1939 3225 οὗν,τδ

371 3252 556 3321 μεῖζον
615 3253 1021 3325 ἀπαγορεύσας,
1054 3253 1114 3307 τὸ
1169 3251 1387 3306 ἔλαττον
1434 3248 1769 3318 ὲσ-ιώπησενς
1816 3250 1936 3304 Ὅτι

367 3340 543 3401 ἐδόκει
572 3343 800 3408 πολλοὺς
831 3344 940 3399 τῶν
971 3344 1341 3416 φιλοσάρκων,
1374 3342 1512 3414 πρὸς
1541 3342 1603 3396 τὸ
1629 3341 1718 3396 ἔτι
1735 3339 1936 3407 ζὼσαις

364 3432 620 3502 Μελφαῖς
681 3439 944 3490 συνοικεῖν
966 3475 984 3500 ,
1054 3436 1116 3490 τὸ
1168 3435 1473 3507 ὑπόδειγμα
1537 3433 1793 3504 βλάπτειν
1840 3433 1935 3488 τοῦ

368 3526 724 3597 πατριάρχου.
767 3527 945 3598 Ἦμᾶς
996 3527 1053 3581 δὲ
1101 3526 1154 3579 τί
1194 3527 1303 3599 χρὴ
1340 3528 1550 3591 ποιεῖν;
1586 3526 1666 3580 Τά
1692 3541 1937 3598 γεγραμ-

371 3617 506 3686 μένα
550 3612 807 3691 Miami)
846 3618 914 3673 τὰ
965 3608 1307 3690 σιωπηθέντα
1365 3616 1934 3690 προσεξεργάζεσθαι;

373 3707 571 3763 Αὐτίκα
595 3702 655 3762 τὸ
690 3710 764 3781 μὴ
808 3710 918 3765 δεῖν
967 3711 1067 3782 μιᾶ
1113 3709 1306 3782 ἑταίρᾳ
1357 3709 1659 3781 κεχρῆσθαι
1722 3708 1936 3780 πατέρα

371 3795 461 3851 καὶ
522 3801 636 3854 υἰὸν
687 3802 745 3854 ὲν
778 3801 877 3863 μὲν
902 3803 1015 3865 τοῖς
1038 3800 1224 3873 νόμοις
1250 3799 1462 3863 τούτοις
1503 3798 1566 3853 οὐ
1604 3798 1930 3871 γέγραπται,

368 3889 518 3959 παρὰ
543 3890 601 3943 δὲ
625 3889 701 3960 τῷ
731 3892 994 3963 Προφήτῃ
1029 3891 1295 3962 μεγίστης
1326 3889 1662 3962 κατηγορίας
1688 3890 1930 3961 ἠξίωταιι

374 3980 507 4044 Υἱὸς
531 3974 662 4050 γὰρ,
710 3982 894 4053 φησίο
910 3981 1008 4037 καί
1044 3981 1240 4050 πατὴρ
1264 3979 1415 4050 πρὸς
1446 3979 1561 4049 τὴν
1587 3981 1782 4049 αὐτὴν
1807 3994 1935 4035 παις

245 4136 253 4151 ⁸
366 4071 587 4140 δισκην
611 4074 1086 4143 εἰσεπορεύοντο.
1105 4074 1254 4128 Πόσα
1273 4073 1328 4128 δὲ
1349 4074 1463 4144 εῐδη
1492 4072 1626 4129 ἄλλα
1662 4072 1772 4126 τῶν
1798 4072 1936 4126 ἀκα-

366 4162 579 4236 θάρτων
644 4165 831 4221 παθῶν
879 4165 942 4220 τὸ
995 4167 1095 4238 μὲν
1124 4165 1230 4221 τῶν
1260 4166 1528 4238 δαιμόνων
1568 4164 1934 4220 διδασκαλεῖον

366 4254 605 4326 ἐξεῦρεν,
636 4258 668 4329 ἡ
710 4257 767 4311 δὲ
821 4257 940 4312 θεία
977 4258 1169 4330 Γραφὴ
1227 4257 1600 4328 ἀπεσιώπησε,
1636 4256 1700 4310 τὸ
1739 4255 1934 4327 σεμνὸν

366 4346 561 4419 ἑαυτῆς
581 4352 701 4413 ταῖς
733 4349 842 4403 τῶν
869 4348 1109 4422 αἰσχρῶν
1137 4348 1452 4420 ὀνομασίαις
1477 4347 1934 4420 καταρρυπαίνειν

364 4439 462 4510 οὐχ
499 4439 816 4513 αἱρουμένη,
865 4440 999 4496 ἀλλά
1030 4444 1265 4512 γενικοῖς
1301 4441 1526 4512 ὀνόμασι
1558 4439 1657 4505 τὰς
1684 4438 1930 4513 ἀκαθαρα

366 4528 487 4591 σίας
536 4528 802 4583 διέϐαλενί
848 4531 934 4594 Ὠς
964 4530 1058 4584 καὶ
1098 4531 1127 4583 ό
1171 4529 1464 4594 ἀπόστολος
1507 4529 1720 4594 Παῦλός
1756 4546 1925 4602 φησιν’
1962 4558 2006 4615 D

364 4620 615 4686 Πορνεία
633 4620 700 4674 δὲ
726 4620 820 4675 καί
851 4622 1188 4690 ἀκαθαρσία
1201 4620 1369 4677 πᾶσα
1389 4621 1544 4692 μηδὲ
1559 4619 1928 4692 ὀνομαζέσθω

361 4706 434 4759 ἐν
464 4707 624 4777 ὑμῖν,
647 4708 837 4776 καθὼς
870 4707 1074 4776 πρέπει
1118 4709 1340 4779 ἁγίοις-ο
1374 4709 1450 4781 τῷ
1471 4709 1568 4780 τῆς
1594 4708 1930 4783 ἀκαθαρσίας

360 4796 580 4868 ὀνόματι
637 4801 737 4864 τάς
785 4817 844 4853 τε
870 4800 977 4852 τῶν
1006 4800 1250 4871 ἀρρένων
1283 4799 1673 4872 ἀῤῥητοποιίας
1700 4800 1794 4854 καὶ
1829 4798 1930 4863 τὰς

358 4890 469 4943 τῶν
489 4889 712 4961 θηλειῶν
733 4883 1339 4962 περιλαμϐάνωνίὩστε
1364 4891 1424 4945 οὐ
1456 4890 1669 4955 πάντως
1691 4892 1725 4963 ἠ
1750 4892 1927 4964 σιωπὴ

359 4982 542 5038 ἄδειαν
571 4985 724 5055 φέρει
757 4986 868 5047 τοῖς
907 4984 1227 5055 φιληδόνοις.

509 5153 652 5224 Ἐγὼ
673 5151 865 5209 δὲούδὲ
893 5142 1262 5225 σεσιωπῆσθαι
1287 5151 1348 5206 τὸ
1387 5151 1551 5223 μέρος
1582 5152 1737 5208 τοῦτό
1763 5171 1926 5227 φημι,

356 5247 496 5300 ἀλλά
528 5247 619 5301 καί
667 5246 809 5301 πάνυ
841 5244 1084 5317 σφοδρῶς
1116 5245 1548 5315 ἀπηγορευκέναι
1584 5245 1675 5301 τὸν
1702 5249 1927 5319 νομοθέο

353 5350 474 5408 την.
501 5337 574 5391 Th
600 5336 730 5407 γὰρ,
780 5338 902 5390 Οὐκ
951 5335 1270 5403 εἰσελεύσῃ
1314 5334 1680 5403 πρόςατίντα
1707 5336 1929 5394 οἰκεῖον

353 5430 584 5497 σαρκός
612 5444 749 5493 σου,
796 5427 1187 5495 ἀποκαλύψαι
1232 5426 1678 5497 ἀσχημοσύνην
1709 5428 1925 5501 αὐτῶν,

355 5512 778 5591 ἐμπεριέκτικόν
806 5520 922 5572 ἐστι
948 5519 1042 5571 καὶ
1063 5516 1252 5570 τούτου
1280 5517 1371 5571 τοῦ
1403 5518 1574 5584 εῖδους
1600 5520 1701 5591 τῆς
1731 5522 1926 5577 οἰκειό-

353 5627 537 5679 τητος.
566 5603 632 5663 Τί
656 5612 765 5682 γὰρ
787 5610 853 5663 ἂν
899 5609 1106 5678 γένοιτο
1137 5609 1462 5680 οἰκειότερον
1489 5610 1642 5680 ἀνδρὶ
1668 5610 1766 5680 τῆς
1797 5611 1924 5666 εαυ-

352 5698 449 5751 τοῦ
476 5700 755 5768 γυναικὸς,
787 5692 986 5768 μᾶλλον
1021 5688 1075 5751 δὲ
1100 5699 1198 5768 τῆς
1229 5686 1420 5752 ἑαυτοῦ
1454 5699 1683 5770 σαρκός-ς
1717 5693 1792 5755 ῡῦ
1819 5703 1926 5773 γὰρ

352 5794 436 5868 ἔτι
468 5792 573 5844 εἰσί
597 5791 708 5856 δύο,
750 5791 885 5844 ἀλλὰ
920 5789 1057 5863 σὰρξ
1108 5791 1225 5860 μία.
1256 5791 1413 5842 Ὥστε
1437 5790 1524 5844 διὰ
1545 5792 1643 5861 τῆς
1671 5786 1924 5861 γυναικὸς

420 5948 433 5980 ⁸
463 5944 644 6008 chit.
679 5968 836 6021 nm,
860 5952 915 6008 '5.
998 5956 1016 5986 ²
1061 5952 1228 6011 Amos
1260 5969 1319 6023 ιι,
1364 5954 1415 6008 7.
1495 5955 1514 5985 ³
1547 5954 1746 6026 Ephcs.
1781 5972 1836 6026 ν,
1874 5958 1930 6015 3.

2045 1981 2175 2035 tiam
2241 1982 2453 2036 tribuit.
2504 1982 2707 2037 Verum
2769 1985 3057 2053 oportebat
3105 1985 3383 2055 paulisper
3443 1985 3514 2040 ad
3550 1997 3618 2040 ea

2043 2087 2167 2141 quae
2229 2072 2400 2144 legem
2464 2074 2779 2143 praecedunt
2838 2076 3174 2131 recurrendo
3201 2112 3219 2141 ,
3301 2074 3616 2132 ditilcultate

2044 2161 2286 2217 liberari.
2344 2162 2568 2219 Videtur
2596 2165 2740 2219 enim
2777 2179 2885 2219 non
2932 2180 3097 2221 omne
3124 2179 3474 2236 peccatorum
3519 2181 3616 2238 ge-

2045 2268 2150 2307 nus
2221 2255 2685 2323 comprehendere
2744 2256 3024 2326 legislator
3063 2273 3080 2310 :
3115 2257 3214 2314 sed
3270 2258 3618 2330 peculiariter

2043 2341 2422 2415 Egyptiorum
2482 2348 2626 2402 unde
2689 2345 2855 2403 Israel
2906 2349 3136 2414 exierat,
3190 2360 3248 2406 et
3276 2351 3617 2406 Chananao-

2044 2447 2165 2485 rum
2196 2433 2263 2487 ad
2307 2449 2445 2503 quos
2496 2435 2963 2505 transferebatur,
3032 2453 3216 2497 mores
3262 2441 3612 2498 interdicere.

2047 2524 2137 2579 Sic
2170 2527 2314 2581 enim
2362 2528 2527 2583 habet
2568 2528 2635 2582 ad
2694 2525 2922 2584 verbum
2962 2550 2975 2586 :
3036 2531 3337 2587 Secundum
3366 2533 3616 2591 instituta

2044 2624 2198 2671 terra:
2248 2616 2470 2687 Afgypli
2494 2658 2509 2683 ,
2554 2621 2608 2673 in
2661 2637 2767 2691 qua
2814 2620 3095 2677 habitastis
3145 2624 3201 2677 in
3228 2638 3293 2678 ea
3326 2662 3342 2688 ,
3374 2640 3479 2678 non
3529 2624 3618 2694 [ιε-

2040 2707 2192 2762 cietis
2236 2724 2256 2761 :
2308 2718 2362 2762 et
2415 2709 2699 2764 secundum
2744 2713 2989 2767 instituta
3025 2722 3179 2768 terra
3210 2712 3501 2780 Chanaan,
3555 2715 3616 2767 in

2040 2812 2199 2867 quant
2231 2814 2325 2867 ego
2359 2798 2605 2853 inducam
2641 2817 2728 2855 ιιοε
2777 2800 2905 2855 illuc
2932 2841 2947 2865 ,
3004 2818 3109 2856 non
3158 2802 3367 2871 facietis
3394 2841 3410 2867 ,
3453 2817 3615 2872 neque

2041 2891 2098 2942 in
2138 2889 2387 2961 legitimi:
2447 2904 2629 2945 eorum
2694 2891 3036 2948 ambulabitis
3085 2889 3126 2948 ¹.
3166 2892 3476 2950 Verisimile
3526 2898 3615 2948 est

2043 2977 2146 3032 hoc
2176 2980 2387 3048 peccati
2420 2995 2596 3049 genus
2633 2987 2766 3035 tunc
2792 2982 2936 3036 inter
2961 2989 3153 3053 gentes
3184 2997 3296 3037 non
3343 2981 3611 3051 viguisse.

2042 3069 2383 3141 Quapmptcr
2416 3086 2554 3141 opus
2591 3086 2700 3125 non
2759 3071 2861 3126 fuit
2890 3072 3212 3141 legislatori,
3254 3079 3316 3128 ut
3346 3072 3482 3127 illud
3519 3086 3615 3128 ca-

2040 3161 2277 3216 vendum
2302 3170 2521 3218 curaret
2553 3179 2569 3216 :
2597 3163 2692 3220 sed
2727 3165 2862 3220 satis
2890 3164 2942 3220 ei
2985 3164 3087 3221 fuit
3115 3179 3235 3220 mos
3271 3178 3386 3218 non
3410 3163 3611 3220 doctus

2038 3248 2107 3304 ad
2158 3250 2383 3306 sceleris
2440 3251 2937 3321 reprehensionem.
2990 3253 3276 3319 Quomodo
3305 3254 3471 3325 igitur
3494 3269 3614 3309 ma-

2032 3339 2157 3409 jore
2208 3342 2414 3405 vetito,
2454 3343 2636 3396 minus
2688 3344 3091 3413 praetermisit?
3127 3344 3267 3410 Quia
3320 3346 3613 3403 videbatur

2037 3433 2224 3488 multis
2271 3435 2423 3488 carni
2483 3434 2914 3506 indulgentibus,
2948 3444 3008 3491 ut
3028 3446 3154 3492 cum
3179 3437 3469 3494 sororibus
3512 3436 3612 3492 ad-

2039 3521 2146 3577 huc
2207 3523 2518 3581 viventibus
2579 3527 2931 3593 habitarent,
2963 3529 3210 3584 noxium
3259 3543 3383 3584 esse
3427 3544 3613 3585 exem-

2037 3610 2184 3681 plum
2221 3615 2564 3683 patriarchae.
2599 3614 2711 3671 Nos
2741 3625 2920 3672 autem
2972 3618 3102 3688 quid
3138 3618 3317 3675 facere
3348 3622 3612 3691 oportet?

2036 3701 2168 3767 Quae
2207 3703 2411 3775 scripta
2441 3713 2573 3759 sunt
2605 3705 2809 3770 dicere,
2859 3723 2931 3761 an
2962 3710 3333 3778 praetermissa
3382 3725 3611 3766 accura‘

2036 3793 2145 3848 lius
2201 3795 2492 3849 serutari?
2535 3794 2836 3861 Protinus,
2883 3814 2994 3854 non
3046 3805 3307 3869 Oportere‘
3357 3800 3435 3855 uti
3499 3816 3609 3856 una

2037 3884 2227 3954 pellice
2258 3892 2466 3954 patrem
2497 3893 2553 3940 et
2597 3887 2803 3952 tilium,
2853 3887 2908 3942 in
2962 3888 3050 3944 his
3100 3890 3311 3959 legibus
3343 3890 3608 3954 scriptum

2035 3990 2145 4029 non
2179 3985 2309 4040 est,
2362 3976 2458 4032 sed
2519 3977 2662 4048 apud
2706 3977 3032 4050 PrOphetam
3087 3981 3301 4040 crimini
3367 3984 3609 4036 maximo

2032 4065 2213 4122 datur.
2260 4065 2435 4123 Filius
2477 4069 2649 4136 enim,
2691 4071 2904 4142 inquit,
2952 4079 3003 4127 et
3055 4082 3207 4141 pater
3255 4072 3324 4127 ad
3368 4075 3606 4129 eamdem

2034 4157 2265 4227 puellam
2295 4159 2724 4231 ingrediebantur
2780 4164 2820 4218 ³.
2875 4165 3018 4230 Quot
3060 4173 3240 4221 autem
3286 4166 3393 4221 alia
3446 4168 3605 4237 cupi-

2034 4245 2262 4303 ditatum
2338 4248 2676 4319 impuratum
2756 4267 2955 4323 genera
3017 4252 3325 4311 damonum
3383 4256 3605 4327 quidem

2036 4338 2286 4394 doctrina
2320 4340 2669 4412 excogitavit,
2704 4344 2878 4399 tacuit
2910 4360 3042 4401 vero
3069 4345 3255 4400 divina
3291 4345 3602 4417 Scriptura,

2035 4431 2376 4487 honestatem
2423 4449 2578 4489 suam
2628 4446 2811 4491 rerum
2864 4439 3101 4509 turpium
3144 4439 3604 4510 appellationibus

2034 4521 2243 4579 foedare
2279 4522 2473 4579 nolens
2494 4563 2508 4589 ,
2542 4524 2637 4580 sed
2666 4527 2966 4596 generatim
2991 4528 3336 4598 impuritates
3387 4531 3602 4601 vitupe-s

2032 4614 2215 4671 ravitl
2269 4612 2362 4670 Sic
2392 4624 2454 4670 ut
2482 4623 2537 4672 et
2563 4615 2858 4688 Apostolus
2895 4618 3097 4678 Paulus
3133 4622 3210 4676 ait
3240 4641 3253 4676 :
3290 4620 3601 4677 Fornicatio

2033 4714 2207 4762 autem
2257 4715 2308 4762 et
2349 4710 2519 4764 omnis
2562 4711 2896 4765 immunditia
2949 4729 3012 4766 ne
3059 4715 3357 4768 nominetur
3392 4713 3598 4784 quidem

2034 4800 2087 4853 in
2122 4799 2287 4863 vobis,
2329 4800 2467 4853 sicut
2519 4799 2659 4854 decet
2720 4802 2974 4856 sanctos’
3034 4820 3048 4855 :
3089 4803 3449 4859 immunditiam
3493 4820 3600 4859 no—

2033 4888 2182 4944 mine
2215 4897 2328 4942 tum
2359 4889 2599 4945 virorum
2626 4899 2741 4945 tum
2758 4891 3057 4948 mulierum
3085 4892 3325 4949 obscena
3352 4894 3597 4949 facinora

2032 4979 2524 5049 comprehendens.
2554 4980 2733 5048 Quare
2755 4996 2865 5038 non
2890 4983 3117 5040 omnino
3143 4983 3418 5040 silentium
3431 4984 3599 5043 licet»

2031 5067 2164 5122 tiam
2185 5067 2281 5123 dat
2303 5070 2651 5143 voluptariis.

2060 5157 2218 5232 141
2232 5157 2343 5230 Ego
2357 5167 2728 5232 autemneque
2759 5162 2979 5218 tacitam
3009 5162 3158 5220 illam
3182 5173 3392 5243 partem
3424 5167 3597 5224 fuisse

2019 5249 2146 5306 dico
2182 5268 2197 5307 :
2246 5249 2357 5307 imo
2403 5249 2568 5306 etiam
2608 5266 2639 5306 a
2672 5250 2987 5325 legisiatore
3025 5255 3378 5314 vehementer
3409 5258 3598 5314 admei

2017 5340 2148 5398 dum
2173 5338 2344 5399 fuisse
2368 5340 2723 5415 prohibitam.
2767 5341 2906 5400 illud
2931 5346 3100 5414 enim,
3129 5338 3256 5401 Non
3289 5347 3597 5419 ingrediaris

2017 5434 2088 5489 ad
2151 5450 2356 5489 omnem
2423 5435 2599 5491 carnis
2666 5444 2771 5492 tum
2844 5437 3061 5509 afﬁnem
3127 5439 3196 5494 ad
3261 5428 3633 5496 revelandam'

2014 5544 2195 5584 eorum
2230 5528 2610 5599 turpitudinem
2644 5529 2687 5594 ⁸,
2759 5529 2903 5587 hanc
2937 5533 3102 5588 etiam
3156 5533 3436 5590 aﬂinitatis
3470 5550 3594 5603 ενοι

2016 5619 2154 5675 ciem
2204 5620 2610 5690 complectitur.
2662 5620 2874 5679 Etenim
2914 5624 3046 5695 quid
3267 5624 3386 5678 viro
3435 5623 3593 5679 aliine

2015 5709 2189 5778 magis
2227 5719 2503 5780 estquam
2548 5726 2648 5767 sua
2694 5713 2870 5784 ipsius
2900 5731 3075 5781 uxor,
3125 5715 3233 5770 imo
3283 5722 3446 5785 quam
3492 5731 3590 5771 sua

2015 5799 2188 5870 ipsius
2238 5802 2410 5857 caro?
2464 5801 2584 5860 Non
2637 5808 2783 5864 enim
2833 5807 3069 5879 amplius
3099 5808 3220 5862 dure
3270 5814 3441 5870 sunt.
3482 5802 3587 5862 ‘scd

2032 5945 2053 5978 ⁸
2082 5944 2260 6011 Levit.
2281 5969 2441 6025 xvut,
2480 5956 2534 6013 6.
