4008 6380
492 380 600 447 815

1753 374 2030 447 THEOD.
2074 381 2478 446 BALSAMON

3630 372 3734 439 816

500 529 606 569 una
637 529 790 571 caro.
844 515 1035 588 Itaque
1072 531 1170 588 per
1197 531 1425 573 uxorem
1481 531 1640 573 soror
1698 514 1765 570 ad
1818 515 1922 569 viri
1960 514 2061 568 alii.

2173 509 2206 578 ἡ
2228 506 2431 577 ἀδελφὴ
2458 503 2596 575 πρὸς
2616 502 2713 575 τὴν
2742 500 2837 556 τοῦ
2863 498 3053 572 ἀνδρὸς
3075 500 3381 573 οἰκειότητα
3412 503 3732 571 μεταϐαίνει.

495 607 725 661 nitatem
787 609 1013 663 transit.
1075 607 1546 676 Quemadmodum
1618 607 1765 663 enim
1843 613 2072 661 matrem

498 698 687 753 uxoris
730 715 839 753 non
905 707 1169 767 assumet,
1222 715 1399 769 neque
1443 698 1608 753 tiliam
1663 697 1894 761 uxoris,
1946 711 2071 766 pro-

496 796 681 858 pterea
712 789 858 858 quod
896 806 1073 860 neque
1128 803 1285 846 suam
1343 790 1519 859 ipsius
1583 796 1845 851 matrem,
1893 802 2072 856 neque

495 893 652 934 suam
686 878 860 948 ipsius
895 878 1097 945 ﬁliam;
1149 880 1224 934 ita
1275 894 1377 935 nec
1429 881 1620 934 uxoris
1652 893 1924 941 sororem,
1951 892 2073 944 pro-

494 976 680 1039 pterea
712 971 857 1040 quod
899 986 1075 1040 neque
1130 986 1285 1026 suam
1315 971 1487 1040 ipsius
1530 984 1792 1025 sororem.
1849 967 1914 1021 Et
1952 968 2072 1022 vicc

494 1074 675 1126 versa,
710 1075 888 1131 neque
934 1061 1091 1116 uxori
1125 1060 1311 1115 licebit
1349 1074 1473 1113 sese
1501 1059 1602 1113 viri
1659 1056 1907 1111 amnibus
1939 1071 2069 1111 con-

446 1172 454 1181 σ
489 1150 740 1223 iungere.
800 1150 938 1206 Sunt
975 1152 1118 1206 enim
1164 1151 1422 1221 utrinque
1460 1148 1769 1204 communia
1795 1148 2067 1201 aﬂinitatis

488 1243 635 1312 jura.
702 1242 815 1313 Ego
862 1230 1297 1312 porro-cuilibet
1364 1240 1430 1296 de
1505 1240 1713 1307 nuptiis
1758 1239 2069 1293 consulenti

443 1363 453 1371 -
492 1332 780 1399 testiﬁcor,
814 1334 1098 1403 prmtcrire
1143 1336 1370 1403 ﬁguram
1403 1333 1567 1403 hujus
1591 1331 1801 1395 mundi,
1851 1337 1904 1384 et
1932 1337 2070 1383 tem-

372 1488 377 1493 η
490 1439 595 1493 pus
615 1424 781 1480 breve
806 1440 951 1489 esse,
1006 1424 1071 1479 Ut
1098 1426 1185 1495 qui
1220 1424 1409 1477 habent
1455 1438 1644 1484 uxores
1676 1431 1927 1489 tanquam
1966 1435 2069 1471 non

490 1516 735 1570 habentes
758 1517 865 1571 sint
918 1514 959 1570 ⁸.
991 1516 1145 1582 Quod
1175 1516 1221 1571 si
1252 1516 1386 1569 mihi
1413 1528 1696 1584 perperam
1722 1513 1862 1581 legat
1898 1511 2064 1564 illud:

490 1604 725 1662 Crescite
747 1615 796 1661 et
830 1607 1260 1676 multiplicamini
1310 1605 1331 1634 ‘
1373 1625 1385 1659 :
1424 1605 1575 1658 rideo
1615 1605 1788 1671 legum
1822 1611 2067 1671 tempora

490 1712 605 1753 non
634 1697 1062 1754 discernentem.
1093 1696 1496 1753 Fornicationis
1532 1694 1830 1748 remedium
1865 1695 2069 1763 nuptizc

2185 600 2271 660 Ὠς
2299 597 2408 667 γὰρ
2444 595 2653 666 μητέρα
2676 594 2932 663 γυναικὸς
2966 593 3028 645 οὐ
3052 591 3301 663 λήψεται,
3329 593 3449 645 οὐδὲ
3476 592 3735 665 Θυγατὲρα
3766 662 3772 667 ᾗ

2171 690 2270 759 τῆς
2300 686 2578 756 γυναικὸς,
2627 686 2760 739 διότι
2793 685 2925 755 μηδὲ
2970 682 3070 754 τὴν
3106 683 3301 736 ἑαυτοῦ
3335 684 3565 754 μητέρα,
3612 684 3736 755 μηδὲ

2172 778 2268 848 τὴν
2298 776 2490 830 ἑαυτοῦ
2524 775 2795 846 θυγατέρα
2822 790 2837 804 ·
2864 772 3036 836 οὕτως
3068 772 3174 826 οὐδ’
3208 772 3443 843 ἀδελφὴν
3472 772 3733 841 γυναικὸς,

2171 868 2302 921 διότι
2327 868 2459 939 μηδὲ
2496 866 2731 937 ἀδελφὴν
2759 863 2971 920 ἑαυτοῦ.
2991 865 3101 917 Καὶ
3128 863 3189 916 τὸ
3217 863 3507 927 ἀνάπαλιν,
3535 863 3652 916 οὐδὲ
3674 866 3735 934 τῇ

2173 960 2393 1027 γυναικὶ
2442 957 2655 1022 ἐξέσται
2701 959 2812 1019 τοῖς
2857 955 3076 1017 οἰκείοις
3105 953 3199 1006 τοῦ
3234 953 3429 1024 ἀνδρὸς
3460 957 3735 1008 συνοικεῖν.

2173 1050 2341 1103 Κοινὰ
2389 1049 2498 1120 γὰρ
2550 1051 2633 1100 ἐπ’
2672 1046 2999 1118 ἀμφοτέρων
3051 1045 3151 1116 τῆς
3204 1044 3527 1113 συγγενείας
3575 1045 3643 1097 τὰ
3669 1044 3738 1098 δί-

2172 1157 2321 1193 καια.
2371 1137 2513 1207 Ἐγὼ
2537 1139 2593 1192 δὲ
2651 1137 2812 1191 παντὶ
2846 1136 2924 1206 τῷ
2977 1136 3124 1206 περὶ.
3158 1135 3337 1206 γάμου
3380 1135 3738 1207 βουλευομένῳ

2169 1230 2629 1302 διαμαρτύρομαι,
2684 1230 2764 1282 ὃτι
2813 1228 3049 1299 παράγει
3075 1227 3136 1281 τὸ
3193 1227 3384 1296 σχῆμα
3411 1226 3504 1279 τοῦ
3542 1226 3736 1297 κόσμου

2169 1321 2380 1386 τούτου,
2417 1322 2512 1374 καὶ
2556 1323 2584 1373 ὁ
2631 1319 2821 1391 καιρὸς
2851 1318 3278 1388 συνεσταλμένος
3303 1318 3472 1381 ἐστὶν,
3493 1317 3625 1371 Ἵνα
3647 1313 3739 1368 καὶ

2169 1416 2223 1467 οἱ
2255 1413 2497 1480 ἔχοντες
2517 1410 2803 1480 γυναῖκας
2838 1409 2917 1474 ὡς
2940 1408 3025 1479 μὴ
3061 1408 3307 1476 ἔχοντες
3326 1403 3501 1462 ὦσιν.
3548 1404 3739 1459 Ἐἀνδέ

2172 1518 2261 1570 μοι
2319 1499 2780 1571 παραναγινώσκῃ
2830 1498 2911 1573 τὸ,
2959 1497 3306 1561 Αὺξάνεσθε
3367 1498 3466 1551 καί
3523 1497 3737 1563 πληθύν

2166 1595 2377 1645 νεσθε·
2406 1588 2687 1658 καταγελῶ
2714 1588 2806 1641 τοῦ
2841 1578 2949 1642 τῶν
2976 1587 3307 1658 νομοθεσιῶν
3353 1588 3483 1648 τοὺς
3522 1587 3740 1657 καιροὺς

2170 1680 2245 1751 μὴ
2310 1680 2693 1751 διακρίνοντος.
2751 1678 3010 1750 Πορνείας
3055 1678 3380 1750 παραμυθία
3423 1676 3452 1731 ὁ
3501 1677 3739 1747 δεύτερος

445 1821 451 1827 -
489 1786 766 1852 secundat,
801 1801 914 1841 non
951 1787 1173 1842 occasio
1228 1785 1481 1840 lascivim.
1534 1782 1592 1836 Si
1643 1796 1701 1836 se
1747 1796 1857 1834 non
1891 1783 2061 1838 conti-

2166 1773 2365 1842 γάμος,
2419 1773 2521 1827 οὐκ
2571 1772 2779 1840 ἐφόδιον
2807 1774 2887 1836 είς
2917 1773 3225 1840 ἀσέλγειαν.
3256 1774 3317 1826 El
3349 1772 3450 1825 οὐκ
3484 1772 3738 1841 ἐγκαρτε-

489 1883 644 1941 nent,
674 1876 903 1946 nubant,
925 1877 1103 1951 inquit
1150 1879 1193 1946 ³,
1228 1892 1337 1933 non
1367 1891 1498 1933 vero
1519 1883 1571 1931 et
1600 1873 1869 1930 nubentes
1892 1872 2061 1945 legem

2168 1832 2439 1935 ρεόονται,
2494 1832 2926 1932 γαμησάτωσαν,
2980 1832 3145 1931 φησίν
3171 1878 3185 1891 ο
3246 1860 3372 1931 οὐχὶ
3414 1859 3473 1913 δὲ
3515 1832 3740 1926 stat-va-
3794 1920 3797 1927 ~

489 1970 713 2026 violent.

648 2060 745 2118 Isti
775 2069 978 2128 autem,
1015 2077 1249 2134 quorum
1284 2065 1501 2122 animus
1537 2067 1668 2124 vitio
1704 2065 2066 2139 turpitudinis

450 2181 457 2189 ο
490 2154 675 2225 lippus
699 2160 805 2220 est,
844 2169 915 2209 ne
945 2156 1013 2209 ad
1049 2164 1301 2210 naturam
1332 2157 1551 2227 quidem
1582 2162 1906 2232 respiciunt,
1946 2174 2067 2229 quae

485 2245 601 2316 jam
648 2246 780 2301 olim
818 2246 1039 2316 generis
1087 2247 1308 2301 nomina
1349 2248 1634 2305 discrevit.
1668 2252 1746 2305 Ex
1776 2266 1884 2322 qua
1918 2249 2064 2305 enim

452 2367 461 2375 -
488 2337 820 2405 cognatione
848 2343 1009 2392 natos
1046 2338 1439 2407 appellabunt?
1472 2338 1792 2410 Fratrcsne,
1822 2358 1890 2397 an
1932 2357 2067 2397 con-

460 2425 746 2480 .sobrinos
811 2426 1133 2481 vocabunt?
1188 2426 1458 2496 siquidem
1518 2445 1716 2484 nomen
1775 2437 2065 2501 utrumque

485 2516 571 2573 eis
621 2516 695 2572 ob
743 2516 1124 2573 confusionem
1184 2519 1458 2588 congruit.
1511 2518 1591 2574 Ne
1629 2520 1837 2590 facias,
1877 2537 1910 2577 ο
1960 2523 2061 2576 bo-

454 2621 609 2675 -mo,
665 2608 886 2662 amitam
940 2623 1230 2664 novercam
1298 2609 1625 2677 infantium;
1681 2628 1782 2667 nec
1832 2630 1953 2683 qua:
2007 2614 2062 2667 in

484 2696 681 2752 matris
723 2696 847 2751 loco
891 2695 1076 2752 fovere
1112 2697 1294 2762 debet,
1325 2712 1446 2752 eam
1488 2699 1837 2755 aemulatione
1870 2700 2063 2771 impla-

458 2786 652 2841 cabili
706 2788 1031 2845 armaveris.
1066 2786 1201 2841 Nam
1255 2788 1433 2843 solum
1482 2776 1843 2845 novercarum
1892 2805 2063 2861 genus

460 2879 650 2933 etiam
682 2887 809 2949 post
840 2886 1075 2935 mortem
1106 2879 1293 2934 odium
1325 2894 1389 2934 ac
1418 2879 1760 2935 inimicitiam
1793 2881 2060 2936 extendit.

486 2969 625 3035 lmo,
660 2970 755 3025 alii
810 2971 1020 3026 inimici
1063 2971 1295 3026 mortuis
1326 2971 1785 3039 reconciliantur;
1818 2987 2064 3028 novercae

466 3061 675 3117 edisse
714 3069 840 3133 post
883 3069 1115 3117 mortem
1164 3061 1454 3130 incipiunt.
1508 3059 1732 3115 Summa
1787 3062 2059 3118 dictorum

486 3153 604 3207 haec
632 3160 717 3208 est
754 3172 767 3208 :
807 3151 865 3207 Si
914 3153 1040 3223 quis
1090 3153 1330 3223 legitime
1376 3152 1598 3221 nuptias
1631 3156 1869 3222 appetit,
1916 3161 2061 3209 totus

2169 1953 2394 2026 μοῦντες
2420 1954 2929 2027 παρανομείτωσαν.

2320 2047 2384 2100 Οί
2409 2045 2465 2098 δὲ
2493 2047 2613 2099 οὐδὲ
2641 2046 2774 2117 πρὸς
2799 2046 2897 2117 τὴν
2919 2044 3079 2115 φύσιν
3108 2043 3534 2109 ἀποϐλέπουσιν,
3576 2042 3625 2096 οἱ
3649 2040 3740 2112 τὴν

2163 2136 2339 2207 ψυχὴν
2370 2128 2652 2206 λημῶντες
2701 2133 2780 2205 τῷ
2814 2135 2976 2189 πάθει
3000 2135 3099 2205 τῆς
3128 2133 3375 2203 ἀτιμίας,
3426 2133 3595 2207 πάλαι
3637 2133 3739 2185 δια-

2166 2204 2577 2297 κρίνασανητάς
2626 2223 2718 2277 τοῦ
2752 2204 2963 2293 γένους
3017 2204 3411 2294 προσηγορίας.
3456 2204 3551 2276 Ἐ’κ
3589 2218 3739 2283 ποίας

2163 2315 2273 2387 γὰρ
2299 2314 2614 2383 συγγενείας
2642 2314 2768 2377 τοὺς
2792 2314 3152 2384 γεννηθέντας
3173 2311 3736 2386 προσαγορεύσουσινς

2177 2407 2463 2476 Ἀδελφοὺς
2492 2406 2687 2469 αὐτοὺς
2723 2404 2967 2476 ἀλλήλων
2997 2405 3031 2476 ἢ
3060 2405 3314 2475 ἀνεψιοὺς
3342 2404 3737 2477 προσεροῦσιν;

2169 2500 2455 2571 ἀμφότερα
2485 2497 2596 2568 γὰρ
2639 2497 2820 2560 αὐτοῖς
2860 2499 3234 2569 προσαρμόσει
3273 2498 3361 2551 διὰ
3404 2498 3502 2569 τὴν
3543 2497 3738 2567 σύγχυ-

2168 2607 2268 2645 σιν.
2306 2590 2397 2661 Μὴ
2445 2591 2694 2660 ποιήσῃς,
2733 2579 2778 2640 ὦ
2819 2589 3093 2660 ἄνθρωπε,
3137 2590 3234 2660 τὴν
3270 2589 3422 2643 θείαν
3477 2587 3737 2660 μητρυιὰν

2164 2681 2272 2735 τῶν
2316 2680 2551 2753 νηπίων·
2604 2681 2736 2752 μηδὲ
2789 2681 2888 2752 τὴν
2936 2682 2994 2733 ὲν
3045 2680 3249 2751 μητρὸς
3310 2680 3461 2744 τάξει
3522 2678 3736 2732 θάλπειν

2162 2770 2498 2840 ὀφείλουσαν,
2535 2771 2737 2843 ταύτην
2771 2770 3069 2841 ὲφοπλίσῃς
3104 2773 3223 2835 ταῖς
3267 2770 3604 2841 ἀμειλίκτοις
3644 2766 3736 2836 ζη-

2163 2860 2461 2924 λοτυπίαις.
2498 2863 2672 2916 Μόνον
2709 2861 2818 2934 γὰρ
2860 2862 2923 2915 τὸ
2962 2862 3118 2931 γένος
3308 2860 3418 2916 τῶν
3466 2856 3739 2931 μητρυιῶν

2164 2953 2257 3005 καὶ
2290 2951 2426 3020 μετὰ
2460 2952 2943 3006 θάνατον-ἐλαύνει
2986 2953 3086 3024 τὴν
3114 2953 3312 3025 ἔχθραν
3335 2969 3349 2983 ο
3383 2952 3583 3031 μᾶλλον
3608 2950 3662 3003 δὲ
3692 2948 3740 3000 οί

2167 3043 2263 3113 μὲν
2298 3042 2475 3106 ἄλλως
2523 3043 2767 3115 πολέμιοι
2812 3046 2926 3106 τοῖς
2974 3045 3259 3114 τεθνηκόσι
3304 3043 3650 3097 σπένδονται·
3686 3040 3740 3093 αί

2161 3135 2216 3187 δὲ
2259 3134 2520 3205 μητρυιαὶ
2540 3132 2641 3185 τοῦ
2680 3132 2869 3202 μίσους
2903 3131 3040 3201 μετὰ
3082 3131 3173 3184 τὸν
3201 3132 3432 3186 θάνατον
3466 3131 3741 3201 ἄρχονται.

486 3200 602 3207 π..-
635 3200 715 3208 π-
754 3200 767 3208 .
807 3200 865 3207 η-
917 3200 1040 3223 γ--
1090 3200 1328 3223 --ο----η
1376 3200 1597 3221 --η---η
1632 3200 1869 3222 Ἴννα,
1918 3200 2060 3209 ---_-

466 3243 641 3299 -orbis
680 3248 976 3305 terrarum,
1006 3250 1157 3313 patet
1187 3260 1201 3296 :
1243 3243 1329 3298 sin
1376 3242 1602 3298 libidine
1638 3244 1958 3314 impellitur,
1992 3246 2061 3301 ob

2166 3200 2467 3294 Κεῲάλαιον
2492 3224 2548 3276 δὲ
2572 3200 2691 3277 τῶν
2710 3200 3038 3292 εἰρημένων,
3059 3224 3121 3275 Εἰ
3156 3223 3255 3293 μὲν
3284 3224 3436 3293 νόμῳ
3457 3200 3549 3285 τις
3574 3222 3744 3293 ὁρμᾶ-

484 3331 540 3387 id
570 3333 745 3403 magis
771 3334 936 3388 etiam
966 3333 1312 3398 excludatur,
1349 3332 1416 3386 Ut
1452 3333 1623 3387 discat
1653 3351 1744 3388 vas
1768 3352 1921 3389 suum
1947 3354 2063 3406 pos-

468 3416 658 3478 sidere
684 3424 742 3477 in
785 3424 1207 3493 sanctiﬁcatione
1238 3434 1287 3479 et
1322 3425 1555 3486 honore,
1582 3441 1682 3479 non
1723 3427 1777 3479 in
1816 3429 2060 3495 passione

485 3515 737 3571 desiderii
766 3516 790 3549 δ
820 3555 834 3568 .
865 3515 949 3571 Me
974 3518 1130 3586 plura
1170 3517 1355 3573 dicere
1385 3525 1671 3588 parantem
1704 3519 1899 3574 modus
1943 3521 2059 3590 epi-

484 3608 644 3664 stolae
671 3607 915 3665 cohibet.
953 3608 1158 3665 Precor
1191 3617 1395 3675 autem,
1432 3618 1491 3665 ut
1519 3610 1603 3666 vel
1636 3619 1825 3666 nostra
1869 3611 2059 3665 admo-

2161 3335 2248 3371 ται
2277 3315 2411 3385 πρὸς
2453 3312 2542 3367 τὸν
2580 3314 2777 3384 γάμον,
2805 3314 3047 3383 ἧνοικται
3092 3315 3240 3367 πᾶσα
3267 3316 3299 3385 ἡ
3330 3310 3628 3381 οἰκουμένη
3647 3327 3662 3342 ·
3698 3312 3747 3364 εί

2159 3407 2216 3459 δὲ
2254 3405 2506 3475 ἐμπαθὴς
2549 3404 2695 3475 αὑτῴ
2737 3405 2769 3475 ὴ
2831 3404 3057 3474 σπουδὴ,
3104 3403 3189 3458 διὰ
3234 3404 3395 3456 τοῦτο
3444 3402 3536 3454 καὶ
3585 3400 3746 3455 πλέοι

2159 3494 2593 3564 ἀποκλεισθήτω,
2624 3494 2747 3547 Ἵνα
2778 3492 2938 3562 μάθῃ
2980 3495 3046 3547 τὸ
3089 3493 3305 3548 ἑαυτοῦ
3338 3491 3567 3557 σκεῦος
3604 3488 3744 3546 κτᾶ-

2158 3590 2299 3641 σθαι
2346 3586 2417 3639 ἐν
2460 3583 2732 3654 ἁγιασμῷ
2780 3583 2877 3637 καὶ
2926 3582 3084 3653 τιμῇ,
3109 3584 3194 3653 μὴ
3231 3585 3301 3638 ἐν
3334 3583 3509 3639 πάθει
3540 3583 3743 3639 ἐπιθυ-

484 3700 624 3755 nitio
655 3700 850 3755 vitium
897 3709 1159 3772 superet,
1213 3702 1297 3757 vel
1327 3718 1435 3759 non
1485 3713 1671 3775 serpat
1725 3704 1779 3759 in
1812 3712 2055 3760 nostram

2166 3678 2315 3747 μίας.
2349 3676 2576 3731 Πλείονά
2607 3689 2675 3746 με
2708 3676 2888 3742 λέγειν
2917 3675 3245 3747 ὡρμημένον
3290 3676 3351 3729 τὸ
3401 3676 3600 3747 μέτρον
3644 3675 3739 3726 (‘1:-

483 3791 763 3862 regionem
804 3792 909 3848 hoc
948 3793 1259 3863 piaculum;
1296 3794 1392 3851 sed
1424 3794 1480 3850 in
1510 3795 1713 3868 quibus
1756 3793 2054 3851 admissum

483 3890 566 3939 est
592 3882 748 3951 locis,
783 3886 837 3940 in
866 3885 953 3942 his
989 3894 1324 3956 permaneat.

544 4348 740 4407 BALS.
811 4351 986 4423 Magni
1048 4351 1226 4409 Patris
1292 4353 1358 4408 ad
1416 4352 1709 4408 Diodorum
1776 4350 2042 4419 cpistola,

467 4443 678 4498 etiamsi
706 4443 854 4499 omni
892 4444 1157 4515 sapientia
1187 4452 1241 4498 et
1266 4457 1393 4496 vera
1423 4441 1730 4509 eloquentia
1763 4441 1920 4510 plena
1950 4442 2047 4504 sit,

2159 3770 2272 3840 ἔχει

2439 3767 2538 3837 τῆς
2565 3765 2871 3836 ἐπιπολῆς.
2912 3765 3154 3837 Εὔχομαι
3186 3767 3241 3819 δὲ
3270 3766 3304 3837 ἢ
3340 3766 3437 3835 τὴν
3481 3762 3737 3836 παραίνε-

2163 3878 2248 3915 σιν
2282 3860 2437 3931 ἡμῶν
2478 3857 2829 3930 ἰσχυροτέραν
2868 3858 2961 3911 τοῦ
3004 3858 3210 3921 πάθους
3248 3856 3657 3927 ἀποδειχθῆναι,
3699 3852 3731 3924 ἢ

2168 3951 2242 4021 μὴ
2275 3950 2610 4020 ἐπιδημῆσαι
2639 3953 2702 4020 τῇ
2738 3948 2979 4019 ἡμετέρᾳ
3151 3948 3211 4000 τὸ
3245 3946 3377 4016 ἄγος
3404 3943 3560 3999 τοῦτο
3578 3961 3591 3975 ·
3619 3939 3728 3997 ἀλλ’

2165 4044 2222 4096 ὲν
2247 4036 2327 4104 οἷς
2353 4041 2419 4093 ἂν
2454 4040 2719 4111 ἐτολμήθη
2748 4040 2930 4102 τόποις
2962 4039 3334 4109 ὲναπομείναι.

2221 4341 2423 4403 ΒΑΛΣ.
2469 4344 2534 4401 Ἦ
2569 4347 2704 4419 πρὸς
2737 4346 3004 4418 Διόδωρον
3063 4346 3325 4419 ἐπιστολὴ
3361 4341 3462 4402 τοῦ
3498 4343 3728 4417 μεγάλου

2157 4440 2406 4513 Πατέρος
2434 4441 2538 4495 κᾶν
2560 4440 2741 4513 πάσης
2773 4441 2969 4511 σοφίας
2998 4440 3097 4494 καὶ
3142 4439 3384 4511 ἀληθοῦς
3450 4435 3728 4513 ῥητορείας

467 4547 516 4589 et
567 4534 799 4604 Spiritus
847 4535 1023 4590 sancti
1063 4547 1247 4588 vocem
1279 4532 1430 4598 edit;
1459 4540 1638 4584 tamen
1676 4546 1781 4586 non
1828 4540 1913 4584 est
1944 4529 2047 4584 hoc

2166 4534 2516 4607 πεπλησμένη
2543 4536 2682 4599 ἐστὶ,
2714 4536 2812 4589 καὶ
2843 4534 2944 4606 τὴν
2973 4535 3234 4607 κιννύραν
3291 4534 3388 4591 τοῦ
3468 4531 3726 4600 παναγίου

467 4640 705 4696 tempore
726 4629 1037 4697 quaerenda.
1068 4622 1321 4679 Decernit
1354 4621 1498 4675 enim
1533 4636 1601 4677 ne
1631 4622 1682 4677 in
1713 4621 2045 4677 matrimonii

2166 4626 2475 4695 [Ῑνεύματος
2533 4623 3054 4699 ὑποφθεγγίξηται,
3111 4628 3226 4682 ἀλλ’
3289 4630 3389 4681 οὐκ
3452 4628 3566 4681 ἔστι
3635 4622 3728 4688 CT,-

466 4721 782 4775 societatem
834 4719 956 4773 dua:
1014 4729 1231 4770 sorores
1272 4728 1301 4766 a
1352 4714 1604 4784 qu0piam
1671 4714 2043 4785 accipiantur,

466 4815 605 4885 quod
651 4813 741 4868 Dei
775 4812 948 4882 gratia
978 4809 1140 4864 hodie
1174 4821 1243 4861 ne
1274 4805 1325 4861 in
1358 4817 1590 4863 mentem
1624 4808 1840 4878 quidem
1868 4807 2014 4863 liomi
2042 4837 2050 4847 -

467 4910 550 4963 nis
580 4902 879 4962 Christiani
908 4900 1057 4955 venit
1082 4936 1098 4963 ,
1127 4908 1181 4954 et
1213 4908 1499 4968 propterea
1529 4912 1628 4955 nec
1659 4899 1924 4969 ampliore
1960 4899 2046 4952 in-

468 4997 854 5069 terpretatione
885 5005 1022 5062 opus
1068 4990 1276 5046 habuit.
1312 4989 1461 5046 llabe
1491 5000 1671 5047 autem
1718 4990 1862 5047 hanc
1906 4990 2046 5046 diri«

470 5108 591 5147 nam
624 5086 906 5159 epistolam
938 5083 1152 5139 assidue
1193 5084 1245 5138 in
1287 5084 1572 5139 memoria.
1606 5084 1719 5141 Etsi
1755 5083 1898 5138 enim
1947 5082 2000 5138 id
2027 5122 2041 5145 ,

2151 4722 2323 4793 τητέα
2382 4723 2439 4777 ὲν
2462 4724 2584 4786 ταῖς
2609 4724 2921 4794 παρούσαις
2974 4724 3231 4795 ἡμέραις.
3303 4725 3578 4795 Ὀροθετεῖ
3626 4716 3728 4784 γὰρ

2155 4811 2357 4883 μηδένα
2407 4808 2711 4883 λαμϐάνειν
2774 4814 2916 4883 πρὸς
2984 4814 3275 4868 κοινωνίαν
3336 4814 3520 4883 γάμου
3579 4807 3725 4863 ἀδελ·

2153 4905 2259 4975 φὰς
2285 4904 2398 4972 δύο,
2450 4907 2587 4976 ὅπερ
2620 4905 2755 4959 Θεοῦ
2811 4908 2994 4977 χάριτι
3060 4908 3298 4978 σήμερον
3364 4907 3487 4961 οὐδὲ
3533 4902 3721 4965 autv-

2154 4997 2393 5066 θύμησιν
2465 4998 2603 5061 ὅλως
2664 4997 2885 5067 ἔρχεται
2932 4996 3223 5067 ἀνθρώπου
3260 4990 3721 5067 Χριστιανοῦ,καὶ

2152 5085 2239 5139 διὰ
2270 5085 2431 5139 τοῦτο
2453 5087 2577 5139 οὐδὲ
2615 5088 2866 5149 πλείονος
2907 5087 3202 5157 ἑρμηνείας
3265 5089 3480 5158 ἐδεήθη.
3516 5085 3644 5154 Ἐχε
3674 5079 3724 5131 δὲ

469 5183 613 5256 quod
642 5182 697 5235 in
733 5193 795 5235 ea
822 5176 1102 5238 deﬁnitum
1134 5183 1238 5245 est,
1267 5191 1373 5232 non
1402 5184 1694 5246 tractatur;
1723 5192 1843 5248 quae
1869 5185 2048 5230 tamen

2166 5176 2360 5247 ταύτην
2390 5176 2488 5247 τὴν
2521 5176 2674 5230 θείαν
2700 5176 2997 5256 επιστολὴν
3027 5176 3295 5248 διηνεκῶς
3352 5178 3445 5231 ἐπὶ
3489 5176 3720 5248 μνήμης-

471 5279 522 5330 in
561 5291 621 5330 ea
681 5270 1233 5342 comprehenduntur,
1286 5269 1711 5337 epiclieremata,
1764 5269 2052 5335 enthyme-

2155 5268 2276 5323 Κάν
2304 5267 2414 5339 γὰρ
2444 5268 2505 5323 τὸ
2542 5249 2863 5340 όροθέτημα
2903 5268 3112 5341 ταύτης
3177 5271 3238 5323 οὺ
3316 5269 3721 5342 τρακταϊζεταιν

470 5374 636 5433 mata,
672 5374 727 5421 et
761 5363 1254 5437 epenthymemata,
1283 5361 1368 5415 vel
1402 5361 1581 5430 potius
1610 5374 1946 5430 quaecunque
1983 5374 2050 5415 ex

2166 5359 2292 5413 ἀλλὰ
2322 5359 2391 5413 τὰ
2417 5361 2474 5414 ἐν
2504 5358 2677 5431 ταύτῃ
2718 5359 3111 5431 περιεχόμενα,
3180 5360 3434 5433 ἑπιχειρή
3446 5374 3610 5430 ματα,
3643 5354 3721 5404 ἐν-

472 5457 653 5514 Veteri
688 5455 1089 5530 (Testamento)
1123 5462 1175 5509 et
1211 5468 1276 5509 ex
1305 5468 1501 5523 magno
1528 5451 1774 5523 apostolo
1810 5451 1973 5507 Paulo
1998 5461 2051 5507 et

2166 5451 2458 5524 θυμήματά
2492 5470 2551 5506 τε
2585 5453 2678 5507 καὶ
2737 5454 3178 5523 ὲπενθυμήματα
3236 5454 3329 5508 καὶ
3379 5453 3578 5525 μᾶλλον
3632 5446 3724 5497 ὅσα

473 5551 770 5633 composita
803 5558 857 5606 et
884 5548 1135 5626 opposita
1164 5545 1421 5612 fuerunt,
1461 5546 1516 5599 in
1556 5545 1673 5601 aliis
1700 5544 1879 5619 causis
1911 5544 2050 5599 ntul-

2157 5546 2265 5599 ἀπό
2289 5563 2348 5599 τε
2382 5532 2483 5617 τῆς
2523 5532 2769 5611 Παλαιᾶς
2797 5547 2895 5602 καὶ
2959 5547 3055 5601 τοῦ
3115 5546 3357 5618 μεγάλου
3434 5536 3722 5602 ἀποστόλου

568 5833 586 5866 ⁸
620 5838 638 5893 l
668 5838 798 5896 Cor.
831 5855 931 5905 vn,
964 5837 1055 5893 29.
1140 5828 1158 5857 ’
1195 5836 1333 5893 Gen.
1361 5849 1400 5900 ι,
1425 5833 1529 5902 9.8;
1572 5851 1648 5901 ix,
1690 5836 1742 5892 1.
1822 5829 1839 5859 ³
1874 5834 1889 5888 l
1921 5835 2048 5889 Cor.

2167 5878 2180 5903 ,
2217 5835 2269 5891 9.
2346 5832 2365 5862 ‘
2409 5835 2426 5891 1
2466 5833 2658 5894 Thess.
2700 5851 2775 5903 tv,
2804 5837 2859 5894 4.
