4008 6382
316 295 420 358 817

1254 296 1340 360 IN
1371 296 1615 360 EPIST.
1651 297 1713 359 S.
1749 297 2043 360 BASILII
2088 297 2197 357 AD
2231 297 2664 362 DIODORUM.

3475 295 3582 359 818

319 409 535 466 Παύλου
576 408 943 480 συνετέθησᾶν
970 427 1030 464 τε
1061 411 1158 465 καὶ
1231 411 1588 485 ἀνετέθησαν,
1642 412 1898 485 μεγάλως
1930 465 1933 473 ,

2039 427 2126 467 nm
2162 410 2471 468 conferunt.
2500 410 2638 467 Nota
2669 419 2846 466 autem
2871 423 2934 464 ex
2964 424 3048 476 ea,
3068 409 3209 479 quod
3236 407 3589 464 ecclesiasticr

323 503 671 559 συντελοῦσιν
701 504 795 558 ἐπὶ
842 504 1061 576 ἑτέρα-ις
1095 504 1412 559 ὑποθέσεσι.
1465 505 1785 577 Σημείωσαι
1834 505 1902 576 δὴ

317 598 428 654 ἀπὸ
481 595 689 666 ταύτης
710 597 792 650 ὄτι
821 597 915 650 καὶ
957 597 1027 649 τὰ
1057 595 1282 667 ἄγραφα
1314 595 1751 667 ἐκκλησιαστικά
1782 594 1903 666 ἔθη,

323 689 401 753 ὡς
430 689 481 743 οἱ
505 687 778 760 ἔγγραφοι
811 688 1059 752 κανόνες,
1087 685 1150 740 τὸ
1183 686 1662 759 ἀπαρεγχείρητον
1694 687 1904 758 ἔχουσι’

318 780 416 835 καὶ
456 780 538 834 ὅτι
579 780 699 842 ταῖς
734 779 1055 839 Μωσαῖκαϊς
1088 776 1435 845 νομοθεσίαις
1471 777 1760 848 προσέχειν
1808 778 1911 830 ούκ

2011 505 2175 560 etiam
2206 519 2313 558 non
2350 503 2536 574 scripti
2571 517 2773 569 mores,
2811 486 3166 573 sicut'scripti
3198 516 3470 566 canones,
3506 516 3597 555 re~

2016 595 2182 650 futuri
2217 611 2319 651 non
2352 604 2614 665 possunt;
2636 604 2689 650 et
2715 596 2857 666 quod
2884 595 3028 664 leges
3056 593 3309 649 mosaicw
3340 608 3447 648 non
3472 601 3599 649 sunt

2019 688 2379 742 attendendte.
2416 686 2554 741 Nota
2584 687 2747 741 etiam
2781 684 2948 740 multa
2973 685 3074 739 alia
3103 699 3167 738 ex
3203 684 3305 738 hac
3348 680 3596 751 epistola,

2024 793 2141 847 quae
2169 787 2302 835 sunt
2330 781 2600 851 imprimis
2632 780 2936 836 necessaria
2977 787 3031 834 et
3059 779 3291 834 maxime
3321 778 3492 835 utilia.

323 874 645 946 ὀφείλομεν.
662 872 774 926 Καὶ
790 872 954 943 ἕτερα
981 872 1039 926 δὲ
1062 871 1230 925 πσλλά
1261 868 1721 943 παρασημείωσαί
1744 876 1809 927 ὲκ
1836 871 2039 945 ταύτης
2074 877 2176 945 τῆς
2206 875 2518 946 ἐπιστολῆς,
2538 873 2945 945 ἀναγκαιότατα
2967 891 3025 928 τε
3047 872 3140 927 καὶ
3169 871 3589 944 χρησιμώτατα.

405 965 653 1020 ΖΩΝΑΡ.
692 965 1167 1033 Προκαταστήσας
1196 963 1271 1035 (a)
1313 965 1578 1034 τὸνλόγον
1638 967 1667 1018 ό
1725 965 1907 1034 ἆγιος,

327 1056 425 1113 καὶ
456 1056 529 1120 ὼς
558 1058 616 1110 ἐν
639 1054 787 1127 ἄλλῳ
849 1054 1129 1127 προσώπῳ
1178 1056 1387 1127 τρέψας
1436 1058 1528 1111 τὸν
1596 1057 1910 1129 γράψαντα,

326 1150 422 1203 νῦν
462 1150 558 1202 καὶ
585 1149 723 1220 πρδς
754 1148 1069 1221 ἀνατροπὴν
1094 1147 1186 1202 τοῦ
1219 1149 1549 1222 γράμματος
1577 1153 1777 1221 χωρεῖ’
1810 1149 1908 1202 καὶ

336 1240 552 1313 πρῶτον
582 1240 686 1311 μὲν
730 1239 793 1293 τὸ
814 1239 935 1304 ἔθος
965 1239 1332 1310 προϐάλλεται
1389 1244 1485 1294 καὶ
1534 1236 1703 1312 νόμου
1738 1240 1911 1295 δύνα-

340 1349 434 1404 μιν
470 1331 620 1400 ἔχειν
651 1331 840 1402 φησὶν,
875 1331 953 1396 ὡς
976 1331 1088 1385 τῶν
1114 1332 1337 1404 θεσμῶν
1364 1333 1486 1405 ἦτοι
1544 1335 1656 1388 τῶν
1699 1350 1914 1404 νενομι-

340 1425 581 1496 σμένων,
613 1424 724 1478 τῶν
758 1424 1100 1495 δεδογμένων
1126 1426 1232 1480 ὑπὸ
1256 1426 1429 1495 ἁγίων
1465 1427 1700 1498 ἀνδρῶν,
1740 1444 1918 1497 παρα-

332 1515 661 1584 δεδομένων.
715 1515 831 1570 Καὶ
865 1517 893 1569 ὁ
917 1516 1201 1580 πολιτικὸς
1231 1517 1288 1571 δὲ
1317 1518 1483 1588 νόμος
1509 1518 1571 1572 τὺ
1632 1519 1919 1588 κρατῆσαν

340 1606 464 1671 ἔθος
496 1607 664 1677 νόμου
701 1606 935 1679 δύναμιν
966 1606 1113 1680 ἔχειν
1160 1609 1540 1666 διακελεύεται
1567 1627 1581 1644 ο
1672 1611 1778 1666 κᾶν
1843 1609 1920 1681 μὴ

337 1700 445 1753 ὑπὸ
479 1700 651 1769 ἁγίων
674 1700 887 1772 ἀνδρῶν
943 1702 1012 1757 τά
1078 1704 1448 1773 νενομισμένα
1507 1705 1624 1766 τοῖς
1674 1702 1921 1766 πολίταις

338 1756 843 1863 ὲδογμάτίσθησαν.
877 1793 1021 1863 Φησὶ
1042 1793 1152 1864 γὰρ
1203 1756 1409 1865 βιϐλίον
1452 1793 1496 1865 β’
1524 1756 1644 1848 τείν
1693 1756 1920 1849 Baetin:
1953 1756 1996 1817 Β

334 1884 471 1947 κῶν,
498 1882 665 1954 τίτλῳ
692 1889 765 1951 α’,
787 1900 916 1954 κεφ.
952 1884 1054 1955 te,
1083 1885 1212 1956 περὶ
1237 1878 1312 1940 ὧν
1336 1886 1613 1963 ἔγγραφος
1649 1886 1710 1941 οὐ
1744 1888 1922 1940 κεῖται

339 1972 509 2046 νόμος
543 1974 999 2045 παραφυλάττειν
1030 1977 1196 2031 δεῖτὸ
1228 1977 1353 2042 ἔθος
1419 1981 1514 2032 καὶ
1570 1979 1674 2051 τὴν
1757 1978 1924 2050 συνή-

337 2066 515 2133 θειαν,
544 2069 638 2123 καὶ
681 2067 753 2123 τὰ
780 2068 927 2140 ἑξῆς.
981 2070 1093 2124 Καὶ
1147 2066 1338 2136 αὖθις·
1385 2071 1600 2127 Παλαιὰ
1663 2072 1923 2143 συνήθεια

335 2161 456 2215 ἀντὶ
482 2160 650 2231 νόμου
673 2161 1022 2230 φυλάττεται.
1050 2164 1159 2217 Καὶ
1194 2165 1357 2219 πάλιν
1376 2180 1391 2196 '
1431 2164 1497 2220 Ἢ
1534 2168 1725 2235 μακρᾶ
1763 2165 1929 2235 συνή-

338 2251 459 2308 θεια
514 2251 637 2307 ἀντὶ
663 2252 828 2323 νόμου
881 2256 1095 2324 κρατεῖ,
1135 2256 1193 2308 ὲν
1228 2250 1311 2319 οἷς
1352 2255 1453 2309 οὐκ
1513 2255 1661 2310 ἔστιν
1720 2255 1925 2328 ἐγγρα-

339 2362 457 2415 φος.
543 2344 704 2409 Ἔθος
765 2344 824 2400 δὲ
874 2345 1026 2414 λέγει
1076 2349 1105 2401 ὁ
1141 2347 1299 2416 ἅγιος
1336 2341 1496 2411 οὗτος
1524 2348 1587 2402 τὸ
1618 2349 1677 2402 ὲν
1695 2353 1760 2420 τῇ
1803 2350 1931 2403 Ἐκ-

343 2435 549 2509 κλησςᾳ
568 2436 991 2508 ὲνεργούμενον.
1039 2438 1168 2493 Ἐὰν
1226 2441 1336 2511 γάρ
1371 2457 1455 2505 τις
1478 2440 1635 2495 δυσὶν
1668 2441 1930 2511 ἀδελφαῖς

343 2525 608 2596 ἀθέσμως
640 2527 835 2599 μιχθῇ,
861 2527 1053 2597 φησὶν,
1116 2528 1176 2582 ού
1241 2529 1510 2601 πρότερον
1563 2531 1931 2603 παραδέχεται

343 2620 426 2682 εἰς
475 2618 835 2691 Ἐκκλησίαν,
859 2621 911 2673 ει
933 2619 1007 2690 μὴ
1037 2620 1364 2692 χωρισθεῖεν
1415 2621 1517 2677 ἀπ’
1570 2620 1825 2694 ἀλλήλων
1880 2618 1931 2677 οἱ

344 2706 491 2761 οὕτω
515 2707 853 2778 μιανθέντες,
878 2707 955 2773 ὠς
986 2710 1121 2779 μηδὲ
1146 2710 1330 2779 γάμου
1392 2710 1488 2764 τοῦ
1545 2710 1791 2766 τοιούτου
1831 2711 1935 2783 μύ-

350 2816 479 2864 σους
509 2797 890 2869 λογιζομένου.
924 2802 1045 2856 Κᾶν
1076 2797 1170 2856 οὖν
1194 2802 1324 2858 ἄλλο
1357 2822 1409 2858 τι
1439 2803 1540 2858 ούκ
1574 2804 1797 2876 εἴχομεν
1855 2805 1934 2859 εί-

352 2894 498 2956 πεῖν,
518 2892 677 2945 τοῦτο
699 2891 761 2945 τὸ
789 2881 908 2957 ἔθος
925 2893 1091 2964 ἤρκει
1123 2894 1205 2958 είς
1226 2894 1566 2967 ἀποτροπὴν
1592 2894 1690 2950 τοῦ
1728 2895 1927 2951 κακοῦ.

358 2982 518 3036 -Ἔπεὶ
545 2983 626 3051 δὲ,
653 2984 844 3054 φησιν,
883 2986 911 3039 ό
942 2987 1324 3057 συνηγορήσας
1348 2987 1439 3040 διὰ
1498 2989 1599 3059 τῆς
1644 2988 1936 3061 ἐπιστολῆς

352 3075 621 3146 τῴκακῷ,
652 3075 734 3147 τῷ
779 3076 996 3146 παλαιῷ
1034 3078 1317 3148 ἐχρήσατο
1337 3078 1512 3150 νόμῳ,
1569 3078 1649 3150 τῷ
1696 3078 1934 3148 λέγοντι,

354 3168 626 3222 Γυναῖκα
654 3167 749 3221 ἐπ’
787 3169 1030 3239 ἀδελφῇ
1059 3171 1253 3238 αὐτῆς
1293 3172 1366 3225 οὐ
1393 3171 1573 3241 λήψῃ
1619 3171 1940 3242 ἀντίζηλον

351 3261 632 3317 ἀποκαλύ
644 3264 747 3332 dat
775 3261 1225 3332 ἀσχημοσύνην
1251 3263 1469 3333 αὐτῆς,
1495 3262 1584 3317 ἔτι
1615 3262 1808 3335 ζώσης
1835 3268 1943 3320 αὑ·

351 3352 466 3421 τῆς
497 3366 511 3381 ⁸
559 3352 865 3407 κάντεῦθεν
900 3355 1241 3433 συνήγαγεν,
1275 3354 1359 3408 ὅτι
1389 3357 1763 3426 συγχωρεῖται
1789 3356 1938 3427 λαμυ

353 3448 540 3501 ϐάνειν
572 3445 988 3517 τελευτησάσης
1018 3446 1119 3517 τὴν
1152 3447 1392 3519 ἀδελφὴν
1426 3449 1602 3518 αὐτῆς
1628 3466 1641 3481 ο
1722 3448 1941 3521 πρῶτον

360 3540 458 3608 μὲν
488 3540 516 3593 ό
554 3539 713 3609 ἅγιος
736 3540 917 3608 λέγει,
943 3541 1026 3594 ὅτι
1053 3540 1154 3593 ὅσα
1185 3538 1402 3610 όνόμος
1482 3541 1656 3610 λέγει,
1734 3544 1848 3604 τοῖς
1886 3544 1943 3595 ἐν

359 3631 433 3700 τῷ
458 3632 608 3703 νόμῳ
633 3631 806 3686 λαλεῖ.
841 3632 904 3684 Et
944 3630 1055 3701 γᾲρ
1100 3630 1175 3701 μὴ
1205 3630 1362 3684 τοῦτο
1392 3631 1488 3685 καὶ
1521 3631 1940 3703 περιτμηθησό-

370 3721 529 3793 μεθα,
574 3722 669 3778 καὶ
708 3724 777 3777 τὰ
849 3722 1109 3777 Σάϐϐατα
1169 3719 1505 3792 φυλάξομεν,¹
1561 3724 1658 3776 καὶ
1723 3721 1942 3793 βρωμοὶ⁴

365 3835 472 3871 των
509 3818 787 3889 διαφόρων
825 3815 1177 3887 ἀφεξόμεθασ
1214 3818 1274 3869 ού
1299 3816 1410 3885 γὰρ
1432 3815 1541 3871 τῶν
1590 3813 1946 3885 περιποιούν-

363 3926 472 3965 των
495 3911 628 3982 ἡμῖν
668 3908 864 3980 ἡδονὰς
905 3907 1248 3977 ἀνθεξόμεθα
1297 3909 1361 3960 ὲκ
1385 3902 1480 3960 τοῦ
1532 3903 1796 3960 παλαιοιῖι⁸
1838 3903 1948 3957 τῶν

361 3999 419 4052 δὲ
457 3999 594 4071 βαρύ
625 4018 681 4053 τι
707 4000 941 4069 ἐχόντων
961 3997 1294 4069 ἀφεξόμεθα,
1330 3997 1427 4050 καὶ
1453 3997 1520 4068 τῇ
1561 3995 1651 4050 διὰ
1675 3994 1770 4050 τοῦ
1815 3996 1951 4065 Χρι-

2084 967 2338 1023 ZONAR.
2370 967 2505 1023 Cum
2542 975 2766 1023 sanctus
2792 980 3096 1023 sermonem
3131 971 3508 1035 praeparasset,
3543 972 3597 1017 et

2012 1058 2260 1126 epistolw
2313 1060 2637 1128 scriptorem
2691 1066 2947 1128 tanquam
2995 1057 3046 1110 in
3097 1056 3256 1111 aliam
3306 1069 3597 1124 personam

2015 1148 2290 1215 vertisset,
2318 1164 2467 1205 nunc
2491 1158 2544 1206 et
2569 1150 2634 1205 ad
2662 1148 2851 1219 scripti
2867 1147 3295 1203 confutationem
3325 1145 3597 1215 procedit.

2020 1238 2087 1293 Et
2136 1238 2317 1308 primo
2359 1240 2577 1308 quidem
2624 1238 3067 1295 consuetudinem
3114 1235 3323 1303 objicit,
3369 1248 3601 1304 eamque

2018 1324 2150 1395 legis
2183 1325 2290 1380 vim
2313 1314 2521 1383 habere
2547 1329 2766 1395 asserit,
2791 1327 3044 1398 quoniam
3071 1326 3211 1381 ritus
3238 1325 3352 1381 sive
3372 1333 3598 1388 statuta,

2018 1432 2051 1471 a
2082 1419 2285 1474 sanctis
2308 1418 2567 1475 Patribus
2601 1420 2821 1476 decreta
2845 1460 2860 1487 ,
2892 1418 3088 1474 tradita
3117 1425 3264 1474 sunt.
3284 1417 3425 1484 Quin
3462 1416 3601 1471 civi-
3633 1441 3647 1452 -

2018 1512 2086 1568 lis
2148 1515 2310 1568 etiam
2372 1512 2459 1569 lex
2516 1514 2896 1586 pravalentem
2964 1504 3429 1568 consuetudinem
3466 1509 3602 1580 legis

2020 1604 2166 1661 vires
2191 1605 2393 1661 habere
2415 1605 2574 1675 jubet
2604 1622 2619 1660 :
2658 1604 2784 1661 licet
2815 1620 2938 1676 quae
2960 1602 3173 1660 civibus
3207 1602 3448 1657 instituta
3477 1611 3604 1659 sunt

2022 1710 2129 1753 non
2159 1711 2189 1752 a
2221 1697 2425 1753 sanctis
2453 1695 2585 1752 viris
2617 1697 2833 1752 decreta
2864 1696 3082 1752 fuerint.-
3126 1694 3271 1750 Dicit
3300 1694 3444 1751 enim
3470 1693 3609 1748 liber

2026 1805 2088 1854 tt,
2116 1791 2199 1845 tit.
2226 1789 2280 1854 l,
2298 1803 2422 1860 cap.
2450 1787 2521 1845 32
2552 1787 2770 1846 Basilio.
2799 1806 2814 1843 :
2844 1787 2920 1843 De
2939 1788 3137 1857 quibus
3162 1788 3359 1857 scripta
3390 1785 3472 1842 lex
3502 1799 3608 1839 non

2025 1892 2226 1948 exstat,
2266 1882 2324 1937 in
2370 1882 2456 1938 bis
2497 1896 2705 1939 morem
2739 1891 2795 1938 et
2841 1882 3287 1938 consuetudinem
3331 1878 3610 1936 custodire

2027 1981 2261 2044 oportet,
2280 1982 2336 2029 et
2355 1987 2476 2044 quae
2499 1980 2822 2044 sequuntur.
2861 1971 3019 2044 1&2
3064 1971 3129 2027 Et
3160 1986 3374 2028 rursum
3410 1987 3425 2025 :
3455 1970 3611 2024 Anti-

2029 2078 2135 2136 qua
2158 2067 2494 2121 consuetudo
2522 2077 2621 2134 pro
2644 2062 2763 2134 lege
2791 2063 3109 2119 custoditur.
3133 2060 3267 2119 Item
3294 2078 3309 2116 :
3341 2060 3609 2115 Diuturna

1968 2214 1971 2217 λ
2029 2155 2370 2215 consuetudo
2397 2170 2496 2228 pro
2524 2157 2645 2227 lege
2676 2154 2927 2223 obtinet,
2967 2155 3025 2211 in
3059 2153 3255 2225 quibus
3294 2152 3379 2209 lex
3411 2152 3614 2222 scripta

2031 2250 2235 2307 delicit.
2267 2249 2369 2307 Hic
2395 2257 2575 2305 autem
2604 2258 2823 2306 sanctus
2850 2249 3015 2305 Pater
3040 2244 3484 2304 consuetudinem
3512 2259 3614 2299 vo-

2031 2347 2141 2406 cat,
2171 2340 2314 2409 quod
2350 2339 2405 2395 in
2436 2339 2679 2397 Ecclesia
2716 2338 2905 2396 valet:
2934 2337 2991 2394 Si
3041 2338 3163 2408 quis
3191 2337 3338 2393 enim
3379 2336 3612 2399 duabus.

2032 2431 2210 2501 inquit
2242 2469 2259 2495 ,
2313 2430 2597 2489 sororibus
2664 2431 2944 2503 illegitime
3006 2427 3447 2494 commisceatur,
3510 2430 3617 2483 rion

2024 2521 2186 2592 prius
2211 2521 2265 2576 in
2296 2520 2598 2580 Ecclesiam
2642 2522 2945 2592 recipitur,
2994 2521 3102 2579 nisi
3148 2523 3239 2592 qui
3294 2523 3401 2577 hoc
3457 2520 3621 2576 modo

2037 2615 2494 2682 coutaminantur,
2541 2629 2573 2670 a
2622 2629 2682 2671 se
2738 2615 2974 2673 invicem
3026 2623 3387 2687 separentur,
3435 2622 3621 2683 utpote

2036 2708 2178 2778 quod
2217 2722 2392 2780 neque
2432 2708 2840 2764 matrimonium
2866 2694 3080 2763 tantum
3107 2706 3285 2764 scelus
3312 2714 3619 2776 reputetur.

2037 2802 2294 2869 Quamvis
2334 2801 2514 2870 itaque
2544 2800 2679 2856 nihil
2705 2799 2849 2857 aliud
2884 2800 3063 2857 dicere
3108 2799 3459 2863 haberemus,
3506 2798 3622 2857 hate

2038 2893 2375 2949 consuetudo
2398 2892 2540 2948 malo
2569 2892 2658 2948 isti
2693 2893 2987 2949 evertenda
3015 2891 3235 2949 sulIicit.
3265 2890 3622 2961 Quandoqui-
3666 2924 3673 2931 ο

2038 2984 2160 3041 dem
2192 2994 2373 3040 autem
2405 2984 2495 3052 qui
2539 2982 2640 3039 hoc
2687 2982 2911 3051 malum,
2973 2984 3167 3054 inquit,
3213 2996 3309 3052 per
3338 2980 3621 3052 epistolam

1965 3109 2012 3172 Ο
2042 3077 2306 3142 defendit,
2338 3076 2505 3133 vetet'i
2536 3075 2650 3146 lege
2679 3076 2854 3132 utitur
2893 3076 3146 3133 dicente:
3173 3074 3451 3131 Mulierem
3481 3075 3626 3133 zelo-

2044 3182 2222 3243 typum
2253 3186 2410 3240 super
2432 3184 2664 3227 sororem
2686 3169 2801 3241 ejus
2828 3184 2932 3225 non
2958 3168 3181 3240 accipies
3199 3170 3267 3226 ad
3291 3168 3626 3233 revolandum

2043 3265 2424 3334 turpitudinem
2458 3263 2594 3333 ejus,
2626 3265 2743 3333 ipsa
2794 3263 2969 3316 adhuc
3008 3263 3200 3318 vivente
3222 3263 3239 3296 ⁸
3268 3279 3284 3329 ;
3333 3269 3388 3315 et
3431 3261 3629 3317 exinde

2043 3356 2268 3425 colligit,
2301 3356 2442 3424 quod
2465 3356 2583 3426 ejus
2615 3356 2910 3410 demortuae
2942 3368 3188 3411 sororem
3223 3355 3470 3425 accipere
3497 3367 3626 3409 con-

2046 3444 2279 3501 ceditur.
2317 3445 2500 3499 Primo
2530 3444 2746 3514 quidem
2799 3452 3023 3511 sanctus
3060 3445 3157 3512 ait,
3199 3443 3342 3516 quod
3364 3457 3628 3514 quaecun-

2046 3538 2267 3606 que-lex
2302 3537 2456 3602 dicit,
2493 3538 2558 3593 iis
2589 3552 2708 3608 quae
2743 3545 2873 3594 sunt
2905 3537 2957 3594 in
3004 3536 3123 3608 lege
3170 3536 3337 3602 dicit:
3387 3534 3626 3605 alioquin

2047 3632 2189 3688 enim
2226 3640 2279 3685 et
2309 3630 2791 3696 circumcidemur,
2831 3639 2888 3685 et
2914 3630 3153 3687 Sabbata
3187 3630 3624 3695 observabimus,

2049 3733 2104 3778 cl;
2145 3739 2170 3776 a
2206 3724 2369 3778 variis
2396 3722 2531 3779 cibis
2571 3721 2991 3780 abstinebimus.
3032 3723 3220 3794 Neque
3258 3723 3402 3778 enim
3432 3738 3500 3777 ex
3532 3737 3630 3777 ve.

2052 3815 2151 3871 teri
2201 3830 2299 3870 nos
2343 3815 2459 3884 lege
2507 3815 2913 3877 continebimus
2946 3816 3014 3872 ab
3065 3815 3131 3872 iis
3166 3831 3287 3886 quae
3328 3815 3634 3885 voluptates

2052 3908 2206 3963 nobis
2234 3907 2540 3962 conferunt.
2569 3905 2650 3960 Ab
2680 3907 2745 3961 iis
2766 3914 2975 3974 autem,
3006 3921 3125 3977 quae
3151 3922 3315 3979 grave
3346 3907 3547 3977 aliquid
3578 3907 3633 3962 in

2053 4015 2110 4056 se
2135 3996 2891 4065 continent,abstinebimus;
2924 4007 2979 4054 et
3019 3999 3087 4054 ad
3118 3998 3427 4054 libertatem
3480 4000 3636 4055 nobis

366 4092 492 4144 στοῦ
524 4093 657 4163 ἡμῖν
689 4089 908 4162 δοθείσῃ
963 4088 1250 4160 ἐλευθερίᾳ
1269 4087 1393 4142 τότε
1423 4085 1933 4159 προσδραμούμεθα

2040 4109 2152 4165 -per
2191 4093 2832 4161 Christum-concessam
2875 4100 3004 4147 tunc
3031 4092 3430 4162 confugiemus.
3473 4090 3639 4146 Nam-

376 4184 438 4238 '0
462 4186 573 4254 γὰρ
623 4184 718 4238 τοῦ
761 4181 1001 4253 Χριστοῦ
1041 4178 1613 4262 νόμος-ἠλευθέρωσεν
1647 4179 1796 4247 ἡμᾶς
1843 4177 1933 4229 et?»

2055 4201 2162 4256 que
2191 4185 2285 4239 lex.
2310 4183 2510 4241 Christi
2540 4185 2608 4240 ab
2638 4185 2729 4251 iis,
2763 4198 2885 4254 quae
2912 4185 2965 4239 in
2996 4184 3113 4254 lege
3141 4184 3323 4255 gravia
3356 4191 3505 4248 sunt,
3538 4197 3639 4238 nos

367 4277 581 4348 βαρέων
611 4275 707 4330 τοῦ
735 4275 929 4344 νόμου,
983 4273 1091 4327 τῶν
1118 4272 1217 4342 τῆς
1246 4271 1553 4342 περιτομῆς
1586 4269 1812 4342 δηλαδὴ,
1859 4272 1933 4324 κα

2056 4277 2338 4343 liberavit;
2371 4292 2398 4330 a
2435 4276 2856 4333 circumcisione
2891 4276 3123 4342 scilicet,
3148 4275 3216 4331 ab
3242 4275 3568 4331 abstinentia
3602 4290 3636 4330 ι

361 4370 463 4438 τῆς
500 4369 610 4425 τῶν
634 4365 1035 4437 κεκωλυμένων
1088 4363 1395 4436 βρωμάτων
1442 4364 1675 4434 ἀποχῆς,
1722 4360 1816 4416 τοῦ
1863 4361 1933 4415 τὸἸ

2059 4370 2347 4439 prohibitis
2374 4369 2534 4436 cibis,
2566 4371 2632 4424 ab
2660 4382 2727 4426 eo
2756 4369 3036 4423 immundo
3056 4367 3375 4439 iudicando,
3407 4369 3502 4438 qui
3543 4366 3640 4420 litt-

364 4458 635 4530 γονορῤυῆ
682 4455 994 4535 ἀκάθαρτον
1049 4452 1355 4525 κρίνεσθαι,
1398 4453 1495 4506 καὶ
1528 4452 1634 4506 τὸν
1672 4451 1933 4522 ἁψάμενος

2034 4478 2184 4516 sxum
2225 4462 2451 4519 seminis
2484 4475 2678 4532 passus
2708 4470 2826 4524 est,
2854 4454 2949 4530 qit'i
2983 4469 3253 4516 mortuum
3288 4459 3502 4529 tetigit,
3546 4459 3640 4528 qui

364 4546 585 4620 νεκροῦ,
643 4548 741 4602 καὶ
790 4545 882 4599 τὸν
929 4544 1450 4616 λεπρωθέντα,’καὶ
1495 4544 1672 4599 ἄλλων
1720 4542 1955 4598 πολλῶν.

378 4641 725 4714 Ἦρωτήθην,
761 4639 949 4711 φησιν,
968 4640 1017 4692 εἰ
1050 4638 1364 4712 γέγραπται
1396 4636 1695 4708 λαμϐάνειν
1722 4626 1960 4704 γυναῖκα

369 4736 456 4791 ἐπ’
490 4734 716 4805 ἀδελφῇ,
738 4734 907 4805 ῆγουν
936 4733 986 4786 εί
1018 4732 1120 4803 τῆς
1149 4730 1410 4800 γυναικὸς
1433 4730 1635 4792 αὐτοὺς
1668 4726 1766 4800 τὴν
1801 4728 1957 4783 ἀδελ-

372 4831 479 4901 φὴν
532 4829 709 4895 ἔξεστι
769 4828 1073 4899 λαμϐάνειν
1124 4827 1235 4882 τινί
1259 4843 1274 4860 ο
1312 4829 1407 4881 καὶ
1446 4823 1601 4880 εἷπον
1630 4826 1713 4878 ὃτι
1771 4825 1832 4877 ού
1863 4824 1957 4894 γέ-

371 4938 638 4993 γραπται.
668 4924 849 4991 Ὅπερ
888 4919 984 4974 καὶ
1032 4918 1233 4989 ἀληθές
1263 4919 1433 4981 ἐστιν,
1481 4915 1618 4970 ἀλλὰ
1661 4915 1759 4969 καὶ
1782 4917 1961 4983 ἀσφα-

372 5015 484 5080 λές.
525 5015 599 5067 Τὸ
632 5013 693 5067 δὲ
726 5012 1135 5081 συλλογίζεσθαι
1164 5011 1225 5064 τὸ
1267 5009 1564 5078 σιωπηθὲν,
1613 5008 1781 5079 ῆγουν
1837 5006 1961 5061 ἐπεὶ

375 5107 417 5160 ὁ·
432 5106 597 5177 νόμος
624 5099 803 5170 εἶπεν,
838 5105 943 5169 ὅτι,
981 5105 1065 5157 Οὐ
1090 5102 1265 5171 λήψῃ
1301 5099 1564 5171 γυναῖκα
1591 5099 1685 5152 ἐπ’
1718 5097 1956 5168 ἀδελφῆ

2058 4553 2204 4622 lepra
2243 4553 2474 4609 inlectus
2501 4564 2587 4609 est
2615 4594 2630 4619 ,
2662 4561 2716 4609 et
2748 4553 2870 4609 aliis
2900 4567 3066 4624 quam
3097 4551 3369 4623 plurimis.
3401 4550 3639 4607 Interro-

2060 4656 2215 4715 gatus
2242 4658 2382 4708 sum,
2414 4645 2609 4713 inquit,
2643 4660 2709 4698 an
2749 4644 3012 4714 scriptum
3040 4643 3112 4700 sit
3150 4643 3395 4711 accipere
3417 4658 3639 4707 uxorem

2061 4737 2128 4789 ad
2175 4749 2458 4802 sororem;
2493 4721 2748 4790 nimirum
2798 4749 2864 4787 an
2916 4733 3079 4788 liceat
3114 4734 3346 4803 cuipiam
3398 4747 3642 4786 sororem

2062 4825 2250 4881 uxoris
2280 4839 2392 4880 suae
2422 4825 2652 4889 ducere;
2681 4832 2737 4877 et
2763 4823 2873 4879 dixi
2903 4838 3007 4878 non
3041 4821 3301 4891 scriptum
3332 4835 3472 4888 esse;
3500 4822 3645 4891 quod

2067 4933 2257 4973 verum
2293 4926 2398 4983 est,
2435 4927 2598 4986 atque
2627 4917 2790 4970 etiam
2825 4923 3020 4970 tutum.
3042 4914 3130 4968 Ex
3161 4929 3224 4970 eo
3255 4925 3435 4968 autem
3457 4955 3471 4977 ,
3499 4912 3646 4983 quod

2070 5025 2176 5065 non
2212 5010 2417 5064 dictum
2449 5016 2553 5073 est,
2584 5008 2875 5067 illationem
2920 5007 3121 5071 facere,
3165 5019 3358 5075 nempe
3388 5004 3647 5074 quoniam

2068 5102 2149 5158 lex
2183 5103 2346 5167 dicit,
2373 5102 2521 5172 quod
2555 5099 2679 5157 Non
2724 5102 2948 5170 accipies
2984 5115 3200 5154 uxorem
3232 5098 3530 5170 zelotypum
3577 5098 3648 5152 ad

378 5194 567 5264 αὐτῆς
599 5192 941 5267 ἀντιζηλον,
969 5194 1069 5248 καί
1092 5194 1192 5248 ’ἐτι
1222 5191 1418 5259 ζώσης
1454 5188 1670 5260 αὐτῆς,
1724 5188 1933 5244 ἀκόλου

2066 5211 2299 5249 sororem
2325 5196 2512 5263 ipsius,
2545 5195 2660 5261 ipsa
2686 5196 2843 5249 etiam
2867 5193 3037 5248 adhuc
3066 5194 3285 5259 vivente,
3310 5206 3649 5263 consequens

379 5288 670 5354 θόνηὲστιν,
702 5288 785 5340 ὅτι
823 5288 959 5358 μετὰ
986 5288 1216 5342 θάνατον
1251 5285 1311 5338 οὐ
1337 5285 1610 5339 κωλύεται
1661 5283 1762 5354 τὴν
1799 5282 1927 5336 ἀδελ

2068 5296 2150 5341 est
2181 5287 2324 5354 quod
2357 5297 2477 5358 post
2519 5295 2748 5342 mortem
2773 5301 3036 5362 sororem
3072 5286 3260 5342 uxoris
3293 5287 3491 5341 ducere
3539 5299 3649 5339 non

382 5380 488 5450 φὴν
520 5382 618 5450 τῆς
646 5380 909 5449 γυναικδς
938 5379 1267 5449 λαμϐάνειν,
1298 5379 1373 5441 ὡς
1410 5377 1610 5448 μηκέτι
1671 5375 1773 5445 τῆς
1802 5374 1933 5445 ζηλο

2070 5378 2409 5447 prohibetur,
2447 5386 2506 5433 ttt
2554 5377 2822 5448 Zelotypia
2858 5377 3090 5449 amplius
3145 5393 3250 5434 non
3298 5377 3502 5443 futura,
3544 5377 3650 5431 hoc

383 5472 585 5536 τυπίας
625 5473 895 5543 ἐσομένης
924 5489 939 5504 ·
970 5472 1130 5525 τοῦτο
1152 5510 1167 5534 ,
1199 5473 1355 5541 φησὶ,
1387 5471 1448 5524 τὸ
1502 5466 1732 5522 τοιαῦτα
1777 5467 1933 5535 λέγειε

2073 5470 2269 5538 inquit,
2304 5469 2450 5533 talia,
2480 5469 2687 5537 scilicet
2716 5470 2898 5525 dicere
2926 5478 3007 5525 est
3040 5469 3210 5540 legem
3244 5468 3407 5533 ferre,
3435 5479 3489 5522 et
3519 5482 3649 5538 pro-

385 5551 705 5632 νομοθετεῖν
732 5564 851 5617 ἐστι
880 5566 975 5617 καὶ
1011 5562 1246 5626 οἰκείους
1270 5562 1617 5628 συνεισάγειν
1650 5560 1873 5630 νόμους,
1902 5576 1933 5612 οη

2075 5562 2223 5630 prius
2252 5558 2397 5628 leges
2424 5561 2790 5626 introducere,
2824 5576 2928 5617 non
2956 5577 3017 5617 ea
3047 5577 3167 5632 qua:
3198 5569 3322 5617 sunt
3350 5560 3497 5628 "legis
3528 5574 3651 5627 pro-

387 5655 458 5709 τὰ
490 5656 585 5709 τοῦ
616 5656 784 5725 νόμου
839 5656 1022 5722 λέγειν
1057 5671 1072 5686 ο
1108 5656 1156 5707 εἰ
1190 5654 1299 5725 γὰρ
1327 5653 1513 5723 δῶμεν
1562 5653 1700 5723 μετα
1734 5651 1931 5706 θάνατο

2082 5653 2242 5706 ferre.
2283 5652 2355 5707 Si
2374 5651 2567 5708 demus
2585 5653 2756 5719 enim,
2782 5662 2903 5724 post
2937 5664 3166 5710 mortem
3195 5653 3381 5709 uxoris
3410 5668 3651 5707 summat

500 5755 512 5784 '
559 5752 736 5808 chit.
774 5768 935 5816 xvstt,
983 5755 1066 5808 l8.

462 5849 531 5913 (ιι)
558 5849 689 5901 lianc
711 5849 1178 5912 interpretationem
1198 5845 1669 5910 dcdlt.Beveregius
1700 5847 1748 5895 in
1775 5843 1905 5895 notis
1934 5857 1996 5895 ex
2024 5842 2192 5896 codice
2215 5842 2624 5896 Amerbacltiano.
2652 5841 2796 5908 EDIT.
