4008 6416
425 288 531 354 819
1679 291 1961 352 ΤΗΕΟΙ).
2003 290 2008 349 ἶ

2114 291 2405 355 LSAMON
3591 293 3697 356 893

423 399 591 466 ipsius
617 398 666 451 ei
707 398 960 467 accipere
990 397 1175 462 licere,
1213 396 1304 467 qui
1341 407 1570 455 mortuae
1615 400 1843 455 maritus
1871 400 1996 465 fuit,

2116 402 2202 472 τῆς
2227 400 2493 469 γυναικὸς
2524 398 2625 472 τὴν
2647 399 2885 472 ἀδελφὴν
2909 400 3080 470 αὐτῆς
3126 400 3442 473 λαμϐάνειν
3475 402 3572 456 τδν
3601 410 3699 475 τῆς

414 491 668 557 queuinm
704 489 986 562 zelmypiae
1016 489 1196 560 passio
1238 489 1415 548 locum
1455 492 1684 563 amplius
1731 507 1839 546 non
1889 493 1986 547 ha-

2119 495 2514 566 ςελευτησάσης
2553 494 2746 566 ἄνδρα,
2776 493 2868 549 διὰ
2891 495 2954 548 τὸ
3001 495 3200 566 μηκέτι
3265 497 3332 550 τὸ
3367 496 3476 565 τῆς
3536 497 3702 568 ζηλοο

413 585 577 642 heat,
610 595 730 637 cam
781 581 1012 653 accipiet
1046 583 1209 638 etiam
1251 583 1366 654 ipsa
1399 582 1632 649 vivente,
1688 586 1733 640 si
1773 599 1990 640 sorores

2121 587 2302 652 ςυπίας
2347 589 2519 654 πάθος
2560 591 2746 661 χώραν
2794 588 2966 659 ἔχειν,
3025 587 3265 657 λήψεται
3327 588 3551 658 ταύτην
3607 593 3704 644 καλ

415 675 697 744 zcl0typia
747 676 1050 744 passionem
1084 690 1211 747 erga
1266 691 1324 730 se
1373 676 1600 732 invicem
1635 691 1741 732 non
1782 676 1985 730 habue-

2122 677 2280 746 ζώσης
2313 677 2552 750 ἐκείνης,
2582 680 2633 733 εί
2661 678 3009 750 ἀζηλότυπον
3045 678 3189 749 πρὸς
3216 677 3478 748 ἀλλήλας
3533 681 3705 744 πάθος

415 769 544 835 rint.
580 767 684 822 Sed
708 767 850 822 dicet
883 767 1079 837 aliquis
1112 768 1214 822 hoc
1239 784 1347 824 non
1376 770 1634 839 scriptum
1669 783 1789 825 esse
1831 785 1846 822 :
1896 784 1988 821 ve-

2120 787 2266 839 χοιεν
2299 772 2353 823 αἱ
2380 770 2632 839 ἀδελφαί.
2675 769 2821 822 Ἀλλ’
2859 770 2981 840 ἀρεῖ
3009 786 3093 833 τις
3152 770 3239 824 ὅτι
3275 771 3449 824 τοῦτο
3513 773 3578 824 o6
3607 775 3703 840 γέ-

412 875 532 912 rum
577 874 676 917 nec
702 861 832 920 illud
859 860 1120 930 scriptum
1146 870 1249 927 est,
1277 869 1336 915 ut
1368 871 1489 932 post
1515 871 1746 916 mortem
1779 861 1990 917 scilicet

2118 865 2339 929 'pamdt
2367 877 2378 892 ·
2408 860 2526 914 ἀλλ’
2547 861 2669 916 οὐδὲ
2693 862 2868 914 έκεῖνο
2893 861 3224 930 γέγραπται,
3262 861 3328 913 τὸ
3357 865 3506 931 μετὰ
3530 861 3701 916 θάνα-

412 952 660 1008 mulieris
695 952 922 1008 maritus
957 952 1073 1023 ejus
1113 961 1341 1026 mortua:
1373 967 1618 1009 sororem
1667 954 1720 1008 in
1761 966 1985 1009 uxorem

2117 968 2182 1004 τον
2211 949 2414 1020 δηλαδὴ
2433 951 2532 1021 τῆς
2557 949 2816 1018 γυναικὸς
2841 948 2930 1004 τὸν
2957 950 3176 1018 ἐκείνης
3207 949 3390 1018 ἄνδρα
3420 948 3526 1019 τὴν
3545 949 3700 1004 ἀδελ-

412 1046 654 1103 duceret.
693 1044 896 1100 Deinde
932 1044 1102 1112 addit,
1134 1045 1278 1115 quod
1306 1047 1350 1100 si
1381 1059 1445 1101 ea
1477 1060 1596 1115 qua:
1626 1055 1791 1112 retro,
1823 1044 1986 1116 paulo

2116 1044 2198 1113 ρὴν
2221 1043 2319 1110 τῆς
2351 1043 2754 1113 τελευτησάσης
2788 1043 2872 1106 είς
2905 1043 3146 1110 γυναῖκα
3189 1039 3534 1110 λαμϐάνειν.
3568 1035 3699 1093 Εἶτα

409 1149 455 1188 8f
476 1136 620 1192 ilicet
647 1145 794 1202 ante,
827 1137 878 1191 in
904 1137 1023 1206 lege
1051 1137 1193 1192 dicta
1221 1145 1370 1204 sunt,
1405 1137 1861 1201 consideraveris,
1902 1134 1984 1189 ul-

2112 1135 2314 1205 ιπάγει,
2332 1140 2414 1192 ὅτι
2447 1139 2496 1190 εξ
2521 1135 2591 1189 τὰ
2618 1135 2849 1190 κατόπιν
2873 1135 2971 1203 τῆς
2994 1133 3332 1202 νομοθεσίας
3362 1133 3695 1203 σκοπήσεις,

409 1227 593 1282 teriori
622 1228 864 1284 molestia
897 1228 1160 1284 liberatus
1206 1229 1337 1286 eris.
1380 1226 1501 1285 Non
1546 1243 1761 1284 omnem
1797 1228 1942 1285 enim
1967 1271 1982 1297 ,

2117 1228 2162 1283 τὰ
2188 1228 2415 1283 ὄπισθεν
2439 1227 2666 1300 δηλαδὴ,
2721 1225 3088 1296 ἀπαλλαγήσῃ
3147 1223 3540 1295 πραγμάτων.
3625 1224 3700 1276 06

408 1318 620 1385 inquit,
645 1327 993 1388 peccatorum
1027 1318 1264 1388 speciem
1295 1305 1592 1390 legislator'
1612 1319 1684 1375 ibi
1735 1333 1985 1387 compre-

2119 1321 2202 1390 Εςὶιρ
2235 1321 2344 1374 πᾶν
2374 1313 2516 1380 εἶδος
2547 1320 2574 1370 ὁ
2601 1315 2903 1388 νομοθέτης
2933 1313 3198 1380 ἐνταῦθα,
3251 1314 3421 1384 φησὶ,
3466 1314 3702 1384 περιλα-

407 1410 641 1466 lIendere
667 1411 768 1466 sibi
800 1412 1084 1482 proposuit
1119 1429 1133 1468 :
1160 1412 1256 1468 sed
1305 1422 1525 1482 peccata
1555 1411 1938 1484 Egyptiorum
1968 1452 1986 1479 ,

2114 1411 2209 1464 isiv
2242 1409 2662 1482 ἁμαρτημάτων
2693 1406 2958 1477 προέθετο
2981 1421 2996 1437 ·
3021 1404 3160 1458 ἀλλά
3190 1405 3264 1458 τὰ
3318 1405 3438 1458 τῶν
3517 1406 3697 1474 Αιγυ‹

406 1502 546 1558 inter
587 1517 722 1573 quos
749 1503 1101 1560 Hebraeorum
1143 1503 1375 1576 populus
1414 1512 1672 1575 tanquam
1715 1505 1984 1574 peregrini

2115 1499 2396 1565 ττίων,ροῖς
2449 1499 2699 1571 παρῲκει
2751 1499 2946 1568 πρώην
2979 1498 3008 1551 ὁ
3051 1497 3332 1568 Ἐϐραίων
3382 1497 3547 1564 λαὸς,
3600 1501 3695 1552 καὶ

413 1607 572 1651 antea
603 1595 946 1662 habitarent;
983 1605 1038 1652 et
1065 1596 1531 1662 Chananaeorum,
1560 1595 1627 1650 ad
1657 1609 1791 1664 quos
1823 1603 1975 1650 tran-

2118 1595 2159 1647 ιὰ
2193 1592 2301 1647 τῶν
2328 1591 2676 1654 Χαναναίων,
2710 1590 2847 1662 πρὸς
2865 1589 2962 1654 οὓς
2988 1589 3322 1660 μετετίθετο
3378 1591 3484 1644 καὶ¹
3517 1590 3701 1661 μετῴ-

405 1689 612 1744 sierunt
644 1697 698 1745 et
729 1688 1220 1760 transmigraruut;
1252 1687 1394 1758 quod
1439 1686 1735 1744 verisimile
1760 1695 1878 1752 est;
1931 1696 1986 1742 et

2117 1686 2393 1750 ιιστο,κσὶ
2419 1685 2568 1748 εἰκός
2597 1688 2736 1740 ἐστι.
2773 1684 2884 1739 Καὶ
2913 1685 2998 1737 ὅτι
3047 1683 3208 1737 τοῦτο
3279 1682 3345 1736 τὸ
3397 1677 3546 1745 εἶδος
3606 1680 3700 1735 τοῦ

405 1780 546 1848 quod
595 1778 758 1835 istam
805 1788 1148 1850 peccatorum
1198 1780 1478 1849 speciem,
1536 1793 1643 1849 qua
1694 1779 1816 1848 quis
1867 1786 1987 1849 post

2116 1781 2510 1850 ιμαρτήματος,
2546 1778 2607 1831 τὺ
2641 1779 2780 1848 μετά
2808 1778 3039 1831 θάνατον
3081 1775 3182 1845 τῆς
3228 1772 3511 1844 γυναικὸς
3531 1771 3699 1832 αὐτοῦ

405 1877 632 1925 mortem
683 1870 869 1925 uxoris
926 1883 1036 1925 suae
1091 1883 1338 1926 sororem
1395 1869 1517 1941 ejus
1563 1869 1710 1926 ducit
1763 1868 1986 1944 {Moses}

2117 1891 2209 1926 wet
2247 1872 2552 1941 λαμϐάνειν
2580 1871 2682 1939 τὴν
2741 1869 2982 1941 ἀδελφὴν
3065 1867 3313 1937 ἐκείνης,
3377 1865 3472 1919 διὰ
3540 1864 3700 1918 τοῦτο

405 1967 688 2026 propterea
742 1958 1042 2030 prohibuit,
1092 1958 1240 2029 quod
1283 1959 1392 2016 viri
1438 1959 1700 2016 luxuriosi
1751 1961 1987 2029 patriar-

2122 1962 2389 2023 κὼλυσεν,
2415 1961 2498 2014 ὅτι
2528 1961 2609 2022 είς
2636 1958 2954 2028 ὑπόδειγμα
2977 1953 3124 2027 εἶχον
3175 1959 3226 2010 oi
3261 1957 3574 2011 ἀκόλαστοι
3603 1955 3698 2009 τὸν

404 2052 561 2104 chain
594 2049 855 2107 Iacobum
896 2066 995 2121 pro
1030 2051 1277 2123 exemplo
1325 2051 1637 2118 habebant,
1675 2052 1768 2121 qui
1795 2055 1985 2111 eodem

2117 2054 2434 2124 ιατριὰρχην
2473 2051 2670 2106 Ἰακὼό
2703 2052 3106 2121 συνοικήσαντα
3127 2049 3274 2103 κατὰ
3297 2049 3512 2102 ταύτὸν
3541 2047 3700 2102 δυσὶν

403 2151 648 2213 tempore
679 2143 895 2200 duabus
917 2143 1223 2210 sororibus,
1264 2145 1408 2201 Leiae
1444 2155 1493 2200 et
1544 2146 1788 2213 Racheli,
1819 2148 1986 2203 coha—

2112 2144 2368 2212 I6s).tpzi;,
2401 2147 2467 2215 τῇ
2490 2161 2547 2197 τε
2581 2142 2716 2216 Λείᾳ
2742 2145 2834 2198 καὶ
2863 2147 2928 2212 τῇ
2989 2143 3212 2213 Ῥαχὴλ.
3250 2142 3448 2196 Πολλὰ
3500 2142 3562 2195 δὲ
3601 2141 3695 2192 λέ-

403 2235 614 2298 hitavit.
647 2235 813 2292 Multa
861 2243 1044 2292 autem
1078 2236 1230 2302 dicit,
1261 2250 1292 2291 a
1331 2237 1448 2308 lege
1481 2239 1701 2310 quidem
1757 2241 1984 2296 silentio

2110 2254 2171 2288 ἐι
2202 2237 2280 2306 τῷ
2305 2236 2457 2307 νόμῳ
2488 2236 2587 2306 μὲν
2644 2235 3011 2307 σιωπηθῆναι,
3033 2233 3390 2288 κεκωλῦσθαι
3417 2235 3478 2288 δὲ
3507 2235 3662 2304 ὅμως
3680 2249 3693 2264 ·

403 2327 789 2391 praetermissa,
820 2337 871 2382 et
926 2338 1105 2382 tamen
1157 2327 1425 2398 prohibita
1458 2343 1582 2384 esse
1622 2347 1635 2384 :
1668 2331 1829 2398 quale
1857 2341 1939 2389 est
1965 2373 1980 2395 ,

2116 2325 2199 2380 ίόν
2228 2329 2344 2380 ἐστι
2374 2327 2432 2380 τὸ
2467 2328 2540 2398 μὴ
2568 2328 2670 2399 μιᾷ
2704 2326 2956 2398 παλλακῇ
2985 2325 3295 2398 κεχρῆσθαι
3348 2325 3574 2397 πατέρα
3605 2325 3695 2378 καὶ

403 2425 612 2486 patrem
637 2422 690 2470 et
720 2413 888 2470 filium
924 2417 1110 2471 eadem
1169 2415 1361 2486 pellice
1391 2433 1495 2473 non
1532 2418 1630 2473 uti.
1660 2417 1829 2488 liujus
1861 2420 1982 2488 qni-

2111 2420 2226 2474 ιίόν.
2251 2417 2456 2472 Τούτου
2487 2419 2586 2488 μὲν
2623 2421 2654 2472 6
2681 2420 2846 2490 νόμος
2874 2419 2976 2473 οὐκ
3037 2418 3462 2488 ἐμνημόνευσεν
3501 2434 3517 2450 ο
3556 2419 3584 2470 6
3639 2417 3694 2470 δὲ

401 2507 522 2573 dem
552 2505 638 2560 lex
667 2520 771 2562 non
805 2503 1092 2560 meminit:
1122 2505 1390 2575 propheta
1412 2520 1547 2561 vero
1581 2514 1839 2574 tanquam
1872 2506 1984 2562 ille-

2108 2512 2374 2582 προφήτης
2419 2511 2495 2574 ὡς
2527 2510 2772 2581 ἀθέσμου
2825 2510 2926 2580 τῆς
2972 2509 3228 2580 πράξεως
3270 2510 3691 2580 κατηγόρησεν.

400 2599 644 2668 gitimam
679 2598 948 2653 actionem
981 2599 1281 2662 accusavit,
1314 2598 1524 2663 dicens,
1564 2599 1714 2667 ﬁlius
1742 2609 1790 2654 et
1829 2609 1983 2668 pater

2117 2603 2254 2655 ξπών
2286 2618 2300 2634 ’
2347 2604 2402 2655 Ὀ
2457 2601 2591 2668 υἱὸς
2658 2602 2758 2655 καὶ
2793 2604 2826 2656 ό
2873 2600 3073 2669 πατὴρ
3121 2600 3282 2669 πρὸς
3327 2601 3451 2668 τὴν
3497 2601 3696 2668 αὐτὴν

400 2690 468 2742 ad
522 2693 758 2745 eamdem
811 2688 1044 2760 puellam
1092 2689 1526 2760 ingrediebantur
1596 2727 1611 2743 .
1644 2689 1711 2745 Et
1761 2691 1978 2758 quidem

2106 2694 2417 2761 ταιδίσκην
2453 2693 2938 2761 εἰσεπορεύοντο.
2970 2693 3081 2746 Καὶ
3137 2693 3184 2749 οἱ
3255 2693 3362 2763 μὲν
3411 2692 3689 2762 δαίμονες,

401 2779 704 2848 Daemones,
748 2782 946 2862 inquit,
983 2781 1152 2838 multa
1209 2781 1612 2838 immundarum
1663 2784 1979 2852 passionum

2103 2787 2243 2856 μησὶ,
2285 2785 2460 2838 πολλὰ
2493 2784 2614 2854 εἴδη
2643 2783 2752 2836 τῶν
2787 2781 3118 2853 ἀκαθάρτων
3147 2781 3348 2836 παθῶν
3381 2780 3640 2846 ἐδίδαξαν
3673 2795 3686 2810 ·

401 2887 598 2941 genera
631 2874 972 2930 docuerunt:
1005 2875 1186 2930 divina
1217 2884 1398 2931 autem
1427 2876 1712 2946 Scriptura
1763 2880 1876 2935 haec
1909 2880 1980 2935 si-

2105 2877 2204 2948 jas
2233 2876 2354 2931 θεία
2385 2875 2582 2946 Γραφὴ
2637 2875 2810 2929 ταῦτα
2858 2875 3286 2946 παρεσιὼπησε,
3331 2875 3430 2928 καὶ
3482 2873 3688 2943 γενικῷ

401 2963 574 3017 lentio
603 2962 971 3032 praetermisit,
1001 2971 1056 3019 et
1085 2966 1184 3019 sub
1218 2965 1457 3042 generali
1490 2966 1852 3023 immunditiei
1883 2983 1982 3022 uas

2108 2969 2428 3038 ινόματιτῆς
2469 2967 2813 3037 ἀκαθαρσίας
2847 2967 3114 3033 διέλαϐεν,
3149 2967 3235 3020 ἵνα
3297 2967 3374 3038 μὴ
3412 2969 3447 3037 ή
3493 2965 3691 3036 σεμνό-

400 3055 548 3109 mine
586 3055 1018 3125 comprehendit,
1047 3069 1115 3110 ne
1143 3056 1506 3112 sanctimonia
1532 3057 1704 3127 ipsius
1732 3059 1968 3128 turpium

2102 3076 2180 3128 ςης
2217 3059 2388 3128 αὐτῆς
2444 3060 2569 3121 ταῖς
2634 3058 2747 3111 τῶν
2780 3058 3027 3129 αἰσχρῶν
3089 3059 3415 3129 ὀνομασίαις
3471 3061 3685 3129 καταρ-

402 3147 857 3218 appellationibus
885 3149 1374 3204 contaminaretur.
1411 3149 1476 3203 Et
1505 3151 1820 3220 Apostolus,
1849 3151 1977 3206 0m-

2093 3150 2412 3205 δυπαίνοιτο.
2439 3149 2552 3204 Καὶ
2584 3150 2612 3202 6
2633 3151 2976 3213 Ἀπόστολος,
3010 3152 3265 3221 Πορνεία
3297 3150 3369 3204 δὲ
3393 3151 3497 3204 καὶ
3525 3153 3676 3206 circa.

400 3239 507 3304 nis,
543 3229 756 3308 inquit,
795 3238 1077 3308 fornicatio
1113 3250 1163 3295 et
1207 3241 1566 3295 immundities
1615 3242 1754 3296 ittlcr
1787 3259 1871 3296 ros
1915 3261 1978 3298 ne

2094 3245 2301 3314 9αρσία
2332 3243 2501 3299 πᾶσα
2529 3243 2686 3314 μηδὲ
2717 3244 3120 3329 ὀνοβαζέσθω,
3154 3247 3342 3315 φησὶν,
3389 3244 3464 3297 ἐν
3512 3243 3677 3311 ὑμῖν,

402 3331 702 3384 nominetur
734 3331 774 3398 ⁸,
807 3333 906 3386 sub
956 3331 1315 3387 immunditiei
1375 3333 1592 3389 nomine
1623 3349 1840 3390 omnem
1881 3335 1978 3393 ob-

2098 3335 2159 3405 τῷ
2192 3336 2290 3405 τῆς
2353 3335 2645 3396 ἀκολασίας
2718 3335 2942 3406 ὀνόματι
3007 3337 3192 3388 πᾶσαν
3265 3333 3681 3404 ἀρῤητοποιίαν

402 3425 726 3478 seenitalem
783 3424 1288 3494 comprehendens;
1321 3425 1458 3481 adeo
1486 3435 1544 3481 ut
1574 3426 1720 3482 nulla
1756 3443 1978 3498 prorsus

2092 3425 2419 3498 περιλαϐών.
2449 3428 2613 3480 Ὥστε
2641 3427 2703 3480 o6
2733 3428 2951 3488 πάντως
2983 3426 3134 3479 ἄδεια
3159 3424 3370 3478 δέδοται
3433 3427 3549 3490 τοῖς
3583 3425 3675 3494 cpt;

401 3514 704 3570 libidinosis
733 3525 953 3584 propter
985 3515 1259 3570 silentium
1293 3518 1523 3588 turpiter
1542 3518 1732 3589 agendi
1757 3520 1976 3575 licentia

2100 3520 2322 3590 ιηδόνοις
2359 3517 2448 3571 διὰ
2475 3519 2576 3589 τῆς
2609 3519 2824 3588 σιωπῆς
2897 3518 3305 3589 αίσχρουργεῖν.
3363 3516 3504 3571 Εἶτα
3585 3517 3683 3569 καὶ

402 3606 584 3666 detur.
624 3605 828 3672 Deinde
853 3615 906 3673 ct
941 3607 1151 3671 fortiori
1191 3618 1411 3665 sanctus
1441 3622 1758 3680 argumento
1785 3613 1973 3679 utitur,

2095 3609 2388 3679 Βιαιότερον
2419 3610 2690 3680 ἐπιχειρεῖ
2718 3611 2746 3662 6
2773 3609 2950 3676 ἅγιος,
2987 3607 3164 3694 lion
3194 3608 3277 3662 ὅτι
3325 3607 3452 3660 οὐδὲ
3482 3607 3678 3660 σεσιώ-

401 3697 610 3761 dicens,
645 3712 818 3768 neque
852 3699 992 3756 hanc
1013 3709 1218 3770 partem
1251 3701 1366 3758 sive
1399 3703 1634 3773 speciem
1669 3705 1827 3774 hujus
1854 3721 1978 3775 pec-

2095 3718 2252 3771 πτηται
2311 3700 2389 3772 τῷ
2441 3703 2592 3771 νόμῳ
2645 3700 2708 3755 τὸ
2744 3701 2910 3772 μέρος
2968 3699 3148 3767 τοῦτο,
3197 3701 3370 3770 ἤγουν
3421 3700 3485 3753 τὶ
3538 3695 3678 3762 εἶδος

401 3789 510 3844 (πειιί
535 3789 754 3846 silentio
788 3804 817 3845 a
843 3790 960 3860 lege
990 3778 1412 3862 praetermissam
1443 3806 1586 3851 esse.
1617 3792 1976 3866 Quandoqui-

2094 3792 2270 3847 τούτου
2325 3791 2418 3846 τοῦ
2472 3793 2871 3865 ἁμαρτήματος
2904 3809 2918 3823 ο
2980 3791 3107 3846 ἐπεὶ
3173 3789 3283 3860 γὰρ
3361 3789 3677 3859 γέγραπται

402 3883 523 3937 dem
559 3883 700 3937 enim
749 3882 802 3937 in
835 3898 899 3940 ea
938 3884 1199 3951 scriptum
1237 3893 1359 3952 est,
1397 3882 1524 3939 Non
1561 3885 1870 3956 ingredieria
1909 3888 1978 3940 ad

2097 3888 2140 3937 iv
2198 3881 2368 3952 αὐτῷ,
2424 3884 2548 3938 Οὐκ
2615 3884 2942 3952 είσελεύσῃ
3009 3882 3160 3953 πρὸς
3217 3881 3418 3936 πάντα
3452 3881 3680 3935 οἰκεῖον

399 3975 631 4044 quemvis
665 3977 1113 4048 consanguineum
1162 3978 1341 4032 carnis
1384 3986 1489 4032 tum
1539 3975 1608 4030 ad
1643 3979 1978 4033 revelandam

2096 3977 2311 4044 σαρκός
2405 3989 2522 4030 σου
2597 3975 2992 4044 ἀποκαλύψαι
3063 3974 3519 4043 ἀσχημοσύνην
3575 3974 3679 4027 αὐ-

401 4065 516 4133 ejus
561 4067 943 4139 turpitudinem
977 4067 1021 4134 ⁸,
1065 4068 1166 4128 hoc
1217 4068 1380 4124 etiam
1423 4083 1594 4138 genus
1641 4069 1977 4138 prohibetur.

2089 4065 2215 4134 τοῦ,
2264 4067 2361 4122 καὶ
2415 4068 2572 4122 τοῦτο
2595 4069 2656 4121 τὸ
2707 4061 2849 4129 εἶδος
2895 4065 3297 4136 ἀπηγόρευται.
3365 4066 3432 4118 Ei
3503 4064 3672 4134 γὰρὴ

403 4157 463 4211 Si
497 4158 640 4214 enim
676 4159 870 4214 mulier
898 4167 953 4215 et
980 4159 1064 4213 vir
1099 4174 1204 4214 una
1242 4160 1350 4216 sint
1375 4174 1526 4226 caro,
1554 4159 1708 4230 juxta
1733 4160 1977 4228 Scriptu-

2089 4157 2220 4230 γυνὴ
2251 4159 2347 4213 καὶ
2395 4162 2424 4214 6
2453 4161 2594 4230 ἀνὴρ
2617 4159 2756 4230 σάρξ
2786 4158 2894 4211 εισι
2941 4157 3064 4228 μία,
3095 4156 3238 4211 κατά
3283 4157 3386 4228 τὴν
3425 4155 3672 4228 Γραφὴν,

402 4266 545 4316 ram,
575 4251 716 4308 inter
742 4253 914 4310 virum
943 4260 996 4306 et
1027 4251 1214 4306 uxor-is
1244 4250 1414 4322 ipsius
1453 4266 1694 4308 sororem
1727 4266 1977 4322 magnam

2092 4249 2303 4314 πάντως
2332 4250 2577 4323 μεγάλην
2625 4250 2692 4311 άν
2724 4266 2810 4312 τις
2865 4248 3141 4302 οίκείωσιν
3199 4242 3342 4301 εἶναι
3400 4248 3675 4316 λογίσαιτο

401 4341 625 4396 omnino
670 4340 1199 4412 consanguinitatem
1229 4356 1354 4397 esse
1381 4342 1647 4410 quispiam
1679 4343 1974 4400 existimet.

2084 4341 2218 4413 πρὸς
2249 4345 2340 4397 τὸν
2369 4343 2541 4414 ἄνδρα
2560 4344 2754 4412 τῇ.τῆς
2786 4339 3049 4408 γυναικὸς
3074 4337 3246 4393 αὑτοῦ
3279 4339 3517 4409 ἀδελφῇ.
3555 4336 3667 4392 Καὶ

404 4429 470 4484 lit
500 4427 958 4498 quemadmodum
1010 4443 1172 4486 nemo
1208 4441 1438 4486 matrem
1475 4431 1662 4486 uxoris
1695 4447 1806 4487 suae
1832 4473 1846 4498 ,
1890 4433 1976 4488 vel

2088 4433 2278 4506 ὥσπερ
2306 4433 2519 4505 μητέρα
2547 4450 2632 4496 τις
2664 4431 2873 4494 οἰκείας
2925 4429 3207 4500 γυναικὸς,
3285 4431 3568 4501 θυγατέρα
3615 4427 3671 4493 ὲξ

403 4517 570 4571 ﬁliam
599 4532 665 4574 ex
693 4517 797 4573 alio
829 4518 876 4574 ei
909 4517 1026 4574 viro
1057 4519 1316 4588 genitam,
1346 4531 1564 4589 propter
1593 4523 1977 4592 consanguini—

2088 4530 2276 4602 ἑτέρου
2301 4528 2494 4598 ἀνδρὸς
2520 4527 2805 4598 τεχθεῖσαν
2835 4526 2996 4596 αὐτῇ,
3031 4527 3093 4580 οὐ
3134 4525 3396 4595 λήψεται,
3458 4524 3551 4577 διὰ
3573 4521 3671 4590 τὴν

404 4619 572 4666 tatem
598 4611 863 4682 accipiet;
887 4625 1063 4682 neque
1090 4611 1252 4664 etiam
1279 4619 1507 4666 matrem
1541 4627 1694 4667 suam
1721 4614 1974 4672 filiamve:

2090 4622 2380 4688 οἰκείωσιν,
2412 4621 2534 4676 οὐδὲ
2564 4621 2661 4692 μέν
2690 4638 2772 4674 τοι
2801 4619 2904 4691 τὴν
2924 4619 3134 4673 οἰκείαν
3167 4619 3421 4689 μητέραν
3446 4616 3479 4686 ἢ
3511 4616 3673 4683 θυγα-

403 4703 486 4760 sic
535 4717 710 4774 neque
742 4703 929 4760 uxoris
975 4703 1151 4759 sorori
1199 4701 1824 4777 conjungetunquippe
1877 4724 1977 4765 nec

2091 4713 2222 4786 τέρα
2239 4713 2412 4778 οὕτως
2427 4713 2547 4767 οὐδὲ
2572 4713 2670 4784 τῆς
2689 4712 2966 4782 γυναικόςο
2987 4710 3107 4766 οὐδὲ
3124 4708 3262 4780 γυνὴ
3281 4710 3390 4782 γὰρ
3419 4708 3498 4779 τῷ
3521 4704 3674 4762 ἀδελ-

403 4796 579 4852 sorori
610 4809 740 4850 suae.
783 4794 929 4849 ldem
965 4802 1142 4848 autem
1180 4793 1354 4862 inquit
1381 4802 1437 4849 et
1471 4796 1537 4850 de
1574 4797 1800 4854 muliere
1831 4815 1846 4852 :
1883 4813 1977 4854 ne—

2087 4805 2175 4877 φῷ
2232 4805 2328 4860 τοῦ
2361 4805 2552 4876 ἀνδρὸς
2583 4805 2754 4874 αὐτῆς
2787 4801 3039 4864 θανόντος
3073 4801 3505 4872 συναφθήσεται,
3553 4793 3669 4849 οὐδὲ

403 4903 510 4957 que
547 4889 690 4944 enim
731 4887 926 4943 mulier
952 4886 1132 4942 mariti
1165 4885 1248 4942 sui
1288 4885 1528 4942 defuncti
1565 4889 1722 4944 fratri
1749 4893 1978 4961 conjun-

2087 4899 2199 4960 τοῖς
2236 4895 2421 4960 ἄλλοις
2449 4895 2646 4963 ἐκείνῳ
2669 4894 2892 4957 οἰκείοις
2941 4891 3428 4961 κατὰσυγγένειαν.
3449 4885 3580 4945 Εἶτα
3606 4885 3670 4939 τά

311 5019 320 5028 .
405 4993 598 5051 getur;
644 4996 822 5050 neque
868 4979 989 5037 aliis
1027 4979 1075 5036 ei
1126 4996 1223 5051 per
1275 4981 1650 5052 cognationem
1708 4983 1888 5039 amnib

2082 4989 2417 5045 ἀποστολικᾶι
2450 4989 2948 5058 ἑπάγειρήματαο
3017 4987 3114 5041 καὶ
3175 4988 3315 5057 πρός
3370 5002 3526 5048 τινας
3583 4981 3662 5042 τὸ,

406 5072 600 5128 Postea
631 5072 940 5142 Apostolica
969 5075 1220 5144 producit
1245 5075 1433 5140 verba,
1457 5083 1509 5129 et
1537 5074 1604 5129 ad
1637 5075 1864 5145 aliquos,
1891 5077 1982 5147 qui

2082 5081 2437 5148 Αὺξάνεσθε
2458 5079 2557 5136 καὶ
2581 5081 2973 5147 minaria-£008
3031 5079 3509 5150 προϐαλλομένους
3535 5071 3665 5143 φησὶ

405 5163 795 5232 illud,Crescite
815 5175 864 5220 et
887 5165 1314 5236 multiplicamini
1336 5168 1376 5235 ³,
1401 5167 1686 5236 objiciunt,
1705 5169 1854 5236 dicit,
1876 5168 1980 5228 Eos

2083 5173 2390 5241 καταγελῶ,
2422 5172 2531 5226 τῶν
2562 5174 2638 5243 μὴ
2659 5171 3050 5242 διακρινόντων
3080 5174 3228 5233 τοὺς
3258 5171 3488 5242 καιροὺς
3553 5164 3659 5218 τῶν

405 5258 644 5324 derideo,
684 5257 777 5326 qui
808 5257 1202 5328 legislationum
1235 5266 1477 5329 tempora
1509 5275 1615 5314 non
1646 5261 1982 5317 discernunt.

2089 5263 2448 5336 νομοθεσιῶν,
2479 5263 2638 5317 τοῦτο
2662 5263 2858 5330 λέγων,
2914 5260 3084 5316 δτιτὸ
3140 5260 3494 5324 Λὺξάνεσθε
3568 5249 3663 5307 καὶ

403 5346 521 5405 lloc
541 5349 743 5412 dicens,
767 5351 1020 5419 quoniam
1044 5350 1193 5419 illud,
1214 5350 1443 5406 Crescite
1457 5360 1504 5406 et
1529 5351 1978 5420 multiplicamini,

2090 5359 2480 5426 πληθύνεσθε
2509 5357 2646 5429 πρὸς
2673 5357 2801 5420 τοὺς
2858 5356 3322 5424 πρωτοπλάστους
3377 5352 3596 5425 είρηκεν
3633 5343 3662 5397 6

402 5439 548 5494 Deus
575 5440 643 5494 ad
679 5440 926 5494 homines
962 5441 1140 5512 primo
1174 5451 1386 5500 creatos
1416 5446 1789 5514 pronuntiavit
1851 5461 1971 5501 cum

2091 5453 2247 5515 Θεὸς,
2300 5452 2391 5506 ὅτε
2452 5448 2608 5505 οὔπω
2664 5449 2868 5520 πλῆθος
2919 5448 3250 5519 ἀνθρώπων,
3308 5447 3404 5501 καὶ¹
3450 5441 3658 5507 ἀνάγκη

405 5533 643 5587 nondum
678 5532 964 5588 multitudo
991 5533 1267 5589 hominum
1301 5543 1487 5600 esset,
1519 5538 1832 5592 et'necesse
1859 5551 1978 5590 om-

2091 5543 2308 5604 πάντως
2338 5544 2463 5607 τοὺς
2488 5542 2581 5597 τοῦ
2628 5541 2799 5613 Ἀδὰμ
2825 5541 3023 5603 παῖδας
3077 5540 3329 5608 ἀλλήλοις
3392 5533 3653 5589 συνάπτε-

405 5623 538 5693 pino
566 5631 731 5691 esset,
764 5634 821 5679 ut
847 5623 1035 5679 Adami
1068 5623 1220 5680 liberi
1250 5625 1352 5682 sihi
1385 5625 1613 5682 invicem
1655 5626 1978 5697 copularen-

2089 5637 2236 5689 σθαι.
2263 5633 2637 5692 Κατὰ,τοῦτον
2666 5628 2760 5687 οὖν
2784 5631 2875 5687 τὸν
2901 5631 3059 5699 λόγον
3113 5631 3207 5682 καὶ
3277 5627 3372 5682 νῦν
3419 5618 3657 5692 ἀλλήλοις

480 5746 494 5791 l
527 5744 732 5822 Ephes.
775 5766 829 5818 ν,
864 5746 914 5801 5.
995 5750 1014 5782 ²
1041 5747 1215 5807 Levit.
1247 5765 1401 5814 XVIII,
1448 5748 1535 5804 18.
1611 5747 1630 5782 ³
1660 5746 1796 5805 Gen.
1839 5763 1874 5812 I,
1906 5746 2000 5814 28.
