4008 6392
504 313 606 375 823

1731 323 2010 382 ΤΙΙΕΟῙ).
2057 321 2456 382 BALSAMON

3621 316 3715 380 824

503 437 713 492 editum
747 439 798 492 in
831 439 1038 508 synodo
1070 438 1286 493 Nicmna
1309 480 1322 502 ,
1359 441 1448 509 qui
1500 441 1782 496 manifeste
1837 444 2056 496 samivil

2171 446 2262 497 τὸν
2295 443 2637 514 ἐξενεχθέντα
2691 444 2890 498 κανόνα
2937 445 3086 516 παρὰ
3123 444 3234 498 τῶν
3279 446 3446 514 ἁγίων
3479 449 3716 523 Πατέρων

508 539 798 585 extraneas
827 530 1083 585 mulieres
1111 546 1220 584 non
1247 547 1388 584 esse.
1425 529 1546 584 \‘ita
1579 538 1758 586 autem
1792 533 1983 587 caelebs
2013 535 2068 586 in

505 639 571 675 eo
596 623 934 677 honestatem
976 621 1174 686 habet,
1206 629 1320 676 uta
1357 623 1604 675 convictu
1633 623 1877 676 mulieris
1914 638 2066 692 sepa-

507 719 678 764 retur.
727 710 906 775 Quare
958 711 1003 764 si
1039 710 1162 778 quis
1190 709 1354 763 verbo
1386 709 1692 777 professus,
1742 711 1916 778 reipsa
1949 726 2068 778 qua:

507 799 922 866 ronjugatorum
956 805 1083 852 sunt
1129 797 1285 859 facit,
1319 798 1492 865 palam
1525 806 1606 851 est
1633 810 1753 851 eum
1784 799 2066 867 virginita-

508 891 578 940 tis
608 887 823 955 quidem
875 885 1214 940 honestatem
1261 887 1316 950 in
1368 887 1588 941 nomine
1638 890 1920 956 persequi,
1973 890 2096 943 sed-

507 992 848 1046 nequaquam
873 977 940 1030 ab
973 977 1226 1029 indecora
1264 977 1542 1044 voluptate
1575 977 1869 1032 abstinere.
1893 977 2068 1032 Tanto

508 1081 636 1134 ergo
677 1065 847 1136 magis
894 1065 1175 1134 oportebat
1201 1072 1251 1142 te
1287 1067 1636 1134 postulationi
1681 1077 1880 1121 nostrae
1911 1067 2067 1121 facile

509 1153 720 1218 cedere,
751 1160 954 1222 quanto
987 1159 1040 1207 te
1074 1152 1154 1207 ais
1181 1168 1300 1207 esse
1342 1153 1648 1208 liberiorem
1676 1156 1742 1208 ab
1769 1156 1915 1209 omni
1943 1163 2064 1211 eor“-

511 1255 677 1310 porea
705 1239 947 1296 libidine.
981 1240 1166 1312 Neque
1198 1243 1344 1298 enim
1371 1243 1546 1296 rirum
1597 1245 1937 1314 septuaginta
1969 1259 2068 1298 an-

507 1347 612 1389 nos
627 1343 810 1388 natum
827 1338 1082 1403 existimo
1097 1339 1387 1396 libidinose
1407 1343 1653 1398 habitare
1669 1359 1790 1398 cum
1810 1347 2035 1401 muliere
2056 1367 2066 1401 :

510 1437 611 1477 nec
630 1425 772 1502 quod
791 1433 950 1498 turpe
969 1429 1186 1499 aliquod
1210 1430 1422 1505 facinus
1441 1433 1632 1488 fuisset
1648 1434 1964 1500 admissum,
1993 1436 2071 1490 id-

510 1513 658 1568 circo
685 1516 943 1571 constitui
961 1533 1082 1588 quas
1107 1521 1397 1588 constitui;
1433 1521 1526 1577 sed
1547 1523 1688 1592 quod
1721 1523 1788 1578 ab
1813 1522 2069 1592 Apostolo

510 1603 800 1660 didicimus
837 1605 1218 1664 oﬂendiculum
1251 1610 1404 1665 fratri
1437 1628 1545 1666 non
1579 1628 1778 1682 ponere
1808 1615 1874 1668 ad
1909 1630 2070 1669 scan-

2171 537 2328 606 ήμῶν
2354 533 2460 587 τῶν
2495 536 2552 588 ἐν
2595 537 2660 604 τῇ
2707 535 2904 606 συνόδῳ
2944 535 3196 598 Νικαίας,
3233 536 3290 600 ὃς
3331 538 3570 607 φανερῶς
3625 541 3719 592 ἀπ-

2173 627 2437 696 ηγόρευσε
2491 626 2868 689 συνεισακτοῦς
3057 625 3129 696 μὴ
3157 622 3316 680 εἶναι.
3503 627 3718 697 Ἀγαμία

2173 718 2227 770 δὲ
2261 719 2318 770 ἐν
2345 716 2516 786 τούτῷ
2545 716 2655 787 ἔχει
2689 717 2749 770 τὸ
2783 717 2997 786 σεμνὸν,
3047 719 3104 772 ἐν
3145 717 3221 786 τῷ
3265 717 3585 788 κεχωρίσθαι
3631 719 3720 789 τῆς

2177 807 2314 876 μετά
2338 807 2593 876 γυναικὸς
2765 805 3054 875 διαγωγῆς.
3098 807 3186 868 Ὣς
3215 805 3308 858 ἐὰν
3336 804 3718 874 ἐπαγγελλόμε-

2173 898 2261 960 νός
2287 915 2370 960 τις
2395 897 2471 966 τῷ
2493 896 2735 966 ὀνόματι,
2773 895 2918 966 ἔργῳ
2955 895 3023 947 τὰ
3048 895 3155 946 τῶν
3179 893 3404 963 γυναιξὶ·
3427 895 3720 947 συνοικούν-

2173 1004 2279 1042 των
2305 991 2452 1058 ποιῇ,
2483 987 2639 1056 δῆλός
2683 988 2798 1038 ἐστι
2840 987 2902 1038 τὸ
2933 987 3028 1056 μὲν
3057 987 3155 1054 τῆς
3201 985 3497 1054 παρθενίας
3541 985 3721 1055 σεμνὸν

2175 1081 2231 1132 ἐν
2255 1082 2318 1150 τῇ
2354 1077 2690 1150 προσηγορίᾳ.
2719 1077 2946 1136 διώκων,
2976 1076 3067 1129 τοῦ
3098 1077 3154 1128 δὲ
3188 1077 3308 1128 καθ’
3335 1075 3528 1146 ἡδονὴν
3559 1076 3720 1146 ἀπρε-

2177 1168 2311 1229 ποῦς
2363 1169 2434 1238 μὴ
2478 1167 2862 1236 ἀφιστάμενος.
2912 1155 3160 1236 Τοσούτῳ
3197 1161 3289 1218 οὖν
3339 1164 3536 1236 μᾶλλον
3569 1165 3720 1234 ἐχρῆν

2179 1274 2237 1309 σε
2268 1257 2502 1320 εὐκόλως
2545 1253 2680 1322 εἶξαι
2733 1256 2886 1327 ἡμῶν
2926 1257 2990 1326 τῇ
3034 1253 3272 1319 ἀξιώσει,
3303 1255 3520 1324 ὅσῳπερ
3561 1253 3723 1321 λέγεις

2174 1348 2454 1419 ἐλεύθερος
2473 1345 2610 1403 εἶναι
2642 1351 2840 1415 παντὸς
2869 1353 3180 1424 σωματικοῦ
3210 1355 3440 1416 πάθους.
3475 1349 3607 1404 Οὔτε
3629 1351 3726 1426 γὰρ

2169 1439 2259 1490 τὸν
2319 1441 2780 1512 ἑϐδομηκονταετῆ
2848 1445 3106 1512 γεγονότα
3173 1445 3432 1515 πείθομαι
3481 1442 3725 1513 ἐμπαθῶς

2172 1535 2434 1584 συνοικεῖν
2461 1533 2698 1600 γυναικὶ,
2729 1532 2852 1586 οὔτε
2899 1535 2973 1598 ὡς
3017 1536 3375 1606 ἐπιγενομένη
3424 1533 3528 1586 τινὶ
3555 1532 3726 1602 ἀτόπῳ

2170 1619 2363 1688 πράξει
2418 1620 2698 1690 ὡρίσαμεν
2737 1620 2773 1674 ἀ
2809 1621 3118 1692 ὡρίσαμεν·
3171 1624 3285 1677 ἀλλ’
3333 1621 3524 1692 ἐπειδὴ
3570 1619 3724 1673 ἐδιδά-

507 1693 764 1750 ἀιιιυιιιί.
822 1694 1038 1753 Scimus
1071 1708 1248 1754 autem
1306 1702 1448 1772 quod
1507 1717 1535 1754 a
1596 1704 1874 1758 nonnullis
1923 1713 2056 1759 recte

2168 1709 2373 1779 χοημεν
2408 1711 2556 1783 παρὰ
2580 1712 2673 1765 τοῦ
2721 1713 3038 1766 Ἀποστόλου
3065 1713 3139 1784 μὴ
3163 1715 3371 1768 τιθέναι
3406 1711 3724 1784 πρόσκομμα

507 1783 748 1850 geritur,
807 1785 928 1842 aliis
987 1785 1337 1844 occasionem
1385 1807 1504 1846 esse
1549 1793 1829 1862 peccandi.
1893 1794 2056 1860 Quart

2168 1769 2502 1871 Euhages}
2547 1805 2627 1866 είς
2674 1803 2989 1863 σκάνδαλον.

509 1873 854 1942 praecipimus
901 1883 1211 1932 sanctorum
1261 1879 1482 1934 Patrum
1513 1881 1792 1936 decretum
1837 1899 2068 1954 sequen-

507 1969 611 2024 tes,
644 1961 702 2016 ut
729 1979 758 2016 a
781 1965 1100 2020 muliercula
1129 1970 1420 2038 separetis.
1457 1970 1595 2036 Quid
1631 1972 1794 2041 igitur
1821 1974 2067 2044 ehorepi-

505 2065 730 2120 scopum
759 2055 999 2118 incusas,
1031 2065 1085 2112 et
1113 2059 1314 2114 veteris
1343 2060 1640 2116 inimicitiae
1668 2062 1802 2118 facis
1835 2067 2064 2119 mentio-

505 2144 668 2197 nem?
703 2144 842 2210 Quid
873 2147 938 2202 de
971 2149 1129 2204 nobis
1172 2151 1417 2219 quereris
1465 2155 1608 2222 quod
1643 2153 1829 2210 faciles
1861 2158 2064 2212 calum—

505 2233 614 2287 niis
647 2249 806 2290 aures
845 2237 1183 2306 prazbeamus
1214 2277 1229 2304 ,
1263 2255 1326 2295 ac
1362 2257 1472 2296 non
1502 2243 1683 2312 potius
1715 2246 1781 2300 de
1820 2253 1872 2299 te
1911 2246 2025 2315 ipse
2047 2288 2060 2310 ,

3177 1807 3413 1876 Οἴδαμεν
3462 1803 3540 1866 δὲ,
3569 1803 3647 1856 ὅτι
3669 1799 3724 1853 τὸ

2169 1891 2319 1961 παρά
2370 1909 2530 1946 τινων
2581 1894 2749 1962 ὑγιῶς
2795 1895 3072 1966 γινόμενον
3115 1897 3295 1960 ἄλλοις
3337 1893 3556 1965 ἀφορμὴ
3598 1889 3722 1962 πρὸς

2167 1982 2440 2051 ἁμαρτίαν
2468 1984 2720 2056 ὑπάρχει.
2933 1987 3134 2042 Τούτου
3173 1988 3359 2041 ἕνεκεν
3406 1981 3720 2056 προσετάξα-

2169 2089 2288 2140 μεν,
2326 2075 2579 2145 ἐπόμενοι
2607 2079 2672 2148 τῇ
2714 2077 2940 2148 διαταγῇ
2967 2079 3074 2131 τῶν
3113 2078 3284 2145 ἁγίων
3319 2077 3593 2146 Πατέρων,
3625 2087 3720 2140 χω·

2169 2165 2414 2236 ρισθῆναί
2443 2183 2502 2219 σε
2531 2167 2624 2220 τοῦ
2648 2169 2890 2235 γυναίου.
2927 2169 2992 2220 Τί
3021 2164 3112 2222 οὖν
3132 2167 3384 2236 ἐγκαλεῖς
3401 2164 3476 2234 τῷ
3499 2177 3720 2233 χωρεπι-

2167 2257 2372 2326 σκόπῳ,
2421 2259 2514 2312 καὶ
2547 2261 2781 2323 παλαιᾶς
2811 2259 3009 2330 ἔχθρας
3043 2245 3354 2329 μέμνησαι;
3390 2255 3454 2306 Τί
3495 2253 3550 2306 δὲ
3585 2249 3718 2319 ἡμᾷς

503 2323 597 2391 qui
624 2324 821 2378 adduci
854 2342 962 2380 non
1013 2336 1188 2396 potes,
1221 2337 1279 2383 ut
1317 2345 1346 2384 a
1385 2333 1627 2388 mulieris
1672 2339 2056 2391 consuetudiic

2164 2347 2502 2418 καταμέμφῖὶ
2554 2349 2628 2412 ὡς
2674 2349 2927 2416 εὐκόλους
2966 2349 3136 2406 ἀκοὰς
3165 2347 3390 2422 ἔχοντας
3434 2345 3512 2406 εἰς
3545 2339 3603 2392 τὸ
3629 2337 3717 2399 τὰς

503 2413 770 2468 recedas?
801 2415 946 2486 Ejiee
981 2417 1146 2487 igitur
1175 2418 1319 2473 illaut
1551 2438 1616 2478 ex
1663 2424 1772 2486 tuis
1816 2425 2021 2480 aedibus
2046 2465 2060 2490 ,

500 2511 556 2556 et
586 2504 640 2558 in
675 2507 1007 2562 monasterio
1029 2509 1318 2564 constitue.
1357 2507 1438 2567 Sit
1469 2511 1556 2564 illa
1587 2527 1709 2566 cum
1737 2515 2058 2584 virginibus,

497 2605 552 2649 et
581 2597 722 2664 apud
769 2604 822 2652 te
851 2599 1090 2652 serviant
1121 2599 1254 2666 viri,
1290 2608 1349 2654 ut
1380 2617 1448 2656 ne
1479 2602 1572 2656 Dei
1611 2620 1807 2663 nomen
1845 2617 2061 2677 propter

434 2734 450 2769 ,γ
497 2701 596 2740 vos
626 2686 1048 2757 blasphemetur.
1090 2689 1214 2746 Haec
1241 2691 1410 2747 donec
1438 2691 1653 2759 feceris,
1688 2695 2059 2752 innumerabia

431 2831 434 2834 .
497 2777 568 2830 lia
593 2793 712 2846 quae
743 2795 838 2847 per
863 2781 1120 2850 epistolas
1151 2784 1346 2840 scribis
1380 2785 1514 2839 nihil
1545 2793 1598 2840 te
1635 2788 1928 2856 juvabunt;
1963 2793 2055 2848 sed

417 2910 421 2913 .
497 2869 746 2924 morieris
783 2871 1015 2936 otiosus,
1057 2887 1120 2927 ac
1155 2873 1351 2930 reddes
1386 2875 1616 2930 Domino
1657 2879 1920 2933 rationem
1961 2883 2055 2934 otii

403 2983 426 3044 ί
495 2957 595 3011 tui.
651 2958 808 3024 Quod
865 2963 912 3016 si
974 2978 1142 3018 ausus
1196 2962 1366 3021 fueris
1420 2968 1556 3020 citra
1623 2969 2052 3025 emendationem

495 3050 858 3104 sacerdotium
902 3052 998 3106 tibi
1041 3053 1363 3116 vindicare,
1415 3056 1699 3110 anathema
1749 3058 1857 3112 eris
1911 3062 2056 3114 omni

492 3137 730 3205 populo;
761 3146 815 3192 et
857 3141 951 3210 qui
991 3149 1044 3196 te
1080 3145 1418 3214 receperint,
1462 3145 1916 3200 excommunicati
1963 3162 2058 3216 per
2085 3135 2128 3192 Ο

491 3239 709 3281 omnem
740 3228 1036 3286 Ecclesiam
1058 3245 1237 3288 erunt.

2162 2435 2410 2500 διαϐολὰς
2448 2438 2800 2509 προσίεσθαι;
2861 2437 2974 2492 ἀλλ’
3021 2439 3140 2508 οὐχὶ
3175 2435 3386 2507 σεαυτῷ
3431 2433 3506 2504 μὴ
3549 2431 3714 2497 ἀνεχο-

2165 2525 2309 2595 μένῳ
2489 2527 2787 2596 ἀποστῆναι
2834 2528 2932 2598 τῆς
2979 2529 3114 2598 πρὸς
3171 2528 3274 2598 τὴν
3317 2525 3545 2594 γυναῖκα
3607 2532 3718 2570 συν-

2160 2611 2381 2680 ηθείας;
2421 2613 2684 2670 Ἕκϐαλλε
2720 2615 2894 2674 τοίνυν
2927 2615 3094 2686 αὐτὴν
3136 2615 3242 2668 ἀπὸ
3289 2612 3383 2668 τοῦ
3433 2611 3576 2664 οἴκου
3611 2621 3714 2668 σου,

2163 2703 2253 2755 καὶ
2288 2703 2628 2774 κατάστησον
2669 2705 2836 2775 αὐτὴν
2869 2707 2924 2758 ἐν
2977 2707 3348 2776 μοναστηρίῳ.
3551 2697 3716 2750 Ἔστω

2163 2793 2342 2862 ἐκείνη
2390 2794 2526 2864 μετὰ
2572 2795 2878 2866 παρθένων,
2920 2797 3013 2852 καὶ
3059 2798 3122 2850 σὺ
3179 2793 3456 2869 ὑπηρετοῖ)
3509 2789 3594 2844 ὑπ’
3635 2787 3716 2836 ἀν-

2161 2883 2334 2953 δρῶν,
2385 2886 2470 2938 ἵνα
2505 2885 2578 2956 μὴ
2611 2887 2670 2939 τὸ
2716 2887 2884 2957 ὄνομα
2911 2887 3004 2940 τοῦ
3037 2887 3172 2940 Θεοῦ
3212 2888 3286 2941 δι’
3317 2887 3460 2957 ὑμᾶς
3497 2881 3714 2951 βλασφηο

2165 2976 2347 3044 μῆται.
2388 2978 2530 3042 Ἕως
2563 2977 2608 3030 δ’
2655 2977 2720 3030 ἂν
2749 2977 2918 3032 ταῦτα
2957 2982 3134 3049 ποιῇς,
3168 2982 3222 3032 αἱ
3280 2975 3548 3051 μυριάδες,
3585 2969 3714 3033 ἅπερ

2163 3065 2496 3136 συγγράφεις
2673 3068 2758 3122 διὰ
2806 3069 2914 3121 τῶν
2961 3070 3286 3132 ἐπιστολῶν,
3331 3069 3478 3123 οὐδὲν
3523 3056 3716 3130 ὠφελή·

2166 3154 2316 3205 σουσί
2345 3170 2400 3204 σε
2423 3171 2436 3184 ⁸
2487 3155 2621 3209 ἀλλά
2652 3158 2989 3229 τελευτήσεις
3033 3159 3240 3230 ἀργῶν,
3295 3158 3387 3214 καὶ
3435 3153 3615 3212 δώσεις
3643 3142 3714 3212 τῷ

2162 3243 2352 3319 Κυρίῳ
2377 3243 2534 3314 λόγον
2563 3247 2659 3316 τῆς
2687 3249 2910 3301 σεαυτοῦ
2940 3251 3154 3320 ἀργίας.
3203 3251 3336 3306 Ἐὰν
3362 3250 3416 3304 δὲ
3437 3241 3708 3313 τολμήσῃςθ

495 3314 571 3416 μὴ
609 3316 1036 3416 διορθωσάμενος
1069 3325 1314 3389 σεαυτὸν,
1348 3328 1666 3400 ἀντέχεσθαι
1733 3332 1828 3402 τῆς
1861 3314 2203 3407 ίερωσύνηςί
2243 3335 2489 3410 ἀνάθεμα
2519 3314 2627 3413 ἔσῃ.
2650 3343 2809 3395 παντὶ
2839 3314 3067 3416 τῷ
3134 3347 3228 3401 καὶ
3255 3350 3314 3401 οἱ
3345 3335 3607 3414 δεχόμενοί
3658 3343 3711 3383 σε
3781 3377 3788 3398 ,

491 3407 818 3484 ἐκκηρυκτοι
853 3420 990 3476 κατὰ
1025 3425 1204 3476 πᾶσαν
1247 3425 1570 3496 Ἐκκλησίαν
1597 3429 1933 3498 γενήσονται.

547 3541 749 3623 BALS.
823 3540 1119 3613 Gregorius
1171 3542 1392 3612 quidam
1466 3539 1748 3612 presbyter
1825 3541 2058 3598 habebat

481 3634 776 3706 quamdam
802 3634 1178 3691 mulierculam
1207 3636 1256 3690 ei
1286 3636 1666 3692 inservientem
1707 3653 1720 3688 :
1758 3634 1900 3704 quod
1927 3649 2052 3688 eum

474 3737 700 3784 satietus
731 3727 1109 3793 intellexisset,
1137 3728 1327 3796 petivit
1367 3745 1394 3782 a
1436 3727 1770 3800 presbytero,
1821 3735 1880 3780 ut
1933 3742 2050 3780 mu-

471 3819 660 3876 lierem
694 3821 852 3876 domo
883 3834 979 3876 sua
1019 3820 1333 3890 expelleret.
1366 3821 1417 3874 Is
1440 3835 1568 3876 vero
1597 3820 1662 3874 ad
1709 3819 1857 3874 illum
1886 3821 1952 3872 de
1983 3832 2049 3874 ea

471 3927 532 3966 re
559 3912 794 3986 seipsum
823 3910 1118 3967 defendens
1148 3911 1396 3982 scripsit;
1439 3925 1669 3982 magnus
1699 3924 1914 3979 quoque
1943 3908 2047 3964 Ba-

469 4003 623 4059 silius
651 4003 892 4059 vicissim
923 4003 993 4058 ad
1039 4005 1416 4076 presbyterum
1465 4001 1768 4084 rescripsit.
1815 4001 1912 4057 Est
1951 4017 2049 4056 au-

465 4105 576 4150 tem
607 4095 905 4166 verisimile
930 4089 1305 4166 presbyterum
1331 4095 1385 4148 in
1421 4110 1515 4150 sua
1544 4094 1771 4163 epistola
1801 4101 2047 4150 sanctum

466 4203 714 4259 rogasse,
747 4197 804 4242 ut
828 4187 1042 4244 litteras
1074 4201 1198 4243 eum
1251 4186 1658 4257 longanimitate
1701 4185 1906 4254 legeret
1937 4198 1950 4236 :
1981 4183 2048 4238 ad

465 4298 629 4352 quem
681 4281 964 4352 rescripsit
1009 4279 1196 4338 Pater.
1254 4281 1388 4338 Cum
1445 4282 1590 4337 omni
1637 4279 2049 4350 longanimitate

2242 3542 2436 3596 ΒΛΛΣ.
2476 3540 2773 3612 Γρηγόριός
2801 3559 2881 3606 τις
2917 3539 3297 3612 πρεσϐύτερος
3331 3535 3548 3609 γύναιον
3591 3524 3724 3594 εἶχεν

2166 3633 2476 3705 ὑπηρετοῦν
2541 3631 2690 3703 αὐτῷ
2729 3645 2743 3662 ⁸
2775 3631 2803 3685 ὃ
2838 3631 3026 3700 μαθὼν
3085 3632 3113 3686 ὁ
3174 3631 3340 3699 ἅγιος
3397 3625 3588 3696 auges:
3640 3613 3722 3705 τον

2163 3723 2538 3796 πρεσϐύτερον
2565 3723 2814 3776 ἐκσείσαι
2848 3723 2946 3793 τῆς
2980 3723 3264 3786 κατοικίας
3307 3716 3470 3784 αὐτοῦ
3524 3712 3582 3766 τὸ
3634 3704 3721 3768 γῦ·

2159 3835 2329 3872 ναιον.
2364 3818 2424 3871 '0
2459 3817 2516 3875 δὲ
2548 3816 2754 3886 ἔγραψε
2791 3817 2920 3886 περὶ
2951 3815 3141 3871 τούτου
3193 3814 3338 3886 πρδς
3379 3808 3539 3866 αὐτὸν
3596 3804 3718 3857 ἀποο

2159 3911 2510 3982 λογούμενος,
2543 3913 2639 3966 καὶ
2673 3913 2700 3965 ὁ
2729 3911 2903 3980 μέγας
2939 3908 3222 3972 Βασίλειος
3250 3900 3564 3975 ἀντέγραψε
3597 3889 3720 3962 πρὸς

2153 4005 2246 4058 τὸν
2274 4003 2670 4074 πρεσϐύτερον.
2709 4001 2898 4058 Ἐοικε
2931 4001 2986 4056 δέ
3011 4001 3102 4055 τδν
3162 4000 3541 4071 πρεσϐύτερον
3575 3989 3628 4041 ἐν
3659 3983 3718 4050 τῇ

2153 4095 2412 4166 ἐπιστολῆ
2438 4094 2604 4150 αὑτοῦ
2639 4097 2872 4162 ἀξιῶσαι
2903 4095 3170 4168 τὶνμᾶγιον
3199 4091 3573 4166 μακροθύμως
3600 4083 3720 4137 ἀπ’

2156 4187 2362 4256 γνῶναι
2397 4188 2464 4241 τὰ
2497 4188 2805 4259 γράμματα
2837 4205 2849 4218 ·
2881 4187 3019 4254 πρὸς
3050 4187 3112 4242 ὃν
3171 4181 3518 4257 ἀντέγραψεν
3545 4178 3572 4231 ὁ
3619 4171 3720 4225 Πα-

2153 4279 2278 4350 τὴρ,
2300 4281 2555 4334 ὅτιΜετά
2583 4281 2763 4350 πάσης
2798 4279 3187 4350 μακροθυμίας
3216 4277 3472 4348 ἐνέτυχόν
3503 4285 3594 4324 σου
3619 4261 3720 4320 τοῖς

466 4386 587 4432 tuas
627 4373 835 4430 litteras
861 4375 992 4446 legi,
1027 4383 1080 4430 et
1112 4375 1344 4430 miratus
1374 4387 1492 4427 sum
1526 4371 1690 4441 quod,
1739 4385 1860 4425 cum
1907 4383 2032 4438 pos-

2161 4371 2476 4442 γράμμασι,
2511 4373 2606 4426 καὶ
2659 4371 2950 4442 ἐθαύμασα
2985 4373 3092 4439 ὅτι,
3121 4372 3428 4442 δυνάμενος
3458 4361 3721 4428 συντόμως

463 4483 552 4523 ses
581 4481 676 4538 per
699 4482 786 4523 res
814 4468 1053 4524 breviter
1081 4467 1430 4536 respondere,
1472 4463 1679 4518 scilicet
1717 4476 1814 4532 per
1845 4461 2042 4516 mulie-

461 4560 538 4614 ris
572 4559 1033 4629 amandationem;
1065 4558 1121 4614 in
1151 4557 1237 4622 iis,
1272 4568 1501 4625 quorum
1550 4551 1848 4618 accusaris,
1879 4554 2044 4608 rebus

461 4651 673 4708 scilicet
715 4651 850 4720 ipsis
895 4659 1119 4722 propter
1157 4662 1292 4718 quas
1323 4645 1599 4701 accusatio
1631 4643 1874 4702 instituta
1917 4658 2000 4701 est
2025 4687 2040 4712 ,

377 4805 382 4810 ,
459 4756 822 4812 permaneas;
855 4741 1042 4796 verbis
1071 4747 1250 4793 autem
1275 4746 1327 4791 te
1345 4733 1612 4806 defendis.
1638 4735 1840 4792 Deinde
1870 4736 2001 4793 dicit
2026 4755 2038 4790 :

461 4834 574 4890 Nos
605 4849 703 4890 nec
736 4833 894 4902 primi
930 4845 1030 4886 nec
1059 4826 1506 4894 solistatuimus,
1538 4841 1607 4884 ne
1632 4826 1887 4883 mulieres
1916 4841 2039 4886 cum

463 4928 621 4988 viris,
653 4927 868 4983 scilicet
896 4922 1150 4990 sacratis,
1180 4919 1590 4987 cohabitarent;
1625 4920 1716 4976 sed
1767 4921 1881 4991 lege
1915 4935 2040 4977 can.

461 5038 584 5092 syn.
616 5019 872 5082 Nicatore,
910 5021 1001 5086 qui
1045 5012 1320 5084 prohibuit
1363 5028 1432 5068 ne
1473 5012 1582 5068 sint
1631 5013 2038 5070 introductitiae.

461 5113 571 5167 Eas
598 5119 776 5166 autem
813 5106 1214 5170 introductitias
1245 5103 1482 5175 appellat
1511 5105 1698 5160 tertius
1739 5106 1898 5162 dieue
1946 5120 2038 5178 sy-

459 5201 591 5256 nodi
624 5213 821 5263 canon,
852 5211 972 5264 qua)
1003 5193 1422 5250 introducantur
1449 5193 1502 5248 in
1529 5196 1672 5250 aedes
1703 5205 2037 5255 sacratorum

462 5273 771 5350 hominum,
796 5287 885 5358 qui
920 5302 1118 5365 uxores
1147 5301 1250 5342 non
1283 5289 1572 5351 duxerunt,
1606 5295 1661 5342 et
1687 5301 1808 5342 cum
1838 5287 1920 5343 eis
1949 5302 2040 5344 co-

464 5380 728 5438 habitant.
761 5377 864 5444 Qui
907 5388 1083 5434 autem
1132 5377 1432 5434 caelibatum
1464 5376 1693 5447 professi
1726 5387 1892 5442 sunt,
1927 5379 2042 5432 lau-

388 5463 398 5470 ’
465 5471 624 5536 dem,
660 5471 856 5540 inquit,
887 5470 1000 5526 sire
1031 5471 1100 5526 ob
1135 5467 1546 5535 continentiam,
1584 5467 1809 5538 gloriam
1873 5468 2040 5524 babe-

448 5547 621 5629 bunt,
675 5561 718 5617 si
769 5577 796 5614 a
854 5560 1168 5620 mulieribus
1213 5568 1554 5630 separentur.
1600 5557 1659 5614 Si
1692 5557 1811 5628 quis
1863 5565 2040 5612 autem

464 5651 834 5724 virginitatem
859 5653 1202 5723 proﬁteatur,
1233 5667 1355 5708 cum
1391 5651 1710 5709 mulieribus
1734 5665 1858 5708 vero
1879 5650 2041 5706 coba-

571 5767 588 5800 ⁸
621 5769 775 5825 Rom.
816 5787 922 5824 MV.
963 5772 1040 5823 15.

2154 4462 2600 4532 ἀπολογήσασθαι
2649 4462 2739 4516 διὰ
2770 4463 3140 4535 πραγμάτων,
3167 4465 3340 4536 ἤγουν
3366 4461 3454 4518 διὰ
3478 4454 3569 4513 τοῦ
3597 4451 3718 4504 diro-

2153 4553 2474 4624 πέμψασθαι
2501 4555 2600 4626 τὴν
2647 4556 2904 4622 γυναῖκα,
2927 4558 3038 4619 τοῖς
3089 4557 3187 4624 μὲν
3211 4545 3714 4626 κατηγορουμένοις,

2149 4645 2267 4716 ἦτοι
2292 4648 2403 4709 τοῖς
2427 4647 2750 4718 πράγμασιν
2781 4647 2986 4712 αὐτοῖς,
3013 4649 3079 4704 δι’
3110 4648 3146 4703 ἀ
3179 4649 3214 4718 ἡ
3247 4641 3570 4717 κατηγορίαν
3602 4635 3716 4688 ἐστι’

2152 4739 2354 4807 μένειςο
2373 4739 2461 4792 διὰ
2486 4739 2542 4792 δέ
2571 4739 2716 4810 λόγῳ
2761 4739 3058 4808 ἀπολογίας
3096 4743 3289 4804 ποιεῖς.
3319 4735 3454 4794 Εἶτά
3478 4745 3606 4802 φησι
3637 4723 3712 4776 ὅτι

2149 4828 2287 4892 Uti-cs
2319 4831 2525 4898 πρῶτοι
2553 4830 2677 4889 οὔτε
2705 4832 2855 4902 μόνοι
2878 4834 3038 4903 ἡμεῖς
3057 4832 3341 4902 ὡρίσαμεν
3365 4829 3438 4900 μὴ
3462 4811 3712 4878 συνοικεῖν

2145 4921 2424 4998 ἀνδρᾴσιν,
2481 4923 2799 4994 ίερωμένοις
2845 4924 3064 4994 δηλαδὴ,
3101 4927 3365 4993 γυναῖκας
3387 4936 3403 4953 ⁶
3440 4907 3554 4970 ἀλλ’
3593 4903 3712 4998 ἀντί’

2146 4993 2312 5082 γνωθι
2338 5017 2426 5068 τὸν
2461 4993 2660 5070 κανόνα
2689 5017 2790 5085 τῆς
2819 5017 2878 5070 ἐν
2898 4993 3110 5088 γΝικαία
3140 5016 3378 5074 συνόδου,
3421 5010 3480 5072 ὃς
3505 4993 3710 5068 ἀπηγῶ

2153 5124 2311 5176 ρευσε
2345 5108 2732 5172 συνεισάκτους
2769 5107 2844 5179 μὴ
2869 5103 3033 5170 εῖναι.
3069 5107 3464 5169 Συνεισάκτους
3492 5096 3547 5158 δὲ
3573 5091 3708 5179 λέγει

2145 5201 2174 5250 ὀ
2197 5198 2395 5263 κανὼν,
2421 5198 2478 5260 ὃς
2502 5199 2683 5269 τρίτος
2698 5177 2814 5253 ἐστὶ
2832 5177 2934 5269 τῆς
2953 5198 3250 5270 εἰρημένης
3267 5193 3508 5254 συνόδου,
3527 5183 3620 5242 τὰς
3637 5177 3708 5270 εἷς

2145 5291 2430 5353 κατοικίας
2470 5265 2786 5362 ἱερωμένων
2839 5265 3566 5356 ἀξύγωνμσυνεισαγομένας
3619 5265 3705 5324 καὶ

2147 5381 2508 5446 κατοικούσας
2538 5385 2635 5436 σὺν
2666 5383 2872 5446 αὐτοῖς.
2906 5383 2969 5436 Οἱ
2993 5381 3048 5436 δὲ
3075 5379 3530 5452 ἐπαγγειλάμενοι
3574 5365 3704 5428 ἀγα·

2149 5475 2277 5543 μίαν
2300 5474 2504 5545 ἔχουσι,
2548 5473 2683 5545 φησὶ
2709 5475 2772 5528 τὸ
2810 5473 3028 5544 σεμνὸν,
3059 5474 3230 5544 ἤγουν
3269 5471 3328 5525 τὸ
3373 5464 3466 5522 ἐπὶ
3503 5465 3701 5545 σωφξΫ

2147 5537 2284 5635 enim
2305 5537 2628 5634 iaC-unoeth
2662 5563 2739 5636 τῷ
2764 5537 3232 5636 κεχωρίσθαίτάπδ
3252 5552 3544 5632 γυναικῶν.
3585 5537 3701 5642 ’ΞάῨ

2147 5654 2203 5709 δέ
2225 5630 2308 5718 τίς
2334 5630 3078 5729 ἐπάγγέληταιίπαρθενείαν,
3119 5630 3342 5725 συνοικῇ
3366 5647 3420 5702 δὲ
3446 5630 3696 5714 γυναιξὶν,
