4008 6430
3571 208 3585 237 ι

406 336 511 397 8⁵25
1007 340 1089 398 ΙΝ
1134 339 1371 400 EPlST.
1414 339 1471 400 S.
1518 340 1799 399 BASlLll
1834 342 1932 403 AD
1973 342 2439 411 GREGORIUM
2473 351 3051 413 I’RESBYTERUM.
3561 354 3668 417 826

408 446 579 516 δνομα
630 448 788 516 μόνον
822 448 957 520 ἔχει,
1006 453 1066 504 οὐ
1100 455 1206 522 μὴν
1270 455 1360 506 και
1422 453 1553 507 αὐτὸ
1607 455 1666 506 τι
1728 459 1981 526 πρᾶγμα,

2132 469 2243 530 .‘tet,
2267 470 2426 523 habt-1
2455 471 2629 523 Solum
2665 486 2882 533 nomen,
2909 486 3009 522 non
3043 478 3216 521 autem
3249 478 3297 520 et
3333 484 3440 520 rem
3473 469 3661 535 ipsam.
3708 478 3711 486 ‘

418 538 575 592 Ἐπεὶ
603 533 716 604 οὖν,
745 542 900 612 φησὶ,
935 542 1115 611 λέγεις
1153 544 1337 597 ἐλεύθε
1350 561 1439 615 ρος
1465 540 1604 598 εἶναι
1649 546 1850 610 παντὸς
1880 564 1987 601 σω-

2098 561 2276 633 143⁶
2307 561 2441 628 Quia
2471 576 2618 630 ergo,
2674 563 2868 631 inquit,
2917 562 3049 615 dicis
3090 570 3140 613 te
3193 576 3314 615 esse
3344 533 3570 614 liberum
3602 560 3668 610 ah

413 630 644 723 ματικοῦ
675 632 905 701 πάθους,
940 635 1046 689 ἔδει
1086 654 1145 688 σε
1179 637 1266 690 διά
1293 637 1454 699 τοῦτο
1493 637 1697 707 μᾶλλον
1757 638 1988 692 ἀκολού-

2094 654 2240 707 omni
2277 655 2684 722 perturbatione
2716 654 3008 723 corporali,
3046 668 3109 706 eo
3158 661 3209 706 te
3264 653 3434 721 magis
3484 660 3668 719 postn—

409 722 519 784 θως
551 723 895 792 ὑποταγῆναι
930 727 994 795 τῇ
1027 724 1249 790 ἀξιώσει
1280 727 1310 794 ἡ
1322 726 1456 794 μῶν,
1516 728 1610 780 καὶ
1657 728 1991 797 ἀποπέμψα-

2095 745 2277 798 lationi
2310 754 2510 799 nostra:
2540 746 2862 827 submittere
2909 748 3309 811 consequenter
3362 742 3663 808 oportebat.

412 812 535 865 σθαι
562 812 625 865 τδ
652 812 895 877 γύναιον.
940 816 1052 868 Οὐκ
1087 812 1210 869 εἷπε
1245 820 1311 888 τῇ
1341 817 1587 870 κελεύσει
1634 819 1666 889 ἢ
1714 823 1780 890 τῇ
1820 837 1989 889 προσ-

2092 845 2144 891 ct
2167 838 2537 903 mulierculam
2578 812 2876 892 dimittere.
2925 836 3042 891 Non
3077 838 3212 890 dixit
3253 844 3456 901 autem,
3487 834 3662 900 jussiui

407 904 584 970 τάξει,
618 904 842 978 enim
868 907 1087 974 ἀξιώσει
1127 909 1216 961 διὰ
1247 909 1738 980 μετριοφροσύνην.
1772 912 1846 964 Οὐ
1880 913 1988 980 γὰρ

2093 931 2174 982 vel
2227 931 2500 995 mandato,
2557 931 2649 985 sed
2705 930 3076 1001 postulationi,
3139 929 3416 982 modestia:
3479 942 3662 980 causa.

409 997 481 1060 ὡς
510 997 775 1065 ἐμπαθῶς
802 1016 917 1063 σου,
950 1000 1107 1068 φησι,
1136 1003 1351 1069 ἔχοντος
1377 1002 1513 1071 πρὸς
1534 1003 1593 1055 τὸ
1627 1003 1869 1068 γύναιον,
1896 1005 1987 1056 καὶ

2092 1022 2207 1077 Non
2258 1022 2425 1088 enim,
2463 1031 2719 1091 tauquam
2752 1024 2803 1075 in
2842 1019 3217 1075 mulierculam
3276 1016 3538 1071 amatorie
3585 1015 3666 1067 af-

406 1088 494 1142 διὰ
521 1089 723 1159 πρᾶξιν
753 1090 953 1145 ἄτοπον
988 1091 1272 1163 ὡρίσαμεν
1301 1094 1559 1147 ἐκϐαλεῖν
1584 1095 1735 1148 αὐτό.
1773 1096 1847 1147 Οὐ
1876 1095 1986 1166 γὰρ

2092 1116 2262 1169 fectus
2291 1116 2386 1179 sis,
2418 1113 2615 1183 inquit,
2649 1123 2702 1168 et
2734 1123 2954 1183 propter
2988 1122 3199 1179 turpem
3260 1110 3525 1163 actionem
3561 1107 3659 1158 do-

408 1184 497 1236 τὸν
528 1183 905 1253 ἑῦδομήκοντα
935 1185 1178 1256 ζήσαντα
1194 1191 1418 1257 χρόνους
1441 1189 1682 1242 πιστεύω
1718 1189 1985 1257 ἐμπαθῶς

2090 1209 2364 1261 crevimus
2395 1221 2514 1260 eam
2541 1205 2899 1274 ejiciendum;
2957 1218 3054 1257 ncc
3097 1202 3260 1256 credo
3312 1210 3668 1269 Septuageua-

412 1278 683 1329 συνοικεῖν
715 1277 969 1345 γυναικίσ
1005 1279 1141 1333 ἀλλὰ
1170 1281 1259 1333 διὰ
1287 1281 1348 1334 τὸ
1373 1284 1662 1353 εἰρημένον
1713 1282 1789 1350 τῷ
1829 1283 1986 1335 Ἀπο-

2092 1301 2230 1354 rium
2253 1301 2519 1352 amatorie
2547 1297 2801 1352 allectum
2833 1312 2957 1351 cum
3010 1294 3238 1349 muliere
3302 1292 3620 1346 cohabitare
3651 1309 3662 1342 :

409 1359 704 1459 01.5.1?th
751 1369 827 1459 μὴ
890 1369 1099 1459 τιθέναι
1169 1372 1505 1443 πρόσκομμα
1563 1373 1638 1442 τῷ
1686 1372 1900 1443 ἀδελφῷ
1952 1373 1983 1444 ἥ

2090 1390 2181 1443 sed
2210 1398 2432 1459 prepler
2468 1388 2541 1450 id,
2580 1387 2721 1456 quod
2751 1386 2819 1440 ab
2847 1384 3103 1455 Apostolo
3148 1383 3349 1437 dictum
3377 1388 3500 1447 est;
3561 1394 3665 1432 nou

392 1454 723 1515 σκάνδαλον.
762 1457 836 1510 Τὸ
870 1458 978 1529 γὰρ
1042 1462 1173 1533 παρ’
1224 1462 1400 1517 ἄλλων
1466 1464 1687 1528 ἀπαθῶς
1747 1464 1975 1535 ἢὰγίως

2089 1495 2218 1534 esse
2249 1478 2401 1532 fratri
2459 1478 2691 1533 dandum
2753 1475 3138 1531 olleudiculum
3205 1472 3285 1527 vel
3326 1471 3664 1527 scandalum.

405 1546 695 1641 γινόμενον
727 1548 909 1612 ἄλλοις
939 1551 1216 1622 πρόφασις
1278 1554 1433 1610 ἔσται
1488 1555 1627 1627 πρὶς
1685 1556 1981 1626 ἁμαρτίαν.

2089 1570 2240 1641 Quod
2276 1569 2420 1623 enim
2468 1570 2536 1624 ab
2572 1570 2692 1623 aliis
2744 1585 2877 1623 sane
2912 1569 2991 1630 iit,
3022 1577 3075 1621 et
3106 1567 3310 1634 absque
3352 1564 3459 1619 ulla
3501 1562 3665 1616 animi

405 1635 765 1734 Συμὲνῌγάρ,
796 1641 985 1734 φησιν,
1024 1644 1155 1706 ἴσως
1179 1644 1406 1707 ἀπαθῶς
1466 1649 1739 1710 συνοικεῖς
1771 1646 1846 1716 τῷ
1894 1664 1985 1714 γυ-

2089 1665 2519 1734 perturbatione,
2551 1669 2655 1720 crit
2683 1663 2805 1718 aliis
2834 1661 3039 1730 peccati
3075 1661 3309 1716 occasio.
3366 1658 3445 1713 Tu
3500 1659 3664 1722 enim,

402 1726 568 1829 valle:
605 1728 799 1829 ἔτερος
822 1732 901 1798 δὲ,
956 1736 1263 1806 ὑπόδειγμα
1298 1737 1481 1792 λαϐὼν
1529 1757 1612 1802 σε,
1670 1742 1982 1809 συνοικήσει

2091 1759 2285 1829 inquit,
2332 1744 2570 1813 fortasse
2602 1773 2721 1810 cum
2763 1754 3017 1817 muliere,
3068 1765 3408 1820 nequaquam
3458 1750 3511 1803 in
3549 1763 3664 1802 eam

402 1816 615 1915 γυναίῳ
642 1820 743 1875 οὐκ
777 1822 1026 1889 ἀπαθῶς,
1055 1825 1088 1894 ἢ
1136 1827 1227 1881 καὶ
1258 1828 1403 1882 κατά
1437 1828 1532 1881 σοῦ
1587 1829 1741 1898 σχοίη
1772 1828 1980 1898 ὑπολή-

2086 1850 2334 1915 all‘ectus,
2401 1848 2680 1905 cohabitas
2724 1865 2738 1900 ι
2779 1847 2918 1900 alius
2965 1858 3096 1899 vero
3156 1852 3306 1896 tuum
3362 1839 3663 1907 exemplum

401 1908 525 1979 ψεις
549 1912 648 1964 οὐκ
672 1913 908 1982 ἀγαθὰς,
941 1917 1037 1969 καὶ
1068 1916 1229 1987 ἔσται
1272 1920 1429 1975 τοῦτο
1477 1923 1556 1983 εἰς
1613 1921 1842 1990 ἀτιμίαν
1884 1923 1983 1991 τῆς

2085 1952 2301 1999 secutus
2326 1958 2446 1997 cum
2474 1939 2703 1995 muliere
2732 1937 3088 1997 cohabitabit.
3123 1951 3229 1988 non
3264 1934 3381 1988 siue
3405 1931 3663 1986 amatoria

402 2001 711 2103 Esposdvqc.
742 2005 808 2058 Τί
836 2004 930 2061 οὖν
960 2009 1213 2077 ἐγκαλεῖς
1242 2011 1320 2082 τῷ
1353 2014 1760 2084 χωρεπισκόπῳ
1786 2033 1799 2081 ;
1836 2014 1984 2068 Ἐοι-

2087 2036 2249 2090 animi
2282 2034 2723 2103 perturbatione;
2755 2031 2838 2085 vel
2880 2046 2986 2084 non
3020 2030 3216 2082 bonam
3249 2028 3314 2080 de
3370 2035 3423 2079 te
3477 2023 3669 2077 existi-

401 2109 497 2146 κεν
526 2089 621 2149 οὖν
649 2099 801 2167 παρὰ
822 2098 915 2151 τοῦ
949 2105 1370 2172 χωρεπισκόπου
1403 2108 1706 2177 μηνυθῆνσιι
1732 2126 1808 2180 τῳ
1844 2110 1983 2179 ἁγίῳ

2088 2125 2376 2179 mationem
2408 2123 2649 2187 habebit,
2682 2132 2735 2174 et
2767 2123 2872 2175 crit
2912 2121 3015 2173 hoc
3046 2118 3097 2172 iu
3146 2114 3439 2171 sacerdotii
3503 2113 3667 2166 dedc-

399 2185 468 2283 τὰ
510 2187 647 2283 περι
673 2188 767 2242 τοῦ
802 2190 1142 2246 ἐπεισάκτου
1172 2195 1417 2262 γυναίου.
1453 2196 1519 2250 Τί
1544 2196 1599 2250 δὲ
1632 2198 1778 2250 αίτία
1815 2199 1982 2269 ἡμᾶς.

2087 2232 2202 2271 rus.
2236 2216 2374 2282 Quid
2403 2230 2531 2283 ergo
2572 2213 3022 2281 chorepiscopum
3087 2207 3351 2263 accusas?
3389 2205 3480 2259 Est
3536 2218 3667 2273 ergo

399 2277 745 2375 ὠςῌεύκόλως
769 2285 869 2375 τὰς
899 2284 1155 2348 διαϐολὰς
1210 2287 1699 2359 προσδεχομένους,
1728 2289 1824 2343 καὶ
1861 2290 1982 2360 οὐχὶ

2088 2308 2405 2371 verisimile,
2465 2307 2916 2375 chorcpiscopum
2996 2303 3062 2356 de
3127 2296 3494 2356 introductitia
3552 2312 3666 2348 mu-

404 2370 607 2465 μᾶλλον
638 2374 850 2440 ἑαυτὸν,
898 2374 972 2444 μὴ
1011 2377 1341 2448 ἀνεχόμενον
1375 2381 1680 2450 ἀποστῆναι
1732 2382 1831 2452 τῆς
1886 2400 1982 2451 γυο

2087 2399 2308 2454 liercula
2337 2407 2528 2454 sancto
2577 2397 2868 2451 indicasse.
2924 2392 3063 2465 Quid
3103 2405 3233 2461 ergo
3284 2404 3381 2443 nos
3415 2399 3662 2447 accusas,

399 2461 626 2529 ναικό;;
666 2465 1024 2537 Κατάστησον
1063 2466 1189 2532 οὖν,
1244 2471 1430 2538 φησὶν,
1489 2472 1659 2540 αὐτὴν
1722 2476 1779 2527 ὲν
1821 2466 1980 2546 μονῇ,

2091 2502 2343 2560 tauquam
2369 2490 2461 2559 qui
2510 2490 2809 2543 calumnias
2843 2485 3002 2540 facile
3033 2483 3410 2542 admittamus,
3446 2487 3500 2532 et
3559 2493 3664 2532 non

404 2556 470 2605 σὺ
503 2554 778 2626 ὑπηρετοῦ
812 2560 965 2628 παρά
998 2561 1207 2632 ἀνδρῶν
1249 2562 1393 2626 Ἕως
1424 2562 1492 2617 ἂν
1521 2565 1697 2618 ταῦτα
1728 2567 1982 2637 ποιήσῃς,

2088 2584 2270 2653 potius
2303 2582 2558 2649 teipsum,
2592 2579 2710 2650 qui,
2754 2586 2808 2630 ul
2840 2591 2868 2629 a
2931 2575 3156 2629 muliere
3221 2570 3512 2641 scpareris,
3561 2586 3664 2621 non

404 2647 442 2719 ἃ
471 2650 729 2744 γράφεις,
754 2652 928 2707 πολλὰ
955 2653 1104 2719 ὄντα,
1137 2655 1290 2709 οὐδὲν
1318 2656 1666 2728 ὠφελήσουσι
1710 2676 1789 2725 σε,
1850 2659 1986 2712 ἀλλά

2088 2676 2271 2744 possis
2295 2675 2346 2726 in
2382 2673 2645 2727 animum
2677 2669 2974 2725 inducere?
3010 2667 3201 2721 Statue
3252 2678 3407 2733 ergo,
3466 2662 3662 2730 inquit,

407 2740 758 2813 τελευτήσεις
815 2745 1026 2813 ἀργῶν,
1076 2749 1197 2800 ἀντὶ
1226 2747 1318 2800 τοῦ
1352 2748 1456 2812 ἓως
1481 2750 1672 2815 τέλους
1708 2750 1808 2819 τῆς
1835 2750 1985 2820 ζωῆς

2087 2781 2205 2820 eam
2254 2766 2306 2819 in
2358 2762 2708 2827 monasterio,
2742 2771 2795 2816 et
2849 2760 2942 2829 tibi
2972 2758 3071 2812 viri
3119 2756 3446 2810 ministrent.
3480 2753 3664 2819 Quam

409 2850 504 2884 σου
537 2834 636 2888 οὒκ
663 2836 981 2906 ἐνεργήσεις
1009 2836 1084 2900 ὡς
1119 2839 1319 2907 ἱερεὺς,
1339 2839 1727 2908 ἀφωρισμένος
1754 2840 1850 2906 ὢν,
1892 2841 1985 2895 καὶ

2088 2856 2175 2909 diu
2215 2858 2327 2909 ha-c
2362 2855 2516 2919 lacis,
2553 2853 2738 2915 multa,
2773 2867 2894 2921 quae
2963 2849 3182 2911 scribis,
3245 2845 3379 2898 nihil
3429 2853 3480 2898 te
3510 2842 3668 2909 juva-

408 2923 605 2988 δώσεις
639 2925 798 2993 λόγον
825 2926 902 2997 τῷ
935 2927 1125 2998 Κυρίῳ
1154 2929 1253 2997 τῆς
1290 2928 1485 2982 ἑαυτοῦ
1528 2931 1775 3001 ἀργείας,
1813 2931 1889 2994 ὼς
1928 2931 1989 2996 ἐξ

2088 2950 2260 3012 bunt;
2299 2949 2390 3002 scd
2422 2949 2629 3000 otiosus
2665 2945 2936 3008 morieris,
2973 2941 3023 2996 id
3055 2949 3157 3005 est,
3200 2952 3370 3007 usque
3403 2936 3466 2990 ad
3504 2936 3663 2989 linem

406 3021 587 3085 αἰτίας
616 3039 710 3076 σου
736 3023 940 3094 ταύτης
972 3041 1055 3079 σοι
1079 3026 1551 3097 ἐπενηνεγμένης.
1610 3027 1736 3080 Ἐὰν
1798 3027 1858 3081 δὲ
1911 3029 1985 3099 μὴ

2090 3041 2215 3094 vitae
2254 3056 2362 3093 nun
2397 3038 2711 3104 operaberis
2768 3047 2828 3090 ut
2880 3035 3158 3098 sacerdos,
3203 3045 3324 3086 cum
3361 3029 3436 3084 sis
3485 3042 3666 3096 segre-

405 3114 845 3186 διορθωσάμενος
871 3117 1155 3189 τολμήσῃς
1213 3118 1544 3190 ἱερουργεῖν,
1577 3121 1830 3192 ἀνάθεμα
1860 3106 1983 3194 ἔσῃ,

2091 3142 2271 3201 gatus,
2322 3142 2371 3185 ct
2401 3131 2620 3185 doutiuo
2658 3118 2918 3183 rationem
2955 3126 3031 3181 tui
3064 3124 3160 3177 otii
3198 3120 3410 3183 reddes,
3477 3127 3666 3188 utpote

406 3179 502 3260 καῖ
528 3208 576 3260 oi
603 3179 882 3278 δενόμενοί
908 3179 984 3260 σε.
1002 3179 1391 3280 ἱερόυργοθντα
1412 3179 1618 3282 ’πάσης
1659 3179 1987 3285 όμήγύρειιςς

2091 3179 2270 3201 ινα-πη
2325 3179 2371 3185 ν-
2405 3179 2614 3185 η-τ-η-η-
2960 3179 2972 3181 -
3399 3179 3409 3183 -
3542 3179 3553 3188 .

2094 3225 2240 3293 quod
2277 3224 2371 3276 tibi
2425 3240 2490 3278 ex
2555 3226 2651 3276 hac
2701 3231 2792 3275 tua
2854 3233 3019 3274 causa
3070 3217 3376 3286 iniunctum
3423 3213 3511 3266 sit.
3548 3208 3664 3263 ’δίει

406 3298 613 3353 πιστῶν
668 3303 1202 3373 ἐκκηρυχθήσονται.
1278 3303 1579 3373 Ἀνάγνωθι
1629 3306 1726 3358 καὶ
1784 3307 1884 3374 τῆς
1924 3307 1984 3358 ὲν

2092 3328 2270 3371 autem
2317 3331 2420 3367 non
2451 3325 2731 3368 correctus
2768 3310 3077 3366 sacriﬁcare
3126 3322 3289 3363 ausus
3346 3305 3533 3367 fueris,
3562 3306 3668 3357 etis

419 3391 720 3463 Ἀντιοχείᾳ
744 3393 962 3447 συνόδου
988 3393 1192 3448 κανόνα
1207 3392 1267 3457 δ’,
1297 3395 1391 3449 καὶ
1413 3395 1514 3466 τῆς
1532 3398 1591 3450 ὲν
1638 3396 1717 3466 τῷ
1732 3397 1986 3468 Τρούλλῳ

2092 3411 2403 3471 anathema,
2436 3416 2487 3459 ct.
2538 3407 2627 3473 qui
2686 3417 2736 3459 te
2790 3396 3190 3459 sacriﬁcantem
3238 3397 3563 3466 suscipiunt,
3600 3398 3668 3451 ab

408 3486 613 3538 κανόνα
647 3491 710 3548 ε’,
750 3487 844 3538 καὶ
894 3487 993 3555 τῆς
1041 3487 1098 3539 ὲν
1145 3485 1351 3556 Νικαίᾳ
1396 3486 1626 3558 πρώτης
1679 3489 1881 3542 κανόνα
1915 3487 1984 3556 γ’δ

2093 3500 2240 3555 omni
2317 3497 2550 3550 ﬁdelium
2616 3500 2764 3550 'cmtu
2833 3492 3254 3549 abdicab’untur.
3308 3489 3447 3559 Lege
3500 3488 3665 3542 etiam

407 3576 519 3632 Καὶ
549 3574 718 3630 ταῦτα
745 3577 846 3645 μὲν
865 3575 1064 3641 οὕτως.
1114 3579 1266 3632 Ἐπεὶ
1297 3578 1354 3632 δέ
1389 3595 1554 3642 τινες,
1594 3578 1870 3650 χρώμενοι
1911 3581 1990 3652 τῷ

2093 3578 2212 3657 syu.
2246 3584 2501 3638 Autimh.
2545 3598 2666 3636 can.
2704 3584 2810 3636 tet
2840 3598 2962 3651 syu.
2998 3581 3052 3634 in
3110 3579 3294 3633 Trullo
3345 3593 3468 3632 can.
3528 3576 3561 3630 5
3611 3578 3668 3623 cl

410 3668 575 3739 τρίτῳ
607 3670 796 3723 κανόνι
822 3673 921 3741 τῆς
959 3668 1008 3724 α’
1052 3672 1269 3724 συνόδου
1324 3669 1420 3726 καλ⁵
1474 3673 1588 3735 τοῖς
1631 3672 1843 3743 ῥήμασι
1890 3674 1990 3744 τῆς

2095 3677 2325 3732 Nicaeum
2354 3677 2542 3744 primae
2579 3690 2697 3728 can.
2737 3675 2787 3727 ὅ.
2841 3674 2903 3727 Et
2937 3674 3053 3727 hmc
3108 3666 3330 3740 quidem
3358 3669 3439 3726 sic
3480 3683 3537 3722 se
3573 3668 3668 3721 ha-

409 3758 694 3829 παρούσης
717 3761 1032 3830 ἐπιστολῆς,
1067 3761 1280 3815 θέλουσι
1310 3762 1387 3834 μὴ
1414 3763 1683 3817 συνοικεῖν
1710 3762 1840 3825 τοὺς
1866 3764 1989 3825 em-

2093 3769 2244 3825 bent.
2276 3766 2382 3823 Sed
2413 3767 2540 3837 quia
2571 3764 2814 3820 nonnulli
2866 3764 3083 3819 tertium
3113 3765 3303 3832 primm
3351 3762 3536 3832 synodi
3573 3775 3665 3812 ca-

413 3854 647 3917 σκόπους
681 3853 776 3907 καὶ
826 3855 957 3918 τοὺς
991 3854 1292 3925 κληρικοὺς
1329 3857 1473 3926 μετὰ
1505 3854 1613 3909 τῶν
1650 3856 1991 3926 συγγενικῶν

2094 3872 2292 3913 nonem
2322 3855 2630 3920 aﬂ‘ereutes,
2664 3866 2717 3911 et
2746 3854 2907 3909 verba
2941 3853 3104 3923 hujus
3154 3851 3422 3921 epistol-.9,
3475 3850 3665 3905 volunt

411 3944 592 3997 αὐτῶν
667 3946 993 4000 ἀνυπόπτων
1080 3945 1417 4017 προσώπων,
1473 3948 1709 4018 ἑχόντων
1792 3948 1992 4017 γύναια

2093 3951 2378 4021 episcopos
2406 3959 2457 4003 ct
2487 3948 2739 4011 clericos,
2771 3960 2894 4000 cum
2948 3946 3062 3999 suis
3094 3944 3339 4012 cognatis
3363 3942 3612 4013 personi;
3642 3956 3671 3992 ιι

411 4035 746 4107 ὑπουργικά,
794 4037 1046 4106 λέγοντες
1096 4037 1540 4109 περιγράφεσθαι
1578 4040 1706 4103 τοὺς
1736 4041 1991 4109 κανόνας,

2096 4043 2402 4112 suspicione
2427 4040 2638 4106 alienis,
2671 4053 2787 4109 quae
2816 4038 3019 4093 habent
3047 4037 3301 4091 mulieres
3336 4035 3439 4091 sibi
3485 4036 3670 4090 deser-

413 4127 508 4183 ἐὰν
539 4130 593 4182 δὲ
625 4129 701 4199 τῷ
750 4128 978 4201 ὀνόματι
1033 4131 1130 4200 τῆς
1182 4131 1493 4185 ἀνυπόπτου
1552 4131 1891 4204 προσγενοῢς
1942 4136 1993 4187 οἱ

2095 4137 2324 4200 vientcs,
2380 4149 2486 4189 non
2545 4132 2903 4199 cohabitare,
2985 4131 3229 4186 dicentes
3299 4126 3668 4184 circumscribi

416 4224 708 4294 ίερωμένοι
734 4226 860 4285 τοὺς
902 4223 1132 4287 πιστοὺς
1161 4225 1579 4289 σκανδαλίζουσι
1611 4225 1697 4279 διὰ
1729 4226 1831 4297 τῆς
1857 4226 1994 4297 μετὰ

2097 4240 2358 4291 canones,
2389 4226 2431 4281 si
2461 4224 2561 4281 sub
2588 4225 2811 4279 nomine
2851 4230 3094 4291 cognatae
3126 4235 3234 4275 non
3271 4226 3558 4285 suspectae,
3607 4215 3668 4279 ii,

413 4317 522 4368 τῶν
557 4314 764 4377 λοιπῶν
798 4316 1035 4383 γυναίων
1064 4316 1456 4386 συνοικήσεως,
1490 4316 1672 4385 φαμὲν
1704 4318 1787 4370 ὅτι
1820 4320 1867 4371 οἱ
1895 4320 1994 4388 μὲν

2099 4319 2190 4389 qui
2225 4325 2351 4374 sunt
2382 4314 2820 4379 sacrati,.iideles
2849 4313 3124 4369 oﬂ‘endant
3152 4327 3249 4383 per
3306 4307 3671 4366 cohabitatio-

414 4408 707 4463 ἐπίσκοποι
769 4407 877 4461 ἀπὸ
962 4399 1083 4477 τῆς
1123 4402 1559 4464 ’ῐουστίνιανείου
1610 4410 1855 4483 Νεαρᾶς,
1897 4414 1996 4483 τῆς

2101 4427 2227 4468 nem
2271 4426 2391 4466 cum
2431 4410 2552 4464 aliis
2576 4409 2920 4471 mulieribus,
2953 4405 3204 4471 dicimus,
3231 4401 3375 4473 quod
3430 4399 3669 4469 episcopi

416 4502 550 4572 παρ’
587 4501 744 4572 ἡμῶν
773 4503 1269 4575 καταστρωθείσης
1301 4506 1381 4568 εἰς
1423 4503 1525 4572 τὴν
1576 4504 1877 4575 ἑρμηνείαν
1896 4506 1991 4558 τοῦ

2098 4505 2313 4575 quidem
2340 4517 2366 4554 a
2399 4501 2684 4556 Iustiniani
2713 4499 2953 4561 Novella,
2988 4512 3106 4565 qum
3133 4511 3163 4550 a
3208 4494 3361 4548 uobis
3379 4492 3482 4547 sita
3512 4501 3593 4544 est
3618 4492 3670 4543 in

415 4592 463 4661 γ’
500 4592 726 4656 κανόνος
782 4593 882 4662 τῆς
925 4597 971 4646 α’
1023 4592 1267 4660 συνόδου,
1351 4592 1653 4648 κωλύονται
1725 4598 1996 4649 συνοικεῖν

2101 4595 2554 4664 interpretatione
2581 4592 2726 4647 tertii
2794 4589 3023 4646 canonis
3078 4587 3267 4657 primm
3311 4585 3501 4654 synodi
3545 4598 3675 4652 pro-

416 4686 685 4758 οἱᾳδήτινι
740 4684 1001 4753 γυναικίο
1034 4684 1161 4747 τοὺς
1197 4684 1254 4738 δὲ
1294 4685 1600 4755 κληρικοὺς
1652 4685 1847 4755 ἤθελον
1898 4687 1997 4756 μὲν

2100 4687 2495 4742 hibenturcum
2523 4684 2714 4752 quavis
2774 4682 3001 4735 muliere
3042 4677 3381 4733 cohabitare.
3432 4675 3676 4729 Clericos

418 4782 512 4832 καὶ
540 4779 738 4841 αὐτοὺς
771 4776 1126 4846 ἀγιοπρεπῶς
1170 4777 1294 4848 ζῇν,
1348 4777 1445 4831 καὶ
1496 4778 1639 4831 πάνυ
1693 4778 1997 4849 ἀπέχεσθαι

2101 4789 2278 4835 autem
2311 4775 2504 4832 vellem
2552 4774 2769 4841 quidem
2813 4783 2866 4825 et
2906 4772 3054 4838 ipsos
3109 4775 3296 4824 sancte
3358 4767 3561 4827 vivere,
3622 4779 3678 4818 et

417 4874 514 4939 τῆς
544 4870 686 4942 μετά
707 4870 985 4939 γυναικῶν
1015 4868 1376 4938 οίωνδήτινων
1407 4870 1793 4940 συνοικήσεως.
1846 4870 1913 4924 Εἰ
1942 4869 2000 4923 δὲ

2101 4869 2320 4924 omnino
2354 4865 2726 4921 abstinere‘ab
2761 4862 3099 4917 habitatione
3122 4874 3243 4915 cum
3299 4857 3427 4911 ullis
3483 4856 3673 4909 mulie-

417 4965 577 5018 τοῦτο
599 4964 658 5016 οὐ
683 4963 962 5027 δύνανται,
990 4955 1162 5023 οὗτοι,
1188 4958 1264 5023 ὡς
1306 4961 1435 5030 ἐμοὶ
1465 4961 1640 5029 δοκεῖ,
1699 4961 1998 5026 ἀκινδύνως

2105 4963 2272 5014 ribus.
2318 4957 2415 5012 Sin
2461 4967 2640 5012 autem
2676 4955 2777 5009 hoc
2817 4969 2923 5009 non
2962 4962 3207 5021 possunt,
3258 4959 3317 5005 ut
3376 4949 3505 5003 mihi
3558 4950 3678 5016 qui-

422 5055 735 5111 συνοικοῦσι
773 5052 912 5124 μετά
957 5051 1216 5122 μητέρων
1248 5052 1345 5104 καὶ
1379 5052 1628 5122 ἀδελφῶν
1671 5053 1768 5106 καὶ
1796 5054 2000 5106 λοιπῶν

2103 5054 2221 5107 dem
2259 5050 2490 5109 videtur,
2525 5063 2644 5101 cum
2701 5045 2964 5099 matribus
3024 5051 3080 5096 et
3124 5043 3405 5097 sororibus
3449 5047 3506 5093 et
3557 5040 3679 5092 aliis

419 5149 749 5202 ἀνυπόπτων
777 5141 1110 5216 προσώπων,
1147 5141 1249 5195 κᾶν
1284 5142 1450 5213 ἔχωσι
1499 5143 1672 5197 ταῦτα
1730 5145 2002 5213 γυναῖκας

2104 5158 2208 5194 uou
2245 5139 2518 5207 suspectis
2541 5134 2795 5207 personis
2847 5135 3050 5201 absque
3097 5129 3336 5200 periculo
3384 5128 3680 5184 versabun-

425 5241 561 5312 πρὸς
592 5238 898 5308 ὑπηρεσίαν
930 5236 1398 5307 χρησιμευούσας.
1443 5234 1502 5286 τΟ
1520 5235 1628 5304 γὰρ
1653 5235 1826 5304 μέγας
1849 5229 2002 5299 οὗτος

2104 5243 2225 5298 tur;
2256 5230 2469 5286 etiamsi
2494 5246 2573 5285 ea:
2603 5228 2835 5283 habeant
2887 5226 3143 5281 mulieres
3186 5223 3253 5278 ad
3314 5221 3675 5307 ministerimu

423 5333 615 5404 Πατὴρ
641 5331 699 5383 τὸ
717 5329 1145 5383 ἀσκανδάλιστον
1194 5326 1304 5379 τῶν
1347 5325 1558 5379 πολλῶν
1613 5327 2002 5397 πραγματευό.

2104 5323 2278 5376 utiles.
2329 5320 2428 5374 llic
2492 5319 2637 5373 enim
2702 5331 2929 5387 magnus
2994 5313 3156 5368 Pater
3210 5312 3314 5367 hoc
3371 5326 3560 5382 agens,
3623 5318 3679 5363 ttt

427 5402 609 5494 μενος,
641 5422 936 5494 διωρίσατο
970 5408 1382 5491 μετοικισθῆναι
1416 5419 1526 5472 ἀπὸ
1559 5419 1654 5472 τοῦ
1687 5420 1997 5490 Γρηγορίου

2104 5413 2396 5469 multorum
2425 5408 2812 5465 olleudiculum
2855 5406 3096 5471 tollatur,
3148 5403 3341 5459 statuit
3391 5402 3678 5458 muliercu-

423 5517 483 5570 τὸ
504 5516 752 5584 γύναιον,
779 5512 880 5564 οὐκ
911 5509 1178 5581 ὁροθετῶν
1208 5507 1270 5559 τὸ
1300 5507 1375 5578 μὴ
1423 5509 1697 5560 συνοικεῖν
1728 5508 1820 5560 τὸν
1852 5509 2002 5579 ἱερω-

2106 5509 2211 5561 lam
2240 5522 2266 5557 a
2298 5504 2561 5572 Gregorio
2599 5502 2917 5556 discedere:
2985 5512 3093 5551 uon
3149 5496 3450 5551 decernens
3496 5507 3681 5547 sacra-

428 5609 587 5679 μένον
638 5589 975 5666 ἀνυπόπτοις
1044 5598 1379 5671 προσώποις,
1441 5598 1537 5663 ἐὰν
1605 5599 1726 5667 μεθ’
1792 5600 2002 5652 ἑαυτῶν

2108 5610 2217 5651 tmn
2252 5596 2524 5649 hominem
2583 5607 2706 5647 cum
2756 5588 2982 5643 minimc
3037 5586 3302 5656 suspectis
3361 5583 3680 5638 mulieribus

426 5701 594 5771 ἔχωσι
630 5697 727 5752 καὶ
759 5696 927 5767 ἕτερα
976 5694 1193 5762 γύναια.
1240 5694 1351 5744 Καὶ
1392 5692 1514 5743 ἐπεὶ
1555 5689 1650 5743 τοῦ
1700 5690 2001 5762 ἱερωμένου

2107 5708 2209 5743 nou
2238 5687 2568 5747 cohabitare,
2609 5684 2652 5738 si
2688 5682 2822 5736 alias
2866 5678 3052 5736 secum
3094 5680 3330 5733 habeant
3382 5675 3679 5747 muliercu-

428 5790 802 5848 συνοικοῦντος
833 5788 971 5847 μετᾶ
1002 5787 1313 5839 ἀνυπόπτου
1352 5782 1641 5845 προσώπου
1671 5789 1818 5841 ἅπαν
1846 5784 1993 5837 σκάν-

2109 5787 2203 5840 las,
2241 5786 2283 5837 ii
2336 5781 2456 5842 quia
2489 5777 2771 5833 sacerdote
2802 5789 2922 5829 cum
2962 5788 3067 5829 non
3125 5780 3374 5834 suspecta
3433 5780 3672 5835 persona
