4008 6380
276 326 285 327 ί
345 308 451 370 δε)

1097 294 1178 357 ΙΝ
1224 293 1464 357 ΕΡΙΞΤ.
1510 296 1568 355 S.
1612 297 1894 357 BASiLli
1943 300 2041 359 AD
2083 294 2731 358 CHUREPISCOPOS.

3450 289 3558 355 830

339 425 469 475 σιῶν
517 421 872 493 ἀπελήλαται,
924 418 1019 472 καὶ
1054 416 1324 489 φοϐοῦμαι
1373 416 1449 488 μὴ
1494 416 1634 470 κατά
1688 416 1903 489 μικρὸν,

1999 426 2092 493 sit;
2120 432 2175 481 et
2202 425 2389 491 timeo,
2412 439 2479 477 ne
2509 422 2788 494 paulatim,
2814 420 2914 474 bac
2945 418 3303 478 indifferentia
3334 434 3556 491 progre-

338 514 436 583 τῆς
476 512 791 583 ἀδιαφορίας
829 509 1030 580 ταύτης
1065 509 1170 580 ὁδῷ
1203 508 1516 580 προϊούσης,
1554 510 1634 572 είς
1666 507 1904 579 παντελῆ

342 602 602 672 σύγχυσιν
632 601 758 672 ἔλθῃ
792 600 860 652 τὰ
891 601 991 669 τῆς
1045 599 1367 670 Ἑκκλησίας
1396 600 1716 669 πράγματα.
1767 597 1906 662 Τοὺς

340 691 743 762 ὑπηρετοῦντας
772 692 836 761 τῇ
886 690 1176 760 Ἐκκλησία
1209 691 1242 760 ἡ
1273 690 1439 743 πάλαι
1479 693 1598 754 ταῖς
1638 688 1731 743 τοῦ
1768 688 1905 742 Θεοῦ

352 780 697 849 Ἐκκλησίαις
739 778 1200 848 ἐμπολιτευομένη
1234 778 1491 847 συνήθεια
1547 779 1684 850 μετὰ
1727 779 1907 850 πάσης

339 870 623 943 ἀκριϐείας
686 869 1054 939 δοκιμάζουσα
1123 869 1480 941 παρεδέχετο·
1554 871 1648 923 καὶ
1718 870 1908 924 ἐπολυ-

340 963 706 1034 πραγμονείτο
734 962 882 1012 πᾶσα
916 959 1096 1013 αὑτῶν
1141 961 1176 1030 ἡ
1205 959 1536 1030 ἀναστροφὴ,
1573 962 1621 1013 εί
1681 960 1758 1031 μὴ
1795 962 1911 1014 λοίο

339 1055 484 1126 δοροί
533 1054 692 1116 εἰσιν,
735 1053 785 1104 εί
841 1052 916 1122 μὴ
965 1050 1208 1121 μέθυσοι,
1253 1053 1298 1103 εἰ
1335 1051 1408 1122 μὴ
1448 1052 1725 1123 πρόχειροι
1771 1052 1909 1121 πρὸς

339 1144 438 1205 τὰς
475 1142 673 1212 μάχας,
706 1141 754 1192 εί
791 1138 1226 1207 παιδαγωγοῦσιν
1266 1139 1472 1193 ἑαυτῶν
1514 1140 1611 1237 τιῂν
1661 1140 1905 1211 νεότητα,

344 1233 481 1286 ὥστε
529 1229 828 1301 κατορθοῦν
856 1230 1115 1284 δύνασθαι
1163 1231 1253 1283 τὸν
1294 1225 1582 1301 ἀγιασμὸῦ,
1634 1225 1694 1286 οὗ
1737 1232 1909 1304 χωρὶς

341 1323 515 1384 οὐδεὶς
546 1320 736 1390 δψεται
765 1321 855 1373 τὸν
891 1321 1116 1392 Κύριον.
1160 1322 1270 1374 Καὶ
1310 1321 1468 1374 τοῦτο
1508 1322 1766 1391 ἐξήταζον
1809 1323 1908 1396 μὲν

341 1412 702 1486 πρεσϐύτεροι
733 1412 830 1465 καὶ
860 1413 1093 1466 διάκονοι
1126 1412 1495 1477 συνοικοῦντες
1549 1414 1754 1479 αὑτοῖς,
1810 1415 1911 1469 ἐπ-

342 1505 607 1575 ανέφερον
633 1503 688 1557 δὲ
717 1506 830 1568 τοῖς
874 1504 1326 1575 χωρεπισκόποις,
1375 1504 1444 1569 οἳ,
1492 1504 1592 1569 τὰς
1621 1502 1769 1577 παρὰ
1799 1505 1909 1561 τῶν

341 1596 612 1667 ἀληθινῶς
675 1595 1091 1667 μαρτυρούντων
1153 1596 1434 1667 δεξάμενοι
1504 1596 1752 1668 ψήφους,
1816 1600 1911 1654 καὶ

1985 518 2202 580 diente,
2237 532 2327 571 res
2357 516 2741 571 ecclesiasticae
2773 512 2827 567 in
2865 528 3134 567 summam
3173 512 3548 568 confusionem

1983 607 2326 662 delabantur.
2371 605 2665 661 Observata
2698 604 2827 658 olim
2877 602 2934 656 in
2993 600 3084 654 Dei
3133 601 3389 657 Ecclesiis
3419 617 3554 654 con-

1988 697 2218 752 suetudo
2250 696 2507 751 Ecclesia:
2536 695 2815 748 ministros
2844 692 2992 747 omni
3028 692 3305 761 diligentia
3352 692 3550 762 proba—

1989 795 2073 841 tos
2103 786 2454 844 admittebat;
2489 799 2551 838 ac
2594 783 2648 836 in
2687 797 2900 837 onmem
2931 798 3119 836 eorum
3173 782 3333 833 vitam
3366 782 3553 835 sedulo

1986 872 2362 942 inquirebatur
2398 889 2412 926 :
2448 887 2517 925 an
2566 886 2673 925 non
2721 877 2910 925 essent
2961 870 3254 933 maledici,
3309 885 3376 923 an
3442 886 3553 924 non

1986 960 2212 1022 ebriosi,
2243 975 2309 1013 an
2344 976 2453 1014 non
2488 960 2721 1030 prompti
2754 960 2819 1013 ad
2852 975 3080 1029 pugnas,
3110 975 3177 1012 an
3209 959 3550 1030 juventutem

1985 1066 2139 1105 suam
2175 1050 2485 1114 frenarent,
2543 1051 2614 1103 ita
2664 1057 2727 1103 ut
2780 1051 3230 1113 sanctimoniam,
3273 1051 3389 1105 sine
3446 1064 3553 1120 qua

1984 1136 2156 1192 Deum
2209 1152 2371 1192 nemo
2414 1137 2622 1191 videbit
2679 1140 2724 1202 ',
2764 1152 3017 1192 exercere
3074 1145 3316 1206 possent.
3376 1144 3553 1205 Atque

1986 1230 2090 1283 hoc
2142 1228 2524 1282 cxaminabant
2566 1227 2785 1299 quidem
2839 1229 3137 1299 presbyteri
3194 1237 3247 1282 et
3299 1228 3551 1288 diaconi,

1983 1317 2080 1389 qui
2120 1332 2228 1372 una
2271 1332 2398 1372 cum
2446 1317 2581 1387 ipsis
2629 1317 2943 1385 habitabant
2976 1336 2988 1372 :
3025 1318 3333 1372 referebant
3371 1327 3550 1370 autem

1954 1401 2054 1464 'ad
2083 1408 2525 1479 cborepiscopos,
2563 1408 2655 1478 qui
2688 1423 2811 1463 cum
2844 1408 3102 1478 suﬂ'ragia
3135 1409 3349 1463 testium
3389 1425 3548 1462 vera-

1984 1502 2129 1557 cium
2161 1498 2531 1567 accepissent,
2563 1511 2627 1550 ac
2645 1497 2962 1566 episcopum
3000 1497 3432 1560 admonuissent,
3463 1496 3544 1549 sic

1985 1595 2323 1644 sacratorum
2356 1601 2585 1641 numero
2640 1587 2947 1641 ministrum
2993 1587 3357 1640 ascribcbaul.
3393 1583 3551 1638 Nune

341 1688 755 1758 ὑπομνήσαντες
777 1686 868 1740 τὸν
900 1686 1216 1751 ἐπίσκοπον,
1236 1686 1409 1750 οὕτως
1455 1688 1780 1759 ἐνηρίθμουν
1819 1688 1909 1743 τὸν

1999 1687 2170 1735 autem
2204 1681 2438 1750 primum
2483 1677 2699 1749 quidem
2749 1693 2850 1732 nos
2875 1676 3246 1737 exeludentes,
3280 1691 3343 1730 ac
3373 1691 3439 1730 ne
3465 1690 3553 1729 re-

344 1778 624 1849 ὑπηρέτην
651 1776 729 1847 τῷ
758 1776 1002 1847 τάγματι
1032 1778 1139 1831 τῶν
1176 1778 1490 1847 ἱερατικῶν.
1697 1778 1812 1832 Νῦν
1851 1778 1909 1832 δέ

342 1870 559 1939 πρῶτον
611 1869 730 1941 μὲν,
760 1871 906 1940 ἡμᾶς
933 1869 1343 1940 παρωσάμενοι,
1386 1871 1480 1923 καὶ
1527 1870 1661 1941 μηδὲ
1708 1872 1910 1924 ἐπανα-

345 1958 531 2029 φέρειν
573 1959 704 2028 ἡμῖν
750 1957 1189 2029 καταδεχόμενοι,
1239 1960 1320 2022 είς
1362 1960 1590 2023 ἑαυτοὺς
1638 1961 1736 2031 τὴν
1779 1958 1909 2029 ὃλην

343 2047 736 2116 περιεστήσατε
772 2047 1058 2100 αὑθεντίαν
1078 2063 1091 2076 °
1122 2047 1330 2112 ἔπειτα,
1361 2047 1910 2120 καταρῤᾳθυμοῦντες

341 2132 434 2188 τοῦ
478 2135 822 2207 πράγματος,
860 2136 1248 2206 πρεσϐυτέροις
1275 2139 1368 2190 καὶ
1395 2137 1657 2200 διακόνοις
1686 2136 1910 2207 ἐπετρέ-

341 2224 500 2294 ψατε,
528 2223 622 2288 οὓς
656 2218 728 2279 ’ἂν
755 2225 1010 2279 ἐθέλωσιν
1053 2227 1159 2279 ἀπὸ
1211 2228 1561 2293 ἁνεξετάστου
1604 2228 1740 2297 βίου,
1771 2228 1909 2282 κατὰ

346 2314 738 2383 προσπάθειαν,
768 2315 801 2385 ἢ
830 2314 926 2385 τὴν
959 2315 1067 2369 ἀπὸ
1101 2318 1438 2383 συγγενείας,
1467 2317 1500 2388 ἢ
1533 2317 1632 2387 τὴν
1660 2317 1720 2380 ἐξ
1744 2316 1910 2389 ἄλλης

334 2404 486 2478 ,τινὸς
512 2404 713 2478 φιλίας,
736 2406 1045 2474 ἐπεισάγειν
1070 2407 1136 2477 τῇ
1173 2405 1466 2478 Ἐκκλησία
1489 2407 1614 2470 τοὺς
1635 2407 1903 2474 ἀναξίους.

344 2477 439 2532 Διὸ
474 2476 656 2530 πολλοὶ
693 2478 791 2548 μὲν
820 2479 1086 2547 ὑπηρέται
1114 2476 1483 2552 ἀριθμοῦνται
1522 2485 1642 2538 καθ’
1672 2487 1904 2554 ἑκάστην

343 2562 557 2636 κώμην,
588 2565 736 2632 ἄξιος
771 2564 829 2620 δὲ
862 2565 1202 2638 λειτουργίας
1233 2570 1326 2624 τοῦ
1369 2571 1753 2644 θυσιαστηρίου
1784 2574 1904 2627 οὐδὲ

345 2651 429 2719 εἷς
462 2694 480 2721 ,
655 2657 730 2720 ὡς
776 2657 932 2726 ὑμεῖς
979 2659 1131 2712 αὐτοὶ
1187 2665 1531 2734 μαρτυρεῖτε,
1579 2665 1905 2736 ἀποροῦντες

345 2745 553 2816 ἀνδρῶν
569 2747 627 2800 ἐν
650 2750 771 2812 ταῖς
782 2749 1164 2821 ψηφοφορίαις.
1193 2751 1342 2815 Ἐπεὶ
1357 2748 1448 2806 οὖν
1463 2755 1572 2825 ὁρῶ
1586 2756 1647 2810 τὸ
1673 2758 1903 2827 πρᾶγμα

344 2836 527 2889 λοιπὸν
585 2839 665 2900 είς
721 2838 1017 2908 ἀνήκεστον
1072 2840 1292 2911 προῖδν,
1352 2843 1586 2914 μάλιστα
1629 2845 1745 2910 νῦν,
1794 2846 1903 2900 τῶν

345 2924 609 2981 πλείστων
644 2927 793 2999 φόϐῳ
823 2930 921 3000 τῆς
955 2931 1338 3001 στρατολογίας
1366 2934 1745 2990 είσποιοὺντων
1773 2937 1901 2990 ἐαυ-

1990 1770 2132 1826 ferre
2152 1770 2372 1840 quidem
2401 1769 2467 1822 ad
2497 1783 2597 1822 nos
2619 1767 2844 1837 dignati,
2872 1783 3086 1821 onmem
3114 1768 3167 1820 in
3196 1767 3554 1835 vosmetipsos

1993 1859 2372 1916 auctoritatem
2394 1859 2754 1913 transtulistis
2783 1875 2796 1912 :
2822 1857 3018 1912 deinde
3052 1872 3162 1911 rem
3198 1857 3551 1925 negligentes,

1987 1950 2317 2022 presbyteris
2369 1958 2423 2004 et
2453 1948 2700 2003 diaconis
2730 1947 3073 2017 pet-misistis,
3100 1954 3154 2000 ut
3179 1962 3314 2015 quos
3336 1946 3553 2007 Vellent,

1989 2040 2101 2093 vita
2140 2054 2250 2094 non
2289 2039 2620 2105 examinata,
2654 2035 2954 2092 secundum
2997 2038 3160 2095 animi
3190 2036 3549 2093 asfectionem,

1989 2139 2086 2185 aut
2121 2147 2190 2186 ex
2241 2130 2723 2198 consanguinitate
2769 2137 2964 2191 ortam,
3015 2135 3108 2180 aut
3142 2142 3206 2180 ex
3236 2127 3338 2179 alia
3374 2127 3553 2195 aliqua

1988 2220 2263 2285 amicitia,
2325 2222 2380 2274 in
2449 2219 2749 2274 Ecclesium
2813 2218 3062 2295 indignos
3123 2215 3553 2272 introducerent.

1990 2310 2335 2380 Quapropter
2382 2309 2538 2362 multi
2584 2308 2801 2378 quidem
2852 2307 3087 2361 ministri
3139 2306 3192 2358 in
3227 2318 3553 2373 unoquoque

1988 2416 2126 2472 pago
2156 2386 2513 2455 numerantur
2549 2418 2563 2455 :
2601 2399 2694 2455 sed
2719 2397 3251 2473 dignus‘ministerio
3300 2395 3547 2456 altarium

2003 2502 2071 2542 nc
2102 2503 2244 2543 unus
2289 2491 2531 2566 quidem,
2571 2499 2630 2545 ut
2675 2506 2772 2546 vos
2806 2491 2907 2560 ipsi
2954 2488 3348 2553 testiﬁcamini,
3380 2487 3554 2540 homi-

2004 2592 2133 2631 num
2182 2581 2409 2649 penuria
2454 2582 2766 2637 laborantes
2795 2582 2849 2635 in
2884 2580 3261 2636 electionibus.
3296 2575 3564 2641 Quoniam

2006 2667 2170 2738 igitur
2197 2670 2350 2727 video
2370 2688 2486 2749 rem
2510 2673 2565 2727 in
2597 2674 2797 2727 malum
2819 2672 2931 2742 jam
2959 2669 3264 2725 insanabile
3289 2663 3561 2738 progredi,

2004 2774 2152 2814 nunc
2173 2764 2490 2830 praesertim,
2521 2777 2641 2818 cum
2674 2762 2893 2832 plurimi
2925 2761 3133 2815 militiae
3157 2765 3326 2820 metu,
3353 2756 3563 2823 seipses

2005 2850 2060 2905 in
2108 2852 2471 2908 ministerium
2524 2854 2849 2923 eonjiciant,
2896 2850 3219 2907 necessario.
3251 2845 3459 2903 accessi
3492 2846 3561 2899 ad

2002 2937 2224 2993 Patrum
2272 2956 2509 2997 canones
2553 2940 2928 3006 renovandos;
2965 2953 3029 2992 ac
3065 2937 3218 2991 vobis
3260 2935 3460 2994 scribo,
3505 2939 3565 2985 ut

344 3016 470 3077 τυὺς
493 3018 557 3087 τῇ
593 3016 880 3089 ὑπηρεσίᾳ,
923 3019 1234 3089 ἀναγκαίως
1270 3017 1432 3092 ἦλθον
1471 3026 1551 3088 είς
1578 3024 1643 3077 τὸ
1671 3025 1904 3078 ἀνανεώ-

2006 3029 2238 3086 mittatis
2294 3031 2426 3084 mihi
2486 3031 2790 3101 catalogum
2857 3028 3229 3083 ministrorum
3298 3023 3567 3090 cujusque

346 3103 540 3158 σασθαι
565 3105 691 3168 τοὺς
738 3108 846 3160 τῶν
875 3108 1135 3180 Πατέρων
1181 3112 1442 3176 κανόνας*
1476 3115 1570 3168 καὶ
1609 3117 1905 3169 ἐπιστέλλω

346 3192 472 3262 ὑμῖν
503 3194 815 3249 ἀποστεῖλαί
845 3214 935 3266 μοι
963 3197 1061 3269 τὴν
1090 3201 1412 3275 ἀναγραφὴν
1441 3205 1676 3276 ἑκάστης
1712 3206 1904 3279 κώμης

343 3282 453 3337 τῶν
478 3285 907 3356 ὑπηρετούντων,
943 3291 1037 3342 καὶ
1068 3291 1172 3345 ὑπὸ
1198 3292 1341 3357 τίνος
1369 3296 1617 3364 εἰσῆκται
1648 3297 1901 3361 ἕκαστος,

346 3375 440 3426 καὶ
468 3376 526 3428 ἐν
566 3375 703 3447 ποίῳ
732 3377 833 3448 βίῳ
877 3379 1043 3433 ἐστίν.
1100 3382 1291 3452 Ἔχετε
1333 3385 1389 3438 δὲ
1433 3387 1527 3439 καὶ
1574 3389 1727 3440 αὑτοὶ
1775 3390 1904 3460 παρ’

346 3463 557 3531 ἑαυτοῖς
576 3466 672 3539 τὴν
701 3468 1040 3540 ἀναγραφὴν,
1074 3470 1212 3526 ὥστε
1237 3476 1619 3546 συγκρίνεσθαι
1640 3482 1752 3542 τοῖς
1774 3481 1903 3551 παρ’

345 3554 476 3631 ἡμῖν
499 3556 877 3627 ἀποκειμένοις
896 3561 1182 3630 γράμμασι
1212 3561 1279 3614 τά
1305 3563 1564 3635 ὑμέτερα,
1591 3567 1686 3618 καὶ
1715 3568 1905 3638 μηδενὶ

350 3642 543 3710 ἐξεῖναι
577 3646 785 3710 ἑαυτὸν,
834 3649 922 3701 ὅτε
962 3648 1227 3719 βούλεται,
1278 3654 1707 3724 παρεγγράφειν.
1749 3656 1906 3710 Οὖτω

350 3733 549 3802 μέντοι,
586 3736 723 3805 μετά
764 3738 863 3809 τὴν
907 3737 1132 3810 πρώτην
1178 3742 1498 3812 ἐπινέμησιν
1544 3745 1597 3796 εἴ
1627 3762 1771 3808 τινες
1802 3747 1905 3799 ὑπὸ

347 3825 727 3896 πρεσϐυτέρων
758 3827 1107 3898 εἰσήχθησαν,
1141 3829 1231 3882 ἐπὶ
1260 3832 1386 3894 τοὺς
1425 3831 1645 3898 λαῖκοὺς
1671 3835 1899 3907 ἀπορρι-

346 3913 537 3982 φῶσιν.
578 3916 826 3970 Ἀνωθεν-
857 3918 913 3971 δὲ
959 3918 1182 3988 γένηται
1221 3920 1395 3974 αὐτῶν
1438 3925 1564 3993 παρ’
1627 3924 1779 3995 ὑμῶν
1816 3925 1903 3991 ἐξ·

345 4001 559 4068 ἐτασις·
592 4006 694 4069 κάν
729 4008 825 4077 μὲν
857 4009 993 4075 ἄξιοι
1027 4003 1150 4074 ὦσι,
1175 4012 1239 4082 τῇ
1271 4010 1509 4083 ὑμετέρα
1535 4013 1698 4084 ψήφῳ
1728 4031 1904 4086 παρα-

298 4144 305 4151 ,
343 4090 684 4164 δεχθήτωσαν
767 4097 1219 4168 Ἐπικαθαρίσατε
1424 4102 1525 4171 τὴν
1556 4103 1900 4173 Ἐκκλησίαν,

343 4183 469 4247 τοὺς
513 4186 763 4252 ἀναξίους
807 4187 976 4258 αὐτῆς
1019 4189 1417 4256 ἀπελάσαντες,
1447 4193 1541 4245 καὶ
1573 4192 1665 4244 τοῦ
1722 4193 1907 4247 λοιποῦ

343 4273 623 4341 ἐξετάζετε
803 4277 901 4348 μὲν
918 4279 1042 4342 τοὺς
1069 4279 1251 4344 ἀξίους
1273 4282 1365 4335 καὶ
1393 4282 1762 4353 παραδέχεσθε
1783 4301 1795 4312 ·
1831 4285 1906 4355 μὴ

2005 3120 2149 3190 pagi,
2178 3131 2232 3175 et
2256 3135 2286 3175 a
2315 3137 2423 3191 quo
2447 3122 2679 3192 quisque
2889 3118 3232 3172 introductus
3255 3116 3345 3178 sit,
3371 3121 3425 3166 et
3445 3128 3567 3180 qua:

2005 3209 2127 3278 ejus
2176 3211 2249 3266 sit
2287 3211 2502 3266 vivendi
2542 3211 2698 3265 ratio.
2737 3209 2942 3263 ilabete
2991 3217 3170 3261 autem
3204 3212 3257 3259 et
3284 3203 3388 3273 ipsi
3423 3201 3567 3271 apud

2005 3316 2102 3356 vos
2128 3302 2453 3372 catalogum,
2484 3311 2542 3356 ut
2571 3317 2694 3356 cum
2720 3299 2941 3370 scriptis
2975 3298 3116 3367 apud
3168 3311 3269 3350 nos
3310 3292 3568 3362 repositis

2005 3400 2187 3446 vestra
2237 3393 2609 3458 conterantur,
2647 3407 2747 3447 nec
2795 3392 3048 3461 cuiquam
3087 3388 3247 3442 liceat
3300 3386 3566 3454 seipsum,

2007 3496 2131 3535 cum
2164 3482 2420 3547 voluerit,
2453 3483 2773 3538 inscribere.
2798 3480 2877 3535 Ita
2903 3495 3058 3545 sane,
3101 3477 3147 3534 si
3179 3477 3272 3547 qui
3299 3485 3420 3544 post
3454 3474 3568 3544 pri—

2006 3585 2150 3623 mam
2185 3570 2535 3628 indictionem
2567 3587 2598 3625 a
2630 3571 2961 3641 presbyteris
3001 3567 3296 3624 introducti
3340 3566 3571 3628 fuerint,

2005 3657 2146 3712 inter
2188 3660 2354 3715 laicos
2392 3661 2730 3730 rejiciantur.
2776 3660 2972 3716 Eorum
3020 3668 3199 3714 autem
3238 3672 3466 3715 examen
3503 3656 3569 3709 de

1994 3749 2220 3819 integro
2248 3751 2495 3819 repetite,
2525 3758 2579 3805 et
2608 3751 2653 3804 si
2685 3752 2832 3820 digni
2861 3750 3083 3814 fuerint,
3109 3748 3365 3817 suffragio
3389 3755 3571 3805 vestro

2007 3839 2399 3908 suscipiantur.
2452 3840 2757 3910 Expurgate
2807 3841 3140 3902 Ecclesiam,
3195 3838 3445 3906 indignos
3501 3851 3570 3890 cx

2005 3943 2068 3983 ea
2088 3929 2391 3998 ejicientes.
2415 3930 2589 4000 Atque
2612 3930 2666 3982 in
2697 3938 2971 3999 posterum
3000 3929 3300 3983 examinate
3328 3927 3565 3995 quidem,

2005 4020 2100 4088 qui
2143 4020 2292 4090 digni
2331 4022 2475 4088 sint,
2515 4030 2569 4075 et
2605 4036 2700 4075 eos
2749 4020 3016 4074 admittite
3057 4037 3070 4073 :
3112 4019 3206 4073 sed
3258 4019 3408 4087 prius
3460 4031 3570 4068 non

2009 4110 2289 4174 ascribito,
2326 4126 2488 4180 quam
2522 4110 2589 4164 ad
2618 4126 2729 4166 nos
2759 4110 3092 4176 retuleritis;
3130 4116 3222 4162 aut
3250 4109 3440 4162 scitote
3469 4106 3573 4159 lai-

2016 4215 2138 4252 cum
2168 4199 2410 4254 futurum
2437 4215 2580 4263 esse,
2612 4201 2704 4269 qui
2734 4200 2851 4254 sine
2883 4209 3073 4254 nostro
3096 4200 3302 4269 judicio
3326 4201 3379 4252 in
3410 4197 3570 4254 mini-

2014 4291 2236 4345 sterium
2266 4291 2427 4345 fuerit
2454 4292 2747 4346 admissus.

342 4368 625 4439 ἀριθμεῖτε
658 4371 713 4425 δέ
742 4372 871 4443 πρὶν
915 4375 995 4435 εἰς
1029 4375 1176 4445 ἡμᾶς
1221 4377 1631 4446 ἐπανενεγκεῖν
1667 4378 1700 4448 ἢ
1746 4381 2058 4453 γινώσκετε,
2091 4387 2174 4439 ὅτι
2238 4385 2423 4450 λαίκὺς
2459 4386 2609 4440 ἔσται
2672 4386 2700 4439 ό
2763 4387 2889 4441 ἄνευ
2919 4386 3192 4457 ἡμετέρας
3220 4384 3441 4455 γνώμης
3489 4380 3570 4447 εἶς

344 4464 643 4534 ὑπηρεσίαν
672 4466 1049 4538 παραδεχθείς.

391 4564 590 4620 ΒΑΔΣ.
621 4565 779 4629 Τίνες
804 4561 945 4637 ἦσαν
971 4567 1021 4620 οἱ
1043 4567 1475 4641 χωρσεπίσκοποι,
1501 4568 1597 4632 καὶ
1616 4567 1739 4622 τίνα
1759 4568 1906 4641 εἶχον

2085 4571 2283 4627 BALS.
2314 4572 2546 4640 Quinam
2578 4564 2735 4627 erant
2783 4570 3197 4642 chorepiseopi,
3246 4582 3303 4628 et
3350 4558 3606 4646 quaenam

318 4658 527 4722 δίκαια,
567 4656 785 4728 εἴρηται
816 4658 898 4722 εἰς
929 4658 1024 4711 τὸν
1057 4658 1119 4709 ιδ’
1151 4658 1351 4711 κανόνα
1380 4658 1478 4726 τῆς
1514 4661 1572 4717 ἐν
1601 4658 1907 4714 Νεοκαισα-

327 4748 446 4821 ρείᾳ
469 4749 709 4811 συνόδου,
725 4750 820 4803 καὶ
843 4751 923 4813 είς
947 4750 1038 4804 τὸν
1066 4747 1128 4803 ιδ’
1148 4750 1351 4804 κανόνα
1373 4751 1474 4821 τῆς
1492 4752 1551 4802 ἐν
1566 4752 1871 4826 Ἀντιοχείᾳ
1891 4769 1907 4783 ο

319 4842 416 4895 καὶ
452 4840 541 4895 διὰ
567 4841 729 4896 τοῦτο
761 4835 996 4897 ἐνταῦθα
1032 4842 1288 4913 περιττὸν
1324 4842 1576 4916 ἐλογίσθη
1622 4861 1712 4912 μοι
1749 4844 1911 4917 χάριν

317 4931 432 4984 τῶν
472 4932 652 4989 αὐτῶν
695 4932 1042 5002 παλιλλογεῖν
1062 4951 1076 4964 ·
1115 4933 1212 4986 καὶ
1262 4931 1464 5004 μᾶλλον
1499 4935 1581 4988 ὅτι
1624 4934 1692 4987 τὰ
1737 4937 1795 4987 ἐν
1844 4939 1908 5006 τῇ

318 5024 587 5105 παρούσῃ.
627 5025 887 5097 ἐπιστολῇ
940 5028 1308 5097 περιεχόμενα
1358 5028 1522 5098 χάριν
1573 5028 1683 5080 τῶν
1733 5046 1911 5099 χοιρε-

317 5117 612 5172 πισκόπων
646 5118 949 5193 ἐσχόλασαν
980 5117 1265 5182 παντελῶς
1287 5159 1303 5184 ,
1336 5119 1430 5173 καὶ
1466 5120 1665 5183 πάντες
1695 5121 1744 5173 οἱ
1781 5120 1913 5191 κλη-

321 5209 468 5279 ρικοὶ
501 5210 655 5281 παρά
683 5211 792 5264 τῶν
817 5211 1134 5276 ἐπισκόπων
1164 5210 1410 5281 γίνονται
1445 5214 1587 5284 κατὰ
1621 5213 1790 5284 μόνην
1822 5216 1911 5267 60-

320 5303 588 5373 κιμασίαν
617 5304 824 5361 αὐτῶν.
1752 5295 1756 5298 ἠ

397 5400 646 5458 ΖΩΝΑΡ.
681 5403 935 5457 Δίτιᾶται
964 5402 1041 5475 (a)
1074 5403 1103 5456 ό
1130 5402 1302 5473 μέγας
1326 5403 1604 5466 Βασίλειος
1635 5404 1760 5466 τοὺς
1788 5403 1918 5456 ὑπο-

324 5496 616 5567 κειμένους
661 5496 811 5567 αὑτῷ
861 5496 1339 5568 χωρεπισκόπους,
1386 5495 1462 5560 ὡς
1520 5494 1645 5550 καθ’
1685 5496 1917 5560 ἐαυτοὺς

400 5615 418 5647 ⁸
445 5613 617 5673 Hebr.
650 5631 749 5683 xu,
771 5616 861 5672 14.

2009 4665 2133 4734 jura
2163 4666 2432 4721 habebant
2465 4707 2481 4729 ,
2529 4665 2732 4718 dictum
2776 4674 2861 4719 est
2909 4665 2963 4719 in
3019 4680 3229 4720 canone
3290 4666 3356 4721 M
3412 4670 3605 4741 synodi

2012 4760 2439 4818 Neocaesariaum
2466 4771 2523 4817 et
2560 4761 2615 4818 in
2650 4777 2773 4817 can.
2816 4761 2883 4816 10
2926 4761 3179 4817 Antioch.
3214 4779 3334 4834 syn.
3382 4775 3434 4818 et
3481 4764 3607 4821 ideo.

2013 4854 2104 4909 hic
2131 4854 2261 4909 milli
2292 4868 2754 4925 supervacaneum
2791 4852 2962 4909 visum
2997 4866 3082 4909 est
3110 4854 3298 4910 eadem
3335 4869 3601 4924 repetere;

2013 4956 2069 4999 ct
2097 4959 2162 5000 eo
2200 4946 2395 5015 magis,
2425 4945 2595 5016 quod,
2627 4960 2747 5015 quae
2784 4943 2838 4999 iu
2867 4945 3119 5016 praesenti
3166 4947 3394 5013 epistola
3429 4952 3610 5003 ('Onli'!

2010 5047 2208 5094 nentur
2237 5040 2304 5094 de
2344 5033 2753 5110 cborépiscopis
2777 5076 2794 5104 ,
2836 5038 3061 5092 omnino
3110 5038 3501 5105 exoleverunt,
3549 5051 3607 5110 (ει

2011 5146 2201 5187 omnes
2232 5130 2415 5188 clerici
2456 5132 2594 5187 fiunt
2623 5131 2692 5188 ab
2714 5129 2982 5201 episcopis
3011 5131 3123 5186 sola
3175 5132 3418 5202 ipsorum
3480 5150 3607 5205 pro-1

2013 5223 2251 5279 batione.

2090 5404 2347 5489 ZONAR.
2378 5406 2629 5480 Magnus
2703 5407 2936 5466 Basilius
3003 5411 3429 5482 chorepisropos
3496 5407 3602 5480 sibi

2019 5498 2294 5568 subjectos
2330 5500 2701 5570 reprehendit,
2730 5504 2876 5574 quod
2905 5518 3002 5576 per
3040 5504 3251 5576 scipsos
3299 5503 3607 5561 constitue:

392 5710 466 5774 (a)
488 5710 633 5775 Apud
650 5709 985 5777 Beveregium
1007 5711 1057 5761 in
1083 5707 1216 5771 notis
1246 5710 1321 5770 ex]
1346 5707 1517 5760 codice
1543 5706 1952 5760 Amerbaehiano.
1985 5705 2122 5759 Eur.
