  <div class='ocr_page' id='page_1' title='image "/cluster/home/n/w/nwhite01/storage/ocr_20150623/138:no.2/coo.31924054870435/423.png"; bbox 0 0 4008 6414; ppageno 0'>
   <div class='ocr_carea' id='block_1_1' title="bbox 418 252 525 318">
    <p class='ocr_par' dir='ltr' id='par_1_1' title="bbox 418 252 525 318">
     <span class='ocr_line' id='line_1_1' title="bbox 418 252 525 318; baseline 0.056 -7"><span class='ocrx_word' id='word_1_1' title='bbox 418 252 525 318; x_wconf 70' lang='lat'><strong>831</strong></span> 
     </span>
    </p>
   </div>
   <div class='ocr_carea' id='block_1_2' title="bbox 1696 267 2009 354">
    <p class='ocr_par' dir='ltr' id='par_1_2' title="bbox 1696 267 2009 333">
     <span class='ocr_line' id='line_1_2' title="bbox 1696 267 2009 333; baseline 0.006 -6"><span class='ocrx_word' id='word_1_2' title='bbox 1696 267 1799 328; x_wconf 87' lang='grc' dir='ltr'><strong>ΤΗ</strong></span> <span class='ocrx_word' id='word_1_3' title='bbox 1810 269 1974 333; x_wconf 83' lang='lat' dir='ltr'><strong>EOD.</strong></span> <span class='ocrx_word' id='word_1_4' title='bbox 2008 326 2009 329; x_wconf 44' lang='grc' dir='ltr'><strong>η</strong></span> 
     </span>
    </p>
   </div>
   <div class='ocr_carea' id='block_1_3' title="bbox 2125 267 3687 354">
    <p class='ocr_par' dir='ltr' id='par_1_3' title="bbox 2125 272 3687 354">
     <span class='ocr_line' id='line_1_3' title="bbox 2125 272 3687 354; baseline 0 -24"><span class='ocrx_word' id='word_1_5' title='bbox 2125 272 2414 335; x_wconf 75' lang='lat' dir='ltr'><strong>LSAMON</strong></span> <span class='ocrx_word' id='word_1_6' title='bbox 3589 290 3687 354; x_wconf 52' lang='grc' dir='ltr'>βεδε)</span> 
     </span>
    </p>
   </div>
   <div class='ocr_carea' id='block_1_4' title="bbox 426 347 2009 445">
    <p class='ocr_par' dir='ltr' id='par_1_4' title="bbox 426 347 2009 434">
     <span class='ocr_line' id='line_1_4' title="bbox 426 347 2009 434; baseline 0.013 -37"><span class='ocrx_word' id='word_1_7' title='bbox 426 347 534 398; x_wconf 83' lang='lat' dir='ltr'><strong>rint</strong></span> <span class='ocrx_word' id='word_1_8' title='bbox 567 348 941 415; x_wconf 83' lang='lat' dir='ltr'><strong>ministros,et</strong></span> <span class='ocrx_word' id='word_1_9' title='bbox 966 357 1412 413; x_wconf 81' lang='lat' dir='ltr'><strong>consuetudinem</strong></span> <span class='ocrx_word' id='word_1_10' title='bbox 1447 361 1825 429; x_wconf 80' lang='lat' dir='ltr'><strong>trausiliermt,</strong></span> <span class='ocrx_word' id='word_1_11' title='bbox 1848 380 2009 434; x_wconf 90' lang='lat' dir='ltr'><strong>quam</strong></span> 
     </span>
    </p>
   </div>
   <div class='ocr_carea' id='block_1_5' title="bbox 2125 347 3690 445">
    <p class='ocr_par' dir='ltr' id='par_1_5' title="bbox 2125 367 3690 445">
     <span class='ocr_line' id='line_1_5' title="bbox 2125 367 3690 445; baseline 0.009 -26"><span class='ocrx_word' id='word_1_12' title='bbox 2125 367 2496 430; x_wconf 73' lang='grc' dir='ltr'>καθιστῶντας</span> <span class='ocrx_word' id='word_1_13' title='bbox 2522 369 2824 441; x_wconf 80' lang='grc' dir='ltr'><strong>ὑπηρέτας,</strong></span> <span class='ocrx_word' id='word_1_14' title='bbox 2855 370 2949 423; x_wconf 78' lang='grc' dir='ltr'>καὶ</span> <span class='ocrx_word' id='word_1_15' title='bbox 2982 371 3082 440; x_wconf 84' lang='grc' dir='ltr'>τὴν</span> <span class='ocrx_word' id='word_1_16' title='bbox 3110 370 3401 440; x_wconf 71' lang='grc' dir='ltr'>συνήθειαν</span> <span class='ocrx_word' id='word_1_17' title='bbox 3429 378 3690 445; x_wconf 77' lang='grc' dir='ltr'>παραϐαί-</span> 
     </span>
    </p>
   </div>
   <div class='ocr_carea' id='block_1_6' title="bbox 430 441 2011 526">
    <p class='ocr_par' dir='ltr' id='par_1_6' title="bbox 430 441 2011 526">
     <span class='ocr_line' id='line_1_6' title="bbox 430 441 2011 526; baseline 0.013 -35"><span class='ocrx_word' id='word_1_18' title='bbox 430 441 741 499; x_wconf 85' lang='lat' dir='ltr'><strong>obtinuisse</strong></span> <span class='ocrx_word' id='word_1_19' title='bbox 781 445 930 511; x_wconf 87' lang='lat' dir='ltr'><strong>dicit,</strong></span> <span class='ocrx_word' id='word_1_20' title='bbox 969 456 1026 502; x_wconf 92' lang='lat' dir='ltr'><strong>ut</strong></span> <span class='ocrx_word' id='word_1_21' title='bbox 1053 449 1126 502; x_wconf 84' lang='lat' dir='ltr'><strong>illi</strong></span> <span class='ocrx_word' id='word_1_22' title='bbox 1164 465 1260 518; x_wconf 90' lang='lat' dir='ltr'><strong>per</strong></span> <span class='ocrx_word' id='word_1_23' title='bbox 1295 453 1714 524; x_wconf 86' lang='lat' dir='ltr'><strong>chorepiscopos</strong></span> <span class='ocrx_word' id='word_1_24' title='bbox 1773 457 2011 526; x_wconf 77' lang='lat' dir='ltr'><strong>episcopi</strong></span> 
     </span>
    </p>
   </div>
   <div class='ocr_carea' id='block_1_7' title="bbox 425 536 2009 610">
    <p class='ocr_par' dir='ltr' id='par_1_7' title="bbox 425 536 2009 610">
     <span class='ocr_line' id='line_1_7' title="bbox 425 536 2009 610; baseline 0.012 -25"><span class='ocrx_word' id='word_1_25' title='bbox 425 536 697 590; x_wconf 75' lang='lat' dir='ltr'><strong>sententia</strong></span> <span class='ocrx_word' id='word_1_26' title='bbox 729 538 921 593; x_wconf 82' lang='lat' dir='ltr'><strong>ﬁerent</strong></span> <span class='ocrx_word' id='word_1_27' title='bbox 944 556 958 593; x_wconf 89' lang='lat'><strong>:</strong></span> <span class='ocrx_word' id='word_1_28' title='bbox 983 548 1036 596; x_wconf 90' lang='lat' dir='ltr'><strong>et</strong></span> <span class='ocrx_word' id='word_1_29' title='bbox 1074 542 1124 596; x_wconf 90' lang='lat' dir='ltr'><strong>in</strong></span> <span class='ocrx_word' id='word_1_30' title='bbox 1157 554 1430 610; x_wconf 79' lang='lat' dir='ltr'><strong>posterum</strong></span> <span class='ocrx_word' id='word_1_31' title='bbox 1461 562 1694 601; x_wconf 85' lang='lat' dir='ltr'><strong>canones</strong></span> <span class='ocrx_word' id='word_1_32' title='bbox 1720 549 2009 604; x_wconf 81' lang='lat' dir='ltr'><strong>instaurari</strong></span> 
     </span>
    </p>
   </div>
   <div class='ocr_carea' id='block_1_8' title="bbox 417 625 2015 713">
    <p class='ocr_par' dir='ltr' id='par_1_8' title="bbox 417 625 2015 713">
     <span class='ocr_line' id='line_1_8' title="bbox 417 625 2015 713; baseline 0.012 -36"><span class='ocrx_word' id='word_1_33' title='bbox 417 625 590 694; x_wconf 82' lang='lat' dir='ltr'><strong>jubet,</strong></span> <span class='ocrx_word' id='word_1_34' title='bbox 634 629 748 684; x_wconf 85' lang='lat' dir='ltr'><strong>sive</strong></span> <span class='ocrx_word' id='word_1_35' title='bbox 780 641 896 699; x_wconf 89' lang='lat' dir='ltr'><strong>post</strong></span> <span class='ocrx_word' id='word_1_36' title='bbox 960 635 1188 702; x_wconf 81' lang='lat' dir='ltr'><strong>primam</strong></span> <span class='ocrx_word' id='word_1_37' title='bbox 1252 638 1599 710; x_wconf 71' lang='grc' dir='ltr'><strong>ἐπινέμησιν.</strong></span> <span class='ocrx_word' id='word_1_38' title='bbox 1655 640 2015 713; x_wconf 83' lang='grc' dir='ltr'>Ἐπινέμησιν</span> 
     </span>
    </p>
   </div>
   <div class='ocr_carea' id='block_1_9' title="bbox 425 717 2013 802">
    <p class='ocr_par' dir='ltr' id='par_1_9' title="bbox 425 717 2013 802">
     <span class='ocr_line' id='line_1_9' title="bbox 425 717 2013 802; baseline 0.014 -36"><span class='ocrx_word' id='word_1_39' title='bbox 425 725 603 769; x_wconf 83' lang='lat' dir='ltr'><strong>autem</strong></span> <span class='ocrx_word' id='word_1_40' title='bbox 638 717 987 775; x_wconf 88' lang='lat' dir='ltr'><strong>indictionem</strong></span> <span class='ocrx_word' id='word_1_41' title='bbox 1039 734 1195 778; x_wconf 86' lang='lat' dir='ltr'><strong>vocat</strong></span> <span class='ocrx_word' id='word_1_42' title='bbox 1228 744 1242 779; x_wconf 89' lang='lat'><strong>:</strong></span> <span class='ocrx_word' id='word_1_43' title='bbox 1280 736 1328 780; x_wconf 88' lang='lat' dir='ltr'><strong>et</strong></span> <span class='ocrx_word' id='word_1_44' title='bbox 1389 727 1539 796; x_wconf 77' lang='lat' dir='ltr'><strong>ipsos</strong></span> <span class='ocrx_word' id='word_1_45' title='bbox 1569 730 1785 799; x_wconf 88' lang='lat' dir='ltr'><strong>quidem</strong></span> <span class='ocrx_word' id='word_1_46' title='bbox 1822 733 2013 802; x_wconf 82' lang='lat' dir='ltr'><strong>dignos</strong></span> 
     </span>
    </p>
   </div>
   <div class='ocr_carea' id='block_1_10' title="bbox 424 806 2016 881">
    <p class='ocr_par' dir='ltr' id='par_1_10' title="bbox 424 806 2016 881">
     <span class='ocr_line' id='line_1_10' title="bbox 424 806 2016 881; baseline 0.013 -23"><span class='ocrx_word' id='word_1_47' title='bbox 424 806 702 876; x_wconf 88' lang='lat' dir='ltr'><strong>inquirere</strong></span> <span class='ocrx_word' id='word_1_48' title='bbox 732 820 786 865; x_wconf 88' lang='lat' dir='ltr'><strong>et</strong></span> <span class='ocrx_word' id='word_1_49' title='bbox 820 817 1139 881; x_wconf 75' lang='lat' dir='ltr'><strong>approbare,</strong></span> <span class='ocrx_word' id='word_1_50' title='bbox 1175 832 1276 870; x_wconf 88' lang='lat' dir='ltr'><strong>non</strong></span> <span class='ocrx_word' id='word_1_51' title='bbox 1309 828 1488 875; x_wconf 88' lang='lat' dir='ltr'><strong>autem</strong></span> <span class='ocrx_word' id='word_1_52' title='bbox 1537 836 1630 876; x_wconf 90' lang='lat' dir='ltr'><strong>eos</strong></span> <span class='ocrx_word' id='word_1_53' title='bbox 1666 824 1716 876; x_wconf 92' lang='lat' dir='ltr'><strong>in</strong></span> <span class='ocrx_word' id='word_1_54' title='bbox 1753 824 1898 878; x_wconf 90' lang='lat' dir='ltr'><strong>clero</strong></span> <span class='ocrx_word' id='word_1_55' title='bbox 1925 841 2016 879; x_wconf 77' lang='lat' dir='ltr'><strong>or—</strong></span> 
     </span>
    </p>
   </div>
   <div class='ocr_carea' id='block_1_11' title="bbox 432 896 2014 981">
    <p class='ocr_par' dir='ltr' id='par_1_11' title="bbox 432 896 2014 981">
     <span class='ocr_line' id='line_1_11' title="bbox 432 896 2014 981; baseline 0.014 -33"><span class='ocrx_word' id='word_1_56' title='bbox 432 900 643 963; x_wconf 88' lang='lat' dir='ltr'><strong>dinare,</strong></span> <span class='ocrx_word' id='word_1_57' title='bbox 672 902 777 956; x_wconf 89' lang='lat' dir='ltr'><strong>nisi</strong></span> <span class='ocrx_word' id='word_1_58' title='bbox 808 903 873 957; x_wconf 86' lang='lat' dir='ltr'><strong>ad</strong></span> <span class='ocrx_word' id='word_1_59' title='bbox 902 896 1074 971; x_wconf 81' lang='lat' dir='ltr'><strong>ipsum</strong></span> <span class='ocrx_word' id='word_1_60' title='bbox 1110 906 1256 976; x_wconf 88' lang='lat' dir='ltr'><strong>prius</strong></span> <span class='ocrx_word' id='word_1_61' title='bbox 1290 908 1528 964; x_wconf 79' lang='lat' dir='ltr'><strong>referant</strong></span> <span class='ocrx_word' id='word_1_62' title='bbox 1554 951 1569 971; x_wconf 83' lang='lat'><strong>.</strong></span> <span class='ocrx_word' id='word_1_63' title='bbox 1623 929 1743 981; x_wconf 74' lang='lat' dir='ltr'><strong>quae</strong></span> <span class='ocrx_word' id='word_1_64' title='bbox 1793 916 1859 970; x_wconf 86' lang='lat' dir='ltr'><strong>ad</strong></span> <span class='ocrx_word' id='word_1_65' title='bbox 1922 931 2014 970; x_wconf 89' lang='lat' dir='ltr'><strong>eos</strong></span> 
     </span>
    </p>
   </div>
   <div class='ocr_carea' id='block_1_12' title="bbox 429 992 2012 1072">
    <p class='ocr_par' dir='ltr' id='par_1_12' title="bbox 429 992 2012 1072">
     <span class='ocr_line' id='line_1_12' title="bbox 429 992 2012 1072; baseline 0.009 -26"><span class='ocrx_word' id='word_1_66' title='bbox 429 998 694 1058; x_wconf 74' lang='lat' dir='ltr'><strong>spectant.</strong></span> <span class='ocrx_word' id='word_1_67' title='bbox 730 992 834 1049; x_wconf 88' lang='lat' dir='ltr'><strong>Eos</strong></span> <span class='ocrx_word' id='word_1_68' title='bbox 869 1005 1072 1060; x_wconf 83' lang='lat' dir='ltr'><strong>autem,</strong></span> <span class='ocrx_word' id='word_1_69' title='bbox 1106 1000 1196 1066; x_wconf 91' lang='lat' dir='ltr'><strong>qui</strong></span> <span class='ocrx_word' id='word_1_70' title='bbox 1236 1001 1314 1053; x_wconf 85' lang='lat' dir='ltr'><strong>sic</strong></span> <span class='ocrx_word' id='word_1_71' title='bbox 1365 1018 1468 1055; x_wconf 86' lang='lat' dir='ltr'><strong>non</strong></span> <span class='ocrx_word' id='word_1_72' title='bbox 1525 1005 1851 1060; x_wconf 90' lang='lat' dir='ltr'><strong>ordinantur</strong></span> <span class='ocrx_word' id='word_1_73' title='bbox 1879 1049 1893 1072; x_wconf 92' lang='lat'><strong>,</strong></span> <span class='ocrx_word' id='word_1_74' title='bbox 1947 1009 2012 1061; x_wconf 89' lang='lat' dir='ltr'><strong>ad</strong></span> 
     </span>
    </p>
   </div>
   <div class='ocr_carea' id='block_1_13' title="bbox 425 1072 2012 1158">
    <p class='ocr_par' dir='ltr' id='par_1_13' title="bbox 425 1072 2012 1158">
     <span class='ocr_line' id='line_1_13' title="bbox 425 1072 2012 1158; baseline 0.015 -23"><span class='ocrx_word' id='word_1_75' title='bbox 425 1083 595 1139; x_wconf 86' lang='lat' dir='ltr'><strong>laicos</strong></span> <span class='ocrx_word' id='word_1_76' title='bbox 616 1100 674 1141; x_wconf 88' lang='lat' dir='ltr'><strong>se</strong></span> <span class='ocrx_word' id='word_1_77' title='bbox 709 1072 1467 1152; x_wconf 44' lang='lat' dir='ltr'><strong>detrusnrunfcommiualur.</strong></span> <span class='ocrx_word' id='word_1_78' title='bbox 1495 1098 1685 1153; x_wconf 87' lang='lat' dir='ltr'><strong>Utrum</strong></span> <span class='ocrx_word' id='word_1_79' title='bbox 1731 1102 1853 1157; x_wconf 83' lang='lat' dir='ltr'><strong>talis</strong></span> <span class='ocrx_word' id='word_1_80' title='bbox 1910 1104 2012 1158; x_wconf 86' lang='lat' dir='ltr'><strong>ita-</strong></span> 
     </span>
    </p>
   </div>
   <div class='ocr_carea' id='block_1_14' title="bbox 424 1178 2011 1252">
    <p class='ocr_par' dir='ltr' id='par_1_14' title="bbox 424 1178 2011 1252">
     <span class='ocr_line' id='line_1_14' title="bbox 424 1178 2011 1252; baseline 0.017 -31"><span class='ocrx_word' id='word_1_81' title='bbox 424 1185 530 1238; x_wconf 83' lang='lat' dir='ltr'><strong>que</strong></span> <span class='ocrx_word' id='word_1_82' title='bbox 555 1182 682 1228; x_wconf 91' lang='lat' dir='ltr'><strong>tunc</strong></span> <span class='ocrx_word' id='word_1_83' title='bbox 713 1178 975 1244; x_wconf 82' lang='lat' dir='ltr'><strong>temporis</strong></span> <span class='ocrx_word' id='word_1_84' title='bbox 1003 1183 1335 1235; x_wconf 74' lang='lat' dir='ltr'><strong>consuetudo</strong></span> <span class='ocrx_word' id='word_1_85' title='bbox 1368 1184 1667 1252; x_wconf 76' lang='lat' dir='ltr'><strong>obtinebat,</strong></span> <span class='ocrx_word' id='word_1_86' title='bbox 1746 1207 1828 1244; x_wconf 90' lang='lat' dir='ltr'><strong>me</strong></span> <span class='ocrx_word' id='word_1_87' title='bbox 1862 1194 2011 1249; x_wconf 89' lang='lat' dir='ltr'><strong>latet.</strong></span> 
     </span>
    </p>
   </div>
   <div class='ocr_carea' id='block_1_15' title="bbox 426 1264 2015 1350">
    <p class='ocr_par' dir='ltr' id='par_1_15' title="bbox 426 1264 2015 1350">
     <span class='ocr_line' id='line_1_15' title="bbox 426 1264 2015 1350; baseline 0.014 -33"><span class='ocrx_word' id='word_1_88' title='bbox 426 1264 742 1334; x_wconf 85' lang='lat' dir='ltr'><strong>llujusmodi</strong></span> <span class='ocrx_word' id='word_1_89' title='bbox 773 1280 951 1329; x_wconf 87' lang='lat' dir='ltr'><strong>autem</strong></span> <span class='ocrx_word' id='word_1_90' title='bbox 990 1286 1163 1327; x_wconf 84' lang='lat' dir='ltr'><strong>canon</strong></span> <span class='ocrx_word' id='word_1_91' title='bbox 1196 1274 1246 1326; x_wconf 88' lang='lat' dir='ltr'><strong>in</strong></span> <span class='ocrx_word' id='word_1_92' title='bbox 1273 1277 1491 1343; x_wconf 85' lang='lat' dir='ltr'><strong>synodis</strong></span> <span class='ocrx_word' id='word_1_93' title='bbox 1518 1294 1582 1333; x_wconf 91' lang='lat' dir='ltr'><strong>eo</strong></span> <span class='ocrx_word' id='word_1_94' title='bbox 1611 1283 2015 1350; x_wconf 86' lang='lat' dir='ltr'><strong>antiquioribus</strong></span> 
     </span>
    </p>
   </div>
   <div class='ocr_carea' id='block_1_16' title="bbox 431 1355 2015 1444">
    <p class='ocr_par' dir='ltr' id='par_1_16' title="bbox 431 1355 2015 1444">
     <span class='ocr_line' id='line_1_16' title="bbox 431 1355 2015 1444; baseline 0.016 -36"><span class='ocrx_word' id='word_1_95' title='bbox 431 1370 537 1410; x_wconf 89' lang='lat' dir='ltr'><strong>nou</strong></span> <span class='ocrx_word' id='word_1_96' title='bbox 569 1355 881 1427; x_wconf 82' lang='lat' dir='ltr'><strong>invenitur;</strong></span> <span class='ocrx_word' id='word_1_97' title='bbox 921 1364 1015 1419; x_wconf 81' lang='lat' dir='ltr'><strong>sed</strong></span> <span class='ocrx_word' id='word_1_98' title='bbox 1063 1368 1241 1435; x_wconf 90' lang='lat' dir='ltr'><strong>potius</strong></span> <span class='ocrx_word' id='word_1_99' title='bbox 1281 1371 1521 1425; x_wconf 84' lang='lat' dir='ltr'><strong>decimus</strong></span> <span class='ocrx_word' id='word_1_100' title='bbox 1586 1376 1771 1444; x_wconf 83' lang='lat' dir='ltr'><strong>synodi</strong></span> <span class='ocrx_word' id='word_1_101' title='bbox 1822 1378 2015 1433; x_wconf 80' lang='lat' dir='ltr'><strong>Antio-</strong></span> 
     </span>
    </p>
   </div>
   <div class='ocr_carea' id='block_1_17' title="bbox 426 1450 2012 1532">
    <p class='ocr_par' dir='ltr' id='par_1_17' title="bbox 426 1450 2012 1532">
     <span class='ocr_line' id='line_1_17' title="bbox 426 1450 2012 1532; baseline 0.015 -30"><span class='ocrx_word' id='word_1_102' title='bbox 426 1450 633 1519; x_wconf 76' lang='lat' dir='ltr'><strong>chenae,</strong></span> <span class='ocrx_word' id='word_1_103' title='bbox 673 1470 794 1522; x_wconf 75' lang='lat' dir='ltr'><strong>qure</strong></span> <span class='ocrx_word' id='word_1_104' title='bbox 824 1467 1016 1511; x_wconf 86' lang='lat' dir='ltr'><strong>sancto</strong></span> <span class='ocrx_word' id='word_1_105' title='bbox 1050 1459 1150 1514; x_wconf 85' lang='lat' dir='ltr'><strong>hoc</strong></span> <span class='ocrx_word' id='word_1_106' title='bbox 1183 1459 1342 1515; x_wconf 85' lang='lat' dir='ltr'><strong>Patre</strong></span> <span class='ocrx_word' id='word_1_107' title='bbox 1375 1464 1657 1532; x_wconf 87' lang='lat' dir='ltr'><strong>antiquior</strong></span> <span class='ocrx_word' id='word_1_108' title='bbox 1695 1477 1774 1520; x_wconf 92' lang='lat' dir='ltr'><strong>est</strong></span> <span class='ocrx_word' id='word_1_109' title='bbox 1800 1510 1815 1528; x_wconf 85' lang='lat'><strong>,</strong></span> <span class='ocrx_word' id='word_1_110' title='bbox 1842 1485 2012 1525; x_wconf 88' lang='lat' dir='ltr'><strong>canon</strong></span> 
     </span>
    </p>
   </div>
   <div class='ocr_carea' id='block_1_18' title="bbox 426 1542 2017 1624">
    <p class='ocr_par' dir='ltr' id='par_1_18' title="bbox 426 1542 2017 1624">
     <span class='ocr_line' id='line_1_18' title="bbox 426 1542 2017 1624; baseline 0.014 -30"><span class='ocrx_word' id='word_1_111' title='bbox 426 1542 830 1614; x_wconf 81' lang='lat' dir='ltr'><strong>cborepiscopis</strong></span> <span class='ocrx_word' id='word_1_112' title='bbox 853 1545 1319 1617; x_wconf 77' lang='lat' dir='ltr'><strong>et&#39;sub‘diacouos,</strong></span> <span class='ocrx_word' id='word_1_113' title='bbox 1359 1556 1449 1624; x_wconf 89' lang='lat' dir='ltr'><strong>qui</strong></span> <span class='ocrx_word' id='word_1_114' title='bbox 1485 1557 1715 1612; x_wconf 83' lang='lat' dir='ltr'><strong>ministri</strong></span> <span class='ocrx_word' id='word_1_115' title='bbox 1741 1561 1902 1614; x_wconf 83' lang='lat' dir='ltr'><strong>etiam</strong></span> <span class='ocrx_word' id='word_1_116' title='bbox 1936 1562 2017 1617; x_wconf 91' lang='lat' dir='ltr'><strong>di-</strong></span> 
     </span>
    </p>
   </div>
   <div class='ocr_carea' id='block_1_19' title="bbox 429 1638 2018 1709">
    <p class='ocr_par' dir='ltr' id='par_1_19' title="bbox 429 1638 2018 1709">
     <span class='ocr_line' id='line_1_19' title="bbox 429 1638 2018 1709; baseline 0.014 -22"><span class='ocrx_word' id='word_1_117' title='bbox 429 1644 649 1703; x_wconf 88' lang='lat' dir='ltr'><strong>cuntur,</strong></span> <span class='ocrx_word' id='word_1_118' title='bbox 680 1647 733 1692; x_wconf 91' lang='lat' dir='ltr'><strong>et</strong></span> <span class='ocrx_word' id='word_1_119' title='bbox 767 1638 999 1695; x_wconf 87' lang='lat' dir='ltr'><strong>lectores</strong></span> <span class='ocrx_word' id='word_1_120' title='bbox 1034 1652 1087 1696; x_wconf 89' lang='lat' dir='ltr'><strong>et</strong></span> <span class='ocrx_word' id='word_1_121' title='bbox 1123 1646 1427 1702; x_wconf 80' lang='lat' dir='ltr'><strong>exorcistas</strong></span> <span class='ocrx_word' id='word_1_122' title='bbox 1462 1651 1795 1704; x_wconf 73' lang='lat' dir='ltr'><strong>constituere</strong></span> <span class='ocrx_word' id='word_1_123' title='bbox 1827 1668 2018 1709; x_wconf 86' lang='lat' dir='ltr'><strong>conce-</strong></span> 
     </span>
    </p>
   </div>
   <div class='ocr_carea' id='block_1_20' title="bbox 428 1712 2092 1809">
    <p class='ocr_par' dir='ltr' id='par_1_20' title="bbox 428 1712 2092 1809">
     <span class='ocr_line' id='line_1_20' title="bbox 428 1712 2092 1809; baseline 0.015 -29"><span class='ocrx_word' id='word_1_124' title='bbox 428 1728 539 1793; x_wconf 87' lang='lat' dir='ltr'><strong>dit;</strong></span> <span class='ocrx_word' id='word_1_125' title='bbox 573 1729 818 1785; x_wconf 88' lang='lat' dir='ltr'><strong>decernit</strong></span> <span class='ocrx_word' id='word_1_126' title='bbox 853 1744 1031 1789; x_wconf 88' lang='lat' dir='ltr'><strong>autem</strong></span> <span class='ocrx_word' id='word_1_127' title='bbox 1066 1752 1134 1791; x_wconf 92' lang='lat' dir='ltr'><strong>ne</strong></span> <span class='ocrx_word' id='word_1_128' title='bbox 1174 1739 1473 1809; x_wconf 72' lang='lat' dir='ltr'><strong>presbyteri</strong></span> <span class='ocrx_word' id='word_1_129' title='bbox 1503 1752 1559 1796; x_wconf 81' lang='lat' dir='ltr'><strong>et</strong></span> <span class='ocrx_word' id='word_1_130' title='bbox 1586 1745 1795 1799; x_wconf 87' lang='lat' dir='ltr'><strong>diaconi</strong></span> <span class='ocrx_word' id='word_1_131' title='bbox 1826 1762 1856 1801; x_wconf 88' lang='lat' dir='ltr'><strong>a</strong></span> <span class='ocrx_word' id='word_1_132' title='bbox 1884 1749 2016 1803; x_wconf 86' lang='lat' dir='ltr'><strong>cbo-</strong></span> <span class='ocrx_word' id='word_1_133' title='bbox 2044 1712 2092 1771; x_wconf 77' lang='grc' dir='ltr'><strong><em>Β</em></strong></span> 
     </span>
    </p>
   </div>
   <div class='ocr_carea' id='block_1_21' title="bbox 425 1818 2013 1902">
    <p class='ocr_par' dir='ltr' id='par_1_21' title="bbox 425 1818 2013 1902">
     <span class='ocr_line' id='line_1_21' title="bbox 425 1818 2013 1902; baseline 0.014 -31"><span class='ocrx_word' id='word_1_134' title='bbox 425 1818 729 1890; x_wconf 68' lang='lat' dir='ltr'><strong>repiscopis</strong></span> <span class='ocrx_word' id='word_1_135' title='bbox 778 1824 1120 1891; x_wconf 80' lang='lat' dir='ltr'><strong>ordinentur,</strong></span> <span class='ocrx_word' id='word_1_136' title='bbox 1167 1830 1269 1883; x_wconf 77' lang='lat' dir='ltr'><strong>nisi</strong></span> <span class='ocrx_word' id='word_1_137' title='bbox 1314 1832 1551 1902; x_wconf 88' lang='lat' dir='ltr'><strong>episcopi</strong></span> <span class='ocrx_word' id='word_1_138' title='bbox 1604 1839 1887 1891; x_wconf 76' lang='lat' dir='ltr'><strong>sententia-</strong></span> <span class='ocrx_word' id='word_1_139' title='bbox 1927 1842 2013 1894; x_wconf 71' lang='lat' dir='ltr'><strong>cui</strong></span> 
     </span>
    </p>
   </div>
   <div class='ocr_carea' id='block_1_22' title="bbox 426 1910 2014 1996">
    <p class='ocr_par' dir='ltr' id='par_1_22' title="bbox 426 1910 2014 1996">
     <span class='ocr_line' id='line_1_22' title="bbox 426 1910 2014 1996; baseline 0.015 -37"><span class='ocrx_word' id='word_1_140' title='bbox 426 1910 809 1977; x_wconf 70' lang='lat' dir='ltr'><strong>subjiciuntur.</strong></span> <span class='ocrx_word' id='word_1_141' title='bbox 848 1914 951 1969; x_wconf 93' lang='lat' dir='ltr'><strong>Sed</strong></span> <span class='ocrx_word' id='word_1_142' title='bbox 984 1918 1229 1975; x_wconf 86' lang='lat' dir='ltr'><strong>decimus</strong></span> <span class='ocrx_word' id='word_1_143' title='bbox 1259 1932 1484 1991; x_wconf 85' lang='lat' dir='ltr'><strong>quartus</strong></span> <span class='ocrx_word' id='word_1_144' title='bbox 1508 1928 1700 1996; x_wconf 84' lang='lat' dir='ltr'><strong>synodi</strong></span> <span class='ocrx_word' id='word_1_145' title='bbox 1734 1928 2014 1985; x_wconf 59' lang='lat' dir='ltr'><strong>Neocaesa-</strong></span> 
     </span>
    </p>
   </div>
   <div class='ocr_carea' id='block_1_23' title="bbox 428 2001 2010 2093">
    <p class='ocr_par' dir='ltr' id='par_1_23' title="bbox 428 2001 2010 2093">
     <span class='ocr_line' id='line_1_23' title="bbox 428 2001 2010 2093; baseline 0.015 -38"><span class='ocrx_word' id='word_1_146' title='bbox 428 2001 622 2059; x_wconf 89' lang='lat' dir='ltr'><strong>ricnsis</strong></span> <span class='ocrx_word' id='word_1_147' title='bbox 668 2020 838 2061; x_wconf 82' lang='lat' dir='ltr'><strong>canon</strong></span> <span class='ocrx_word' id='word_1_148' title='bbox 901 2010 1324 2084; x_wconf 69' lang='lat' dir='ltr'><strong>cliorepiscopos</strong></span> <span class='ocrx_word' id='word_1_149' title='bbox 1396 2024 1582 2089; x_wconf 86' lang='lat' dir='ltr'><strong>typum</strong></span> <span class='ocrx_word' id='word_1_150' title='bbox 1669 2011 2010 2093; x_wconf 76' lang='lat' dir='ltr'><strong>septuaginta</strong></span> 
     </span>
    </p>
   </div>
   <div class='ocr_carea' id='block_1_24' title="bbox 425 2098 1204 2170">
    <p class='ocr_par' dir='ltr' id='par_1_24' title="bbox 425 2098 1204 2170">
     <span class='ocr_line' id='line_1_24' title="bbox 425 2098 1204 2170; baseline 0.022 -22"><span class='ocrx_word' id='word_1_151' title='bbox 425 2098 798 2165; x_wconf 79' lang='lat' dir='ltr'><strong>apostolorum</strong></span> <span class='ocrx_word' id='word_1_152' title='bbox 823 2117 1013 2170; x_wconf 74' lang='lat' dir='ltr'><strong>gerere</strong></span> <span class='ocrx_word' id='word_1_153' title='bbox 1053 2106 1204 2165; x_wconf 87' lang='lat' dir='ltr'><strong>dicit.</strong></span> 
     </span>
    </p>
   </div>
   <div class='ocr_carea' id='block_1_25' title="bbox 2117 461 3692 536">
    <p class='ocr_par' dir='ltr' id='par_1_25' title="bbox 2117 461 3692 536">
     <span class='ocr_line' id='line_1_25' title="bbox 2117 461 3692 536; baseline 0.01 -24"><span class='ocrx_word' id='word_1_154' title='bbox 2117 475 2331 525; x_wconf 82' lang='grc' dir='ltr'><strong>νοντας,</strong></span> <span class='ocrx_word' id='word_1_155' title='bbox 2360 462 2428 531; x_wconf 84' lang='grc' dir='ltr'>ἢν</span> <span class='ocrx_word' id='word_1_156' title='bbox 2450 461 2599 530; x_wconf 80' lang='grc' dir='ltr'>λέγει</span> <span class='ocrx_word' id='word_1_157' title='bbox 2632 462 2932 533; x_wconf 78' lang='grc' dir='ltr'>κρατῆσαι,</span> <span class='ocrx_word' id='word_1_158' title='bbox 2966 462 3105 517; x_wconf 76' lang='grc' dir='ltr'>ὥστε</span> <span class='ocrx_word' id='word_1_159' title='bbox 3139 463 3334 536; x_wconf 80' lang='grc' dir='ltr'>γνώμῃ</span> <span class='ocrx_word' id='word_1_160' title='bbox 3366 466 3458 520; x_wconf 82' lang='grc' dir='ltr'><strong>τοῦ</strong></span> <span class='ocrx_word' id='word_1_161' title='bbox 3482 471 3692 528; x_wconf 78' lang='grc' dir='ltr'>ἐπισκό-</span> 
     </span>
    </p>
   </div>
   <div class='ocr_carea' id='block_1_26' title="bbox 2118 552 3686 628">
    <p class='ocr_par' dir='ltr' id='par_1_26' title="bbox 2118 552 3686 628">
     <span class='ocr_line' id='line_1_26' title="bbox 2118 552 3686 628; baseline 0.01 -25"><span class='ocrx_word' id='word_1_162' title='bbox 2118 568 2221 603; x_wconf 85' lang='grc' dir='ltr'>που</span> <span class='ocrx_word' id='word_1_163' title='bbox 2252 552 2500 619; x_wconf 85' lang='grc' dir='ltr'>γίνεσθαι</span> <span class='ocrx_word' id='word_1_164' title='bbox 2538 556 2690 622; x_wconf 79' lang='grc' dir='ltr'>παρὰ</span> <span class='ocrx_word' id='word_1_165' title='bbox 2727 555 2835 607; x_wconf 83' lang='grc' dir='ltr'><strong>τῶν</strong></span> <span class='ocrx_word' id='word_1_166' title='bbox 2861 556 3300 626; x_wconf 83' lang='grc' dir='ltr'>χωρεπισκόπων</span> <span class='ocrx_word' id='word_1_167' title='bbox 3337 558 3565 628; x_wconf 80' lang='grc' dir='ltr'>αὐτοὺς,</span> <span class='ocrx_word' id='word_1_168' title='bbox 3597 565 3686 618; x_wconf 71' lang='grc' dir='ltr'>καὶ</span> 
     </span>
    </p>
   </div>
   <div class='ocr_carea' id='block_1_27' title="bbox 2118 643 3690 724">
    <p class='ocr_par' dir='ltr' id='par_1_27' title="bbox 2118 643 3690 724">
     <span class='ocr_line' id='line_1_27' title="bbox 2118 643 3690 724; baseline 0.01 -29"><span class='ocrx_word' id='word_1_169' title='bbox 2118 644 2213 695; x_wconf 75' lang='grc' dir='ltr'><strong>τοῦ</strong></span> <span class='ocrx_word' id='word_1_170' title='bbox 2245 643 2433 697; x_wconf 81' lang='grc' dir='ltr'>λοιποῦ</span> <span class='ocrx_word' id='word_1_171' title='bbox 2468 646 2809 703; x_wconf 81' lang='grc' dir='ltr'>ἀνανεῶσθαι</span> <span class='ocrx_word' id='word_1_172' title='bbox 2838 649 2965 710; x_wconf 83' lang='grc' dir='ltr'>τοὺς</span> <span class='ocrx_word' id='word_1_173' title='bbox 2999 648 3234 710; x_wconf 80' lang='grc' dir='ltr'><strong>κανόνας</strong></span> <span class='ocrx_word' id='word_1_174' title='bbox 3261 649 3501 715; x_wconf 82' lang='grc' dir='ltr'>ἀπαιτεῖ,</span> <span class='ocrx_word' id='word_1_175' title='bbox 3530 654 3690 724; x_wconf 71' lang='grc' dir='ltr'>ἤγουν</span> 
     </span>
    </p>
   </div>
   <div class='ocr_carea' id='block_1_28' title="bbox 2120 736 3691 818">
    <p class='ocr_par' dir='ltr' id='par_1_28' title="bbox 2120 736 3691 818">
     <span class='ocr_line' id='line_1_28' title="bbox 2120 736 3691 818; baseline 0.008 -31"><span class='ocrx_word' id='word_1_176' title='bbox 2120 737 2259 802; x_wconf 86' lang='grc' dir='ltr'><strong>μετά</strong></span> <span class='ocrx_word' id='word_1_177' title='bbox 2302 736 2400 806; x_wconf 75' lang='grc' dir='ltr'>τὴν</span> <span class='ocrx_word' id='word_1_178' title='bbox 2446 738 2671 807; x_wconf 82' lang='grc' dir='ltr'>πρώτην</span> <span class='ocrx_word' id='word_1_179' title='bbox 2701 740 3044 808; x_wconf 77' lang='grc' dir='ltr'><strong>ἐπινέμησιν.</strong></span> <span class='ocrx_word' id='word_1_180' title='bbox 3105 741 3462 812; x_wconf 84' lang='grc' dir='ltr'>Ἐπινέμησιν</span> <span class='ocrx_word' id='word_1_181' title='bbox 3504 743 3559 797; x_wconf 68' lang='grc' dir='ltr'>δὲ</span> <span class='ocrx_word' id='word_1_182' title='bbox 3598 745 3691 818; x_wconf 74' lang='grc' dir='ltr'>τὴν</span> 
     </span>
    </p>
   </div>
   <div class='ocr_carea' id='block_1_29' title="bbox 2121 828 3690 901">
    <p class='ocr_par' dir='ltr' id='par_1_29' title="bbox 2121 828 3690 901">
     <span class='ocr_line' id='line_1_29' title="bbox 2121 828 3690 901; baseline 0.01 -23"><span class='ocrx_word' id='word_1_183' title='bbox 2121 828 2354 881; x_wconf 84' lang='grc' dir='ltr'>ῐνδικτον</span> <span class='ocrx_word' id='word_1_184' title='bbox 2437 828 2617 896; x_wconf 81' lang='grc' dir='ltr'><strong>λέγει,</strong></span> <span class='ocrx_word' id='word_1_185' title='bbox 2675 831 2766 883; x_wconf 74' lang='grc' dir='ltr'><strong>καὶ</strong></span> <span class='ocrx_word' id='word_1_186' title='bbox 2827 833 3023 894; x_wconf 65' lang='grc' dir='ltr'>αὐτοὺς</span> <span class='ocrx_word' id='word_1_187' title='bbox 3081 833 3181 901; x_wconf 80' lang='grc' dir='ltr'>μὲν</span> <span class='ocrx_word' id='word_1_188' title='bbox 3247 832 3523 897; x_wconf 78' lang='grc' dir='ltr'><strong>ἐξετάζειν</strong></span> <span class='ocrx_word' id='word_1_189' title='bbox 3573 839 3690 893; x_wconf 78' lang='grc' dir='ltr'>τοὺς</span> 
     </span>
    </p>
   </div>
   <div class='ocr_carea' id='block_1_30' title="bbox 2119 918 3690 995">
    <p class='ocr_par' dir='ltr' id='par_1_30' title="bbox 2119 918 3690 995">
     <span class='ocr_line' id='line_1_30' title="bbox 2119 918 3690 995; baseline 0.007 -23"><span class='ocrx_word' id='word_1_190' title='bbox 2119 918 2324 985; x_wconf 75' lang='grc' dir='ltr'>ἀξίους,</span> <span class='ocrx_word' id='word_1_191' title='bbox 2352 923 2446 973; x_wconf 73' lang='grc' dir='ltr'>καὶ</span> <span class='ocrx_word' id='word_1_192' title='bbox 2478 922 2901 993; x_wconf 81' lang='grc' dir='ltr'><strong>παραδέχεσθαι,</strong></span> <span class='ocrx_word' id='word_1_193' title='bbox 2932 926 3007 993; x_wconf 79' lang='grc' dir='ltr'>μὴ</span> <span class='ocrx_word' id='word_1_194' title='bbox 3035 925 3396 980; x_wconf 81' lang='grc' dir='ltr'><strong>κατατάττειν</strong></span> <span class='ocrx_word' id='word_1_195' title='bbox 3418 928 3473 980; x_wconf 84' lang='grc' dir='ltr'>δὲ</span> <span class='ocrx_word' id='word_1_196' title='bbox 3502 929 3690 995; x_wconf 75' lang='grc' dir='ltr'>αὐτοὺς</span> 
     </span>
    </p>
   </div>
   <div class='ocr_carea' id='block_1_31' title="bbox 2118 1010 3690 1092">
    <p class='ocr_par' dir='ltr' id='par_1_31' title="bbox 2118 1010 3690 1092">
     <span class='ocr_line' id='line_1_31' title="bbox 2118 1010 3690 1092; baseline 0.007 -29"><span class='ocrx_word' id='word_1_197' title='bbox 2118 1012 2176 1064; x_wconf 79' lang='grc' dir='ltr'>ἐν</span> <span class='ocrx_word' id='word_1_198' title='bbox 2206 1010 2283 1082; x_wconf 82' lang='grc' dir='ltr'><strong>τῷ</strong></span> <span class='ocrx_word' id='word_1_199' title='bbox 2313 1013 2519 1084; x_wconf 81' lang='grc' dir='ltr'>κλήρῳ,</span> <span class='ocrx_word' id='word_1_200' title='bbox 2557 1017 2604 1068; x_wconf 83' lang='grc' dir='ltr'><strong>εί</strong></span> <span class='ocrx_word' id='word_1_201' title='bbox 2636 1015 2710 1084; x_wconf 81' lang='grc' dir='ltr'>μὴ</span> <span class='ocrx_word' id='word_1_202' title='bbox 2740 1018 3065 1085; x_wconf 65' lang='grc' dir='ltr'>ἁναφέροιεν</span> <span class='ocrx_word' id='word_1_203' title='bbox 3096 1018 3163 1069; x_wconf 74' lang='grc' dir='ltr'><strong>τά</strong></span> <span class='ocrx_word' id='word_1_204' title='bbox 3198 1019 3325 1085; x_wconf 76' lang='grc' dir='ltr'>περὶ</span> <span class='ocrx_word' id='word_1_205' title='bbox 3353 1019 3531 1073; x_wconf 82' lang='grc' dir='ltr'>αὐτῶν</span> <span class='ocrx_word' id='word_1_206' title='bbox 3562 1021 3690 1092; x_wconf 72' lang='grc' dir='ltr'>πρὸς</span> 
     </span>
    </p>
   </div>
   <div class='ocr_carea' id='block_1_32' title="bbox 2119 1105 3692 1177">
    <p class='ocr_par' dir='ltr' id='par_1_32' title="bbox 2119 1105 3692 1177">
     <span class='ocr_line' id='line_1_32' title="bbox 2119 1105 3692 1177; baseline 0.005 -21"><span class='ocrx_word' id='word_1_207' title='bbox 2119 1105 2303 1158; x_wconf 84' lang='grc' dir='ltr'>αὐτόν.</span> <span class='ocrx_word' id='word_1_208' title='bbox 2347 1107 2488 1169; x_wconf 78' lang='grc' dir='ltr'>Τοὺς</span> <span class='ocrx_word' id='word_1_209' title='bbox 2518 1106 2575 1159; x_wconf 83' lang='grc' dir='ltr'>δὲ</span> <span class='ocrx_word' id='word_1_210' title='bbox 2617 1107 2692 1177; x_wconf 87' lang='grc' dir='ltr'>μὴ</span> <span class='ocrx_word' id='word_1_211' title='bbox 2739 1107 2885 1163; x_wconf 78' lang='grc' dir='ltr'>οὕτω</span> <span class='ocrx_word' id='word_1_212' title='bbox 2914 1112 3328 1177; x_wconf 82' lang='grc' dir='ltr'>καταταγέντας</span> <span class='ocrx_word' id='word_1_213' title='bbox 3372 1112 3584 1165; x_wconf 85' lang='grc' dir='ltr'>ἀπειλεῖ</span> <span class='ocrx_word' id='word_1_214' title='bbox 3618 1113 3692 1175; x_wconf 81' lang='grc' dir='ltr'><strong>είς</strong></span> 
     </span>
    </p>
   </div>
   <div class='ocr_carea' id='block_1_33' title="bbox 2117 1197 3691 1274">
    <p class='ocr_par' dir='ltr' id='par_1_33' title="bbox 2117 1197 3691 1274">
     <span class='ocr_line' id='line_1_33' title="bbox 2117 1197 3691 1274; baseline 0.005 -25"><span class='ocrx_word' id='word_1_215' title='bbox 2117 1197 2244 1262; x_wconf 79' lang='grc' dir='ltr'>τοὺς</span> <span class='ocrx_word' id='word_1_216' title='bbox 2309 1199 2532 1262; x_wconf 79' lang='grc' dir='ltr'>λαῖκοὺς</span> <span class='ocrx_word' id='word_1_217' title='bbox 2597 1201 2938 1264; x_wconf 79' lang='grc' dir='ltr'>ἐξωθεῖσθαι.</span> <span class='ocrx_word' id='word_1_218' title='bbox 2999 1203 3057 1256; x_wconf 82' lang='grc' dir='ltr'>Εἰ</span> <span class='ocrx_word' id='word_1_219' title='bbox 3128 1203 3228 1267; x_wconf 79' lang='grc' dir='ltr'>μὲν</span> <span class='ocrx_word' id='word_1_220' title='bbox 3287 1200 3382 1256; x_wconf 77' lang='grc' dir='ltr'>οὖν</span> <span class='ocrx_word' id='word_1_221' title='bbox 3443 1205 3691 1274; x_wconf 82' lang='grc' dir='ltr'>συνήθεια</span> 
     </span>
    </p>
   </div>
   <div class='ocr_carea' id='block_1_34' title="bbox 2120 1287 3692 1362">
    <p class='ocr_par' dir='ltr' id='par_1_34' title="bbox 2120 1287 3692 1362">
     <span class='ocr_line' id='line_1_34' title="bbox 2120 1287 3692 1362; baseline 0.007 -23"><span class='ocrx_word' id='word_1_222' title='bbox 2120 1287 2343 1357; x_wconf 77' lang='grc' dir='ltr'><strong>ἐκράτει</strong></span> <span class='ocrx_word' id='word_1_223' title='bbox 2368 1291 2490 1344; x_wconf 85' lang='grc' dir='ltr'>τότε</span> <span class='ocrx_word' id='word_1_224' title='bbox 2517 1292 2764 1362; x_wconf 71' lang='grc' dir='ltr'>τοιαύτη,</span> <span class='ocrx_word' id='word_1_225' title='bbox 2790 1294 2889 1347; x_wconf 79' lang='grc' dir='ltr'><strong>οὐκ</strong></span> <span class='ocrx_word' id='word_1_226' title='bbox 2914 1293 3029 1348; x_wconf 77' lang='grc' dir='ltr'>οἴδα</span> <span class='ocrx_word' id='word_1_227' title='bbox 3048 1310 3059 1323; x_wconf 92' lang='grc'>·</span> <span class='ocrx_word' id='word_1_228' title='bbox 3087 1294 3269 1348; x_wconf 81' lang='grc' dir='ltr'>κανὼν</span> <span class='ocrx_word' id='word_1_229' title='bbox 3297 1296 3352 1350; x_wconf 86' lang='grc' dir='ltr'>δὲ</span> <span class='ocrx_word' id='word_1_230' title='bbox 3380 1296 3617 1359; x_wconf 73' lang='grc' dir='ltr'>τοιοῦτος</span> <span class='ocrx_word' id='word_1_231' title='bbox 3640 1298 3692 1350; x_wconf 79' lang='grc' dir='ltr'>ἐν</span> 
     </span>
    </p>
   </div>
   <div class='ocr_carea' id='block_1_35' title="bbox 2118 1384 3690 1458">
    <p class='ocr_par' dir='ltr' id='par_1_35' title="bbox 2118 1384 3690 1458">
     <span class='ocr_line' id='line_1_35' title="bbox 2118 1384 3690 1458; baseline 0.006 -26"><span class='ocrx_word' id='word_1_232' title='bbox 2118 1384 2240 1442; x_wconf 78' lang='grc' dir='ltr'>ταῖς</span> <span class='ocrx_word' id='word_1_233' title='bbox 2280 1385 2739 1452; x_wconf 79' lang='grc' dir='ltr'>προγενεστέραις</span> <span class='ocrx_word' id='word_1_234' title='bbox 2772 1385 2986 1439; x_wconf 80' lang='grc' dir='ltr'>ἐκείνου</span> <span class='ocrx_word' id='word_1_235' title='bbox 3023 1387 3264 1450; x_wconf 78' lang='grc' dir='ltr'><strong>συνόδοις</strong></span> <span class='ocrx_word' id='word_1_236' title='bbox 3300 1388 3400 1457; x_wconf 83' lang='grc' dir='ltr'>οὐχ</span> <span class='ocrx_word' id='word_1_237' title='bbox 3430 1387 3655 1458; x_wconf 74' lang='grc' dir='ltr'>εὓρηται</span> <span class='ocrx_word' id='word_1_238' title='bbox 3678 1405 3690 1418; x_wconf 91' lang='grc'><strong>·</strong></span> 
     </span>
    </p>
   </div>
   <div class='ocr_carea' id='block_1_36' title="bbox 2119 1476 3694 1551">
    <p class='ocr_par' dir='ltr' id='par_1_36' title="bbox 2119 1476 3694 1551">
     <span class='ocr_line' id='line_1_36' title="bbox 2119 1476 3694 1551; baseline 0.003 -22"><span class='ocrx_word' id='word_1_239' title='bbox 2119 1476 2256 1529; x_wconf 81' lang='grc' dir='ltr'>ἀλλὰ</span> <span class='ocrx_word' id='word_1_240' title='bbox 2290 1478 2491 1546; x_wconf 83' lang='grc' dir='ltr'>μᾶλλον</span> <span class='ocrx_word' id='word_1_241' title='bbox 2520 1480 2549 1531; x_wconf 88' lang='grc' dir='ltr'>ὁ</span> <span class='ocrx_word' id='word_1_242' title='bbox 2581 1485 2646 1532; x_wconf 85' lang='grc' dir='ltr'>ια’</span> <span class='ocrx_word' id='word_1_243' title='bbox 2679 1477 2859 1532; x_wconf 77' lang='grc' dir='ltr'>κανὼν</span> <span class='ocrx_word' id='word_1_244' title='bbox 2889 1480 2991 1546; x_wconf 78' lang='grc' dir='ltr'>τῆς</span> <span class='ocrx_word' id='word_1_245' title='bbox 3020 1481 3077 1532; x_wconf 79' lang='grc' dir='ltr'>ὲν</span> <span class='ocrx_word' id='word_1_246' title='bbox 3120 1481 3425 1551; x_wconf 74' lang='grc' dir='ltr'>Ἀντιοχείᾳ</span> <span class='ocrx_word' id='word_1_247' title='bbox 3458 1481 3694 1545; x_wconf 66' lang='grc' dir='ltr'>συνόδιυ,</span> 
     </span>
    </p>
   </div>
   <div class='ocr_carea' id='block_1_37' title="bbox 2122 1569 3695 1639">
    <p class='ocr_par' dir='ltr' id='par_1_37' title="bbox 2122 1569 3695 1639">
     <span class='ocr_line' id='line_1_37' title="bbox 2122 1569 3695 1639; baseline 0.002 -18"><span class='ocrx_word' id='word_1_248' title='bbox 2122 1569 2491 1637; x_wconf 75' lang='grc' dir='ltr'>παλαιοτέροις</span> <span class='ocrx_word' id='word_1_249' title='bbox 2528 1569 2696 1638; x_wconf 76' lang='grc' dir='ltr'>οὔσης</span> <span class='ocrx_word' id='word_1_250' title='bbox 2752 1571 2847 1624; x_wconf 79' lang='grc' dir='ltr'><strong>τοῦ</strong></span> <span class='ocrx_word' id='word_1_251' title='bbox 2895 1572 3055 1639; x_wconf 81' lang='grc' dir='ltr'>ἁγίου</span> <span class='ocrx_word' id='word_1_252' title='bbox 3105 1571 3323 1638; x_wconf 84' lang='grc' dir='ltr'>τούτου,</span> <span class='ocrx_word' id='word_1_253' title='bbox 3364 1573 3546 1626; x_wconf 73' lang='grc' dir='ltr'>δίδωσι</span> <span class='ocrx_word' id='word_1_254' title='bbox 3592 1575 3695 1635; x_wconf 80' lang='grc' dir='ltr'>τοῖς</span> 
     </span>
    </p>
   </div>
   <div class='ocr_carea' id='block_1_38' title="bbox 2120 1661 3701 1731">
    <p class='ocr_par' dir='ltr' id='par_1_38' title="bbox 2120 1661 3701 1731">
     <span class='ocr_line' id='line_1_38' title="bbox 2120 1661 3701 1731; baseline 0.002 -19"><span class='ocrx_word' id='word_1_255' title='bbox 2120 1661 2560 1731; x_wconf 84' lang='grc' dir='ltr'>χωρεπισκόποις</span> <span class='ocrx_word' id='word_1_256' title='bbox 2585 1663 2678 1715; x_wconf 75' lang='grc' dir='ltr'>καὶ</span> <span class='ocrx_word' id='word_1_257' title='bbox 2709 1662 3118 1730; x_wconf 74' lang='grc' dir='ltr'>ὑποδιακόνους,</span> <span class='ocrx_word' id='word_1_258' title='bbox 3139 1663 3341 1725; x_wconf 78' lang='grc' dir='ltr'>οἵτινες</span> <span class='ocrx_word' id='word_1_259' title='bbox 3372 1662 3469 1726; x_wconf 74' lang='grc' dir='ltr'><strong>καὶ</strong></span> <span class='ocrx_word' id='word_1_260' title='bbox 3500 1664 3701 1731; x_wconf 79' lang='grc' dir='ltr'>ὑπηρεο</span> 
     </span>
    </p>
   </div>
   <div class='ocr_carea' id='block_1_39' title="bbox 2121 1749 3701 1823">
    <p class='ocr_par' dir='ltr' id='par_1_39' title="bbox 2121 1749 3701 1823">
     <span class='ocr_line' id='line_1_39' title="bbox 2121 1749 3701 1823; baseline 0.001 -20"><span class='ocrx_word' id='word_1_261' title='bbox 2121 1768 2212 1805; x_wconf 90' lang='grc' dir='ltr'><strong>ται</strong></span> <span class='ocrx_word' id='word_1_262' title='bbox 2248 1749 2540 1818; x_wconf 82' lang='grc' dir='ltr'>λέγονται,</span> <span class='ocrx_word' id='word_1_263' title='bbox 2582 1754 2675 1807; x_wconf 72' lang='grc' dir='ltr'>καὶ</span> <span class='ocrx_word' id='word_1_264' title='bbox 2720 1752 3078 1820; x_wconf 80' lang='grc' dir='ltr'>ἀναγνώστας</span> <span class='ocrx_word' id='word_1_265' title='bbox 3115 1753 3210 1807; x_wconf 75' lang='grc' dir='ltr'><strong>καὶ</strong></span> <span class='ocrx_word' id='word_1_266' title='bbox 3241 1752 3573 1823; x_wconf 75' lang='grc' dir='ltr'>ἑφορκιστάς</span> <span class='ocrx_word' id='word_1_267' title='bbox 3608 1769 3701 1805; x_wconf 78' lang='grc' dir='ltr'>κα-</span> 
     </span>
    </p>
   </div>
   <div class='ocr_carea' id='block_1_40' title="bbox 2124 1826 3701 1927">
    <p class='ocr_par' dir='ltr' id='par_1_40' title="bbox 2124 1826 3701 1927">
     <span class='ocr_line' id='line_1_40' title="bbox 2124 1826 3701 1927; baseline 0.001 -32"><span class='ocrx_word' id='word_1_268' title='bbox 2124 1826 2354 1913; x_wconf 76' lang='grc' dir='ltr'>θιστᾷν·</span> <span class='ocrx_word' id='word_1_269' title='bbox 2391 1845 2802 1915; x_wconf 76' lang='grc' dir='ltr'>πρεσευτέρους</span> <span class='ocrx_word' id='word_1_270' title='bbox 2846 1844 2903 1897; x_wconf 82' lang='grc' dir='ltr'>δὲ</span> <span class='ocrx_word' id='word_1_271' title='bbox 2949 1846 3046 1927; x_wconf 76' lang='grc' dir='ltr'>καὶ</span> <span class='ocrx_word' id='word_1_272' title='bbox 3091 1845 3376 1908; x_wconf 76' lang='grc' dir='ltr'>διακόνους</span> <span class='ocrx_word' id='word_1_273' title='bbox 3414 1844 3587 1916; x_wconf 79' lang='grc' dir='ltr'>ὁρίζει</span> <span class='ocrx_word' id='word_1_274' title='bbox 3632 1843 3701 1914; x_wconf 84' lang='grc' dir='ltr'>μὴ</span> 
     </span>
    </p>
   </div>
   <div class='ocr_carea' id='block_1_41' title="bbox 2122 1934 3700 2009">
    <p class='ocr_par' dir='ltr' id='par_1_41' title="bbox 2122 1934 3700 2009">
     <span class='ocr_line' id='line_1_41' title="bbox 2122 1934 3700 2009; baseline 0.002 -25"><span class='ocrx_word' id='word_1_275' title='bbox 2122 1937 2449 2004; x_wconf 72' lang='grc' dir='ltr'>χειροτονεῖν</span> <span class='ocrx_word' id='word_1_276' title='bbox 2482 1936 2608 2000; x_wconf 72' lang='grc' dir='ltr'>τοὺς</span> <span class='ocrx_word' id='word_1_277' title='bbox 2639 1936 3115 2007; x_wconf 81' lang='grc' dir='ltr'>χωρεπισκόπους,</span> <span class='ocrx_word' id='word_1_278' title='bbox 3170 1937 3220 1989; x_wconf 83' lang='grc' dir='ltr'><strong>εί</strong></span> <span class='ocrx_word' id='word_1_279' title='bbox 3277 1939 3354 2009; x_wconf 85' lang='grc' dir='ltr'>μὴ</span> <span class='ocrx_word' id='word_1_280' title='bbox 3377 1934 3573 2009; x_wconf 80' lang='grc' dir='ltr'>γνώμῃ</span> <span class='ocrx_word' id='word_1_281' title='bbox 3613 1934 3700 1988; x_wconf 81' lang='grc' dir='ltr'><strong>τοῦ</strong></span> 
     </span>
    </p>
   </div>
   <div class='ocr_carea' id='block_1_42' title="bbox 2123 2021 3700 2096">
    <p class='ocr_par' dir='ltr' id='par_1_42' title="bbox 2123 2021 3700 2096">
     <span class='ocr_line' id='line_1_42' title="bbox 2123 2021 3700 2096; baseline 0.001 -18"><span class='ocrx_word' id='word_1_282' title='bbox 2123 2027 2425 2080; x_wconf 74' lang='grc' dir='ltr'>ἐπισκόπου</span> <span class='ocrx_word' id='word_1_283' title='bbox 2469 2021 2514 2096; x_wconf 85' lang='grc' dir='ltr'>ᾧ</span> <span class='ocrx_word' id='word_1_284' title='bbox 2560 2028 2898 2084; x_wconf 79' lang='grc' dir='ltr'>ὑπόκεινται.</span> <span class='ocrx_word' id='word_1_285' title='bbox 2954 2031 3014 2083; x_wconf 89' lang='grc'><strong>’0</strong></span> <span class='ocrx_word' id='word_1_286' title='bbox 3068 2029 3126 2083; x_wconf 82' lang='grc' dir='ltr'>δὲ</span> <span class='ocrx_word' id='word_1_287' title='bbox 3190 2032 3254 2083; x_wconf 85' lang='grc' dir='ltr'>ιδ’</span> <span class='ocrx_word' id='word_1_288' title='bbox 3312 2031 3411 2094; x_wconf 86' lang='grc' dir='ltr'>τῆς</span> <span class='ocrx_word' id='word_1_289' title='bbox 3462 2032 3520 2083; x_wconf 81' lang='grc' dir='ltr'>ἐν</span> <span class='ocrx_word' id='word_1_290' title='bbox 3569 2029 3700 2082; x_wconf 77' lang='grc' dir='ltr'>Νεο-</span> 
     </span>
    </p>
   </div>
   <div class='ocr_carea' id='block_1_43' title="bbox 2125 2119 3701 2190">
    <p class='ocr_par' dir='ltr' id='par_1_43' title="bbox 2125 2119 3701 2190">
     <span class='ocr_line' id='line_1_43' title="bbox 2125 2119 3701 2190; baseline 0.003 -19"><span class='ocrx_word' id='word_1_291' title='bbox 2125 2119 2421 2190; x_wconf 64' lang='grc' dir='ltr'>καισαρεὶᾳ</span> <span class='ocrx_word' id='word_1_292' title='bbox 2468 2120 2687 2175; x_wconf 80' lang='grc' dir='ltr'>συνόδου</span> <span class='ocrx_word' id='word_1_293' title='bbox 2732 2121 2917 2176; x_wconf 83' lang='grc' dir='ltr'>κανὼν</span> <span class='ocrx_word' id='word_1_294' title='bbox 2963 2121 3137 2176; x_wconf 84' lang='grc' dir='ltr'>τύπον</span> <span class='ocrx_word' id='word_1_295' title='bbox 3173 2120 3366 2177; x_wconf 86' lang='grc' dir='ltr'>τῶν·ο’</span> <span class='ocrx_word' id='word_1_296' title='bbox 3396 2121 3701 2176; x_wconf 80' lang='grc' dir='ltr'>ἀποστόλων</span> 
     </span>
    </p>
   </div>
   <div class='ocr_carea' id='block_1_44' title="bbox 2124 2213 3037 2286">
    <p class='ocr_par' dir='ltr' id='par_1_44' title="bbox 2124 2213 3037 2286">
     <span class='ocr_line' id='line_1_44' title="bbox 2124 2213 3037 2286; baseline 0.009 -25"><span class='ocrx_word' id='word_1_297' title='bbox 2124 2213 2344 2282; x_wconf 75' lang='grc' dir='ltr'>ἐπέχειν</span> <span class='ocrx_word' id='word_1_298' title='bbox 2387 2214 2846 2285; x_wconf 79' lang='grc' dir='ltr'>χωρεπισκόπους</span> <span class='ocrx_word' id='word_1_299' title='bbox 2882 2216 3037 2286; x_wconf 71' lang='grc' dir='ltr'>φησι.</span> 
     </span>
    </p>
   </div>
   <div class='ocr_carea' id='block_1_45' title="bbox 448 2392 3675 2442">
    <p class='ocr_par' dir='ltr' id='par_1_45' title="bbox 448 2392 3675 2442">
     <span class='ocr_line' id='line_1_45' title="bbox 448 2392 3675 2442; baseline 0.006 -27"><span class='ocrx_word' id='word_1_300' title='bbox 448 2392 3675 2442; x_wconf 68' lang='lat'><strong>——.___.________________________________________________</strong></span> 
     </span>
    </p>
   </div>
   <div class='ocr_carea' id='block_1_46' title="bbox 1547 2484 2588 2714">
    <p class='ocr_par' dir='ltr' id='par_1_46' title="bbox 1547 2484 2588 2714">
     <span class='ocr_line' id='line_1_46' title="bbox 1547 2484 2588 2714; baseline 0.012 -12"><span class='ocrx_word' id='word_1_301' title='bbox 1547 2484 1898 2713; x_wconf 70' lang='grc' dir='ltr'><strong>ΤΟΥ</strong></span> <span class='ocrx_word' id='word_1_302' title='bbox 2010 2572 2588 2714; x_wconf 77' lang='grc' dir='ltr'><strong>ΑΥΤΟΥ</strong></span> 
     </span>
    </p>
   </div>
   <div class='ocr_carea' id='block_1_47' title="bbox 949 2766 2009 2945">
    <p class='ocr_par' dir='ltr' id='par_1_47' title="bbox 949 2807 2009 2905">
     <span class='ocr_line' id='line_1_47' title="bbox 949 2807 2009 2905; baseline 0.012 -12"><span class='ocrx_word' id='word_1_303' title='bbox 949 2807 1242 2899; x_wconf 90' lang='grc' dir='ltr'>ΠΡΟΣ</span> <span class='ocrx_word' id='word_1_304' title='bbox 1306 2815 1599 2903; x_wconf 87' lang='grc' dir='ltr'><strong>ΤΟΥΣ</strong></span> <span class='ocrx_word' id='word_1_305' title='bbox 1676 2808 1851 2905; x_wconf 82' lang='grc' dir='ltr'><strong>ΥΦ’</strong></span> <span class='ocrx_word' id='word_1_306' title='bbox 1913 2823 2009 2905; x_wconf 65' lang='grc' dir='ltr'><strong>ΕΑ</strong></span> 
     </span>
    </p>
   </div>
   <div class='ocr_carea' id='block_1_48' title="bbox 2125 2766 3172 2945">
    <p class='ocr_par' dir='ltr' id='par_1_48' title="bbox 2125 2766 3172 2922">
     <span class='ocr_line' id='line_1_48' title="bbox 2125 2766 3172 2922; baseline 0.012 -14"><span class='ocrx_word' id='word_1_307' title='bbox 2125 2823 2362 2909; x_wconf 79' lang='lat' dir='ltr'><strong>’TON</strong></span> <span class='ocrx_word' id='word_1_308' title='bbox 2433 2766 3172 2922; x_wconf 71' lang='grc' dir='ltr'><strong>ΕΠΙΣΚΟΠΟΥΣ</strong></span> 
     </span>
    </p>
   </div>
   <div class='ocr_carea' id='block_1_49' title="bbox 1452 3000 2697 3079">
    <p class='ocr_par' dir='ltr' id='par_1_49' title="bbox 1452 3000 2697 3079">
     <span class='ocr_line' id='line_1_49' title="bbox 1452 3000 2697 3079; baseline 0.005 -22"><span class='ocrx_word' id='word_1_309' title='bbox 1452 3000 1634 3057; x_wconf 77' lang='grc' dir='ltr'>Ὥστε</span> <span class='ocrx_word' id='word_1_310' title='bbox 1653 3004 1741 3072; x_wconf 71' lang='grc' dir='ltr'>μὴ</span> <span class='ocrx_word' id='word_1_311' title='bbox 1786 3008 2148 3074; x_wconf 65' lang='grc' dir='ltr'>χειροτονεῖν</span> <span class='ocrx_word' id='word_1_312' title='bbox 2195 3009 2291 3063; x_wconf 76' lang='grc' dir='ltr'><strong>ἐπὶ</strong></span> <span class='ocrx_word' id='word_1_313' title='bbox 2342 3010 2697 3079; x_wconf 43' lang='grc' dir='ltr'>χρήμασιν(</span> 
     </span>
    </p>
   </div>
   <div class='ocr_carea' id='block_1_50' title="bbox 2028 3194 2101 3211">
    <p class='ocr_par' dir='ltr' id='par_1_50' title="bbox 2028 3194 2101 3211">
     <span class='ocr_line' id='line_1_50' title="bbox 2028 3194 2101 3211; baseline 0 -3"><span class='ocrx_word' id='word_1_314' title='bbox 2028 3194 2101 3211; x_wconf 50' lang='grc' dir='ltr'><em>φ</em></span> 
     </span>
    </p>
   </div>
   <div class='ocr_carea' id='block_1_51' title="bbox 1753 3355 2379 3470">
    <p class='ocr_par' dir='ltr' id='par_1_51' title="bbox 1753 3355 2379 3470">
     <span class='ocr_line' id='line_1_51' title="bbox 1753 3355 2379 3470; baseline 0.006 -5"><span class='ocrx_word' id='word_1_315' title='bbox 1753 3359 1892 3470; x_wconf 75' lang='grc' dir='ltr'><strong>Ε]</strong></span> <span class='ocrx_word' id='word_1_316' title='bbox 1917 3355 2379 3469; x_wconf 87' lang='lat' dir='ltr'>USDEM</span> 
     </span>
    </p>
   </div>
   <div class='ocr_carea' id='block_1_52' title="bbox 1090 3590 3020 3705">
    <p class='ocr_par' dir='ltr' id='par_1_52' title="bbox 1090 3590 3020 3705">
     <span class='ocr_line' id='line_1_52' title="bbox 1090 3590 3020 3705; baseline 0.008 -18"><span class='ocrx_word' id='word_1_317' title='bbox 1090 3600 1237 3689; x_wconf 88' lang='lat' dir='ltr'><strong>AD</strong></span> <span class='ocrx_word' id='word_1_318' title='bbox 1320 3603 1965 3698; x_wconf 74' lang='lat' dir='ltr'><strong>EPISCOPOS</strong></span> <span class='ocrx_word' id='word_1_319' title='bbox 2037 3610 2271 3699; x_wconf 78' lang='lat' dir='ltr'><strong>SIBI</strong></span> <span class='ocrx_word' id='word_1_320' title='bbox 2350 3610 3020 3705; x_wconf 72' lang='lat' dir='ltr'><strong>SUBJECTOS</strong></span> 
     </span>
    </p>
   </div>
   <div class='ocr_carea' id='block_1_53' title="bbox 1502 3807 2591 3887">
    <p class='ocr_par' dir='ltr' id='par_1_53' title="bbox 1502 3807 2591 3887">
     <span class='ocr_line' id='line_1_53' title="bbox 1502 3807 2591 3887; baseline 0.007 -20"><span class='ocrx_word' id='word_1_321' title='bbox 1502 3807 1594 3871; x_wconf 85' lang='lat' dir='ltr'><strong>Ne</strong></span> <span class='ocrx_word' id='word_1_322' title='bbox 1617 3817 1889 3887; x_wconf 81' lang='lat' dir='ltr'><strong>propter</strong></span> <span class='ocrx_word' id='word_1_323' title='bbox 1923 3809 2225 3886; x_wconf 78' lang='lat' dir='ltr'><strong>pecunias</strong></span> <span class='ocrx_word' id='word_1_324' title='bbox 2275 3812 2591 3879; x_wconf 79' lang='lat' dir='ltr'><strong>ordinent.</strong></span> 
     </span>
    </p>
   </div>
   <div class='ocr_carea' id='block_1_54' title="bbox 857 4056 1424 4129">
    <p class='ocr_par' dir='ltr' id='par_1_54' title="bbox 857 4056 1424 4129">
     <span class='ocr_line' id='line_1_54' title="bbox 857 4056 1424 4129; baseline -0.012 0"><span class='ocrx_word' id='word_1_325' title='bbox 857 4056 1013 4129; x_wconf 71' lang='grc'><strong>145</strong></span> <span class='ocrx_word' id='word_1_326' title='bbox 1031 4066 1262 4123; x_wconf 58' lang='lat' dir='ltr'><strong>canon</strong></span> <span class='ocrx_word' id='word_1_327' title='bbox 1288 4067 1424 4122; x_wconf 77' lang='lat' dir='ltr'><strong>xei.</strong></span> 
     </span>
    </p>
   </div>
   <div class='ocr_carea' id='block_1_55' title="bbox 2027 3985 2097 4003">
    <p class='ocr_par' dir='ltr' id='par_1_55' title="bbox 2027 3985 2097 4003">
     <span class='ocr_line' id='line_1_55' title="bbox 2027 3985 2097 4003; baseline -0.029 0"><span class='ocrx_word' id='word_1_328' title='bbox 2027 3985 2097 4003; x_wconf 70' lang='grc' dir='ltr'><strong>-ι-ι-</strong></span> 
     </span>
    </p>
   </div>
   <div class='ocr_carea' id='block_1_56' title="bbox 3152 3982 3179 3998">
    <p class='ocr_par' dir='ltr' id='par_1_56' title="bbox 3152 3982 3179 3998">
     <span class='ocr_line' id='line_1_56' title="bbox 3152 3982 3179 3998; baseline 0 0"><span class='ocrx_word' id='word_1_329' title='bbox 3152 3982 3179 3998; x_wconf 66' lang='grc' dir='ltr'><strong><em>4ο</em></strong></span> 
     </span>
    </p>
   </div>
   <div class='ocr_carea' id='block_1_57' title="bbox 2723 4068 3118 4138">
    <p class='ocr_par' dir='ltr' id='par_1_57' title="bbox 2723 4068 3118 4138">
     <span class='ocr_line' id='line_1_57' title="bbox 2723 4068 3118 4138; baseline 0.013 -16"><span class='ocrx_word' id='word_1_330' title='bbox 2723 4069 2961 4125; x_wconf 81' lang='grc' dir='ltr'><strong>ΚΑΝΩΝ</strong></span> <span class='ocrx_word' id='word_1_331' title='bbox 2995 4068 3118 4138; x_wconf 67' lang='grc' dir='ltr'><strong>ιιΑ’.</strong></span> 
     </span>
    </p>
   </div>
   <div class='ocr_carea' id='block_1_58' title="bbox 414 4144 2009 4243">
    <p class='ocr_par' dir='ltr' id='par_1_58' title="bbox 414 4158 2009 4233">
     <span class='ocr_line' id='line_1_58' title="bbox 414 4158 2009 4233; baseline 0.001 -17"><span class='ocrx_word' id='word_1_332' title='bbox 414 4158 439 4171; x_wconf 82' lang='grc'><em>’</em></span> <span class='ocrx_word' id='word_1_333' title='bbox 498 4160 596 4216; x_wconf 77' lang='lat' dir='ltr'><strong>Rei</strong></span> <span class='ocrx_word' id='word_1_334' title='bbox 647 4160 947 4231; x_wconf 84' lang='lat' dir='ltr'><strong>turpitudo,</strong></span> <span class='ocrx_word' id='word_1_335' title='bbox 1000 4163 1065 4214; x_wconf 87' lang='lat' dir='ltr'><strong>de</strong></span> <span class='ocrx_word' id='word_1_336' title='bbox 1130 4177 1233 4230; x_wconf 82' lang='lat' dir='ltr'><strong>qua</strong></span> <span class='ocrx_word' id='word_1_337' title='bbox 1282 4162 1484 4228; x_wconf 83' lang='lat' dir='ltr'><strong>scribo,</strong></span> <span class='ocrx_word' id='word_1_338' title='bbox 1536 4162 1640 4217; x_wconf 77' lang='lat' dir='ltr'><strong>llOC</strong></span> <span class='ocrx_word' id='word_1_339' title='bbox 1697 4162 1813 4233; x_wconf 85' lang='lat' dir='ltr'><strong>ipso</strong></span> <span class='ocrx_word' id='word_1_340' title='bbox 1871 4162 2009 4231; x_wconf 80' lang='lat' dir='ltr'><strong>quod</strong></span> 
     </span>
    </p>
   </div>
   <div class='ocr_carea' id='block_1_59' title="bbox 2125 4144 3693 4243">
    <p class='ocr_par' dir='ltr' id='par_1_59' title="bbox 2187 4157 3693 4243">
     <span class='ocr_line' id='line_1_59' title="bbox 2187 4157 3693 4243; baseline -0.001 -28"><span class='ocrx_word' id='word_1_341' title='bbox 2187 4161 2264 4215; x_wconf 85' lang='grc' dir='ltr'><strong>Τὸ</strong></span> <span class='ocrx_word' id='word_1_342' title='bbox 2318 4159 2418 4214; x_wconf 82' lang='grc' dir='ltr'>τοῦ</span> <span class='ocrx_word' id='word_1_343' title='bbox 2493 4160 2821 4243; x_wconf 82' lang='grc' dir='ltr'>πράγματος</span> <span class='ocrx_word' id='word_1_344' title='bbox 2897 4161 3124 4243; x_wconf 77' lang='grc' dir='ltr'>ἄτοπον,</span> <span class='ocrx_word' id='word_1_345' title='bbox 3171 4162 3314 4243; x_wconf 15' lang='grc' dir='ltr'>*περὶ</span> <span class='ocrx_word' id='word_1_346' title='bbox 3368 4157 3430 4243; x_wconf 73' lang='grc' dir='ltr'>ού</span> <span class='ocrx_word' id='word_1_347' title='bbox 3489 4157 3693 4243; x_wconf 55' lang='grc' dir='ltr'>γράφω»</span> 
     </span>
    </p>
   </div>
   <div class='ocr_carea' id='block_1_60' title="bbox 445 4245 2000 4316">
    <p class='ocr_par' dir='ltr' id='par_1_60' title="bbox 445 4245 2000 4316">
     <span class='ocr_line' id='line_1_60' title="bbox 445 4245 2000 4316; baseline -0.005 -11"><span class='ocrx_word' id='word_1_348' title='bbox 445 4250 499 4305; x_wconf 87' lang='lat' dir='ltr'><strong>in</strong></span> <span class='ocrx_word' id='word_1_349' title='bbox 527 4249 888 4316; x_wconf 84' lang='lat' dir='ltr'><strong>suspicionem</strong></span> <span class='ocrx_word' id='word_1_350' title='bbox 919 4245 1138 4298; x_wconf 88' lang='lat' dir='ltr'><strong>omnino</strong></span> <span class='ocrx_word' id='word_1_351' title='bbox 1157 4245 1302 4298; x_wconf 79' lang='lat' dir='ltr'><strong>venit</strong></span> <span class='ocrx_word' id='word_1_352' title='bbox 1333 4259 1395 4298; x_wconf 88' lang='lat' dir='ltr'><strong>ac</strong></span> <span class='ocrx_word' id='word_1_353' title='bbox 1423 4258 1767 4309; x_wconf 84' lang='lat' dir='ltr'><strong>sermonem,</strong></span> <span class='ocrx_word' id='word_1_354' title='bbox 1813 4245 2000 4298; x_wconf 89' lang='lat' dir='ltr'><strong>dolore</strong></span> 
     </span>
    </p>
   </div>
   <div class='ocr_carea' id='block_1_61' title="bbox 443 4337 2003 4405">
    <p class='ocr_par' dir='ltr' id='par_1_61' title="bbox 443 4337 2003 4405">
     <span class='ocr_line' id='line_1_61' title="bbox 443 4337 2003 4405; baseline -0.001 -11"><span class='ocrx_word' id='word_1_355' title='bbox 443 4343 680 4394; x_wconf 89' lang='lat' dir='ltr'><strong>animmn</strong></span> <span class='ocrx_word' id='word_1_356' title='bbox 732 4354 908 4393; x_wconf 89' lang='lat' dir='ltr'><strong>meum</strong></span> <span class='ocrx_word' id='word_1_357' title='bbox 940 4337 1225 4405; x_wconf 77' lang='lat' dir='ltr'><strong>implevit:</strong></span> <span class='ocrx_word' id='word_1_358' title='bbox 1273 4337 1535 4390; x_wconf 86' lang='lat' dir='ltr'><strong>hactenus</strong></span> <span class='ocrx_word' id='word_1_359' title='bbox 1583 4351 1714 4390; x_wconf 85' lang='lat' dir='ltr'><strong>sane</strong></span> <span class='ocrx_word' id='word_1_360' title='bbox 1758 4337 1871 4391; x_wconf 85' lang='lat' dir='ltr'><strong>visa</strong></span> <span class='ocrx_word' id='word_1_361' title='bbox 1920 4344 2003 4392; x_wconf 87' lang='lat' dir='ltr'><strong>est</strong></span> 
     </span>
    </p>
   </div>
   <div class='ocr_carea' id='block_1_62' title="bbox 443 4426 2002 4495">
    <p class='ocr_par' dir='ltr' id='par_1_62' title="bbox 443 4426 2002 4495">
     <span class='ocr_line' id='line_1_62' title="bbox 443 4426 2002 4495; baseline -0.003 -10"><span class='ocrx_word' id='word_1_362' title='bbox 443 4432 574 4485; x_wconf 89' lang='lat' dir='ltr'><strong>mihi</strong></span> <span class='ocrx_word' id='word_1_363' title='bbox 622 4428 975 4484; x_wconf 85' lang='lat' dir='ltr'><strong>incredibilis.</strong></span> <span class='ocrx_word' id='word_1_364' title='bbox 1029 4426 1183 4491; x_wconf 83' lang='lat' dir='ltr'><strong>Quod</strong></span> <span class='ocrx_word' id='word_1_365' title='bbox 1233 4441 1364 4494; x_wconf 76' lang='lat' dir='ltr'><strong>ergo</strong></span> <span class='ocrx_word' id='word_1_366' title='bbox 1412 4426 1479 4480; x_wconf 85' lang='lat' dir='ltr'><strong>de</strong></span> <span class='ocrx_word' id='word_1_367' title='bbox 1525 4426 1613 4478; x_wconf 85' lang='lat' dir='ltr'><strong>illa</strong></span> <span class='ocrx_word' id='word_1_368' title='bbox 1655 4427 1876 4491; x_wconf 84' lang='lat' dir='ltr'><strong>scribo,</strong></span> <span class='ocrx_word' id='word_1_369' title='bbox 1908 4427 2002 4495; x_wconf 90' lang='lat' dir='ltr'><strong>qui</strong></span> 
     </span>
    </p>
   </div>
   <div class='ocr_carea' id='block_1_63' title="bbox 444 4514 2001 4590">
    <p class='ocr_par' dir='ltr' id='par_1_63' title="bbox 444 4514 2001 4590">
     <span class='ocr_line' id='line_1_63' title="bbox 444 4514 2001 4590; baseline 0.002 -23"><span class='ocrx_word' id='word_1_370' title='bbox 444 4522 549 4576; x_wconf 77' lang='lat' dir='ltr'><strong>sibi</strong></span> <span class='ocrx_word' id='word_1_371' title='bbox 593 4520 707 4590; x_wconf 90' lang='lat' dir='ltr'><strong>ipse</strong></span> <span class='ocrx_word' id='word_1_372' title='bbox 747 4518 1003 4573; x_wconf 89' lang='lat' dir='ltr'><strong>conscius</strong></span> <span class='ocrx_word' id='word_1_373' title='bbox 1043 4525 1158 4579; x_wconf 88' lang='lat' dir='ltr'><strong>est,</strong></span> <span class='ocrx_word' id='word_1_374' title='bbox 1197 4516 1427 4583; x_wconf 86' lang='lat' dir='ltr'><strong>accipiat</strong></span> <span class='ocrx_word' id='word_1_375' title='bbox 1473 4522 1532 4567; x_wconf 87' lang='lat' dir='ltr'><strong>ut</strong></span> <span class='ocrx_word' id='word_1_376' title='bbox 1580 4514 1879 4580; x_wconf 81' lang='lat' dir='ltr'><strong>medelam;</strong></span> <span class='ocrx_word' id='word_1_377' title='bbox 1909 4516 2001 4584; x_wconf 87' lang='lat' dir='ltr'><strong>qui</strong></span> 
     </span>
    </p>
   </div>
   <div class='ocr_carea' id='block_1_64' title="bbox 445 4603 2004 4673">
    <p class='ocr_par' dir='ltr' id='par_1_64' title="bbox 445 4603 2004 4673">
     <span class='ocr_line' id='line_1_64' title="bbox 445 4603 2004 4673; baseline -0.005 -9"><span class='ocrx_word' id='word_1_378' title='bbox 445 4620 620 4665; x_wconf 78' lang='lat' dir='ltr'><strong>autent</strong></span> <span class='ocrx_word' id='word_1_379' title='bbox 672 4626 780 4663; x_wconf 86' lang='lat' dir='ltr'><strong>non</strong></span> <span class='ocrx_word' id='word_1_380' title='bbox 831 4608 1123 4670; x_wconf 87' lang='lat' dir='ltr'><strong>conscius,</strong></span> <span class='ocrx_word' id='word_1_381' title='bbox 1184 4612 1243 4657; x_wconf 91' lang='lat' dir='ltr'><strong>ut</strong></span> <span class='ocrx_word' id='word_1_382' title='bbox 1300 4603 1804 4673; x_wconf 73' lang='lat' dir='ltr'><strong>prmmunitionem;</strong></span> <span class='ocrx_word' id='word_1_383' title='bbox 1841 4603 2004 4658; x_wconf 79' lang='lat' dir='ltr'><strong>indif-</strong></span> 
     </span>
    </p>
   </div>
   <div class='ocr_carea' id='block_1_65' title="bbox 449 4693 2003 4767">
    <p class='ocr_par' dir='ltr' id='par_1_65' title="bbox 449 4693 2003 4767">
     <span class='ocr_line' id='line_1_65' title="bbox 449 4693 2003 4767; baseline -0.004 -11"><span class='ocrx_word' id='word_1_384' title='bbox 449 4705 625 4757; x_wconf 81' lang='lat' dir='ltr'><strong>I&#39;erens</strong></span> <span class='ocrx_word' id='word_1_385' title='bbox 655 4716 819 4765; x_wconf 84' lang='lat' dir='ltr'><strong>vero,</strong></span> <span class='ocrx_word' id='word_1_386' title='bbox 870 4696 1011 4767; x_wconf 88' lang='lat' dir='ltr'><strong>quod</strong></span> <span class='ocrx_word' id='word_1_387' title='bbox 1057 4695 1273 4765; x_wconf 87' lang='lat' dir='ltr'><strong>quidem</strong></span> <span class='ocrx_word' id='word_1_388' title='bbox 1321 4694 1583 4763; x_wconf 87' lang='lat' dir='ltr'><strong>deprecor</strong></span> <span class='ocrx_word' id='word_1_389' title='bbox 1636 4709 1703 4746; x_wconf 87' lang='lat' dir='ltr'><strong>ne</strong></span> <span class='ocrx_word' id='word_1_390' title='bbox 1746 4693 1802 4747; x_wconf 90' lang='lat' dir='ltr'><strong>in</strong></span> <span class='ocrx_word' id='word_1_391' title='bbox 1848 4695 2003 4749; x_wconf 75' lang='lat' dir='ltr'><strong>vobis</strong></span> 
     </span>
    </p>
   </div>
   <div class='ocr_carea' id='block_1_66' title="bbox 446 4782 2023 4861">
    <p class='ocr_par' dir='ltr' id='par_1_66' title="bbox 446 4782 2023 4861">
     <span class='ocr_line' id='line_1_66' title="bbox 446 4782 2023 4861; baseline -0.006 -15"><span class='ocrx_word' id='word_1_392' title='bbox 446 4792 767 4861; x_wconf 73' lang='lat' dir='ltr'><strong>reperiatur,</strong></span> <span class='ocrx_word' id='word_1_393' title='bbox 797 4798 854 4843; x_wconf 90' lang='lat' dir='ltr'><strong>ut</strong></span> <span class='ocrx_word' id='word_1_394' title='bbox 884 4786 1319 4842; x_wconf 83' lang='lat' dir='ltr'><strong>obtestationem.</strong></span> <span class='ocrx_word' id='word_1_395' title='bbox 1354 4782 1494 4848; x_wconf 82' lang='lat' dir='ltr'><strong>Quid</strong></span> <span class='ocrx_word' id='word_1_396' title='bbox 1516 4790 1696 4837; x_wconf 88' lang='lat' dir='ltr'><strong>autem</strong></span> <span class='ocrx_word' id='word_1_397' title='bbox 1728 4791 1830 4850; x_wconf 79' lang='lat' dir='ltr'><strong>est,</strong></span> <span class='ocrx_word' id='word_1_398' title='bbox 1860 4783 2023 4853; x_wconf 58' lang='lat' dir='ltr'><strong>quod.</strong></span> 
     </span>
    </p>
   </div>
   <div class='ocr_carea' id='block_1_67' title="bbox 445 4872 2002 4942">
    <p class='ocr_par' dir='ltr' id='par_1_67' title="bbox 445 4872 2002 4942">
     <span class='ocr_line' id='line_1_67' title="bbox 445 4872 2002 4942; baseline -0.003 -11"><span class='ocrx_word' id='word_1_399' title='bbox 445 4879 606 4932; x_wconf 82' lang='lat' dir='ltr'><strong>diuo?</strong></span> <span class='ocrx_word' id='word_1_400' title='bbox 637 4874 896 4930; x_wconf 81' lang='lat' dir='ltr'><strong>Dicuntur</strong></span> <span class='ocrx_word' id='word_1_401' title='bbox 926 4873 1169 4928; x_wconf 89' lang='lat' dir='ltr'><strong>nonnulli</strong></span> <span class='ocrx_word' id='word_1_402' title='bbox 1207 4888 1273 4927; x_wconf 86' lang='lat' dir='ltr'><strong>ex</strong></span> <span class='ocrx_word' id='word_1_403' title='bbox 1305 4872 1457 4926; x_wconf 87' lang='lat' dir='ltr'><strong>vobis</strong></span> <span class='ocrx_word' id='word_1_404' title='bbox 1488 4872 1556 4925; x_wconf 86' lang='lat' dir='ltr'><strong>ab</strong></span> <span class='ocrx_word' id='word_1_405' title='bbox 1611 4873 1676 4925; x_wconf 88' lang='lat' dir='ltr'><strong>iis</strong></span> <span class='ocrx_word' id='word_1_406' title='bbox 1731 4873 1820 4942; x_wconf 90' lang='lat' dir='ltr'><strong>qui</strong></span> <span class='ocrx_word' id='word_1_407' title='bbox 1853 4872 2002 4927; x_wconf 88' lang='lat' dir='ltr'><strong>ordi-</strong></span> 
     </span>
    </p>
   </div>
   <div class='ocr_carea' id='block_1_68' title="bbox 448 4959 2006 5035">
    <p class='ocr_par' dir='ltr' id='par_1_68' title="bbox 448 4959 2006 5035">
     <span class='ocr_line' id='line_1_68' title="bbox 448 4959 2006 5035; baseline -0.001 -16"><span class='ocrx_word' id='word_1_408' title='bbox 448 4976 681 5028; x_wconf 88' lang='lat' dir='ltr'><strong>nantur,</strong></span> <span class='ocrx_word' id='word_1_409' title='bbox 716 4965 975 5035; x_wconf 86' lang='lat' dir='ltr'><strong>pecunias</strong></span> <span class='ocrx_word' id='word_1_410' title='bbox 1007 4959 1250 5032; x_wconf 82' lang='lat' dir='ltr'><strong>accipere</strong></span> <span class='ocrx_word' id='word_1_411' title='bbox 1277 5003 1291 5026; x_wconf 94' lang='lat'><strong>,</strong></span> <span class='ocrx_word' id='word_1_412' title='bbox 1322 4963 1484 5031; x_wconf 84' lang='lat' dir='ltr'><strong>idque</strong></span> <span class='ocrx_word' id='word_1_413' title='bbox 1532 4962 1747 5031; x_wconf 88' lang='lat' dir='ltr'><strong>pietatis</strong></span> <span class='ocrx_word' id='word_1_414' title='bbox 1786 4963 2006 5017; x_wconf 89' lang='lat' dir='ltr'><strong>nomine</strong></span> 
     </span>
    </p>
   </div>
   <div class='ocr_carea' id='block_1_69' title="bbox 448 5052 2006 5124">
    <p class='ocr_par' dir='ltr' id='par_1_69' title="bbox 448 5052 2006 5124">
     <span class='ocr_line' id='line_1_69' title="bbox 448 5052 2006 5124; baseline -0.004 -10"><span class='ocrx_word' id='word_1_415' title='bbox 448 5060 779 5114; x_wconf 85' lang='lat' dir='ltr'><strong>iuumbrare.</strong></span> <span class='ocrx_word' id='word_1_416' title='bbox 817 5055 929 5111; x_wconf 78' lang='lat' dir='ltr'><strong>Hoc</strong></span> <span class='ocrx_word' id='word_1_417' title='bbox 964 5063 1141 5110; x_wconf 90' lang='lat' dir='ltr'><strong>autem</strong></span> <span class='ocrx_word' id='word_1_418' title='bbox 1178 5054 1331 5124; x_wconf 81' lang='lat' dir='ltr'><strong>pejus</strong></span> <span class='ocrx_word' id='word_1_419' title='bbox 1378 5060 1478 5106; x_wconf 90' lang='lat' dir='ltr'><strong>est.</strong></span> <span class='ocrx_word' id='word_1_420' title='bbox 1525 5052 1735 5107; x_wconf 84' lang='lat' dir='ltr'><strong>Etenim</strong></span> <span class='ocrx_word' id='word_1_421' title='bbox 1791 5054 1837 5108; x_wconf 91' lang='lat' dir='ltr'><strong>si</strong></span> <span class='ocrx_word' id='word_1_422' title='bbox 1881 5053 2006 5122; x_wconf 78' lang='lat' dir='ltr'><strong>quis</strong></span> 
     </span>
    </p>
   </div>
   <div class='ocr_carea' id='block_1_70' title="bbox 448 5146 2007 5218">
    <p class='ocr_par' dir='ltr' id='par_1_70' title="bbox 448 5146 2007 5218">
     <span class='ocr_line' id='line_1_70' title="bbox 448 5146 2007 5218; baseline -0.002 -13"><span class='ocrx_word' id='word_1_423' title='bbox 448 5152 647 5205; x_wconf 88' lang='lat' dir='ltr'><strong>malum</strong></span> <span class='ocrx_word' id='word_1_424' title='bbox 703 5150 807 5204; x_wconf 87' lang='lat' dir='ltr'><strong>sub</strong></span> <span class='ocrx_word' id='word_1_425' title='bbox 859 5149 1039 5218; x_wconf 85' lang='lat' dir='ltr'><strong>specie</strong></span> <span class='ocrx_word' id='word_1_426' title='bbox 1096 5148 1221 5201; x_wconf 88' lang='lat' dir='ltr'><strong>boni</strong></span> <span class='ocrx_word' id='word_1_427' title='bbox 1280 5147 1528 5215; x_wconf 82' lang='lat' dir='ltr'><strong>perlicit,</strong></span> <span class='ocrx_word' id='word_1_428' title='bbox 1587 5160 1744 5212; x_wconf 85' lang='lat' dir='ltr'><strong>poena</strong></span> <span class='ocrx_word' id='word_1_429' title='bbox 1802 5146 2007 5215; x_wconf 84' lang='lat' dir='ltr'><strong>duplici</strong></span> 
     </span>
    </p>
   </div>
   <div class='ocr_carea' id='block_1_71' title="bbox 447 5236 2005 5312">
    <p class='ocr_par' dir='ltr' id='par_1_71' title="bbox 447 5236 2005 5312">
     <span class='ocr_line' id='line_1_71' title="bbox 447 5236 2005 5312; baseline -0.001 -18"><span class='ocrx_word' id='word_1_430' title='bbox 447 5248 643 5312; x_wconf 77' lang='lat' dir='ltr'><strong>dignus</strong></span> <span class='ocrx_word' id='word_1_431' title='bbox 669 5249 782 5296; x_wconf 88' lang='lat' dir='ltr'><strong>est:</strong></span> <span class='ocrx_word' id='word_1_432' title='bbox 817 5240 1250 5311; x_wconf 71' lang='lat' dir='ltr'><strong>quandoquidem</strong></span> <span class='ocrx_word' id='word_1_433' title='bbox 1276 5247 1328 5292; x_wconf 89' lang='lat' dir='ltr'><strong>et</strong></span> <span class='ocrx_word' id='word_1_434' title='bbox 1359 5236 1502 5307; x_wconf 91' lang='lat' dir='ltr'><strong>quod</strong></span> <span class='ocrx_word' id='word_1_435' title='bbox 1529 5252 1635 5292; x_wconf 88' lang='lat' dir='ltr'><strong>non</strong></span> <span class='ocrx_word' id='word_1_436' title='bbox 1665 5244 1864 5291; x_wconf 85' lang='lat' dir='ltr'><strong>bonum</strong></span> <span class='ocrx_word' id='word_1_437' title='bbox 1899 5248 2005 5300; x_wconf 65' lang='lat' dir='ltr'><strong>est.</strong></span> 
     </span>
    </p>
   </div>
   <div class='ocr_carea' id='block_1_72' title="bbox 451 5326 2005 5399">
    <p class='ocr_par' dir='ltr' id='par_1_72' title="bbox 451 5326 2005 5399">
     <span class='ocr_line' id='line_1_72' title="bbox 451 5326 2005 5399; baseline -0.003 -14"><span class='ocrx_word' id='word_1_438' title='bbox 451 5333 598 5394; x_wconf 84' lang='lat' dir='ltr'><strong>l&#39;acit,</strong></span> <span class='ocrx_word' id='word_1_439' title='bbox 634 5340 687 5384; x_wconf 84' lang='lat' dir='ltr'><strong>et</strong></span> <span class='ocrx_word' id='word_1_440' title='bbox 720 5332 892 5383; x_wconf 89' lang='lat' dir='ltr'><strong>utitur</strong></span> <span class='ocrx_word' id='word_1_441' title='bbox 937 5329 1002 5383; x_wconf 82' lang='lat' dir='ltr'><strong>ad</strong></span> <span class='ocrx_word' id='word_1_442' title='bbox 1044 5336 1323 5399; x_wconf 81' lang='lat' dir='ltr'><strong>peccatum</strong></span> <span class='ocrx_word' id='word_1_443' title='bbox 1357 5326 1805 5380; x_wconf 85' lang='lat' dir='ltr'><strong>committendum</strong></span> <span class='ocrx_word' id='word_1_444' title='bbox 1840 5329 2005 5389; x_wconf 86' lang='lat' dir='ltr'><strong>bono,</strong></span> 
     </span>
    </p>
   </div>
   <div class='ocr_carea' id='block_1_73' title="bbox 450 5417 2007 5489">
    <p class='ocr_par' dir='ltr' id='par_1_73' title="bbox 450 5417 2007 5489">
     <span class='ocr_line' id='line_1_73' title="bbox 450 5417 2007 5489; baseline -0.001 -14"><span class='ocrx_word' id='word_1_445' title='bbox 450 5433 509 5475; x_wconf 94' lang='lat' dir='ltr'><strong>ut</strong></span> <span class='ocrx_word' id='word_1_446' title='bbox 565 5424 636 5476; x_wconf 89' lang='lat' dir='ltr'><strong>ita</strong></span> <span class='ocrx_word' id='word_1_447' title='bbox 688 5423 897 5488; x_wconf 85' lang='lat' dir='ltr'><strong>dicam,</strong></span> <span class='ocrx_word' id='word_1_448' title='bbox 958 5420 1224 5489; x_wconf 69' lang='lat' dir='ltr'><strong>adiutore.</strong></span> <span class='ocrx_word' id='word_1_449' title='bbox 1280 5417 1404 5473; x_wconf 61' lang='lat' dir='ltr'><strong>Ilaec</strong></span> <span class='ocrx_word' id='word_1_450' title='bbox 1450 5418 1496 5472; x_wconf 88' lang='lat' dir='ltr'><strong>si</strong></span> <span class='ocrx_word' id='word_1_451' title='bbox 1552 5418 1626 5471; x_wconf 87' lang='lat' dir='ltr'><strong>ita</strong></span> <span class='ocrx_word' id='word_1_452' title='bbox 1680 5433 1738 5472; x_wconf 87' lang='lat' dir='ltr'><strong>se</strong></span> <span class='ocrx_word' id='word_1_453' title='bbox 1786 5419 2007 5483; x_wconf 76' lang='lat' dir='ltr'><strong>habent,</strong></span> 
     </span>
    </p>
   </div>
   <div class='ocr_carea' id='block_1_74' title="bbox 385 5509 2007 5584">
    <p class='ocr_par' dir='ltr' id='par_1_74' title="bbox 385 5509 2007 5584">
     <span class='ocr_line' id='line_1_74' title="bbox 385 5509 2007 5584; baseline -0.003 -17"><span class='ocrx_word' id='word_1_454' title='bbox 385 5538 390 5543; x_wconf 57' lang='grc' dir='ltr'><strong>ι</strong></span> <span class='ocrx_word' id='word_1_455' title='bbox 449 5516 705 5584; x_wconf 75' lang='lat' dir='ltr'><strong>deinceps</strong></span> <span class='ocrx_word' id='word_1_456' title='bbox 758 5529 864 5567; x_wconf 92' lang='lat' dir='ltr'><strong>nou</strong></span> <span class='ocrx_word' id='word_1_457' title='bbox 924 5513 1092 5572; x_wconf 83' lang='lat' dir='ltr'><strong>llant,</strong></span> <span class='ocrx_word' id='word_1_458' title='bbox 1144 5512 1237 5566; x_wconf 83' lang='lat' dir='ltr'><strong>sed</strong></span> <span class='ocrx_word' id='word_1_459' title='bbox 1299 5510 1689 5565; x_wconf 86' lang='lat' dir='ltr'><strong>emendentur:</strong></span> <span class='ocrx_word' id='word_1_460' title='bbox 1740 5509 2007 5579; x_wconf 81' lang='lat' dir='ltr'><strong>siquidem</strong></span> 
     </span>
    </p>
   </div>
   <div class='ocr_carea' id='block_1_75' title="bbox 453 5601 2010 5672">
    <p class='ocr_par' dir='ltr' id='par_1_75' title="bbox 453 5601 2010 5672">
     <span class='ocr_line' id='line_1_75' title="bbox 453 5601 2010 5672; baseline -0.002 -14"><span class='ocrx_word' id='word_1_461' title='bbox 453 5622 675 5662; x_wconf 71' lang='lat' dir='ltr'><strong>necesse</strong></span> <span class='ocrx_word' id='word_1_462' title='bbox 717 5614 799 5660; x_wconf 87' lang='lat' dir='ltr'><strong>est</strong></span> <span class='ocrx_word' id='word_1_463' title='bbox 835 5604 1016 5658; x_wconf 88' lang='lat' dir='ltr'><strong>dicere</strong></span> <span class='ocrx_word' id='word_1_464' title='bbox 1065 5612 1345 5672; x_wconf 81' lang='lat' dir='ltr'><strong>argentum</strong></span> <span class='ocrx_word' id='word_1_465' title='bbox 1393 5601 1714 5671; x_wconf 88' lang='lat' dir='ltr'><strong>accipienti,</strong></span> <span class='ocrx_word' id='word_1_466' title='bbox 1767 5601 1911 5671; x_wconf 87' lang='lat' dir='ltr'><strong>quod</strong></span> <span class='ocrx_word' id='word_1_467' title='bbox 1942 5604 2010 5655; x_wconf 84' lang='lat' dir='ltr'><strong>ab</strong></span> 
     </span>
    </p>
   </div>
   <div class='ocr_carea' id='block_1_76' title="bbox 451 5690 2005 5764">
    <p class='ocr_par' dir='ltr' id='par_1_76' title="bbox 451 5690 2005 5764">
     <span class='ocr_line' id='line_1_76' title="bbox 451 5690 2005 5764; baseline -0.003 -15"><span class='ocrx_word' id='word_1_468' title='bbox 451 5698 715 5764; x_wconf 82' lang='lat' dir='ltr'><strong>apostolis</strong></span> <span class='ocrx_word' id='word_1_469' title='bbox 752 5696 954 5751; x_wconf 86' lang='lat' dir='ltr'><strong>dictum</strong></span> <span class='ocrx_word' id='word_1_470' title='bbox 986 5704 1067 5749; x_wconf 88' lang='lat' dir='ltr'><strong>est</strong></span> <span class='ocrx_word' id='word_1_471' title='bbox 1097 5692 1144 5745; x_wconf 89' lang='lat' dir='ltr'><strong>ei</strong></span> <span class='ocrx_word' id='word_1_472' title='bbox 1174 5732 1184 5755; x_wconf 90' lang='lat'><strong>,</strong></span> <span class='ocrx_word' id='word_1_473' title='bbox 1232 5691 1322 5760; x_wconf 88' lang='lat' dir='ltr'><strong>qui</strong></span> <span class='ocrx_word' id='word_1_474' title='bbox 1354 5691 1482 5745; x_wconf 88' lang='lat' dir='ltr'><strong>dare</strong></span> <span class='ocrx_word' id='word_1_475' title='bbox 1512 5691 1760 5756; x_wconf 83' lang='lat' dir='ltr'><strong>volebat,</strong></span> <span class='ocrx_word' id='word_1_476' title='bbox 1799 5698 1857 5744; x_wconf 91' lang='lat' dir='ltr'><strong>ut</strong></span> <span class='ocrx_word' id='word_1_477' title='bbox 1889 5690 2005 5761; x_wconf 83' lang='lat' dir='ltr'><strong>Spi-</strong></span> 
     </span>
    </p>
   </div>
   <div class='ocr_carea' id='block_1_77' title="bbox 2135 4238 3751 4314">
    <p class='ocr_par' dir='ltr' id='par_1_77' title="bbox 2135 4238 3751 4314">
     <span class='ocr_line' id='line_1_77' title="bbox 2135 4238 3751 4314; baseline -0.001 -16"><span class='ocrx_word' id='word_1_478' title='bbox 2135 4247 2267 4300; x_wconf 83' lang='grc' dir='ltr'>διότι</span> <span class='ocrx_word' id='word_1_479' title='bbox 2302 4244 2401 4314; x_wconf 87' lang='grc' dir='ltr'>μὲν</span> <span class='ocrx_word' id='word_1_480' title='bbox 2578 4242 2712 4304; x_wconf 81' lang='grc' dir='ltr'>ὅλως</span> <span class='ocrx_word' id='word_1_481' title='bbox 2737 4241 3064 4313; x_wconf 76' lang='grc' dir='ltr'>ὑπωπτεύθη</span> <span class='ocrx_word' id='word_1_482' title='bbox 3099 4241 3194 4296; x_wconf 78' lang='grc' dir='ltr'>καὶ</span> <span class='ocrx_word' id='word_1_483' title='bbox 3222 4242 3493 4314; x_wconf 67' lang='grc' dir='ltr'>ἐλαλήθη,</span> <span class='ocrx_word' id='word_1_484' title='bbox 3523 4238 3699 4307; x_wconf 80' lang='grc' dir='ltr'><strong>ὀδύνης</strong></span> <span class='ocrx_word' id='word_1_485' title='bbox 3747 4264 3751 4268; x_wconf 76' lang='grc'><strong><em>-</em></strong></span> 
     </span>
    </p>
   </div>
   <div class='ocr_carea' id='block_1_78' title="bbox 2137 4327 3698 4430">
    <p class='ocr_par' dir='ltr' id='par_1_78' title="bbox 2137 4327 3698 4430">
     <span class='ocr_line' id='line_1_78' title="bbox 2137 4327 3698 4430; baseline -0.007 -43"><span class='ocrx_word' id='word_1_486' title='bbox 2137 4333 2423 4405; x_wconf 79' lang='grc' dir='ltr'>ὲπλήρωσέ</span> <span class='ocrx_word' id='word_1_487' title='bbox 2455 4350 2553 4403; x_wconf 89' lang='grc' dir='ltr'><strong>μου</strong></span> <span class='ocrx_word' id='word_1_488' title='bbox 2589 4333 2687 4403; x_wconf 82' lang='grc' dir='ltr'>τὴν</span> <span class='ocrx_word' id='word_1_489' title='bbox 2724 4332 2923 4402; x_wconf 81' lang='grc' dir='ltr'>ψυχήν·</span> <span class='ocrx_word' id='word_1_490' title='bbox 2963 4333 3099 4396; x_wconf 82' lang='grc' dir='ltr'>τέως</span> <span class='ocrx_word' id='word_1_491' title='bbox 3142 4332 3198 4386; x_wconf 77' lang='grc' dir='ltr'>δὲ</span> <span class='ocrx_word' id='word_1_492' title='bbox 3235 4334 3408 4404; x_wconf 73' lang='grc' dir='ltr'>ἐφάνη</span> <span class='ocrx_word' id='word_1_493' title='bbox 3456 4347 3544 4401; x_wconf 85' lang='grc' dir='ltr'><strong>μοι</strong></span> <span class='ocrx_word' id='word_1_494' title='bbox 3583 4327 3698 4430; x_wconf 56' lang='lat' dir='ltr'><strong>hac</strong></span> 
     </span>
    </p>
   </div>
   <div class='ocr_carea' id='block_1_79' title="bbox 2137 4420 3698 4495">
    <p class='ocr_par' dir='ltr' id='par_1_79' title="bbox 2137 4420 3698 4495">
     <span class='ocr_line' id='line_1_79' title="bbox 2137 4420 3698 4495; baseline -0.003 -16"><span class='ocrx_word' id='word_1_495' title='bbox 2137 4443 2280 4479; x_wconf 84' lang='grc' dir='ltr'>στον.</span> <span class='ocrx_word' id='word_1_496' title='bbox 2318 4426 2391 4480; x_wconf 70' lang='lat' dir='ltr'><strong>To</strong></span> <span class='ocrx_word' id='word_1_497' title='bbox 2422 4420 2514 4479; x_wconf 81' lang='grc' dir='ltr'>οὖν</span> <span class='ocrx_word' id='word_1_498' title='bbox 2555 4424 2682 4495; x_wconf 72' lang='grc' dir='ltr'>περὶ</span> <span class='ocrx_word' id='word_1_499' title='bbox 2716 4423 2878 4476; x_wconf 82' lang='grc' dir='ltr'>αὑτοῦ</span> <span class='ocrx_word' id='word_1_500' title='bbox 2909 4424 3145 4495; x_wconf 87' lang='grc' dir='ltr'>γράμμα</span> <span class='ocrx_word' id='word_1_501' title='bbox 3171 4425 3200 4476; x_wconf 86' lang='grc' dir='ltr'><strong>ό</strong></span> <span class='ocrx_word' id='word_1_502' title='bbox 3227 4426 3326 4495; x_wconf 84' lang='grc' dir='ltr'>μὲν</span> <span class='ocrx_word' id='word_1_503' title='bbox 3361 4420 3698 4489; x_wconf 79' lang='grc' dir='ltr'>συνεγνωκὼς</span> 
     </span>
    </p>
   </div>
   <div class='ocr_carea' id='block_1_80' title="bbox 2135 4505 3696 4589">
    <p class='ocr_par' dir='ltr' id='par_1_80' title="bbox 2135 4505 3696 4589">
     <span class='ocr_line' id='line_1_80' title="bbox 2135 4505 3696 4589; baseline -0.003 -19"><span class='ocrx_word' id='word_1_504' title='bbox 2135 4517 2309 4589; x_wconf 81' lang='grc' dir='ltr'>ἑαυτῷ</span> <span class='ocrx_word' id='word_1_505' title='bbox 2349 4516 2587 4581; x_wconf 80' lang='grc' dir='ltr'>δεξάσθω</span> <span class='ocrx_word' id='word_1_506' title='bbox 2624 4516 2700 4578; x_wconf 85' lang='grc' dir='ltr'>ὡς</span> <span class='ocrx_word' id='word_1_507' title='bbox 2740 4517 2898 4585; x_wconf 78' lang='grc' dir='ltr'>ἴαμα,</span> <span class='ocrx_word' id='word_1_508' title='bbox 2947 4518 2974 4569; x_wconf 88' lang='grc' dir='ltr'>ὁ</span> <span class='ocrx_word' id='word_1_509' title='bbox 3024 4515 3080 4568; x_wconf 87' lang='grc' dir='ltr'>δὲ</span> <span class='ocrx_word' id='word_1_510' title='bbox 3127 4516 3200 4586; x_wconf 84' lang='grc' dir='ltr'>μὴ</span> <span class='ocrx_word' id='word_1_511' title='bbox 3242 4510 3594 4584; x_wconf 88' lang='grc' dir='ltr'>συνεγνωκὼς</span> <span class='ocrx_word' id='word_1_512' title='bbox 3629 4505 3696 4565; x_wconf 81' lang='grc' dir='ltr'>ὡς</span> 
     </span>
    </p>
   </div>
   <div class='ocr_carea' id='block_1_81' title="bbox 2135 4596 3694 4679">
    <p class='ocr_par' dir='ltr' id='par_1_81' title="bbox 2135 4596 3694 4679">
     <span class='ocr_line' id='line_1_81' title="bbox 2135 4596 3694 4679; baseline 0.001 -19"><span class='ocrx_word' id='word_1_513' title='bbox 2135 4608 2627 4679; x_wconf 73' lang='grc' dir='ltr'>προφυλακτήριοψ</span> <span class='ocrx_word' id='word_1_514' title='bbox 2655 4609 2683 4659; x_wconf 89' lang='grc' dir='ltr'><strong>ό</strong></span> <span class='ocrx_word' id='word_1_515' title='bbox 2706 4607 2761 4659; x_wconf 86' lang='grc' dir='ltr'>δὲ</span> <span class='ocrx_word' id='word_1_516' title='bbox 2793 4607 3102 4677; x_wconf 84' lang='grc' dir='ltr'>ἀδιάφορος,</span> <span class='ocrx_word' id='word_1_517' title='bbox 3133 4606 3269 4675; x_wconf 86' lang='grc' dir='ltr'>ὅπερ</span> <span class='ocrx_word' id='word_1_518' title='bbox 3292 4606 3596 4674; x_wconf 83' lang='grc' dir='ltr'>ἀπεύχομαι</span> <span class='ocrx_word' id='word_1_519' title='bbox 3620 4596 3694 4662; x_wconf 68' lang='grc' dir='ltr'><strong>ἐφ’</strong></span> 
     </span>
    </p>
   </div>
   <div class='ocr_carea' id='block_1_82' title="bbox 2134 4680 3696 4770">
    <p class='ocr_par' dir='ltr' id='par_1_82' title="bbox 2134 4680 3696 4770">
     <span class='ocr_line' id='line_1_82' title="bbox 2134 4680 3696 4770; baseline -0.008 -20"><span class='ocrx_word' id='word_1_520' title='bbox 2134 4699 2261 4770; x_wconf 81' lang='grc' dir='ltr'>ὑμῖν</span> <span class='ocrx_word' id='word_1_521' title='bbox 2317 4698 2625 4769; x_wconf 80' lang='grc' dir='ltr'>εὑρεθῆναι,</span> <span class='ocrx_word' id='word_1_522' title='bbox 2670 4696 2747 4760; x_wconf 83' lang='grc' dir='ltr'><strong>ὡς</strong></span> <span class='ocrx_word' id='word_1_523' title='bbox 2799 4695 3220 4767; x_wconf 78' lang='grc' dir='ltr'>διαμαρτυρίαν.</span> <span class='ocrx_word' id='word_1_524' title='bbox 3276 4696 3342 4751; x_wconf 89' lang='grc' dir='ltr'>Τί</span> <span class='ocrx_word' id='word_1_525' title='bbox 3396 4694 3452 4746; x_wconf 84' lang='grc' dir='ltr'><strong>δέ</strong></span> <span class='ocrx_word' id='word_1_526' title='bbox 3496 4694 3636 4744; x_wconf 78' lang='grc' dir='ltr'>ἐστιν</span> <span class='ocrx_word' id='word_1_527' title='bbox 3670 4680 3696 4733; x_wconf 81' lang='grc' dir='ltr'><strong>ὃ</strong></span> 
     </span>
    </p>
   </div>
   <div class='ocr_carea' id='block_1_83' title="bbox 2132 4785 3694 4859">
    <p class='ocr_par' dir='ltr' id='par_1_83' title="bbox 2132 4785 3694 4859">
     <span class='ocr_line' id='line_1_83' title="bbox 2132 4785 3694 4859; baseline -0.011 -16"><span class='ocrx_word' id='word_1_528' title='bbox 2132 4789 2303 4858; x_wconf 89' lang='grc' dir='ltr'>λέγω;</span> <span class='ocrx_word' id='word_1_529' title='bbox 2339 4789 2473 4842; x_wconf 84' lang='grc' dir='ltr'>Φασί</span> <span class='ocrx_word' id='word_1_530' title='bbox 2505 4806 2654 4853; x_wconf 88' lang='grc' dir='ltr'>τινας</span> <span class='ocrx_word' id='word_1_531' title='bbox 2865 4786 3018 4856; x_wconf 82' lang='grc' dir='ltr'>ὑμῶν</span> <span class='ocrx_word' id='word_1_532' title='bbox 3052 4786 3204 4857; x_wconf 86' lang='grc' dir='ltr'><strong>παρά</strong></span> <span class='ocrx_word' id='word_1_533' title='bbox 3238 4785 3347 4838; x_wconf 82' lang='grc' dir='ltr'><strong>τῶν</strong></span> <span class='ocrx_word' id='word_1_534' title='bbox 3379 4791 3694 4859; x_wconf 84' lang='grc' dir='ltr'>χειροτονου-</span> 
     </span>
    </p>
   </div>
   <div class='ocr_carea' id='block_1_84' title="bbox 2135 4869 3691 4951">
    <p class='ocr_par' dir='ltr' id='par_1_84' title="bbox 2135 4869 3691 4951">
     <span class='ocr_line' id='line_1_84' title="bbox 2135 4869 3691 4951; baseline -0.01 -17"><span class='ocrx_word' id='word_1_535' title='bbox 2135 4881 2309 4950; x_wconf 85' lang='grc' dir='ltr'>μένων</span> <span class='ocrx_word' id='word_1_536' title='bbox 2353 4879 2649 4951; x_wconf 81' lang='grc' dir='ltr'>λαμὸἀνειν</span> <span class='ocrx_word' id='word_1_537' title='bbox 2694 4878 2968 4948; x_wconf 83' lang='grc' dir='ltr'>χρήματα·</span> <span class='ocrx_word' id='word_1_538' title='bbox 3012 4876 3347 4939; x_wconf 75' lang='grc' dir='ltr'>ἐπισκιάζειν</span> <span class='ocrx_word' id='word_1_539' title='bbox 3389 4874 3446 4926; x_wconf 84' lang='grc' dir='ltr'>δὲ</span> <span class='ocrx_word' id='word_1_540' title='bbox 3481 4869 3691 4951; x_wconf 53' lang='grc' dir='ltr'>ὀνόματι</span> 
     </span>
    </p>
   </div>
   <div class='ocr_carea' id='block_1_85' title="bbox 2131 4950 3690 5038">
    <p class='ocr_par' dir='ltr' id='par_1_85' title="bbox 2131 4950 3690 5038">
     <span class='ocr_line' id='line_1_85' title="bbox 2131 4950 3690 5038; baseline -0.004 -15"><span class='ocrx_word' id='word_1_541' title='bbox 2131 4950 2435 5033; x_wconf 56' lang='grc' dir='ltr'>εὐσεϐείαςς</span> <span class='ocrx_word' id='word_1_542' title='bbox 2471 4969 2639 5022; x_wconf 81' lang='grc' dir='ltr'>Τοῦτο</span> <span class='ocrx_word' id='word_1_543' title='bbox 2677 4969 2733 5020; x_wconf 84' lang='grc' dir='ltr'>δὲ</span> <span class='ocrx_word' id='word_1_544' title='bbox 2775 4966 2952 5038; x_wconf 83' lang='grc' dir='ltr'>χεῖρόν</span> <span class='ocrx_word' id='word_1_545' title='bbox 2990 4967 3155 5019; x_wconf 75' lang='grc' dir='ltr'>ἐστιν.</span> <span class='ocrx_word' id='word_1_546' title='bbox 3197 4965 3323 5019; x_wconf 82' lang='grc' dir='ltr'>Ἐὰν</span> <span class='ocrx_word' id='word_1_547' title='bbox 3366 4963 3473 5033; x_wconf 86' lang='grc' dir='ltr'><strong>γάρ</strong></span> <span class='ocrx_word' id='word_1_548' title='bbox 3513 4972 3592 5017; x_wconf 89' lang='grc' dir='ltr'><strong>τις</strong></span> <span class='ocrx_word' id='word_1_549' title='bbox 3635 4950 3690 5003; x_wconf 74' lang='grc' dir='ltr'><strong>τδ</strong></span> 
     </span>
    </p>
   </div>
   <div class='ocr_carea' id='block_1_86' title="bbox 2132 5048 3689 5131">
    <p class='ocr_par' dir='ltr' id='par_1_86' title="bbox 2132 5048 3689 5131">
     <span class='ocr_line' id='line_1_86' title="bbox 2132 5048 3689 5131; baseline -0.012 -17"><span class='ocrx_word' id='word_1_550' title='bbox 2132 5062 2297 5114; x_wconf 81' lang='grc' dir='ltr'>κακὸν</span> <span class='ocrx_word' id='word_1_551' title='bbox 2328 5063 2385 5114; x_wconf 85' lang='grc' dir='ltr'>ὲν</span> <span class='ocrx_word' id='word_1_552' title='bbox 2409 5062 2753 5131; x_wconf 82' lang='grc' dir='ltr'>προσχήματι</span> <span class='ocrx_word' id='word_1_553' title='bbox 2800 5057 2892 5111; x_wconf 78' lang='grc' dir='ltr'>τοῦ</span> <span class='ocrx_word' id='word_1_554' title='bbox 2934 5055 3137 5126; x_wconf 83' lang='grc' dir='ltr'>ἀγαθοῦ</span> <span class='ocrx_word' id='word_1_555' title='bbox 3177 5058 3324 5126; x_wconf 82' lang='grc' dir='ltr'>ποιῇ,</span> <span class='ocrx_word' id='word_1_556' title='bbox 3363 5048 3689 5107; x_wconf 83' lang='grc' dir='ltr'>διπλασίονος</span> 
     </span>
    </p>
   </div>
   <div class='ocr_carea' id='block_1_87' title="bbox 2128 5134 3687 5224">
    <p class='ocr_par' dir='ltr' id='par_1_87' title="bbox 2128 5134 3687 5224">
     <span class='ocr_line' id='line_1_87' title="bbox 2128 5134 3687 5224; baseline -0.01 -18"><span class='ocrx_word' id='word_1_557' title='bbox 2128 5153 2396 5224; x_wconf 86' lang='grc' dir='ltr'>τιμωρίας</span> <span class='ocrx_word' id='word_1_558' title='bbox 2428 5152 2571 5205; x_wconf 71' lang='grc' dir='ltr'>ἐστὶν</span> <span class='ocrx_word' id='word_1_559' title='bbox 2611 5151 2803 5217; x_wconf 59' lang='grc' dir='ltr'>ἄξιοςομ</span> <span class='ocrx_word' id='word_1_560' title='bbox 2822 5150 2956 5203; x_wconf 89' lang='grc' dir='ltr'>διότι</span> <span class='ocrx_word' id='word_1_561' title='bbox 2993 5149 3122 5202; x_wconf 83' lang='grc' dir='ltr'>αὐτό</span> <span class='ocrx_word' id='word_1_562' title='bbox 3156 5165 3216 5201; x_wconf 87' lang='grc' dir='ltr'><strong>τε</strong></span> <span class='ocrx_word' id='word_1_563' title='bbox 3254 5149 3316 5202; x_wconf 81' lang='grc' dir='ltr'>τὸ</span> <span class='ocrx_word' id='word_1_564' title='bbox 3354 5149 3453 5201; x_wconf 85' lang='grc' dir='ltr'>οὐκ</span> <span class='ocrx_word' id='word_1_565' title='bbox 3498 5134 3687 5209; x_wconf 76' lang='grc' dir='ltr'>ἀγαθὸν</span> 
     </span>
    </p>
   </div>
   <div class='ocr_carea' id='block_1_88' title="bbox 2127 5234 3685 5330">
    <p class='ocr_par' dir='ltr' id='par_1_88' title="bbox 2127 5234 3685 5330">
     <span class='ocr_line' id='line_1_88' title="bbox 2127 5234 3685 5330; baseline 0.015 -57"><span class='ocrx_word' id='word_1_566' title='bbox 2127 5243 2436 5314; x_wconf 61' lang='grc' dir='ltr'>ἐργάζεται,</span> <span class='ocrx_word' id='word_1_567' title='bbox 2477 5242 2571 5294; x_wconf 75' lang='grc' dir='ltr'>καὶ</span> <span class='ocrx_word' id='word_1_568' title='bbox 2613 5242 2877 5312; x_wconf 84' lang='grc' dir='ltr'>κέχρηται</span> <span class='ocrx_word' id='word_1_569' title='bbox 2923 5242 3002 5303; x_wconf 88' lang='grc' dir='ltr'><strong>είς</strong></span> <span class='ocrx_word' id='word_1_570' title='bbox 3038 5239 3101 5295; x_wconf 73' lang='grc' dir='ltr'>τὸ</span> <span class='ocrx_word' id='word_1_571' title='bbox 3141 5239 3355 5293; x_wconf 80' lang='grc' dir='ltr'>τελέσαι</span> <span class='ocrx_word' id='word_1_572' title='bbox 3391 5237 3485 5330; x_wconf 62' lang='grc' dir='ltr'><strong>την</strong></span> <span class='ocrx_word' id='word_1_573' title='bbox 3514 5234 3685 5330; x_wconf 50' lang='grc' dir='ltr'>αμςρε</span> 
     </span>
    </p>
   </div>
   <div class='ocr_carea' id='block_1_89' title="bbox 2127 5324 3682 5402">
    <p class='ocr_par' dir='ltr' id='par_1_89' title="bbox 2127 5324 3682 5402">
     <span class='ocr_line' id='line_1_89' title="bbox 2127 5324 3682 5402; baseline -0.01 -16"><span class='ocrx_word' id='word_1_574' title='bbox 2127 5335 2262 5396; x_wconf 84' lang='grc' dir='ltr'>τίαν,</span> <span class='ocrx_word' id='word_1_575' title='bbox 2300 5333 2374 5398; x_wconf 83' lang='grc' dir='ltr'>ᾡς</span> <span class='ocrx_word' id='word_1_576' title='bbox 2405 5332 2469 5386; x_wconf 85' lang='grc' dir='ltr'>ἂν</span> <span class='ocrx_word' id='word_1_577' title='bbox 2503 5332 2644 5384; x_wconf 80' lang='grc' dir='ltr'>είποι</span> <span class='ocrx_word' id='word_1_578' title='bbox 2669 5348 2771 5395; x_wconf 88' lang='grc' dir='ltr'>τις,</span> <span class='ocrx_word' id='word_1_579' title='bbox 2804 5330 2882 5401; x_wconf 80' lang='grc' dir='ltr'>τῷ</span> <span class='ocrx_word' id='word_1_580' title='bbox 2904 5329 3053 5402; x_wconf 85' lang='grc' dir='ltr'><strong>καλῷ</strong></span> <span class='ocrx_word' id='word_1_581' title='bbox 3216 5328 3477 5402; x_wconf 83' lang='grc' dir='ltr'>συνεργῷ.</span> <span class='ocrx_word' id='word_1_582' title='bbox 3514 5324 3682 5377; x_wconf 79' lang='grc' dir='ltr'>Ταῦτα</span> 
     </span>
    </p>
   </div>
   <div class='ocr_carea' id='block_1_90' title="bbox 2127 5407 3682 5489">
    <p class='ocr_par' dir='ltr' id='par_1_90' title="bbox 2127 5407 3682 5489">
     <span class='ocr_line' id='line_1_90' title="bbox 2127 5407 3682 5489; baseline -0.006 -18"><span class='ocrx_word' id='word_1_583' title='bbox 2127 5422 2175 5471; x_wconf 86' lang='grc' dir='ltr'>εἰ</span> <span class='ocrx_word' id='word_1_584' title='bbox 2207 5417 2377 5482; x_wconf 69' lang='grc' dir='ltr'>οὕτως</span> <span class='ocrx_word' id='word_1_585' title='bbox 2405 5418 2538 5488; x_wconf 79' lang='grc' dir='ltr'>ἔχει,</span> <span class='ocrx_word' id='word_1_586' title='bbox 2566 5417 2661 5470; x_wconf 78' lang='grc' dir='ltr'><strong>τοῦ</strong></span> <span class='ocrx_word' id='word_1_587' title='bbox 2689 5417 2875 5470; x_wconf 80' lang='grc' dir='ltr'>λοιποῦ</span> <span class='ocrx_word' id='word_1_588' title='bbox 2915 5420 2988 5489; x_wconf 84' lang='grc' dir='ltr'>μὴ</span> <span class='ocrx_word' id='word_1_589' title='bbox 3023 5418 3277 5487; x_wconf 83' lang='grc' dir='ltr'>γινέσθω,</span> <span class='ocrx_word' id='word_1_590' title='bbox 3312 5417 3445 5472; x_wconf 85' lang='grc' dir='ltr'>ἀλλὰ</span> <span class='ocrx_word' id='word_1_591' title='bbox 3477 5407 3682 5481; x_wconf 86' lang='grc' dir='ltr'>διορθω-</span> 
     </span>
    </p>
   </div>
   <div class='ocr_carea' id='block_1_91' title="bbox 2128 5492 3677 5580">
    <p class='ocr_par' dir='ltr' id='par_1_91' title="bbox 2128 5492 3677 5580">
     <span class='ocr_line' id='line_1_91' title="bbox 2128 5492 3677 5580; baseline -0.002 -19"><span class='ocrx_word' id='word_1_592' title='bbox 2128 5509 2291 5579; x_wconf 76' lang='grc' dir='ltr'>θήτω·</span> <span class='ocrx_word' id='word_1_593' title='bbox 2342 5509 2462 5561; x_wconf 74' lang='grc' dir='ltr'>ἐπεὶ</span> <span class='ocrx_word' id='word_1_594' title='bbox 2501 5509 2710 5580; x_wconf 85' lang='grc' dir='ltr'>ἀνάγκη</span> <span class='ocrx_word' id='word_1_595' title='bbox 2749 5508 2926 5576; x_wconf 84' lang='grc' dir='ltr'>λέγειν</span> <span class='ocrx_word' id='word_1_596' title='bbox 2965 5508 3109 5580; x_wconf 46' lang='grc' dir='ltr'>,πρὸς</span> <span class='ocrx_word' id='word_1_597' title='bbox 3159 5508 3251 5562; x_wconf 79' lang='grc' dir='ltr'><strong>τὸν</strong></span> <span class='ocrx_word' id='word_1_598' title='bbox 3297 5509 3573 5578; x_wconf 83' lang='grc' dir='ltr'>δεχόμενον</span> <span class='ocrx_word' id='word_1_599' title='bbox 3622 5492 3677 5546; x_wconf 76' lang='grc' dir='ltr'><strong>τδ</strong></span> 
     </span>
    </p>
   </div>
   <div class='ocr_carea' id='block_1_92' title="bbox 2127 5585 3675 5671">
    <p class='ocr_par' dir='ltr' id='par_1_92' title="bbox 2127 5585 3675 5671">
     <span class='ocr_line' id='line_1_92' title="bbox 2127 5585 3675 5671; baseline 0.004 -20"><span class='ocrx_word' id='word_1_600' title='bbox 2127 5600 2404 5669; x_wconf 78' lang='grc' dir='ltr'>ἀργύριον,</span> <span class='ocrx_word' id='word_1_601' title='bbox 2444 5601 2579 5671; x_wconf 84' lang='grc' dir='ltr'>ὅπερ</span> <span class='ocrx_word' id='word_1_602' title='bbox 2616 5599 2819 5671; x_wconf 67' lang='grc' dir='ltr'>ἐρρήθη</span> <span class='ocrx_word' id='word_1_603' title='bbox 2869 5599 3015 5669; x_wconf 82' lang='grc' dir='ltr'><strong>παρά</strong></span> <span class='ocrx_word' id='word_1_604' title='bbox 3058 5599 3165 5653; x_wconf 83' lang='grc' dir='ltr'><strong>τῶν</strong></span> <span class='ocrx_word' id='word_1_605' title='bbox 3203 5599 3510 5654; x_wconf 86' lang='grc' dir='ltr'>ἀποστόλων</span> <span class='ocrx_word' id='word_1_606' title='bbox 3550 5585 3675 5657; x_wconf 55' lang='lat' dir='ltr'><strong>“Pb;</strong></span> 
     </span>
    </p>
   </div>
   <div class='ocr_carea' id='block_1_93' title="bbox 2127 5678 3673 5761">
    <p class='ocr_par' dir='ltr' id='par_1_93' title="bbox 2127 5678 3673 5761">
     <span class='ocr_line' id='line_1_93' title="bbox 2127 5678 3673 5761; baseline -0.008 -15"><span class='ocrx_word' id='word_1_607' title='bbox 2127 5691 2216 5745; x_wconf 75' lang='grc' dir='ltr'>τὸν</span> <span class='ocrx_word' id='word_1_608' title='bbox 2255 5689 2470 5746; x_wconf 81' lang='grc' dir='ltr'>θέλοντα</span> <span class='ocrx_word' id='word_1_609' title='bbox 2501 5689 2706 5756; x_wconf 79' lang='grc' dir='ltr'>δοῦναι,</span> <span class='ocrx_word' id='word_1_610' title='bbox 2743 5691 2828 5744; x_wconf 80' lang='grc' dir='ltr'>ἵνα</span> <span class='ocrx_word' id='word_1_611' title='bbox 2871 5688 3184 5760; x_wconf 82' lang='grc' dir='ltr'>Πνεύματος</span> <span class='ocrx_word' id='word_1_612' title='bbox 3217 5690 3370 5761; x_wconf 82' lang='grc' dir='ltr'>ἀγίου</span> <span class='ocrx_word' id='word_1_613' title='bbox 3404 5678 3673 5759; x_wconf 79' lang='grc' dir='ltr'>μετουσίαν</span> 
     </span>
    </p>
   </div>
  </div>
