4008 6392
335 356 441 425 8’33

1257 362 1339 424 IN
1380 364 1626 427 EPIST.
1669 364 1730 426 S.
1769 364 2059 428 BASILII
2090 366 2193 428 AD
2223 367 2653 455 E.PlSCOPOS.

3469 371 3576 469 s34

338 492 639 564 dwﬁcqtat‘
680 493 750 548 Τὸ
782 491 1064 564 ἀργύριόν
1097 506 1212 547 σου
1242 478 1364 546 dim
1388 493 1487 548 σοὶ
1514 495 1606 561 εἴη
1638 495 1725 560 εὶς
1748 489 1899 546 axe.

2029 493 2158 552 ritus
2201 494 2377 549 sancti
2410 493 2880 566 participationem
2923 502 3124 549 emeret
3162 512 3175 549 :
3214 492 3443 548 Pecunia
3477 503 3568 548 tua

337 580 527 633 λείαν.
585 581 924 653 Κουφότερος
970 583 1078 654 γὰρ
1129 583 1160 635 ὁ
1205 581 1552 653 δι’ἀπειριαν
1594 583 1902 664 ὠνήσασθαι

341 668 560 740 θέλωνῆ
589 670 618 722 ὁ
642 673 963 743 πιπράσκων
996 674 1093 744 τὴν
1135 672 1226 727 τοῦ
1235 673 1393 757 ἔθεοῦ
1431 673 1654 744 δωρεάν.
1697 676 1901 745 Πρᾶσις

338 759 448 831 γὰρ
491 761 723 834 ἐγένετοσ
764 764 857 818 καὶ
888 762 921 813 ὂ
962 764 1024 817 σὺ
1060 763 1265 833 δωρεὰν
1298 763 1505 829 ἔλαϐες,
1550 764 1646 818 ἐὰν
1694 765 1899 835 πωλῇς,

339 850 539 904 ὡσανεὶ
701 853 1047 922 πεπραμένος
1078 851 1155 922 τῷ
1186 854 1417 924 Σατανᾷ,
1440 855 1781 927 ἀφαιρεθήσῃ
1809 855 1901 907 τοῦ

339 940 692 1010 χαρίσματος.
736 942 1050 1013 καπηλείαν
1099 942 1205 1013 γὰρ
1241 945 1550 1011 ὲπεισάγεις
1584 948 1695 1008 τοῖς
1743 963 1904 998 πνευ-

342 1033 623 1101 ματικοῖς,
672 1032 766 1085 καὶ
825 1034 889 1103 τῇ
940 1031 1266 1105 Ἐκκλησία,
1315 1033 1440 1087 ἔνθα
1494 1036 1901 1106 πεπιστεύμεθα

342 1117 499 1188 σῶμα
533 1119 624 1170 καὶ
668 1113 806 1189 αἷμα
843 1119 1100 1191 Χριστοῦ.
1139 1121 1321 1175 Ταῦτα
1365 1121 1507 1175 οὕτω
1555 1124 1798 1191 γίνεσθαι
1840 1126 1901 1178 οὐ

340 1209 461 1280 χρή.
513 1209 577 1261 '0
602 1208 658 1261 δέ
690 1210 806 1262 ἐστι
838 1226 1113 1279 τεχνασμα
1133 1244 1149 1271 ,
1303 1211 1466 1279 λέγω.
1499 1212 1796 1281 Νομίζουσι
1826 1214 1899 1284 μὴ

343 1299 673 1369 ἁμαρτάνειν
714 1298 792 1370 τῷ
844 1299 917 1369 μὴ
963 1300 1397 1371 προλαμϐάνειν,
1437 1301 1572 1355 ἀλλὰ
1623 1303 1759 1372 μετὰ
1803 1305 1901 1375 τὴν

339 1391 668 1463 χειροτονίαν
697 1391 1006 1463 λαμϐάνειν.
1028 1392 1223 1446 Λαόεῐν
1243 1393 1299 1444 δὲ
1320 1391 1465 1444 ἔστιν
1488 1392 1575 1445 ὅτε
1602 1393 1665 1462 δή
1693 1408 1820 1445 ποτε
1841 1393 1901 1446 τὸ

339 1477 542 1535 λαόεῖν.

490 1570 796 1642 Παρακαλῶ
827 1567 917 1624 οὖν
947 1570 1148 1642 ταύτην
1172 1572 1269 1641 τὴν
1299 1572 1556 1643 πρόσοδον
1576 1611 1589 1635 ,
1621 1573 1814 1643 μᾶλλον
1843 1574 1898 1628 δὲ

334 1661 433 1733 τὴν
466 1664 825 1733 προσαγωγὴν
858 1663 953 1733 τὴν
979 1664 1081 1715 ἐπὶ·
1102 1663 1323 1731 γέενναν
1351 1664 1635 1716 ἀπόθεσθε’
1668 1664 1761 1715 καὶ
1797 1667 1891 1735 μὴ,

336 1752 434 1815 τὰς
468 1756 653 1823 χεῖρας
692 1742 1011 1823 μολύναντες
1048 1754 1307 1815 τοιούτοις
1343 1751 1641 1824 λήμμασιν,
1674 1755 1896 1816 ἑαυτοὺς

336 1843 586 1909 ἀναξίους
608 1845 868 1913 ποιήσητε
894 1843 987 1895 τοῦ
1009 1843 1272 1896 ἐπιτελεῖν
1296 1844 1436 1911 ἁγνὰ
1600 1844 1889 1913 μυστήρια.

337 1933 618 2001 Σύγγνωτε
656 1934 860 2003 δέμοι.
908 1933 1128 2004 Πρῶτον
1162 1934 1258 2003 μὲν
1296 1933 1369 1995 ὡς
1547 1930 1848 2002 ἀπιστήσας
1874 1970 1889 1996 ,

335 2018 453 2078 εἶτα
479 2025 553 2087 ὼς
570 2023 806 2086 πεισθεὶς
825 2023 1049 2077 ἀπειλῶ.
1085 2024 1152 2076 Εἴ
1173 2041 1254 2087 τις
1285 2023 1420 2093 μετὰ
1446 2023 1644 2092 ταύτην
1671 2039 1772 2091 μου
1794 2021 1892 2091 τὴν

281 2115 285 2118 ’
334 2114 617 2184 ἐπιστολὴν
667 2114 891 2184 πράξειέ
939 2132 991 2168 τι
1049 2114 1306 2178 τοιοῦτον,
1362 2114 1469 2166 τῶν
1523 2114 1621 2183 μὲν
1662 2111 1894 2166 ἐνταῦθα.

334 2200 729 2271 θυσιαστηρίων
762 2202 1103 2271 ἀναχωρήσει
1147 2220 1162 2236 ο
1301 2203 1524 2271 ζητήσει
1553 2201 1610 2252 δὲ
1641 2200 1768 2254 Even
1796 2200 1891 2265 τὴν

331 2287 425 2339 τοῦ
477 2288 610 2340 Θεοῦ
670 2288 876 2359 δωρεὰν
933 2290 1212 2361 ἀγοράζων
1268 2292 1603 2362 μεταπωλεῖν
1651 2292 1890 2347 δύναται.

346 2381 536 2451 Ἡμεῖς
577 2380 687 2453 γὰρ
732 2381 829 2435 καὶ
880 2382 935 2435 αἱ
986 2380 1305 2451 Ἐκκλησίαι
1351 2381 1443 2433 τοῦ
1485 2381 1618 2434 Θεοῦ
1644 2382 1894 2452 τοιαύτην

336 2472 624 2541 συνήθειαν
659 2464 761 2525 οὐκ
799 2471 1013 2543 ἔχομεν.
1067 2473 1162 2527 Ἐν
1211 2472 1265 2525 δὲ
1298 2472 1552 2542 προσθεὶς
1598 2472 1892 2542 παύσομαι.

334 2558 433 2612 Διὰ
464 2560 826 2633 φιλαργυρίαν
855 2551 1064 2630 γίνεται
1105 2561 1294 2615 ταῦτα.
1353 2562 1415 2615 Ἠ
1456 2562 1512 2614 δὲ
1568 2562 1897 2634 φιλαργυρία

334 2650 430 2703 καὶ
460 2651 585 2722 ῥίζα
633 2654 847 2705 πάντων
884 2654 990 2707 τῶν
1023 2656 1207 2707 κακῶν
1255 2657 1390 2718 ἐστι,
1433 2656 1527 2708 καὶ
1574 2654 1896 2725 ὀνομάζεται

333 2739 759 2810 εἰδωλολατρεία.
794 2741 886 2812 Μὴ
929 2738 1021 2797 οὖν
1052 2743 1155 2813 πρὸ
1188 2742 1281 2796 τοῦ
1322 2745 1555 2814 Χριστοῦ
1734 2745 1898 2816 τιμή-

334 2847 465 2899 σητε
513 2830 581 2883 τά
634 2832 828 2885 εἴδωλα
855 2832 943 2886 διὰ
987 2834 1178 2904 μικρὸν
1230 2834 1523 2906 ἀργύριον·
1575 2835 1709 2906 μηδὲ
1735 2836 1896 2890 πάλιν

334 2919 424 2971 τὸν
472 2919 671 2973 Ἰούδαν
711 2921 1042 2991 μιμήσησθε,
1072 2922 1321 2994 λήμματι
1366 2926 1745 2996 παραδιδόντες
1775 2927 1897 2980 δεύ-

335 3028 489 3080 τερον
521 3012 611 3064 τὸν
637 3012 779 3078 ἅπαξ
816 3013 956 3085 ὑπὲρ
999 3015 1154 3085 ήμῶν
1184 3017 1579 3088 σταυρωθέντα.
1628 3019 1777 3072 Ἐπεὶ
1802 3018 1897 3072 καὶ

334 3099 402 3153 τὰ
427 3101 600 3172 χωρία
647 3102 741 3154 καὶ
789 3103 844 3154 αἱ
894 3105 1071 3173 χεῖρες
1102 3104 1210 3160 τῶν
1250 3108 1374 3170 τοὺς
1410 3109 1654 3177 καρποὺς
1693 3107 1897 3163 τούτων

333 3189 637 3263 δεχομένων
676 3190 980 3263 Ἀκελδαμὰ
1158 3195 1537 3268 κληθήσονται.

402 3302 596 3359 ΒΑΛΣ.
625 3299 750 3366 Πῶς
766 3300 1086 3365 κολάζονται
1105 3300 1155 3354 οἱ
1179 3301 1270 3354 ἐπὶ
1283 3300 1385 3371 χρή
1395 3316 1527 3369 μασι
1549 3298 1915 3371 χειροτονοῦν.⁵

326 3415 420 3465 τες
452 3396 548 3453 καὶ
578 3393 1073 3468 χειροτονούμενοι,
1108 3391 1321 3465 ἐρρήθη
1350 3391 1686 3462 πλατύτερον
1709 3393 1789 3455 εἰς
1814 3391 1912 3459 τὴν

331 3492 631 3563 ἑρμηνείαν
664 3487 761 3543 τοῦ
808 3486 890 3542 κθ¹
928 3486 1153 3550 κανόνος
1194 3485 1305 3540 τῶν
1345 3486 1519 3554 άγίων
1554 3484 1874 3539 ἀποστόλων
1896 3522 1911 3549 ,

334 3586 413 3648 είς
444 3584 537 3638 τὸν
576 3581 622 3654 β’
652 3580 860 3635 κανόνα
881 3579 983 3650 τῆς
1006 3578 1050 3633 δ’
1080 3578 1326 3642 συνόδου,
1360 3580 1440 3642 εἰς
1478 3577 1579 3631 τὸν
1602 3575 1684 3647 κβ⁹
1716 3577 1918 3631 κανόνα

336 3678 435 3748 τῆς
464 3683 518 3740 ς’
546 3674 794 3738 συνόδου,
818 3672 914 3728 καὶ
942 3675 1025 3736 εἰς
1052 3673 1146 3727 τὸν
1173 3677 1215 3724 ε’
1236 3671 1330 3725 καὶ
1354 3670 1420 3724 ιθ¹
1449 3670 1552 3740 τῆς
1586 3669 1633 3734 ζ’
1660 3669 1880 3723 συνόδου
1903 3686 1914 3701 ·

335 3770 428 3823 καὶ
442 3767 714 3837 ἀνάγνωθι
740 3767 960 3829 τούτους
980 3766 1074 3819 καὶ
1096 3764 1194 3829 τὰς
1217 3763 1515 3835 ἑρμηνείας
1537 3763 1738 3817 αὐτῶν.
1763 3762 1821 3816 Ἐ
1831 3762 1919 3815 πε).

330 3861 388 3915 δὲ
419 3862 512 3915 καὶ
540 3864 575 3932 ή
604 3859 858 3932 παροῦσα
888 3857 1148 3930 ἐπιστολὴ
1171 3899 1186 3925 ,
1214 3858 1289 3921 ὡς
1324 3856 1420 3910 καὶ
1447 3858 1496 3908 οί
1528 3856 1755 3924 κανόνες
1776 3893 1793 3920 ,
1822 3871 1920 3908 κα-

335 3955 576 4027 θαιρέσει
600 3952 1004 4008 καθυποῦάλλει
1031 3951 1157 4016 τοὺς
1195 3947 1642 4023 χειροτονοῦντας
1670 3950 1767 4003 καὶ
1793 3948 1918 4011 τοὺς

334 4067 413 4121 χει
427 4046 868 4121 ροτονουμένους,
908 4044 1008 4099 κᾶν
1044 4044 1150 4116 πρὸ
1181 4045 1280 4113 τῆς
1310 4041 1650 4115 χειροτονίας
1679 4041 1918 4097 λάϐωσιν

334 4145 369 4214 ἢ
396 4143 628 4199 δώσουσι
658 4141 946 4214 χρήματα,
979 4136 1257 4209 κᾶν-μετὰ
1284 4138 1384 4206 τὴν
1414 4135 1754 4206 χειροτονίαν
1781 4150 1798 4168 ο
1827 4133 1922 4187 σύ-

341 4240 506 4309 ναψον
534 4237 711 4291 ταῦτά
740 4249 800 4287 τε
829 4234 1085 4298 κάκεῖνα,
1112 4232 1210 4284 καὶ
1241 4230 1329 4285 διὰ
1361 4230 1462 4301 τῆς
1492 4232 1689 4300 νοητῆς
1719 4227 1923 4299 μαχαί.

337 4352 439 4408 ρας
476 4332 570 4388 τοῦ
608 4328 929 4398 Πνεύματης
962 4327 1023 4379 τὸ
1055 4326 1155 4396 τῆς
1192 4322 1558 4395 φιλαργυρίας
1600 4322 1770 4386 πάθος
1794 4365 1806 4389 ,
1845 4321 1920 4384 ὡς

2015 590 2182 644 tecum
2218 588 2288 641 sit
2322 587 2376 638 in
2426 584 2767 654 perditionem
2792 634 2797 639 .
2822 581 2864 637 ⁸.
2922 581 3056 637 Nam
3099 583 3270 638 levius
3304 585 3573 654 delinquit

2016 679 2107 749 qui
2134 693 2243 748 pra:
2278 677 2492 733 inscitia
2524 689 2706 730 emere
2737 674 2882 738 vult,
2911 689 3072 744 quam
3103 675 3195 744 qui
3240 675 3330 730 Dei
3369 678 3571 731 donum

2017 767 2222 822 vendit.
2254 764 2508 819 Venditio
2534 766 2679 820 enim
2724 763 2866 817 facta
2902 772 3018 829 est;
3051 764 3272 833 etquod
3315 773 3370 819 tu
3401 768 3571 835 gratis

2018 852 2311 921 accepisti,
2343 851 2397 905 id
2426 852 2473 906 si
2505 850 2832 915 vendideris.
2863 860 3117 921 tanquam
3139 852 3352 908 Satanae
3386 857 3573 909 vendi-

2019 949 2108 996 tus
2152 941 2325 1009 gratia
2358 941 2658 1009 privab-ere.
2689 938 2825 993 Nam
2861 941 3250 1011 cauponariam
3276 942 3579 997 introducis

2020 1031 2077 1085 in
2104 1046 2193 1086 res
2225 1031 2558 1100 spirituales,
2591 1038 2646 1084 et
2684 1030 2741 1084 in
2780 1031 2955 1099 ipsam
2985 1030 3306 1097 Ecclesiam,
3336 1033 3426 1087 ubi
3457 1049 3577 1087 cor-

2021 1136 2123 1190 pus
2161 1128 2215 1173 et
2244 1120 2469 1189 sanguis
2500 1118 2704 1173 Christi
2735 1118 3049 1173 concredita
3078 1121 3237 1175 nobis
3273 1129 3420 1176 sunt.
3455 1120 3580 1175 Haec

2023 1213 2093 1264 ita
2133 1210 2248 1264 ﬁeri
2280 1226 2389 1265 non
2440 1218 2676 1280 oportet.
2717 1209 2888 1275 Quale
2936 1218 3116 1264 autem
3165 1213 3236 1265 sit
3267 1205 3578 1278 artiﬁcium,

2023 1301 2221 1355 dicam.
2251 1301 2449 1353 Putant
2475 1315 2533 1354 se
2556 1300 2677 1354 ideo
2706 1315 2814 1354 non
2847 1315 3077 1369 peccare
3101 1339 3116 1364 ,
3145 1301 3289 1369 quod
3316 1317 3425 1355 non
3457 1309 3582 1355 ante

2024 1392 2326 1459 accipiant,
2380 1392 2473 1444 sed
2519 1402 2641 1459 post
2694 1391 3090 1445 ordinationem
3142 1392 3432 1462 accipiant.
3475 1393 3585 1446 Ac-

2024 1480 2205 1550 cipere
2235 1475 2417 1533 autem
2471 1487 2555 1533 est
2587 1479 3024 1548 quandocunque
3059 1479 3326 1548 accipere.

2183 1569 2332 1639 Rogo
2365 1569 2576 1639 itaque,
2624 1569 2855 1623 reditum
2881 1571 3055 1634 illum,
3086 1571 3194 1624 imo
3233 1572 3414 1639 potius
3440 1571 3582 1625 viam
3664 1572 3669 1579 '

2030 1655 2084 1710 in
2132 1658 2432 1725 gehennam
2491 1656 2780 1711 ducentem
2846 1656 3177 1725 relinquite,
3240 1672 3341 1711 nec
3393 1673 3588 1711 manus

2027 1744 2295 1815 ejusmodi
2331 1746 2649 1801 muneribus
2697 1747 3164 1811 contaminantes,
3199 1746 3452 1817 indignos
3491 1764 3588 1803 vos

2027 1836 2295 1901 elﬁciatis,
2328 1838 2419 1906 qui
2452 1837 2713 1908 mysteria
2757 1844 2948 1891 saneta
2983 1838 3286 1901 celebretis.
3321 1839 3590 1908 Ignoscite

2029 1925 2207 1981 autem
2231 1929 2384 1983 mihi.
2410 1927 2651 1982 Primum
2673 1929 2892 1998 quidem
2922 1935 3179 1998 tanquam
3204 1944 3314 1983 non
3339 1932 3587 1997 credens,

2031 2019 2225 2074 deinde
2277 2030 2535 2089 tanquam
2579 2019 2737 2074 ﬁdem
2787 2020 3096 2084 adhibens,
3132 2021 3476 2077 interminor.
3533 2022 3591 2078 Si

2031 2111 2153 2183 quis
2177 2118 2299 2180 post
2327 2111 2469 2163 hanc
2509 2124 2684 2164 meam
2715 2110 3003 2179 epistolam
3032 2112 3139 2166 tale
3185 2111 3391 2180 aliquid
3418 2112 3594 2168 admi-

2033 2202 2195 2266 serit,
2234 2201 2302 2254 ab
2334 2200 2420 2254 his
2454 2200 2671 2269 quidem
2704 2216 2826 2270 quae
2857 2201 2946 2256 hic
2989 2210 3118 2256 sunt
3147 2202 3413 2258 altaribus
3443 2218 3594 2258 sece-

2033 2294 2152 2349 det:
2186 2304 2390 2361 quaeret
2440 2304 2617 2348 autem
2651 2292 2749 2348 ubi
2791 2291 2888 2347 Dei
2932 2293 3136 2347 donum
3181 2308 3368 2347 emens
3417 2291 3597 2345 denuo

2033 2383 2322 2439 divendere
2349 2391 2533 2452 queat.
2771 2383 2883 2440 Nos
2909 2384 3052 2438 enim
3085 2399 3151 2438 ac
3190 2382 3285 2438 Dei
3334 2380 3597 2436 Ecclesiae

2032 2473 2480 2528 emsuetudinem
2514 2474 2677 2528 talem
2710 2462 2821 2528 non
2852 2474 3137 2529 habemus.
3179 2474 3447 2549 Caeterum
3490 2486 3599 2524 uno

2033 2566 2217 2618 addito
2248 2565 2514 2620 desinam.
2547 2566 2774 2636 Propter
2803 2566 3085 2622 avaritiam
3119 2566 3221 2619 ista
3266 2565 3420 2618 ﬁunt.
3456 2564 3598 2617 Αντ-

2033 2654 2158 2707 ritia
2207 2664 2386 2710 autem
2423 2662 2478 2710 et
2506 2655 2663 2710 radix
2703 2656 2970 2709 malorum
3003 2654 3245 2708 omnium
3271 2663 3353 2707 est
3375 2692 3389 2716 ,
3422 2660 3476 2707 et
3507 2666 3602 2704 vo-

2034 2753 2190 2799 catur
2221 2746 2548 2800 idololatria.
2681 2745 2861 2800 Nolite
2890 2744 3059 2815 igitur
3096 2744 3316 2799 Christo
3346 2744 3604 2812 praeferre

2034 2836 2329 2891 simulacra
2372 2835 2443 2889 ob
2478 2836 2751 2890 modicum
2789 2844 3108 2904 argentum;
3147 2851 3245 2888 nec
3279 2850 3472 2889 rursus
3506 2833 3605 2886 Ju-

2034 2925 2156 2979 dam
2187 2926 2406 2987 imitari,
2445 2933 2685 2995 quaestus
2710 2910 2877 2979 causa
2914 2926 3108 2979 iterum
3144 2926 3421 2979 tradentes
3454 2939 3600 2984 cum,

2034 3014 2128 3084 qui
2180 3015 2346 3069 semel
2387 3029 2486 3083 pro
2532 3014 2690 3069 nobis
2743 3013 3038 3067 cruciﬁxus
3085 3020 3188 3067 est.
3244 3011 3500 3081 Alioquin
3551 3019 3607 3065 rt

2036 3106 2153 3175 agri
2183 3113 2237 3158 et
2268 3118 2463 3158 manus
2494 3117 2683 3156 eorum
2706 3143 2722 3168 ,
2759 3102 2854 3172 qui
2886 3101 2984 3156 hos
3028 3100 3241 3155 fructus
3274 3098 3604 3170 percipiunt,

1945 3175 1987 3233 (ἶ
2033 3192 2325 3249 Aceldama
2352 3192 2718 3247 vocabuntur.

2097 3302 2290 3357 BALS.
2345 3302 2623 3370 Quomodo
2681 3301 2976 3372 puniuntur
3022 3302 3117 3372 qui
3161 3303 3405 3373 pecuniis
3458 3305 3611 3360 ordi-

2024 3404 2236 3469 nant-et
2269 3397 2624 3460 ordinantur,
2652 3396 2711 3451 in
2743 3410 2867 3451 can.
2901 3396 2972 3453 29
3017 3404 3330 3452 sanctorum
3387 3412 3610 3468 aposto-

2021 3489 2195 3542 lormn
2230 3489 2686 3558 interpretatione
2716 3487 2889 3544 fusius
2920 3488 3123 3543 dictum
3150 3499 3256 3555 est,
3287 3489 3341 3543 in
3377 3505 3499 3545 can.
3531 3492 3565 3544 2
3590 3532 3607 3557 ,

2017 3594 2138 3650 syn.
2171 3579 2227 3646 4,
2266 3579 2317 3634 in
2350 3579 2588 3644 can.22,
2630 3596 2752 3651 syn.
2796 3580 2828 3634 6
2857 3590 2913 3635 et
2956 3581 3010 3634 in
3055 3581 3090 3636 3
3139 3588 3196 3636 et
3250 3580 3317 3636 i9
3369 3582 3611 3650 septimae

2018 3689 2138 3744 syn.
2174 3682 2229 3727 et
2255 3674 2371 3743 lege
2401 3687 2498 3728 eos
2534 3688 2836 3743 eorumque
2893 3672 3056 3745 146
3103 3674 3609 3742 interpretationes.

2021 3766 2287 3831 Quoniam
2344 3775 2523 3820 autem
2559 3779 2800 3835 praesens
2852 3780 3069 3836 quoque
3113 3766 3382 3834 epistola,
3443 3777 3501 3820 ut
3556 3779 3612 3820 et

2019 3872 2278 3918 eanones.
2313 3858 2635 3926 depositioni
2669 3857 2915 3927 subjicit,
2950 3867 3056 3910 tam
3087 3872 3181 3914 eos
3206 3859 3299 3926 qui
3328 3859 3608 3925 ordinant,

2020 3966 2180 4019 quam
2212 3950 2304 4019 qui
2335 3953 2679 4014 ordinantur,
2711 3949 2824 4003 sive
2845 3959 2976 4003 ante
2996 3949 3392 4003 ordinazionem
3440 3966 3609 4019 pecu-

2021 4043 2471 4111 niasaeceperint
2499 4042 2580 4095 vel
2600 4041 2844 4096 dederint
2866 4056 2881 4106 ;
2905 4042 3019 4096 sive
3040 4054 3162 4111 pest
3187 4042 3609 4096 ordinationem:

2021 4147 2074 4190 et
2101 4135 2217 4189 haec
2248 4144 2305 4189 et
2332 4134 2418 4187 illa
2444 4133 2736 4203 conjunge,
2758 4143 2811 4188 ct
2845 4150 2940 4204 per
2969 4133 3207 4205 gladium
3242 4135 3490 4204 spiritus,
3515 4135 3610 4204 qui

2022 4227 2347 4297 intelligitur
2375 4265 2391 4292 ,
2419 4224 2664 4280 avaritia:
2705 4224 3170 4295 perturbationem
3192 4266 3206 4289 ,
3263 4226 3443 4295 quoad
3497 4228 3616 4291 ejus

2028 4321 2143 4377 ﬁeri
2170 4329 2365 4390 potest,
2399 4319 2656 4374 radicitus
2683 4319 2970 4373 exscinde.
3014 4317 3221 4372 Praedia
3251 4326 3457 4383 autem,
3493 4334 3614 4387 qua:

334 4381 890 4495 ἶᾷξίρίζᾷἓιμτίσον.
911 4381 1006 4470 ’Τά
1039 4381 1227 4487 μέντοι
1253 4381 1600 4483 ἐξωνούμενα
1629 4381 1806 4484 χωρία
1832 4381 1907 4465 διό

2029 4413 2291 4482 ejusmodi
2317 4411 2564 4482 pecuniis
2591 4421 2850 4465 emuntur
2874 4448 2889 4473 ,
2921 4408 3336 4479 appellabuntur
3360 4449 3374 4472 ,
3403 4409 3639 4477 inquit,

333 4521 443 4576 τῶν
461 4517 720 4573 τοιούτων
750 4510 1052 4585 χρημάτων
1082 4507 1409 4577 Ἀκέλδαμα,
1432 4506 1585 4576 φησὶ,
1620 4505 1922 4576 κληθήσον-

334 4633 425 4670 ται
447 4615 585 4683 ὂπερ
629 4606 918 4679 Ἐὅραῖκόν
948 4608 1087 4668 ἐστι,
1121 4602 1215 4656 καὶ
1246 4600 1747 4672 ὲξελληνιζόμενον,
1784 4598 1916 4668 τιμὴ

338 4713 434 4764 καὶ
459 4706 657 4779 χωρίον
680 4702 912 4772 αἵματος
934 4695 1320 4767 ἑρμηνεύεται,
1345 4694 1562 4763 εἴρηται
1586 4694 1643 4747 ὲν
1659 4694 1726 4763 τῇ
1754 4691 1921 4763 βίϐλῳ

341 4801 449 4857 τῶν
480 4795 765 4869 Πράξεων.
802 4791 974 4846 Τοῦτο
1006 4788 1061 4841 δέ
1094 4789 1242 4841 ἐστιν
1272 4786 1301 4838 ὃ
1329 4785 1504 4853 λέγει,
1537 4785 1644 4850 ὅτι,
1672 4782 1868 4853 ὥσπερ
1894 4784 1922 4834 ὁ

339 4898 427 4952 διὰ
473 4893 584 4948 τῶν
640 4886 943 4960 ἀργυρίων,
995 4877 1072 4938 ὧν
1110 4878 1326 4952 ἐπράθη
1371 4876 1460 4931 διὰ
1508 4875 1606 4931 τοῦ
1668 4875 1840 4929 Ἰούδα
1895 4876 1923 4928 ὁ

344 4988 569 5060 Κύριος,
620 4976 950 5051 άγορασθεὶς
1005 4973 1173 5044 ἀγρὸς
1224 4972 1358 5041 τιμὴ
1406 4971 1638 5040 αἵματος
1692 4967 1918 5037 ἐκλήθη,

342 5081 488 5137 οὕτω
550 5075 645 5131 καὶ
706 5074 776 5127 τὰ
841 5066 1232 5138 λαμόανόμενα
1298 5062 1541 5146 άργύρια
1602 5063 1754 5131 παρὰ
1814 5060 1924 5111 τῶν

345 5173 672 5230 πωλούντων
689 5166 788 5235 τὴν
814 5161 1025 5232 δωρεὰν
1050 5151 1142 5213 τοῦ
1172 5158 1332 5222 Θεοῦ,
1364 5157 1458 5210 καὶ
1484 5157 1539 5209 al
1567 5154 1798 5223 ὲνορίαι,
1829 5155 1924 5206 καὶ

346 5269 402 5323 αἱ
423 5265 606 5335 κῶμαι
624 5265 683 5316 ὲν
702 5255 789 5323 αῖς
814 5257 863 5312 οἱ
880 5255 1114 5315 διδόντες
1130 5249 1586 5323 χειροτονοῦνται,
1604 5245 1740 5319 τιμὴ
1759 5246 1928 5315 αἵμα-

343 5378 434 5423 τος
473 5358 688 5412 ἔσονται
719 5354 813 5407 καὶ
847 5349 1241 5421 κληθήσονται.

416 5449 661 5507 ΖΩΝΑΡ.
707 5445 850 5517 Πρὸς
890 5443 1017 5506 τοὺς
1064 5440 1296 5504 οἰκείους
1338 5439 1413 5509 (a)
1459 5433 1794 5497 ἐπισκόπους
1839 5431 1931 5500 ἐγ-

417 5690 431 5723 ⁹
475 5690 596 5743 Act.
633 5701 748 5749 vni,
774 5683 887 5739 2ορ

413 5807 483 5871 (a)
512 5807 575 5856 lix
602 5805 770 5855 codice
794 5797 1207 5859 Amerbachiano,
1232 5794 1281 5845 in
1314 5791 1445 5845 notis
1469 5787 1756 5854 Beveregii.

2027 4506 2342 4567 Akeldama,
2371 4505 2514 4572 quod
2547 4511 2632 4557 est
2660 4501 2982 4557 llebraicmn
3015 4540 3030 4566 ,
3068 4511 3124 4556 et
3173 4501 3361 4555 Graece
3390 4517 3613 4568 expres-

2027 4615 2173 4665 sum,
2203 4597 2435 4668 pretium
2467 4604 2521 4649 ct
2573 4594 2835 4663 pra'dium
2872 4592 3157 4662 sanguinis
3190 4594 3613 4660 interpretatur;

2022 4693 2224 4746 dictum
2260 4690 2313 4743 in
2339 4689 2479 4743 libro
2506 4689 2761 4741 Actumu.
2794 4687 2909 4739 Hoc
2938 4694 3022 4739 est
3049 4694 3248 4748 autem,
3284 4683 3425 4751 quod
3452 4682 3613 4748 dicit;

2029 4785 2171 4853 quod
2202 4781 2656 4849 quemadmodum
2690 4793 2838 4846 ager,
2872 4776 2963 4845 qui
2990 4786 3204 4843 emptus
3235 4786 3318 4829 est
3351 4774 3612 4843 pecunia,

2029 4890 2134 4945 qua
2170 4874 2422 4937 venditus
2445 4881 2528 4927 est
2556 4888 2584 4924 a
2618 4869 2757 4925 Juda
2790 4869 3077 4933 Dominus,
3111 4866 3342 4938 pretium
3393 4869 3617 4935 sangui-

2031 4969 2117 5022 nis
2148 4976 2230 5021 est
2260 4964 2560 5034 appellatus
2596 4981 2609 5017 :
2648 4962 2722 5015 ita
2754 4968 2809 5015 et
2844 4958 3106 5028 pecunia},
3142 4974 3262 5028 qua:
3308 4956 3376 5011 ab
3426 4957 3492 5011 iis
3527 4972 3618 5009 ac-

2033 5060 2328 5128 cipiuntur,
2358 5058 2449 5125 qui
2483 5053 2701 5108 Domini
2741 5053 2960 5107 domum
2988 5049 3228 5105 vendunt
3257 5089 3272 5114 ,
3321 5058 3376 5103 et
3417 5049 3621 5103 dioece-

2033 5168 2140 5217 ses,
2173 5162 2227 5206 et
2257 5149 2475 5216 vici,'in
2510 5146 2708 5215 quibus
2737 5144 2815 5198 illi
2849 5143 2940 5211 qui
2967 5144 3097 5197 dant
3119 5141 3461 5206 ordinantur,
3496 5155 3623 5210 pre-

2036 5247 2167 5299 tium
2202 5242 2482 5314 sanguinis
2512 5247 2676 5294 crunt
2706 5247 2761 5292 et
2790 5236 3223 5307 appellabuntur.

2111 5424 2371 5482 ZONAR.
2428 5426 2507 5478 Ad
2558 5423 2844 5493 episcopos
2920 5434 3049 5476 suos
3113 5417 3334 5489 scripsit
3395 5427 3622 5470 sanctus
