4008 6380
321 391 428 455 837

1266 394 1347 456 ΙΝ
1379 392 1621 457 EPIST.
1653 396 1715 456 S.
1750 394 2039 455 BASlLlI
2071 396 2176 456 AD
2213 394 2652 463 EPISCOPOS.

3495 405 3603 470 838

321 501 633 573 Παρακαλῶ
656 501 772 573 οὖν,
799 504 1067 559 ἀπόθεσθε
1095 504 1298 579 ταύτην
1324 507 1426 577 τὴν
1454 507 1744 578 πρόσοδον,
1776 508 1911 579 μᾶλ-

2017 517 2104 575 est
2123 511 2554 581 quandocunque
2571 513 2838 582 accipere.
2860 511 3119 579 Quamvis
3140 512 3284 569 enim
3310 516 3432 584 quis
3454 517 3604 584 prius

317 596 407 650 λον
437 598 496 652 δὲ
526 598 624 669 τὴν
654 600 1027 673 προσαγωγὴν
1059 599 1160 672 τὴν
1190 600 1286 654 ἐπὶ
1316 602 1546 670 γέενναν
1569 617 1587 634 ο
1622 604 1655 672 ἡ
1692 602 1805 672 γὰρ
1839 604 1906 656 ὲκ

316 687 574 760 τοιαύτης
624 690 802 756 αἰτίας
849 691 1113 762 πρόσοδος
1155 693 1423 763 προσάγει
1453 697 1518 766 τῇ
1569 698 1762 767 γεέννῃ
1813 694 1905 749 τὸν

316 780 598 852 χρώμενον
616 784 775 856 αὐτῇ.
795 784 904 839 Καὶ
932 786 1005 858 μὴ
1027 785 1125 849 τὰς
1146 790 1332 857 χεῖρας
1352 788 1670 858 μολύνοντες
1689 786 1798 842 ἀπὸ
1810 787 1906 841 τοῦ

316 873 620 943 λαμϐάνειν
642 915 655 938 ,
684 876 795 929 ἀπὸ
842 878 1027 949 πόρων
1058 879 1320 934 τοιούτων
1355 881 1610 947 ἀναξίους
1641 883 1907 952 ποιήσητε

316 963 547 1027 ἑαυτοὺς
570 965 661 1017 τοῦ
684 968 1241 1037 μεταχειρίζεσθαιτὰ
1261 970 1394 1040 ἅγια
1426 973 1719 1044 μυστήρια,
1739 976 1908 1047 ἤγουν

314 1056 411 1110 τοῦ
462 1059 769 1128 ἱερουργεῖν
814 1061 909 1113 καὶ
955 1061 1104 1115 θύειν
1150 1063 1211 1116 τὸ
1260 1063 1420 1135 σῶμα
1471 1067 1567 1119 καὶ
1619 1066 1759 1138 αἷμα
1809 1067 1907 1120 τοῦ

314 1138 577 1218 Χριστοῦ.
614 1149 737 1202 Ὀτι
771 1148 827 1204 δὲ
864 1153 943 1215 εἰς
993 1151 1223 1223 ἀπειλὴν
1256 1155 1584 1227 περιέστησε
1618 1156 1712 1210 τὸν
1747 1156 1906 1225 λόγον

328 1242 355 1293 ὁ
382 1238 560 1307 ἅγιος,
599 1240 771 1293 εἰπὼν
821 1243 879 1295 ὲν
909 1243 1051 1315 ἀρχῇ
1078 1247 1177 1314 τῆς
1209 1248 1524 1319 ἐπιστολῆς,
1558 1251 1641 1303 ὃτι
1673 1250 1906 1303 ἄπιστον

232 1396 239 1401 υ
318 1332 616 1402 ἡγησάμην
637 1334 695 1385 τὸ
711 1336 967 1405 πρᾶγμα,
1000 1336 1336 1409 συγγνώμην
1354 1341 1515 1394 αἰτεῖ.
1548 1339 1610 1392 Ἦ
1630 1341 1686 1394 δὲ
1709 1342 1905 1412 ἀπειλή

319 1425 439 1476 ἐστι
490 1427 549 1477 τὸ
602 1426 802 1496 μηκέτι
852 1427 1087 1497 ἐαθῆναι
1138 1430 1228 1483 τὸν
1276 1432 1415 1501 μετὰ
1461 1433 1561 1502 τὴν
1615 1433 1907 1504 ἐπιστολὴν

318 1514 561 1569 τοιοῦτον
600 1534 653 1569 τι
697 1519 998 1589 ποιήσαντα
1034 1521 1115 1585 είς
1155 1520 1546 1594 θυσιαστήριον
1583 1527 1903 1597 ἐνεργῆσαι.

329 1605 708 1677 Ἀναχωρήσει
754 1611 887 1682 γὰρ,
936 1613 1122 1683 φησὶν,
1165 1615 1192 1668 ὁ
1234 1614 1477 1680 τοιοῦτος
1524 1617 1636 1671 τῶν
1673 1618 1910 1674 ἐνταῦοα

317 1697 745 1770 θυσιαστηρίων,
777 1704 901 1757 ἀντὶ
924 1704 1017 1757 τοῦ
1041 1705 1426 1778 κωλυθήσεται
1452 1702 1553 1776 ᾧδε
1583 1710 1905 1779 ἱερατεύειν,

315 1786 412 1836 καὶ
432 1784 619 1839 λοιπὸν
639 1787 804 1857 ἄλλην
826 1791 1013 1862 χώραν
1043 1794 1284 1864 αἰτήσει.
1306 1798 1365 1850 ὲν
1461 1799 1783 1864 ὲξωνίσεται
1806 1802 1908 1868 τὴν

2013 618 2120 658 non
2149 605 2444 673 acceperit,
2475 606 2559 661 vel
2590 605 2808 675 quando
2839 605 3076 673 ordinat,
3112 606 3211 662 sed
3254 608 3437 677 aliquo
3482 620 3606 679 post

2015 703 2279 763 tempore.
2308 703 2536 767 propter
2565 695 2786 751 ordines
2829 710 2859 750 a
2913 710 2975 751 se
3023 694 3271 759 collatos,
3327 696 3470 749 idem
3519 706 3604 751 est
3682 705 3687 711 '

2015 794 2324 856 peccatum.
2353 787 2635 841 Adhortor
2668 787 2854 857 igitur,
2891 796 2951 840 ut
2983 780 3125 841 hunc
3152 786 3433 855 deponatis
3464 786 3604 841 redi-

2012 886 2143 945 tum,
2172 879 2256 933 vel
2290 880 2469 947 potius
2499 878 2566 934 ad
2605 880 2910 949 gehennam
2941 880 3148 934 aditum
3174 896 3189 946 ;
3224 879 3431 934 reditus
3453 878 3599 932 enim

2010 969 2113 1024 hoc
2143 972 2302 1024 modo
2336 970 2637 1041 acquisitus
2684 984 2749 1025 eo
2780 979 3019 1023 utentem
3060 969 3126 1023 ad
3172 972 3475 1038 gehennam
3508 971 3607 1022 du-

2008 1063 2083 1117 cit
2129 1082 2144 1119 :
2187 1073 2345 1119 etne
2396 1080 2587 1119 manus
2635 1074 2844 1119 vestras
2900 1063 3215 1134 accipiendo
3258 1064 3603 1133 pollueutes,

2015 1169 2112 1221 per
2142 1155 2450 1222 huiusmodi
2488 1165 2727 1225 quaestus
2775 1164 2987 1209 vosmet
3031 1155 3282 1224 indignos
3330 1155 3603 1223 reddatis,

2008 1246 2100 1313 qui
2130 1257 2317 1300 sancta
2351 1248 2605 1317 mysteria
2635 1249 2985 1304 contrectetis
3014 1264 3028 1313 ;
3061 1249 3317 1302 nimirum
3376 1249 3469 1317 qui
3516 1263 3607 1302 sa-

2008 1353 2099 1392 cra
2141 1339 2423 1392 celebretis
2459 1347 2512 1393 et
2555 1354 2749 1409 corpus
2777 1349 2831 1393 et
2868 1340 3188 1408 sanguinem
3220 1339 3419 1394 Christi
3462 1339 3602 1394 οπο·
3652 1410 3659 1419 ⁸

2012 1429 2164 1483 ratis.
2197 1430 2465 1494 Quoniam
2503 1443 2681 1486 autem
2713 1432 3015 1484 orationem
3072 1441 3296 1485 sanctus
3328 1431 3395 1484 ad
3431 1432 3606 1485 minas

2009 1533 2370 1587 converterat,
2409 1524 2565 1578 initio
2597 1522 2849 1594 Epistole
2880 1525 3065 1578 dicens
3093 1562 3109 1588 ,
3145 1524 3284 1591 quod
3349 1539 3462 1577 rem
3516 1524 3603 1576 iu-

2010 1613 2323 1667 credibilcm
2382 1616 2731 1680 cxiStimavi,
2788 1616 3001 1670 veniam
3061 1617 3214 1684 petit.
3242 1614 3607 1669 Cmnntinulio

2010 1714 2114 1770 ρει,
2141 1706 2280 1771 quod
2303 1705 2394 1775 qui
2428 1718 2550 1776 post
2578 1710 2719 1761 hanc
2749 1708 3039 1775 Epistulam
3068 1707 3270 1774 aliquid
3302 1706 3607 1761 istiusmodi

2011 1800 2423 1866 perpetraverit,
2456 1798 2523 1852 ad
2550 1799 2720 1864 altare
2753 1799 2984 1868 amplius
3018 1798 3299 1852 celebrare
3332 1814 3435 1851 non
3468 1815 3597 1867 per—

314 1875 529 1948 δωρεὰν
562 1879 657 1932 τοῦ
688 1881 823 1935 Θεοῦ
845 1924 859 1946 ,
891 1884 987 1935 καὶ
1021 1887 1410 1957 μεταπωλὴσει
1444 1891 1636 1960 αὑτήν.
1671 1893 1783 1944 Καὶ
1816 1895 1909 1945 ἐπὶ

2017 1894 2276 1945 mittetur.
2311 1889 2460 1946 Talis
2486 1893 2632 1946 enim
2670 1894 2736 1946 ab
2774 1892 3061 1955 altaribus,
3098 1893 3270 1961 inquit
3300 1932 3315 1955 ,
3350 1908 3469 1961 qua:
3522 1894 3610 1946 hic

316 1968 529 2034 τούτοις
557 1970 625 2024 τὰ
651 1974 991 2028 ἀποστολικὰ
1015 1976 1211 2047 ὲπάγει
1239 1981 1381 2049 ῥητά
1400 1997 1412 2010 ·
1454 1982 1643 2050 Ἡμεῖς
1670 1985 1780 2053 γὰρ
1811 1984 1912 2038 καὶ

315 2064 376 2118 al
424 2064 779 2133 ’Exwina't'at
804 2069 911 2124 τοῦ
939 2070 1090 2125 Θεοῦ
1121 2072 1408 2139 τοιαύτην
1429 2075 1766 2142 συνήθειαν
1799 2078 1913 2130 οὐκ

312 2155 558 2225 ἔχομεν.
602 2154 738 2213 Εἷτά
780 2178 968 2232 φησιν,
1012 2163 1188 2217 ὅτιτὸ
1232 2165 1434 2220 πωλεῖν
1473 2167 1570 2238 τὴν
1613 2168 1774 2238 χάριν
1813 2168 1910 2221 τοῦ

317 2245 662 2316 Πνεύματος,
715 2249 803 2306 διὰ
856 2254 1234 2326 φιλαργυρίαν
1292 2262 1545 2327 γίνεται,
1607 2261 1728 2331 ἥτις
1784 2263 1911 2329 ῥίζα

316 2337 543 2393 πάντων
575 2342 687 2396 τῶν
714 2345 905 2398 κακῶν
933 2348 1088 2414 ἐστὶ,
1122 2349 1221 2402 καὶ
1250 2351 1589 2419 ὀνομάζεται
1623 2353 1911 2407 εἰδωλολα-

315 2430 467 2503 τρία.
516 2433 607 2505 Μὴ
640 2433 734 2490 οὖν
768 2440 1157 2511 προτιμήσητε
1195 2442 1267 2495 τὰ
1288 2443 1496 2497 εἴδωλα
1542 2445 1638 2498 τοῦ
1670 2444 1911 2515 Χριστοῦ

315 2523 404 2578 διὰ
441 2526 640 2596 μικρὸν
669 2528 959 2600 ἀργύριον.
1004 2532 1158 2587 Ἐπεὶ
1185 2535 1295 2607 γὰρ
1329 2537 1362 2606 ἡ
1391 2536 1735 2610 φιλαργυρία
1761 2540 1915 2593 εἰδω-

311 2617 578 2690 λολατρία
633 2620 822 2693 ἐστὶν,
882 2626 911 2676 ὁ
967 2623 1057 2678 διὰ
1121 2626 1497 2699 φιλαργυρίαν
1558 2630 1757 2684 πωλῶν
1812 2634 1913 2701 τὴν

312 2711 528 2783 δωρεὰν
564 2712 660 2765 τοῦ
690 2713 832 2789 pse-5
877 2719 1220 2789 προτιμᾶται
1258 2721 1326 2775 τὰ
1371 2721 1570 2778 εἴδωλα
1610 2723 1705 2777 τοῦ
1750 2724 1912 2789 Θεοῦ,

316 2804 417 2857 καὶ
470 2808 726 2876 μιμεῖται
762 2808 855 2862 τὸν
908 2811 1131 2867 Ἰούδαν.
1190 2813 1279 2878 Ὠς
1322 2816 1431 2886 γὰρ
1479 2817 1690 2881 ἐκεῖνος
1728 2817 1814 2871 διὰ
1853 2818 1913 2870 τὸ

321 2898 588 2972 κερδῆσαι
623 2899 691 2955 τὰ
733 2902 972 2975 ἀργύρια
1019 2904 1307 2976 παρέδωκε
1346 2907 1437 2962 τὸν
1471 2908 1724 2979 Χριστὸν,
1773 2908 1914 2963 οὕτω

321 2994 417 3046 καὶ
441 2988 587 3049 οὗτοι
614 2995 959 3063 προδιδόασιν
992 2997 1210 3062 ἑκόντες
1231 2998 1491 3070 δευτέραν
1519 3001 1599 3063 εἰς
1621 3001 1915 3072 προδοσίαν

314 3084 410 3137 τὸν
436 3085 692 3157 Χριστὸν,
723 3085 782 3152 ὃς
811 3087 1132 3159 ἅπαξ-ὑπὲρ
1154 3089 1313 3161 ἡμῶν
1341 3090 1684 3161 ἐσταυρώθη.
1715 3091 1917 3145 Τοσοῦ-

2016 1989 2163 2046 sunt,
2199 1985 2449 2047 recedet;
2482 1983 2583 2035 hoc
2615 1991 2719 2047 est,
2750 1995 2905 2035 sacra
2946 1981 3047 2036 hoc
3078 1981 3129 2034 in
3175 1983 3294 2035 loco
3333 1983 3612 2036 celebrare

2016 2071 2491 2139 probibebitur,et
2513 2072 2673 2125 aliam
2704 2074 2753 2124 in
2792 2082 3066 2139 posterum
3086 2074 3359 2142 regionem
3382 2086 3608 2141 quaeret,

2017 2164 2070 2217 in
2106 2178 2211 2233 qua
2243 2163 2443 2217 donum
2474 2162 2567 2217 Dei
2597 2166 2848 2228 redimat,
2876 2164 3128 2233 idemque
3158 2165 3377 2219 vendat.
3409 2168 3612 2220 Adltzt-c

2017 2256 2309 2324 apostolica
2342 2256 2589 2325 producit
2623 2257 2787 2311 verba
2818 2272 2834 2321 ;
2866 2254 2984 2309 Nos
3008 2258 3145 2310 enim
3167 2266 3217 2311 et
3244 2257 3494 2310 Ecclesia:
3518 2256 3614 2311 Dei

2014 2347 2172 2401 talem
2200 2364 2303 2401 non
2341 2349 2592 2402 habemus
2646 2350 3085 2402 consuetudinem
3118 2353 3159 2403 ί.
3221 2347 3416 2403 Postea
3462 2350 3612 2415 dicit,

2016 2440 2164 2510 quod
2211 2442 2451 2496 venditio
2520 2442 2709 2513 gratiae
2759 2442 2993 2512 Spiritus
3047 2442 3274 2512 propter
3325 2443 3610 2497 avaritiam

2017 2530 2159 2587 facta
2177 2541 2278 2598 est,
2315 2549 2438 2603 quae
2467 2534 2619 2589 radix
2653 2543 2736 2590 est
2762 2535 3006 2588 omnium
3042 2534 3309 2589 malorum
3338 2572 3356 2599 ,
3386 2544 3441 2588 et
3504 2536 3619 2587 ido-

2018 2623 2227 2679 lolatria
2250 2625 2581 2680 nominatur.
2616 2623 2759 2681 idola
2790 2627 2970 2697 itaque
2987 2627 3207 2682 Christo
3229 2635 3451 2696 propter
3478 2642 3612 2694 pau-

2018 2718 2185 2773 lulqu
2218 2719 2468 2789 pecunia!
2528 2734 2596 2774 ne
2648 2718 2972 2790 praeferetis.
3001 2710 3138 2774 Cum
3189 2718 3334 2774 enim
3389 2719 3617 2773 avaritia

2017 2809 2323 2867 idololatria
2358 2811 2475 2875 sit,
2506 2810 2598 2881 qui
2646 2819 2872 2880 propter
2928 2812 3217 2866 avaritiam
3270 2812 3471 2867 donum
3522 2811 3615 2865 Dei

2021 2903 2244 2973 vendit,
2302 2904 2445 2959 idola
2501 2903 2610 2960 Deo
2665 2904 2908 2975 praefert,
2973 2914 3027 2958 et
3094 2904 3288 2960 Judam
3349 2905 3616 2960 imitatur.

2019 2994 2482 3063 Quemadmodum
2518 2995 2663 3051 enim
2696 2995 2784 3051 ille
2810 2994 3093 3051 Christum
3136 2996 3395 3067 prodidit,
3433 3007 3496 3051 ut
3525 3012 3621 3050 ar».

2025 3101 2244 3161 gentum
2279 3088 2585 3167 lucraretur
2618 3088 2737 3143 :sie
2771 3089 2824 3143 hi
2858 3090 3093 3144 secunda
3129 3090 3437 3159 proditione
3452 3090 3614 3143 Chri-

314 3188 410 3228 τον
437 3172 492 3227 δὲ
523 3179 679 3245 φησὶ,
714 3179 806 3231 τὸν
846 3177 1051 3232 Ἰούδαν
1087 3179 1383 3250 μιμοῦνται
1408 3181 1460 3235 οἱ
1487 3183 1587 3253 τὴν
1613 3183 1772 3255 χάριν
1800 3201 1911 3237 πω-

2030 3195 2174 3237 stum
2213 3191 2405 3252 sponte
2435 3182 2696 3253 produnt,
2716 3182 2807 3252 qui
2830 3181 2996 3237 semel
3025 3197 3122 3252 pro
3154 3183 3311 3237 nobis
3331 3185 3621 3237 cruciﬁxus

315 3264 536 3330 λοῦντες
562 3269 655 3321 τοῦ
683 3270 1023 3341 Πνεύματος,
1049 3273 1131 3327 ὅτι
1162 3274 1256 3328 καὶ
1282 3273 1351 3327 τὰ
1372 3274 1568 3346 χωρία,
1598 3276 1666 3330 τὰ
1686 3277 1772 3331 διὰ
1804 3277 1913 3332 τῶν

317 3360 602 3431 ἀργυρίων
624 3360 831 3417 τούτων
861 3363 1169 3435 ὠνούμενα,
1199 3366 1367 3437 ἤγουν
1395 3369 1452 3421 αἱ
1477 3368 1708 3440 ἐνορίαι,
1736 3372 1830 3424 καὶ
1857 3373 1913 3424 αἱ

316 3453 505 3524 κῶμαι
542 3454 599 3507 ἐν
633 3450 722 3518 αἷς
758 3457 1216 3529 ἑπικηρύττονται
1250 3462 1302 3513 οἱ
1329 3459 1475 3514 οὕτω
1502 3464 1915 3535 χειροτονούμε-

319 3558 433 3608 vet,
462 3545 557 3597 καὶ
588 3546 645 3598 αἱ
674 3547 876 3617 χεῖρες,
910 3549 967 3601 αἱ
999 3549 1125 3611 τοὺς
1164 3552 1412 3620 καρποὺς
1443 3554 1667 3616 τούτους
1693 3554 1915 3625 δεχόμε-

322 3647 431 3699 ναι,
478 3632 790 3704 Ἀκελδαμὰ
827 3636 1196 3709 κληθήσονται
1218 3654 1234 3671 ’
1277 3640 1414 3711 ὅπερ
1447 3638 1737 3709 Ἐδραῖκὸν
1770 3643 1910 3708 ἐστι,

323 3723 795 3797 ἑξελλττθιζόμενον
828 3729 887 3782 δὲ
915 3731 1083 3801 τιμὴν
1113 3733 1205 3785 καὶ
1243 3735 1443 3803 χωρίον
1472 3732 1708 3802 αἵματος
1737 3736 1915 3805 ἑρμη-

321 3817 559 3873 νεύεται.
619 3820 849 3892 Εἴρηται
901 3822 957 3875 δὲ
1012 3824 1072 3876 ὲν
1127 3826 1193 3895 τῇ
1247 3825 1414 3895 βίϐλῳ
1469 3825 1578 3879 τῶν
1628 3827 1911 3898 Πράξεων.

323 3908 496 3963 Τοῦτο
522 3910 613 3965 οὖν
645 3913 792 3967 ἐστιν
822 3912 850 3966 ὃ
876 3913 1023 3983 λέγει
1048 3930 1065 3947 ⁸
1099 3917 1184 3969 ὅτι
1213 3915 1404 3987 ὥσπερ
1431 3919 1459 3971 ὁ
1485 3918 1573 3972 διὰ
1606 3920 1714 3972 τῶν
1743 3921 1916 3989 ἀργυ-

323 4003 482 4075 Ρίωνν
529 4004 597 4058 δι’
638 4002 713 4059 ὦν
757 4009 975 4080 ἐπράθη
1030 4011 1183 4080 παρὰ
1222 4008 1319 4063 τοῦ
1379 4011 1551 4067 Ἰούδα
1606 4013 1635 4065 ὀ
1685 4013 1913 4085 Κύριος,

322 4097 653 4170 ἁγορασθεὶς
686 4101 855 4171 ἀγρὸς
901 4100 1035 4175 τιμὴ
1081 4102 1315 4173 αἵματος
1355 4104 1609 4177 ἐλογίσθη
1655 4109 1750 4160 καὶ
1783 4107 1922 4160 ὠνο-

327 4190 532 4262 μάσθη,
592 4192 735 4247 οὕτω
781 4196 875 4246 καλ⁵
923 4195 992 4248 τὰ
1037 4196 1425 4267 λαμϐανόμενα
1471 4198 1715 4270 ἀργύρια
1767 4201 1918 4272 παρᾶ

324 4283 433 4339 τῶν
468 4284 794 4341 πωλούντων
825 4286 924 4360 τὴν
946 4288 1154 4359 δωρεὰν
1182 4290 1275 4344 τοῦ
1301 4290 1464 4359 Θεοῦ,
1489 4293 1585 4345 καὶ
1606 4293 1663 4345 αἱ
1688 4294 1919 4364 ὲνορίαι,

324 4375 422 4429 καὶ
471 4378 529 4433 αἱ
577 4378 782 4447 κῶμαι,
836 4370 911 4435 ἐν’
940 4377 1028 4445 αἷς
1080 4384 1130 4436 οἱ
1180 4382 1410 4448 διδόντες
1457 4388 1921 4457 χειροτονοῦνται,

324 4469 460 4542 τιμὴ
492 4472 722 4543 αἵματος
759 4475 972 4530 ἔσονται
1006 4480 1100 4532 καὶ
1133 4478 1519 4557 κληθήσονται.

402 4656 419 4687 ⁸
449 4669 463 4708 ὅ
499 4660 619 4711 (Sor.
658 4673 735 4727 τι,
771 4659 863 4713 16.

2023 3283 2126 3330 est.
2150 3273 2250 3340 Qui
2275 3272 2504 3343 gratiam
2525 3280 2708 3327 autem
2728 3274 2965 3343 Spiritus
2985 3275 3247 3337 vendunt,
3265 3289 3438 3343 usque
3461 3276 3618 3343 adeo,

2023 3363 2436 3436 inquit,1udam
2470 3364 2774 3431 imitantur,
2801 3372 2861 3420 ut
2896 3366 3099 3431 pradia
3137 3365 3230 3419 tali
3263 3377 3487 3436 argento
3508 3381 3622 3420 em-

2023 3470 2138 3529 pta,
2171 3459 2288 3514 sive
2318 3459 2587 3529 regiones,
2623 3468 2677 3514 et
2708 3458 2846 3523 vici,
2874 3460 2927 3513 in
2962 3459 3161 3529 quibus
3189 3459 3618 3525 constituuntur,

2025 3552 2118 3620 qui
2155 3552 2335 3606 istltoc
2364 3552 2524 3607 modo
2575 3552 2797 3607 ordines
2848 3552 2951 3607 sibi
3000 3552 3233 3607 collatos
3292 3552 3530 3616 habent,
3570 3560 3626 3605 (-t

2026 3659 2241 3709 manus,
2275 3660 2397 3714 quae
2428 3646 2560 3700 istos
2602 3643 2810 3699 fructus
2838 3645 3112 3714 accipiunt
3138 3684 3155 3711 ,
3185 3642 3478 3699 Akeldama
3527 3660 3623 3696 v0-

2024 3740 2332 3804 cabuntur;
2368 3736 2512 3807 quod
2542 3734 2867 3792 llebraicum
2899 3745 3008 3801 est,
3039 3734 3229 3792 Graece
3261 3747 3442 3789 autem
3492 3733 3622 3787 l’re-

2022 3830 2157 3884 tium
2188 3839 2243 3883 et
2272 3845 2460 3899 agrum
2494 3828 2776 3897 sanguinis
2795 3828 3088 3898 signiﬁcat.
3118 3824 3404 3882 Referetur
3434 3814 3620 3879 autem

2023 3922 2077 3976 in
2106 3922 2244 3976 libro
2276 3920 2556 3976 Actorum.
2589 3919 2704 3975 Hoc
2739 3919 2905 3989 igitur
2951 3929 3035 3974 est
3060 3919 3206 3989 quod
3257 3918 3388 3974 dicit
3422 3936 3437 3974 :
3480 3908 3625 3987 quod

2024 4016 2164 4071 sicut
2192 4029 2342 4084 ager,
2373 4013 2462 4083 qui
2496 4013 2739 4068 nummis
2768 4013 3066 4083 argenteis,
3098 4026 3195 4079 pro
3223 4011 3425 4082 quibus
3491 4025 3622 4064 ven-

2023 4107 2168 4162 ditus
2194 4115 2275 4160 est
2309 4105 2571 4160 Dominus
2591 4145 2607 4172 ,
2641 4114 2857 4175 emptus
2886 4113 2970 4160 est
3000 4142 3015 4168 ,
3050 4105 3287 4173 pretium
3339 4103 3624 4174 sanguinis

2025 4214 2303 4274 reputatus
2332 4212 2415 4257 est
2451 4212 2504 4257 et
2530 4205 2876 4270 nominatus;
2917 4202 3001 4258 sic
3029 4203 3192 4257 etiam
3229 4214 3513 4270 argentum
3553 4205 3622 4255 ab

2024 4298 2113 4363 iis,
2147 4297 2237 4367 qui
2263 4297 2462 4351 donum
2490 4295 2584 4350 Dei
2621 4297 2899 4363 vendunt,
2934 4306 3216 4366 acceptum
3243 4335 3259 4363 ,
3283 4306 3338 4351 et
3374 4295 3622 4365 regiones

2023 4401 2079 4448 et
2107 4391 2229 4454 vici,
2268 4390 2321 4445 iu
2350 4390 2548 4460 quibus
2570 4389 2894 4444 ordinantur
2922 4389 2999 4443 illi
3028 4391 3118 4460 qui
3168 4390 3464 4457 dederunt,
3500 4402 3624 4459 prc-

2026 4486 2159 4539 tium
2193 4483 2475 4553 sanguinis
2506 4490 2669 4537 erunt
2697 4490 2752 4536 et
2780 4482 3221 4563 appellabuntur.
