4008 6380
419 341 522 400 943

1677 330 1955 391 TilEUD.
2007 330 2403 390 BALS.~\.\1‘JN

3574 344 3688 406 844

425 478 604 525 eri-clo
653 468 838 521 habitu
887 468 1094 535 precari
1148 463 1327 531 potius
1375 478 1474 528 nos
1531 461 1784 515 Ecclesiae
1837 460 1973 519 ritus

2132 474 2272 541 ἡμᾶς
2313 476 2726 540 ἔξεπαίδευσαν,
2773 482 2834 527 εκ
2879 476 2973 544 τῆς
3013 466 3688 547 ἐναργοῧςῦπομνήσεως

423 564 741 620 docuerunt,
791 560 1043 612 nimirum
1096 571 1187 624 per
1241 555 1545 609 evidentem
1591 557 1973 607 ctnnmonitio-

424 669 547 708 nem
572 654 729 721 qnasi
756 650 1144 704 transferentes
1164 656 1392 701 mentem
1419 655 1658 700 nostram
1684 660 1711 698 a
1749 661 1976 713 prmsen-

425 745 569 798 tibus
602 743 665 796 ad
709 739 1149 809 futura.lnsupcr
1175 749 1227 791 et
1256 738 1466 806 quoties
1495 752 1666 805 genua
1690 736 1971 798 ﬂectimus,

425 844 479 889 et
528 850 718 889 rursus
761 834 1040 902 erigimur,
1084 832 1201 898 ipso
1244 827 1386 881 facto
1435 827 1794 887 ostendimus,
1833 827 1973 894 quod

426 924 496 977 ob
520 932 797 992 peceatum
849 922 901 974 in
932 928 1134 973 terram
1172 917 1376 986 delapsi
1424 931 1632 978 sumus,
1657 924 1709 969 et
1742 932 1836 984 per
1874 916 1976 969 hu-

428 1011 739 1063 manitalem
770 1009 887 1076 ejus
922 1008 1012 1075 qui
1055 1006 1257 1060 creavit
1295 1019 1396 1058 nos
1432 1004 1487 1057 in
1516 1006 1713 1057 malum
1746 1006 1977 1057 revocati

426 1112 640 1154 sumus.
1251 1133 1260 1140 -

494 1187 720 1240 Deficiet
777 1199 860 1238 me
906 1183 1061 1248 dies,
1118 1181 1161 1235 si
1220 1174 1478 1235 Ecclesiae
1535 1179 1793 1247 mysteria
1860 1174 1999 1231 citra

422 1280 682 1346 scriptum
763 1277 957 1331 tradita
1059 1288 1277 1345 pergam
1380 1285 1685 1327 recensere.
1794 1267 2001 1323 Omitto

423 1382 621 1425 cmtera
687 1388 700 1421 :
768 1370 939 1440 ipsam
1000 1366 1122 1421 fidei
1177 1364 1579 1437 professionem
1647 1364 1697 1415 in
1782 1362 1999 1416 Patrem

421 1477 475 1523 et
524 1466 718 1521 Filium
771 1474 825 1521 et
858 1463 1119 1533 Spiritum
1168 1470 1437 1522 sanetum,
1490 1474 1520 1512 e
1569 1458 1766 1527 quibus
1812 1456 1977 1510 habe-

425 1573 543 1611 mus
596 1555 861 1623 scriptis?
927 1551 1137 1605 Etenim
1194 1549 1239 1604 si
1298 1549 1555 1618 quoniam
1607 1563 1670 1601 ex
1722 1545 1976 1614 baptismi

424 1646 736 1709 traditione,
762 1645 915 1713 juxta
954 1642 1172 1711 pietatis
1200 1639 1672 1700 consecutionem,
1704 1644 1762 1690 ut
1807 1637 1983 1704 bapti-

424 1752 632 1794 zamur.
662 1737 736 1788 ita
779 1744 832 1789 et
874 1734 1093 1788 credere
1138 1729 1419 1792 debemus,
1452 1730 1680 1783 similem
1712 1729 1983 1795 baptismo

427 1826 816 1895 professionem
846 1823 1166 1878 exhibemus
1212 1836 1225 1871 :

426 1928 482 1968 ut
525 1917 678 1985 juxta
723 1914 965 1968 eamdem
1018 1911 1464 1981 consequentiam
1532 1907 1983 1978 glorificationem

426 2005 546 2059 lidei
577 2005 916 2059 consimilem
959 2003 1350 2072 persolvamns.
1383 2000 1539 2065 Quod
1570 2000 1615 2054 si
1646 1997 1982 2068 glorificandi

426 2098 643 2151 modum
678 2095 837 2149 veluti
887 2095 1092 2162 scripto
1123 2109 1228 2147 non
1259 2092 1515 2146 traditum
1548 2091 1824 2159 rejiciunt.
1856 2103 1982 2158 pro-

426 2190 602 2240 ferant
650 2185 809 2238 nobis
873 2195 923 2236 et
977 2182 1336 2251 professionis
1389 2181 1510 2235 fidei
1563 2188 1617 2234 et
1665 2191 1983 2234 cancrorum

430 2292 543 2344 qum
587 2273 1128 2328 commemoravimus
1176 2270 1546 2339 probationem
1591 2284 1621 2323 e
1667 2268 1982 2338 Scripturis.

427 2364 623 2416 Adth
663 2377 789 2416 cum
837 2370 945 2412 tam
998 2361 1168 2411 multa
1209 2360 1319 2412 sint
1351 2374 1471 2427 quae
1519 2359 1723 2425 scripto
1775 2358 1987 2425 prodita

427 2472 535 2509 non
583 2462 730 2519 sunt,
761 2462 814 2508 et
860 2458 1068 2505 tantum
1117 2450 1315 2503 habent
1361 2450 1615 2503 momenti
1661 2449 1726 2501 ad
1774 2449 1990 2518 pietatis

430 2547 749 2616 mysterium
786 2582 798 2606 ,
852 2543 1069 2596 unicam
1124 2541 1512 2595 dictiunculam
1571 2556 1691 2609 qua:
1739 2555 1768 2592 a
1820 2540 1988 2607 majo-

427 2634 580 2688 ribus
610 2633 673 2687 ad
704 2646 803 2686 nos
832 2631 1069 2694 devenit,
1105 2645 1211 2682 non
1240 2630 1563 2689 concedent,
1597 2643 1759 2697 quam
1792 2644 1890 2681 nos
1919 2644 1985 2681 ex

392 2712 737 2780 ‘inaifectata
788 2721 1184 2778 consuetudine
1251 2721 1305 2774 in
1363 2719 1652 2778 Ecclesiis.
1703 2733 1822 2787 quae
1868 2730 1986 2786 per-

428 2832 600 2872 versa:
624 2825 679 2870 et
710 2822 980 2884 corruptae
1025 2828 1131 2867 non
1162 2823 1310 2873 sunt,
1342 2818 1747 2881 permanentem
1779 2809 1987 2862 inveni-

430 2916 573 2962 mus,
611 2901 755 2953 haud
799 2899 1132 2953 mediocrem
1163 2899 1430 2952 rationem
1461 2896 1770 2959 habentem,
1810 2909 1989 2964 neque

428 2987 703 3042 mediocre
733 2987 1104 3055 adiumentum
1137 2985 1204 3039 ad
1231 2983 1473 3053 mysterii
1500 2982 1608 3037 vim
1635 2982 1990 3037 ati‘erentem?

493 3069 799 3124 BALS.‘De
850 3083 956 3120 non
1005 3066 1226 3133 scriptis
1274 3063 1531 3117 Ecclesiae
1583 3064 1824 3115 moribus
1878 3062 1993 3133 lege

1269 1821 1570 1874 concedant
1597 1818 1761 1872 etiam
1802 1817 1978 1879 nobis,
2031 1853 2072 1907 Β

2126 568 2282 618 οἱονεὶ
2324 568 2712 635 μετοικίζοντες
2736 567 2889 638 ἡμῶν
2926 568 3012 618 τὸν
3045 567 3166 618 νοῦν
3202 567 3307 619 ἀπὸ
3333 567 3443 619 τῶν
3478 569 3685 638 παρόν-

2126 673 2230 708 των
2260 658 2350 710 ἐπὶ
2372 658 2438 710 τὰ
2468 648 2745 727 μέλλοντα.
2791 660 2895 710 Καὶ
2927 659 3048 710 καθ’
3082 658 3316 728 ἑκάστην
3340 660 3396 712 δὲ
3427 660 3685 726 γονυγ.λι-

2128 748 2243 799 σίαν
2284 748 2377 799 καὶ
2420 748 2759 801 διανάστασιν
2791 748 2932 818 ἔργῳ
2983 748 3288 818 δείκνυμεν,
3320 750 3399 803 ὅτι
3592 750 3686 802 διὰ

2124 839 2219 907 τῆς
2248 839 2517 908 ἁμαρτίας
2549 840 2626 902 είς
2651 839 2751 907 γῆν
2778 839 3175 909 κατερῤύημεν,
3205 840 3295 892 καὶ
3314 839 3399 892 διὰ
3432 841 3529 910 τῆς
3561 842 3687 908 φιλ-

2124 930 2433 995 ανθρωπίας
2468 930 2559 981 τοῦ
2599 932 2876 993 κτίσαντος
2906 932 3051 999 ἡμᾶς
3078 931 3157 993 είς
3182 930 3410 1000 οὐρανὸν
3449 934 3683 1002 ἀνεκλή-

2125 1021 2313 1086 (ιημεν.

2338 1182 2625 1251 Ἐπιλείψει
2661 1199 2725 1249 με
2767 1183 2799 1249 ἡ
2850 1179 3049 1248 ἡμέρα,
3080 1176 3147 1231 τὰ
3185 1177 3405 1247 ἄγραφα
3579 1176 3690 1246 τῆς

2131 1278 2449 1347 Ἑκκλησίας
2480 1280 2748 1348 μυστήρια
2777 1275 3144 1345 διηγούμενον.
3204 1275 3306 1327 Ἐῶ
3334 1274 3532 1327 τᾶλλα·
3585 1277 3691 1327 αὐ-

2117 1366 2212 1439 τὴν
2240 1368 2294 1420 δὲ
2340 1368 2437 1439 τὴν
2478 1368 2763 1437 ὁμολογίαν
2805 1366 2902 1434 τῆς
2931 1366 3166 1427 πίστεως
3345 1366 3423 1425 εις
3455 1365 3682 1434 Πατέρα

2115 1459 2208 1511 καὶ
2250 1458 2374 1510 Υίὸν
2418 1459 2510 1511 καὶ
2550 1458 2702 1525 ἅγιον
2746 1454 2965 1523 Πνεῦμα
3007 1456 3069 1521 ὲκ
3113 1455 3278 1508 ποίων
3328 1456 3683 1523 γραμμάτων

2115 1549 2346 1618 ἔχομεν;
2392 1547 2453 1599 Ei
2500 1548 2597 1615 μὲν
2626 1546 2732 1615 γὰρ
2773 1548 2837 1597 ὲκ
2877 1545 2975 1614 τῆς
3009 1542 3103 1596 τοῦ
3153 1544 3525 1613 βαπτίσματος
3573 1561 3685 1595 πα-

2115 1637 2405 1707 ραδόσεως,
2438 1635 2578 1688 κατὰ
2609 1636 2669 1687 τὸ
2694 1635 2792 1705 τῆς
2826 1633 3104 1697 εὐσεϐείας
3132 1633 3441 1696 ἀκόλουθον,
3472 1634 3546 1695 ὡς
3580 1633 3685 1703 βα-

2115 1727 2413 1795 πτιζόμεθα
2442 1724 2587 1777 οὕτω
2611 1726 2704 1776 καὶ
2732 1724 3007 1780 πιστεύειν
3035 1722 3358 1793 ὀφείλοντες,
3385 1724 3571 1777 οὐσίαν
3597 1722 3684 1792 τῷ

2115 1816 2446 1885 βαπτίσματι
2626 1815 2725 1885 τὴν
2751 1816 3034 1884 ὁμολογίαν
3079 1813 3498 1884 κατατιθέμεθα,
3536 1831 3681 1882 συγ-

2112 1907 2516 1976 χωρησάτωσαν
2565 1907 2656 1959 καὶ
2709 1909 2837 1975 ἡμῖν
2890 1907 2952 1958 ἐκ
2997 1907 3093 1975 τῆς
3140 1906 3311 1973 αὐτῆς
3355 1905 3682 1968 ἀκολουθίας

2040 1982 2045 1985 Α
2110 1993 2300 2062 ὁμοίαν
2341 1997 2405 2065 τῇ
2458 1998 2635 2048 πίστει
2677 1996 2775 2064 τὴν
2817 1995 2972 2060 δόξαν
3006 1995 3340 2046 ἀποδιδόναι*
3386 1997 3432 2046 εί
3483 1994 3537 2046 δὲ
3581 1995 3683 2046 τὸν

2109 2084 2306 2153 τρόπον
2343 2085 2439 2153 τῆς
2487 2082 2791 2149 δοξολογίας
2843 2083 2915 2145 ὡς
2957 2082 3199 2150 ἄγραφον
3248 2081 3679 2151 παραιτοῦνται,

2110 2175 2343 2226 δότωσαν
2371 2176 2499 2243 ἡμῖν
2536 2173 2633 2242 τῆς
2663 2189 2719 2225 τε
2749 2171 2888 2224 κατὰ
2920 2172 3018 2241 τὴν
3047 2172 3227 2224 πίστιν
3257 2172 3543 2240 ὁμολογίας
3579 2177 3679 2227 καὶ

2110 2263 2215 2313 τῶν
2265 2263 2482 2324 λοιπῶν,
2521 2258 2594 2315 ὧν
2633 2260 3168 2330 ἀπηριθμησάμεοα,
3219 2263 3528 2330 ἐγγράφους
3573 2263 3680 2322 τὰς

2111 2351 2424 2416 ἀποδείξεις.
2468 2348 2598 2402 Εἶτα
2628 2349 2893 2401 τοσούτων
2920 2348 3086 2399 ὄντων
3119 2349 3400 2419 ἀγράφων,
3441 2351 3534 2402 καὶ
3584 2367 3677 2402 το·-

2113 2442 2310 2508 σαύτην
2335 2440 2565 2509 ἑχόντων
2601 2437 2697 2507 τὴν
2730 2438 2880 2505 ἰσχὺν
2916 2438 2994 2499 είς
3025 2437 3085 2488 τὸ
3112 2437 3212 2504 τῆς
3250 2436 3528 2499 εὐσεϐείας
3569 2454 3678 2505 μυ⁶

2110 2533 2202 2599 oti;
2214 2548 2343 2600 ριον,
2378 2530 2503 2599 μίαν
2529 2528 2671 2591 λέξιν
2698 2531 2829 2597 ἡμῖν
2858 2528 2920 2579 ὲκ
2945 2527 3192 2594 πατέρων
3218 2527 3296 2588 εἰς
3322 2527 3466 2595 ἡμᾶς
3493 2525 3675 2578 ἐλθοῦ-

2112 2636 2207 2671 σαν
2250 2619 2311 2670 οὺ
2359 2618 2822 2687 συγχωρήσουσιν,
2873 2617 2940 2686 ἢν
2988 2618 3148 2683 ἡμεῖς
3193 2616 3255 2666 ἐκ
3284 2617 3381 2683 τῆς
3411 2615 3676 2681 ἀνεπιτη-

2080 2691 2291 2765 Ὴδεύτου
2325 2707 2607 2777 συνηθείας
2640 2707 2757 2767 ταῖς
2790 2705 3164 2775 ἀδιαστρόφοις
3196 2703 3303 2756 τῶν
3340 2702 3678 2771 Ἐκκλησιῶν

2112 2799 2539 2868 ἑναπομείνασαν
2565 2797 2814 2866 εὕρομεν,
2838 2795 2899 2846 οὐ
2929 2796 3119 2864 μικρὸν
3139 2794 3225 2846 τὸν
3245 2794 3400 2861 λόγον
3421 2794 3671 2863 ἔχουσαν.

2108 2890 2227 2942 οὐδὲ
2279 2888 2532 2960 βραχεῖαν
2592 2886 2903 2939 συντέλειαν
2954 2887 3032 2946 εἰς
3086 2886 3182 2955 τὴν
3230 2884 3324 2937 τοῦ
3372 2885 3674 2956 μυστηρίου

2113 2978 2337 3041 δύναμιν
2367 2975 2761 3046 εἰσφερομένην
2804 2996 2819 3044 ;

2172 3060 2365 3113 ΒΑΛΣ.
2407 3061 2541 3132 Περι
2575 3062 2686 3115 τῶν
2722 3061 2998 3133 ἀγράφων
3036 3061 3175 3114 ἐθῶν
3210 3065 3311 3132 τῆς
3365 3065 3696 3137 Ἑκκλησίας

421 3162 637 3216 tertium
670 3164 830 3226 caput
855 3155 1012 3224 primi
1045 3130 1184 3208 tituli
1223 3153 1502 3222 praesentis
1545 3151 1762 3220 operis,
1796 3161 1846 3204 et
1874 3130 1985 3217 qua

2104 3153 2379 3220 ἀνάγνωθι
2420 3130 2499 3206 rei
2520 3160 2569 3221 γ’
2607 3130 2814 3221 κεφαλξ
2849 3153 2942 3208 τοῦ
2976 3160 3025 3207 α’
3071 3130 3385 3210 τίτλουήτοῦ
3424 3130 3694 3226 παρὸντος

421 3255 472 3306 in
500 3266 568 3307 eo
595 3266 623 3303 a
657 3248 816 3303 nobis
860 3246 1059 3315 scripta
1106 3253 1249 3298 sunt.
1297 3242 1448 3311 Quod
1481 3252 1658 3297 autem
1695 3240 1828 3296 dicit
1882 3243 1994 3293 lure

417 3341 639 3412 epistola
665 3380 681 3405 ,
714 3339 818 3393 tale
869 3347 990 3393 est:
1022 3336 1154 3391 Cum
1206 3333 1729 3403 Pneumatomachi(
1763 3334 1860 3386 hoc
1912 3343 1989 3384 est

418 3437 590 3490 sancti
621 3432 856 3503 Spiritus
903 3427 1238 3501 adversarii)
1292 3428 1576 3492 dicerent,
1635 3440 1745 3480 non
1792 3423 1992 3479 debere

418 3527 677 3594 Spiritum
706 3534 950 3577 sanctum
983 3521 1143 3575 simul
1175 3536 1296 3575 cum
1330 3521 1490 3573 Patre
1524 3530 1575 3573 et
1606 3516 1743 3571 Filio
1786 3515 1991 3584 gloriﬁ—

417 3620 551 3683 cari,
584 3618 726 3685 quod
759 3617 860 3670 hoc
884 3629 989 3668 non
1031 3614 1102 3668 sit
1135 3613 1290 3667 nobis
1335 3613 1385 3666 in
1434 3612 1651 3680 scriptis
1691 3612 1942 3665 traditum
1975 3624 1990 3671 ;

416 3720 659 3772 sanctus.
684 3718 968 3778 postquam
997 3706 1243 3760 diversas
1272 3719 1376 3758 non
1418 3704 1655 3770 scriptas
1704 3709 1994 3755 consuetu-

414 3802 565 3856 dines
605 3799 894 3864 recensuit,
924 3798 1045 3868 quie
1068 3799 1373 3852 necessario
1402 3796 1622 3853 omnino
1670 3812 1779 3852 non
1820 3800 1992 3855 solve-

416 3903 624 3959 rentur,
657 3893 750 3946 sed
787 3899 1050 3961 perpetuo
1088 3888 1363 3944 observari
1398 3888 1680 3951 deberent,
1711 3889 1991 3960 subiungit

414 3987 581 4040 etiam
611 3998 806 4039 causas
871 3993 1089 4051 propter
1117 3996 1251 4051 quas
1276 3980 1519 4045 quadam
1541 3995 1605 4034 ex
1651 3981 1736 4035 his
1789 3989 1992 4051 absque

320 4086 325 4091 ’
416 4076 636 4145 scriptis
664 4075 874 4129 traditae
902 4083 1047 4139 sunt,
1079 4082 1135 4128 et
1180 4074 1307 4127 dit-it
1341 4084 1560 4143 propter
1582 4088 1741 4141 quam
1769 4089 1988 4129 causam

414 4170 481 4225 ad
511 4170 774 4223 orientem
798 4164 1149 4233 respicientes
1172 4179 1409 4227 oramus,
1443 4176 1491 4216 et
1525 4180 1623 4218 cur
1646 4180 1758 4217 una‘
1783 4165 1990 4219 Sabba-

414 4268 593 4314 torum
619 4265 825 4311 stantes
860 4268 1141 4323 precamur
1172 4271 1186 4307 :
1221 4262 1272 4309 et
1304 4258 1447 4320 quod
1484 4271 1589 4309 non
1634 4257 1816 4310 omnia
1866 4258 1991 4325 qni-

415 4348 534 4403 dem
568 4348 784 4417 scriptis
807 4349 1151 4412 mandentur,
1185 4344 1346 4417 148
1377 4348 1511 4400 ratio
1540 4354 1655 4409 est,
1691 4346 1833 4415 quod
1885 4363 1987 4401 non

415 4448 659 4507 oporteat
696 4440 941 4508 dogmata
965 4437 1251 4506 publicari,
1281 4445 1335 4490 et
1362 4436 1430 4489 ab
1448 4438 1697 4490 omnibus
1713 4441 1983 4507 cognosci.

417 4530 834 4586 Prmdicationes
867 4530 1036 4592 enim,
1068 4527 1262 4598 inquit,
1297 4526 1635 4596 publicantar
1670 4547 1683 4583 :
1736 4529 1985 4598 dogmata

416 4639 544 4678 vero
570 4630 837 4682 tacentur.
869 4635 937 4676 ne
968 4622 1166 4689 saepius
1194 4619 1415 4687 agitata,
1457 4619 1558 4671 hoc
1585 4631 1691 4684 εει,
1737 4619 1987 4687 frequen-

416 4718 520 4771 tius
548 4713 806 4770 meditata
838 4723 890 4769 et
921 4720 1195 4780 usurpata,
1241 4724 1305 4765 ex
1334 4711 1718 4766 consuetudine
1740 4724 1985 4768 contem-

320 4844 327 4861 .
415 4817 637 4863 nantur.
670 4805 767 4864 Est
796 4807 940 4859 enim
1011 4802 1210 4858 silentii
1269 4816 1486 4871 quoque
1536 4804 1745 4870 species
1788 4807 1987 4860 obscu-

416 4902 566 4952 ritas.
598 4892 751 4963 Quod
784 4895 932 4950 enim
966 4892 1197 4947 obseure
1228 4892 1450 4954 dictum.
1489 4900 1549 4947 ut
1599 4908 1703 4947 non
1756 4896 1985 4963 etiam‘a

415 4989 599 5043 multis
623 4984 958 5053 intelligatur
981 5019 997 5048 ,
1035 4981 1200 5036 taceri
1237 4979 1451 5036 videtur
1484 4983 1984 5057 :‘quemadmodum

414 5081 555 5135 enim
594 5076 765 5133 nescit
797 5073 1089 5145 quispiam,
1123 5073 1265 5140 quod
1302 5073 1439 5127 alios
1480 5072 1646 5128 habet
1674 5075 1724 5128 in
1766 5078 1982 5141 animo;

413 5172 487 5224 ita
519 5170 683 5225 etiam
712 5168 858 5238 quod
897 5165 1125 5219 obscure
1156 5165 1358 5218 dictum
1388 5177 1471 5220 est
1506 5183 1534 5219 a
1566 5166 1809 5236 pluribus
1838 5169 1978 5237 igno-

417 5271 582 5315 ratur.
614 5259 726 5312 Hoc
757 5274 885 5327 ergo
914 5257 1041 5311 dicit
1062 5265 1285 5311 sanctus
1325 5271 1448 5312 esse
1485 5271 1701 5313 causam
1726 5297 1740 5322 ,
1771 5267 1829 5312 ut
1877 5275 1982 5311 non

412 5353 591 5405 omnia
641 5351 795 5406 nobis
848 5349 898 5402 in
952 5348 1169 5419 scriptis
1209 5347 1405 5402 tradita
1450 5348 1576 5402 sint.
1611 5346 1763 5415 Quod
1803 5362 1982 5403 autem

413 5447 539 5497 dum
559 5457 784 5498 oramus
800 5442 1070 5497 orientem
1101 5442 1414 5510 aspicimus,
1442 5454 1663 5494 causam
1688 5440 1819 5495 dicit
1842 5455 1979 5503 esse,

412 5535 551 5600 quod
586 5550 685 5589 nos
713 5534 989 5601 antiquam
1013 5533 1245 5601 patriam
1277 5531 1641 5600 inquiramus,
1670 5533 1981 5600 paradisum

412 5626 637 5688 scilicet,
683 5642 841 5695 quem
874 5626 1012 5679 Dcus
1037 5625 1295 5693 plantavit
1331 5625 1398 5677 ab
1422 5624 1651 5677 oriente.
1686 5624 1840 5678 Genu
1890 5641 1985 5676 au-

396 5724 516 5770 tem
546 5734 650 5772 non
684 5719 896 5774 flectere
929 5718 979 5771 in
1016 5731 1120 5769 una
1148 5715 1510 5770 Sabbatorutn
1543 5755 1556 5780 ,
1602 5731 1719 5783 qum
1758 5727 1836 5769 est
1879 5717 1982 5770 υυ·

2097 3243 2499 3310 συντάγματος,
2529 3244 2624 3297 καὶ
2652 3245 2720 3296 τὰ
2749 3246 2809 3298 ἐν
2835 3245 2986 3314 αὐτῷ
3022 3246 3152 3315 παρ’
3188 3246 3346 3316 ήμῶν
3376 3253 3690 3320 γραφέντα.

2106 3335 2172 3387 Ὃ
2197 3335 2251 3387 δέ
2281 3352 2447 3402 φησιν
2471 3337 2503 3406 ἡ
2531 3335 2783 3405 παροῦσα
2813 3337 3092 3406 ἐπιστολὴ,
3120 3338 3363 3393 τοιοῦτόν
3390 3344 3536 3395 ἐστι·
3565 3345 3695 3398 Τῶν

2100 3427 2582 3497 Πνευματομάχων
2610 3427 2880 3496 λεγόντων
2902 3430 2974 3498 μὴ
2996 3429 3236 3497 ὀφείλειν
3266 3430 3691 3499 συνδοξάζεσθαι
3744 3438 3755 3443 “

2096 3517 2172 3586 τῷ
2205 3518 2420 3585 Πατέρι
2462 3520 2555 3571 καὶ
2581 3517 2660 3586 τῷ
2693 3517 2806 3588 Υίῷ
2838 3518 2898 3571 τὸ
2929 3521 3196 3587 πανάγιον
3232 3518 3479 3592 Πνεῦμα,
3510 3525 3597 3579 διὰ
3629 3528 3691 3577 τὸ

3726 1086 3739 1113 1

2099 3610 2175 3679 μὴ
2203 3610 2578 3680 παραδοθῆναι
2599 3610 2758 3664 τοῦτο
2780 3613 2912 3681 ἡμῖν
2942 3613 3261 3681 ἐγγράφως.
3288 3615 3318 3665 ὁ
3344 3616 3518 3681 ἅγιος,
3543 3618 3687 3685 μετὰ
3736 3637 3740 3640 ⁴

2093 3704 2162 3756 τδ-
2180 3704 2473 3770 καταλέξαι
2495 3705 2730 3774 διάφορα
2755 3705 2977 3775 ἄγραφα
3001 3705 3120 3772 ἔθη,
3147 3704 3208 3772 ἐξ
3232 3707 3477 3777 ἀνάγκης
3504 3709 3686 3781 πάσης

2097 3796 2173 3867 μὴ
2205 3797 2614 3866 παραλυόμενοι,
2637 3796 2753 3850 ἀλλ’
2780 3797 3102 3861 αἱωνίζοντα
3129 3800 3356 3867 κρατεῖν
3385 3798 3675 3868 μέλλοντα,

2098 3890 2297 3956 ἐπάγει
2355 3889 2446 3941 καὶ
2483 3889 2663 3951 αίτίας
2703 3887 2772 3939 δι’
2814 3888 3174 3961 ἃςργράφως
3221 3890 3342 3942 τινὰ
3374 3894 3438 3943 ὲκ
3478 3892 3685 3944 τούτων

2095 3981 2509 4051 παραδέδονται,
2544 3981 2638 4032 καί
2670 3998 2803 4050 φησι
2832 3981 2924 4034 διὰ
2958 3980 3009 4033 τί
3041 3984 3182 4034 κατὰ
3213 3981 3478 4045 ἀνατολὰς
3509 3984 3682 4052 ὁρῶν·

2096 4090 2187 4136 τες
2212 4072 2509 4142 εὐχόμεθα,
2540 4074 2636 4124 καὶ
2661 4073 2748 4124 διὰ
2770 4072 2824 4124 τί
2851 4073 3003 4142 ὀρθοὶ
3029 4076 3094 4143 τῇ
3126 4074 3223 4143 μιᾷ
3249 4073 3357 4127 τῶν
3386 4075 3682 4129 Σαεὸἀτωδ

2098 4165 2401 4233 ποιούμεθα
2433 4164 2531 4227 τὰς
2566 4165 2761 4234 εὑχὰςο
2796 4165 3050 4233 καὶὸμὲν
3080 4167 3207 4235 περὶ
3236 4166 3330 4219 τοῦ
3368 4166 3443 4237 μὴ
3458 4164 3679 4235 ἔγγρά-

2101 4273 2213 4322 cpio;
2249 4254 2655 4324 παραδεδόσθαι
2689 4256 2820 4323 ἡμῖν
2859 4254 3016 4322 λόγος
3052 4256 3171 4308 ἐστὶ
3194 4294 3208 4319 ,
3244 4257 3304 4308 τὸ
3336 4259 3405 4311 τὰ
3431 4258 3679 4326 δόγματα

2101 4347 2176 4414 μὴ
2207 4343 2663 4413 δημοσιεύεσθαι,
2706 4346 2798 4397 καὶ
2836 4348 2989 4415 παρὰ
3022 4347 3246 4401 πάντων
3282 4348 3677 4415 γινώσκεσθαι.

2098 4438 2179 4490 Τὰ
2228 4438 2328 4507 μὲν
2374 4437 2481 4506 γὰρ
2530 4439 2881 4506 κηρύγματα.
2933 4441 3088 4506 φησὶ,
3131 4440 3550 4509 δημοιςιειῖι-ιται⁹
3603 4444 3679 4495 τὲ

2095 4529 2148 4580 is
2206 4528 2451 4598 δόγματα
2509 4529 2802 4592 σιωπᾶται,
2859 4529 2944 4582 ἵνα
3008 4529 3082 4599 μὴ
3143 4531 3677 4601 καταμελετηθέντα,

2095 4621 2397 4683 τουτέστιν,
2423 4623 2482 4674 ὲν
2516 4621 2732 4690 συνεχεῖ
2760 4621 2962 4695 μελέτῃ
2987 4624 3273 4690 γινόμενα,
3308 4626 3371 4676 ὲκ
3394 4625 3489 4693 τῆς
3551 4643 3677 4678 συνο

2096 4715 2285 4782 ηοείας
2339 4713 2811 4784 καταφρονῶνται.
2867 4715 3087 4784 Σιωπῆς
3116 4715 3171 4768 δὲ
3221 4713 3360 4780 εἶδός
3413 4720 3526 4770 ἐστι
3582 4725 3681 4774 καὶ

2092 4808 2126 4875 ὴ
2160 4807 2423 4876 ἀσάφεια.
2459 4806 2534 4859 Τὸ
2564 4808 2674 4875 γὰρ
2704 4807 2935 4877 ἀσαφῶς
2962 4809 3272 4879 εἰρημένον,
3304 4808 3445 4863 ὥστε
3476 4812 3552 4881 μὴ
3580 4817 3681 4864 καὶ

2093 4897 2245 4966 παρὰ
2276 4896 2486 4950 πολλῶν
2514 4898 2776 4960 νοεῖσθαι,
2803 4896 2948 4950 ἔοικε
2972 4896 3287 4950 σιωπᾶσθαι
3309 4913 3323 4926 ·
3349 4897 3542 4969 ῶσπερ
3565 4901 3678 4968 γὰρ

2089 4987 2188 5039 οὐκ
2241 4982 2351 5040 οἶδέ
2400 5003 2484 5048 τις
2533 4986 2561 5038 δ
2603 4986 2789 5057 ἕτερος
2834 4987 2976 5038 κατὰ
3024 4985 3150 5039 νοῦν
3204 4986 3340 5057 εχει,
3390 4989 3534 5041 οὕτω
3581 4992 3678 5042 καὶ

2090 5078 2149 5128 τὸ
2183 5077 2412 5145 ἀσαφῶς
2445 5077 2735 5144 εἰρημένον
2768 5077 3048 5143 ἀγνοεῖται
3082 5077 3191 5137 τοῖς
3225 5076 3464 5130 πλείοσι.
3500 5076 3678 5129 Τοῦτο

2093 5170 2191 5236 μὲν
2241 5163 2336 5220 οὖν
2380 5184 2547 5237 φησιν
2582 5169 2610 5219 ὁ
2656 5168 2811 5231 ἆγιος
2860 5167 3032 5218 αἴτιον
3070 5164 3161 5219 τοῦ
3207 5167 3281 5237 μὴ
3326 5166 3499 5219 πάντα
3541 5171 3677 5237 ἡμῖν

2088 5262 2382 5332 ἐγγράφως
2417 5260 2837 5330 παραδεδΰσθαι.
2872 5259 2960 5327 Τῷ
2991 5260 3047 5312 δὲ
3073 5260 3216 5312 κατὰ
3250 5259 3515 5323 ἀνατολὰς
3538 5262 3675 5330 ciin

2088 5355 2143 5404 ἐν
2182 5355 2303 5416 ταῖς
2341 5354 2679 5425 προσευχαῖς
2711 5350 2801 5404 τὸν
2837 5352 2995 5419 λόγον
3024 5352 3192 5420 φησὶν
3219 5347 3356 5404 εἶναι
3390 5352 3449 5404 τὸ
3488 5352 3676 5422 ζητεῖν

2090 5447 2119 5512 ἡ
2146 5446 2236 5503 ιᾶς
2264 5444 2363 5513 τὴν
2397 5444 2633 5515 ἀρχαίαν
2665 5443 2920 5514 πατρίδα,
2958 5441 3049 5494 τὸν
3084 5443 3415 5509 παράδεισον
3445 5442 3671 5511 δηλαδὴ,

2086 5538 2145 5588 ὃν
2184 5519 2482 5605 ἐφύτευσεν
2528 5538 2557 5589 ὁ
2605 5537 2736 5598 Θεὸς
2776 5536 2916 5589 κατὰ
2961 5535 3249 5599 ἀνατολάς.
3300 5536 3389 5601 Μὴ
3417 5536 3570 5601 ’γόνυ
3613 5533 3676 5588 tt

2089 5629 2288 5681 κλίνειν
2313 5632 2377 5698 τῇ
2411 5629 2507 5698 μιᾷ
2534 5630 2639 5681 τῶν
2664 5626 2976 5692 Σαὸϐἀτων,
3007 5628 3126 5695 ἥτις
3148 5630 3297 5679 ἐστὶν
3329 5629 3359 5694 ἡ
3388 5627 3665 5697 Κυριακή,

2092 5722 2471 5791 παραδέδοται,
2507 5723 2584 5773 ὅτι
2620 5724 2672 5771 ὲν
2706 5722 2843 5789 αὐτῇ
2880 5721 3284 5787 συνανέστηῃεν
3316 5720 3393 5791 τῷ
3419 5720 3668 5787 Χρ.στῷ,
