4008 6384
364 365 472 430 845

1254 368 1332 427 1N
1372 355 1609 427 EPIST.
1666 368 1724 425 s.
1766 366 2053 425 B.\SiLli
2097 367 2196 426 AD
2237 367 2705 429 AMPHHDCH.

3509 374 3615 439 845

361 475 573 530 ἐκείνου
616 480 715 547 μὲν
753 476 845 528 τοῦ
884 494 1055 544 τάφου
1089 476 1522 541 ἐξαναστάντος,
1559 477 1718 544 ἡμῶν
1752 473 1806 528 δὲ
1848 475 1916 528 τοὶ

2049 476 2267 541 niinit-a,
2301 478 2554 531 traditum
2583 490 2684 537 est,
2720 480 2859 548 quod
2894 484 2941 535 in
2982 499 3043 537 ea
3072 500 3190 539 cum
3239 484 3458 543 Christo
3484 506 3620 543 cut:-

362 568 595 638 άρχαίου
625 569 916 637 πτώματος
940 572 1007 623 δι’
1034 570 1240 623 ἐκείνου
1268 568 1699 639 ὲξεγερθέντων·
1737 571 1829 622 xxi
1858 571 1941 622 ὅτι

358 666 427 717 τά
456 664 568 717 ἄνω
603 664 790 734 ζητεῖν
819 666 1126 734 ὀφείλομεν,
1154 667 1249 718 καὶ
1288 667 1361 734 μὴ
1389 666 1525 735 πρὶς
1555 665 1623 716 τὰ
1648 665 1827 734 γεηρά
1851 666 1943 718 καὶ

359 756 581 826 φθαρτά
606 757 817 825 ῥέπειν,
851 758 943 809 καὶ
971 757 1052 810 ὁτι
1086 756 1178 809 τοῦ
1220 756 1511 825 μέλλοντος
1550 756 1744 818 αἰῶνος
1775 756 1941 809 εἰκών

357 849 508 899 ἐστιν
538 848 571 915 ἡ
608 848 888 917 Κυριακὴ,
916 848 1039 915 ἣτις
1073 847 1217 917 ἀργὴ
1244 846 1379 899 οὖσα
1406 848 1517 899 τῶν
1551 846 1795 916 ἡμερῶν,
1821 847 1941 917 οὐχὶ

358 939 548 1008 πρώτη
576 939 779 1009 ἐκλήθη
810 940 888 1009 τῷ
915 941 1143 1008 Μωῦσῇ,
1176 937 1310 991 ἀλλὰ
1343 939 1461 1008 μία,
1486 940 1581 993 ἅτε
1599 939 1936 992 ἀνακυκλου·

360 1028 494 1096 μὲνη
526 1028 619 1079 καὶ
643 1028 743 1095 μία
773 1026 905 1080 οὖσα
933 1028 1027 1080 καὶ
1048 1028 1206 1096 ὀγδόη
1244 1030 1338 1081 καὶ
1371 1028 1470 1097 τὴν
1499 1029 1693 1098 ὀγδόην
1722 1030 1940 1098 ἐκείνην

355 1117 602 1171 τυποῦσα
631 1119 868 1188 ἡμέραν,
897 1120 990 1171 τὸν
1028 1120 1295 1188 μέλλοντα
1330 1119 1573 1187 δηλονότι
1608 1123 1779 1174 αἰῶνα
1800 1162 1813 1182 ,
1848 1120 1938 1174 τὸν

353 1209 589 1279 ἄληκτον
622 1212 716 1264 καὶ
743 1211 1070 1279 ἀπέραντον,
1100 1206 1161 1265 οὗ
1193 1217 1288 1265 καὶ
1316 1211 1481 1266 Δαϐὶδ
1511 1216 1567 1267 ὲν
1597 1216 1937 1283 ἐπιγραφαῖς

355 1304 600 1372 ἐμνήσθη
620 1302 876 1374 ψαλμῶν,
899 1304 1039 1373 ὑπὲρ
1061 1305 1158 1372 τῆς
1173 1306 1363 1374 ὀγδόης
1383 1302 1696 1374 ἐπιγράψας
1716 1305 1935 1367 αὐτούς.

353 1393 452 1443 Διά
472 1391 643 1446 ταῦτα
665 1388 761 1447 οὖν
795 1394 1136 1460 ἀναγκαίως,
1164 1394 1319 1463 φησὶ,
1354 1375 1596 1448 παιδεύει
1631 1396 1663 1464 η
1709 1394 1937 1463 Ἐκκλη-

356 1483 445 1536 σία
466 1484 722 1538 ἵστασθαι
744 1486 1074 1556 εὐχομένους
1098 1491 1226 1550 τοὺς
1244 1489 1535 1558 τροψίμους
1554 1490 1744 1556 αὐτῆς,
1768 1490 1935 1558 ἤγουν

350 1577 475 1640 τοὺς
499 1579 744 1641 πιστοὺς,
765 1576 859 1641 οὓς
885 1580 916 1649 ἡ
950 1578 1245 1650 Ἐκκλησία
1269 1580 1557 1650 ἐθρέψατο,
1586 1581 1670 1634 ἵνα
1693 1581 1934 1651 συνεχῶς

349 1669 439 1721 cui
486 1668 545 1722 τὸ
590 1668 703 1723 ἄνω
745 1672 878 1741 ὁρᾷν
921 1671 1451 1743 ὑπομιμνήσκωνται
1491 1673 1591 1742 τῆς
1631 1672 1934 1743 μελλούσης

351 1758 518 1827 ζωῆς,
546 1759 638 1812 καὶ
666 1760 735 1814 τὰ
766 1761 901 1830 πρὸς
928 1746 1143 1832 ἐκείνην
1172 1762 1358 1828 ἐφόδια
1379 1762 1766 1833 ἐτοιμάζωσιν.
1801 1759 1932 1815 Εἶτα

350 1851 444 1902 καὶ
490 1853 619 1920 περὶ
654 1851 765 1906 τῶν
797 1854 895 1923 τῆς
943 1853 1324 1923 Πεντηκοστῆς
1357 1871 1524 1923 φησιν
1552 1853 1809 1925 ἡμερῶν,
1846 1854 1929 1907 ὅτι

348 1943 447 1996 καὶ
475 1937 637 1997 αὗται
651 1943 748 2014 τὴν
766 1944 1228 2016 προσδοκωμένην
1251 1947 1551 2001 ἀνάστασιν
1572 1949 1703 2017 ἡμῖν
1728 1964 1793 2018 ση
1804 1947 1931 2016 μαί-

348 2051 552 2088 νουσιν.
598 2035 750 2088 Ἐπεὶ
786 2037 881 2089 καὶ
914 2037 945 2106 ἡ
982 2035 1175 2107 πρώτη
1218 2037 1407 2107 ἡμέρα
1440 2038 1540 2107 τῆς
1572 2039 1931 2100 ἀναστάσεως

351 2128 446 2181 τοῦ
501 2128 705 2199 Κυρίου
768 2128 998 2190 ἑπτάκις
1056 2129 1615 2200 ἐπταπλασιαζομένη
1670 2130 1759 2183 διὰ
1818 2130 1927 2182 τῶν

347 2222 406 2273 ὲν
439 2221 588 2291 μέσῳ
623 2222 847 2291 ἡμερῶν
879 2223 1137 2275 ἀποτελεί
1166 2223 1263 2292 τὴν
1300 2225 1718 2294 Πεντηκοστήν·
1751 2224 1921 2296 ἆρχε-

346 2331 437 2366 ται
468 2313 576 2383 γάρ
608 2313 716 2366 ἀπὸ
744 2315 846 2382 τῆς
876 2313 967 2366 τοῦ
994 2314 1185 2380 Πάσχα
1216 2314 1524 2383 Κυριακῆς,
1560 2316 1655 2368 καὶ
1682 2316 1925 2386 καταντᾷ

342 2407 423 2466 είς
452 2406 551 2476 τὴν
582 2404 777 2475 ἑτέραν
805 2406 1094 2474 Κνριακὴν
1126 2405 1223 2476 τὴν
1250 2406 1463 2476 καινὴν,
1498 2407 1593 2459 καὶ
1620 2406 1678 2470 ἐξ
1706 2408 1924 2477 ἐκείνης

343 2492 501 2559 αὖθις
546 2498 627 2559 είς
674 2496 774 2564 τὴν
814 2496 1011 2566 ἑφεξῆς
1061 2497 1367 2565 Κυριακὴν,
1416 2497 1513 2549 καί¹
1564 2497 1734 2560 οὕτως
1789 2500 1922 2553 ἀνα-

342 2587 684 2659 κυκλουμένη
710 2589 806 2642 καὶ
831 2588 1208 2659 ἑξελιττομένη
1251 2590 1338 2642 διὰ
1371 2590 1481 2643 τῶν
1518 2591 1658 2642 ἑπτὰ
1688 2591 1921 2661 ἑϐδομά-

339 2681 444 2742 δως
474 2679 556 2744 είς
587 2682 688 2749 τὴν
727 2680 1112 2751 Πεντηκοστὴν
1158 2682 1462 2751 καταλήγει
1490 2722 1504 2744 ,
1538 2684 1634 2735 καὶ
1671 2686 1917 2752 μιμεῖται

337 2772 511 2826 αἰῶνα
538 2772 645 2826 ἀπὸ
670 2772 780 2827 τῶν
804 2773 987 2827 αὐτῶν
1016 2776 1296 2845 ἀρχομένη
1322 2776 1570 2844 ήμερων,
1596 2777 1689 2827 καὶ
1719 2777 1797 2838 εξς
1821 2776 1916 2838 τὰς

339 2862 507 2926 αὐτάς
524 2864 867 2929 καταντῶσα,
891 2863 1078 2934 ὥσπερ
1112 2867 1169 2917 ὲν
1191 2865 1426 2934 κυκλικῇ
1456 2868 1687 2934 κινήσει.
1721 2866 1783 2918 ἹΙ
1810 2870 1915 2938 γὰρ

335 2957 428 3009 τὸν
462 2956 664 3011 κύκλον
696 2957 1037 3011 ἀποτελοῦσα
1069 2959 1340 3028 γραμμὴ,
1377 2959 1499 3030 ἥτις
1552 2961 1645 3011 καί⁵
1683 2961 1912 3028 περιφέ-

340 3065 459 3117 ρεια
490 3045 734 3116 λέγεται,
759 3047 881 3100 ὅθεν
910 3050 1133 3119 ἄρχεται
1163 3051 1279 3101 ἐκεῖ
1309 3050 1626 3118 καταλήγει.
1668 3051 1754 3103 Ἐν
1781 3051 1912 3116 γοῦν

1957 1818 2005 1878 Β

2046 566 2420 631 surreximus;
2454 568 2542 618 iilu
2574 570 2791 637 quidem
2825 586 2888 624 ex
2952 573 3202 641 sepulcro
3259 590 3577 647 resurgente
3600 622 3616 645 ,

2046 655 2201 709 nobis
2232 666 2412 711 autem
2453 659 2519 710 ab
2553 658 2777 726 antiquo
2813 660 2963 728 lapsu
2998 677 3093 730 per
3133 662 3279 716 illum
3312 667 3561 719 exeitatis
3599 683 3614 720 :

2043 744 2264 813 etquod
2299 763 2415 813 qua:
2445 757 2569 800 sunt
2603 761 2815 801 sursum
2842 765 3085 817 quaerere
3113 751 3389 819 dehemus,
3418 764 3474 807 et
3504 770 3609 807 non

2044 838 2106 888 ad
2149 849 2360 891 terrena
2395 852 2448 893 et
2478 839 2975 896 interituiobnoxia
3031 843 3321 910 inclinari;
3373 858 3427 898 et
3472 848 3614 913 quod

2046 928 2208 979 futuri
2240 928 2422 982 saeculi
2456 929 2759 983 Uominietts
2808 931 2986 1000 imago
3036 943 3158 994 est,
3210 936 3302 1004 qui
3364 950 3483 987 tum
3543 937 3614 987 sit

2043 1018 2361 1085 principium
2391 1020 2599 1074 dierum
2628 1063 2641 1084 ,
2679 1038 2705 1071 ιι
2752 1020 2894 1076 Mose
2927 1038 3029 1077 non
3071 1026 3280 1092 primus
3305 1064 3319 1087 ,
3357 1025 3451 1079 sed
3479 1043 3615 1079 unus

2042 1112 2373 1174 nominatur,
2412 1121 2467 1163 ut
2497 1112 2587 1180 qui
2626 1115 2966 1168 cireulariter
2990 1129 3229 1180 vertens,
3258 1134 3396 1172 unus
3441 1121 3511 1173 sit
3564 1135 3617 1174 et

2040 1212 2287 1265 octavus,
2319 1213 2375 1256 et
2406 1215 2655 1257 octavum
2690 1207 2837 1260 illum
2879 1210 3020 1261 diem
3040 1210 3340 1276 describat,
3380 1214 3616 1267 l'uturunt

2039 1293 2248 1348 scilicet
2277 1294 2558 1362 saeculum,
2584 1297 2725 1364 quod
2760 1313 2861 1352 non
2895 1300 3113 1364 desiuit,
3138 1310 3191 1355 et
3214 1311 3296 1355 est
3324 1304 3612 1365 inﬁnitum,

2037 1390 2192 1458 Cujus
2244 1389 2403 1443 etiam
2468 1389 2634 1444 David
2685 1391 2737 1445 in
2792 1392 3119 1458 psalmorum
3176 1394 3618 1465 inscriptionibus

2040 1481 2303 1547 meminit,
2330 1497 2421 1536 eos
2452 1497 2548 1551 pro
2576 1492 2764 1537 octava
2796 1486 3116 1542 inscribens.
3150 1484 3442 1555 Propterea
3462 1505 3613 1556 ergo,

2037 1571 2230 1640 inqttit,
2266 1574 2574 1626 necessario
2608 1573 2766 1628 docet
2799 1573 3040 1629 Ecclesia
3080 1583 3256 1630 rectos
3287 1586 3453 1640 Stare,
3490 1578 3615 1628 dum

2037 1673 2215 1729 orant,
2254 1664 2369 1733 ejus
2400 1665 2672 1728 alumnos,
2711 1664 2895 1719 ﬁdeles
2925 1667 3155 1731 scilicet,
3186 1681 3323 1735 quos
3352 1666 3483 1720 aluit
3510 1667 3614 1720 Ec:

2034 1756 2222 1821 clesia,
2260 1765 2317 1809 ut
2348 1755 2667 1825 frequenter
2702 1772 2917 1811 sursum
2944 1756 3255 1827 aspiciendo
3277 1758 3468 1812 futura:
3499 1759 3615 1828 glo-

2036 1849 2128 1901 ria:
2162 1852 2534 1914 recordentur,
2570 1861 2623 1904 et
2656 1865 2761 1920 quo
2791 1849 2857 1903 ad
2901 1868 3017 1905 eum
3065 1851 3412 1920 pvrreniatur
3462 1855 3616 1905 viati-

2032 1954 2154 1993 cum
2183 1944 2521 2009 comparent.
2556 1943 2825 1999 Praeterea
2877 1944 2944 1997 de
3006 1941 3352 1999 Pentecostes
3397 1959 3613 2015 quoque

2030 2032 2219 2087 diebus
2256 2034 2408 2096 dicit,
2444 2034 2585 2100 quod
2618 2044 2669 2089 et
2714 2035 2812 2103 ipsi
2848 2034 3003 2089 nobis
3036 2044 3404 2104 exspectatam
3433 2051 3611 2089 resur-

2031 2128 2324 2179 rectionem
2359 2125 2689 2195 signiﬁcant.
2741 2123 3187 2196 Quandoquidem
3243 2129 3447 2198 primus
3496 2133 3608 2181 dies

2037 2232 2267 2271 resurret
2290 2217 2451 2269 tionis
2484 2216 2699 2271 Domini
2731 2218 2928 2286 septies
2956 2219 3347 2289 septuplicatus
3374 2236 3468 2289 per
3495 2221 3610 2274 dies

2027 2310 2376 2363 intermedios
2407 2306 2762 2364 Pentecosten
2800 2309 2983 2374 eﬂicit,
3019 2311 3205 2380 incipit
3250 2312 3394 2367 enim
3425 2327 3455 2366 a
3504 2313 3609 2365 Do-

2028 2400 2222 2452 tninica
2257 2398 2499 2463 Paschae,
2532 2409 2585 2452 ct
2619 2400 2670 2453 in
2720 2415 2915 2455 novum
2948 2402 3110 2455 alium
3154 2401 3491 2457 Dontinlcttm
3525 2419 3611 2456 re-

2023 2484 2123 2549 dit,
2152 2496 2205 2539 et
2239 2502 2301 2539 ex
2360 2485 2448 2539 illo
2475 2476 2665 2540 rursus
2695 2486 2746 2538 in
2815 2499 3130 2554 sequentem
3159 2491 3526 2555 Duniitticttm;
3557 2502 3608 2545 et

2026 2581 2095 2633 ita
2124 2578 2459 2632 circuluriter
2493 2586 2717 2632 vertens
2752 2595 2814 2632 ac
2846 2580 3206 2637 circutnartus
3257 2598 3353 2653 per
3399 2593 3604 2655 septem

2024 2669 2424 2734 hebdomadas,
2458 2670 2507 2724 in
2556 2668 2909 2726 Pentecosten
2964 2674 3201 2737 desinit,
3251 2685 3304 2730 et
3359 2676 3608 2731 imitatur

2023 2761 2380 2815 aeternitatem
2412 2764 2480 2817 ab
2501 2761 2687 2815 iisdem
2728 2763 2920 2817 diebus
2943 2764 3207 2833 incipiens
3228 2775 3280 2819 et
3307 2767 3355 2819 in
3384 2769 3600 2822 eosdem

2029 2867 2337 2918 recurrens,
2374 2854 2515 2907 sicut
2549 2854 2599 2906 itt
2630 2853 2882 2908 circulari
2918 2866 3087 2910 motu.
3117 2854 3280 2911 Linea
3311 2860 3452 2912 enim
3484 2877 3601 2928 quae

2021 2943 2282 2997 circulum
2305 2942 2486 3006 edicit,
2519 2958 2639 3013 quae
2664 2946 2821 2998 etiam
2876 2948 3309 3003 circumi-rentia
3368 2932 3603 3020 appella-

2024 3044 2130 3097 tur,
2165 3033 2307 3088 uude
2339 3036 2527 3104 incipit
2559 3077 2572 3100 ,
2606 3036 2710 3090 illic
2736 3035 2961 3092 desinit.
2996 3037 3051 3091 ιιι
3083 3040 3271 3093 dielnts
3299 3056 3429 3111 ergo
3462 3044 3600 3098 Pett-

338 3140 456 3201 ταῖς
489 3137 591 3208 τῆς
623 3139 1002 3208 Πεντηκοστῆς
1043 3140 1299 3210 ἡμέραις,
1334 3140 1382 3194 οἱ
1414 3140 1607 3210 θεσμοὶ
1642 3144 1739 3211 τῆς
1784 3143 1910 3193 Ἐκ-

2023 3136 2252 3181 tccostes
2280 3128 2695 3185 consuetudines
2730 3128 2999 3196 Ecclesiae,
3022 3146 3117 3185 seu
3166 3132 3307 3202 leges
3336 3135 3416 3187 vel
3477 3147 3592 3188 sta-

334 3227 583 3296 κλησίας,
608 3226 774 3299 ἤγουν
798 3228 847 3281 οί
868 3228 1023 3298 νόμοι
1052 3228 1084 3297 ἢ
1108 3230 1156 3281 oi
1187 3229 1369 3293 τύποι,
1402 3230 1734 3283 ἐπαίδευσαν
1760 3230 1911 3301 ἡμᾶς

333 3321 607 3391 προτιμᾷν
640 3320 700 3372 τὸ
730 3319 924 3391 ὀρθοὺς
959 3319 1201 3383 ἑστῶτας
1239 3320 1678 3391 προσεύχεσθαι,
1735 3324 1912 3375 ἀπαν-

333 3412 585 3473 ισιῶντες
615 3407 805 3481 ὥσπερ
838 3412 928 3463 τον
958 3409 1082 3463 νοῦν
1120 3411 1276 3479 ἡμῶν
1302 3414 1364 3464 ἐκ
1384 3412 1493 3464 τῶν
1528 3412 1733 3480 γηΐνων
1767 3413 1909 3485 ὑπὲρ

332 3503 397 3555 τὰ
427 3501 656 3572 οὐράνια
686 3500 776 3554 διὰ
805 3504 902 3572 τῆς
940 3501 1196 3571 ἐνεργοῦς
1228 3502 1348 3571 ἤτοι
1388 3505 1629 3573 φανερᾶς
1665 3505 1910 3575 ὑπομνή-

333 3612 489 3657 σεως.
530 3593 1093 3664 ’Υπομιμνησκόμεοα
1118 3594 1225 3663 γὰρ
1252 3594 1341 3646 διὰ
1367 3594 1458 3646 τοῦ
1485 3595 1666 3666 ὀρθίου
1694 3597 1908 3666 σχήμα-

318 3681 423 3752 ’τος
452 3688 562 3742 ἄνω
589 3688 822 3757 ὁρῶντες
844 3685 952 3740 τῶν
980 3686 1283 3755 μελλόντων
1307 3685 1402 3738 καὶ
1431 3687 1717 3757 οὐρανίων.
1744 3688 1907 3742 Ἀλλά

333 3777 428 3830 καὶ
483 3777 539 3830 ai
603 3775 946 3845 γονυκλισίαι
1003 3777 1104 3828 οὐκ
1162 3775 1496 3845 ἀσύμδουλοι
1555 3778 1689 3846 ἡμῖν
1749 3779 1900 3830 είσι·

332 3868 585 3937 σημαίνει
614 3866 724 3938 γάρ
754 3868 886 3936 ἡμῖν
920 3867 997 3930 είς
1026 3865 1131 3936 γῆν
1158 3866 1504 3930 κατάκλισις,
1536 3868 1618 3920 ὅτι
1650 3869 1906 3939 ἁμαρτά-

328 3977 508 4023 νοντες
535 3961 612 4021 εἰς
642 3959 747 4027 γῆν
780 3944 1185 4029 κατερρύημεν,
1218 3959 1388 4029 ἧγουν
1420 3956 1795 4029 πεπτώκαμεν
1823 3976 1836 3990 ⁸
1868 3963 1900 4031 ἡ

327 4053 385 4107 δὲ
414 4055 480 4106 ὲκ
513 4053 613 4122 τῆς
652 4044 754 4122 γῆς
778 4046 932 4115 αὖθις
960 4051 1251 4114 ἀνάνευσις
1278 4052 1371 4104 καὶ
1402 4051 1699 4116 ἀνάστασις
1727 4053 1808 4106 ὅτι
1841 4055 1906 4108 ὲκ

326 4143 422 4198 τοῦ
446 4143 738 4213 πτώματος
765 4142 1141 4215 άνεκλήθημεν
1168 4143 1256 4196 διὰ
1282 4143 1380 4212 τῆς
1403 4145 1625 4213 χάριτος
1647 4142 1739 4196 τού
1766 4144 1903 4199 Θεοῦ

329 4230 968 4307 φιλανθρωπευσαμένου
1002 4236 1130 4304 περὶ
1183 4235 1355 4305 ἡμᾶς.
1407 4237 1519 4289 Καὶ
1576 4237 1630 4287 τί
1686 4234 1900 4301 ταῦτα,

330 4330 513 4398 φησὶν,
545 4327 883 4397 ἀπαριθμῶ;
922 4328 983 4381 Εἰ
1014 4328 1122 4399 γάρ
1165 4327 1344 4381 πάντα
1373 4325 1554 4394 λέγειν
1582 4326 1751 4381 ἐθέλω
1803 4329 1902 4382 ὅσα

329 4400 591 4490 ἀγράφως
644 4420 925 4490 μυστήρια
974 4419 1380 4491 παρελάϐομεν,
1429 4420 1699 4487 ἐπιλείψει
1748 4437 1816 4490 με
1865 4420 1899 4488 ἠ

2021 3225 2157 3281 tuta,
2186 3220 2481 3272 docuerunt
2514 3235 2611 3272 nos
2636 3220 2688 3272 id
2736 3219 3027 3290 praaferre,
3078 3220 3136 3277 ut
3194 3227 3322 3278 reeti
3386 3236 3595 3282 stantes

2018 3324 2257 3374 oremus,
2292 3320 2525 3362 mentem
2557 3318 2796 3365 nostram
2831 3314 2992 3367 veluti
3026 3306 3329 3369 excitantes
3359 3333 3385 3369 a
3422 3327 3597 3372 terre-

2020 3400 2102 3457 nis
2137 3401 2201 3454 ad
2232 3400 2470 3455 coelesda
2501 3417 2593 3469 per
2614 3400 2916 3460 evidentem
2963 3405 3077 3459 sive
3132 3407 3471 3463 manifestum
3504 3412 3600 3462 ad-

2020 3492 2394 3548 tnonitimiem.
2458 3494 2561 3550 Per
2612 3508 2813 3551 rectam
2870 3501 3015 3553 enim
3092 3502 3315 3572 ﬁgurant
3381 3519 3594 3557 sursum

2017 3588 2341 3654 aspicientes
2394 3587 2697 3643 futurorum
2746 3600 2799 3644 et
2865 3591 3169 3647 caelestium
3218 3596 3594 3650 admonentur.

2015 3674 2120 3728 Sed
2150 3692 2250 3731 nec
2276 3678 2676 3748 genuﬂexioues
2700 3692 2825 3737 sunt
2856 3684 3011 3738 nobis
3040 3687 3159 3739 sine
3198 3687 3443 3757 symbolo
3471 3706 3482 3738 :
3510 3688 3599 3740 si—

2014 3766 2232 3834 gnificat
2259 3771 2400 3823 enim
2429 3771 2477 3823 itt
2503 3780 2702 3825 terram
2728 3771 2940 3840 quidem
2972 3775 3269 3842 inclinatio,
3304 3780 3445 3847 quod
3473 3796 3595 3846 pec-

2014 3867 2201 3914 cantes
2233 3861 2283 3913 in
2318 3872 2516 3915 terram
2553 3862 2683 3931 lapsi
2736 3879 2923 3919 sumus
2974 3881 3068 3921 seu
3126 3869 3469 3935 decidimus;
3523 3887 3590 3926 ex

2016 3958 2156 4005 terra
2193 3961 2370 4008 autem
2412 3969 2598 4010 rursus
2633 3958 2962 4012 assurrectio
2993 3969 3045 4013 et
3074 3961 3327 4029 elevatio,
3357 3965 3499 4031 quod
3561 3982 3589 4018 a

2014 4048 2165 4115 lapsu
2198 4047 2442 4102 conversi
2479 4063 2665 4104 sumus
2700 4042 2795 4117 per
2818 4049 3045 4116 gratiam
3085 4051 3195 4116 υεί,
3233 4056 3322 4125 qui
3355 4055 3592 4110 clemen-

2012 4141 2085 4194 tia
2116 4140 2170 4194 in
2207 4155 2306 4194 nos
2339 4156 2468 4194 usus
2490 4150 2590 4197 est.
2630 4141 2694 4195 Et
2726 4143 2853 4210 quid
2878 4143 3012 4208 hinc,
3050 4145 3244 4215 inquit,
3280 4163 3542 4203 enumet‘o
3571 4154 3583 4205 !

2015 4230 2072 4284 Si
2100 4232 2243 4285 enim
2275 4233 2454 4286 omnia
2484 4273 2500 4298 ,
2533 4245 2653 4301 quae
2684 4234 2802 4288 sine
2832 4236 3051 4305 scriptis
3095 4239 3403 4309 accepimus
3427 4281 3443 4305 ,
3477 4258 3593 4315 my-

2012 4322 2177 4375 steria
2210 4322 2392 4376 dicere
2422 4322 2634 4388 vellem,
2670 4325 2788 4380 dies
2828 4341 2912 4381 me
2942 4328 3218 4397 deﬁceret,
3254 4332 3356 4386 hoc
3385 4344 3490 4396 est,
3525 4352 3592 4388 ne

2014 4414 2146 4466 satis
2183 4414 2398 4480 quidem
2455 4418 2710 4482 temporis
2759 4417 3013 4473 haberem
3052 4422 3117 4473 ad
3174 4424 3589 4493 expositionem.

329 4511 528 4583 ἡμέρα,
555 4514 677 4565 ἀντὶ
703 4510 795 4563 τοῦ
825 4510 946 4563 οὐδὲ
980 4510 1169 4581 καιρὸν
1196 4509 1303 4575 ἔξω
1332 4509 1607 4583 ἀρκοῦντα
1635 4512 1774 4581 πρὸς
1805 4511 1903 4582 τὴν

2023 4504 2132 4559 lam
2171 4521 2297 4560 vero
2338 4506 2479 4559 aliud
2518 4523 2735 4577 quoque
2773 4525 2878 4564 non
2932 4513 3197 4581 scriptum
3249 4515 3467 4584 adjicit,
3508 4520 3591 4570 di-

326 4604 600 4674 διήγησιν,
627 4598 762 4656 Εἶτα
796 4603 894 4655 καὶ
932 4602 1120 4670 ἔτερὸν
1151 4618 1205 4653 τι
1234 4602 1593 4672 προστίθησιν
1622 4603 1903 4674 ἄγραφον,

326 4693 523 4761 λέγων,
571 4693 673 4747 Ἐὧ
703 4692 893 4746 τᾶλλα.
931 4693 1003 4745 Τὸ
1035 4692 1091 4745 δὲ
1132 4691 1417 4760 ὁμολογεῖν
1448 4694 1526 4755 είς
1558 4694 1778 4764 Πατέρα
1812 4698 1905 4748 καὶ

290 4828 295 4833 .
328 4786 452 4838 Υξδν
500 4786 591 4839 καί¹
643 4784 798 4853 ἆγιον
841 4782 1097 4852 Πνεῦμα,
1132 4783 1297 4836 πόθεν
1335 4785 1631 4854 ἐγγράφως
1672 4785 1901 4855 ἔχομενς

328 4880 388 4930 Εἰ
426 4878 524 4945 μὲν
565 4876 674 4946 γὰρ
716 4877 779 4926 ὲκ
811 4875 905 4941 τῆς
941 4876 997 4926 ὲν
1030 4874 1107 4943 τῷ
1144 4874 1478 4944 βαπτίσματι
1523 4876 1901 4947 παραδόσεως,

324 4967 495 5035 {manu
542 4967 608 5018 ὲκ
649 4965 742 5017 τοῦ
785 4965 959 5017 εἰπεῖν
1001 4964 1090 5015 τὸν
1134 4965 1370 5034 Χριστὸν
1412 4968 1522 5030 τοῖς
1558 4966 1899 5030 ἀποστόλοις,

327 5054 679 5124 βλπτίζοντες
708 5054 785 5115 είς
813 5053 872 5105 τὸ
902 5053 1071 5124 ὄνομα
1094 5052 1186 5107 τοῦ
1222 5055 1591 5125 Πατέροςριαὶ
1621 5057 1713 5109 τοῦ
1750 5058 1902 5125 Tia-3,

326 5146 421 5199 καὶ
445 5146 537 5200 τοῦ
565 5146 718 5214 ἁγίου
752 5144 1087 5211 Πνεύματος,
1118 5144 1191 5209 ὡς
1219 5147 1616 5217 βαπτιζόμεθα,
1645 5147 1786 5201 οὕτω
1810 5150 1904 5203 καὶ

324 5238 603 5292 πιστεύειν
662 5238 983 5306 ὀφείλομεν,
1047 5239 1141 5289 καὶ
1205 5236 1292 5290 διὰ
1354 5238 1511 5291 τοῦτο
1571 5241 1767 5305 ὁμοίαν
1825 5241 1903 5312 τῷ

327 5333 669 5403 βαπτίσματι
701 5333 797 5401 τὴν
823 5331 1112 5399 ὁμολογίαν
1145 5329 1444 5399 τιθέμεθα·
1477 5332 1717 5385 δότωσαν
1770 5334 1903 5402 ἡμῖν

326 5427 434 5490 ἵνα,
477 5425 552 5486 ὡς
591 5421 987 5493 ὁμολογοῦμεν,
1039 5420 1181 5475 οὓτω
1221 5424 1314 5475 καὶ
1356 5422 1687 5495 δοξάζωμεν,
1714 5424 1900 5496 ,ἤγουν

322 5514 667 5585 πιστεύωμεν
712 5514 745 5584 ἦ
788 5512 1164 5581 δοξολογῶμεν
1193 5529 1206 5543 ·
1240 5514 1335 5566 ἐὰν
1358 5514 1413 5567 δὲ
1452 5515 1704 5583 λέγωσιν,
1754 5519 1899 5570 Ἀλλ’

321 5606 423 5657 ούκ
440 5604 735 5674 ἐγγράφως
761 5600 1302 5673 παρελάῦομεν¹ούτω
1322 5601 1641 5670 δοξολογεῖν,
1660 5603 1899 5657 δότωσαν

322 5698 458 5767 ἡμῖν
493 5695 785 5766 ἐγγράφως
823 5695 920 5759 τὰς
955 5693 1293 5759 ἀποδείξεις,
1326 5697 1446 5748 ἀντὶ
1478 5695 1570 5748 τοῦ
1604 5699 1898 5767 ἐγγράφως

323 5791 650 5854 δειξάτωσαν
694 5790 791 5861 τὴν
839 5790 980 5843 κατά
1009 5790 1108 5858 τὴν
1150 5789 1329 5841 πίστιν
1363 5790 1650 5859 ὁμολογίαν
1694 5792 1786 5845 καὶ
1833 5794 1897 5846 τὰ

2012 4614 2144 4653 cens
2184 4616 2198 4651 :
2234 4597 2389 4652 Mitto
2435 4599 2561 4652 alia.
2620 4601 2676 4653 id
2714 4601 2943 4656 Patrem
2991 4613 3170 4659 autem
3203 4617 3259 4661 et
3311 4606 3505 4662 Filium
3537 4624 3591 4664 et

2014 4686 2277 4759 Spiritum
2322 4700 2568 4743 sanctum
2613 4692 2897 4757 conﬁteri,
2948 4697 3214 4751 untlenam
3263 4698 3316 4752 in
3370 4702 3589 4766 scriptis

2015 4782 2319 4837 habemus?
2351 4781 2407 4835 Si
2447 4783 2591 4837 enim
2622 4798 2686 4837 ex
2718 4786 3008 4842 traditione
3035 4803 3156 4858 quae
3206 4802 3289 4844 est
3326 4792 3376 4845 in
3414 4792 3589 4860 bapti«

2013 4886 2206 4939 sntate,
2229 4891 2293 4930 ex
2325 4891 2390 4930 eo
2418 4877 2628 4930 scilicet
2662 4877 2803 4945 quod
2834 4877 3082 4935 Christus
3111 4883 3255 4936 dicat
3308 4886 3588 4953 aposmlis,

2009 4969 2345 5038 haptizantes
2381 4969 2433 5021 in
2475 4969 2691 5024 nomine
2733 4969 2935 5037 Patris,
2998 4982 3051 5026 et
3083 4972 3226 5044 Filii,
3268 4986 3322 5029 et
3354 4975 3589 5047 Spiritus

2010 5061 2182 5113 sancti
2216 5077 2231 5125 ;
2265 5069 2320 5113 ιιι
2350 5059 2708 5128 baptizatnur,
2740 5060 2813 5114 ita
2839 5070 2893 5115 et
2919 5064 3142 5119 credere
3187 5068 3447 5123 debemus
3473 5112 3487 5136 ,
3536 5085 3592 5123 et

2013 5151 2133 5205 ideo
2177 5153 2486 5222 haptismati
2550 5152 2783 5208 similem
2839 5156 3237 5212 confessionem
3287 5162 3585 5229 ponimus:

2010 5244 2139 5298 dent
2173 5244 2327 5299 nobis
2366 5256 2445 5309 nt,
2483 5246 2939 5313 quemadmodum
2997 5250 3319 5307 conﬁtemur
3344 5295 3362 5321 ,
3412 5257 3483 5309 ita
3537 5269 3589 5310 et

2007 5335 2390 5404 glorilicemns,
2418 5338 2704 5391 credamus
2729 5339 3006 5393 scilicetet
3033 5344 3257 5411 gloriam
3282 5359 3546 5401 canamus
3576 5371 3583 5400 :

2008 5429 2090 5482 sin
2118 5439 2293 5481 antem
2324 5430 2528 5493 dicunt,
2562 5446 2620 5485 se
2666 5448 2767 5484 non
2814 5435 2863 5484 in
2917 5437 3137 5505 scriptis
3165 5440 3441 5508 accepisse
3467 5481 3482 5505 ,
3519 5444 3586 5494 ita

2005 5519 2233 5585 gloriam
2268 5536 2505 5586 canere;
2543 5524 2668 5575 dettl
2701 5524 2859 5579 nobis
2913 5526 2963 5580 in
3031 5524 3327 5599 Scripturis
3366 5536 3583 5588 demon-

2003 5610 2315 5677 strationes,
2349 5614 2399 5665 id
2430 5624 2535 5677 est,
2557 5613 2608 5666 in
2642 5615 2859 5683 scriptis
2882 5620 3582 5679 oateudantconfessionem

2005 5701 2148 5765 ﬁdei,
2183 5711 2235 5757 et
2262 5703 2361 5758 alia
2378 5715 2710 5761 enumerata.
2738 5706 2863 5763 Haec
2887 5724 3104 5767 sanctus
3126 5729 3244 5767 cum
3264 5715 3580 5771 Pnenmato-

2006 5793 2210 5847 machis
2238 5794 2359 5865 (hcc
2384 5806 2466 5851 est
2490 5794 2724 5865 Spiritus
2753 5801 2927 5855 sancti
2957 5803 3311 5876 adversariis)
3346 5807 3584 5865 diswrit.
