4008 6396
493 379 596 439 ἑ47

1765 370 2043 432 TIIEOD.
2068 372 2159 428 BA
2172 372 2470 436 LSAMUN
3618 374 3707 434 8l8

490 493 579 565 qui
609 508 712 545 nun
734 490 1004 555 ferebant,
1033 486 1294 556 Spiritum
1326 494 1569 541 sanctum
1610 502 1712 539 una
1746 501 1870 540 cum
1907 486 2065 539 Patre

2174 491 2301 544 ἄλλα
2324 495 2390 546 τά
2412 494 2889 564 ἀπαριθμηθέντα.
2920 494 3062 562 Πρὸς
3095 493 3220 556 τοὺς
3256 491 3708 560 Πνενματομάχουε

487 599 540 643 et
568 586 708 642 Filio
732 582 1042 655 glorificari,
1075 591 1133 635 ut
1161 582 1251 650 qui
1280 593 1496 635 servum
1527 594 1649 633 etim
1687 580 2061 634 existimarent

487 692 539 736 et
568 697 671 735 non
698 681 903 735 honore
940 672 1100 748 149
1119 672 1423 743 aequalem,
1474 684 1528 728 et
1579 672 1839 726 dicebant
1890 686 1948 725 se
2009 670 2061 722 in

489 775 707 843 scriptis
742 787 846 826 non
881 770 1151 823 invenisse
1179 767 1436 821 traditum
1490 762 1788 827 Ecclesiae,
1836 770 1895 815 ut
1950 761 2065 830 ipse

491 884 595 921 una
629 881 751 920 eum
781 863 941 916 Patre
964 870 1018 914 et
1044 859 1182 914 Filio
1212 856 1628 927 gloriﬁcaretur,
1664 863 1718 909 et
1755 851 1920 907 infert
1949 853 2064 905 haec

489 974 703 1030 quoque
751 965 991 1012 sanctus.
1049 951 1249 1004 Deinde
1299 964 1423 1004 cum
1468 956 1545 1000 tot
1603 946 1712 1000 sint
1775 959 1893 1013 quae
1957 958 2063 999 non

489 1055 691 1121 scripta
724 1056 868 1113 sunt,
899 1056 950 1099 et
980 1052 1182 1100 tantam
1214 1046 1535 1111 potestatem
1565 1037 1801 1091 habeant
1845 1035 1912 1090 ad
1955 1038 2067 1105 pie-

492 1147 619 1199 tatis
652 1140 996 1214 mysterium;
1025 1152 1186 1193 unam
1216 1134 1534 1198 dictionem,
1559 1145 1679 1200 quae
1701 1130 1767 1185 ad
1796 1145 1897 1184 nos
1922 1129 2065 1182 venit

489 1254 554 1293 ex
584 1235 854 1297 Patribus,
886 1232 978 1301 qui
1008 1241 1131 1284 ante
1164 1241 1261 1282 nos
1298 1225 1538 1291 fuerunt,
1569 1239 1674 1277 non
1724 1219 2067 1277 concedent?

489 1340 543 1383 et
571 1342 689 1397 quae
717 1329 1040 1393 sequuntur.
1068 1318 1220 1385 Quod
1257 1327 1436 1371 autem
1465 1314 1594 1370 dicit
1622 1357 1636 1380 ,
1663 1322 1747 1368 est
1776 1311 2066 1380 ejusmodi.

488 1419 622 1475 Cum
651 1426 727 1471 tot
759 1418 867 1470 sint
890 1427 1010 1487 qua:
1056 1412 1178 1464 sine
1218 1405 1438 1476 scriptis
1485 1405 1798 1474 accepimus
1833 1443 1848 1468 ,
1896 1416 2069 1471 eaque

489 1514 555 1566 ad
599 1510 755 1564 [idem
806 1518 913 1560 tant
950 1501 1167 1557 valida:
1200 1513 1307 1553 non
1353 1496 1667 1567 permittant
1707 1493 1863 1549 nobis
1909 1509 2070 1547 unam

489 1599 808 1661 dictionem,
847 1609 954 1648 non
986 1608 1015 1645 a
1049 1589 1612 1654 nobisintroductam,
1643 1589 1736 1641 sed
1778 1602 1938 1656 quam
1984 1591 2070 1640 in-

493 1694 740 1749 venimus
767 1705 834 1744 ex
866 1686 1256 1742 consuetudine
1281 1698 1385 1737 non
1422 1682 1647 1751 quaesita
1678 1694 1777 1736 nec
1804 1679 2070 1740 aﬂectata,

494 1787 588 1844 sed
619 1782 874 1853 simplici,
909 1794 1028 1849 quae
1062 1778 1363 1848 permansit
1401 1775 1453 1828 in
1495 1773 1756 1829 Ecclesiis
1801 1789 1905 1828 non
1938 1788 2075 1841 iper-

2169 586 2342 641 ταῦτα
2375 589 2403 641 6
2440 586 2595 656 ἅγιος
2624 587 2968 655 διαλέγεται,
3008 585 3081 654 μὴ
3111 585 3463 655 ἀνεχομένους
3494 584 3712 648 συνδοξο·

2166 680 2449 747 λογεῖσθαι
2479 678 2555 749 τῷ
2594 680 2798 748 Πατέρι
2831 681 2923 731 καὶ
2952 677 3031 747 τῷ
3075 676 3188 747 Υίῷ
3215 676 3274 729 τὸ
3302 675 3453 743 ἅγιον
3480 675 3707 742 Πνεῦμα,

2166 766 2460 831 οἷαροὖλον
2476 771 2609 823 αὐτὸ
2625 769 2968 835 δοξάζοντας,
2995 769 3091 822 καὶ⁵
3110 769 3206 837 οὐχ
3229 767 3505 837 ὁμότιμον,
3531 767 3618 820 καὶ
3641 766 3711 818 λέ-

2167 883 2385 933 γοντας,
2409 866 2490 919 ὅτι
2509 865 2622 936 Οὐχ
2652 864 2983 935 εὑρίσκομεν
3015 862 3306 931 ἐγγράφως
3334 860 3624 930 παραδοθὲν
3647 863 3703 929 τῇ

2183 957 2485 1027 Ἐκκλησία
2510 957 2571 1010 τὸ
2598 954 3103 1021 συνδοξολογεῖσθαι
3130 952 3278 1021 αύτῷ
3310 951 3384 1021 τῷ
3417 952 3609 1020 Πατέρι
3634 954 3714 1004 καὶ

2169 1049 2245 1114 τῷ
2278 1047 2412 1118 Υἱῷ,
2450 1047 2545 1101 καὶ
2567 1047 2765 1114 ἐπάγει
2806 1048 2900 1099 καὶ
2929 1045 3100 1097 ταῦτα
3127 1045 3156 1096 6
3188 1044 3360 1110 ἅγιος.
3396 1039 3525 1096 Εἶτα
3551 1042 3711 1095 τοσούι

2169 1160 2275 1197 των
2302 1141 2474 1195 ὄντων
2490 1142 2780 1211 ἀγράφων,
2805 1141 2899 1194 καὶ
2929 1138 3200 1208 τοσαύτην
3220 1138 3451 1208 ἐχόντων
3483 1138 3622 1207 ἰσχὺν
3646 1139 3712 1199 είς

2169 1235 2231 1287 τὸ
2282 1235 2380 1304 τῆς
2433 1232 2713 1296 εὐσεϐείας
2762 1236 3083 1303 μυστίριον,
3134 1231 3263 1301 μίαν
3310 1228 3453 1294 λέξιν
3499 1231 3621 1300 ἡμῖν
3663 1230 3715 1281 ἐκ

2171 1327 2433 1398 Πατέρων
2468 1325 2576 1380 τῶν
2613 1327 2719 1396 πρὸ
2752 1325 2909 1395 ἡμῶν
2940 1327 3019 1386 εἰς
3044 1324 3192 1394 ἡμᾶς
3224 1320 3480 1375 ἐλθοῦσαν
3513 1321 3570 1373 ού
3605 1337 3716 1387 συγ-

2172 1419 2482 1491 χωρήσουσι
2503 1436 2520 1485 ;
2543 1420 2651 1473 Καὶ
2672 1418 2739 1471 τὰ
2769 1416 2917 1485 ἑξῆς.
2941 1418 3006 1469 '0
3027 1415 3083 1468 δέ
3104 1415 3277 1483 λέγει,
3307 1413 3543 1467 τοιοῦτόν
3565 1414 3715 1475 ἐστιν,

2175 1513 2256 1566 ὅτι
2307 1512 2460 1565 Ἐπεὶ¹
2493 1510 2736 1564 τοσαύτά
2771 1511 2908 1562 εἰσιν
2949 1509 2984 1562 ἀ
3031 1508 3297 1578 ἀγράφως
3335 1504 3717 1575 παρελάδομεν,

2177 1607 2274 1659 καὶ
2306 1602 2452 1659 οὕτω
2483 1598 2622 1674 πρὸς
2649 1605 2746 1674 τὴν
2778 1603 2962 1655 πίστιν
2996 1602 3212 1671 ισχυρὰ,
3243 1601 3305 1653 οὐ
3339 1599 3720 1669 παραχωρήσου-

2178 1711 2262 1749 σιν
2289 1694 2420 1767 ἡμῖν
2449 1695 2579 1766 μίαν
2604 1696 2767 1760 λέξιν,
2799 1697 2860 1748 ού
2890 1695 3019 1763 παρ’
3047 1693 3205 1763 ἡμῶν
3238 1691 3596 1762 εἰσαχθεϊσαν.
3624 1687 3717 1741 ἀλλ’

2178 1791 2244 1860 ἣν
2280 1792 2373 1843 καὶ
2403 1787 2639 1860 εὕρομεν
2675 1791 2739 1843 ἐκ
2776 1786 3066 1857 συνηθείας
3096 1782 3548 1853 ἀνεπιτηδεύτου,
3579 1779 3720 1851 ἤγουν

492 1877 688 1938 versis,
719 1875 819 1927 hoc
852 1879 957 1936 est,
987 1867 1306 1922 orthodoxis
1335 1903 1351 1930 ,
1393 1864 1461 1918 ab
1496 1863 1767 1918 haereticis
1820 1879 1926 1918 non
1972 1864 2070 1918 de-

2178 1881 2537 1953 ἀπεριέργου,
2588 1881 2682 1934 καὶ
2731 1879 2912 1948 ἁπλῆς
2955 1876 3397 1947 ἐναπομεινάσης
3438 1874 3553 1935 ταῖς
3590 1870 3720 1923 ἀδια-

492 1969 752 2039 pravatis,
788 1979 906 2034 qute
932 1975 1183 2031 magnam
1216 1959 1382 2012 habet
1412 1958 1680 2011 rationem
1705 1996 1720 2021 ,
1754 1972 1852 2011 nec
1882 1971 2070 2024 parum

490 2057 647 2113 alTert
671 2054 929 2111 utilitatis
962 2066 1057 2106 seu
1089 2047 1388 2119 adiumenti
1424 2050 1491 2102 ad
1534 2046 1655 2101 ﬁdei
1695 2049 1934 2117 mysterii
1986 2063 2075 2116 po.

494 2161 767 2214 testatem,
793 2150 898 2200 hoc
936 2156 1039 2209 est,
1072 2157 1195 2213 quae
1228 2140 1454 2195 multum
1479 2138 1667 2209 juvare
1695 2147 1873 2207 potest
1912 2144 1978 2193 ad
2013 2139 2075 2193 ii-

492 2246 576 2300 tlei
618 2242 963 2312 mysterium.

564 2512 817 2572 ZONAB.
862 2512 935 2567 De
967 2510 1160 2564 ritibus
1189 2522 1253 2563 ex
1288 2507 1581 2560 traditione
1632 2494 1740 2560 non
1789 2503 1991 2573 scripta
2017 2503 2071 2557 in

493 2623 650 2663 ttsuut
682 2604 910 2672 receptis
944 2609 1165 2655 sanctus
1197 2598 1216 2672 [
1243 2596 1370 2670 hic]
1409 2598 1564 2652 docet
1592 2635 1607 2662 ,
1644 2597 1902 2667 dicitque,
1929 2600 2071 2667 quod

492 2697 655 2752 multa
686 2706 833 2759 sunt,
868 2709 988 2763 qua:
1024 2708 1127 2746 non
1160 2691 1363 2758 scripta
1418 2689 1726 2758 accepimus
1776 2689 2018 2743 facienda
2054 2728 2070 2752 ,

490 2792 559 2844 ad
596 2789 852 2860 pietatem
890 2785 1266 2847 conducentia,
1301 2797 1419 2851 quae
1449 2782 1492 2836 si
1530 2782 1821 2836 observare
1847 2797 2067 2836 recuso-

492 2897 633 2946 mus,
667 2878 1035 2949 Evangelium,
1072 2876 1323 2930 nimirum
1363 2875 1517 2928 {idem
1554 2876 1619 2927 ah
1649 2872 1938 2943 Evangelia
1973 2890 2069 2927 ttu-

491 2974 575 3029 bis
602 2973 969 3042 praedicatum,
1006 2970 1061 3022 in
1095 2967 1257 3022 rebus
1293 2967 1682 3037 principalibus
1729 2966 2073 3020 incommodo

489 3062 802 3119 aﬂiciemus.
853 3059 1055 3113 Deinde
1102 3065 1387 3111 enumerat
1422 3056 1584 3111 etiam
1640 3070 1702 3111 ea
1730 3096 1744 3120 ,
1781 3072 1900 3125 quae
1957 3059 2074 3111 sine

489 3154 709 3223 scriptis
733 3153 1131 3215 obtinuerunt;
1165 3155 1216 3201 et
1252 3147 1364 3211 ait,
1397 3161 1514 3211 eos,
1554 3148 1646 3216 qui
1700 3148 1752 3200 in
1781 3147 2071 3200 Christum

489 3246 869 3307 crediderunt,
905 3244 1072 3312 ligura
1114 3241 1294 3294 crucis
1346 3238 1522 3292 notari
1587 3237 1701 3292 sive
1748 3237 2066 3308 obsignari,
2101 3223 2143 3278 C

488 3340 610 3409 quis
641 3353 734 3407 per
765 3337 974 3391 litteras
1004 3335 1182 3389 docuit
1206 3331 1229 3384 ?
1250 3330 1335 3386 vel
1370 3342 1654 3400 precantes
1700 3333 1766 3385 ad
1808 3333 2071 3385 orientem

492 3429 775 3486 converti?
832 3428 948 3496 Ipsa
1001 3435 1178 3479 autem
1234 3423 1586 3479 invocationis
1609 3426 1819 3489 verba,
1873 3423 2073 3494 quibus

490 3523 697 3579 scilicet
728 3524 985 3576 sacerdos
1020 3518 1253 3589 gratiam
1290 3517 1527 3587 Spiritus
1551 3517 1785 3582 invocat,
1821 3533 1943 3573 cum
1978 3532 2073 3585 pa-

489 3629 609 3668 nem
658 3610 1076 3668 eucharisticunt
1110 3616 1165 3664 el
1213 3609 1460 3678 poculum
1510 3609 1907 3664 benedictionis
1951 3625 2076 3665 san-

491 3706 715 3770 etilicat,
740 3719 768 3756 s
805 3717 1064 3773 quonam,
1100 3702 1310 3770 inquit,
1346 3700 1649 3755 habemus?
1689 3716 1862 3771 neque
1926 3704 2070 3756 enim

492 3800 583 3857 iis.
612 3813 732 3866 quae
756 3796 973 3864 scriptis
1006 3795 1200 3849 tradita
1233 3802 1390 3859 sunt,
1426 3796 1497 3847 "ex
1536 3792 1794 3862 Apostolo
1820 3803 1874 3847 et
1901 3793 2074 3847 Evan-

488 3892 647 3962 gelio,
675 3889 913 3944 contenti
940 3903 1165 3952 sumus;
1194 3887 1285 3942 sed
1316 3896 1371 3941 et
1413 3898 1538 3940 ante
1581 3886 1665 3939 illa
1709 3888 1960 3941 nonnulla
1993 3889 2074 3940 di-

487 3985 683 4048 cimus,
723 3994 885 4050 atque
917 3980 1022 4034 alia
1062 3979 1225 4033 etiam
1276 3986 1484 4047 postea.
1535 3977 1744 4047 Aquam
1796 3990 1924 4032 vero
1978 3978 2071 4031 ba-

489 4073 760 4145 ptismatis
791 4081 846 4126 et
878 4071 1055 4125 oleum
1087 4069 1359 4124 unctionis
1391 4067 1740 4133 benedicere,
1790 4069 1933 4124 unde
1983 4083 2073 4124 ac-

485 4164 776 4235 cepimus?
825 4162 1007 4231 lpsum
1061 4161 1226 4216 etiam
1274 4159 1395 4215 oleo
1426 4174 1627 4232 ungere
1693 4162 2069 4231 baptizatum,

484 4259 608 4327 quis
649 4271 747 4310 nos
785 4254 1003 4323 scriptis
1035 4254 1261 4310 docuit?
1293 4252 1577 4311 Hominem
1610 4256 1774 4310 etiam
1826 4266 1905 4309 ter
1931 4255 2075 4309 inter

487 4346 875 4418 baptizandum
902 4345 1173 4416 immergi,
1203 4348 1345 4403 unde
1370 4346 1673 4402 habemus?
1701 4340 1940 4417 (Verum
1970 4346 2072 4399 alia

488 4441 607 4497 sine
639 4438 859 4508 scriptis
895 4454 1079 4494 revera
1130 4440 1282 4495 nobis
1318 4440 1513 4494 tradita
1541 4439 1793 4505 fuerunt;
1835 4438 2075 4507 baptiza-

2177 1974 2431 2044 στρόφοις
2458 1970 2577 2044 τῶν
2595 1967 2904 2039 ἐκκλησιῶν
2923 2006 2938 2030 ,
2972 1966 3091 2034 ἦτοι
3120 1966 3242 2027 ταῖς
3271 1959 3564 2032 όρθοδόξοις
3582 1999 3594 2019 ,
3622 1957 3721 2014 ταῖς

2180 2043 2254 2136 μή
2287 2043 2734 2134 διαστραφὲίσαις
2772 2059 2925 2130 παρά
2956 2058 3067 2112 τῶν
3100 2056 3398 2126 αίρετικῶν
3428 2053 3644 2121 ἔχουσαν
3669 2045 3720 2097 οὐ

2179 2162 2376 2232 μικρὸν
2414 2159 2593 2228 λόγον,
2644 2156 2765 2211 οὐδὲ
2802 2156 2990 2224 ὀλίγην
3031 2150 3367 2211 συντέλειαν,
3405 2148 3567 2217 ήγουν
3601 2140 3721 2209 ὠφέ-

2175 2255 2325 2307 λειαν
2350 2253 2713 2323 εἰσφέρουσαν
2738 2251 2814 2312 είς
2839 2249 2937 2316 τὴν
2958 2245 3052 2298 τοῦ
3079 2243 3383 2315 μυστηρίου
3402 2240 3496 2306 τῆς
3519 2236 3722 2293 πίστεως

2175 2346 2432 2416 δύναμιν,
2463 2345 2585 2400 ἀντὶ
2613 2344 2708 2398 τοῦ
2738 2341 2987 2414 μεγάλως
3007 2336 3238 2407 ὠφελεῖν
3261 2332 3557 2403 δυναμένην
3588 2327 3655 2388 είς
3677 2323 3724 2375 τὸ

2175 2443 2275 2508 τῆς
2306 2440 2543 2502 πίστεως
2580 2437 2904 2508 μυστήριον.

2247 2528 2491 2583 ΖΩΝΑΡ.
2532 2528 2666 2598 Περὶ
2700 2527 2806 2580 τῶν
2845 2525 2904 2590 ἐξ
2936 2524 3190 2596 ἀγράφου
3236 2517 3581 2589 παραδόσεως
3606 2508 3724 2563 ἐθῶν

2176 2623 2444 2677 ἐδιδάσκετε
2466 2626 2491 2676 ό
2522 2623 2699 2689 ἅγιος,
2728 2619 2820 2673 καί
2851 2636 3038 2687 φησιν,
3068 2618 3151 2671 ὅτι
3179 2614 3354 2689 πολλᾷ
3400 2613 3524 2675 εἱσι,
3554 2605 3587 2661 ἀ
3611 2619 3726 2669 παρα

2174 2713 2440 2783 ελάὄομεν
2495 2713 2759 2782 ἀγράφως
2811 2711 3003 2771 ποιεῖν,
3043 2707 3113 2759 τὰ
3164 2704 3305 2778 πρὸς
3355 2703 3449 2773 τὴν
3480 2694 3724 2752 εὐσέϐειαν

2176 2782 2614 2873 συμϐαλλόμενα,
2663 2801 2697 2853 ἆ
2741 2817 2862 2852 τινα
2900 2799 2994 2851 ὲάν
3042 2791 3512 2867 παραιτησώμεθα
3554 2782 3723 2853 φυλὰς·

2174 2915 2312 2961 τειν,
2347 2899 2424 2959 εἲς
2462 2896 2529 2949 τὰ
2561 2894 2748 2964 καίρια
2779 2895 2843 2947 τὸ
2881 2890 3216 2959 Εύαγγέλιον
3258 2887 3548 2960 βλάψομεν,
3581 2880 3722 2951 ἤγουν

2174 2988 2262 3041 διὰ
2301 2986 2394 3040 τοῦ
2431 2985 2765 3053 Εὑαγγελίου
2807 2982 3176 3054 κηρυχθεῖσαν
3221 2982 3356 3050 ἡμῖν
3394 2977 3586 3029 πίστιν,
3615 2965 3723 3022 Εἶτα

2177 3078 2484 3147 ἀπαριθμεῖ
2513 3075 2606 3128 καὶ
2653 3074 2720 3127 τὰ
2776 3074 3040 3140 ἀγράφως
3073 3070 3366 3141 τελόμενα,
3399 3067 3488 3121 καί
3516 3077 3654 3133 φησι,
3677 3057 3725 3109 τὸ

2178 3158 2719 3237 κατασημαίνεσθαι,
2761 3167 2879 3235 ἦτοι
2922 3163 3329 3233 σφραγίζεσθαι
3369 3161 3445 3230 τῷ
3476 3157 3617 3223 τύπῳ
3650 3149 3724 3203 τοῦ

2180 3258 2413 3328 σταυροῦ
2437 3260 2561 3321 τοὺς
2592 3261 2991 3317 πιστεύσαντας
3017 3255 3095 3325 τῷ
3115 3243 3345 3324 Χριστῴ
3368 3254 3448 3315 τίς
3470 3244 3727 3317 ἐγγράφωῖ

2175 3350 2416 3416 δίδαξενς
2452 3351 2484 3420 ἢ
2519 3349 2577 3402 τδ
2619 3349 2759 3402 κατᾶ
2796 3347 3058 3409 ἀνατολὰς
3098 3345 3437 3416 στρέφεσθαι
3471 3351 3721 3420 προσεχο-

2180 3443 2372 3512 μένους
2396 3459 2410 3504 ;
2443 3417 2523 3495 Τὰ
2542 3441 2599 3494 δὲ
2630 3444 2726 3511 τῆς
2757 3440 3095 3508 ἐπικλήσεως
3123 3439 3369 3510 ῥήματα,
3394 3436 3557 3507 ἦγουν
3578 3427 3639 3482 δι’
3662 3417 3723 3478 ὧν

2176 3534 2518 3588 ἐπικαλεῖται
2563 3535 2590 3586 6
2636 3532 2814 3600 ἱερεὺς
2856 3529 2955 3599 τὴν
2995 3530 3159 3599 χάριν
3197 3529 3296 3582 τοῦ
3332 3524 3648 3593 Πνεύματοεν
3679 3516 3727 3564 έν

2176 3627 2255 3697 τῷ
2307 3628 2400 3681 τὸν
2460 3626 2627 3696 ἄρτον
2682 3626 2931 3691 ἀγιάζειν
2996 3625 3092 3691 τῆς
3130 3619 3502 3691 Εύχαριστίας
3556 3613 3640 3667 και
3682 3605 3729 3657 τὸ

2183 3719 2434 3788 εὐλογίας
2482 3722 2760 3788 ποτήριον,
2813 3716 2920 3770 ἀπὸ
2964 3715 3127 3776 τίνος,
3174 3716 3368 3782 φησὶν,
3420 3710 3642 3779 ἔχομεν;
3680 3699 3728 3788 ού

2180 3814 2289 3881 γὰρ
2324 3786 2649 3882 ἀρκούμεθά
2681 3812 2794 3872 τθῖς
2825 3809 3119 3879 ἐγγράφως
3154 3804 3541 3878 παραδοοείσιν
3572 3799 3630 3850 ἐκ
3657 3786 3729 3845 to")

2164 3881 2519 3956 “Amatdlou
2550 3903 2643 3955 καὶ
2671 3902 2764 3954 τοῦ
2794 3898 3150 3968 Εὐαγγελίου,
3184 3899 3325 3953 ἀλλὰ
3362 3895 3456 3949 καὶ
3486 3891 3585 3961 πρὸ
3598 3881 3729 3970 ἐκεῖ·

2182 4012 2289 4048 νων
2317 3992 2440 4047 τινά
2473 3993 2701 4062 λέγομεν
2732 3992 2826 4043 καὶ
2851 3991 2964 4059 μετ’
2992 3991 3175 4042 ἐκεῖνα
3201 3989 3391 4059 ἕτερα.
3432 3985 3503 4038 Τὸ
3535 3982 3587 4034 δὲ
3612 3976 3732 4040 ὕδωρ

2181 4085 2276 4138 τοῦ
2322 4084 2701 4154 βαπτίσματος
2743 4084 2837 4135 καὶ
2878 4081 2938 4133 τὸ
2977 4080 3154 4134 ἔλαιον
3190 4082 3294 4152 τῆς
3329 4078 3558 4150 κρίσεως
3595 4067 3731 4123 πόθεν

2178 4176 2570 4247 παρελάϐομεν
2602 4175 2869 4239 εὑλογεῖνς
2900 4174 3008 4225 Καὶ
3041 4173 3172 4227 αὐτὸ
3193 4174 3256 4227 τὸ
3283 4173 3456 4243 χρίειν
3481 4163 3635 4231 ἐλαίῳ
3660 4157 3732 4211 τὸν

2178 4266 2575 4336 βαπτιζόμενον
2639 4267 2724 4327 τίς
2780 4265 2927 4334 ἡμᾶς
2988 4265 3287 4334 ἐγγράφως
3340 4260 3582 4326 ἐδίδαξες
3639 4252 3729 4305 Καὶ

2177 4359 2236 4411 τὸ
2264 4359 2384 4427 τρὶς
2403 4356 2761 4427 βαπτίζεσθαι
2784 4357 2876 4408 τὸν
2907 4355 3197 4426 ἄνθρωπον
3226 4355 3394 4408 πόθεν
3422 4352 3639 4421 ἔχομεν;
3662 4339 3736 4407 (τὰ

2180 4451 2280 4519 μὲν
2313 4446 2406 4503 οὖν
2431 4449 2567 4504 ἄλλα
2594 4447 2855 4517 ἀγράφως
2884 4448 2959 4510 ὡς
2992 4446 3211 4517 ἀληθῶς
3244 4443 3663 4515 παραδέδονται,

486 4544 600 4587 tum
631 4540 811 4585 autem
849 4539 929 4584 ter
960 4531 1197 4602 demergi
1231 4547 1296 4586 ex
1343 4540 1659 4586 sanctorum
1706 4529 2070 4600 apostolorum

2178 4542 2234 4593 δὲ
2276 4540 2566 4610 τρισσάκις
2594 4541 2684 4592 τὸν
2714 4536 3115 4607 βαπτιζόμενον
3147 4533 3542 4591 καταδύεσθαι,
3574 4529 3633 4579 ἐκ
3658 4516 3733 4574 τοῦ

486 4639 695 4679 eanoue
736 4621 806 4677 50
854 4622 1138 4678 habemus.
1190 4620 1356 4676 Miror
1403 4622 1587 4691 itaque
1636 4621 1913 4691 quomodo
1966 4620 2067 4675 hoc

472 4714 653 4771 etiam
693 4717 811 4771 sine
838 4713 1057 4781 scriptis
1085 4712 1346 4768 traditum
1384 4709 1548 4767 fuisse
1576 4721 1795 4775 sanctus
1821 4725 2068 4767 asserue-

487 4810 590 4876 rit;
620 4824 795 4878 neque
824 4808 973 4862 enim
1000 4806 1295 4876 putandum
1324 4811 1404 4857 est
1423 4817 1545 4857 eum
1566 4804 1791 4859 canonis
1821 4801 2064 4872 ignarum

487 4898 708 4970 fuisse.)
741 4899 1046 4968 Quinetiam
1078 4894 1293 4950 Satanae
1322 4894 1648 4954 renuntiare,
1689 4904 1744 4948 et
1779 4892 1880 4947 alia
1909 4902 2065 4962 quot-

487 5000 619 5061 quot
646 5006 675 5044 a
713 4992 984 5059 baptizata
1019 4985 1190 5059 repeti
1228 4986 1488 5055 exigitur,
1517 4984 1698 5038 omnia
1720 5025 1736 5051 ,
1772 4985 1969 5054 inquit,
1999 4999 2067 5038 ex

488 5098 683 5139 arcana
712 5091 766 5137 et
801 5098 908 5136 nou
936 5080 1214 5150 publicata
1240 5078 1483 5133 doctrina
1528 5085 1682 5142 sunt;
1725 5077 1827 5130 hoc
1854 5085 1958 5141 est,
2000 5077 2068 5128 ab

486 5192 574 5241 ea,
597 5189 717 5244 quas
745 5173 958 5243 publice
976 5186 1083 5225 non
1117 5170 1463 5238 praedicatur,
1494 5184 1594 5223 nec
1625 5169 1877 5223 omnibus
1909 5169 2067 5222 inno-

489 5267 676 5330 tescit;
739 5277 900 5335 quam
940 5261 1181 5333 majores
1219 5261 1393 5317 nostri
1455 5262 1619 5317 tacite
1669 5260 2064 5324 observarunt,

486 5358 648 5411 anxie
684 5355 844 5408 nimis
875 5355 986 5409 sive
1015 5353 1230 5410 curiose
1278 5355 1333 5407 in
1382 5369 1501 5408 eam
1553 5368 1660 5409 non
1708 5352 2062 5423 inquirentes.

486 5444 673 5499 Edocti
696 5455 822 5497 sunt
857 5445 1000 5499 enim
1038 5459 1121 5510 ea,
1159 5459 1279 5514 quae
1323 5445 1374 5497 in
1431 5445 1709 5517 mysteriis
1756 5446 2064 5499 veneranda

488 5538 610 5593 sive
631 5536 869 5607 gloriosa
899 5546 953 5591 et
990 5537 1307 5593 honoranda
1339 5548 1393 5594 et
1416 5554 1617 5593 arcana
1670 5547 1819 5603 sunt,
1855 5539 2068 5593 silentio

489 5629 767 5683 custodire
791 5640 956 5697 atque
987 5629 1300 5683 observare.
1325 5628 1454 5696 Quae
1490 5631 1631 5683 enini
1659 5669 1674 5694 ,
1723 5629 1896 5698 inquit
1921 5669 1935 5694 ,
1966 5642 2068 5683 nec

488 5719 676 5774 videre
698 5729 791 5772 aut
819 5720 1084 5789 speculari
1119 5719 1184 5773 iis
1213 5718 1405 5786 liccat,
1432 5721 1521 5789 qui
1567 5735 1675 5774 non
1728 5730 1853 5775 sunt
1899 5721 2067 5775 sacris

486 5812 707 5878 initiati,
753 5823 811 5865 ut
852 5826 914 5865 ea
959 5813 1397 5880 triumpharent,
1435 5822 1486 5867 et
1520 5812 1574 5866 in
1614 5814 1830 5885 scriptis
1882 5824 2068 5884 aperte

484 5905 910 5976 divulgarentur,
956 5920 1226 5974 nunquam
1257 5904 1591 5958 admittatur.

2176 4636 2219 4685 ν’
2254 4631 2475 4696 κανόνος
2512 4630 2710 4701 ἔχομεν
2730 4630 2838 4683 τῶν
2878 4629 3048 4698 ἁγίων
3096 4627 3437 4683 ἀποστόλων.
3486 4614 3736 4686 Θαυμάζω

2175 4720 2292 4789 οὖν,
2334 4722 2451 4784 πῶς
2499 4722 2596 4774 καὶ
2641 4720 2800 4774 τοῦτο
2836 4721 2864 4772 6
2906 4720 3057 4786 ἅγιος
3105 4717 3372 4789 ἀγράφως
3420 4708 3541 4768 εἶπε
3588 4719 3738 4775 παραο

2172 4812 2421 4868 δεδόσθαι
2449 4826 2466 4845 ⁸
2512 4813 2576 4866 οὐ
2627 4813 2737 4882 γὰρ
2793 4810 3109 4879 ἀγνοεῖσθαι
3161 4809 3255 4862 τὸν
3306 4807 3525 4862 κανόνα.
3567 4796 3738 4861 ἐκείνῳ

2175 4904 2560 4973 ὑποληπτέον.)
2599 4900 2710 4956 Καὶ
2753 4903 2812 4955 τὸ
2850 4903 3264 4957 ἀποτάσσεσθαι
3303 4900 3362 4953 δὲ
3396 4896 3476 4967 τῷ
3514 4887 3738 4965 Σατανᾷ,

2176 5000 2269 5049 καὶ
2310 4996 2479 5049 τᾶλλα
2524 4997 2629 5050 ὅσα
2677 4994 2858 5064 λέγειν
2908 4997 2935 5047 ό
2978 4994 3378 5064 βαπτιζόμενος
3425 4984 3737 5044 ἀπαιτεῖται.

2177 5089 2376 5155 πάντα,
2411 5087 2617 5157 φησὶν,
2651 5088 2714 5140 ἐκ
2747 5088 2847 5155 τῆς
2881 5087 3198 5158 ἀπορρήτου
3238 5085 3337 5138 καὶ
3366 5073 3736 5152 ἀδημοσιεύτου

2174 5179 2528 5243 διδασκαλίας
2577 5179 2743 5243 εἰσὶν,
2779 5179 2949 5249 ήγουν
2980 5180 3081 5248 τῆς
3116 5178 3191 5249 μὴ
3227 5174 3467 5248 δημοσίᾳ
3522 5179 3734 5235 κεκηρυ’

2175 5272 2409 5340 γμένης,
2446 5269 2540 5340 τῆς
2574 5269 2648 5339 μὴ
2677 5271 2812 5323 ¹πᾶσι
2845 5268 3282 5338 γινωσκομένης,
3310 5265 3379 5335 ἣν
3393 5264 3442 5316 οἱ
3472 5258 3574 5330 πρὸ
3601 5250 3738 5340 ἡμῶν

2175 5336 2453 5430 ἐφύλαξαν
2494 5336 2912 5431 σεσιγημένως,
2957 5359 3033 5429 μὴ
3074 5336 3734 5428 πολυπραγμονοῦντεςιῆ

2148 5432 2716 5526 ἶπεριεργαζόμενοιο
2756 5451 3114 5522 ἐδιδάχθησαν
3159 5450 3267 5520 γὰρ
3314 5446 3383 5501 τὰ
3433 5439 3604 5511 σεμνὰ
3644 5430 3736 5486 τῶν

2179 5546 2517 5617 μυστηρίων,
2542 5546 2710 5615 ῆγουν
2735 5544 2804 5596 τὰ
2832 5542 3019 5609 ἔνδοξα
3044 5541 3136 5597 καὶ
3163 5543 3321 5612 τίμια
3352 5538 3445 5592 καὶ
3473 5529 3734 5617 ἀπόῤ-ρητα

2177 5616 2357 5710 σιωπῇ
2370 5616 2740 5700 διασώζεσθαι
2768 5636 2864 5689 καὶ
2891 5633 3279 5704 φυλάττεσθαι.
3310 5632 3380 5683 Ἀ
3413 5628 3543 5697 γὰρ,
3568 5616 3734 5689 φησιν’

2175 5730 2238 5782 οὐ
2272 5729 2331 5782 δὲ
2371 5730 2505 5803 όρᾷν
2534 5728 2567 5799 ἢ
2610 5730 2982 5781 κατασκοπεῖν
3014 5726 3161 5779 ἐστιν
3195 5723 3465 5796 ἀμυήτοις
3497 5710 3732 5770 δυνατδνο

2176 5823 2348 5875 ταῦτα
2381 5824 2481 5874 οὐκ
2514 5816 2580 5891 ἦν
2614 5821 2966 5889 ἐνδεχόμενον
3000 5818 3354 5891 θριαμϐεύειν
3387 5816 3479 5868 καὶ
3512 5798 3733 5878 φανερῶς

2176 5914 2476 5985 κηρύσσειν
2507 5915 2565 5966 ὲν
2595 5916 2946 5984 γράμμασιν.
