4008 6440
398 378 504 452 84')

1324 380 1401 440 1N
1432 377 1662 439 EPIST.
1699 376 1760 436 S.
1800 371 2083 433 B.\SlLlI
2123 374 2222 431 AD
2265 366 2735 430 AMPHILOCH.

3548 353 3654 416 850

1674 660 1903 748 ΤΟΥ
1978 656 2356 745 ΑΥΤΟΥ

1145 806 1234 862 ΕΚ
1263 804 1402 861 ΤΟΥ
1432 803 1539 861 ΚΘ¹
1576 804 1976 864 ΚΕΦΑΛΑῘΟΥ
2003 802 2141 856 ΤΗΣ
2179 800 2412 857 ΑΥΤΗΣ
2446 796 2954 884 ΠΡΑΓΜΑΤΕΙᾹΣ.

1281 1093 1390 1154 EX
1418 1084 1812 1181 “VICESiMO
1849 1080 2072 1144 NONO
2106 1078 2397 1141 CAPITE
2431 1080 2806 1142 EJUSDEM.

988 1283 1228 1338 ΚΑΝΩΝ
1267 1279 1383 1351 td".

588 1446 732 1517 Πρός
758 1461 823 1515 γε
855 1444 961 1516 μὴν
993 1442 1052 1494 τὸ
1072 1442 1384 1512 ἀμάρτυρον
1413 1440 1508 1493 καὶ
1544 1439 1793 1507 ἄγραφον
1828 1435 1969 1491 εἶναι
2001 1446 2040 1497 Α

396 1542 495 1611 τὴν
522 1539 642 1593 σὺν
693 1535 772 1603 τῷ
811 1537 1105 1603 Πνεύματι
1149 1531 1449 1599 δοξολογίαν
1498 1533 1672 1587 ἐκεῖνο
1706 1528 1965 1599 λέγομενο

400 1634 502 1692 ὅτι,
533 1631 581 1681 εἰ
618 1629 714 1699 μὲν
746 1626 909 1697 μηδὲν
934 1624 1117 1695 ἕτερον
1143 1623 1403 1692 ἄγραφον,
1441 1618 1571 1689 μηδὲ
1605 1617 1760 1669 τοῦτο
1792 1633 1969 1687 παρα-

399 1721 642 1789 δεχθήτω
661 1737 674 1748 θ
726 1718 776 1770 εἰ
803 1717 860 1770 δὲ
891 1716 959 1768 τά
992 1713 1215 1766 πλεῖστα
1255 1710 1364 1763 τῶν
1407 1707 1680 1779 μυστικῶν
1712 1707 1971 1776 ἀγράφως

404 1815 532 1881 ἡμῖν
566 1806 995 1878 ὲμπολιτεύεται,
1048 1802 1184 1873 μετὰ
1228 1800 1435 1854 πολλῶν
1478 1798 1586 1852 τῶν
1641 1798 1841 1867 ἑτέρων
1878 1796 1970 1848 καὶ

403 1901 560 1953 τοῦτο
594 1893 1026 1968 παραδεξόμεθα.
1207 1888 1581 1944 Ἀποστολικὸν
1614 1888 1669 1939 δὲ
1691 1883 1841 1955 ο⁷μαι
1878 1882 1971 1936 καὶ

404 1994 463 2044 τὸ
487 1993 604 2054 ταῖς
653 1988 920 2060 ἀγράφοις
954 1982 1282 2055 παραδόσεσι
1323 1980 1675 2052 παραμένειν.
1719 1971 1973 2029 Ἐπαινῶ

404 2082 535 2150 γὰρ,
573 2080 758 2148 φησὶν,
786 2075 961 2145 ὑμᾶς,
998 2076 1081 2127 ὅτι
1116 2073 1309 2126 πάντα
1344 2090 1460 2139 μου
1504 2068 1828 2137 μέμνησθε,
1876 2065 1972 2118 καὶ

406 2172 601 2235 καθὼς
633 2167 943 2234 παρέδωκα
962 2164 1121 2233 ὑμῖν,
1149 2168 1254 2227 τὰς
1283 2160 1641 2229 παραδόσεις
1661 2159 1937 2224 κατέχετε
1955 2171 1970 2186 ·

407 2264 501 2316 καὶ
533 2261 612 2324 τὸ,
665 2257 939 2324 Κρατεῑτε
970 2254 1075 2320 τὰς
1107 2251 1465 2320 παραδόσεις
1511 2249 1584 2314 ἀς
1616 2248 1976 2329 παρελάᾷετε

406 2354 527 2406 εἴτε
556 2350 655 2403 διὰ
692 2351 900 2415 λόγου,
932 2346 1052 2398 εἴτε
1096 2340 1537 2408 δι’-ἐπιστολῆς
1559 2360 1574 2374 ο
1610 2334 1685 2394 ὧν
1879 2338 1976 2407 μία

408 2445 523 2497 ἐστὶ
551 2443 705 2512 καὶὴ
745 2439 989 2510 παροῦσα
1029 2436 1187 2505 αὕτη,
1215 2435 1281 2506 ἢν
1321 2437 1369 2487 οἱ
1407 2434 1465 2498 ἐξ
1511 2434 1686 2504 ἀρχῆς
1725 2431 1978 2498 διαταξά-

410 2550 559 2605 μενοι
592 2529 971 2601 παραδιδόντες
1024 2528 1131 2588 τοῖς
1182 2523 1399 2592 ἐφεξῆς,
1450 2523 1853 2592 συμπροῖούσης
1889 2518 1977 2574 ἀεὶ

407 2625 482 2694 τῷ
510 2624 683 2694 χρόνῳ
723 2622 820 2691 τῆς
866 2621 1133 2690 χρήσεως,
1174 2616 1259 2669 διὰ
1296 2616 1511 2685 μακρᾶς
1559 2614 1660 2683 τῆς
1695 2613 1978 2684 συνηθείας

404 2684 1558 2782 ταῖς-Ἐκκλησίαιξ-ἐγκατερρίζωσαν.Ἆρ’
1585 2699 1677 2759 οὖν
1709 2704 1777 2765 εἰ,
1811 2702 1887 2764 ὡς
1917 2702 1977 2754 ὲν
2013 2684 2050 2737 Β

404 2805 734 2876 δικαστηρίῳ
771 2803 867 2872 τῆς
901 2799 984 2852 διὰ
1017 2799 1121 2851 τῶν
1155 2786 1443 2868 ἐγγράφων
1475 2794 1799 2860 ἀποδείξεως
1843 2794 1976 2845 ἀπο-

410 2897 642 2966 ροῦντες,
665 2892 950 2964 μαρτύρων
968 2891 1093 2960 ὑμῖν
1107 2890 1306 2958 πλῆθος
1447 2901 1523 2936 πα
1532 2884 1931 2954 ραστηραίμεθα
1953 2923 1971 2949 ,

405 2988 504 3039 οὐκ
540 2986 604 3039 ἂν
645 2985 746 3053 τῆς
797 2981 1048 3051 ἀφιείσης
1099 2981 1225 3047 παρ’
1264 2976 1417 3048 ὑμῶν
1468 2975 1650 3045 ψήφου
1684 2972 1973 3041 τύχοιμεν;

419 3077 557 3143 Ἐγὼ
587 3077 683 3146 μὲν
703 3075 875 3140 οὕτως
906 3069 1086 3143 οἶμαι’
1130 3068 1259 3121 Ἐπὶ
1291 3069 1585 3136 στόματος
1610 3064 1718 3135 γὰρ
1739 3064 1844 3116 δύο
1879 3063 1974 3114 xui

407 3167 581 3235 τριῶν
611 3168 924 3235 μαρτύρων
946 3160 1308 3227 σταθήσεται
1337 3158 1458 3213 πᾶν
1485 3158 1665 3226 ῥῆμα.
1702 3158 1762 3208 Εἰ
1797 3155 1852 3210 δὲ
1884 3155 1975 3207 xci.

406 3259 496 3309 τὶν
533 3256 695 3308 πολὺν
715 3256 903 3325 χρόνον
933 3254 1066 3323 πρὸς
1096 3251 1250 3322 ἡμῶν
1277 3249 1404 3301 ὄντα
1440 3248 1681 3318 ἐναργῶς
1720 3248 1843 3314 ὑμῖν
1878 3247 1971 3295 ἐπ-

405 3345 737 3413 εδείκνυμεν,
774 3343 872 3395 οὐκ
902 3341 967 3394 ἂν
993 3340 1247 3409 ἐδόξαμεν
1286 3339 1412 3405 ὑμῖν
1448 3337 1627 3388 εἰκότα
1658 3334 1855 3401 λέγειν,
1899 3338 1972 3402 μὴ

406 3434 544 3490 εἶναι
575 3435 691 3491 καθ’
715 3432 870 3505 ἡμῶν
898 3432 993 3502 τὴν
1021 3431 1174 3499 δίκην
1199 3427 1561 3495 εἰσαγώγιμον
1578 3425 1808 3495 metm;
1838 3428 1974 3475 Δυσ-

405 3526 660 3595 ωπητικά
701 3525 807 3594 γάρ
845 3538 960 3584 πως
1002 3520 1071 3572 τά
1112 3517 1313 3572 παλαιά
1340 3517 1447 3567 τῶν
1481 3515 1781 3583 δογμάτων,
1812 3513 1972 3565 οἱονεὶ

406 3614 565 3682 πολιᾷ
598 3630 701 3666 τινι
729 3613 795 3682 τῇ
834 3608 1151 3679 ἀρχαιότητι
1193 3605 1253 3659 τὸ
1286 3603 1556 3673 αἰδέσιμον
1591 3603 1799 3671 ἔχοντα.

2646 1262 2875 1320 GANON
2912 1260 3093 1317 XClll.

2284 1440 2429 1496 Sane
2459 1452 2648 1497 contra
2683 1444 2735 1498 id
2781 1438 3144 1512 quod'dicunt
3165 1481 3179 1505 ,
3210 1441 3656 1512 glorilicationcn;

2091 1548 2207 1611 cum
2256 1530 2459 1600 Spiritu
2500 1547 2685 1586 carere
2733 1533 3044 1587 testimonio
3070 1573 3083 1597 ,
3116 1546 3217 1585 nec
3261 1532 3327 1585 iu'
3364 1531 3662 1600 Scriptutis

2091 1635 2327 1689 exstare,
2360 1624 2494 1678 illud
2517 1623 2752 1679 dicimus
2818 1641 2834 1678 :
2906 1619 2949 1673 si
3028 1623 3162 1677 nihil
3203 1623 3348 1676 aliud
3380 1632 3465 1678 est
3512 1639 3663 1677 rece-

2095 1726 2244 1787 ptum
2269 1717 2475 1786 absque
2500 1715 2820 1785 Scripturis,
2848 1729 2915 1767 ne
2942 1713 3043 1767 hoc
3069 1714 3288 1783 quidem
3323 1714 3616 1781 recipiatur
3645 1731 3659 1778 ;

2094 1816 2178 1867 sin
2218 1808 2450 1882 plurima
2479 1823 2676 1862 arcana
2707 1807 2842 1861 citra
2870 1806 3132 1875 scriptum
3164 1815 3380 1874 recepta
3411 1814 3539 1861 sunt
3569 1822 3665 1858 no-

2095 1904 2198 1966 bis,
2228 1917 2352 1957 cum
2380 1900 2503 1953 aliis
2532 1899 2781 1968 pluribus
2806 1903 2860 1950 et
2887 1897 2990 1950 hoc
3021 1897 3367 1966 recipiemus.
3407 1897 3662 1977 Arbitror

2094 2000 2271 2048 autem
2305 1991 2660 2060 apostolicum
2690 2003 2830 2048 esse,
2861 1989 3024 2042 etiam
3057 2002 3164 2041 non
3217 1988 3438 2056 scriptis
3492 1970 3689 2041 tradi?

2093 2083 2329 2136 tionibus
2364 2081 2648 2133 inhaerere.
2688 2075 2874 2129 Laudo
2911 2078 3071 2139 enim,
3103 2075 3318 2144 inquit,
3362 2092 3482 2139 vos,
3524 2078 3661 2146 quod

2094 2175 2268 2227 omnia
2296 2188 2407 2224 mea
2442 2169 2771 2230 meministis,
2807 2177 2853 2220 et
2883 2167 3320 2236 quemadmodum
3355 2168 3556 2220 tradidi
3576 2155 3681 2221 ξολ

2094 2263 2201 2322 bis,
2237 2259 2543 2313 traditiones
2583 2258 2769 2311 tenetis
2800 2259 2814 2288 ¹
2848 2297 2861 2309 .
2896 2259 2959 2311 lit
3005 2256 3158 2319 illud,
3196 2256 3381 2310 Tcnete
3409 2259 3660 2310 traditio-

2093 2370 2181 2406 nes
2201 2368 2332 2421 quas
2362 2350 2634 2418 accepistis
2664 2350 2767 2402 sive
2797 2364 2887 2417 per
2910 2364 3198 2401 sermonem
3223 2349 3325 2401 sire
3353 2364 3441 2415 per
3471 2349 3662 2417 episto-

2094 2442 2201 2497 lam
2230 2447 2251 2478 ³
2282 2454 2551 2510 :quarum
2577 2454 2683 2491 una
2706 2447 2789 2491 est
2817 2447 2870 2491 et
2897 2438 3008 2491 hinc
3029 2437 3096 2491 de
3117 2453 3223 2506 qua
3251 2454 3395 2492 nunc
3426 2440 3658 2509 agimus,

2091 2549 2252 2604 quam
2283 2532 2374 2603 qui
2400 2532 2469 2585 ab
2503 2531 2659 2584 initio
2695 2530 3171 2599 pt'teseripserunt,
3205 2528 3661 2601 tradideruntque

2093 2623 2346 2694 posteris,
2391 2637 2494 2676 usu
2539 2635 2751 2687 semper
2801 2621 2965 2673 simul
2996 2636 3119 2673 cum
3154 2631 3394 2688 tempore
3439 2608 3660 2691 progre-

2092 2716 2307 2777 diente,
2367 2714 2539 2782 ipsam
2604 2712 2758 2780 longa
2819 2713 3217 2765 consuetudine
3277 2713 3331 2764 in
3394 2711 3659 2767 Ecclesiis

2094 2801 2478 2856 irradicarunt.
2510 2799 2648 2870 Ergo
2683 2800 2728 2855 si
2771 2800 2920 2855 velut
2949 2802 3004 2854 in
3046 2801 3343 2866 tribunali,
3381 2805 3661 2872 probatio-

2094 2893 2255 2947 nibus
2287 2908 2317 2947 e
2348 2893 2552 2960 scripto
2597 2890 2876 2952 destituti,
2914 2893 3119 2946 multos
3150 2893 3304 2947 vobis
3338 2902 3505 2948 testes
3536 2911 3651 2965 pro.

2094 2983 2381 3045 ducamus,
2417 2996 2597 3035 nonne
2648 2981 2972 3035 sententiam
3010 2982 3383 3037 absolventem
3432 3000 3460 3037 a
3504 2987 3658 3038 vobis

2094 3071 2527 3140 consequemur?
2553 3070 2661 3139 Ego
2689 3070 2904 3138 quidem
2929 3071 3198 3127 arbitror:
3222 3073 3284 3125 1η
3299 3091 3386 3128 ore
3403 3075 3658 3144 siquidem

2091 3162 2316 3214 duorum
2363 3178 2423 3214 ac
2489 3162 2647 3213 trium
2699 3161 2908 3213 testium
2940 3160 3101 3213 stabit
3147 3179 3301 3215 omne
3350 3164 3560 3217 verbum
3616 3166 3658 3216 ³.

2092 3249 2248 3313 Quod
2302 3249 2347 3302 si
2394 3248 2554 3302 etiam
2590 3249 2848 3317 temporis
2897 3248 3312 3304 diuturnitatem
3358 3267 3454 3321 pro
3500 3254 3657 3308 nobis

2097 3340 2388 3392 facientem
2455 3339 2609 3392 vobis
2670 3339 2951 3393 evidenter
3011 3341 3402 3405 ostendamus,
3474 3359 3655 3397 annon

2094 3427 2397 3480 videbimur
2428 3426 2580 3479 vobis
2610 3427 2911 3495 probabilia
2945 3427 3145 3494 dicere,
3184 3445 3289 3483 non
3324 3445 3484 3499 posse
3509 3432 3654 3485 litem

2095 3520 2255 3571 istam
2301 3517 2424 3585 jure
2466 3517 2624 3571 nobis
2676 3516 2921 3571 intendi?
2966 3516 3286 3572 Veneranda
3334 3521 3478 3573 enim
3529 3533 3656 3576 sunt

2093 3605 2493 3677 quodammodo
2512 3614 2720 3661 vetusta
2740 3608 3008 3676 dogmata,
3026 3622 3148 3677 qua:
3162 3607 3232 3662 ob
3251 3610 3649 3680 antiquitatem,

411 3714 509 3753 ceu
573 3695 831 3747 canitiem
885 3691 1201 3759 quamdam,
1237 3688 1438 3742 habent
1486 3689 1747 3757 quiddam
1792 3690 2173 3743 reverendam.

483 3789 677 3843 ΒΑΛΣ.
716 3787 839 3840 Ἔτι
873 3786 1274 3840 κατασκευάσει
1307 3786 1336 3837 ὁ
1366 3784 1518 3853 ἅγιος
1547 3785 1637 3836 τὸν
1672 3786 1866 3836 οἰκεῖον
1896 3781 1955 3834 λό

2163 3778 2354 3830 BALS.
2390 3779 2621 3832 Sanctus
2661 3796 2817 3835 suum
2852 3781 3027 3835 adhuc
3081 3783 3284 3837 dictum
3336 3783 3654 3849 conﬁrmat,

408 3899 503 3948 γον
543 3880 714 3945 λέγων
747 3879 884 3949 πρὸς
925 3878 1051 3942 τοὺς
1089 3878 1416 3948 αἱρετικοὺς.
1458 3877 1538 3929 ὅτι
1568 3876 1631 3928 Εἰ
1674 3875 1771 3943 μὲν
1822 3872 1983 3943 μηδὲν

2095 3873 2274 3928 dicens
2304 3873 2568 3927 haereticis
2602 3889 2618 3928 :
2653 3873 2707 3928 Si
2744 3876 2873 3928 nihil
2914 3875 3127 3944 quidem
3179 3875 3322 3931 aliud
3361 3892 3469 3932 non
3505 3879 3660 3934 seri-

410 3976 539 4029 ἄλλο
570 3972 818 4040 ἄγραφον
852 3968 1146 4040 παρεδόθη,
1189 3969 1320 4039 μηδὲ
1357 3966 1516 4021 τοῦτο
1544 3964 1939 4036 παραδεχθήτω
1963 3982 1977 3995 ο

407 4065 457 4115 εἰ
499 4062 555 4115 δὲ
597 4060 765 4113 πολλά
800 4060 906 4111 εισι
947 4057 1017 4110 τά
1055 4058 1319 4128 ἀγράφως
1364 4054 1778 4122 πολιτευόμενα,
1824 4053 1982 4107 ama

410 4170 515 4221 τερ
549 4152 901 4223 ἀπηρίθμησε
920 4193 932 4215 ,
975 4150 1114 4221 μετὰ
1146 4152 1254 4205 τῶν
1285 4149 1461 4204 ἄλλων
1498 4149 1592 4202 καὶ
1620 4147 1777 4201 τοῦτο
1806 4164 1985 4214 παρα-

406 4240 711 4312 δεξώμεθα.
763 4238 897 4295 Εἶτα
924 4241 1195 4295 δείκνυσιν
1221 4241 1302 4292 ὃτι
1344 4240 1442 4291 καὶ
1469 4237 1827 4291 ἀποστολικόν
1871 4238 1985 4289 ἐστι

407 4339 470 4388 τᾶ
513 4334 933 4406 παραδιδόμενον
975 4334 1285 4403 φυλάττειν,
1332 4331 1516 4402 τίθησι
1566 4331 1658 4385 καὶ
1704 4330 1843 4384 αὑτά
1890 4329 1985 4382 τοῦ

424 4425 750 4485 ’Λποστόλου
782 4427 850 4480 τά
885 4426 1134 4496 ῥήματα,
1168 4422 1262 4477 καί
1300 4439 1467 4493 φησιν
1495 4422 1578 4476 ὅτι
1608 4421 1714 4476 τῶν
1741 4421 1983 4492 παραδό-

410 4531 549 4569 σεων
590 4516 688 4585 μία
730 4517 823 4569 καὶ
866 4513 1001 4582 αὕτη
1028 4514 1195 4579 ἐστὶν,
1241 4513 1409 4583 ἧγουν
1448 4514 1480 4583 ὴ
1533 4512 1656 4581 περὶ
1691 4510 1781 4565 τοῦ
1827 4512 1984 4580 ἁγίου

408 4608 831 4678 Πνεὺματος,ἣν
854 4609 911 4661 ὲν
939 4608 1058 4669 ταῖς
1090 4605 1438 4674 Ἐκκλησίαις
1469 4604 1949 4676 ἐγκατεῤῥίζωσαν
1969 4642 1984 4667 ,

405 4701 532 4754 ἐντὶ
556 4700 649 4752 τοῦ
684 4700 916 4770 βεόαιως
941 4699 1255 4762 κατέθεντο,
1284 4700 1379 4752 καὶ
1407 4699 1749 4771 παρέδωκαν,
1774 4698 1988 4768 Ὥσπερ

2088 3958 2236 4034 ptum
2273 3965 2528 4019 traditum
2559 3975 2662 4029 est,
2698 3981 2796 4020 nec
2831 3966 2931 4020 hoc
2973 3965 3330 4022 admittatur:
3363 3967 3444 4022 sin
3473 3979 3656 4023 autem

2092 4055 2257 4110 multa
2281 4064 2563 4126 sunt,qure
2591 4057 2708 4112 siue
2739 4056 2952 4126 scriptis
2979 4057 3036 4111 in
3058 4057 3328 4120 republica
3349 4059 3658 4116 Christiana

2097 4157 2381 4202 versantur
2405 4188 2420 4213 ,
2454 4165 2571 4218 qum
2601 4150 2818 4219 quidem
2849 4154 3185 4206 cnumcravit
3208 4193 3224 4214 ,
3258 4168 3378 4209 cum
3412 4155 3534 4210 aliis
3559 4155 3663 4211 hoc

2097 4256 2309 4310 quoque
2341 4241 2713 4298 admittamus.
2748 4242 2950 4298 Deinde
2979 4245 3214 4299 ostendit
3259 4246 3400 4315 quod
3429 4257 3511 4302 est
3536 4263 3664 4316 apo-

2095 4332 2341 4385 stolicum
2369 4347 2586 4389 servare
2620 4335 2760 4400 quod
2788 4333 3041 4388 traditqu
3077 4345 3156 4389 est
3181 4374 3195 4398 ,
3228 4344 3283 4390 et
3310 4335 3462 4403 punit
3498 4337 3660 4392 etiam

2094 4423 2209 4491 ipsa
2240 4425 2404 4479 verba
2437 4425 2698 4495 Apostoli,
2734 4437 2788 4480 et
2812 4427 2963 4492 dicit,
2992 4427 3131 4496 quod
3174 4429 3286 4484 haec
3310 4445 3527 4499 quoque
3557 4446 3661 4484 una

2093 4523 2176 4569 est
2209 4514 2579 4580 traditiouum,
2615 4516 2820 4571 scilicet
2842 4519 2906 4571 de
2938 4526 3130 4574 saneto
3158 4519 3387 4588 Spiritu,
3413 4535 3572 4589 quam
3608 4523 3661 4574 in

2095 4604 2348 4661 Ecclesiis
2381 4607 2516 4661 actis
2551 4606 2844 4672 radicibus,
2877 4606 3088 4661 ﬁrmam
3132 4608 3489 4677 stabilemque
3520 4609 3665 4664 fece-
3774 4627 3780 4633 ·

2106 4707 2233 4752 runt
2271 4709 2323 4753 et
2357 4699 2718 4753 tradiderunt.
2744 4698 3202 4764 Quemadmodum
3250 4700 3394 4754 enim
3433 4699 3663 4763 plantat,

410 4808 444 4858 γ
460 4800 519 4862 χρ
544 4794 608 4844 τὰ
629 4792 1110 4865 καταρῥιζωθέντα
1130 4792 1236 4846 τῶν
1259 4790 1441 4860 φυτῶν
1464 4793 1526 4845 οὐ
1551 4793 1680 4862 ῥᾷον
1702 4792 1990 4846 ἀποσπῶνο

2095 4804 2216 4859 quae
2252 4788 2462 4843 radices
2487 4798 2732 4858 egerunt,
2763 4805 2791 4842 a
2834 4798 2973 4844 terra
3017 4805 3122 4843 non
3154 4788 3313 4845 facile
3343 4791 3663 4845 evelluntur:

409 4896 499 4931 ται
530 4880 628 4948 τῆξ
655 4881 758 4949 γῆς
791 4897 805 4913 ο
839 4881 978 4934 οὕτω
1008 4880 1104 4934 καὶ
1141 4880 1303 4934 τοῦτο
1332 4883 1392 4935 οὐ
1424 4881 1623 4954 ῥᾳδίως
1652 4881 1988 4936 ἀποϐαλοῦν-

404 4986 498 5021 ται
535 4970 591 5022 αἱ
636 4968 979 5041 Ἐκκλησὶας,
1004 4969 1124 5023 οὐδὲ
1158 4969 1549 5039 προδώσουσιν.
1598 4971 1899 5041 Ἐπιχειρεῖ
1928 4970 1986 5025 δὲ

406 5059 494 5112 ἔτι
543 5060 740 5128 λέγων,
786 5063 871 5115 ὅτι
920 5062 969 5115 εἰ
1008 5061 1335 5133 δικαστήρια
1380 5064 1487 5135 ἄρα
1537 5066 1986 5135 συνεστησάμεθα

411 5152 546 5222 παρ’
568 5154 720 5222 ἡμῖν,
752 5156 848 5207 καὶ
868 5155 968 5207 οὑκ
995 5155 1332 5225 εὐποροῦμεν
1356 5156 1449 5210 ἐπὶ
1474 5159 1585 5221 τοῖς
1614 5160 1990 5229 εἰσαγομένοις

409 5242 707 5311 ἐγγράφων
742 5242 1070 5307 ἀποδείξεων
1091 5282 1107 5306 ,
1141 5246 1564 5316 παρεστήσαμεν
1597 5246 1654 5299 δὲ
1687 5248 1814 5318 ὑμῖν
1856 5248 1995 5318 μάρ-

412 5348 606 5402 τυρας,
637 5333 736 5385 οὐκ
759 5332 824 5386 ἂν
852 5332 941 5387 διὰ
966 5335 1066 5403 τῆς
1090 5334 1202 5389 τῶν
1226 5335 1520 5405 μαρτύρων
1540 5337 1723 5406 φωνῆς
1745 5338 1996 5392 ἐδικαιώ-

413 5424 626 5492 θημενς
668 5424 893 5490 Ἐπάγει
923 5424 979 5478 δὲ
1008 5426 1086 5489 εἰς
1116 5427 1462 5494 κατασκευὴν
1483 5425 1578 5480 τοῦ
1602 5427 1805 5481 οἰκείου
1834 5429 1992 5496 λόγου

413 5516 512 5568 καὶ
563 5515 893 5583 εὐαγγελικά
942 5516 1181 5585 ῥήματα.
1231 5517 1396 5571 Ἀλλά
1430 5520 1477 5571 εἰ
1522 5520 1618 5571 καὶ
1660 5519 1993 5590 προεϐαλλό-

413 5605 579 5676 μεθα,
612 5609 797 5675 φησιν,
824 5606 913 5659 τὸν
946 5607 1109 5660 πολὺν
1139 5607 1349 5678 χρόνον,
1373 5609 1448 5673 ὡς
1469 5609 1555 5662 διὰ
1581 5610 1772 5663 τούτου
1798 5612 1994 5665 νικῶν-

410 5716 504 5759 τες
544 5698 633 5752 τὸν
662 5698 960 5763 ἀντίδικον,
999 5696 1085 5753 οἷα
1113 5702 1174 5753 τὸ
1212 5701 1578 5772 ἐκνικώμενον
1618 5705 1747 5772 παρ’
1781 5704 1991 5759 ἐκείνου

488 5818 502 5848 ⁸
545 5818 667 5875 Job.
710 5835 829 5883 vttt,
864 5821 916 5876 9.
999 5826 1018 5859 ⁸
1053 5821 1067 5875 1
1105 5822 1226 5875 Cor.
1271 5839 1343 5887 xt,
1375 5826 1429 5877 σι.
1510 5826 1530 5855 ³
1560 5822 1598 5878 ΙΙ
1630 5823 1826 5880 Thess.
1855 5841 1912 5891 tt,
1949 5828 2035 5882 14.

2103 4882 2174 4935 ita
2207 4890 2261 4936 et
2290 4882 2391 4936 hoc
2411 4895 2519 4935 non
2546 4880 2702 4937 facile
2733 4882 2981 4937 amittent
3011 4898 3112 4937 nec
3142 4882 3663 4950 prodentEcclesim.

2102 4972 2364 5029 Praeterea
2397 4982 2577 5028 autem
2602 4982 3027 5041 argumentatur,
3051 4974 3235 5028 dicens
3267 4989 3282 5026 :
3325 4972 3382 5026 Si
3432 4973 3485 5027 in
3522 4972 3667 5042 judi-

2098 5066 2245 5119 cium
2271 5064 2411 5123 i‘orte
2436 5080 2464 5116 a
2490 5064 2639 5119 vobis
2670 5065 2883 5119 adducti
2921 5078 3161 5119 essemus
3189 5104 3202 5129 ,
3260 5078 3357 5119 nec
3410 5066 3671 5135 adversus

2096 5172 2183 5220 ea,
2214 5171 2333 5225 quae
2365 5157 2795 5221 interi-terentur,
2827 5165 2972 5211 esset
2996 5155 3149 5209 nobis
3172 5157 3495 5225 scriptarum
3544 5170 3668 5225 pro-

2099 5247 2376 5302 batiouum
2424 5247 2612 5317 copia,
2665 5247 2759 5303 sed
2804 5257 2966 5303 testes
3010 5248 3163 5304 vobis
3205 5248 3666 5318 produceremus:

2103 5338 2264 5410 150
2294 5354 2360 5392 an
2393 5355 2497 5394 non
2522 5355 2616 5408 per
2648 5342 2861 5394 testium
2886 5355 3074 5396 vocem
3108 5340 3556 5396 absolveremur?
3591 5342 3668 5395 Ad

2098 5433 2183 5486 sui
2223 5440 2400 5486 autem
2435 5432 2563 5485 dicti
2590 5432 2981 5501 probationem,
3015 5431 3178 5487 verba
3205 5446 3416 5504 quoque
3441 5447 3664 5504 evange-

2099 5522 2201 5576 lica
2229 5523 2471 5578 adducit.
2511 5523 2619 5578 Sed
2650 5524 2752 5579 etsi
2790 5518 3031 5594 longum,
3065 5525 3280 5594 inquit,
3312 5536 3522 5596 tempus
3548 5539 3672 5595 pro-

2101 5630 2445 5685 poneretnus,
2473 5625 2658 5683 utpote
2678 5632 2744 5673 eo
2772 5619 3049 5674 vincentes
3077 5618 3470 5685 adversarium,
3497 5628 3555 5672 ttt
3581 5618 3671 5685 qui

2104 5712 2246 5779 quod
2281 5713 2344 5764 ab
2380 5727 2443 5766 eo
2462 5711 2763 5767 vindicatur
2792 5712 2948 5781 longe
2976 5724 3217 5782 tempore
3250 5712 3672 5783 possederimus,
