4008 6388
303 384 406 449 857

1036 384 1118 443 IN
1162 383 1408 445 EPIST.
1443 384 1507 446 S.
1541 382 1924 444 GREGORII
1961 382 2288 443 NYSSENI
2334 384 2432 444 AD
2475 384 2847 446 LETOIUM.

3476 377 3583 443 853

308 500 492 572 χάριτι
539 496 651 554 τῶν
701 498 1088 569 μολυσμάτων,
1119 497 1155 553 ἃ
1199 498 1288 554 διὰ
1334 497 1436 566 τῆς
1488 497 1689 561 κακίας
1732 494 1922 565 αύτῷι

2030 496 2266 552 dducere
2292 509 2544 566 oportere
2562 498 2795 555 Pascha;
2823 506 3064 566 tempore
3089 536 3105 561 ,
3162 496 3255 552 sed
3299 511 3392 552 eos
3416 497 3580 550 etiam

309 590 768 663 προσετρίδησαν.
812 592 886 644 Ού
919 591 1141 654 τούτους
1176 589 1271 644 οῦν
1304 589 1487 660 μόνον,
1547 587 1702 658 φησι,
1727 601 1895 655 προσ-

315 683 470 750 ἀγειν
498 680 676 751 χρεὼν
695 681 836 733 κατὰ
871 679 965 732 τὸν
992 679 1086 734 τοῦ
1132 680 1327 749 Πάσχα
1379 677 1590 749 καιρὸν,
1633 677 1770 732 ἀλλὰ
1800 676 1896 728 καὶ

310 774 437 837 τοὺς
477 770 869 845 μετανοοῦντας
906 775 1003 826 καὶ
1023 775 1086 827 ὲκ
1127 772 1238 825 τῶν
1262 771 1473 842 νεκρῶν
1511 770 1689 841 ἔργων
1722 772 1895 822 επαν-

316 867 494 927 ιόντας
552 867 640 927 είς
690 866 788 933 τὴν
838 864 1022 928 ζῶσαν
1060 864 1202 918 ὀδόν.
1252 862 1424 917 Τοῦτο
1457 862 1513 916 δὲ
1554 863 1611 915 ὲν
1655 863 1723 931 τῇ
1758 859 1896 930 πρὸς

326 957 613 1026 Ἐϐραίους
660 956 960 1026 Ἐπιστολῇ
986 955 1062 1025 τῷ
1111 954 1334 1026 μεγάλῳ
1395 955 1612 1026 εῖρηται
1673 951 1892 1018 Παύλῳ,

314 1049 484 1116 νεκρά
538 1047 830 1102 καλέσαντι
889 1046 1050 1116 ἔργα,
1103 1044 1173 1107 τὰ
1223 1044 1494 1108 δυσωδίας
1561 1044 1661 1115 τὴν
1714 1044 1894 1114 ψυχὴν

316 1140 627 1210 πληροῦντα
660 1142 754 1191 καὶ
781 1140 929 1208 ἡμᾶς
959 1139 1304 1207 ἀκαθάρτους
1336 1136 1617 1193 ποιοῦντα.
1666 1135 1752 1199 Ὠς
1783 1136 1895 1204 γὰρ

315 1233 468 1301 παρὰ
498 1228 573 1299 τῷ
620 1230 772 1299 νόμῳ
810 1230 887 1298 τῷ
936 1229 1152 1299 παλαιῷ
1182 1230 1209 1280 ὀ
1234 1228 1328 1281 τοῦ
1380 1227 1575 1297 νεκροῦ
1613 1227 1896 1296 άψάμενος

318 1322 627 1391 ἀκάθαρτος
652 1322 957 1390 ἐνομίζετο,
991 1323 1134 1376 οὕτω
1162 1324 1255 1375 καὶ
1281 1325 1308 1376 ὁ
1331 1322 1441 1377 τῶν
1480 1321 1691 1392 νεκρῶν
1719 1320 1896 1390 ἔργων

319 1416 627 1482 ἁπτόμενος
671 1413 984 1483 ἀκάθαρτος
1045 1413 1293 1484 κρίνεται
1338 1413 1416 1482 τῷ
1455 1411 1897 1483 Θεῷ,οκαθαιρό-

324 1521 481 1575 μενος
532 1504 589 1557 δὲ
619 1503 702 1556 διὰ
745 1505 842 1571 τῆς
892 1503 1184 1574 μετανοίας
1212 1503 1506 1557 ’ἐπάνεισιν
1531 1504 1610 1565 είς
1639 1502 1754 1555 ὁδὸν
1796 1502 1900 1564 ζῶε

324 1620 421 1655 σαν
449 1616 462 1630 ·
492 1603 524 1669 ἠ
570 1601 711 1667 πρὸς
754 1599 888 1659 Θεὸν
920 1598 1129 1665 ἄγουσα
1159 1597 1216 1650 δέ
1253 1598 1401 1653 ἐστιν
1440 1597 1472 1665 ἡ
1517 1596 1667 1657 ζῶσα
1696 1595 1835 1660 ὁδὸς,
1863 1597 1896 1666 ἡ

323 1695 421 1761 τὴν
454 1692 600 1761 ζωὴν
645 1692 779 1760 ἡμῖν
828 1689 1169 1759 προξενοῦσα
1205 1688 1305 1753 τὴν
1360 1688 1685 1757 μέλλουσαν,
1726 1689 1759 1756 ἡ
1790 1686 1899 1740 τῶν

1998 590 2087 659 qui
2116 600 2284 661 agunt
2310 591 2707 659 pmuitentiam,
2741 600 2798 647 et
2847 606 2878 645 ιι
2934 591 3164 645 mortuis
3212 591 3468 658 operibus
3515 588 3582 642 ad

1995 682 2139 737 viam
2164 684 2431 739 viventem
2464 684 2783 739 ascendunt.
2823 684 2940 739 Hoc
2965 688 3145 739 autem
3175 683 3227 737 in
3254 680 3493 750 Epistola
3517 680 3582 732 ad

1995 774 2251 830 Hebraeos
2286 791 2315 829 a
2363 791 2558 845 magno
2603 774 2772 831 Paulo
2803 775 3003 831 dictum
3060 784 3165 838 est,
3220 774 3312 842 qui
3373 781 3582 826 mortua

1997 867 2216 921 vocavit
2247 881 2433 937 opera,
2468 881 2589 936 quae
2627 866 2863 921 animam
2904 866 3044 922 man
3073 867 3240 921 odore
3276 863 3505 933 replent,
3531 873 3585 917 et

1996 974 2101 1014 nos
2125 959 2432 1014 immundos
2492 957 2753 1013 efficiunt.
2814 958 3280 1024 Quemadmodum
3333 957 3475 1009 enim
3532 954 3586 1009 in

1996 1054 2114 1122 lege
2144 1053 2388 1122 antiqua,
2415 1052 2505 1122 qui
2545 1061 2816 1106 mortuum
2848 1050 3025 1119 tetigit
3056 1048 3369 1103 immundus
3396 1045 3589 1101 existi-

1999 1143 2249 1199 mabatur
2286 1160 2299 1196 :
2339 1143 2413 1197 ita
2447 1152 2501 1198 et
2533 1143 2624 1212 qui
2649 1153 2860 1197 mortua
2900 1141 3076 1209 tangit
3132 1154 3293 1208 opera
3352 1138 3589 1192 imitmu-

1998 1236 2096 1291 dus
2115 1251 2143 1289 a
2180 1236 2287 1290 Deo
2306 1235 2581 1304 judicatus
2607 1244 2712 1299 est,
2734 1248 2830 1304 per
2860 1231 3233 1301 paenitentiam
3262 1238 3440 1283 autem
3458 1241 3590 1298 pur-

1998 1336 2156 1397 gatus
2186 1329 2253 1381 ad
2289 1326 2430 1381 viam
2464 1327 2735 1380 viventem
2769 1324 3081 1379 revertitur.
3116 1322 3249 1387 Quat
3300 1328 3481 1373 autem
3514 1316 3581 1370 ad

2000 1419 2172 1475 Deum
2206 1420 2375 1485 ducit,
2415 1431 2500 1473 est
2541 1433 2604 1472 ea
2638 1417 2725 1471 via
2758 1418 2969 1479 vivens,
3003 1429 3123 1481 quas
3156 1412 3403 1467 futuram
3437 1407 3593 1465 nobis

1999 1515 2163 1569 vitam
2193 1511 2464 1576 conciliat,
2500 1524 2620 1576 quae
2651 1526 2678 1561 a
2714 1507 2942 1562 mortuis
2992 1505 3244 1573 operibus
3282 1543 3295 1567 ,
3333 1517 3427 1556 seu
3473 1515 3593 1567 qua:

2002 1618 2099 1659 nos
2158 1601 2533 1663 mortificaut‘,
2598 1607 2852 1667 separat,
2923 1611 3043 1665 quae
3107 1612 3132 1645 a
3199 1599 3454 1647 servante
3497 1604 3593 1657 spe

2004 1711 2099 1749 nos
2134 1694 2487 1767 abalienarit,
2545 1693 2647 1744 hoc
2685 1700 2769 1744 est
2794 1729 2810 1754 ,
2858 1703 2885 1740 a
2946 1702 3114 1756 regno
3148 1686 3279 1746 Dei,
3314 1684 3454 1753 quod
3486 1722 3500 1746 ,
3548 1681 3594 1735 si

325 1784 592 1855 νεκρῶνῆ
646 1784 741 1836 καὶ
776 1781 1114 1852 νεκρούντων
1154 1782 1305 1850 ἡμᾶς
1348 1779 1659 1850 χωρίζουσα
1698 1779 1897 1850 ἔργων,

2024 1794 2272 1852 μνονειιιτ,
2328 1793 2507 1839 servat
2558 1796 2656 1835 eos
2735 1781 2825 1849 qui
2900 1786 3142 1846 sperant,
3194 1785 3248 1829 ct
3299 1773 3593 1829 secundum

328 1878 432 1929 τῶν
463 1875 867 1941 ἀποξενούντων
899 1875 1001 1942 τῆς
1043 1870 1325 1941 σωζούσης
1374 1871 1610 1934 ἐλπίδος,
1653 1870 1900 1923 τουτέστι

306 1972 423 2043 Βτῆς
452 1970 727 2040 βασιλείας
757 1969 850 2022 τοῦ
882 1967 1043 2032 Θεοῦ,
1072 1968 1195 2037 ἦτις
1219 1965 1552 2035 ἐλπιζομένη
1584 1961 1749 2028 σώζει
1774 1964 1903 2027 τοὺς

328 2064 501 2117 ταῦτα
552 2060 892 2125 ἐλπίζοντας,
949 2055 1201 2129 βιοῦντας
1261 2056 1406 2110 κατὰ
1455 2055 1556 2118 τὰς
1614 2054 1708 2107 τοῦ
1765 2051 1902 2105 Θεοῦ

331 2159 576 2220 ἐντολὰς.
632 2153 722 2208 ἵνα
780 2152 991 2221 ταύτης
1051 2148 1128 2221 μὴ
1179 2149 1568 2220 ἀποτύχωμεν.
1624 2146 1779 2199 Ἔστι
1827 2143 1902 2208 δὲ,

334 2251 518 2319 φησιν,
559 2250 619 2301 ού
652 2247 849 2317 μικρὸν
892 2245 1056 2314 ἔργον
1104 2244 1165 2296 τὸ
1213 2241 1573 2317 οἰκονομῆσαι
1619 2240 1749 2301 τοὺς
1778 2237 1908 2305 περὶ

335 2342 537 2396 τούτων
594 2342 812 2410 λόγους,
863 2327 1108 2408 δηλονότι
1174 2335 1285 2389 τῶν
1345 2333 1794 2405 μετανοούντων,
1852 2331 1909 2382 ὲν

336 2435 465 2504 ὀρθῇ
493 2435 695 2502 κρίσει,
735 2432 874 2488 κατὰ
911 2432 1001 2485 τὸν
1034 2429 1201 2483 Δαϐὶδ
1242 2429 1469 2497 λέγοντα
1520 2427 1649 2495 περὶ
1681 2421 1774 2477 τοῦ
1808 2440 1908 2490 φο-

335 2527 599 2580 6ουιιένου
645 2526 734 2576 τὸν
791 2523 1022 2592 Κύριον,
1056 2519 1458 2588 Οἰκονομήσει
1509 2519 1651 2585 τοὺς
1688 2520 1911 2585 λόγους

336 2617 521 2672 αὐτοῦ
571 2618 641 2672 ἐν
690 2619 906 2685 κρίσει,
957 2616 1054 2669 καὶ
1105 2615 1172 2668 τὰ
1216 2616 1365 2682 ἑξῆς.
1416 2613 1526 2665 Καί
1585 2628 1751 2681 φησιν
1807 2610 1912 2671 ὅτι,

337 2711 521 2780 ῶσπερ
552 2713 664 2771 τοῖς
694 2710 802 2762 τῶν
835 2711 1104 2777 σωμάτων
1136 2706 1500 2775 θεραπευταῖς
1522 2701 1603 2763 εἷς
1632 2702 1733 2772 μέν
1763 2702 1913 2753 ἐστιν

336 2805 366 2858 ὁ
396 2802 615 2867 σκοπὸς,
643 2799 709 2856 ἑκ
748 2800 846 2871 τῆς
889 2800 1143 2870 ἰατρικῆς
1190 2800 1386 2867 τέχνης
1437 2798 1498 2849 τὸ
1541 2795 1796 2848 ίάσασθαι
1824 2793 1916 2848 τὸν

341 2895 747 2966 ἀρρωστοῦντα,
767 2897 801 2965 ἡ
827 2894 883 2947 δὲ
920 2893 1289 2962 μεταχείρισις
1335 2890 1433 2959 οὐχ
1458 2888 1621 2947 ὁμοία
1652 2887 1746 2941 ἐπὶ
1783 2886 1917 2941 πᾶσι

342 2986 454 3046 τοῖς
486 2981 821 3043 ἀσθενοῦσιν,
859 2982 995 3035 ἀλλὰ
1036 2982 1179 3033 κατὰ
1224 2980 1325 3041 τάς
1377 2978 1644 3047 διαφορὰς
1693 2975 1804 3029 τῶν
1833 2992 1920 3030 νο-

346 3074 585 3128 σούντων
637 3072 906 3144 σωμάτων
948 3072 1227 3124 ποιοῦνται
1270 3069 1370 3141 τὴν
1417 3068 1777 3138 ἐπιμέλειαν,
1825 3065 1921 3120 καὶ

2006 1878 2100 1933 Dei
2156 1878 2408 1932 mandata
2467 1876 2677 1939 vivunt,
2715 1890 2781 1926 uc.
2833 1873 2899 1927 ab
2937 1886 3003 1926 eo
3052 1870 3393 1924 excitlatmts.

2006 1972 2103 2027 Est
2137 1980 2336 2033 autem,
2368 1967 2561 2037 inquit,
2592 1982 2696 2020 non
2734 1980 2954 2032 parvum
2989 1977 3125 2031 opus
3163 1976 3249 2020 ca.
3273 1975 3393 2028 qua:
3428 1960 3494 2012 de
3531 1957 3597 2009 iis

2006 2063 2262 2121 discenda
2292 2072 2441 2126 sunt,
2470 2062 2537 2114 de
2565 2060 2632 2113 iis
2665 2058 2875 2113 scilicet
2901 2056 2985 2123 qui
3013 2054 3387 2124 poetiitentiam
3408 2058 3594 2131 agunt.

2009 2157 2322 2225 dispensare
2388 2153 2439 2204 in
2494 2162 2642 2208 recto
2696 2150 2932 2216 judicio;
2990 2157 3047 2200 ut
3090 2147 3205 2199 vult
3265 2141 3454 2206 David,
3498 2140 3588 2209 qui

2008 2248 2143 2304 dicit
2169 2250 2231 2301 de
2262 2261 2326 2303 eo
2356 2243 2444 2313 qui
2478 2244 2628 2296 timet
2662 2241 2982 2303 Dominum;
3025 2235 3357 2306 Dispenrabit
3401 2246 3600 2286 sermo-

2011 2359 2100 2397 nes
2141 2357 2264 2396 suos
2307 2341 2363 2393 in
2385 2338 2589 2409 judicio
2613 2338 2653 2398 ',
2689 2345 2744 2389 et
2768 2345 2981 2391 cratera.
3014 2331 3077 2384 Et
3111 2329 3258 2392 dicit,
3287 2332 3427 2394 quod
3459 2326 3601 2380 sicut

2012 2448 2298 2503 corporum
2331 2431 2554 2485 medicis
2584 2444 2750 2483 unum
2793 2437 2875 2480 est
2897 2425 3200 2478 institutum
3227 2431 3313 2484 ,ut
3343 2428 3459 2471 arte
3491 2431 3603 2468 me-

2015 2526 2132 2587 dica
2164 2525 2211 2580 ei
2241 2524 2337 2592 qui
2373 2523 2585 2577 laborat
2620 2519 2956 2584 medeantur;
2997 2530 3100 2569 non
3126 2522 3208 2569 est
3243 2522 3420 2565 autem
3446 2508 3600 2562 simi—

2017 2615 2082 2670 lis
2122 2614 2174 2666 in
2208 2611 2460 2667 Omnibus
2505 2611 2592 2678 qui
2630 2615 2892 2677 mgrotant
2932 2602 3155 2659 curandi
3191 2602 3346 2664 ratio,
3384 2598 3479 2652 sed
3504 2610 3603 2663 pro

2017 2705 2392 2776 argrotantium
2454 2702 2771 2756 diversitate
2824 2712 3013 2751 eorum
3074 2710 3258 2749 curam
3303 2698 3518 2758 gerunt,
3551 2697 3605 2741 et

2018 2806 2234 2852 aetatum
2273 2803 2328 2848 et
2357 2805 2642 2861 corporum
2674 2788 3028 2858 proprietates
3062 2785 3421 2849 liorarutnque
3450 2788 3503 2832 et
3531 2777 3608 2829 lo-

2021 2902 2209 2944 corum
2255 2883 2591 2939 differentias
2646 2882 3027 2935 observantes:
3061 2877 3133 2930 ita
3187 2874 3351 2926 etiam
3394 2877 3604 2940 oportet

2021 2994 2169 3044 eum,
2197 2978 2289 3046 qui
2342 2978 2538 3028 animm
2581 2971 2786 3027 morbis
2837 2969 3105 3030 medetur,
3146 2977 3376 3034 quorum
3422 2959 3610 3014 multi.

2026 3069 2147 3137 plex
2185 3077 2270 3124 est
2297 3065 2552 3127 varietas,
2582 3060 2931 3129 multiplicem
2967 3070 3181 3127 quoque
3210 3051 3470 3113 medelam
3507 3049 3606 3102 ad-

343 3165 575 3232 ἠλικιῶν
607 3166 702 3219 καὶ
724 3141 1009 3232 σωμάτων
1046 3163 1318 3233 ἰδιότητας
1349 3161 1446 3216 καὶ
1471 3164 1615 3232 ὀρῶν
1668 3160 1767 3214 καὶ
1811 3177 1921 3229 χωο

2025 3159 2233 3224 hibere,
2262 3166 2316 3211 et
2341 3155 2650 3209 morborum
2678 3166 2875 3206 causas
2898 3150 3297 3206 observantem,
3328 3153 3382 3195 et
3416 3141 3607 3192 unius-

345 3255 456 3325 ρῶν
496 3252 975 3324 παρατηρούμενοι
1024 3253 1310 3323 διαφορὰς,
1344 3250 1487 3305 οὕτω
1526 3250 1633 3321 χρὴ
1686 3249 1784 3302 καὶ
1826 3247 1920 3302 τὸν

346 3345 721 3417 θεραπεύοντα
768 3346 1052 3413 νοσήματα
1103 3343 1333 3415 ψυχικὰ,
1388 3338 1465 3399 ὧν
1519 3343 1690 3415 πολλή
1745 3361 1829 3406 τις
1888 3343 1922 3411 ἡ

346 3438 589 3493 ποικιλία
635 3438 775 3503 ἐστὶ,
821 3438 1074 3503 πολυειδῇ
1106 3437 1198 3490 καὶ
1241 3424 1340 3507 τὴν
1402 3436 1701 3505 θεραπείαν
1748 3452 1915 3506 προσ-

350 3530 529 3599 άγειν.
577 3532 670 3585 καὶ
718 3533 785 3585 τὰ
809 3529 959 3585 αἴτια
1002 3528 1112 3583 τῶν
1164 3529 1354 3583 παθῶν
1412 3529 1924 3600 παρατηρούμενον,

354 3628 442 3676 καὶ
471 3625 571 3695 τὴν
605 3623 838 3677 ἑκάστου
877 3623 985 3676 τῶν
1035 3621 1448 3689 μετανοούντων
1493 3619 1760 3677 διάθεσιν.
1803 3619 1931 3673 Ἐπὶ

353 3717 560 3781 τούτοις
622 3716 879 3788 τεχνικὴν
924 3717 1160 3769 ποιεῖται
1199 3714 1298 3785 τὴν
1351 3714 1480 3784 περὶ⁵
1527 3712 1636 3766 τῶν
1684 3713 1932 3781 ἁμαρτα-

352 3811 551 3864 νόντων
605 3807 980 3872 διδασκαλίαν,
1027 3808 1124 3861 καί
1171 3823 1308 3877 φησι
1356 3806 1487 3876 τρία
1518 3800 1660 3859 εῖναι
1698 3804 1768 3858 τὰ
1801 3803 1932 3873 περὶ

357 3901 455 3975 τὴν
485 3900 662 3970 ψυχὴν
692 3899 851 3968 ἡμῶν
899 3897 1274 3969 θεωρούμενα,
1313 3897 1375 3950 τὸ
1430 3896 1671 3965 λογικὸν,
1708 3896 1768 3948 τδ
1811 3895 1932 3947 ὲπι-

360 3994 683 4065 θυμητικὸν,
707 3994 804 4047 καὶ
822 3992 883 4045 τὸ
907 3989 1215 4060 θυμοειδὲς,
1243 3989 1279 4044 ἆ
1298 3990 1391 4044 καὶ
1416 3989 1675 4057 δυνάμεις
1703 3986 1935 4058 ψυχικαὶ

358 4089 453 4140 καὶ
484 4084 747 4156 ἰδιότητες
798 4083 1160 4152 ὀνομάζονται
1185 4099 1198 4115 ο
1241 4081 1339 4135 καλ⁸
1369 4083 1432 4134 ὲκ
1459 4080 1669 4133 τούτων
1700 4077 1935 4148 φύεσθαι

354 4181 505 4250 λέγει
548 4179 618 4231 τά
666 4174 1092 4247 κατορθώματα,
1143 4175 1315 4245 ῆγουν
1358 4174 1456 4237 τὰς
1487 4171 1711 4242 ἀρετὰς,
1739 4171 1937 4225 καὶτὰ

359 4270 654 4340 πτώματα,
681 4268 852 4340 ἦγουν
884 4266 954 4322 τὰ
995 4265 1394 4339 ἁμαρτήματα.
1443 4265 1552 4317 Καὶ
1582 4262 1667 4316 δεῖ
1707 4263 1801 4316 τὸν
1847 4262 1937 4316 θε-

366 4363 645 4432 ραπευτὴν
715 4361 827 4413 τῶν
877 4360 1128 4430 ψυχικῶν
1187 4357 1532 4425 παθημάτων
1594 4356 1822 4409 σκοπεῖν
1875 4357 1942 4407 ἐκ

361 4456 508 4519 τίνος
565 4453 677 4507 τῶν
723 4436 973 4523 ψυχικῶν
1024 4451 1315 4518 δυνάμεων
1372 4449 1612 4519 συνέστη
1664 4448 1727 4502 τὸ
1760 4446 1945 4518 ἀμάρ-

363 4562 537 4615 τημα,
570 4546 666 4600 καὶ
709 4543 855 4597 οὕτω
886 4543 1190 4615 προσάγειν
1242 4539 1318 4611 τῷ
1363 4539 1793 4611 θεραπευομένῳ
1842 4537 1943 4607 τὴν

366 4636 668 4707 θεραπείαν
720 4633 1061 4704 κατάλληλον
1112 4631 1206 4686 καὶ
1248 4631 1464 4685 οίκείαν
1520 4632 1597 4700 τῷ
1639 4628 1825 4693 πάθει,
1855 4628 1946 4683 ῖνα

369 4731 446 4802 μὴ
478 4726 537 4793 te
570 4727 831 4797 ἀπειρίας
856 4725 986 4778 ἄλλο
1018 4723 1121 4794 μὲν
1237 4723 1299 4775 τὸ
1340 4723 1572 4791 πάσχον,
1607 4720 1737 4774 ἄλλο
1785 4719 1844 4773 δὲ
1885 4720 1947 4772 τὸ

373 4818 793 4890 ίατρευόμενον’
835 4818 869 4887 ἢ
920 4817 1015 4871 καὶ
1067 4814 1243 4876 άλλως
1289 4814 1409 4867 δέον
1453 4809 1948 4883 μεταχειρίσασθαι

371 4913 434 4967 τὸ
479 4910 714 4981 ψυχικὸν
762 4908 1148 4980 ἀρρώστημα,
1203 4909 1231 4958 ὁ
1270 4905 1329 4959 δὲ
1370 4906 1574 4976 ἑτέρως
1616 4902 1748 4957 αὐτὸ
1791 4902 1953 4971 θερα-

376 5000 565 5065 πεύειν
619 5001 915 5071 ἐπιχειρῇ⁸
980 4999 1158 5069 ὅπερ,
1223 4996 1391 5067 φησι,
1453 4996 1550 5049 καὶ⁸
1617 4995 1667 5047 οί
1736 4994 1953 5062 ἄτεχνοι

375 5093 593 5147 ποιοῦσι
646 5092 756 5145 τῶν
809 5088 1034 5162 ίατρῶν,
1082 5088 1180 5142 καί
1241 5104 1384 5149 τινος
1439 5086 1748 5153 πάσχοντος
1804 5082 1951 5138 κατὰ

376 5184 585 5257 θερμοῦ
633 5182 1009 5253 πλεονασμὸν,
1041 5181 1162 5234 δέον
1215 5180 1608 5251 προσενεγκεῖν
1655 5175 1806 5245 αὐτῷ
1850 5177 1953 5244 diu-

377 5278 613 5350 χρότερά
662 5293 803 5344 τινα,
843 5280 894 5330 εί
938 5275 1363 5347 προσενέγκοιεν
1416 5272 1619 5341 μᾶλλον
1664 5269 1959 5340 ἀπερισκέ-

2027 3251 2293 3321 cujusque
2321 3244 2693 3317 paenitentiam
2722 3241 2995 3312 agentium
3018 3235 3379 3291 affectionem.
3411 3232 3604 3283 Postea

2033 3344 2195 3397 tradit
2242 3338 2588 3393 artiﬁciosam
2632 3343 2974 3402 peccatorum
3024 3328 3349 3387 doctrinam,
3375 3334 3429 3378 et
3476 3322 3609 3376 dicit

2028 3447 2153 3487 esse
2195 3429 2298 3484 tria
2328 3440 2448 3496 quae
2483 3425 2738 3478 inanima
2763 3431 2946 3476 nostra
2980 3418 3412 3473 considerantur.
3445 3413 3610 3467 ratio-

2032 3543 2176 3585 nem.
2212 3520 2701 3589 concupiscentiam
2730 3527 2784 3569 ct
2806 3517 3102 3581 iram,quae
3133 3509 3292 3565 etiam
3324 3505 3518 3557 anima:
3536 3496 3619 3554 fa!

2032 3615 2260 3670 cultates
2274 3623 2327 3666 et
2345 3611 2701 3680 proprietates
2719 3604 3088 3673 appellantur:
3115 3607 3166 3653 et
3185 3611 3246 3650 ex
3276 3595 3341 3649 iis
3355 3592 3485 3647 dicit
3514 3605 3614 3643 ex-

2034 3708 2230 3762 sistere
2259 3713 2402 3757 recte
2424 3701 2560 3756 facta
2584 3714 2676 3754 seu
2702 3698 3037 3771 virtutes,.et
3066 3703 3224 3743 casus
3252 3701 3345 3742 seu
3366 3693 3609 3752 peccata.

1997 3802 2007 3815 ‘
2036 3800 2102 3854 Et
2126 3797 2548 3865 oportetanimae
2579 3789 2921 3852 adfectionum
2957 3778 3612 3836 medicumconsiderare,

2037 3908 2099 3945 ex
2132 3903 2360 3958 quanam
2390 3887 2582 3938 anima:
2612 3881 2928 3937 facultatum
2949 3873 3199 3929 consistit
3223 3877 3528 3940 peccatum,
3559 3872 3615 3915 et

2038 3983 2108 4036 ita
2127 3956 2172 4035 ei
2201 3980 2287 4049 qui
2318 3987 2540 4035 sanatur
2568 3972 2971 4028 convenientem
3008 3963 3263 4020 adhibere
3294 3956 3614 4012 medicinam

2039 4083 2092 4127 et
2112 4046 2381 4127 affectioni
2401 4066 2723 4136 appositam,
2752 4078 2817 4116 ne
2843 4076 2908 4116 ex
2935 4055 3201 4126 imperitia
3230 4050 3374 4105 aliud
3397 4046 3614 4116 quidem

2041 4167 2115 4220 sit
2136 4163 2277 4232 quod
2302 4161 2532 4223 laboret,
2553 4156 2694 4210 aliud
2713 4155 2799 4208 cui
2823 4149 3085 4202 medicina
3104 4138 3531 4215 appliceturmcl,
3548 4137 3622 4189 sit

2040 4258 2202 4311 etiam
2225 4256 2441 4307 morbus
2459 4248 2650 4305 anima:
2668 4245 2756 4314 qui
2778 4244 2933 4298 aliter
2952 4239 3128 4295 curari
3152 4238 3365 4295 delicat,
3384 4232 3471 4285 ille
3493 4242 3624 4283 vero

2044 4350 2198 4404 aliter
2221 4342 2476 4401 medicari
2498 4350 2720 4399 conetur
2743 4352 2757 4390 :
2784 4334 2925 4406 quod
2959 4333 3145 4397 etiam,
3171 4328 3361 4397 inquit,
3388 4320 3623 4392 imperiti

2048 4441 2254 4497 faciunt
2286 4436 2499 4499 medici,
2532 4444 2589 4495 ct
2614 4448 2738 4487 cum
2782 4426 2942 4482 alicui
2985 4433 3203 4494 propter
3238 4416 3397 4473 calidi
3462 4428 3623 4467 exsu-

2051 4533 2381 4603 perationem
2420 4525 2691 4587 laboranti
2724 4520 2918 4589 frigida
2949 4516 3129 4584 aliqua
3181 4510 3437 4566 adbibere
3475 4520 3626 4574 Opor-

2055 4598 2183 4689 teat,
2211 4622 2257 4678 si
2301 4618 2703 4676 inconsiderate
2727 4612 2895 4682 magis
2934 4603 3306 4664 calefacientia
3337 4598 3627 4670 applicent,

2057 4725 2245 4772 curato
2287 4711 2664 4768 difficillimam
2692 4705 3029 4760 affectionem
3062 4697 3377 4752 effecerunt:
3410 4697 3631 4744 contra-

2061 4811 2139 4864 ria
2180 4808 2324 4862 enim
2349 4801 2636 4859 contrariis
2659 4806 2940 4857 curantur,
2965 4800 3021 4845 et
3044 4791 3110 4843 iis
3125 4787 3360 4857 quidem,
3386 4782 3474 4849 qui
3505 4796 3630 4850 pro-

2058 4909 2179 4971 pter
2207 4896 2387 4966 frigidi
2420 4892 2752 4949 dominatum
2776 4878 3045 4944 labora'bt,
3063 4878 3392 4936 conveniens
3409 4886 3489 4928 est
3517 4887 3631 4925 meo

2058 4970 2237 5047 dicina
2256 4988 2306 5040 id
2326 4986 2469 5055 quod
2486 4980 2736 5038 calefacit
2760 4988 2816 5031 et
2831 4974 3083 5030 confovet
3106 4987 3122 5038 ;
3148 4970 3202 5023 in
3217 4984 3324 5038 quo
3346 4974 3524 5019 autem
3544 4977 3636 5018 ca.

2054 5085 2218 5139 lidum
2250 5052 2567 5147 exsuperat,
2594 5079 2805 5141 oportet
2824 5065 3156 5122 contrarium
3188 5059 3466 5118 adhibere,
3494 5052 3637 5122 quod

2050 5184 2134 5230 εει
2177 5143 2448 5238 frigidum.
2486 5165 2550 5219 Et
2576 5158 3027 5231 quemadmodum
3071 5165 3358 5223 corporqu
3405 5143 3636 5202 medicis

2057 5262 2416 5320 necessarium
2449 5265 2536 5312 est
2573 5253 2893 5321 intelligere,
2937 5249 3206 5303 undenam
3239 5246 3282 5298 is
3311 5241 3401 5311 qui
3434 5239 3641 5293 laborat

378 5327 612 5350 hr"‘r"
675 5327 802 5344 ""‘7
852 5327 891 5330 "
968 5327 995 5347 ’δ
1061 5327 1068 5329 ⁷
1186 5327 1198 5342 ι
1416 5327 1429 5341 ι
1777 5327 1789 5340 ι

376 5387 525 5431 διττῶς
549 5370 937 5441 θερμαίνοντα,
965 5367 1218 5420 δυσίατον
1248 5366 1308 5418 τὸ
1343 5364 1518 5427 πάθος
1550 5360 1841 5432 ἐποίησαν.
1876 5359 1918 5411 Τ

2053 5354 2278 5410 affectus
2305 5361 2409 5415 est,
2448 5357 2502 5402 et
2536 5348 2607 5401 ita
2641 5344 2716 5398 illi
2756 5340 2947 5396 morbo
2973 5336 3384 5393 convenientem
3416 5327 3638 5383 medici.

2526 5439 2538 5441 -
2712 5434 2745 5441 ..
2901 5432 2913 5441 .
3066 5428 3114 5441 ..
3256 5425 3270 5438 .
3410 5420 3598 5441 NL,“

376 5463 486 5532 γάρ
518 5461 734 5523 ἐναντία
768 5459 877 5514 τῶν
930 5458 1192 5513 ἐναντίων
1228 5456 1369 5509 εἰσιν
1418 5454 1627 5524 ἰάματα
1655 5468 1669 5480 ·
1702 5450 1801 5504 καὶ
1842 5448 1956 5510 τοῖς

383 5557 484 5625 μὲν
513 5554 634 5608 κατ’
658 5550 1031 5623 ἐπικράτησιν
1056 5552 1150 5605 τοῦ
1188 5548 1402 5621 ψυχροῦ
1434 5547 1708 5618 πάσχουσι
1746 5543 1951 5598 κατάλο

380 5648 540 5715 ληλός
577 5647 694 5700 ἐστι
737 5645 1003 5714 θεραπεία
1030 5644 1090 5696 τὸ
1115 5644 1407 5713 θερμαῖνον
1452 5641 1548 5694 καὶ
1588 5636 1904 5692 ἁναθάλπον
1931 5650 1947 5666 ο

385 5733 447 5791 οὗ
489 5737 546 5790 δὲ
592 5736 653 5790 τὸ
692 5734 894 5804 θερμὸν
939 5734 1258 5799 ἐπλεόνασε,
1296 5733 1631 5803 προσφέρειν
1661 5726 1836 5783 δεῖτὸ
1864 5728 1957 5780 άν-

463 5851 477 5880 ¹
504 5848 646 5904 l‘sal.
672 5864 777 5908 cxt.
822 5849 873 5902 ὅ.

2057 5462 2182 5499 nam
2210 5440 2501 5496 adhibere:
2526 5439 2599 5492 ita
2629 5445 2682 5489 et
2712 5434 2801 5496 iis,
2825 5432 2913 5501 qui
2944 5428 3148 5484 morbis
3184 5425 3377 5479 anima:
3410 5420 3628 5474 medeno

2071 5547 2182 5600 tur,
2215 5532 2522 5588 necessario
2555 5522 3006 5582 considerandum
3043 5529 3125 5573 est
3158 5516 3423 5569 undenam
3448 5522 3642 5578 pecca-

2067 5598 2203 5690 tum,
2230 5622 2315 5677 cui
2354 5616 2617 5674 medicina
2653 5612 2951 5667 adhibenda
2978 5615 3083 5672 est,
3114 5604 3374 5660 nascitur.
3413 5598 3545 5653 Cum
3578 5611 3642 5649 a-

2068 5688 2224 5773 nima:
2255 5728 2382 5784 ergo
2418 5709 2701 5765 facultates
2728 5705 2780 5760 in
2816 5704 2939 5762 tria.
2968 5711 3027 5755 ut
3049 5700 3250 5756 dictum
3274 5703 3378 5758 est,
3399 5688 3646 5757 dividan-
