4008 6414
342 334 448 395 €79

1609 324 1655 381 'l'
1666 324 1708 380 Il
1725 321 1815 378 ΕΟ
1829 323 1894 379 υ.
1935 321 2024 378 lix
2038 316 2338 378 LSAMON

3489 305 3602 370 860

317 459 422 507 tur,
452 444 698 507 rationis,
720 442 920 512 inquit,
953 439 1126 494 virtus
1156 446 1238 493 cst
1271 438 1354 509 pia
1388 438 1453 492 dc
1486 439 1592 491 Deo
1622 433 1904 488 existima.

2028 429 2240 493 τίθετον,
2273 430 2412 497 ὅπερ
2438 426 2553 482 ἐστὶ
2585 427 2646 480 τὸ
2674 425 2904 496 ψυχρόν.
2947 424 3056 478 Καὶ
3097 423 3286 493 ὥσπερ
3321 424 3434 486 τοῖς
3483 423 3599 476 τῶν

319 543 392 592 tio
421 545 475 592 et
505 536 636 592 boni
670 535 906 602 malique
930 531 1266 600 dijudicatio,
1300 541 1351 584 et
1373 545 1492 600 quae
1513 529 1669 580 habet
1700 524 1906 595 perspi-

323 645 481 683 cuam
515 637 572 682 et
596 642 704 682 non
743 625 1024 680 confusam
1055 624 1123 678 de
1159 632 1348 676 natura
1377 619 1835 675 existimationem
1859 625 1914 669 et

319 719 688 785 subiectorum
711 717 1040 786 Opinionem.
1058 713 1228 767 Porro
1245 714 1290 766 is
1309 712 1508 766 dicitur
1529 708 1812 778 perSpirue
1831 708 1913 759 vi-

317 817 468 872 dere,
495 813 586 882 qui
623 825 757 880 pure
779 820 833 865 ct
863 811 1067 876 absque
1090 807 1201 859 ullo
1219 819 1406 858 errore
1431 803 1596 867 videt,
1623 812 1672 855 et
1699 801 1748 854 id
1773 797 1913 868 quod

323 907 534 959 videtur
567 907 640 958 ita
671 903 1023 971 intelligentia
1044 895 1476 967 comprehendit,
1498 903 1656 964 prout
1682 892 1800 960 ejus
1817 890 1916 945 ha-

322 999 412 1052 bet
444 1008 653 1050 natura.
693 996 757 1048 Et
787 995 832 1048 is
863 1010 965 1045 non
998 989 1220 1044 ronfuse
1242 990 1403 1048 videt,
1435 987 1548 1055 qui,
1579 999 1699 1038 cum
1735 983 1917 1035 viden-

325 1102 428 1142 tem
458 1087 766 1142 facultatem
786 1085 1000 1145 habeat,
1024 1098 1130 1135 non
1158 1082 1302 1132 aliud
1333 1079 1551 1144 quidem
1583 1076 1748 1136 videt,
1771 1071 1912 1126 aliud

324 1197 382 1233 su
422 1180 606 1234 videre
629 1176 928 1233 existimat.
973 1171 1203 1240 Quando
1246 1185 1376 1239 ergo
1402 1171 1524 1239 quis
1554 1183 1734 1227 rerum
1781 1166 1913 1220 sul)-

319 1275 590 1343 jectarum
620 1279 870 1324 naturam
898 1265 1171 1334 intelligit,
1211 1272 1264 1318 et
1310 1271 1460 1316 certo
1495 1267 1918 1326 constanterque

321 1363 550 1430 judicat,
583 1363 710 1432 quid
741 1370 820 1414 est
857 1359 1054 1416 bonum
1083 1370 1140 1413 et
1170 1357 1392 1412 malum,
1427 1363 1482 1407 et
1503 1352 1631 1423 quid
1661 1350 1918 1420 μηνίει-τοι

323 1453 541 1521 quidem
575 1460 846 1522 upnrteat,
875 1449 1003 1518 quid
1039 1463 1172 1503 vero
1202 1445 1540 1508 abhorrere;
1574 1450 1704 1496 tunc
1727 1442 1921 1494 dicitur

323 1553 590 1608 apertam,
621 1553 670 1594 (ιι
711 1558 818 1596 non
861 1539 1144 1596 confusam
1193 1539 1396 1592 habere
1433 1529 1780 1604 opinionem,
1823 1547 1918 1586 seu

324 1635 811 1695 existimationem,
843 1633 895 1687 id
922 1641 1030 1698 est,
1061 1647 1147 1685 res
1179 1629 1404 1699 pulchre
1429 1626 1694 1697 judicare,
1719 1634 1773 1678 et
1803 1633 1918 1678 tuto

325 1729 390 1781 de
409 1728 476 1782 iis
508 1726 844 1782 existimare.
865 1725 1164 1794 PuStquam
1191 1729 1368 1775 autem
1395 1719 1550 1782 dixit,
1570 1719 1699 1788 quid
1725 1719 1790 1772 sit
1815 1718 1922 1769 vir-

2013 523 2285 592 σωμάτων
2325 521 2700 592 θεραπευταῖς
2751 519 3051 586 ἀναγκαῖόν
3081 518 3198 570 ἔστι
3228 515 3290 569 τδ
3322 515 3568 583 κατανοῆ

2015 632 2104 667 σαι
2127 613 2250 667 ὅθεν
2276 615 2304 666 ὀ
2340 611 2513 666 νοσῶν
2559 611 2778 684 πάσχει,
2813 613 2910 664 καὶ
2953 608 3100 663 οὑτω
3144 608 3245 678 τὴν
3295 607 3602 676 θεραπείαν

2015 704 2168 776 αὑτῷ
2194 704 2402 758 οἰκείαν
2433 705 2499 774 τῇ
2529 703 2673 772 νόσῳ
2719 702 3117 770 προσαγαγεῖν,
3181 696 3326 751 οὕτω
3365 696 3602 760 καὶτοῖς

2012 799 2082 852 τά
2125 797 2335 868 ψυχικά
2383 795 2696 868 ίατρεὺουσι
2748 793 2900 862 πάθη
2950 791 3330 862 ἀπαραίτητος
3363 790 3397 858 ἡ
3433 807 3605 843 κατα-

2017 892 2308 962 σκόπησις,
2334 889 2428 944 τοῦ
2461 888 2586 942 ὅθεν
2623 889 2686 942 τδ
2721 887 2916 957 μέλλον
2949 885 3364 956 θεραπευθῆναι
3411 883 3602 952 ἁμάρ-

2013 1000 2168 1054 τημα
2206 983 2426 1053 φύεται.
2460 982 2558 1044 Είς
2579 981 2707 1051 τρία
2738 979 2940 1044 τοίνυν,
2981 979 3056 1043 ὡς
3084 977 3332 1048 εἴρηται,
3361 977 3472 1028 τῶν
3496 979 3600 1046 τῆς

2015 1076 2193 1146 ψυχῆς
2227 1075 2512 1144 δυνάμεων
2541 1072 2968 1144 διαιρουμένων,
2993 1068 3088 1124 τοῦ
3125 1067 3600 1137 μὲνχλογιστικοῦ,

2018 1168 2206 1239 φησιν,
2236 1168 2409 1239 ἀρετὴ
2445 1166 2594 1218 ἑστιν
2637 1166 2670 1234 ἡ
2731 1162 2966 1234 εὐσεϐὴς
3012 1161 3143 1231 περὶ
3190 1161 3250 1214 τὸ
3287 1160 3430 1214 θεῖον
3465 1159 3602 1234 ὑπό-

2017 1261 2200 1332 ληψις,
2227 1261 2324 1314 καὶ
2369 1261 2402 1329 ἡ
2457 1259 2552 1312 τοῦ
2600 1257 2770 1312 καλοῦ
2797 1256 2892 1310 καὶ
2943 1254 3036 1309 τοῦ
3082 1251 3258 1308 κακοῦ
3300 1251 3605 1320 διάκρισις,

2019 1355 2114 1408 καὶ
2141 1355 2174 1423 ἡ
2199 1353 2408 1424 τρανὴν
2441 1353 2535 1406 καὶ
2585 1350 2898 1419 ἀσύγχυτον
2947 1347 3148 1417 ἔχουσα
3205 1345 3470 1416 περὶτῆς
3499 1344 3608 1412 φύ-

2023 1464 2163 1510 σεως
2187 1445 2286 1517 τὴν
2309 1445 2580 1514 ὑπόληψιν
2610 1443 2706 1496 καλ
2739 1441 2845 1495 τῶν
2879 1441 3261 1509 ὑποκειμένων
3289 1437 3388 1507 τὴν
3417 1436 3601 1499 δέξειν.

2022 1535 2132 1594 Καὶ
2160 1539 2374 1608 τρανῶς
2399 1535 2619 1605 λέγεται
2649 1534 2891 1604 βλέπειν,
2910 1533 2938 1585 ὁ
2961 1533 3103 1602 ὁρῶν
3128 1529 3386 1598 καθαρῶς
3416 1545 3474 1580 τε
3507 1537 3608 1581 καί

2022 1628 2306 1691 ἀπλανῶς,
2340 1629 2435 1682 καὶ
2469 1625 2758 1680 κατανοῶν
2808 1627 2868 1678 τὸ
2915 1623 3194 1696 ὁρώμενον
3245 1622 3321 1685 ὡς
3354 1620 3468 1691 ἔχει
3505 1625 3610 1687 (pti—

2025 1741 2187 1785 σεως.
2225 1723 2335 1776 Καὶ
2390 1722 2716 1790 ἁσυγχύτως
2762 1719 2886 1790 ὁρᾷ,
2918 1718 2946 1770 ὁ
2987 1718 3088 1786 τὴν
3142 1715 3406 1786 ὁρατικὴν
3449 1730 3612 1766 συνε-

326 1831 416 1874 tus
452 1819 702 1878 rationis.
732 1833 877 1872 nunc
906 1817 1070 1870 etiam
1101 1813 1230 1868 dicit
1265 1815 1330 1866 de
1351 1811 1467 1878 ejus
1495 1811 1646 1870 vitio,
1682 1817 1735 1861 et
1774 1807 1823 1860 id
1853 1823 1915 1860 ex

2028 1814 2251 1884 χόμενος
2281 1812 2536 1882 δύναμιν,
2561 1813 2658 1866 καὶ
2691 1809 2822 1864 ἄλλο
2855 1811 2931 1880 μὴ
2961 1808 3127 1879 ὁρῶν,
3166 1805 3296 1860 ἄλλο
3330 1805 3386 1860 δὲ
3433 1803 3613 1857 δοκῶν

326 1911 620 1969 contrariis
655 1907 988 1964 considerari
1041 1922 1134 1961 seu
1169 1907 1419 1973 cognosci
1453 1903 1631 1957 docet:
1665 1913 1713 1954 et
1750 1900 1912 1954 dicit:

327 2003 552 2059 rationis
580 2001 765 2055 vitimn
791 2014 909 2054 essn
937 1997 990 2050 in
1049 1997 1214 2050 Deum
1269 1995 1624 2062 impietatem,
1676 1991 1776 2045 hoc
1811 1998 1915 2052 est,

325 2093 530 2164 aliquid
563 2091 879 2147 existimare
909 2091 1091 2144 divina
1114 2067 1632 2153 uaturairltdignum,
1662 2090 1715 2137 et
1751 2082 1818 2136 de
1838 2095 1924 2135 re-

326 2189 430 2244 lms
457 2203 562 2241 non
597 2195 826 2246 rectum,
864 2181 956 2236 sed
983 2183 1242 2236 aberrans
1261 2178 1546 2248 judicium,
1575 2189 1630 2231 ut
1654 2176 1796 2244 quod
1825 2177 1920 2228 ho-

327 2295 458 2337 nutn
488 2288 592 2342 est,
645 2276 844 2331 malum
870 2275 1168 2334 existimet,
1204 2281 1256 2326 et
1289 2272 1429 2340 quod
1462 2254 1660 2324 malum
1685 2279 1788 2334 est,
1821 2267 1920 2320 ho-

328 2385 480 2424 num:
511 2369 614 2422 hoc
636 2367 780 2420 enim
801 2365 1076 2433 signiﬁcat
1091 2364 1273 2418 dicere
1291 2363 1463 2417 lucem
1487 2362 1760 2422 tenebras,
1781 2368 1831 2410 et
1847 2369 1921 2409 tea

331 2463 530 2514 rebras
561 2459 760 2514 lucem.
799 2455 1110 2518 [iocantem
1134 2464 1218 2510 est
1243 2454 1399 2510 Isaia:
1425 2467 1518 2508 eos
1557 2451 1643 2520 qui
1673 2451 1762 2504 illa
1790 2448 1923 2504 faci-

260 2577 270 2580 -
331 2559 430 2603 utut
453 2549 817 2604 exsecrantia.
843 2545 1307 2610 Concupiscenuae
1323 2554 1501 2600 autem
1518 2543 1918 2604 virtus‘dicitnr,

329 2657 576 2702 nostrum
597 2643 926 2698 desiderium
950 2642 1017 2695 ad
1035 2641 1107 2703 id,
1128 2641 1269 2707 quod
1291 2653 1418 2694 vere
1436 2637 1723 2706 pulchrum
1751 2647 1803 2688 et
1824 2635 1920 2688 ho—

332 2747 544 2790 nestum
568 2737 798 2806 jureque
828 2733 1322 2804 concupiscendum
1355 2741 1458 2794 est,
1490 2729 1714 2792 moveri,
1735 2737 1787 2780 et
1812 2744 1923 2780 cre-

330 2835 459 2883 uere
511 2828 640 2882 nihil
675 2841 794 2883 esse
849 2826 992 2881 aliud
1035 2824 1415 2893 expetendum,
1461 2837 1554 2875 seu
1592 2816 1923 2890 appetitione

330 2930 384 2974 et
417 2919 688 2975 desiderio
721 2927 912 2986 suapte
937 2929 1130 2971 natura
1163 2917 1404 2986 dignum,
1443 2929 1606 2984 quam
1639 2913 1918 2972 virtutem,

329 3019 385 3065 ct
431 3024 550 3076 qua:
598 3011 855 3064 virtutem
909 3008 1158 3072 eﬂ'undit,
1213 3016 1502 3072 naturam,
1561 3005 1679 3058 sive
1720 3003 1917 3056 Deum:

335 3101 498 3174 154
525 3101 742 3156 virtutis
769 3101 916 3156 enim
949 3100 1070 3156 fons
1099 3112 1181 3154 est
1204 3109 1256 3154 et
1285 3098 1348 3152 ad
1381 3099 1554 3168 ipsam
1589 3099 1694 3150 dux
1741 3095 1918 3150 divina

333 3203 547 3249 natura.
575 3193 720 3248 Nihil
747 3203 924 3248 autem
953 3208 1071 3248 esse
1098 3200 1288 3262 suapte
1339 3201 1529 3246 natura
1563 3189 1922 3258 expetendum

334 3296 530 3356 p-‘aeter
553 3285 829 3348 virtutem,
863 3283 1000 3337 dixit
1027 3293 1268 3336 sanctus:
1293 3281 1396 3335 alia
1421 3280 1652 3341 scilicet,
1677 3293 1797 3348 qua:
1831 3293 1927 3330 no-

336 3383 418 3434 liis
443 3377 744 3448 expetenda
773 3391 895 3432 esse
908 3377 1159 3430 videntur
1177 3390 1239 3429 ac
1263 3374 1642 3438 desideranda,
1670 3386 1777 3426 non
1801 3383 1926 3430 esse

335 3489 435 3544 εςια
480 3481 670 3526 natura
709 3470 1010 3540 ejusmodi,
1061 3467 1155 3522 sed
1187 3476 1371 3523 nostro
1400 3466 1686 3520 aberrante
1719 3465 1926 3536 judicio

335 3583 399 3623 ac
429 3565 854 3630 existimatione,
885 3561 951 3616 Et
983 3563 1228 3632 protinus
1255 3561 1419 3624 infert
1440 3558 1628 3630 gloriae
1661 3558 1928 3628 cupiditav

339 3669 466 3717 tem,
493 3671 782 3728 cerpornm
803 3654 1216 3724 pulchritudinis
1239 3653 1592 3716 desiderium,
1617 3652 1925 3715 avaritiam,

337 3747 639 3812 libidinem,
669 3758 722 3801 et
758 3761 876 3817 qua:
899 3757 1026 3802 sunt
1052 3748 1342 3817 ejusmodi,
1375 3763 1495 3816 quae
1528 3746 1688 3802 etiam
1725 3762 1928 3801 cuneu-

337 3837 600 3906 piscibilis
627 3837 821 3890 animat
877 3837 1051 3906 partis
1101 3837 1520 3891 declinationem
1558 3846 1608 3890 et
1642 3844 1924 3904 peccatum

337 3928 656 3985 ostendunt.
687 3928 930 3984 Declinat
954 3930 1096 3984 enim
1127 3939 1184 3984 et
1211 3929 1450 3994 aberrat,
1495 3925 1598 3982 hoc
1627 3935 1732 3991 est,
1763 3927 1832 3981 ab
1861 3943 1926 3979 eo

337 4022 478 4090 ψιυά
507 4021 794 4076 honestum
820 4029 971 4076 estet
993 4037 1020 4074 a
1048 4021 1414 4088 rcctojudicio
1431 4019 1679 4083 discedit,
1701 4021 1788 4088 qui
1816 4022 1926 4072 haec

338 4114 644 4184 expetenda
675 4127 798 4168 esse
825 4113 1000 4168 ducit.
1035 4113 1172 4167 Dicit
1199 4123 1381 4166 autem
1415 4126 1480 4164 ex
1512 4125 1648 4164 vana
1680 4109 1846 4180 gloria
1876 4120 1928 4162 et

337 4224 398 4260 ex
437 4206 586 4272 ﬂore,
620 4206 711 4274 qui
732 4213 1018 4273 corporum
1049 4206 1354 4272 superileiei
1377 4214 1460 4258 est
1485 4203 1666 4267 ilhtus,
1692 4203 1928 4256 existere

339 4298 528 4366 gloriae
571 4296 946 4365 cupiditatem,
991 4298 1272 4349 avaritiam
1307 4306 1362 4349 et
1383 4295 1684 4358 libidinem,
1719 4303 1774 4347 et
1811 4293 1928 4358 qua:

338 4398 466 4444 sunt
493 4387 578 4441 his
595 4387 816 4441 similia.
841 4384 896 4440 Si
921 4387 1046 4456 quis
1068 4387 1209 4440 ettim
1243 4402 1397 4441 venat
1421 4385 1608 4455 gloria:
1636 4384 1928 4450 cupiditate

340 4479 572 4542 laboret,
597 4479 641 4531 is
663 4477 732 4532 ob
755 4478 1053 4533 rectel‘acta
1076 4478 1325 4532 laudatus
1341 4480 1570 4532 summis
1589 4478 1816 4530 vultcoli
1835 4479 1921 4530 ho-
1963 4507 2003 4556 ι)

342 4573 586 4638 nuribus,
610 4582 664 4625 et
687 4572 776 4640 qni
801 4585 1088 4640 corporum
1117 4570 1301 4624 liorem
1321 4574 1545 4640 appetit,
1572 4574 1622 4624 iu
1653 4571 1924 4625 libidinem

345 4663 426 4716 w-l
462 4663 746 4718 avaritiam
779 4663 999 4718 labitur.
1026 4662 1325 4731 Corporum
1350 4673 1530 4717 autem
1558 4662 1745 4716 ﬂorem
1777 4663 1928 4715 intel-

345 4757 512 4824 ligere
531 4765 762 4826 oportet,
785 4755 1152 4810 humauurunl'
1171 4771 1456 4824 corporum
1469 4755 1926 4827 pulchritudinem

345 4850 430 4901 wl
469 4849 670 4902 bonum
705 4850 824 4902 auri
856 4851 1117 4920 colorem,
1139 4862 1192 4904 et
1228 4836 1463 4918 lapidum
1489 4850 1853 4917 splendorem,
1879 4857 1930 4900 et

348 4939 764 5008 margaritarum
791 4938 1051 5007 fulgorem
1077 4939 1416 5006 vestitumque
1435 4946 1682 4992 contexta
1695 4954 1808 4989 rum
1840 4954 1933 4989 va-

346 5028 589 5094 rietates,
613 5035 669 5080 et
707 5041 827 5096 quae
848 5026 915 5080 iis
945 5037 1376 5094 consequuntur:
1401 5037 1526 5080 sunt
1552 5028 1694 5078 enim
1733 5035 1787 5079 et
1819 5026 1931 5078 haec

345 5133 568 5188 corpus.
627 5116 720 5173 Vel
753 5133 881 5188 ergo
923 5127 1071 5171 amat
1115 5119 1408 5172 humanam
1447 5119 1928 5186 pulchritudinem,

345 5221 402 5264 et
436 5227 465 5264 a
521 5211 746 5266 libidine
777 5210 1035 5276 vincitur,
1088 5210 1169 5263 vel
1212 5211 1332 5265 auri
1379 5210 1715 5280 aliorumque
1745 5213 1928 5263 llureut

351 5301 574 5371 cxpctit,
613 5311 667 5356 et
714 5301 774 5354 fit
809 5316 1025 5355 avarus.
1054 5300 1127 5355 Ex
1165 5301 1248 5356 his
1284 5312 1464 5355 autem
1501 5301 1568 5354 ad
1623 5300 1725 5354 alia
1757 5300 1934 5354 omnis

349 5393 566 5462 {pueris
620 5392 1036 5447 innumerabilia
1093 5393 1219 5446 vitia
1275 5392 1598 5447 devolvitur.
1641 5391 1743 5459 Qui
1789 5393 1932 5446 enim

347 5484 575 5560 gloriam
613 5487 836 5556 appetit,
877 5487 928 5540 in
965 5486 1223 5541 invidiam
1275 5495 1562 5550 eteorum,
1606 5487 1695 5554 qui
1729 5487 1776 5539 ei
1810 5498 1935 5539 Sunt

353 5577 561 5633 honore
592 5579 847 5648 :equales,
872 5577 1260 5632 detractionem
1289 5577 1498 5639 incidit,
1533 5577 1714 5634 volens
1738 5593 1796 5632 sc
1818 5593 1936 5632 es~e

351 5668 604 5724 omnibus
621 5671 979 5739 superiorem.
1010 5669 1110 5736 Qui
1133 5679 1312 5723 autem
1337 5669 1756 5738 pulchritudinis
1791 5686 1876 5722 am
1901 5692 1940 5712 --

357 5768 445 5812 tor
495 5770 597 5823 est,
657 5763 708 5816 in
751 5762 1225 5818 incontinentiam.
1268 5762 1367 5828 Qui
1427 5769 1604 5816 autem
1652 5764 1934 5830 ιιρριιιιτηιιι

2029 1905 2271 1974 βλέπειν.
2325 1905 2497 1958 Ὅταν
2550 1899 2643 1958 οὖν
2721 1920 2810 1965 τις
2878 1901 2977 1972 τὴν
3047 1903 3156 1956 τῶν
3227 1897 3613 1968 ὑποκειμένων

2029 1999 2378 2069 πραγμάτιον
2405 1997 2570 2066 φύσιν
2604 1997 2867 2068 κατανοῆ,
2887 1993 2982 2047 καὶ
3007 1991 3403 2060 άνεπισφαλῶς
3440 1988 3606 2058 κρὲνῃ

2027 2091 2080 2144 τί
2123 2090 2222 2162 μέν
2251 2092 2366 2144 ἐστι
2394 2089 2582 2155 καλὸν,
2616 2088 2670 2143 τί
2711 2089 2768 2143 δὲ
2800 2089 2994 2150 κακὸν,
3038 2086 3134 2140 καλ.
3165 2087 3216 2138 τί
3252 2085 3349 2153 μὲν
3376 2083 3613 2152 προκρί-

2026 2201 2140 2236 νειν
2170 2183 2308 2242 δέον,
2338 2184 2393 2234 τί
2424 2180 2482 2234 δὲ
2511 2178 2897 2250 βδελύττεσθαι
2928 2194 2941 2208 °
2977 2177 3098 2230 τότε
3139 2175 3364 2244 λέγεται
3404 2173 3617 2244 τρανὴν

2029 2276 2123 2328 καὶ
2175 2273 2487 2343 άσύγχυτον
2540 2273 2686 2343 ἔχειν
2735 2270 2917 2333 δόξαν,
2960 2270 3080 2340 ἦτοι
3133 2269 3444 2338 ὑπόληψιν,
3491 2267 3618 2319 ἀντὶ

2029 2365 2124 2419 τοῦ
2169 2365 2352 2428 καλῶς
2388 2364 2601 2433 κρίνειν
2648 2363 2719 2416 τά
2776 2363 3113 2432 πράγματα,
3145 2362 3240 2413 καὶ
3293 2359 3620 2426 ὑπολαμϐά⁶

2026 2478 2140 2513 νειν
2181 2459 2312 2528 περὶ
2348 2456 2531 2510 αὐτῶν
2559 2455 2842 2524 ἀσφαλῶς.
2881 2453 3066 2508 Εἰπὼν
3088 2454 3147 2508 δὲ
3176 2454 3230 2508 τί
3259 2455 3409 2506 ἐστιν
3443 2452 3622 2522 ἀρετὴ

2029 2551 2122 2604 τοῦ
2182 2548 2522 2619 λογιστικοῦ,
2594 2549 2690 2601 νῦν
2741 2549 2837 2602 καὶ
2869 2545 2999 2618 rapi.
3059 2547 3152 2616 τῆς
3199 2547 3399 2608 κακίας
3443 2543 3620 2598 αὑτοῦ

2027 2643 2199 2712 λέγει,
2261 2643 2356 2697 καὶ
2413 2643 2480 2696 ὲκ
2527 2640 2637 2694 τῶν
2689 2641 2954 2694 ἐναντίων
3024 2639 3234 2706 ταύτην
3285 2635 3615 2706 θεωρεῖσθαι

2029 2737 2210 2790 εἴτουν
2239 2735 2764 2802 καταγινώσκεσθαι
2805 2734 3089 2788 διδάσκει·
3138 2731 3234 2785 καί
3273 2747 3439 2798 φησιν
3470 2725 3618 2781 εἶναι

2030 2830 2232 2884 κακίαν
2271 2829 2364 2882 τοῦ
2393 2828 2707 2890 λογιστικοῦ
2743 2826 2842 2895 τὴν
2892 2826 3020 2894 περὶ
3056 2825 3116 2878 τὸ
3147 2825 3290 2876 θεῖον
3327 2821 3615 2885 ἀσέϐειαν,

2028 2924 2276 2978 τουτέστι
2326 2921 2388 2974 τὸ
2443 2919 2758 2989 λογίζεσθαί
2805 2936 2859 2972 τι
2909 2919 3134 2984 ἀνάξιον
3171 2919 3272 2984 τῆς
3307 2917 3460 2978 θείας
3507 2917 3615 2984 φύ-

2033 3031 2193 3078 σεως,
2225 3013 2321 3067 καὶ
2356 3013 2453 3084 τὴν
2489 3014 2619 3082 περὶ
2653 3013 2759 3065 τῶν
2797 3012 3146 3083 πραγμάτων
3178 3013 3250 3081 μὴ
3283 3009 3452 3080 ὀρθὴν
3493 3007 3620 3078 κρί-

2034 3123 2138 3163 σιν.
2167 3104 2281 3158 ἀλλ’
2313 3104 2682 3174 ἑσφαλμένην,
2714 3103 2854 3156 ὥστε
2888 3102 2949 3156 τὸ
2988 3104 3161 3157 κακὸν
3191 3100 3614 3169 ὑπολαμϐάνειν

2029 3199 2215 3261 καλὸν,
2251 3199 2343 3250 καὶ
2401 3197 2464 3249 τὸ
2511 3195 2679 3252 καλὸν
2729 3198 2936 3250 κακόν·
2984 3195 3148 3250 τοῦτο
3203 3196 3312 3266 γὰρ
3364 3195 3516 3266 δηλοῖ
3551 3195 3622 3248 τὸ

2028 3290 2236 3342 τιθέναι
2271 3289 2332 3340 τὸ
2357 3289 2545 3350 σκᾶτος
2569 3289 2704 3356 φῶς,
2736 3287 2828 3341 καὶ
2858 3287 2920 3341 τὸ
2953 3287 3068 3358 φῶς
3097 3289 3292 3350 σκότος
3321 3299 3335 3314 ’
3369 3285 3528 3340 τοῦτο
3559 3286 3621 3340 δὲ

2028 3382 2123 3436 τοῦ
2161 3384 2383 3435 Ἡσαΐου
2415 3383 2566 3434 ἐστὶν
2600 3382 2726 3434 οὐαὶ
2755 3382 2872 3443 τοῖς
2914 3379 3078 3436 τοῦτο
3114 3379 3366 3434 ποιοῦσιν
3399 3379 3598 3448 ὲπαρω

2032 3476 2216 3546 μένου.
2254 3472 2362 3528 Τοῦ
2402 3473 2460 3526 δὲ
2499 3471 2901 3540 ἐπιθυμητικοῦ
2956 3471 3160 3542 μέρους
3215 3471 3437 3540 λέγεται
3488 3472 3620 3542 ἀρε-

2030 3565 2158 3620 στὸν
2206 3564 2268 3618 τὺ
2311 3566 2411 3635 τὴν
2447 3563 2632 3628 ἔφεσιν
2669 3561 2824 3632 ἡμῶν
2860 3560 3129 3613 κινεῖσθαι
3167 3561 3304 3632 πρὸς
3345 3561 3407 3614 τδ
3441 3560 3621 3620 ὅντως

2030 3654 2193 3708 καλὸν
2238 3655 2332 3707 καὶ
2382 3653 2738 3724 ἐπιθυμητὸν,
2772 3653 2866 3706 καὶ
2917 3651 3203 3714 πείθεσθαι
3261 3653 3334 3722 μή
3385 3668 3440 3706 τι
3484 3651 3618 3706 ἄλλο

2028 3745 2170 3802 εἶναι
2221 3745 2469 3822 ὀρεκτὸν,
2503 3745 2676 3817 ἤγουν
2725 3743 2960 3815 ὀρέξεως
3005 3743 3038 3814 ἢ
3084 3743 3384 3814 ἐπιθυμίας
3438 3743 3615 3809 ἄξιον,

2031 3838 2174 3893 κατὰ
2198 3839 2298 3908 τὴν
2327 3838 2540 3891 οίκείαν
2575 3836 2739 3905 φύσιν
2771 3836 2804 3901 ἢ
2845 3837 2942 3906 τὴν
2994 3836 3198 3906 ἀρετὴν
3253 3836 3613 3908 πηγάζουσαν

2031 3934 2212 3998 φύσιν,
2243 3933 2364 3999 ἦτοι
2409 3931 2498 3982 τὸν
2529 3930 2696 3982 Θεὸν⁸
2735 3930 2886 3998 πηγὴ
2947 3930 3056 3998 γάρ
3112 3930 3209 3997 τῆς
3269 3930 3473 3999 ἀρετῆς
3519 3933 3617 3984 καὶ

2031 4026 2224 4091 eam»);
2267 4023 2402 4090 προς
2433 4023 2602 4092 αὐτὴν
2650 4023 2682 4092 ὴ
2725 4021 2844 4075 θεία
2873 4020 3056 4089 φύσις.
3089 4022 3258 4074 Οὐδὲν
3297 4022 3354 4076 δὲ
3385 4023 3614 4091 ὀρεκτὸν

2031 4113 2175 4168 κατὰ
2200 4114 2299 4182 τὴν
2329 4112 2539 4165 οἰκείαν
2585 4113 2748 4181 φύσιν
2785 4111 2817 4181 ἢ
2856 4113 3028 4181 μόνην
3067 4111 3167 4182 τὴν
3203 4111 3428 4183 ἀρετὴν,
3463 4109 3616 4170 εἶπεν

2033 4207 2060 4255 ὀ
2088 4204 2239 4272 άγιος
2273 4220 2287 4233 ·
2321 4204 2572 4274 δηλονότι
2623 4207 2690 4257 τά
2735 4205 2872 4259 ἄλλα
2904 4204 2972 4258 τὰ
3023 4205 3158 4274 ἡμῖν
3199 4204 3464 4258 δοκοῦντα
3495 4207 3616 4257 ἐπι-

2034 4294 2254 4364 θυμητά
2304 4311 2363 4348 τε
2395 4297 2489 4348 κοιλ⁵
2517 4295 2722 4364 ὀρεκτὰ
2751 4297 2810 4348 οὑ
2867 4297 3010 4352 κατὰ
3059 4299 3159 4369 τὴν
3199 4300 3410 4354 οἰκείαν
3451 4297 3614 4366 φύσιν

2035 4386 2136 4462 sisi
2177 4385 2426 4447 τοιαῦτα,
2463 4385 2599 4439 ἀλλὰ
2639 4387 2783 4440 κατὰ
2807 4387 2907 4456 τὴν
2954 4388 3234 4458 ἡμετέραν
3265 4387 3612 4458 ὲσφαλμὲνην

2034 4477 2212 4543 κρίσιν
2247 4495 2302 4530 τε
2333 4477 2426 4530 καὶ
2455 4477 2753 4547 ὑπόληψιν.
2783 4479 2893 4532 Καὶ
2923 4480 3124 4533 αὐτίκα
3162 4480 3362 4548 ἐπάγει
3391 4481 3487 4550 τὴν
3512 4484 3612 4548 τῆς

2031 4571 2188 4639 δόξης
2221 4572 2542 4640 ἐπιθυμίαν,
2572 4570 2671 4642 τὴν
2718 4569 2814 4624 τοῦ
2858 4572 3088 4634 κάλλους
3147 4574 3260 4624 τῶν
3320 4573 3612 4643 σωμάτων,

2033 4663 2128 4731 τὴν
2157 4661 2616 4732 φιλοχρηματίαν,
2645 4661 2742 4734 τὴν
2783 4657 3122 4733 φιληδονίαν,
3158 4666 3252 4718 καὶ
3285 4665 3385 4717 ὅσα
3419 4663 3605 4717 τοιαῦθ

2031 4770 2118 4812 τα.
2158 4753 2193 4808 ἃ
2217 4757 2310 4807 καὶ
2343 4754 2704 4824 παρατροπὴν
2752 4755 2848 4806 καὶ
2883 4755 3165 4824 ἁμαρτίαν
3212 4753 3304 4807 τοῦ
3338 4755 3606 4823 ἐπιθυμη-

2030 4846 2182 4899 τικοῦ
2214 4847 2414 4916 μέρους
2434 4847 2533 4914 τῆς
2558 4845 2732 4916 ψυχῆς
2768 4847 3150 4915 ἀποφαίνεται.
3185 4846 3609 4914 Παρατρέπεται

2033 4943 2140 5012 γὰρ
2182 4943 2277 4994 καὶ
2323 4942 2718 5012 διαμαρτάνει,
2773 4941 3050 4994 τουτέστιν
3089 4941 3458 5010 ἀποτυγχάνει
3515 4939 3612 4992 τοῦ

2034 5033 2200 5085 καλοῦ
2260 5034 2356 5085 καὶ
2412 5033 2509 5100 τῆς
2561 5032 2730 5100 ὀρθῆς
2781 5033 3037 5102 κρίσεως,
3098 5034 3126 5084 ὁ
3181 5031 3358 5086 ταῦτα
3411 5033 3613 5100 κρίκων

2033 5125 2252 5194 ὀρεκτά.
2303 5124 2464 5189 Λέγει
2520 5123 2576 5175 δὲ
2629 5125 2694 5175 ἐκ
2755 5123 3060 5188 κενοδοξίας
3125 5123 3220 5175 καὶ
3275 5123 3368 5175 τοῦ
3421 5124 3606 5175 ἐπικε-

2034 5217 2357 5286 χρωσμένοι)
2387 5217 2502 5278 τοῖς
2529 5213 2781 5283 σώμασιν
2813 5214 3008 5276 ἄνθους
3051 5214 3285 5284 φύεσθαι
3316 5215 3416 5282 τὴν
3459 5219 3610 5280 φιλο-

2037 5308 2218 5374 δοξίαν
2262 5307 2356 5374 καὶ
2407 5305 2504 5377 τὴν
2563 5307 3001 5378 φιλοχρηματίαν
3031 5307 3123 5359 καὶ
3156 5307 3256 5378 τὴν
3303 5306 3616 5374 φιληδονίαν

2037 5399 2134 5452 καὶ
2161 5399 2228 5452 τὰ
2261 5401 2423 5468 ὃμοια
2469 5397 2699 5458 τούτοις.
2747 5399 2805 5450 ΕΞ
2840 5397 2948 5466 γάρ
2987 5413 3070 5460 τις
3109 5396 3194 5466 εἴη
3256 5394 3557 5458 κενόδοξος,
3591 5397 3617 5448 ὁ

2037 5492 2125 5560 ἐφ’
2157 5487 2235 5554 οἷς
2276 5491 2389 5560 ἔχει
2440 5490 2774 5562 κατόρθωμα
2829 5489 3248 5560 ἐπαινούμενος,
3293 5490 3321 5543 ὁ
3375 5487 3618 5549 τοιοῦτος

2040 5584 2182 5637 θέλει
2231 5583 2573 5648 δοξάζεσθαι,
2610 5585 2702 5636 καὶ
2735 5586 2762 5636 ὁ
2802 5583 2896 5634 τοῦ
2956 5583 3066 5635 τῶν
3120 5581 3392 5650 σωμάτων
3429 5580 3614 5649 ὀρεγό-

2044 5691 2204 5743 μενος
2281 5675 2494 5738 ἄνθους,
2557 5677 2638 5738 είς
2696 5673 3014 5742 φιληδονίαν
3079 5671 3114 5742 ἢ
3176 5669 3618 5742 φιλοχρηματίαν

2045 5763 2422 5827 ὲξολισθλῖνει.
2478 5764 2758 5832 Σωμάτων
2907 5761 3063 5824 ἄνθος
3113 5759 3392 5830 νοητέονῆ
3427 5757 3486 5809 τὸ
3513 5758 3620 5807 τῶν
