4008 6412
351 371 450 433 861

1100 374 1182 434 ΙΝ
1212 376 1462 438 ΕΡΙΞΤ.
1504 380 1561 438 S.
1590 381 1970 442 GREGORII
2012 383 2345 443 NYSSENI
2390 385 2490 443 AD
2525 386 2896 449 LETOlUM.

3501 384 3606 451 8αὲ

351 484 706 576 ἀνθρωπίνων
750 487 1019 576 σωμάτων
1060 488 1258 554 κάλλος
1305 492 1470 563 ἢτὴν
1516 491 1775 576 εὔχροιαν
1825 498 1920 549 τοῦ

2031 501 2378 569 concupiscit,
2430 501 2496 554 ad
2523 502 2864 571 iniustitiam.
2895 504 3063 557 Porro
3090 504 3188 556 :din
3217 519 3434 574 quoque
3466 506 3603 557 mala

348 574 576 645 χρυσοῦ,
617 575 713 629 καὶ
759 575 858 639 τὰς
902 578 1011 631 τῶν
1053 580 1218 633 λίθων
1264 581 1516 651 διαυγάς,
1559 588 1656 640 καὶ
1692 574 1790 653 τὴν
1817 586 1925 638 τῶν

352 666 686 737 μαργαρέων
735 669 1123 740 στιλπνότητα.
1163 674 1255 726 καὶ
1309 673 1377 726 τὰ
1429 674 1539 728 τῶν
1581 676 1924 747 ὑφασμάτων

348 756 710 824 ποικίλματα,
746 760 839 811 καὶ
882 760 981 814 ὅσα
1015 762 1230 826 τούτοις
1262 765 1508 835 ἑπόμενα
1539 783 1553 798 ο
1610 767 1771 838 σῶμα
1816 770 1924 839 γὰρ

348 851 443 907 καὶ
482 851 677 904 ταῦτα.
729 852 939 918 Ἥγουν
986 855 1218 919 κάλλους
1270 858 1620 929 ἀνθρωπίνου
1665 861 1789 933 ἐρᾷ,
1832 862 1925 915 καὶ

349 944 636 1011 κρατεῖται
698 942 1002 1015 φιληδονίᾳ,
1049 946 1080 1018 ἢ
1129 947 1226 999 τοῦ
1277 948 1469 1013 ἄνθους
1523 950 1781 1020 ὀρέγεται
1828 952 1924 1004 τοῦ

347 1033 554 1104 χρυσοῦ
607 1037 702 1087 καὶ
737 1036 846 1089 τῶν
877 1037 1077 1102 ἄλλων,
1110 1041 1206 1094 καὶ
1234 1041 1447 1106 γίνεται
1486 1043 1915 1115 φιλοχρήματος.

360 1126 455 1179 Ἐκ
479 1127 536 1180 δὲ
568 1126 774 1179 τούτων
801 1127 880 1190 είς
914 1130 1114 1201 μυρίας
1150 1131 1315 1194 ἄλλας
1350 1135 1550 1197 κακίας
1594 1136 1685 1188 καὶ
1722 1154 1921 1191 παντο-

349 1218 525 1281 δαπάς
556 1218 887 1274 ὲκκυλίεται.
928 1220 986 1274 Ὀ
1022 1223 1133 1291 γὰρ
1158 1224 1316 1297 δόξης
1346 1227 1634 1296 ἐφιέμενος
1671 1233 1752 1292 είς
1793 1229 1925 1299 φθό-

349 1328 439 1364 νον
470 1313 732 1382 ἐμπίπτει
776 1314 870 1367 καὶ
913 1314 1022 1367 τῶν
1073 1316 1355 1385 ὁμοτίμων
1412 1319 1686 1386 διαϐολὰς,
1745 1322 1921 1375 θέλων

351 1402 518 1455 αὑτὸν
556 1403 814 1457 ἀπάντων
865 1405 1228 1478 ὑπερτερείνο
1271 1409 1298 1461 6
1327 1409 1382 1462 δὲ
1417 1411 1649 1475 κάλλους
1680 1413 1920 1482 ἐραστὴς

347 1498 430 1560 τίς
462 1496 784 1561 ἀσελγείας·
816 1498 844 1551 6
888 1497 944 1551 δὲ
996 1499 1298 1570 χρημάτων
1338 1502 1628 1573 ἐπιθυμῶν
1665 1508 1745 1569 είς
1793 1508 1921 1560 ἀδι-

347 1587 508 1650 κίας·
545 1591 639 1645 καὶ
693 1588 827 1645 ἄλλα
885 1588 943 1643 δὲ
1006 1591 1179 1662 μυρία
1238 1594 1332 1646 καὶ
1387 1597 1607 1649 ποικίλα
1661 1598 1807 1652 κακὰ
1858 1600 1921 1651 ὲκ

347 1677 552 1736 τούτων
583 1678 817 1746 φύεσθαι
859 1682 1123 1748 πέφυκεν,
1159 1681 1304 1752 ἅπερ
1337 1685 1681 1754 ἀπαριθμεῖν
1713 1702 1771 1737 τε
1823 1687 1917 1739 καὶ

348 1769 636 1841 ὀνομάζειν
684 1773 905 1843 μακρᾶς
960 1774 1028 1826 ἂν
1092 1772 1264 1828 δέοιτο
1331 1776 1676 1846 συγγραφῆς.
1733 1778 1924 1831 Ἀτινα

348 1864 529 1918 πάντα
559 1865 638 1928 εἰς
668 1864 765 1934 τὴν
786 1866 987 1919 κακίαν
1007 1866 1302 1936 ἀνάγονται
1332 1869 1430 1938 τὴν
1455 1871 1521 1922 ὲκ
1554 1870 1919 1939 παρατροπῆς

348 1956 640 2025 γινομένην
664 1957 760 2027 τῆς
795 1958 1204 2028 ἐπιθυμητικῆς
1246 1960 1531 2030 δυνάμεως
1576 1963 1675 2029 τῆς
1714 1962 1918 2032 ψυχῆς,

347 2053 425 2111 ὡς
455 2050 524 2101 τὰ
562 2049 677 2120 είδη
717 2050 852 2119 πρὸς
874 2053 1052 2116 γένος.
1090 2052 1492 2107 Ἀνυπόστατον
1534 2054 1589 2108 δὲ
1627 2055 1730 2126 τὴν
1769 2071 1922 2123 κενου

346 2141 526 2207 δοξίαν
582 2137 734 2218 εἶπεν
783 2144 811 2195 6
863 2143 1041 2209 ἅγιος,
1075 2145 1218 2215 ὄτιή
1272 2145 1591 2216 ἀνθρωπίνη
1647 2148 1783 2218 τιμὴ
1835 2146 1920 2200 διὰ

348 2235 504 2289 τοῦτο
552 2216 770 2302 λέγεται
804 2235 953 2303 δόξα,
984 2237 1058 2300 ὡς
1090 2237 1357 2307 ὑπόληψις
1411 2240 1570 2308 μόνον
1617 2239 1778 2305 οὖσα,
1826 2242 1922 2292 καὶ

351 2325 498 2376 οῦδὲν
547 2325 796 2392 ὑφεστὼς
832 2326 1055 2397 ἔχουσα,
1101 2329 1163 2388 οὐ
1205 2328 1444 2399 βέϐαιον,
1492 2331 1613 2383 οὐδὲ
1667 2330 1919 2400 μόνιμον,

349 2415 481 2469 ἀλλά
512 2417 734 2485 δόκησις
760 2420 1103 2490 τυγχάνουσα
1153 2421 1315 2489 μόνον
1346 2422 1441 2475 καὶ
1485 2424 1776 2492 φαντασία.
1814 2423 1923 2476 Καὶ

348 2509 480 2562 αὐτὸ
531 2510 587 2562 δὲ
629 2511 691 2564 τὸ
741 2512 911 2583 ὄνομα
960 2517 1060 2584 τῆς
1108 2515 1413 2580 κενοδοξίας
1467 2518 1924 2586 ἐκφαντικωτέρα

302 2640 305 2643 ‹
349 2600 580 2670 δήλωσις
611 2602 706 2653 τοῦ
730 2603 1023 2672 λεγομένου
1054 2606 1189 2658 ἐστί.
1225 2605 1480 2661 Ματαίαν
1513 2608 1622 2677 γὰρ
1652 2607 1924 2675 ὑπόληψιν

349 2696 441 2744 καὶ
472 2695 569 2746 οὔκ
601 2695 775 2764 ἀληθῆ
817 2697 989 2749 ταῦτα
1027 2694 1168 2751 εἶναι
1200 2698 1469 2753 διδάσκει.
1510 2700 1619 2753 Τοῦ
1662 2700 1718 2752 δὲ
1759 2699 1924 2768 θυμι-

351 2784 447 2838 κοῦ
475 2790 574 2855 τῆς
600 2785 779 2855 ψυχῆς
834 2790 1036 2858 μέρους
1067 2789 1268 2859 ἀρετὴν
1320 2789 1419 2861 μὲν
1450 2790 1547 2842 καὶ
1584 2790 1920 2860 κατόρθωμα

351 2879 517 2947 λέγει,
555 2880 616 2932 τὸ
650 2881 786 2949 προς
832 2882 1033 2934 κακίαν
1079 2882 1258 2948 μῖσος.
1314 2881 1409 2935 καὶ
1460 2883 1521 2935 τὸ
1562 2884 1679 2945 τοῖς
1718 2882 1921 2935 πάθεσι

353 2973 644 3042 μάχεσθαι,
678 2975 774 3027 καὶ
824 2977 902 3043 μὴ
944 2974 1281 3027 ὑποκύπτειν
1332 2976 1426 3028 καὶ
1474 2974 1794 3029 δουλοῦσθαι
1827 2977 1923 3030 αὖ·

352 3067 481 3127 τοῖς,
514 3066 611 3117 καὶ
644 3066 705 3118 τὸ
734 3071 833 3133 τὴν
879 3067 1061 3136 ψυχὴν
1095 3068 1230 3135 πρὸς
1276 3068 1501 3137 ἀνδρίαν
1546 3071 1917 3137 ὲστομῶσθαι,

2029 591 2444 646 innumerabilia
2485 608 2547 646 ex
2585 593 2651 645 iis
2675 596 2858 648 enasci
2893 595 3088 657 solent,
3130 596 3194 647 ad
3233 613 3353 663 quae
3387 597 3602 662 quidem

2027 685 2391 740 enumeranda
2443 700 2506 740 ac
2535 686 2861 738 nominanda
2918 685 3072 751 longa
3135 690 3429 755 scriptione
3471 703 3606 756 opus

2026 790 2190 841 esset.
2249 779 2379 845 Quae
2436 778 2652 846 quidem
2700 781 2883 834 oinuia
2917 780 3251 833 reducuntur
3280 781 3344 833 ad
3386 780 3601 841 vilium,

2027 872 2168 939 quod
2192 871 2251 926 ﬁt
2278 887 2342 927 ex
2376 871 2818 941 concupiscibilis
2838 874 3031 926 animm
3066 874 3338 927 facultatis
3364 873 3605 925 declina-

2027 966 2190 1028 tione,
2229 976 2483 1032 tanquam
2516 964 2728 1033 species
2758 965 2822 1015 ad
2858 979 3045 1033 genus.
3074 963 3189 1017 Non
3216 967 3603 1017 ronsisteutmu

2026 1062 2204 1109 autem
2234 1072 2424 1110 vanam
2450 1058 2672 1125 gloriam
2701 1056 2830 1110 dicit
2852 1067 3092 1115 sanctus,
3126 1058 3267 1123 quod
3298 1061 3472 1109 honor
3500 1056 3597 1110 ltu-

2030 1162 2217 1200 manus
2255 1156 2536 1216 propterea
2595 1146 2793 1201 dicitur
2826 1146 3015 1200 Graece
3052 1148 3199 1213 δὸξχ,
3232 1158 3283 1199 ιιι
3348 1162 3470 1215 quze
3533 1148 3606 1200 sit

2026 1240 2200 1295 solum
2258 1239 2610 1299 exiStimatio.
2673 1247 2727 1292 et
2789 1239 2922 1293 nihil
2978 1239 3169 1293 habeat
3232 1240 3444 1291 firmum
3502 1254 3605 1293 nec

2026 1332 2223 1387 stabile
2242 1332 2456 1399 quodve
2477 1331 2763 1395 consistat,
2797 1331 2889 1385 sed
2923 1331 3100 1386 solum
3132 1333 3204 1385 sit
3235 1332 3422 1399 opinio
3440 1341 3493 1384 et
3519 1332 3602 1381 vi-

2025 1425 2129 1477 sio.
2154 1421 2324 1475 Porro
2341 1422 2516 1490 ipsum
2539 1436 2756 1490 quoque
2778 1437 2975 1476 nomen
3005 1437 3156 1475 vana:
3177 1422 3361 1487 gloriae
3381 1422 3604 1476 eviden-

2029 1514 2137 1567 tius
2163 1510 2425 1575 dcrlarat,
2446 1510 2588 1580 quod
2614 1511 2818 1565 dictum
2854 1520 2955 1566 est.
2988 1511 3201 1564 lnanem
3238 1511 3380 1564 enim
3414 1509 3604 1564 existi-

2026 1607 2316 1660 mationem
2375 1612 2429 1658 et
2463 1618 2565 1658 non
2596 1618 2775 1656 veram
2803 1618 2921 1657 eam
2952 1617 3071 1656 esse
3097 1602 3276 1657 docet.
3313 1601 3603 1657 lrascibilis

2025 1711 2205 1752 autem
2231 1698 2421 1751 anima:
2447 1695 2616 1765 partis
2640 1697 2895 1748 virtutem
2929 1695 3147 1762 quidem
3180 1706 3491 1761 rectumque
3517 1694 3598 1745 of-

2031 1790 2210 1843 licium
2241 1801 2363 1842 esse
2406 1787 2787 1850 doret,odium
2816 1787 2957 1851 vitii,
2987 1796 3042 1839 et
3063 1800 3301 1853 pugnare
3329 1800 3448 1838 cum
3485 1787 3602 1837 aui-

2029 1882 2098 1935 mi
2130 1880 2650 1947 perturbationibus,
2673 1893 2774 1932 nec
2803 1894 2862 1933 se
2897 1878 2975 1932 eis
3001 1878 3339 1943 submittere,
3403 1893 3498 1930 nec
3527 1878 3606 1929 eis

2022 1972 2245 2036 servire,
2270 1981 2322 2025 et
2354 1972 2585 2025 animam
2619 1971 2821 2024 habere
2848 1971 2914 2024 ad
2951 1969 3318 2022 fortitudinem
3344 1971 3607 2024 corrobo-

2025 2073 2220 2127 ratam,
2243 2066 2383 2132 quod
2400 2072 2480 2115 est
2499 2078 2559 2115 se
2574 2062 2838 2131 intrepide
2860 2062 3195 2127 lidenterque
3213 2059 3607 2130 gerere.Sumi-

2022 2163 2111 2206 tur
2135 2163 2310 2207 autem
2336 2151 2652 2207 vocabulum
2676 2150 3019 2220 ἐστομῶσθαι
3051 2168 3077 2202 a
3104 2150 3268 2205 ferro.
3290 2149 3441 2204 Sicut
3462 2151 3604 2204 enim

2023 2246 2226 2300 ferrum
2285 2254 2641 2313 temperatum
2668 2254 2750 2299 est
2780 2243 3089 2308 inﬂexibile,
3145 2254 3201 2298 et
3226 2258 3333 2295 rem
3372 2242 3607 2312 quamli-

2026 2338 2113 2390 bet
2135 2353 2254 2404 qute
2279 2336 2527 2390 inciderit
2544 2346 2690 2396 secat
2711 2351 2725 2386 :
2748 2335 2819 2388 ita
2840 2335 2930 2402 qui
2958 2349 3149 2402 magno
3175 2333 3501 2401 excelsaque
3524 2342 3607 2385 est

2024 2430 2231 2491 animo,
2267 2429 2332 2483 ad
2357 2428 2490 2482 nibil
2520 2442 2735 2490 eorum,
2767 2443 2886 2493 qme
2915 2428 3164 2483 videntur
3196 2425 3477 2485 terribilia.
3513 2424 3609 2478 ﬂeo

2025 2523 2211 2586 ctitur,
2253 2521 2346 2574 sed
2378 2529 2463 2574 est
2490 2519 2555 2573 ad
2575 2520 2754 2573 omnia
2778 2521 2915 2574 bono
2944 2520 3235 2583 lidentique
3260 2517 3461 2571 animo.
3491 2516 3606 2569 Non

2025 2614 2168 2664 enim
2212 2620 2437 2666 mortem
2468 2612 2619 2664 timet
2649 2626 2746 2665 nec
2778 2622 3071 2674 tormenta,
3103 2609 3468 2675 voluptatibus
3502 2623 3608 2660 non

2025 2714 2334 2762 θυαε-ναίειν,
2355 2718 2453 2757 nec
2470 2717 2498 2755 a
2519 2703 2908 2758 consuetudine
2927 2704 2977 2755 in
2991 2703 3305 2755 servitutem
3326 2699 3606 2769 redigitur,

2027 2796 2119 2848 sed
2154 2794 2267 2848 lucc
2294 2792 2478 2847 omnia
2517 2794 2841 2853 contemnit,
2877 2794 3035 2846 [idem
3067 2798 3121 2845 et
3149 2774 3607 2857 γίνιιιιθηιρυςεὶο

2027 2887 2180 2954 deus,
2211 2900 2239 2938 a
2272 2885 2467 2952 quibus
2495 2898 2559 2937 ne
2587 2885 2826 2949 excidat,
2860 2894 2911 2938 et
2937 2897 3154 2937 omnem
3192 2884 3428 2935 dolorem
3457 2879 3605 2933 nihili

2025 2976 2195 3041 ducit,
2223 2984 2277 3030 et
2297 2990 2417 3043 quae
2448 2985 2574 3030 sunt
2597 2974 2987 3043 jucumlissima
3016 2974 3279 3042 repudiat.
3302 2972 3608 3040 Prolapsio-

2026 3083 2122 3122 nes
2143 3077 2321 3121 autem
2345 3067 2459 3131 irae,
2492 3083 2589 3122 seu
2616 3070 2681 3120 ab
2712 3068 2939 3121 honesto
2964 3064 3452 3129 deﬂexiones,dicil
3486 3078 3608 3117 esse

352 3158 377 3209 6
407 3158 523 3210 ἐστι
557 3157 616 3208 τὸ
647 3157 935 3227 ἀπτοήτως
974 3158 1119 3228 ἔχειν
1165 3159 1259 3210 καὶ
1297 3157 1603 3227 εὐθαρσῶς.
1648 3159 1918 3230 Είληπται

2031 3159 2302 3222 invidiam,
2334 3159 2542 3222 odium,
2566 3160 2726 3226 iram;
2748 3157 3014 3219 convicia,
3034 3166 3089 3210 et
3107 3157 3207 3209 alia
3230 3171 3353 3224 quat
3387 3171 3609 3228 enume-

353 3248 407 3302 δὲ
438 3251 471 3318 ἡ
502 3247 645 3313 λέξις
676 3249 738 3300 ὲκ
781 3249 875 3301 τοῦ
928 3249 1174 3319 σιδήρου.
1225 3251 1316 3314 Ὠς
1371 3252 1480 3321 γὰρ
1531 3253 1921 3321 ἐστομωμένος

354 3341 568 3419 σίδηρος
609 3340 897 3408 ᾶκαμπτός
944 3341 1061 3394 ἐστι
1095 3341 1190 3396 καὶ
1235 3344 1502 3413 τμητικὸς
1536 3342 1634 3409 τοῦ
1671 3362 1923 3414 παραπε-

354 3432 536 3493 σόντος
580 3430 803 3493 παντλς,
828 3428 971 3485 οὕτω
1004 3430 1100 3484 καὶ
1126 3434 1154 3484 6
1177 3432 1274 3502 τὴν
1304 3433 1484 3503 ψυχὴν
1509 3434 1754 3504 ἀνδρεῖος
1785 3436 1923 3505 πρὸς

356 3522 502 3589 οὐδὲν
529 3522 634 3574 τῶν
671 3521 972 3574 δοκούντων
998 3522 1245 3590 φοϐερῶν
1266 3524 1600 3593 κάμπτεται,
1623 3527 1758 3580 ἀλλὰ
1789 3526 1923 3597 πρὸς

359 3613 530 3667 πάντα
564 3615 711 3665 ἐστὶν
741 3613 1039 3684 εὐθαρσὴς.
1075 3613 1152 3668 Οὐ
1193 3615 1302 3684 γὰρ
1342 3615 1573 3670 θάνατον
1605 3620 1927 3685 καταπτήσ-

361 3721 460 3770 σει,
488 3705 548 3757 οὐ
590 3705 947 3774 κολαστήρια,
971 3706 1033 3759 οὐ
1071 3705 1432 3775 μαλακίζεται
1469 3711 1582 3770 τοῖς
1624 3709 1831 3778 ἡδέσιν,
1867 3709 1926 3760 οὐ

2033 3260 2144 3305 rata
2198 3260 2321 3305 sunt
2345 3262 2395 3302 et
2427 3252 2599 3302 adhuc
2630 3251 2801 3318 plura.
2829 3248 2926 3314 Qui
2960 3260 3041 3302 est
3070 3249 3243 3308 enim,
3266 3247 3460 3314 inquit.
3492 3246 3609 3298 ine-

2032 3346 2261 3406 ruditus,
2289 3343 2340 3397 id
2379 3330 2483 3405 est,
2513 3343 2600 3409 qui
2629 3342 2931 3395 doctrinam
2957 3343 3171 3394 non'eSI
3211 3347 3516 3400 assecutus,
3552 3343 3610 3389 ut

2033 3435 2173 3490 sciat
2225 3434 2312 3487 ubi
2364 3443 2613 3502 Opol‘lenl
2645 3434 2719 3485 ira
2767 3442 3021 3500 tanquam
3065 3431 3229 3484 armis
3270 3430 3473 3482 utiliter
3508 3429 3605 3491 uti,

2034 3540 2092 3578 ea
2133 3525 2390 3576 adversus
2415 3538 2472 3575 se
2496 3523 2687 3584 utitur,
2723 3520 2851 3575 ferri
2879 3523 3046 3573 aciem
3079 3521 3192 3573 sive
3221 3533 3444 3573 acumen
3476 3518 3609 3571 inse

2033 3624 2352 3673 convertens
2369 3626 2422 3668 et
2453 3615 2521 3667 ita
2553 3629 2699 3667 arma
2718 3630 2838 3680 quae
2869 3614 3021 3666 nobis
3052 3627 3082 3665 a
3116 3611 3223 3664 Deo
3253 3613 3377 3669 data
3400 3618 3521 3662 sunt
3543 3611 3608 3659 ad

2026 3706 2198 3761 nostri
2226 3707 2591 3760 defensionem
2617 3716 2668 3759 et
2697 3708 2854 3760 nobis
2886 3705 3164 3757 fct‘t'lltlllln
3202 3703 3484 3766 auxilium,
3511 3702 3608 3769 (ea

361 3796 619 3865 συνηθείᾳ
670 3795 970 3861 δουλοῦται,
1030 3795 1167 3849 ἀλλὰ
1231 3797 1452 3850 πάντων
1511 3799 1623 3851 τῶν
1667 3796 1928 3856 τοιούτων

2031 3806 2204 3851 autem
2237 3807 2361 3850 sunt
2394 3799 2494 3865 ira)
2521 3798 2658 3851 male
2690 3798 2794 3850 ill.s
2825 3797 3098 3849 utentibus
3115 3795 3321 3848 exitum
3352 3807 3445 3847 seu
3483 3807 3606 3860 per-

360 3889 711 3956 καταφρονεί,
753 3887 856 3955 τῆς
896 3887 1133 3950 πίστεως
1176 3887 1270 3940 καὶ
1310 3889 1409 3958 τῆς
1453 3887 1660 3956 ἀρετῆς
1705 3888 1928 3957 ἀντεχόι-

2034 3888 2227 3942 niciem
2259 3888 2454 3942 animm
2481 3885 2734 3949 afferunt,
2763 3896 2817 3941 et
2847 3888 3010 3940 etiam
3049 3885 3315 3955 corporis.

361 3992 559 4045 μενος,
572 3978 705 4056 ,ἵνα
754 3978 828 4048 μὴ
871 3976 1073 4030 τούτων
1125 3973 1336 4050 ἐκπέσῃ
1390 3977 1591 4041 παντὸς
1637 3978 1924 4052 ὑπερορῶν
1962 3976 2236 4044 ἀλγεινοῦ,
2268 3979 2361 4032 καὶ
2391 3977 2461 4029 τὰ
2499 3977 2695 4047 ἥδιστα
2780 3975 3236 4046 παραιτούμενος.
3318 3968 3605 4026 Ἀποπτώ-

362 4088 510 4142 ματα
556 4071 613 4123 δέ
668 4088 834 4141 φησιν
912 4065 1051 4124 εἶναι
1100 4069 1196 4123 τοῦ
1245 4070 1567 4140 θυμοειδοῦς
1652 4072 1750 4139 τῆς
1796 4070 2001 4140 ψυχῆς,
2036 4070 2207 4142 ῆγουν
2245 4068 2549 4132 ἐκπτώσεις
2610 4070 2674 4121 ἐκ
2731 4067 2825 4121 τοῦ
2888 4066 3080 4131 καλοῦ,
3138 4066 3230 4118 τὸν
3281 4064 3498 4134 φθόνον,
3548 4064 3606 4114 τὸ

362 4164 666 4234 μῖσος,τὴν
731 4162 915 4233 μῆνιν,
940 4163 1037 4224 τὰς
1093 4162 1383 4233 λοιδορίας,
1416 4162 1511 4216 καὶ
1561 4163 1627 4215 τὰ
1677 4162 1811 4215 ἄλλα
1854 4164 1923 4215 τὰ
1950 4163 2408 4233 ἀπηριθμημένα,
2437 4161 2769 4215 καὶτούτων
2813 4161 2871 4218 δὲ
2913 4159 3103 4214 πλείω.
3148 4159 3204 4210 '0
3267 4160 3376 4226 γὰρ
3441 4155 3606 4208 ἀπαί-

364 4262 565 4326 δευτος,
619 4261 807 4329 φησὶν,
834 4259 1002 4329 ἤγουν
1050 4261 1076 4311 6
1132 4259 1207 4327 μὴ
1277 4257 1528 4318 παιδείας
1582 4257 1780 4328 τυχὼν,
1850 4257 1994 4310 ὥστε
2030 4259 2227 4319 εἰδέναι
2261 4259 2363 4311 ποῦ
2398 4257 2501 4327 χρὴ
2544 4257 2624 4327 τῷ
2670 4257 2829 4325 θυμῷ
2863 4256 3172 4325 κεχρῆσθαι
3214 4252 3508 4322 ὠφελίμως
3534 4250 3607 4311 ὡς

365 4354 533 4422 ὅπλῳ,
574 4353 694 4406 καθ’
728 4350 924 4404 ἑαυτοῦ
956 4334 1222 4419 κέχρηται
1249 4348 1441 4419 τούτῳ,
1472 4350 1572 4419 τὴν
1602 4352 1786 4420 ἀκμὴν
1825 4350 1916 4402 τοῦ
1961 4349 2208 4420 σιδήρου,
2231 4351 2329 4420 τὴν
2354 4350 2592 4419 ὀξύτητα
2620 4349 2845 4420 δηλαδὴ,
2918 4349 3140 4417 τρέπων
3168 4346 3299 4413 πρὸς
3376 4344 3568 4396 ἑαυτὸν
3593 4357 3606 4370 ’

366 4446 688 4513 καὶγίνεται
726 4442 870 4497 οὕτω
897 4443 956 4495 τὸ
981 4441 1166 4507 ὅπλον,
1200 4441 1373 4510 ὃήμῖν
1400 4441 1555 4510 ἐδόθη
1597 4442 1749 4512 παρᾶ
1786 4441 1919 4495 Θεοῦ
1959 4445 2039 4505 εἰς
2067 4446 2301 4510 ἄμυναν,
2324 4442 2443 4513 ἦτοι
2469 4444 2549 4504 εἰς
2586 4440 2866 4510 βοήθειαν,
2897 4440 3057 4492 τοῦτο
3115 4440 3172 4493 δέ
3204 4442 3353 4491 ἐστιν
3430 4440 3456 4489 6
3511 4435 3605 4489 θυι

368 4542 484 4611 μδς,
522 4536 708 4600 κακῶς
751 4536 900 4606 αὑτῷ
944 4538 1307 4606 κεχρημένοις
1356 4538 1436 4598 είς
1483 4535 1728 4608 ὄλεθρον,
1753 4540 1919 4608 ῆγουν
1960 4542 2036 4602 είς
2070 4539 2278 4607 βλαὸην
2313 4539 2573 4611 ψυχικὴν,
2600 4538 2738 4591 ἀλλὰ
2764 4537 2870 4607 μὴν
2901 4539 2995 4609 καὶ
3025 4538 3372 4605 σωματικήν.

512 4646 517 4652 ’
992 4630 1231 4683 ΚΑΝΩΝ
1270 4630 1345 4680 B'.

2552 4632 2709 4702 155
2742 4629 2971 4686 canos
3015 4628 3075 4681 u.

450 4740 663 4793 Τούτων
686 4739 862 4793 τοίνυν
888 4740 1025 4791 κατὰ
1048 4739 1135 4790 τὸν
1164 4737 1449 4808 εἰρημένον
1478 4737 1928 4808 διακρινηθέντων

2111 4734 2205 4787 llis
2245 4733 2424 4799 itaque
2451 4727 2552 4779 hoc
2575 4725 2736 4780 modo
2768 4722 3065 4784 distinctis,
3106 4738 3441 4792 quaecunque
3468 4725 3592 4792 qui-

381 4832 598 4904 τρόπον,
620 4833 720 4883 ὅσα
746 4832 841 4900 μὲν
869 4830 1238 4898 ἁμαρτήματα
1260 4828 1352 4880 τοῦ
1374 4828 1677 4894 λογιστικοῦ
1714 4828 1811 4897 τῆς
1839 4830 1936 4897 ψυ-

384 4924 483 4993 χῆς
512 4924 735 4976 ἅπτεται
766 4921 980 4991 μέρους,
997 4919 1343 4989 χαλεπώτερα
1368 4919 1516 4987 παρὰ
1542 4919 1649 4971 τῶν
1681 4920 1938 4989 Πατέρων

388 5012 595 5081 ἐκρίθη,
627 5011 717 5062 καὶ
751 5007 988 5077 μείζονος
1014 5009 1106 5059 καὶ
1135 5006 1519 5075 διαρκεστέρας
1548 5007 1638 5057 καὶ
1669 5007 1940 5057 ἐπιπονω-

387 5100 548 5169 τέρας
570 5100 665 5169 τῆς
688 5098 1014 5167 ἐπιστροφῆς
1037 5096 1159 5160 ἀξια
1182 5115 1193 5126 ·
1229 5089 1335 5146 οἷον
1364 5100 1409 5145 ει
1438 5112 1521 5156 τις
1550 5096 1817 5162 ἠρνήσατο
1846 5096 1940 5163 τὴν

391 5193 468 5253 είς
495 5189 721 5260 Χριστὸν
753 5188 951 5250 πίστιν,
980 5187 1012 5256 ἢ
1051 5187 1185 5257 πρὸς
1230 5185 1553 5254 Ἰουδαϊσμόν
1578 5224 1591 5245 ,
1623 5185 1653 5253 ἢ
1701 5186 1832 5253 πρὸς
1865 5189 1945 5238 εἰ-

389 5281 795 5352 δωλολατρείαν,
830 5279 863 5349 ἢ
896 5279 1029 5348 πρὸς
1054 5278 1422 5346 Μανιχαῐσμὸν
1447 5318 1461 5341 ,
1499 5277 1527 5345 ἢ
1563 5278 1695 5345 πρὸς
1741 5276 1865 5328 ἀλλο
1893 5294 1944 5328 τι

389 5372 624 5426 τοιοῦτον
678 5370 860 5433 ὰθεϊας
902 5366 1036 5431 εἶδος
1088 5367 1457 5437 αὐτομολήσας
1502 5370 1705 5436 ἐφάνη,
1757 5367 1785 5417 6
1847 5369 1944 5433 μὲν

395 5463 652 5526 ἑκουσίως
688 5463 780 5515 ἐπὶ
827 5460 887 5514 τὸ
933 5459 1167 5513 τοιοῦτον
1191 5461 1436 5531 ὁρμήσας
1465 5459 1631 5511 κακὸν
1656 5498 1670 5521 ,
1707 5455 1821 5511 εἶτα
1852 5477 1946 5510 κα-

393 5551 622 5620 ταγνοὺς
643 5550 834 5603 ἑαυτοῦ
857 5591 871 5611 ,
902 5548 1088 5617 χρόνον
1112 5549 1201 5600 τὸν
1229 5550 1323 5616 τῆς
1352 5548 1631 5616 μετανοίας
1671 5548 1803 5617 ἔχει,
1830 5548 1946 5599 ὅλον
1986 5568 1989 5571 ·

394 5642 485 5694 τὸν
515 5643 614 5709 τῆς
640 5640 783 5709 ζωῆς
816 5638 995 5692 αὐτοῦ.
1043 5638 1305 5691 Οὐδέποτε
1333 5642 1439 5708 γὰρ
1477 5636 1741 5707 μυστικῆς
1771 5641 1948 5689 ἐπιτε-

397 5729 657 5799 λουμένης
704 5729 894 5797 εὑχῆς,
952 5727 1086 5795 μετὰ
1128 5726 1219 5777 τοῦ
1274 5725 1398 5777 λαοῦ
1449 5728 1811 5796 προσκυνῆσαι
1860 5727 1949 5777 τὸν

398 5820 527 5872 θεον
555 5819 914 5885 καταξιοῦται,
950 5818 1081 5871 ἀλλὰ
1105 5818 1414 5887 καταμόνας
1444 5819 1540 5887 μὲν
1564 5817 1774 5881 εὔξεται
1799 5835 1809 5846 ·
1855 5820 1949 5887 τῆς

2039 4823 2157 4876 dem
2204 4829 2424 4890 peccata
2467 4815 2677 4869 ratione
2707 4814 2985 4883 praeditam
3025 4813 3218 4866 animae
3264 4821 3467 4880 partem
3516 4824 3597 4863 ιιι»

2040 4916 2275 4979 tingunt,
2328 4902 2450 4963 esse
2491 4906 2737 4976 graviora
2788 4919 2816 4957 a
2859 4903 3109 4958 Pati-ibus
3159 4906 3396 4973 judicata
3447 4918 3594 4969 sunt,

2042 5014 2094 5056 et
2138 5000 2329 5065 majori
2363 5014 2427 5051 ac
2475 4995 2852 5050 suflicientiori
2893 5005 2939 5049 ct
2993 4996 3335 5049 laboriosiori
3368 5014 3596 5050 conver-

2041 5095 2189 5146 sione
2212 5091 2370 5159 digna
2401 5108 2411 5142 :
2445 5086 2900 5157 quemadmodum
2930 5087 2974 5141 si
3015 5088 3136 5153 quis
3165 5086 3196 5138 li
3221 5088 3321 5138 lem
3352 5088 3402 5139 in
3438 5090 3599 5141 (ibri-
3642 5084 3657 5091 ’

2043 5191 2181 5236 stum
2236 5181 2470 5249 negavit.
2526 5182 2606 5233 vel
2673 5179 2739 5232 ad
2770 5179 3148 5245 judaismum,
3191 5178 3269 5231 vel
3331 5180 3596 5237 idolorum

2043 5274 2280 5335 cultum,
2337 5271 2419 5324 vel
2483 5270 2971 5328 manichwismum,
3033 5270 3112 5322 vel
3176 5270 3391 5339 aliquod
3452 5272 3595 5326 aliud

2045 5358 2337 5426 impietatis
2390 5371 2560 5425 genus
2601 5356 2898 5411 descivisse
2931 5357 3080 5412 visus
3132 5358 3221 5420 sit,
3262 5361 3355 5428 qui
3407 5360 3599 5413 volun-

2046 5450 2180 5501 tarie
2227 5446 2443 5515 quidem
2498 5461 2556 5499 se
2618 5448 2682 5499 ad
2736 5447 2786 5498 id
2847 5449 3046 5501 malum
3099 5450 3348 5512 contulit,
3409 5450 3605 5505 deinde

2047 5538 2281 5605 seipsum
2327 5536 2729 5612 condemnavit,
2798 5544 2968 5590 totum
3025 5546 3239 5607 tempus
3290 5539 3408 5593 vita-
3447 5542 3603 5595 ltalnt

2050 5629 2376 5697 poenitentiae
2435 5634 2665 5695 tempus.
2721 5624 3015 5696 Nunquam
3054 5631 3221 5691 enim,
3284 5632 3327 5684 si
3380 5633 3602 5701 mystica

2051 5722 2337 5781 peragatur
2383 5720 2577 5775 oratio,
2625 5712 2786 5766 Deum
2849 5732 2953 5767 una
2990 5731 3109 5769 cum
3149 5720 3343 5786 populo
3381 5722 3606 5775 adorare

2051 5803 2243 5873 dignus
2277 5803 2602 5865 censebitur,
2636 5808 2727 5857 sed
2759 5820 3003 5859 seorsum
3045 5810 3389 5876 precabitur;
3449 5828 3476 5862 ιι
3515 5830 3603 5883 δςιο
