4020 6426
413 342 518 405 δυ3

1693 338 1968 398 THEUU.
2014 338 2414 399 B.\LSAMUN

3564 322 3662 388 854

416 456 818 501 cramentorum
887 457 1065 499 autem
1136 446 1522 500 communione
1579 447 1803 503 omnino
1867 452 1972 507 erit

2118 446 2163 499 Ξὲ
2208 444 2487 508 κοινωνίας
2534 444 2640 500 τῶν
2684 442 3035 515 ἁγιασμὰτων
3114 440 3346 497 καθόλου
3395 440 3666 514 ἀλλότριος

419 538 660 599 alienus;
714 536 766 588 iu
811 535 941 589 hora
994 544 1171 588 autem
1222 538 1304 590 sui
1349 543 1395 591 e'
1424 538 1535 590 vita
1581 552 1861 605 excessus,
1889 554 1976 595 sa-

418 625 681 678 Cratttcnli
726 624 1125 679 communionis
1168 626 1270 678 erit
1328 626 1621 695 particeps.
1669 625 1764 681 Sin
1798 637 1975 683 autem

422 718 711 783 contigerit
742 725 798 768 ut
822 716 867 770 is
895 724 1087 784 printer
1108 731 1261 784 spem
1293 716 1456 779 vivat,
1487 716 1541 771 in
1568 716 1756 772 eodem
1786 735 1980 781 rursus

425 808 565 857 vin
607 806 836 873 judicio,
878 807 1228 876 mysticorum
1259 815 1727 864 sacramentorum
1758 811 1823 864 ad
1857 810 1982 867 vita:

424 897 626 949 exitum
690 911 862 965 usque
908 911 1121 964 expers.
1174 894 1279 961 Qui
1345 904 1525 950 autem
1580 900 1869 955 tormentis
1926 909 1981 956 et

339 1055 344 1059 _
425 988 681 1055 gravibus
735 986 1016 1054 suppliciis
1052 986 1373 1050 excruciati,
1423 987 1460 1040 ii
1506 988 1814 1057 praestituto
1847 999 1980 1045 tem-

426 1091 556 1143 pore
606 1075 918 1143 punientur,
965 1074 1172 1128 sanctis
1226 1074 1480 1130 Patribus
1529 1076 1609 1129 sic
1641 1077 1695 1129 in
1748 1092 1843 1134 eos
1876 1079 1985 1133 cle-

429 1165 628 1217 mentia
677 1164 811 1221 usis.
861 1172 1117 1232 tanquam
1165 1165 1341 1216 anima
1390 1181 1497 1219 non
1553 1167 1703 1235 lapsa
1750 1169 1840 1231 sit,
1890 1169 1981 1222 sed

428 1256 728 1323 corporalis
791 1256 1135 1309 imbecillitas
1196 1257 1483 1311 tormentis
1542 1271 1647 1309 non
1700 1259 1983 1313 restiterit.

429 1345 606 1409 Quare
658 1360 910 1398 mensura
945 1360 1131 1398 eorum
1162 1347 1250 1413 qui
1297 1347 1349 1398 in
1394 1347 1757 1401 fornicatione
1790 1363 1986 1417 pecca-

432 1447 579 1494 runt,
623 1444 673 1487 et
723 1435 775 1486 vi
817 1436 1109 1503 doloreque
1155 1452 1412 1513 expressa
1486 1440 1872 1507 transgressio,
1932 1440 1987 1496 in

430 1524 810 1587 conversione,
857 1524 1044 1577 eodem
1095 1525 1271 1590 spatio
1316 1525 1565 1580 dimensa
1617 1537 1722 1580 est.

498 1599 693 1657 BALS.
730 1598 1023 1671 Postquam
1057 1604 1192 1657 dixit
1224 1615 1465 1669 sanctus,
1499 1617 1621 1681 post
1651 1608 1996 1678 prooemium,

429 1697 604 1754 instar
639 1696 920 1766 cujusdam
950 1698 1307 1765 przecedentis
1340 1699 1816 1765 contemplationis
1841 1742 1855 1763 ,
1913 1702 1999 1755 cui

2110 537 2264 591 ἔσται
2289 550 2303 565 ⁸
2335 532 2394 585 ὲν
2420 532 2479 587 δὲ
2511 536 2576 604 τῇ
2603 532 2722 605 ὥρᾳ
2744 532 2844 602 τῆς
2868 532 3042 598 ἐξόδου
3070 530 3232 584 αὑτοῦ
3256 571 3271 595 ,
3298 531 3421 583 τότε
3449 531 3547 601 τῆς
3578 532 3665 585 τοῦ

2111 625 2449 694 ἁγιάσματος
2504 623 2713 693 μερίδος
2767 622 3142 692 ἀξιωθήσεται.
3194 623 3260 674 Ei
3319 621 3378 674 δὲ
3431 621 3662 690 animuin

2115 716 2240 786 παρ’
2270 714 2487 777 ἐλπίδας
2512 714 2666 784 ζῆσαι
2695 714 2875 776 αὐτὸν,
2908 712 3067 765 πὰλιν
3089 714 3145 765 ὲν
3163 711 3244 781 τῷ
3268 711 3419 780 αὐτῷ
3449 712 3668 781 κρίματι

2090 796 2453 865 ’διαϐιώσεται
2480 846 2494 867 ,
2543 805 2802 875 ἀμέτοχος
2842 804 2949 856 τῶν
2997 803 3273 873 μυστικῶν
3320 802 3670 872 ἁγιασμάτων

2121 898 2280 967 μέχρι
2312 896 2407 965 τῆς
2437 895 2612 960 ἐξόδου
2653 895 2950 964 γινόμενος.
2979 895 3041 947 Οἱ
3069 893 3125 945 δὲ
3174 893 3435 962 βασάνοις
3463 894 3556 945 καὶ
3595 910 3671 951 τι-

2123 986 2352 1055 μωρίαις
2382 986 2642 1055 χαλεπαῖς
2668 984 3001 1046 αίκισθέντες
3026 1024 3040 1048 ,
3085 986 3140 1037 ὲν
3174 982 3329 1053 ῥητῷ
3363 983 3540 1051 χρόνῳ
3586 986 3673 1035 ὲπ-

2122 1074 2452 1143 ετιμήθησαν
2474 1115 2489 1138 ,
2518 1072 2657 1127 οὕτω
2684 1073 2790 1126 τῶν
2818 1073 2985 1139 ἁγίων
3013 1072 3271 1141 Πατέρων
3304 1070 3676 1140 φιλανθρωπίᾳ⁵

2125 1162 2207 1215 ἐπ’
2241 1161 2415 1219 αὐτῶν
2442 1161 2793 1235 χρησαμένων
2812 1202 2826 1221 ,
2856 1161 2929 1223 ὡς
2957 1161 3074 1229 οὐχὶ
3101 1160 3282 1229 ψυχῆς
3312 1158 3677 1227 γεγενημένης

2127 1255 2180 1304 ἐν
2229 1252 2518 1322 πτώματι,
2555 1251 2689 1305 ἀλλὰ
2736 1250 2833 1318 τῆς
2886 1252 3196 1319 σωματικῆς
3237 1246 3525 1307 ἀσθενείας
3556 1245 3679 1314 πρὸς

2125 1344 2221 1405 τὰς
2252 1343 2432 1402 αἱκίας
2478 1343 2576 1394 οὐκ
2605 1340 2976 1410 ἀντισχούσης.
3025 1339 3114 1391 Διὸ
3139 1337 3215 1406 τῷ
3267 1334 3453 1405 μέτρῳ
3486 1334 3590 1388 τῶν
3629 1336 3680 1387 ἐν

2130 1433 2352 1501 πορνείᾳ
2384 1432 2881 1500 πλημμελησάντων
2905 1469 2919 1492 ,
2956 1430 3046 1481 καὶ
3083 1429 3115 1496 ή
3151 1427 3488 1496 βεϐιασμένη
3517 1441 3574 1475 τε
3599 1424 3682 1475 καὶ

2128 1521 2393 1585 ἐπώδυνος
2421 1519 2720 1590 παράϐασις
2752 1521 2807 1572 ὲν
2828 1521 2892 1588 τῇ
2921 1518 3217 1586 ἐπιστροφῇ
3255 1511 3649 1582 συνεμετρήθη.

2177 1606 2368 1660 ΒΧΛΣ.
2409 1605 2589 1658 Εἰπὼν
2631 1604 2772 1675 μετὰ
2810 1605 2868 1657 τὸ
2909 1607 3193 1674 προοίμιον
3235 1608 3313 1672 ὡς
3351 1611 3411 1661 ἐν
3453 1614 3681 1679 προθεω-

2109 1698 2198 1769 of;
2236 1700 2262 1749 ὁ
2308 1697 2463 1765 ἁγιος
2506 1697 2611 1749 τίνι
2656 1698 2766 1750 τῶν
2806 1695 3052 1767 ψυχικῶν
3093 1698 3386 1766 δυνάμεων
3433 1699 3681 1769 ἁρμόττει

430 1788 628 1841 animae
659 1785 971 1839 facultatum
1007 1787 1429 1854 unumquodque
1479 1798 1627 1841 recte
1681 1789 1881 1842 factum
1918 1792 1998 1843 vel

2118 1792 2334 1841 ἕκαστον
2376 1788 2483 1841 τῶν
2529 1791 2969 1860 κατορθωμάτων
3014 1789 3047 1860 ἢ
3092 1791 3203 1842 τῶν
3250 1791 3681 1857 ἐλαττωμάτων,

430 1888 714 1949 peccatum
748 1877 1023 1941 convenit,
1065 1893 1205 1931 nunc
1248 1887 1441 1931 tractat
1472 1880 1536 1933 de
1574 1882 1750 1949 pmnis
1776 1882 1999 1935 istorum

431 1980 772 2037 peccatorum
800 1985 816 2023 :
866 1978 920 2021 et
968 1969 1090 2022 aliis
1120 1970 1390 2021 deteriora
1421 1985 1541 2025 esse
1572 1972 1700 2025 dicit
1728 1981 1781 2025 et
1814 1974 1939 2027 talia
1972 1988 2001 2026 a

432 2059 680 2112 f’atribus
713 2073 834 2111 esse
862 2059 1129 2126 jndicata,
1160 2075 1280 2128 quae
1317 2061 1526 2116 ratione
1556 2065 1834 2130 prmditam
1890 2066 2006 2116 ani-

431 2164 533 2203 nne
561 2160 767 2217 partem
795 2150 1069 2214 attingunt
1117 2159 1171 2202 et
1222 2150 1574 2206 laboriosiore
1629 2155 1893 2209 medicina
1926 2156 2007 2209 di-

430 2252 535 2306 gna
566 2253 687 2292 esse
719 2238 924 2300 habita,
954 2255 1020 2292 ex
1049 2239 1249 2308 quibus
1276 2257 1397 2294 esse
1420 2243 1550 2296 dicit
1579 2245 1787 2312 lapsum
1815 2263 1841 2296 a
1873 2245 2001 2311 fide;

431 2339 491 2382 ut
521 2330 736 2398 quando
765 2331 909 2398 quis,
949 2330 1051 2384 fide
1085 2331 1136 2384 in
1168 2332 1440 2387 Christum
1474 2347 1688 2407 negata,
1715 2337 1781 2390 ad
1816 2336 2005 2391 iudai-

431 2435 604 2473 smum
662 2420 745 2474 vel
801 2419 1182 2475 Hellenismqu
1243 2424 1614 2487 declinaverit,
1671 2428 1756 2491 vel
1791 2429 1854 2480 ad
1904 2430 2006 2481 ali-

430 2526 596 2578 quam
628 2512 849 2565 vetitam
901 2513 1156 2576 barresin,
1211 2525 1302 2568 aut
1355 2517 1420 2569 ad
1473 2517 1616 2571 aliud
1650 2520 2007 2588 quodcunque

432 2618 607 2672 genus
644 2603 993 2660 inﬁdelitatis.
1028 2605 1366 2663 lnfldelitatis
1397 2624 1560 2678 porro
1590 2625 1761 2680 genus
1797 2613 2007 2666 vocavit

432 2705 486 2748 ot
540 2695 877 2750 Judaismum
930 2708 985 2753 et
1040 2699 1295 2765 haereses,
1349 2716 1412 2754 eo
1464 2705 1603 2769 quod
1664 2705 1760 2757 etsi
1837 2703 2004 2759 Judaei

433 2786 601 2840 Deum
639 2787 1028 2851 confiteantur,
1068 2790 1228 2845 faelis
1266 2803 1442 2845 tatnen
1474 2810 1597 2847 eum
1634 2805 1844 2862 negant.
1872 2797 2007 2852 Cum

432 2879 574 2929 enim
607 2876 798 2931 Filium
836 2895 942 2933 non
981 2883 1336 2947 susceperint,
1369 2897 1466 2936 nec
1496 2882 1708 2939 Patrem
1741 2888 2013 2944 honorare

434 2971 756 3029 creduntur,
789 2972 1085 3024 secundum
1119 2986 1369 3038 magnum
1399 2976 1699 3041 apostolum
1726 2975 2009 3044 Joannem,

434 3058 526 3125 qui
555 3059 717 3113 dicit:
762 3060 1066 3129 Quicunque
1100 3072 1252 3128 negat
1309 3060 1532 3128 Filium,
1586 3068 1631 3120 is
1676 3084 1766 3120 nec
1802 3069 2011 3124 Patrem

2105 1882 2227 1931 ficu
2273 1879 2367 1931 καὶ
2414 1881 2543 1949 περὶ
2590 1878 2699 1932 τῶν
2750 1881 3042 1947 ἐπιτιμίων
3086 1878 3195 1929 τῶν
3247 1876 3307 1943 ἐξ
3363 1877 3543 1931 αὐτῶν
3585 1877 3683 1928 τῶν

2107 1974 2138 2023 ἁ
2165 1971 2520 2040 ιαρτημάτων
2553 1970 2909 2036 διαλαμϐάνει
2937 1987 2950 2002 ⁸
2985 1970 3078 2023 καὶ
3114 1971 3341 2039 χείρονα
3376 1969 3485 2022 τῶν
3519 1969 3681 2023 ἄλλων

2106 2059 2242 2112 ε’νίι
2274 2059 2421 2127 λέγει
2460 2062 2553 2113 καὶ
2589 2060 2738 2130 παρὰ
2770 2048 2880 2114 τῶν
2915 2061 3173 2129 Πατέρων
3208 2059 3470 2129 κριθῆναι
3504 2059 3568 2111 τὰ
3600 2057 3683 2111 τοῦ

2106 2151 2415 2211 λογιστικοῦ
2443 2151 2541 2220 τῆς
2570 2152 2746 2220 ψυχῆς
2781 2152 2981 2221 μέρους
3012 2151 3327 2219 ἁπτόμενα,
3361 2151 3454 2203 καὶ
3481 2150 3578 2216 τῆς
3610 2149 3689 2201 θε-

2112 2244 2335 2311 ραπείας
2369 2244 2779 2314 ὲπιπονωτέρας
2812 2243 3131 2312 ἀξιωθῆναι,
3161 2243 3223 2308 ἐξ
3257 2237 3334 2296 ὧν
3368 2260 3533 2312 φησιν
3560 2239 3686 2293 εἶναι

2107 2336 2203 2402 τὴν
2239 2338 2301 2386 ὲκ
2336 2336 2434 2403 τῆς
2477 2333 2646 2404 ὀρθῆς
2688 2337 2924 2394 πίστεως
2966 2336 3247 2388 ἔκπτωσιν
3272 2349 3287 2365 ⁶
3330 2334 3406 2396 ὼς
3450 2335 3576 2386 ὅταν
3611 2349 3688 2394 τις

2109 2427 2486 2494 ἀρνησάμενος
2520 2424 2616 2494 τὴν
2650 2429 2731 2488 εἱς
2770 2427 3006 2495 Χριστὸν
3044 2426 3227 2479 πίστιν
3250 2467 3264 2487 ,
3305 2424 3444 2493 πρὸς
3485 2422 3688 2476 Ἰουδαὶ-
3718 2416 3723 2421 ’

2110 2519 2245 2584 σςιὸν
2280 2518 2311 2588 ἢ
2347 2517 2703 2586 Ἐλληνισμδν
2735 2517 3037 2588 ἀποκλίνῃ,
3078 2518 3111 2587 ἢ
3151 2518 3296 2586 πρός
3331 2534 3456 2569 τινα
3495 2518 3689 2584 ἀπηγο-

2113 2614 2389 2681 ρευμένων
2427 2611 2729 2680 αἱρέσεων,
2774 2608 2806 2681 ἢ
2850 2611 2984 2679 πρὸς
3031 2610 3157 2663 ἄλλο
3203 2627 3259 2662 τι
3304 2611 3494 2672 ἀθεΐας
3538 2603 3684 2671 εἶδος.

2124 2701 2332 2763 Ἀθεῖας
2356 2701 2410 2753 δὲ
2440 2698 2579 2763 εἶδος
2610 2701 2836 2753 ἐκάλεσε
2864 2703 2957 2753 καὶ
2985 2701 3076 2753 τὸν
3112 2700 3455 2767 Ἰουδαϊσμὺν
3484 2698 3574 2752 καὶ
3597 2698 3685 2757 τὰς

2111 2795 2372 2859 αἱρέσεις,
2398 2793 2528 2846 διότι
2557 2793 2661 2846 κᾶν
2690 2792 2992 2861 ὁμολογῶσι
3020 2793 3151 2845 Θεὸν
3177 2795 3231 2844 οἱ
3260 2792 3535 2854 Ἰουδαῖοι,
3565 2790 3685 2842 ἀλλὰ

2112 2888 2220 2947 τοῖς
2254 2884 2435 2954 ἔργοις
2469 2886 2630 2938 αὑτὸν
2663 2884 2973 2953 ἀρνοῦνται.
3010 2884 3119 2937 Καὶ
3149 2886 3264 2955 γὰρ
3300 2884 3377 2955 μὴ
3416 2884 3686 2953 δεξάμενοι

2112 2979 2203 3030 τὸν
2235 2978 2381 3042 Υἱὸν,
2415 2978 2535 3030 οὐδὲ
2570 2977 2659 3030 τὸν
2695 2977 2912 3044 Πατέρα
2945 2977 3109 3046 τιμᾷν
3142 2978 3524 3038 πιστεύονται,
3558 2973 3686 3028 κατὰ

2114 3072 2204 3122 τὸν
2241 3069 2412 3136 τιέγαν
2444 3069 2742 3121 ἀπόστολον
2783 3069 3036 3135 Ἰωάννην
3068 3069 3304 3134 λέγοντα
3331 3085 3344 3097 '
3384 3066 3505 3133 Πᾶς
3536 3069 3566 3121 ό
3595 3066 3686 3133 dp-

435 3151 664 3206 habet’.
714 3151 886 3206 Porro
961 3152 1196 3207 bmreses
1246 3170 1462 3222 quoque
1518 3161 1584 3210 ad
1642 3158 2006 3215 infidelitatem

2120 3162 2411 3223 νούμενος
2438 3159 2543 3211 τὸν
2578 3161 2736 3219 Υίιίν,
2762 3158 2903 3212 οὐδὲ
2928 3161 3036 3211 τὰν
3064 3159 3302 3224 Πατέρα
3332 3159 3478 3226 ἔχει.
3512 3158 3613 3211 Καὶ.
3640 3156 3687 3206 αἱ

438 3242 661 3297 ducunt.
694 3241 794 3308 Qui
845 3244 985 3296 enim
1020 3244 1218 3298 Filium
1274 3260 1302 3296 a
1355 3256 1575 3312 paterna
1633 3249 1932 3304 substantia
1964 3262 2018 3305 et

436 3332 606 3400 gloria
669 3343 948 3407 separant,
988 3346 1040 3387 et
1092 3346 1340 3389 sanctum
1390 3338 1649 3406 Spiritum
1709 3352 2013 3395 creaturam

442 3438 765 3492 servumque
801 3436 919 3477 esse
947 3427 1192 3489 crerlunt,
1229 3438 1415 3481 errant
1465 3430 1609 3482 circa
1647 3441 1894 3485 naturam
1928 3434 2014 3485 div

448 3516 645 3583 vinam,
680 3531 777 3571 nec
809 3518 874 3570 de
904 3517 1041 3570 Filio
1072 3534 1174 3571 nec.
1204 3521 1268 3573 de
1300 3522 1501 3588 Spiritu
1524 3534 1667 3578 recte
1696 3525 2013 3591 sentientes,

440 3619 495 3663 et
527 3607 720 3661 merito
771 3608 870 3677 ipsi
922 3624 1139 3678 quoque
1192 3613 1429 3667 infideles
1478 3625 1760 3680 vocentur,
1814 3627 1872 3670 ut
1924 3619 2017 3683 qui

442 3713 545 3749 non
577 3699 775 3751 habent
802 3701 1213 3754 convenientem
1250 3706 1314 3756 de
1350 3704 1456 3759 Deo
1487 3709 1836 3778 sententiam.
1902 3707 2014 3764 Hoc

443 3790 492 3840 in
522 3788 642 3843 aliis
664 3805 878 3859 quoque
905 3791 1200 3849 hmrcsibns
1223 3797 1488 3865 quispiam
1508 3798 1788 3853 invenerit.
1817 3798 2013 3854 Eorum

441 3891 641 3954 itaque,
674 3891 761 3959 qui
794 3902 977 3947 errant
1005 3894 1059 3947 in
1092 3895 1215 3959 fide,
1252 3895 1380 3949 facit
1409 3905 1629 3950 sanctus
1660 3896 2014 3964 divisionem;

444 3993 499 4036 rt
533 3997 627 4036 eos
659 3984 875 4051 quidem
911 3987 1003 4054 qui
1060 3988 1430 4051 desciverunt,
1485 4003 1581 4041 seu
1634 3987 1937 4043 voluntarie
1964 4001 2016 4044 et

444 4072 652 4139 absque
684 4075 1015 4128 necessitate
1073 4076 1230 4131 fidem
1286 4092 1470 4131 veram
1523 4077 1576 4129 in
1610 4077 1887 4132 Christum
1925 4096 2017 4132 ne-

442 4173 657 4229 garom,
694 4164 890 4219 deinde
915 4168 980 4219 ad
1012 4170 1384 4234 paenitentiam
1410 4179 1701 4232 venerunt,
1738 4171 1872 4225 dicit
1905 4179 2014 4224 tota

443 4268 541 4306 sua
573 4254 677 4307 vita
726 4269 845 4310 esse
877 4269 1209 4327 segregatos,
1244 4267 1301 4312 ut
1356 4274 1422 4311 ne
1460 4269 1773 4313 sanctorum
1797 4261 2016 4329 quidem

444 4344 709 4424 donorum
799 4349 1210 4418 participatione
1295 4350 1436 4420 digni
1506 4351 1839 4413 habeantur,
1914 4352 2016 4403 nisi

2120 3252 2362 3322 αἱρέσεις
2405 3251 2459 3303 δὲ
2506 3254 2584 3311 εἰς
2632 3250 2820 3303 ἀθεΐαν
2865 3250 3136 3319 φέρουσιν.
3181 3253 3249 3302 Οἱ
3294 3252 3403 3318 γὰρ
3444 3250 3534 3302 τὸν
3574 3248 3688 3300 Υἱὸν

2120 3342 2219 3412 τῆς
2260 3343 2534 3412 πατρικῆς
2567 3342 2757 3404 οὐσίας
2791 3344 2883 3396 καὶ
2916 3342 3074 3411 δόξης
3111 3341 3448 3412 χωρίζοντες
3469 3382 3480 3399 .

2121 3437 2383 3502 πανὰγιον
2416 3434 2637 3504 Πνεῦμα
2667 3435 2875 3501 κτίσμα
2907 3437 3003 3488 καὶ
3032 3434 3222 3487 δοῦλον
3253 3430 3394 3488 εἶναι
3430 3433 3688 3486 διδάσκοι)-

2117 3544 2229 3590 τες,
2276 3529 2405 3597 περὶ
2450 3527 2549 3594 τὴν
2592 3527 2821 3593 θεότητα
2871 3526 3221 3593 σφάλλονται,
3266 3527 3392 3580 οὔτε
3442 3528 3564 3595 περὶ
3605 3520 3687 3574 τοῦ

2122 3618 2250 3672 Υἱοῦ
2292 3619 2415 3672 οὔτε
2461 3619 2587 3685 περὶ
2628 3619 2720 3670 τοῦ
2766 3618 3083 3684 Πνεύματος
3126 3619 3305 3685 ὑγιῶς
3348 3616 3683 3688 φρονοῦντες,

2121 3715 2213 3765 καὶ
2243 3711 2466 3773 δικαίως
2496 3709 2563 3763 ἂν
2594 3710 2841 3761 καλοῖντο
2870 3707 3021 3761 ἁθεοι
3049 3708 3143 3760 καὶ
3171 3709 3365 3772 αὐτοὶ,
3394 3709 3470 3769 ὡς
3502 3707 3572 3775 μὴ
3600 3704 3687 3769 τὴν

2120 3804 2503 3873 προσήκουσαν
2532 3797 2690 3863 δόξαν
2721 3799 2933 3868 ἔχοντες
2966 3799 3097 3866 περὶ
3128 3796 3224 3849 τοῦ
3254 3798 3416 3850 Θεοῦ.
3447 3794 3608 3848 Τοῦτο
3636 3790 3686 3842 δὲ

2118 3894 2214 3946 καὶ
2246 3894 2341 3946 ἐπὶ
2367 3890 2476 3944 τῶν
2504 3891 2680 3945 ἄλλων
2707 3888 2859 3959 εὖροι
2884 3905 2967 3950 τις
3001 3887 3221 3949 πάντως
3258 3887 3549 3958 αἱρέσεων.
3577 3881 3686 3933 Τῶν

2119 3986 2210 4038 οὖν
2240 3985 2368 4055 περὶ
2398 3985 2494 4054 τὴν
2527 3983 2710 4036 πίστιν
2741 3980 3128 4050 σφαλλομένων
3157 3978 3430 4048 διαίρεσιν
3462 3976 3686 4029 ποιεῖται

2118 4085 2147 4132 ό
2177 4079 2330 4146 ἆγιος
2353 4095 2364 4106 ·
2393 4077 2488 4130 καὶ
2517 4077 2642 4138 τοὺς
2678 4075 2777 4144 μὲν
2808 4072 3317 4143 αὐτομολήσαντας,
3345 4072 3515 4141 ἤγουν
3545 4069 3687 4119 ἑκου·

2122 4172 2250 4230 σίως
2294 4170 2388 4221 καὶ
2430 4169 2601 4236 χωρὶς
2645 4167 2894 4232 ἀνάγκης
2934 4164 3361 4234 ἀρνησαμένους
3401 4162 3499 4230 τὴν
3537 4155 3688 4227 ὀρθήν

2121 4264 2201 4322 εἰς
2250 4261 2482 4331 Χριστὸν
2532 4259 2739 4319 πίστιν,
2787 4253 2907 4309 εἶτα
2954 4258 3034 4319 εἱς
3087 4258 3381 4324 μετάνοιαν
3429 4252 3687 4308 ἐλθόντας,

2126 4354 2252 4422 παρ’
2270 4353 2398 4421 ὅλην
2423 4349 2601 4405 αὐτῶν
2625 4349 2723 4417 τὴν
2749 4349 2894 4416 ζωὴν
2918 4348 3066 4412 λέγει
3093 4349 3514 4418 ἁφωρισμένους
3539 4339 3685 4400 εἶναι,

3520 3340 3608 3393 καὶ
3636 3341 3688 3390 τὸ

445 4439 660 4507 quando
692 4439 755 4491 ad
788 4454 896 4493 sua:
924 4441 1052 4495 vita:
1103 4442 1259 4495 ﬁnem
1291 4443 1558 4496 venerint.
1612 4442 1765 4508 Quod
1824 4445 1867 4495 si
1899 4445 2006 4510 quit

2124 4444 2264 4497 ὥστε
2309 4444 2579 4512 μηδέποτε
2616 4444 2713 4511 τῆς
2759 4438 3116 4509 μεταλήψεως
3154 4438 3266 4491 τῶν
3307 4437 3478 4507 ἁγίων
3514 4432 3688 4534 δωρων

445 4543 631 4581 eorum
684 4530 1041 4586 moribundus
1095 4533 1479 4585 communione
1543 4531 1742 4598 dignus
1802 4532 2020 4587 habitus

446 4619 629 4682 fuerit,
663 4620 856 4674 deinde
888 4623 1187 4690 periculum
1217 4624 1454 4676 evaserit.
1491 4632 1545 4676 ct
1590 4624 1804 4689 vixerit,
1838 4640 2024 4680 rursus

445 4713 549 4766 erit
581 4717 1086 4769 excommunicatus
1120 4730 1291 4783 usque
1313 4715 1378 4767 ad
1415 4726 1664 4773 mortem.
1694 4716 1808 4770 Non
1843 4718 2016 4771 solum

447 4817 623 4858 autem
657 4806 703 4858 ei
744 4805 933 4860 inferri
987 4808 1121 4861 dicit
1173 4807 1650 4874 segregationem;
1710 4810 1803 4862 sed
1852 4824 2027 4878 neque

445 4910 566 4948 cum
582 4897 894 4952 orthodoxis
909 4898 1207 4952 consistere
1225 4906 1277 4951 ct
1293 4912 1395 4949 una
1421 4898 1649 4963 precari,
1663 4914 1782 4951 cum
1801 4899 2025 4968 mystica

447 4989 725 5056 peragitur
752 4988 949 5055 oratio,
1002 4988 1210 5043 scilicet
1258 4990 1472 5058 quando
1524 4991 1781 5044 sacerdos
1828 5007 2018 5060 panem

446 5088 500 5131 et
551 5078 800 5148 poculum
862 5079 1188 5132 sanctiﬁcari
1226 5095 1319 5147 per
1352 5094 1409 5133 se
1444 5089 1714 5147 precatur.
1766 5081 2021 5136 Seorsum

449 5178 649 5233 tamen,
686 5167 880 5237 inquit,
915 5183 1006 5223 seu
1038 5183 1136 5237 per
1167 5184 1227 5223 se
1257 5171 1466 5239 precari
1501 5187 1606 5223 non
1642 5173 1913 5227 relabitur
1948 5174 2017 5238 is,

446 5259 536 5325 qui
572 5259 941 5327 ptenitentiam
973 5260 1118 5328 agit;
1175 5275 1297 5315 cum
1347 5261 1595 5316 fidelibus
1641 5275 1824 5317 autem
1884 5279 2018 5318 cen-

447 5354 641 5407 sistere
676 5351 724 5405 ei
760 5367 865 5404 non
896 5354 1257 5420 permittetur,
1311 5357 1406 5409 sed
1456 5358 1621 5410 stabit
1670 5338 2019 5409 extra‘tem-

447 5447 594 5514 plum
631 5459 751 5496 cum
786 5446 1213 5503 cateclmmenis.
1251 5447 1372 5503 Hu-c
1404 5464 1532 5517 ergo
1564 5448 1693 5502 dicit
1718 5449 1783 5502 de
1806 5449 1896 5511 iis,
1929 5448 2016 5513 qui

446 5537 564 5589 sine
601 5538 644 5588 vi
699 5536 917 5601 propria
972 5539 1085 5592 sola
1142 5540 1414 5594 voluntate
1469 5550 1825 5609 negaverunt.
1863 5533 2022 5609 156

440 5628 765 5693 ,Quicnnquc
798 5641 999 5693 autem,
1037 5633 1232 5702 inquit,
1264 5649 1358 5703 per
1394 5632 1772 5687 necessitatem
1805 5646 1864 5685 se
1901 5633 2023 5685 sub-

525 5745 540 5776 ‘
573 5749 588 5801 l
625 5746 782 5801 Joan.
818 5764 878 5814 ll,
906 5749 992 5803 ΞΩ.

2125 4536 2460 4604 ἀξιωθῆναι,
2499 4536 2546 4585 εἱ
2590 4533 2664 4600 μὴ
2705 4532 2792 4584 ὅτε
2834 4532 2913 4592 εἱς
2950 4530 3104 4590 τέλος
3136 4532 3237 4599 τῆς
3281 4527 3486 4589 οἱκεὶας
3521 4523 3684 4587 ἕξουσι

2126 4628 2291 4695 ζωῆς.
2339 4625 2455 4679 Κᾶν
2503 4625 2559 4677 δὲ
2606 4623 2709 4695 ήδη
2761 4624 3013 4692 θνήσκων
3060 4638 3141 4679 τις
3190 4620 3374 4674 αὐτῶν
3420 4612 3687 4670 κοινωνίας

2125 4715 2328 4786 ἀξιωθῇ
2351 4756 2365 4777 ,
2396 4709 2517 4767 εἶτα
2551 4711 2765 4781 ἐκφύγῃ
2798 4711 2893 4763 τὸν
2924 4708 3166 4794 κίνδυνον
3200 4708 3296 4760 καὶ
3330 4706 3469 4775 ζήσῃ
3495 4696 3686 4794 Lucilii:

2127 4806 2492 4873 ἀκοινώνητος
2527 4803 2680 4854 ἔσται
2717 4799 2907 4877 μέχρις
2943 4797 3007 4848 ἂν
3039 4792 3198 4856 αὖθις
3231 4794 3464 4862 θνήσκῃ.
3499 4785 3686 4877 Καὶ·ου

2128 4899 2314 4951 τοῦτον
2347 4896 2507 4967 μόνον
2537 4873 2840 4959 ἐπάγεσθαι
2867 4889 3015 4955 λέγει
3045 4888 3230 4948 αὐτοῖς
3258 4886 3348 4937 τὸν
3376 4873 3685 4980 disceptari-iv,

2126 4992 2259 5045 ἁλλὰ
2292 4988 2427 5058 μηδὲ
2458 4986 2784 5038 συνεστάναι
2817 4985 2926 5044 τοῖς
2960 4979 3296 5049 ὀρθοδόξοις,
3328 4976 3423 5028 καὶ
3454 4976 3687 5058 συνεύχε-

2128 5082 2252 5134 σθαι
2287 5078 2555 5150 μυστικῆς
2584 5074 3015 5142 ἐπιτελουμένης
3044 5073 3235 5143 εὐχῆς,
3265 5072 3433 5141 ήγουν
3458 5059 3593 5150 ὄτεό
3623 5057 3686 5106 ιε’

2127 5174 2255 5242 ρεὶις
2278 5148 2367 5223 τὸν
2392 5168 2555 5239 ἁρτον
2582 5164 2910 5232 ἁγιασθῆναι
2942 5164 3035 5215 καὶ
3058 5163 3117 5214 τὸ
3145 5165 3402 5230 ποτήριον
3428 5150 3548 5207 καθ’
3568 5148 3683 5199 ἑαυ-

2124 5266 2214 5316 τὸν
2248 5260 2490 5329 εῠχεται.
2520 5255 2792 5326 Εὖχεσθαι
2826 5255 2922 5323 μὲν
2954 5253 3062 5322 γὰρ
3082 5294 3096 5317 ,
3131 5252 3300 5323 φησὶ,
3331 5248 3468 5301 κατὰ
3501 5242 3683 5329 μόνας,

2122 5355 2287 5421 ἣγουν
2314 5320 2449 5403 ’καθ’
2478 5320 2701 5408 ἑαυτόν,
2742 5344 2803 5395 οὐ
2828 5320 3217 5410 -κωλυθήσεται
3261 5339 3290 5389 ὁ
3336 5337 3391 5387 ὲν
3439 5320 3679 5400 μετανοίᾳ

2128 5444 2417 5511 γενόμενος
2444 5458 2458 5473 ·
2489 5435 2841 5492 συνίστασθαι
2869 5433 2926 5486 δὲ
2952 5436 3062 5495 τοῖς
3089 5432 3296 5491 πιστοῖς
3322 5426 3679 5520 οὑ-συγχωρινι⁸

2128 5536 2352 5603 θήσεται
2372 5572 2388 5593 ,
2420 5531 2555 5584 ἁλλὰ
2587 5528 2690 5592 ἔξω
2705 5527 2957 5594 στήσεται
2983 5522 3077 5575 τοῦ
3110 5521 3237 5575 ναοῦ
3277 5515 3413 5587 μετὰ
3439 5515 3540 5561 τῶν
3564 5515 3679 5603 κατέ

2129 5587 2465 5697 τιχουμένων.
2522 5620 2707 5679 Ταῦτα
2737 5619 2836 5688 μὲν
2860 5614 2951 5670 οὖν
2978 5617 3108 5687 περὶ⁵
3132 5616 3235 5667 τῶν
3263 5613 3393 5667 ἄνευ
3422 5604 3535 5674 βίας
3560 5587 3685 5647 κατὰ
