4020 6390
343 358 450 419 δ’ὕό

1096 357 1171 415 ΙΝ
1208 356 1449 416 EPIST.
1495 355 1555 416 S.
1596 353 1979 414 GREGORI]
2020 353 2345 413 NYSSENI
2384 353 2486 413 AD
2533 351 2910 413 LETOIUM.

3523 350 3629 414 8‘36

344 472 565 542 θέλησιν
592 436 802 525 οίκείαν
833 470 998 540 μόνην
1025 470 1450 540 ἀρνησαμένων.
1477 469 1636 522 Ὅσοι
1664 470 1744 533 δὲ,
1772 469 1929 539 φησι,

2077 469 2328 535 riserunt,
2368 468 2664 524 tormentis
2700 466 3067 536 gravibusque
3120 464 3298 534 pomis
3324 478 3388 519 ac
3417 464 3630 533 suppli-

345 567 402 629 ἐξ
448 564 695 632 ἀνάγκης
740 562 1052 632 ὑπέκυψαν,
1098 563 1172 632 μὴ
1224 563 1389 632 μέχρι
1430 563 1618 625 τέλους
1663 565 1939 633 ἀντισχεῖν

348 655 484 726 πρὸς
517 658 617 719 τὰς
654 654 925 724 βασάνους
957 652 1054 706 καὶ
1089 657 1188 712 τὰς
1221 653 1469 723 χαλεπὰς
1501 654 1686 717 αἰκίας
1722 654 1817 708 καὶ
1849 671 1939 708 τιο

347 748 561 818 μωρίας
588 748 931 815 δυνηθέντες,
956 745 1264 806 οἱ,τοιοῦτοι
1292 745 1442 815 ῥητῷ
1469 746 1647 816 χρόνῳ
1674 747 1940 815 έπιτεμή-

344 837 519 906 θησαν
546 839 698 908 παρά
724 839 831 891 τῶν
858 839 1142 906 Πατέρων,
1169 837 1280 906 ὅσῳ
1309 837 1405 889 καὶ
1432 838 1461 889 ὁ
1490 836 1795 907 πορνεύσας
1822 839 1942 890 ἔπι-

343 931 596 1000 τιμᾶται.
635 931 734 984 Ὃν
784 930 849 1000 δὴ
900 932 1112 1000 χρόνον.
1167 927 1397 1007 προῖὼν,
1447 930 1605 983 ἐννέα
1654 929 1750 997 ἔτη
1800 926 1941 982 εἶναι

341 1024 513 1091 λέγει.
557 1021 1156 1091 Φιλανθρωπεύσασοαι
1203 1019 1263 1073 δὲ
1310 1020 1462 1086 λέγει
1510 1020 1641 1082 τοὺς
1690 1021 1939 1092 Πατέρις

346 1115 476 1183 περὶ
500 1113 630 1176 τοὺς
659 1115 723 1165 ὲκ
755 1111 876 1183 βίας
904 1109 1344 1181 ἀρνησαμένους,
1372 1112 1453 1163 ὃτι
1478 1110 1575 1182 οὐχ
1601 1112 1635 1181 ή
1665 1110 1813 1181 ψυχὴ
1842 1112 1940 1165 αὑι-

341 1205 451 1258 τῶν
483 1204 737 1258 συνέθετο
768 1207 833 1274 τῇ
869 1205 1137 1275 ἀρνήσει,
1171 1202 1310 1255 ἀλλά
1339 1200 1560 1272 γλώσσῃ
1602 1205 1741 1273 μόνῃ
1771 1205 1938 1256 ἐκπε-

347 1297 598 1350 πτώκασι
628 1292 723 1348 τοῦ
760 1293 927 1347 καλοῦ
953 1311 966 1325 ο
1001 1296 1035 1363 ἡ
1071 1293 1127 1346 δὲ
1165 1292 1418 1362 γνωμικὴ
1451 1291 1691 1354 διάθεσις
1727 1293 1937 1357 ἀμετά-

318 1403 578 1459 ,τρεπτος
600 1387 787 1449 αὑτοῖς
808 1384 1112 1456 ἐφυλάχθη.
1133 1384 1374 1437 Τοιαῦτα
1399 1384 1499 1452 μὲν
1522 1383 1615 1437 οὖν
1637 1386 1939 1454 ἐπάγεσθαι
1982 1417 1986 1420 -

344 1481 492 1549 λέγει
526 1480 595 1533 τὰ
637 1479 887 1550 ἐπιτίμια
922 1482 1037 1542 τοῖς
1080 1479 1210 1548 περὶ
1245 1476 1344 1547 τὴν
1378 1476 1548 1547 ὀρθὴν
1583 1477 1769 1529 πίστιν
1804 1480 1940 1530 ἀπυ-

2048 563 2147 616 eiis
2176 563 2241 616 ad
2278 562 2439 627 linem
2491 575 2661 629 usque
2712 559 2964 613 resistere
3022 572 3126 612 non
3179 556 3456 619 valentes,
3511 555 3546 609 ii
3600 570 3631 609 a

2048 654 2302 708 Patrilnts
2360 656 2665 723 pl‘a‘Sliltllo
2720 661 2962 717 tempore
3008 650 3183 720 puniti
3235 658 3380 710 sunt.
3430 656 3632 717 quanto

2046 749 2210 801 etiam
2241 749 2287 800 is
2316 748 2405 815 qui
2443 747 2745 799 fornicatus
2795 755 2881 799 est
2936 746 3182 813 punitur.
3219 743 3372 809 Quod
3409 744 3628 811 quidetn

2048 847 2277 906 tempus.
2306 838 2632 907 procedens,
2666 837 2800 890 dicit
2831 852 2951 890 esse
2984 852 3175 891 novem
3209 851 3404 893 annos.
3447 835 3633 890 Patres

2047 939 2224 983 autem
2255 930 2543 985 clementia
2576 944 2703 984 usos
2733 928 2903 983 fuisse
2936 930 2987 981 in
3038 943 3131 981 eos
3159 929 3250 997 qui
3301 929 3349 981 vi
3400 941 3634 993 negave-

2050 1032 2197 1087 runt,
2235 1025 2331 1090 ait,
2364 1025 2491 1093 quia
2526 1025 2704 1077 anima
2738 1024 2981 1092 ipsorum
3031 1025 3305 1092 negationi
3363 1037 3466 1075 non
3503 1037 3634 1075 cnn-

2048 1116 2244 1177 sensit,
2280 1118 2373 1169 sed
2434 1116 2611 1183 lingua
2668 1116 2779 1168 sola
2814 1132 2841 1168 a
2872 1116 3013 1169 hono
3047 1115 3403 1177 exciderunt;
3440 1114 3636 1167 mentis

2048 1217 2226 1263 autem
2261 1207 2477 1262 aﬂectio
2531 1209 2611 1262 eis
2666 1209 3014 1262 immutabilis
3044 1218 3359 1262 conservata
3392 1217 3495 1261 est.
3529 1205 3635 1258 llas

2046 1316 2176 1369 ergo
2204 1317 2392 1371 pmuas
2421 1301 2610 1356 inferri
2641 1300 2771 1355 dicit
2807 1302 2892 1364 iis,
2925 1302 3013 1368 qui
3042 1304 3187 1354 circa
3228 1306 3426 1352 rectam
3475 1297 3634 1352 fidem

2050 1394 2181 1460 lapsi
2219 1407 2366 1447 sunt.
2405 1396 2475 1447 De
2533 1398 2599 1448 iis
2661 1407 2864 1459 autem,
2921 1397 3009 1463 qtti
3069 1393 3497 1462 przrstigiatores
3555 1392 3635 1443 vel

2061 1495 2213 1535 vales
2249 1489 2469 1544 adeunt,
2504 1486 2615 1539 Iltl't'
2649 1486 2803 1539 dicit.

347 1579 644 1648 σφαλεῖσι·
682 1578 809 1647 περὶ
842 1575 952 1628 τῶν
984 1574 1260 1627 ἀπιόντων
1291 1574 1348 1628 δὲ
1382 1572 1461 1636 είς
1494 1572 1698 1644 γόητας
1731 1574 1765 1642 ἢ
1803 1575 2028 1644 μάντεις
2059 1581 2235 1633 ταῦτᾶ
2269 1600 2341 1650 φη
2353 1600 2460 1634 σιν.

965 1669 1207 1722 ΚΑΝΩΝ
1241 1669 1318 1723 Γ’.

345 1764 411 1817 Ol
447 1763 504 1816 δὲ
543 1762 681 1833 πρὸς
719 1761 922 1831 γόητας
961 1761 1217 1823 ἀπιόντες
1254 1760 1288 1831 ἢ
1329 1758 1576 1830 μάντεις,
1613 1759 1648 1831 ἢ
1685 1759 1810 1823 τοὺς
1850 1759 1937 1812 διὰ

413 1855 684 1925 δαιμόνων
709 1856 987 1924 καθάρσιέι
1006 1870 1125 1906 τινα
1154 1855 1246 1906 καὶ
1270 1855 1764 1921 ἀποτροπιασμοὺς
1792 1853 1937 1921 ὲνερ‹
1973 1868 2011 1921 Β

416 1951 533 2016 γεῖν
579 1948 1084 2019 ὑπισχνουμένους,
1127 1939 1275 1999 οὗτοι
1314 1946 1635 2017 δέρωτῶνται
1681 1945 1749 1998 δι’
1781 1947 1939 2015 ἀκρι-

415 2042 569 2105 ϐείας
614 2044 710 2094 καὶ
756 2039 1163 2111 άνακρίνονται,
1212 2040 1441 2109 πότερον
1478 2038 1833 2107 ἐπιμένοντες
1870 2041 1936 2107 τῇ

414 2137 491 2197 είς
528 2133 762 2205 Χριστὸν
795 2135 980 2186 πίστει
1019 2132 1110 2185 ὑπ’
1138 2132 1384 2201 ἀνάγκης
1416 2132 1560 2191 τινὸς
1598 2130 1937 2200 συνηνέχθη-

422 2244 519 2280 σαν
546 2228 729 2297 ὲκείνῃ
759 2229 824 2295 τῇ
859 2224 1126 2295 ἁμαρτίᾳ,
1160 2222 1460 2285 κακώσεως
1492 2239 1638 2285 τινος
1669 2221 1702 2293 ἢ
1732 2222 1942 2292 ἀφορή-

420 2334 511 2371 του
536 2316 742 2387 ζημίας
766 2317 970 2386 ταύτην
992 2319 1174 2379 αὺτοῖς
1199 2316 1297 2385 τὴν
1320 2314 1498 2386 ὁρμὴν
1525 2316 1936 2384 ὲμποίησάςης,

419 2408 449 2478 ἢ
500 2408 732 2461 καθόλου
782 2406 1304 2477 καταφρονήσαντες
1350 2403 1445 2457 τοῦ
1502 2404 1938 2471 πεπιστευμένου

420 2500 550 2571 παρ’
577 2499 733 2571 ήμῶν
764 2501 1099 2569 μαρτυρίου,
1126 2500 1190 2569 τῇ
1219 2499 1327 2550 τῶν
1351 2497 1624 2566 δαιμόνων
1650 2500 1941 2565 συμμαχία

420 2592 823 2661 προσέδραμον.
867 2593 927 2643 El
976 2591 1075 2660 μὲν
1111 2593 1220 2658 γὰρ
1262 2590 1521 2660 ἁθετήσει
1562 2590 1661 2658 τῆς
1702 2590 1941 2651 πίστεως

421 2685 516 2737 καὶ
544 2686 679 2753 πρὸς
706 2684 764 2735 τὸ
797 2683 873 2753 μὴ
905 2681 1180 2735 πιστεύειν
1206 2676 1345 2733 εἶναι
1374 2680 1510 2733 Θεὸν
1534 2681 1625 2732 τὸν
1656 2680 1806 2749 παρά
1832 2681 1940 2732 τῶν

423 2773 763 2843 Χριστιανῶν
799 2774 1275 2843 προσκυνούμενον
1310 2774 1490 2825 ἐκεῖνο
1526 2772 1816 2841 ἐποίησαν,
1850 2772 1945 2841 δη-

421 2865 556 2935 λαδὴ
585 2864 662 2935 τῷ
692 2865 925 2934 κρίματι
955 2864 1063 2916 τῶν
1093 2865 1464 2932 παραὸἀντων
1492 2864 1900 2934 ὑπαχθήσονται
1927 2880 1941 2896 ο

416 2959 466 3009 εἱ
499 2956 556 3009 δέ
584 2973 668 3020 τις
700 2956 1042 3017 ἀδάστακτος
1077 2956 1293 3024 ἀνάγκη
1334 2956 1809 3025 κατακρατήσασα
1842 2955 1941 3021 τῆς

423 3047 792 3118 μικροψυχίας
820 3048 1000 3098 αὐτῶν
1029 3048 1108 3107 είς
1137 3045 1298 3098 τοῦτο
1324 3047 1653 3116 προσήγαγε
1680 3046 1767 3099 διά
1795 3062 1940 3107 τινος

418 3143 777 3211 ήπατημένης
822 3140 1033 3203 ἐλπίδος
1081 3138 1626 3209 παρακρουσθέντας,
1677 3137 1941 3200 ὡσαύτως

420 3209 575 3287 ἔσται
597 3237 690 3287 καὶ
712 3232 998 3286 ὲπάὑτῶν
1020 3236 1051 3300 ἡ
1078 3230 1478 3303 φιλανθρωπία,
1503 3231 1626 3283 καθ’
1643 3232 1937 3302 ὁμοιότητα
1973 3209 2015 3266 c

418 3324 531 3378 τῶν
558 3325 695 3395 πρὸς
716 3325 814 3387 τὰς
844 3323 1115 3391 βασάνους
1141 3325 1197 3373 ἐν
1221 3320 1300 3390 τῷ
1326 3320 1505 3392 καιρῴ
1527 3322 1627 3391 τῆς
1655 3319 1943 3390 ὁμολογίας

424 3417 703 3486 ἀντισχεῖν
738 3417 813 3487 μὴ
841 3412 1209 3484 δυνηθέντων.

422 3509 617 3562 ΒΑΛΣ.
653 3507 792 3569 Τοὺς
825 3508 883 3559 δὲ.
917 3507 1053 3577 πρὸς
1086 3506 1291 3573 γόητας
1327 3504 1590 3567 ἀπιόντας
1623 3503 1655 3575 ἢ
1698 3504 1943 3574 μάντεις,

352 3602 387 3673 ἢ
420 3606 544 3664 τοὺς
578 3600 668 3653 διὰ
700 3601 976 3669 δαιμόνων
1010 3599 1291 3668 καθάρσια
1320 3615 1439 3650 τινα
1477 3604 1570 3649 καὶ
1603 3598 1946 3666 ἀποτροπια-

357 3696 526 3764 σμοὺς
554 3696 801 3764 ἐνεργεῖν
829 3694 1321 3761 ὑπισχνουμένους,
1351 3691 1492 3742 κατά
1522 3688 1812 3759 ἀκριϐείας
1837 3688 1949 3740 δεῖν

352 3783 746 3853 ἀνακρίνεσθαι
765 3820 780 3843 ,
808 3785 902 3835 καὶ
928 3780 1283 3844 ἐξετάζεσθαι
1309 3780 1476 3848 λέγει.
1507 3780 1701 3851 rem,
1733 3780 1831 3846 μὲν
1856 3776 1948 3833 οὖν

354 3878 492 3929 εἰσιν
524 3876 576 3927 oi
610 3873 705 3927 καὶ
739 3873 986 3925 ἐπαοιδοὶ
1020 3872 1311 3924 καλοῦνται
1333 3908 1348 3937 ,
1382 3872 1430 3923 οί
1464 3872 1554 3925 διά
1582 3888 1746 3925 τινων
1778 3887 1950 3939 μαγι-

352 3966 469 4019 κῶν
500 3964 726 4032 ἐπῳδῶν
756 3964 791 4031 ἢ
828 3964 995 4034 θηρία
1028 3962 1505 4032 καταδεσμοῦντες
1527 4001 1543 4027 ,
1576 3962 1609 4032 ἢ
1646 3963 1782 4034 πρὸς
1817 3962 1950 4032 βλά-

352 4058 459 4130 6ην
486 4059 795 4129 ἀνθρώπων
820 4056 853 4128 ἢ
888 4057 1024 4127 πρὸς
1055 4056 1331 4126 ὠφέλειαν
1357 4056 1436 4125 τῷ
1462 4058 1643 4110 δοκεῖν
1669 4058 1952 4120 ποιοῦντές

254 4191 258 4195 -
352 4170 480 4207 τινα
507 4168 520 4181 ·
559 4153 694 4222 πρὸς
735 4152 940 4221 βλάὸην
980 4153 1113 4222 μὲν,
1149 4152 1340 4214 νόσους
1378 4151 1411 4221 ἢ
1456 4149 1882 4220 παραφροσύνας
1917 4153 1950 4218 ἢ

357 4247 624 4315 παρέσεις
672 4245 1012 4313 ὲπάγοντεςυ
1057 4244 1196 4314 πρὸς
1237 4244 1295 4297 δὲ
1339 4243 1601 4297 δοκοῦσαν
1644 4244 1951 4313 ὠφέλειαν,

357 4341 568 4410 ἔρωτας
597 4339 954 4408 εμποιοῦντες
981 4337 1013 4407 ἢ
1040 4339 1247 4406 φιλίας.
1273 4338 1307 4407 ἢ
1335 4338 1642 4408 εὐπραγίας
1668 4337 1955 4408 ἐπικλήσει

356 4433 653 4503 δαιμόνων.
698 4433 935 4493 Μάντει;
981 4433 1038 4484 δὲ
1082 4433 1221 4483 εἰσιν
1259 4432 1310 4483 οἱ
1355 4432 1445 4483 διά
1479 4447 1642 4483 τινων
1685 4431 1954 4499 μεθόδωι,

2646 1671 2877 1729 CANON
2947 1671 3033 1726 lli.

2047 1768 2144 1829 Ou?
2184 1784 2363 1822 auzem
2399 1770 2463 1821 ad
2502 1769 2925 1839 prmstigiatores
2956 1767 3037 1821 vel
3076 1779 3221 1821 vates
3252 1766 3522 1828 abierunt.
3552 1767 3635 1821 vel

2115 1877 2208 1915 eos
2243 1862 2331 1929 qui
2373 1876 2466 1928 per
2493 1862 2769 1915 dremOnes
2797 1875 2855 1914 se
2888 1860 3098 1929 piacula
3145 1859 3389 1926 quaedam
3425 1871 3479 1910 et
3510 1875 3631 1913 ma.

2117 1955 2289 2006 lorum
2326 1953 2808 2006 averrttneationes
2841 1960 3163 2019 npcratnros
3195 1950 3549 2018 pollicentur,
3592 1950 3626 2001 ii

2113 2052 2303 2097 exacte
2349 2043 2753 2109 interrogantur
2783 2050 2838 2096 et
2882 2041 3305 2103 examinantur,
3364 2049 3541 2091 utrum
3578 2040 3631 2092 in

2116 2134 2218 2188 ﬁde
2249 2134 2301 2187 in
2326 2132 2602 2187 Christum
2636 2142 3011 2203 permanentes
3040 2149 3066 2184 a
3105 2132 3427 2185 necessitate
3457 2131 3635 2200 aliqva

2107 2228 2172 2283 ad
2217 2228 2344 2281 illul
2387 2234 2673 2295 peccatum
2712 2225 2937 2293 impulsi
2981 2231 3133 2287 sunt,
3159 2239 3281 2278 cum
3306 2224 3641 2277 alﬂictioali-

2116 2335 2223 2389 qua
2258 2320 2339 2374 vel
2378 2316 2744 2372 intolerabilis
2775 2317 2993 2385 jactura
3028 2316 3170 2368 hunc
3229 2315 3336 2369 illis
3393 2315 3635 2368 animum

2114 2411 2431 2473 indidisset;
2465 2425 2531 2463 an
2562 2410 2785 2462 omnino
2817 2408 3063 2477 neglecto
3090 2406 3229 2473 quod
3268 2421 3295 2459 a
3333 2405 3489 2459 nobis
3519 2421 3639 2459 creo

2116 2505 2285 2556 ditnm
2344 2512 2426 2556 est
2484 2503 2820 2565 testimonio,
2875 2501 2941 2553 ad
2990 2502 3292 2553 daemonum
3325 2500 3635 2553 societatem

2119 2596 2570 2649 set—ontttlernnt.
2625 2596 2679 2647 Si
2732 2594 2876 2646 enim
2930 2591 2995 2645 ad
3034 2592 3193 2643 fiderit
3251 2590 3636 2643 infirmandam

2118 2699 2171 2737 ιιι
2205 2689 2345 2751 qunti
2399 2685 2441 2737 β
2480 2703 2567 2739 tlttl
2624 2700 2743 2740 esse
2793 2699 2895 2736 non
2953 2684 3112 2735 t‘reile
3143 2690 3257 2744 eui,
3296 2679 3383 2747 qui
3418 2695 3445 2731 a
3476 2679 3638 2732 Citri-

2122 2779 2314 2832 stianis
2362 2781 2654 2842 adoratttr,
2710 2776 2840 2829 illml
2899 2772 3163 2837 fecerint;
3216 2780 3378 2825 erunt
3434 2771 3643 2825 scilicet

2116 2880 2578 2937 transgresSornm
2655 2866 2856 2937 indicio
2892 2863 3145 2919 obnoxii:
3205 2866 3289 2916 sin
3323 2869 3501 2914 autem
3535 2874 3640 2913 non

2115 2959 2339 3014 ferenda
2392 2959 2639 3028 quaedam
2703 2957 3025 3017 necessitas,
3080 2952 3275 3022 pusillo
3327 2962 3381 3007 et
3428 2950 3641 3020 alijecm

2122 3068 2309 3108 eorum
2346 3053 2529 3107 animo
2556 3060 2832 3120 superato,
2875 3048 3005 3102 falsa
3042 3047 3222 3116 aliqua
3256 3060 3351 3114 spe
3382 3044 3642 3112 deceptos

2122 3160 2187 3201 eo
2220 3146 2477 3209 deduxit;
2510 3142 2762 3197 similiter
2792 3141 2843 3193 in
2890 3141 3033 3210 ipsos
3064 3138 3168 3192 erit
3201 3134 3514 3197 clementia,
3573 3146 3638 3187 ac

2119 3241 2172 3295 in
2200 3254 2295 3293 eos
2320 3238 2410 3306 qni
2442 3234 2721 3290 tormentis
2755 3234 2807 3286 in
2839 3242 3079 3300 tempore
3104 3226 3460 3284 confessionis
3506 3226 3640 3279 resi-

2119 3340 2262 3383 stere
2299 3342 2404 3381 non
2438 3331 2752 3391 potuerunt.

2119 3509 2313 3567 BALS.
2349 3508 2454 3562 Eos
2483 3516 2691 3569 autem,
2726 3502 2817 3571 qui
2852 3503 2918 3554 ad
2969 3496 3389 3566 praestigiatores
3441 3492 3524 3547 vel
3555 3507 3646 3546 va-

2053 3615 2134 3660 tes
2168 3606 2440 3667 aliierunt,
2475 3602 2557 3652 vel
2587 3601 2651 3650 ad
2676 3613 2767 3649 cus
2802 3597 2889 3662 qui
2921 3607 3015 3660 p-r
3043 3591 3313 3642 tlzetttnnes
3346 3601 3404 3639 se
3431 3585 3641 3654 piacula

2051 3698 2299 3767 quaedam
2356 3704 2411 3746 et
2465 3693 2733 3745 malorum
2787 3683 3277 3739 averruttcationes
3326 3689 3646 3748 operaturos

2052 3788 2396 3860 pollicentur,
2425 3782 2551 3837 dicit
2604 3795 2727 3834 esse
2761 3788 3017 3832 accurate
3052 3773 3446 3827 examinandos
3478 3777 3530 3821 et
3560 3768 3645 3820 itt-

2055 3878 2426 3950 terrogandos.
2484 3875 2747 3929 Dii-untur
2796 3884 2928 3937 ergo
2987 3867 3425 3936 prastigiatores,
3473 3860 3560 3928 qui
3594 3868 3648 3911 rt

2055 3977 2425 4030 incantatores
2453 3966 2816 4039 appellantur,
2855 3962 2944 4030 qni
2997 3976 3094 4029 per
3144 3960 3355 4028 aliquas
3408 3952 3646 4021 magicas

2057 4063 2450 4120 incantationes
2495 4058 2579 4112 vel
2618 4056 2762 4111 feras
2817 4055 3058 4122 alligant,
3114 4049 3194 4104 vel
3247 4047 3311 4101 ad
3366 4045 3645 4100 hominum

2056 4157 2439 4212 detrimentum
2475 4160 2569 4205 aut
2607 4148 2896 4202 utilitatem
2951 4142 3128 4212 quoad
3177 4140 3412 4209 speciem
3463 4135 3643 4203 aliqua

2057 4250 2263 4304 faciunt
2293 4264 2307 4302 :
2340 4248 2405 4300 ad
2438 4243 2823 4299 detrimentum
2857 4236 3100 4308 quidem,
3155 4234 3373 4286 morbos
3402 4228 3485 4282 vel
3511 4227 3639 4281 deli.

2060 4346 2139 4397 ria
2171 4342 2253 4397 vel
2279 4338 2554 4411 paralyses
2587 4333 2941 4396 inducenles;
2992 4328 3056 4380 ad
3086 4333 3434 4395 apparentem
3467 4330 3644 4373 atllt‘m

2064 4432 2377 4493 utilitatem,
2409 4441 2625 4481 autores
2660 4425 3013 4476 imminentes
3042 4417 3124 4471 vel
3178 4413 3470 4472 amicitias,
3528 4425 3553 4462 r
3590 4424 3647 4463 s-

354 4525 466 4580 οὺδ*
483 4520 630 4578 οὗτοι
656 4524 826 4594 χωρίς
852 4522 1199 4592 ἐπικλήσεως
1224 4522 1516 4592 δαιμόνων,
1544 4522 1811 4593 μέλλοντά
1832 4541 1950 4576 τινα

2077 4540 2167 4594 pte
2222 4532 2508 4589 prosperas
2563 4517 2867 4571 damonum
2942 4507 3282 4563 invocatione
3331 4503 3645 4557 ellicientes.

361 4619 758 4688 προλέγοντες,
789 4615 823 4686 ἢ
857 4614 1203 4684 ἀγνοούμενα
1234 4614 1699 4677 ὲκκαλύπτοντες.
1732 4614 1957 4683 Καθαρ-

364 4729 458 4765 σια
490 4710 549 4764 δὲ
579 4710 828 4776 λέγονται
860 4707 1133 4775 γίνεσθαι,
1162 4707 1241 4766 ὼς
1271 4706 1401 4760 ὃταν
1428 4723 1514 4769 τις
1545 4705 1743 4775 νομίζῃ
1771 4708 1834 4758 ὲκ
1867 4708 1962 4775 βαι

368 4804 589 4856 σκάνων
618 4800 883 4872 βλαϐῆναι
912 4797 1243 4867 ὀφθαλμῶν,
1270 4797 1304 4869 ἢ
1336 4801 1401 4850 ἐκ
1431 4796 1755 4866 περιεργίας
1782 4797 1957 4860 τινὸς,

364 4894 667 4950 κάντεῦθεν
697 4894 730 4964 ἦ
764 4895 941 4946 νοσεῖν
961 4932 976 4955 ,
1011 4892 1043 4961 ἢ
1075 4891 1450 4960 δυσπραγεῖν,
1484 4888 1517 4959 ἢ
1549 4888 1679 4942 ἄλλο
1707 4904 1759 4940 τι
1791 4891 1962 4941 κακὸν

369 4990 628 5059 πάσχειν.
662 4987 781 5039 Εἰσὶ
810 4986 919 5055 γάρ
950 5001 1117 5047 τινες,
1147 4982 1197 5035 οἳ
1228 4982 1659 5050 ἐπαγγέλλονται
1689 4980 1964 5049 καθάρσ.α

364 5080 476 5133 τῶν
501 5078 759 5133 τοιούτων
784 5078 1127 5148 παθημάτων
1154 5078 1329 5129 ποιεῖν
1353 5076 1419 5128 δι’
1437 5074 1720 5144 ἐνεργείας
1746 5075 1963 5134 πάντως

368 5173 690 5241 σατανικῆς,
732 5172 832 5224 καὶ
871 5169 1386 5240 ἀποτροπιασμοὺς,
1430 5166 1599 5236 ἤγουν
1639 5166 1960 5234 ἀποτροπὰς

369 5266 469 5320 καὶ
498 5262 819 5330 ἀποδιώξεις
845 5263 954 5316 τῶν
979 5262 1238 5316 τοιούτων
1264 5260 1475 5314 κακῶν.
1503 5259 1641 5321 Τοὺς
1669 5258 1763 5312 οὖν
1790 5261 1968 5311 τοιού-

367 5376 486 5422 τοις
519 5360 633 5412 τισὶ⁸
669 5356 1146 5429 προσερχομένους
1180 5352 1577 5426 ἀποκρίνεσθαι
1612 5353 1741 5421 χρὴ,
1774 5353 1963 5419 φησὶν,

365 5454 492 5508 ἀντὶ
532 5450 627 5504 τοῦ
676 5450 819 5518 μετά
862 5448 1153 5520 ἀκριϐείας
1196 5446 1530 5519 ἐρωτᾶσθαι,
1578 5445 1699 5508 πῶς
1741 5445 1855 5508 τοῖς
1899 5446 1967 5497 τὰ

366 5544 597 5599 τοιαῦτα
628 5544 842 5598 ποιοῦσι
874 5543 1206 5615 προσῆλθον,
1239 5541 1487 5610 ἀνάγκης
1517 5540 1965 5610 κατεπειγούσης

260 5676 277 5683 -
367 5641 570 5702 αὐτοὺς
590 5678 602 5702 ,
633 5639 801 5710 ἡγουν
832 5638 1130 5701 κακώσεώς
1162 5654 1309 5700 τινος
1340 5636 1373 5707 ἢ
1407 5636 1563 5689 νόσου
1599 5633 1631 5704 ἢ
1666 5633 1835 5704 ὀργῆς
1872 5650 1965 5684 τυ-

368 5733 467 5806 χὸν
495 5732 758 5786 δυνάστου
783 5732 990 5807 τινὸς-ἢ
1018 5729 1305 5794 δεσπότου,
1337 5728 1369 5798 ἢ
1401 5726 1607 5796 ζημίας
1637 5725 1914 5795 ἀφορήτου
1943 5740 1957 5753 ·

375 5825 476 5880 καὶ
517 5823 634 5889 πῶς
677 5823 986 5893 προσῆλθον
1020 5822 1284 5887 ἐκείνοις,
1323 5822 1429 5889 ἀρα
1469 5817 1830 5889 καταγνόντες
1864 5821 1961 5889 τῆς

2067 4615 2230 4669 Vates
2260 4619 2440 4673 autem
2476 4619 2623 4673 sunt,
2660 4608 2749 4675 qtti
2781 4620 2879 4675 per
2929 4611 3109 4655 certas
3138 4600 3402 4667 quasdam
3450 4594 3650 4647 illusio-

2064 4724 2182 4771 nes,
2219 4721 2319 4759 nec
2354 4704 2471 4758 sine
2498 4692 2803 4755 dtenaomnn
2833 4695 3200 4756 invocatione,
3252 4689 3434 4744 futura
3468 4688 3649 4756 aliqua

2065 4800 2380 4871 prmiicunl,
2428 4793 2513 4847 vel
2545 4806 2666 4860 quae
2716 4790 3037 4859 ignorantur
3069 4785 3349 4854 detegunt.
3387 4780 3649 4834 Dicuntur

2066 4905 2197 4946 vero
2235 4888 2349 4943 lieri
2413 4884 2644 4954 piacula,
2702 4891 2758 4935 ut
2811 4879 3032 4948 quando
3064 4875 3184 4944 quis
3211 4874 3491 4929 existimat
3525 4886 3584 4925 se
3618 4887 3647 4923 a

2067 4983 2464 5041 fascinanttbns
2494 4975 2670 5032 oculis
2721 4974 2909 5027 la'sutn
2966 4971 3156 5033 fuisse,
3218 4967 3296 5019 vel
3350 4966 3417 5019 ali
3468 4964 3648 5032 aliqua

2066 5078 2407 5138 curiositate,
2441 5083 2616 5137 eoque
2661 5066 2863 5120 factum
2927 5078 3069 5125 esse,
3122 5072 3180 5115 ιιι
3233 5061 3315 5116 vel
3364 5065 3651 5126 aegrotaret

2065 5166 2150 5221 vel
2182 5164 2470 5219 infeliciter
2524 5171 2608 5212 res
2654 5172 2782 5209 snas
2814 5162 3046 5223 gereret,
3083 5152 3165 5206 vel
3196 5152 3243 5204 ei
3274 5148 3475 5218 aliquid
3506 5149 3653 5213 ejus-

2067 5259 2210 5313 modi
2240 5256 2436 5309 malum
2494 5250 2764 5307 eveniret.
2801 5246 2941 5300 Sunt
2986 5244 3158 5308 enim,
3207 5241 3298 5312 qui
3327 5239 3650 5309 proﬁtentur

2071 5365 2130 5405 se
2157 5362 2345 5401 earnm
2384 5342 2730 5397 alfectionntn
2768 5338 2981 5407 piacula
3039 5338 3355 5390 inventuros
3403 5346 3495 5401 per
3526 5345 3653 5397 Ope-

2070 5447 2335 5501 rationem
2364 5441 2587 5496 omnino
2616 5436 2915 5491 satanicam
2947 5449 2962 5488 :
2997 5432 3080 5486 vel
3117 5430 3283 5485 etiam
3319 5439 3654 5482 averrunca-
3720 5490 3727 5493 _

2071 5542 2246 5594 tiones
2292 5536 2407 5590 sive
2437 5533 2751 5587 aversiones
2781 5540 2835 5583 et
2865 5528 3209 5582 amolitiones
3238 5522 3503 5593 ejusmodi
3539 5536 3654 5572 ma-

2073 5634 2271 5687 lorum.
2306 5630 2414 5684 Eos
2464 5640 2616 5697 ergo,
2652 5625 2741 5695 qui
2815 5622 2882 5677 ad
2938 5621 3070 5675 tales
3107 5617 3315 5686 aliquos
3363 5613 3650 5676 accedunt,

2073 5722 2371 5776 exaininari
2400 5726 2652 5785 oportere
2688 5715 2786 5775 ait,
2842 5713 2955 5765 sive
2987 5710 3273 5780 diligenter
3324 5706 3650 5773 interrogari

2072 5814 2346 5886 quomodo
2400 5813 2465 5867 ad
2523 5825 2615 5866 eos
2691 5809 2780 5876 qui
2839 5809 2951 5861 lucc
3005 5806 3204 5857 faciunt
3264 5809 3649 5861 aCCCSst-runt;
