4020 6382
424 344 533 407 861)

1096 349 1170 407 ΙΝ
1211 351 1458 414 EPIST.
1512 358 1566 413 Ξ.
1615 356 1992 417 tillEGOIlll
2042 359 2363 419 NYSSENI
2408 364 2508 422 AD
2551 366 2917 428 LETOIUM.

3529 384 3636 446 ἐκἿο

426 460 664 531 τοιαύτη.
709 462 765 515 '0
818 467 913 533 μὲν
963 467 1067 539 γὰρ
1120 470 1210 537 ἀφ’
1258 474 1450 525 ἑαυτοῦ
1492 475 1624 543 πρὸς
1662 476 1758 547 τὴν
1796 478 1949 546 ὲξαγό

2084 479 2383 536 differentia
2422 486 2472 538 in
2500 486 2706 540 ratione
2729 490 3061 556 pmnitr-ntiae
3089 492 3139 545 in
3169 494 3233 547 iis
3260 498 3348 563 qui
3390 497 3441 550 iu
3480 501 3634 552 vuiu-

425 569 603 621 ρευσιν
650 553 747 622 τῆς
796 558 1067 628 ἁμαρτίας
1109 562 1350 631 ὁρμήσας
1382 604 1395 626 ,
1428 566 1572 635 αὐτῷ
1606 567 1664 620 τὸ
1693 568 1981 633 καταδέξα-

426 643 544 693 σθαι
572 643 638 695 δι’
665 646 867 709 οἰκείας
910 634 1082 718 ὁρμῆς
1117 652 1366 718 γενέσθαι
1406 655 1509 706 τῶν
1547 634 1801 726 κρυφίων
1846 677 1975 711 κατ-

420 736 618 801 ήγορος
641 750 653 763 ·
684 735 758 796 ὡς
797 736 893 806 ἤδη
940 738 1037 807 τῆς
1073 740 1364 809 θεραπείας
1394 743 1486 795 τοῦ
1520 743 1720 807 πάθους
1744 745 1977 814 ἀρξάμε-

421 838 540 883 νος,
586 825 677 875 καὶ
727 828 946 894 σημεῖον
983 831 1079 897 τῆς
1126 831 1259 899 πρὸς
1295 833 1355 884 τὸ
1403 837 1647 901 γρεῑττον
1679 837 1974 907 μεταϐολῆς

416 914 817 983 ἐπιδειξάμενος
851 955 864 978 ,
916 920 973 969 ἐν
1031 919 1550 992 φιλανθρωποτέροις
1608 927 1812 992 γίνεται
1864 931 1973 990 τοῖς

416 1004 723 1071 ἐπιτιμίοις.
761 1006 817 1058 '0
842 1007 897 1059 δὲ
929 1010 1198 1077 φωραθεὶς
1230 1013 1320 1063 ἐπὶ
1351 1012 1428 1083 τῷ
1457 1014 1628 1084 κακῷ,
1654 1016 1685 1086 ἢ
1715 1015 1800 1070 διά
1832 1035 1971 1080 τινος

417 1092 647 1159 ὑποψίας
730 1097 761 1165 ἢ
802 1099 1129 1168 κατηγορίας
1177 1102 1445 1166 ἀκουσίως
1490 1104 1877 1176 ἀπελεγχθεὶς,
1914 1110 1971 1162 ὲν

414 1182 777 1257 ἐπιτεταμένῃ
825 1186 1029 1253 γίνεται
1074 1192 1136 1259 τῇ
1187 1192 1481 1263 ἐπιστροφῇ
1510 1212 1523 1225 ·
1550 1195 1686 1248 ὥστε
1742 1198 1968 1269 καθαρι-

416 1271 604 1325 σθέντα
631 1274 698 1325 δι’
727 1276 1010 1345 ἀκριὸείας
1038 1280 1219 1342 αὐτὸν,
1249 1280 1417 1346 οὕτως
1449 1285 1538 1336 ἐπὶ
1563 1285 1658 1355 τὴν
1688 1288 1792 1338 τῶν
1816 1290 1970 1356 ἁγια-

414 1362 631 1428 σμόιτων
660 1367 939 1418 κοινωνίαν
971 1369 1386 1440 παραδεχθῆναι.
1419 1375 1571 1426 Ἐστι
1597 1377 1773 1431 τοίνυν
1803 1380 1831 1429 6
1866 1396 1967 1432 κα-

411 1447 515 1501 νὼν
544 1452 778 1514 τοιοῦτος
806 1494 820 1517 ,
849 1455 987 1508 ὥστε
1013 1460 1135 1520 τοὺς
1164 1460 1220 1511 ὲν
1259 1462 1479 1530 πορνείᾳ
1506 1465 1879 1533 μολυνθέντας,
1907 1470 1965 1521 ὲν

407 1541 554 1611 τρισὶ
585 1542 683 1611 μὲν
708 1544 848 1597 ἔτεσι
880 1545 1102 1599 καθόλου
1123 1548 1224 1617 τῆς
1246 1551 1407 1619 εὐχῆς
1446 1555 1780 1626 ἁποὸλήτους
1808 1555 1967 1612 εἶναι·

406 1631 464 1682 ὲν
485 1635 627 1700 τρισὶ
653 1633 707 1685 δὲ
738 1637 831 1704 τῆς
862 1638 1170 1708 ἀκροάσεως
1211 1647 1457 1715 μετέχειν
1489 1647 1672 1717 μόνης,
1703 1651 1758 1701 ὲν
1788 1648 1965 1713 ἄλλοις

403 1719 457 1770 δὲ
486 1722 665 1790 τρισὶν
703 1723 845 1779 ἔτεσι
897 1729 1031 1797 μετά
1070 1732 1175 1784 τῶν
1215 1736 1273 1786 ἐν
1300 1740 1364 1806 τῇ
1415 1738 1712 1808 ἐπιστροφῇ
1767 1740 1963 1792 ὑποπι-

403 1810 641 1862 πτόντων
670 1814 1080 1884 προσεύχεσθαι,
1114 1820 1204 1872 καὶ
1235 1822 1353 1875 τότε
1387 1824 1631 1893 μετέχειν
1667 1825 1775 1878 τῶν
1803 1828 1961 1893 ἁγια-

406 1901 643 1967 σμάτων.
691 1903 812 1957 Ἐπὶ
842 1905 900 1959 δὲ
941 1909 1048 1960 τῶν
1083 1913 1488 1984 σπουδαιότερον
1519 1917 1868 1987 κεχρημένων
1892 1922 1958 1989 τῇ

398 1991 734 2064 ἐπιστροφῇ,
788 1999 879 2050 καὶ
927 1998 1003 2069 τῷ
1052 2001 1151 2072 βίῳ
1209 2004 1526 2059 δεικνύντων
1564 2008 1661 2078 τὴν
1716 2010 1851 2079 πρὸς
1900 2012 1960 2065 τὸ

398 2080 600 2145 ἀγαθὸν
645 2083 933 2147 ἐπάνοδον,
982 2088 1155 2152 ἔξεστι
1201 2089 1278 2159 τῷ
1308 2093 1672 2162 οἰκονομοῦντι
1716 2095 1849 2164 πρὸς
1898 2096 1958 2148 τὸ

310 2190 317 2193 ·
401 2172 673 2241 συμφέρον
692 2174 790 2245 τὴν
822 2176 1274 2247 ὲκκλησιαστικὴν
1309 2181 1616 2251 οἰκονομίαν
1638 2224 1650 2246 ,
1678 2189 1957 2255 συπεμεῖν

397 2260 486 2312 τὸν
520 2262 707 2330 χρόνον
746 2264 846 2332 τῆς
873 2266 1182 2334 ἀκροάσεως
1202 2308 1216 2331 ,
1246 2268 1337 2321 καὶ
1377 2271 1563 2339 τάχιον
1598 2274 1678 2334 είς
1705 2276 1958 2344 ἐπιστρο-

398 2348 500 2418 φὴν
528 2350 753 2417 ἀγαγεῖν
776 2390 789 2415 ,
841 2353 933 2403 καὶ
984 2354 1141 2407 πάλιν
1188 2356 1280 2407 καὶ
1310 2355 1495 2409 τοῦτον
1542 2364 1823 2430 ωντεμείν
1864 2362 1955 2415 τὸν

395 2438 583 2509 χρόνον
607 2478 622 2502 ,
660 2440 752 2492 καὶ
793 2442 974 2510 τάχιον
1009 2444 1297 2498 ἀποδοῦναι
1327 2447 1424 2516 τὴν
1452 2452 1731 2506 κοινωνίαν
1756 2495 1771 2518 ,
1808 2455 1956 2518 ὅπως

395 2525 461 2579 ἂν
488 2530 551 2597 τῇ
587 2528 778 2581 ἑαυτοῦ
809 2530 1096 2603 δοκιμασίᾳ
1139 2537 1362 2606 ὲκκρίνῃ
1396 2538 1494 2608 τὴν
1540 2540 1632 2592 τοῦ
1661 2541 1955 2610 θεραπευο-

393 2615 554 2679 μένου
585 2617 1146 2691 κατάστασιν.Ὧσπερ
1166 2623 1272 2693 γάρ
1292 2625 1353 2676 τὸ
1381 2631 1493 2690 τοῖς
1514 2628 1714 2697 χοίροις
1741 2633 1953 2700 ῥίπτειν

391 2704 479 2756 τὸν
513 2706 851 2777 μαργαρίτην
878 2709 1210 2779 ἀπείρηται,
1242 2713 1384 2768 οὕτω
1405 2718 1467 2769 τὸ
1499 2721 1819 2790 ἀποστερεῖν
1860 2722 1953 2778 τοῦ

388 2793 571 2862 τιμίου
617 2797 952 2865 μαργαρίτου
985 2799 1076 2851 τὸν
1124 2801 1225 2870 ήδη
1263 2802 1547 2872 ἄνθρωπον
1590 2808 1678 2861 διὰ
1718 2812 1817 2881 τῆς
1851 2830 1951 2866 κα-

390 2881 683 2951 θαρότητός
711 2900 768 2935 τε
798 2885 891 2938 καὶ
943 2887 1206 2952 ἀπαθείας
1249 2893 1535 2963 γενόμενον
1559 2936 1575 2961 ,
1601 2898 1706 2950 τῶν
1736 2902 1951 2956 ἀτόπων

390 2972 554 3024 ἐστίν.
604 2973 667 3025 ἸΙ
707 2974 762 3026 δὲ
794 2976 934 3028 κατά
984 2981 1226 3048 μοιχείαν
1256 2983 1370 3051 ἤτοι
1406 2986 1497 3037 καὶ
1528 2987 1597 3039 τά
1626 2989 1788 3044 λοιπὰ
1833 2992 1948 3064 εἴδη

2082 578 2225 638 ptate
2254 583 2567 638 peccaruut,
2610 576 2896 642 ejusmodi.
2936 578 3036 641 Qui
3071 581 3212 633 enim
3232 598 3292 636 ex
3321 601 3377 639 se
3416 587 3537 655 ipso
3563 591 3630 642 ad

2079 673 2175 709 sua
2200 660 2516 728 proferenda
2549 675 2765 730 peccata
2795 666 3062 735 impulsus
3104 680 3205 732 est,
3249 688 3313 725 eo
3343 677 3483 741 quod
3529 694 3629 732 sua

2077 760 2267 817 sponte
2296 753 2631 807 occultorum
2673 766 2954 811 accusator
2986 775 3107 814 esse
3133 763 3385 827 voluerit,
3441 775 3492 820 ut
3536 770 3630 837 qui

2073 841 2180 908 jam
2241 841 2512 897 at'fcctioni
2586 847 2904 900 medicinam
2969 850 3226 906 adhibere
3274 858 3518 923 eruperit,
3576 869 3631 911 et

2074 928 2284 995 signum
2342 931 2655 985 mutationis
2693 935 2743 986 in
2798 934 2850 987 id
2902 938 3044 1004 quod
3069 948 3152 993 est
3198 942 3392 995 melius
3446 953 3630 998 osten-

2077 1016 2235 1082 derit,
2271 1018 2322 1072 in
2362 1021 2664 1076 mitioribus
2709 1025 2884 1092 paanis
2924 1038 3188 1083 versatur.
3227 1030 3328 1096 Qui
3358 1044 3535 1087 autem
3571 1036 3624 1089 iu

2074 1109 2213 1159 malo
2248 1110 2612 1178 deprehensus
2657 1121 2758 1177 cst,
2799 1117 2879 1169 vel
2914 1126 3134 1187 propter
3178 1121 3411 1190 aliquam
3447 1127 3628 1194 suspi-

2070 1197 2279 1251 cionem
2337 1202 2417 1252 vel
2462 1205 2858 1258 accusationem
2898 1207 3145 1276 ingratiis
3190 1212 3475 1268 convictus
3518 1229 3625 1279 est,

2070 1288 2285 1358 longius
2339 1291 2412 1344 illi
2456 1296 2828 1351 conversionis
2878 1306 3089 1368 tempus
3138 1300 3336 1369 datur;
3395 1315 3451 1359 ut
3509 1307 3627 1375 ipse

2069 1380 2305 1446 perfecte
2332 1391 2611 1451 purgatus,
2660 1384 2739 1439 sic
2769 1387 2835 1439 ad
2883 1399 3345 1445 sacramentorum
3384 1409 3627 1449 commu—

2035 1471 2282 1525 "nionem
2337 1474 2671 1530 admittatur.
2722 1476 2814 1531 Est
2861 1494 2987 1546 ergo
3019 1481 3203 1537 Canon
3232 1486 3522 1557 ejusmodi,
3566 1503 3624 1547 ut

2068 1562 2157 1631 qui
2187 1562 2241 1616 in
2289 1562 2646 1621 fornicatione
2685 1570 2871 1636 polluti
2901 1581 3048 1634 sunt,
3098 1573 3152 1626 in
3198 1578 3371 1634 tribus
3404 1582 3619 1648 quidem

2066 1654 2224 1707 annis
2283 1656 2349 1707 ab
2384 1658 2626 1711 oratione
2670 1661 2891 1715 omnino
2938 1663 3308 1733 expellantur;
3363 1668 3415 1722 in
3449 1673 3623 1727 tribus

2032 1802 2036 1822 ᾗ
2067 1753 2243 1799 autem
2276 1746 2386 1801 sint
2439 1750 2609 1804 solius
2647 1750 2942 1808 auditionis
2977 1758 3287 1825 participes,
3339 1758 3396 1812 in
3445 1762 3622 1818 tribus

2064 1842 2240 1888 autem
2281 1836 2420 1899 aliis,
2463 1852 2585 1890 cum
2638 1840 2705 1893 iis
2739 1842 2830 1908 qui
2887 1842 2938 1895 in
2985 1848 3342 1903 conversione
3378 1852 3621 1907 subster-

2064 1934 2289 1989 nuntur,
2320 1934 2656 1996 ~~precentur,
2710 1939 2763 1984 et
2812 1940 2941 1986 tunc
2988 1934 3097 1989 sint
3150 1952 3615 1997 sacramentorum

2063 2016 2375 2086 participes.
2411 2021 2464 2071 ln
2497 2020 2563 2073 iis
2585 2028 2763 2075 autem
2788 2024 2879 2091 qui
2901 2024 3228 2095 diligentiori
3262 2034 3620 2089 conversione

2062 2108 2145 2161 usi
2176 2107 2391 2173 fuerint,
2427 2118 2478 2163 et
2504 2113 2610 2163 vita
2631 2150 2645 2171 ,
2670 2113 2734 2166 ad
2763 2114 2814 2166 id
2837 2117 2981 2184 quod
3012 2118 3214 2172 bonum
3240 2131 3344 2185 est,
3380 2124 3616 2178 reditum

2059 2198 2416 2263 ostenderint,
2470 2201 2595 2255 licet
2630 2203 2679 2257 ei
2729 2206 2821 2273 qui
2872 2206 3172 2276 dispensat,
3225 2226 3324 2279 pro
3362 2214 3619 2268 ecclesia-

2058 2293 2207 2345 sticae
2235 2295 2552 2349 (economia:
2589 2297 2836 2362 utilitate,
2878 2308 3090 2368 tempus
3136 2303 3432 2360 auditionis
3483 2322 3619 2361 cun-

2057 2382 2290 2449 trahere,
2333 2393 2386 2438 et
2415 2386 2645 2441 celerius
2683 2387 2748 2440 ad
2783 2391 3191 2447 conversionem
3220 2395 3523 2452 deducere:
3563 2407 3619 2452 et

2057 2488 2249 2527 rursus
2276 2475 2377 2527 hoc
2402 2491 2619 2545 quoque
2651 2485 2863 2547 tempus
2894 2483 3234 2546 contrahere,
3286 2497 3338 2538 et
3381 2488 3615 2543 celerius

2055 2565 2491 2620 communionem
2538 2567 2778 2630 reddere,
2809 2579 2866 2624 ut
2888 2586 2983 2625 sua
3010 2573 3346 2640 probatione,
3380 2577 3500 2644 ejus
3525 2580 3613 2634 cui

2055 2655 2261 2709 medela
2304 2656 2608 2722 adhibetur,
2639 2661 3084 2715 constitutionem
3121 2663 3401 2732 dijmlicet.
3422 2666 3615 2731 Quem-

2055 2746 2343 2800 admodum
2374 2750 2516 2801 enim
2548 2750 2729 2817 porcis
2754 2753 3075 2821 margaritas
3106 2755 3373 2822 projicere
3404 2767 3486 2812 est
3514 2774 3612 2813 ve-

2053 2835 2234 2898 titum,
2292 2836 2364 2907 ita
2412 2845 2465 2891 et
2506 2838 2740 2906 pretiosa
2781 2842 3069 2907 margarita
3103 2843 3315 2910 privare
3346 2838 3468 2898 eum
3518 2850 3611 2915 qui

2048 2923 2157 2993 jam
2188 2938 2286 2993 per
2309 2926 2687 2980 alienationem
2724 2942 2754 2980 a
2788 2930 2917 2983 vitio
2940 2938 2990 2983 et
3018 2932 3389 3000 purgationem
3448 2934 3610 2988 homo

2052 3010 2122 3065 sit
2156 3010 2353 3078 factus,
2385 3013 2679 3067 absurdum
2713 3024 2814 3070 est.
2847 3016 2976 3080 Qua:
3014 3026 3194 3071 autem
3234 3020 3287 3072 in
3341 3021 3609 3075 adulterio

388 3063 484 3131 τῆς
521 3063 859 3134 ἀκαθαρσίας
893 3070 1152 3139 γενομένη
1176 3074 1486 3144 παρανομία
1506 3115 1519 3136 ,
1550 3079 1730 3143 καθὼς
1767 3084 1949 3152 προεί-

2053 3111 2105 3155 et
2140 3104 2191 3155 in
2238 3104 2459 3172 reliquis
2508 3104 2861 3160 immunditiae
2899 3110 3187 3174 generibus
3228 3110 3284 3162 fit
3326 3112 3610 3177 iniquitas,

389 3169 572 3222 ρηται,
610 3154 749 3207 κατά
780 3156 954 3209 πάντα
987 3159 1044 3209 ὲν
1077 3160 1151 3229 τῷ
1182 3161 1329 3232 αὐτῴ
1357 3166 1582 3235 κρίματι
1615 3170 1949 3247 θεραπευοήν

388 3258 559 3306 σεται,
595 3244 652 3296 ἐν
681 3237 725 3311 ᾦ
751 3246 925 3299 καὶτὸ
956 3247 1053 3318 τῆς
1088 3252 1341 3319 πορνείας
1377 3256 1507 3322 ἄγος
1530 3275 1543 3288 ο
1585 3259 1662 3330 τῷ
1683 3237 1752 3314 *δὲ
1775 3237 1949 3337 χρόνω

384 3332 812 3410 διπλασιάζεται.
848 3337 1369 3410 Παρατηρηθήσεται
1402 3345 1458 3397 δὲ
1489 3350 1581 3400 καὶ
1619 3351 1703 3403 ἐπ’
1732 3332 1878 3425 αὐτῷ

382 3421 477 3473 τοῦ
499 3422 930 3494 θεραπευομένου
964 3426 1231 3494 διάθεσις,
1265 3430 1323 3482 ὃν
1361 3436 1557 3501 τρόπον
1587 3439 1680 3491 καὶ
1715 3443 1806 3494 ἐπὶ

382 3510 459 3579 τῷ
491 3510 749 3582 μολυσμῷ
789 3514 889 3583 τῆς
931 3518 1182 3587 πορνείας
1232 3524 1685 3595 συνενεχθέντων,
1718 3531 1858 3586 ὥστε
1910 3538 1942 3606 ἢ

384 3601 580 3656 θᾶττον
607 3601 640 3674 ἢ
667 3604 985 3677 βραδύτερον
1013 3609 1256 3668 γενέσθαι
1284 3615 1465 3676 αὐτοῖς
1499 3618 1596 3688 τὴν
1619 3621 1710 3673 τοῦ
1740 3601 1943 3692 ἀγαθοδ

387 3695 691 3759 μετουσίαν.

406 3797 605 3854 ΒᾹΛΣ.
653 3794 767 3849 Νῦν
810 3793 1084 3865 περὶτῶν
1124 3794 1182 3846 ἒν
1222 3778 1298 3861 τῷ
1342 3790 1730 3864 ἐπιθυμητικῷ
1775 3794 1931 3865 μέρει

354 3892 456 3955 τῆς
501 3887 681 3958 ψυχῆς
733 3886 1023 3955 φυομένων
1074 3884 1494 3955 ἁμαρτημάτων
1542 3885 1858 3953 διαλέγεται
1906 3887 1936 3939 6

350 3976 545 4049 Πατὴρ
565 4014 580 4035 ,
612 3976 734 4028 ὅθεν
766 3975 932 4044 φησὶν
962 3968 1102 4027 εἶναι
1135 3972 1236 4043 τὴν
1267 3974 1527 4042 πορνείαν
1556 3974 1651 4027 καί¹
1682 3973 1781 4045 τὴν
1814 3992 1930 4045 μοιη

348 4070 526 4142 χείαν,
557 4069 652 4121 καὶ
683 4068 904 4136 ἐπάγει,
935 4067 1017 4119 ὅτι
1046 4065 1158 4119 τῶν
1188 4066 1601 4136 ἀκριϐεστέρων
1629 4068 1742 4119 τισὶ
1773 4068 1865 4120 καὶ
1898 4070 1932 4137 ἡ

2051 3200 2108 3245 ut
2142 3194 2342 3246 dictum
2381 3203 2482 3258 est,
2511 3195 2697 3248 eodem
2742 3196 2952 3264 judicio
2986 3199 3241 3266 punietur
3268 3218 3375 3269 quo
3411 3214 3461 3257 ct
3494 3204 3609 3256 lar-

2049 3284 2339 3339 nicationis
2373 3287 2570 3349 scelus,
2612 3287 2706 3341 sed
2746 3294 2987 3355 tempore
3039 3288 3421 3357 duplicabitur.
3453 3294 3509 3346 In
3543 3312 3607 3347 eo

2049 3384 2248 3433 autem.
2291 3377 2409 3443 ejus
2439 3375 2600 3427 etiam
2651 3376 2738 3429 cui
2790 3376 2994 3431 medela
3047 3379 3353 3444 adhibetur,
3395 3382 3608 3437 affectio

2052 3463 2504 3526 considerabitur,
2531 3481 2638 3533 quo
2660 3466 2818 3520 modo
2846 3476 2900 3519 et
2934 3466 2988 3519 in
3023 3467 3092 3521 iis
3113 3470 3204 3537 qui
3234 3469 3609 3527 fornicationis

2052 3552 2459 3619 inquinamento
2494 3553 2768 3623 illaqueati
2815 3566 2963 3619 sunt,
3011 3566 3069 3611 ut
3097 3562 3174 3613 vel
3205 3561 3367 3616 citius
3395 3560 3477 3616 vel
3500 3570 3609 3618 tar-

2054 3642 2177 3699 dius
2195 3641 2276 3699 eis
2296 3646 2367 3700 sit
2389 3646 2514 3700 boni
2540 3646 2895 3713 participatio.

2124 3786 2287 3867 153
2319 3794 2516 3851 BALS.
2552 3796 2708 3852 Nunc
2736 3798 2800 3851 de
2832 3800 3089 3867 peccatis,
3120 3818 3241 3870 quae
3290 3804 3343 3858 in
3383 3813 3626 3877 concupi.

2044 3887 2221 3942 scibili
2245 3890 2441 3941 anima;
2461 3888 2717 3944 facultate
2744 3899 3067 3957 nascuntur,
3098 3892 3317 3949 disserit
3350 3896 3537 3968 Pater,
3566 3916 3631 3954 ev

2041 3977 2239 4043 quibus
2290 3979 2422 4034 dicit
2475 3995 2596 4035 esse
2645 3981 2969 4035 adulterium
3018 3994 3069 4038 et
3098 3983 3537 4053 fornicationem,
3571 4003 3627 4045 et

2044 4069 2347 4141 subjungit,
2384 4074 2527 4141 quod
2557 4072 2879 4143 quibusdam
2915 4075 3294 4134 subtilioribus
3340 4079 3631 4134 fornicatio

345 4161 575 4232 πορνεία
610 4158 828 4230 μοιχεία
859 4158 1141 4211 καλεῖται’
1175 4156 1308 4210 διότι
1339 4159 1372 4228 ἡ
1405 4157 1633 4228 νόμιμος
1669 4158 1813 4228 μίξις
1843 4161 1935 4258 div-

2052 4174 2257 4229 quoque
2291 4172 2518 4216 vocatur
2543 4163 2868 4217 adulterium
2900 4183 2913 4219 :
2947 4166 3074 4235 quia
3128 4170 3306 4223 mariti
3343 4181 3399 4225 et
3445 4179 3631 4228 uxoris

343 4252 471 4324 δρὸς
510 4253 603 4305 καὶ
640 4250 899 4317 γυναικὸς
942 4249 1045 4317 μέν
1078 4251 1256 4315 ἐστιν,
1294 4250 1345 4302 εί
1373 4266 1426 4301 τι
1463 4249 1520 4302 δὲ
1558 4250 1746 4321 ἕτερον
1783 4250 1936 4320 παρὰ

342 4348 552 4416 ταύτην
587 4344 853 4414 γένηται,
892 4342 1214 4414 παράνομον
1248 4343 1308 4395 τὺ
1340 4342 1587 4396 τοιοῦτον
1609 4384 1623 4408 ,
1660 4343 1753 4397 κα)⁵
1786 4344 1936 4404 ὅστις

346 4435 427 4508 μὴ
450 4437 527 4506 τῷ
558 4436 672 4506 ίδίῳ
698 4436 984 4506 κέχρηται,
1014 4433 1283 4504 ἀλλοτρίῳ
1310 4434 1533 4504 χρῆται.
1563 4435 1679 4488 Πᾶν
1702 4434 1759 4487 δὲ
1784 4434 1811 4486 ὃ
1836 4434 1935 4487 οὐκ

345 4507 487 4581 ἴδιόν
509 4527 624 4581 ἐστί
655 4544 782 4591 τινι,
816 4525 975 4578 τοῦτο
1004 4526 1306 4596 ἀλλότριον,
1341 4526 1444 4580 κᾶν
1482 4527 1558 4596 μὴ
1588 4527 1686 4598 ἔχῃ
1715 4527 1807 4579 τὸν
1838 4544 1935 4579 κυ-

344 4617 618 4690 ριεύοντα.
647 4615 756 4669 Καὶ
780 4614 868 4669 διὰ
894 4614 1053 4668 τοῦτο
1079 4617 1139 4668 οὐ
1169 4617 1359 4686 πόρρω
1386 4616 1535 4680 ἔδοξε
1560 4619 1660 4686 τῆς
1690 4616 1934 4687 μοιχείας

341 4712 440 4764 καὶ
486 4711 519 4779 ἡ
567 4708 818 4780 πορνεία.
859 4707 1046 4761 Ταῦτά
1086 4723 1253 4777 φησιν
1298 4709 1325 4759 6
1372 4706 1525 4774 ἅγιος
1573 4707 1717 4760 οὓτω
1763 4725 1935 4762 κατα-

343 4801 714 4865 σκευάζεσθαι
750 4800 903 4872 παρά
937 4799 1046 4852 τῶν
1080 4799 1174 4851 καὶ
1208 4798 1305 4868 τὴν
1341 4798 1598 4868 πορνείαν
1632 4801 1711 4862 εἰς
1740 4798 1801 4851 τὸ
1833 4802 1933 4869 τῆς

343 4893 595 4964 μοιχείας
620 4892 1009 4961 ἀναγαγόντων
1033 4891 1337 4961 ἁμάρτημα
1359 4908 1373 4921 ·
1402 4893 1516 4955 τοῖς
1539 4889 1594 4943 δὲ
1617 4891 1934 4971 ἀσθενεστέ-

343 5004 462 5057 ροις
487 4986 595 5040 τῶν
622 4986 1051 5058 ἁμαρτανόντων
1076 4984 1328 5052 γενέσθαι
1355 4984 1478 5036 τινὰ
1508 4986 1658 5056 παρά
1685 4983 1793 5037 τῶν
1822 4987 1931 5038 lla.-

337 5079 523 5148 τέρων
545 5079 693 5147 λέγει
722 5077 1168 5148 συμπεριφορὰν,
1194 5076 1362 5146 ἦγουν
1384 5077 1699 5147 οἰκονομίας
1726 5093 1933 5144 συγκα-

337 5172 590 5226 matiam.
637 5171 909 5241 Εῖληπται
956 5170 1012 5223 δὲ
1061 5170 1094 5241 ἡ
1138 5170 1286 5236 λέξις
1329 5171 1393 5222 ἐκ
1435 5169 1544 5222 τῶν
1585 5169 1927 5240 Παροιμιῶν.

334 5267 478 5332 φησι
509 5266 619 5337 γάρ
647 5266 675 5318 ὁ
708 5263 968 5334 Σαλομῶν
1002 5267 1058 5315 ἐν
1087 5263 1278 5327 αὑταῖς
1305 5280 1316 5293 ·
1359 5263 1416 5317 Ὀ
1444 5262 1531 5332 μὴ
1564 5277 1929 5333 συμπεριφε-

328 5358 592 5429 ρόμενος
616 5356 696 5423 τῷ
720 5357 941 5413 ἑαυτοῦ
973 5358 1117 5424 οἴκῳ
1142 5355 1594 5426 κληρονομήσει
1621 5357 1885 5425 ἀνέμους
1910 5378 1924 5389 ·

335 5452 433 5506 καὶ
461 5451 831 5521 διακριθῆναι,
863 5451 987 5504 ἀντὶ
1013 5449 1105 5502 τοῦ
1137 5450 1498 5521 διαιρεθῆναι,
1530 5450 1590 5504 τὸ
1621 5450 1926 5532 ἁμάρτημα

335 5543 437 5607 ἐἷς
467 5540 707 5608 ἀθέσμου
742 5543 938 5610 μίξεως
961 5557 974 5570 °
1010 5540 1101 5594 καὶ
1136 5541 1392 5610 πορνείαν
1428 5541 1526 5613 μὲν
1556 5540 1926 5611 ὀνομασθῆναι

419 5719 617 5774 ‘Prov.
657 5736 728 5787 vi,
768 5723 858 5776 29.

2042 4254 2215 4306 coitus
2237 4240 2515 4322 legitimus
2539 4265 2662 4317 est;
2718 4255 2812 4310 sed
2843 4257 2887 4311 si
2920 4258 3051 4325 quid
3100 4258 3195 4315 fiat
3229 4262 3374 4317 aliud
3430 4279 3631 4333 praui:

2038 4333 2259 4408 eum,id
2302 4344 2673 4415 estinjustum
2714 4356 2770 4401 et
2791 4347 3006 4418 legibus
3043 4353 3626 4427 contrarium,etqui-

2036 4447 2252 4500 cunque
2279 4449 2389 4488 non
2418 4435 2588 4499 utitur
2632 4439 2873 4506 proprio,
2897 4439 3074 4493 utitur
3097 4442 3301 4498 alieno.
3332 4444 3629 4509 Quodcun—

2036 4541 2145 4595 que
2174 4541 2300 4581 vero
2327 4528 2501 4583 cuivis
2525 4544 2630 4582 non
2667 4539 2750 4583 est
2776 4532 3080 4601 proprium.
3105 4534 3234 4589 illud
3256 4536 3492 4590 alienum
3520 4526 3627 4604 est,

2037 4619 2249 4674 etiamsi
2281 4621 2558 4674 dominum
2598 4636 2702 4675 non
2746 4624 2962 4677 haheat.
3001 4623 3068 4679 Et
3110 4638 3396 4695 propterea
3451 4628 3629 4683 forni-

2035 4713 2178 4764 catio
2215 4726 2317 4765 non
2356 4711 2513 4781 longe
2563 4712 2749 4767 abesse
2782 4714 2894 4768 visa
2924 4724 3008 4768 est
3050 4717 3119 4771 ab
3156 4720 3444 4773 adulterio.
3497 4718 3625 4776 Hree

2035 4802 2163 4854 dicit
2199 4813 2420 4858 sanctus
2466 4804 2537 4857 ita
2591 4805 2758 4859 astrui
2812 4806 2879 4860 ab
2925 4807 3013 4873 iis,
3066 4809 3156 4877 qui
3211 4808 3624 4867 fornicationem

2034 4894 2099 4946 ad
2129 4895 2375 4948 adulterii
2407 4908 2685 4965 peccatum
2720 4898 3026 4952 reducunt:
3082 4901 3495 4958 imbecilliorum
3532 4920 3626 4958 au-

2036 4995 2138 5037 tem
2194 4995 2541 5054 peccatorum
2600 4987 2770 5042 fuisse
2813 4989 3047 5059 aliquam
3102 4989 3356 5046 Patribus
3411 5010 3625 5064 συμπε-

2035 5076 2293 5146 ριφορὰν,
2350 5078 2465 5131 sive
2519 5080 2837 5133 oeconomiae
2884 5083 3408 5139 condescensionem
3463 5088 3617 5140 dicit.

2034 5165 2277 5219 Sumitur
2309 5176 2486 5222 autctn
2543 5172 2708 5224 dictio
2737 5187 2801 5224 ex
2854 5170 3184 5249 Proverbiis.
3224 5174 3360 5230 Dicit.
3392 5178 3536 5230 enim
3570 5180 3619 5229 in

2033 5261 2111 5313 eis
2161 5261 2440 5327 Salomon,
2500 5267 2527 5315 6
2580 5265 2656 5334 μὴ
2702 5266 3246 5336 συμπεριφερόμενος
3300 5267 3377 5338 τῷ
3423 5270 3622 5321 ἑαυτοῦ

2031 5338 2185 5424 όῗκῳ,
2222 5355 2322 5410 hoc
2347 5368 2452 5419 est,
2489 5358 2594 5420 Qui
2632 5363 2815 5413 domus
2844 5375 2956 5413 suae
2981 5375 3164 5412 curam
3197 5376 3299 5413 non
3330 5364 3484 5431 gerit,
3515 5362 3625 5415 Ita:-

2032 5448 2272 5500 redimbt‘t
2307 5449 2549 5513 remos’;
2587 5458 2640 5503 et
2675 5461 2958 5517 peccatum
2994 5453 3256 5523 illegitimi
3288 5454 3462 5508 coitus
3501 5470 3623 5509 esse

2035 5540 2349 5591 distinctum
2401 5555 2495 5592 seu
2553 5540 2825 5607 divisum;
2863 5554 2911 5595 et
2948 5542 3362 5598 fornicationem
3396 5544 3621 5608 quidem
