4020 6382
306 300 414 364 373
1047 305 1127 367 ΙΝ
1161 264 1403 365 EDIST.
1438 304 1500 364 S.
1541 302 1921 363 GREGORU
1964 301 2291 366 NYSSENl
2319 306 2418 365 AD
2453 306 2821 367 LETOlUM.
3118 294 3119 297 η
3458 309 3563 367 ὃῖιί

307 419 542 487 ὥρισται
564 433 578 447 ο
615 416 891 472 κάνταῦθα
926 419 983 472 δέ
1016 420 1077 473 τὸ
1112 423 1399 491 συκιτεμείν
1433 419 1523 473 τὸν
1559 422 1748 490 χρόνον
1783 419 1876 472 τοῦ

2020 421 2275 477 Lelluitunt
2317 421 2370 475 iu
2420 422 2810 486 fornicatione,
2843 424 3169 479 sexennium
3205 425 3258 479 in
3301 423 3567 479 adulteno

310 508 619 577 ἐπιτιμίου,
651 507 685 577 ἢ
718 508 974 577 αὐξῆσαι,
1002 511 1097 563 τοῦ
1127 512 1541 583 οίκονομοῠντος
1570 515 1636 581 τῇ
1669 510 1880 577 διακρί-

2020 528 2057 572 :t
2090 515 2318 588 reliquis
2352 517 2641 572 definitum
2675 527 2783 573 est.
2820 516 2992 573 Porro
3031 518 3119 572 hic
3149 531 3364 586 quoque
3394 533 3569 588 paena:

315 615 396 650 σει
426 599 551 661 τοὺς
581 599 638 652 ἐν
669 600 927 670 μετανοίᾳ
955 599 1182 654 δίδωσιν.

923 811 1165 866 ΚΑΝΩΝ
1194 813 1268 864 E'.

389 912 646 969 Λείπεται
671 914 805 984 πρὸς
826 910 1034 976 τούτοις
1054 913 1114 966 τὸ
1127 909 1405 982 θυμοειδὲς
1432 912 1529 982 τῆς
1545 912 1722 983 ψυχῆς
1748 930 1880 986 προ-

322 1007 493 1060 θεῖναι
524 1007 603 1064 είς
646 1003 906 1069 ἐξέτασιν,
952 1001 1079 1055 ὅταν
1103 1000 1517 1071 παρασφαλεῖσα
1544 1002 1639 1071 τῆς
1674 1003 1884 1072 ἀγαθῆς

320 1094 414 1147 τοῦ
460 1093 630 1163 θυμοῦ
670 1094 942 1163 χρήσεως,
978 1094 1056 1153 είς
1090 1089 1358 1158 ἁμαρτίαν
1387 1090 1612 1162 ἐκπέσῃ.
1671 1092 1883 1147 Πολλῶν

323 1199 382 1235 τε
409 1182 576 1234 ὄντων
608 1180 748 1233 κατὰ
763 1180 930 1249 θυμὸν
947 1180 1026 1243 είς
1049 1179 1317 1250 ἁμαρτίαν
1342 1180 1767 1249 ἐνεργουμένων,
1790 1184 1883 1236 καὶ

327 1273 539 1327 πάντων
566 1271 771 1336 κακῶν,
813 1270 976 1339 ῆρεσέ
1005 1286 1121 1332 πως
1159 1272 1271 1332 τοῖς
1314 1269 1589 1340 ΙΙατράσιν
1618 1271 1791 1341 ἡμῶν,
1825 1275 1882 1325 ἐν

323 1366 434 1424 τοῖς
476 1361 653 1423 ἄλλοις
690 1360 763 1430 μὴ
812 1359 932 1413 λίαν
973 1358 1461 1430 ἀκριϐολογεῖσθαι,
1510 1359 1644 1430 μηδὲ
1687 1362 1885 1432 πολλῆς

324 1455 472 1519 ἀξιον
504 1452 749 1524 ἡγεῖσθαι
779 1452 1030 1521 σπουδῆς,
1064 1450 1124 1503 τὸ
1162 1450 1482 1520 θεραπεύειν
1517 1451 1694 1505 πάντα
1722 1451 1790 1505 τὰ
1821 1456 1886 1525 ἐκ

326 1543 497 1613 θυμοῦ
522 1542 939 1611 παραπτώματα
958 1556 970 1570 ·
1010 1540 1102 1594 καί
1130 1538 1211 1594 τοί
1240 1557 1303 1609 γε
1328 1542 1423 1610 τῆς
1444 1541 1487 1595 Γ
1494 1542 1686 1611 ραφῆς,
1711 1541 1771 1596 οὺ
1801 1544 1894 1614 μό-

324 1646 414 1686 νον
454 1631 581 1702 τὴν⁶
602 1628 777 1700 ψυχὴν
815 1629 1260 1700 ἀπαγορευούσης
1308 1627 1518 1698 πληγήν
1547 1645 1560 1658 ’
1609 1629 1743 1683 ἀλλὰ
1794 1632 1887 1686 καὶ

326 1723 507 1775 πᾶσαν
536 1719 822 1789 λοιδορίαν,
867 1717 899 1787 ἢ
933 1718 1296 1789 βλασφημίαν,
1333 1718 1427 1771 καὶ
1455 1718 1508 1771 εί
1538 1735 1590 1771 τι
1619 1718 1744 1773 ἄλλο
1775 1739 1888 1776 τοι-

324 1812 481 1866 οὖτον
507 1814 536 1863 ὁ
570 1809 735 1880 θυμὸς
771 1806 1170 1877 ἀπεργάζεται·
1217 1808 1374 1878 μόνον
1398 1809 1455 1862 δὲ
1492 1810 1584 1863 τοῦ
1618 1812 1757 1865 κατά
1797 1813 1889 1867 τὸν

328 1904 487 1976 φόνον
514 1903 676 1971 ἄγους
713 1902 812 1971 τὴν
841 1900 1233 1971 παραφυλακὴν
1274 1901 1615 1971 ἐποιήσαντο,
1660 1903 1749 1957 διὰ
1781 1901 1888 1956 τῶν

1927 1781 1970 1835 Β

328 1993 634 2063 ἐπιτιμίων.
668 1990 925 2063 Διῄρηται
950 1991 1005 2044 δὲ
1034 1991 1096 2043 τὸ
1127 1990 1361 2043 τοιοῦτον
1387 1992 1552 2045 κακὸν
1575 1995 1639 2064 τῇ
1661 1993 1890 2065 διαφορᾷ
1924 1987 1930 1992 ’

328 2085 422 2140 1:06
454 2083 702 2139 ἑκουσίου
742 2100 802 2135 τε
846 2083 941 2136 καὶ
981 2083 1257 2145 ἀκουσίου,
1289 2083 1346 2137 ἐν
1373 2078 1454 2146 οἷς
1502 2083 1743 2147 ἑκούσιος
1793 2086 1890 2153 μέν

331 2178 444 2230 ἐστι
473 2176 648 2243 φόνος.
686 2172 906 2244 Πρῶτον
929 2174 1046 2243 μὲν,
1087 2175 1116 2227 ό
1150 2174 1214 2226 ἐκ
1245 2174 1593 2244 παρασκευῆς
1623 2174 1889 2244 τετολμηη

338 2268 493 2338 μένος
518 2265 611 2318 τοῦ
628 2265 712 2328 είς
737 2263 867 2317 αὐτὸ
894 2263 1047 2317 τοῦτο
1073 2264 1550 2335 εὐτρεπισαμένου.
1577 2265 1723 2329 ὅπως
1741 2264 1805 2318 ἂν
1831 2266 1923 2318 τὺ-

336 2360 462 2427 ἄγος
481 2357 798 2429 ἐργάσηται.
821 2356 1046 2408 Ἔπειτα
1061 2354 1116 2408 δὲ
1141 2356 1388 2418 κάκεῖνος
1418 2357 1475 2408 ἐν
1495 2360 1605 2418 τοῖς
1628 2356 1891 2419 ἑκουσίοις

334 2448 613 2518 ἐνομίσθη,
633 2447 759 2500 ὅταν
776 2463 861 2508 τις
891 2448 947 2499 ἐν
966 2445 1246 2525 συμπλοκῇ
1283 2446 1374 2498 καὶ
1401 2445 1567 2516 μάχῃ,
1588 2447 1802 2499 τύπτων
1834 2464 1891 2498 τε

335 2538 431 2592 καὶ
454 2537 803 2606 τυπτόμενος,
818 2536 1013 2607 ἐνέγκῃ
1035 2535 1171 2588 κατά
1188 2552 1332 2598 τινος
1354 2536 1567 2604 καιρίου
1584 2536 1678 2606 τὴν
1694 2534 1783 2589 διὰ
1798 2536 1893 2605 τῆς

336 2625 516 2697 χειρὸς
544 2625 777 2696 πληγήν.
811 2625 870 2678 ’0
889 2625 996 2695 γὰρ
1018 2624 1162 2691 ἅπαξ
1186 2624 1262 2694 τῷ
1282 2623 1437 2694 θυμῷ
1466 2624 1774 2697 κρατηθεὶς,
1803 2626 1895 2677 καὶ

338 2717 405 2784 τῇ
432 2716 573 2785 ὁρμῇ
614 2714 713 2783 τῆς
750 2715 914 2785 ὀργῆς
944 2715 1309 2785 χαριζόμενος,
1346 2714 1495 2766 οὐδὲν
1532 2714 1597 2767 ἀν
1626 2714 1777 2784 παρά
1806 2715 1895 2765 τὸν

347 2801 528 2871 καιρὸν
558 2800 650 2854 τοῦ
673 2801 875 2865 πάθους
894 2802 1001 2855 τῶν
1026 2802 1287 2870 ἀνακόψαι
1317 2801 1378 2853 τὸ
1403 2801 1566 2853 κακὸν
1590 2800 1896 2869 δυναμένων

238 2878 243 2881 ’
345 2891 437 2944 ἐπὶ
462 2889 585 2943 νοῦν
612 2887 785 2940 λάϐοι.
832 2886 987 2938 ’Ὥστε
1018 2884 1109 2938 καὶ
1120 2886 1189 2937 τὸ
1216 2886 1281 2936 ἐκ
1304 2885 1399 2953 τῆς
1422 2902 1576 2954 συμπ
1605 2883 1739 2953 οκῆς
1769 2885 1898 2935 ἀπο.

2000 622 2213 678 tempus
2255 611 2601 674 contrahere,
2630 611 2711 664 vel
2744 624 2965 680 augere,
3010 610 3149 679 ejus,
3178 609 3269 679 qui
3298 610 3571 678 peniten-

2002 703 2129 756 tiam
2178 712 2403 771 agentes
2435 703 2734 772 dispensat,
2764 701 2970 769 judicio
3000 702 3272 772 relinquit.

2613 817 2842 875 CANON
2883 819 2943 873 V.
2978 864 2985 867 ν

2070 909 2256 967 Restat
2311 913 2376 966 ad
2420 912 2534 967 haec
2596 921 2651 965 ut
2712 914 3037 967 irascentem
3098 914 3294 967 animae
3355 922 3561 982 partem

1996 1003 2412 1059 examinandam
2451 1018 2841 1074 proponamus,
2877 1008 3094 1075 quando
3141 1007 3289 1077 lapsa
3344 1023 3372 1061 a
3431 1009 3570 1067 bono

1996 1096 2092 1149 itze
2174 1110 2273 1151 usu
2360 1096 2414 1149 in
2504 1106 2783 1166 peccatum
2871 1098 3149 1153 ceciderit.
3245 1098 3381 1154 Cum
3472 1115 3571 1154 au-

2008 1195 2116 1240 tem
2157 1187 2329 1241 multa
2388 1185 2497 1237 sint
2547 1196 2667 1252 quae
2713 1196 2809 1250 per
2859 1184 2994 1235 iram
3058 1183 3193 1236 fiunt
3247 1191 3467 1251 peccata
3518 1192 3570 1237 et

2012 1277 2190 1331 omnis
2227 1274 2439 1344 generis
2474 1256 2652 1333 mala:
2681 1272 2886 1341 placuit
2917 1272 3171 1327 omnibus
3218 1273 3420 1326 nostris
3469 1272 3571 1325 Pa-

2014 1367 2189 1421 tribus
2260 1366 2314 1419 in
2376 1364 2496 1418 aliis
2568 1362 2786 1432 quidem
2840 1378 2946 1415 non
3011 1362 3236 1415 nimium
3301 1364 3571 1417 subtiliter

2012 1473 2193 1529 agere,
2228 1470 2330 1510 nec
2362 1453 2591 1508 nimium
2626 1453 2681 1506 in
2713 1468 2777 1507 eo
2827 1452 2991 1506 studii
3025 1466 3308 1522 opemque
3348 1469 3568 1522 ponere.

2021 1556 2082 1603 ut
2106 1547 2285 1599 omnia
2318 1560 2437 1614 quae
2461 1560 2527 1600 ex
2562 1543 2641 1597 ira
2674 1550 3027 1598 nascerentur
3054 1542 3249 1597 delicta
3280 1553 3567 1608 curarent;

2016 1635 2265 1709 quamvis
2303 1632 2583 1703 Scriptura
2636 1648 2746 1686 non
2792 1632 2965 1686 solum
3018 1631 3217 1687 vulnus
3266 1632 3568 1702 prohibeat,

2017 1729 2111 1784 sed
2141 1726 2304 1782 etiam
2329 1740 2490 1781 omne
2530 1723 2834 1777 convicium
2874 1722 2951 1775 vel
2986 1722 3354 1785 maledictum,
3415 1730 3467 1775 ct
3525 1724 3569 1775 si

2015 1815 2143 1886 quid
2177 1813 2320 1868 aliud
2368 1811 2631 1882 ejusmodi
2665 1813 2737 1864 ita
2790 1810 2994 1877 ellicit;
3033 1810 3124 1865 sed
3181 1811 3351 1865 solam
3410 1811 3574 1864 cmdis

2016 1904 2323 1959 cautionem
2383 1903 2496 1957 suis
2552 1902 2732 1972 pmnis
2805 1900 3246 1955 introduxerunt.
3307 1898 3575 1953 Dividitur

2015 2001 2193 2049 autem
2228 1992 2329 2046 hoc
2359 1991 2593 2056 malum,
2622 1989 2921 2044 ditIerentia
2954 1989 3273 2043 voluntariae
3326 1998 3378 2043 et
3418 1989 3573 2042 invo-

2016 2087 2301 2141 luntariae:
2360 2090 2414 2137 et
2467 2082 2782 2137 est/caedes
2816 2079 3033 2149 quidem
3071 2079 3401 2142 voluntaria,
3450 2093 3574 2147 quae

2016 2176 2388 2249 praemeditate
2446 2180 2702 2241 suscepta
2756 2179 2840 2225 est
2877 2171 2944 2225 ab
3002 2171 3187 2239 coqui
3251 2185 3309 2225 se
3342 2169 3407 2222 ad
3469 2158 3573 2223 hoc

2015 2273 2423 2335 comparaverat
2450 2271 2511 2318 ut
2572 2265 2676 2318 hoc
2704 2263 2918 2317 facinus
2955 2270 3309 2332 perpetraret.
3372 2262 3574 2316 Deinde

2016 2358 2147 2412 illud
2178 2371 2396 2427 quoque
2428 2354 2483 2408 in
2512 2354 2834 2407 voluntariis
2863 2352 3232 2407 existimatum
3261 2358 3366 2415 est,
3397 2365 3574 2420 quan-

2017 2448 2087 2501 do
2120 2449 2244 2518 quis
2283 2448 2341 2500 in
2399 2459 2693 2515 congressu
2755 2443 3051 2497 verberans
3114 2450 3169 2497 et
3226 2442 3570 2505 verberatus,

2018 2548 2180 2591 manu
2229 2535 2441 2605 plagam
2472 2531 2803 2587 mortiferam
2866 2531 3129 2585 intulerit.
3166 2531 3267 2596 Qui
3308 2530 3452 2585 enim
3493 2531 3572 2586 ira

2019 2624 2186 2680 semel
2212 2623 2390 2677 victus
2438 2628 2610 2683 est,et
2656 2620 2823 2675 animi
2871 2622 3190 2690 appetitioni
3237 2622 3401 2686 cedit,
3436 2621 3570 2676 nihil

2017 2728 2204 2769 eorum
2234 2728 2355 2782 qua:
2391 2713 2589 2766 malum
2636 2719 2858 2780 possent
2906 2719 3209 2782 amputare,
3243 2711 3292 2766 ci
3326 2714 3382 2766 in
3419 2727 3569 2766 men-

2018 2808 2125 2855 tem
2155 2801 2317 2855 venit.
2352 2800 2529 2865 Quare
2553 2811 2605 2854 et
2636 2801 2748 2853 illic
2778 2816 2991 2870 quoque
3026 2804 3115 2873 qui
3169 2820 3234 2859 ex
3286 2806 3566 2857 concerta-

2012 2874 2164 2928 tione
2198 2875 2472 2944 prol'ectus
2496 2883 2599 2940 est,
2641 2875 2808 2931 caedis
2831 2884 3081 2940 eventus,
3124 2880 3179 2932 in
3227 2880 3427 2935 factum
3474 2897 3565 2935 vo-

349 2976 585 3045 τέλεσμα
611 2973 704 3029 τοῦ
741 2973 921 3041 φόνου,
962 2976 1040 3035 είς
1065 2972 1221 3043 ἔργον
1256 2973 1642 3042 προαιρέσεως,
1680 2972 1773 3027 καὶ
1804 2972 1905 3026 οὐκ

2020 2965 2334 3025 luntarinm,
2365 2978 2471 3017 non
2528 2965 2581 3018 in
2615 2978 2803 3019 casum
2839 2967 3142 3022 confertur.
3191 2968 3571 3024 lnvoluntaria:

351 3068 430 3129 είς
451 3064 746 3133 ἀποτυχίαν
771 3062 1047 3130 ἀνάγεται.
1076 3064 1137 3114 Οἱ
1160 3061 1215 3114 δὲ
1238 3061 1476 3114 ἀκούσιοι
1499 3063 1704 3132 φανερὰ
1724 3062 1904 3132 ἔχουσι

2017 3062 2195 3107 autem
2231 3054 2432 3106 habent
2469 3055 2754 3109 manifesta
2810 3055 3032 3120 indicia,
3065 3058 3285 3126 quando
3313 3061 3436 3128 quis
3467 3061 3568 3113 ali—

350 3153 421 3207 τά
446 3152 798 3222 γνωρίσματα
816 3166 829 3181 ·
870 3151 997 3203 ὅταν
1041 3167 1121 3211 τις
1152 3148 1285 3218 πρὸς
1314 3148 1497 3219 ἕτερόν
1525 3166 1577 3202 τι
1605 3148 1701 3219 τὴν
1740 3164 1904 3200 σπουο

2020 3142 2105 3196 cui
2137 3143 2292 3198 alteri
2317 3144 2393 3198 rei
2422 3145 2660 3199 studium
2695 3147 2991 3215 applicans,
3024 3164 3154 3205 casu
3185 3150 3567 3219 gravissimqu

352 3244 451 3313 δὴν
491 3242 661 3312 ἔχων,
699 3239 761 3304 ἐξ
790 3238 1084 3309 ἀποτυχίας
1114 3255 1166 3290 τι
1212 3237 1316 3290 τῶν
1356 3236 1663 3307 ἀνηκέστων
1711 3237 1901 3307 δράσῃ.

366 3331 487 3383 Ἐπὶ
525 3328 727 3382 τούτων
772 3326 949 3380 τοίνυν
993 3329 1020 3379 ὁ
1067 3326 1164 3394 μὲν
1209 3325 1384 3394 φόνος,
1427 3326 1505 3388 εἰς
1554 3324 1904 3395 τριπλασίονα

355 3419 541 3490 χρόνον
578 3417 972 3487 παρατείνεται,
1007 3418 1118 3478 τοῖς
1150 3414 1213 3467 δι’
1246 3416 1574 3484 ἐπιστροφῆς
1608 3414 1904 3484 θεραπευο-

360 3491 538 3580 μένοις
564 3508 621 3560 τὸ
652 3507 890 3559 ἑκούσιον
915 3505 1065 3571 ἄγος.
1109 3505 1152 3556 Τ
1160 3504 1399 3571 ρισεννέα
1430 3504 1537 3572 γάρ
1565 3505 1696 3555 εἰσιν
1729 3504 1895 3556 ἐνιαυ-

358 3600 457 3663 τοὶ,
490 3597 609 3651 καθ’
638 3596 864 3649 ἕκαστον
908 3593 1109 3664 βαθμὸν
1136 3593 1232 3661 τῆς
1259 3592 1470 3654 ἐννάδος
1497 3592 1603 3644 τῶν
1634 3590 1766 3644 ἐτῶν
1795 3593 1906 3660 ὁρι-

362 3689 593 3758 σθείσης,
620 3686 758 3738 ὥστε
789 3686 844 3738 ὲν
875 3685 972 3754 μὲν
999 3683 1074 3753 τῷ
1104 3682 1349 3735 παντελεῖ
1366 3682 1670 3752 ἀφορισμῷ,
1687 3683 1904 3753 ἐνναετῆ

359 3778 544 3849 χρόνον
590 3774 925 3843 διαγενέσθαι
971 3772 1359 3842 ἀπειργόμενον
1400 3770 1497 3840 τῆς
1556 3770 1901 3840 Ἐκκλησίας·

359 3871 489 3925 ἀλλα
530 3868 586 3921 δὲ
635 3866 868 3922 τοσαῦτα
910 3864 1002 3934 ἔτη
1050 3865 1107 3915 ἐν
1138 3865 1202 3933 τῇ
1250 3861 1506 3932 ἀκροάσει
1529 3863 1903 3932 ’παραμεῖναι,

362 3960 527 4030 μόνης
544 3958 651 4010 τῶν
678 3954 1005 4008 διδασκάλων
1037 3952 1128 4005 καὶ
1166 3950 1262 4022 τῆς
1293 3952 1400 4005 τῶν
1441 3950 1670 4022 Γραφῶν
1708 3947 1910 4019 ἀκροάο

363 4066 519 4113 σεως,
574 4046 668 4099 καὶ
700 4043 835 4116 μετὰ
869 4046 966 4113 τῆς
997 4038 1090 4096 τοῦ
1139 4039 1268 4094 λαοῦ
1299 4036 1601 4102 συστάσεως
1630 4080 1633 4083 .
1660 4038 1910 4107 ἀξιούμε-

362 4157 479 4203 νον,
529 4140 585 4191 ἐν
616 4136 672 4188 δὲ
712 4134 869 4206 τρίτῃ
914 4133 1125 4197 ἐννάδι,
1188 4128 1323 4201 μετά
1359 4130 1464 4183 τῶν
1506 4128 1911 4181 ὑποπιπτόντων

366 4234 422 4283 ἐν
477 4230 543 4298 τῇ
616 4227 910 4296 ἐπιστροφῇ
984 4222 1409 4292 προσευχόμενον
1433 4260 1447 4283 ,
1503 4218 1673 4282 οὕτως
1742 4218 1913 4271 ἐλθεῖν

367 4322 458 4373 ἐπὶ
511 4318 609 4389 τὴν
672 4314 955 4388 μετουσίαν
997 4311 1089 4366 1:06
1142 4313 1476 4382 άγιάσματος
1505 4328 1519 4342 ·
1582 4310 1778 4380 δηλαδὴ
1823 4310 1915 4363 καὶ

370 4408 461 4460 ἐπὶ
497 4406 589 4459 τοῦ
626 4402 882 4466 τοιούτου,
925 4402 957 4471 ἡ
996 4399 1131 4469 αὑτὴ
1179 4398 1546 4469 προστήρησις
1579 4397 1724 4450 ἔσται
1767 4396 1915 4466 παρά

268 4531 282 4545 -
367 4500 461 4554 τοῦ
495 4496 893 4569 οἰκονομοῦντος
934 4494 1029 4564 τὴν
1072 4493 1414 4562 Ἐκκλησίαν,
1455 4489 1549 4543 καὶ
1603 4487 1736 4558 πρὸς
1764 4484 1917 4553 λόγον

364 4590 464 4660 τῆς
493 4585 821 4657 ἐπιστροφῆς
874 4584 1300 4654 συντμηθήσεται
1330 4578 1476 4651 αὑτῷ
1501 4581 1593 4633 κα¹ι
1620 4582 1651 4647 ἡ
1677 4576 1768 4630 τοῦ
1803 4577 1918 4629 ἐπι-

368 4680 545 4752 τιμίου
584 4679 907 4748 παράτασις,
940 4674 1077 4728 ὥστε
1102 4676 1221 4727 ἀντὶ
1242 4674 1397 4726 ἐννέα
1420 4673 1575 4735 ἐτῶν,
1602 4672 1685 4738 ἐφ’
1711 4668 1920 4738 ἑκάστῳ

373 4772 564 4844 βαθμῷ
594 4767 735 4824 ὀκτὼ
769 4768 802 4838 ἢ
835 4754 971 4820 ἐπτά
1004 4766 1036 4836 ἦ
1072 4765 1149 4831 ἒξ,
1189 4762 1234 4834 -ἢ
1270 4765 1359 4817 καὶ
1405 4763 1561 4816 πέντε
1610 4762 1742 4831 μόνα
1772 4758 1922 4827 γενέ-

374 4866 526 4918 σθαιο
562 4863 716 4932 εἴπερ
758 4860 819 4912 τὸ
847 4856 1070 4929 μέγεθος
1102 4856 1217 4924 τῆς
1259 4854 1587 4924 ἐπιστροφῆς
1627 4850 1796 4920 νικοίη
1833 4849 1923 4902 τὸν

370 4952 575 5023 χρόνον,
606 4949 700 5002 καὶ
719 4945 1102 5017 ὐπερὸάλλοιτο
1129 4945 1191 5013 τῇ
1233 4942 1429 5013 σπουδῇ
1450 4940 1545 5011 τῆς
1586 4933 1922 5004 διορθώσεως

368 5041 494 5101 τοὺς
522 5039 578 5090 ἐν
616 5038 683 5105 τῇ
719 5035 901 5104 μακρᾷ
933 5031 1235 5104 προθεσμίᾳ
1263 5026 1626 5101 ρᾳθυμότερόν
1656 5042 1772 5089 πως
1801 5026 1925 5078 ἐαυ-

370 5129 497 5188 τοὺς
523 5126 628 5178 ἀπὸ
663 5124 763 5192 τῆς
804 5121 1017 5191 κηλίδος
1045 5119 1414 5188 καθαίροντας.
1472 5115 1544 5171 Τὸ
1571 5116 1627 5168 δέ
1654 5114 1922 5177 ἀκούσιον,

374 5214 709 5286 συγγνωστὸν
739 5211 852 5284 μὲν,
885 5211 945 5264 οὐ
979 5211 1082 5280 μὴν
1115 5207 1391 5261 ἐπαινετὸν
1422 5205 1634 5275 ἐκρίθη.
1672 5202 1839 5257 Τοῦτο
1869 5202 1928 5256 δέ

373 5305 552 5369 εἷπον,
604 5304 743 5358 ὥστε
789 5302 944 5372 δῆλον
973 5298 1255 5369 γενέσθαι,
1312 5298 1392 5350 ὅτι
1424 5295 1523 5348 κᾶν
1556 5294 1820 5357 ἀκουσίως
1844 5305 1924 5356 τις

372 5392 594 5459 γένηται
629 5391 686 5442 ὲν
721 5387 797 5458 τῷ
824 5387 917 5440 τοῦ
951 5386 1107 5454 φόνου
1155 5384 1441 5454 μιάσμασι,
1480 5384 1554 5445 ὡς
1578 5382 1677 5453 ήδη
1709 5380 1928 5452 βέϐηλον

374 5482 536 5536 αὑτὸν
557 5480 663 5534 ἀπὸ
689 5477 783 5532 τοῦ
813 5478 976 5547 ἄγους
1008 5476 1309 5545 γενόμενον,
1333 5466 1632 5543 ἀπόϐλητον
1657 5471 1930 5543 ἱερατικῆς

375 5574 595 5643 χάρὶτος
629 5572 658 5623 ὁ
695 5567 871 5621 κανὼν
916 5565 1229 5633 ἀπεφήνατο
1253 5579 1267 5593 ο
1312 5562 1440 5625 ’ὅσος
1479 5561 1534 5614 δέ
1563 5562 1707 5614 ἐστιν
1746 5560 1837 5614 ἐπὶ
1862 5562 1929 5631 τῇ

374 5665 502 5730 ιιιλή
532 5659 751 5726 πορνείᾳ
789 5657 881 5710 τοῦ
913 5654 1203 5726 καθαρσίου
1242 5655 1270 5705 ὁ
1304 5654 1511 5722 χρόνος,
1556 5651 1804 5715 τοσοῦτος
1840 5650 1931 5705 καὶ

688 5755 955 5815 ΡΑΤῐιυι.
1001 5754 1107 5814 Gn.
1170 5756 1259 5814 CX
1278 5757 1536 5820 \‘XVlll.

1960 4543 2001 4598 ί)

2018 3231 2235 3301 aliquod
2263 3233 2460 3287 malum
2494 3237 2807 3303 patraverit.
2836 3236 2895 3291 In
2939 3237 3024 3293 his
3063 3254 3213 3309 ergo,
3239 3239 3415 3295 caedes
3449 3243 3571 3310 qui-

2018 3318 2139 3374 dem
2173 3321 2226 3374 in
2259 3323 2454 3392 triplex
2486 3330 2699 3394 tempus
2726 3327 3037 3381 extenditur
3084 3327 3152 3383 iis
3201 3329 3292 3398 qui
3325 3343 3420 3398 per
3448 3344 3571 3384 con-

2017 3410 2325 3465 versionem
2361 3414 2668 3467 voluntario
2704 3412 2936 3469 facinori
2981 3415 3281 3470 remedium
3315 3415 3565 3472 afferunt.

2020 3498 2124 3552 Ter
2155 3515 2344 3556 novem
2377 3501 2539 3556 etiam
2571 3511 2698 3557 sunt
2753 3505 2905 3571 anni,
2968 3506 3264 3560 novenario
3302 3521 3569 3562 annorum

2020 3600 2244 3641 numero
2276 3589 2331 3643 in
2363 3604 2689 3660 unoquoque
2721 3593 2890 3661 gradu
2922 3593 3207 3663 prefinito,
3256 3606 3315 3650 ut
3356 3597 3408 3650 in
3444 3614 3568 3667 per-
3659 3609 3663 3613 ‘

2021 3675 2159 3730 fecta
2220 3678 2440 3746 quidem
2480 3684 2848 3750 segregatione
2887 3698 3081 3739 novem
3133 3700 3398 3740 annorum
3436 3697 3573 3741 tern-

2021 3779 2152 3834 pore
2182 3774 2425 3822 versetur
2460 3769 2529 3823 ab
2565 3769 2801 3825 Ecclesia
2829 3772 3134 3842 prohibitus
3160 3792 3177 3841 ;
3227 3777 3364 3831 alios
3391 3786 3568 3832 autem

2023 3863 2103 3910 tot
2133 3872 2304 3913 annos
2336 3858 2388 3911 in
2435 3859 2711 3916 auditione
2757 3872 3090 3931 permaneat,
3133 3866 3248 3919 sola
3286 3866 3568 3920 doctorum

2023 3955 2078 4001 et
2124 3942 2524 4015 Scripturarum
2576 3943 2849 4006 auditione
2886 3960 2937 4007 et
2973 3956 3385 4010 conversatione
3444 3971 3568 4010 cum

2024 4038 2221 4117 populo
2246 4038 2443 4108 dignus
2479 4040 2716 4107 habitus,
2741 4042 2796 4096 in
2832 4043 2993 4098 tertio
3047 4053 3225 4099 autem
3276 4048 3573 4101 novenario

2023 4141 2145 4181 cum
2169 4128 2459 4185 substratis
2488 4132 2541 4185 in
2574 4133 2933 4189 conversione
2972 4148 3156 4199 orans,
3194 4144 3252 4190 ut
3294 4137 3570 4205 perveniat

2025 4218 2092 4271 ad
2123 4221 2559 4275 communionem
2591 4224 2914 4278 sacramenti
2938 4224 3146 4279 scilicet
3172 4242 3186 4290 ;
3215 4234 3269 4279 et
3295 4225 3347 4279 in
3382 4227 3571 4281 eodem

2024 4309 2208 4363 eadem
2240 4311 2343 4364 erit
2380 4310 2683 4368 observatio
2722 4314 2790 4368 al)
2827 4330 2893 4369 eo
2919 4315 3012 4384 qui
3054 4315 3350 4372 Ecclesiam
3401 4318 3575 4372 admi-

2027 4398 2240 4462 nistrat,
2274 4406 2326 4452 et
2357 4414 2453 4467 pro
2481 4401 2691 4456 ratione
2716 4402 3088 4459 conversionis
3116 4405 3192 4458 illi
3219 4420 3436 4475 quoque
3463 4420 3577 4476 pre-

2026 4501 2109 4540 me
2139 4490 2386 4542 extensio
2417 4490 2777 4556 rescindetur,
2811 4499 2868 4546 ut
2915 4507 3015 4563 pro
3066 4508 3256 4548 novem
3311 4496 3469 4550 annis
3522 4496 3575 4549 in

2028 4593 2352 4648 unoquoque
2371 4581 2560 4650 gradu,
2585 4583 2667 4637 vel
2692 4591 2835 4646 octo,
2862 4584 2945 4637 vel
2975 4592 3201 4652 septem,
3234 4586 3316 4640 vel
3339 4587 3579 4657 quinque

2029 4670 2203 4724 solum
2237 4670 2364 4723 anni
2390 4670 2540 4737 fiant,
2572 4672 2616 4726 si
2654 4674 2986 4742 poenitentia:
3014 4676 3330 4746 magnitudo
3366 4684 3579 4748 tempus

2028 4758 2231 4823 vincat,
2272 4770 2325 4814 et
2358 4769 2575 4830 superet
2621 4763 2980 4819 correctionis
3014 4764 3195 4820 studio
3256 4781 3349 4821 eos
3398 4767 3577 4834 quiin

2030 4851 2190 4921 longo
2217 4859 2458 4921 tempore
2498 4855 2799 4922 przestituto
2848 4864 3128 4923 susceptas
3159 4872 3189 4909 a
3227 4871 3286 4911 se
3339 4857 3609 4933 maculas‘

2030 4940 2270 5008 segniter
2293 4942 2499 4996 eluunt.
2534 4942 2956 4998 luvoluntarium
2984 4957 3159 4999 autem
3181 4946 3337 4999 venia
3363 4932 3578 5014 quidem

2029 5028 2273 5098 dignum,
2303 5030 2394 5084 sed
2427 5046 2534 5083 non
2566 5031 2835 5087 laudabile
2857 5032 3163 5102 judicatum
3194 5046 3297 5102 est.
3333 5033 3447 5088 lloc
3489 5049 3579 5089 au-

2032 5124 2138 5169 tem
2169 5116 2303 5180 dixi,
2339 5127 2397 5171 ut
2427 5119 2495 5173 sit
2524 5129 2788 5189 apertum,
2818 5101 2960 5191 quod
2992 5124 3152 5176 etiam
3187 5101 3396 5193 siquis
3429 5125 3581 5178 invo-

2033 5206 2268 5261 luntarie
2305 5207 2467 5262 fuerit
2501 5210 2554 5263 in
2586 5211 2790 5264 scelere
2819 5211 3097 5266 homicidii
3125 5230 3139 5266 :
3175 5228 3297 5267 eum
3326 5222 3578 5283 tanquam

2029 5295 2139 5365 jam
2174 5296 2484 5366 profanum,
2520 5300 2792 5369 piaculum
2833 5301 3126 5367 redditum,
3191 5317 3220 5355 a
3255 5303 3579 5358 sacerdotali

2032 5388 2202 5457 gratia
2253 5387 2578 5456 ejiciendum
2628 5392 2997 5459 pronuntiavit
3049 5407 3244 5447 canon.
3308 5393 3579 5459 Quantum

2033 5479 2217 5531 autem
2240 5478 2321 5531 est
2342 5478 2665 5549 expiationis
2695 5488 2909 5552 tempus
2939 5484 3006 5537 ob
3053 5483 3354 5553 simplicem
3406 5483 3575 5538 forni’

2032 5568 2325 5633 tationem,
2357 5576 2566 5623 tantum
2597 5571 2756 5626 etiam
2792 5580 2939 5628 recte
2984 5573 3181 5629 habere
3212 5574 3578 5629 existimatum

2031 5664 2116 5713 eet
2151 5656 2309 5713 in'iis
2335 5660 2425 5729 qui
2460 5660 2660 5717 caedem
2694 5663 3110 5718 involuntariam
3147 5663 3403 5718 fecissent
3432 5683 3444 5725 ;
3479 5666 3584 5719 sci-

3165 5753 3239 5815 ΞΒ
