4020 6394
272 364 384 426 877

1043 363 1123 421 1N
1156 361 1399 425 EPIST.
1438 366 1498 424 S.
1529 363 1919 423 GREGORH
1961 365 2289 425 NYSSENI
2323 368 2426 426 AD
2465 368 2830 430 LE'I‘OlUItI.
2888 388 2891 393 '

3448 374 3552 433 δ’ῖὸ

274 482 369 529 τὸν
399 474 511 526 τῶν
538 472 832 541 ἐπιτιμίων
886 471 1079 541 καιρὸν
1123 471 1203 541 τῷ
1244 471 1621 540 οἰκονομοῦντι
1672 473 1763 525 τὸν
1793 474 1851 525 ἐν

1982 484 2302 539 ιοιεειιιιοιιι,
2341 475 2386 530 si
2414 475 2609 531 viderit
2643 477 2998 545 pmnitentem
3030 477 3223 532 uberes
3270 477 3545 546 premite“-

275 567 537 638 μετανοίᾳ
591 564 884 635 γενόμενον
941 564 1180 626 δίδωσιν,
1214 566 1261 616 εἰ
1323 561 1511 631 βλέπει
1542 562 1635 615 τὸν
1678 580 1853 633 μετα⁹

270 659 505 715 νοοῦντα
575 658 819 728 δαψιλεῖς
885 658 1015 721 τοὺς
1075 664 1179 726 τῆς
1239 658 1535 727 μετανοίας
1605 658 1856 728 καρποῦς

269 755 708 823 ἐνδεικνύμενον.
764 754 822 807 '0
863 754 920 806 δὲ
966 754 1246 817 ἀκούσιος,
1311 754 1469 822 φησι,
1516 753 1676 821 φόνος
1724 768 1857 819 συγ-

270 846 519 915 γνωστὸς
558 845 658 912 μὲν
685 843 902 913 ἐκρίθη.
934 845 996 897 ού
1033 844 1137 912 μὴν
1186 845 1509 910 ἐπαινετὸς,
1549 844 1718 913 ἤγουν
1755 844 1856 896 οὐκ

272 938 524 1000 ἀνεκτδς,
555 935 697 988 ὥστε
734 936 826 988 καὶ
864 935 1043 1004 πάντη
1089 931 1231 987 εἶναι
1286 935 1703 1004 ἀνεπιτίμητος.
1736 934 1856 987 Κᾶν

271 1031 387 1099 γὰρ
414 1029 689 1088 ἀκουσίως
744 1045 829 1090 τις
864 1028 1102 1100 φονεύσῃ
1153 1027 1464 1098 ἄνθρωπον,
1508 1028 1635 1079 οὔτε
1694 1028 1855 1095 ίερω-

280 1123 449 1191 σύνης
484 1120 755 1184 τεύξεται,
786 1118 881 1171 καὶ
918 1120 1226 1190 ἀπόϐλητος
1253 1120 1459 1190 ταύτης
1496 1120 1571 1182 ὼς
1601 1120 1678 1188 τῷ
1706 1119 1852 1188 φόνῳ

284 1214 533 1287 μιανθεὶς
585 1212 794 1266 ἔσεται.
820 1211 1029 1281 Χρόνον
1063 1213 1119 1265 δὲ
1155 1211 1232 1281 τῷ
1258 1212 1525 1282 ἐπιτιμίῳ
1552 1212 1650 1264 τοῦ
1688 1213 1860 1264 ἀκου-

282 1304 397 1357 σίου
426 1303 587 1371 φόνου
618 1301 768 1368 λέγει
793 1300 1073 1369 τετάχθαι,
1102 1302 1225 1363 ὅσος
1267 1303 1323 1355 ἐν
1356 1304 1421 1370 τῇ
1450 1300 1583 1370 ψιλῇ
1627 1301 1860 1372 πορνείᾳ

276 1394 519 1464 ἐτάχθησ
572 1393 689 1447 ἐστι
744 1393 801 1446 δὲ
864 1386 1044 1459 οὗτος,
1098 1393 1242 1447 κατά
1287 1392 1481 1446 τοῦτον
1525 1394 1618 1444 τὸν
1680 1391 1858 1458 ἆγιον,

276 1488 439 1540 ἐννέα
472 1485 588 1554 ἐτη.
614 1485 793 1555 Ψιλὴν
823 1485 879 1538 δὲ
928 1485 1211 1556 πορνείαν,
1249 1486 1349 1554 τὴν
1384 1486 1465 1547 είς
1508 1486 1747 1551 γυναῖκα
1780 1484 1859 1555 μὴ

275 1581 511 1650 ἔχουσαν
549 1578 717 1648 ἄνδρα
752 1577 1028 1648 ὠνόμασε,
1068 1579 1196 1640 τοὺς
1241 1578 1465 1651 χρόνους
1495 1577 1551 1631 δὲ
1580 1578 1691 1630 τῶν
1730 1579 1857 1630 ἐπι-

276 1671 477 1737 τιμίων
494 1669 662 1723 είπὼν
696 1668 783 1735 ἐφ’
815 1670 1028 1739 ἑκάστῳ
1058 1669 1517 1739 πλημμελήματι,
1546 1667 1641 1721 νῦν
1685 1684 1860 1737 προσ*

277 1760 504 1831 τίθησιν
563 1763 667 1826 ὅτι,
702 1765 751 1816 εἰ
795 1763 949 1816 οῦπω
990 1764 1017 1814 ό
1051 1759 1404 1830 ἐπιτιμηθεὶς
1451 1758 1738 1829 ἐπλήρωσε
1765 1748 1859 1809 τὸν

278 1851 377 1904 τοῦ
425 1853 707 1923 ἐπιτιμίου
754 1853 971 1922 καιρὸν,
1006 1849 1125 1906 ἀλλ’
1178 1848 1259 1903 ἐτι
1304 1849 1692 1919 ἀφωρισμένος
1743 1845 1859 1899 ἐστὶ

277 1946 378 1998 καὶ
414 1942 714 1997 κινδυνεύει
756 1943 960 2007 θανεῖν,
1003 1940 1214 2012 ὥρισαν
1268 1941 1319 1993 οἱ
1374 1940 1620 2009 Πατέρες
1669 1938 1862 2007 φιλαν-

284 2035 742 2109 θρωπευσάμενοι
788 2034 881 2087 τὸν
939 2034 1183 2088 τοιοῦτον
1231 2032 1522 2102 μετασχεῖν
1554 2031 1665 2085 τῶν
1705 2032 1862 2097 ἅγια-

287 2129 536 2197 σμάτων,
586 2126 673 2181 ἴνα
723 2126 797 2197 μὴ
846 2127 1215 2197 ἐστερημένος
1242 2144 1336 2180 του
1385 2126 1596 2193 ἐφοδίου
1652 2124 1864 2196 ἀπέλθῃ

287 2219 426 2286 πρὸς
466 2216 565 2285 τὴν
595 2216 813 2286 μακρὰν
864 2216 1203 2285 ἀποδημίαν.
1238 2214 1460 2281 Ἐφόδια
1507 2214 1564 2268 δέ
1608 2213 1863 2281 λέγονται

288 2306 362 2361 τὰ
398 2309 485 2359 ἐπὶ
521 2311 586 2375 τῇ
621 2308 725 2376 ὀδῷ
760 2310 871 2368 τοῖς
922 2308 1168 2361 ὁδεύουσι
1209 2307 1651 2377 συμϐαλλόμενα.
1701 2305 1864 2372 Μέγα

287 2399 346 2453 δὲ
385 2398 788 2469 συμϐάλλεσθαι
817 2400 930 2461 τοῖς
964 2400 1178 2461 πιστοῖς
1215 2398 1536 2451 πιστεύεται
1561 2396 1669 2449 τῶν
1710 2397 1868 2465 ἁγια-

291 2492 516 2561 σμάτων
546 2493 579 2563 ὴ
616 2491 853 2560 μέθεξις.
883 2492 945 2545 El
976 2491 1032 2544 δὲ
1066 2492 1192 2558 περὶ
1218 2491 1318 2559 τὴν
1358 2489 1503 2560 ζωὴν
1535 2486 1866 2543 κινδυνεύων

285 2583 319 2636 ὀ
375 2586 431 2637 ἐν
482 2584 746 2653 ἐπιτιμίῳ
793 2584 1055 2654 ἀξιωθείη
1108 2583 1216 2636 τῶν
1267 2580 1429 2635 θείων
1476 2580 1719 2648 δωρεῶν,
1751 2577 1869 2633 εἶτα

289 2677 508 2747 ἐκφύγῃ
550 2677 641 2730 τὸν
688 2677 928 2731 κίνδυνον
982 2678 1076 2730 καὶ
1124 2679 1480 2749 ἀναῤῥωσθῇ,
1520 2673 1678 2739 αὖθις
1722 2676 1874 2727 ἀκοιο

290 2767 532 2835 νώνητος
562 2768 735 2831 ἐσται,
775 2770 873 2821 καὶ
902 2772 958 2822 ἐν
997 2768 1192 2840 ἐκείνῳ
1230 2770 1489 2839 στήσεται
1529 2768 1607 2840 τῷ
1650 2766 1870 2838 βαθμῷ,

292 2860 351 2915 ιν
388 2854 432 2928 ᾧ
455 2856 523 2932 ἦν
550 2863 645 2914 καὶ
674 2862 780 2931 πρὸ
808 2862 902 2915 τοῦ
948 2862 1215 2930 κινδύνου,
1252 2864 1451 2936 μέχρις
1480 2863 1545 2918 ἂν
1578 2866 1606 2917 ὁ
1626 2862 1819 2934 χρόνος
1844 2863 1872 2914 ό

293 2953 628 3023 τεταγμένος
657 2954 999 3026 ἐκμετρηθῇ.

908 3134 1154 3191 ΚΑΝΩΝ
1185 3140 1275 3204 ς’.

382 3217 454 3270 Τὸ
480 3216 536 3269 δέ
568 3210 701 3278 εἶδος
732 3214 828 3284 τῆς
856 3215 1326 3286 εἰδωλολατρείαςο
1361 3216 1500 3272 οὕτω
1527 3218 1632 3288 γὰρ
1664 3218 1861 3288 όνομά-

307 3314 389 3376 ζει
415 3310 511 3379 τὴν
536 3306 841 3373 πλεονεξίαν
867 3310 893 3359 ό
928 3302 1066 3370 θεῖος
1098 3308 1439 3370 Ἀπόστολος·
1456 3311 1553 3360 ούκ
1581 3305 1695 3360 οἶδα
1716 3309 1862 3371 ὅπως

307 3398 673 3468 ἀθεράπευτον
696 3396 798 3448 ὑπὸ
827 3395 932 3446 τῶν
962 3396 1214 3465 Πατέρων
1235 3396 1388 3464 ημῶν
1417 3397 1715 3468 περιώρθη.
1754 3400 1861 3451 Καί

307 3490 388 3541 τοί
415 3506 475 3554 γε
502 3488 646 3539 δοκεῖ
675 3486 733 3537 τὸ
754 3486 987 3538 τοιοῦτον
1017 3488 1181 3538 κακὸν
1204 3488 1300 3555 τῆς
1328 3486 1511 3557 τρίτης
1540 3488 1597 3538 ἐν
1625 3491 1689 3557 τῇ
1715 3488 1859 3559 ψυχῇ

308 3578 683 3637 καταστάσεως
718 3574 885 3634 πάθος
914 3571 1068 3627 εἶναι.
1103 3575 1204 3628 Καὶ
1227 3577 1333 3645 γὰρ
1358 3577 1613 3646 λογισμὸς
1644 3578 1742 3647 τῆς
1765 3576 1859 3630 τοῦ

312 3668 469 3722 καλοῦ
500 3668 727 3737 κρίσεως
762 3666 1106 3735 ἁμαρτάνων,
1133 3665 1190 3716 ἐν
1226 3668 1290 3733 τῇ
1317 3665 1416 3737 ὕλῃ
1441 3666 1500 3718 τδ
1539 3668 1699 3719 καλὸν
1723 3663 1860 3720 εἶναι

306 3756 647 3827 φαντάζεται,
662 3757 720 3805 ού
739 3756 871 3823 πρὸς
898 3755 954 3805 τὸ
970 3754 1126 3806 ἀῦλον
1148 3754 1459 3807 ἀναϐλέπων
1478 3756 1687 3817 κάλλος,
1712 3759 1805 3809 καὶ
1825 3759 1857 3827 ἡ

302 3847 565 3915 ἐπιθυμία
585 3845 717 3913 πρὸς
737 3844 801 3895 τὰ
822 3845 969 3895 κάτω
990 3843 1187 3913 ῥεί,τοῦ
1203 3844 1429 3913 ἀληθοῦς
1447 3844 1668 3911 όρεκτοῦ
1685 3847 1857 3916 ἀπορ-

306 3933 523 4004 ρέουσα.
560 3930 727 3999 Καλή
773 3929 1067 3997 φιλόνεικός
1111 3947 1167 3981 τε
1214 3932 1304 3983 καὶ
1324 3931 1571 4003 θυμώδης
1602 3932 1858 3995 διάθεσις,

303 4022 506 4082 πολλὰς
533 4023 595 4073 ἐκ
616 4022 711 4087 τῆς
739 4020 989 4090 τοιαύτης
1019 4021 1285 4091 ἁμαρτίας
1317 4021 1416 4084 τὰς
1444 4021 1693 4091 ἀφορμὰς
1729 4021 1861 4092 λαμ*

307 4126 480 4182 ϐάνει.
517 4128 621 4180 Καὶ
646 4128 702 4179 τὸ
725 4128 841 4180 ὅλον
868 4128 1058 4189 εἰπεῖν,
1096 4127 1373 4193 συμφωνεῖ
1403 4126 1435 4195 ἡ
1465 4122 1685 4191 τοιαύτη
1715 4119 1868 4180 νόσος

307 4217 389 4285 τῷ
421 4217 755 4286 ἀποστολικῷ
805 4217 903 4285 τῆς
946 4216 1254 4280 πλεονεξίας
1299 4216 1428 4284 ὅρῳ.
1480 4213 1537 4265 '0
1575 4212 1681 4282 γὰρ
1731 4210 1876 4272 θεῖος

310 4307 653 4369 Ἀπόστολος,
676 4308 734 4359 ού
762 4306 917 4376 μόνον
951 4306 1112 4375 αὐτὴν
1143 4303 1601 4373 εἰδωλολατρείαν,
1632 4301 1762 4353 ἀλλά
1781 4298 1875 4351 καὶ

315 4398 470 4470 ῥίζαν
500 4399 714 4458 πάντων
754 4396 855 4450 τῶν
883 4398 1065 4451 κακῶν
1102 4397 1446 4466 ἀπεφήνατο’
1507 4393 1600 4445 καὶ
1640 4393 1787 4456 ὅμως
1815 4388 1876 4441 τὸ

314 4488 552 4541 τοιοῦτον
581 4484 716 4549 εἶδος
761 4486 1025 4556 παρώφθη
1062 4488 1157 4552 τῆς
1200 4486 1354 4537 νόσου
1399 4478 1790 4535 ἀνεπίσκεπτόν
1815 4494 1876 4529 τε
1918 4521 1962 4576 D

316 4579 415 4633 καὶ
450 4578 787 4648 ἀτημέλητον
806 4595 817 4607 ·
846 4577 924 4630 διὸ
950 4578 1041 4629 καὶ
1062 4574 1342 4637 πλεονάζει
1370 4572 1506 4625 κατά
1534 4571 1631 4632 τὰς
1655 4568 1880 4635 Ἐκκλη-

320 4668 462 4733 σίας,
496 4668 554 4721 τὸ
571 4666 807 4720 τοιοῦτον
829 4665 1083 4737 ἀρῤώστη
1093 4683 1187 4734 μα,
1214 4664 1308 4716 καὶ
1329 4664 1499 4725 οὐδεὶς
1526 4662 1649 4722 τοὺς
1683 4658 1772 4711 ἐπὶ
1791 4656 1878 4709 τὸν

320 4756 521 4826 κλῆρον
544 4756 840 4825 ἀγομένους
863 4752 1298 4824 περιεργάζεται,
1333 4752 1524 4818 μήπως
1557 4747 1634 4815 τῷ
1659 4746 1881 4811 τοιούτῳ

320 4847 451 4900 εἴδει
480 4847 575 4915 τῆς
600 4844 1035 4913 είδωλολατρείας
1061 4840 1515 4910 κατεμιάνθησαν.
1569 4834 1728 4886 Ἀλλά
1756 4833 1882 4902 περ)¹

327 4936 428 5006 μὲν
456 4935 674 5000 τούτων,
717 4934 803 4988 διά
841 4934 902 4986 τδ
933 4933 1218 5004 παρεῖσθαι
1251 4933 1360 4993 τοῖς
1397 4927 1670 4995 Πατρᾶσιν
1703 4927 1735 4993 ἡ
1747 4923 1879 4993 μῶν,

324 5014 513 5097 ἀρκεῖν
542 5024 821 5097 ἡγούμεθα
849 5025 927 5095 τῷ
952 5023 1191 5095 δημοσίῳ
1225 5022 1325 5090 τῆς
1350 5017 1693 5078 διδασκαλίας
1720 5015 1880 5083 λόγῳ,

325 5122 474 5180 ὅπως
509 5117 574 5169 ἂν
623 5111 732 5169 οἷόν
772 5133 832 5169 τε
880 5111 943 5189 ᾖ,
976 5113 1329 5185 θεραπεύειν,
1368 5110 1555 5178 ὥσπερ
1593 5107 1715 5159 τινὰ
1741 5104 1883 5174 πάθη

328 5210 395 5255 ην)
408 5207 668 5279 ηθωρικὰ,
691 5207 789 5270 τὰς
819 5206 1199 5267 πλεονεκτικάς
1227 5201 1533 5274 ἀρρωστίας
1562 5199 1647 5251 διὰ
1678 5196 1770 5249 τοῦ
1795 5195 1884 5248 λόη

329 5316 428 5367 γον
458 5299 829 5368 καθαίροντας.
873 5297 1054 5365 Μάνην
1078 5295 1135 5346 δὲ
1163 5295 1259 5364 τὴν
1290 5292 1493 5360 κλοπὴν
1522 5289 1612 5342 καὶ
1637 5287 1732 5356 τὴν
1753 5303 1888 5354 τυμ-

330 5386 625 5456 ϐωρυχίαν,
662 5386 755 5438 καὶ
785 5385 879 5454 τὴν
911 5382 1209 5453 ἱεροσυλίαν
1255 5379 1398 5448 πάθη
1439 5376 1746 5445 νομίζομεν,
1799 5370 1884 5423 διὰ

331 5477 395 5531 τὸ
413 5477 580 5538 οὕτως
604 5478 667 5530 ἐκ
691 5476 787 5545 τῆς
823 5474 927 5527 τῶν
958 5474 1212 5542 Πατέρων
1245 5467 1560 5529 ἀκολουθίας
1586 5464 1683 5534 τὴν
1715 5462 1891 5531 παρά-

331 5566 479 5620 δοσιν
508 5568 637 5635 ήμῖν
667 5558 795 5637 περὶ
832 5565 1017 5618 τούτου
1055 5560 1324 5631 γενέσθαι.
1378 5558 1487 5612 Καί
1515 5555 1597 5610 τοί
1639 5572 1702 5625 γε
1744 5551 1895 5620 παρά

404 5713 422 5746 ⁸
460 5713 661 5784 Ephes.
706 5732 763 5779 v,
792 5715 845 5769 5.
923 5719 942 5749 ¹
972 5717 991 5771 1
1028 5715 1275 5771 Timotb.
1311 5728 1388 5778 Vl,
1417 5713 1502 5767 10.

1902 3162 1949 3225 C

1968 564 2054 617 tia-
2094 564 2300 619 fructus
2327 568 2632 621 ostendere.
2668 566 3035 620 lnvoluntaria
3085 580 3263 621 autem
3288 610 3302 635 ,
3350 569 3550 637 inquit,

1960 659 2135 713 caedes
2176 661 2330 713 venia
2390 662 2605 730 quidem
2673 663 2832 733 digna
2862 662 3107 731 jndicata
3164 673 3273 726 est,
3317 665 3409 717 sed
3445 679 3551 719 non

1961 750 2249 815 laudanda,
2302 766 2393 805 seu
2456 767 2560 805 non
2607 752 2680 805 ita
2730 753 3060 817 tolerabilis,
3090 763 3150 806 ut
3198 754 3265 807 sit
3312 754 3380 807 ab
3406 756 3552 808 omni

1961 842 2224 911 supplicio
2247 843 2522 906 immunis;
2543 842 2716 912 siquis
2737 845 2880 895 enim
2903 844 3260 897 involuntarie
3279 844 3550 898 hominem

1961 935 2319 1000 interfecerit,
2356 950 2455 989 nec
2478 936 2841 989 sacerdotium
2876 946 3221 1004 assequetur,
3263 947 3337 1001 et,
3366 948 3422 991 ut
3461 939 3552 1005 qui

1962 1028 2254 1083 homicidio
2284 1028 2350 1081 sit
2378 1028 2631 1095 pollutus,
2659 1042 2723 1081 eo
2751 1027 3015 1096 ejicietur.
3044 1027 3425 1082 lnvoluntarim
3454 1042 3556 1081 au-

1962 1130 2066 1175 tem
2108 1122 2269 1174 caedis
2298 1134 2471 1188 paenae
2506 1130 2713 1188 tempus
2742 1135 2861 1173 esse
2882 1105 3309 1189 dirit,qunntum
3342 1120 3394 1173 in
3427 1120 3555 1173 sim-

1962 1209 2087 1277 plici
2125 1207 2489 1262 fornicatione
2516 1218 2779 1263 statutum
2823 1219 2929 1263 est.
2964 1208 3059 1261 Est
3081 1221 3257 1261 autem
3307 1210 3432 1262 illud
3466 1224 3557 1264 se-

1962 1300 2195 1354 cundum
2234 1299 2377 1352 hunc
2409 1309 2678 1362 sanctum,
2712 1312 2898 1351 novem
2923 1312 3212 1352 annorum.
3245 1298 3554 1368 Simplicem

1964 1403 2142 1449 autem
2169 1374 2584 1447 fornicationem
2628 1391 2961 1455 nominavit,
3012 1407 3130 1459 quae
3174 1392 3229 1445 in
3272 1391 3553 1445 mulierem

1962 1488 2139 1540 virum
2189 1501 2294 1540 non
2341 1485 2624 1540 habentem
2648 1485 3027 1540 committitur.
3057 1482 3352 1551 Postquam
3375 1491 3556 1538 autem

1964 1579 2103 1632 dixit
2136 1593 2308 1648 pmnae
2342 1587 2552 1647 tempus
2594 1580 2646 1634 in
2671 1594 2993 1648 unoquoque
3023 1588 3266 1648 peccato,
3294 1592 3436 1630 nunc
3458 1576 3552 1626 ad-

1960 1669 2083 1739 jicit
2103 1688 2117 1726 ι
2137 1672 2277 1739 quod
2296 1669 2339 1723 si
2371 1670 2437 1735 is,
2473 1670 2562 1739 qui
2590 1685 2746 1738 paena
2779 1670 3009 1724 allectus
3034 1679 3138 1732 est,
3172 1669 3408 1722 nondum
3437 1682 3557 1733 per.

1967 1766 2093 1821 fecit
2126 1775 2337 1834 tempus
2370 1765 2731 1832 pmuitcntiaa,
2767 1765 2858 1819 sed
2902 1774 2984 1818 est
3013 1764 3188 1818 adhuc
3220 1768 3556 1832 segregatus,

1962 1869 2017 1913 et
2052 1858 2103 1913 in
2133 1872 2324 1927 magno
2355 1857 2477 1910 vitae
2508 1857 2747 1927 pericqu
2793 1868 3058 1921 versatur,
3097 1864 3402 1910 Statuerunt
3457 1853 3556 1906 Pa-

1967 1960 2077 2005 tres
2099 1948 2385 2003 clemeutia
2414 1955 2649 2010 utentes,
2679 1957 2736 2001 ut
2772 1946 2816 2000 is
2844 1948 2913 2001 sit
2935 1955 3402 2000 sacramentorum
3437 1960 3554 2013 par-

1968 2041 2158 2110 ticeps,
2198 2055 2262 2095 ne
2286 2041 2481 2095 viatico
2511 2055 2706 2093 carens
2736 2041 2788 2093 in
2817 2040 3030 2109 longam
3065 2039 3556 2108 peregrinationem

1968 2132 2547 2185 abeat.Diciturantem
2575 2130 2854 2193 viaticum,
2881 2132 3022 2198 quod
3044 2130 3108 2181 iis
3135 2131 3222 2197 qui
3250 2127 3554 2197 161viam

1971 2224 2161 2278 ineunt
2191 2223 2242 2275 in
2264 2223 2347 2273 via
2367 2231 2452 2275 est
2475 2220 2902 2274 utile.Fidelibus
2934 2230 3111 2272 autem
3142 2219 3293 2271 Valde
3313 2217 3555 2271 conferre

1968 2317 2210 2370 creditur
2241 2323 2705 2367 sacramentorum
2747 2312 3107 2380 participatiu.
3153 2308 3246 2362 Sin
3282 2321 3458 2361 autem
3490 2308 3554 2370 is,

1970 2407 2055 2461 cui
2102 2404 2547 2475 pmna'iniposita
2576 2411 2681 2467 cst,
2737 2402 2789 2455 in
2820 2402 2942 2455 vitm
3006 2400 3302 2469 periculum
3341 2401 3556 2453 veniens

1969 2498 2169 2552 divinis
2214 2497 2372 2551 donis
2399 2495 2592 2565 dignus
2633 2494 2848 2548 habitus
2895 2492 3078 2556 fuerit,
3119 2490 3310 2546 deinde
3343 2489 3554 2559 pelicu-

1971 2590 2081 2643 lum
2105 2589 2353 2657 eﬂ‘ugerit
2383 2599 2435 2642 et
2474 2586 2783 2651 revalueril,
2817 2601 3008 2639 rursus
3047 2585 3153 2638 erit
3189 2583 3557 2639 excunununi-

1972 2691 2168 2748 catus;
2224 2692 2280 2736 et
2327 2682 2380 2735 in
2430 2679 2522 2735 illo
2558 2681 2726 2750 gradu
2767 2678 2963 2740 stabit,
3013 2677 3067 2732 in
3106 2693 3213 2745 quo
3243 2686 3361 2731 erat
3399 2677 3556 2730 etiam

1976 2785 2101 2828 ante
2131 2773 2451 2841 periculum,
2499 2772 2673 2826 donec
2713 2776 3071 2840 przestitutum
3106 2780 3316 2839 tempus
3355 2770 3556 2822 diuzen-

1975 2882 2094 2923 sum
2126 2866 2306 2921 fuerit.

2600 3107 2831 3163 CANON
2865 3108 2951 3163 Vl.

2042 3204 2228 3258 Altera
2253 3212 2431 3256 autem
2466 3201 2785 3257 idololatria:
2811 3204 3022 3270 species
3043 3202 3145 3276 (sic
3172 3202 3315 3258 enim
3346 3203 3558 3256 divinus

1983 3293 2279 3363 Apostolus
2340 3292 2627 3345 avaritiam
2676 3291 2999 3363 appellat‘),
3071 3295 3259 3349 nescio
3289 3294 3559 3365 quomodo

1985 3385 2190 3453 absque
2254 3384 2357 3437 ulla
2424 3400 2595 3451 pmna:
2668 3385 2875 3439 medela
2930 3401 2959 3439 a
3019 3385 3272 3441 Patrilms
3334 3399 3553 3458 prmter-

1985 3479 2154 3533 missa
2206 3479 2299 3532 sit.
2348 3477 2511 3547 Atqui
2548 3480 2651 3532 hoc
2684 3480 2889 3532 malum
2931 3480 3152 3549 quidem
3189 3482 3406 3535 videtur
3443 3496 3560 3537 esse

1988 3572 2152 3626 trium
2223 3571 2395 3625 animi
2470 3572 2924 3627 constitutionum
3002 3572 3236 3629 aﬂ‘ectio.
3305 3575 3435 3629 Nam
3512 3586 3560 3629 et

1986 3665 2148 3729 ratio,
2184 3664 2251 3717 ab
2278 3663 2396 3733 ejus
2426 3663 2570 3731 quod
2619 3664 2901 3732 pulchrum
2941 3676 3025 3721 est
3051 3667 3256 3737 judicio
3280 3670 3559 3730 aberrans,

1988 3771 2109 3813 esse
2141 3758 2192 3810 in
2225 3755 2449 3808 materia
2476 3755 2620 3823 quod
2670 3756 2957 3823 pulchrum
3012 3772 3093 3815 est
3124 3762 3425 3827 existimat,
3459 3779 3559 3816 non

1988 3849 2057 3905 ad
2091 3847 2551 3918 pulchritudinem
2595 3862 2623 3898 a
2657 3850 2887 3902 materia
2925 3864 3233 3917 separa'am
3269 3858 3559 3923 aspiciens,

1988 3953 2041 3998 et
2065 3941 2395 3996 desiderium
2425 3941 2489 3991 ad
2525 3951 2588 3991 ea
2618 3953 2738 4006 qua:
2777 3951 2905 3993 sunt
2932 3942 3196 3998 inferiora
3240 3946 3559 4011 inclinatur,

1990 4036 2058 4089 ab
2084 4048 2150 4090 eo
2199 4035 2339 4102 quod
2370 4047 2498 4088 vere
2557 4038 2638 4082 cst
2696 4034 3055 4099 expetendum
3123 4038 3387 4093 dilabeus.
3444 4037 3558 4092 Jam

2001 4129 2130 4167 vero
2155 4123 2208 4169 et
2245 4119 2586 4172 contentiosa
2615 4117 2971 4188 animosaque
2994 4120 3187 4172 anima:
3242 4121 3454 4175 aﬂectio
3495 4137 3560 4177 ex

2006 4203 2108 4258 hoc
2163 4215 2383 4274 peccato
2427 4210 2625 4262 multas
2676 4210 2995 4263 occasiones
3045 4210 3258 4279 accipit.
3308 4209 3373 4263 Et
3418 4213 3561 4267 utin

2006 4295 2316 4348 universum
2344 4296 2540 4358 dicam,
2565 4298 2653 4352 hic
2685 4299 2907 4352 morbus
2951 4312 3074 4351 cum
3105 4300 3401 4367 apostolica
3431 4315 3562 4353 ava-

2004 4385 2143 4438 ritiae
2180 4385 2496 4441 definitione
2521 4389 2811 4441 consentit.
2845 4387 3071 4443 Divinus
3093 4390 3236 4442 enim
3266 4392 3561 4459 Apostolus

2003 4489 2120 4528 eam
2151 4490 2257 4527 non
2292 4476 2466 4529 solum
2518 4478 2904 4541 idololatriam,
2961 4480 3056 4532 sed
3104 4481 3266 4534 etiam
3317 4481 3560 4533 omnium

2002 4564 2270 4616 malorum
2309 4566 2543 4619 radicem
2575 4568 2945 4635 pronuntiavit
2990 4569 3009 4600 ’
3042 4586 3057 4633 ;
3124 4577 3175 4623 et
3230 4577 3410 4622 tamen
3450 4569 3561 4623 haec

2002 4654 2176 4707 morbi
2219 4655 2449 4722 species,
2498 4656 2897 4711 inconsiderata
2940 4665 2993 4711 et
3048 4661 3257 4727 absque
3294 4659 3408 4711 ulla
3440 4658 3559 4722 ejus

2001 4756 2133 4794 cura
2170 4744 2533 4810 praetermissa
2566 4752 2647 4797 est
2675 4762 2687 4798 :
2713 4760 2820 4813 quo
2840 4746 2916 4803 ﬁt.
2946 4756 3004 4797 ut
3029 4744 3117 4798 hic
3146 4745 3369 4798 morbus
3404 4746 3559 4799 valde

2002 4831 2056 4883 in
2089 4830 2329 4886 Ecclesia
2362 4833 2641 4897 redundet,
2682 4845 2730 4887 et
2774 4850 2931 4887 nemo
2956 4835 3008 4887 in
3042 4835 3107 4886 iis
3136 4835 3227 4903 qui
3253 4834 3316 4887 ad
3352 4835 3557 4888 clerum

2001 4920 2363 4983 adducuntur,
2408 4923 2651 4991 inquirit.
2696 4939 2823 4983 num
2860 4925 2951 4992 qui
3002 4940 3067 4977 co
3098 4924 3415 4978 idololatriae
3462 4938 3554 4993 ge-

2000 5029 2130 5068 nere
2156 5015 2342 5083 polluti
2367 5016 2493 5069 sint.
2522 5016 2624 5070 Sed
2657 5017 2724 5070 de
2751 5018 2819 5070 iis
2842 5016 3085 5085 quidem.
3115 5017 3371 5085 quoniam
3422 5015 3476 5069 id
3527 5029 3559 5067 a

1998 5103 2253 5159 Patribus
2282 5108 2703 5175 praetermissum
2748 5114 2856 5167 est,
2892 5108 3137 5161 suﬁicere
3166 5107 3424 5160 existimo
3453 5120 3559 5175 pu-

2000 5194 2139 5249 blica
2189 5195 2453 5250 doctrinae
2492 5199 2722 5259 ratione,
2776 5212 2838 5251 ea
2882 5198 3156 5265 quomodo
3208 5195 3321 5249 ﬁeri
3380 5199 3562 5264 potest

2002 5296 2214 5345 curare,
2239 5283 2401 5338 veluti
2426 5285 2690 5352 quosdam
2726 5286 2945 5339 morbos
2971 5300 3035 5338 ex
3063 5283 3356 5353 repletioue
3386 5290 3556 5345 ortos,

2004 5372 2341 5441 inexplebilis
2380 5376 2629 5428 avaritias
2666 5374 2983 5431 alfectiones
3049 5375 3296 5429 oratione
3328 5386 3562 5442 ραι-εστι·
3635 5426 3643 5432 .

2002 5468 2099 5515 tes.
2129 5461 2313 5516 Solum
2348 5473 2524 5518 autem
2557 5464 2780 5527 furtum,
2803 5472 2856 5519 et
2886 5450 3261 5534 sepulcrorum
3306 5462 3556 5517 ell‘ossioo

1999 5565 2145 5613 nem,
2171 5558 2225 5606 et
2254 5553 2597 5621 sacrilegium
2629 5552 2757 5605 vitia
2787 5553 3185 5618 existimamus,
3225 5550 3371 5622 quod
3410 5549 3488 5605 sic
3524 5562 3556 5603 α
