4020 6400
439 330 541 402 891

1685 340 1961 408 ΤΗΕΘῙἸ.
1999 344 2093 407 BA
2102 344 2235 407 [ΞΑ
2245 345 2406 411 ΜΟΝ

446 469 708 538 baptizari
738 469 952 524 debere.
991 468 1128 537 Quia
1162 469 1305 523 enim
1351 486 1457 527 non
1496 471 1763 527 malitiose
1788 470 1852 524 ad
1879 485 1998 526 san«

2114 465 2382 537 προσῆλθε
2414 470 2479 538 τῇ
2511 469 2760 540 κοινωνία
2789 470 2894 523 τῶν
2926 471 3095 539 ἁγίων
3123 470 3339 545 δώρων,
3368 475 3466 530 καὶ
3497 438 3675 532 εὐκαι-

449 569 663 613 etorum
686 560 954 612 donorum
984 560 1424 613 communionem
1459 560 1707 623 accessit,
1734 571 1786 614 et
1809 574 2006 628 appor—

450 650 680 703 tunitate
727 665 859 703 usus
913 658 995 703 est
1028 650 1097 703 ab
1143 650 1328 717 aliquo
1359 664 1463 702 non
1494 650 1833 718 prohibitus;
1869 651 2006 706 forte

451 738 826 806 ignorantibus
871 739 962 808 qui
1017 741 1242 793 aderant
1272 739 1544 799 ﬁdelibus,
1588 748 1639 793 et
1685 740 1800 808 ipso
1839 741 2002 793 etiam

447 828 545 895 qui
577 831 1012 882 communionem
1050 829 1324 895 impertiit.
1353 845 1474 881 eum
1514 844 1631 881 esse
1668 829 2004 884 catechume-

457 933 582 969 num
611 936 623 971 :
655 918 860 972 videtur
897 935 925 973 a
967 918 1071 973 Deo
1096 936 1216 973 esse
1256 928 1494 973 vocatus.
1526 920 1591 975 Et
1614 920 1756 989 quod
1785 931 2004 977 sanctus

454 1008 729 1074 apostolus
775 1008 964 1063 Petrus
997 1009 1131 1064 dixit
1161 1011 1227 1064 de
1264 1010 1538 1075 Cornelio,
1566 1022 1622 1066 et
1648 1010 1717 1065 iis
1742 1013 1832 1079 qui
1862 1012 2002 1068 circa

451 1114 573 1150 eum
604 1110 758 1153 erant
789 1118 802 1152 :
838 1116 947 1169 quo
981 1111 1214 1170 tempore
1248 1118 1370 1155 cum
1410 1111 1593 1157 essent
1633 1104 2005 1158 eatechumeui

452 1188 685 1255 Spiritus
717 1201 937 1246 sanctus
972 1192 1022 1244 in
1056 1206 1149 1245 eos
1176 1193 1388 1254 cecidit,
1424 1202 1476 1247 et
1504 1193 1859 1262 loquebantur
1897 1193 2005 1247 lin-

450 1277 589 1344 guis,
619 1286 671 1329 ct
707 1277 872 1331 Deum
918 1279 1291 1347 glm-ilicahant
1326 1286 1361 1345 ι,
1392 1288 1451 1334 ut
1490 1282 1546 1333 in
1573 1281 1825 1335 Actorum
1868 1281 2006 1335 libro

450 1368 709 1434 scriptum
739 1377 819 1420 est
848 1387 860 1422 :
890 1368 1142 1433 Nunquid
1172 1385 1361 1438 aquam
1382 1370 1698 1439 prohibuerit
1726 1374 2003 1443 quispiam,

447 1455 727 1523 quominus
761 1457 801 1508 ii
832 1459 1184 1526 baptizeutur,
1208 1460 1297 1527 qui
1325 1468 1566 1511 sanctum
1594 1457 1847 1528 Spiritum
1868 1462 2004 1515 sicut

447 1560 541 1595 nos
585 1548 937 1613 acceperunt?
975 1548 1076 1601 hoc
1118 1551 1500 1617 propemodum
1542 1550 1702 1604 etiam
1749 1552 1882 1605 dixit
1914 1551 2005 1607 Ti-

449 1636 718 1692 motheus.
750 1637 889 1703 quod
920 1652 949 1691 a
974 1635 1082 1691 Deo
1103 1646 1345 1703 iro-catus,
1369 1648 1420 1693 et
1444 1642 1795 1695 sacramentis
1811 1642 2005 1711 dignus

448 1726 814 1789 existimatus,
850 1729 1004 1782 debet
1038 1729 1347 1783 illuminari.

1070 1819 1441 1887 Interrogatio.

524 1924 544 1957 ‹
579 1906 634 1960 Si
668 1910 1089 1965 catechumenus
1118 1927 1145 1962 a
1186 1911 1429 1965 daemone
1459 1911 1800 1979 cerripiatur,
1826 1920 1880 1966 et
1905 1926 2004 1966 vo-

449 1993 611 2049 luerit
640 1997 750 2065 ipse
777 1999 856 2052 vel
892 1999 999 2060 sui,
1032 2007 1090 2051 ut
1120 2007 1368 2053 sanctum
1403 1999 1726 2067 baptismum
1752 2001 2001 2069 accipiat,

448 2084 676 2154 debetac
705 2087 947 2156 accipere
969 2103 1036 2141 an
1071 2103 1201 2151 non,
1239 2098 1292 2141 et
1330 2090 1565 2144 maxime
1593 2089 1639 2145 si
1679 2091 1839 2146 morti
1880 2107 2003 2162 pro-

447 2173 685 2241 pinquus
716 2174 920 2229 fuerit?
942 2195 960 2226 ι

1077 2267 1379 2335 lie-pausia.

524 2372 542 2403 ι
577 2352 632 2405 Si
681 2354 747 2417 is,
794 2355 884 2422 qui
920 2369 950 2407 a
986 2355 1227 2409 daemone
1258 2357 1568 2424 corripitur,
1608 2372 1714 2413 non
1745 2357 1907 2417 fuerit
1936 2360 2002 2414 ab

448 2442 727 2495 immundo
753 2442 942 2510 spiritu
971 2444 1281 2511 mundatus,
1305 2459 1411 2497 non
1435 2454 1612 2514 potest
1640 2457 1885 2503 sanciunt
1918 2449 1998 2502 ha-

447 2532 705 2601 ptismum
744 2534 1024 2602 accipere;
1052 2536 1142 2588 Sed
1178 2535 1230 2588 in
1263 2538 1407 2589 exitu
1440 2553 1470 2590 a
1503 2538 1607 2592 vita
1640 2539 1996 2609 baptizatur.»

518 2621 679 2678 BALS.
709 2624 811 2690 Qui
842 2639 872 2677 a
896 2625 1139 2680 dmtnone
1164 2628 1474 2695 corripitur,
1498 2628 1865 2683 habitaculum
1893 2630 1999 2684 dte-

446 2715 628 2769 monis
660 2730 781 2770 esse
808 2717 1040 2771 videtur.
1074 2716 1548 2781 Judicatur'enim,
1584 2721 1726 2788 quod
1758 2720 1861 2775 nisi
1897 2721 1999 2774 im-

447 2809 686 2863 mundus
713 2809 938 2878 spiritus
966 2810 1258 2863 invenisset
1305 2808 1577 2863 hominem
1611 2810 1711 2879 ipsi
1743 2810 1997 2865 idoneum

447 2896 838 2961 habitaculum,
870 2899 923 2950 in
955 2913 1020 2951 eo
1044 2912 1150 2951 non
1184 2898 1493 2952 habitasset.
1538 2897 1640 2963 Qui
1676 2907 1854 2952 autem
1899 2898 2000 2951 ba-

446 2993 702 3056 ptizatur,
735 3003 829 3055 per
869 3000 1192 3055 baptismum
1224 2988 1394 3042 sancti
1425 2988 1656 3056 Spiritus
1683 2989 1908 3057 gratiam
1942 2990 1998 3044 in

445 3093 503 3132 se
529 3058 933 3130 cohabitantem
969 3078 1212 3145 suscipit.
1243 3075 1527 3143 Quomodo
1550 3084 1678 3147 ergo
1710 3077 1823 3131 tieri
1850 3086 1999 3147 pote-

2115 557 2235 625 ρίας
2264 556 2416 627 ἔτυχε
2449 557 2521 629 μὴ
2544 559 2801 623 κωλυθεὶς
2826 561 2928 613 ὑπό
2949 578 3109 627 τινος,
3138 565 3532 636 ἀγνοησάντων
3554 569 3675 632 ἴσως

2111 647 2219 699 τῶν
2254 647 2535 718 παρόντων
2572 649 2800 713 ττιστῶν,
2830 653 2924 706 καὶ
2948 654 3114 708 αὑτοῦ
3153 656 3252 709 τοῦ
3291 657 3673 726 μεταδιδόντος,

2114 734 2197 786 ὅτι
2244 735 2643 807 κατηχούμενός
2672 740 2812 803 ἐστι,
2850 739 2998 795 δοκεῖ
3030 742 3180 814 παρὰ
3212 746 3309 797 τοῦ
3354 745 3489 799 Θεοῦ
3519 764 3677 817 προσ-

2115 824 2392 894 κληθῆναι.
2424 826 2532 881 Καὶ
2560 828 2695 897 ὅπερ
2739 829 2767 880 ὁ
2811 829 2962 898 ἅγιος
3005 833 3308 896 ἀπόστολος
3344 834 3549 905 Πέτρος
3576 836 3675 908 ἔφη

2114 915 2240 983 περὶ
2278 915 2375 968 τοῦ
2406 917 2708 988 Κορνηλίου
2747 919 2840 972 καὶ
2877 921 2984 973 τῶν
3030 923 3156 994 περὶ
3205 923 3396 983 αὐτὸν,
3428 925 3517 977 ὅτε
3550 942 3674 980 κατ-

2110 1020 2243 1074 ηχου
2251 1006 2422 1074 μένων
2445 1007 2664 1060 ἐκείνων
2691 1007 2883 1063 ἔπεσεν
2909 1010 3091 1073 αὐτοῖς
3117 1012 3176 1065 τὸ
3198 1010 3431 1082 Πνεῦμα
3453 1014 3514 1066 τὸ
3532 1014 3677 1082 ἅγιον

2111 1096 2205 1147 καὶ
2235 1095 2451 1148 ἐλάλουν
2489 1096 2772 1166 γλώτταις,
2806 1100 2899 1152 καὶ
2927 1101 3260 1170 ἐμεγάλυνον
3292 1102 3386 1156 τὸν
3427 1102 3577 1170 Θεὸν,
3606 1103 3675 1167 ὡς

2112 1188 2169 1240 ἐν
2213 1190 2277 1258 τῇ
2328 1187 2495 1259 βίϐλῳ
2543 1190 2651 1245 τῶν
2694 1191 2953 1261 Πράξεων
2998 1194 3355 1265 γέγραπται.
3413 1185 3564 1264 Μήτι
3612 1197 3674 1249 τὸ

2110 1272 2266 1342 ὕδωρ
2285 1275 2553 1331 κωλῦσαι
2584 1274 2832 1333 δύναταί
2869 1295 2978 1345 τις,
3005 1280 3114 1333 τοῦ
3149 1280 3238 1350 μὴ
3268 1280 3675 1350 βαπτισθῆναι

2113 1366 2362 1431 τούτοις,
2398 1366 2455 1419 οἳ
2489 1366 2556 1420 τὸ
2590 1369 2829 1439 Πνεῦμα
2871 1370 2936 1423 τὸ
2983 1371 3154 1441 ἅγιον
3198 1372 3428 1427 ἔλαϐον
3460 1374 3541 1439 ὡς
3584 1374 3676 1427 καί

2115 1455 2313 1522 ἡμεῖς
2355 1457 2512 1510 τοῦτο
2558 1460 2840 1532 μονονουχὶ
2878 1461 2975 1515 καὶ
3013 1465 3041 1515 ὁ
3085 1463 3354 1532 Τιμόθεος
3397 1461 3569 1529 εἶπεν,
3598 1467 3673 1520 ὅτι

2108 1547 2258 1617 παρά
2275 1547 2412 1600 Θεοῦ
2435 1549 2673 1619 κληθεὶς,
2688 1553 2784 1604 καὶ
2805 1551 2952 1617 ἄξιος
2974 1554 3257 1624 νομισθεὶς
3276 1557 3388 1610 τῶν
3412 1558 3674 1629 ἁγιασμά-

2108 1652 2235 1699 των,
2269 1638 2597 1708 φωτισθῆναι
2618 1641 2839 1707 ὀφείλει.

2724 1811 3047 1880 Ἐρώτησις.

2183 1913 2202 1946 ι
2228 1896 2350 1949 Ἐὰν
2378 1896 2811 1971 δαιμονιζόμενος
2840 1905 3246 1972 κατηχούμενος
3273 1903 3333 1978 ᾖ,
3356 1906 3453 1960 καὶ
3482 1907 3671 1978 θελήσῃ

2106 1983 2288 2048 αὐτὸς.
2324 1984 2355 2055 ἢ
2397 1989 2443 2038 oi
2498 1987 2619 2040 ἴδιοι
2669 1988 2857 2052 αὐτοῦ,
2888 1990 2975 2043 ἴνα
3024 1990 3163 2064 λάϐῃ
3205 1993 3269 2046 τὸ
3302 1995 3460 2063 ἀγιον
3490 1995 3672 2066 βάπτις

2109 2087 2255 2142 σμαο
2298 2073 2495 2141 ὀφείλει
2540 2075 2724 2130 λαϐεῖν
2771 2078 2804 2148 ἢ
2846 2076 2931 2144 οὓ,
2973 2081 3065 2131 καὶ
3116 2079 3358 2150 μάλιστα
3407 2083 3503 2136 ἐάν
3552 2084 3671 2152 περὶ

2106 2161 2196 2215 τὸν
2223 2161 2445 2217 θάνατόν
2465 2164 2647 2232 iactv;
2681 2184 2699 2216 ι

2730 2256 3076 2327 Ἀπόκρισις.
3092 2300 3098 2307 .
3392 2287 3403 2297 ·

2182 2340 2348 2411 «ξΕάν
2393 2343 2422 2394 ὁ
2467 2342 2903 2416 δαιμονιζόμενος
2948 2348 3021 2417 μὴ
3077 2347 3383 2419 ωθαρισθῇ
3430 2349 3536 2403 ἀπὸ
3580 2347 3665 2402 τοῦ

2111 2429 2422 2501 ἀκαθάρτου
2474 2433 2779 2503 πνεύματος
2801 2475 2816 2499 ,
2870 2436 2933 2489 οὐ
2961 2437 3183 2490 δύναται
3210 2437 3401 2491 λαΰεῖν
3432 2438 3491 2491 τὸ
3523 2439 3665 2507 ἆγιον

2107 2519 2386 2590 βάπτισμα
2408 2537 2421 2550 '
2456 2524 2581 2594 περὶ
2607 2524 2663 2576 δὲ
2694 2524 2787 2596 τὴν
2816 2525 2987 2590 ἔξοδον
3014 2526 3361 2596 βαπτίζεται.
3391 2547 3410 2579 ι

2176 2611 2367 2664 ΒΛΛΣ.
2419 2612 2476 2665 '0
2515 2613 2952 2685 δαιμονιζόμενος
2993 2611 3134 2671 εἶναι
3178 2618 3331 2671 δοκεῖ
3367 2619 3663 2689 οἰκητήριον

2105 2702 2372 2772 δαίμονος.
2408 2706 2664 2774 Κρίνεται
2702 2708 2896 2771 τοίνυν,
2926 2708 3001 2773 ὡς
3029 2711 3077 2761 εί
3103 2709 3177 2780 μὴ
3212 2709 3364 2774 ἀξιον
3390 2708 3553 2763 αύτοῦ
3582 2709 3668 2761 τὸν

2106 2791 2389 2864 ἄνθρωπον
2423 2786 2547 2867 εὗρε
2572 2795 2633 2848 τὸ
2659 2796 2963 2867 ἀκάθαρτον
2993 2796 3211 2869 πνεῦμα
3235 2802 3665 2869 κατοικητήριον,

2104 2883 2205 2937 οὐκ
2233 2881 2299 2936 ἂν
2327 2881 2541 2955 ᾤκησεν
2565 2887 2622 2938 ἐν
2651 2886 2891 2955 αὐτῷ.’0
2920 2886 2976 2938 δὲ
3012 2886 3430 2958 βαπτιζόμενος,
3465 2886 3552 2940 διὰ
3576 2886 3661 2942 τοῦ

2106 2972 2500 3044 βαπτίσματος,
2533 2975 2628 3046 τὴν
2669 2978 2827 3047 χάριν
2859 2977 2950 3030 τοῦ
2984 2977 3138 3046 ἀγίου
3171 2979 3489 3050 Πνεύματος
3526 2979 3661 3048 δέχε-

2101 3081 2189 3116 ται
2238 3065 2544 3119 ἐνοικοῦσαν
2589 3067 2753 3137 αὐτῷ.
2818 3068 2941 3131 Πῶς
2985 3065 3073 3122 οὖν
3118 3071 3177 3121 ἐν
3220 3070 3404 3140 ταύτῷ
3448 3069 3656 3129 δυνατόν

446 3168 536 3231 rit,
574 3176 631 3218 ut
665 3166 803 3218 idem
833 3166 995 3218 simul
1020 3166 1127 3220 duo
1153 3168 1206 3219 in
1234 3181 1295 3222 se
1321 3168 1594 3222 contraria
1628 3169 1923 3238 suscipiat?
1946 3178 1998 3225 et

2104 3154 2218 3206 ἐστι
2255 3154 2343 3207 τὸν
2380 3156 2539 3209 αὐτὸν
2566 3157 2657 3210 δύο
2688 3158 2940 3211 ἐναντίων
2981 3159 3229 3213 δεκτικὸν
3260 3159 3539 3229 γενέσθαις
3577 3157 3656 3211 διὰ

448 3257 569 3309 ideo
598 3256 1041 3311 catechumenum
1072 3267 1126 3311 et
1155 3273 1185 3311 a
1221 3266 1446 3312 vexante
1466 3272 1589 3312 eum
1623 3258 1867 3314 dement:
1888 3274 1999 3315 non

445 3346 728 3399 liberatum
768 3346 1032 3414 judicavit
1070 3346 1248 3413 Pater,
1277 3362 1384 3401 non
1409 3361 1528 3401 esse
1565 3347 1784 3416 dignum
1811 3358 1999 3405 sancto

449 3438 790 3505 baptismate.
825 3435 918 3491 Sin
945 3447 1124 3492 autem
1155 3438 1438 3503 moriatur,
1467 3437 1662 3506 inquit,
1698 3439 1999 3509 baptizahi-

445 3537 533 3582 tur
564 3548 576 3582 :
614 3545 681 3584 ne
723 3530 909 3597 gratiae
940 3529 1191 3598 baptismi
1217 3543 1432 3597 expers,
1463 3544 1493 3582 a
1519 3529 1624 3582 vita
1668 3531 1994 3597 excedenda,

447 3619 551 3674 hoc
580 3620 775 3674 viatico
805 3620 1069 3690 privetur,
1101 3626 1156 3673 et
1186 3633 1295 3673 non
1328 3619 1571 3688 signatus
1602 3621 1832 3675 recedat.

1039 3794 1409 3866 Interrogatio.

520 3906 539 3938 ι
571 3887 627 3942 Si
661 3886 805 3956 quis,
832 3885 1057 3941 cum'sit
1084 3885 1274 3949 ﬁdelis,
1300 3902 1330 3940 a
1365 3886 1607 3942 dzemone
1643 3888 2001 3959 corripiatur:'

443 3981 671 4036 di-lietne
698 3993 819 4033 esse
856 3987 1169 4033 sanctorum
1202 3978 1576 4048 mysteriorum
1609 3980 1896 4049 particeps,
1924 3995 1994 4035 an

438 4069 625 4125 non?)

1058 4156 1361 4225 Responsio.

520 4267 539 4299 ι
568 4248 622 4301 Si
657 4245 969 4316 mysterium
1000 4261 1107 4299 non
1130 4246 1389 4307 enuntiet,
1418 4260 1516 4300 nec
1551 4247 1663 4300 ullo
1696 4248 1801 4302 alio
1830 4246 1992 4300 modo

440 4341 810 4408 iitasphemet,
856 4336 927 4391 sit
967 4335 1266 4407 particeps:
1288 4334 1379 4390 sed
1406 4352 1509 4390 non
1533 4338 1760 4406 singulis
1780 4338 1989 4392 diebus.

435 4432 646 4489 Sullicit
674 4427 840 4487 enim,
868 4426 912 4481 si
949 4425 1104 4480 statis
1135 4426 1311 4480 solum
1337 4428 1688 4495 temporibus.
1723 4445 1741 4477 ι

2104 3243 2258 3297 τοῦτο
2284 3245 2374 3298 τὸν
2402 3247 2799 3319 κατηχούμενον
2827 3251 2918 3302 καὶ
2947 3249 3022 3321 μὴ
3044 3249 3430 3319 ἀπαλλαγέντα
3452 3249 3543 3302 τοῦ
3577 3251 3654 3301 ἐνο

2102 3332 2382 3401 οχλοῦντος
2417 3336 2577 3388 αὐτὸν
2606 3337 2878 3408 δαίμονος,
2907 3340 3007 3393 οὐκ
3045 3338 3257 3410 ἔκρινεν
3288 3342 3317 3394 ὁ
3352 3340 3538 3412 Πατὴρ
3571 3337 3654 3395 τοῦ

2105 3423 2247 3476 θείου
2284 3424 2655 3497 βαπτίσματος
2687 3428 2851 3492 ἀξιον.
2904 3432 2964 3484 Ei
3006 3431 3062 3483 δὲ
3111 3432 3205 3487 κα)⁸
3235 3435 3481 3504 τελευτᾷ,
3512 3431 3653 3501 φησὶν

2104 3513 2546 3587 βαπτισθήσεται,
2573 3519 2658 3572 ἵνα
2689 3521 2760 3589 μὴ
2792 3520 3052 3590 ἀμέτοχος
3071 3521 3170 3591 τῆς
3196 3523 3420 3594 χάριτος
3444 3520 3535 3574 τοῦ
3565 3519 3651 3588 βαι

2103 3601 2421 3674 πτίσματος,
2461 3605 2553 3658 τοῦ
2586 3605 2698 3675 βίου
2730 3608 2978 3674 ἐξελθὼν,
3021 3612 3257 3683 στερηθῇ
3295 3611 3533 3665 τοιούτου
3567 3609 3653 3674 ἐφ·

2100 3690 2260 3756 οδίου,
2292 3694 2382 3746 καὶ
2402 3694 2710 3767 ἀσήμαντος
2719 3687 2963 3768 ἀπέλθῃ.

2721 3784 3056 3852 Ἐρώτησις.

2181 3888 2200 3922 ι
2224 3872 2348 3926 Ἐἀν
2379 3874 2564 3936 πιστός
2590 3892 2671 3937 τις
2693 3874 2767 3927 ὢν
2788 3876 3174 3945 δαιμονίζεται,
3201 3878 3405 3948 ὀφείλει
3432 3876 3652 3948 μεταλαο

2102 3959 2214 4013 δεῖν
2246 3961 2352 4014 τῶν
2373 3963 2541 4029 ἁγίων
2568 3965 2899 4033 μυστηρίων,
2932 3964 2964 4033 ἢ
2997 3964 3092 4031 οὕ;
3123 3984 3141 4017 ι

2717 4148 3066 4219 Ἀπόκρισις.

2175 4256 2193 4289 ι
2218 4238 2341 4291 Ἐἀν
2385 4239 2458 4312 μὴ
2512 4241 2808 4314 ὲξαγορεύῃ
2838 4243 2898 4296 τὸ
2941 4248 3257 4316 μυστήριον,
3309 4263 3445 4318 μητε
3489 4243 3646 4310 ἄλλως

2098 4346 2214 4397 πως
2257 4331 2577 4402 βλασφημῇ.
2626 4334 3113 4404 μεταλαμϐανέτω·
3164 4337 3241 4408 μὴ
3307 4338 3485 4407 μέντοι
3536 4330 3645 4387 καθ’

2098 4422 2349 4491 ἑκάστην.
2408 4425 2590 4493 Ἀρκεὶ
2632 4423 2739 4495 γὰρ
2772 4425 2917 4495 αὐτῷ
2959 4426 3100 4479 κατά
3133 4430 3357 4499 καιροὺς
3386 4428 3558 4498 μόνον.
3589 4441 3606 4474 ι

507 4525 661 4576 Βλιε.
688 4518 854 4581 Jutlas
876 4517 1069 4570 dicitur
1096 4518 1409 4587 mysterium
1440 4517 1771 4577 enuntiasse.
1796 4517 1987 4586 utqui,

2167 4513 2359 4565 ΒΑΛΣ.
2414 4514 2469 4566 '0
2507 4513 2701 4577 Ἰούδας
2730 4514 3080 4587 ἐξαγορεῦσαι
3114 4518 3330 4587 λέγεται
3363 4519 3422 4571 τὸ
3452 4513 3643 4587 μυστή-

427 4632 552 4685 qtne
583 4630 610 4666 a
643 4610 867 4665 Domino
889 4610 1076 4663 doctus
1100 4606 1416 4670 est,Juda:is
1444 4606 1753 4660 rerelaverit
1780 4623 1875 4661 ceu
1910 4609 1989 4665 uis

435 4698 721 4768 166mm
744 4698 993 4762 credens,
1014 4707 1068 4750 et
1092 4692 1311 4749 docenti
1348 4689 1439 4742 illa
1466 4700 1577 4740 non
1601 4699 1857 4758 tanquam
1895 4692 2003 4745 Deo

433 4800 668 4842 mentem
693 4788 982 4851 adhibens,
1006 4789 1100 4843 sed
1128 4795 1181 4840 ut
1212 4784 1360 4839 nudo
1387 4781 1622 4837 homini.
1643 4782 1744 4849 Qui
1766 4792 1945 4836 autem
1972 4797 2003 4836 a

432 4883 681 4937 dnsmone
701 4882 1021 4951 corripitur,
1045 4880 1088 4935 si
1124 4886 1391 4949 perpetuo
1422 4872 1643 4943 quidem
1678 4873 1864 4938 fuerit,
1898 4886 2005 4930 nec

427 4976 786 5030 sacramentis
808 4974 1006 5043 dignus
1026 4970 1335 5031 habebitur,
1365 4979 1470 5021 nec
1493 4968 1807 5035 mysterium
1829 4982 2005 5022 enun-

425 5061 587 5124 tians,
610 5066 668 5111 et
691 5057 1071 5124 blasphemans
1096 5050 1554 5115 condentuabitur,
1589 5061 1643 5105 ut
1665 5054 1754 5122 qui
1783 5054 1987 5108 neseiat

423 5148 550 5216 quid
578 5153 721 5217 agat.
750 5144 843 5197 Sin
868 5154 1047 5196 autem
1070 5140 1228 5191 habet
1258 5139 1553 5205 intervalla,
1585 5148 1638 5194 et
1667 5140 1718 5194 in
1746 5149 1986 5209 tempore

424 5254 532 5305 quo
580 5246 663 5292 est
704 5249 849 5288 same
888 5231 1118 5292 mentis,
1163 5230 1215 5282 in
1262 5230 1573 5300 mysterium
1616 5231 1887 5287 invehitur
1931 5241 1979 5284 et

423 5325 787 5394 blasphemat:
806 5338 911 5376 non
934 5320 1109 5376 solum
1139 5334 1243 5372 non
1268 5321 1368 5373 erit
1387 5331 1847 5383 sacramentorum
1868 5336 1984 5391 paro

424 5415 612 5483 tict-ps,
649 5412 742 5466 sed
789 5427 889 5465 nec
921 5426 1043 5465 cum
1087 5411 1330 5464 ﬁdelibus
1360 5411 1521 5465 simul
1560 5411 1859 5479 precabitur
1899 5414 1983 5470 vel

420 5502 921 5559 conuumerabitur.
956 5499 1136 5565 Quare
1154 5501 1365 5558 divinus
1386 5503 1474 5560 hic
1503 5504 1652 5558 Pater
1682 5504 1748 5560 de
1779 5503 1981 5559 daemo-

552 5729 562 5756 '
593 5727 713 5784 Act.
748 5744 803 5790 κ,
836 5728 897 5783 cii
928 5745 1072 5800 seqq.

2098 4618 2231 4671 ριον,
2259 4602 2333 4665 ὡς
2383 4602 2418 4656 ἂ
2462 4604 2708 4674 ἐδιδάχθη
2757 4606 2909 4676 ποιρά
2950 4606 3147 4678 Κυρίου
3193 4608 3501 4677 ἐκκαλύψας
3538 4605 3641 4665 τοῖς

2108 4691 2397 4757 Ἰουδαίοις,
2432 4687 2520 4746 οἶα
2555 4693 2846 4749 διαπιστῶν
2869 4698 3070 4759 αὐτοῖς,
3098 4698 3191 4749 καὶ
3221 4698 3355 4769 μηδὲ
3383 4696 3458 4766 τῷ
3481 4691 3640 4747 ταῦτα

2092 4782 2392 4836 διδάσκοντι
2424 4784 2496 4847 ὡς
2525 4783 2641 4854 Θεῷ
2670 4786 2967 4856 προσέχων,
3008 4787 3121 4841 ἀλλ’
3162 4788 3237 4853 ὡς
3267 4786 3531 4859 ἀνθρώπῳ
3558 4782 3640 4852 ψι-

2093 4871 2187 4942 λῷ.
2208 4873 2264 4926 ’0
2285 4872 2340 4924 δὲ
2364 4871 2822 4943 δαιμονιζόμενος,
2852 4876 2899 4927 εί
2929 4876 3026 4945 μὲν
3045 4875 3215 4929 διόλου
3241 4876 3504 4947 μαίνεται,
3523 4868 3635 4922 οὔτε

2093 4962 2201 5014 τῶν
2232 4964 2585 5032 ἀγιασμάτων
2615 4964 2994 5036 ἀξιωθήσεται,
3021 4965 3145 5020 οὔτε
3170 4967 3232 5020 τὸ
3259 4964 3542 5037 μυστήριον
3564 4956 3636 5021 ἐξ·

2094 5053 2366 5124 ἀγορεύων
2413 5055 2506 5106 καὶ
2548 5053 2879 5125 βλασφημῶν
2927 5057 3399 5127 κατακριθήσεται,
3441 5052 3513 5113 ὡς
3563 5045 3630 5116 μὴ

2092 5141 2246 5204 εἰδὼς
2267 5143 2294 5196 ὃ
2319 5146 2474 5195 ποιεῖ.
2506 5144 2567 5195 Ei
2590 5144 2646 5197 δὲ
2673 5144 3027 5216 διαλείμματα
3049 5146 3184 5216 ἔχει,
3217 5146 3307 5199 καὶ
3334 5146 3389 5198 ἐν
3415 5138 3489 5209 τῷ
3519 5152 3629 5190 και-

2098 5233 2196 5304 ρῷ,
2221 5227 2264 5301 ᾦ
2293 5237 2576 5304 σωφρονεῖ,
2608 5232 2848 5307 διασύρει
2880 5237 2941 5290 τὸ
2971 5239 3266 5309 μυστήριον
3294 5235 3382 5288 καὶ
3401 5231 3627 5301 βλασφη-

2097 5329 2217 5394 μεῖ·
2251 5326 2311 5378 οὐ
2349 5328 2504 5396 μόνον
2525 5326 2629 5379 τῶν
2656 5327 3008 5398 ἀγιασμάτων
3034 5328 3097 5380 οὐ
3131 5326 3362 5399 μεθέξει,
3390 5319 3497 5376 ἀλλ’
3516 5312 3628 5368 Οὐδὲ

2092 5414 2301 5475 πιστοῖς
2345 5413 2651 5479 συνεύξεται
2694 5415 2727 5485 ἦ
2776 5414 3416 5486 συναριθμήσεται.Ὠστε
3446 5410 3474 5461 ὁ
3497 5404 3626 5459 θεῖος

2089 5501 2243 5572 οὗτος
2290 5506 2476 5579 Πατὴρ
2520 5509 2646 5579 περὶ
2686 5508 3127 5579 δαιμονιζομένου
3166 5510 3258 5562 καὶ
3283 5501 3623 5570 διαλείμματα

3577 346 3681 412 892

3697 1676 3707 1715 l

3906 5904 3912 6163 ί
