4020 6384
494 339 601 405 8-39

1733 338 2013 403 TIIEOD.
2042 335 2443 401 BALSAMON

3598 338 3689 403 ,ω
3738 368 3744 373 .

498 473 640 530 sabit
659 472 867 527 homini
896 469 1173 534 insidiari,
1198 464 1413 537 quoties
1441 477 1565 518 eum
1596 458 1727 515 velle
1750 469 2046 517 communi-

2160 462 2222 514 τὸ
2248 462 2321 532 μὴ
2349 460 2595 530 μετέχειν
2625 459 2784 514 αὐτὸν
2828 461 2937 517 τῶν
2964 464 3337 550 ἁγιασματῳν,
3362 465 3418 518 οὗ
3450 464 3683 525 παύσεται

493 579 619 619 care
646 562 985 634 cognoverit.

1093 726 1462 794 Interrogatio.

520 832 533 849 '
566 841 587 876 ι
620 822 713 886 lis,
740 823 833 891 qui
866 818 1197 873 matrimonii
1228 816 1486 870 societate
1511 813 1829 883 junguntur,
1857 809 1910 864 in
1939 809 2055 879 qui-

494 915 720 968 busnam
754 912 1067 980 septimana:
1111 908 1305 962 diebus
1343 918 1642 972 proponere
1679 911 1911 969 oportet,
1936 912 1993 953 ut
2021 914 2052 952 a

493 1015 682 1058 mutuo
707 1015 997 1069 congressu
1029 998 1357 1058 abstineant,
1388 1003 1442 1047 et
1463 992 1788 1062 quibusnam
1820 998 2053 1058 potesta-

492 1106 598 1150 tem
632 1093 897 1148 habeam?
917 1110 938 1142 ι

1130 1173 1431 1241 Responsio.

564 1292 583 1321 ι
613 1269 766 1335 Quod
818 1276 943 1320 ante
982 1265 1116 1323 dixi,
1149 1278 1292 1317 nunc
1333 1274 1548 1329 quoque
1581 1258 1722 1311 dico.
1747 1253 1887 1307 Dicit
1912 1252 2054 1320 Apo-

490 1361 700 1415 stolus:
732 1356 813 1410 Ne
845 1355 1092 1425 fraudate
1126 1369 1209 1406 vos
1240 1352 1480 1413 invicem,
1512 1350 1615 1403 nisi
1659 1349 1793 1417 forte
1831 1360 1896 1399 ea:
1926 1359 2051 1396 con-

489 1466 640 1504 sensu
676 1448 753 1500 od
800 1457 1033 1515 tempus;
1060 1454 1114 1497 ut
1158 1443 1349 1496 vacetis
1382 1440 1647 1500 orationi;
1682 1446 1732 1491 et
1772 1449 1955 1488 rursus
1982 1431 2052 1486 ad

488 1540 621 1593 idem
657 1537 995 1597 conveniatis.
1032 1552 1093 1589 ne
1143 1550 1231 1587 vos
1277 1540 1434 1584 tentet
1466 1529 1697 1582 Satanas
1733 1534 1940 1595 propter
1966 1522 2054 1576 in-

487 1628 865 1682 continentiam
914 1636 1142 1679 vestram
1167 1623 1210 1678 '.
1240 1619 1560 1674 NeceSsario
1605 1624 1783 1670 autem
1820 1614 2056 1668 Sabbato

2162 550 2520 605 ἑπιϐουλευων
2558 551 2636 622 τῷ
2677 551 2964 625 ἀνθρώπῳ,
2992 553 3176 618 ὁσάκις
3200 554 3264 608 ἂν
3296 556 3405 623 γνῶ
3432 558 3578 613 αὐτὸν
3604 559 3682 614 θέ-

2160 640 2316 695 λοντα
2357 641 2695 712 μεταλαϐεῖν.

2777 730 3111 799 Ἐρώτησις.

2233 844 2249 875 ι
2275 825 2400 886 Τοῖς
2428 814 2836 892 ’ζευγνυμένοις
2890 822 2969 885 είς
3024 824 3201 894 γάμου
3246 823 3537 887 κοινωνίαν,
3570 827 3682 897 περὶ

2156 914 2325 967 ποίων
2380 914 2601 985 ἡμερῶν
2655 913 2751 983 τῆς
2801 911 3091 982 ἑϐδομάδος
3153 913 3534 981 παρατίθεσθαι
3590 917 3681 987 χρὴ

2156 1002 2452 1072 ἀπέχεσθαι
2474 1006 2586 1072 ,τῆς
2616 1003 2751 1073 πρὸς
2780 1001 3040 1072 ἀλλήλους
3074 1003 3372 1065 κοινωνίας,
3409 1007 3496 1055 καὶ
3530 1003 3682 1068 ..ποίας

2157 1094 2296 1164 ἔχειν
2330 1094 2414 1145 ἐπ’
2445 1092 2722 1156 ὲξουσίαςς
2750 1111 2781 1164 -ι

2749 1160 3110 1227 Ἀπόκρισις.

2230 1267 2247 1298 ι
2277 1248 2587 1319 Προείρηκα
2616 1248 2709 1301 καὶ
2742 1248 2834 1300 νῦν
2883 1247 3023 1316 λέγω
3048 1264 3062 1278 ·
3110 1249 3139 1300 ὁ
3177 1248 3487 1310 ’Λπόστολος
3516 1248 3680 1317 λέγει·

2152 1337 2247 1404 Μὴ
2284 1338 2666 1405 ἀποστερεῖτε
2699 1337 3025 1411 ᾀλλήλους,
3071 1341 3121 1390 εί
3151 1338 3235 1405 μή
3276 1354 3328 1389 τι
3360 1337 3433 1391 ἂν
3460 1338 3523 1390 ἐκ
3551 1355 3684 1405 συμ-

2152 1426 2354 1495 φώνου
2387 1431 2534 1494 στρ-’νς
2563 1428 2792 1493 καιρὸν,
2838 1428 2936 1479 ἵνα
2981 1426 3329 1495 σχολάσητε
3349 1426 3420 1494 τῇ
3453 1442 3682 1494 προσευ-

2149 1516 2251 1586 χῇ,
2294 1517 2391 1570 καί
2420 1517 2604 1569 πάλιν
2634 1517 2731 1569 ἐπὶ
2763 1516 2829 1569 τό
2877 1516 3019 1569 αὐτὸ
3062 1512 3186 1586 ἦτε,
3224 1518 3323 1570 ἵνα
3347 1521 3430 1586 μὴ
3468 1516 3679 1584 πειράζῃ

2149 1607 2304 1678 ὑμᾶς
2331 1613 2364 1663 ὁ
2406 1608 2676 1674 Σατανᾶς
2721 1608 2819 1662 διὰ
2864 1607 2976 1677 τὴν
3025 1610 3325 1677 ἀκρασίαν
3376 1610 3550 1677 ὑμῶν.
3608 1608 3682 1672 Ἐξ

489 1733 541 1775 et
566 1720 654 1774 die
684 1718 973 1772 Dominieo
1015 1717 1290 1769 abstinere
1325 1718 1555 1779 Oportet,
1592 1708 1731 1776 quod
1774 1703 2046 1774 spirituale

2148 1702 2394 1770 ἀνάγκης
2418 1701 2473 1752 δὲ
2509 1699 2569 1753 τὸ
2612 1700 2886 1753 Σάϐϐατον
2917 1700 3011 1752 καὶ
3057 1701 3155 1772 τὴν
3189 1701 3464 1772 Κυριακὴν
3506 1699 3680 1768 m1:-

490 1812 821 1866 sacriticium
851 1810 905 1862 in
927 1809 1007 1863 eis
1039 1806 1266 1862 Domino
1292 1803 1572 1856 oﬂ‘eratur.
1598 1817 1618 1850 ι

1086 1974 1464 2044 Interrogatio.

566 2089 585 2123 ι
617 2070 672 2125 Si
701 2069 844 2139 quis,
870 2085 993 2123 cum
1024 2067 1108 2122 sui
1134 2080 1358 2132 compos
1383 2078 1488 2116 non
1516 2072 1678 2125 esset.
1709 2060 2052 2116 sibi'manum

489 2162 748 2223 attulerit,
780 2162 863 2214 vel
891 2161 1053 2214 etiam
1089 2173 1145 2212 se
1171 2154 1606 2225 pmcipitaverit,
1636 2152 1694 2206 tit
1722 2166 1790 2207 ne
1827 2147 2053 2213 oblatio,

487 2268 558 2307 an
584 2266 689 2305 non
708 2249 731 2302 ’ἒ
750 2267 770 2301 ι

1123 2329 1427 2399 Responsio.

565 2445 587 2480 ι
625 2424 738 2481 Hoc
766 2424 925 2479 debet
965 2421 1195 2476 clericus
1233 2422 1562 2483 discernere,
1599 2433 1668 2471 an
1706 2432 1828 2471 cum
1870 2427 2053 2469 revera

492 2518 691 2574 mentis
733 2529 955 2583 compos
990 2527 1098 2567 non
1138 2520 1303 2576 esset,
1340 2511 1443 2565 hoc
1479 2508 1683 2564 fecerit.
1725 2507 1876 2578 Saepe
1901 2507 2044 2562 enim

2146 1790 2272 1845 σθαι
2300 1792 2410 1855 δεῖ,
2442 1790 2530 1844 διὰ
2582 1790 2643 1842 τὸ
2684 1792 2740 1842 ὲν
2772 1790 2960 1853 αὑταῖς
2989 1791 3088 1862 τὴν
3126 1790 3491 1861 πνευματικὴν
3518 1788 3680 1840 θυσίαν

2145 1881 2512 1954 ἀναφέρεσθαι
2544 1881 2622 1951 τῷ
2645 1880 2851 1951 Κυρίῳ.
2883 1899 2903 1931 ι

2768 1966 3104 2034 Ἐρώτησις.

2221 2078 2239 2110 ι
2274 2059 2401 2113 Ἐάν
2449 2076 2533 2118 τις
2569 2061 2642 2129 μὴ
2698 2057 2835 2127 ἔχων
2887 2058 3097 2119 ἑαυτὸν,
3142 2057 3463 2128 χειρίσηται,
3500 2057 3675 2126 iiqu-

2149 2150 2332 2221 μνήσῃ
2364 2148 2576 2213 ἑαυτὸν,
2610 2150 2660 2200 εί
2697 2148 2901 2216 γίνεται
2935 2147 3237 2219 προσφορὰ,
3274 2149 3309 2219 ἢ
3341 2147 3424 2201 οὔ.
3452 2166 3470 2199 ι

2756 2318 3118 2385 Ἀπόκρισις.

2221 2427 2239 2459 ι
2274 2407 2442 2479 ’Υπὲρ
2472 2407 2564 2460 τοῦ
2597 2405 2759 2460 αὑτοῦ
2807 2408 3075 2479 διακρῖναι
3117 2409 3321 2478 ὀφείλει
3352 2409 3376 2462 ὁ
3428 2405 3676 2480 κληρικὸς,

2143 2496 2204 2551 τὸ
2234 2498 2309 2568 (7)
2345 2497 2539 2568 ἀληθὲς
2578 2498 2843 2568 έκφρενὴς
2889 2497 2996 2560 ὢν,
3043 2498 3309 2569 πεποίηκε
3345 2498 3514 2551 τοῦτο.
3561 2498 3680 2551 Πολ-

490 2611 550 2673 ii,
585 2610 676 2678 qui
723 2607 790 2661 ad
830 2620 954 2660 eum
995 2605 1083 2659 cui
1122 2605 1225 2658 hoc
1256 2603 1450 2658 accidit
1492 2603 1780 2671 pertinent,
1812 2604 2046 2655 volente

2144 2588 2298 2650 λάκις
2344 2586 2452 2658 γὰρ
2496 2588 2545 2640 οἱ
2604 2587 2950 2659 διαφέροντες
2994 2587 3072 2659 τῷ
3104 2589 3412 2651 πεπονθότι,
3465 2588 3681 2649 θέλοντες

490 2677 708 2770 assequi
734 2697 1064 2752 oblationem
1088 2702 1142 2749 et
1175 2694 1477 2748 orationem
1502 2706 1598 2760 pro
1622 2692 1758 2760 ipso,
1786 2690 2046 2744 mentiun-

2144 2680 2324 2747 τυχεῖν
2351 2677 2448 2747 τῆς
2479 2678 2794 2747 προσφορᾶς
2827 2678 2920 2730 καὶ
2973 2679 3071 2748 τῆς
3121 2679 3265 2751 ὑπὲρ
3306 2678 3465 2732 αὑτοῦ
3514 2678 3677 2747 εὐχῆς,

493 2801 600 2851 tur,
619 2767 672 2843 et
690 2789 878 2843 dicunt
903 2801 1028 2840 eum
1055 2799 1163 2839 non
1187 2782 1358 2838 fuisse
1385 2782 1527 2852 apud
1543 2796 1634 2835 se:
1662 2794 2046 2849 nonnunquam

2144 2767 2589 2852 ξιαταψεύδονται,
2623 2768 2716 2821 καὶ
2742 2767 3009 2836 λέγουσιν,
3053 2770 3133 2822 ὅτι
3163 2770 3265 2823 οὐκ
3295 2767 3437 2840 εἶχεν
3465 2767 3638 2823 ἑαυτόν
3663 2781 3677 2796 ⁸

493 2831 567 2845 ....
586 2831 600 2851 ,
619 2831 672 2843 ν.
692 2831 878 2843 .........-
906 2831 1028 2840 η---
1057 2831 1163 2839 η---
1187 2831 1354 2838 -_-__-
1387 2831 1527 2852 ,τη
1545 2831 1597 2835 __
1623 2831 1633 2834 -

491 2891 671 2934 autem
707 2887 925 2949 propter
962 2875 1371 2929 insultationem
1405 2871 1709 2933 hominum,
1759 2869 1843 2922 vel
1874 2869 2046 2937 aliqua

2144 2831 2311 2911 ἱνίοτε
2340 2857 2397 2910 δὲ
2427 2856 2532 2911 ἀπὸ
2555 2831 2824 2929 ἐπηρείας*
2850 2857 3150 2929 ἀδθρὼπων
3177 2859 3211 2931 ἦ
3246 2831 3418 2923 alii};
3451 2876 3562 2920 πως
3586 2855 3679 2910 ἀπὸ

491 2971 599 3025 alio
631 2945 793 3023 modo
812 2945 923 3037 per
954 2964 1336 3035 negligentiam
1365 2963 1470 3015 hoc
1503 2960 1714 3015 fecisse.
1740 2959 1844 3014 Pro
1869 2959 2046 3029 hujus-

2144 2945 2432 3017 ὀλιγωρίας
2470 2946 2820 3014 πεποιηκέναι
2872 2945 3048 3000 τοῦτο.
3088 2948 3162 3000 Οὐ
3232 2950 3336 3020 χρὴ
3394 2946 3679 3017 προσφορὰν

495 3061 637 3114 modi
677 3060 879 3113 oblatio
918 3072 1024 3111 non
1057 3065 1140 3111 est
1175 3053 1450 3107 facienda:
1478 3061 1562 3106 est
1587 3043 1730 3104 enim
1769 3053 1851 3104 sui
1877 3049 2046 3103 homi-

2145 3035 2325 3089 ἱκάνω
2371 3035 2516 3106 αὐτῷ
2564 3035 2853 3104 γενέσθαιο
2908 3038 3306 3110 αὑτοφονευτὴς
3348 3037 3456 3109 γὰρ
3506 3036 3676 3090 ἑαυτοῦ

491 3151 632 3205 cida.
661 3147 885 3218 Oportet
916 3160 1045 3216 ergo
1077 3145 1337 3200 clericum
1369 3151 1621 3198 accurate
1666 3141 1956 3205 sciscitari,
1985 3154 2046 3195 ue

2144 3137 2279 3192 tam.
2310 3136 2400 3188 Δεῖ
2425 3129 2516 3187 οὖν
2550 3133 2764 3197 πάντως
2804 3135 2894 3188 τὸν
2938 3134 3199 3206 κληρικὸν
3236 3138 3372 3206 μετὰ
3418 3133 3676 3206 ἀκριϐείας

492 3243 543 3294 in
576 3242 839 3307 judicium
875 3238 1094 3291 incidat.
1117 3255 1136 3288 ι

2144 3223 2453 3295 ἐρευνῆσαι,
2484 3222 2569 3274 ἵνα
2603 3221 2675 3292 μὴ
2710 3223 2814 3275 ὑπὸ
2844 3226 3015 3294 κρῖμα
3047 3224 3211 3295 πέσῃ.
3245 3244 3262 3275 ι

561 3329 720 3382 ΒΑιε.
744 3325 1109 3395 Interrogatus
1131 3334 1369 3388 sanctus,
1398 3323 1443 3376 si
1472 3323 1537 3385 is,
1560 3322 1650 3391 qui
1680 3337 1786 3375 non
1807 3329 1889 3375 est
1909 3334 2046 3374 sana

2212 3323 2404 3376 ΒΑΛΣ.
2448 3321 2792 3392 Ἐρωτηθεὶς,
2824 3324 2898 3385 ὡς
2938 3324 2985 3375 εί
3021 3322 3094 3392 μὴ
3143 3322 3283 3392 ἔχων
3310 3341 3392 3386 τις
3437 3324 3559 3390 ὑγιᾶ
3600 3319 3678 3372 τὸν

492 3419 729 3480 mentis,
792 3417 884 3470 sed
942 3429 1185 3478 emotae,
1242 3414 1345 3468 sibi
1406 3425 1632 3467 nzortem
1699 3412 2046 3474 consciverit,

2144 3413 2415 3483 λογισμὸν,
2441 3410 2575 3465 ἀλλὰ
2607 3412 2981 3482 παρατραπεὶς
3028 3411 3124 3474 τὰς
3176 3414 3399 3484 φρένας,
3450 3411 3677 3480 αὐτόχειρ

487 3503 573 3552 vel
590 3513 649 3552 se
666 3502 922 3551 deorsum
944 3497 1279 3566 praecipitem
1300 3497 1545 3552 dederit:
1567 3513 1634 3552 an
1653 3514 1753 3568 pro
1777 3516 1841 3556 eo
1860 3502 2046 3556 facien-

2144 3502 2362 3571 γένηται
2386 3499 2599 3564 ἑαυτοῦ,
2624 3500 2656 3571 ἢ
2687 3499 2826 3553 κατὰ
2848 3499 3092 3570 κρημνοῦ
3122 3500 3329 3573 ossae:
3364 3501 3545 3554 ἑαυτὸν
3564 3518 3575 3530 ·
3597 3498 3679 3551 ἔξω

489 3588 558 3642 da
577 3587 649 3641 sit
677 3588 853 3669 oratio
888 3587 972 3640 vel
1008 3587 1259 3643 oblatio?
1296 3587 1458 3658 169
1477 3589 1613 3643 dixit
1643 3592 1789 3660 quod
1818 3591 1864 3644 si
1900 3592 2046 3646 bomt

2144 3591 2244 3664 χρὴ
2284 3591 2422 3661 ὑπὲρ
2449 3588 2610 3644 αὑτοῦ
2659 3589 2822 3659 εὐχὴν
2863 3589 3135 3659 γενέσθαι,
3174 3584 3217 3662 ἢ
3248 3594 3584 3665 προσφοράν·
3614 3586 3680 3643 εἷ-

488 3680 716 3752 quidem
756 3694 944 3734 revera
989 3692 1186 3736 emota:
1256 3682 1476 3742 mentis.
1523 3691 1581 3737 et
1638 3683 1889 3737 nesciens
1934 3683 2046 3753 quit

2144 3698 2262 3744 πεν,
2289 3682 2367 3741 ὅτι
2400 3680 2493 3735 ἐὰν
2517 3679 2730 3751 ἀληθῶς
2751 3680 2854 3746 ἔξω
2879 3680 3086 3750 φρενῶν
3118 3683 3408 3753 γενόμενος
3428 3686 3455 3737 ὀ
3489 3680 3678 3753 ἄνθρω-

494 3783 700 3846 ageret,
722 3772 829 3828 sibi
863 3788 1083 3828 manum
1128 3773 1393 3836 intulerit,
1421 3778 1505 3825 vel
1539 3789 1598 3828 se
1624 3773 2046 3843 praecipitaverit

2144 3788 2260 3835 πος,
2294 3771 2386 3824 καὶ
2417 3771 2492 3842 μὴ
2540 3769 2695 3833 εἰδὼς
2737 3770 2765 3823 δ
2797 3772 2959 3835 ποιεῖ,
3005 3770 3364 3842 διεχειρίσατο
3404 3770 3603 3833 ἑαυτὸν,
3648 3766 3675 3836 ἧ

491 3868 575 3923 vel
592 3865 775 3933 aliquo
791 3866 952 3920 modo
970 3866 1330 3930 interemerit;
1358 3866 1446 3921 [iet
1460 3882 1559 3934 pro
1574 3880 1639 3918 eo
1655 3866 1856 3921 oblatio
1872 3879 1928 3921 et
1943 3882 2046 3921 ora-

2144 3861 2485 3931 ἑκρήμνισεν,
2509 3860 2542 3931 ἢ
2582 3860 2753 3922 ἄλλως
2777 3858 3046 3931 διέφθειρε
3065 3877 3079 3891 α
3115 3864 3403 3933 γενήσεται
3434 3860 3566 3930 ὑπὲρ
3592 3858 3677 3910 ob-

489 3951 583 4005 tio.
626 3948 844 4020 Oportet
877 3956 1060 4004 autem
1102 3963 1218 4011 eos,
1256 3948 1348 4017 qui
1381 3947 1447 4001 ad
1486 3947 1789 4001 orationem
1817 3959 2048 4001 evocan—

486 4048 596 4104 tur,
613 4039 879 4094 subtiliter
901 4038 1256 4107 investigare;
1283 4037 1522 4105 nunquid
1546 4037 1625 4090 vel
1648 4046 1864 4107 propter
1882 4037 2046 4090 animi

489 4128 847 4192 timiditatem,
874 4126 955 4192 vel
992 4126 1270 4179 hominum
1299 4126 1727 4191 insultationem,
1759 4126 1842 4180 vel
1864 4125 2045 4193 aliquo

448 4208 461 4215 “
487 4215 595 4268 alio
630 4215 810 4280 modo,
847 4214 1084 4283 prudens
1106 4228 1171 4266 ac
1200 4213 1378 4277 sciens
1410 4204 1769 4282 quid’ageret.
1803 4212 1906 4267 sibi
1930 4225 2046 4265 ma-

488 4303 930 4357 num-attulerit.
968 4300 1074 4356 Pro
1117 4302 1207 4365 tali
1252 4302 1395 4356 enim
1442 4318 1544 4356 nec
1586 4317 1762 4369 orare,
1809 4315 1911 4355 nec
1956 4300 2044 4354 of—

488 4393 631 4448 ferre
662 4402 890 4463 oportet,
923 4394 1180 4463 quoniam
1210 4394 1292 4449 sui
1320 4393 1589 4447 homicida
1617 4401 1720 4447 est.

1082 4479 1453 4550 Interrogatio.

564 4589 583 4621 ι
621 4569 679 4624 Si
709 4569 938 4638 alicujus
984 4585 1123 4623 uxor
1154 4571 1350 4639 spiritu
1396 4567 1710 4637 corripitur,
1739 4576 1797 4622 ut
1841 4565 2044 4622 ferreos

487 4660 647 4714 etiam
675 4660 963 4730 compedes
1000 4669 1192 4733 gestet,
1226 4661 1311 4713 vir
1345 4669 1523 4713 autem
1554 4659 1737 4712 dicat:
1772 4658 1886 4713 Non
1917 4672 2045 4729 pos-

486 4767 606 4805 sum
658 4753 967 4814 continere,
1012 4763 1065 4805 et
1114 4751 1241 4804 velit
1286 4751 1446 4804 aliam
1498 4751 1741 4820 accipere
1774 4769 1787 4806 :
1820 4750 2044 4807 debetac

486 4843 646 4896 aliam
680 4844 921 4897 acciocrc
949 4857 1019 4895 an
1055 4842 1198 4895 non?
1220 4858 1240 4892 ι

1112 4927 1415 4997 Responsio.
1443 4970 1449 5000 ε

563 5037 581 5070 ι
617 5020 673 5073 In
728 5019 827 5074 hac
872 5033 934 5072 re
976 5018 1194 5089 quidem
1246 5019 1568 5073 adulterium
1610 5019 1910 5085 intercedit,
1940 5035 2040 5077 nec

484 5109 679 5173 habet),
708 5117 800 5161 aut
828 5108 1041 5160 invenio
1072 5106 1201 5175 quid
1227 5106 1294 5161 de
1325 5121 1387 5160 ea
1420 5107 1787 5175 respondeam.
1814 5127 1832 5160 ι

555 5198 714 5252 Βλιε.
745 5196 1098 5264 Interrogatio
1130 5205 1213 5250 cst
1250 5196 1315 5249 de
1346 5196 1559 5261 marito,
1593 5198 1683 5265 qui
1717 5197 1876 5252 habet
1905 5213 2038 5253 uxo-

484 5301 600 5340 rem
642 5285 833 5353 spiritu
875 5294 1197 5352 correptam,
1229 5300 1324 5339 seu
1356 5286 1544 5354 spiritu
1585 5288 1725 5341 malo
1756 5288 2033 5358 agitatam,

478 5387 537 5430 et
574 5376 647 5428 ita
683 5372 972 5438 furentem,
998 5383 1056 5426 ut
1087 5373 1247 5426 etiam
1281 5373 1472 5430 ferreis
1511 5377 1882 5445 compedibus,
1913 5392 2030 5433 uta--

482 5466 726 5535 nicisque
775 5465 989 5534 ligetur,
1030 5480 1097 5518 ne
1138 5465 1371 5536 seipsam
1410 5466 1713 5540 interﬁciat,
1772 5469 1852 5526 vel
1893 5468 2032 5527 alios

553 5608 622 5665 'I
652 5609 778 5665 Cor.
809 5620 907 5674 vlt,
934 5606 987 5660 5.

549 5723 624 5785 (7t
658 5723 745 5792 Τό.
782 5719 938 5789 Lege,
966 5718 1013 5768 εί
1045 5712 1120 5768 τό.
1156 5710 1299 5767 Ευιτ.

2139 3947 2232 4001 τοῦ
2260 3947 2445 4018 δέησις
2499 3949 2593 4000 καὶ
2635 3948 2937 4018 προσφορά.
2989 3950 3079 4001 Δεῖ
3125 3949 3182 4002 δὲ
3224 3951 3350 4014 τοὺς
3410 3951 3487 4013 εἰς
3530 3945 3675 4017 εὐχὴν

2140 4032 2642 4108 Διίιροσκαλουμένους
2671 4037 3026 4108 ἁκριϐοῢσθαι
3054 4039 3182 4112 περὶ
3226 4040 3437 4105 τούτου,
3489 4038 3677 4109 μήποτε

2138 4128 2173 4199 ἢ
2197 4130 2260 4181 ὲκ
2296 4128 2676 4201 μικροψυχίας,
2712 4130 2744 4199 ἢ
2796 4128 2854 4195 ἐξ
2891 4128 3153 4199 ἐπηρείας
3182 4129 3500 4201 ἀνθρώπων,
3531 4127 3562 4196 ἣ
3594 4124 3676 4179 ἄλ·

2139 4214 2246 4279 λως
2284 4233 2419 4280 πως,
2448 4215 2588 4270 ἑκὼν
2622 4218 2715 4270 καὶ
2740 4216 2893 4278 εἰδὼς
2926 4216 2954 4270 ὃ
2985 4219 3145 4280 ποιεῖ,
3191 4218 3540 4289 διεχειρίσατο
3562 4216 3677 4267 ἐαυ-

2137 4305 2251 4358 τόν.
2283 4304 2454 4377 ’Υπὲρ
2494 4304 2601 4378 γὰρ
2652 4306 2744 4360 τοῦ
2774 4306 3010 4359 τοιούτον
3039 4308 3097 4359 οὐ
3128 4306 3229 4373 δεῖ,
3266 4307 3387 4361 οὔτε
3415 4303 3670 4377 εὔχεσθαι,

2137 4388 2259 4444 οὔτε
2289 4393 2634 4464 προσφέρειν,
2666 4393 2747 4446 ὅτι
2775 4394 3167 4468 αὐτοφονευτής
3195 4396 3335 4450 ἐστι.

2744 4482 3082 4551 Ἐρώτησις.

2212 4590 2232 4623 ι
2271 4570 2393 4624 Ἐάν
2420 4589 2563 4635 τινος
2612 4571 2748 4643 γυνὴ
2793 4574 3130 4643 πνευματιᾷ,
3187 4573 3327 4628 ὥστε
3360 4572 3453 4626 καὶ
3499 4569 3671 4637 σίδηρα

2138 4664 2340 4732 φορεῖν,
2369 4662 2398 4713 ὀ
2422 4662 2480 4714 δὲ
2506 4662 2643 4731 ἀνὴρ
2672 4661 2850 4729 λέγει,
2894 4668 2975 4715 δτι
3007 4663 3080 4715 Οὐ
3112 4662 3347 4733 δύναμαι
3374 4656 3670 4730 ἒγκρατεύευ

2140 4750 2284 4814 σθαι,
2314 4753 2406 4805 καὶ
2434 4750 2575 4804 ϐέλει
2604 4751 2783 4804 λαϐεῖν
2809 4751 2993 4822 ἀλλην·
3022 4751 3224 4821 ὀφείλει
3253 4752 3433 4804 λαϐεῖν
3474 4749 3666 4818 ἑτέραν.

2137 4841 2334 4911 ἢοῦ;›

2418 4992 2425 5007 κ
2737 4930 3097 4996 Ἀπόκρισις.

2211 5038 2228 5068 ι
2253 5019 2481 5089 Μοιχεία
2508 5018 2791 5089 μεσολαϐεῖ
2818 5018 2893 5088 τῷ
2926 5019 3241 5089 πράγματι·
3275 5018 3369 5072 καὶ
3412 5016 3534 5087 περὶ
3554 5010 3666 5066 τού·

2135 5122 2228 5161 του
2259 5109 2312 5161 τί
2345 5108 2724 5179 ἀποκρίνεσθαι
2745 5109 2842 5160 οὐκ
2865 5107 2989 5177 ἔχω,
3025 5108 3057 5179 ἢ
3099 5107 3425 5179 ὲφευρίσκω.
3453 5124 3474 5159 ι

2206 5198 2397 5252 ΒΑΛΣ.
2426 5192 2560 5268 Περὶ
2590 5197 2783 5269 ἀνδρὸς
2817 5198 2851 5267 ἠ
2904 5197 3169 5268 ἐρώτησις
3198 5197 3411 5267 ἔχοντος
3452 5191 3665 5260 γυναῖκα

2137 5288 2571 5359 πνευματιῶσαν,
2601 5288 2765 5359 ἤγουν
2816 5288 3081 5358 πνεύματι
3129 5287 3350 5359 πονηρῷ
3394 5278 3662 5353 συνεχομὲο

2134 5396 2253 5448 νην,
2283 5380 2374 5431 καὶ
2401 5377 2572 5442 οὕτως
2605 5378 2954 5448 μαινομένην,
2982 5377 3056 5441 ὡς
3086 5378 3179 5430 καὶ
3209 5376 3443 5446 σιδήροις
3465 5368 3661 5448 δεσμεῐς

2133 5445 2280 5537 σόαι,
2319 5468 2407 5523 ἴνα
2442 5468 2519 5541 μὴ
2546 5445 2741 5540 ἑαυτὴν
2770 5445 3022 5540 »ἀπολέσῃ
3062 5465 3095 5537 ἢ
3144 5445 3360 5537 ἑτέρους
3406 5458 3593 5534 βλάψῃ.
3630 5445 3659 5525 ᾖ
