4020 6394
515 345 620 409 903
1779 337 2060 399 TtlEOD.
2101 331 2501 397 BALSAMON
3611 332 3696 396 904

540 484 1555 512 ψώ-ὺ-ὲ-α-ὸο--σω--ι

1566 489 1886 497 .__———.—_

1335 581 1559 667 ΤΟΥ
1618 580 1996 667 ΑΥΤΟΥ
2049 577 2956 666 ΥΠΟΜΝΗΣΤΙΚΟΝ

1584 758 1758 829 Ὅπερ
1789 756 1948 813 ἔλασε
1977 756 2229 828 Ἀμμιῖιν,
2266 756 2354 811 διὰ
2387 757 2486 828 τὴν
2522 755 2705 812 Λυκὼ.

796 966 1152 1034 EIUSDEM
1188 960 1888 1031 COMMONITORIUM
1919 966 2145 1040 QUOD
2175 964 2509 1030 ACCEPIT
2547 963 2844 1026 ΑΜΜΟΝ
2895 962 3262 1024 PROPTER
3293 964 3511 1028 LYCO.

1155 1155 1383 1210 csuou
1422 1154 1460 1208 ι.
1878 1220 1887 1225 ς
2126 1156 2173 1224 Α
2219 1196 2241 1219 ,

1878 1220 1887 1225 .
2126 1156 2173 1224 Α
2219 1196 2241 1219 .
2801 1148 3041 1210 ΚΑΝΩΝ
3094 1154 3172 1207 A'.

599 1249 673 1303 De
703 1250 765 1302 iis
789 1250 875 1319 qui
905 1250 1118 1302 Arionis
1158 1249 1695 1313 communicaverunt,
1737 1256 1786 1301 et
1827 1246 2093 1305 Ecclesias

2268 1246 2411 1319 Περὶ
2449 1248 2565 1303 τῶν
2600 1245 3094 1313 κοινωνησάντων
3142 1243 3267 1309 τοῖς
3324 1232 3612 1312 Ἆρειανοῒς
3645 1236 3723 1297 καί

526 1342 625 1394 huc
658 1357 817 1409 usque
848 1340 1101 1405 detinent,
1130 1349 1184 1392 ut
1210 1356 1263 1393 se
1292 1338 1443 1393 habet
1472 1339 1813 1400 consuetudo,
1843 1341 1942 1407 ﬁat
1972 1356 1991 1394 :
2017 1342 2094 1394 ita

2192 1342 2370 1412 μέχρι
2399 1341 2516 1395 νῦν
2561 1339 2668 1404 τὰς
2696 1337 3064 1405 Ἐκκλησίας
3095 1335 3482 1402 κατεχόντων,
3513 1334 3585 1399 ὠς
3617 1334 3725 1399 ἔθος

526 1440 701 1486 tamen
734 1441 789 1484 ut
819 1432 914 1484 alii
947 1432 1362 1492 constituantur,
1400 1431 1487 1498 qui
1517 1431 1569 1482 in
1606 1429 1921 1483 orthodoxia
1950 1434 2096 1485 testi-

2198 1430 2471 1500 γινέσθω,
2502 1428 2655 1481 οὕτω
2693 1426 2898 1496 μέντοι
2940 1423 3181 1493 ἑτέρους
3220 1422 3576 1491 καταστῆναι
3608 1436 3725 1491 μαρ-

525 1522 769 1589 ﬁcentur,
794 1531 842 1574 et
873 1521 953 1573 illi
992 1528 1358 1589 permaneant.
1395 1518 1489 1572 llis
1517 1534 1717 1588 quoque
1767 1519 1842 1573 ita
1888 1512 2098 1588 dispen-

2199 1519 2603 1590 τυρουμένους
2658 1520 2727 1572 ὲν
2789 1517 3135 1586 ὀρθοδοξίᾳ,
3182 1516 3494 1580 κάκείνους
3533 1510 3724 1572 αὐλίζε-

524 1612 678 1673 satis,
706 1623 761 1663 ut
797 1612 917 1665 aliis
954 1610 1169 1663 urbibus
1190 1608 1472 1663 orthodoxi
1499 1610 1549 1661 in
1579 1606 1840 1663 Thebaide
1872 1611 2101 1685 episcopi

2200 1616 2358 1667 σθαι.
2403 1612 2600 1675 Οὕτως
2635 1608 3147 1678 οἰκονομουμένων
3183 1606 3279 1660 καὶ
3304 1607 3537 1668 τούτων,
3562 1602 3726 1669 ὥσπερ

525 1699 779 1768 fecerunt,
810 1699 899 1769 qui
937 1696 1001 1750 ab
1039 1698 1277 1765 episcopo
1309 1696 1549 1765 Apolline
1582 1699 1881 1763 constituti,
1924 1710 1972 1752 et
2012 1701 2100 1769 qui

2203 1704 2299 1758 καὶ
2333 1704 2401 1755 ὲν
2432 1705 2562 1768 ταῖς
2587 1701 2806 1766 ἄλλαις
2835 1702 3053 1755 πόλεσι
3097 1697 3497 1764 πεποιήκασιν
3520 1698 3570 1749 οί
3591 1695 3650 1747 ἐν
3669 1684 3724 1761 τῆ

525 1806 642 1842 cum
690 1789 903 1843 Arionis
939 1787 1203 1841 Ecclesias
1251 1787 1561 1840 habentibus
1623 1790 2097 1854 communicantes,

2205 1793 2445 1862 Θηϐαΐδι
2504 1791 2811 1860 ὀρθόδοξοι
2861 1791 3216 1853 ἐτίσκοποι,
3270 1789 3322 1840 oi
3370 1782 3727 1844 καταστάντες

525 1881 853 1947 puniantur;
898 1878 945 1931 si
987 1876 1193 1948 quidem
1236 1879 1471 1944 ipsorum
1514 1879 1782 1931 voluntate
1821 1880 1917 1933 hoc
1966 1880 2103 1948 [ece-

2202 1886 2363 1954 παρὰ
2391 1884 2496 1937 τοῦ
2539 1885 2908 1945 Ἀπόλλωνος
2952 1879 3058 1933 τοῦ
3111 1879 3465 1942 ἐπισκόπου,
3507 1875 3597 1928 καὶ
3631 1889 3726 1927 κυι-

528 1979 682 2034 runt;
722 1970 805 2023 sin
839 1980 1012 2022 autem
1054 1969 1270 2037 proprio
1309 1971 1548 2037 episcopo
1590 1970 1933 2031 pbedierunt.
1984 1987 2099 2039 per-

2204 1976 2585 2042 νωνήσαντες
2630 1973 2752 2038 τοῖς
2784 1971 2995 2040 έχουσι
3023 1970 3129 2036 τὰς
3163 1969 3521 2035 Ἐκκλησίας
3555 1965 3728 2032 Ἀρεία-

526 2069 807 2125 maneant,
849 2061 949 2115 etsi
1006 2059 1144 2129 quod
1169 2060 1377 2127 justum
1413 2070 1488 2113 est
1522 2078 1623 2114 non
1666 2062 1916 2114 noverint.
1953 2062 2019 2114 Et
2057 2064 2104 2115 si

2203 2068 2350 2133 νοῖς,
2376 2065 2882 2133 ἐπιτιμᾶσθωσαν.
2920 2062 3045 2132 εἴγε
3072 2060 3273 2130 γνώμῃ
3302 2057 3493 2113 αὐτῶν
3518 2052 3729 2119 πεποιή-

526 2167 705 2205 omnes
742 2150 953 2219 quidem
988 2149 1170 2217 pepuli
1211 2166 1297 2203 eos
1359 2166 1478 2202 cum
1530 2150 1652 2203 aliis
1690 2150 1955 2213 reiiciant,
2007 2151 2104 2203 alii

2205 2168 2348 2212 κασι
2378 2158 2552 2210 τοῦτο
2574 2171 2588 2184 ’
2660 2157 2714 2207 εὶ
2745 2154 2813 2207 δὲ
2849 2155 3106 2222 ὑπήκοοι
3146 2153 3426 2221 γεγόνασι
3456 2148 3532 2213 τῷ
3574 2145 3734 2209 οικείφ

526 2242 871 2304 ω·ιίὶιιειιιιιν;
915 2243 997 2294 sin
1027 2252 1204 2294 autem
1233 2258 1319 2295 eos
1357 2236 1577 2294 retinent
1619 2258 1735 2293 cum
1773 2241 1880 2294 illis
1918 2243 2103 2314 quibus

2204 2249 2531 2314 ἐπισκόπῳ,
2585 2238 3055 2309 αὐλιζέσθωσαν,
3100 2243 3203 2298 καὶ
3248 2241 3334 2312 μὴ
3382 2238 3736 2309 ἐπεγνωκότες

508 2332 1009 2403 ιουιικιικηὶοαηιιιι,
1046 2332 1084 2384 ii
1120 2348 1321 2401 quoque
1350 2348 1464 2385 eam
1494 2334 1925 2385 consuetudinem
1952 2347 2095 2393 expe-

2210 2336 2269 2389 τὸ
2297 2337 2573 2405 εὔλογον.
2606 2335 2718 2388 Καὶ
2748 2337 2801 2387 εί
2829 2334 2944 2402 μὲν
2985 2334 3213 2401 πάντες
3257 2335 3311 2386 οι
3357 2330 3487 2386 ,λαοί
3527 2328 3737 2388 τούτους

529 2424 758 2486 riantur,
782 2439 885 2492 qua
913 2423 997 2475 usi
1040 2432 1161 2476 sunt
1199 2438 1376 2476 omnes
1426 2422 1705 2475 orthodoxi
1746 2423 1798 2474 in
1844 2422 2103 2495 Thebaide

2229 2422 2639 2479 ίποποιοῦνται
2674 2424 2826 2494 μετὰ
2867 2425 2985 2478 τῶν
3019 2424 3251 2488 ἄλλων,
3300 2422 3482 2490 ἕτεροι
3516 2428 3739 2489 χειροτοο
3814 2442 3816 2445 ·

526 2514 777 2583 episcopi.
1872 2536 1878 2545 ’

2151 2501 2175 2551 3
2203 2517 2542 2570 νείσθωσαν
2563 2535 2574 2545 ·
2610 2520 2662 2569 εί
2688 2516 2754 2569 δὲ
2775 2516 3229 2570 ἀντιποιοῦνται
3261 2512 3458 2568 αὐτῶν
3473 2508 3590 2580 μετ’
3611 2501 3738 2560 exsl-

525 2592 649 2663 νων
703 2602 794 2671 οἷς
834 2604 1308 2671 κεκοινωνήκασι
1349 2606 1555 2671 ταῦτα,
1604 2605 1702 2657 καὶ
1752 2600 1918 2661 οὗτοι
1982 2605 2525 2673 ἀποπειράσθωσαν
2563 2609 2671 2676 τῆς
2715 2610 3061 2676 συνηθείας,
3100 2600 3140 2678 ᾖ
3205 2604 3535 2675 ἐχρήσαντο
3591 2599 3637 2655 οὶ
3684 2595 3740 2648 ἐν

529 2699 771 2770 Θηϐαΐδι
805 2699 1029 2764 πάντες
1061 2699 1383 2753 ἐπίσκοποι
1423 2700 1755 2767 ὀρθόΰοξοι.

1150 2811 1381 2868 CANON
1422 2811 1488 2867 ll.

2807 2812 3042 2864 ΚΛΝΩΝ
3104 2814 3179 2867 Β’.

600 2904 676 2960 De
704 2904 874 2971 Bisto,
907 2905 998 2975 qui
1043 2905 1097 2957 in
1134 2901 1306 2956 Erebo
1356 2904 1672 2957 constitutus
1708 2912 1783 2957 est
1815 2904 2106 2976 presbyter,

2280 2905 2418 2973 Περὶ
2447 2903 2669 2958 Βίστου
2697 2903 3108 2969 καταστάντος
3155 2904 3233 2956 ἐν
3285 2902 3487 2973 Ἐρέϐῃ
3526 2902 3738 2972 πρεσϐυ-

527 2994 866 3065 quterendum
887 3003 963 3047 est
983 3002 1061 3057 ;ct
1092 2995 1137 3047 si
1163 2993 1328 3046 alicui
1348 2992 1555 3060 quidem
1581 2994 1789 3047 mulieri
1821 3003 2105 3063 δείρειν-ατε,

2210 2996 2380 3064 τέρου
2410 2994 2721 3064 ζιιτητέονο
2770 2993 2865 3047 καὶ
2902 2997 2955 3047 el
2996 2992 3115 3063 μὲν
3156 2995 3610 3065 ἁποταξαμένην
3635 2992 3738 3047 τινὰ

529 3083 726 3136 vivente
754 3079 1097 3146 marito,vim
1141 3081 1342 3143 attulit,
1380 3096 1481 3133 non
1516 3081 1723 3133 sinarur
1753 3096 1864 3134 esse
1904 3083 2112 3152 presby-

2211 3086 2423 3150 ζῶντος
2470 3085 2577 3139 τοῦ
2613 3083 2832 3150 ἀνδρὸς
2880 3083 3181 3143 ἐϐιάσατο.
3234 3085 3320 3155 μὴ
3366 3085 3739 3156 συγχωρεῖσθαι

530 3182 642 3233 ter;
671 3186 794 3224 nam
833 3186 896 3224 ne
930 3181 987 3223 ut
1028 3171 1193 3225 laicus
1243 3171 1449 3241 quidem
1495 3172 1644 3225 debet
1695 3174 2102 3237 communicare,

2208 3172 2359 3228 εἶναι
2387 3175 2803 3243 πρεσϐύτερος,
2837 3172 2989 3226 ὅπου
3018 3189 3083 3241 γε
3110 3173 3262 3227 οὐδὲ
3292 3176 3373 3241 ὡς
3393 3173 3588 3239 ,καινὸς
3615 3167 3740 3240 ὀρεία

530 3277 649 3314 cum
675 3276 763 3314 eos
790 3262 879 3330 qui
903 3262 1033 3314 tales
1058 3272 1179 3315 sunt
1205 3279 1452 3330 separare
1481 3280 1747 3316 consuete:
1763 3264 1801 3316 it
1840 3262 2100 3318 Ecclesia.

2210 3266 2304 3317 ..εει
2342 3260 2731 3330 συνάγεσθαι,
2768 3258 2877 3327 τῆς
2931 3261 3302 3328 Ἐκκλησίας
3339 3263 3596 3326 εἰωθυίας
3629 3257 3740 3322 τοὺς

534 3349 651 3404 Hoc
685 3360 861 3405 autem
897 3352 1103 3404 nullum
1128 3354 1282 3421 affert
1317 3354 1561 3421 episcopo
1592 3352 1825 3420 Apollini
1850 3352 2107 3420 prazjutli-

2211 3355 2516 3416 τοιούτους
2555 3351 2832 3419 χωρίζειν.
2871 3353 2954 3404 οὐ
2989 3353 3155 3420 φέρει
3179 3354 3256 3406 δὲ
3280 3355 3451 3408 τοῦτο
3494 3354 3742 3423 πρόκριμα

530 3442 693 3504 cium,
716 3441 763 3493 si
786 3457 903 3494 eum
931 3457 1023 3510 per
1052 3442 1411 3512 ignorantiam
1444 3443 1751 3501 constituit;
1779 3456 1897 3493 cum
1921 3452 2107 3494 sancta

2211 3444 2293 3509 τῷ
2332 3446 2640 3508 ὲπισκόπῳ
2697 3444 3053 3507 Ἀπόλλωνι,
3098 3446 3151 3497 εὶ
3195 3446 3272 3511 ἐξ
3325 3448 3563 3515 ἀγνοίας
3592 3441 3742 3497 αὐτὸν

530 3533 763 3602 synodus
793 3533 1146 3601 jnsseriteos,
1186 3535 1274 3603 qui
1317 3544 1434 3603 post
1477 3536 1865 3587 ordinationem
1896 3543 2107 3603 propter

2212 3536 2566 3602 κατέστησε,
2604 3532 2715 3601 τῆς
2747 3534 2921 3602 ἁγίας
2947 3535 3220 3589 συνόδου
3244 3536 3613 3602 κε.2ευσὰσης
3630 3531 3741 3596 τοὺς

529 3623 729 3675 crimen
760 3623 964 3693 indiqni
985 3640 1099 3677 esse
1131 3624 1533 3690 concinuntur,
1567 3624 1782 3692 expelli.

2209 3626 2495 3691 ἀναξίους
2518 3626 2668 3695 μετὰ
2689 3624 2805 3693 τὴν
2834 3627 3210 3694 χειροτονίαν
3233 3627 3647 3698 ἐλεγχομένους
3664 3620 3741 3677 ἐπὶ

2209 3716 2479 3784 ἔγκλημα
2502 3713 2879 3768 ἐκσαλέσθαι.

562 3801 797 3897 ⁵ΒΑίιὸ.
850 3803 1034 3897 Bistus
1088 3804 1158 3897 ait
1214 3803 1468 3897 Apolline
1520 3803 1782 3875 episcopo
1823 3806 2107 3897 presbyter
2135 3842 2149 3896 ‘

2154 3838 2179 3897 3
2284 3804 2474 3857 ΒΑΛΣ.
2533 3806 2594 3857 ὐ
2643 3804 2831 3865 Βίστος
2890 3803 3041 3874 παρά
3098 3805 3432 3872 Ἀπόλλωνος
3486 3805 3741 3861 ἐπισκόπου

531 3892 872 3947 constitutus
920 3893 1096 3945 fuerat
1145 3891 1199 3945 in
1248 3890 1453 3959 Ereba;
1499 3901 1583 3948 est
1635 3903 1814 3948 autem
1859 3909 1923 3948 ea
1956 3894 2107 3964 regio

2154 3888 2177 3897 ’
2210 3894 2445 3963 κατέστη
2476 3893 2841 3965 πρεσϐύτερος
2864 3892 2921 3945 ὲν
2964 3893 3159 3966 Ἐρέόῃ
3181 3909 3197 3926 ⁸
3233 3898 3391 3969 χώρα
3424 3897 3482 3951 δὲ
3518 3894 3642 3965 αὕτη
3668 3888 3741 3944 Δί·

533 3982 757 4055 Ᾰεῖεγῃιί
780 3984 923 4039 sicut
951 3993 1006 4038 et
1029 3982 1196 4055 Lyco.
1233 3985 1283 4042 Is
1316 4001 1447 4041 vero
1476 3986 1763 4041 dicebatur
1794 3994 1919 4040 ante
1956 3987 2109 4041 ordi-

2210 3986 2453 4053 γυπτίων
2508 3987 2685 4051 ἐστὶν,
2741 3985 2932 4057 ὥσπερ
2979 3988 3075 4040 καὶ
3119 3989 3155 4059 ἡ
3194 3989 3380 4045 Δυκώ.
3441 3988 3668 4057 Ἐλέγετο
3698 3982 3742 4035 δδ

534 4077 812 4131 nationem
846 4074 1062 4131 mtilieri
1094 4088 1359 4147 separata:
1398 4080 1504 4133 vim
1526 4080 1801 4138 attulisse.
1824 4074 1966 4135 'vivo
1997 4095 2113 4132 ma-

2214 4079 2341 4148 περὶ
2402 4077 2645 4142 ἐκείνου,
2714 4077 2796 4130 ὅτι
2851 4078 2957 4149 πρὸ
3010 4078 3108 4149 τῆς
3150 4081 3495 4152 ’χειροτονίας
3547 4078 3742 4149 γυναῖκα

536 4170 664 4222 ritu.
702 4168 779 4224 De
816 4184 883 4224 eo
913 4169 1078 4239 igitur
1110 4171 1477 4242 interrogatus
1509 4168 1867 4239 Theophilus,
1894 4169 2109 4239 inquit:

2213 4168 2466 4223 ἐϐιάσατο
2509 4168 2926 4240 ἀπυταξαμένην
2977 4170 3181 4238 ζῶντος
3234 4174 3329 4228 τοῦ
3389 4174 3589 4244 ἀνδρός.
3637 4165 3743 4236 Περὶ

535 4260 822 4325 Qumratur
850 4276 919 4314 an
958 4262 1030 4316 sit
1064 4277 1252 4329 verum
1285 4278 1409 4317 cum
1447 4261 1660 4316 mulieri
1696 4262 1803 4317 vim
1845 4261 2113 4324 attulisse,

2213 4259 2399 4312 τούτου
2433 4257 2524 4314 οὖν
2553 4262 2845 4332 ἐρωτηθεὶς
2881 4265 2909 4316 ὁ
2951 4263 3230 4334 Θεόφιλος,
3272 4265 3401 4335 ἔφη,
3444 4265 3522 4318 ὅτι
3560 4265 3743 4333 ἐρευνη’

536 4360 593 4404 et
625 4350 670 4405 si
706 4352 778 4404 ita
819 4352 911 4416 sit,
956 4368 1023 4407 ne
1065 4353 1114 4406 ei
1151 4368 1272 4408 esse
1319 4353 1699 4423 presLyterum
1747 4351 2111 4419 permittatur.

2216 4350 2381 4421 θήτω,
2427 4351 2520 4402 καὶ
2560 4351 2607 4403 εί
2641 4351 2842 4423 ἀληθές
2876 4354 2990 4406 ἐστι
3034 4354 3096 4407 τὸ
3140 4354 3436 4427 βιάσασθαι
3484 4352 3633 4407 αὑτὸν
3667 4347 3743 4413 τὴν

537 4440 823 4505 Quomodo
861 4442 1006 4495 enim
1043 4442 1206 4495 luerit
1251 4442 1297 4496 is
1334 4442 1641 4511 presbyter,
1690 4440 1783 4493 cui
1828 4455 1930 4495 nec
1974 4441 2115 4495 laico

2214 4443 2470 4508 γυναῖκα,
2513 4442 2585 4512 μὴ
2627 4443 3014 4512 συγχωρείσθω
3051 4439 3194 4499 εἶναι
3235 4445 3614 4517 πρεσϐύτερος.
3646 4435 3742 4496 Πῶς

539 4529 595 4583 in
627 4529 913 4584 ecclesiam
957 4529 1179 4599 quidem
1229 4528 1565 4600 permittitur
1612 4528 1848 4599 ingredi,
1886 4543 2009 4582 cum
2045 4531 2117 4582 sit

2215 4533 2321 4603 γὰρ
2366 4534 2449 4603 εἴη
2492 4532 2894 4604 πρεσϐύτερος,
2942 4534 3000 4598 ὃς
3042 4532 3162 4589 οὐδὲ
3205 4536 3396 4600 λαῖκὸς
3430 4532 3744 4606 συγχωρεῖται

542 4631 761 4690 propter
789 4628 1069 4691 peccatum
1106 4620 1460 4690 segregatus?
1497 4618 1601 4675 Eos
1629 4621 1798 4683 enim,
1850 4622 1941 4690 qui
1987 4633 2117 4676 sunt

2217 4621 2441 4673 εἰσιέναι
2468 4623 2545 4683 είς
2575 4621 2885 4693 ἐκκλησίαν,
2912 4622 3303 4695 ἀφοριζόμενος
3323 4625 3412 4679 διὰ
3443 4625 3500 4678 τὸ
3528 4620 3742 4693 ἁμάρτη-

538 4712 831 4780 ejusmodi,
863 4710 1104 4766 extrudit
1147 4709 1391 4763 Ecclesia
1432 4720 1485 4765 et
1528 4717 1747 4780 separat
1780 4725 1808 4762 a
1843 4710 2114 4766 fidelibus.

2219 4728 2327 4780 μας
2360 4710 2551 4776 ἐξωθεῖ
2574 4712 2681 4782 γὰρ
2705 4712 2831 4774 τοὺς
2862 4711 3134 4777 τοιούτους
3170 4715 3201 4783 ἡ
3234 4712 3532 4786 Ἐκκλησία
3553 4710 3638 4764 καὶ
3661 4725 3742 4776 χω-

545 4802 659 4857 lloc
684 4812 861 4857 autem
900 4816 930 4855 a
970 4800 1273 4871 Theophilo
1314 4816 1660 4871 nequaquam
1718 4803 1987 4856 canonice
2035 4802 2118 4855 di-

2216 4801 2355 4871 ρίςει
2392 4802 2499 4855 ἀπὸ
2539 4802 2646 4855 τῶν
2686 4802 2911 4857 πιστῶν.
2962 4802 3132 4856 Τοῦτο
3174 4803 3232 4857 δὲ
3272 4805 3334 4858 οὐ
3377 4800 3655 4862 κανονικῶς
3684 4791 3745 4862 τῷ

544 4903 690 4949 ctum
729 4901 813 4948 est
847 4911 861 4947 :
897 4891 1341 4960 quandoquidem
1381 4902 1694 4946 sanctorum
1746 4895 2117 4962 apostolorum

2215 4891 2455 4963 Θεοφίλῳ
2484 4894 2723 4964 εἴρηται·
2758 4893 2787 4947 ὃ
2810 4909 2869 4945 τε
2896 4893 3005 4964 γὰρ
3031 4894 3140 4947 τῶν
3174 4895 3348 4963 ἁγίων
3378 4892 3671 4949 ἀποστόλων
3685 4889 3744 4941 κε’

543 4999 859 5050 nti-canon,
875 4993 928 5035 et
951 4994 1129 5047 magni
1150 4976 1330 5032 Basilii
1348 4977 1540 5030 tertius
1556 4984 1609 5029 et
1632 4991 1801 5041 χχχιι,
1825 4985 1877 5029 et
1898 4975 2124 5030 Cartha-

2217 4979 2415 5044 κανὼν,
2442 4983 2532 5034 καὶ
2550 4984 2577 5034 ὁ
2608 4982 2699 5034 τοῦ
2736 4982 2969 5052 μεγάλου
2991 4981 3271 5036 Βασιλείου
3298 4984 3482 5055 τρίτος
3513 4982 3640 5035 καὶὸ
3666 4974 3742 5046 λβί

542 5078 657 5146 gin.
707 5091 828 5144 syn.
854 5086 984 5136 xm,
1016 5070 1269 5129 clericos,
1316 5068 1408 5138 qui
1450 5080 1765 5137 percarum,
1804 5079 1859 5123 et
1884 5069 2122 5139 depositi

2216 5075 2309 5126 καὶ
2334 5074 2361 5125 ὁ
2390 5074 2489 5142 τῆς
2515 5075 2571 5126 ὲν
2611 5073 2937 5145 Καρθαγένῃ
2976 5072 3059 5144 κβ⁸
3105 5075 3230 5138 τοὺς
3274 5073 3567 5145 κληρικοὺς
3596 5070 3743 5141 ἀμαρ-

544 5169 793 5229 fuerunt,
844 5180 873 5216 a
918 5162 1307 5216 communione
1351 5176 1461 5215 non
1513 5173 1723 5217 arcent.
1767 5162 1921 5232 171
1963 5162 2119 5228 Quod

2159 5174 2187 5226 [)
2215 5161 2515 5231 τήσαντας,
2568 5163 2661 5215 καὶ
2713 5161 3165 5232 καθαιρεθέντας,
3216 5165 3319 5236 τῆς
3363 5163 3632 5225 κοινωνίας
3668 5157 3746 5210 οὒκ

547 5268 731 5313 autem
772 5256 1060 5309 ordinatus
1090 5255 1181 5318 sit,
1222 5253 1274 5335 id
1297 5270 1405 5309 non
1434 5254 1596 5309 all'ert
1618 5256 1871 5308 damnum
1902 5256 2120 5324 episco—

2218 5251 2560 5321 ἀπείργουσι.
2610 5253 2681 5304 Τὸ
2730 5253 2786 5306 δὲ
2834 5256 3275 5328 χειροτονηθῆναι
3324 5256 3485 5311 αὑτὸν
3525 5254 3580 5309 οὗ
3622 5249 3746 5321 φέρει

547 5360 639 5417 po,
678 5345 774 5417 qui
802 5361 950 5410 eum,
996 5354 1277 5415 peccatum
1312 5346 1605 5415 ignorans,
1650 5348 1946 5401 ordinavit.
1991 5347 2115 5402 Sta-

2223 5342 2425 5412 βλὰϐην
2489 5343 2564 5413 τῷ
2623 5349 3055 5417 χειροτονήσαντι
3135 5348 3298 5401 αὐτὸν
3374 5347 3642 5415 ὲπισκόπφ
3701 5335 3746 5400 ἐξ

551 5440 655 5492 tuit
707 5439 850 5492 enim
908 5436 1171 5508 synodus,
1224 5444 1285 5492 ut
1324 5438 1417 5507 qui
1478 5448 1826 5508 peccatorum
1879 5440 2115 5493 convicti

2222 5435 2443 5500 ἀγνοίας
2466 5435 2557 5487 τοῦ
2584 5437 3001 5507 ἁμαρτήματος*
3028 5441 3062 5510 ἡ
3083 5439 3191 5510 γὰρ
3223 5439 3439 5502 σύνοδος
3467 5438 3622 5512 ὥρισε
3645 5426 3746 5487 τοὺς

553 5529 791 5592 luerunt,
826 5530 989 5585 etiam
1020 5537 1141 5599 post
1174 5529 1574 5585 ordinationem
1600 5530 1911 5600 cjiciantur.
1941 5530 1995 5583 ld
2022 5546 2118 5584 au-

2223 5524 2611 5595 ἐλεγχομένους
2644 5528 2738 5579 ἐπὶ
2771 5527 3074 5599 ἐγκλήματι
3104 5530 3198 5582 καὶ
3241 5531 3383 5599 μετὰ
3418 5527 3513 5599 τὴν
3546 5532 3745 5596 χειροτο-

553 5631 657 5675 tem
686 5629 770 5674 est
793 5620 978 5689 prima:
1001 5619 1192 5690 synodi
1216 5619 1447 5674 Nicmnse
1472 5637 1592 5675 can.
1630 5636 1705 5674 Ix.
1736 5620 1870 5675 Illud
1897 5631 2073 5676 autem
2100 5639 2112 5675 :

2224 5614 2339 5667 νίαν
2376 5615 2748 5670 ἐκϐάλλεσθαι.
2803 5617 2971 5670 Τοῦτο
3009 5619 3064 5672 δὲ
3105 5619 3202 5688 τῆς
3239 5621 3298 5672 ὲν
3336 5618 3531 5688 Νικαίᾳ
3562 5607 3741 5667 συνόδου

553 5709 827 5779 Separata:
856 5710 963 5765 vivo
1009 5711 1236 5777 marito;
1273 5713 1397 5767 lacti
1436 5722 1538 5775 est,
1574 5721 1625 5766 et
1673 5712 2115 5783 idco'adjectum

2226 5707 2445 5778 πρώτης
2472 5710 2585 5762 ἐστὶ
2614 5709 2791 5762 κανὼν
2835 5709 3073 5773 ἔννατος.
3106 5711 3177 5763 Τὸ
3211 5710 3291 5778 δὲ,
3326 5699 3738 5775 ἀποταξαμένην
