4020 6382
345 411 451 479 913

1404 408 1487 469 ιν
1536 405 1880 469 CANONES
1909 407 2302 475 TIMOTHEL
2338 408 2557 471 ALEX.
2672 494 2677 501 _

3475 417 3584 485 9H

349 534 481 591 κατ’
503 536 725 605 αὐτοὺς
757 539 1135 611 ἐπιστόμνεως
1156 585 1170 609 ,
1210 544 1354 613 ὅπερ
1391 546 1427 599 ό
1464 546 1608 614 Θεὸς
1639 546 1918 615 ὑποϐάλῃ

2022 542 2156 612 quod
2193 544 2249 598 in
2275 559 2374 598 usu
2402 553 2479 600 est
2517 545 2716 615 vimque
2744 545 2958 604 obtinet.
3002 546 3147 601 Nam
3182 564 3298 604 cum
3326 547 3395 605 iis
3420 551 3495 605 sis
3523 550 3581 605 in

347 647 451 687 σοι
472 675 488 699 ,
532 633 710 689 τοῦτο
751 638 1011 704 ποίησον
1032 678 1047 704 ,
1079 643 1390 713 πανταχοῦ
1422 643 1570 711 πρὸς
1599 642 1665 696 τὸ
1698 639 1921 709 ἐπέχον

349 721 772 794 ὁδηγούμενοςι
814 729 943 784 Ἐπί
981 731 1091 799 γὰρ
1118 730 1236 786 τῶν
1262 735 1460 788 τόπων
1483 731 1793 803 τυγχάνων
1812 730 1918 797 τὰς

349 813 585 881 γνώμας
615 814 815 869 αὐτῶν
828 817 1070 886 μᾶλλον
1092 819 1312 874 ειδέναι
1343 822 1621 877 δύνασαι.

419 902 611 956 ΒΑΛΣ.
656 906 906 978 Μάξιμός
960 926 1079 973 τις,
1110 911 1187 974 ὡς
1233 913 1533 985 παρανόμῳ
1580 913 1742 984 γάμῳ
1795 929 1920 967 συνι-

347 993 541 1063 αφθεὶς
563 998 798 1063 γυναικὶ,
822 1000 1106 1071 ἀφωρίσθη
1134 1004 1225 1057 καὶ
1248 1005 1345 1074 τῆς
1372 1004 1640 1070 συνάξεως
1661 1006 1758 1076 τῆς
1782 1003 1933 1075 μετά-

343 1084 455 1149 τῶν
509 1087 717 1140 πιστῶν
764 1088 998 1160 εἴργετο.
1040 1093 1099 1147 'O
1132 1094 1190 1147 δὲ
1237 1094 1421 1164 ἔλεγεν
1447 1136 1462 1161 ,
1504 1097 1586 1149 ὅτι
1633 1097 1690 1150 ἐν
1727 1097 1919 1167 ἀγνοίᾳ

345 1174 568 1246 ἐποίησε
594 1177 655 1231 τὸ
693 1180 1030 1252 παράνομον,
1058 1185 1152 1238 καὶ
1184 1184 1402 1256 ἕτοιμός
1444 1188 1590 1240 ἐστιν
1617 1188 1918 1258 ἀποστῆναι

343 1264 438 1319 τοῦ
466 1267 667 1337 γάμου,
705 1268 864 1324 τοῦτο
889 1272 983 1325 καὶ
1010 1273 1110 1343 τῆς
1137 1275 1394 1343 γυναικὸς
1425 1275 1782 1346 βουλομένης⁸
1822 1275 1918 1330 καὶ

344 1355 528 1426 ἐζήτει
585 1358 948 1430 ἀφιστάμενος
979 1363 1252 1434 δεχθῆναι.
1286 1365 1430 1436 Πρδς
1466 1365 1636 1419 ταῦτα
1687 1361 1779 1419 οὖν
1811 1365 1917 1435 ἔφη

345 1448 374 1500 ὁ
401 1446 661 1516 Θεόφιλος
680 1492 694 1515 ,
715 1451 790 1514 ὡς
826 1451 891 1506 ἂν
922 1453 1181 1519 ἐξετάσας
1204 1456 1483 1528 εὑρήσεις,
1501 1458 1583 1510 ὅτι
1609 1459 1673 1511 ἐκ
1699 1459 1919 1526 συμφώ-

234 1588 243 1593 .
343 1553 459 1602 νου,
488 1539 609 1593 ἀντὶ
633 1540 729 1594 τοῦ
765 1543 831 1596 ἐκ
864 1546 1047 1615 κοινῆς
1075 1546 1271 1616 βουλῆς
1294 1587 1309 1612 ,
1337 1547 1659 1616 ἀφίστανται
1685 1547 1775 1600 τοῦ
1819 1547 1918 1616 γά-

349 1642 453 1697 μου
481 1667 496 1692 ,
536 1629 633 1683 καὶ
677 1631 779 1684 οὐκ
832 1632 1119 1699 ἀπατῶσι,
1169 1636 1452 1690 δεκαετίαν
1502 1637 1918 1707 συνοικήσαντες

344 1717 599 1788 ἀλλήλοις
619 1761 637 1787 ν
665 1721 925 1796 δυσχερὲς
954 1725 1085 1790 ἴσως
1118 1726 1187 1781 ἂν
1212 1727 1482 1797 λογίζοιτο
1512 1728 1695 1792 αὐτοῖς
1733 1729 1767 1798 ἡ
1799 1728 1916 1783 διά-

341 1806 526 1876 ξευξις
544 1849 559 1873 ,
588 1812 688 1866 καὶ
712 1814 921 1885 μήποτε
953 1816 1256 1873 ἀπατῶσιν.
1282 1818 1345 1870 Εί
1378 1820 1633 1883 σκοπεῖς,
1672 1817 1792 1871 ἀντὶ
1820 1816 1917 1870 τοῦ

2020 636 2171 702 locis,
2205 652 2386 691 eorum
2416 646 2610 693 metues
2640 638 2827 695 melius
2855 656 3019 696 nosse
3033 650 3198 710 potes.

3617 750 3632 789 ἔ

2089 893 2283 948 BALS.
2309 893 2573 951 Maximus
2604 896 2822 967 quidam
2850 936 2866 963 ,
2897 905 2960 952 ut
3012 897 3203 953 illicito
3235 899 3582 957 matrimonio
3607 964 3619 978 ,

2020 984 2231 1039 mulieri
2262 986 2590 1054 coniunctus
2619 996 2932 1057 segregatus
2967 988 3164 1052 fuerat,
3206 999 3258 1043 et
3288 1005 3316 1042 a
3347 1005 3581 1061 congre-

2018 1076 2235 1146 gatione
2259 1089 2381 1129 cum
2417 1076 2667 1132 tldelibus
2690 1078 3098 1147 prohibebatur.
3132 1077 3182 1134 Is
3213 1094 3340 1134 vero
3370 1081 3583 1135 dicebat
3667 1072 3675 1081 ”

2019 1180 2079 1222 se
2101 1181 2197 1235 per
2231 1166 2591 1236 ignorantiam
2624 1168 2816 1224 fecisse
2841 1179 3033 1224 contra
3061 1171 3226 1241 leges,
3251 1180 3305 1225 et
3333 1184 3579 1242 paratum

2017 1271 2139 1313 esse
2171 1256 2240 1311 ab
2289 1256 2393 1312 hoc
2436 1260 2785 1314 matrimonio
2817 1261 3069 1317 recedere
3097 1301 3113 1324 ,
3162 1263 3387 1318 muliere
3417 1263 3580 1318 etiam

2017 1352 2232 1405 volente
2259 1369 2273 1410 :
2302 1358 2356 1406 et
2389 1354 2606 1423 petebat
2628 1393 2642 1416 ,
2670 1363 2729 1409 ut
2755 1354 2825 1408 ab
2852 1369 2916 1410 ea
2943 1355 3243 1410 abscedens
3271 1356 3584 1410 admittere-

2025 1451 2133 1496 tur.
2166 1440 2249 1496 Ad
2282 1441 2396 1497 hec
2419 1457 2547 1513 ergo
2575 1443 2707 1499 dicit
2737 1443 3092 1514 Theophilus,
3125 1445 3265 1513 quod
3304 1445 3348 1500 si
3401 1446 3579 1515 inqui.»

2020 1546 2146 1585 rens
2169 1531 2444 1587 inveneris
2475 1547 2571 1587 eos
2592 1548 2654 1587 ex
2687 1549 2958 1587 consensu
2978 1575 2994 1598 ,
3027 1534 3129 1587 hoc
3160 1543 3274 1596 est,
3307 1534 3583 1588 communi

2018 1623 2281 1688 consilio,
2326 1624 2736 1678 a-matrimonio
2790 1624 3090 1688 absistere,
3143 1632 3203 1680 et
3231 1641 3338 1679 non
3376 1624 3581 1688 fallere,

2018 1728 2141 1770 cunt
2172 1715 2359 1771 decem
2393 1716 2553 1770 annis
2582 1717 2747 1770 simul
2794 1717 3187 1781 cohabitarint,
3218 1715 3451 1770 dilIicilis
3481 1717 3584 1768 for-

2019 1820 2117 1860 san
2150 1806 2219 1860 iis
2267 1806 2565 1861 existimari
2600 1814 2782 1875 phsset
2827 1822 2858 1861 a
2893 1821 2952 1862 se
2999 1807 3230 1862 invicem
3263 1806 3582 1875 disjunctio,

342 1902 392 1954 εί
427 1900 631 1971 κρίνεις
677 1905 816 1973 μετά
840 1906 950 1960 τῶν
978 1907 1401 1978 κατηχουμένων
1440 1909 1639 1972 αὐτοὺς
1667 1906 1916 1961 ἵστασθαι

2022 1904 2069 1949 et
2096 1910 2163 1949 ne
2193 1893 2403 1950 fallant.
2432 1893 2490 1950 Si
2523 1897 2854 1959 consideras,
2888 1897 2994 1952 hoc
3023 1905 3128 1961 est,
3163 1897 3208 1952 si
3244 1896 3458 1966 judicas
3488 1913 3584 1952 cos

341 1990 514 2055 τέως,
554 1993 721 2064 ἤγουν
752 1995 888 2066 πρὸς
919 1997 980 2049 τὸ
1006 1997 1200 2068 παρὸν,
1224 1997 1396 2062 οὓτως
1432 1997 1596 2052 αύτδν
1627 1996 1913 2066 οίκονόμη·

300 2142 307 2147 η
342 2096 457 2134 σον.
504 2082 566 2135 Et
593 2082 650 2134 δὲ
678 2087 849 2148 νοεῖς,
883 2088 1046 2158 φησὶν
1071 2128 1085 2152 ,
1118 2088 1200 2142 ὅτι
1248 2089 1390 2143 κατά
1437 2089 1653 2158 ἀπάτην
1698 2086 1914 2155 λέγουσι

343 2169 536 2233 ταῦτα.
572 2175 664 2228 καὶ
690 2176 773 2229 ὅτι
805 2175 888 2229 ἔτι
935 2178 1144 2233 δέονται
1184 2180 1428 2250 στύψεως
1452 2219 1466 2244 ,
1507 2181 1627 2249 ἦτοι
1651 2180 1918 2246 αὐστηρο-

348 2261 516 2333 τὲρων
565 2265 885 2335 ἐπιτιμίων,
917 2271 1142 2342 ποίησον
1172 2272 1308 2342 ὅπερ
1340 2272 1406 2327 ἀν
1448 2272 1478 2324 ὁ
1511 2271 1643 2334 Θεὸς
1669 2270 1914 2340 ὗποδάλῖί

348 2366 453 2415 σοι,
484 2352 603 2405 ἀντὶ
629 2354 724 2407 τοῦ
752 2356 990 2431 ὲνηχήσῃ
1017 2360 1095 2431 τῷ
1125 2361 1368 2433 λογισμῷ
1403 2379 1496 2415 σου
1523 2402 1538 2427 ,
1568 2362 1705 2431 ὅπερ
1732 2362 1761 2413 ὁ
1786 2360 1918 2425 Θεὸς

345 2441 470 2495 heu
478 2445 550 2515 μή
560 2461 637 2497 σει
664 2462 745 2510 σε,
770 2449 1042 2519 πανταχοῦ
1072 2451 1206 2522 πρὸς
1224 2451 1284 2504 τὸ
1312 2452 1507 2520 ὲπέχον
1534 2448 1726 2520 ὀδηγού
1736 2463 1895 2518 μενος
1900 2484 1915 2511 ι

342 2531 462 2599 ἦτοι
494 2535 630 2607 πρὸς
654 2536 716 2590 τὸ
738 2539 1069 2610 ἐπικρατοῦν
1098 2542 1145 2613 ἢ⁸
1165 2542 1227 2596 τὸ
1253 2544 1598 2610 κατεπεῖγον.

2020 1993 2167 2041 stare
2199 1985 2398 2040 debere
2430 2001 2553 2040 cum
2586 1988 3026 2051 catechumcnis,
3063 2004 3244 2053 nunc,
3296 1990 3346 2042 id
3400 1995 3482 2043 est
3528 1987 3582 2042 in

2019 2078 2341 2147 praesentia,
2376 2079 2455 2133 sic
2490 2094 2584 2133 eos
2631 2079 2908 2150 dispenso.
2939 2080 3093 2146 Quod
3127 2081 3173 2136 si
3231 2081 3601 2145 intellexeris,

2022 2168 2220 2234 inquit,
2248 2168 2394 2237 quod
2421 2185 2516 2240 per
2541 2171 2784 2225 fraudem
2818 2172 2931 2227 haec
2957 2172 3144 2227 dicunt
3174 2212 3188 2235 ,
3216 2182 3270 2227 et
3302 2171 3447 2241 quod
3490 2172 3587 2227 nd-

2020 2254 2128 2310 huc
2156 2257 2451 2312 acerbitate
2471 2258 2735 2329 indigent,
2760 2276 2855 2315 seu
2880 2262 3249 2318 acerbioribus
3273 2263 3467 2333 pmnis,
3498 2261 3587 2316 fac

2016 2347 2163 2418 quod
2194 2346 2336 2403 Deus
2366 2349 2464 2404 tibi
2496 2352 2829 2421 suggesserit
2850 2396 2863 2417 ,
2894 2352 2997 2408 hoc
3022 2364 3135 2419 est,
3167 2362 3271 2408 tua:
3301 2354 3465 2409 menti
3499 2353 3586 2408 in—

2016 2437 2303 2507 Spiraverit
2328 2478 2341 2501 ,
2380 2442 2524 2509 quod
2558 2442 2609 2495 in
2639 2445 2876 2498 animum
2911 2445 3197 2499 immiserit
3237 2444 3409 2508 Deus,
3444 2460 3587 2500 sem~

2010 2543 2114 2598 per
2145 2530 2201 2585 id
2221 2532 2365 2601 quod
2386 2540 2470 2587 est
2497 2534 2552 2587 in
2578 2549 2676 2590 usu
2697 2536 2911 2605 etquod
2936 2537 3081 2591 vires
3100 2538 3304 2591 obtinet
3327 2550 3582 2608 sequens,

2017 2618 2073 2676 id
2106 2629 2211 2687 est,
2244 2624 2389 2693 quod
2428 2625 2601 2697 magis
2632 2634 2714 2682 cst
2741 2634 2916 2681 ratum
2946 2642 3009 2682 ac
3044 2629 3301 2684 validum.

1122 2812 1348 2898 ΤΟΥ
1411 2807 1778 2898 ΑΥΤΟΥ
1838 2739 2161 2926 ΜῖιΝᾼ
2211 2803 2820 2925 ΕΠΙΣΚΟΠῼ..

1635 3004 1793 3077 175
1809 3009 2117 3069 EIUSDEM

1442 3138 1808 3227 MENfE
1881 3137 2511 3230 EPISCOPO.

418 3366 681 3436 Νόμιμον
720 3363 965 3433 πρᾶγμα
1003 3362 1402 3430 πεποιήκασιν
1433 3365 1492 3418 οἱ
1527 3365 1917 3433 πρεσϐύτεροι

2092 3360 2218 3416 Rem
2250 3360 2453 3427 iustam
2495 3358 2723 3427 fecerant
2768 3356 3053 3427 presbyteri
3089 3359 3144 3410 in
3178 3356 3391 3410 Gemino
3426 3371 3603 3427 pago,

342 3456 418 3513 ἐν
440 3457 672 3526 Γεμίνφ
697 3454 772 3523 τῇ
801 3454 993 3524 κώμῃ,
1027 3457 1079 3509 εί
1106 3455 1386 3524 ἀληθεύει
1413 3455 1452 3522 ἠ
1492 3456 1821 3522 κομίζουσα
1850 3454 1916 3509 τὸ

346 3545 583 3618 γράμμα
630 3544 997 3611 Εὐσταθοῦς.
1033 3545 1257 3597 Φὰσκει
1305 3545 1449 3613 γὰρ,
1499 3543 1589 3597 ὅτι
1625 3543 1921 3611 Κυράδιον

348 3635 682 3691 ἀδικοῦσαν
712 3633 808 3687 καὶ
852 3632 937 3703 μὴ
982 3633 1372 3701 βουλομένην
1414 3632 1763 3687 ἀναστεῖλαι
1805 3633 1923 3700 τὴν

347 3727 610 3791 ἀδικίαν,
638 3727 934 3795 ἐχώρισαν
960 3724 1072 3793 τῆς
1090 3724 1421 3790 συνάξεως.
1452 3724 1684 3792 Ἐπειδή
1712 3725 1923 3778 τοίνυν

348 3813 532 3885 εὗρον
548 3857 563 3877 ,
604 3816 686 3882 ὠς
713 3814 777 3871 τὸ
807 3813 1025 3881 ἑαυτῆς
1049 3815 1238 3870 κακὸν
1267 3816 1679 3886 θεραπεύουσα
1695 3817 1915 3879 ,ϐούλε-

349 3923 443 3963 ται
484 3907 865 3976 συναχθῆναι
880 3947 895 3972 ,
924 3908 1187 3975 θέλησον
1230 3907 1685 3976 παρασκευάσαι
1727 3906 1924 3975 αὐτὴν

349 3998 681 4054 ἀποθέσθαι
736 3996 973 4066 πρῶτον
998 3997 1114 4064 τὴν
1145 3997 1402 4066 ἀδικίαν,
1441 3999 1537 4053 καί
1573 3997 1777 4052 πεῖσαι
1816 4015 1921 4066 με-

349 4089 645 4158 τανοῆσαι
669 4127 686 4152 ,
714 4089 792 4142 ἵν’
818 4089 1005 4154 οὕτως
1023 4128 1038 4151 ,
1067 4091 1121 4142 εί
1147 4089 1406 4156 συνίδῃς
1451 4089 1540 4144 ὅτι
1586 4091 1747 4158 νόμῳ
1773 4088 1920 4142 Θεοῦ

348 4181 744 4250 προσέρχεται
770 4179 883 4247 τῆς
901 4179 1212 4246 συνάξεως
1237 4180 1578 4249 ὀρεγομένη,
1596 4179 1921 4250 emrch

349 4274 545 4339 αὐτὴν
564 4271 717 4340 μετά
738 4270 857 4324 τῶν
883 4269 1049 4325 λαῶν
1071 4269 1475 4336 συνάγεσθαιι

424 4362 620 4416 ΒΛΛΣ.
644 4358 883 4414 Γυναῖκά
910 4377 1029 4414 τινα
1054 4360 1322 4431 Κυράδιον
1351 4358 1647 4431 λεγομένην
1679 4360 1772 4414 καὶ
1804 4359 1922 4413 ἀδι-

350 4453 559 4508 κοῦσαν
585 4455 633 4507 οἱ
662 4454 720 4505 ὲν
741 4453 953 4524 Γεμίνῳ
984 4453 1339 4524 πρεσϐύτεροι
1364 4451 1646 4524 ἀφώρισαν
1673 4452 1772 4522 τῆς
1797 4453 1923 4504 Ἐκ-

349 4544 581 4613 asinaria;
598 4584 612 4607 ,
653 4543 726 4613 μὴ
754 4542 1099 4612 ἀπεχομένην
1129 4542 1229 4611 τῆς
1251 4541 1480 4604 ἀδικίας.
1514 4542 1579 4595 Ἠ
1616 4541 1693 4605 δὲ,
1721 4539 1807 4592 διὰ
1832 4539 1922 4592 τὸν

350 4634 676 4704 ἁφορισμδν,
711 4635 1020 4703 ὑπισχνεῖτο
1049 4632 1382 4703 θεραπεῦσαι
1408 4633 1505 4702 τὴν
1540 4631 1753 4686 ἀδικίαν
1781 4672 1795 4695 ,
1830 4630 1922 4684 καὶ

2018 3454 2067 3508 si
2096 3468 2270 3507 verum
2318 3449 2486 3513 dicit,
2515 3465 2631 3518 qua:
2680 3446 2846 3515 defert
2883 3449 3084 3503 litteras
3126 3446 3413 3502 Eustatltii.
3448 3445 3589 3505 Dicit

2016 3542 2179 3603 enim,
2219 3539 2357 3611 quod
2386 3536 2675 3607 Cyradium
2700 3537 2978 3607 facientem
3011 3536 3285 3607 iujuriam,
3311 3553 3401 3590 nec
3432 3536 3496 3590 ab
3528 3553 3591 3591 ea

2019 3633 2267 3687 desistere
2295 3630 2566 3689 volentem,
2593 3645 2625 3683 a
2650 3629 3011 3682 communione
3034 3637 3425 3694 separaverunt.
3450 3626 3615 3692 Quia.

2017 3739 2140 3792 ergo
2173 3722 2385 3784 inveni,
2426 3719 2563 3790 quod
2611 3717 2883 3773 suoman
2932 3734 3113 3772 curam
3172 3717 3423 3772 adhibens
3478 3718 3613 3771 vult

2018 3812 2404 3869 communicare
2430 3851 2444 3873 ,
2474 3810 2559 3879 fac
2588 3826 2652 3864 ea
2697 3811 2777 3863 ita
2800 3824 2857 3864 se
2900 3817 3202 3876 comparet,
3242 3803 3297 3862 ut
3332 3809 3588 3877 injuriam

2017 3889 2243 3974 primum
2274 3903 2532 3972 deponat,
2576 3910 2626 3955 et
2670 3900 3025 3970 pwnitentiam
3056 3916 3207 3969 agere
3253 3901 3305 3953 in
3353 3901 3589 3954 autumni

2019 3995 2260 4060 inducat,
2288 4005 2344 4047 ut
2375 3994 2422 4048 si
2449 3994 2528 4047 sic
2553 3990 2893 4053 intellexeris,
2927 3988 3065 4060 quod
3095 3974 3313 4053 accedit,
3351 4006 3584 4046 commu-

2021 4086 2225 4141 nionem
2252 4084 2578 4148 desiderans,
2601 4084 2875 4153 permittas
2904 4082 2952 4137 ei
2979 4090 3038 4135 ut
3061 4097 3179 4134 cum
3201 4082 3403 4149 populis
3433 4097 3605 4135 εοηιοι

2020 4177 2264 4232 municet.

2093 4346 2601 4403 BALSAblulicrcm
2632 4345 2922 4416 quamdam
2948 4383 2963 4409 ,
3005 4359 3126 4416 qua!
3153 4344 3445 4411 Cvradium
3468 4376 3471 4379 λ
3492 4360 3586 4415 ap-

2022 4440 2357 4510 pellabatur,
2386 4446 2440 4491 et
2468 4436 2723 4504 injuriam
2759 4444 2884 4490 ante
2914 4435 3144 4492 faciebat
3173 4475 3187 4497 ,
3217 4434 3309 4504 qui
3343 4444 3498 4489 erant
3532 4437 3590 4489 in

2023 4530 2250 4587 Gemino
2280 4528 2576 4600 presbyteri
2624 4528 2694 4582 ab
2726 4526 2965 4581 Ecclesia
3006 4534 3421 4597 separaverunt,
3461 4542 3584 4580 cum
3639 4577 3651 4603 _.

2025 4621 2093 4676 ab
2132 4620 2330 4688 injuria
2357 4633 2464 4673 non
2492 4618 2811 4690 abstineret.
2842 4615 2934 4670 llla
2961 4632 3090 4672 vero
3145 4625 3362 4686 proptr
3401 4631 3582 4686 segre-

349 4701 515 4794 ἧθελε
546 4701 821 4795 δεχθῆναι.
844 4701 1047 4798 Ϋράφει
1068 4701 1161 4777 οὖν
1195 4725 1225 4777 ὁ
1255 4701 1510 4790 Θεόφιλος
1531 4723 1666 4794 πρὸς
1693 4722 1781 4776 τὸν
1818 4721 1920 4790 τῆς

2024 4711 2297 4782 gationem
2332 4709 2687 4778 pollicebatur
2724 4724 2784 4763 se
2813 4707 3025 4776 injuriae
3054 4706 3350 4779 remedium
3389 4706 3550 4758 allalu
3570 4734 3583 4745 ι

351 4814 539 4888 χώρας
571 4815 865 4870 ἐπίσκοπον
889 4853 904 4879 ,
934 4816 1017 4868 δτι
1047 4813 1474 4883 Παρασκεύασον
1525 4813 1693 4883 αὐτὴν
1727 4812 1923 4867 ἀποθέ-

356 4904 484 4958 σθαι
512 4903 726 4976 πρῶτον
754 4904 852 4972 τὴν
883 4902 1113 4966 ἀδικίαν,
1143 4903 1309 4973 ἦγουν
1337 4899 1626 4955 ἀποδοῦναι
1660 4901 1697 4955 ἀ
1725 4901 1922 4964 ἀδίκως

353 4997 644 5065 ἐκτήσατο,
666 4996 758 5048 καὶ
788 4980 1113 5065 μετανοῆσαι
1131 5033 1145 5055 ,
1180 4994 1300 5047 ἀντὶ
1329 4994 1424 5048 τοῦ
1465 4994 1559 5046 ἐπὶ
1584 4995 1649 5064 τῇ
1678 4992 1923 5063 ἁμαρτίᾳ

353 5087 467 5158 τῆς·
498 5086 712 5149 ἀδικίας
749 5086 1212 5156 μεταμεληθῆναι,
1238 5085 1332 5138 καὶ
1363 5084 1618 5156 δεηθῆναι
1664 5083 1758 5137 τοῦ
1789 5082 1920 5135 Θεοῦ

354 5176 622 5246 ἀφεθῆναι
650 5175 791 5246 αὐτῇ
817 5175 876 5228 τὸ
910 5174 1230 5246 ἁμάρτημα.
1261 5174 1370 5227 Καὶ
1412 5172 1582 5228 ταῦτα
1619 5159 1923 5243 ποιησάσης

358 5264 566 5334 αὐτῆς,
596 5266 645 5317 εί
685 5263 933 5335 συνίδῃς,
979 5265 1256 5325 τουτέστι,
1300 5262 1444 5333 γνῷς
1479 5263 1561 5316 ὅτι
1601 5261 1751 5333 νόμῳ
1790 5261 1924 5315 Θεοῦ

357 5355 746 5426 προσέρχεται,
787 5354 955 5425 ἤγουν
987 5354 1291 5425 συνειδήσει
1315 5352 1501 5425 ἀγαθῇ·
1521 5354 1596 5424 μὴ
1625 5352 1923 5422 ἀνεχομένη

356 5444 690 5516 κεχωρίσθαι
720 5444 819 5515 τῆς
843 5442 954 5497 τῶν
999 5443 1204 5497 πιστῶν
1237 5442 1538 5508 συνάξεως,
1562 5432 1649 5497 διὰ
1677 5441 1768 5495 τὸν
1792 5441 1925 5494 Θεὸν

358 5538 463 5589 καὶ
487 5535 561 5607 μὴ
590 5535 656 5589 δι’
689 5535 950 5605 αἰσχύνην
974 5532 1296 5605 ἀνθρώπων,
1329 5534 1450 5587 τότε
1471 5531 1760 5601 ἐπίτρεψον
1785 5530 1927 5600 αὐτῇ

355 5623 469 5695 τὴν
487 5624 629 5696 μιτά
652 5623 760 5679 τῶν
790 5623 995 5678 πιστῶν
1019 5621 1163 5677 λαῶν
1195 5620 1411 5687 σύναξιν
1452 5621 1546 5675 καὶ
1581 5622 1837 5673 σύστασιν
1849 5619 1926 5686 ,ὲν

355 5716 474 5778 τοῖς
513 5712 721 5785 ὕμνοις.

2026 4814 2140 4854 ram
2173 4838 2188 4864 ,
2217 4807 2271 4854 et
2302 4799 2370 4851 ad
2399 4798 2834 4852 communionem
2877 4796 3089 4850 admitti
3119 4797 3349 4848 volebat.
3384 4793 3586 4857 Scribit

2027 4906 2157 4961 ergo
2196 4889 2533 4960 TheOpbilus
2558 4890 2624 4944 ad
2652 4889 2965 4959 episcopum
2997 4888 3267 4957 regionis:
3296 4885 3404 4941 Fac
3442 4894 3499 4940 ut
3524 4900 3590 4941 ea

2027 4982 2261 5051 primum
2289 4983 2524 5052 deponat
2554 4980 2807 5050 iniuriam
2829 5018 2844 5039 ,
2876 4977 2978 5032 hoc
3001 4984 3082 5032 est
3101 5018 3115 5041 ,
3145 4978 3335 5031 reddat
3381 4991 3443 5030 ea
3468 4991 3590 5047 quia

2027 5072 2228 5142 injuste
2261 5070 2582 5140 acquisivit,
2608 5077 2662 5125 et
2689 5067 3062 5140 paenitentiam
3115 5073 3270 5135 agat,
3303 5066 3354 5120 id
3380 5073 3500 5131 est,
3528 5082 3593 5121 se

2028 5162 2283 5230 iniuriam
2314 5160 2512 5216 fecisse
2550 5175 2690 5231 aegre
2740 5159 2909 5223 ferat,
2940 5163 2995 5212 et
3024 5155 3191 5210 Deum
3225 5161 3344 5209 oret
3375 5163 3435 5208 ut
3484 5156 3587 5211 sibi

2028 5257 2250 5320 peccata
2279 5250 2677 5305 condonentur.
2703 5247 2770 5301 Et
2802 5263 2924 5303 cum
2955 5246 3072 5301 haec
3103 5244 3313 5309 fecerit,
3344 5246 3388 5299 si
3423 5246 3585 5299 intel-

2027 5340 2247 5405 lexeris,
2276 5339 2380 5395 hoc
2410 5346 2532 5405 est,
2573 5339 2619 5393 si
2641 5336 2998 5407 cognoveris,
3033 5334 3179 5405 quod
3210 5335 3327 5405 lege
3369 5328 3462 5389 Dei
3498 5346 3589 5387 ac-

2028 5428 2202 5495 cedit,
2262 5444 2354 5485 seu
2399 5429 2543 5482 bona
2570 5426 2944 5492 conscientia,
3000 5439 3121 5496 quas
3173 5439 3280 5479 non
3316 5422 3418 5478 fert
3452 5436 3512 5477 se
3557 5435 3587 5474 ιι

2029 5519 2267 5574 ﬁdelium
2288 5519 2668 5573 communione
2682 5532 2804 5574 esse
2821 5507 3146 5586 separata'in,
3159 5521 3383 5584 propter
3394 5510 3559 5565 Deum
3571 5546 3589 5574 ,

2028 5616 2082 5663 et
2113 5622 2222 5662 non
2249 5618 2468 5677 propter
2494 5607 2770 5662 hominum
2800 5606 3059 5679 pudorem
3083 5646 3098 5671 ,
3121 5612 3253 5658 tunc
3277 5600 3330 5658 ei
3361 5601 3587 5671 permit-

1988 5776 1997 5781 _
2032 5710 2112 5755 tes
2135 5713 2260 5753 cum
2299 5697 2546 5754 ﬁdelibus
2572 5698 2784 5770 populis
2818 5697 3225 5755 communicare
3258 5703 3312 5749 et
3341 5692 3395 5747 in
3431 5692 3587 5764 hym-

2032 5789 2119 5846 nis
2138 5788 2454 5846 consistere.
