4020 6380
484 399 591 465 9Ξ5

1770 396 2048 462 ΤΗΕΟΙ).
2071 398 2475 462 BALSAMON

3649 378 3777 457 916

833 640 1309 765 BEATI
1407 637 1985 767 NOSTRI
2082 560 2660 762 PATRIS
2756 633 3409 762 CYRILLI

1580 827 2111 890 ARCHIEPISCOPI
2144 828 2647 886 ALEXANDBINI.

1454 952 1846 1015 EPISTOLA
1894 950 2310 1015 CANONJCA
2349 949 2432 1012 IN
2476 945 2799 1011 HYMNIS.

1580 1163 1719 1217 ΤΟΥ
1753 1163 1846 1218 ΕΝ
1883 1160 2109 1216 ΔΙΊΟῙΣ
2140 1159 2411 1216 ΠΔΤΡΟΣ
2446 1158 2648 1217 ΗΜΩΝ

850 1287 1431 1377 ΚΥΡΙΛΛΟΥ
1506 1285 2446 1374 ΑΡΧΙΕΠΙΣΚΟΠΟΥ
2516 1277 3363 1377 ΑΛΕΞΑΝΔΡΕῙΑΣ

1405 1430 1757 1485 ΕΠΙΣΤΟΛΗ
1804 1428 2178 1483 ΚΑΝΟΝΙΚΗ
2218 1429 2313 1483 ΕΝ
2348 1427 2502 1484 ΤΟΙΣ
2542 1429 2831 1488 ΥΜΝΟΙΣ.

551 1586 796 1659 Cyrillus
828 1582 905 1640 ad
935 1582 1240 1640 Domuum.

557 1712 910 1784 Unaquaeque
956 1727 1045 1767 res
1075 1722 1286 1778 nostra,
1319 1713 1537 1784 quando
1570 1713 1762 1771 ordine
1800 1717 2062 1772 canonico
2084 1721 2129 1775 Α

482 1816 635 1860 recta
661 1803 943 1875 procedit,
980 1804 1192 1858 nulium
1221 1804 1445 1874 quidem
1490 1806 1544 1860 in
1577 1806 1739 1862 nobis
1771 1808 2066 1863 tumultum

486 1896 794 1966 ingenerat,
842 1902 901 1950 et
928 1910 958 1949 a
997 1895 1390 1950 nonnullorum
1421 1896 1803 1952 maledicentia
1829 1897 2026 1952 liberat
2048 1939 2064 1965 ,

486 1988 572 2042 vel
604 1987 790 2058 potius
815 2002 1010 2042 eorum
1055 1987 1153 2057 qui
1178 1988 1399 2057 sapiunt
1440 1987 1658 2043 laudem
1691 1989 1852 2045 nobis
1884 1990 2069 2046 conci-

483 2074 601 2130 liat.
627 2074 762 2142 Quis
790 2075 940 2130 cnim
968 2090 1077 2129 non
1101 2074 1280 2130 obviis
1305 2116 1319 2137 ,
1346 2083 1408 2130 ut
1438 2077 1614 2144 aiunt,
1654 2077 1800 2133 ulnis
1832 2079 2070 2150 excipiat

484 2168 554 2222 de
586 2166 862 2236 aliquibus
914 2167 1183 2237 prolatam
1250 2168 1610 2234 sententiam,
1659 2185 1780 2239 qua:
1815 2186 1917 2225 nec
1960 2171 2071 2227 huc

484 2270 590 2311 nec
631 2256 769 2311 iliue-
795 2256 1133 2311 inclinetur?
1164 2256 1258 2311 Vel
1289 2257 1564 2327 quomodo
1589 2274 1699 2313 non
1729 2259 1801 2314 sit
1826 2260 1894 2315 ab
1920 2262 2071 2318 omni

485 2349 917 2419 reprehensione
952 2348 1215 2411 alienum.
1256 2350 1340 2404 vel
1378 2350 1561 2420 potius
1589 2366 1921 2424 magnopere
1955 2353 2076 2411 lau-

489 2441 755 2504 dandum,
782 2441 826 2495 si
859 2449 1006 2496 recte
1041 2452 1096 2497 et
1118 2442 1265 2511 juste
1293 2441 1615 2511 judicetur?
2050 2438 2053 2441 ’

558 2532 626 2586 Et
645 2532 761 2587 haec
775 2531 999 2601 quidem
1023 2547 1171 2587 nunc
1194 2532 1375 2587 scribo
1395 2533 1460 2587 ad
1483 2533 1741 2604 pietatem
1763 2542 1931 2602 tuam,
1950 2552 2074 2609 quae

492 2618 547 2672 in
620 2621 813 2676 litteris
883 2621 949 2675 ad
1120 2637 1208 2676 me
1241 2630 1297 2677 et
1329 2623 1800 2695 religiosissimum
1846 2626 2066 2685 fratrem

490 2717 734 2766 nostrum
757 2718 812 2765 et
833 2711 1215 2781 coepiscopum
1251 2712 1498 2768 Proclum
1523 2714 1725 2781 missis,
1756 2718 2074 2789 episcopum

487 2801 711 2870 quidem
758 2801 1048 2863 nominet,
1097 2803 1367 2873 imprimis
1425 2805 1579 2875 pium
1636 2821 1701 2862 ac
1756 2807 2072 2879 religiosum

486 2890 761 2946 Petrum:
802 2907 929 2946 cum
970 2890 1085 2961 ipse
1117 2894 1469 2960 lamentetur,
1519 2910 1685 2966 seque
1727 2897 1796 2952 ab
1829 2898 2075 2956 Ecclesia

490 2982 597 3035 sibi
628 2982 894 3038 attributa
921 2990 1120 3052 praeter
1165 2983 1436 3037 rationem
1476 2984 1712 3055 ejectum
1743 2994 1865 3042 esse
1907 2988 2074 3044 dicat.

2244 1577 2516 1651 Κύριλλος
2545 1580 2683 1647 πρὸς
2717 1581 2946 1654 Δόμνον.

2232 1715 2481 1771 Ἐκαστα
2515 1715 2627 1770 τῶν
2679 1714 2801 1771 καθ’
2848 1716 2997 1787 ἡμᾶς
3046 1715 3392 1787 πραγμάτων
3433 1715 3565 1769 ὅταν
3607 1714 3752 1771 εὒθδ

2158 1806 2393 1879 φέρηται
2413 1805 2709 1875 κανονικῆς
2736 1805 3019 1871 εὐταξίας,
3078 1804 3273 1857 οὐδένα
3308 1804 3410 1873 μὲν
3438 1805 3575 1876 ἡμῖν
3603 1804 3762 1860 ἐντί-

2156 1914 2275 1952 κτει
2299 1896 2545 1969 θόρυὸον,
2581 1897 2912 1952 ἀπαλλάττει
2943 1896 3005 1950 δὲ
3022 1896 3117 1950 καὶ
3134 1896 3233 1965 τῆς
3256 1896 3405 1968 παρά
3431 1913 3596 1950 τινων
3618 1897 3758 1952 δυσ-

2158 1988 2389 2060 φημίας,
2425 1988 2698 2059 μᾶλλονδὲ
2725 1988 2823 2042 καὶ
2848 1990 2947 2051 τὰς
2976 1987 3128 2057 παρὰ
3156 1987 3265 2041 τῶν
3303 1982 3365 2042 εὗ
3398 1988 3761 2058 φρονούντων

2158 2083 2438 2154 εὐφημίας
2459 2083 2593 2154 ἡμῖν
2629 2079 2898 2153 προξενεῖε
2928 2079 3027 2143 Τίς
3052 2079 3163 2150 γὰρ
3191 2079 3294 2133 οὐκ
3325 2078 3393 2132 ἂν
3419 2079 3759 2147 ἀποδέξαιτο

2157 2176 2336 2246 ψῆφον
2363 2172 2723 2247 άπροσκλινῆ,
2749 2173 2904 2242 εἴπερ
2933 2170 3001 2225 ἂν
3030 2171 3233 2240 γίνοιτο
3261 2170 3413 2242 παρά
3438 2188 3605 2225 τινων
3628 2189 3645 2238 ς
3679 2174 3758 2227 Ἦ

2161 2268 2280 2331 πῶς
2305 2267 2367 2321 τὸ
2389 2267 2595 2337 κρίνειν
2614 2264 2791 2337 ὀρθῶς
2816 2264 2912 2317 καὶ
2940 2263 3182 2333 ἐννόμως
3202 2263 3312 2315 οοὺκ
3337 2262 3759 2334 ἀνεπίπληκτον

2160 2360 2331 2426 ισται,
2367 2358 2568 2431 μᾶλλον
2595 2357 2653 2413 δὲ
2677 2357 2878 2421 παντὸς
2899 2356 3120 2411 ἐπαίνου
3155 2355 3389 2426 necem;

2230 2537 2345 2593 Καὶ
2372 2535 2545 2590 ταῦτα
2579 2534 2776 2608 γράφω
2818 2534 2939 2587 νυνὶ
2978 2535 3043 2605 τῇ
3079 2535 3143 2603 σῇ
3179 2530 3491 2605 θεοσεϐείᾳ,
3534 2531 3596 2585 ὲν
3630 2534 3760 2599 τοῖς

2162 2629 2360 2701 ἑαυτῆς
2385 2629 2677 2702 γράμμασι
2705 2629 2815 2690 τοῖς
2852 2625 3092 2678 σταλεῖσι
3127 2623 3261 2695 πρὸς
3290 2622 3390 2695 ὲμὲ
3426 2640 3486 2677 τε
3527 2625 3625 2677 καὶ
3658 2625 3762 2680 τὸν

2162 2721 2460 2777 ὁσιώτατον
2482 2721 2577 2775 καὶ
2603 2719 3018 2773 θεοσεϐέστατον
3044 2716 3272 2785 ἀδελφὸν
3301 2719 3333 2786 η
3343 2715 3460 2787 μῶν
3489 2717 3588 2770 καὶ
3617 2734 3761 2771 συν-

2162 2804 2461 2869 επίσκοπον
2517 2812 2795 2884 Πρόκλον,
2854 2810 3154 2863 ἐπίσκοπον
3202 2809 3305 2879 μὲν
3366 2807 3761 2879 όνομαζούσης

2162 2902 2252 2958 τὸν
2282 2903 2673 2957 εὐλαϐέστατον
2698 2902 2790 2952 καὶ
2812 2898 3224 2967 θεοφιλέστατον
3248 2897 3452 2969 Πέτρον
3471 2914 3483 2927 ·
3503 2898 3678 2952 αὑτοῦ
3698 2900 3763 2953 δὲ

2164 2995 2462 3058 κλαίοντος,
2507 2991 2602 3047 καὶ
2642 2992 2743 3060 τῆς
2786 2989 3183 3059 ἐκνεμηθείσης
3229 2989 3377 3059 αὐτῷ
3414 2990 3762 3060 Ἐκκλησίας

489 3070 624 3129 Erat
647 3080 831 3127 autem
872 3082 1301 3128 consentaneum
1330 3084 1392 3129 ut
1421 3076 1503 3129 vel
1533 3075 1828 3133 sacerdotii
1873 3094 2075 3135 nomen

2175 3084 2494 3157 παραλόγως
2521 3081 2847 3153 κεκινῆσθαι
2865 3081 3133 3149 λέγοντος.
3163 3075 3272 3133 Ἦν
3302 3080 3346 3133 δ’
3381 3081 3680 3134 ἀκόλουθον
3721 3083 3765 3153 ἦ

490 3177 622 3217 cum
639 3178 698 3218 re
713 3162 960 3226 haberet,
986 3163 1094 3228 vel,
1121 3163 1167 3217 si
1188 3179 1296 3218 non
1324 3173 1442 3220 erat
1458 3164 1656 3237 dignus
1678 3174 1739 3221 ut
1757 3167 1914 3222 altari
1939 3184 2079 3238 prae-

2175 3177 2226 3229 ιτὸ
2262 3177 2359 3244 τῆς
2391 3173 2690 3246 ἱερωσύνης
2732 3173 2908 3244 ὄνομα
2949 3171 3088 3244 μετὰ
3116 3172 3210 3225 τοῦ
3243 3172 3573 3243 πράγματος
3603 3172 3765 3242 ἔχειν

491 3267 661 3321 esset,
682 3271 785 3311 nec
809 3255 924 3326 ipsa
944 3256 1169 3326 quidem
1191 3257 1543 3327 episcopatus
1559 3258 1847 3313 vocatione
1878 3259 2077 3331 dignus

493 3346 815 3403 haberetur.
849 3347 956 3403 Sed
983 3348 1038 3402 id
1067 3348 1299 3403 fortasse
1330 3347 1477 3418 quod
1498 3347 1641 3411 dico,
1665 3349 1866 3404 durum
1884 3365 2006 3408 esse
2021 3360 2079 3407 et

492 3439 782 3495 charitatis
804 3455 1006 3510 expers
1040 3439 1341 3495 videbitur.
1376 3440 1485 3494 Res
1513 3446 1696 3495 autem
1729 3456 1920 3499 revera
1962 3459 2076 3499 non

494 3531 570 3587 ita
595 3547 652 3587 sc
690 3532 874 3587 habet.
908 3533 1017 3587 Nos
1043 3533 1188 3586 enim
1227 3530 1375 3585 senis
1408 3531 1598 3601 utique
1635 3532 1883 3609 misereri
1915 3545 2075 3605 puta-

496 3639 641 3687 mus,
665 3623 710 3677 si
749 3624 926 3678 solum
961 3623 1015 3675 ei
1046 3636 1247 3675 nomen
1286 3620 1674 3690 reliquerimus
1706 3638 1723 3687 ;
1765 3622 1861 3677 sed
1899 3625 2075 3679 multo

495 3716 694 3771 melius
717 3724 837 3769 erat
868 3713 1015 3768 aliud
1044 3727 1262 3783 quoque
1281 3713 1647 3768 considerare.
1677 3713 1818 3768 Dicit
1843 3716 1992 3770 enim
2016 3731 2076 3771 se

459 3830 469 3839 -
497 3821 653 3861 suam
673 3806 895 3875 quidem
928 3818 1090 3874 posse
1115 3817 1332 3858 causam
1362 3804 1614 3874 probare,
1649 3813 1705 3859 at
1746 3803 2082 3865 defensionis

498 3905 718 3967 tempus
740 3896 845 3952 sibi
872 3910 983 3951 non
1018 3909 1138 3950 esse
1161 3894 1350 3950 datum
1376 3936 1391 3962 ,
1415 3909 1519 3951 nec
1549 3894 1891 3950 auditionem
1909 3911 2078 3952 cano-

498 3988 686 4042 nicam
726 3985 832 4040 sibi
877 3984 1046 4040 fuisse
1085 3999 1421 4041 concessam.
1455 3984 1554 4041 Sin
1593 3994 1777 4041 autem
1812 3984 1920 4041 tale
1943 3985 2079 4057 quid

498 4079 708 4134 factum
755 4084 923 4141 esset,
955 4078 1079 4149 ipsa
1112 4086 1357 4133 actorum
1398 4077 1689 4148 productio
1733 4093 1860 4134 eum
1887 4077 2080 4133 conv-i-

500 4171 670 4225 cisset
701 4185 856 4226 reum
897 4170 1275 4241 impositorum
1307 4169 1411 4239 ipsi
1446 4168 1740 4225 criminum
1760 4210 1774 4234 ,
1802 4184 1907 4226 nec
1935 4177 2083 4225 esset

505 4261 655 4332 quod
704 4276 762 4317 se
812 4261 1012 4332 injuria
1062 4261 1322 4317 affectum
1382 4259 1879 4332 querereturavel
1930 4265 2083 4316 certe

505 4331 815 4406 absolutum
842 4331 968 4406 eum
994 4351 1298 4415 declarans,
1313 4362 1505 4405 rursus
1525 4331 1851 4405 concedfret
1872 4357 2087 4421 utprae-

502 4450 651 4499 esset
697 4439 954 4498 Ecclesiae
990 4456 1113 4514 qua
1143 4442 1223 4497 illi
1266 4441 1511 4511 subjecta
1548 4440 1671 4497 fuit.
1720 4441 1859 4498 Cum
1900 4452 2082 4503 autem
2104 4468 2146 4523 (ι

504 4534 644 4589 nihil
679 4533 881 4589 factum
912 4535 985 4591 sit
1018 4531 1329 4604 ejusmodi,
1359 4530 1428 4586 de
1458 4547 1518 4586 re
1553 4530 1777 4602 quidem
1814 4533 1922 4589 alta
1949 4549 2083 4594 voce

504 4624 777 4693 queritur,
795 4631 850 4679 et
868 4623 1270 4680 intolerabilem
1284 4620 1539 4692 iniuriam
1560 4636 1618 4676 se
1631 4619 1767 4677 dicit
1782 4623 2082 4694 accepisse,

506 4736 560 4783 et
585 4727 770 4795 imque
792 4729 1024 4794 ejectum
1052 4733 1193 4780 esse,
1225 4712 1490 4783 adjiciens
1523 4729 1637 4768 rem
1674 4728 1892 4767 omnem
1926 4710 2084 4766 fanti-

507 4819 697 4874 liarem
721 4830 877 4871 suam
898 4812 1204 4879 ademptam
1226 4805 1335 4862 sibi
1364 4805 1550 4860 fuisse.

577 5103 692 5157 Tua
714 5103 896 5169 itaque
930 5095 1210 5161 sanctitas,
1242 5087 1597 5150 considerans
1619 5098 1675 5147 et
1704 5089 1850 5162 quod
1876 5088 2079 5146 divinis

503 5195 807 5252 canonibus
836 5190 1105 5244 sancitum
1131 5196 1233 5253 est,
1262 5195 1316 5241 et
1352 5185 1495 5257 quod
1522 5185 1778 5241 Ecclesiae
1800 5184 2077 5247 convenit,

505 5288 683 5356 iisque
712 5281 806 5353 qui
846 5289 975 5336 sunt
1024 5279 1078 5334 in
1120 5294 1275 5335 sacro
1313 5278 1622 5333 ministerio
1653 5276 1873 5340 initiati,
1898 5283 1955 5329 et
1973 5288 2076 5330 uo-

503 5387 741 5433 strarum
764 5380 1023 5443 praeterea
1054 5371 1358 5426 litterarum
1381 5366 1650 5422 rationem
1668 5366 1895 5430 ducens,
1922 5365 2078 5420 sistat

504 5466 657 5521 satis
688 5464 954 5532 lacrymas
980 5478 994 5526 ;
1026 5469 1081 5514 et
1122 5459 1167 5514 si
1208 5459 1339 5541 velit
1364 5456 1586 5529 quidem
1621 5470 1747 5511 cum
1777 5454 1845 5510 iis
1870 5454 2080 5526 judicio

504 5552 834 5611 contendere
854 5551 947 5620 qui
968 5551 1198 5605 crimina
1222 5548 1276 5603 in
1300 5563 1428 5602 eum
1457 5544 1769 5609 intendunt,
1794 5542 1939 5614 apud
1960 5559 2083 5598 san-

506 5650 752 5702 ctitatem
785 5650 931 5698 tuam
981 5658 1082 5714 pro
1116 5654 1270 5696 more
1308 5639 1520 5709 litiget,
1554 5652 1662 5692 una
1692 5635 1903 5693 Scilicet
1942 5635 2080 5690 assi-

506 5737 778 5792 stentibus
807 5734 899 5803 qui
932 5735 1030 5789 tibi
1064 5732 1299 5788 subsunt
1330 5729 1634 5800 episcopis,
1663 5727 1772 5783 nisi
1806 5725 1948 5782 forte
1978 5724 2078 5780 ali-

506 5838 644 5897 quos
675 5833 885 5880 recusat
910 5833 961 5877 ut
1005 5831 1305 5890 suspectos.
1344 5818 1565 5872 Nullum
1604 5817 1750 5869 enim
1785 5810 2081 5883 religiosis-

2166 3266 2351 3328 αὐτὸν,
2369 3267 2536 3336 ἤγουν
2566 3265 2723 3336 εἴπερ
2744 3264 2819 3335 μὴ
2846 3260 2914 3335 ἦν
2944 3264 3092 3331 ἄξιος
3116 3264 3211 3318 τοῦ
3236 3265 3568 3332 προεστάναι
3599 3264 3760 3319 θείου

2168 3354 2588 3427 θυσιαστηρίου,
2629 3354 2756 3426 μηδ’
2800 3354 2936 3425 αὐτῇ
2971 3354 3233 3423 τιμᾶσθαι
3279 3357 3344 3425 τῇ
3395 3356 3589 3423 κλήσει
3647 3354 3763 3426 τῆς

2168 3444 2493 3514 ἐπισκοπῆς.
2546 3443 2687 3496 Ἀλλ’
2739 3444 2870 3515 ἴσως
2904 3442 3107 3508 δόξειεν
3152 3443 3219 3497 ἂν
3256 3446 3323 3515 τῇ
3361 3447 3426 3514 σῇ
3471 3444 3763 3515 θεοφιλείᾳ.

2171 3533 2402 3604 σκληρὸς
2446 3528 2585 3586 εἷναί
2614 3549 2698 3596 τις
2726 3532 2822 3585 καὶ⁸
2863 3531 3228 3603 ἀφιλάλληλος
3263 3535 3292 3585 ὁ
3320 3534 3450 3602 παρ’
3487 3532 3625 3601 ἐμοῦ
3659 3533 3764 3586 16-

2169 3640 2283 3695 γος.
2321 3624 2478 3696 Ἔχει
2507 3623 2565 3677 δὲ
2603 3624 2703 3695 οὐχ
2734 3622 2906 3688 οὓτως
2948 3624 3089 3677 κατὰ
3134 3626 3197 3677 τὸ
3227 3623 3448 3693 ἀληθές.
3497 3624 3761 3695 Ἐλεῆσαι

2166 3716 2276 3786 γὰρ
2304 3716 2444 3786 τάχα
2474 3731 2576 3768 που
2603 3714 2901 3784 νομίζομεν
2932 3714 3023 3766 τὸν
3054 3713 3371 3784 πρεσϐύτην
3400 3715 3571 3785 μόνην
3601 3716 3760 3787 αὐτῷ

2165 3807 2266 3876 τὴν
2294 3806 2485 3874 κλῆσιν
2511 3804 2743 3874 ἀφέντες
2764 3818 2783 3833 ο
2818 3802 3015 3873 μακρῷ
3042 3802 3099 3856 δὲ
3126 3798 3197 3873 ἦν
3238 3803 3463 3872 ἄμεινον
3496 3805 3760 3874 ἐννοῆσαι

2166 3897 2261 3949 καὶ
2289 3894 2350 3948 τὸ
2370 3895 2578 3964 ἕτερον.
2623 3893 2827 3946 Φάσκει
2852 3892 2959 3963 γὰρ
2985 3892 3047 3945 οὐ
3068 3890 3332 3946 δύνασθαι
3363 3893 3462 3962 μὲν
3483 3895 3757 3963 συστῆναι

2167 3988 2232 4055 τῇ
2269 3985 2449 4056 οἰκείᾳ
2474 3983 2739 4054 ὑπολήψει
2763 3999 2777 4013 ⁸
2806 3983 2869 4036 οὐ
2898 3983 3082 4036 λαϐεῖν
3112 3983 3168 4037 δὲ
3192 3983 3385 4055 καιρὸν
3424 3985 3756 4052 ἀπολογίας,

2167 4076 2294 4130 οὔτε
2332 4077 2440 4147 μὴν
2479 4074 2743 4147 ἀκρόασιν
2790 4072 2938 4145 αὐτῷ
2976 4075 3310 4147 προτεθῆναι
3340 4077 3660 4147 κανονικήν.
3688 4079 3758 4131 Et

2169 4166 2214 4220 δ’
2246 4168 2491 4235 ἐγεγόνει
2537 4183 2592 4220 τι
2629 4164 2893 4229 τοιοῦτον,
2933 4166 3072 4236 αὐτὴ
3125 4166 3243 4231 τῶν,
3264 4168 3676 4238 ὑπομνημάτων
3720 4171 3759 4241 η

2174 4258 2431 4323 σύστασις
2450 4257 2731 4330 διήλεγξεν
2754 4256 2821 4310 ἂν
2836 4257 2997 4311 uincto
3017 4257 3263 4329 ῆὰλόντα
3282 4259 3392 4320 τοῖς
3405 4258 3757 4328 αίτιάμασιν,

2171 4353 2207 4425 ἢ
2226 4350 2414 4426 ἔνοχον
2436 4348 2898 4420 ἀποπεφασμένον
2927 4349 3022 4403 καὶ
3048 4350 3199 4403 οὐδὲν
3235 4349 3429 4420 ἔχοντα
3456 4349 3649 4403 λοιπὸν
3678 4351 3764 4403 εἰ-

2173 4449 2294 4501 πεῖν
2326 4445 2402 4511 ὡς
2444 4443 2799 4514 ἠδικημένον,
2842 4443 3013 4514 ἤγουν
3055 4441 3339 4513 ἐλεύθερον
3379 4441 3716 4511 ἀποφήνασα
3742 4482 3760 4505 ,

2171 4538 2331 4593 πάλιν
2365 4534 2535 4589 ἐδίδου
2579 4533 2646 4587 τὸ
2672 4533 3004 4605 προεστάναι
3033 4532 3134 4602 τῆς
3172 4532 3535 4604 Ἑκκλησίας,
3577 4532 3616 4602 ἦ
3660 4534 3765 4587 καὶ

2174 4630 2277 4686 ὕπὸ
2298 4630 2454 4700 χεῖρα
2488 4626 2680 4695 γέγονε
2716 4626 2817 4696 τὴν
2857 4622 3043 4678 αὐτοῦ.
3077 4623 3307 4685 Οὐδενὸς
3330 4623 3391 4677 δὲ
3431 4626 3768 4694 πεπραγμέ.

2183 4728 2273 4765 νου
2304 4711 2567 4773 τοιούτου,
2601 4708 2850 4780 καταὸοᾷ
2878 4723 2975 4762 του
3017 4722 3341 4777 πραγματος
3362 4742 3378 4768 .
3406 4722 3503 4759 και
3542 4709 3774 4763 ἀδικίαν

2181 4802 2455 4873 ἀφόρητον
2480 4799 2776 4869 ὑποστῆναι
2804 4815 2961 4869 φησι,
2979 4798 3075 4851 καὶ
3093 4797 3352 4867 άθέσμως
3374 4797 3771 4869 ἑκῦεὸλῆσθαι,

2182 4893 2549 4963 προσεπάγων
2596 4892 2681 4945 δτι
2733 4893 2832 4944 καὶ
2857 4888 3082 4961 ἡρπάγη
3131 4888 3311 4941 πάντα
3360 4887 3430 4941 τὰ
3485 4889 3777 4961 προσόντα

2181 4984 2330 5054 αὐτῷ
2357 4984 2459 5055 χρή
2469 4999 2636 5054 ματα.

2266 5078 2330 5131 Ἦ
2353 5077 2420 5147 σὴ
2439 5073 2728 5147 τοιγαροῦν
2739 5073 2975 5144 ὁσιότης,
2993 5070 3246 5126 ἐννοοῦσα
3258 5070 3355 5126 καὶ
3374 5070 3435 5124 τδ
3454 5073 3567 5134 τοῖς
3594 5071 3775 5137 θείοις

2184 5168 2375 5223 κανόσι
2401 5166 2610 5231 δοκοῦν,
2640 5166 2734 5220 καὶ
2760 5165 2822 5219 τδ
2851 5164 3061 5235 πρέπον
3089 5164 3155 5233 τῇ
3203 5161 3500 5233 Ἐκκλησία
3532 5163 3625 5215 καὶ
3655 5166 3779 5225 τοῖς

2182 5261 2538 5330 τεταγμένοις
2566 5261 2648 5324 είς
2684 5258 2837 5331 ἱερὰν
2858 5256 3202 5328 λειτουργίαν
3227 5270 3242 5285 ·
3274 5254 3355 5308 ἔτι
3381 5271 3442 5307 τε
3473 5255 3611 5326 πρὸς
3644 5254 3777 5308 τού-

2144 5368 2316 5415 .τοις,
2352 5351 2446 5404 καὶ
2483 5350 2556 5403 τά
2605 5350 2736 5420 παρ’
2790 5346 2948 5418 ἡμῶν
2993 5344 3379 5415 δυσωπηθείσα
3424 5344 3777 5415 γράμματα,

2185 5440 2441 5513 στησάτω
2484 5438 2578 5493 τοῦ
2625 5438 2940 5511 πρεσὸύτου
2999 5435 3060 5488 τὺ
3109 5435 3367 5506 δάκρυον.
3415 5434 3527 5488 Καὶ
3562 5436 3613 5512 εἰ
3674 5436 3781 5505 μὲν

2183 5534 2359 5588 ἕλοιτο
2400 5531 2727 5587 δικάσασθαι
2786 5530 2924 5600 πρὸς
2956 5531 3081 5593 τοὺς
3120 5529 3433 5595 ἐπάγοντας
3463 5526 3616 5597 αὑτῷ
3675 5529 3781 5592 τὰς

2185 5625 2386 5691 αἰτίας,
2410 5622 2716 5689 δικαζέσθω
2740 5622 2881 5674 κατὰ
2901 5621 2961 5675 τὸ
2978 5618 3168 5681 εἰωθὸς
3186 5617 3281 5672 ἐπὶ
3302 5618 3403 5687 τῆς
3430 5617 3779 5680 θεοσεϐείαςσ

2186 5715 2584 5787 συμπαρόντων
2636 5712 2880 5784 δηλονότι
2925 5712 3033 5764 τῶν
3093 5712 3195 5763 ὑπὸ
3230 5710 3328 5775 τὴν
3387 5708 3557 5775 αὐτῆς
3610 5713 3779 5780 χεῖρα

2714 5820 3010 5859 τεςκτιπων·
3045 5819 3196 5863 sxto;
3234 5819 3277 5852 ;ι

2187 5809 2618 5875 Οθεοςεεεςτάτων
2658 5807 3010 5859 ἐτέεςκτῐπων·
3045 5802 3196 5863 sm;
3234 5803 3277 5852 :E
3321 5801 3399 5869 μὴ
3449 5799 3782 5873 παραιτοίῖό
