  <div class='ocr_page' id='page_1' title='image "/cluster/home/n/w/nwhite01/storage/ocr_20150623/138:no.2/coo.31924054870435/466.png"; bbox 0 0 4020 6416; ppageno 0'>
   <div class='ocr_carea' id='block_1_1' title="bbox 322 350 431 426">
    <p class='ocr_par' dir='ltr' id='par_1_1' title="bbox 322 350 431 426">
     <span class='ocr_line' id='line_1_1' title="bbox 322 350 431 426; baseline -0.055 -1"><span class='ocrx_word' id='word_1_1' title='bbox 322 350 431 426; x_wconf 74' lang='grc' dir='ltr'><strong>9ὶῖ</strong></span> 
     </span>
    </p>
   </div>
   <div class='ocr_carea' id='block_1_2' title="bbox 1306 360 2639 431">
    <p class='ocr_par' dir='ltr' id='par_1_2' title="bbox 1306 360 2639 431">
     <span class='ocr_line' id='line_1_2' title="bbox 1306 360 2639 431; baseline 0.009 -13"><span class='ocrx_word' id='word_1_2' title='bbox 1306 360 1388 422; x_wconf 90' lang='lat' dir='ltr'><strong>lN</strong></span> <span class='ocrx_word' id='word_1_3' title='bbox 1426 360 1670 423; x_wconf 86' lang='lat' dir='ltr'><strong>EPIST.</strong></span> <span class='ocrx_word' id='word_1_4' title='bbox 1707 362 1771 424; x_wconf 87' lang='lat' dir='ltr'><strong>S.</strong></span> <span class='ocrx_word' id='word_1_5' title='bbox 1811 362 2123 425; x_wconf 70' lang='lat' dir='ltr'><strong>CYRILH</strong></span> <span class='ocrx_word' id='word_1_6' title='bbox 2144 365 2248 426; x_wconf 59' lang='lat' dir='ltr'><strong>AD</strong></span> <span class='ocrx_word' id='word_1_7' title='bbox 2285 364 2639 431; x_wconf 76' lang='lat' dir='ltr'><strong>DOMNUM.</strong></span> 
     </span>
    </p>
   </div>
   <div class='ocr_carea' id='block_1_3' title="bbox 3474 368 3589 434">
    <p class='ocr_par' dir='ltr' id='par_1_3' title="bbox 3474 368 3589 434">
     <span class='ocr_line' id='line_1_3' title="bbox 3474 368 3589 434; baseline -0.009 0"><span class='ocrx_word' id='word_1_8' title='bbox 3474 368 3589 434; x_wconf 74' lang='lat'><strong>923</strong></span> 
     </span>
    </p>
   </div>
   <div class='ocr_carea' id='block_1_4' title="bbox 324 478 1919 558">
    <p class='ocr_par' dir='ltr' id='par_1_4' title="bbox 324 478 1911 554">
     <span class='ocr_line' id='line_1_4' title="bbox 324 478 1911 554; baseline 0.005 -20"><span class='ocrx_word' id='word_1_9' title='bbox 324 496 482 543; x_wconf 84' lang='grc' dir='ltr'>τινας</span> <span class='ocrx_word' id='word_1_10' title='bbox 509 480 584 544; x_wconf 82' lang='grc' dir='ltr'>ὡς</span> <span class='ocrx_word' id='word_1_11' title='bbox 615 478 909 544; x_wconf 82' lang='grc' dir='ltr'>ὑπόπτους.</span> <span class='ocrx_word' id='word_1_12' title='bbox 943 479 1146 535; x_wconf 78' lang='grc' dir='ltr'><strong>Οὐδένα</strong></span> <span class='ocrx_word' id='word_1_13' title='bbox 1175 479 1272 552; x_wconf 76' lang='grc' dir='ltr'>μὲν</span> <span class='ocrx_word' id='word_1_14' title='bbox 1295 479 1404 554; x_wconf 82' lang='grc' dir='ltr'>γὰρ</span> <span class='ocrx_word' id='word_1_15' title='bbox 1430 482 1538 537; x_wconf 82' lang='grc' dir='ltr'><strong>τῶν</strong></span> <span class='ocrx_word' id='word_1_16' title='bbox 1561 481 1911 543; x_wconf 78' lang='grc' dir='ltr'>θεοσεόεστά-</span> 
     </span>
    </p>
   </div>
   <div class='ocr_carea' id='block_1_5' title="bbox 2024 478 3595 558">
    <p class='ocr_par' dir='ltr' id='par_1_5' title="bbox 2024 484 3595 558">
     <span class='ocr_line' id='line_1_5' title="bbox 2024 484 3595 558; baseline 0.005 -17"><span class='ocrx_word' id='word_1_17' title='bbox 2024 486 2283 542; x_wconf 80' lang='lat' dir='ltr'><strong>simorum</strong></span> <span class='ocrx_word' id='word_1_18' title='bbox 2308 487 2689 558; x_wconf 85' lang='lat' dir='ltr'><strong>episcoporum</strong></span> <span class='ocrx_word' id='word_1_19' title='bbox 2707 484 2763 542; x_wconf 89' lang='lat' dir='ltr'><strong>lu</strong></span> <span class='ocrx_word' id='word_1_20' title='bbox 2783 487 3002 545; x_wconf 77' lang='lat' dir='ltr'><strong>fratrem</strong></span> <span class='ocrx_word' id='word_1_21' title='bbox 3022 486 3246 549; x_wconf 76' lang='lat' dir='ltr'><strong>inimico</strong></span> <span class='ocrx_word' id='word_1_22' title='bbox 3261 509 3388 549; x_wconf 82' lang='lat' dir='ltr'><strong>esse</strong></span> <span class='ocrx_word' id='word_1_23' title='bbox 3412 501 3595 549; x_wconf 78' lang='lat' dir='ltr'><strong>animo</strong></span> 
     </span>
    </p>
   </div>
   <div class='ocr_carea' id='block_1_6' title="bbox 327 571 1904 650">
    <p class='ocr_par' dir='ltr' id='par_1_6' title="bbox 327 571 1904 650">
     <span class='ocr_line' id='line_1_6' title="bbox 327 571 1904 650; baseline 0.006 -25"><span class='ocrx_word' id='word_1_24' title='bbox 327 589 437 625; x_wconf 86' lang='grc' dir='ltr'>των</span> <span class='ocrx_word' id='word_1_25' title='bbox 483 571 799 626; x_wconf 83' lang='grc' dir='ltr'>ἐπισκόπων</span> <span class='ocrx_word' id='word_1_26' title='bbox 847 572 1016 644; x_wconf 72' lang='grc' dir='ltr'>ἐχθρὰ</span> <span class='ocrx_word' id='word_1_27' title='bbox 1045 576 1261 645; x_wconf 83' lang='grc' dir='ltr'><strong>φρονεῖν</strong></span> <span class='ocrx_word' id='word_1_28' title='bbox 1306 574 1520 646; x_wconf 78' lang='grc' dir='ltr'>ἀδελφῷ</span> <span class='ocrx_word' id='word_1_29' title='bbox 1558 579 1904 650; x_wconf 78' lang='grc' dir='ltr'>πιστεύομεν.</span> 
     </span>
    </p>
   </div>
   <div class='ocr_carea' id='block_1_7' title="bbox 316 662 1907 742">
    <p class='ocr_par' dir='ltr' id='par_1_7' title="bbox 316 662 1907 742">
     <span class='ocr_line' id='line_1_7' title="bbox 316 662 1907 742; baseline 0.006 -26"><span class='ocrx_word' id='word_1_30' title='bbox 316 662 450 717; x_wconf 77' lang='grc' dir='ltr'>Ἵνα</span> <span class='ocrx_word' id='word_1_31' title='bbox 491 663 548 716; x_wconf 79' lang='grc' dir='ltr'><strong>δὲ</strong></span> <span class='ocrx_word' id='word_1_32' title='bbox 594 663 669 735; x_wconf 79' lang='grc' dir='ltr'>μὴ</span> <span class='ocrx_word' id='word_1_33' title='bbox 709 663 981 734; x_wconf 85' lang='grc' dir='ltr'>πρόφασις</span> <span class='ocrx_word' id='word_1_34' title='bbox 1018 663 1157 735; x_wconf 80' lang='grc' dir='ltr'>αὕτη</span> <span class='ocrx_word' id='word_1_35' title='bbox 1208 664 1468 735; x_wconf 85' lang='grc' dir='ltr'>γένηται,</span> <span class='ocrx_word' id='word_1_36' title='bbox 1497 665 1596 739; x_wconf 79' lang='grc' dir='ltr'>τὴν</span> <span class='ocrx_word' id='word_1_37' title='bbox 1641 669 1907 742; x_wconf 82' lang='grc' dir='ltr'>ἐσομένην</span> 
     </span>
    </p>
   </div>
   <div class='ocr_carea' id='block_1_8' title="bbox 324 753 1906 831">
    <p class='ocr_par' dir='ltr' id='par_1_8' title="bbox 324 753 1906 831">
     <span class='ocr_line' id='line_1_8' title="bbox 324 753 1906 831; baseline 0.004 -25"><span class='ocrx_word' id='word_1_38' title='bbox 324 754 415 806; x_wconf 81' lang='grc' dir='ltr'>ἐπ’</span> <span class='ocrx_word' id='word_1_39' title='bbox 461 753 610 824; x_wconf 80' lang='grc' dir='ltr'><strong>αὐτῷ</strong></span> <span class='ocrx_word' id='word_1_40' title='bbox 650 754 833 824; x_wconf 80' lang='grc' dir='ltr'>κρίσιν</span> <span class='ocrx_word' id='word_1_41' title='bbox 873 755 1251 827; x_wconf 79' lang='grc' dir='ltr'>παραλύουσα,</span> <span class='ocrx_word' id='word_1_42' title='bbox 1288 756 1427 827; x_wconf 84' lang='grc' dir='ltr'>πρὸς</span> <span class='ocrx_word' id='word_1_43' title='bbox 1464 757 1525 811; x_wconf 80' lang='grc' dir='ltr'>τὸ</span> <span class='ocrx_word' id='word_1_44' title='bbox 1569 757 1643 829; x_wconf 79' lang='grc' dir='ltr'>μὴ</span> <span class='ocrx_word' id='word_1_45' title='bbox 1673 761 1729 811; x_wconf 85' lang='grc' dir='ltr'><strong>ἐν</strong></span> <span class='ocrx_word' id='word_1_46' title='bbox 1779 758 1906 831; x_wconf 76' lang='grc' dir='ltr'>δίκῃ</span> 
     </span>
    </p>
   </div>
   <div class='ocr_carea' id='block_1_9' title="bbox 322 844 1906 913">
    <p class='ocr_par' dir='ltr' id='par_1_9' title="bbox 322 844 1906 913">
     <span class='ocr_line' id='line_1_9' title="bbox 322 844 1906 913; baseline 0.007 -18"><span class='ocrx_word' id='word_1_47' title='bbox 322 844 656 913; x_wconf 81' lang='grc' dir='ltr'><strong>πεποιῆσθαι</strong></span> <span class='ocrx_word' id='word_1_48' title='bbox 688 846 888 910; x_wconf 80' lang='grc' dir='ltr'>δοκεῖν,</span> <span class='ocrx_word' id='word_1_49' title='bbox 929 847 1082 900; x_wconf 82' lang='grc' dir='ltr'>οὐδέν</span> <span class='ocrx_word' id='word_1_50' title='bbox 1108 848 1225 900; x_wconf 82' lang='grc' dir='ltr'>ἐστι</span> <span class='ocrx_word' id='word_1_51' title='bbox 1250 847 1313 901; x_wconf 81' lang='grc' dir='ltr'><strong>τδ</strong></span> <span class='ocrx_word' id='word_1_52' title='bbox 1332 847 1538 902; x_wconf 80' lang='grc' dir='ltr'>λυποῦν</span> <span class='ocrx_word' id='word_1_53' title='bbox 1568 850 1786 905; x_wconf 78' lang='grc' dir='ltr'><strong>ἀπεῖναι</strong></span> <span class='ocrx_word' id='word_1_54' title='bbox 1813 851 1906 906; x_wconf 78' lang='grc' dir='ltr'>τοῦ</span> 
     </span>
    </p>
   </div>
   <div class='ocr_carea' id='block_1_10' title="bbox 321 936 1265 1009">
    <p class='ocr_par' dir='ltr' id='par_1_10' title="bbox 321 936 1265 1009">
     <span class='ocr_line' id='line_1_10' title="bbox 321 936 1265 1009; baseline 0.007 -20"><span class='ocrx_word' id='word_1_55' title='bbox 321 937 604 1008; x_wconf 75' lang='grc' dir='ltr'>συνεδρίου</span> <span class='ocrx_word' id='word_1_56' title='bbox 635 936 745 990; x_wconf 82' lang='grc' dir='ltr'><strong>τῶν</strong></span> <span class='ocrx_word' id='word_1_57' title='bbox 774 938 832 991; x_wconf 80' lang='grc' dir='ltr'><strong>ἐν</strong></span> <span class='ocrx_word' id='word_1_58' title='bbox 859 936 1066 1009; x_wconf 80' lang='grc' dir='ltr'>ὑποψίᾳ</span> <span class='ocrx_word' id='word_1_59' title='bbox 1090 937 1265 1002; x_wconf 83' lang='grc' dir='ltr'>τίνάς.</span> 
     </span>
    </p>
   </div>
   <div class='ocr_carea' id='block_1_11' title="bbox 394 1032 1907 1114">
    <p class='ocr_par' dir='ltr' id='par_1_11' title="bbox 394 1032 1907 1114">
     <span class='ocr_line' id='line_1_11' title="bbox 394 1032 1907 1114; baseline 0.01 -30"><span class='ocrx_word' id='word_1_60' title='bbox 394 1032 594 1088; x_wconf 66' lang='grc' dir='ltr'><strong>ΒΑΛΣ.</strong></span> <span class='ocrx_word' id='word_1_61' title='bbox 617 1033 692 1088; x_wconf 81' lang='lat'><strong>1&#39;6</strong></span> <span class='ocrx_word' id='word_1_62' title='bbox 724 1038 1011 1105; x_wconf 86' lang='grc' dir='ltr'>προοίμιον</span> <span class='ocrx_word' id='word_1_63' title='bbox 1037 1038 1132 1108; x_wconf 81' lang='grc' dir='ltr'>τῆς</span> <span class='ocrx_word' id='word_1_64' title='bbox 1159 1042 1448 1111; x_wconf 73' lang='grc' dir='ltr'>ἐπιστολῆς</span> <span class='ocrx_word' id='word_1_65' title='bbox 1468 1044 1729 1114; x_wconf 79' lang='grc' dir='ltr'><strong>τοιαύτης</strong></span> <span class='ocrx_word' id='word_1_66' title='bbox 1759 1046 1907 1100; x_wconf 69' lang='grc' dir='ltr'>ἐστὶν</span> 
     </span>
    </p>
   </div>
   <div class='ocr_carea' id='block_1_12' title="bbox 322 1118 1908 1204">
    <p class='ocr_par' dir='ltr' id='par_1_12' title="bbox 322 1118 1908 1204">
     <span class='ocr_line' id='line_1_12' title="bbox 322 1118 1908 1204; baseline 0.013 -32"><span class='ocrx_word' id='word_1_67' title='bbox 322 1118 552 1184; x_wconf 77' lang='grc' dir='ltr'>ἐννοίας.</span> <span class='ocrx_word' id='word_1_68' title='bbox 571 1123 740 1192; x_wconf 73' lang='grc' dir='ltr'>Φησὶν</span> <span class='ocrx_word' id='word_1_69' title='bbox 761 1126 787 1178; x_wconf 99' lang='lat'><strong>6</strong></span> <span class='ocrx_word' id='word_1_70' title='bbox 804 1124 960 1195; x_wconf 74' lang='grc' dir='ltr'>ἅγιος</span> <span class='ocrx_word' id='word_1_71' title='bbox 979 1143 992 1157; x_wconf 76' lang='grc' dir='ltr'><strong>ο</strong></span> <span class='ocrx_word' id='word_1_72' title='bbox 1014 1127 1138 1183; x_wconf 72' lang='grc' dir='ltr'>Ὀτι</span> <span class='ocrx_word' id='word_1_73' title='bbox 1168 1131 1237 1184; x_wconf 82' lang='grc' dir='ltr'>τὰ</span> <span class='ocrx_word' id='word_1_74' title='bbox 1264 1133 1386 1186; x_wconf 83' lang='grc' dir='ltr'>καθ’</span> <span class='ocrx_word' id='word_1_75' title='bbox 1419 1135 1564 1202; x_wconf 77' lang='grc' dir='ltr'>ἡμᾶς</span> <span class='ocrx_word' id='word_1_76' title='bbox 1587 1137 1908 1204; x_wconf 79' lang='grc' dir='ltr'>πράγματα.</span> 
     </span>
    </p>
   </div>
   <div class='ocr_carea' id='block_1_13' title="bbox 322 1211 1906 1295">
    <p class='ocr_par' dir='ltr' id='par_1_13' title="bbox 322 1211 1906 1295">
     <span class='ocr_line' id='line_1_13' title="bbox 322 1211 1906 1295; baseline 0.015 -32"><span class='ocrx_word' id='word_1_77' title='bbox 322 1211 392 1263; x_wconf 69' lang='grc' dir='ltr'>τὰ</span> <span class='ocrx_word' id='word_1_78' title='bbox 421 1211 858 1273; x_wconf 72' lang='grc' dir='ltr'>ἐκκλησιαστικὰ</span> <span class='ocrx_word' id='word_1_79' title='bbox 888 1217 1152 1288; x_wconf 79' lang='grc' dir='ltr'>δηλονότι,</span> <span class='ocrx_word' id='word_1_80' title='bbox 1180 1222 1212 1293; x_wconf 82' lang='grc' dir='ltr'>ἢ</span> <span class='ocrx_word' id='word_1_81' title='bbox 1245 1224 1430 1290; x_wconf 83' lang='grc' dir='ltr'>ἁπλῶς</span> <span class='ocrx_word' id='word_1_82' title='bbox 1459 1226 1526 1281; x_wconf 81' lang='grc' dir='ltr'>τὰ</span> <span class='ocrx_word' id='word_1_83' title='bbox 1568 1227 1906 1295; x_wconf 80' lang='grc' dir='ltr'>ἀνθρώπινα,</span> 
     </span>
    </p>
   </div>
   <div class='ocr_carea' id='block_1_14' title="bbox 325 1300 1908 1385">
    <p class='ocr_par' dir='ltr' id='par_1_14' title="bbox 325 1300 1908 1385">
     <span class='ocr_line' id='line_1_14' title="bbox 325 1300 1908 1385; baseline 0.011 -31"><span class='ocrx_word' id='word_1_84' title='bbox 325 1300 454 1354; x_wconf 78' lang='grc' dir='ltr'>ὅταν</span> <span class='ocrx_word' id='word_1_85' title='bbox 480 1303 605 1356; x_wconf 85' lang='grc' dir='ltr'>κατ’</span> <span class='ocrx_word' id='word_1_86' title='bbox 636 1306 904 1385; x_wconf 83' lang='grc' dir='ltr'>εὐθύτητα</span> <span class='ocrx_word' id='word_1_87' title='bbox 936 1312 1227 1383; x_wconf 81' lang='grc' dir='ltr'>κανονικὴν</span> <span class='ocrx_word' id='word_1_88' title='bbox 1251 1315 1628 1383; x_wconf 80' lang='grc' dir='ltr'>διεξάγωνται,</span> <span class='ocrx_word' id='word_1_89' title='bbox 1658 1318 1784 1372; x_wconf 76' lang='grc' dir='ltr'>οὔτε</span> <span class='ocrx_word' id='word_1_90' title='bbox 1814 1320 1908 1374; x_wconf 70' lang='grc' dir='ltr'><strong>θόν</strong></span> 
     </span>
    </p>
   </div>
   <div class='ocr_carea' id='block_1_15' title="bbox 323 1390 1904 1479">
    <p class='ocr_par' dir='ltr' id='par_1_15' title="bbox 323 1390 1904 1479">
     <span class='ocr_line' id='line_1_15' title="bbox 323 1390 1904 1479; baseline 0.013 -34"><span class='ocrx_word' id='word_1_91' title='bbox 323 1390 490 1464; x_wconf 75' lang='grc' dir='ltr'>ρυσον</span> <span class='ocrx_word' id='word_1_92' title='bbox 519 1396 653 1464; x_wconf 73' lang='grc' dir='ltr'>ἡμῖν</span> <span class='ocrx_word' id='word_1_93' title='bbox 684 1397 999 1466; x_wconf 79' lang='grc' dir='ltr'>ἐπάγουσιν,</span> <span class='ocrx_word' id='word_1_94' title='bbox 1023 1400 1148 1456; x_wconf 76' lang='grc' dir='ltr'>οὔτε</span> <span class='ocrx_word' id='word_1_95' title='bbox 1178 1406 1493 1478; x_wconf 78' lang='grc' dir='ltr'>δυσφημίαν</span> <span class='ocrx_word' id='word_1_96' title='bbox 1521 1410 1671 1479; x_wconf 86' lang='grc' dir='ltr'>παρά</span> <span class='ocrx_word' id='word_1_97' title='bbox 1706 1429 1867 1466; x_wconf 86' lang='grc' dir='ltr'>τινων</span> <span class='ocrx_word' id='word_1_98' title='bbox 1892 1431 1904 1447; x_wconf 80' lang='grc' dir='ltr'><strong><em>ο</em></strong></span> 
     </span>
    </p>
   </div>
   <div class='ocr_carea' id='block_1_16' title="bbox 321 1490 1912 1578">
    <p class='ocr_par' dir='ltr' id='par_1_16' title="bbox 321 1490 1912 1578">
     <span class='ocr_line' id='line_1_16' title="bbox 321 1490 1912 1578; baseline 0.009 -34"><span class='ocrx_word' id='word_1_99' title='bbox 321 1490 462 1544; x_wconf 78' lang='grc' dir='ltr'>ἀλλὰ</span> <span class='ocrx_word' id='word_1_100' title='bbox 526 1493 730 1561; x_wconf 75' lang='grc' dir='ltr'>μᾶλλον</span> <span class='ocrx_word' id='word_1_101' title='bbox 819 1497 1078 1564; x_wconf 87' lang='grc' dir='ltr'>ἐπαίνους</span> <span class='ocrx_word' id='word_1_102' title='bbox 1134 1502 1269 1569; x_wconf 78' lang='grc' dir='ltr'>ἡμῖν</span> <span class='ocrx_word' id='word_1_103' title='bbox 1340 1506 1615 1575; x_wconf 83' lang='grc' dir='ltr'>προξενεῖ.</span> <span class='ocrx_word' id='word_1_104' title='bbox 1681 1502 1748 1560; x_wconf 87' lang='grc' dir='ltr'><strong>Ἦ</strong></span> <span class='ocrx_word' id='word_1_105' title='bbox 1801 1507 1912 1578; x_wconf 79' lang='grc' dir='ltr'>γὰρ</span> 
     </span>
    </p>
   </div>
   <div class='ocr_carea' id='block_1_17' title="bbox 228 1583 1914 1666">
    <p class='ocr_par' dir='ltr' id='par_1_17' title="bbox 228 1583 1914 1666">
     <span class='ocr_line' id='line_1_17' title="bbox 228 1583 1914 1666; baseline 0.009 -30"><span class='ocrx_word' id='word_1_106' title='bbox 228 1594 236 1601; x_wconf 87' lang='lat'><strong><em>&#39;</em></strong></span> <span class='ocrx_word' id='word_1_107' title='bbox 322 1583 696 1656; x_wconf 80' lang='grc' dir='ltr'>ἁπροσκλινὴς</span> <span class='ocrx_word' id='word_1_108' title='bbox 724 1589 907 1659; x_wconf 83' lang='grc' dir='ltr'>κρίσις</span> <span class='ocrx_word' id='word_1_109' title='bbox 940 1590 972 1662; x_wconf 80' lang='grc' dir='ltr'>ἢ</span> <span class='ocrx_word' id='word_1_110' title='bbox 1006 1593 1273 1664; x_wconf 75' lang='grc' dir='ltr'>ἀρῤεπὴς,</span> <span class='ocrx_word' id='word_1_111' title='bbox 1310 1596 1342 1666; x_wconf 84' lang='grc' dir='ltr'><strong>ἡ</strong></span> <span class='ocrx_word' id='word_1_112' title='bbox 1399 1597 1696 1663; x_wconf 79' lang='grc' dir='ltr'>εὐθυτάτη,</span> <span class='ocrx_word' id='word_1_113' title='bbox 1747 1598 1914 1654; x_wconf 80' lang='grc' dir='ltr'>πᾶσίν</span> 
     </span>
    </p>
   </div>
   <div class='ocr_carea' id='block_1_18' title="bbox 321 1672 1912 1759">
    <p class='ocr_par' dir='ltr' id='par_1_18' title="bbox 321 1672 1912 1759">
     <span class='ocr_line' id='line_1_18' title="bbox 321 1672 1912 1759; baseline 0.012 -33"><span class='ocrx_word' id='word_1_114' title='bbox 321 1672 471 1728; x_wconf 87' lang='grc' dir='ltr'>ἐστιν</span> <span class='ocrx_word' id='word_1_115' title='bbox 499 1676 803 1734; x_wconf 71' lang='grc' dir='ltr'>ἁποδεκτέα</span> <span class='ocrx_word' id='word_1_116' title='bbox 826 1699 842 1714; x_wconf 72' lang='grc' dir='ltr'><strong>ο</strong></span> <span class='ocrx_word' id='word_1_117' title='bbox 875 1684 972 1738; x_wconf 73' lang='grc' dir='ltr'><strong>καὶ</strong></span> <span class='ocrx_word' id='word_1_118' title='bbox 1004 1684 1064 1736; x_wconf 87' lang='grc' dir='ltr'><strong>ού</strong></span> <span class='ocrx_word' id='word_1_119' title='bbox 1117 1685 1276 1754; x_wconf 85' lang='grc' dir='ltr'>μόνον</span> <span class='ocrx_word' id='word_1_120' title='bbox 1309 1687 1714 1759; x_wconf 80' lang='grc' dir='ltr'>ἀνεπίπληκτόν</span> <span class='ocrx_word' id='word_1_121' title='bbox 1739 1692 1912 1758; x_wconf 87' lang='grc' dir='ltr'>ἐστιν,</span> 
     </span>
    </p>
   </div>
   <div class='ocr_carea' id='block_1_19' title="bbox 320 1765 1913 1857">
    <p class='ocr_par' dir='ltr' id='par_1_19' title="bbox 320 1765 1913 1857">
     <span class='ocr_line' id='line_1_19' title="bbox 320 1765 1913 1857; baseline 0.013 -38"><span class='ocrx_word' id='word_1_122' title='bbox 320 1765 494 1837; x_wconf 90' lang='grc' dir='ltr'>ἤγουν</span> <span class='ocrx_word' id='word_1_123' title='bbox 521 1770 931 1840; x_wconf 82' lang='grc' dir='ltr'>ἀκαταιτίατον,</span> <span class='ocrx_word' id='word_1_124' title='bbox 965 1777 1065 1830; x_wconf 81' lang='grc' dir='ltr'>οὒκ</span> <span class='ocrx_word' id='word_1_125' title='bbox 1097 1777 1448 1848; x_wconf 83' lang='grc' dir='ltr'>ἐπιπλήξεως</span> <span class='ocrx_word' id='word_1_126' title='bbox 1491 1779 1661 1848; x_wconf 79' lang='grc' dir='ltr'>ἄξιον,</span> <span class='ocrx_word' id='word_1_127' title='bbox 1697 1784 1758 1838; x_wconf 81' lang='grc' dir='ltr'>τὸ</span> <span class='ocrx_word' id='word_1_128' title='bbox 1790 1786 1913 1857; x_wconf 79' lang='grc' dir='ltr'>κρί-</span> 
     </span>
    </p>
   </div>
   <div class='ocr_carea' id='block_1_20' title="bbox 2022 577 3607 650">
    <p class='ocr_par' dir='ltr' id='par_1_20' title="bbox 2022 577 3607 650">
     <span class='ocr_line' id='line_1_20' title="bbox 2022 577 3607 650; baseline 0.006 -19"><span class='ocrx_word' id='word_1_129' title='bbox 2022 577 2320 633; x_wconf 88' lang='lat' dir='ltr'><strong>credimus.</strong></span> <span class='ocrx_word' id='word_1_130' title='bbox 2364 578 2444 634; x_wconf 84' lang='lat' dir='ltr'><strong>Ne</strong></span> <span class='ocrx_word' id='word_1_131' title='bbox 2484 586 2669 634; x_wconf 87' lang='lat' dir='ltr'><strong>autem</strong></span> <span class='ocrx_word' id='word_1_132' title='bbox 2698 577 2791 634; x_wconf 87' lang='lat' dir='ltr'><strong>hic</strong></span> <span class='ocrx_word' id='word_1_133' title='bbox 2819 588 3116 650; x_wconf 69' lang='lat' dir='ltr'><strong>prmtcxtus</strong></span> <span class='ocrx_word' id='word_1_134' title='bbox 3151 584 3506 640; x_wconf 35' lang='lat' dir='ltr'><strong>futurum‘de</strong></span> <span class='ocrx_word' id='word_1_135' title='bbox 3529 602 3607 641; x_wconf 78' lang='lat' dir='ltr'><strong>co-</strong></span> 
     </span>
    </p>
   </div>
   <div class='ocr_carea' id='block_1_21' title="bbox 2015 667 3597 745">
    <p class='ocr_par' dir='ltr' id='par_1_21' title="bbox 2015 667 3597 745">
     <span class='ocr_line' id='line_1_21' title="bbox 2015 667 3597 745; baseline 0.007 -23"><span class='ocrx_word' id='word_1_136' title='bbox 2015 667 2295 740; x_wconf 87' lang='lat' dir='ltr'><strong>judicium-</strong></span> <span class='ocrx_word' id='word_1_137' title='bbox 2318 669 2611 739; x_wconf 82' lang='lat' dir='ltr'><strong>dissolvat,</strong></span> <span class='ocrx_word' id='word_1_138' title='bbox 2638 683 2699 729; x_wconf 93' lang='lat' dir='ltr'><strong>ut</strong></span> <span class='ocrx_word' id='word_1_139' title='bbox 2726 690 2837 730; x_wconf 87' lang='lat' dir='ltr'><strong>non</strong></span> <span class='ocrx_word' id='word_1_140' title='bbox 2869 677 2992 745; x_wconf 86' lang='lat' dir='ltr'><strong>jure</strong></span> <span class='ocrx_word' id='word_1_141' title='bbox 3022 673 3227 730; x_wconf 79' lang='lat' dir='ltr'><strong>factum</strong></span> <span class='ocrx_word' id='word_1_142' title='bbox 3255 691 3375 732; x_wconf 89' lang='lat' dir='ltr'><strong>esse</strong></span> <span class='ocrx_word' id='word_1_143' title='bbox 3403 677 3597 733; x_wconf 68' lang='lat' dir='ltr'><strong>videoa-</strong></span> 
     </span>
    </p>
   </div>
   <div class='ocr_carea' id='block_1_22' title="bbox 2019 765 3598 841">
    <p class='ocr_par' dir='ltr' id='par_1_22' title="bbox 2019 765 3598 841">
     <span class='ocr_line' id='line_1_22' title="bbox 2019 765 3598 841; baseline 0.008 -27"><span class='ocrx_word' id='word_1_144' title='bbox 2019 766 2130 825; x_wconf 82' lang='lat' dir='ltr'><strong>tur,</strong></span> <span class='ocrx_word' id='word_1_145' title='bbox 2156 774 2262 814; x_wconf 83' lang='lat' dir='ltr'><strong>non</strong></span> <span class='ocrx_word' id='word_1_146' title='bbox 2292 776 2453 832; x_wconf 79' lang='lat' dir='ltr'><strong>grave</strong></span> <span class='ocrx_word' id='word_1_147' title='bbox 2481 772 2565 820; x_wconf 89' lang='lat' dir='ltr'><strong>est</strong></span> <span class='ocrx_word' id='word_1_148' title='bbox 2591 778 2622 819; x_wconf 88' lang='lat' dir='ltr'><strong>a</strong></span> <span class='ocrx_word' id='word_1_149' title='bbox 2650 779 2911 822; x_wconf 84' lang='lat' dir='ltr'><strong>consessu</strong></span> <span class='ocrx_word' id='word_1_150' title='bbox 2933 765 3124 823; x_wconf 85' lang='lat' dir='ltr'><strong>abesse</strong></span> <span class='ocrx_word' id='word_1_151' title='bbox 3145 782 3336 824; x_wconf 90' lang='lat' dir='ltr'><strong>eorum</strong></span> <span class='ocrx_word' id='word_1_152' title='bbox 3387 771 3481 841; x_wconf 85' lang='lat' dir='ltr'><strong>qui</strong></span> <span class='ocrx_word' id='word_1_153' title='bbox 3506 786 3598 826; x_wconf 83' lang='lat' dir='ltr'><strong>su-</strong></span> 
     </span>
    </p>
   </div>
   <div class='ocr_carea' id='block_1_23' title="bbox 2016 852 2600 925">
    <p class='ocr_par' dir='ltr' id='par_1_23' title="bbox 2016 852 2600 925">
     <span class='ocr_line' id='line_1_23' title="bbox 2016 852 2600 925; baseline 0.003 -18"><span class='ocrx_word' id='word_1_154' title='bbox 2016 852 2190 922; x_wconf 85' lang='lat' dir='ltr'><strong>specti</strong></span> <span class='ocrx_word' id='word_1_155' title='bbox 2218 861 2347 908; x_wconf 87' lang='lat' dir='ltr'><strong>sunt</strong></span> <span class='ocrx_word' id='word_1_156' title='bbox 2368 853 2600 925; x_wconf 85' lang='lat' dir='ltr'><strong>aliquos.</strong></span> 
     </span>
    </p>
   </div>
   <div class='ocr_carea' id='block_1_24' title="bbox 2091 1048 3592 1120">
    <p class='ocr_par' dir='ltr' id='par_1_24' title="bbox 2091 1048 3592 1120">
     <span class='ocr_line' id='line_1_24' title="bbox 2091 1048 3592 1120; baseline 0.001 -18"><span class='ocrx_word' id='word_1_157' title='bbox 2091 1048 2288 1105; x_wconf 80' lang='lat' dir='ltr'><strong>BALS.</strong></span> <span class='ocrx_word' id='word_1_158' title='bbox 2332 1049 2659 1105; x_wconf 64' lang='lat' dir='ltr'><strong>Prooemium</strong></span> <span class='ocrx_word' id='word_1_159' title='bbox 2686 1050 2932 1120; x_wconf 77' lang='lat' dir='ltr'><strong>epistolae</strong></span> <span class='ocrx_word' id='word_1_160' title='bbox 2974 1051 3115 1105; x_wconf 89' lang='lat' dir='ltr'><strong>hunc</strong></span> <span class='ocrx_word' id='word_1_161' title='bbox 3155 1049 3318 1105; x_wconf 83' lang='lat' dir='ltr'><strong>habet</strong></span> <span class='ocrx_word' id='word_1_162' title='bbox 3350 1065 3592 1106; x_wconf 68' lang='lat' dir='ltr'><strong>Sensum.</strong></span> 
     </span>
    </p>
   </div>
   <div class='ocr_carea' id='block_1_25' title="bbox 2020 1139 3598 1207">
    <p class='ocr_par' dir='ltr' id='par_1_25' title="bbox 2020 1139 3598 1207">
     <span class='ocr_line' id='line_1_25' title="bbox 2020 1139 3598 1207; baseline 0.001 -13"><span class='ocrx_word' id='word_1_163' title='bbox 2020 1139 2159 1196; x_wconf 88' lang='lat' dir='ltr'><strong>Dicit</strong></span> <span class='ocrx_word' id='word_1_164' title='bbox 2186 1152 2404 1197; x_wconf 82' lang='lat' dir='ltr'><strong>sanctus</strong></span> <span class='ocrx_word' id='word_1_165' title='bbox 2438 1160 2452 1197; x_wconf 74' lang='grc' dir='ltr'><em>τ</em></span> <span class='ocrx_word' id='word_1_166' title='bbox 2478 1143 2582 1196; x_wconf 79' lang='lat' dir='ltr'><strong>Res</strong></span> <span class='ocrx_word' id='word_1_167' title='bbox 2618 1151 2837 1207; x_wconf 64' lang='lat' dir='ltr'><strong>nostrae,</strong></span> <span class='ocrx_word' id='word_1_168' title='bbox 2865 1141 3069 1196; x_wconf 81' lang='lat' dir='ltr'><strong>scilicet</strong></span> <span class='ocrx_word' id='word_1_169' title='bbox 3090 1141 3490 1204; x_wconf 66' lang='lat' dir='ltr'><strong>ecclesiasticae,</strong></span> <span class='ocrx_word' id='word_1_170' title='bbox 3515 1141 3598 1197; x_wconf 86' lang='lat' dir='ltr'><strong>vel</strong></span> 
     </span>
    </p>
   </div>
   <div class='ocr_carea' id='block_1_26' title="bbox 2015 1234 3601 1306">
    <p class='ocr_par' dir='ltr' id='par_1_26' title="bbox 2015 1234 3601 1306">
     <span class='ocr_line' id='line_1_26' title="bbox 2015 1234 3601 1306; baseline 0.003 -19"><span class='ocrx_word' id='word_1_171' title='bbox 2015 1234 2332 1302; x_wconf 65' lang='lat' dir='ltr'><strong>simpliciter</strong></span> <span class='ocrx_word' id='word_1_172' title='bbox 2382 1234 2649 1300; x_wconf 75' lang='lat' dir='ltr'><strong>humanzr,</strong></span> <span class='ocrx_word' id='word_1_173' title='bbox 2684 1237 2903 1306; x_wconf 84' lang='lat' dir='ltr'><strong>quando</strong></span> <span class='ocrx_word' id='word_1_174' title='bbox 2961 1234 3223 1289; x_wconf 85' lang='lat' dir='ltr'><strong>canonica</strong></span> <span class='ocrx_word' id='word_1_175' title='bbox 3272 1234 3601 1291; x_wconf 85' lang='lat' dir='ltr'><strong>rectitudine</strong></span> 
     </span>
    </p>
   </div>
   <div class='ocr_carea' id='block_1_27' title="bbox 2017 1325 3601 1404">
    <p class='ocr_par' dir='ltr' id='par_1_27' title="bbox 2017 1325 3601 1404">
     <span class='ocr_line' id='line_1_27' title="bbox 2017 1325 3601 1404; baseline 0.007 -31"><span class='ocrx_word' id='word_1_176' title='bbox 2017 1325 2333 1393; x_wconf 83' lang='lat' dir='ltr'><strong>procedunt,</strong></span> <span class='ocrx_word' id='word_1_177' title='bbox 2386 1342 2482 1380; x_wconf 86' lang='lat' dir='ltr'><strong>nec</strong></span> <span class='ocrx_word' id='word_1_178' title='bbox 2536 1327 2691 1381; x_wconf 85' lang='lat' dir='ltr'><strong>nobis</strong></span> <span class='ocrx_word' id='word_1_179' title='bbox 2743 1327 3027 1380; x_wconf 88' lang='lat' dir='ltr'><strong>tumultum</strong></span> <span class='ocrx_word' id='word_1_180' title='bbox 3091 1327 3433 1404; x_wconf 49' lang='lat' dir='ltr'><strong>ingenerata,</strong></span> <span class='ocrx_word' id='word_1_181' title='bbox 3498 1343 3601 1384; x_wconf 72' lang='lat' dir='ltr'><strong>nec</strong></span> 
     </span>
    </p>
   </div>
   <div class='ocr_carea' id='block_1_28' title="bbox 2018 1414 3603 1487">
    <p class='ocr_par' dir='ltr' id='par_1_28' title="bbox 2018 1414 3603 1487">
     <span class='ocr_line' id='line_1_28' title="bbox 2018 1414 3603 1487; baseline 0.003 -19"><span class='ocrx_word' id='word_1_182' title='bbox 2018 1414 2322 1483; x_wconf 85' lang='lat' dir='ltr'><strong>aliquorum</strong></span> <span class='ocrx_word' id='word_1_183' title='bbox 2347 1416 2654 1480; x_wconf 76' lang='lat' dir='ltr'><strong>maledicta,</strong></span> <span class='ocrx_word' id='word_1_184' title='bbox 2688 1419 2781 1471; x_wconf 87' lang='lat' dir='ltr'><strong>sed</strong></span> <span class='ocrx_word' id='word_1_185' title='bbox 2804 1417 2994 1474; x_wconf 88' lang='lat' dir='ltr'><strong>laudes</strong></span> <span class='ocrx_word' id='word_1_186' title='bbox 3019 1419 3174 1473; x_wconf 83' lang='lat' dir='ltr'><strong>nobis</strong></span> <span class='ocrx_word' id='word_1_187' title='bbox 3207 1420 3388 1487; x_wconf 73' lang='lat' dir='ltr'><strong>potius</strong></span> <span class='ocrx_word' id='word_1_188' title='bbox 3418 1421 3603 1474; x_wconf 88' lang='lat' dir='ltr'><strong>conci-</strong></span> 
     </span>
    </p>
   </div>
   <div class='ocr_carea' id='block_1_29' title="bbox 2020 1494 3598 1577">
    <p class='ocr_par' dir='ltr' id='par_1_29' title="bbox 2020 1494 3598 1577">
     <span class='ocr_line' id='line_1_29' title="bbox 2020 1494 3598 1577; baseline 0.005 -19"><span class='ocrx_word' id='word_1_189' title='bbox 2020 1505 2177 1559; x_wconf 84' lang='lat' dir='ltr'><strong>liant.</strong></span> <span class='ocrx_word' id='word_1_190' title='bbox 2207 1503 2477 1563; x_wconf 73' lang='lat' dir='ltr'><strong>Iudicium</strong></span> <span class='ocrx_word' id='word_1_191' title='bbox 2511 1494 2686 1572; x_wconf 76' lang='lat' dir='ltr'><strong>enim,</strong></span> <span class='ocrx_word' id='word_1_192' title='bbox 2710 1508 2854 1577; x_wconf 90' lang='lat' dir='ltr'><strong>quod</strong></span> <span class='ocrx_word' id='word_1_193' title='bbox 2885 1510 3122 1577; x_wconf 70' lang='lat' dir='ltr'><strong>nec,huc</strong></span> <span class='ocrx_word' id='word_1_194' title='bbox 3152 1524 3252 1566; x_wconf 86' lang='lat' dir='ltr'><strong>nec</strong></span> <span class='ocrx_word' id='word_1_195' title='bbox 3285 1509 3412 1565; x_wconf 90' lang='lat' dir='ltr'><strong>illuc</strong></span> <span class='ocrx_word' id='word_1_196' title='bbox 3434 1511 3598 1565; x_wconf 91' lang='lat' dir='ltr'><strong>incli-</strong></span> 
     </span>
    </p>
   </div>
   <div class='ocr_carea' id='block_1_30' title="bbox 2008 1597 3600 1668">
    <p class='ocr_par' dir='ltr' id='par_1_30' title="bbox 2008 1597 3600 1668">
     <span class='ocr_line' id='line_1_30' title="bbox 2008 1597 3600 1668; baseline 0.004 -20"><span class='ocrx_word' id='word_1_197' title='bbox 2008 1604 2102 1648; x_wconf 85' lang='lat' dir='ltr'><strong>nat</strong></span> <span class='ocrx_word' id='word_1_198' title='bbox 2125 1611 2225 1650; x_wconf 88' lang='lat' dir='ltr'><strong>nec</strong></span> <span class='ocrx_word' id='word_1_199' title='bbox 2245 1598 2571 1668; x_wconf 85' lang='lat' dir='ltr'><strong>propendet,</strong></span> <span class='ocrx_word' id='word_1_200' title='bbox 2593 1598 2689 1652; x_wconf 90' lang='lat' dir='ltr'><strong>sed</strong></span> <span class='ocrx_word' id='word_1_201' title='bbox 2714 1606 2793 1650; x_wconf 86' lang='lat' dir='ltr'><strong>est</strong></span> <span class='ocrx_word' id='word_1_202' title='bbox 2816 1597 3212 1661; x_wconf 79' lang='lat' dir='ltr'><strong>rectissimum,</strong></span> <span class='ocrx_word' id='word_1_203' title='bbox 3233 1609 3318 1654; x_wconf 85' lang='lat' dir='ltr'><strong>est</strong></span> <span class='ocrx_word' id='word_1_204' title='bbox 3337 1600 3405 1654; x_wconf 84' lang='lat' dir='ltr'><strong>ab</strong></span> <span class='ocrx_word' id='word_1_205' title='bbox 3423 1600 3600 1654; x_wconf 90' lang='lat' dir='ltr'><strong>omni-</strong></span> 
     </span>
    </p>
   </div>
   <div class='ocr_carea' id='block_1_31' title="bbox 2008 1685 3603 1763">
    <p class='ocr_par' dir='ltr' id='par_1_31' title="bbox 2008 1685 3603 1763">
     <span class='ocr_line' id='line_1_31' title="bbox 2008 1685 3603 1763; baseline 0.005 -22"><span class='ocrx_word' id='word_1_206' title='bbox 2008 1685 2112 1743; x_wconf 91' lang='lat' dir='ltr'><strong>bus</strong></span> <span class='ocrx_word' id='word_1_207' title='bbox 2135 1689 2570 1761; x_wconf 82' lang='lat' dir='ltr'><strong>suscipiendum;</strong></span> <span class='ocrx_word' id='word_1_208' title='bbox 2589 1701 2644 1746; x_wconf 91' lang='lat' dir='ltr'><strong>et</strong></span> <span class='ocrx_word' id='word_1_209' title='bbox 2664 1705 2774 1745; x_wconf 91' lang='lat' dir='ltr'><strong>non</strong></span> <span class='ocrx_word' id='word_1_210' title='bbox 2796 1691 2956 1763; x_wconf 78' lang='lat'><strong>176</strong></span> <span class='ocrx_word' id='word_1_211' title='bbox 2973 1692 3148 1746; x_wconf 88' lang='lat' dir='ltr'><strong>solum</strong></span> <span class='ocrx_word' id='word_1_212' title='bbox 3168 1707 3278 1747; x_wconf 89' lang='lat' dir='ltr'><strong>non</strong></span> <span class='ocrx_word' id='word_1_213' title='bbox 3299 1703 3383 1749; x_wconf 85' lang='lat' dir='ltr'><strong>est</strong></span> <span class='ocrx_word' id='word_1_214' title='bbox 3398 1709 3428 1748; x_wconf 91' lang='lat' dir='ltr'><strong>a</strong></span> <span class='ocrx_word' id='word_1_215' title='bbox 3462 1695 3603 1749; x_wconf 88' lang='lat' dir='ltr'><strong>vitu-</strong></span> 
     </span>
    </p>
   </div>
   <div class='ocr_carea' id='block_1_32' title="bbox 2019 1781 3605 1855">
    <p class='ocr_par' dir='ltr' id='par_1_32' title="bbox 2019 1781 3605 1855">
     <span class='ocr_line' id='line_1_32' title="bbox 2019 1781 3605 1855; baseline 0.001 -20"><span class='ocrx_word' id='word_1_216' title='bbox 2019 1781 2295 1847; x_wconf 85' lang='lat' dir='ltr'><strong>peratione</strong></span> <span class='ocrx_word' id='word_1_217' title='bbox 2329 1788 2383 1839; x_wconf 84' lang='lat' dir='ltr'><strong>et</strong></span> <span class='ocrx_word' id='word_1_218' title='bbox 2404 1783 2758 1851; x_wconf 66' lang='lat' dir='ltr'><strong>accusatione</strong></span> <span class='ocrx_word' id='word_1_219' title='bbox 2785 1785 3042 1845; x_wconf 87' lang='lat' dir='ltr'><strong>alienum.</strong></span> <span class='ocrx_word' id='word_1_220' title='bbox 3073 1783 3495 1855; x_wconf 81' lang='lat' dir='ltr'><strong>reprehensione</strong></span> <span class='ocrx_word' id='word_1_221' title='bbox 3520 1785 3605 1839; x_wconf 83' lang='lat' dir='ltr'><strong>in-</strong></span> 
     </span>
    </p>
   </div>
   <div class='ocr_carea' id='block_1_33' title="bbox 320 1861 1919 1948">
    <p class='ocr_par' dir='ltr' id='par_1_33' title="bbox 320 1861 1909 1946">
     <span class='ocr_line' id='line_1_33' title="bbox 320 1861 1909 1946; baseline 0.012 -33"><span class='ocrx_word' id='word_1_222' title='bbox 320 1876 437 1914; x_wconf 85' lang='grc' dir='ltr'>νειν</span> <span class='ocrx_word' id='word_1_223' title='bbox 462 1861 659 1932; x_wconf 84' lang='grc' dir='ltr'>ὀρθῶς,</span> <span class='ocrx_word' id='word_1_224' title='bbox 686 1866 819 1919; x_wconf 77' lang='grc' dir='ltr'>ἀλλὰ</span> <span class='ocrx_word' id='word_1_225' title='bbox 845 1867 940 1920; x_wconf 77' lang='grc' dir='ltr'><strong>καὶ</strong></span> <span class='ocrx_word' id='word_1_226' title='bbox 979 1869 1395 1939; x_wconf 88' lang='grc' dir='ltr'>ἐπαινούμενον.</span> <span class='ocrx_word' id='word_1_227' title='bbox 1433 1871 1590 1928; x_wconf 77' lang='grc' dir='ltr'><strong>Οΰτω</strong></span> <span class='ocrx_word' id='word_1_228' title='bbox 1636 1875 1691 1928; x_wconf 84' lang='grc' dir='ltr'><strong>δέ</strong></span> <span class='ocrx_word' id='word_1_229' title='bbox 1725 1893 1909 1946; x_wconf 62' lang='grc' dir='ltr'>προοις</span> 
     </span>
    </p>
   </div>
   <div class='ocr_carea' id='block_1_34' title="bbox 2024 1861 3607 1948">
    <p class='ocr_par' dir='ltr' id='par_1_34' title="bbox 2024 1872 3607 1948">
     <span class='ocr_line' id='line_1_34' title="bbox 2024 1872 3607 1948; baseline 0.005 -26"><span class='ocrx_word' id='word_1_230' title='bbox 2024 1873 2258 1941; x_wconf 75' lang='lat' dir='ltr'><strong>:lignnm,</strong></span> <span class='ocrx_word' id='word_1_231' title='bbox 2292 1875 2743 1948; x_wconf 87' lang='lat' dir='ltr'><strong>rectejndicare;</strong></span> <span class='ocrx_word' id='word_1_232' title='bbox 2774 1874 2866 1931; x_wconf 89' lang='lat' dir='ltr'><strong>sed</strong></span> <span class='ocrx_word' id='word_1_233' title='bbox 2905 1876 3069 1931; x_wconf 82' lang='lat' dir='ltr'><strong>etiam</strong></span> <span class='ocrx_word' id='word_1_234' title='bbox 3103 1875 3457 1931; x_wconf 78' lang='lat' dir='ltr'><strong>laudandum.</strong></span> <span class='ocrx_word' id='word_1_235' title='bbox 3493 1872 3607 1930; x_wconf 84' lang='lat' dir='ltr'><strong>Hoc</strong></span> 
     </span>
    </p>
   </div>
   <div class='ocr_carea' id='block_1_35' title="bbox 326 1954 1895 2031">
    <p class='ocr_par' dir='ltr' id='par_1_35' title="bbox 326 1954 1895 2031">
     <span class='ocr_line' id='line_1_35' title="bbox 326 1954 1895 2031; baseline 0.012 -26"><span class='ocrx_word' id='word_1_236' title='bbox 326 1954 667 2021; x_wconf 83' lang='grc' dir='ltr'>μιασάμενος</span> <span class='ocrx_word' id='word_1_237' title='bbox 690 1958 855 2028; x_wconf 78' lang='grc' dir='ltr'>φησὶν</span> <span class='ocrx_word' id='word_1_238' title='bbox 882 1960 964 2013; x_wconf 84' lang='grc' dir='ltr'><strong>ὅτι</strong></span> <span class='ocrx_word' id='word_1_239' title='bbox 983 1959 1169 2016; x_wconf 75' lang='grc' dir='ltr'>Ταῦτα</span> <span class='ocrx_word' id='word_1_240' title='bbox 1198 1962 1416 2031; x_wconf 80' lang='grc' dir='ltr'><strong>γράφω,</strong></span> <span class='ocrx_word' id='word_1_241' title='bbox 1434 1964 1517 2019; x_wconf 83' lang='grc' dir='ltr'>ὅτι</span> <span class='ocrx_word' id='word_1_242' title='bbox 1548 1967 1612 2020; x_wconf 72' lang='grc' dir='ltr'><strong>σὺ</strong></span> <span class='ocrx_word' id='word_1_243' title='bbox 1648 1968 1895 2023; x_wconf 76' lang='grc' dir='ltr'>ἐπέστει-</span> 
     </span>
    </p>
   </div>
   <div class='ocr_carea' id='block_1_36' title="bbox 321 2045 1914 2128">
    <p class='ocr_par' dir='ltr' id='par_1_36' title="bbox 321 2045 1914 2128">
     <span class='ocr_line' id='line_1_36' title="bbox 321 2045 1914 2128; baseline 0.01 -29"><span class='ocrx_word' id='word_1_244' title='bbox 321 2045 423 2106; x_wconf 80' lang='grc' dir='ltr'><strong>λας</strong></span> <span class='ocrx_word' id='word_1_245' title='bbox 447 2048 582 2118; x_wconf 77' lang='grc' dir='ltr'>ἡμῖν</span> <span class='ocrx_word' id='word_1_246' title='bbox 608 2048 699 2103; x_wconf 78' lang='grc' dir='ltr'><strong>τὸν</strong></span> <span class='ocrx_word' id='word_1_247' title='bbox 735 2050 1133 2107; x_wconf 80' lang='grc' dir='ltr'>εύλαόἐστατον</span> <span class='ocrx_word' id='word_1_248' title='bbox 1195 2057 1567 2128; x_wconf 78' lang='grc' dir='ltr'>πρεσόύτερον</span> <span class='ocrx_word' id='word_1_249' title='bbox 1613 2059 1914 2115; x_wconf 78' lang='grc' dir='ltr'>ἐπίσκοπον</span> 
     </span>
    </p>
   </div>
   <div class='ocr_carea' id='block_1_37' title="bbox 323 2138 1917 2221">
    <p class='ocr_par' dir='ltr' id='par_1_37' title="bbox 323 2138 1917 2221">
     <span class='ocr_line' id='line_1_37' title="bbox 323 2138 1917 2221; baseline 0.011 -31"><span class='ocrx_word' id='word_1_250' title='bbox 323 2138 601 2209; x_wconf 67' lang='grc' dir='ltr'>ὀνομάσας</span> <span class='ocrx_word' id='word_1_251' title='bbox 622 2159 636 2173; x_wconf 78' lang='grc'><em>’</em></span> <span class='ocrx_word' id='word_1_252' title='bbox 668 2145 760 2197; x_wconf 72' lang='grc' dir='ltr'><strong>καὶ</strong></span> <span class='ocrx_word' id='word_1_253' title='bbox 789 2144 963 2199; x_wconf 80' lang='grc' dir='ltr'>ταῦτα</span> <span class='ocrx_word' id='word_1_254' title='bbox 1009 2147 1177 2202; x_wconf 72' lang='grc' dir='ltr'>αὑτοῦ</span> <span class='ocrx_word' id='word_1_255' title='bbox 1209 2149 1512 2216; x_wconf 82' lang='grc' dir='ltr'>κλαίοντος,</span> <span class='ocrx_word' id='word_1_256' title='bbox 1544 2152 1638 2206; x_wconf 74' lang='grc' dir='ltr'><strong>καὶ</strong></span> <span class='ocrx_word' id='word_1_257' title='bbox 1667 2152 1917 2221; x_wconf 81' lang='grc' dir='ltr'>λέγοντος</span> 
     </span>
    </p>
   </div>
   <div class='ocr_carea' id='block_1_38' title="bbox 326 2232 1913 2315">
    <p class='ocr_par' dir='ltr' id='par_1_38' title="bbox 326 2232 1913 2315">
     <span class='ocr_line' id='line_1_38' title="bbox 326 2232 1913 2315; baseline 0.009 -32"><span class='ocrx_word' id='word_1_258' title='bbox 326 2232 654 2300; x_wconf 75' lang='grc' dir='ltr'>κεκινῆσθαι</span> <span class='ocrx_word' id='word_1_259' title='bbox 693 2236 791 2303; x_wconf 87' lang='grc' dir='ltr'>τῆς</span> <span class='ocrx_word' id='word_1_260' title='bbox 821 2239 1156 2310; x_wconf 81' lang='grc' dir='ltr'>νεμηθείσης</span> <span class='ocrx_word' id='word_1_261' title='bbox 1207 2241 1355 2314; x_wconf 84' lang='grc' dir='ltr'>αύτῷ</span> <span class='ocrx_word' id='word_1_262' title='bbox 1389 2242 1711 2312; x_wconf 84' lang='grc' dir='ltr'>ἐκκλησίας,</span> <span class='ocrx_word' id='word_1_263' title='bbox 1743 2247 1913 2315; x_wconf 79' lang='grc' dir='ltr'>ἤγουν</span> 
     </span>
    </p>
   </div>
   <div class='ocr_carea' id='block_1_39' title="bbox 330 2322 1917 2406">
    <p class='ocr_par' dir='ltr' id='par_1_39' title="bbox 330 2322 1917 2406">
     <span class='ocr_line' id='line_1_39' title="bbox 330 2322 1917 2406; baseline 0.01 -30"><span class='ocrx_word' id='word_1_264' title='bbox 330 2322 694 2393; x_wconf 70' lang='grc' dir='ltr'>ἐκϐεϐλῆσθαι</span> <span class='ocrx_word' id='word_1_265' title='bbox 722 2325 822 2397; x_wconf 80' lang='grc' dir='ltr'>τῆς</span> <span class='ocrx_word' id='word_1_266' title='bbox 857 2328 1108 2401; x_wconf 65' lang='grc' dir='ltr'>δεθείσης</span> <span class='ocrx_word' id='word_1_267' title='bbox 1134 2333 1283 2404; x_wconf 86' lang='grc' dir='ltr'>αύτῷ</span> <span class='ocrx_word' id='word_1_268' title='bbox 1329 2335 1658 2406; x_wconf 78' lang='grc' dir='ltr'>ἐπισκοπῆς,</span> <span class='ocrx_word' id='word_1_269' title='bbox 1693 2331 1802 2391; x_wconf 86' lang='grc' dir='ltr'>Ἦν</span> <span class='ocrx_word' id='word_1_270' title='bbox 1859 2339 1917 2392; x_wconf 81' lang='grc' dir='ltr'><strong>δέ</strong></span> 
     </span>
    </p>
   </div>
   <div class='ocr_carea' id='block_1_40' title="bbox 329 2413 1917 2499">
    <p class='ocr_par' dir='ltr' id='par_1_40' title="bbox 329 2413 1917 2499">
     <span class='ocr_line' id='line_1_40' title="bbox 329 2413 1917 2499; baseline 0.009 -33"><span class='ocrx_word' id='word_1_271' title='bbox 329 2413 622 2470; x_wconf 77' lang='grc' dir='ltr'>ἀκόλουθον</span> <span class='ocrx_word' id='word_1_272' title='bbox 652 2416 684 2488; x_wconf 73' lang='grc' dir='ltr'><strong>ἦ</strong></span> <span class='ocrx_word' id='word_1_273' title='bbox 714 2420 807 2472; x_wconf 83' lang='grc' dir='ltr'><strong>καὶ</strong></span> <span class='ocrx_word' id='word_1_274' title='bbox 832 2420 892 2472; x_wconf 85' lang='grc' dir='ltr'><strong>τδ</strong></span> <span class='ocrx_word' id='word_1_275' title='bbox 912 2421 1085 2492; x_wconf 78' lang='grc' dir='ltr'>ὄνομα</span> <span class='ocrx_word' id='word_1_276' title='bbox 1115 2423 1209 2477; x_wconf 86' lang='grc' dir='ltr'>τοῦ</span> <span class='ocrx_word' id='word_1_277' title='bbox 1240 2426 1544 2481; x_wconf 78' lang='grc' dir='ltr'>ἐπισκόπου</span> <span class='ocrx_word' id='word_1_278' title='bbox 1574 2427 1721 2499; x_wconf 81' lang='grc' dir='ltr'>ἔχειν</span> <span class='ocrx_word' id='word_1_279' title='bbox 1752 2428 1917 2482; x_wconf 68' lang='grc' dir='ltr'>αὑτὸν</span> 
     </span>
    </p>
   </div>
   <div class='ocr_carea' id='block_1_41' title="bbox 329 2503 1917 2594">
    <p class='ocr_par' dir='ltr' id='par_1_41' title="bbox 329 2503 1917 2594">
     <span class='ocr_line' id='line_1_41' title="bbox 329 2503 1917 2594; baseline 0.014 -40"><span class='ocrx_word' id='word_1_280' title='bbox 329 2503 427 2556; x_wconf 77' lang='grc' dir='ltr'>καὶ</span> <span class='ocrx_word' id='word_1_281' title='bbox 469 2506 529 2557; x_wconf 84' lang='grc' dir='ltr'>τὺ</span> <span class='ocrx_word' id='word_1_282' title='bbox 558 2509 815 2578; x_wconf 77' lang='grc' dir='ltr'>πρᾶγμα,</span> <span class='ocrx_word' id='word_1_283' title='bbox 848 2512 1017 2581; x_wconf 89' lang='grc' dir='ltr'>ἤγουν</span> <span class='ocrx_word' id='word_1_284' title='bbox 1044 2520 1142 2586; x_wconf 77' lang='grc' dir='ltr'>τὴν</span> <span class='ocrx_word' id='word_1_285' title='bbox 1182 2516 1490 2590; x_wconf 82' lang='grc' dir='ltr'>ἐπισκοπὴν</span> <span class='ocrx_word' id='word_1_286' title='bbox 1519 2522 1614 2576; x_wconf 72' lang='grc' dir='ltr'><strong>καὶ</strong></span> <span class='ocrx_word' id='word_1_287' title='bbox 1638 2520 1739 2591; x_wconf 78' lang='grc' dir='ltr'>τὴν</span> <span class='ocrx_word' id='word_1_288' title='bbox 1764 2522 1917 2594; x_wconf 81' lang='grc' dir='ltr'>ἐνέρ-</span> 
     </span>
    </p>
   </div>
   <div class='ocr_carea' id='block_1_42' title="bbox 330 2598 1915 2682">
    <p class='ocr_par' dir='ltr' id='par_1_42' title="bbox 330 2598 1915 2682">
     <span class='ocr_line' id='line_1_42' title="bbox 330 2598 1915 2682; baseline 0.014 -36"><span class='ocrx_word' id='word_1_289' title='bbox 330 2610 489 2662; x_wconf 84' lang='grc' dir='ltr'>γειαν</span> <span class='ocrx_word' id='word_1_290' title='bbox 518 2598 610 2651; x_wconf 85' lang='grc' dir='ltr'>τοῦ</span> <span class='ocrx_word' id='word_1_291' title='bbox 647 2602 946 2656; x_wconf 75' lang='grc' dir='ltr'>ἐπισκόπου</span> <span class='ocrx_word' id='word_1_292' title='bbox 970 2620 984 2636; x_wconf 76' lang='grc' dir='ltr'><strong>ο</strong></span> <span class='ocrx_word' id='word_1_293' title='bbox 1017 2606 1049 2677; x_wconf 83' lang='grc' dir='ltr'><strong>ἢ</strong></span> <span class='ocrx_word' id='word_1_294' title='bbox 1087 2608 1135 2661; x_wconf 87' lang='grc' dir='ltr'><strong>εί</strong></span> <span class='ocrx_word' id='word_1_295' title='bbox 1164 2608 1240 2679; x_wconf 82' lang='grc' dir='ltr'>μὴ</span> <span class='ocrx_word' id='word_1_296' title='bbox 1271 2604 1338 2681; x_wconf 80' lang='grc' dir='ltr'>ἧν</span> <span class='ocrx_word' id='word_1_297' title='bbox 1371 2610 1522 2675; x_wconf 80' lang='grc' dir='ltr'>ἄξιος</span> <span class='ocrx_word' id='word_1_298' title='bbox 1553 2614 1915 2682; x_wconf 70' lang='grc' dir='ltr'>προίστασθαι</span> 
     </span>
    </p>
   </div>
   <div class='ocr_carea' id='block_1_43' title="bbox 333 2683 1919 2770">
    <p class='ocr_par' dir='ltr' id='par_1_43' title="bbox 333 2683 1919 2770">
     <span class='ocr_line' id='line_1_43' title="bbox 333 2683 1919 2770; baseline 0.011 -33"><span class='ocrx_word' id='word_1_299' title='bbox 333 2683 747 2758; x_wconf 73' lang='grc' dir='ltr'>θυσιαστηρίου,</span> <span class='ocrx_word' id='word_1_300' title='bbox 773 2692 912 2763; x_wconf 76' lang='grc' dir='ltr'>μηδὲ</span> <span class='ocrx_word' id='word_1_301' title='bbox 952 2694 1252 2751; x_wconf 83' lang='grc' dir='ltr'>ἐπίσκοπον</span> <span class='ocrx_word' id='word_1_302' title='bbox 1287 2698 1560 2767; x_wconf 82' lang='grc' dir='ltr'>λέγεσθαι.</span> <span class='ocrx_word' id='word_1_303' title='bbox 1617 2702 1760 2756; x_wconf 80' lang='grc' dir='ltr'>Ἀλλ’</span> <span class='ocrx_word' id='word_1_304' title='bbox 1783 2702 1919 2770; x_wconf 72' lang='grc' dir='ltr'>ἴσως</span> 
     </span>
    </p>
   </div>
   <div class='ocr_carea' id='block_1_44' title="bbox 330 2777 1918 2866">
    <p class='ocr_par' dir='ltr' id='par_1_44' title="bbox 330 2777 1918 2866">
     <span class='ocr_line' id='line_1_44' title="bbox 330 2777 1918 2866; baseline 0.012 -35"><span class='ocrx_word' id='word_1_305' title='bbox 330 2777 492 2833; x_wconf 79' lang='grc' dir='ltr'>τοῦτο</span> <span class='ocrx_word' id='word_1_306' title='bbox 530 2780 590 2834; x_wconf 76' lang='grc' dir='ltr'>τὸ</span> <span class='ocrx_word' id='word_1_307' title='bbox 628 2783 921 2855; x_wconf 78' lang='grc' dir='ltr'>λεγόμενον</span> <span class='ocrx_word' id='word_1_308' title='bbox 978 2787 1044 2843; x_wconf 80' lang='grc' dir='ltr'>ἄν</span> <span class='ocrx_word' id='word_1_309' title='bbox 1087 2807 1169 2843; x_wconf 91' lang='grc' dir='ltr'><strong>σοι</strong></span> <span class='ocrx_word' id='word_1_310' title='bbox 1217 2791 1344 2863; x_wconf 84' lang='grc' dir='ltr'><strong>δόξῃ</strong></span> <span class='ocrx_word' id='word_1_311' title='bbox 1377 2793 1634 2866; x_wconf 77' lang='grc' dir='ltr'>σκληρὸν,</span> <span class='ocrx_word' id='word_1_312' title='bbox 1679 2795 1836 2865; x_wconf 82' lang='grc' dir='ltr'><strong>κάγὼ</strong></span> <span class='ocrx_word' id='word_1_313' title='bbox 1888 2798 1918 2850; x_wconf 92' lang='lat'><strong>6</strong></span> 
     </span>
    </p>
   </div>
   <div class='ocr_carea' id='block_1_45' title="bbox 330 2868 1915 2960">
    <p class='ocr_par' dir='ltr' id='par_1_45' title="bbox 330 2868 1915 2960">
     <span class='ocr_line' id='line_1_45' title="bbox 330 2868 1915 2960; baseline 0.013 -37"><span class='ocrx_word' id='word_1_314' title='bbox 330 2868 508 2939; x_wconf 70' lang='grc' dir='ltr'>λέγων</span> <span class='ocrx_word' id='word_1_315' title='bbox 532 2875 662 2928; x_wconf 78' lang='grc' dir='ltr'>αὐτὸ</span> <span class='ocrx_word' id='word_1_316' title='bbox 689 2874 1080 2951; x_wconf 76' lang='grc' dir='ltr'>ἀφιλάλληλος’</span> <span class='ocrx_word' id='word_1_317' title='bbox 1115 2883 1216 2937; x_wconf 85' lang='grc' dir='ltr'><strong>ούκ</strong></span> <span class='ocrx_word' id='word_1_318' title='bbox 1245 2884 1361 2938; x_wconf 80' lang='grc' dir='ltr'>ἔστι</span> <span class='ocrx_word' id='word_1_319' title='bbox 1386 2886 1440 2940; x_wconf 83' lang='grc' dir='ltr'><strong>δέ</strong></span> <span class='ocrx_word' id='word_1_320' title='bbox 1466 2886 1644 2941; x_wconf 83' lang='grc' dir='ltr'>τοῦτο.</span> <span class='ocrx_word' id='word_1_321' title='bbox 1662 2887 1915 2960; x_wconf 70' lang='grc' dir='ltr'>Ἐλεῆσαι</span> 
     </span>
    </p>
   </div>
   <div class='ocr_carea' id='block_1_46' title="bbox 334 2962 1914 3049">
    <p class='ocr_par' dir='ltr' id='par_1_46' title="bbox 334 2962 1914 3049">
     <span class='ocr_line' id='line_1_46' title="bbox 334 2962 1914 3049; baseline 0.013 -34"><span class='ocrx_word' id='word_1_322' title='bbox 334 2962 477 3032; x_wconf 81' lang='grc' dir='ltr'>τάχα</span> <span class='ocrx_word' id='word_1_323' title='bbox 499 2984 603 3020; x_wconf 86' lang='grc' dir='ltr'><strong>που</strong></span> <span class='ocrx_word' id='word_1_324' title='bbox 637 2970 939 3040; x_wconf 81' lang='grc' dir='ltr'>νομίζομεν</span> <span class='ocrx_word' id='word_1_325' title='bbox 969 2973 1061 3027; x_wconf 80' lang='grc' dir='ltr'><strong>τὸν</strong></span> <span class='ocrx_word' id='word_1_326' title='bbox 1099 2976 1437 3048; x_wconf 78' lang='grc' dir='ltr'>πρεσϐύτην.</span> <span class='ocrx_word' id='word_1_327' title='bbox 1468 2979 1689 3049; x_wconf 85' lang='grc' dir='ltr'>Είσάγει</span> <span class='ocrx_word' id='word_1_328' title='bbox 1724 2980 1782 3036; x_wconf 81' lang='grc' dir='ltr'>δὲ.</span> <span class='ocrx_word' id='word_1_329' title='bbox 1824 2984 1914 3035; x_wconf 78' lang='grc' dir='ltr'>ἐν·</span> 
     </span>
    </p>
   </div>
   <div class='ocr_carea' id='block_1_47' title="bbox 332 3054 1911 3143">
    <p class='ocr_par' dir='ltr' id='par_1_47' title="bbox 332 3054 1911 3143">
     <span class='ocr_line' id='line_1_47' title="bbox 332 3054 1911 3143; baseline 0.013 -35"><span class='ocrx_word' id='word_1_330' title='bbox 332 3054 509 3111; x_wconf 80' lang='grc' dir='ltr'><strong>ταῦθα</strong></span> <span class='ocrx_word' id='word_1_331' title='bbox 528 3059 618 3112; x_wconf 70' lang='grc' dir='ltr'>τὸν</span> <span class='ocrx_word' id='word_1_332' title='bbox 643 3059 806 3129; x_wconf 86' lang='grc' dir='ltr'>λόγον</span> <span class='ocrx_word' id='word_1_333' title='bbox 828 3064 1226 3133; x_wconf 76' lang='grc' dir='ltr'>πληθυντικῶς,</span> <span class='ocrx_word' id='word_1_334' title='bbox 1246 3068 1437 3143; x_wconf 84' lang='grc' dir='ltr'>ὥσπερ</span> <span class='ocrx_word' id='word_1_335' title='bbox 1468 3072 1561 3126; x_wconf 57' lang='grc' dir='ltr'><strong>καὶ¹</strong></span> <span class='ocrx_word' id='word_1_336' title='bbox 1590 3072 1720 3141; x_wconf 75' lang='grc' dir='ltr'>περὶ</span> <span class='ocrx_word' id='word_1_337' title='bbox 1745 3074 1911 3129; x_wconf 79' lang='grc' dir='ltr'>αὐτοῦ</span> 
     </span>
    </p>
   </div>
   <div class='ocr_carea' id='block_1_48' title="bbox 332 3146 1912 3237">
    <p class='ocr_par' dir='ltr' id='par_1_48' title="bbox 332 3146 1912 3237">
     <span class='ocr_line' id='line_1_48' title="bbox 332 3146 1912 3237; baseline 0.014 -38"><span class='ocrx_word' id='word_1_338' title='bbox 332 3146 511 3214; x_wconf 70' lang='grc' dir='ltr'>λόγων</span> <span class='ocrx_word' id='word_1_339' title='bbox 537 3148 574 3205; x_wconf 77' lang='grc' dir='ltr'>ἃ</span> <span class='ocrx_word' id='word_1_340' title='bbox 609 3148 781 3220; x_wconf 80' lang='grc' dir='ltr'>λέγει,</span> <span class='ocrx_word' id='word_1_341' title='bbox 808 3154 895 3209; x_wconf 80' lang='grc' dir='ltr'>ἵνα</span> <span class='ocrx_word' id='word_1_342' title='bbox 923 3159 1393 3233; x_wconf 81' lang='grc' dir='ltr'>ἀνεπαχθέστερος</span> <span class='ocrx_word' id='word_1_343' title='bbox 1444 3161 1618 3228; x_wconf 79' lang='grc' dir='ltr'>οὕτως</span> <span class='ocrx_word' id='word_1_344' title='bbox 1648 3165 1732 3237; x_wconf 75' lang='grc' dir='ltr'>εἴη</span> <span class='ocrx_word' id='word_1_345' title='bbox 1766 3167 1793 3220; x_wconf 90' lang='lat'><strong>6</strong></span> <span class='ocrx_word' id='word_1_346' title='bbox 1822 3166 1912 3220; x_wconf 86' lang='grc' dir='ltr'>λύ-</span> 
     </span>
    </p>
   </div>
   <div class='ocr_carea' id='block_1_49' title="bbox 2021 1962 3606 2040">
    <p class='ocr_par' dir='ltr' id='par_1_49' title="bbox 2021 1962 3606 2040">
     <span class='ocr_line' id='line_1_49' title="bbox 2021 1962 3606 2040; baseline 0.003 -21"><span class='ocrx_word' id='word_1_347' title='bbox 2021 1981 2150 2020; x_wconf 88' lang='lat' dir='ltr'><strong>usus</strong></span> <span class='ocrx_word' id='word_1_348' title='bbox 2180 1969 2445 2036; x_wconf 73' lang='lat' dir='ltr'><strong>protentio</strong></span> <span class='ocrx_word' id='word_1_349' title='bbox 2468 1969 2640 2025; x_wconf 91' lang='lat' dir='ltr'><strong>dicit:</strong></span> <span class='ocrx_word' id='word_1_350' title='bbox 2664 1967 2791 2024; x_wconf 77' lang='lat' dir='ltr'><strong>llaec</strong></span> <span class='ocrx_word' id='word_1_351' title='bbox 2812 1968 3012 2032; x_wconf 87' lang='lat' dir='ltr'><strong>scribo.</strong></span> <span class='ocrx_word' id='word_1_352' title='bbox 3037 1970 3162 2040; x_wconf 85' lang='lat' dir='ltr'><strong>quia</strong></span> <span class='ocrx_word' id='word_1_353' title='bbox 3196 1977 3250 2023; x_wconf 90' lang='lat' dir='ltr'><strong>tu</strong></span> <span class='ocrx_word' id='word_1_354' title='bbox 3283 1962 3477 2024; x_wconf 73' lang='lat' dir='ltr'><strong>ad&#39;nos</strong></span> <span class='ocrx_word' id='word_1_355' title='bbox 3502 1967 3606 2024; x_wconf 81' lang='lat' dir='ltr'><strong>mi-</strong></span> 
     </span>
    </p>
   </div>
   <div class='ocr_carea' id='block_1_50' title="bbox 2017 2059 3607 2134">
    <p class='ocr_par' dir='ltr' id='par_1_50' title="bbox 2017 2059 3607 2134">
     <span class='ocr_line' id='line_1_50' title="bbox 2017 2059 3607 2134; baseline 0.001 -23"><span class='ocrx_word' id='word_1_356' title='bbox 2017 2059 2159 2123; x_wconf 79' lang='lat' dir='ltr'><strong>sisti,</strong></span> <span class='ocrx_word' id='word_1_357' title='bbox 2212 2059 2678 2130; x_wconf 78' lang='lat' dir='ltr'><strong>religiosissimum</strong></span> <span class='ocrx_word' id='word_1_358' title='bbox 2734 2063 3110 2133; x_wconf 77' lang='lat' dir='ltr'><strong>presbyterum</strong></span> <span class='ocrx_word' id='word_1_359' title='bbox 3157 2063 3467 2134; x_wconf 71' lang='lat' dir='ltr'><strong>episcopum</strong></span> <span class='ocrx_word' id='word_1_360' title='bbox 3506 2077 3607 2115; x_wconf 79' lang='lat' dir='ltr'><strong>nn-</strong></span> 
     </span>
    </p>
   </div>
   <div class='ocr_carea' id='block_1_51' title="bbox 2019 2152 3606 2223">
    <p class='ocr_par' dir='ltr' id='par_1_51' title="bbox 2019 2152 3606 2223">
     <span class='ocr_line' id='line_1_51' title="bbox 2019 2152 3606 2223; baseline 0 -17"><span class='ocrx_word' id='word_1_361' title='bbox 2019 2153 2232 2209; x_wconf 80' lang='lat' dir='ltr'><strong>minans</strong></span> <span class='ocrx_word' id='word_1_362' title='bbox 2258 2170 2272 2207; x_wconf 92' lang='lat'><strong>:</strong></span> <span class='ocrx_word' id='word_1_363' title='bbox 2301 2168 2424 2209; x_wconf 90' lang='lat' dir='ltr'><strong>cum</strong></span> <span class='ocrx_word' id='word_1_364' title='bbox 2451 2153 2799 2223; x_wconf 88' lang='lat' dir='ltr'><strong>ipseinterim</strong></span> <span class='ocrx_word' id='word_1_365' title='bbox 2844 2152 3057 2217; x_wconf 79' lang='lat' dir='ltr'><strong>deﬂeat,</strong></span> <span class='ocrx_word' id='word_1_366' title='bbox 3084 2165 3139 2209; x_wconf 91' lang='lat' dir='ltr'><strong>et</strong></span> <span class='ocrx_word' id='word_1_367' title='bbox 3169 2153 3323 2209; x_wconf 8' lang='lat' dir='ltr'><strong>dicat-0</strong></span> <span class='ocrx_word' id='word_1_368' title='bbox 3337 2169 3396 2208; x_wconf 90' lang='lat' dir='ltr'><strong>se</strong></span> <span class='ocrx_word' id='word_1_369' title='bbox 3426 2169 3454 2206; x_wconf 86' lang='lat' dir='ltr'><strong>a</strong></span> <span class='ocrx_word' id='word_1_370' title='bbox 3484 2169 3606 2221; x_wconf 81' lang='lat' dir='ltr'><strong>pos-</strong></span> 
     </span>
    </p>
   </div>
   <div class='ocr_carea' id='block_1_52' title="bbox 2019 2245 3606 2316">
    <p class='ocr_par' dir='ltr' id='par_1_52' title="bbox 2019 2245 3606 2316">
     <span class='ocr_line' id='line_1_52' title="bbox 2019 2245 3606 2316; baseline -0.001 -15"><span class='ocrx_word' id='word_1_371' title='bbox 2019 2260 2164 2301; x_wconf 73' lang='lat' dir='ltr'><strong>sessa</strong></span> <span class='ocrx_word' id='word_1_372' title='bbox 2199 2245 2302 2300; x_wconf 86' lang='lat' dir='ltr'><strong>sibi</strong></span> <span class='ocrx_word' id='word_1_373' title='bbox 2330 2245 2555 2301; x_wconf 86' lang='lat' dir='ltr'><strong>ecclesia</strong></span> <span class='ocrx_word' id='word_1_374' title='bbox 2587 2246 2819 2316; x_wconf 85' lang='lat' dir='ltr'><strong>ejectum</strong></span> <span class='ocrx_word' id='word_1_375' title='bbox 2862 2260 3004 2310; x_wconf 88' lang='lat' dir='ltr'><strong>csse,</strong></span> <span class='ocrx_word' id='word_1_376' title='bbox 3029 2260 3129 2301; x_wconf 81' lang='lat' dir='ltr'><strong>seu</strong></span> <span class='ocrx_word' id='word_1_377' title='bbox 3161 2261 3187 2298; x_wconf 71' lang='grc' dir='ltr'>τι</span> <span class='ocrx_word' id='word_1_378' title='bbox 3218 2246 3322 2301; x_wconf 87' lang='lat' dir='ltr'><strong>sibi</strong></span> <span class='ocrx_word' id='word_1_379' title='bbox 3345 2245 3468 2299; x_wconf 88' lang='lat' dir='ltr'><strong>dato</strong></span> <span class='ocrx_word' id='word_1_380' title='bbox 3489 2247 3606 2316; x_wconf 52' lang='lat' dir='ltr'><strong>epis</strong></span> 
     </span>
    </p>
   </div>
   <div class='ocr_carea' id='block_1_53' title="bbox 2017 2338 3609 2409">
    <p class='ocr_par' dir='ltr' id='par_1_53' title="bbox 2017 2338 3609 2409">
     <span class='ocr_line' id='line_1_53' title="bbox 2017 2338 3609 2409; baseline 0.001 -17"><span class='ocrx_word' id='word_1_381' title='bbox 2017 2346 2241 2407; x_wconf 12' lang='lat' dir='ltr'><strong>str‘opatu</strong></span> <span class='ocrx_word' id='word_1_382' title='bbox 2288 2338 2598 2409; x_wconf 82' lang='lat' dir='ltr'><strong>expulsum.</strong></span> <span class='ocrx_word' id='word_1_383' title='bbox 2649 2339 2778 2394; x_wconf 83' lang='lat' dir='ltr'><strong>Erat</strong></span> <span class='ocrx_word' id='word_1_384' title='bbox 2812 2347 2991 2395; x_wconf 77' lang='lat' dir='ltr'><strong>autem</strong></span> <span class='ocrx_word' id='word_1_385' title='bbox 3048 2347 3496 2405; x_wconf 78' lang='lat' dir='ltr'><strong>consentaneum,</strong></span> <span class='ocrx_word' id='word_1_386' title='bbox 3548 2351 3609 2394; x_wconf 80' lang='lat' dir='ltr'><strong>ut</strong></span> 
     </span>
    </p>
   </div>
   <div class='ocr_carea' id='block_1_54' title="bbox 2017 2430 3607 2504">
    <p class='ocr_par' dir='ltr' id='par_1_54' title="bbox 2017 2430 3607 2504">
     <span class='ocr_line' id='line_1_54' title="bbox 2017 2430 3607 2504; baseline -0.002 -19"><span class='ocrx_word' id='word_1_387' title='bbox 2017 2430 2100 2486; x_wconf 89' lang='lat' dir='ltr'><strong>vel</strong></span> <span class='ocrx_word' id='word_1_388' title='bbox 2129 2446 2329 2488; x_wconf 85' lang='lat' dir='ltr'><strong>nomen</strong></span> <span class='ocrx_word' id='word_1_389' title='bbox 2365 2431 2591 2487; x_wconf 87' lang='lat' dir='ltr'><strong>haheret</strong></span> <span class='ocrx_word' id='word_1_390' title='bbox 2622 2432 2883 2504; x_wconf 80' lang='lat' dir='ltr'><strong>episcopi,</strong></span> <span class='ocrx_word' id='word_1_391' title='bbox 2908 2441 2972 2488; x_wconf 90' lang='lat' dir='ltr'><strong>et</strong></span> <span class='ocrx_word' id='word_1_392' title='bbox 3012 2448 3147 2497; x_wconf 88' lang='lat' dir='ltr'><strong>rem,</strong></span> <span class='ocrx_word' id='word_1_393' title='bbox 3180 2449 3275 2487; x_wconf 91' lang='lat' dir='ltr'><strong>seu</strong></span> <span class='ocrx_word' id='word_1_394' title='bbox 3325 2433 3607 2500; x_wconf 76' lang='lat' dir='ltr'><strong>episcopa-</strong></span> 
     </span>
    </p>
   </div>
   <div class='ocr_carea' id='block_1_55' title="bbox 2020 2523 3606 2593">
    <p class='ocr_par' dir='ltr' id='par_1_55' title="bbox 2020 2523 3606 2593">
     <span class='ocr_line' id='line_1_55' title="bbox 2020 2523 3606 2593; baseline -0.001 -16"><span class='ocrx_word' id='word_1_395' title='bbox 2020 2531 2133 2579; x_wconf 86' lang='lat' dir='ltr'><strong>tum</strong></span> <span class='ocrx_word' id='word_1_396' title='bbox 2163 2532 2218 2579; x_wconf 83' lang='lat' dir='ltr'><strong>et</strong></span> <span class='ocrx_word' id='word_1_397' title='bbox 2245 2523 2484 2593; x_wconf 82' lang='lat' dir='ltr'><strong>episcopi</strong></span> <span class='ocrx_word' id='word_1_398' title='bbox 2521 2539 2719 2580; x_wconf 82' lang='lat' dir='ltr'><strong>munus</strong></span> <span class='ocrx_word' id='word_1_399' title='bbox 2746 2542 2762 2577; x_wconf 72' lang='grc' dir='ltr'><strong>ς</strong></span> <span class='ocrx_word' id='word_1_400' title='bbox 2800 2524 2888 2579; x_wconf 84' lang='lat' dir='ltr'><strong>vel</strong></span> <span class='ocrx_word' id='word_1_401' title='bbox 2908 2525 2952 2579; x_wconf 87' lang='lat' dir='ltr'><strong>si</strong></span> <span class='ocrx_word' id='word_1_402' title='bbox 2985 2541 3091 2578; x_wconf 87' lang='lat' dir='ltr'><strong>non</strong></span> <span class='ocrx_word' id='word_1_403' title='bbox 3126 2533 3250 2579; x_wconf 85' lang='lat' dir='ltr'><strong>erat</strong></span> <span class='ocrx_word' id='word_1_404' title='bbox 3296 2523 3488 2590; x_wconf 76' lang='lat' dir='ltr'><strong>dignus</strong></span> <span class='ocrx_word' id='word_1_405' title='bbox 3513 2523 3606 2592; x_wconf 81' lang='lat' dir='ltr'><strong>qui</strong></span> 
     </span>
    </p>
   </div>
   <div class='ocr_carea' id='block_1_56' title="bbox 2018 2612 3611 2685">
    <p class='ocr_par' dir='ltr' id='par_1_56' title="bbox 2018 2612 3611 2685">
     <span class='ocr_line' id='line_1_56' title="bbox 2018 2612 3611 2685; baseline 0.001 -18"><span class='ocrx_word' id='word_1_406' title='bbox 2018 2613 2174 2670; x_wconf 85' lang='lat' dir='ltr'><strong>altari</strong></span> <span class='ocrx_word' id='word_1_407' title='bbox 2203 2620 2478 2684; x_wconf 62' lang='lat' dir='ltr'><strong>praesset,</strong></span> <span class='ocrx_word' id='word_1_408' title='bbox 2501 2614 2908 2685; x_wconf 77' lang='lat' dir='ltr'><strong>necepiscopus</strong></span> <span class='ocrx_word' id='word_1_409' title='bbox 2933 2615 3151 2683; x_wconf 86' lang='lat' dir='ltr'><strong>quidem</strong></span> <span class='ocrx_word' id='word_1_410' title='bbox 3175 2613 3475 2670; x_wconf 83' lang='lat' dir='ltr'><strong>diceretur.</strong></span> <span class='ocrx_word' id='word_1_411' title='bbox 3501 2612 3611 2668; x_wconf 79' lang='lat' dir='ltr'><strong>Sed</strong></span> 
     </span>
    </p>
   </div>
   <div class='ocr_carea' id='block_1_57' title="bbox 2017 2704 3613 2781">
    <p class='ocr_par' dir='ltr' id='par_1_57' title="bbox 2017 2704 3613 2781">
     <span class='ocr_line' id='line_1_57' title="bbox 2017 2704 3613 2781; baseline -0.001 -22"><span class='ocrx_word' id='word_1_412' title='bbox 2017 2704 2254 2760; x_wconf 76' lang='lat' dir='ltr'><strong>fortasse</strong></span> <span class='ocrx_word' id='word_1_413' title='bbox 2274 2705 2350 2769; x_wconf 79' lang='lat' dir='ltr'><strong>id,</strong></span> <span class='ocrx_word' id='word_1_414' title='bbox 2369 2706 2517 2776; x_wconf 76' lang='lat' dir='ltr'><strong>quod</strong></span> <span class='ocrx_word' id='word_1_415' title='bbox 2547 2706 2748 2762; x_wconf 86' lang='lat' dir='ltr'><strong>dictum</strong></span> <span class='ocrx_word' id='word_1_416' title='bbox 2778 2705 3009 2774; x_wconf 74' lang='grc' dir='ltr'>εει,ιίὺί</span> <span class='ocrx_word' id='word_1_417' title='bbox 3042 2705 3288 2761; x_wconf 88' lang='lat' dir='ltr'><strong>videatur</strong></span> <span class='ocrx_word' id='word_1_418' title='bbox 3310 2704 3531 2781; x_wconf 78' lang='lat' dir='ltr'><strong>durum,</strong></span> <span class='ocrx_word' id='word_1_419' title='bbox 3556 2715 3613 2760; x_wconf 87' lang='lat' dir='ltr'><strong>et</strong></span> 
     </span>
    </p>
   </div>
   <div class='ocr_carea' id='block_1_58' title="bbox 2017 2782 3609 2869">
    <p class='ocr_par' dir='ltr' id='par_1_58' title="bbox 2017 2782 3609 2869">
     <span class='ocr_line' id='line_1_58' title="bbox 2017 2782 3609 2869; baseline -0.001 -18"><span class='ocrx_word' id='word_1_420' title='bbox 2017 2809 2117 2865; x_wconf 77' lang='lat' dir='ltr'><strong>ego</strong></span> <span class='ocrx_word' id='word_1_421' title='bbox 2146 2782 2383 2867; x_wconf 82' lang='lat' dir='ltr'><strong>quoque,</strong></span> <span class='ocrx_word' id='word_1_422' title='bbox 2411 2798 2502 2869; x_wconf 87' lang='lat' dir='ltr'><strong>qui</strong></span> <span class='ocrx_word' id='word_1_423' title='bbox 2530 2797 2580 2851; x_wconf 88' lang='lat' dir='ltr'><strong>id</strong></span> <span class='ocrx_word' id='word_1_424' title='bbox 2614 2798 2755 2862; x_wconf 89' lang='lat' dir='ltr'><strong>dico,</strong></span> <span class='ocrx_word' id='word_1_425' title='bbox 2788 2797 3216 2853; x_wconf 84' lang='lat' dir='ltr'><strong>immisericors:</strong></span> <span class='ocrx_word' id='word_1_426' title='bbox 3251 2797 3344 2852; x_wconf 90' lang='lat' dir='ltr'><strong>sed</strong></span> <span class='ocrx_word' id='word_1_427' title='bbox 3380 2811 3484 2850; x_wconf 92' lang='lat' dir='ltr'><strong>non</strong></span> <span class='ocrx_word' id='word_1_428' title='bbox 3534 2796 3609 2850; x_wconf 87' lang='lat' dir='ltr'><strong>ita</strong></span> 
     </span>
    </p>
   </div>
   <div class='ocr_carea' id='block_1_59' title="bbox 2015 2886 3610 2959">
    <p class='ocr_par' dir='ltr' id='par_1_59' title="bbox 2015 2886 3610 2959">
     <span class='ocr_line' id='line_1_59' title="bbox 2015 2886 3610 2959; baseline 0 -16"><span class='ocrx_word' id='word_1_429' title='bbox 2015 2897 2119 2943; x_wconf 89' lang='lat' dir='ltr'><strong>est.</strong></span> <span class='ocrx_word' id='word_1_430' title='bbox 2154 2886 2268 2943; x_wconf 85' lang='lat' dir='ltr'><strong>Nos</strong></span> <span class='ocrx_word' id='word_1_431' title='bbox 2288 2890 2435 2944; x_wconf 89' lang='lat' dir='ltr'><strong>enim</strong></span> <span class='ocrx_word' id='word_1_432' title='bbox 2478 2888 2624 2944; x_wconf 86' lang='lat' dir='ltr'><strong>senis</strong></span> <span class='ocrx_word' id='word_1_433' title='bbox 2666 2889 2855 2959; x_wconf 82' lang='lat' dir='ltr'><strong>utique</strong></span> <span class='ocrx_word' id='word_1_434' title='bbox 2907 2903 3012 2944; x_wconf 77' lang='lat' dir='ltr'><strong>nos</strong></span> <span class='ocrx_word' id='word_1_435' title='bbox 3037 2888 3303 2944; x_wconf 84' lang='lat' dir='ltr'><strong>misereri</strong></span> <span class='ocrx_word' id='word_1_436' title='bbox 3332 2895 3610 2954; x_wconf 78' lang='lat' dir='ltr'><strong>putamus.</strong></span> 
     </span>
    </p>
   </div>
   <div class='ocr_carea' id='block_1_60' title="bbox 2017 2977 3610 3050">
    <p class='ocr_par' dir='ltr' id='par_1_60' title="bbox 2017 2977 3610 3050">
     <span class='ocr_line' id='line_1_60' title="bbox 2017 2977 3610 3050; baseline -0.001 -16"><span class='ocrx_word' id='word_1_437' title='bbox 2017 2977 2329 3036; x_wconf 82' lang='lat' dir='ltr'><strong>Oratiooem</strong></span> <span class='ocrx_word' id='word_1_438' title='bbox 2356 2990 2537 3035; x_wconf 88' lang='lat' dir='ltr'><strong>autem</strong></span> <span class='ocrx_word' id='word_1_439' title='bbox 2567 2979 2849 3050; x_wconf 89' lang='lat' dir='ltr'><strong>pluraliter</strong></span> <span class='ocrx_word' id='word_1_440' title='bbox 2878 2978 3147 3045; x_wconf 82' lang='lat' dir='ltr'><strong>enuntiat,</strong></span> <span class='ocrx_word' id='word_1_441' title='bbox 3175 2988 3432 3047; x_wconf 81' lang='lat' dir='ltr'><strong>tanquam</strong></span> <span class='ocrx_word' id='word_1_442' title='bbox 3458 2980 3610 3032; x_wconf 81' lang='lat' dir='ltr'><strong>dese</strong></span> 
     </span>
    </p>
   </div>
   <div class='ocr_carea' id='block_1_61' title="bbox 2016 3069 3611 3143">
    <p class='ocr_par' dir='ltr' id='par_1_61' title="bbox 2016 3069 3611 3143">
     <span class='ocr_line' id='line_1_61' title="bbox 2016 3069 3611 3143; baseline 0 -21"><span class='ocrx_word' id='word_1_443' title='bbox 2016 3073 2134 3142; x_wconf 78' lang='lat' dir='ltr'><strong>ipso</strong></span> <span class='ocrx_word' id='word_1_444' title='bbox 2183 3083 2400 3143; x_wconf 87' lang='lat' dir='ltr'><strong>quoque</strong></span> <span class='ocrx_word' id='word_1_445' title='bbox 2442 3071 2631 3128; x_wconf 87' lang='lat' dir='ltr'><strong>dicens</strong></span> <span class='ocrx_word' id='word_1_446' title='bbox 2681 3086 2801 3142; x_wconf 71' lang='lat' dir='ltr'><strong>quae</strong></span> <span class='ocrx_word' id='word_1_447' title='bbox 2843 3072 2993 3139; x_wconf 88' lang='lat' dir='ltr'><strong>dicit,</strong></span> <span class='ocrx_word' id='word_1_448' title='bbox 3034 3081 3092 3126; x_wconf 92' lang='lat' dir='ltr'><strong>ut</strong></span> <span class='ocrx_word' id='word_1_449' title='bbox 3122 3070 3203 3125; x_wconf 84' lang='lat' dir='ltr'><strong>sic</strong></span> <span class='ocrx_word' id='word_1_450' title='bbox 3241 3069 3426 3124; x_wconf 88' lang='lat' dir='ltr'><strong>minus</strong></span> <span class='ocrx_word' id='word_1_451' title='bbox 3463 3080 3611 3124; x_wconf 87' lang='lat' dir='ltr'><strong>esset</strong></span> 
     </span>
    </p>
   </div>
   <div class='ocr_carea' id='block_1_62' title="bbox 2037 3158 3607 3237">
    <p class='ocr_par' dir='ltr' id='par_1_62' title="bbox 2037 3158 3607 3237">
     <span class='ocr_line' id='line_1_62' title="bbox 2037 3158 3607 3237; baseline -0.003 -22"><span class='ocrx_word' id='word_1_452' title='bbox 2037 3162 2261 3217; x_wconf 84' lang='lat' dir='ltr'><strong>molesta</strong></span> <span class='ocrx_word' id='word_1_453' title='bbox 2296 3162 2495 3237; x_wconf 76' lang='lat' dir='ltr'><strong>oratio.</strong></span> <span class='ocrx_word' id='word_1_454' title='bbox 2524 3170 2581 3217; x_wconf 89' lang='lat' dir='ltr'><strong>et</strong></span> <span class='ocrx_word' id='word_1_455' title='bbox 2612 3177 2715 3217; x_wconf 91' lang='lat' dir='ltr'><strong>non</strong></span> <span class='ocrx_word' id='word_1_456' title='bbox 2749 3160 2814 3215; x_wconf 90' lang='lat' dir='ltr'><strong>ad</strong></span> <span class='ocrx_word' id='word_1_457' title='bbox 2842 3160 2961 3230; x_wconf 84' lang='lat' dir='ltr'><strong>ejus</strong></span> <span class='ocrx_word' id='word_1_458' title='bbox 2993 3159 3165 3215; x_wconf 86' lang='lat' dir='ltr'><strong>solius</strong></span> <span class='ocrx_word' id='word_1_459' title='bbox 3193 3158 3607 3213; x_wconf 83' lang='lat' dir='ltr'><strong>insectationem</strong></span> 
     </span>
    </p>
   </div>
   <div class='ocr_carea' id='block_1_63' title="bbox 332 3236 1919 3330">
    <p class='ocr_par' dir='ltr' id='par_1_63' title="bbox 332 3236 1919 3330">
     <span class='ocr_line' id='line_1_63' title="bbox 332 3236 1919 3330; baseline 0.011 -36"><span class='ocrx_word' id='word_1_460' title='bbox 332 3256 452 3309; x_wconf 85' lang='grc' dir='ltr'>γος,</span> <span class='ocrx_word' id='word_1_461' title='bbox 480 3242 576 3297; x_wconf 71' lang='grc' dir='ltr'><strong>καὶ</strong></span> <span class='ocrx_word' id='word_1_462' title='bbox 612 3245 688 3316; x_wconf 71' lang='grc' dir='ltr'><strong>μὴ</strong></span> <span class='ocrx_word' id='word_1_463' title='bbox 713 3247 793 3309; x_wconf 83' lang='grc' dir='ltr'><strong>είς</strong></span> <span class='ocrx_word' id='word_1_464' title='bbox 823 3252 1175 3324; x_wconf 76' lang='grc' dir='ltr'>καταδρομὴν</span> <span class='ocrx_word' id='word_1_465' title='bbox 1209 3254 1375 3324; x_wconf 85' lang='grc' dir='ltr'>μόνου</span> <span class='ocrx_word' id='word_1_466' title='bbox 1410 3256 1626 3311; x_wconf 86' lang='grc' dir='ltr'>ἐκείνου</span> <span class='ocrx_word' id='word_1_467' title='bbox 1656 3236 1785 3330; x_wconf 83' lang='grc' dir='ltr'>δοκῇ</span> <span class='ocrx_word' id='word_1_468' title='bbox 1835 3259 1919 3329; x_wconf 76' lang='grc' dir='ltr'>γίο</span> 
     </span>
    </p>
   </div>
   <div class='ocr_carea' id='block_1_64' title="bbox 2024 3236 3615 3330">
    <p class='ocr_par' dir='ltr' id='par_1_64' title="bbox 2024 3236 3615 3320">
     <span class='ocr_line' id='line_1_64' title="bbox 2024 3236 3615 3320; baseline -0.003 -14"><span class='ocrx_word' id='word_1_469' title='bbox 2024 3251 2167 3306; x_wconf 79' lang='lat' dir='ltr'><strong>facta</strong></span> <span class='ocrx_word' id='word_1_470' title='bbox 2200 3266 2321 3308; x_wconf 88' lang='lat' dir='ltr'><strong>esse</strong></span> <span class='ocrx_word' id='word_1_471' title='bbox 2345 3236 2642 3306; x_wconf 82' lang='lat' dir='ltr'><strong>videretur.</strong></span> <span class='ocrx_word' id='word_1_472' title='bbox 2676 3251 2743 3306; x_wconf 82' lang='lat' dir='ltr'><strong>Et</strong></span> <span class='ocrx_word' id='word_1_473' title='bbox 2774 3251 2930 3305; x_wconf 90' lang='lat' dir='ltr'><strong>nobis</strong></span> <span class='ocrx_word' id='word_1_474' title='bbox 2956 3249 3128 3320; x_wconf 82' lang='lat' dir='ltr'><strong>ipsius</strong></span> <span class='ocrx_word' id='word_1_475' title='bbox 3152 3248 3314 3303; x_wconf 89' lang='lat' dir='ltr'><strong>veluti</strong></span> <span class='ocrx_word' id='word_1_476' title='bbox 3349 3247 3615 3304; x_wconf 82' lang='lat' dir='ltr'><strong>miseran-</strong></span> 
     </span>
    </p>
   </div>
   <div class='ocr_carea' id='block_1_65' title="bbox 331 3335 1920 3424">
    <p class='ocr_par' dir='ltr' id='par_1_65' title="bbox 331 3335 1920 3424">
     <span class='ocr_line' id='line_1_65' title="bbox 331 3335 1920 3424; baseline 0.012 -36"><span class='ocrx_word' id='word_1_477' title='bbox 331 3335 544 3392; x_wconf 83' lang='grc' dir='ltr'>νεσθαι.</span> <span class='ocrx_word' id='word_1_478' title='bbox 581 3341 690 3392; x_wconf 75' lang='grc' dir='ltr'>Καὶ</span> <span class='ocrx_word' id='word_1_479' title='bbox 710 3341 785 3424; x_wconf 79' lang='grc' dir='ltr'>ὡς</span> <span class='ocrx_word' id='word_1_480' title='bbox 817 3342 1114 3400; x_wconf 75' lang='grc' dir='ltr'>ἐλεούντων</span> <span class='ocrx_word' id='word_1_481' title='bbox 1162 3347 1321 3418; x_wconf 80' lang='grc' dir='ltr'>ἡμῶν</span> <span class='ocrx_word' id='word_1_482' title='bbox 1351 3350 1534 3418; x_wconf 76' lang='grc' dir='ltr'>αύτδν,</span> <span class='ocrx_word' id='word_1_483' title='bbox 1575 3352 1731 3424; x_wconf 67' lang='grc' dir='ltr'>φησι,</span> <span class='ocrx_word' id='word_1_484' title='bbox 1783 3352 1920 3422; x_wconf 88' lang='grc' dir='ltr'>μόνη</span> 
     </span>
    </p>
   </div>
   <div class='ocr_carea' id='block_1_66' title="bbox 335 3420 1919 3514">
    <p class='ocr_par' dir='ltr' id='par_1_66' title="bbox 335 3420 1919 3514">
     <span class='ocr_line' id='line_1_66' title="bbox 335 3420 1919 3514; baseline 0.011 -35"><span class='ocrx_word' id='word_1_485' title='bbox 335 3426 486 3514; x_wconf 68' lang='grc' dir='ltr'>αὐτῷ</span> <span class='ocrx_word' id='word_1_486' title='bbox 516 3420 900 3505; x_wconf 80' lang='grc' dir='ltr'>κατελείφθηὴ</span> <span class='ocrx_word' id='word_1_487' title='bbox 936 3436 1127 3514; x_wconf 82' lang='grc' dir='ltr'>κλῆσις</span> <span class='ocrx_word' id='word_1_488' title='bbox 1155 3438 1247 3492; x_wconf 80' lang='grc' dir='ltr'>τοῦ</span> <span class='ocrx_word' id='word_1_489' title='bbox 1291 3420 1837 3514; x_wconf 57' lang='grc' dir='ltr'>επισκάποιέξηολλῷ</span> <span class='ocrx_word' id='word_1_490' title='bbox 1862 3420 1919 3497; x_wconf 64' lang='grc' dir='ltr'><em>δέ</em></span> 
     </span>
    </p>
   </div>
   <div class='ocr_carea' id='block_1_67' title="bbox 334 3511 1920 3600">
    <p class='ocr_par' dir='ltr' id='par_1_67' title="bbox 334 3511 1920 3600">
     <span class='ocr_line' id='line_1_67' title="bbox 334 3511 1920 3600; baseline 0.012 -31"><span class='ocrx_word' id='word_1_491' title='bbox 334 3511 404 3586; x_wconf 73' lang='grc' dir='ltr'>ἦν</span> <span class='ocrx_word' id='word_1_492' title='bbox 424 3521 679 3588; x_wconf 81' lang='grc' dir='ltr'>κρεῖσσον</span> <span class='ocrx_word' id='word_1_493' title='bbox 709 3511 967 3594; x_wconf 80' lang='grc' dir='ltr'>ἐννοῆσαι</span> <span class='ocrx_word' id='word_1_494' title='bbox 991 3526 1164 3581; x_wconf 82' lang='grc' dir='ltr'>καὶτὸ</span> <span class='ocrx_word' id='word_1_495' title='bbox 1182 3529 1390 3600; x_wconf 75' lang='grc' dir='ltr'>ἕτερον.</span> <span class='ocrx_word' id='word_1_496' title='bbox 1412 3533 1571 3586; x_wconf 79' lang='grc' dir='ltr'>Ποῖον</span> <span class='ocrx_word' id='word_1_497' title='bbox 1606 3511 1819 3598; x_wconf 48' lang='grc' dir='ltr'>τοῦ-ξος</span> <span class='ocrx_word' id='word_1_498' title='bbox 1844 3536 1920 3588; x_wconf 82' lang='grc' dir='ltr'>Ού</span> 
     </span>
    </p>
   </div>
   <div class='ocr_carea' id='block_1_68' title="bbox 334 3606 1924 3693">
    <p class='ocr_par' dir='ltr' id='par_1_68' title="bbox 334 3606 1924 3693">
     <span class='ocr_line' id='line_1_68' title="bbox 334 3606 1924 3693; baseline 0.011 -32"><span class='ocrx_word' id='word_1_499' title='bbox 334 3606 558 3677; x_wconf 77' lang='grc' dir='ltr'>δδθῆναι</span> <span class='ocrx_word' id='word_1_500' title='bbox 620 3612 771 3683; x_wconf 85' lang='grc' dir='ltr'>αύτῷ</span> <span class='ocrx_word' id='word_1_501' title='bbox 845 3615 1041 3687; x_wconf 70' lang='grc' dir='ltr'>καιρὸν</span> <span class='ocrx_word' id='word_1_502' title='bbox 1104 3618 1423 3687; x_wconf 77' lang='grc' dir='ltr'>ἀπολογίας,</span> <span class='ocrx_word' id='word_1_503' title='bbox 1479 3624 1574 3676; x_wconf 72' lang='grc' dir='ltr'><strong>καὶ</strong></span> <span class='ocrx_word' id='word_1_504' title='bbox 1640 3623 1924 3693; x_wconf 74' lang='grc' dir='ltr'>ἀκρόασιν</span> 
     </span>
    </p>
   </div>
   <div class='ocr_carea' id='block_1_69' title="bbox 340 3703 1924 3782">
    <p class='ocr_par' dir='ltr' id='par_1_69' title="bbox 340 3703 1924 3782">
     <span class='ocr_line' id='line_1_69' title="bbox 340 3703 1924 3782; baseline 0.01 -29"><span class='ocrx_word' id='word_1_505' title='bbox 340 3703 709 3770; x_wconf 79' lang='grc' dir='ltr'>προστεθῆναι</span> <span class='ocrx_word' id='word_1_506' title='bbox 737 3706 1052 3777; x_wconf 80' lang='grc' dir='ltr'>κανονικὴν,</span> <span class='ocrx_word' id='word_1_507' title='bbox 1103 3707 1272 3778; x_wconf 89' lang='grc' dir='ltr'>ἤγουν</span> <span class='ocrx_word' id='word_1_508' title='bbox 1316 3708 1666 3782; x_wconf 77' lang='grc' dir='ltr'>δικαστήριον</span> <span class='ocrx_word' id='word_1_509' title='bbox 1713 3714 1924 3768; x_wconf 72' lang='grc' dir='ltr'>συνοδί·</span> 
     </span>
    </p>
   </div>
   <div class='ocr_carea' id='block_1_70' title="bbox 338 3792 1925 3876">
    <p class='ocr_par' dir='ltr' id='par_1_70' title="bbox 338 3792 1925 3876">
     <span class='ocr_line' id='line_1_70' title="bbox 338 3792 1925 3876; baseline 0.008 -30"><span class='ocrx_word' id='word_1_510' title='bbox 338 3792 456 3848; x_wconf 85' lang='grc' dir='ltr'>κόν.</span> <span class='ocrx_word' id='word_1_511' title='bbox 496 3795 665 3864; x_wconf 75' lang='grc' dir='ltr'>Λέγει</span> <span class='ocrx_word' id='word_1_512' title='bbox 687 3796 795 3865; x_wconf 83' lang='grc' dir='ltr'>γὰρ</span> <span class='ocrx_word' id='word_1_513' title='bbox 824 3797 1083 3853; x_wconf 83' lang='grc' dir='ltr'>δύνασθαι</span> <span class='ocrx_word' id='word_1_514' title='bbox 1118 3802 1383 3869; x_wconf 83' lang='grc' dir='ltr'>συστῆναι</span> <span class='ocrx_word' id='word_1_515' title='bbox 1409 3803 1476 3873; x_wconf 79' lang='grc' dir='ltr'>τῇ</span> <span class='ocrx_word' id='word_1_516' title='bbox 1517 3804 1695 3876; x_wconf 73' lang='grc' dir='ltr'>οἰκείᾳ</span> <span class='ocrx_word' id='word_1_517' title='bbox 1722 3804 1925 3875; x_wconf 81' lang='grc' dir='ltr'>ὑπολή-</span> 
     </span>
    </p>
   </div>
   <div class='ocr_carea' id='block_1_71' title="bbox 335 3885 1925 3960">
    <p class='ocr_par' dir='ltr' id='par_1_71' title="bbox 335 3885 1925 3960">
     <span class='ocr_line' id='line_1_71' title="bbox 335 3885 1925 3960; baseline 0.004 -21"><span class='ocrx_word' id='word_1_518' title='bbox 335 3885 454 3956; x_wconf 67' lang='grc' dir='ltr'>ψει,</span> <span class='ocrx_word' id='word_1_519' title='bbox 488 3886 610 3941; x_wconf 81' lang='grc' dir='ltr'>ἀντὶ</span> <span class='ocrx_word' id='word_1_520' title='bbox 644 3886 738 3941; x_wconf 84' lang='grc' dir='ltr'>τοῦ</span> <span class='ocrx_word' id='word_1_521' title='bbox 769 3887 1010 3943; x_wconf 81' lang='grc' dir='ltr'>ἀναίτιον</span> <span class='ocrx_word' id='word_1_522' title='bbox 1032 3889 1224 3944; x_wconf 78' lang='grc' dir='ltr'>ἑαυτὸν</span> <span class='ocrx_word' id='word_1_523' title='bbox 1258 3889 1558 3956; x_wconf 82' lang='grc' dir='ltr'>ἀποδεῖξαι.</span> <span class='ocrx_word' id='word_1_524' title='bbox 1593 3893 1658 3946; x_wconf 79' lang='lat' dir='ltr'><strong>Ei</strong></span> <span class='ocrx_word' id='word_1_525' title='bbox 1713 3893 1769 3946; x_wconf 78' lang='grc' dir='ltr'><strong>δὲ</strong></span> <span class='ocrx_word' id='word_1_526' title='bbox 1798 3894 1925 3960; x_wconf 76' lang='grc' dir='ltr'>ἐγέ-</span> 
     </span>
    </p>
   </div>
   <div class='ocr_carea' id='block_1_72' title="bbox 335 3978 1924 4056">
    <p class='ocr_par' dir='ltr' id='par_1_72' title="bbox 335 3978 1924 4056">
     <span class='ocr_line' id='line_1_72' title="bbox 335 3978 1924 4056; baseline 0.006 -26"><span class='ocrx_word' id='word_1_527' title='bbox 335 3993 461 4032; x_wconf 87' lang='grc' dir='ltr'>νετο</span> <span class='ocrx_word' id='word_1_528' title='bbox 479 3978 826 4039; x_wconf 80' lang='grc' dir='ltr'>ταῦτα,αὐτὰ</span> <span class='ocrx_word' id='word_1_529' title='bbox 846 3978 915 4033; x_wconf 82' lang='grc' dir='ltr'>τὰ</span> <span class='ocrx_word' id='word_1_530' title='bbox 944 3980 1336 4053; x_wconf 83' lang='grc' dir='ltr'>ὑπομνήματα,</span> <span class='ocrx_word' id='word_1_531' title='bbox 1357 3983 1429 4038; x_wconf 79' lang='grc' dir='ltr'><strong>τὰ</strong></span> <span class='ocrx_word' id='word_1_532' title='bbox 1460 3983 1554 4038; x_wconf 79' lang='grc' dir='ltr'><strong>ἐπὶ</strong></span> <span class='ocrx_word' id='word_1_533' title='bbox 1583 3986 1651 4056; x_wconf 83' lang='grc' dir='ltr'>τῇ</span> <span class='ocrx_word' id='word_1_534' title='bbox 1676 3985 1924 4052; x_wconf 79' lang='grc' dir='ltr'>ἐξετάσει</span> 
     </span>
    </p>
   </div>
   <div class='ocr_carea' id='block_1_73' title="bbox 336 4070 1932 4146">
    <p class='ocr_par' dir='ltr' id='par_1_73' title="bbox 336 4070 1932 4146">
     <span class='ocr_line' id='line_1_73' title="bbox 336 4070 1932 4146; baseline 0.008 -27"><span class='ocrx_word' id='word_1_535' title='bbox 336 4070 633 4137; x_wconf 81' lang='grc' dir='ltr'>γενόμενα,</span> <span class='ocrx_word' id='word_1_536' title='bbox 657 4070 895 4141; x_wconf 77' lang='grc' dir='ltr'>ἤλεγξαν</span> <span class='ocrx_word' id='word_1_537' title='bbox 940 4071 1033 4126; x_wconf 65' lang='grc' dir='ltr'>ἂνς</span> <span class='ocrx_word' id='word_1_538' title='bbox 1067 4071 1250 4140; x_wconf 79' lang='grc' dir='ltr'>αὐτὸν,</span> <span class='ocrx_word' id='word_1_539' title='bbox 1284 4073 1333 4144; x_wconf 71' lang='grc' dir='ltr'><strong>ἤ</strong></span> <span class='ocrx_word' id='word_1_540' title='bbox 1359 4075 1798 4146; x_wconf 75' lang='grc' dir='ltr'>κεκρατημένον,</span> <span class='ocrx_word' id='word_1_541' title='bbox 1834 4080 1932 4133; x_wconf 74' lang='grc' dir='ltr'><strong>καὶ</strong></span> 
     </span>
    </p>
   </div>
   <div class='ocr_carea' id='block_1_74' title="bbox 340 4160 1928 4240">
    <p class='ocr_par' dir='ltr' id='par_1_74' title="bbox 340 4160 1928 4240">
     <span class='ocr_line' id='line_1_74' title="bbox 340 4160 1928 4240; baseline 0.006 -24"><span class='ocrx_word' id='word_1_542' title='bbox 340 4160 530 4233; x_wconf 70' lang='grc' dir='ltr'>ἔνοχον</span> <span class='ocrx_word' id='word_1_543' title='bbox 554 4165 663 4228; x_wconf 76' lang='grc' dir='ltr'>τοῖς</span> <span class='ocrx_word' id='word_1_544' title='bbox 694 4166 1012 4236; x_wconf 83' lang='grc' dir='ltr'>αίτιάμασι,</span> <span class='ocrx_word' id='word_1_545' title='bbox 1050 4166 1148 4222; x_wconf 77' lang='grc' dir='ltr'>καὶ</span> <span class='ocrx_word' id='word_1_546' title='bbox 1180 4168 1258 4239; x_wconf 81' lang='grc' dir='ltr'>μὴ</span> <span class='ocrx_word' id='word_1_547' title='bbox 1283 4168 1586 4240; x_wconf 84' lang='grc' dir='ltr'>δυνάμενον</span> <span class='ocrx_word' id='word_1_548' title='bbox 1640 4169 1823 4240; x_wconf 85' lang='grc' dir='ltr'>λέγειν</span> <span class='ocrx_word' id='word_1_549' title='bbox 1845 4172 1928 4226; x_wconf 85' lang='grc' dir='ltr'>ὅτι</span> 
     </span>
    </p>
   </div>
   <div class='ocr_carea' id='block_1_75' title="bbox 337 4255 1926 4329">
    <p class='ocr_par' dir='ltr' id='par_1_75' title="bbox 337 4255 1926 4329">
     <span class='ocr_line' id='line_1_75' title="bbox 337 4255 1926 4329; baseline 0.006 -19"><span class='ocrx_word' id='word_1_550' title='bbox 337 4255 617 4327; x_wconf 76' lang='grc' dir='ltr'>ὴδίκηται,</span> <span class='ocrx_word' id='word_1_551' title='bbox 663 4257 697 4329; x_wconf 77' lang='grc' dir='ltr'><strong>ἤ</strong></span> <span class='ocrx_word' id='word_1_552' title='bbox 740 4259 834 4313; x_wconf 76' lang='grc' dir='ltr'>ἐὰν</span> <span class='ocrx_word' id='word_1_553' title='bbox 889 4259 1183 4324; x_wconf 77' lang='grc' dir='ltr'>ἀνεύθυνος</span> <span class='ocrx_word' id='word_1_554' title='bbox 1247 4260 1445 4329; x_wconf 75' lang='grc' dir='ltr'>ἐφάνη,</span> <span class='ocrx_word' id='word_1_555' title='bbox 1494 4262 1661 4317; x_wconf 79' lang='grc' dir='ltr'>πάλιν</span> <span class='ocrx_word' id='word_1_556' title='bbox 1724 4264 1926 4320; x_wconf 83' lang='grc' dir='ltr'>ἐδίδοτο</span> 
     </span>
    </p>
   </div>
   <div class='ocr_carea' id='block_1_76' title="bbox 335 4349 1925 4427">
    <p class='ocr_par' dir='ltr' id='par_1_76' title="bbox 335 4349 1925 4427">
     <span class='ocr_line' id='line_1_76' title="bbox 335 4349 1925 4427; baseline 0.005 -23"><span class='ocrx_word' id='word_1_557' title='bbox 335 4349 489 4420; x_wconf 84' lang='grc' dir='ltr'>αὐτῷ</span> <span class='ocrx_word' id='word_1_558' title='bbox 519 4352 552 4420; x_wconf 76' lang='grc' dir='ltr'><strong>ἡ</strong></span> <span class='ocrx_word' id='word_1_559' title='bbox 581 4351 887 4420; x_wconf 83' lang='grc' dir='ltr'>προστασία</span> <span class='ocrx_word' id='word_1_560' title='bbox 906 4353 1005 4421; x_wconf 81' lang='grc' dir='ltr'>τῆς</span> <span class='ocrx_word' id='word_1_561' title='bbox 1043 4352 1392 4419; x_wconf 78' lang='grc' dir='ltr'>Ἑκκλησίας.</span> <span class='ocrx_word' id='word_1_562' title='bbox 1437 4354 1560 4410; x_wconf 88' lang='grc' dir='ltr'>Ὅτι</span> <span class='ocrx_word' id='word_1_563' title='bbox 1581 4355 1637 4410; x_wconf 70' lang='grc' dir='ltr'>δὲ</span> <span class='ocrx_word' id='word_1_564' title='bbox 1661 4357 1763 4410; x_wconf 86' lang='grc' dir='ltr'><strong>ούκ</strong></span> <span class='ocrx_word' id='word_1_565' title='bbox 1797 4358 1925 4427; x_wconf 82' lang='grc' dir='ltr'>ἐγέ-</span> 
     </span>
    </p>
   </div>
   <div class='ocr_carea' id='block_1_77' title="bbox 336 4442 1932 4522">
    <p class='ocr_par' dir='ltr' id='par_1_77' title="bbox 336 4442 1932 4522">
     <span class='ocr_line' id='line_1_77' title="bbox 336 4442 1932 4522; baseline 0.006 -26"><span class='ocrx_word' id='word_1_566' title='bbox 336 4459 463 4496; x_wconf 81' lang='grc' dir='ltr'>νετο</span> <span class='ocrx_word' id='word_1_567' title='bbox 489 4442 732 4497; x_wconf 80' lang='grc' dir='ltr'>τοιοῦτόν</span> <span class='ocrx_word' id='word_1_568' title='bbox 758 4461 811 4496; x_wconf 84' lang='grc' dir='ltr'><strong>τι</strong></span> <span class='ocrx_word' id='word_1_569' title='bbox 834 4445 1081 4517; x_wconf 78' lang='grc' dir='ltr'>καταὸοᾷ</span> <span class='ocrx_word' id='word_1_570' title='bbox 1124 4444 1209 4509; x_wconf 72' lang='grc' dir='ltr'>ὡς</span> <span class='ocrx_word' id='word_1_571' title='bbox 1238 4446 1524 4519; x_wconf 76' lang='grc' dir='ltr'>ἀδικηθεὶς</span> <span class='ocrx_word' id='word_1_572' title='bbox 1566 4449 1662 4503; x_wconf 80' lang='grc' dir='ltr'>καὶ</span> <span class='ocrx_word' id='word_1_573' title='bbox 1686 4453 1932 4522; x_wconf 81' lang='grc' dir='ltr'>παρανό-</span> 
     </span>
    </p>
   </div>
   <div class='ocr_carea' id='block_1_78' title="bbox 2029 3340 3609 3413">
    <p class='ocr_par' dir='ltr' id='par_1_78' title="bbox 2029 3340 3609 3413">
     <span class='ocr_line' id='line_1_78' title="bbox 2029 3340 3609 3413; baseline -0.002 -16"><span class='ocrx_word' id='word_1_574' title='bbox 2029 3343 2196 3407; x_wconf 89' lang='lat' dir='ltr'><strong>tibus,</strong></span> <span class='ocrx_word' id='word_1_575' title='bbox 2222 3342 2415 3412; x_wconf 84' lang='lat' dir='ltr'><strong>inquit,</strong></span> <span class='ocrx_word' id='word_1_576' title='bbox 2448 3343 2562 3399; x_wconf 88' lang='lat' dir='ltr'><strong>sola</strong></span> <span class='ocrx_word' id='word_1_577' title='bbox 2592 3344 2690 3413; x_wconf 89' lang='lat' dir='ltr'><strong>ipsi</strong></span> <span class='ocrx_word' id='word_1_578' title='bbox 2716 3342 2952 3412; x_wconf 83' lang='lat' dir='ltr'><strong>episcopi</strong></span> <span class='ocrx_word' id='word_1_579' title='bbox 2983 3341 3273 3411; x_wconf 86' lang='lat' dir='ltr'><strong>appellatio</strong></span> <span class='ocrx_word' id='word_1_580' title='bbox 3295 3340 3482 3395; x_wconf 89' lang='lat' dir='ltr'><strong>relicta</strong></span> <span class='ocrx_word' id='word_1_581' title='bbox 3504 3350 3609 3394; x_wconf 90' lang='lat' dir='ltr'><strong>cst.</strong></span> 
     </span>
    </p>
   </div>
   <div class='ocr_carea' id='block_1_79' title="bbox 2026 3430 3607 3503">
    <p class='ocr_par' dir='ltr' id='par_1_79' title="bbox 2026 3430 3607 3503">
     <span class='ocr_line' id='line_1_79' title="bbox 2026 3430 3607 3503; baseline -0.001 -16"><span class='ocrx_word' id='word_1_582' title='bbox 2026 3432 2195 3489; x_wconf 85' lang='lat' dir='ltr'><strong>Multo</strong></span> <span class='ocrx_word' id='word_1_583' title='bbox 2227 3441 2405 3488; x_wconf 90' lang='lat' dir='ltr'><strong>autem</strong></span> <span class='ocrx_word' id='word_1_584' title='bbox 2435 3441 2553 3487; x_wconf 89' lang='lat' dir='ltr'><strong>erat</strong></span> <span class='ocrx_word' id='word_1_585' title='bbox 2588 3432 2779 3487; x_wconf 88' lang='lat' dir='ltr'><strong>melius</strong></span> <span class='ocrx_word' id='word_1_586' title='bbox 2810 3432 2955 3487; x_wconf 83' lang='lat' dir='ltr'><strong>aliud</strong></span> <span class='ocrx_word' id='word_1_587' title='bbox 2985 3445 3202 3503; x_wconf 89' lang='lat' dir='ltr'><strong>quoque</strong></span> <span class='ocrx_word' id='word_1_588' title='bbox 3233 3430 3607 3488; x_wconf 84' lang='lat' dir='ltr'><strong>considerare.</strong></span> 
     </span>
    </p>
   </div>
   <div class='ocr_carea' id='block_1_80' title="bbox 2030 3523 3616 3593">
    <p class='ocr_par' dir='ltr' id='par_1_80' title="bbox 2030 3523 3616 3593">
     <span class='ocr_line' id='line_1_80' title="bbox 2030 3523 3616 3593; baseline -0.001 -16"><span class='ocrx_word' id='word_1_589' title='bbox 2030 3524 2202 3592; x_wconf 85' lang='lat' dir='ltr'><strong>Quale</strong></span> <span class='ocrx_word' id='word_1_590' title='bbox 2255 3523 2382 3581; x_wconf 87' lang='lat' dir='ltr'><strong>illud</strong></span> <span class='ocrx_word' id='word_1_591' title='bbox 2416 3525 2441 3579; x_wconf 87' lang='lat'><strong>?</strong></span> <span class='ocrx_word' id='word_1_592' title='bbox 2474 3525 2592 3579; x_wconf 89' lang='lat' dir='ltr'><strong>Non</strong></span> <span class='ocrx_word' id='word_1_593' title='bbox 2642 3525 2811 3581; x_wconf 83' lang='lat' dir='ltr'><strong>fuisse</strong></span> <span class='ocrx_word' id='word_1_594' title='bbox 2856 3526 2905 3581; x_wconf 92' lang='lat' dir='ltr'><strong>ei</strong></span> <span class='ocrx_word' id='word_1_595' title='bbox 2953 3524 3138 3579; x_wconf 87' lang='lat' dir='ltr'><strong>datum</strong></span> <span class='ocrx_word' id='word_1_596' title='bbox 3173 3530 3387 3593; x_wconf 89' lang='lat' dir='ltr'><strong>tempus</strong></span> <span class='ocrx_word' id='word_1_597' title='bbox 3424 3523 3616 3578; x_wconf 79' lang='lat' dir='ltr'><strong>defen-</strong></span> 
     </span>
    </p>
   </div>
   <div class='ocr_carea' id='block_1_81' title="bbox 2028 3616 3618 3689">
    <p class='ocr_par' dir='ltr' id='par_1_81' title="bbox 2028 3616 3618 3689">
     <span class='ocr_line' id='line_1_81' title="bbox 2028 3616 3618 3689; baseline -0.002 -17"><span class='ocrx_word' id='word_1_598' title='bbox 2028 3617 2216 3683; x_wconf 87' lang='lat' dir='ltr'><strong>sionis,</strong></span> <span class='ocrx_word' id='word_1_599' title='bbox 2251 3633 2351 3675; x_wconf 88' lang='lat' dir='ltr'><strong>nec</strong></span> <span class='ocrx_word' id='word_1_600' title='bbox 2383 3617 2549 3673; x_wconf 78' lang='lat' dir='ltr'><strong>fuisse</strong></span> <span class='ocrx_word' id='word_1_601' title='bbox 2594 3618 2924 3689; x_wconf 84' lang='lat' dir='ltr'><strong>propositam</strong></span> <span class='ocrx_word' id='word_1_602' title='bbox 2976 3616 3347 3674; x_wconf 80' lang='lat' dir='ltr'><strong>defensionem</strong></span> <span class='ocrx_word' id='word_1_603' title='bbox 3392 3617 3618 3672; x_wconf 81' lang='lat' dir='ltr'><strong>canoni-</strong></span> 
     </span>
    </p>
   </div>
   <div class='ocr_carea' id='block_1_82' title="bbox 2028 3705 3618 3777">
    <p class='ocr_par' dir='ltr' id='par_1_82' title="bbox 2028 3705 3618 3777">
     <span class='ocr_line' id='line_1_82' title="bbox 2028 3705 3618 3777; baseline 0 -17"><span class='ocrx_word' id='word_1_604' title='bbox 2028 3719 2170 3769; x_wconf 87' lang='lat' dir='ltr'><strong>cam,</strong></span> <span class='ocrx_word' id='word_1_605' title='bbox 2199 3720 2293 3760; x_wconf 89' lang='lat' dir='ltr'><strong>seu</strong></span> <span class='ocrx_word' id='word_1_606' title='bbox 2351 3706 2607 3777; x_wconf 82' lang='lat' dir='ltr'><strong>synodale</strong></span> <span class='ocrx_word' id='word_1_607' title='bbox 2644 3706 2925 3776; x_wconf 87' lang='lat' dir='ltr'><strong>judicium.</strong></span> <span class='ocrx_word' id='word_1_608' title='bbox 2982 3705 3126 3761; x_wconf 87' lang='lat' dir='ltr'><strong>Dicit</strong></span> <span class='ocrx_word' id='word_1_609' title='bbox 3150 3706 3310 3761; x_wconf 74' lang='lat' dir='ltr'><strong>enim</strong></span> <span class='ocrx_word' id='word_1_610' title='bbox 3351 3718 3618 3774; x_wconf 81' lang='lat' dir='ltr'><strong>se~posse</strong></span> 
     </span>
    </p>
   </div>
   <div class='ocr_carea' id='block_1_83' title="bbox 2030 3797 3619 3866">
    <p class='ocr_par' dir='ltr' id='par_1_83' title="bbox 2030 3797 3619 3866">
     <span class='ocr_line' id='line_1_83' title="bbox 2030 3797 3619 3866; baseline 0 -17"><span class='ocrx_word' id='word_1_611' title='bbox 2030 3809 2245 3850; x_wconf 86' lang='lat' dir='ltr'><strong>causam</strong></span> <span class='ocrx_word' id='word_1_612' title='bbox 2279 3812 2430 3851; x_wconf 87' lang='lat' dir='ltr'><strong>suam</strong></span> <span class='ocrx_word' id='word_1_613' title='bbox 2475 3797 2726 3866; x_wconf 87' lang='lat' dir='ltr'><strong>probare,</strong></span> <span class='ocrx_word' id='word_1_614' title='bbox 2764 3797 2813 3851; x_wconf 86' lang='lat' dir='ltr'><strong>id</strong></span> <span class='ocrx_word' id='word_1_615' title='bbox 2852 3806 2933 3852; x_wconf 89' lang='lat' dir='ltr'><strong>est</strong></span> <span class='ocrx_word' id='word_1_616' title='bbox 2965 3811 3025 3853; x_wconf 91' lang='lat' dir='ltr'><strong>se</strong></span> <span class='ocrx_word' id='word_1_617' title='bbox 3065 3797 3406 3852; x_wconf 73' lang='lat' dir='ltr'><strong>innocentem</strong></span> <span class='ocrx_word' id='word_1_618' title='bbox 3435 3809 3619 3851; x_wconf 83' lang='lat' dir='ltr'><strong>osten-</strong></span> 
     </span>
    </p>
   </div>
   <div class='ocr_carea' id='block_1_84' title="bbox 2032 3886 3618 3956">
    <p class='ocr_par' dir='ltr' id='par_1_84' title="bbox 2032 3886 3618 3956">
     <span class='ocr_line' id='line_1_84' title="bbox 2032 3886 3618 3956; baseline 0 -15"><span class='ocrx_word' id='word_1_619' title='bbox 2032 3888 2179 3942; x_wconf 91' lang='lat' dir='ltr'><strong>dere.</strong></span> <span class='ocrx_word' id='word_1_620' title='bbox 2213 3886 2308 3941; x_wconf 88' lang='lat' dir='ltr'><strong>Sin</strong></span> <span class='ocrx_word' id='word_1_621' title='bbox 2339 3897 2517 3942; x_wconf 89' lang='lat' dir='ltr'><strong>autem</strong></span> <span class='ocrx_word' id='word_1_622' title='bbox 2541 3887 2655 3943; x_wconf 56' lang='lat' dir='ltr'><strong>haec</strong></span> <span class='ocrx_word' id='word_1_623' title='bbox 2686 3887 2826 3943; x_wconf 76' lang='lat' dir='ltr'><strong>facta</strong></span> <span class='ocrx_word' id='word_1_624' title='bbox 2850 3895 3058 3954; x_wconf 80' lang='lat' dir='ltr'><strong>essent,</strong></span> <span class='ocrx_word' id='word_1_625' title='bbox 3088 3887 3204 3956; x_wconf 83' lang='lat' dir='ltr'><strong>ipsa</strong></span> <span class='ocrx_word' id='word_1_626' title='bbox 3236 3897 3379 3952; x_wconf 84' lang='lat' dir='ltr'><strong>acta,</strong></span> <span class='ocrx_word' id='word_1_627' title='bbox 3411 3902 3535 3956; x_wconf 79' lang='lat' dir='ltr'><strong>quae</strong></span> <span class='ocrx_word' id='word_1_628' title='bbox 3552 3889 3618 3941; x_wconf 64' lang='lat' dir='ltr'><strong>in</strong></span> 
     </span>
    </p>
   </div>
   <div class='ocr_carea' id='block_1_85' title="bbox 2044 3977 3620 4050">
    <p class='ocr_par' dir='ltr' id='par_1_85' title="bbox 2044 3977 3620 4050">
     <span class='ocr_line' id='line_1_85' title="bbox 2044 3977 3620 4050; baseline -0.003 -14"><span class='ocrx_word' id='word_1_629' title='bbox 2044 3981 2446 4036; x_wconf 78' lang='lat' dir='ltr'><strong>examinatione</strong></span> <span class='ocrx_word' id='word_1_630' title='bbox 2478 3978 2621 4036; x_wconf 73' lang='lat' dir='ltr'><strong>facta</strong></span> <span class='ocrx_word' id='word_1_631' title='bbox 2646 3990 2805 4045; x_wconf 80' lang='lat' dir='ltr'><strong>sunt,</strong></span> <span class='ocrx_word' id='word_1_632' title='bbox 2839 3980 3013 4050; x_wconf 92' lang='lat' dir='ltr'><strong>ipsum</strong></span> <span class='ocrx_word' id='word_1_633' title='bbox 3039 3978 3124 4034; x_wconf 88' lang='lat' dir='ltr'><strong>vel</strong></span> <span class='ocrx_word' id='word_1_634' title='bbox 3152 3993 3273 4035; x_wconf 86' lang='lat' dir='ltr'><strong>esse</strong></span> <span class='ocrx_word' id='word_1_635' title='bbox 3305 3977 3620 4032; x_wconf 77' lang='lat' dir='ltr'><strong>evictum~et</strong></span> 
     </span>
    </p>
   </div>
   <div class='ocr_carea' id='block_1_86' title="bbox 2033 4067 3613 4142">
    <p class='ocr_par' dir='ltr' id='par_1_86' title="bbox 2033 4067 3613 4142">
     <span class='ocr_line' id='line_1_86' title="bbox 2033 4067 3613 4142; baseline -0.004 -14"><span class='ocrx_word' id='word_1_636' title='bbox 2033 4073 2355 4129; x_wconf 89' lang='lat' dir='ltr'><strong>criminibus</strong></span> <span class='ocrx_word' id='word_1_637' title='bbox 2381 4073 2700 4140; x_wconf 80' lang='lat' dir='ltr'><strong>obnoxium,</strong></span> <span class='ocrx_word' id='word_1_638' title='bbox 2733 4087 2832 4128; x_wconf 92' lang='lat' dir='ltr'><strong>nec</strong></span> <span class='ocrx_word' id='word_1_639' title='bbox 2861 4087 3021 4142; x_wconf 86' lang='lat' dir='ltr'><strong>posse</strong></span> <span class='ocrx_word' id='word_1_640' title='bbox 3051 4086 3112 4128; x_wconf 88' lang='lat' dir='ltr'><strong>se</strong></span> <span class='ocrx_word' id='word_1_641' title='bbox 3136 4071 3332 4142; x_wconf 82' lang='lat' dir='ltr'><strong>injuria</strong></span> <span class='ocrx_word' id='word_1_642' title='bbox 3360 4067 3613 4123; x_wconf 76' lang='lat' dir='ltr'><strong>aﬂ&#39;ectum</strong></span> 
     </span>
    </p>
   </div>
   <div class='ocr_carea' id='block_1_87' title="bbox 2035 4164 3615 4235">
    <p class='ocr_par' dir='ltr' id='par_1_87' title="bbox 2035 4164 3615 4235">
     <span class='ocr_line' id='line_1_87' title="bbox 2035 4164 3615 4235; baseline -0.004 -13"><span class='ocrx_word' id='word_1_643' title='bbox 2035 4181 2156 4222; x_wconf 86' lang='lat' dir='ltr'><strong>esse</strong></span> <span class='ocrx_word' id='word_1_644' title='bbox 2184 4166 2371 4221; x_wconf 89' lang='lat' dir='ltr'><strong>dicere</strong></span> <span class='ocrx_word' id='word_1_645' title='bbox 2423 4166 2812 4235; x_wconf 86' lang='lat' dir='ltr'><strong>ostenderent;</strong></span> <span class='ocrx_word' id='word_1_646' title='bbox 2836 4166 2927 4222; x_wconf 77' lang='lat' dir='ltr'><strong>vel</strong></span> <span class='ocrx_word' id='word_1_647' title='bbox 2962 4167 3006 4221; x_wconf 90' lang='lat' dir='ltr'><strong>si</strong></span> <span class='ocrx_word' id='word_1_648' title='bbox 3040 4166 3301 4220; x_wconf 85' lang='lat' dir='ltr'><strong>innocens</strong></span> <span class='ocrx_word' id='word_1_649' title='bbox 3331 4164 3615 4234; x_wconf 75' lang='lat' dir='ltr'><strong>apparuis-</strong></span> 
     </span>
    </p>
   </div>
   <div class='ocr_carea' id='block_1_88' title="bbox 2034 4255 3619 4328">
    <p class='ocr_par' dir='ltr' id='par_1_88' title="bbox 2034 4255 3619 4328">
     <span class='ocr_line' id='line_1_88' title="bbox 2034 4255 3619 4328; baseline -0.005 -13"><span class='ocrx_word' id='word_1_650' title='bbox 2034 4265 2138 4322; x_wconf 89' lang='lat' dir='ltr'><strong>set,</strong></span> <span class='ocrx_word' id='word_1_651' title='bbox 2167 4258 2216 4315; x_wconf 88' lang='lat' dir='ltr'><strong>ei</strong></span> <span class='ocrx_word' id='word_1_652' title='bbox 2249 4273 2565 4316; x_wconf 77' lang='lat' dir='ltr'><strong>concessum</strong></span> <span class='ocrx_word' id='word_1_653' title='bbox 2595 4267 2758 4323; x_wconf 82' lang='lat' dir='ltr'><strong>esset,</strong></span> <span class='ocrx_word' id='word_1_654' title='bbox 2794 4269 2851 4314; x_wconf 92' lang='lat' dir='ltr'><strong>ut</strong></span> <span class='ocrx_word' id='word_1_655' title='bbox 2891 4272 3080 4314; x_wconf 87' lang='lat' dir='ltr'><strong>rursus</strong></span> <span class='ocrx_word' id='word_1_656' title='bbox 3126 4267 3382 4328; x_wconf 71' lang='lat' dir='ltr'><strong>praeesset</strong></span> <span class='ocrx_word' id='word_1_657' title='bbox 3425 4255 3619 4310; x_wconf 80' lang='lat' dir='ltr'><strong>Eccle-</strong></span> 
     </span>
    </p>
   </div>
   <div class='ocr_carea' id='block_1_89' title="bbox 2034 4347 3617 4418">
    <p class='ocr_par' dir='ltr' id='par_1_89' title="bbox 2034 4347 3617 4418">
     <span class='ocr_line' id='line_1_89' title="bbox 2034 4347 3617 4418; baseline -0.003 -13"><span class='ocrx_word' id='word_1_658' title='bbox 2034 4353 2149 4406; x_wconf 64' lang='lat' dir='ltr'><strong>siae.</strong></span> <span class='ocrx_word' id='word_1_659' title='bbox 2177 4349 2335 4418; x_wconf 82' lang='lat' dir='ltr'><strong>Quia</strong></span> <span class='ocrx_word' id='word_1_660' title='bbox 2362 4360 2551 4407; x_wconf 80' lang='lat' dir='ltr'><strong>autem</strong></span> <span class='ocrx_word' id='word_1_661' title='bbox 2585 4351 2725 4407; x_wconf 86' lang='lat' dir='ltr'><strong>nihil</strong></span> <span class='ocrx_word' id='word_1_662' title='bbox 2770 4351 2874 4406; x_wconf 84' lang='lat' dir='ltr'><strong>tale</strong></span> <span class='ocrx_word' id='word_1_663' title='bbox 2912 4350 3139 4406; x_wconf 82' lang='lat' dir='ltr'><strong>factum</strong></span> <span class='ocrx_word' id='word_1_664' title='bbox 3167 4359 3270 4414; x_wconf 74' lang='lat' dir='ltr'><strong>est;</strong></span> <span class='ocrx_word' id='word_1_665' title='bbox 3303 4363 3363 4403; x_wconf 87' lang='lat' dir='ltr'><strong>se</strong></span> <span class='ocrx_word' id='word_1_666' title='bbox 3417 4347 3617 4416; x_wconf 80' lang='lat' dir='ltr'><strong>injuria</strong></span> 
     </span>
    </p>
   </div>
   <div class='ocr_carea' id='block_1_90' title="bbox 2037 4440 3616 4514">
    <p class='ocr_par' dir='ltr' id='par_1_90' title="bbox 2037 4440 3616 4514">
     <span class='ocr_line' id='line_1_90' title="bbox 2037 4440 3616 4514; baseline -0.005 -16"><span class='ocrx_word' id='word_1_667' title='bbox 2037 4443 2289 4500; x_wconf 76' lang='lat' dir='ltr'><strong>allectum</strong></span> <span class='ocrx_word' id='word_1_668' title='bbox 2314 4459 2434 4499; x_wconf 91' lang='lat' dir='ltr'><strong>esse</strong></span> <span class='ocrx_word' id='word_1_669' title='bbox 2464 4442 2812 4509; x_wconf 81' lang='lat' dir='ltr'><strong>vociferatur,</strong></span> <span class='ocrx_word' id='word_1_670' title='bbox 2843 4454 2896 4499; x_wconf 91' lang='lat' dir='ltr'><strong>et</strong></span> <span class='ocrx_word' id='word_1_671' title='bbox 2943 4452 3141 4514; x_wconf 77' lang='lat' dir='ltr'><strong>praeter</strong></span> <span class='ocrx_word' id='word_1_672' title='bbox 3175 4442 3321 4511; x_wconf 79' lang='lat' dir='ltr'><strong>leges</strong></span> <span class='ocrx_word' id='word_1_673' title='bbox 3360 4440 3616 4510; x_wconf 81' lang='lat' dir='ltr'><strong>ejectum,</strong></span> 
     </span>
    </p>
   </div>
   <div class='ocr_carea' id='block_1_91' title="bbox 341 4532 1919 4622">
    <p class='ocr_par' dir='ltr' id='par_1_91' title="bbox 341 4535 1919 4622">
     <span class='ocr_line' id='line_1_91' title="bbox 341 4535 1919 4622; baseline 0.006 -34"><span class='ocrx_word' id='word_1_674' title='bbox 341 4552 460 4605; x_wconf 84' lang='grc' dir='ltr'>μως</span> <span class='ocrx_word' id='word_1_675' title='bbox 481 4535 791 4606; x_wconf 76' lang='grc' dir='ltr'>ἐκϐληθεὶς,</span> <span class='ocrx_word' id='word_1_676' title='bbox 812 4536 988 4606; x_wconf 80' lang='grc' dir='ltr'>λέγων</span> <span class='ocrx_word' id='word_1_677' title='bbox 1017 4538 1101 4591; x_wconf 84' lang='grc' dir='ltr'><strong>ὅτι</strong></span> <span class='ocrx_word' id='word_1_678' title='bbox 1146 4538 1243 4592; x_wconf 81' lang='grc' dir='ltr'>καὶ</span> <span class='ocrx_word' id='word_1_679' title='bbox 1272 4539 1619 4622; x_wconf 66' lang='grc' dir='ltr'>ἤρπάγησαν</span> <span class='ocrx_word' id='word_1_680' title='bbox 1658 4542 1759 4595; x_wconf 85' lang='grc' dir='ltr'>ὅσα</span> <span class='ocrx_word' id='word_1_681' title='bbox 1816 4541 1919 4615; x_wconf 74' lang='grc' dir='ltr'>εἶχε</span> 
     </span>
    </p>
   </div>
   <div class='ocr_carea' id='block_1_92' title="bbox 2024 4532 3676 4622">
    <p class='ocr_par' dir='ltr' id='par_1_92' title="bbox 2040 4532 3676 4605">
     <span class='ocr_line' id='line_1_92' title="bbox 2040 4532 3676 4605; baseline -0.002 -15"><span class='ocrx_word' id='word_1_682' title='bbox 2040 4537 2224 4592; x_wconf 88' lang='lat' dir='ltr'><strong>dicens</strong></span> <span class='ocrx_word' id='word_1_683' title='bbox 2252 4535 2803 4605; x_wconf 87' lang='lat' dir='ltr'><strong>quascunque&#39;etiam</strong></span> <span class='ocrx_word' id='word_1_684' title='bbox 2836 4536 3072 4592; x_wconf 74' lang='lat' dir='ltr'><strong>habebat</strong></span> <span class='ocrx_word' id='word_1_685' title='bbox 3098 4535 3360 4602; x_wconf 86' lang='lat' dir='ltr'><strong>pecunias</strong></span> <span class='ocrx_word' id='word_1_686' title='bbox 3385 4532 3616 4587; x_wconf 86' lang='lat' dir='ltr'><strong>ablatas.</strong></span> <span class='ocrx_word' id='word_1_687' title='bbox 3664 4534 3676 4557; x_wconf 87' lang='lat'>’</span> 
     </span>
    </p>
   </div>
   <div class='ocr_carea' id='block_1_93' title="bbox 336 4627 1931 4702">
    <p class='ocr_par' dir='ltr' id='par_1_93' title="bbox 336 4627 1931 4702">
     <span class='ocr_line' id='line_1_93' title="bbox 336 4627 1931 4702; baseline 0.004 -22"><span class='ocrx_word' id='word_1_688' title='bbox 336 4627 621 4701; x_wconf 79' lang='grc' dir='ltr'>χρήματα.</span> <span class='ocrx_word' id='word_1_689' title='bbox 651 4628 723 4682; x_wconf 83' lang='grc' dir='ltr'>Σὺ</span> <span class='ocrx_word' id='word_1_690' title='bbox 738 4629 1046 4700; x_wconf 62' lang='grc' dir='ltr'>τοίνυν,τῷ</span> <span class='ocrx_word' id='word_1_691' title='bbox 1071 4631 1261 4702; x_wconf 82' lang='grc' dir='ltr'>Δόμνῳ</span> <span class='ocrx_word' id='word_1_692' title='bbox 1288 4631 1491 4700; x_wconf 80' lang='grc' dir='ltr'>γράφει</span> <span class='ocrx_word' id='word_1_693' title='bbox 1518 4633 1545 4684; x_wconf 87' lang='lat'><strong>6</strong></span> <span class='ocrx_word' id='word_1_694' title='bbox 1563 4633 1717 4699; x_wconf 75' lang='grc' dir='ltr'>ἅγιος</span> <span class='ocrx_word' id='word_1_695' title='bbox 1740 4672 1754 4695; x_wconf 88' lang='grc'><strong>,</strong></span> <span class='ocrx_word' id='word_1_696' title='bbox 1774 4633 1931 4698; x_wconf 88' lang='grc' dir='ltr'>είδὼς</span> 
     </span>
    </p>
   </div>
   <div class='ocr_carea' id='block_1_94' title="bbox 243 4712 1929 4794">
    <p class='ocr_par' dir='ltr' id='par_1_94' title="bbox 243 4712 1929 4794">
     <span class='ocr_line' id='line_1_94' title="bbox 243 4712 1929 4794; baseline 0.002 -23"><span class='ocrx_word' id='word_1_697' title='bbox 243 4712 251 4719; x_wconf 75' lang='grc'><strong><em>’</em></strong></span> <span class='ocrx_word' id='word_1_698' title='bbox 337 4718 438 4771; x_wconf 79' lang='grc' dir='ltr'>καὶ</span> <span class='ocrx_word' id='word_1_699' title='bbox 465 4717 594 4779; x_wconf 82' lang='grc' dir='ltr'>τοὺς</span> <span class='ocrx_word' id='word_1_700' title='bbox 620 4716 798 4780; x_wconf 84' lang='grc' dir='ltr'>θείους</span> <span class='ocrx_word' id='word_1_701' title='bbox 823 4718 1055 4781; x_wconf 84' lang='grc' dir='ltr'>κανόνας</span> <span class='ocrx_word' id='word_1_702' title='bbox 1080 4718 1248 4773; x_wconf 77' lang='grc' dir='ltr'>καὶτὸ</span> <span class='ocrx_word' id='word_1_703' title='bbox 1276 4718 1490 4787; x_wconf 75' lang='grc' dir='ltr'>πρέπον</span> <span class='ocrx_word' id='word_1_704' title='bbox 1515 4722 1583 4790; x_wconf 74' lang='grc' dir='ltr'>τῇ</span> <span class='ocrx_word' id='word_1_705' title='bbox 1627 4719 1929 4794; x_wconf 68' lang='grc' dir='ltr'>Ἐκκλησία</span> 
     </span>
    </p>
   </div>
   <div class='ocr_carea' id='block_1_95' title="bbox 340 4808 1925 4883">
    <p class='ocr_par' dir='ltr' id='par_1_95' title="bbox 340 4808 1925 4883">
     <span class='ocr_line' id='line_1_95' title="bbox 340 4808 1925 4883; baseline 0.001 -19"><span class='ocrx_word' id='word_1_706' title='bbox 340 4810 584 4872; x_wconf 70' lang='grc' dir='ltr'>καὶτοῖς</span> <span class='ocrx_word' id='word_1_707' title='bbox 610 4808 950 4879; x_wconf 76' lang='grc' dir='ltr'>λειτουργοῖς</span> <span class='ocrx_word' id='word_1_708' title='bbox 973 4808 1069 4862; x_wconf 81' lang='grc' dir='ltr'>τοῦ</span> <span class='ocrx_word' id='word_1_709' title='bbox 1091 4808 1249 4873; x_wconf 81' lang='grc' dir='ltr'>Θεοῦ,</span> <span class='ocrx_word' id='word_1_710' title='bbox 1285 4812 1458 4880; x_wconf 86' lang='grc' dir='ltr'>ἤγουν</span> <span class='ocrx_word' id='word_1_711' title='bbox 1503 4811 1565 4864; x_wconf 81' lang='grc' dir='ltr'>τὸ</span> <span class='ocrx_word' id='word_1_712' title='bbox 1594 4811 1925 4883; x_wconf 81' lang='grc' dir='ltr'>δικαιοπρα-</span> 
     </span>
    </p>
   </div>
   <div class='ocr_carea' id='block_1_96' title="bbox 340 4901 1923 4976">
    <p class='ocr_par' dir='ltr' id='par_1_96' title="bbox 340 4901 1923 4976">
     <span class='ocr_line' id='line_1_96' title="bbox 340 4901 1923 4976; baseline 0.002 -22"><span class='ocrx_word' id='word_1_713' title='bbox 340 4903 484 4972; x_wconf 85' lang='grc' dir='ltr'>γεῖν,</span> <span class='ocrx_word' id='word_1_714' title='bbox 522 4902 870 4972; x_wconf 77' lang='grc' dir='ltr'>δυσωπηθεὶς</span> <span class='ocrx_word' id='word_1_715' title='bbox 938 4903 996 4955; x_wconf 71' lang='grc' dir='ltr'>δὲ</span> <span class='ocrx_word' id='word_1_716' title='bbox 1056 4903 1153 4957; x_wconf 70' lang='grc' dir='ltr'><strong>καὶ</strong></span> <span class='ocrx_word' id='word_1_717' title='bbox 1201 4901 1301 4972; x_wconf 81' lang='grc' dir='ltr'>τὴν</span> <span class='ocrx_word' id='word_1_718' title='bbox 1358 4901 1638 4973; x_wconf 77' lang='grc' dir='ltr'>ἡμετέραν</span> <span class='ocrx_word' id='word_1_719' title='bbox 1678 4905 1923 4976; x_wconf 75' lang='grc' dir='ltr'>γραφὴν.</span> 
     </span>
    </p>
   </div>
   <div class='ocr_carea' id='block_1_97' title="bbox 345 4994 1932 5068">
    <p class='ocr_par' dir='ltr' id='par_1_97' title="bbox 345 4994 1932 5068">
     <span class='ocr_line' id='line_1_97' title="bbox 345 4994 1932 5068; baseline 0.001 -19"><span class='ocrx_word' id='word_1_720' title='bbox 345 4997 545 5066; x_wconf 82' lang='grc' dir='ltr'>στῆσον</span> <span class='ocrx_word' id='word_1_721' title='bbox 575 4995 671 5050; x_wconf 84' lang='grc' dir='ltr'>τοῦ</span> <span class='ocrx_word' id='word_1_722' title='bbox 704 4994 1020 5068; x_wconf 71' lang='grc' dir='ltr'>πρεσϐύτου</span> <span class='ocrx_word' id='word_1_723' title='bbox 1054 4995 1117 5049; x_wconf 79' lang='grc' dir='ltr'>τὸ</span> <span class='ocrx_word' id='word_1_724' title='bbox 1142 4995 1403 5066; x_wconf 78' lang='grc' dir='ltr'>δάκρυον,</span> <span class='ocrx_word' id='word_1_725' title='bbox 1463 4996 1560 5051; x_wconf 78' lang='grc' dir='ltr'>καὶ</span> <span class='ocrx_word' id='word_1_726' title='bbox 1608 4997 1658 5050; x_wconf 84' lang='grc' dir='ltr'><strong>εί</strong></span> <span class='ocrx_word' id='word_1_727' title='bbox 1711 4997 1932 5068; x_wconf 82' lang='grc' dir='ltr'>θελήσει</span> 
     </span>
    </p>
   </div>
   <div class='ocr_carea' id='block_1_98' title="bbox 347 5087 1930 5160">
    <p class='ocr_par' dir='ltr' id='par_1_98' title="bbox 347 5087 1930 5160">
     <span class='ocr_line' id='line_1_98' title="bbox 347 5087 1930 5160; baseline 0 -17"><span class='ocrx_word' id='word_1_728' title='bbox 347 5087 795 5157; x_wconf 66' lang='grc' dir='ltr'>συνδικασθῆναιυ</span> <span class='ocrx_word' id='word_1_729' title='bbox 819 5090 932 5152; x_wconf 80' lang='grc' dir='ltr'>τοῖς</span> <span class='ocrx_word' id='word_1_730' title='bbox 980 5088 1311 5157; x_wconf 83' lang='grc' dir='ltr'>κατηγόροις</span> <span class='ocrx_word' id='word_1_731' title='bbox 1366 5087 1557 5151; x_wconf 80' lang='grc' dir='ltr'>αὐτοῦ,</span> <span class='ocrx_word' id='word_1_732' title='bbox 1613 5088 1930 5160; x_wconf 71' lang='grc' dir='ltr'>δικασθήτω</span> 
     </span>
    </p>
   </div>
   <div class='ocr_carea' id='block_1_99' title="bbox 345 5180 1933 5252">
    <p class='ocr_par' dir='ltr' id='par_1_99' title="bbox 345 5180 1933 5252">
     <span class='ocr_line' id='line_1_99' title="bbox 345 5180 1933 5252; baseline -0.001 -16"><span class='ocrx_word' id='word_1_733' title='bbox 345 5186 506 5252; x_wconf 74' lang='grc' dir='ltr'>παρα</span> <span class='ocrx_word' id='word_1_734' title='bbox 536 5198 618 5237; x_wconf 83' lang='grc' dir='ltr'><strong>σοι</strong></span> <span class='ocrx_word' id='word_1_735' title='bbox 653 5182 751 5235; x_wconf 76' lang='grc' dir='ltr'>καὶ</span> <span class='ocrx_word' id='word_1_736' title='bbox 790 5183 906 5244; x_wconf 82' lang='grc' dir='ltr'>τοῖς</span> <span class='ocrx_word' id='word_1_737' title='bbox 948 5180 1054 5234; x_wconf 84' lang='grc' dir='ltr'>ύπό</span> <span class='ocrx_word' id='word_1_738' title='bbox 1105 5196 1166 5233; x_wconf 88' lang='grc' dir='ltr'><strong>σε</strong></span> <span class='ocrx_word' id='word_1_739' title='bbox 1204 5180 1556 5244; x_wconf 79' lang='grc' dir='ltr'>ἐπισκόποιςο</span> <span class='ocrx_word' id='word_1_740' title='bbox 1589 5180 1638 5234; x_wconf 76' lang='grc' dir='ltr'><strong>εί</strong></span> <span class='ocrx_word' id='word_1_741' title='bbox 1685 5181 1743 5236; x_wconf 74' lang='grc' dir='ltr'>δέ</span> <span class='ocrx_word' id='word_1_742' title='bbox 1776 5200 1933 5247; x_wconf 83' lang='grc' dir='ltr'>τινας</span> 
     </span>
    </p>
   </div>
   <div class='ocr_carea' id='block_1_100' title="bbox 348 5271 1930 5345">
    <p class='ocr_par' dir='ltr' id='par_1_100' title="bbox 348 5271 1930 5345">
     <span class='ocr_line' id='line_1_100' title="bbox 348 5271 1930 5345; baseline -0.001 -16"><span class='ocrx_word' id='word_1_743' title='bbox 348 5273 625 5337; x_wconf 77' lang='grc' dir='ltr'>ύπὰπτους</span> <span class='ocrx_word' id='word_1_744' title='bbox 654 5272 768 5344; x_wconf 69' lang='grc' dir='ltr'>ἔχει</span> <span class='ocrx_word' id='word_1_745' title='bbox 793 5274 902 5328; x_wconf 85' lang='grc' dir='ltr'><strong>τῶν</strong></span> <span class='ocrx_word' id='word_1_746' title='bbox 928 5272 1267 5339; x_wconf 82' lang='grc' dir='ltr'>ἐπισκόπων,</span> <span class='ocrx_word' id='word_1_747' title='bbox 1319 5271 1395 5336; x_wconf 86' lang='grc' dir='ltr'>ὠς</span> <span class='ocrx_word' id='word_1_748' title='bbox 1451 5272 1527 5345; x_wconf 79' lang='grc' dir='ltr'>μὴ</span> <span class='ocrx_word' id='word_1_749' title='bbox 1584 5271 1767 5336; x_wconf 80' lang='grc' dir='ltr'>καλῶς</span> <span class='ocrx_word' id='word_1_750' title='bbox 1819 5274 1930 5328; x_wconf 85' lang='grc' dir='ltr'>δια-</span> 
     </span>
    </p>
   </div>
   <div class='ocr_carea' id='block_1_101' title="bbox 348 5364 1933 5440">
    <p class='ocr_par' dir='ltr' id='par_1_101' title="bbox 348 5364 1933 5440">
     <span class='ocr_line' id='line_1_101' title="bbox 348 5364 1933 5440; baseline -0.003 -16"><span class='ocrx_word' id='word_1_751' title='bbox 348 5370 637 5440; x_wconf 70' lang='grc' dir='ltr'>κειμένους</span> <span class='ocrx_word' id='word_1_752' title='bbox 664 5367 804 5439; x_wconf 83' lang='grc' dir='ltr'>πρδς</span> <span class='ocrx_word' id='word_1_753' title='bbox 831 5366 1017 5434; x_wconf 78' lang='grc' dir='ltr'>αὐτὸν,</span> <span class='ocrx_word' id='word_1_754' title='bbox 1048 5371 1143 5421; x_wconf 75' lang='grc' dir='ltr'><strong>καὶ</strong></span> <span class='ocrx_word' id='word_1_755' title='bbox 1174 5366 1528 5437; x_wconf 73' lang='grc' dir='ltr'>παραιτεῖται</span> <span class='ocrx_word' id='word_1_756' title='bbox 1556 5364 1756 5428; x_wconf 76' lang='grc' dir='ltr'>αὐτοὺς</span> <span class='ocrx_word' id='word_1_757' title='bbox 1782 5366 1933 5419; x_wconf 73' lang='grc' dir='ltr'><strong>ἐκεί-</strong></span> 
     </span>
    </p>
   </div>
   <div class='ocr_carea' id='block_1_102' title="bbox 312 5454 1932 5532">
    <p class='ocr_par' dir='ltr' id='par_1_102' title="bbox 312 5454 1932 5532">
     <span class='ocr_line' id='line_1_102' title="bbox 312 5454 1932 5532; baseline -0.004 -16"><span class='ocrx_word' id='word_1_758' title='bbox 312 5494 319 5499; x_wconf 87' lang='lat'><strong>-</strong></span> <span class='ocrx_word' id='word_1_759' title='bbox 349 5478 433 5518; x_wconf 92' lang='grc' dir='ltr'><strong>νοι</strong></span> <span class='ocrx_word' id='word_1_760' title='bbox 466 5462 542 5532; x_wconf 82' lang='grc' dir='ltr'>μὴ</span> <span class='ocrx_word' id='word_1_761' title='bbox 565 5460 921 5531; x_wconf 86' lang='grc' dir='ltr'>παρίστωσαν</span> <span class='ocrx_word' id='word_1_762' title='bbox 951 5460 1037 5522; x_wconf 77' lang='grc' dir='ltr'><strong>είς</strong></span> <span class='ocrx_word' id='word_1_763' title='bbox 1072 5458 1140 5512; x_wconf 77' lang='grc' dir='ltr'>τὸ</span> <span class='ocrx_word' id='word_1_764' title='bbox 1191 5457 1569 5528; x_wconf 71' lang='grc' dir='ltr'>δικαστήριον.</span> <span class='ocrx_word' id='word_1_765' title='bbox 1599 5454 1794 5526; x_wconf 78' lang='grc' dir='ltr'>Ἡμεῖς</span> <span class='ocrx_word' id='word_1_766' title='bbox 1831 5457 1932 5528; x_wconf 69' lang='grc' dir='ltr'>μὲν</span> 
     </span>
    </p>
   </div>
   <div class='ocr_carea' id='block_1_103' title="bbox 351 5548 1932 5627">
    <p class='ocr_par' dir='ltr' id='par_1_103' title="bbox 351 5548 1932 5627">
     <span class='ocr_line' id='line_1_103' title="bbox 351 5548 1932 5627; baseline -0.003 -19"><span class='ocrx_word' id='word_1_767' title='bbox 351 5556 501 5627; x_wconf 80' lang='grc' dir='ltr'>γὰρ,</span> <span class='ocrx_word' id='word_1_768' title='bbox 535 5555 723 5626; x_wconf 72' lang='grc' dir='ltr'>φησὶν,</span> <span class='ocrx_word' id='word_1_769' title='bbox 753 5552 943 5607; x_wconf 72' lang='grc' dir='ltr'>ούδᾶνα</span> <span class='ocrx_word' id='word_1_770' title='bbox 994 5549 1103 5605; x_wconf 84' lang='grc' dir='ltr'><strong>τῶν</strong></span> <span class='ocrx_word' id='word_1_771' title='bbox 1158 5549 1478 5623; x_wconf 76' lang='grc' dir='ltr'>ἐπισκόπων</span> <span class='ocrx_word' id='word_1_772' title='bbox 1527 5548 1733 5621; x_wconf 74' lang='grc' dir='ltr'>ἔχθραν</span> <span class='ocrx_word' id='word_1_773' title='bbox 1785 5549 1932 5621; x_wconf 71' lang='grc' dir='ltr'>ἔχειν</span> 
     </span>
    </p>
   </div>
   <div class='ocr_carea' id='block_1_104' title="bbox 352 5642 1931 5719">
    <p class='ocr_par' dir='ltr' id='par_1_104' title="bbox 352 5642 1931 5719">
     <span class='ocr_line' id='line_1_104' title="bbox 352 5642 1931 5719; baseline -0.005 -14"><span class='ocrx_word' id='word_1_774' title='bbox 352 5648 689 5719; x_wconf 72' lang='grc' dir='ltr'>πιστεύομεν</span> <span class='ocrx_word' id='word_1_775' title='bbox 710 5647 853 5702; x_wconf 80' lang='grc' dir='ltr'>κατὰ</span> <span class='ocrx_word' id='word_1_776' title='bbox 873 5644 1125 5716; x_wconf 77' lang='grc' dir='ltr'>ἀδελφοῦ,</span> <span class='ocrx_word' id='word_1_777' title='bbox 1150 5643 1277 5699; x_wconf 82' lang='grc' dir='ltr'>οὐδὲ</span> <span class='ocrx_word' id='word_1_778' title='bbox 1308 5644 1397 5699; x_wconf 81' lang='grc' dir='ltr'>διὰ</span> <span class='ocrx_word' id='word_1_779' title='bbox 1434 5642 1594 5696; x_wconf 81' lang='grc' dir='ltr'>τοῦτο</span> <span class='ocrx_word' id='word_1_780' title='bbox 1648 5642 1931 5715; x_wconf 80' lang='grc' dir='ltr'>κωλύομεν</span> 
     </span>
    </p>
   </div>
   <div class='ocr_carea' id='block_1_105' title="bbox 351 5735 1931 5808">
    <p class='ocr_par' dir='ltr' id='par_1_105' title="bbox 351 5735 1931 5808">
     <span class='ocr_line' id='line_1_105' title="bbox 351 5735 1931 5808; baseline -0.006 -10"><span class='ocrx_word' id='word_1_781' title='bbox 351 5743 558 5806; x_wconf 79' lang='grc' dir='ltr'>αὐτοὺς</span> <span class='ocrx_word' id='word_1_782' title='bbox 588 5740 921 5796; x_wconf 73' lang='grc' dir='ltr'>συνδικάσαιο</span> <span class='ocrx_word' id='word_1_783' title='bbox 954 5740 1119 5808; x_wconf 78' lang='grc' dir='ltr'>ἡμῖν’</span> <span class='ocrx_word' id='word_1_784' title='bbox 1154 5737 1242 5791; x_wconf 83' lang='grc' dir='ltr'><strong>ἴνα</strong></span> <span class='ocrx_word' id='word_1_785' title='bbox 1292 5736 1348 5790; x_wconf 80' lang='grc' dir='ltr'><strong>δέ</strong></span> <span class='ocrx_word' id='word_1_786' title='bbox 1383 5736 1457 5808; x_wconf 83' lang='grc' dir='ltr'>μὴ</span> <span class='ocrx_word' id='word_1_787' title='bbox 1507 5741 1668 5789; x_wconf 78' lang='grc' dir='ltr'>τοῦτο</span> <span class='ocrx_word' id='word_1_788' title='bbox 1702 5735 1931 5807; x_wconf 83' lang='grc' dir='ltr'>ἀφορμῆ</span> 
     </span>
    </p>
   </div>
   <div class='ocr_carea' id='block_1_106' title="bbox 2038 4623 3720 4697">
    <p class='ocr_par' dir='ltr' id='par_1_106' title="bbox 2038 4623 3720 4697">
     <span class='ocr_line' id='line_1_106' title="bbox 2038 4623 3720 4697; baseline -0.004 -15"><span class='ocrx_word' id='word_1_789' title='bbox 2038 4627 2121 4682; x_wconf 83' lang='lat' dir='ltr'><strong>&#39;l&#39;u</strong></span> <span class='ocrx_word' id='word_1_790' title='bbox 2152 4641 2303 4697; x_wconf 77' lang='lat' dir='ltr'><strong>ergo,</strong></span> <span class='ocrx_word' id='word_1_791' title='bbox 2334 4627 2526 4683; x_wconf 80' lang='lat' dir='ltr'><strong>scribit</strong></span> <span class='ocrx_word' id='word_1_792' title='bbox 2565 4637 2788 4682; x_wconf 86' lang='lat' dir='ltr'><strong>sanctus</strong></span> <span class='ocrx_word' id='word_1_793' title='bbox 2830 4627 2897 4681; x_wconf 89' lang='lat' dir='ltr'><strong>ad</strong></span> <span class='ocrx_word' id='word_1_794' title='bbox 2947 4625 3239 4692; x_wconf 85' lang='lat' dir='ltr'><strong>Domuum,</strong></span> <span class='ocrx_word' id='word_1_795' title='bbox 3273 4623 3371 4695; x_wconf 84' lang='lat' dir='ltr'><strong>qui</strong></span> <span class='ocrx_word' id='word_1_796' title='bbox 3416 4624 3525 4680; x_wconf 88' lang='lat' dir='ltr'><strong>scis</strong></span> <span class='ocrx_word' id='word_1_797' title='bbox 3567 4630 3623 4677; x_wconf 89' lang='lat' dir='ltr'><strong>et</strong></span> <span class='ocrx_word' id='word_1_798' title='bbox 3712 4677 3720 4685; x_wconf 74' lang='grc'><strong>,</strong></span> 
     </span>
    </p>
   </div>
   <div class='ocr_carea' id='block_1_107' title="bbox 2039 4716 3617 4789">
    <p class='ocr_par' dir='ltr' id='par_1_107' title="bbox 2039 4716 3617 4789">
     <span class='ocr_line' id='line_1_107' title="bbox 2039 4716 3617 4789; baseline -0.004 -12"><span class='ocrx_word' id='word_1_799' title='bbox 2039 4721 2253 4777; x_wconf 84' lang='lat' dir='ltr'><strong>divinos</strong></span> <span class='ocrx_word' id='word_1_800' title='bbox 2302 4734 2568 4784; x_wconf 79' lang='lat' dir='ltr'><strong>canones,</strong></span> <span class='ocrx_word' id='word_1_801' title='bbox 2593 4728 2650 4775; x_wconf 87' lang='lat' dir='ltr'><strong>et</strong></span> <span class='ocrx_word' id='word_1_802' title='bbox 2682 4721 2825 4789; x_wconf 86' lang='lat' dir='ltr'><strong>quod</strong></span> <span class='ocrx_word' id='word_1_803' title='bbox 2857 4721 3115 4775; x_wconf 78' lang='lat' dir='ltr'><strong>convenit</strong></span> <span class='ocrx_word' id='word_1_804' title='bbox 3154 4718 3409 4774; x_wconf 66' lang='lat' dir='ltr'><strong>Ecclesiae</strong></span> <span class='ocrx_word' id='word_1_805' title='bbox 3439 4727 3497 4773; x_wconf 88' lang='lat' dir='ltr'><strong>et</strong></span> <span class='ocrx_word' id='word_1_806' title='bbox 3526 4716 3617 4771; x_wconf 84' lang='lat' dir='ltr'><strong>Dei</strong></span> 
     </span>
    </p>
   </div>
   <div class='ocr_carea' id='block_1_108' title="bbox 2039 4808 3619 4882">
    <p class='ocr_par' dir='ltr' id='par_1_108' title="bbox 2039 4808 3619 4882">
     <span class='ocr_line' id='line_1_108' title="bbox 2039 4808 3619 4882; baseline -0.005 -13"><span class='ocrx_word' id='word_1_807' title='bbox 2039 4813 2327 4880; x_wconf 80' lang='lat' dir='ltr'><strong>ministris,</strong></span> <span class='ocrx_word' id='word_1_808' title='bbox 2359 4812 2734 4882; x_wconf 79' lang='lat' dir='ltr'><strong>nempejuste</strong></span> <span class='ocrx_word' id='word_1_809' title='bbox 2750 4826 2933 4882; x_wconf 73' lang='lat' dir='ltr'><strong>agere,</strong></span> <span class='ocrx_word' id='word_1_810' title='bbox 2963 4808 3281 4867; x_wconf 75' lang='lat' dir='ltr'><strong>nostrarum</strong></span> <span class='ocrx_word' id='word_1_811' title='bbox 3313 4809 3478 4866; x_wconf 76' lang='lat' dir='ltr'><strong>etiam</strong></span> <span class='ocrx_word' id='word_1_812' title='bbox 3529 4810 3619 4862; x_wconf 78' lang='lat' dir='ltr'><strong>lit—</strong></span> 
     </span>
    </p>
   </div>
   <div class='ocr_carea' id='block_1_109' title="bbox 2038 4900 3617 4973">
    <p class='ocr_par' dir='ltr' id='par_1_109' title="bbox 2038 4900 3617 4973">
     <span class='ocr_line' id='line_1_109' title="bbox 2038 4900 3617 4973; baseline -0.004 -13"><span class='ocrx_word' id='word_1_813' title='bbox 2038 4914 2276 4961; x_wconf 82' lang='lat' dir='ltr'><strong>terarum</strong></span> <span class='ocrx_word' id='word_1_814' title='bbox 2311 4905 2576 4961; x_wconf 84' lang='lat' dir='ltr'><strong>rationem</strong></span> <span class='ocrx_word' id='word_1_815' title='bbox 2605 4907 2829 4969; x_wconf 74' lang='lat' dir='ltr'><strong>ducens,</strong></span> <span class='ocrx_word' id='word_1_816' title='bbox 2865 4905 3113 4973; x_wconf 82' lang='lat' dir='ltr'><strong>reprime</strong></span> <span class='ocrx_word' id='word_1_817' title='bbox 3126 4902 3278 4957; x_wconf 73' lang='lat' dir='ltr'><strong>senis</strong></span> <span class='ocrx_word' id='word_1_818' title='bbox 3317 4900 3617 4970; x_wconf 77' lang='lat' dir='ltr'><strong>laerymas,</strong></span> 
     </span>
    </p>
   </div>
   <div class='ocr_carea' id='block_1_110' title="bbox 2035 4992 3619 5064">
    <p class='ocr_par' dir='ltr' id='par_1_110' title="bbox 2035 4992 3619 5064">
     <span class='ocr_line' id='line_1_110' title="bbox 2035 4992 3619 5064; baseline -0.004 -11"><span class='ocrx_word' id='word_1_819' title='bbox 2035 4998 2173 5053; x_wconf 86' lang='lat' dir='ltr'><strong>et-si</strong></span> <span class='ocrx_word' id='word_1_820' title='bbox 2207 4996 2335 5052; x_wconf 84' lang='lat' dir='ltr'><strong>velit</strong></span> <span class='ocrx_word' id='word_1_821' title='bbox 2376 5012 2501 5053; x_wconf 85' lang='lat' dir='ltr'><strong>cum</strong></span> <span class='ocrx_word' id='word_1_822' title='bbox 2536 4997 2650 5053; x_wconf 83' lang='lat' dir='ltr'><strong>suis</strong></span> <span class='ocrx_word' id='word_1_823' title='bbox 2690 4994 3101 5051; x_wconf 79' lang='lat' dir='ltr'><strong>accusatoribus</strong></span> <span class='ocrx_word' id='word_1_824' title='bbox 3141 4992 3350 5064; x_wconf 80' lang='lat' dir='ltr'><strong>judicio</strong></span> <span class='ocrx_word' id='word_1_825' title='bbox 3392 5001 3619 5048; x_wconf 81' lang='lat' dir='ltr'><strong>conten-</strong></span> 
     </span>
    </p>
   </div>
   <div class='ocr_carea' id='block_1_111' title="bbox 2033 5082 3615 5159">
    <p class='ocr_par' dir='ltr' id='par_1_111' title="bbox 2033 5082 3615 5159">
     <span class='ocr_line' id='line_1_111' title="bbox 2033 5082 3615 5159; baseline -0.004 -15"><span class='ocrx_word' id='word_1_826' title='bbox 2033 5091 2184 5155; x_wconf 85' lang='lat' dir='ltr'><strong>dere,</strong></span> <span class='ocrx_word' id='word_1_827' title='bbox 2225 5091 2451 5159; x_wconf 85' lang='lat' dir='ltr'><strong>apud-te</strong></span> <span class='ocrx_word' id='word_1_828' title='bbox 2481 5098 2537 5143; x_wconf 85' lang='lat' dir='ltr'><strong>et</strong></span> <span class='ocrx_word' id='word_1_829' title='bbox 2564 5088 2657 5158; x_wconf 86' lang='lat' dir='ltr'><strong>qui</strong></span> <span class='ocrx_word' id='word_1_830' title='bbox 2685 5087 2779 5142; x_wconf 83' lang='lat' dir='ltr'><strong>tibi</strong></span> <span class='ocrx_word' id='word_1_831' title='bbox 2794 5088 3033 5142; x_wconf 81' lang='lat' dir='ltr'><strong>subsunt</strong></span> <span class='ocrx_word' id='word_1_832' title='bbox 3064 5085 3357 5155; x_wconf 77' lang='lat' dir='ltr'><strong>episcopos</strong></span> <span class='ocrx_word' id='word_1_833' title='bbox 3405 5082 3615 5154; x_wconf 75' lang='lat' dir='ltr'><strong>litiget:</strong></span> 
     </span>
    </p>
   </div>
   <div class='ocr_carea' id='block_1_112' title="bbox 2034 5175 3615 5250">
    <p class='ocr_par' dir='ltr' id='par_1_112' title="bbox 2034 5175 3615 5250">
     <span class='ocr_line' id='line_1_112' title="bbox 2034 5175 3615 5250; baseline -0.008 -12"><span class='ocrx_word' id='word_1_834' title='bbox 2034 5181 2120 5238; x_wconf 83' lang='lat' dir='ltr'><strong>sin</strong></span> <span class='ocrx_word' id='word_1_835' title='bbox 2154 5189 2345 5236; x_wconf 78' lang='lat' dir='ltr'><strong>autem</strong></span> <span class='ocrx_word' id='word_1_836' title='bbox 2373 5181 2749 5250; x_wconf 80' lang='lat' dir='ltr'><strong>episcoporum</strong></span> <span class='ocrx_word' id='word_1_837' title='bbox 2808 5178 3023 5247; x_wconf 85' lang='lat' dir='ltr'><strong>aliquos</strong></span> <span class='ocrx_word' id='word_1_838' title='bbox 3059 5185 3347 5247; x_wconf 83' lang='lat' dir='ltr'><strong>suspectos</strong></span> <span class='ocrx_word' id='word_1_839' title='bbox 3396 5175 3615 5241; x_wconf 77' lang='lat' dir='ltr'><strong>habeat,</strong></span> 
     </span>
    </p>
   </div>
   <div class='ocr_carea' id='block_1_113' title="bbox 2035 5267 3625 5342">
    <p class='ocr_par' dir='ltr' id='par_1_113' title="bbox 2035 5267 3625 5342">
     <span class='ocr_line' id='line_1_113' title="bbox 2035 5267 3625 5342; baseline -0.004 -14"><span class='ocrx_word' id='word_1_840' title='bbox 2035 5284 2092 5329; x_wconf 90' lang='lat' dir='ltr'><strong>ut</strong></span> <span class='ocrx_word' id='word_1_841' title='bbox 2128 5288 2234 5329; x_wconf 91' lang='lat' dir='ltr'><strong>non</strong></span> <span class='ocrx_word' id='word_1_842' title='bbox 2261 5273 2399 5329; x_wconf 87' lang='lat' dir='ltr'><strong>bene</strong></span> <span class='ocrx_word' id='word_1_843' title='bbox 2429 5272 2497 5327; x_wconf 78' lang='lat' dir='ltr'><strong>in</strong></span> <span class='ocrx_word' id='word_1_844' title='bbox 2532 5273 2705 5342; x_wconf 87' lang='lat' dir='ltr'><strong>ipsum</strong></span> <span class='ocrx_word' id='word_1_845' title='bbox 2733 5269 2979 5337; x_wconf 66' lang='lat' dir='ltr'><strong>aﬂectos,</strong></span> <span class='ocrx_word' id='word_1_846' title='bbox 3010 5279 3081 5325; x_wconf 17' lang='lat' dir='ltr'><strong>et;</strong></span> <span class='ocrx_word' id='word_1_847' title='bbox 3102 5282 3207 5324; x_wconf 79' lang='lat' dir='ltr'><strong>eos</strong></span> <span class='ocrx_word' id='word_1_848' title='bbox 3242 5276 3489 5330; x_wconf 85' lang='lat' dir='ltr'><strong>recuset,</strong></span> <span class='ocrx_word' id='word_1_849' title='bbox 3540 5267 3625 5322; x_wconf 77' lang='lat' dir='ltr'><strong>illi</strong></span> 
     </span>
    </p>
   </div>
   <div class='ocr_carea' id='block_1_114' title="bbox 2031 5362 3679 5437">
    <p class='ocr_par' dir='ltr' id='par_1_114' title="bbox 2031 5362 3679 5437">
     <span class='ocr_line' id='line_1_114' title="bbox 2031 5362 3679 5437; baseline -0.005 -15"><span class='ocrx_word' id='word_1_850' title='bbox 2031 5366 2444 5437; x_wconf 34' lang='lat' dir='ltr'><strong>in‘judlcionon</strong></span> <span class='ocrx_word' id='word_1_851' title='bbox 2480 5366 2681 5420; x_wconf 82' lang='lat' dir='ltr'><strong>adsint.</strong></span> <span class='ocrx_word' id='word_1_852' title='bbox 2717 5362 2828 5419; x_wconf 84' lang='lat' dir='ltr'><strong>Nos</strong></span> <span class='ocrx_word' id='word_1_853' title='bbox 2856 5362 3244 5432; x_wconf 83' lang='lat' dir='ltr'><strong>enim,inquit,</strong></span> <span class='ocrx_word' id='word_1_854' title='bbox 3270 5362 3476 5416; x_wconf 88' lang='lat' dir='ltr'><strong>nullum</strong></span> <span class='ocrx_word' id='word_1_855' title='bbox 3502 5362 3619 5431; x_wconf 84' lang='lat' dir='ltr'><strong>epi-</strong></span> <span class='ocrx_word' id='word_1_856' title='bbox 3671 5390 3679 5406; x_wconf 64' lang='grc' dir='ltr'><em>ρ</em></span> 
     </span>
    </p>
   </div>
   <div class='ocr_carea' id='block_1_115' title="bbox 2030 5448 3618 5526">
    <p class='ocr_par' dir='ltr' id='par_1_115' title="bbox 2030 5448 3618 5526">
     <span class='ocr_line' id='line_1_115' title="bbox 2030 5448 3618 5526; baseline -0.005 -15"><span class='ocrx_word' id='word_1_857' title='bbox 2030 5470 2250 5526; x_wconf 86' lang='lat' dir='ltr'><strong>scopum</strong></span> <span class='ocrx_word' id='word_1_858' title='bbox 2282 5454 2596 5510; x_wconf 82' lang='lat' dir='ltr'><strong>inimicitias</strong></span> <span class='ocrx_word' id='word_1_859' title='bbox 2642 5454 2845 5509; x_wconf 81' lang='lat' dir='ltr'><strong>habere</strong></span> <span class='ocrx_word' id='word_1_860' title='bbox 2879 5451 3139 5507; x_wconf 84' lang='lat' dir='ltr'><strong>adversus</strong></span> <span class='ocrx_word' id='word_1_861' title='bbox 3174 5448 3398 5506; x_wconf 80' lang='lat' dir='ltr'><strong>fratrem</strong></span> <span class='ocrx_word' id='word_1_862' title='bbox 3435 5449 3618 5504; x_wconf 85' lang='lat' dir='ltr'><strong>credi-</strong></span> 
     </span>
    </p>
   </div>
   <div class='ocr_carea' id='block_1_116' title="bbox 2030 5543 3617 5618">
    <p class='ocr_par' dir='ltr' id='par_1_116' title="bbox 2030 5543 3617 5618">
     <span class='ocr_line' id='line_1_116' title="bbox 2030 5543 3617 5618; baseline -0.006 -15"><span class='ocrx_word' id='word_1_863' title='bbox 2030 5563 2178 5611; x_wconf 88' lang='lat' dir='ltr'><strong>mus,</strong></span> <span class='ocrx_word' id='word_1_864' title='bbox 2221 5562 2322 5603; x_wconf 86' lang='lat' dir='ltr'><strong>nec</strong></span> <span class='ocrx_word' id='word_1_865' title='bbox 2351 5555 2634 5618; x_wconf 85' lang='lat' dir='ltr'><strong>propterea</strong></span> <span class='ocrx_word' id='word_1_866' title='bbox 2658 5553 2900 5601; x_wconf 74' lang='lat' dir='ltr'><strong>vetemus</strong></span> <span class='ocrx_word' id='word_1_867' title='bbox 2938 5558 3010 5599; x_wconf 89' lang='lat' dir='ltr'><strong>ne</strong></span> <span class='ocrx_word' id='word_1_868' title='bbox 3050 5543 3125 5598; x_wconf 84' lang='lat' dir='ltr'><strong>illi</strong></span> <span class='ocrx_word' id='word_1_869' title='bbox 3174 5543 3456 5598; x_wconf 87' lang='lat' dir='ltr'><strong>nobiscum</strong></span> <span class='ocrx_word' id='word_1_870' title='bbox 3510 5555 3617 5595; x_wconf 81' lang='lat' dir='ltr'><strong>una</strong></span> 
     </span>
    </p>
   </div>
   <div class='ocr_carea' id='block_1_117' title="bbox 2032 5631 3623 5712">
    <p class='ocr_par' dir='ltr' id='par_1_117' title="bbox 2032 5631 3623 5712">
     <span class='ocr_line' id='line_1_117' title="bbox 2032 5631 3623 5712; baseline -0.007 -15"><span class='ocrx_word' id='word_1_871' title='bbox 2032 5640 2277 5712; x_wconf 79' lang='lat' dir='ltr'><strong>judicent</strong></span> <span class='ocrx_word' id='word_1_872' title='bbox 2313 5657 2327 5694; x_wconf 89' lang='lat'><strong>:</strong></span> <span class='ocrx_word' id='word_1_873' title='bbox 2360 5640 2475 5696; x_wconf 38' lang='lat' dir='ltr'><strong>sed.</strong></span> <span class='ocrx_word' id='word_1_874' title='bbox 2496 5653 2566 5696; x_wconf 87' lang='lat' dir='ltr'><strong>ne</strong></span> <span class='ocrx_word' id='word_1_875' title='bbox 2597 5638 2702 5694; x_wconf 89' lang='lat' dir='ltr'><strong>hoc</strong></span> <span class='ocrx_word' id='word_1_876' title='bbox 2741 5640 2812 5694; x_wconf 87' lang='lat' dir='ltr'><strong>sit</strong></span> <span class='ocrx_word' id='word_1_877' title='bbox 2839 5636 3078 5697; x_wconf 78' lang='lat' dir='ltr'><strong>occasio,</strong></span> <span class='ocrx_word' id='word_1_878' title='bbox 3100 5634 3389 5706; x_wconf 84' lang='lat' dir='ltr'><strong>quominus</strong></span> <span class='ocrx_word' id='word_1_879' title='bbox 3420 5632 3536 5702; x_wconf 82' lang='lat' dir='ltr'><strong>ipse</strong></span> <span class='ocrx_word' id='word_1_880' title='bbox 3563 5631 3623 5686; x_wconf 86' lang='lat' dir='ltr'><strong>in</strong></span> 
     </span>
    </p>
   </div>
   <div class='ocr_carea' id='block_1_118' title="bbox 2000 5723 3631 5804">
    <p class='ocr_par' dir='ltr' id='par_1_118' title="bbox 2000 5723 3631 5804">
     <span class='ocr_line' id='line_1_118' title="bbox 2000 5723 3631 5804; baseline -0.001 -17"><span class='ocrx_word' id='word_1_881' title='bbox 2000 5754 2005 5757; x_wconf 87' lang='grc'><strong>·</strong></span> <span class='ocrx_word' id='word_1_882' title='bbox 2033 5733 2501 5804; x_wconf 73' lang='lat' dir='ltr'><strong>judicio-causam</strong></span> <span class='ocrx_word' id='word_1_883' title='bbox 2532 5745 2638 5788; x_wconf 85' lang='lat' dir='ltr'><strong>non</strong></span> <span class='ocrx_word' id='word_1_884' title='bbox 2671 5740 2816 5802; x_wconf 79' lang='lat' dir='ltr'><strong>agat,</strong></span> <span class='ocrx_word' id='word_1_885' title='bbox 2867 5729 2940 5786; x_wconf 90' lang='lat' dir='ltr'><strong>illi</strong></span> <span class='ocrx_word' id='word_1_886' title='bbox 2970 5744 3000 5784; x_wconf 90' lang='lat' dir='ltr'><strong>a</strong></span> <span class='ocrx_word' id='word_1_887' title='bbox 3031 5741 3298 5785; x_wconf 85' lang='lat' dir='ltr'><strong>consessu.</strong></span> <span class='ocrx_word' id='word_1_888' title='bbox 3338 5723 3631 5785; x_wconf 71' lang='lat' dir='ltr'><strong>recedant.</strong></span> 
     </span>
    </p>
   </div>
   <div class='ocr_carea' id='block_1_119' title="bbox 310 5825 2246 5911">
    <p class='ocr_par' dir='ltr' id='par_1_119' title="bbox 310 5825 2246 5911">
     <span class='ocr_line' id='line_1_119' title="bbox 310 5825 2246 5911; baseline -0.004 -20"><span class='ocrx_word' id='word_1_889' title='bbox 310 5858 319 5865; x_wconf 93' lang='grc'>·</span> <span class='ocrx_word' id='word_1_890' title='bbox 351 5832 578 5911; x_wconf 78' lang='grc' dir='ltr'>γίνηται</span> <span class='ocrx_word' id='word_1_891' title='bbox 609 5836 703 5892; x_wconf 76' lang='grc' dir='ltr'>τοῦ</span> <span class='ocrx_word' id='word_1_892' title='bbox 737 5837 814 5911; x_wconf 76' lang='grc' dir='ltr'>μὴ</span> <span class='ocrx_word' id='word_1_893' title='bbox 845 5834 1168 5907; x_wconf 71' lang='grc' dir='ltr'>δικασθῆναι</span> <span class='ocrx_word' id='word_1_894' title='bbox 1198 5832 1604 5904; x_wconf 65' lang='grc' dir='ltr'>αὖτ’ννὲκεῖνοι</span> <span class='ocrx_word' id='word_1_895' title='bbox 1627 5829 1909 5886; x_wconf 69' lang='grc' dir='ltr'>ἀπίτωσαν</span> <span class='ocrx_word' id='word_1_896' title='bbox 1951 5825 2246 5901; x_wconf 80' lang='grc' dir='ltr'>συνεδρίου.</span> 
     </span>
    </p>
   </div>
  </div>
