4020 6380
435 317 530 383 f-‘Zi

1281 331 1362 392 IN
1407 329 1648 392 EPIST.
1689 330 1748 390 S.
1793 331 2098 393 CYRILLI
2138 335 2241 394 AD
2281 335 2506 396 EPISC'
2559 337 2802 400 AFRIC.

3580 335 3701 398 92’2"

429 437 767 506 πράγμασιν,
798 431 873 492 ὧν
897 439 964 494 ἄν
987 458 1071 506 τις
1103 441 1306 513 πολλὴν
1351 444 1641 513 ποιήσαιτο
1699 442 1995 513 καταϐοὴν,

2101 447 2204 501 hoc
2231 455 2333 510 est,
2361 462 2483 516 qua:
2519 447 2699 517 dignm
2729 455 2858 501 sunt
2901 451 2964 502 de
2999 447 3196 518 quibus
3232 448 3590 509 exclametur,
3627 458 3683 502 ut

428 527 706 582 τούτέστιν
753 531 924 595 ἀξίων
977 533 1376 597 καταϐοᾶσθαι,
1409 533 1484 596 ὡς
1546 536 1624 602 μὴ
1675 534 1999 604 τηραύστων

426 619 715 687 ἀκρίϐειαν
745 623 836 674 καὶ
871 624 1190 677 ἀκολουθίαν
1234 626 1703 696 ὲκκλησιαστικήν
1727 641 1742 656 ⁸
1768 624 1802 695 ἦ
1841 625 1901 678 τὸ
1924 619 2000 680 ὧν

425 711 630 780 πολλήν
653 729 738 776 τις
772 715 1037 787 ποήσαιτο
1069 716 1363 786 καταϐοὴν,
1399 717 1528 786 περὶ
1558 717 1670 770 τῶν
1697 729 2001 786 παραιτου-

429 804 604 872 μὲνων
629 805 832 873 μᾶλλον
857 808 1109 880 εἰρῆσθαι
1130 809 1480 882 νοηθήσεται.

2108 554 2230 609 quae
2263 541 2686 596 ecclesiasticam
2718 541 3121 596 accurationctn
3149 552 3202 597 et
3235 542 3679 610 consequentiam

2107 645 2213 684 non
2237 641 2491 686 servent:
2527 632 2610 686 vel
2637 631 2764 686 illud
2800 631 2915 686 :De
2941 631 3139 700 quibus
3182 631 3401 685 multam
3443 632 3566 699 quis
3592 647 3684 683 εικ-

2107 720 2480 776 clamationetn
2523 721 2748 788 fecerit;
2777 723 2842 779 de
2889 723 2954 778 iis
3000 721 3091 794 qui
3147 723 3460 778 renuntiant
3509 723 3682 792 potius

2109 811 2215 867 dici
2246 812 2602 883 intelligetur.

537 993 3651 1025 ...Μ-,Μ

1696 1140 1928 1228 ΤΟΥ
2018 1141 2400 1229 ΑΥΤΟΥ

1136 1307 1292 1363 ΤΟΙΣ
1346 1307 1533 1362 ΚΑΤΑ
1565 1307 1831 1364 ΛΙΒΥΗΝ
1880 1309 1999 1365 ΚΑΙ
2037 1308 2491 1365 ΠΕΝΤΑΠΟΛΙΝ
2532 1311 2965 1368 ΕΠΙΣΚΟΠΟῙΣ.

2525 1417 2557 1467 ἱ

1645 1589 1810 1659 1⁷8
1855 1595 2386 1686 EJUSDEM

1061 1778 1450 1841 EPISCOPIS
1526 1781 1662 1854 QUI
1703 1779 1906 1841 SUNT
1979 1778 2065 1841 IN
2135 1780 2364 1840 LIBYA
2429 1781 2527 1842 ET
2594 1782 3042 1843 PENTAPOLL
3095 1832 3112 1851 ,

506 1969 719 2033 Παντὸς
745 1967 842 2022 τοῦ
873 1967 1146 2038 χρησίμου
1175 1969 1270 2022 καὶ
1300 1969 1601 2038 ἀναγκαίου
1634 1975 1771 2043 πρὸς
1801 1975 1996 2030 οἰκοδο-

2162 1982 2470 2055 Cujuslibet
2497 1981 2597 2046 rei,
2643 1996 2765 2049 quae
2793 1978 2860 2034 ad
2896 1978 3224 2048 populorum
3251 1973 3668 2029 azdilicationetn

435 2063 539 2131 μὴν
574 2061 684 2113 τῶν
734 2060 903 2127 λαῶν,
939 2059 1223 2124 τελοῦντος
1269 2062 1326 2114 δὲ
1355 2063 1449 2116 καὶ
1492 2065 1570 2126 είς
1598 2064 1864 2135 ὑπόληψιν
1895 2067 2007 2122 τῶν

430 2156 602 2223 ἁγίων
651 2154 1014 2224 Ἐκκλησιῶν,
1047 2156 1302 2224 φροντίδα
1334 2158 1603 2211 ποιεῖσθαι
1637 2160 1764 2229 χρή.
1799 2159 2005 2230 Γέγρα-

430 2263 558 2298 πται
582 2245 711 2316 γὰρ,
731 2246 814 2299 ὅτι
843 2262 861 2296 ι
891 2245 1153 2309 Εὑλαϐεῖς
1170 2250 1372 2300 ποιεῖτε
1390 2249 1514 2314 τοὺς
1536 2250 1684 2312 υίοῦς
1716 2251 1952 2322 Ἰσραήλ.
1980 2271 1999 2306 ι

424 2336 818 2405 Μοναστηρίων
844 2335 1022 2387 τοίνυν
1053 2337 1292 2409 Πατέρες
1323 2339 1430 2391 τῶν
1466 2342 1606 2394 κατὰ
1633 2341 1730 2410 τὴν
1754 2341 2006 2409 Θηϐαίων

431 2422 717 2492 ἐπαρχίαν,
737 2423 928 2497 ἄνδρες
947 2427 1193 2491 εὐλαϐεῖς
1224 2429 1317 2480 καὶ
1344 2430 1447 2482 οὐκ
1469 2428 1821 2499 ἀθαύμαστον
1850 2427 1875 2479 ἒ
1880 2444 1999 2498 χον-

427 2531 518 2577 τες
537 2515 835 2581 πολιτείαν,
864 2517 1108 2581 ἐλθόντες
1137 2521 1194 2572 ὲν
1227 2519 1625 2590 Ἀλεξανδρείᾳ,
1655 2517 1998 2589 ἐρωτώμενοι

426 2604 558 2674 παρ’
585 2605 720 2674 ἐμοῦ
750 2609 849 2676 τὴν
871 2608 1206 2662 κατάστασιν
1230 2610 1338 2662 τῶν
1365 2611 1559 2664 αὐτόσε
1600 2609 1994 2680 μοναστηρίων,

425 2696 726 2765 ἐδίδασκον,
761 2697 844 2751 δτι
877 2699 1320 2764 σκανδαλίζονται
1345 2700 1531 2754 πολλοὶ
1565 2701 1654 2754 διὰ
1678 2704 1776 2770 τὴν
1813 2700 1998 2752 τοιαύ-

421 2803 522 2858 την
550 2787 751 2844 αἰτίαν.

493 2877 708 2932 Νεωστὶ
733 2883 1116 2952 γεγαμηκότες
1150 2882 1293 2946 τινὲς
1326 2883 1420 2936 καὶ
1443 2878 1556 2936 οἷον
1583 2882 1642 2947 ἐξ
1672 2882 1854 2936 αὐτῶν
1897 2901 1997 2937 κα-

419 2971 690 3035 ταϐάντες
733 2973 842 3026 τῶν
875 2976 1202 3044 νυμφώνων,
1257 2976 1666 3045 συναρπάζουσί
1698 2993 1851 3038 τινας
1882 2976 1993 3028 τῶν

420 3061 847 3131 θεοφιλεστάτων
883 3065 1218 3127 ἐπισκόπων,
1253 3067 1347 3119 καὶ
1375 3065 1586 3128 οὐδενὸς
1619 3065 1759 3135 τάχα
1791 3081 1889 3118 που
1926 3064 1996 3117 τὰ

420 3153 542 3206 κατ’
573 3155 771 3215 αὐτοὺς
820 3154 1280 3222 καταγγέλλοντος
1299 3197 1313 3218 ,
1347 3154 1778 3224 χειροτονοῦνται
1808 3153 1997 3223 κληρι-

420 3245 529 3309 κοὶ,
564 3245 732 3314 ἡγουν
765 3245 1144 3316 πρεσϐύτεροι.
1186 3246 1405 3314 Ἕτεροι
1449 3246 1508 3298 δέ
1538 3263 1682 3308 τινες
1722 3245 1780 3312 ἐξ
1815 3244 1994 3299 αὐτῶν

417 3333 526 3386 τῶν
567 3335 948 3404 μοναστηρίων
1001 3337 1076 3398 ὡς
1112 3335 1338 3388 ἄτακτοι
1369 3334 1790 3406 ἐκϐαλλόμενοι,
1829 3333 1992 3387 πάλιν

418 3423 779 3494 ὑποτρέχουσι
802 3426 899 3487 τὰς
921 3426 1268 3494 χειροτονίας,
1299 3426 1392 3478 καὶ
1413 3427 1694 3497 γενόμενοι
1719 3426 1990 3496 κληρικοὶ,

415 3513 756 3584 εἰσέρχονται
802 3515 897 3567 καὶ
939 3517 997 3566 ἐν
1047 3515 1228 3578 αὐτοῖς
1281 3517 1396 3578 τοῖς
1447 3516 1830 3586 μοναστηρίοις
1869 3515 1993 3571 ὅθεν

414 3604 792 3674 ὲκϐἐϐληνται,
820 3607 915 3658 καὶ
942 3604 1221 3674 βούλονται
1247 3606 1599 3676 προσφέρειν,
1628 3609 1722 3659 καὶ
1739 3608 1840 3661 ὅσα
1861 3608 1992 3678 κληο

416 3698 589 3763 ρικοίς
623 3695 742 3758 ἔθος
769 3695 1042 3766 πληροῦν,
1086 3697 1179 3748 καὶ
1203 3695 1376 3751 ταῦτα
1400 3697 1532 3768 δρᾷν
1555 3737 1569 3760 ,
1611 3698 1685 3761 ὡς
1713 3698 1807 3751 καί
1838 3716 1990 3763 τινας

414 3784 520 3836 τῶν
551 3786 766 3839 είδότων
797 3787 994 3850 αὐτοὺς
1020 3788 1404 3858 παραιτεῖσθαι
1438 3791 1534 3841 καὶ
1569 3789 1668 3852 τὰς
1703 3790 1952 3854 συνάξεις
1973 3832 1987 3855 ,

416 3878 509 3928 καὶ
543 3877 616 3944 μὴ
648 3875 933 3945 ἀνέχεσθαι
957 3880 1234 3932 κοινωνεῖν
1259 3878 1716 3946 λειτουργούντων
1739 3880 1985 3933 ἐκείνων.

499 3968 716 4038 Ἐπειδὴ
737 3969 914 4022 τοίνυν
937 3971 1070 4039 πρὸς
1091 3971 1404 4042 οἰκοδομὴν,
1429 3971 1504 4035 ὡς
1525 3971 1680 4041 ἔφην,
1705 3970 1814 4022 τῶν
1843 3971 1988 4023 λαῶν

415 4059 590 4112 πάντα
619 4060 728 4130 χρὴ
749 4061 1085 4130 πράττεσθαι
1107 4062 1236 4132 παρ’
1256 4063 1434 4133 ἡμῶν,
1464 4061 1794 4132 ἐπιτηρείτω
1815 4062 1990 4116 ταῦτα

414 4152 445 4219 ὴ
475 4151 755 4204 θεοσέϐεια
787 4152 940 4221 ὑμῶν
965 4170 976 4181 ⁸
1025 4155 1119 4207 κα)⁹
1153 4155 1200 4206 εί
1240 4155 1422 4223 μέλλει
1452 4171 1535 4216 τις
1566 4153 1988 4222 χειροτονεῖσθαι

414 4239 692 4310 κληρικὸς,
732 4243 1185 4312 περιεργαζέσθω
1213 4243 1303 4296 τὸν
1339 4242 1452 4312 βίον
1481 4241 1667 4304 αὑτοῦ,
1702 4242 1796 4295 καὶ
1826 4242 1982 4295 πότε-

413 4331 506 4398 ρόν
535 4348 665 4384 ποτε
700 4334 945 4405 γαμετὴν
973 4334 1084 4404 ἔχει
1112 4335 1144 4404 ἢ
1170 4333 1254 4399 οὒ,
1295 4335 1387 4388 καὶ
1412 4335 1528 4398 πῶς
1566 4334 1661 4388 καὶ
1695 4335 1823 4387 πότε
1847 4335 1988 4402 ἠγά-

411 4437 560 4488 γετο,
599 4425 698 4477 καὶ
716 4429 762 4477 εί
796 4427 867 4495 μή
897 4426 981 4488 τίς
1009 4428 1124 4480 ἐστι
1152 4428 1261 4482 τῶν
1294 4427 1736 4496 ἐκϐαλλομένων,
1781 4425 1814 4496 ἢ
1854 4425 1987 4496 παρ’

412 4516 598 4585 ἑτέρου
630 4513 1048 4569 θεοσεϐεστάτου
1078 4519 1398 4580 ἐπισκόπου,
1429 4518 1462 4588 ἢ
1494 4519 1558 4569 ὲκ
1596 4516 1985 4587 μοναστηρίου,

2097 2076 2248 2131 utilis
2277 2083 2381 2139 est,
2411 2082 2467 2128 et
2487 2071 2815 2136 necessaria,
2845 2079 2901 2124 et
2925 2069 2992 2123 ad
3031 2077 3339 2124 sanctarum
3367 2065 3530 2118 etiam
3561 2065 3666 2117 Ec-

2097 2165 2393 2219 clesiarum
2448 2163 2904 2218 existimationem
2951 2161 3196 2222 confert,
3247 2173 3377 2211 cura
3433 2154 3667 2224 gerenda

2097 2261 2198 2308 est.
2231 2252 2507 2320 Scriptum
2545 2258 2629 2304 est
2658 2252 2804 2304 enim
2835 2269 2848 2302 :
2889 2268 2906 2300 ι
2944 2249 3174 2304 Sanctus
3218 2246 3378 2300 facite
3425 2244 3564 2297 ﬁlios
3592 2243 3670 2296 ls-

2097 2339 2208 2393 raei
2239 2341 2276 2392 ¹.
2309 2357 2326 2390 ι
2368 2340 2557 2394 Patres
2595 2337 2776 2406 itaque
2807 2337 3263 2391 monasteriorum
3302 2350 3422 2403 qua:
3456 2343 3583 2386 sunt
3614 2331 3669 2384 in

2101 2427 2488 2482 Thebanorum
2527 2428 2808 2496 provincia
2831 2467 2846 2493 ,
2876 2427 2980 2482 viri
3008 2428 3084 2496 pii
3113 2443 3176 2482 ac
3206 2427 3400 2488 sancti,
3435 2442 3496 2479 ac
3535 2424 3668 2479 satis

2099 2517 2478 2573 admirabilem
2517 2519 2644 2573 vitae
2673 2519 2905 2572 formam
2944 2527 3000 2572 et
3030 2518 3428 2572 institutionem
3463 2516 3671 2569 baben-

2099 2617 2182 2665 tes
2202 2651 2216 2674 ,
2249 2627 2373 2664 cum
2404 2610 2788 2665 Alexandriam
2816 2610 3116 2674 venissent,
3158 2625 3187 2662 a
3215 2624 3299 2662 me
3347 2605 3670 2676 interrogati

2097 2699 2169 2765 de
2190 2700 2647 2754 monasteriorum
2679 2716 2799 2770 qua:
2829 2700 2941 2754 illic
2968 2708 3097 2753 sunt
3123 2696 3536 2760 constitutione,
3568 2694 3669 2748 do-

2096 2801 2331 2847 cuerunt
2355 2791 2555 2846 multos
2587 2791 2789 2845 oﬂ‘endi
2820 2798 3040 2860 propter
3069 2790 3207 2843 hanc
3249 2803 3490 2841 causam.

2167 2882 2400 2949 Quidam
2439 2883 2533 2952 qui
2571 2897 2768 2937 uxores
2805 2891 3056 2938 rccenter
3085 2880 3381 2942 duxerunt,
3408 2886 3461 2933 et
3484 2893 3551 2932 ex
3585 2876 3669 2948 ip~

2095 2975 2172 3029 sis
2206 2975 2378 3028 veluti
2411 2974 2664 3029 thalamis
2693 2976 2920 3045 egressi,
2968 2975 3181 3043 aliquos
3207 2989 3273 3028 ex
3302 2971 3672 3027 sanctissimis

2094 3061 2364 3132 episcopis
2382 3062 2733 3132 arripiunt,et
2746 3064 2899 3118 nullo
2917 3063 2984 3118 de
3000 3064 3081 3118 eis
3097 3063 3282 3132 utique
3297 3060 3669 3125 renuntiante,

2096 3152 2429 3208 ordinantur
2458 3153 2642 3208 clerici
2675 3169 2772 3208 seu
2799 3154 3121 3225 presbyteri.
3161 3153 3342 3222 Aliqui
3372 3159 3554 3205 autem
3574 3149 3668 3202 alii

2094 3260 2163 3299 ex
2196 3245 2332 3314 ipsis
2385 3246 2768 3309 monasteriis,
2812 3254 2873 3299 ut
2907 3244 3216 3300 immodesti
3259 3243 3669 3308 insolentesque

2094 3335 2278 3407 ejecti,
2310 3352 2503 3390 rursus
2535 3336 2907 3390 ordinationes
2933 3332 3273 3404 captantfet
3303 3333 3427 3387 facti
3459 3331 3680 3394 clerici,

2094 3426 2151 3479 in
2183 3440 2248 3480 ea
2278 3426 2393 3495 ipsa
2418 3425 2746 3479 monasteria
2776 3423 3158 3494 ingrediuntur
3188 3439 3255 3477 ex
3281 3422 3484 3493 quibus
3509 3421 3668 3491 cjecti

2095 3523 2245 3580 sunt,
2281 3525 2338 3570 et
2362 3516 2904 3571 voluntoblationem
2948 3531 3107 3586 agere
3204 3521 3260 3568 et
3330 3528 3392 3566 ea
3484 3513 3667 3566 omnia

2096 3605 2275 3661 facere
2312 3623 2434 3676 quae
2462 3622 2580 3661 mos
2607 3616 2692 3662 est
2718 3607 2958 3672 clericis,
2987 3613 3047 3660 u'.
3072 3605 3238 3661 etiam
3271 3603 3439 3673 aliqui
3468 3619 3661 3657 eorum

2093 3697 2188 3765 qui
2221 3698 2368 3765 ipsos
2395 3707 2617 3762 norunt,
2647 3713 2876 3769 synaxes
2901 3698 3166 3758 devitent,
3189 3706 3243 3750 et
3263 3695 3668 3750 communicare

2096 3793 2151 3844 in
2191 3791 2433 3844 animum
2462 3807 2571 3844 non
2599 3792 2862 3845 inducant
2884 3791 2995 3846 illis
3024 3789 3488 3843 ministrantibus.

2165 3969 2435 4035 Quoniam
2461 3983 2591 4038 ergo
2624 3966 2690 4021 ad
2720 3964 3159 4027 mdilicationem,
3185 3975 3247 4018 ut
3270 3964 3403 4029 dixi,
3434 3965 3668 4044 populo-

2095 4077 2238 4124 rum,
2271 4059 2454 4115 omnia
2482 4075 2513 4112 a
2537 4059 2699 4113 nobis
2736 4056 2982 4112 facienda
3016 4067 3178 4119 sunt,
3209 4057 3325 4110 bare
3353 4067 3531 4110 vestra
3569 4057 3670 4111 ob-

2095 4159 2278 4207 servet
2305 4151 2508 4220 pietas;
2541 4158 2599 4203 et
2622 4149 2666 4204 si
2693 4157 2776 4203 est
2802 4147 3023 4217 quidem
3051 4148 3150 4202 0rd
3166 4148 3217 4200 in
3231 4147 3666 4210 andusclericus,

2094 4244 2161 4298 de
2190 4243 2302 4296 vita
2329 4243 2449 4312 ejus
2477 4242 2739 4311 inquirat,
2763 4249 2819 4295 et
2847 4255 2917 4294 an
2940 4255 3165 4294 uxorem
3186 4239 3404 4303 habeat,
3436 4255 3504 4292 an
3534 4253 3666 4302 non,

2093 4345 2148 4391 ct
2175 4350 2412 4406 quonam
2451 4334 2614 4388 modo
2642 4333 2816 4398 duxit,
2857 4341 2914 4388 et
2945 4333 3246 4396 abstinuit,
3281 4340 3336 4386 et
3371 4333 3416 4387 si
3443 4347 3553 4386 non
3585 4341 3670 4386 est

2094 4427 2294 4498 aliquis
2321 4443 2389 4481 ex
2420 4427 2488 4480 iis
2520 4425 2613 4494 qui
2641 4425 2800 4495 ejecti
2829 4433 2956 4479 sunt
2985 4441 3014 4479 a
3043 4425 3388 4480 sanctissimo
3411 4425 3667 4493 episcopo

2094 4518 2178 4573 vel
2203 4533 2270 4571 ex
2299 4516 2628 4570 monasterio
2657 4533 2670 4567 :
2697 4523 2826 4568 tunc
2852 4515 2895 4568 si
2927 4515 3236 4584 inculpatus
3264 4514 3517 4568 inventus
3546 4513 3666 4567 fue-

412 4605 504 4658 καὶ
553 4605 672 4659 τότε
721 4606 1131 4676 χειροτονείτω,
1171 4607 1491 4677 ἀδιάϐλητον
1522 4605 1834 4676 εὑρεθέντα.
1879 4607 1987 4676 Τη-

2096 4609 2187 4670 rit.
2213 4608 2448 4663 ordinet.
2490 4607 2567 4661 Ita
2600 4607 2749 4661 enim
2783 4615 2840 4663 et
2870 4616 3115 4662 nostram
3149 4607 3538 4662 conscientiam
3560 4621 3668 4676 pu-

417 4698 655 4768 ρήσομεν
682 4698 790 4768 γὰρ
821 4697 962 4752 οὕτω
991 4698 1082 4750 καὶ
1108 4698 1167 4750 τὸ
1202 4699 1410 4751 ἑαυτῶν
1451 4699 1686 4760 συνειδὸς
1721 4697 1984 4768 καθαρὸν,

414 4789 508 4841 καὶ
549 4788 872 4858 ἀδιάϐλητον
918 4788 1016 4858 τὴν
1051 4789 1200 4858 ἱερὰν
1241 4789 1338 4842 καὶ
1372 4789 1573 4858 σεπτὴν
1624 4788 1982 4856 λειτουργίαν.

425 4877 550 4931 Ἐὰν
596 4878 652 4930 δὲ
687 4878 964 4948 χωρισμὸν
1002 4877 1336 4947 ύπομείνωσί
1379 4897 1523 4942 τινες
1573 4878 1987 4948 ὲπιτιμηθέντες

413 4971 769 5040 πταισμάτων
795 4973 974 5034 ἕνεκα,
1005 4969 1123 5023 εἶτα
1157 4971 1392 5041 μέλλωσι
1426 4971 1682 5041 τελευτᾷν
1718 4970 1988 5042 κατηχού-

416 5079 567 5132 μενοι
593 5063 762 5128 ὄντες,
797 5063 1262 5132 βαπτιξέσθωσαν.
1293 5064 1387 5117 καὶ
1419 5063 1492 5134 μὴ
1535 5063 1986 5132 ἀποδημείτωσαν

412 5154 522 5206 τῶν
550 5155 902 5222 ἀνθρωπίνων
943 5157 1200 5227 ἀμέτοχοι
1228 5157 1324 5226 τῆς
1371 5157 1614 5225 χάριτος,
1645 5157 1810 5226 ἤγουν
1833 5157 1982 5208 ἀκοι-

411 5247 660 5318 νὼνητοι.
693 5251 850 5300 Δοκεῖ
878 5251 984 5318 γὰρ
1012 5249 1300 5319 προσέχειν
1325 5247 1422 5300 καὶ¹
1447 5247 1605 5299 τοῦτο
1622 5250 1730 5310 τοῖς
1756 5246 1992 5316 τῆςἙκ-

413 5341 644 5408 κλησίας
681 5340 922 5409 θεσμοῖς.
963 5339 1302 5409 Προσείπατε
1351 5339 1447 5408 τὴν
1489 5340 1622 5408 παρ’
1662 5339 1788 5405 ὑμῖν
1834 5338 1989 5391 ἀδελ-

413 5435 622 5502 φότητα
646 5449 657 5460 ⁸
699 5433 840 5500 ὑμᾶς
869 5435 902 5502 ἡ
950 5434 1046 5485 σὺν
1078 5433 1206 5502 ἡμῖν
1259 5435 1315 5484 ὲν
1347 5433 1538 5502 Κυρίῳ
1572 5429 1992 5500 προσαγορεύει.

485 5533 679 5588 ΒλΛΣ.
712 5533 783 5584 Τὸ
815 5529 1168 5601 ἀκοινώνητοι
1214 5525 1447 5581 ἐνταῦθα
1487 5528 1515 5580 ὁ
1550 5525 1702 5594 ἅγιος
1734 5525 1793 5576 οὐ
1823 5522 1983 5589 μόνον

417 5629 546 5697 περὶ
572 5629 668 5694 τῇς
695 5627 856 5692 ἁγίας
891 5622 1244 5694 μεταλήψεως
1300 5620 1468 5688 λέγει,
1504 5618 1566 5671 ού
1603 5617 1711 5685 γὰρ
1747 5614 1985 5680 ἀξιωθή-

383 5772 388 5777 ,
418 5739 602 5773 own:
632 5719 739 5770 τῶν
780 5717 936 5770 θείων
973 5716 1286 5786 μυστηρίων
1317 5713 1422 5783 πρὸ
1450 5709 1542 5766 τοῦ
1572 5709 1986 5779 βαπτίσματοςο

507 5817 517 5843 ¹
548 5820 707 5877 Jusuc
742 5841 829 5889 ιιι,
871 5824 952 5882 l5.

2093 4715 2210 4754 ram
2244 4698 2714 4757 conservabimus,
2755 4707 2812 4752 et
2849 4698 3187 4767 inculpatum
3231 4713 3444 4752 sacrum
3474 4713 3538 4750 ac
3574 4712 3668 4750 ve-

2094 4791 2336 4849 nerabile
2358 4791 2698 4861 mysterium.
2721 4789 2813 4845 Sin
2832 4799 3015 4844 autem
3045 4788 3473 4858 segregationem
3498 4787 3665 4856 aliqui

2093 4884 2458 4939 sustinuerint
2486 4891 2711 4952 propter
2737 4883 2923 4952 lapsus
2947 4883 3148 4952 puniti,
3177 4882 3376 4936 deinde
3415 4881 3522 4936 sint
3547 4898 3668 4935 mo-
3746 4880 3751 4886 ’

2095 4974 2256 5029 rituri
2284 4973 2608 5029 exsistcntes
2631 4973 3030 5038 catechumeni,
3047 4973 3412 5043 haptizentur,
3431 4983 3486 5026 et
3513 4988 3580 5025 ne
3597 4973 3667 5026 ab

2095 5064 2353 5119 humanis
2387 5065 2660 5118 excedant
2707 5064 2901 5134 gratia:
2945 5080 3053 5117 non
3094 5064 3386 5132 participes
3412 5104 3426 5126 ,
3455 5063 3667 5116 scilicet

2090 5155 2476 5210 communione
2521 5162 2790 5209 carentes.
2837 5154 3065 5208 Videtur
3107 5154 3256 5208 enim
3295 5155 3399 5208 hoc
3445 5169 3667 5222 quoque

2089 5247 2346 5302 Ecclesia:
2373 5246 2758 5304 consuetudini
2797 5246 3097 5301 adhaerere.
3118 5246 3362 5301 Salutate
3392 5261 3512 5300 eam
3545 5261 3668 5314 quae

2089 5348 2173 5394 est
2201 5339 2346 5408 apud
2387 5353 2488 5393 vos
2516 5339 2916 5393 fraternitatem
2951 5355 2968 5404 ;
2993 5353 3114 5408 qua:
3135 5337 3422 5393 nobiscum
3447 5346 3529 5392 est
3573 5353 3667 5392 vos

2093 5430 2146 5482 in
2184 5430 2414 5482 Domino
2447 5429 2670 5482 salutat.

2164 5517 2359 5572 BALS.
2389 5513 2777 5572 Comiuunione
2811 5525 2998 5567 carere
3043 5516 3264 5564 sanctus
3311 5505 3397 5562 hic
3432 5523 3536 5563 non
3578 5523 3668 5562 so-

2091 5609 2202 5666 lum
2234 5607 2364 5664 dicit
2387 5607 2451 5662 de
2473 5615 2660 5661 sancta
2684 5603 3139 5675 participatione;
3168 5615 3342 5668 neque
3368 5599 3514 5654 enim
3541 5610 3666 5654 ante

2093 5703 2417 5773 baptismum
2447 5699 2640 5757 divinis
2663 5696 2936 5768 mysteriis
2964 5694 3109 5766 digni
3140 5693 3486 5749 habebuntur
3513 5709 3526 5746 :
3564 5694 3660 5748 sed
