4020 6390
431 349 546 418 925

1216 355 1300 417 IN
1339 355 1402 418 S.
1444 353 1958 416 AMPHILOCHII
1995 353 2272 418 IAMBOS
2295 354 2396 416 AD
2433 352 2860 421 SELEUCUM.

3591 352 3709 418 926

503 474 696 530 ΒΑΛΣ.
739 473 856 528 Ἵνα
879 473 936 528 δὲ
986 471 1062 544 μὴ
1113 471 1426 545 ἀλλοτρίαις
1475 474 1569 526 τὸν
1639 474 1762 527 νοῦν
1826 472 2064 543 enata;

2184 471 2382 527 BALS.
2414 469 2490 528 Ne
2525 480 2708 526 autem
2747 469 2939 525 alienis
2987 468 3139 525 libris
3175 474 3409 527 mentem
3439 473 3693 526 seducas.

435 564 660 633 βίϐλοις.
701 563 880 617 Πολλὰ
908 564 1016 635 γάρ
1042 565 1149 616 είσι
1181 562 1395 633 ψευδῶς
1426 564 1812 634 γεγραμμένα,
1854 564 2009 634 δέχου

433 655 623 708 τοῦτον
663 655 798 724 ἐμοῦ
829 655 920 708 τὸν
958 655 1442 724 δεδοκιμασμένον,
1485 649 1530 708 ὦ
1567 655 1709 724 φίλε,
1755 654 2010 725 ἀριθμόν.

445 744 715 815 Ἱστορίας
786 747 884 817 μὲν
963 749 1314 817 περιέχουσαι
1383 746 1555 816 βίϐλοι
1615 745 1824 799 δώδεκα
1880 745 2010 809 εἰσὶ,

431 837 528 906 τῆς
557 838 798 901 Παλαιᾶς
832 837 1076 908 δηλονότι
1105 837 1463 908 Γριφῆς,καὶ
1493 839 1548 890 αἱ
1572 836 1742 908 βίϐλοι
1776 835 1885 889 τῶν
1911 836 2015 888 Βαο

434 927 672 990 σιλειῶν,
721 928 770 980 εί
802 927 1064 996 τέσσαρες
1117 927 1275 992 εἰσὶν,
1310 925 1428 980 ἀλλ’
1456 928 1537 990 είς
1575 927 1668 979 δύο
1716 926 2012 996 παραλαμ-

433 1017 688 1072 ϐάνονται
735 1021 832 1071 καὶ
893 1017 1305 1087 ἀριθμοῦνται·
1351 1021 1449 1072 καὶ
1487 1019 1542 1071 al
1576 1018 1785 1071 δώδεκα
1838 1017 2012 1087 βίϐλοι

429 1109 540 1161 τῶν
589 1108 1067 1179 ἀπηριθμημένων
1116 1109 1436 1180 προφητῶν,
1481 1110 1600 1179 μία,
1647 1110 1804 1178 φησὶ,
1865 1110 2012 1176 λογί-

432 1202 640 1264 ζονται.
670 1202 946 1273 Τέσσαρες
967 1201 1024 1253 δὲ
1059 1202 1236 1254 αἰτῶν
1262 1202 1438 1255 ἀλλων
1461 1203 1778 1271 προφητῶν,
1805 1202 2010 1272 ἑκάστη

437 1295 538 1364 μία
577 1293 931 1364 λογιζομένη.
964 1294 1073 1361 Τῆς
1112 1296 1212 1365 μὲν
1237 1313 1319 1348 τοι
1349 1297 1583 1366 ἀρχαίας
1616 1297 1734 1367 ἦτοι
1759 1299 1862 1363 τῆς
1897 1298 2012 1349 Πα-

328 1462 340 1471 .
431 1377 590 1448 λαιᾶς
625 1385 852 1456 Γραφῆς
880 1385 1086 1455 ἔγραψε
1116 1385 1330 1455 βίϐλους
1356 1387 1441 1455 κβ¹
1467 1390 1578 1450 τοῖς
1608 1386 1716 1440 τῶν
1749 1386 2013 1456 Ἐϐραίων

431 1476 760 1546 γράμμασιν
798 1477 1132 1540 ἀντιθέτους,
1191 1477 1362 1547 ἧγουν
1427 1476 1700 1540 ίσοθέτους
1758 1478 1853 1531 καὶ
1894 1479 2014 1531 ίσα-

438 1567 685 1638 ρίθμους.
718 1567 1074 1638 Λαμϐἀνεται
1131 1570 1240 1638 γὰρ
1279 1570 1312 1638 ἠ
1339 1569 1480 1623 ἀντὶ
1517 1570 1776 1639 πρόθεσις
1808 1569 1900 1623 καὶ
1920 1569 2015 1622 ἐπὶ

433 1662 526 1713 τοῦ
554 1660 690 1715 ῐσου.
728 1659 940 1730 Ὠσπερ
961 1659 1189 1730 λέγομεν
1213 1661 1526 1730 ἀντίτεχνον
1570 1661 1660 1713 τὸν
1697 1662 2011 1731 ὁμότεχνον.

432 1753 683 1822 Στοιχεῖα
713 1753 769 1806 δὲ
799 1755 947 1823 παρά
971 1755 1080 1814 τοῖς
1113 1752 1382 1820 Ἑϐραίοις
1430 1753 1512 1822 κβ¹
1545 1753 1791 1820 λέγονται
1850 1749 2012 1805 εἶναι.

2114 563 2262 618 Multi
2299 564 2442 620 enim
2474 572 2600 618 sunt
2629 561 2766 618 falso
2787 562 3028 632 inscripti
3056 581 3071 630 ;
3099 579 3252 630 cape,
3274 579 3308 618 ο
3335 565 3530 630 amice,
3554 566 3698 620 hunc

2115 670 2399 710 numerum
2436 669 2465 708 a
2499 670 2586 709 me
2621 654 2903 719 selectum,
2938 669 3032 708 seu
3075 657 3362 724 probatura
3395 666 3449 709 et
3497 657 3699 710 contir-

2115 757 2339 802 matum.
2375 746 2512 800 Sunt
2546 745 2827 800 duodecim
2863 747 3078 814 quidem
3110 747 3254 812 libri,
3286 749 3376 818 qui
3437 751 3698 805 historias

2115 836 2417 899 continent,
2461 836 2695 904 antiquae
2735 835 2942 890 scilicet
2993 837 3309 906 Scripturae,
3341 849 3396 893 et
3427 839 3548 893 libri
3591 840 3697 894 Re-

2113 941 2263 997 gum.
2297 929 2508 982 etiamsi
2542 930 2650 982 sint
2679 938 2932 996 quatuor,
2967 929 3016 982 in
3049 929 3186 984 duos
3212 940 3388 984 tamen
3411 929 3700 984 conferun-

2114 1025 2204 1071 tur
2235 1027 2290 1073 et
2318 1031 2722 1085 enumerantur,
2749 1031 2801 1072 et
2825 1022 3106 1074 duodecim
3139 1021 3260 1076 libri
3312 1024 3696 1091 prophetarum

2115 1111 2206 1180 qui
2229 1123 2641 1174 enumerantur,
2667 1126 2825 1173 unus,
2853 1111 3051 1177 inquit,
3081 1124 3420 1180 reputantur.
3451 1116 3693 1178 Quatuor

2115 1211 2300 1254 autem
2326 1201 2448 1253 libri
2479 1200 2709 1254 aliorum
2741 1205 3127 1269 prophetarum
3153 1203 3526 1270 imusquisqne
3554 1219 3693 1258 unus

2114 1298 2415 1358 reputatur.
2467 1289 2634 1345 Porro
2661 1289 2866 1345 Ven-ris
2915 1295 3031 1346 sive
3089 1293 3306 1362 Antiqui
3359 1295 3694 1349 Testamenti

2113 1380 2332 1449 scripsit
2362 1380 2497 1433 duos
2530 1391 2583 1434 et
2617 1381 2802 1450 viginti
2858 1381 3046 1443 libros,
3079 1381 3166 1449 qui
3207 1381 3401 1436 litteris
3444 1383 3694 1438 lli-bram-

2115 1472 2233 1524 r'um
2260 1470 2612 1539 respondent,
2640 1473 2754 1524 sive
2775 1472 3156 1539 :equivalcnles
3182 1485 3233 1526 et
3258 1490 3480 1528 numero
3508 1492 3692 1542 aequa-—

2113 1563 2194 1618 les
2223 1572 2368 1617 snnl.
2400 1564 2682 1632 Accipitur
2708 1564 2854 1616 enim
2885 1565 3194 1632 praepositio
3240 1566 3381 1627 ἀντὶ,
3408 1568 3568 1619 etiam
3598 1582 3695 1636 pro

2115 1655 2337 1726 quuali
2356 1671 2378 1719 ;
2407 1657 2858 1724 quemadmodum
2888 1655 3118 1710 dicimus
3161 1657 3472 1728 ἀντίτεχνον
3501 1657 3695 1727 ὁμότεο

2117 1766 2266 1819 χνον,
2295 1749 2397 1802 hoc
2431 1755 2536 1811 est,
2566 1761 2688 1800 eum
2720 1747 2811 1815 qui
2843 1761 2924 1801 est
2950 1747 3193 1816 ejusdem
3227 1753 3378 1802 artis.
3413 1730 3690 1806 Elcnienta

443 1844 865 1915 Ἀπαριθμήσας
901 1844 1002 1913 μέν
1033 1861 1117 1896 τοι
1157 1845 1250 1898 καὶ
1280 1846 1348 1898 τὰ
1378 1845 1476 1914 τῆς
1507 1843 1648 1908 Νέας
1687 1845 1906 1915 Γραφῆς
1937 1842 2022 1912 βι-
2049 1840 2064 1902 ]

2124 1849 2301 1894 autem
2329 1837 2467 1908 apud
2497 1838 2752 1892 Hebraeos
2771 1852 2892 1892 esse
2921 1833 3168 1894 dicunltﬁ'
3192 1843 3377 1911 viginti
3405 1844 3528 1896 duo.
3556 1841 3690 1896 Cum

437 1935 562 1988 ϐλία
592 1938 620 1988 ό
649 1934 828 2002 ἀγιος,
867 1936 1195 2005 ἐπήνεγκεν,
1225 1936 1307 1989 ὅτι
1346 1937 1400 1989 εί
1418 1955 1470 1990 τι
1491 1935 1694 1990 τούτων
1720 1937 1829 1990 τῶν
1860 1940 2007 2005 ἀπη-

440 2027 803 2099 ριθμημένων
844 2028 950 2094 ἔξω
978 2031 1154 2096 ἐστιν,
1175 2029 1234 2083 οὐ
1261 2031 1484 2101 γνήσιον
1523 2031 1818 2101 λογίζεται,
1871 2033 2012 2089 ἀλλά

434 2116 612 2176 νόθον.

2114 1940 2295 1986 autem
2325 1931 2447 1984 novi
2477 1943 2691 1997 quoque
2733 1916 3064 1985 Testamenti
3113 1932 3276 1986 libros
3319 1942 3690 1987 enumerasset

2122 2034 2366 2085 sanctus.
2421 2022 2699 2089 sulijunxit
2729 2037 2742 2074 :
2776 2021 2928 2088 Quod
2977 2021 3024 2078 si
3051 2023 3174 2092 quis
3215 2033 3317 2088 est,
3363 2034 3556 2092 praeter
3601 2037 3696 2077 eos

2115 2116 2205 2184 qui
2232 2122 2356 2180 sunt
2379 2115 2706 2179 enumerati,
2749 2128 2855 2168 non
2891 2113 3232 2170 existimetur
3265 2129 3576 2185 germanus,
3598 2114 3692 2170 sed

2119 2205 2478 2261 adulterinus.

1351 2552 1583 2639 ΤΟΥ
1629 2550 2002 2640 ²ΑΓΙΟΥ
2064 2549 2792 2644 ΑΜΦΙΛΟΧΙΟΥ

1855 2742 2257 2796 ΕΠΙΣΚΟΠΟΥ
2320 2721 2326 2725 ’

861 2903 964 2957 ΕΚ
1002 2901 1368 2972 ΤΠΝᾸΨΟΣ
1403 2905 1799 2962 ΣΕΛΕΥΚΟΝ
1819 2904 2105 2963 ΙΑΜΒΩΝ
2139 2908 2325 2962 ΠΕΡΙ
2385 2909 2522 2962 ΤΗΣ
2549 2907 2783 2962 ΑΥΤΗΣ
2823 2900 3268 2957 ΥΠΟΘΕΣΕΩΣ.

2015 3063 2053 3084 υ

1414 3190 1824 3283 SANCTI
1914 3191 2289 3319 AMPHI
2310 3187 2720 3280 LO‘CHII

1911 3365 2222 3422 EPISCOPI

956 3499 1076 3560 EX
1113 3499 1422 3564 IAMBIS
1464 3502 1578 3563 AD
1623 3501 2078 3565 SELEUCUM
2115 3501 2230 3562 DE
2277 3500 2586 3564 EODEM
2621 3497 3174 3562 ARGUMENTO.

510 3784 656 3854 Πλὴν
686 3784 804 3840 ἀλλ’
836 3785 1009 3842 ἐκεῖνο
1040 3781 1376 3855 προσμαθεῖν
1406 3782 1646 3854 μάλιστά
1682 3800 1766 3837 σοι

439 3879 724 3947 Προσῆκον
745 3893 758 3908 ⁸
787 3877 887 3948 οὐχ
925 3876 1113 3931 ἅπασα
1147 3875 1328 3946 βίϐλος
1363 3875 1628 3946 ἀσφαλὴς,

449 3971 516 4022 Ἦ
545 3971 742 4041 σεμνὸν
767 3969 939 4038 ὄνομα
969 3970 1066 4038 τῆς
1099 3969 1325 4038 Γραφῆς
1356 3967 1696 4039 κεκτημένη.

439 4060 595 4115 Είσὶν
624 4061 755 4132 γὰρ,
791 4062 928 4113 είσὶν
957 4061 1071 4114 ἔσθ’
1100 4061 1189 4114 ὅτε
1217 4059 1562 4129 ψευδώνυμοι·

437 4154 624 4208 Βίϐλοι
652 4169 665 4182 ·
692 4151 838 4214 τινὲς
866 4151 964 4221 μὲν
995 4151 1250 4221 ἐμμεσοι,
1279 4151 1370 4204 καὶ
1401 4150 1668 4218 γείτονες,

449 4247 538 4310 Ὠς
573 4247 640 4301 ἄν
673 4263 755 4308 τις
789 4244 956 4304 εἴποι,
989 4243 1098 4296 τῶν
1127 4243 1388 4312 ἀληθείας
1411 4243 1588 4312 λόγων
1615 4259 1630 4274 ο

437 4339 502 4392 Δί
535 4340 578 4391 δ’
607 4337 678 4391 αὖ
711 4337 854 4390 νόθοι
889 4353 949 4389 τε
984 4339 1078 4389 καὶ
1107 4336 1226 4389 λίαν
1259 4335 1602 4403 ἐπισφαλεῖς,

454 4428 536 4489 Ὠς
569 4431 876 4498 παράσημα
903 4428 996 4480 καὶ
1022 4427 1154 4479 νόθα
1185 4427 1523 4496 νομίσματα,

445 4523 512 4574 Ἀ
545 4520 809 4590 βασιλέως
842 4520 940 4590 μὲν
969 4519 1069 4588 τὴν
1103 4519 1420 4589 ἐπιγραφὴν
1451 4520 1632 4590 φέρει,

441 4609 684 4678 Κίϐδηλα
717 4608 762 4662 δ’
801 4611 940 4673 ἐστὶ,
969 4611 1085 4670 ταῖς
1125 4608 1278 4670 ὕλαις
1309 4608 1630 4678 δολούμενα.

440 4705 662 4758 Τούτων
693 4703 854 4772 χάριν
888 4719 970 4754 σοι
1008 4702 1115 4754 τῶν
1150 4701 1530 4754 θεοπνεύστων
1557 4701 1667 4772 ego

439 4795 647 4848 Βίϐλων
681 4792 952 4862 ἑκάστην·
988 4792 1064 4852 ὡς
1101 4792 1144 4843 δ’
1177 4792 1242 4844 ἂν
1271 4792 1539 4862 εὐκρινῶς
1565 4791 1772 4864 μάθῃς,

440 4889 546 4948 Τὰς
577 4886 677 4954 τῆς
706 4886 946 4946 Παλαιᾶς
978 4884 1168 4954 πρῶτα
1203 4883 1479 4954 Διαθήκης
1508 4885 1638 4952 ἐρῶ.

523 4981 583 5032 'H
618 4979 988 5047 Πεντὰτευχος
1019 4976 1116 5046 τὴν
1151 4977 1364 5042 Κτίσιν,
1393 4971 1496 5028 εἶτ’
1532 4975 1770 5042 Ἕξοδον,

441 5071 726 5127 Λῖυῖτικδιν
763 5070 820 5121 δὲ
851 5070 947 5137 τὴν
985 5071 1154 5137 μέσην
1191 5068 1302 5137 ἔχει
1336 5067 1539 5138 βίϐλον,

443 5167 576 5219 Μεθ’
616 5166 682 5234 ἢν
723 5163 1040 5232 Ἀριθμοὺς,
1075 5157 1192 5213 εἶτα
1221 5161 1662 5230 Δευτερονόμιον.

441 5257 664 5319 Τούτοις
709 5257 916 5321 Ίησουν
947 5254 1251 5321 προστίθει,
1292 5255 1388 5307 καὶ
1415 5254 1540 5316 τοὺς
1573 5257 1804 5325 Κριτάς.

443 5349 676 5401 Ἔπειτα
714 5349 814 5416 τὴν
856 5346 1037 5411 Ῥοὺθ,
1066 5344 1366 5398 Βασιλειῶν
1396 5362 1455 5399 τε
1484 5346 1758 5416 τέσσαρας

439 5441 689 5505 Βίϐλους,
721 5439 1215 5512 Παραλειπομένων
1256 5437 1314 5491 δέ
1341 5455 1404 5501 γε
1431 5437 1701 5507 ξυνωρίδα
1724 5451 1738 5466 °

442 5532 676 5602 Ἔσδρας
715 5533 800 5584 ἐπ’
831 5532 1020 5594 αὑταῖς
1049 5531 1286 5601 πρῶτος,
1322 5526 1424 5582 εἶθ’
1456 5530 1483 5580 ό
1509 5529 1786 5600 δεύτερος.

454 5623 614 5692 Ἑξῆς
646 5625 905 5694 στιχηρὰς
946 5625 1106 5677 πέντε
1144 5641 1229 5676 σοι
1255 5623 1469 5693 βίϐλους
1506 5622 1617 5689 ὲρῶ
1647 5638 1660 5652 ·

440 5717 768 5786 Στερθὲντος
802 5719 983 5782 ἄθλοις
1018 5718 1275 5772 ποικίλων
1304 5718 1490 5772 παθῶν
1530 5714 1673 5782 Ἰὼϐ,

2041 3796 2086 3856 c
2189 3787 2288 3842 Ast
2324 3786 2454 3840 illud
2485 3787 2648 3843 etiam
2683 3787 2934 3842 convenit
2965 3797 3016 3842 te
3044 3786 3256 3842 discere
3287 3804 3302 3842 :

2119 3875 2236 3930 Non
2265 3886 2416 3933 tutus
2444 3879 2624 3933 omnis
2657 3887 2740 3933 est
2773 3880 2928 3944 liber,
2956 3880 3095 3934 sacri
3129 3879 3278 3934 Libri

2079 4017 2086 4028 .
2119 3969 2177 4024 In
2205 3968 2380 4024 fronte
2407 3985 2602 4024 nomen
2630 3971 2880 4040 quisquis
2919 3983 3209 4042 augustum
3248 3973 3402 4044 gerit.

2123 4057 2264 4113 Sunt
2291 4075 2546 4131 namque,
2572 4060 2768 4115 falsum
2799 4065 2890 4132 qui
2928 4074 3120 4134 gerant
3152 4081 3370 4132 nomen,
3408 4066 3547 4125 libri.

2123 4149 2264 4204 Sunt
2291 4152 2481 4216 medii,
2513 4154 2579 4206 ab
2611 4153 2717 4208 illis
2749 4155 2926 4208 dissili
2954 4157 3094 4209 haud
3124 4171 3252 4210 sane
3281 4159 3489 4226 procul,

2121 4241 2270 4306 Quos
2293 4257 2415 4297 esse
2439 4259 2596 4300 veros
2629 4245 2816 4299 nullus
2846 4254 2929 4300 est
2959 4248 3050 4314 qui
3084 4249 3346 4315 deneget,

2120 4334 2199 4388 Ac
2231 4349 2424 4389 rursus
2456 4335 2549 4389 alii
2587 4347 2717 4391 sunt
2746 4337 2898 4392 nothi
2934 4348 3094 4409 atque
3117 4341 3288 4407 noxii,

2121 4425 2470 4480 Adulterinos
2503 4443 2728 4482 cernere
2751 4437 2834 4483 est
2862 4445 3117 4486 nummos
3145 4433 3311 4500 velut,

2122 4513 2533 4586 Inscriptionem
2560 4522 2764 4590 regiam
2805 4523 2898 4593 qui
2931 4539 3057 4578 cum
3095 4534 3307 4592 gerant,

2122 4607 2282 4663 Nothi
2313 4619 2493 4664 tamen
2529 4623 2676 4675 sunt,
2709 4629 2837 4678 aere,
2866 4631 2972 4669 non
3009 4631 3143 4671 auro
3168 4619 3319 4675 editi.

2123 4700 2241 4770 Ipse
2267 4718 2398 4770 ergo
2426 4706 2568 4758 sacri
2595 4705 2812 4760 Codicis
2845 4710 3076 4776 pandam
3111 4710 3208 4765 tibi

2122 4793 2324 4849 Omnes
2350 4796 2597 4864 libellos;
2632 4815 2849 4869 quoque
2878 4818 3075 4858 noscas
3105 4806 3340 4873 planius,

2123 4889 2363 4942 Primum
2400 4888 2606 4942 Vetusti
2639 4888 2883 4948 Foederis
2914 4895 3092 4949 dicam
3124 4898 3316 4956 libros.

2197 4979 2253 5032 In
2287 4979 2649 5035 Pentateuclto
2684 4981 2934 5038 Genesim
2967 4988 3157 5052 babes,
3181 5000 3234 5044 et
3258 4989 3521 5058 Exodum,

2123 5070 2552 5141 Leviticumque,
2583 5072 2712 5128 sede
2735 5075 2827 5142 qui
2865 5078 3038 5131 media
3071 5089 3154 5133 est
3184 5082 3342 5145 situs,

2052 5177 2095 5232 ῃ
2126 5157 2394 5215 Numeros
2417 5203 2433 5227 ,
2470 5163 2710 5216 secunda
2742 5162 2849 5217 Lex
2877 5166 3051 5220 locum
3084 5169 3316 5224 alterum
3360 5171 3586 5228 obtinet.

2129 5255 2290 5324 180
2313 5253 2408 5308 His
2440 5254 2815 5322 adde-Iesum;
2848 5272 2974 5311 mox
3005 5273 3314 5329 sequuntur
3344 5261 3586 5331 Judices,

2125 5344 2270 5398 Ruth
2304 5345 2524 5410 deinde,
2562 5343 2772 5413 Regum
2813 5356 3049 5413 quatuor
3079 5351 3202 5404 libri
3238 5353 3398 5408 simul
3433 5373 3448 5410 :

2122 5436 2588 5506 Paralipomenwn
2633 5435 2808 5504 adjice
2835 5435 2922 5492 his
2954 5438 3120 5494 libros
3159 5441 3295 5499 duos
3327 5459 3340 5496 :

2121 5532 2190 5585 At
2220 5533 2471 5602 geminus
2502 5530 2687 5586 Esdrae
2715 5531 2965 5599 sequitur
2999 5535 3096 5589 IlOS
3123 5537 3307 5591 statim
3339 5539 3497 5597 liber.

2126 5622 2261 5678 Tum
2297 5625 2539 5694 quinque
2566 5640 2727 5680 versu
2763 5626 3016 5682 conditos
3057 5628 3224 5684 libros
3259 5631 3448 5698 habes,
3685 5686 3687 5688 .

2124 5715 2228 5771 Job
2262 5717 2347 5772 cui
2377 5717 2642 5787 palaestrae
2670 5717 2917 5789 plurimae
2944 5718 3169 5790 cingunt
3195 5732 3382 5792 caput,
3693 5711 3716 5766 ἒ
