4020 6446
2151 264 2181 281 δ

345 372 466 437 SET
1608 361 1892 427 TIIEOD.
1930 362 2167 425 BAESA
2178 364 2338 425 ΜιοΝ
3547 364 3651 428 928

342 487 411 542 Et
445 486 644 541 mentis
669 498 826 554 aegra:
859 483 1218 554 pharmacutn
1246 480 1494 537 Psalmos
1516 492 1726 542 sacros,

1717 516 1726 542 ,
1970 481 2012 535 Α
2044 478 2293 548 Ψαλμῶν
2318 496 2376 532 τε
2406 479 2609 549 βίϐλον,
2641 480 2879 550 ἐμμελὲς
2906 478 3090 549 ψυχῆς
3126 481 3304 543 ἄκος,

344 578 656 633 Salomonis
688 577 854 631 etiam
888 586 1001 632 tres
1038 576 1229 639 libros,
1260 572 1578 636 Partnmins,

2039 572 2205 641 Τρεῖς
2233 572 2278 625 δ’
2308 572 2377 626 αὖ
2406 573 2753 641 Σολομῶντος
2784 573 2881 625 τοῦ
2913 573 3103 641 σοφοῦ,
3138 572 3490 642 Παροιμίας,

344 671 736 735 Ecclesiasten,
766 670 1109 725 canticorum
1135 668 1383 723 Cantica.

2050 666 2507 737 Ἐκκλησιαστὴν,
2543 663 2734 738 ⁹ᾼσμά
2759 685 2819 721 τε
2847 666 2955 719 τῶν
2983 668 3272 738 ᾀσμάτων.

343 764 440 820 llis
479 774 559 819 ter
579 777 876 834 quaternos
904 766 1070 834 junge
1098 763 1208 833 jam
1236 773 1388 817 vates
1415 760 1602 825 simul,

2039 760 2281 824 ταύταις
2314 764 2597 832 προφήτας
2632 762 2919 831 προστίθει
2953 760 3079 824 τοὺς
3109 761 3356 825 δώδεκα,

343 856 568 921 Oscam,
601 868 654 911 et
684 858 871 922 Amos,
901 867 1064 925 atque
1093 854 1373 909 Michaaam
1406 854 1652 923 insuper,

2050 854 2212 923 Ὠσηὲ
2241 856 2481 923 πρῶτον,
2520 851 2621 908 εἴτ’
2661 855 2843 926 Ἀμὼς
2868 857 2961 909 τὸν
2987 855 3272 925 δεύτερον,

344 949 729 1017 Qllat'lumque
765 949 893 1013 loel,
928 948 1186 1013 Abdiam,
1218 945 1438 1012 Jonam,
1471 955 1655 1016 typum

2040 946 2298 1017 Μιχαίαν,
2344 948 2519 1019 Ἰωὴλ,
2566 949 2806 1012 Ἀὀδίαν,
2845 952 2938 1003 καὶ
2964 952 3057 1002 τὸν
3084 950 3264 1003 τύπον

344 1042 569 1096 Reversi
608 1042 673 1094 ad
710 1057 873 1096 auras
905 1043 1064 1096 tertio
1095 1056 1125 1094 a
1157 1041 1304 1093 letho
1332 1039 1444 1103 die,

2051 1041 2241 1095 Ἰωνᾶν
2270 1041 2438 1095 αὐτοῦ
2474 1040 2566 1095 τοῦ
2601 1044 2904 1114 τριημέρου
2934 1044 3164 1108 πάθους.

343 1138 583 1200 Nahum,
612 1138 963 1206 Abacucque,
992 1134 1085 1205 qui
1112 1135 1234 1187 loco
1263 1148 1409 1187 nono
1444 1132 1667 1194 insidet,

2042 1133 2239 1202 Ναοὺμ
2267 1131 2388 1201 μετ’
2416 1132 2636 1195 αὐτοὺς,
2680 1133 3020 1199 Ἀεσακοὺμ,
3060 1130 3161 1188 εἴτ’
3193 1134 3435 1189 ἔννατον

346 1228 705 1297 Sopltoniam,
738 1235 791 1281 et
823 1228 1105 1296 Aggaeum,
1142 1223 1493 1287 Zachariam,
1532 1223 1809 1283 ultimum,

1617 1223 1809 1283 imum,
2039 1223 2325 1292 Σοφονίαν,
2378 1226 2631 1293 Ἀγγαῖόν
2676 1242 2735 1278 τε
2770 1225 2865 1279 καὶ
2898 1225 3202 1297 Ζαχαρίαν,

346 1319 558 1374 Nomen
589 1321 789 1389 duplex
824 1320 912 1373 cui
941 1327 1046 1381 est,
1079 1318 1330 1389 angelum
1367 1315 1713 1369 Malacliiam.

1422 1316 1713 1369 alachiam.
2040 1316 2321 1387 Διώνυμόν
2349 1336 2408 1372 τε
2437 1320 2669 1387 ἄγγελον
2692 1320 3003 1389 Μαλαχίαν.

342 1412 472 1466 l‘ost
500 1412 599 1465 hos
630 1412 906 1481 prephetze
933 1411 1085 1465 disce
1116 1411 1209 1479 qui
1255 1410 1364 1464 sint
1400 1418 1640 1478 quatuor
1669 1426 1682 1460 :

2040 1410 2177 1465 Μεθ’
2208 1411 2303 1475 οὒς
2336 1413 2623 1482 προφήτας
2665 1412 2903 1480 μάνθανε
2932 1413 3059 1476 τοὺς
3084 1415 3404 1485 τέσσαρας,

341 1504 463 1559 Νοιι
496 1504 743 1574 trepidus
771 1519 866 1559 ore
899 1504 1110 1574 primus
1145 1512 1230 1558 est
1264 1502 1460 1567 Isaias,

2041 1504 2471 1573 Παρρησιαστὴν
2502 1503 2594 1555 τὸν
2630 1503 2804 1573 μέγαν
2844 1504 3097 1570 Ἡσαΐαν,

342 1598 493 1653 Alter
523 1596 795 1652 Jeremias
836 1595 1159 1659 condolens,
1196 1605 1249 1649 et
1284 1594 1555 1665 mysticus

2055 1592 2325 1664 Ἱερεμίαν
2358 1611 2416 1646 τε
2444 1596 2734 1666 συμπαθῆ,
2763 1597 2859 1649 καὶ
2897 1598 3182 1664 μυστικὸν,

344 1689 599 1744 Ezechiel
630 1689 780 1755 inde,
809 1697 863 1743 et
888 1688 1081 1742 ultimo
1114 1687 1298 1741 Daniel
1329 1688 1468 1749 loco,

1367 1701 1468 1749 ico,
2054 1688 2334 1759 Ἰεζεκιὴλ,
2371 1688 2600 1758 ἔσχατον
2636 1690 2693 1743 δὲ
2731 1692 2954 1760 Δανιὴλ,

344 1783 663 1853 Rebusque,
694 1783 855 1838 dictis
890 1792 944 1837 et
968 1781 1155 1847 simul,
1185 1781 1323 1835 mire
1353 1795 1541 1849 sagax.

1972 1829 2015 1884 Β
2045 1780 2153 1833 Τδν
2182 1781 2353 1834 αὐτὸν
2379 1782 2563 1851 ἔργοις
2590 1783 2685 1834 καὶ
2709 1782 2894 1850 λόγοις
2928 1784 3272 1849 σοφώτατον.

346 1877 489 1933 Sunt
517 1877 612 1947 qui
648 1877 892 1931 libellum
927 1875 1013 1930 his
1048 1874 1304 1944 copulent
1335 1882 1538 1929 sancta:
1573 1871 1841 1927 Estheris.

1777 1871 1841 1923 is.
1974 1871 2014 1884 “’
2048 1874 2273 1936 Τούτοις
2300 1876 2768 1945 προσεγκρίνουσι
2800 1876 2900 1946 τὴν
2948 1876 3150 1947 Ἐσθήρ
3179 1895 3364 1942 τινες.

417 1968 573 2025 Nunc
605 1970 717 2041 jam
752 1970 1011 2025 Recentis
1042 1968 1235 2023 audias
1269 1965 1422 2021 Pacti
1459 1966 1630 2020 lihtos
1661 1982 1674 2018 :

2116 1969 2330 2038 Καινῆς
2361 1971 2639 2040 Διαθήκης
2675 1968 2795 2041 ὥρα
2824 1988 2914 2040 μοι
2941 1971 3159 2041 βίὸλους
3192 1972 3410 2040 λέγειν.

347 2064 728 2133 Evangelistas
762 2069 1000 2132 quatuor
1044 2065 1225 2116 solum
1255 2074 1410 2128 cape.

2046 2059 2457 2129 Εὐαγγελιστὰς
2483 2062 2755 2132 τέσσαρας
2781 2062 2940 2131 δέχου
2979 2065 3198 2131 μόνους,

349 2156 639 2212 Matthueus
667 2172 862 2212 omnes
896 2157 1090 2220 anteit,
1124 2156 1350 2209 Marcus
1384 2151 1607 2217 statim,

2046 2152 2350 2219 Ματθαῐον,
2382 2149 2501 2207 εἶτα
2528 2156 2781 2225 Μάρκον,
2810 2151 2854 2223 ᾧ
2881 2158 3099 2210 Λουκᾶν
3135 2159 3333 2229 τρίτον

346 2252 641 2320 Lucasque
669 2252 944 2319 sequitur,
974 2258 1172 2318 quarta
1204 2246 1395 2301 loanni
1428 2246 1596 2300 datur

2052 2246 2339 2317 Προσθεὶς,
2375 2248 2601 2319 ἀρίθμει
2634 2250 2727 2302 τὸν
2762 2251 3019 2322 Ἰωάννην
3052 2254 3241 2324 χρόνῳ

351 2339 554 2405 Sedes;
591 2349 645 2393 at
678 2340 802 2394 aliis
828 2349 911 2395 est
940 2341 1113 2410 prior,
1149 2339 1195 2394 si
1223 2338 1476 2407 dogmata

2047 2339 2342 2408 Τέταρτον,
2383 2341 2518 2394 ἀλλὰ
2552 2343 2771 2411 πρῶτον
2800 2342 2924 2411 ὕψει
2954 2344 3276 2413 δογμάτων.

350 2431 599 2501 Spectes.
635 2429 874 2486 Vocatur
904 2434 1029 2500 jure
1055 2447 1179 2485 nam
1216 2431 1443 2487 tonitrui

2049 2432 2320 2500 Βροντῆς
2347 2434 2458 2505 γὰρ
2483 2436 2618 2487 υἱὸν
2643 2434 2835 2487 τοῦτον
2862 2437 3092 2499 εἰκότως
3120 2438 3307 2502 καλῶ,

348 2523 541 2578 Proles
576 2542 589 2579 :
625 2523 719 2577 Dei
750 2538 875 2577 nam
907 2524 1146 2579 maxime
1181 2525 1423 2579 insonuit
1458 2524 1653 2593 Λόγον.

1550 2541 1653 2593 γον.
2046 2526 2324 2593 Μέγιστον
2348 2529 2632 2595 ἡχήσαντα
2672 2527 2751 2598 τῷ
2785 2527 2921 2581 Θεοῦ
2956 2530 3137 2599 Λόγῳ.

347 2614 511 2670 Luca:
542 2631 760 2686 quoque
789 2617 988 2670 librum
1010 2617 1226 2687 jungito
1259 2617 1346 2671 his
1377 2633 1596 2673 rursum
1624 2618 1893 2682 alterum,

1737 2633 1893 2682 rum,
2049 2619 2215 2687 Δέχου
2241 2618 2298 2670 δὲ
2335 2619 2517 2688 βίϐλον
2550 2621 2737 2673 Λουκᾶ
2769 2622 2862 2674 καὶ
2891 2622 2989 2692 τὴν
3026 2624 3321 2694 δευτερσν,

347 2710 743 2778 Apostolorum
779 2709 943 2765 Gesta
974 2712 1068 2781 qui
1108 2711 1228 2766 fuse
1252 2714 1424 2767 canit.
1730 2732 1735 2735 ·

2049 2711 2161 2780 Τὴν
2200 2712 2307 2765 τῶν
2344 2712 2653 2766 καθολικῶν
2686 2714 2946 2782 Πράξεων
2984 2717 3331 2777 ἀποστόλων,

348 2804 648 2858 Electionis
683 2803 825 2858 adde
858 2819 981 2872 vas,
1022 2804 1369 2874 Apostolum,

2048 2803 2123 2856 Τὸ
2156 2804 2379 2871 σκεῦος
2410 2805 2537 2875 ἑξῆς
2571 2806 2854 2876 προστίθει
2887 2807 2998 2874 τῆς
3029 2809 3326 2879 ἐκλογῆς,

350 2893 455 2961 Qui
482 2910 657 2964 prch
688 2896 924 2951 celebris
952 2898 1195 2966 gentium
1238 2913 1456 2968 semper
1489 2899 1627 2962 fuit,

2050 2895 2154 2948 Τὸν
2186 2895 2294 2949 τῶν
2328 2894 2498 2950 ἐθνῶν
2530 2897 2770 2968 κήρυκα,
2812 2897 2901 2949 τὸν
2930 2898 3242 2953 ἀπόστολον

351 2990 694 3059 Srripsitque
725 2990 861 3044 scite
891 2988 1131 3044 Litteras
1167 2993 1597 3060 quatuordccitn-

2050 2986 2282 3053 Παῦλον,
2316 2986 2496 3055 σοφῶς
2526 2987 2814 3058 γράψαντα
2848 2993 2968 3052 ταῖς
3006 2990 3366 3060 Ἐκκλησίαις

352 3081 435 3137 Ad
461 3080 835 3145 Christianos,
869 3081 1084 3135 civibus
1116 3078 1305 3137 Romae
1339 3082 1578 3149 unicam,

2062 3078 2385 3142 Ἐπιστολάς
2410 3079 2493 3142 δὶς
2522 3080 2683 3142 ἑπτὰ,
2729 3080 3017 3151 Ῥωμαίων
3054 3084 3210 3151 μίαν,

357 3174 595 3228 Bimaris
624 3172 878 3229 Corinthi
907 3173 1128 3243 scripsit
1162 3174 1226 3227 ad
1261 3173 1411 3229 cives
1435 3175 1596 3238 duas,

1974 3177 2015 3233 Ε
2048 3168 2126 3246 ’ᾛ
2156 3174 2261 3245 χρὴ
2296 3174 2589 3228 συνάπτειν
2626 3174 2761 3243 πρὸς
2797 3176 3117 3246 Κορινθίους
3149 3178 3271 3241 δύο,

356 3263 563 3319 Calatis
602 3274 656 3318 et
689 3279 855 3317 unam
887 3264 1060 3329 misit,
1094 3280 1371 3334 unamque
1401 3266 1599 3321 incolis

2050 3266 2162 3335 Τὴν
2176 3265 2311 3335 πρὸς
2326 3266 2571 3330 Γαλάτας
2593 3268 2786 3330 τε,κα“ι
2804 3268 2903 3337 τὴν
2930 3269 3067 3337 πρὸς
3092 3270 3414 3338 Ἐφεσίους,
3442 3270 3559 3341 μεθ’
3582 3271 3637 3338 ἦν

356 3356 583 3426 Ephesi,
614 3356 878 3425 Philippis
902 3365 956 3410 et
984 3356 1231 3411 Colossis
1263 3359 1503 3424 unicam,

2050 3358 2162 3428 Τὴν
2198 3360 2255 3410 ὲν
2290 3359 2598 3421 Φιλίπποις,
2635 3354 2757 3412 εἶτα
2786 3359 2883 3427 τὴν
2924 3364 3331 3435 γεγραμμένην

358 3451 769 3506 Thessalonica:
804 3449 1020 3505 civibus
1050 3452 1227 3516 binas,
1257 3453 1415 3506 duas

2052 3450 2448 3514 Κολοσσαεῦσι,
2482 3450 2940 3503 Θεσσα).ονικεῦσι
2973 3452 3085 3517 δύο,

357 3545 670 3607 Timotheo,
702 3552 759 3597 et
788 3557 951 3597 unam
980 3558 1105 3598 cum
1143 3544 1265 3598 Tito
1304 3543 1633 3613 Philemoni,

1595 3548 1633 3613 i,
2052 3543 2156 3595 Δύο
2197 3542 2471 3614 Τιμοθέῳ,
2507 3544 2652 3615 Τίτῳ
2685 3544 2741 3597 δὲ
2779 3546 2871 3596 καὶ
2898 3545 3181 3615 Φιλήμονι,

365 3637 656 3706 Unamque
701 3634 947 3690 Hebraeis
975 3636 1233 3705 denique,
1285 3652 1450 3707 atque
1488 3642 1629 3694 hanc
1674 3644 1947 3711 ultimam,

1742 3644 1947 3711 Limam,
2053 3632 2199 3686 Μίαν
2233 3633 2498 3703 ἑκατέρῳ,
2537 3635 2628 3687 καὶ
2662 3636 2796 3705 πρὸς
2849 3635 3135 3705 Ἐὅραίους
3169 3638 3329 3705 μίαν.

361 3728 594 3793 Quidam
631 3727 755 3780 licet
806 3726 916 3779 sint
949 3727 1042 3797 qui
1076 3728 1297 3781 notliam
1335 3730 1476 3785 hanc
1508 3746 1630 3788 esse
1675 3746 1948 3803 asserant,

1701 3746 1948 3803 ,sseram,
2054 3727 2209 3789 Τινὲς
2236 3726 2292 3779 δέ
2323 3745 2456 3796 φασι
2482 3727 2580 3799 τὴν
2605 3729 2739 3798 πρὸς
2786 3729 3074 3800 Ἐὀραίους
3102 3729 3288 3793 νόθον,

361 3818 566 3873 Errare
596 3820 744 3873 ducti
774 3837 787 3873 :
816 3827 928 3872 tota
958 3834 1084 3873 nam
1118 3818 1345 3875 Paulum
1377 3825 1539 3893 sapit.

2054 3820 2167 3873 Οὐκ
2202 3819 2261 3873 εὖ
2294 3822 2574 3889 λέγοντεςο
2617 3822 2816 3892 γνησία
2846 3822 2957 3893 γὰρ
2987 3824 3022 3893 ἡ
3055 3824 3229 3893 χάρις.

361 3912 554 3969 Restat
588 3913 888 3968 catholicas
918 3913 1158 3970 Litteras
1190 3915 1368 3969 dicam
1400 3927 1457 3971 ttt
1485 3919 1603 3974 tihi.

2056 3907 2200 3977 Εῐεν,
2234 3911 2287 3964 τί
2313 3911 2531 3979 λοιπόν;
2566 3912 2886 3965 Καθολικῶν
2928 3914 3271 3970 Ἐπιστολῶν

362 4001 475 4057 llas
509 4017 629 4057 esse
662 4011 871 4072 septem
906 4004 1165 4058 diclitant
1194 4006 1419 4075 quidam
1457 4026 1471 4062 :
1513 4020 1717 4081 negant

1711 4053 1717 4065 ,
2055 4003 2214 4066 Τινὲς
2242 4004 2342 4074 μὲν
2372 4004 2515 4057 ἑπτά
2545 4022 2732 4073 φασιν,
2758 4006 2808 4058 οἱ
2853 4005 2911 4058 δὲ
2937 4009 3087 4077 τρεῖς
3119 4007 3298 4077 μόνοις

362 4092 569 4147 Debere
598 4095 821 4162 quidam
854 4094 1061 4163 suscipi
1091 4097 1274 4164 plures
1301 4099 1476 4154 tribus

2055 4097 2270 4167 Χρῆναι
2296 4097 2569 4165 δέχεσθαι,
2611 4097 2709 4166 τὴν
2750 4097 3009 4152 Ἰακώϐου
3047 4100 3199 4170 μίαν,

361 4184 590 4240 Joannis
623 4200 810 4249 unam,
841 4182 992 4241 Petri
1023 4197 1077 4242 et
1102 4185 1289 4244 Jacobi
1326 4182 1568 4249 unicam.

2057 4190 2204 4244 Μίαν
2231 4190 2288 4243 δὲ
2318 4191 2549 4261 Πέτρου,
2586 4191 2685 4262 τὴν
2717 4192 2766 4243 τ’
2814 4192 3062 4247 Ἰωάννου
3100 4196 3250 4265 μίαν.

363 4277 596 4332 Joannis
625 4279 715 4331 alii
744 4287 855 4333 tres
880 4280 1094 4346 volunt,
1121 4281 1279 4338 binas
1309 4283 1456 4340 Petri

2058 4282 2213 4345 Τινὲς
2242 4281 2299 4334 δὲ
2332 4283 2430 4345 τὰς
2468 4285 2642 4353 τρεῖς,
2685 4285 2778 4337 καὶ
2818 4286 2953 4353 πρὸς
2989 4288 3185 4350 αὑταῖς
3206 4289 3308 4353 τὰς

365 4370 577 4440 Recipi,
614 4369 842 4426 etJuda:
870 4373 1182 4442 septimam.
1220 4375 1458 4432 Rursum
1494 4379 1720 4445 librum,

1681 4397 1720 4445 ι,
2060 4375 2270 4445 Πέτρου
2304 4375 2569 4445 δέχονται,
2598 4377 2696 4445 τὴν
2731 4377 2903 4431 Ἰούδα
2930 4378 2974 4430 δ’
3007 4381 3267 4451 ἑϐδόμην.

365 4466 580 4516 Arcana
612 4479 792 4517 rerum
828 4464 1029 4534 detegit
1058 4467 1151 4535 qui
1183 4467 1443 4536 plurima,

1989 4518 2032 4541 η
2061 4466 2173 4537 Τὴν
2199 4467 2243 4520 δ’
2297 4468 2665 4539 Ἀποκάλυψιν
2698 4469 2798 4541 τήν
2845 4472 3097 4527 Ἰωάννου
3130 4476 3295 4529 πάλιν

371 4554 604 4620 Quidam
639 4557 990 4611 inserendum
1023 4558 1212 4613 Codici
1240 4575 1399 4614 sacro
1426 4572 1683 4617 asserunt
1716 4581 1729 4617 :

1716 4581 1729 4617 :
1986 4518 2033 4575 υ
2069 4518 2223 4627 Τινὲς
2261 4565 2360 4635 μὲν
2398 4518 2767 4637 ἐγκρίνωσιν,
2801 4571 2852 4621 oi
2886 4570 3102 4633 πλείους
3128 4571 3185 4624 δέ
3212 4590 3274 4640 γε

370 4644 608 4702 Nothum
639 4664 760 4704 esse
793 4650 972 4720 major
1002 4666 1129 4722 pars
1160 4654 1236 4706 ait
1271 4669 1487 4707 rursum
1520 4656 1711 4712 altera.

1586 4668 1711 4712 Lera.
2066 4658 2241 4712 Νόθον
2267 4659 2539 4729 λέγουσιν.
2574 4657 2743 4727 Οὗτος
2774 4664 3173 4731 ἀψευδέστατος

373 4736 560 4793 Canon
597 4740 685 4795 hic
715 4743 917 4798 sacrati
941 4753 1126 4800 certus
1145 4752 1229 4800 est
1262 4746 1585 4803 voluminis.

2069 4753 2263 4809 Κανὼν
2293 4754 2358 4809 ἂν
2382 4757 2468 4828 εἴη
2504 4755 2611 4813 τῶν
2638 4757 3015 4814 θεοπνεύστων
3053 4761 3306 4832 Γραφῶν,
