4020 6384
382 292 495 359 931

1697 285 1980 351 ΤΗΕΟΒ.
2032 286 2448 351 BALSAMON

2216 149 2336 168 .-.κὰ

3529 279 3653 347 ὮΩ

398 397 697 464 σύνδεσμον
731 393 945 455 ἀδικίας
984 392 1032 446 οἰ
1069 388 1324 457 τοιοῦτοι,
1380 388 1522 444 κατὰ
1557 387 1653 462 τήν
1682 389 1961 459 ἀπόφασιν
2012 390 2108 444 τοῦ
2150 390 2308 459 ἁγίου
2359 389 2591 462 Πέτρου,
2626 385 3392 477 ὑπάρχουσί,συλληφθέντες
3426 386 3527 440 ὑπὸ
3551 390 3652 456 τῆς

392 486 613 538 ιαυτῶν
644 483 1037 565 φιλαργυρίας.

468 576 625 631 Unde
653 550 705 629 et
735 550 1048 629 sanctorum
1079 582 1132 629 et
1167 550 1455 629 beatorum
1490 570 1718 627 Patrum
1767 582 1969 626 sancta:
1992 582 2041 637 Α

395 685 605 739 magna:
643 669 835 738 synodi
873 667 1225 723 (ecumenicte
1256 665 1599 720 Chalcedone
1631 670 1969 730 congregata:

287 744 304 759 ’
398 761 521 814 huic
551 758 653 827 legi
695 758 990 810 Dominica:
1010 757 1269 810 convenit
1295 769 1493 820 canon,
1517 753 1607 822 qui
1643 752 1725 808 sic
1755 767 1783 806 a
1807 752 1969 806 nobis

391 860 578 919 aperte
603 850 792 905 iisdem
820 849 1002 903 verbis
1030 847 1212 902 editus
1233 856 1318 900 est
1346 861 1367 900 ι

472 1048 504 1084 ι·
528 1032 584 1088 Si
610 1032 1040 1101 quisepiscopus
1059 1031 1304 1100 pecuniis
1330 1029 1728 1085 ordinationem
1755 1014 1967 1093 fecerit,
2006 1063 2017 1072 -

391 1124 482 1178 vel
510 1142 617 1179 nou
651 1127 895 1179 venalem
941 1125 1168 1194 gratiam
1207 1125 1273 1177 ad
1322 1124 1684 1177 venditionem
1732 1121 1973 1175 deduxe-

390 1214 483 1279 rit,
514 1224 565 1270 et
594 1218 836 1284 pecuniis
862 1216 1202 1269 ordinaverit
1227 1215 1569 1283 episcopum,
1606 1211 1689 1266 vel
1717 1211 1971 1279 chorepi-

383 1320 640 1374 scopum,
666 1307 748 1360 vel
773 1309 1168 1377 presbyterum,
1189 1308 1272 1360 vel
1296 1306 1608 1369 diaconum,
1628 1303 1706 1357 vel
1729 1303 1968 1371 aliquem

379 1410 577 1451 eorum
623 1399 716 1465 qui
770 1399 824 1451 in
880 1400 1027 1452 clero
1057 1407 1544 1460 connumerantur,
1585 1395 1668 1449 vel
1710 1392 1967 1462 pecuniis

390 1484 656 1557 provehat
687 1496 1049 1544 teconomutn,
1079 1479 1161 1533 vel
1195 1475 1557 1538 defensorem,
1590 1472 1677 1526 vel
1711 1485 1964 1540 pararun-

396 1576 634 1641 narium,
661 1573 744 1626 vel
776 1572 994 1626 omnino
1014 1570 1246 1639 aliquem
1270 1582 1337 1621 ex
1365 1567 1532 1628 clero,
1565 1574 1785 1631 propter
1807 1575 1964 1616 suum

398 1678 557 1735 turpe
593 1666 800 1718 lucrum
847 1680 861 1717 :
906 1662 998 1731 qui
1046 1662 1147 1715 hoc
1188 1672 1474 1728 aggressus
1519 1670 1643 1710 esse
1690 1656 1970 1710 convictus

390 1758 583 1823 fuerit,
616 1758 679 1810 de
712 1753 931 1826 proprio
955 1752 1120 1822 gradu
1150 1751 1330 1803 veniat
1354 1748 1413 1801 in
1428 1747 1771 1815 periculum;
1796 1755 1852 1800 et
1870 1746 1969 1816 qui

2130 574 2296 630 Ὅθεν
2324 577 2421 631 καί
2449 577 2558 631 τῶν
2588 573 2772 642 deicite,
2811 573 2903 632 καὶ
2935 579 3225 651 μακαρίων
3246 580 3512 650 Πατέρων
3540 580 3643 633 τῶν

2066 661 2165 730 τῆς
2192 665 2353 734 ἁγίας
2380 666 2474 719 καὶ
2506 658 2749 738 μεγάλης
2780 669 3167 738 οἱκουμενικῆς
3213 670 3310 740 τῆς
3341 671 3398 748 ἐν
3430 670 3649 740 Χαλκη-

2066 753 2177 808 δόνι
2208 757 2568 828 συναχθείσης
2588 799 2603 824 ,
2626 758 2710 829 τῷ
2736 759 3052 830 Δεσποτικῷ
3083 760 3256 829 τούτῳ
3296 761 3447 831 νόμῳ
3481 762 3646 832 συνᾴ-

2064 844 2146 899 δει
2176 848 2204 900 ὀ
2247 849 2376 919 περί
2398 848 2590 901 τούτου
2626 851 2826 915 κανὼν,
2860 850 2918 914 ὃς
2947 853 3081 922 ἡμῖν
3109 851 3296 921 σαφῶς
3319 854 3531 906 ὀὑτωσί
3559 854 3649 905 λέ-

2069 936 2213 1002 ξεσιν
2243 940 2433 1003 αὐταῖς
2472 940 2879 1008 ἐκπεφώνηται·

2143 1046 2164 1081 t
2202 1030 2272 1082 Ei’
2294 1047 2377 1093 τις
2410 1032 2706 1094 ἐπίσκοπος
2737 1034 2829 1084 ἐπὶ
2852 1033 3102 1102 χρήμασι
3130 1033 3464 1104 χειροτονίαν
3494 1039 3651 1108 ποιή-

2070 1135 2249 1181 σαιτο,
2277 1122 2371 1173 καί
2392 1123 2471 1183 εἰς
2494 1123 2698 1192 πράσιν
2731 1125 3037 1191 καταγάγοι
3066 1124 3166 1192 τὴν
3193 1123 3438 1194 ἄπρατον
3463 1126 3648 1196 χάριν,

2062 1209 2162 1263 οιαὶ
2192 1213 2571 1294 χειροτονήσαι
2612 1213 2710 1266 ἐπὶ
2755 1216 3035 1284 χρήμασιν
3062 1215 3391 1279 ἐπίσκοπον,
3435 1216 3468 1286 ἢ
3508 1235 3652 1289 χωρ-

2068 1299 2387 1367 επίσκοπον,
2414 1303 2446 1373 ἢ
2474 1304 2866 1375 πρεσϐύτερον,
2901 1306 2934 1375 ἢ
2960 1305 3225 1368 διάκονον,
3256 1306 3289 1376 ἢ
3322 1306 3510 1378 ἕτερόν
3529 1325 3652 1363 τινα

2064 1391 2176 1445 τῶν
2204 1392 2262 1446 ἐν
2287 1393 2366 1462 τῷ
2396 1393 2584 1465 κλήρῳ
2613 1395 3167 1467 καταριθμουμένων,
3208 1396 3247 1468 ἢ
3294 1398 3650 1468 προϐάλλοιτο

2068 1482 2162 1534 ἐπὶ
2193 1484 2468 1553 χρήμασιν
2505 1485 2813 1554 οἰκονόμον,
2837 1485 2870 1556 ἢ
2892 1485 3128 1548 ἔκδικον,
3150 1486 3184 1558 ἢ
3210 1488 3647 1559 παραμονάριον,

2066 1573 2103 1645 ἢ
2139 1573 2314 1639 ἄλλως
2341 1575 2466 1629 τινά
2487 1575 2582 1630 τοῦ
2608 1576 2836 1647 κλήρου,
2867 1578 2934 1631 δι’
2956 1579 3404 1650 αἰσχροκέρδειαν
3421 1581 3650 1644 οἰκείαν,

2068 1668 2097 1719 ὁ
2119 1665 2296 1736 τούτῳ
2323 1667 2679 1739 ἐπιχειρήσας
2706 1668 2981 1738 ἐλεγχθεὶς
3005 1669 3364 1723 κινδυνευέτω
3396 1670 3529 1741 περί
3558 1670 3651 1723 τὸν

2069 1745 2532 1828 οἰκεῖονβαθμόνί
2565 1748 2661 1812 καί
2691 1760 2718 1812 ὁ
2742 1759 3241 1830 χειροτονούμενος,
3270 1760 3438 1831 μηδὲν
3462 1763 3525 1814 ἐκ
3550 1763 3652 1832 τῆς

398 1850 679 1906 ordinatur
705 1883 721 1908 ,
758 1845 892 1898 nihil
928 1858 993 1895 ex
1026 1840 1401 1903 ordinatione,
1454 1838 1538 1890 vel
1592 1838 1967 1905 promotione.

2073 1849 2190 1899 κατ’
2217 1848 2487 1917 ἐμπορίαν
2510 1846 2827 1915 ὡφελείσθω
2860 1848 3199 1927 χειροτονίας
3219 1886 3232 1910 ,
3279 1847 3312 1918 ἢ
3353 1847 3648 1918 προϐολῆς·

407 1956 525 2009 quae
564 1938 622 1993 ﬁt
647 1938 820 1991 instar
848 1944 1186 1999 mercaturan,
1206 1932 1447 2002 juvetur,
1483 1930 1575 1982 sed
1604 1928 1673 1981 sit
1702 1928 1910 1981 alienus
1938 1943 1967 1980 a

399 2030 691 2099 dignitate,
732 2026 814 2080 vel
856 2025 1175 2087 curatione,
1201 2036 1360 2090 quam
1390 2018 1635 2089 pecuniis
1690 2028 1972 2072 assecutus

389 2131 500 2174 est.
528 2119 582 2173 Si
621 2119 742 2186 quis
791 2127 970 2169 autem
1006 2115 1090 2168 his
1127 2111 1378 2180 turpibus
1420 2126 1483 2164 ac
1533 2107 1756 2163 nefariis
1807 2106 1972 2161 lueris

390 2218 679 2278 sequester
714 2209 1107 2260 intereessorve
1132 2204 1468 2272 apparuerit,
1496 2200 1543 2254 is
1577 2214 1792 2268 quoque
1822 2198 1867 2252 si
1901 2198 1973 2252 sit

400 2301 630 2355 clericus
650 2340 669 2366 ,
713 2314 743 2352 a
776 2298 953 2369 primo
979 2297 1146 2366 gradu
1179 2294 1394 2350 excidat
1428 2309 1444 2347 :
1476 2292 1522 2347 si
1559 2301 1737 2347 autem
1765 2290 1969 2355 laicus,

395 2393 485 2449 vel
518 2390 836 2454 monachus,
865 2384 1376 2441 anatbetnatizetur.
1414 2400 1433 2433 ι

485 2490 646 2559 182
666 2487 1257 2546 BALS.P-ulcberrima
1294 2484 1524 2541 etvalde
1553 2484 1791 2555 piasnnt
1817 2484 1986 2552 hujus

402 2585 631 2639 canonis
653 2595 969 2638 sanctorum
989 2582 1216 2637 Patrum
1239 2587 1529 2649 praecepta,
1548 2578 1641 2648 qui
1662 2591 1878 2630 omnem
1901 2576 1988 2629 in-

400 2675 681 2731 vasionem
700 2676 1023 2737 satanicam,
1048 2672 1495 2740 diabolieumque
1510 2680 1787 2729 conatum.
1807 2670 1899 2738 qui
1925 2671 1981 2726 in

399 2768 605 2824 donum
619 2769 817 2839 spiritu
828 2770 908 2825 ale
928 2767 1254 2832 intenditur,
1269 2765 1551 2835 repellitet
1566 2762 1988 2819 rescindit.Nulo

394 2856 454 2912 lo
469 2861 618 2912 enim
636 2858 798 2913 modo
814 2859 929 2912 vult
941 2856 1307 2914 ordinationis
1323 2855 1721 2924 promotionem
1741 2852 1989 2920 pecuniis

397 2956 490 2999 aut
523 2945 664 3012 ﬁeri,
696 2953 791 2999 aut
851 2947 1079 3014 suscipi,
1104 2961 1205 3000 nec
1234 2947 1303 3001 ab
1329 2960 1397 3000 eo
1424 2949 1517 3016 qui
1555 2947 1698 3001 illam
1728 2955 1969 3015 exercet,

401 3045 500 3085 nec
531 3031 600 3086 ab
646 3047 713 3087 eo
748 3033 837 3101 qui
876 3034 1237 3089 ordinationis
1282 3034 1678 3101 promotionem
1717 3029 1917 3105 accipit
1952 3052 1968 3090 :

2070 1938 2185 1995 ἀλλ’
2217 1939 2359 1992 ἔστω
2389 1940 2668 2011 ἀλλότριος
2693 1941 2792 2010 τῆς
2821 1940 2980 2005 ἀξίας
3002 1939 3073 2010 ,ἢ
3102 1938 3195 1991 τοῦ
3222 1939 3649 2009 φροντίσματος,

2070 2026 2242 2102 οὗπερ
2269 2033 2361 2085 ἐπὶ
2385 2033 2663 2103 χρήμασιν
2686 2032 2896 2103 ἔτυχεν.
2928 2033 2987 2084 Εἰ
3018 2032 3075 2084 δέ
3112 2048 3198 2094 τις
3223 2032 3317 2084 καί
3348 2030 3655 2100 μεσιτεύων

2074 2127 2218 2194 φανῇ
2250 2126 2363 2187 τοῖς
2391 2127 2637 2195 αἰσχροῖς
2666 2125 2910 2190 τούτοις,
2934 2125 3029 2176 καὶ
3052 2122 3332 2191 ἀθεμίτοις
3362 2122 3615 2191 λήμμασι
3638 2164 3653 2185 ,

2072 2215 2167 2267 καὶ
2194 2209 2347 2278 οὗτος
2369 2215 2418 2265 εἰ
2443 2214 2540 2283 μὲν
2568 2213 2831 2284 κληρικὸς
2854 2213 2962 2284 εἴη,
2988 2211 3082 2264 τοῦ
3107 2211 3309 2264 οἰκείου
3342 2212 3659 2263 ἐκπιπτὲτω

2075 2301 2310 2373 βαθμοῦ·
2344 2304 2394 2355 εἰ
2414 2303 2472 2357 δέ
2494 2302 2764 2373 λαῖκδς,ῆ
2793 2300 3063 2373 μονὰζων,
3091 2297 3597 2368 άναθεματιζέσθω.
3633 2316 3651 2346 ι

2154 2477 2358 2534 ΒΑΔΣ.
2382 2478 2666 2534 Κάλλιστα
2685 2482 2779 2534 καὶ
2807 2479 2929 2536 λίαν
2946 2480 3146 2550 εὐσεϐῆ
3192 2478 3289 2534 τσῦ
3308 2481 3532 2542 κανόνος
3556 2483 3660 2534 τῶν.

2066 2572 2250 2640 ἀγίων
2272 2572 2528 2642 ιῐατέρων
2542 2573 2778 2643 ὑπάρχει
2793 2574 2859 2628 τὰ
2876 2573 3338 2643 παραγγέλματα,
3362 2574 3543 2627 πᾶσαν
3561 2575 3659 2640 ἔφα

2079 2662 2198 2716 οδον
2239 2660 2560 2733 σατανικην,
2591 2665 2684 2715 καὶ
2715 2664 2825 2716 πᾶν
2863 2662 3171 2732 ἐγχείρημα
3200 2662 3483 2716 δαϐολικδν
3518 2668 3659 2718 κατὰ

2079 2757 2178 2823 τῆς
2217 2753 2596 2822 πνευματικῆς
2618 2754 2921 2823 φερόμενον
2950 2754 3179 2823 δωρεᾶς,
3205 2756 3575 2826 ἀπωθούμενά
3602 2772 3658 2811 τε

2079 2848 2176 2899 καί
2200 2846 2598 2900 ἀνακύπτοντα.
2616 2846 2695 2899 Οὐ
2715 2844 2964 2916 βούλεται
2997 2849 3105 2920 γὰρ
3136 2847 3395 2915 οὐδαμῶς
3420 2849 3508 2904 διὰ
3527 2869 3660 2921 χρη·

2077 2946 2264 3017 μάτων
2312 2951 2699 3023 γίνεσθαι,τῆς
2741 2956 3080 3026 χειροτονίας
3121 2956 3222 3028 τὴν
3272 2957 3564 3029 προϐολὴν,
3618 2957 3653 3028 ἢ

2076 3036 2452 3108 ὑποδέχεσθαι,
2474 3041 2595 3094 οῦτε
2621 3045 2770 3114 παρά
2791 3044 2881 3097 τοῦ
2904 3044 3111 3114 ταύτην
3131 3047 3503 3115 ἐνεργοῦντος,
3531 3046 3653 3099 οὗτε

394 3123 494 3175 sed
530 3138 626 3177 nec
660 3133 785 3176 ante
834 3135 1042 3191 tempus
1086 3124 1480 3186 ordinationis,
1531 3138 1630 3178 nec
1663 3133 1820 3193 post,
1854 3124 1968 3177 dari

2073 3129 2226 3197 παρά
2265 3130 2359 3182 τοῦ
2401 3132 2498 3201 τῆς
2546 3135 2879 3203 χειροτονίας
2924 3135 3019 3207 τὴν
3077 3137 3348 3206 προϐολὴν
3391 3137 3647 3207 ὐποδεχου

404 3214 661 3281 pecunias
686 3214 933 3269 concedit
959 3231 978 3268 ε
1009 3215 1249 3269 omnium
1277 3214 1419 3267 enim
1449 3215 1500 3267 in
1541 3215 1639 3267 hac
1666 3228 1882 3283 quoque
1915 3229 1968 3269 re

2078 3218 2266 3287 μένου,
2302 3221 2419 3272 ἀλλ’
2447 3199 2576 3275 esse
2610 3199 2715 3295 πρὸ
2743 3225 2939 3297 καιροῦ
2976 3199 3074 3297 τῆς
3115 3199 3446 3298 χειροτονίας
3469 3266 3484 3291 ,
3526 3199 3650 3280 οῦδὲ

396 3315 517 3355 esse
544 3307 748 3367 sordes,
774 3318 1164 3372 munel'umque
1203 3304 1600 3371 corruptionem
1635 3305 1966 3372 pronuntiat.

2070 3310 2213 3376 μετὰ
2242 3309 2331 3362 τὸν
2370 3313 2560 3384 καιρὸν
2584 3315 2686 3383 τῆς
2709 3318 3068 3386 χειροτονίας,
3094 3318 3214 3371 οὐδὲ
3243 3319 3385 3372 κατὰ
3408 3318 3498 3372 τὸν
3527 3334 3649 3372 και-

394 3391 492 3459 ρὸν
525 3393 686 3481 αὑτὸν
700 3392 799 3479 τῆς
828 3395 1181 3464 χειροτονίας,
1212 3392 1352 3462 ὑπὲρ
1382 3393 1476 3463 τῆς
1506 3393 1843 3464 χειροτονίας
1871 3391 2104 3449 δίδοσθαι
2122 3402 2380 3469 χρήματα
2411 3409 2702 3474 συγχωρεῖ·
2733 3406 2966 3461 καθόλου
2996 3409 3106 3480 γὰρ
3136 3410 3235 3481 τὴν
3256 3411 3349 3464 ἐπὶ
3373 3408 3452 3481 τῷ
3469 3409 3646 3480 πράγ-

399 3496 533 3550 ματι
558 3480 731 3551 τούτῳ
759 3480 1081 3552 δωροδοκίαν
1106 3482 1401 3549 ἀπέφηνεν.

469 3567 733 3632 Quoniam
766 3576 942 3621 tamen
980 3567 1047 3620 iis
1074 3568 1145 3620 ita
1174 3578 1357 3635 aperte
1387 3565 1671 3634 prohibitis
1694 3604 1711 3633 ,
1743 3565 1961 3637 quidam

389 3669 521 3711 sunt
552 3658 605 3712 in
627 3657 936 3713 Galatarum
958 3658 1197 3725 Ecclesia
1216 3659 1533 3728 deprehensi
1560 3668 1782 3729 propter
1811 3670 1963 3728 turpe

392 3745 605 3800 lucrum
642 3756 695 3800 et
723 3747 1007 3802 avaritiam
1041 3748 1157 3802 haec
1186 3748 1441 3803 salutaria
1476 3759 1532 3803 et
1561 3752 1798 3806 humana
1824 3764 1966 3820 prse-

393 3850 547 3906 cepta
583 3841 851 3910 negligere
879 3849 931 3896 et
963 3840 1259 3911 transgredi
1294 3855 1390 3894 :ea
1417 3842 1766 3911 quoqueﬁipsa
1800 3845 1958 3898 nobis

395 3943 657 3985 renovare
686 3932 860 3985 visum
900 3940 982 3987 est
1014 3948 1137 3987 cum
1169 3933 1271 3988 hac
1290 3944 1473 3989 sancta
1501 3935 1727 4004 synodo,
1760 3949 1880 4005 quae
1903 3935 1954 3987 in

394 4020 498 4077 hac
525 4032 785 4090 regnante
812 4038 948 4077 nova
981 4023 1175 4088 Roma,
1216 4040 1358 4080 nunc
1392 4025 1503 4093 agit
1532 4042 1545 4078 :
1581 4036 1638 4080 ut
1668 4028 1789 4083 sine
1817 4025 1962 4080 omni

393 4113 608 4178 penitus
666 4111 975 4165 inventione
998 4150 1016 4175 ,
1051 4121 1107 4166 et
1156 4113 1300 4167 omni
1334 4121 1630 4182 praetextu,
1661 4114 1965 4182 eallidoque

392 4213 703 4255 commento
726 4242 742 4267 ,
773 4202 995 4271 impiam
1030 4203 1171 4257 banc
1199 4213 1253 4258 et
1304 4204 1575 4267 odiosam,
1608 4219 1725 4274 quae
1779 4205 1961 4260 nescio

394 4293 662 4361 quomodo
686 4292 738 4345 in
768 4294 1139 4347 sanctissimas
1161 4294 1430 4350 Ecelesias
1455 4295 1638 4360 subiit,
1677 4305 1968 4348 consuetu-

393 4386 570 4439 dinem
596 4385 815 4438 otnnino
845 4387 1267 4453 exscindamus;
1293 4395 1351 4439 ut
1377 4402 1499 4441 cum
1525 4401 1658 4455 pura
1682 4396 1736 4440 et
1763 4389 1965 4455 absque

393 4476 496 4529 ulla
526 4477 921 4543 ranponatione
951 4492 1014 4531 eo
1028 4492 1146 4530 rum
1173 4478 1262 4546 qui
1308 4478 1647 4543 ordinantur,
1686 4478 1963 4531 renuntia-

2145 3574 2332 3646 Ὅμως
2366 3579 2557 3653 ἐπειδὴ
2581 3580 2700 3645 νῦν,
2731 3580 2908 3634 καίτοι
2949 3582 3234 3653 προδήλως
3257 3582 3465 3639 τούτων
3497 3582 3641 3639 οὔτω

2072 3667 2487 3740 κεκωλυμένων,
2513 3672 2878 3743 ἐφωράθησαν
2906 3690 3050 3737 τινες
3076 3675 3220 3727 κατά
3255 3674 3366 3728 τῶν
3386 3676 3642 3729 Γαλατῶν
3688 3703 3710 3721 ο

2068 3757 2482 3831 ὀλιγωροῦντες,
2509 3763 2602 3817 καὶ
2627 3764 3057 3834 παραϐαίνοντες
3083 3766 3149 3818 δι’
3169 3767 3639 3837 αἰσχροκέρδειαν,

2070 3850 2164 3928 καὶ
2186 3852 2567 3925 φιλαργυρίαν·
2590 3856 2658 3908 τά
2678 3856 2921 3926 σωτήρια
2946 3857 3141 3921 ταῦτα,
3168 3859 3263 3911 καὶ
3282 3858 3642 3928 φιλάνθρωπα

2077 3921 2539 4013 παραγγέλματα,
2571 3940 2631 3998 εὖ
2658 3945 2798 4016 ἔχειν
2812 3921 2971 4012 εδοξε
2995 3947 3088 4000 καί
3119 3949 3250 4018 ἡμῖν
3280 3921 3453 4002 ταῦτα
3484 3921 3643 4002 πάλιν

2073 4030 2486 4087 ἀνανεώσασθαι
2510 4037 2648 4105 μετὰ
2669 4037 2765 4107 τῆς
2788 4036 2949 4105 ἀγίας
2986 4038 3227 4105 συνόδου,
3256 4042 3359 4110 τῆς
3380 4041 3502 4110 ἐνδη
3513 4041 3645 4109 μού-

2071 4135 2173 4188 σης
2193 4124 2250 4175 ἐν
2276 4123 2450 4195 ταύτῃ
2471 4128 2538 4195 τῇ
2566 4125 2927 4201 βασιλευούσῃ
2971 4129 3068 4199 νέᾳ
3105 4129 3290 4203 Ῥώμῃ
3315 4171 3330 4195 ,
3360 4131 3501 4185 ὥστε
3524 4133 3648 4201 δίχα

2073 4210 2254 4279 πάσης
2276 4214 2551 4278 ἐπινοίας,
2582 4217 2677 4270 καὶ
2702 4218 2882 4287 πάσης
2915 4220 3271 4291 προφάσεως,
3305 4224 3400 4275 καὶ
3446 4224 3647 4286 παντὸς

2074 4303 2365 4371 σοφισμοῦ,
2402 4305 2501 4376 τήν
2527 4306 2789 4379 βδελυρὰν
2820 4310 3047 4381 ταύτην,
3084 4312 3178 4365 καί
3208 4314 3384 4384 ἀσεϐῆ
3413 4315 3513 4367 οὐκ
3542 4314 3646 4366 οἰδ*

2073 4392 2218 4455 ὅπως
2243 4396 2663 4452 ἐπεισελθοῦσαν
2687 4400 2977 4472 συνήθειαν
3005 4404 3123 4465 ταῖς
3154 4405 3490 4471 ἁγιωτάταις
3528 4408 3651 4460 Ἐκ-
3674 4433 3683 4442 -

2074 4482 2322 4552 κλησίαις
2355 4488 2634 4552 παντελῶς
2678 4490 2953 4558 ἐκτεμεῖν·
3005 4495 3090 4546 ἰνα
3140 4495 3361 4565 ἀληθῶς
3424 4499 3648 4566 άκαπη·

395 4568 468 4621 tio
496 4568 563 4622 ab
587 4569 916 4623 antistitibus
940 4569 1075 4622 facta
1104 4570 1287 4635 fuerit,
1323 4570 1492 4636 gratia
1529 4567 1763 4636 Spiritus
1789 4569 1960 4624 sancti

2073 4571 2259 4626 λεύτου
2281 4613 2298 4640 ,
2334 4575 2439 4628 -καί
2469 4577 2712 4648 καθαρᾶς
2743 4583 2897 4652 παρὰ
2936 4584 3045 4638 τῶν
3078 4586 3382 4658 ἀρχιερέων
3410 4588 3511 4657 τῆς
3557 4589 3652 4641 ἐπὶ

393 4675 624 4737 superne
674 4662 873 4714 veniat.
930 4660 1136 4726 Quibus
1177 4660 1364 4715 nescio
1413 4675 1479 4714 an
1530 4676 1626 4730 per
1673 4660 1954 4729 pecuniam

392 4752 783 4818 promotionem
830 4750 1177 4813 facientibus,
1206 4759 1261 4805 et
1312 4766 1472 4805 manu
1526 4768 1629 4805 non
1662 4768 1793 4821 pure
1831 4767 1960 4821 ope-

395 4855 567 4905 rante,
609 4846 671 4893 ad
717 4859 840 4897 eum
871 4844 961 4912 qui
1000 4852 1352 4912 promovetur
1385 4842 1615 4907 accedit,
1657 4845 1951 4899 secundum

396 4948 577 4987 vorent
614 4933 924 5004 Evangelii,
980 4943 1037 4988 et
1081 4948 1188 4988 non
1242 4933 1420 5003 petius
1460 4935 1752 4990 retrahitur
1785 4937 1958 5005 gratia

390 5026 557 5079 sancti
591 5024 847 5094 Spiritus.

461 5205 613 5259 Scias
644 5193 791 5275 ergo,
828 5221 862 5261 o
891 5204 975 5261 vir
1008 5204 1416 5273 religiosissime
1441 5215 1498 5259 et
1525 5203 1669 5259 omni
1704 5219 1768 5259 ex
1794 5214 1951 5274 parte

390 5299 745 5366 Sanctissime,
778 5301 919 5368 quod
953 5307 1262 5367 quicunque
1294 5300 1450 5367 hujus
1480 5300 1758 5354 convictus
1790 5297 1947 5353 fueril

390 5391 687 5459 episcopus,
714 5391 794 5448 vel
819 5392 1257 5462 chorepiscopus,
1286 5391 1372 5446 vel
1404 5393 1594 5456 viator,
1615 5391 1697 5445 vel
1730 5389 1955 5462 presby-

389 5489 492 5545 ter,
529 5481 607 5536 vel
646 5484 929 5548 diaconus,
958 5483 1039 5537 vel
1067 5483 1244 5553 quivis
1268 5484 1403 5538 alius
1433 5497 1499 5537 ex
1523 5497 1750 5546 canone,
1776 5481 1859 5536 vel
1885 5496 1954 5537 ex

390 5573 575 5634 laticis.
622 5576 894 5628 communi
935 5576 1235 5631 antistitum
1297 5574 1535 5639 decreto,
1576 5573 1953 5642 communique

391 5664 652 5719 sententia
705 5667 1098 5722 condemnatus
1150 5675 1264 5728 est,
1299 5667 1442 5721 sicut
1485 5665 1552 5721 de
1586 5665 1686 5720 hoc
1737 5678 1952 5735 quoque

393 5761 709 5806 εςωοιοτυηι
740 5752 955 5809 Patrum
978 5757 1288 5820 praecedens
1308 5768 1479 5810 canon
1504 5752 1759 5821 loquitur.
1783 5750 1949 5819 Opor-

2071 4662 2179 4715 τῶν
2201 4669 2685 4737 χειροτονουμένων
2713 4673 3070 4743 ἀναρρήσεως
3095 4677 3406 4747 γινομένης,
3443 4677 3652 4731 ἄνωθεν

2073 4751 2107 4822 ή
2133 4752 2224 4806 τοῦ
2250 4754 2563 4825 Πνεύματος
2595 4761 2753 4829 χάρις
2780 4765 3055 4833 ἐπιφοιτᾷ·
3088 4758 3164 4818 ὧν
3192 4765 3289 4819 νῦν
3320 4784 3380 4834 γε
3410 4769 3512 4821 οὐκ
3537 4766 3654 4821 οἶδα

2071 4841 2157 4896 διὰ
2193 4846 2491 4916 χρημάτων
2515 4849 2615 4917 τὴν
2648 4851 2917 4923 προϐολὴν
2947 4856 3310 4924 ποιουμένων,
3342 4858 3438 4910 καὶ
3468 4861 3528 4910 οὐ
3557 4860 3652 4929 τῆς

2070 4934 2250 5005 χειρὸς
2283 4938 2540 5008 καθαρῶς
2578 4942 2944 5012 ἐνεργούσης,
2978 4946 3234 5017 ἐπιφοιτᾷ
3259 4948 3336 5018 τῷ
3367 4966 3649 5020 προχειρι-

2070 5021 2281 5093 ζομένῳ
2321 5028 2460 5078 κατά
2488 5025 2586 5096 τὴν
2620 5030 2802 5099 φωνὴν
2833 5030 2928 5083 τοῦ
2965 5032 3322 5102 κηρύγματος
3346 5075 3361 5097 ,
3396 5038 3490 5089 καί
3528 5039 3648 5109 οὐχὶ

2072 5114 2420 5170 συστέλλεται
2453 5118 2653 5188 μᾶλλον
2689 5122 2722 5190 ή
2768 5121 2862 5175 τοῦ
2905 5124 3061 5190 ἁγίου
3113 5126 3433 5197 Πνεύματος
3463 5132 3646 5197 χάρις.

2142 5205 2280 5259 ’Ἱσθι
2309 5209 2510 5273 τοίνυν,
2543 5210 2609 5263 τὰ
2648 5213 2824 5266 πάντα
2872 5213 3295 5283 θεοσεϐέστατε,
3335 5220 3516 5272 πάντα
3560 5220 3647 5273 τὸν

2067 5294 2343 5349 ὁντιναοῦν
2373 5299 2664 5370 ἁλίσκομεν
2693 5303 2784 5354 ἐπὶ
2837 5304 2915 5373 τῷ
2939 5307 3165 5377 τοιούτῳ
3188 5308 3294 5362 τινὶ
3326 5308 3644 5374 ἐπίσκοπον,

2068 5382 2101 5453 ἢ
2141 5387 2577 5456 χωρεπίσκοππ,
2611 5389 2643 5459 ἢ
2677 5392 3054 5463 περιοδευτὴν,
3099 5393 3130 5464 ἢ
3184 5393 3577 5466 πρεσϐύτερον,
3616 5397 3645 5466 ἢ

2067 5473 2330 5541 διάκονον,
2361 5478 2393 5547 ἦ
2423 5477 2580 5531 ἄλλον
2600 5480 2721 5534 τινὰ
2744 5481 2946 5551 δήποτε
2974 5484 3067 5537 τοῦ
3101 5487 3348 5550 κανόνος,
3373 5485 3409 5557 ή
3436 5486 3644 5551 λαῖκὺν,

2066 5566 2229 5636 κοινῷ
2274 5569 2504 5639 δόγματι
2539 5571 2648 5623 τῶν
2682 5573 2987 5643 ἀρχιερέων
3021 5577 3459 5648 κατακεκρίσθαι
3481 5619 3496 5639 ,
3552 5577 3643 5632 καί

2065 5661 2219 5729 κοινῇ
2250 5659 2418 5731 ψήφῳ
2443 5701 2456 5725 ,
2495 5661 2679 5726 καθὼς
2723 5666 2848 5734 περί
2887 5666 3077 5720 τούτου
3126 5667 3223 5721 καὶ
3246 5670 3276 5722 ὀ
3319 5666 3431 5721 τῶν
3474 5669 3642 5734 ἀγξων

2069 5748 2331 5819 Πατέρων
2356 5750 2534 5806 κανὼν
2566 5753 2776 5817 φθάσας
2799 5753 3057 5811 διαλαλεϊ.
3092 5757 3181 5810 Δεῖ
3229 5755 3338 5814 γὰο
3381 5752 3520 5809 εἶναι
3553 5755 3642 5819 xc.
