4020 6388
509 326 645 410 333

1466 325 1548 388 IN
1587 327 1829 392 EPIST.
1866 330 1924 392 S.
1973 331 2258 392 BASILll
2292 331 2395 390 AD
2433 323 2858 389 NICOPOLIT.

3670 317 3784 382 9η

528 465 633 523 «put
669 450 769 522 τήν
802 453 981 522 χάριν,
1022 452 1116 508 καὶ
1157 452 1410 525 μηδαμοῦ
1449 451 1759 520 μεσιτεύειν
1804 455 1935 522 παρ’
1982 456 2116 524 αὐτῇ

2255 467 2288 509 ει
2320 459 2461 511 enim
2496 457 2726 524 gratiam
2754 464 2963 518 semper
2987 463 3112 506 esse
3139 446 3388 517 gratiam,
3416 451 3471 498 et
3501 451 3782 511 argentum

464 582 473 590 ο
534 543 830 615 ἀργύριον.
863 544 1044 597 Ἔστω
1071 542 1253 596 τοίνυν
1287 542 1385 598 καὶ
1410 541 1557 596 ἐστιν
1588 544 1990 612 ἀποκήρυκτος,
2022 542 2118 595 καὶ

535 635 724 705 ’πάσης
754 634 1031 705 ἱερατικῆς
1054 632 1210 698 ἀξίας
1237 651 1318 697 τε,
1342 634 1437 687 καὶ
1454 633 1796 703 λειτουργίας
1817 630 2115 702 ἀλλότριος,

538 729 640 790 καὶ
683 730 752 798 τῇ
787 727 1004 798 κατάρᾳ.
1038 726 1133 779 τοῦ
1178 724 1520 794 ἀναθέματος
1551 725 1912 794 ὑποκείμενος
1938 765 1954 788 ,
1988 724 2017 777 ὅ
2058 740 2115 777 τε

536 811 748 884 ταύτην
780 816 1011 869 κτᾶσθαι
1049 814 1135 868 διὰ
1169 814 1466 885 χρημάτων
1497 813 1772 882 οἰόμενος,
1804 814 1896 865 καὶ
1926 815 1954 866 ό
1983 811 2116 866 ταὺ-

545 922 644 975 την
666 905 925 975 παρέχειν
947 906 1040 958 ἐπὶ
1062 907 1345 976 χρήμασιν
1370 903 1823 973 ὑπισχνούμενος,
1847 904 1957 956 εἴτε
1988 905 2120 972 κλη-

549 995 719 1064 ρικὸς,
745 994 855 1047 εἴτε
888 995 1072 1056 λαῖκὸς
1101 994 1216 1063 εἴη,
1244 993 1349 1047 κᾶν
1382 994 1673 1063 ἐλέγχοιτο,
1711 992 1812 1047 κᾶν
1854 993 1926 1062 μὴ
1959 992 2121 1060 ἐλέγ-

546 1102 696 1156 χοιτο
742 1089 934 1149 ποιεῖν,
993 1087 1075 1139 ὄτι
1120 1084 1241 1137 οὐδὲ
1275 1078 1385 1137 οἷον
1419 1101 1478 1136 τε
1529 1083 1962 1153 ωμὸιϐασθῆναί
1996 1077 2123 1136 ποτε

535 1175 618 1229 έτά
644 1174 910 1245 σύμϐολα,
940 1176 1062 1229 οὑδὲ
1109 1174 1228 1243 Θεῴ
1264 1175 1629 1244 συμφωνῆσαι
1658 1173 1752 1226 τδν
1791 1175 2122 1244 μαμμωνᾶν,

547 1265 583 1337 ἢ
613 1268 739 1329 τοὺς
762 1265 936 1336 τούτῳ
964 1264 1310 1328 δουλεύοντας
1340 1265 1622 1318 δουλεῦσαι
1646 1264 1786 1334 Θεῷ.
1821 1264 2125 1335 Δεσποτικὴ

547 1356 644 1410 καὶ
677 1354 813 1426 αὕτη
845 1357 991 1408 ἐστὶν
1016 1356 1288 1423 ἀπόφασις
1317 1354 1712 1424 ἀημφίὸολοςθ
1746 1357 1828 1409 Οὐ
1858 1353 2125 1409 δύνασθε

543 1445 672 1511 Θεῷ
702 1445 1036 1510 δουλεύειν,
1064 1446 1165 1499 καὶ
1194 1443 1510 1514 μαμμωνᾷ.

621 1536 845 1599 Τούτοις
883 1537 1306 1608 ὲπιθαῤῥοὺντες
1353 1539 1512 1606 ἡμεῖς
1550 1536 1693 1590 κατά
1730 1536 1977 1608 δύναμιν,
2031 1537 2125 1592 καὶ

548 1626 756 1691 τούτοις
784 1628 1107 1697 ὑπήκοντες,
1136 1629 1286 1698 ,μετά
1312 1627 1406 1680 τοῦ
1448 1627 1622 1681 ταῦτα
1650 1629 1943 1699 φήσαντος,
1983 1629 2125 1681 κατά

547 1717 655 1772 τῶν
672 1718 845 1770 ταῦτα
863 1718 1321 1786 παρανομούντων
1340 1719 1438 1790 τὴν
1456 1720 1731 1787 ἀπόφασιν
1758 1720 2121 1788 πεποιήμεθα.

2221 550 2358 620 apud
2389 565 2507 604 eam
2540 560 2880 616 nequaquam
2940 541 3292 597 intercedere.
3336 535 3420 591 Sit
3463 548 3593 603 ergo
3636 530 3788 587 etab

2221 641 2365 698 omni
2406 639 2731 695 sacerdotali
2765 636 3028 705 dignitate
3069 643 3126 688 et
3151 629 3452 685 ministerio
3480 627 3708 687 alienus,
3733 630 3792 676 et

2222 731 2585 789 anathematis
2619 730 2740 784 loco
2770 728 3045 797 subjectus
3065 766 3079 787 ,
3121 724 3213 794 qui
3240 731 3294 776 et
3323 735 3381 774 se
3408 734 3502 788 per
3529 715 3789 785 pecunias
3810 758 3827 771 .

2224 824 2505 893 acquirere
2528 823 2823 883 existimat,
2854 830 2906 872 et
2928 817 3021 885 qui
3048 830 3167 869 eam
3196 812 3434 882 pecuniis
3463 810 3661 862 habere
3680 804 3789 872 pol-

2227 915 2439 979 licear,
2465 915 2580 968 sive
2608 912 2680 967 sit
2708 910 2961 973 clericus,
2993 908 3104 961 sive
3127 904 3317 967 laicus,
3348 900 3462 956 sive
3488 899 3587 950 hoc
3616 895 3792 947 facere

2224 1007 2599 1068 convincatur,
2633 1005 2749 1058 sive
2794 1014 2903 1053 non
2939 1013 2954 1051 :
3005 996 3129 1067 quia
3182 994 3295 1048 ﬁeri
3345 1006 3449 1045 non
3490 995 3699 1058 petest,
3734 988 3793 1034 ut

2225 1078 2548 1151 conveniant
2582 1107 2700 1161 qua:
2729 1089 3019 1145 convenire
3056 1094 3363 1153 nequeunt,
3389 1096 3487 1133 nec
3517 1087 3575 1130 ut
3618 1088 3792 1128 mam-

2224 1202 2384 1241 mona
2436 1185 2545 1238 Deo
2576 1182 2914 1244 consentiat;
2951 1178 3035 1232 vel
3066 1187 3123 1229 ut
3151 1175 3240 1242 qui
3281 1173 3329 1226 ei
3372 1171 3648 1230 serviunt,
3681 1164 3789 1218 Deo

2227 1280 2488 1334 serviant.
2529 1276 2735 1330 Domini
2770 1283 2852 1328 est
2889 1268 3179 1331 sententia,
3222 1264 3308 1321 cui
3349 1257 3648 1317 contradici
3681 1269 3790 1312 non

2222 1380 2399 1443 potest
2429 1387 2448 1424 :
2474 1366 2595 1421 Non
2624 1365 2841 1436 potestis
2863 1361 2972 1415 Deo
3002 1360 3192 1415 servire
3225 1364 3272 1410 et
3302 1368 3631 1406 mammona.

2295 1546 2405 1601 Nos
2437 1547 2488 1599 in
2522 1545 2605 1599 his
2645 1556 2741 1612 pro
2782 1539 2987 1591 viribus
3039 1533 3416 1596 consulentes,
3457 1540 3509 1584 et
3539 1530 3620 1583 eis
3667 1541 3786 1584 cre-

2227 1614 2437 1701 dentes,
2470 1651 2593 1689 cum
2623 1648 2688 1687 eo
2724 1632 2811 1700 qui
2836 1632 2952 1683 haec
2980 1627 3150 1689 dixit,
3181 1627 3441 1677 adversus
3469 1636 3563 1676 eos
3599 1620 3689 1689 qui
3736 1619 3791 1675 in

2226 1728 2292 1784 iis
2344 1734 2588 1796 peccant,
2629 1722 2949 1776 sententiam
3000 1716 3341 1785 protulimus.
3376 1711 3491 1766 Tua
3532 1711 3794 1764 sanctitas

551 1806 895 1876 Φροντισάτω
922 1807 977 1860 δὲ
1007 1810 1104 1859 καὶ
1132 1809 1164 1876 ή
1203 1807 1270 1877 σὴ
1298 1808 1516 1878 ὁσιότης
1549 1808 1637 1861 διά
1674 1808 1856 1880 πάσης
1894 1825 2118 1879 περιφυ-

2255 1832 2411 1870 :uram
2441 1824 2614 1885 gerat,
2652 1811 2797 1864 omni
2849 1809 3092 1863 adhibita
3123 1805 3424 1880 diligentia,
3460 1814 3517 1856 ιιι
3550 1802 3665 1856 haec
3697 1814 3794 1869 per

539 1895 723 1966 λακῆς
751 1897 1071 1966 ποιουμένη,
1118 1894 1256 1966 δῆλα
1283 1899 1619 1967 καταστῆσαι
1657 1898 1745 1951 διά
1774 1899 2125 1970 ἀντιγράφων

540 1986 646 2041 καὶ
679 1989 790 2049 τοῖς
830 1987 934 2040 ὑπὸ
967 1988 1024 2040 σὲ
1046 1987 1481 2056 θεοφιλεστάτοις
1520 1990 1870 2053 ἐπισκόποις,
1906 1991 1998 2042 καὶ
2030 2007 2126 2042 πε-

554 2077 882 2148 ριοδευταῖς,
915 2079 1010 2129 καὶ
1042 2083 1154 2142 τοῖς
1184 2078 1365 2142 ἄλλοις
1390 2081 1613 2134 ἆπασινο
1649 2080 1735 2133 ἵνα
1768 2083 1825 2133 ἐν
1852 2080 1933 2133 ἑνὶ
1963 2080 2125 2134 τινεύ⁴

552 2184 682 2236 ματι
703 2206 719 2230 ,
752 2166 844 2220 καὶ
895 2169 993 2238 μιᾷ
1024 2168 1170 2239 ψυχῇ
1204 2169 1405 2232 πάντες
1434 2169 1569 2239 ὁμοῦ
1608 2172 1929 2241 Χριστιανοὶ
1983 2189 2124 2241 συμ-

550 2256 885 2327 φραξὰμενοι
925 2258 1064 2311 κατά
1109 2258 1202 2312 τοῦ
1249 2259 1430 2313 κοινοῦ
1462 2259 1762 2330 δυσμενοῦς
1814 2261 2123 2331 ἰσχύσωμεν

551 2349 647 2401 σὺν
687 2347 807 2417 Θεῷ
828 2387 843 2410 ,
876 2348 975 2417 τὴν
1013 2348 1104 2402 ὑπ’
1136 2350 1345 2423 ἐκείνου
1380 2350 1738 2420 φυτευθεῖσαν
1777 2352 1834 2405 ὲν
1868 2352 1998 2421 ἡμῖν
2025 2353 2123 2421 τῆς

551 2436 911 2507 φιλαργυρίας
967 2438 1144 2508 ῥίζαν,
1197 2440 1313 2510 ἅμα
1354 2442 1521 2495 πᾶσιν
1567 2442 1753 2504 αὐτοῖς
1781 2441 1891 2495 τῶν
1937 2441 2122 2494 κακῶν

542 2530 658 2590 τοῖς
697 2527 1070 2597 βλαστήμασιν
1104 2531 1374 2598 ἐκτεμεῖν.
1425 2531 1613 2585 Πᾶσαν
1654 2531 1754 2602 τήν
1790 2532 1887 2585 σὺν
1936 2532 2018 2583 σο)⁸
2065 2532 2123 2584 ὲν

542 2615 768 2686 Χριστῷ
806 2616 1140 2687 ἀδελφότητα
1189 2620 1602 2690 προσαγορεύω.
1670 2621 2009 2691 Ἐῥρωμένος
2060 2621 2118 2674 ὲν

544 2707 738 2776 Κυρίῳ
767 2707 1070 2778 ὑπερεύχου
1098 2708 1274 2779 ήμῶν,
1308 2709 1693 2779 θεοφιλέστατε
1724 2712 1940 2781 ἀδελφέ.

622 2796 812 2862 Τούτῳ
838 2796 918 2862 τῷ
953 2798 1380 2869 ἐπιστολιμαίῳ
1416 2803 1579 2869 λόγῳ
1608 2801 1727 2855 σὺν
1754 2805 1913 2866 αὺτῳ
1935 2800 2011 2868 δὴ
2043 2798 2123 2865 τῷ

2228 1909 2551 1976 transcripta
2585 1902 2911 1972 exemplaria
2955 1901 3296 1973 innotescant
3333 1904 3386 1950 et
3427 1893 3792 1949 sanctissimis

2222 1999 2495 2068 episcopis
2526 1996 2613 2064 Qui
2645 1994 2740 2046 tibi
2780 1993 3026 2054 subsunt,
3056 2002 3111 2043 et
3138 1986 3540 2058 περιοδευταῖς,
3587 1993 3638 2038 et
3666 1981 3792 2038 aliis

2226 2089 2476 2147 omnibus
2508 2104 2522 2140 :
2555 2094 2613 2139 ut
2645 2086 2697 2138 in
2728 2099 2836 2137 uno
2863 2081 3052 2150 spiritu
3087 2091 3137 2134 et
3168 2095 3270 2149 una
3304 2078 3478 2130 anima
3507 2090 3695 2129 omnes
3718 2075 3794 2128 si-

2227 2182 2336 2237 mul
2370 2177 2653 2244 constipati
2685 2171 2981 2229 Christiani
3013 2174 3270 2224 adversus
3307 2180 3648 2222 communem
3682 2164 3790 2217 ini-

2227 2272 2445 2332 micum,
2472 2266 2566 2321 Dei
2593 2264 2810 2325 auxilio,
2834 2262 3104 2333 possimus
3126 2257 3364 2312 avaritia:
3390 2256 3646 2318 radicem,
3674 2266 3793 2320 quae

2225 2363 2294 2418 ab
2325 2362 2416 2416 illo
2441 2361 2492 2414 in
2521 2356 2858 2412 nobisinsita
2887 2362 2990 2419 est,
3024 2366 3148 2406 cum
3179 2348 3429 2404 omnibus
3459 2361 3644 2401 eorum
3681 2359 3794 2399 ma-

2225 2457 2399 2511 lorum
2432 2450 2768 2523 germinibus
2822 2443 3160 2500 exscindere.
3206 2439 3431 2493 Omnem
3459 2453 3579 2506 qum
3615 2447 3790 2489 tecum

2226 2558 2309 2604 est
2335 2548 2393 2601 in
2434 2544 2652 2600 Christo
2680 2539 3071 2595 fraternitatem
3101 2534 3414 2589 salutamus.
3447 2529 3625 2584 Fortis
3648 2525 3792 2581 exsi-

2225 2649 2371 2696 stens
2407 2637 2460 2691 in
2487 2635 2721 2698 Christo,
2741 2646 2833 2687 ora
2858 2645 2953 2699 pro
2974 2627 3150 2692 nobis,
3181 2623 3525 2680 sanctissime
3558 2619 3748 2673 frater.

2301 2813 2435 2867 Huic
2463 2807 2692 2875 epistola:
2737 2820 2853 2857 cum
2882 2803 2994 2869 ipso
3037 2797 3305 2853 Gennadio
3361 2792 3784 2862 subscripserunt

538 2884 842 2953 Γενναδιφ
867 2886 1225 2958 ὑπέγραψαν
1256 2891 1353 2945 καὶ
1384 2893 1438 2944 οι
1465 2891 1872 2959 ἐϐδομήκοντα
1907 2892 2085 2958 τρεῖς.

2255 2908 2380 2958 tiam
2413 2900 2745 2968 septuaginta
2773 2906 2900 2948 tres.

953 3155 1060 3212 ‘EK
1092 3157 1230 3211 ΤΗΣ
1266 3156 1443 3211 ΠΡΟΣ
1482 3155 1962 3211 ΝΙΚΟΠΟΛΙΤΑΣ
1994 3151 2384 3207 ΕΠΙΣΤΟΛΗΣ
2417 3151 2556 3205 ΤΟΥ
2606 3151 2941 3206 ΜΕΓᾹΛΟΥ
2986 3150 3367 3210 ΒΑΣΙΛΕΙΟΥ.

1087 3399 1258 3471 183
1292 3408 1395 3468 EX
1430 3409 1814 3471 EPISTULA
1852 3408 2107 3472 MAGNl
2144 3411 2438 3471 BASILII
2470 3412 2576 3472 AD
2618 3410 3257 3496 NlCOPOLL’I‘ANOS.
3321 3486 3327 3491 _

531 3578 599 3632 ‘H
640 3573 905 3646 ἐπιστολὴ
944 3571 1259 3641 διαλέγεται
1311 3574 1443 3643 περὶ
1507 3572 1603 3627 τοῦ
1662 3573 1957 3644 ὑπομενεῖν
2011 3574 2107 3627 καὶ

2259 3571 2451 3641 pistolu
2483 3580 2680 3626 tractat
2714 3573 2780 3626 de
2825 3573 3164 3627 sustinendis
3200 3585 3254 3626 et
3300 3587 3459 3642 mquo
3496 3576 3680 3628 animo
3720 3576 3801 3634 fe-

596 3668 934 3739 εὐχαρίστως
950 3668 1144 3738 φέρειν
1170 3669 1300 3729 τοὺς
1335 3666 1677 3736 πειρασμούς
1696 3683 1712 3698 ο
1743 3662 1861 3719 εἶτα
1886 3667 2102 3734 ἐπάγει,

591 3762 664 3815 Τί
697 3760 1053 3828 πεπόνθαμεν
1068 3759 1278 3824 δεινόν;
1306 3759 1356 3811 εί
1389 3758 1465 3828 μὴ
1483 3757 1622 3826 τάχα
1652 3758 1810 3810 τοῦτο
1838 3758 2106 3829 λυπηρὸν,

592 3854 680 3907 ὅτι
724 3852 892 3922 μηδὲν
949 3850 1326 3921 πεπόνθαμεν,
1379 3850 1515 3921 μηδὲ
1546 3849 1921 3920 ἐνομίσθημεν
1965 3850 2107 3914 ἄξιοι

592 3940 703 3994 τῶν
732 3940 875 4009 ὑπὲρ
922 3939 1166 4007 Χριστοῦ
1194 3940 1565 4011 παθημάτων.
1595 3940 1658 3994 Et
1691 3940 1748 3993 δὲ
1777 3942 1858 3994 ὅτι
1888 3940 1916 3991 ό
1955 3940 2109 3994 δεῖνα

592 4032 821 4104 κατέχει
849 4033 942 4086 τὸν
974 4027 1124 4085 οἷκον
1180 4035 1279 4103 τῆς
1336 4031 1671 4102 προσευχῆς,
1726 4031 1890 4100 ὑμεῖς
1930 4030 1986 4084 δὲ
2045 4031 2106 4084 ὲν
2166 4068 2172 4074 ν

593 4126 854 4196 ὑπαίθρῳ
888 4129 1251 4196 προσκυνεῖτε
1285 4123 1380 4175 τὸν
1408 4121 1647 4194 οὐρανοῦ
1694 4126 1788 4177 καὶ
1821 4125 1926 4194 γῆς
1979 4140 2104 4177 ποι-

594 4219 751 4287 ητὴν,
780 4218 936 4271 τοῦτο
956 4218 1103 4287 ὑμᾶς
1155 4218 1345 4288 ἀνιᾷορ
1382 4216 1728 4288 ἐνθυμήθητε
1781 4217 1865 4272 ὅτι
1913 4220 1963 4271 οἱ
2006 4219 2106 4289 μὲν

592 4309 784 4364 ἱνδεκα
819 4310 1061 4380 μαθηταὶ
1087 4310 1145 4361 ὲν
1184 4309 1264 4379 τῷ
1296 4307 1536 4379 ὑπερῴῳ
1576 4304 1720 4381 ἦσαν
1782 4310 2110 4365 ὑποκεκ).ει-

593 4400 815 4469 σμένοι·
851 4400 900 4453 oi
928 4399 986 4452 δὲ
1026 4397 1449 4467 σταυρώσαντες
1503 4398 1593 4450 τὸν
1655 4397 1861 4469 Κύριον
1927 4399 1984 4450 ὲν
2026 4396 2106 4468 τῷ

591 4491 905 4561 περιόοήτῳ
926 4489 1040 4557 ναῷ
1077 4489 1178 4558 τὴν
1216 4487 1513 4558 Ἰουδαῖκήν
1529 4487 1790 4559 λατρείαν
1808 4489 2104 4559 ἐπλήρουν.

606 4584 807 4648 Ἰούδας
845 4583 979 4654 γὰρ,
1021 4582 1113 4635 τὸν
1156 4582 1223 4636 δι’
1265 4583 1503 4653 ἀγχόνης
1556 4583 1790 4637 θάνατον
1837 4584 1932 4636 τοῦ
1989 4585 2107 4652 μετ’

599 4677 861 4745 αἰσχύνης
902 4673 1002 4745 ζῇν
1042 4674 1410 4746 προτιμήσας,
1476 4674 1649 4740 ἔδειξε
1689 4676 1832 4746 τάχα
1866 4676 1978 4729 τῶν
2013 4676 2111 4728 νῦν

598 4767 1127 4838 ἀπερυθριασάντων
1188 4767 1329 4836 πρὸς
1376 4767 1557 4820 πᾶσαν
1584 4767 1892 4839 ἀνθρώπων
1940 4769 2111 4822 κατά-

600 4878 826 4930 γνωςιν,
856 4863 947 4913 καὶ
974 4861 1066 4912 διὰ
1096 4859 1257 4913 τοῦτο
1289 4859 1527 4920 ἀναιδῶς
1574 4861 1713 4929 πρὸς
1769 4861 1839 4915 τὰ
1905 4864 2112 4933 αἰσχρά

597 4953 974 5020 διακειμένων
996 4952 1195 5005 ἑαυτὸν
1225 4952 1617 5020 αἱρετώτερον.
1651 4954 1830 5007 Μόνον
1861 4952 1937 5024 μὴ
1962 4956 2110 5007 ἀπα-

597 5045 807 5115 τηθῆτε
840 5034 947 5098 ὑπὸ
978 5043 1087 5097 τῶν
1131 5043 1503 5114 ψευδολογιῶν
1536 5043 1719 5098 αὑτῶν
1761 5046 2110 5113 ἀπαγγελλο-

604 5141 784 5208 μένων
822 5136 1094 5207 ὀρθότητα
1129 5137 1390 5199 πίστεως.
1450 5137 1863 5207 Χριστέμποροι
1900 5139 2009 5208 γὰρ
2057 5139 2109 5190 οἱ

596 5229 857 5294 τοιοῦτοι,
892 5230 988 5282 καὶ⁵
1020 5230 1140 5299 οὐχὶ
1189 5228 1538 5300 Χριστιανοὶ,
1582 5228 1643 5281 τὸ
1690 5229 1779 5282 ἀεὶ
1830 5229 1974 5282 κατά
2019 5229 2112 5283 τὸν

602 5322 720 5394 βίον
746 5322 934 5385 αὐτοῖς
977 5321 1300 5375 λυσιτελοῦν
1356 5319 1451 5374 τοῦ
1500 5321 1639 5375 κατά
1682 5320 1948 5391 ἀλήθειαν
2008 5320 2110 5393 ζῇν

600 5414 1005 5486 προτιμῶντες.
1043 5413 1175 5468 Ὅτε
1197 5413 1255 5467 δὲ
1292 5414 1558 5485 ἐνόμισαν
1589 5413 1824 5468 κτᾶσθαι
1877 5418 1978 5483 τὴν
2014 5431 2109 5467 κε-

604 5506 704 5578 νὴν
734 5505 944 5577 ταύτην
974 5506 1172 5577 ἀρχὴν,
1220 5505 1556 5577 προσέθεντο
1583 5506 1701 5568 τοῖς
1750 5503 1971 5576 ἐχθροῖς
2013 5503 2109 5559 τοῦ

602 5598 777 5651 Θεοῦ’
817 5597 908 5651 ὅτε
939 5594 1082 5651 εἶδον
1136 5598 1265 5663 τοὺς
1314 5596 1478 5661 λαοὺς
1522 5597 1934 5667 ἀγριαίνοντας,
1970 5613 2108 5667 σχη-
2158 5612 2161 5619 ’

611 5692 930 5764 ματίζονται
958 5690 1119 5745 πάλιν
1149 5692 1247 5764 τὴν
1279 5691 1571 5763 ὀρθότητα.
1603 5690 1717 5746 Οὑκ
1740 5686 1860 5747 οἶδα
1900 5692 1949 5746 ει
1986 5690 2110 5744 ἐπί-

604 5800 798 5839 σκοποι
880 5779 1016 5852 εἷεν,
1080 5784 1217 5857 μηδὲ
1280 5783 1707 5858 ἀριθμησαίμην
1785 5786 1842 5839 ιν
1904 5784 2106 5857 ῑεριῦσι

2138 4534 2190 4595 D

2279 3663 2909 3730 rendistentutionibus;
2945 3664 3140 3719 deinde
3188 3665 3645 3734 snbjungiI,Quid
3671 3669 3797 3723 mali

2279 3758 2426 3826 passi
2474 3757 2704 3812 sumus?
2746 3758 2851 3812 nisi
2910 3758 3276 3811 forsanistud
3327 3760 3480 3813 triste
3521 3760 3612 3826 sit,
3652 3761 3797 3829 quod

2291 3850 2432 3908 nihil
2460 3850 2626 3919 passi,
2654 3863 2755 3905 nec
2783 3849 3128 3917 passionibus
3157 3864 3253 3916 pro
3272 3848 3491 3904 Christo
3514 3852 3655 3919 digni
3697 3851 3800 3907 ha-

2286 3946 2384 4002 biti
2415 3958 2622 3999 smnus.
2646 3940 2702 3995 Si
2725 3951 2928 4006 autem,
2960 3942 3102 4009 quod
3135 3941 3353 3995 domum
3406 3944 3673 3998 orationis
3707 3959 3804 3999 ne-

2283 4038 2399 4094 seio
2428 4034 2549 4102 quis
2570 4034 2805 4089 detineat
2825 4048 2842 4100 ;
2862 4045 2955 4086 vos
2980 4042 3159 4086 autem
3181 4034 3280 4088 sub
3302 4032 3392 4088 dio
3413 4033 3533 4088 caeli
3559 4045 3610 4089 et
3642 4045 3798 4092 terra:

2284 4127 2633 4185 Conditorem
2668 4124 2933 4188 adoratis,
2960 4124 3062 4179 hoc
3090 4140 3187 4179 vos
3214 4126 3352 4179 male
3386 4125 3581 4191 habet;
3614 4128 3797 4181 t-onsi-

2284 4220 2492 4284 derate,
2524 4217 2666 4286 quod
2706 4219 2954 4271 undecim
2992 4216 3214 4285 quidem
3248 4215 3500 4285 discipuli
3542 4227 3698 4272 erant
3742 4219 3796 4273 in

2285 4308 2568 4367 caenaculo
2593 4308 2785 4362 inclusi
2818 4324 2832 4361 :
2861 4309 2951 4375 qui
2982 4321 3162 4364 autem
3194 4309 3480 4363 Dominmn
3511 4313 3800 4364 rrucilitc-

2289 4411 2417 4460 runt
2457 4402 2510 4457 in
2544 4400 2748 4455 celebri
2778 4399 2978 4469 templo
3003 4400 3289 4455 Judaicum
3322 4403 3528 4455 cultum
3568 4416 3798 4470 perage-

2288 4498 2440 4553 bant.
2467 4496 2639 4554 Judas
2661 4500 2828 4555 enim.
2864 4495 2953 4560 qui
2985 4495 3280 4565 suspendio
3306 4496 3468 4547 vitam
3498 4495 3651 4549 finire
3680 4510 3797 4548 ma-

2283 4592 2384 4648 luit
2407 4610 2566 4664 quam
2591 4593 2857 4648 dedecore
2874 4590 3077 4655 vivere,
3100 4589 3338 4643 ostendit
3366 4604 3422 4641 se
3451 4589 3520 4642 its
3542 4605 3663 4643 esse
3687 4605 3800 4643 me-

2282 4684 2494 4751 liorem,
2518 4687 2607 4756 qni
2634 4687 2700 4738 ad
2725 4698 2940 4737 omnem
2967 4682 3246 4735 hominum
3280 4682 3793 4735 condemnationem

2284 4776 2516 4832 frontem
2538 4775 2964 4847 perfricuernut,
2992 4785 3043 4829 et
3070 4775 3190 4828 ideo
3223 4774 3564 4843 impudenter
3590 4776 3654 4826 ad
3680 4791 3799 4827 nm-

2284 4872 2373 4925 nia
2399 4870 2577 4926 aﬂ'ecti
2628 4879 2777 4925 sunt.
2816 4870 3016 4923 Eorum
3066 4876 3275 4920 tantum
3330 4865 3674 4934 falsiloqniis,
3702 4870 3794 4939 qui

2284 4961 2408 5017 fidei
2476 4963 2855 5017 rectitu.linem
2916 4959 3264 5029 profitentur.
3299 4974 3365 5013 ne
3422 4959 3795 5023 seducamini,

2282 5055 2484 5110 Christi
2515 5056 2657 5109 enim
2690 5060 3085 5123 cauponatores
3118 5061 3244 5104 sunt
3293 5051 3352 5116 ii,
3383 5060 3436 5105 et
3485 5068 3590 5106 non
3635 5052 3796 5107 Chri-

2283 5149 2467 5214 stiani,
2503 5148 2593 5214 qui
2631 5147 2708 5209 id.
2736 5147 2876 5213 quod
2911 5146 2990 5199 eis
3028 5159 3246 5211 semper
3281 5144 3335 5198 in
3370 5144 3476 5197 vita
3517 5154 3601 5199 est
3638 5146 3792 5211 utile,

2288 5256 2429 5295 verte
2453 5241 2573 5293 vita:
2606 5238 2918 5306 praeferunt.
2947 5236 3172 5304 Quando
3196 5243 3374 5291 autem
3407 5237 3795 5293 existimarunt

2282 5349 2342 5389 se
2390 5347 2548 5402 posse
2602 5332 2703 5385 hoc
2738 5345 2934 5384 vanum
2988 5329 3276 5396 imperium
3338 5329 3644 5397 acquirere,
3698 5328 3792 5386 Dei

2285 5424 2523 5483 inimicis
2564 5422 2727 5477 add'ti
2757 5430 2881 5477 sunt
2910 5437 2924 5475 :
2959 5420 3175 5490 quando
3203 5422 3456 5476 viderunt
3480 5423 3791 5485 concitatos

2285 5510 2530 5583 pepulos,
2558 5524 2748 5565 rursus
2779 5507 3158 5563 rectitudinem
3188 5509 3469 5567 simulant.
3500 5508 3695 5564 Nescio
3720 5524 3790 5564 an

2284 5606 2394 5659 sint
2436 5600 2697 5672 episcopi,
2742 5614 2845 5656 nec
2893 5600 2945 5654 in
2987 5599 3189 5657 Christi
3236 5603 3612 5659 sacerdotibus
3659 5618 3788 5660 cum

2282 5692 2836 5763 enumeraverim,qui
2864 5707 2893 5747 a
2939 5690 3187 5763 profanis
3220 5690 3474 5751 manibus
3507 5693 3576 5751 ad
3609 5694 3709 5753 hoc
3732 5705 3792 5754 ut

2283 5788 2510 5860 praesint
2540 5787 2594 5843 in
2618 5784 3034 5845 dissolutionem
3067 5785 3189 5845 fidei
3224 5796 3513 5859 promotus
3536 5801 3642 5850 est.
3678 5789 3792 5850 Hoc
