  <div class='ocr_page' id='page_1' title='image "/cluster/home/n/w/nwhite01/storage/ocr_20150623/138:no.2/coo.31924054870435/477.png"; bbox 0 0 4020 6388; ppageno 0'>
   <div class='ocr_carea' id='block_1_1' title="bbox 516 321 2549 392">
    <p class='ocr_par' dir='ltr' id='par_1_1' title="bbox 516 321 2549 392">
     <span class='ocr_line' id='line_1_1' title="bbox 516 321 2549 392; baseline 0.002 -6"><span class='ocrx_word' id='word_1_1' title='bbox 516 327 621 387; x_wconf 85' lang='lat'><strong>939</strong></span> <span class='ocrx_word' id='word_1_2' title='bbox 1741 321 2016 388; x_wconf 79' lang='lat' dir='ltr'><strong>THEOD.</strong></span> <span class='ocrx_word' id='word_1_3' title='bbox 2067 325 2549 392; x_wconf 41' lang='lat' dir='ltr'><strong>BALSAMONIS&#39;</strong></span> 
     </span>
    </p>
   </div>
   <div class='ocr_carea' id='block_1_2' title="bbox 3653 342 3747 407">
    <p class='ocr_par' dir='ltr' id='par_1_2' title="bbox 3653 342 3747 407">
     <span class='ocr_line' id='line_1_2' title="bbox 3653 342 3747 407; baseline 0 0"><span class='ocrx_word' id='word_1_4' title='bbox 3653 342 3747 407; x_wconf 60' lang='lat'><strong>9&amp;0</strong></span> 
     </span>
    </p>
   </div>
   <div class='ocr_carea' id='block_1_3' title="bbox 512 430 2082 512">
    <p class='ocr_par' dir='ltr' id='par_1_3' title="bbox 512 433 2082 505">
     <span class='ocr_line' id='line_1_3' title="bbox 512 433 2082 505; baseline 0.001 -17"><span class='ocrx_word' id='word_1_5' title='bbox 512 437 672 489; x_wconf 83' lang='lat' dir='ltr'><strong>bitum</strong></span> <span class='ocrx_word' id='word_1_6' title='bbox 719 444 797 487; x_wconf 75' lang='lat' dir='ltr'><strong>est</strong></span> <span class='ocrx_word' id='word_1_7' title='bbox 838 433 956 490; x_wconf 84' lang='lat' dir='ltr'><strong>:ad</strong></span> <span class='ocrx_word' id='word_1_8' title='bbox 980 435 1149 491; x_wconf 85' lang='lat' dir='ltr'><strong>altare</strong></span> <span class='ocrx_word' id='word_1_9' title='bbox 1184 446 1359 491; x_wconf 84' lang='lat' dir='ltr'><strong>autem</strong></span> <span class='ocrx_word' id='word_1_10' title='bbox 1399 441 1639 491; x_wconf 76' lang='lat' dir='ltr'><strong>accedere</strong></span> <span class='ocrx_word' id='word_1_11' title='bbox 1675 451 1770 505; x_wconf 82' lang='lat' dir='ltr'><strong>pro</strong></span> <span class='ocrx_word' id='word_1_12' title='bbox 1810 435 2082 489; x_wconf 32' lang='lat' dir='ltr'><strong>accenden‘</strong></span> 
     </span>
    </p>
   </div>
   <div class='ocr_carea' id='block_1_4' title="bbox 2182 430 3746 512">
    <p class='ocr_par' dir='ltr' id='par_1_4' title="bbox 2200 430 3746 512">
     <span class='ocr_line' id='line_1_4' title="bbox 2200 430 3746 512; baseline 0.012 -22"><span class='ocrx_word' id='word_1_13' title='bbox 2200 436 2305 491; x_wconf 83' lang='grc' dir='ltr'>τοῦ</span> <span class='ocrx_word' id='word_1_14' title='bbox 2336 438 2734 507; x_wconf 79' lang='grc' dir='ltr'>ἀναγνώστου</span> <span class='ocrx_word' id='word_1_15' title='bbox 2784 430 3121 512; x_wconf 70' lang='grc' dir='ltr'><strong>ὑπηρεσίας</strong></span> <span class='ocrx_word' id='word_1_16' title='bbox 3193 450 3523 504; x_wconf 59' lang='grc' dir='ltr'>κεκώλυται</span> <span class='ocrx_word' id='word_1_17' title='bbox 3553 453 3648 507; x_wconf 79' lang='grc' dir='ltr'><strong>·τὸ</strong></span> <span class='ocrx_word' id='word_1_18' title='bbox 3690 454 3746 507; x_wconf 76' lang='grc' dir='ltr'>δὲ</span> 
     </span>
    </p>
   </div>
   <div class='ocr_carea' id='block_1_5' title="bbox 510 526 2082 613">
    <p class='ocr_par' dir='ltr' id='par_1_5' title="bbox 510 526 2082 599">
     <span class='ocr_line' id='line_1_5' title="bbox 510 526 2082 599; baseline 0 -19"><span class='ocrx_word' id='word_1_19' title='bbox 510 528 588 581; x_wconf 76' lang='lat' dir='ltr'><strong>dis</strong></span> <span class='ocrx_word' id='word_1_20' title='bbox 616 529 776 582; x_wconf 76' lang='lat' dir='ltr'><strong>cereis</strong></span> <span class='ocrx_word' id='word_1_21' title='bbox 810 526 893 581; x_wconf 78' lang='lat' dir='ltr'><strong>vel</strong></span> <span class='ocrx_word' id='word_1_22' title='bbox 915 527 1171 594; x_wconf 76' lang='lat' dir='ltr'><strong>candelis,</strong></span> <span class='ocrx_word' id='word_1_23' title='bbox 1224 532 1499 594; x_wconf 80' lang='lat' dir='ltr'><strong>monacho,</strong></span> <span class='ocrx_word' id='word_1_24' title='bbox 1545 530 1635 599; x_wconf 83' lang='lat' dir='ltr'><strong>qui</strong></span> <span class='ocrx_word' id='word_1_25' title='bbox 1693 528 1838 582; x_wconf 84' lang='lat' dir='ltr'><strong>nullo</strong></span> <span class='ocrx_word' id='word_1_26' title='bbox 1885 538 2082 582; x_wconf 82' lang='lat' dir='ltr'><strong>tenetur</strong></span> 
     </span>
    </p>
   </div>
   <div class='ocr_carea' id='block_1_6' title="bbox 2182 526 3748 613">
    <p class='ocr_par' dir='ltr' id='par_1_6' title="bbox 2192 530 3748 613">
     <span class='ocr_line' id='line_1_6' title="bbox 2192 530 3748 613; baseline 0.012 -30"><span class='ocrx_word' id='word_1_27' title='bbox 2192 530 2282 595; x_wconf 83' lang='grc' dir='ltr'><strong>είς</strong></span> <span class='ocrx_word' id='word_1_28' title='bbox 2307 532 2748 602; x_wconf 75' lang='grc' dir='ltr'><strong>θυσιαστήριον</strong></span> <span class='ocrx_word' id='word_1_29' title='bbox 2763 535 3023 590; x_wconf 81' lang='grc' dir='ltr'>είσιέναι</span> <span class='ocrx_word' id='word_1_30' title='bbox 3050 538 3226 607; x_wconf 80' lang='grc' dir='ltr'>χάριν</span> <span class='ocrx_word' id='word_1_31' title='bbox 3242 543 3528 611; x_wconf 74' lang='grc' dir='ltr'>ὑφάψεως</span> <span class='ocrx_word' id='word_1_32' title='bbox 3558 546 3748 613; x_wconf 80' lang='grc' dir='ltr'>κηρίον</span> 
     </span>
    </p>
   </div>
   <div class='ocr_carea' id='block_1_7' title="bbox 509 618 2082 708">
    <p class='ocr_par' dir='ltr' id='par_1_7' title="bbox 509 618 2082 690">
     <span class='ocr_line' id='line_1_7' title="bbox 509 618 2082 690; baseline 0.001 -19"><span class='ocrx_word' id='word_1_33' title='bbox 509 619 746 682; x_wconf 80' lang='lat' dir='ltr'><strong>crimine,</strong></span> <span class='ocrx_word' id='word_1_34' title='bbox 803 634 908 673; x_wconf 84' lang='lat' dir='ltr'><strong>non</strong></span> <span class='ocrx_word' id='word_1_35' title='bbox 950 619 1192 673; x_wconf 77' lang='lat' dir='ltr'><strong>existimo</strong></span> <span class='ocrx_word' id='word_1_36' title='bbox 1257 628 1494 687; x_wconf 80' lang='lat' dir='ltr'><strong>oportere</strong></span> <span class='ocrx_word' id='word_1_37' title='bbox 1529 618 1819 690; x_wconf 78' lang='lat' dir='ltr'><strong>prohiberi,</strong></span> <span class='ocrx_word' id='word_1_38' title='bbox 1872 632 2082 688; x_wconf 85' lang='lat' dir='ltr'><strong>prop:er</strong></span> 
     </span>
    </p>
   </div>
   <div class='ocr_carea' id='block_1_8' title="bbox 2182 618 3748 708">
    <p class='ocr_par' dir='ltr' id='par_1_8' title="bbox 2189 620 3748 708">
     <span class='ocr_line' id='line_1_8' title="bbox 2189 620 3748 708; baseline 0.013 -34"><span class='ocrx_word' id='word_1_39' title='bbox 2189 620 2231 691; x_wconf 75' lang='grc' dir='ltr'><em>ἢ</em></span> <span class='ocrx_word' id='word_1_40' title='bbox 2264 623 2579 691; x_wconf 74' lang='grc' dir='ltr'><strong>κανδήλας</strong></span> <span class='ocrx_word' id='word_1_41' title='bbox 2646 626 2754 681; x_wconf 88' lang='grc' dir='ltr'>τὸν</span> <span class='ocrx_word' id='word_1_42' title='bbox 2802 629 3020 697; x_wconf 75' lang='grc' dir='ltr'>μηδενὶ</span> <span class='ocrx_word' id='word_1_43' title='bbox 3067 631 3401 703; x_wconf 70' lang='grc' dir='ltr'><strong>ἐγκλήματι</strong></span> <span class='ocrx_word' id='word_1_44' title='bbox 3448 638 3748 708; x_wconf 79' lang='grc' dir='ltr'>γενόμενον</span> 
     </span>
    </p>
   </div>
   <div class='ocr_carea' id='block_1_9' title="bbox 510 711 1448 766">
    <p class='ocr_par' dir='ltr' id='par_1_9' title="bbox 510 711 1448 766">
     <span class='ocr_line' id='line_1_9' title="bbox 510 711 1448 766; baseline 0.002 -2"><span class='ocrx_word' id='word_1_45' title='bbox 510 711 840 765; x_wconf 80' lang='lat' dir='ltr'><strong>monachalis</strong></span> <span class='ocrx_word' id='word_1_46' title='bbox 865 712 1077 766; x_wconf 79' lang='lat' dir='ltr'><strong>habitus</strong></span> <span class='ocrx_word' id='word_1_47' title='bbox 1100 711 1448 766; x_wconf 70' lang='lat' dir='ltr'><strong>honestatem.</strong></span> 
     </span>
    </p>
   </div>
   <div class='ocr_carea' id='block_1_10' title="bbox 580 890 2088 965">
    <p class='ocr_par' dir='ltr' id='par_1_10' title="bbox 580 890 2088 965">
     <span class='ocr_line' id='line_1_10' title="bbox 580 890 2088 965; baseline 0.002 -21"><span class='ocrx_word' id='word_1_48' title='bbox 580 890 999 950; x_wconf 71' lang='lat' dir='ltr'><strong>lNTERPRET.</strong></span> <span class='ocrx_word' id='word_1_49' title='bbox 1029 893 1163 949; x_wconf 87' lang='lat' dir='ltr'><strong>Cum</strong></span> <span class='ocrx_word' id='word_1_50' title='bbox 1203 902 1394 950; x_wconf 84' lang='lat' dir='ltr'><strong>sancta</strong></span> <span class='ocrx_word' id='word_1_51' title='bbox 1424 892 1672 965; x_wconf 81' lang='lat' dir='ltr'><strong>synodus</strong></span> <span class='ocrx_word' id='word_1_52' title='bbox 1722 901 1875 948; x_wconf 83' lang='lat' dir='ltr'><strong>recte</strong></span> <span class='ocrx_word' id='word_1_53' title='bbox 1918 903 1974 948; x_wconf 85' lang='lat' dir='ltr'><strong>et</strong></span> <span class='ocrx_word' id='word_1_54' title='bbox 2004 892 2088 947; x_wconf 84' lang='lat' dir='ltr'><strong>di-</strong></span> 
     </span>
    </p>
   </div>
   <div class='ocr_carea' id='block_1_11' title="bbox 508 984 2084 1043">
    <p class='ocr_par' dir='ltr' id='par_1_11' title="bbox 508 984 2084 1043">
     <span class='ocr_line' id='line_1_11' title="bbox 508 984 2084 1043; baseline 0.001 -5"><span class='ocrx_word' id='word_1_55' title='bbox 508 985 761 1040; x_wconf 87' lang='lat' dir='ltr'><strong>vinorum</strong></span> <span class='ocrx_word' id='word_1_56' title='bbox 786 1000 1054 1040; x_wconf 89' lang='lat' dir='ltr'><strong>canonum</strong></span> <span class='ocrx_word' id='word_1_57' title='bbox 1083 984 1365 1040; x_wconf 86' lang='lat' dir='ltr'><strong>traditioni</strong></span> <span class='ocrx_word' id='word_1_58' title='bbox 1391 986 1783 1041; x_wconf 72' lang='lat' dir='ltr'><strong>convenienter</strong></span> <span class='ocrx_word' id='word_1_59' title='bbox 1804 986 1871 1043; x_wconf 89' lang='lat' dir='ltr'><strong>ad</strong></span> <span class='ocrx_word' id='word_1_60' title='bbox 1907 984 2084 1040; x_wconf 88' lang='lat' dir='ltr'><strong>inter-</strong></span> 
     </span>
    </p>
   </div>
   <div class='ocr_carea' id='block_1_12' title="bbox 508 1076 2086 1149">
    <p class='ocr_par' dir='ltr' id='par_1_12' title="bbox 508 1076 2086 1149">
     <span class='ocr_line' id='line_1_12' title="bbox 508 1076 2086 1149; baseline 0.001 -18"><span class='ocrx_word' id='word_1_61' title='bbox 508 1078 844 1145; x_wconf 79' lang='lat' dir='ltr'><strong>rogationem</strong></span> <span class='ocrx_word' id='word_1_62' title='bbox 876 1076 1240 1148; x_wconf 89' lang='lat' dir='ltr'><strong>responderit,</strong></span> <span class='ocrx_word' id='word_1_63' title='bbox 1257 1079 1512 1134; x_wconf 75' lang='lat' dir='ltr'><strong>dixerunt</strong></span> <span class='ocrx_word' id='word_1_64' title='bbox 1534 1078 1776 1147; x_wconf 84' lang='lat' dir='ltr'><strong>quidam,</strong></span> <span class='ocrx_word' id='word_1_65' title='bbox 1807 1079 1949 1149; x_wconf 86' lang='lat' dir='ltr'><strong>quod</strong></span> <span class='ocrx_word' id='word_1_66' title='bbox 1968 1093 2086 1133; x_wconf 81' lang='lat' dir='ltr'><strong>mo-</strong></span> 
     </span>
    </p>
   </div>
   <div class='ocr_carea' id='block_1_13' title="bbox 506 1166 2085 1237">
    <p class='ocr_par' dir='ltr' id='par_1_13' title="bbox 506 1166 2085 1237">
     <span class='ocr_line' id='line_1_13' title="bbox 506 1166 2085 1237; baseline 0.001 -16"><span class='ocrx_word' id='word_1_67' title='bbox 506 1166 711 1221; x_wconf 87' lang='lat' dir='ltr'><strong>nachos</strong></span> <span class='ocrx_word' id='word_1_68' title='bbox 753 1166 968 1236; x_wconf 86' lang='lat' dir='ltr'><strong>quidem</strong></span> <span class='ocrx_word' id='word_1_69' title='bbox 1023 1166 1114 1237; x_wconf 88' lang='lat' dir='ltr'><strong>qui</strong></span> <span class='ocrx_word' id='word_1_70' title='bbox 1176 1166 1401 1223; x_wconf 82' lang='lat' dir='ltr'><strong>lectoris</strong></span> <span class='ocrx_word' id='word_1_71' title='bbox 1436 1167 1812 1223; x_wconf 84' lang='lat' dir='ltr'><strong>characterem</strong></span> <span class='ocrx_word' id='word_1_72' title='bbox 1837 1183 1941 1222; x_wconf 92' lang='lat' dir='ltr'><strong>non</strong></span> <span class='ocrx_word' id='word_1_73' title='bbox 1991 1182 2085 1223; x_wconf 86' lang='lat' dir='ltr'><strong>ae-</strong></span> 
     </span>
    </p>
   </div>
   <div class='ocr_carea' id='block_1_14' title="bbox 506 1258 2088 1332">
    <p class='ocr_par' dir='ltr' id='par_1_14' title="bbox 506 1258 2088 1332">
     <span class='ocr_line' id='line_1_14' title="bbox 506 1258 2088 1332; baseline 0 -19"><span class='ocrx_word' id='word_1_74' title='bbox 506 1259 768 1327; x_wconf 85' lang='lat' dir='ltr'><strong>ceperint,</strong></span> <span class='ocrx_word' id='word_1_75' title='bbox 802 1260 857 1313; x_wconf 89' lang='lat' dir='ltr'><strong>in</strong></span> <span class='ocrx_word' id='word_1_76' title='bbox 889 1258 1118 1314; x_wconf 84' lang='lat' dir='ltr'><strong>amboue</strong></span> <span class='ocrx_word' id='word_1_77' title='bbox 1138 1273 1245 1315; x_wconf 87' lang='lat' dir='ltr'><strong>non</strong></span> <span class='ocrx_word' id='word_1_78' title='bbox 1269 1258 1470 1332; x_wconf 72' lang='lat' dir='ltr'><strong>legere,</strong></span> <span class='ocrx_word' id='word_1_79' title='bbox 1502 1259 1872 1315; x_wconf 80' lang='lat' dir='ltr'><strong>iudistinetum</strong></span> <span class='ocrx_word' id='word_1_80' title='bbox 1889 1267 1971 1315; x_wconf 83' lang='lat' dir='ltr'><strong>est</strong></span> <span class='ocrx_word' id='word_1_81' title='bbox 1995 1269 2088 1315; x_wconf 70' lang='grc' dir='ltr'><strong>ται</strong></span> 
     </span>
    </p>
   </div>
   <div class='ocr_carea' id='block_1_15' title="bbox 506 1347 2085 1416">
    <p class='ocr_par' dir='ltr' id='par_1_15' title="bbox 506 1347 2085 1416">
     <span class='ocr_line' id='line_1_15' title="bbox 506 1347 2085 1416; baseline 0.004 -17"><span class='ocrx_word' id='word_1_82' title='bbox 506 1356 683 1401; x_wconf 86' lang='lat' dir='ltr'><strong>autem</strong></span> <span class='ocrx_word' id='word_1_83' title='bbox 715 1348 941 1416; x_wconf 87' lang='lat' dir='ltr'><strong>quilibet</strong></span> <span class='ocrx_word' id='word_1_84' title='bbox 975 1347 1159 1402; x_wconf 75' lang='lat' dir='ltr'><strong>habitu</strong></span> <span class='ocrx_word' id='word_1_85' title='bbox 1195 1349 1519 1404; x_wconf 83' lang='lat' dir='ltr'><strong>monachico</strong></span> <span class='ocrx_word' id='word_1_86' title='bbox 1569 1349 1793 1405; x_wconf 82' lang='lat' dir='ltr'><strong>indutus</strong></span> <span class='ocrx_word' id='word_1_87' title='bbox 1825 1351 1892 1404; x_wconf 89' lang='lat' dir='ltr'><strong>ad</strong></span> <span class='ocrx_word' id='word_1_88' title='bbox 1916 1351 2085 1405; x_wconf 83' lang='lat' dir='ltr'><strong>altare</strong></span> 
     </span>
    </p>
   </div>
   <div class='ocr_carea' id='block_1_16' title="bbox 503 1439 2085 1511">
    <p class='ocr_par' dir='ltr' id='par_1_16' title="bbox 503 1439 2085 1511">
     <span class='ocr_line' id='line_1_16' title="bbox 503 1439 2085 1511; baseline 0.001 -19"><span class='ocrx_word' id='word_1_89' title='bbox 503 1439 746 1503; x_wconf 76' lang='lat' dir='ltr'><strong>accedat,</strong></span> <span class='ocrx_word' id='word_1_90' title='bbox 778 1454 887 1495; x_wconf 92' lang='lat' dir='ltr'><strong>non</strong></span> <span class='ocrx_word' id='word_1_91' title='bbox 912 1440 1225 1495; x_wconf 84' lang='lat' dir='ltr'><strong>indistincte</strong></span> <span class='ocrx_word' id='word_1_92' title='bbox 1246 1440 1564 1511; x_wconf 75' lang='lat' dir='ltr'><strong>accipietur.</strong></span> <span class='ocrx_word' id='word_1_93' title='bbox 1585 1441 1691 1496; x_wconf 85' lang='lat' dir='ltr'><strong>Sed</strong></span> <span class='ocrx_word' id='word_1_94' title='bbox 1716 1441 1970 1511; x_wconf 85' lang='lat' dir='ltr'><strong>quoniam</strong></span> <span class='ocrx_word' id='word_1_95' title='bbox 1992 1454 2085 1495; x_wconf 79' lang='lat' dir='ltr'><strong>ca-</strong></span> 
     </span>
    </p>
   </div>
   <div class='ocr_carea' id='block_1_17' title="bbox 506 1528 2083 1603">
    <p class='ocr_par' dir='ltr' id='par_1_17' title="bbox 506 1528 2083 1603">
     <span class='ocr_line' id='line_1_17' title="bbox 506 1528 2083 1603; baseline 0.003 -20"><span class='ocrx_word' id='word_1_96' title='bbox 506 1543 610 1583; x_wconf 91' lang='lat' dir='ltr'><strong>non</strong></span> <span class='ocrx_word' id='word_1_97' title='bbox 635 1528 704 1586; x_wconf 70' lang='grc'><strong>49</strong></span> <span class='ocrx_word' id='word_1_98' title='bbox 736 1547 856 1602; x_wconf 82' lang='lat' dir='ltr'><strong>syu.</strong></span> <span class='ocrx_word' id='word_1_99' title='bbox 887 1531 940 1585; x_wconf 90' lang='lat' dir='ltr'><strong>in</strong></span> <span class='ocrx_word' id='word_1_100' title='bbox 988 1531 1176 1587; x_wconf 87' lang='lat' dir='ltr'><strong>Trullo</strong></span> <span class='ocrx_word' id='word_1_101' title='bbox 1212 1533 1411 1588; x_wconf 82' lang='lat' dir='ltr'><strong>statuit</strong></span> <span class='ocrx_word' id='word_1_102' title='bbox 1447 1532 1616 1589; x_wconf 90' lang='lat' dir='ltr'><strong>laicos</strong></span> <span class='ocrx_word' id='word_1_103' title='bbox 1668 1548 1773 1587; x_wconf 92' lang='lat' dir='ltr'><strong>non</strong></span> <span class='ocrx_word' id='word_1_104' title='bbox 1824 1548 1982 1603; x_wconf 89' lang='lat' dir='ltr'><strong>posse</strong></span> <span class='ocrx_word' id='word_1_105' title='bbox 2015 1533 2083 1587; x_wconf 91' lang='lat' dir='ltr'><strong>ad</strong></span> 
     </span>
    </p>
   </div>
   <div class='ocr_carea' id='block_1_18' title="bbox 503 1622 2081 1694">
    <p class='ocr_par' dir='ltr' id='par_1_18' title="bbox 503 1622 2081 1694">
     <span class='ocr_line' id='line_1_18' title="bbox 503 1622 2081 1694; baseline -0.001 -17"><span class='ocrx_word' id='word_1_106' title='bbox 503 1632 754 1677; x_wconf 87' lang='lat' dir='ltr'><strong>sanctum</strong></span> <span class='ocrx_word' id='word_1_107' title='bbox 789 1622 962 1679; x_wconf 82' lang='lat' dir='ltr'><strong>altare</strong></span> <span class='ocrx_word' id='word_1_108' title='bbox 1005 1622 1310 1690; x_wconf 80' lang='lat' dir='ltr'><strong>accedere;</strong></span> <span class='ocrx_word' id='word_1_109' title='bbox 1361 1624 1408 1680; x_wconf 90' lang='lat' dir='ltr'><strong>si</strong></span> <span class='ocrx_word' id='word_1_110' title='bbox 1438 1624 1482 1679; x_wconf 92' lang='lat' dir='ltr'><strong>is</strong></span> <span class='ocrx_word' id='word_1_111' title='bbox 1510 1624 1727 1694; x_wconf 84' lang='lat' dir='ltr'><strong>quidem</strong></span> <span class='ocrx_word' id='word_1_112' title='bbox 1763 1625 1854 1694; x_wconf 89' lang='lat' dir='ltr'><strong>qui</strong></span> <span class='ocrx_word' id='word_1_113' title='bbox 1894 1638 2081 1678; x_wconf 85' lang='lat' dir='ltr'><strong>mona-</strong></span> 
     </span>
    </p>
   </div>
   <div class='ocr_carea' id='block_1_19' title="bbox 503 1714 2082 1785">
    <p class='ocr_par' dir='ltr' id='par_1_19' title="bbox 503 1714 2082 1785">
     <span class='ocr_line' id='line_1_19' title="bbox 503 1714 2082 1785; baseline -0.002 -15"><span class='ocrx_word' id='word_1_114' title='bbox 503 1714 649 1770; x_wconf 79' lang='lat' dir='ltr'><strong>chali</strong></span> <span class='ocrx_word' id='word_1_115' title='bbox 680 1714 865 1769; x_wconf 84' lang='lat' dir='ltr'><strong>habitu</strong></span> <span class='ocrx_word' id='word_1_116' title='bbox 899 1714 1152 1785; x_wconf 75' lang='lat' dir='ltr'><strong>dignatus</strong></span> <span class='ocrx_word' id='word_1_117' title='bbox 1185 1725 1291 1781; x_wconf 87' lang='lat' dir='ltr'><strong>est,</strong></span> <span class='ocrx_word' id='word_1_118' title='bbox 1322 1726 1601 1770; x_wconf 82' lang='lat' dir='ltr'><strong>tonsuram</strong></span> <span class='ocrx_word' id='word_1_119' title='bbox 1626 1715 1792 1771; x_wconf 83' lang='lat' dir='ltr'><strong>etiam</strong></span> <span class='ocrx_word' id='word_1_120' title='bbox 1818 1723 1903 1771; x_wconf 91' lang='lat' dir='ltr'><strong>est</strong></span> <span class='ocrx_word' id='word_1_121' title='bbox 1927 1728 2082 1769; x_wconf 83' lang='lat' dir='ltr'><strong>asse—</strong></span> 
     </span>
    </p>
   </div>
   <div class='ocr_carea' id='block_1_20' title="bbox 2189 714 3749 800">
    <p class='ocr_par' dir='ltr' id='par_1_20' title="bbox 2189 714 3749 800">
     <span class='ocr_line' id='line_1_20' title="bbox 2189 714 3749 800; baseline 0.013 -32"><span class='ocrx_word' id='word_1_122' title='bbox 2189 714 2438 785; x_wconf 73' lang='grc' dir='ltr'>ἐνοχονι</span> <span class='ocrx_word' id='word_1_123' title='bbox 2461 720 2575 771; x_wconf 80' lang='grc' dir='ltr'>οὐκ</span> <span class='ocrx_word' id='word_1_124' title='bbox 2604 720 2765 788; x_wconf 79' lang='grc' dir='ltr'>οἶμαι</span> <span class='ocrx_word' id='word_1_125' title='bbox 2793 721 2929 777; x_wconf 82' lang='grc' dir='ltr'><strong>δεῖν</strong></span> <span class='ocrx_word' id='word_1_126' title='bbox 2959 725 3306 795; x_wconf 72' lang='grc' dir='ltr'>κωλυθῆναι</span> <span class='ocrx_word' id='word_1_127' title='bbox 3355 728 3452 784; x_wconf 86' lang='grc' dir='ltr'>διὰ</span> <span class='ocrx_word' id='word_1_128' title='bbox 3503 730 3614 800; x_wconf 84' lang='grc' dir='ltr'>τὴν</span> <span class='ocrx_word' id='word_1_129' title='bbox 3656 733 3749 788; x_wconf 77' lang='grc' dir='ltr'>τοῦ</span> 
     </span>
    </p>
   </div>
   <div class='ocr_carea' id='block_1_21' title="bbox 2182 813 3329 885">
    <p class='ocr_par' dir='ltr' id='par_1_21' title="bbox 2182 813 3329 885">
     <span class='ocr_line' id='line_1_21' title="bbox 2182 813 3329 885; baseline 0.01 -23"><span class='ocrx_word' id='word_1_130' title='bbox 2182 813 2530 879; x_wconf 82' lang='grc' dir='ltr'>μοναχικοῦ</span> <span class='ocrx_word' id='word_1_131' title='bbox 2560 813 2880 882; x_wconf 80' lang='grc' dir='ltr'>σχήματος</span> <span class='ocrx_word' id='word_1_132' title='bbox 2917 819 3282 885; x_wconf 85' lang='grc' dir='ltr'>σεμνότητα.</span> <span class='ocrx_word' id='word_1_133' title='bbox 3326 838 3329 843; x_wconf 76' lang='grc'><em>’</em></span> 
     </span>
    </p>
   </div>
   <div class='ocr_carea' id='block_1_22' title="bbox 2269 903 3741 981">
    <p class='ocr_par' dir='ltr' id='par_1_22' title="bbox 2269 903 3741 981">
     <span class='ocr_line' id='line_1_22' title="bbox 2269 903 3741 981; baseline 0.007 -25"><span class='ocrx_word' id='word_1_134' title='bbox 2269 903 2539 959; x_wconf 85' lang='lat' dir='ltr'><strong>EPMHN.</strong></span> <span class='ocrx_word' id='word_1_135' title='bbox 2584 905 2783 969; x_wconf 77' lang='grc' dir='ltr'>Καλῶς</span> <span class='ocrx_word' id='word_1_136' title='bbox 2815 907 2908 960; x_wconf 82' lang='grc' dir='ltr'>καὶ</span> <span class='ocrx_word' id='word_1_137' title='bbox 2942 909 3087 961; x_wconf 75' lang='grc' dir='ltr'>κατὰ</span> <span class='ocrx_word' id='word_1_138' title='bbox 3112 909 3214 981; x_wconf 80' lang='grc' dir='ltr'>τὴν</span> <span class='ocrx_word' id='word_1_139' title='bbox 3245 909 3358 963; x_wconf 82' lang='grc' dir='ltr'><strong>τῶν</strong></span> <span class='ocrx_word' id='word_1_140' title='bbox 3388 911 3547 965; x_wconf 79' lang='grc' dir='ltr'>θείων</span> <span class='ocrx_word' id='word_1_141' title='bbox 3596 914 3741 968; x_wconf 74' lang='grc' dir='ltr'>κανό-</span> 
     </span>
    </p>
   </div>
   <div class='ocr_carea' id='block_1_23' title="bbox 2187 997 3747 1072">
    <p class='ocr_par' dir='ltr' id='par_1_23' title="bbox 2187 997 3747 1072">
     <span class='ocr_line' id='line_1_23' title="bbox 2187 997 3747 1072; baseline 0.004 -21"><span class='ocrx_word' id='word_1_142' title='bbox 2187 1012 2296 1051; x_wconf 84' lang='grc' dir='ltr'><strong>νων</strong></span> <span class='ocrx_word' id='word_1_143' title='bbox 2326 997 2627 1066; x_wconf 80' lang='grc' dir='ltr'><strong>παράδοσιν</strong></span> <span class='ocrx_word' id='word_1_144' title='bbox 2655 1000 3108 1071; x_wconf 75' lang='grc' dir='ltr'><strong>ἀποκριναμένης</strong></span> <span class='ocrx_word' id='word_1_145' title='bbox 3135 1002 3239 1072; x_wconf 79' lang='grc' dir='ltr'><strong>τῆς</strong></span> <span class='ocrx_word' id='word_1_146' title='bbox 3309 1003 3473 1072; x_wconf 76' lang='grc' dir='ltr'>ἁγίας</span> <span class='ocrx_word' id='word_1_147' title='bbox 3548 1004 3747 1058; x_wconf 79' lang='grc' dir='ltr'><strong>συνόδου</strong></span> 
     </span>
    </p>
   </div>
   <div class='ocr_carea' id='block_1_24' title="bbox 2192 1087 3750 1168">
    <p class='ocr_par' dir='ltr' id='par_1_24' title="bbox 2192 1087 3750 1168">
     <span class='ocr_line' id='line_1_24' title="bbox 2192 1087 3750 1168; baseline 0.007 -26"><span class='ocrx_word' id='word_1_148' title='bbox 2192 1090 2333 1159; x_wconf 84' lang='grc' dir='ltr'>πρὸς</span> <span class='ocrx_word' id='word_1_149' title='bbox 2366 1089 2467 1161; x_wconf 80' lang='grc' dir='ltr'><strong>τὴν</strong></span> <span class='ocrx_word' id='word_1_150' title='bbox 2492 1090 2785 1162; x_wconf 79' lang='grc' dir='ltr'><strong>ἐρώτησιν,</strong></span> <span class='ocrx_word' id='word_1_151' title='bbox 2817 1087 2972 1144; x_wconf 81' lang='grc' dir='ltr'>εἷπόν</span> <span class='ocrx_word' id='word_1_152' title='bbox 3007 1109 3152 1156; x_wconf 82' lang='grc' dir='ltr'>τινες</span> <span class='ocrx_word' id='word_1_153' title='bbox 3190 1094 3265 1157; x_wconf 83' lang='grc' dir='ltr'><strong>ὡς</strong></span> <span class='ocrx_word' id='word_1_154' title='bbox 3296 1097 3359 1148; x_wconf 63' lang='grc' dir='ltr'><strong>τὸ</strong></span> <span class='ocrx_word' id='word_1_155' title='bbox 3401 1096 3501 1167; x_wconf 75' lang='grc' dir='ltr'>μὲν</span> <span class='ocrx_word' id='word_1_156' title='bbox 3530 1098 3600 1168; x_wconf 76' lang='grc' dir='ltr'>μὴ</span> <span class='ocrx_word' id='word_1_157' title='bbox 3633 1100 3750 1153; x_wconf 82' lang='grc' dir='ltr'>ἀνα-</span> 
     </span>
    </p>
   </div>
   <div class='ocr_carea' id='block_1_25' title="bbox 2185 1179 3745 1257">
    <p class='ocr_par' dir='ltr' id='par_1_25' title="bbox 2185 1179 3745 1257">
     <span class='ocr_line' id='line_1_25' title="bbox 2185 1179 3745 1257; baseline 0.006 -23"><span class='ocrx_word' id='word_1_158' title='bbox 2185 1179 2475 1249; x_wconf 74' lang='grc' dir='ltr'><strong>γινώσκειν</strong></span> <span class='ocrx_word' id='word_1_159' title='bbox 2531 1181 2621 1236; x_wconf 75' lang='grc' dir='ltr'><strong>ἑπ’</strong></span> <span class='ocrx_word' id='word_1_160' title='bbox 2650 1182 2905 1254; x_wconf 77' lang='grc' dir='ltr'>ἄμϐωνας</span> <span class='ocrx_word' id='word_1_161' title='bbox 2940 1187 3068 1248; x_wconf 75' lang='grc' dir='ltr'>τοὺς</span> <span class='ocrx_word' id='word_1_162' title='bbox 3113 1185 3189 1257; x_wconf 80' lang='grc' dir='ltr'>μὴ</span> <span class='ocrx_word' id='word_1_163' title='bbox 3231 1187 3495 1252; x_wconf 77' lang='grc' dir='ltr'>λαϐόντας</span> <span class='ocrx_word' id='word_1_164' title='bbox 3525 1189 3745 1257; x_wconf 72' lang='grc' dir='ltr'>ἀναγνώ-</span> 
     </span>
    </p>
   </div>
   <div class='ocr_carea' id='block_1_26' title="bbox 2186 1272 3744 1345">
    <p class='ocr_par' dir='ltr' id='par_1_26' title="bbox 2186 1272 3744 1345">
     <span class='ocr_line' id='line_1_26' title="bbox 2186 1272 3744 1345; baseline 0.007 -23"><span class='ocrx_word' id='word_1_165' title='bbox 2186 1287 2314 1325; x_wconf 85' lang='grc' dir='ltr'><strong>στου</strong></span> <span class='ocrx_word' id='word_1_166' title='bbox 2348 1272 2625 1342; x_wconf 82' lang='grc' dir='ltr'>σφραγῖδα</span> <span class='ocrx_word' id='word_1_167' title='bbox 2651 1277 2922 1345; x_wconf 75' lang='grc' dir='ltr'>μοναχοὺς</span> <span class='ocrx_word' id='word_1_168' title='bbox 2949 1276 3298 1331; x_wconf 80' lang='grc' dir='ltr'>ἀδιάστικτόν</span> <span class='ocrx_word' id='word_1_169' title='bbox 3328 1280 3445 1332; x_wconf 74' lang='grc' dir='ltr'>ἐστι</span> <span class='ocrx_word' id='word_1_170' title='bbox 3466 1296 3481 1313; x_wconf 81' lang='grc' dir='ltr'><strong><em>ο</em></strong></span> <span class='ocrx_word' id='word_1_171' title='bbox 3517 1279 3583 1333; x_wconf 66' lang='grc' dir='ltr'><strong>τὸ</strong></span> <span class='ocrx_word' id='word_1_172' title='bbox 3595 1280 3647 1333; x_wconf 85' lang='grc' dir='ltr'>δὲ</span> <span class='ocrx_word' id='word_1_173' title='bbox 3668 1282 3744 1333; x_wconf 81' lang='grc' dir='ltr'><strong>ὲκ-</strong></span> 
     </span>
    </p>
   </div>
   <div class='ocr_carea' id='block_1_27' title="bbox 2183 1364 3743 1442">
    <p class='ocr_par' dir='ltr' id='par_1_27' title="bbox 2183 1364 3743 1442">
     <span class='ocr_line' id='line_1_27' title="bbox 2183 1364 3743 1442; baseline 0.007 -27"><span class='ocrx_word' id='word_1_174' title='bbox 2183 1364 2496 1435; x_wconf 82' lang='grc' dir='ltr'>χωρηθῆναι</span> <span class='ocrx_word' id='word_1_175' title='bbox 2523 1364 2699 1419; x_wconf 80' lang='grc' dir='ltr'>πάντα</span> <span class='ocrx_word' id='word_1_176' title='bbox 2730 1367 3203 1438; x_wconf 70' lang='grc' dir='ltr'>περιϐεϐλημένον</span> <span class='ocrx_word' id='word_1_177' title='bbox 3258 1370 3445 1439; x_wconf 78' lang='grc' dir='ltr'>σχῆμα</span> <span class='ocrx_word' id='word_1_178' title='bbox 3476 1371 3743 1442; x_wconf 81' lang='grc' dir='ltr'>μοναχιιιδν</span> 
     </span>
    </p>
   </div>
   <div class='ocr_carea' id='block_1_28' title="bbox 2182 1454 3745 1529">
    <p class='ocr_par' dir='ltr' id='par_1_28' title="bbox 2182 1454 3745 1529">
     <span class='ocr_line' id='line_1_28' title="bbox 2182 1454 3745 1529; baseline 0.004 -22"><span class='ocrx_word' id='word_1_179' title='bbox 2182 1454 2410 1508; x_wconf 77' lang='grc' dir='ltr'><strong>εἰσιέναι</strong></span> <span class='ocrx_word' id='word_1_180' title='bbox 2441 1455 2522 1520; x_wconf 76' lang='grc' dir='ltr'>εἰς</span> <span class='ocrx_word' id='word_1_181' title='bbox 2540 1455 2604 1508; x_wconf 81' lang='grc' dir='ltr'>τὸ</span> <span class='ocrx_word' id='word_1_182' title='bbox 2635 1455 3025 1529; x_wconf 83' lang='grc' dir='ltr'>Θυσιαστήριον</span> <span class='ocrx_word' id='word_1_183' title='bbox 3091 1460 3214 1515; x_wconf 74' lang='grc' dir='ltr'>οὐδὲ</span> <span class='ocrx_word' id='word_1_184' title='bbox 3263 1461 3621 1525; x_wconf 76' lang='grc' dir='ltr'>ἀδιαστίκτως</span> <span class='ocrx_word' id='word_1_185' title='bbox 3653 1479 3745 1515; x_wconf 83' lang='grc' dir='ltr'>πα-</span> 
     </span>
    </p>
   </div>
   <div class='ocr_carea' id='block_1_29' title="bbox 2184 1547 3744 1623">
    <p class='ocr_par' dir='ltr' id='par_1_29' title="bbox 2184 1547 3744 1623">
     <span class='ocr_line' id='line_1_29' title="bbox 2184 1547 3744 1623; baseline 0.003 -23"><span class='ocrx_word' id='word_1_186' title='bbox 2184 1547 2625 1618; x_wconf 74' lang='grc' dir='ltr'>ραληφθήσεται.</span> <span class='ocrx_word' id='word_1_187' title='bbox 2677 1549 2818 1603; x_wconf 83' lang='grc' dir='ltr'>Ἀλλ’</span> <span class='ocrx_word' id='word_1_188' title='bbox 2851 1552 3027 1605; x_wconf 79' lang='grc' dir='ltr'>ὲπεὶό</span> <span class='ocrx_word' id='word_1_189' title='bbox 3056 1550 3134 1618; x_wconf 79' lang='grc' dir='ltr'><strong>ξθ¹</strong></span> <span class='ocrx_word' id='word_1_190' title='bbox 3196 1553 3379 1607; x_wconf 83' lang='grc' dir='ltr'>κανὼν</span> <span class='ocrx_word' id='word_1_191' title='bbox 3435 1554 3533 1623; x_wconf 79' lang='grc' dir='ltr'>τῆς</span> <span class='ocrx_word' id='word_1_192' title='bbox 3585 1554 3638 1608; x_wconf 79' lang='grc' dir='ltr'>ἐν</span> <span class='ocrx_word' id='word_1_193' title='bbox 3679 1552 3744 1619; x_wconf 83' lang='grc' dir='ltr'>τῷ</span> 
     </span>
    </p>
   </div>
   <div class='ocr_carea' id='block_1_30' title="bbox 2182 1638 3744 1711">
    <p class='ocr_par' dir='ltr' id='par_1_30' title="bbox 2182 1638 3744 1711">
     <span class='ocr_line' id='line_1_30' title="bbox 2182 1638 3744 1711; baseline 0.001 -19"><span class='ocrx_word' id='word_1_194' title='bbox 2182 1638 2445 1709; x_wconf 80' lang='grc' dir='ltr'>Τρούλλφ</span> <span class='ocrx_word' id='word_1_195' title='bbox 2481 1639 2707 1693; x_wconf 80' lang='grc' dir='ltr'>συνόδου</span> <span class='ocrx_word' id='word_1_196' title='bbox 2739 1639 3041 1711; x_wconf 74' lang='grc' dir='ltr'><strong>διορίζεται</strong></span> <span class='ocrx_word' id='word_1_197' title='bbox 3074 1643 3279 1698; x_wconf 75' lang='grc' dir='ltr'><strong>ἄδαιτον</strong></span> <span class='ocrx_word' id='word_1_198' title='bbox 3311 1640 3452 1696; x_wconf 74' lang='grc' dir='ltr'>εἶναι</span> <span class='ocrx_word' id='word_1_199' title='bbox 3481 1645 3591 1706; x_wconf 78' lang='grc' dir='ltr'>τοῖς</span> <span class='ocrx_word' id='word_1_200' title='bbox 3646 1643 3744 1695; x_wconf 77' lang='grc' dir='ltr'>λαῖ-</span> 
     </span>
    </p>
   </div>
   <div class='ocr_carea' id='block_1_31' title="bbox 2184 1731 3747 1806">
    <p class='ocr_par' dir='ltr' id='par_1_31' title="bbox 2184 1731 3747 1806">
     <span class='ocr_line' id='line_1_31' title="bbox 2184 1731 3747 1806; baseline 0.003 -22"><span class='ocrx_word' id='word_1_201' title='bbox 2184 1736 2302 1795; x_wconf 82' lang='grc' dir='ltr'>κοῖς</span> <span class='ocrx_word' id='word_1_202' title='bbox 2328 1732 2389 1785; x_wconf 83' lang='grc' dir='ltr'>τὸ</span> <span class='ocrx_word' id='word_1_203' title='bbox 2443 1731 2602 1799; x_wconf 83' lang='grc' dir='ltr'>ἆγιον</span> <span class='ocrx_word' id='word_1_204' title='bbox 2630 1731 3051 1805; x_wconf 86' lang='grc' dir='ltr'>Θυσιαστήριον,</span> <span class='ocrx_word' id='word_1_205' title='bbox 3084 1737 3135 1788; x_wconf 83' lang='grc' dir='ltr'><strong>εί</strong></span> <span class='ocrx_word' id='word_1_206' title='bbox 3168 1737 3271 1806; x_wconf 71' lang='grc' dir='ltr'>μὲν</span> <span class='ocrx_word' id='word_1_207' title='bbox 3301 1739 3330 1790; x_wconf 81' lang='grc' dir='ltr'>ὁ</span> <span class='ocrx_word' id='word_1_208' title='bbox 3384 1736 3477 1789; x_wconf 85' lang='grc' dir='ltr'>τοῦ</span> <span class='ocrx_word' id='word_1_209' title='bbox 3545 1753 3747 1806; x_wconf 83' lang='grc' dir='ltr'>μοναχι-</span> 
     </span>
    </p>
   </div>
   <div class='ocr_carea' id='block_1_32' title="bbox 510 1797 2082 1900">
    <p class='ocr_par' dir='ltr' id='par_1_32' title="bbox 510 1805 2082 1878">
     <span class='ocr_line' id='line_1_32' title="bbox 510 1805 2082 1878; baseline 0.001 -18"><span class='ocrx_word' id='word_1_210' title='bbox 510 1817 684 1873; x_wconf 75' lang='lat' dir='ltr'><strong>cutus,</strong></span> <span class='ocrx_word' id='word_1_211' title='bbox 743 1807 811 1861; x_wconf 87' lang='lat' dir='ltr'><strong>ad</strong></span> <span class='ocrx_word' id='word_1_212' title='bbox 855 1817 1104 1860; x_wconf 82' lang='lat' dir='ltr'><strong>sanctum</strong></span> <span class='ocrx_word' id='word_1_213' title='bbox 1157 1805 1329 1861; x_wconf 85' lang='lat' dir='ltr'><strong>altare</strong></span> <span class='ocrx_word' id='word_1_214' title='bbox 1365 1812 1485 1862; x_wconf 81' lang='lat' dir='ltr'><strong>sine</strong></span> <span class='ocrx_word' id='word_1_215' title='bbox 1534 1806 1641 1861; x_wconf 90' lang='lat' dir='ltr'><strong>ullo</strong></span> <span class='ocrx_word' id='word_1_216' title='bbox 1694 1806 2082 1878; x_wconf 73' lang='lat' dir='ltr'><strong>impedimento</strong></span> 
     </span>
    </p>
   </div>
   <div class='ocr_carea' id='block_1_33' title="bbox 2182 1797 3745 1900">
    <p class='ocr_par' dir='ltr' id='par_1_33' title="bbox 2186 1797 3745 1900">
     <span class='ocr_line' id='line_1_33' title="bbox 2186 1797 3745 1900; baseline 0.002 -22"><span class='ocrx_word' id='word_1_217' title='bbox 2186 1824 2286 1878; x_wconf 78' lang='grc' dir='ltr'>κοῦ</span> <span class='ocrx_word' id='word_1_218' title='bbox 2320 1797 2604 1896; x_wconf 83' lang='grc' dir='ltr'>σχήματος</span> <span class='ocrx_word' id='word_1_219' title='bbox 2667 1797 3044 1891; x_wconf 27' lang='grc' dir='ltr'>καταξιωθεὶςν</span> <span class='ocrx_word' id='word_1_220' title='bbox 3082 1797 3181 1882; x_wconf 64' lang='grc' dir='ltr'><strong>καί</strong></span> <span class='ocrx_word' id='word_1_221' title='bbox 3228 1797 3595 1900; x_wconf 73' lang='grc' dir='ltr'>ἀποκάρσεως</span> 
     </span>
    </p>
   </div>
   <div class='ocr_carea' id='block_1_34' title="bbox 512 1899 2081 1969">
    <p class='ocr_par' dir='ltr' id='par_1_34' title="bbox 512 1899 2081 1969">
     <span class='ocr_line' id='line_1_34' title="bbox 512 1899 2081 1969; baseline 0.002 -17"><span class='ocrx_word' id='word_1_222' title='bbox 512 1899 761 1955; x_wconf 72' lang='grc' dir='ltr'>ιορειίεις</span> <span class='ocrx_word' id='word_1_223' title='bbox 797 1901 880 1955; x_wconf 90' lang='lat' dir='ltr'><strong>sin</strong></span> <span class='ocrx_word' id='word_1_224' title='bbox 921 1910 1142 1968; x_wconf 85' lang='lat' dir='ltr'><strong>propter</strong></span> <span class='ocrx_word' id='word_1_225' title='bbox 1180 1899 1559 1969; x_wconf 81' lang='lat' dir='ltr'><strong>probationem</strong></span> <span class='ocrx_word' id='word_1_226' title='bbox 1605 1899 1763 1969; x_wconf 78' lang='lat' dir='ltr'><strong>juxta</strong></span> <span class='ocrx_word' id='word_1_227' title='bbox 1820 1915 2081 1965; x_wconf 85' lang='lat' dir='ltr'><strong>canones,</strong></span> 
     </span>
    </p>
   </div>
   <div class='ocr_carea' id='block_1_35' title="bbox 510 1992 2082 2063">
    <p class='ocr_par' dir='ltr' id='par_1_35' title="bbox 510 1992 2082 2063">
     <span class='ocr_line' id='line_1_35' title="bbox 510 1992 2082 2063; baseline -0.001 -17"><span class='ocrx_word' id='word_1_228' title='bbox 510 1992 837 2047; x_wconf 75' lang='lat' dir='ltr'><strong>monasticas</strong></span> <span class='ocrx_word' id='word_1_229' title='bbox 865 1993 1104 2047; x_wconf 82' lang='lat' dir='ltr'><strong>induerit</strong></span> <span class='ocrx_word' id='word_1_230' title='bbox 1136 2003 1341 2058; x_wconf 83' lang='lat' dir='ltr'><strong>vestes,</strong></span> <span class='ocrx_word' id='word_1_231' title='bbox 1370 2008 1508 2063; x_wconf 86' lang='lat' dir='ltr'><strong>quas</strong></span> <span class='ocrx_word' id='word_1_232' title='bbox 1541 1995 1705 2048; x_wconf 84' lang='lat' dir='ltr'><strong>etiam</strong></span> <span class='ocrx_word' id='word_1_233' title='bbox 1730 1993 1877 2047; x_wconf 88' lang='lat' dir='ltr'><strong>inter</strong></span> <span class='ocrx_word' id='word_1_234' title='bbox 1911 1993 2082 2047; x_wconf 84' lang='lat' dir='ltr'><strong>trien-</strong></span> 
     </span>
    </p>
   </div>
   <div class='ocr_carea' id='block_1_36' title="bbox 509 2081 2085 2153">
    <p class='ocr_par' dir='ltr' id='par_1_36' title="bbox 509 2081 2085 2153">
     <span class='ocr_line' id='line_1_36' title="bbox 509 2081 2085 2153; baseline 0.001 -18"><span class='ocrx_word' id='word_1_235' title='bbox 509 2085 647 2138; x_wconf 87' lang='lat' dir='ltr'><strong>nium</strong></span> <span class='ocrx_word' id='word_1_236' title='bbox 668 2083 940 2152; x_wconf 79' lang='lat' dir='ltr'><strong>deponere</strong></span> <span class='ocrx_word' id='word_1_237' title='bbox 967 2083 1016 2138; x_wconf 89' lang='lat' dir='ltr'><strong>ei</strong></span> <span class='ocrx_word' id='word_1_238' title='bbox 1041 2082 1367 2153; x_wconf 83' lang='lat' dir='ltr'><strong>permissum</strong></span> <span class='ocrx_word' id='word_1_239' title='bbox 1397 2090 1507 2148; x_wconf 85' lang='lat' dir='ltr'><strong>est,</strong></span> <span class='ocrx_word' id='word_1_240' title='bbox 1530 2084 1595 2136; x_wconf 88' lang='lat' dir='ltr'><strong>ad</strong></span> <span class='ocrx_word' id='word_1_241' title='bbox 1622 2090 1875 2137; x_wconf 87' lang='lat' dir='ltr'><strong>sanctum</strong></span> <span class='ocrx_word' id='word_1_242' title='bbox 1908 2081 2085 2136; x_wconf 82' lang='lat' dir='ltr'><strong>altare</strong></span> 
     </span>
    </p>
   </div>
   <div class='ocr_carea' id='block_1_37' title="bbox 510 2172 2081 2245">
    <p class='ocr_par' dir='ltr' id='par_1_37' title="bbox 510 2172 2081 2245">
     <span class='ocr_line' id='line_1_37' title="bbox 510 2172 2081 2245; baseline -0.001 -16"><span class='ocrx_word' id='word_1_243' title='bbox 510 2189 603 2245; x_wconf 81' lang='lat' dir='ltr'><strong>pro</strong></span> <span class='ocrx_word' id='word_1_244' title='bbox 635 2174 738 2228; x_wconf 88' lang='lat' dir='ltr'><strong>ulla</strong></span> <span class='ocrx_word' id='word_1_245' title='bbox 767 2189 934 2229; x_wconf 84' lang='lat' dir='ltr'><strong>causa</strong></span> <span class='ocrx_word' id='word_1_246' title='bbox 976 2188 1084 2229; x_wconf 91' lang='lat' dir='ltr'><strong>non</strong></span> <span class='ocrx_word' id='word_1_247' title='bbox 1118 2174 1477 2244; x_wconf 76' lang='lat' dir='ltr'><strong>ingredietur,</strong></span> <span class='ocrx_word' id='word_1_248' title='bbox 1515 2183 1573 2229; x_wconf 89' lang='lat' dir='ltr'><strong>ut</strong></span> <span class='ocrx_word' id='word_1_249' title='bbox 1621 2174 1712 2243; x_wconf 90' lang='lat' dir='ltr'><strong>qui</strong></span> <span class='ocrx_word' id='word_1_250' title='bbox 1746 2172 1993 2228; x_wconf 87' lang='lat' dir='ltr'><strong>nondum</strong></span> <span class='ocrx_word' id='word_1_251' title='bbox 2028 2173 2081 2228; x_wconf 89' lang='lat' dir='ltr'><strong>itt</strong></span> 
     </span>
    </p>
   </div>
   <div class='ocr_carea' id='block_1_38' title="bbox 510 2266 2083 2332">
    <p class='ocr_par' dir='ltr' id='par_1_38' title="bbox 510 2266 2083 2332">
     <span class='ocr_line' id='line_1_38' title="bbox 510 2266 2083 2332; baseline 0.001 -13"><span class='ocrx_word' id='word_1_252' title='bbox 510 2268 896 2322; x_wconf 84' lang='lat' dir='ltr'><strong>monachorum</strong></span> <span class='ocrx_word' id='word_1_253' title='bbox 926 2269 1176 2322; x_wconf 85' lang='lat' dir='ltr'><strong>ordinem</strong></span> <span class='ocrx_word' id='word_1_254' title='bbox 1233 2268 1435 2323; x_wconf 86' lang='lat' dir='ltr'><strong>relatus</strong></span> <span class='ocrx_word' id='word_1_255' title='bbox 1467 2269 1559 2332; x_wconf 85' lang='lat' dir='ltr'><strong>sit,</strong></span> <span class='ocrx_word' id='word_1_256' title='bbox 1587 2267 1680 2320; x_wconf 88' lang='lat' dir='ltr'><strong>sed</strong></span> <span class='ocrx_word' id='word_1_257' title='bbox 1712 2266 1888 2320; x_wconf 82' lang='lat' dir='ltr'><strong>adhuc</strong></span> <span class='ocrx_word' id='word_1_258' title='bbox 1914 2266 2083 2321; x_wconf 83' lang='lat' dir='ltr'><strong>laicus</strong></span> 
     </span>
    </p>
   </div>
   <div class='ocr_carea' id='block_1_39' title="bbox 510 2357 2081 2427">
    <p class='ocr_par' dir='ltr' id='par_1_39' title="bbox 510 2357 2081 2427">
     <span class='ocr_line' id='line_1_39' title="bbox 510 2357 2081 2427; baseline -0.003 -13"><span class='ocrx_word' id='word_1_259' title='bbox 510 2369 607 2414; x_wconf 83' lang='lat' dir='ltr'><strong>est.</strong></span> <span class='ocrx_word' id='word_1_260' title='bbox 640 2357 966 2413; x_wconf 81' lang='lat' dir='ltr'><strong>Mibiautem</strong></span> <span class='ocrx_word' id='word_1_261' title='bbox 1003 2358 1219 2413; x_wconf 87' lang='lat' dir='ltr'><strong>videtur</strong></span> <span class='ocrx_word' id='word_1_262' title='bbox 1249 2374 1356 2413; x_wconf 92' lang='lat' dir='ltr'><strong>non</strong></span> <span class='ocrx_word' id='word_1_263' title='bbox 1408 2372 1567 2427; x_wconf 87' lang='lat' dir='ltr'><strong>posse</strong></span> <span class='ocrx_word' id='word_1_264' title='bbox 1618 2358 1952 2427; x_wconf 87' lang='lat' dir='ltr'><strong>quempiam,</strong></span> <span class='ocrx_word' id='word_1_265' title='bbox 1988 2357 2081 2425; x_wconf 86' lang='lat' dir='ltr'><strong>qui</strong></span> 
     </span>
    </p>
   </div>
   <div class='ocr_carea' id='block_1_40' title="bbox 510 2446 2078 2516">
    <p class='ocr_par' dir='ltr' id='par_1_40' title="bbox 510 2446 2078 2516">
     <span class='ocr_line' id='line_1_40' title="bbox 510 2446 2078 2516; baseline -0.003 -13"><span class='ocrx_word' id='word_1_266' title='bbox 510 2461 723 2505; x_wconf 60' lang='lat' dir='ltr'><strong>sﬂllCiﬂS</strong></span> <span class='ocrx_word' id='word_1_267' title='bbox 752 2460 930 2505; x_wconf 80' lang='lat' dir='ltr'><strong>vestes</strong></span> <span class='ocrx_word' id='word_1_268' title='bbox 968 2450 1075 2504; x_wconf 81' lang='lat' dir='ltr'><strong>ullo</strong></span> <span class='ocrx_word' id='word_1_269' title='bbox 1099 2450 1263 2504; x_wconf 89' lang='lat' dir='ltr'><strong>modo</strong></span> <span class='ocrx_word' id='word_1_270' title='bbox 1289 2450 1516 2503; x_wconf 85' lang='lat' dir='ltr'><strong>indutus</strong></span> <span class='ocrx_word' id='word_1_271' title='bbox 1544 2456 1650 2514; x_wconf 91' lang='lat' dir='ltr'><strong>est,</strong></span> <span class='ocrx_word' id='word_1_272' title='bbox 1688 2463 1785 2504; x_wconf 84' lang='lat' dir='ltr'><strong>eas</strong></span> <span class='ocrx_word' id='word_1_273' title='bbox 1816 2446 2078 2516; x_wconf 79' lang='lat' dir='ltr'><strong>abjit&#39;ere,</strong></span> 
     </span>
    </p>
   </div>
   <div class='ocr_carea' id='block_1_41' title="bbox 508 2539 2083 2597">
    <p class='ocr_par' dir='ltr' id='par_1_41' title="bbox 508 2539 2083 2597">
     <span class='ocr_line' id='line_1_41' title="bbox 508 2539 2083 2597; baseline -0.001 -2"><span class='ocrx_word' id='word_1_274' title='bbox 508 2554 555 2595; x_wconf 64' lang='grc' dir='ltr'><strong>ει</strong></span> <span class='ocrx_word' id='word_1_275' title='bbox 595 2543 826 2597; x_wconf 78' lang='lat' dir='ltr'><strong>ludibrio</strong></span> <span class='ocrx_word' id='word_1_276' title='bbox 854 2556 950 2597; x_wconf 81' lang='lat' dir='ltr'><strong>eas</strong></span> <span class='ocrx_word' id='word_1_277' title='bbox 1014 2544 1237 2597; x_wconf 82' lang='lat' dir='ltr'><strong>habere.</strong></span> <span class='ocrx_word' id='word_1_278' title='bbox 1276 2539 1395 2595; x_wconf 87' lang='lat' dir='ltr'><strong>Non</strong></span> <span class='ocrx_word' id='word_1_279' title='bbox 1447 2541 1592 2596; x_wconf 86' lang='lat' dir='ltr'><strong>enim</strong></span> <span class='ocrx_word' id='word_1_280' title='bbox 1644 2540 1958 2596; x_wconf 82' lang='lat' dir='ltr'><strong>debetcum</strong></span> <span class='ocrx_word' id='word_1_281' title='bbox 1990 2554 2083 2595; x_wconf 84' lang='lat' dir='ltr'><strong>ve-</strong></span> 
     </span>
    </p>
   </div>
   <div class='ocr_carea' id='block_1_42' title="bbox 508 2631 2083 2703">
    <p class='ocr_par' dir='ltr' id='par_1_42' title="bbox 508 2631 2083 2703">
     <span class='ocr_line' id='line_1_42' title="bbox 508 2631 2083 2703; baseline -0.002 -16"><span class='ocrx_word' id='word_1_282' title='bbox 508 2632 681 2687; x_wconf 79' lang='lat' dir='ltr'><strong>stibus</strong></span> <span class='ocrx_word' id='word_1_283' title='bbox 713 2633 1032 2688; x_wconf 86' lang='lat' dir='ltr'><strong>monasticis</strong></span> <span class='ocrx_word' id='word_1_284' title='bbox 1065 2633 1305 2703; x_wconf 91' lang='lat' dir='ltr'><strong>probari,</strong></span> <span class='ocrx_word' id='word_1_285' title='bbox 1349 2631 1445 2687; x_wconf 80' lang='lat' dir='ltr'><strong>sed</strong></span> <span class='ocrx_word' id='word_1_286' title='bbox 1467 2646 1593 2687; x_wconf 84' lang='lat' dir='ltr'><strong>cum</strong></span> <span class='ocrx_word' id='word_1_287' title='bbox 1622 2633 1804 2687; x_wconf 87' lang='lat' dir='ltr'><strong>habitu</strong></span> <span class='ocrx_word' id='word_1_288' title='bbox 1842 2631 2003 2695; x_wconf 85' lang='lat' dir='ltr'><strong>laico,</strong></span> <span class='ocrx_word' id='word_1_289' title='bbox 2029 2641 2083 2684; x_wconf 91' lang='lat' dir='ltr'><strong>et</strong></span> 
     </span>
    </p>
   </div>
   <div class='ocr_carea' id='block_1_43' title="bbox 507 2724 2084 2795">
    <p class='ocr_par' dir='ltr' id='par_1_43' title="bbox 507 2724 2084 2795">
     <span class='ocr_line' id='line_1_43' title="bbox 507 2724 2084 2795; baseline 0.001 -17"><span class='ocrx_word' id='word_1_290' title='bbox 507 2726 630 2779; x_wconf 81' lang='lat' dir='ltr'><strong>ideo</strong></span> <span class='ocrx_word' id='word_1_291' title='bbox 668 2726 922 2780; x_wconf 86' lang='lat' dir='ltr'><strong>omnibus</strong></span> <span class='ocrx_word' id='word_1_292' title='bbox 978 2724 1075 2795; x_wconf 87' lang='lat' dir='ltr'><strong>qui</strong></span> <span class='ocrx_word' id='word_1_293' title='bbox 1132 2738 1292 2780; x_wconf 87' lang='lat' dir='ltr'><strong>sacra</strong></span> <span class='ocrx_word' id='word_1_294' title='bbox 1334 2733 1488 2779; x_wconf 89' lang='lat' dir='ltr'><strong>veste</strong></span> <span class='ocrx_word' id='word_1_295' title='bbox 1544 2725 1717 2779; x_wconf 88' lang='lat' dir='ltr'><strong>induti</strong></span> <span class='ocrx_word' id='word_1_296' title='bbox 1779 2735 1933 2791; x_wconf 88' lang='lat' dir='ltr'><strong>sunt,</strong></span> <span class='ocrx_word' id='word_1_297' title='bbox 1979 2724 2084 2779; x_wconf 86' lang='lat' dir='ltr'><strong>erit</strong></span> 
     </span>
    </p>
   </div>
   <div class='ocr_carea' id='block_1_44' title="bbox 508 2814 2078 2884">
    <p class='ocr_par' dir='ltr' id='par_1_44' title="bbox 508 2814 2078 2884">
     <span class='ocr_line' id='line_1_44' title="bbox 508 2814 2078 2884; baseline 0.001 -17"><span class='ocrx_word' id='word_1_298' title='bbox 508 2814 704 2884; x_wconf 71' lang='lat' dir='ltr'><strong>absque</strong></span> <span class='ocrx_word' id='word_1_299' title='bbox 738 2814 849 2869; x_wconf 88' lang='lat' dir='ltr'><strong>ullo</strong></span> <span class='ocrx_word' id='word_1_300' title='bbox 892 2815 1209 2884; x_wconf 68' lang='lat' dir='ltr'><strong>prmjudicio</strong></span> <span class='ocrx_word' id='word_1_301' title='bbox 1238 2816 1420 2869; x_wconf 84' lang='lat' dir='ltr'><strong>aditus</strong></span> <span class='ocrx_word' id='word_1_302' title='bbox 1451 2814 1520 2869; x_wconf 87' lang='lat' dir='ltr'><strong>ad</strong></span> <span class='ocrx_word' id='word_1_303' title='bbox 1588 2826 1841 2870; x_wconf 85' lang='lat' dir='ltr'><strong>sanctum</strong></span> <span class='ocrx_word' id='word_1_304' title='bbox 1886 2814 2078 2877; x_wconf 70' lang='lat' dir='ltr'><strong>altare,</strong></span> 
     </span>
    </p>
   </div>
   <div class='ocr_carea' id='block_1_45' title="bbox 506 2906 2079 2977">
    <p class='ocr_par' dir='ltr' id='par_1_45' title="bbox 506 2906 2079 2977">
     <span class='ocr_line' id='line_1_45' title="bbox 506 2906 2079 2977; baseline 0 -16"><span class='ocrx_word' id='word_1_305' title='bbox 506 2917 565 2961; x_wconf 85' lang='lat' dir='ltr'><strong>ut</strong></span> <span class='ocrx_word' id='word_1_306' title='bbox 634 2907 727 2976; x_wconf 87' lang='lat' dir='ltr'><strong>qui</strong></span> <span class='ocrx_word' id='word_1_307' title='bbox 774 2907 827 2961; x_wconf 90' lang='lat' dir='ltr'><strong>in</strong></span> <span class='ocrx_word' id='word_1_308' title='bbox 882 2906 1144 2960; x_wconf 86' lang='lat' dir='ltr'><strong>laicorttm</strong></span> <span class='ocrx_word' id='word_1_309' title='bbox 1208 2906 1389 2961; x_wconf 88' lang='lat' dir='ltr'><strong>locum</strong></span> <span class='ocrx_word' id='word_1_310' title='bbox 1450 2909 1638 2963; x_wconf 84' lang='lat' dir='ltr'><strong>venire</strong></span> <span class='ocrx_word' id='word_1_311' title='bbox 1691 2921 1799 2971; x_wconf 74' lang='lat' dir='ltr'><strong>non</strong></span> <span class='ocrx_word' id='word_1_312' title='bbox 1847 2911 2079 2977; x_wconf 76' lang='lat' dir='ltr'><strong>possint.</strong></span> 
     </span>
    </p>
   </div>
   <div class='ocr_carea' id='block_1_46' title="bbox 505 2998 2071 3069">
    <p class='ocr_par' dir='ltr' id='par_1_46' title="bbox 505 2998 2071 3069">
     <span class='ocr_line' id='line_1_46' title="bbox 505 2998 2071 3069; baseline 0.001 -16"><span class='ocrx_word' id='word_1_313' title='bbox 505 2999 643 3069; x_wconf 78' lang='lat' dir='ltr'><strong>Lege</strong></span> <span class='ocrx_word' id='word_1_314' title='bbox 670 2999 834 3054; x_wconf 85' lang='lat' dir='ltr'><strong>etiam</strong></span> <span class='ocrx_word' id='word_1_315' title='bbox 869 3013 988 3069; x_wconf 62' lang='lat' dir='ltr'><strong>quae</strong></span> <span class='ocrx_word' id='word_1_316' title='bbox 1036 3014 1067 3053; x_wconf 87' lang='lat' dir='ltr'><strong>a</strong></span> <span class='ocrx_word' id='word_1_317' title='bbox 1105 2998 1260 3054; x_wconf 85' lang='lat' dir='ltr'><strong>nobis</strong></span> <span class='ocrx_word' id='word_1_318' title='bbox 1300 2999 1504 3069; x_wconf 85' lang='lat' dir='ltr'><strong>scripta</strong></span> <span class='ocrx_word' id='word_1_319' title='bbox 1548 3009 1677 3055; x_wconf 91' lang='lat' dir='ltr'><strong>sunt</strong></span> <span class='ocrx_word' id='word_1_320' title='bbox 1745 3000 1800 3053; x_wconf 91' lang='lat' dir='ltr'><strong>in</strong></span> <span class='ocrx_word' id='word_1_321' title='bbox 1840 3015 1963 3054; x_wconf 79' lang='lat' dir='ltr'><strong>cun.</strong></span> <span class='ocrx_word' id='word_1_322' title='bbox 2006 2999 2071 3055; x_wconf 81' lang='lat' dir='ltr'><strong>i5</strong></span> 
     </span>
    </p>
   </div>
   <div class='ocr_carea' id='block_1_47' title="bbox 504 3089 779 3160">
    <p class='ocr_par' dir='ltr' id='par_1_47' title="bbox 504 3089 779 3160">
     <span class='ocr_line' id='line_1_47' title="bbox 504 3089 779 3160; baseline 0.004 -19"><span class='ocrx_word' id='word_1_323' title='bbox 504 3105 622 3160; x_wconf 77' lang='lat' dir='ltr'><strong>syn.</strong></span> <span class='ocrx_word' id='word_1_324' title='bbox 653 3089 704 3142; x_wconf 89' lang='lat'><strong>7.</strong></span> <span class='ocrx_word' id='word_1_325' title='bbox 775 3138 779 3142; x_wconf 74' lang='grc'><strong>,</strong></span> 
     </span>
    </p>
   </div>
   <div class='ocr_carea' id='block_1_48' title="bbox 962 3269 1616 3328">
    <p class='ocr_par' dir='ltr' id='par_1_48' title="bbox 962 3269 1616 3328">
     <span class='ocr_line' id='line_1_48' title="bbox 962 3269 1616 3328; baseline -0.002 -1"><span class='ocrx_word' id='word_1_326' title='bbox 962 3269 1492 3328; x_wconf 76' lang='lat' dir='ltr'><strong>iNTERROGATiO</strong></span> <span class='ocrx_word' id='word_1_327' title='bbox 1550 3270 1616 3326; x_wconf 91' lang='lat' dir='ltr'><strong>Il.</strong></span> 
     </span>
    </p>
   </div>
   <div class='ocr_carea' id='block_1_49' title="bbox 574 3363 2073 3438">
    <p class='ocr_par' dir='ltr' id='par_1_49' title="bbox 574 3363 2073 3438">
     <span class='ocr_line' id='line_1_49' title="bbox 574 3363 2073 3438; baseline 0.005 -21"><span class='ocrx_word' id='word_1_328' title='bbox 574 3363 784 3419; x_wconf 84' lang='lat' dir='ltr'><strong>Annon</strong></span> <span class='ocrx_word' id='word_1_329' title='bbox 811 3375 1045 3434; x_wconf 78' lang='lat' dir='ltr'><strong>oporteat</strong></span> <span class='ocrx_word' id='word_1_330' title='bbox 1080 3367 1133 3418; x_wconf 88' lang='lat' dir='ltr'><strong>in</strong></span> <span class='ocrx_word' id='word_1_331' title='bbox 1180 3363 1413 3420; x_wconf 87' lang='lat' dir='ltr'><strong>Sabbato</strong></span> <span class='ocrx_word' id='word_1_332' title='bbox 1468 3380 1602 3435; x_wconf 86' lang='lat' dir='ltr'><strong>genu</strong></span> <span class='ocrx_word' id='word_1_333' title='bbox 1652 3366 1888 3438; x_wconf 77' lang='lat' dir='ltr'><strong>ﬂectere,</strong></span> <span class='ocrx_word' id='word_1_334' title='bbox 1936 3370 2073 3425; x_wconf 76' lang='lat' dir='ltr'><strong>sicut</strong></span> 
     </span>
    </p>
   </div>
   <div class='ocr_carea' id='block_1_50' title="bbox 504 3456 1522 3523">
    <p class='ocr_par' dir='ltr' id='par_1_50' title="bbox 504 3456 1522 3523">
     <span class='ocr_line' id='line_1_50' title="bbox 504 3456 1522 3523; baseline 0.001 -11"><span class='ocrx_word' id='word_1_335' title='bbox 504 3473 597 3512; x_wconf 87' lang='lat' dir='ltr'><strong>nec</strong></span> <span class='ocrx_word' id='word_1_336' title='bbox 622 3460 676 3511; x_wconf 86' lang='lat' dir='ltr'><strong>in</strong></span> <span class='ocrx_word' id='word_1_337' title='bbox 714 3456 1009 3523; x_wconf 84' lang='lat' dir='ltr'><strong>Dominico,</strong></span> <span class='ocrx_word' id='word_1_338' title='bbox 1054 3456 1132 3515; x_wconf 70' lang='lat' dir='ltr'><strong>vel</strong></span> <span class='ocrx_word' id='word_1_339' title='bbox 1169 3456 1522 3513; x_wconf 74' lang='lat' dir='ltr'><strong>Pentecoste?</strong></span> 
     </span>
    </p>
   </div>
   <div class='ocr_carea' id='block_1_51' title="bbox 474 3547 2079 3624">
    <p class='ocr_par' dir='ltr' id='par_1_51' title="bbox 474 3547 2079 3624">
     <span class='ocr_line' id='line_1_51' title="bbox 474 3547 2079 3624; baseline 0.005 -23"><span class='ocrx_word' id='word_1_340' title='bbox 474 3610 475 3613; x_wconf 25' lang='grc' dir='ltr'><strong>η</strong></span> <span class='ocrx_word' id='word_1_341' title='bbox 572 3547 788 3605; x_wconf 82' lang='lat' dir='ltr'><strong><em>RESP.</em></strong></span> <span class='ocrx_word' id='word_1_342' title='bbox 840 3550 885 3604; x_wconf 85' lang='lat' dir='ltr'><strong><em>A</em></strong></span> <span class='ocrx_word' id='word_1_343' title='bbox 945 3566 1144 3605; x_wconf 85' lang='lat' dir='ltr'><strong>canone</strong></span> <span class='ocrx_word' id='word_1_344' title='bbox 1202 3552 1411 3621; x_wconf 77' lang='lat' dir='ltr'><strong>quidem</strong></span> <span class='ocrx_word' id='word_1_345' title='bbox 1460 3570 1564 3610; x_wconf 86' lang='lat' dir='ltr'><strong>non</strong></span> <span class='ocrx_word' id='word_1_346' title='bbox 1609 3555 1928 3624; x_wconf 79' lang='lat' dir='ltr'><strong>prohibitum</strong></span> <span class='ocrx_word' id='word_1_347' title='bbox 1978 3564 2079 3610; x_wconf 74' lang='lat' dir='ltr'><strong>est.</strong></span> 
     </span>
    </p>
   </div>
   <div class='ocr_carea' id='block_1_52' title="bbox 505 3639 2078 3719">
    <p class='ocr_par' dir='ltr' id='par_1_52' title="bbox 505 3639 2078 3719">
     <span class='ocr_line' id='line_1_52' title="bbox 505 3639 2078 3719; baseline 0.004 -25"><span class='ocrx_word' id='word_1_348' title='bbox 505 3639 664 3694; x_wconf 75' lang='lat' dir='ltr'><strong>Hulti</strong></span> <span class='ocrx_word' id='word_1_349' title='bbox 686 3651 860 3693; x_wconf 72' lang='lat' dir='ltr'><strong>aufem</strong></span> <span class='ocrx_word' id='word_1_350' title='bbox 885 3642 1011 3710; x_wconf 86' lang='lat' dir='ltr'><strong>quia</strong></span> <span class='ocrx_word' id='word_1_351' title='bbox 1033 3641 1297 3710; x_wconf 83' lang='lat' dir='ltr'><strong>jejunium</strong></span> <span class='ocrx_word' id='word_1_352' title='bbox 1331 3645 1385 3699; x_wconf 88' lang='lat' dir='ltr'><strong>in</strong></span> <span class='ocrx_word' id='word_1_353' title='bbox 1409 3643 1642 3701; x_wconf 77' lang='lat' dir='ltr'><strong>Sabbato</strong></span> <span class='ocrx_word' id='word_1_354' title='bbox 1667 3662 1769 3702; x_wconf 85' lang='lat' dir='ltr'><strong>non</strong></span> <span class='ocrx_word' id='word_1_355' title='bbox 1804 3654 2078 3719; x_wconf 80' lang='lat' dir='ltr'><strong>sequatur,</strong></span> 
     </span>
    </p>
   </div>
   <div class='ocr_carea' id='block_1_53' title="bbox 504 3729 1029 3799">
    <p class='ocr_par' dir='ltr' id='par_1_53' title="bbox 504 3729 1029 3799">
     <span class='ocr_line' id='line_1_53' title="bbox 504 3729 1029 3799; baseline 0.004 -17"><span class='ocrx_word' id='word_1_356' title='bbox 504 3744 595 3783; x_wconf 83' lang='lat' dir='ltr'><strong>nec</strong></span> <span class='ocrx_word' id='word_1_357' title='bbox 631 3744 764 3799; x_wconf 86' lang='lat' dir='ltr'><strong>genu</strong></span> <span class='ocrx_word' id='word_1_358' title='bbox 793 3729 1029 3799; x_wconf 85' lang='lat' dir='ltr'><strong>ﬂectunt.</strong></span> 
     </span>
    </p>
   </div>
   <div class='ocr_carea' id='block_1_54' title="bbox 576 3818 2080 3898">
    <p class='ocr_par' dir='ltr' id='par_1_54' title="bbox 576 3818 2080 3898">
     <span class='ocr_line' id='line_1_54' title="bbox 576 3818 2080 3898; baseline 0.006 -24"><span class='ocrx_word' id='word_1_359' title='bbox 576 3818 995 3879; x_wconf 80' lang='lat' dir='ltr'><strong>INTERPRET.</strong></span> <span class='ocrx_word' id='word_1_360' title='bbox 1038 3822 1355 3880; x_wconf 79' lang='lat' dir='ltr'><strong>Veneranda</strong></span> <span class='ocrx_word' id='word_1_361' title='bbox 1377 3828 1665 3898; x_wconf 89' lang='lat' dir='ltr'><strong>responsio</strong></span> <span class='ocrx_word' id='word_1_362' title='bbox 1712 3827 1913 3883; x_wconf 87' lang='lat' dir='ltr'><strong>multas</strong></span> <span class='ocrx_word' id='word_1_363' title='bbox 1954 3829 2080 3884; x_wconf 74' lang='grc' dir='ltr'>ιιι-ο-</span> 
     </span>
    </p>
   </div>
   <div class='ocr_carea' id='block_1_55' title="bbox 502 3913 2081 3993">
    <p class='ocr_par' dir='ltr' id='par_1_55' title="bbox 502 3913 2081 3993">
     <span class='ocr_line' id='line_1_55' title="bbox 502 3913 2081 3993; baseline 0.006 -25"><span class='ocrx_word' id='word_1_364' title='bbox 502 3913 644 3969; x_wconf 86' lang='lat' dir='ltr'><strong>viter</strong></span> <span class='ocrx_word' id='word_1_365' title='bbox 690 3918 1151 3973; x_wconf 80' lang='lat' dir='ltr'><strong>contradictiones</strong></span> <span class='ocrx_word' id='word_1_366' title='bbox 1210 3919 1482 3976; x_wconf 77' lang='lat' dir='ltr'><strong>dissolvit.</strong></span> <span class='ocrx_word' id='word_1_367' title='bbox 1538 3919 1686 3976; x_wconf 78' lang='lat' dir='ltr'><strong>Dixit</strong></span> <span class='ocrx_word' id='word_1_368' title='bbox 1735 3921 1880 3977; x_wconf 90' lang='lat' dir='ltr'><strong>enim</strong></span> <span class='ocrx_word' id='word_1_369' title='bbox 1937 3922 2081 3993; x_wconf 87' lang='lat' dir='ltr'><strong>quod</strong></span> 
     </span>
    </p>
   </div>
   <div class='ocr_carea' id='block_1_56' title="bbox 502 4005 2081 4083">
    <p class='ocr_par' dir='ltr' id='par_1_56' title="bbox 502 4005 2081 4083">
     <span class='ocr_line' id='line_1_56' title="bbox 502 4005 2081 4083; baseline 0.006 -26"><span class='ocrx_word' id='word_1_370' title='bbox 502 4005 756 4074; x_wconf 87' lang='lat' dir='ltr'><strong>quoniam</strong></span> <span class='ocrx_word' id='word_1_371' title='bbox 795 4021 825 4061; x_wconf 88' lang='lat' dir='ltr'><strong>a</strong></span> <span class='ocrx_word' id='word_1_372' title='bbox 863 4007 1066 4062; x_wconf 87' lang='lat' dir='ltr'><strong>sanctis</strong></span> <span class='ocrx_word' id='word_1_373' title='bbox 1100 4009 1352 4064; x_wconf 80' lang='lat' dir='ltr'><strong>Patribus</strong></span> <span class='ocrx_word' id='word_1_374' title='bbox 1379 4026 1484 4065; x_wconf 92' lang='lat' dir='ltr'><strong>nou</strong></span> <span class='ocrx_word' id='word_1_375' title='bbox 1509 4019 1593 4066; x_wconf 78' lang='lat' dir='ltr'><strong>est</strong></span> <span class='ocrx_word' id='word_1_376' title='bbox 1641 4025 1902 4081; x_wconf 77' lang='lat' dir='ltr'><strong>expresse</strong></span> <span class='ocrx_word' id='word_1_377' title='bbox 1951 4026 2081 4083; x_wconf 83' lang='lat' dir='ltr'><strong>pro-</strong></span> 
     </span>
    </p>
   </div>
   <div class='ocr_carea' id='block_1_57' title="bbox 504 4095 2083 4172">
    <p class='ocr_par' dir='ltr' id='par_1_57' title="bbox 504 4095 2083 4172">
     <span class='ocr_line' id='line_1_57' title="bbox 504 4095 2083 4172; baseline 0.006 -23"><span class='ocrx_word' id='word_1_378' title='bbox 504 4095 734 4151; x_wconf 83' lang='lat' dir='ltr'><strong>hibitum</strong></span> <span class='ocrx_word' id='word_1_379' title='bbox 766 4096 821 4151; x_wconf 91' lang='lat' dir='ltr'><strong>in</strong></span> <span class='ocrx_word' id='word_1_380' title='bbox 867 4097 1104 4154; x_wconf 84' lang='lat' dir='ltr'><strong>Sabbato</strong></span> <span class='ocrx_word' id='word_1_381' title='bbox 1129 4114 1266 4169; x_wconf 82' lang='lat' dir='ltr'><strong>genu</strong></span> <span class='ocrx_word' id='word_1_382' title='bbox 1300 4100 1517 4155; x_wconf 82' lang='lat' dir='ltr'><strong>ﬂectere</strong></span> <span class='ocrx_word' id='word_1_383' title='bbox 1554 4102 1696 4156; x_wconf 87' lang='lat' dir='ltr'><strong>sicut</strong></span> <span class='ocrx_word' id='word_1_384' title='bbox 1725 4111 1809 4158; x_wconf 86' lang='lat' dir='ltr'><strong>est</strong></span> <span class='ocrx_word' id='word_1_385' title='bbox 1831 4102 2083 4172; x_wconf 87' lang='lat' dir='ltr'><strong>jejunare</strong></span> 
     </span>
    </p>
   </div>
   <div class='ocr_carea' id='block_1_58' title="bbox 504 4187 2083 4263">
    <p class='ocr_par' dir='ltr' id='par_1_58' title="bbox 504 4187 2083 4263">
     <span class='ocr_line' id='line_1_58' title="bbox 504 4187 2083 4263; baseline 0.009 -28"><span class='ocrx_word' id='word_1_386' title='bbox 504 4187 855 4254; x_wconf 78' lang='lat' dir='ltr'><strong>prohibitum,</strong></span> <span class='ocrx_word' id='word_1_387' title='bbox 909 4190 999 4259; x_wconf 88' lang='lat' dir='ltr'><strong>qui</strong></span> <span class='ocrx_word' id='word_1_388' title='bbox 1048 4203 1185 4258; x_wconf 75' lang='lat' dir='ltr'><strong>genu</strong></span> <span class='ocrx_word' id='word_1_389' title='bbox 1239 4190 1406 4247; x_wconf 83' lang='lat' dir='ltr'><strong>ﬂectit</strong></span> <span class='ocrx_word' id='word_1_390' title='bbox 1455 4209 1563 4249; x_wconf 88' lang='lat' dir='ltr'><strong>non</strong></span> <span class='ocrx_word' id='word_1_391' title='bbox 1619 4194 1959 4263; x_wconf 85' lang='lat' dir='ltr'><strong>reputabitur</strong></span> <span class='ocrx_word' id='word_1_392' title='bbox 1986 4194 2083 4250; x_wconf 90' lang='lat' dir='ltr'><strong>ad-</strong></span> 
     </span>
    </p>
   </div>
   <div class='ocr_carea' id='block_1_59' title="bbox 503 4279 2084 4357">
    <p class='ocr_par' dir='ltr' id='par_1_59' title="bbox 503 4279 2084 4357">
     <span class='ocr_line' id='line_1_59' title="bbox 503 4279 2084 4357; baseline 0.008 -28"><span class='ocrx_word' id='word_1_393' title='bbox 503 4280 709 4331; x_wconf 86' lang='lat' dir='ltr'><strong>versari</strong></span> <span class='ocrx_word' id='word_1_394' title='bbox 740 4279 1134 4337; x_wconf 73' lang='lat' dir='ltr'><strong>ecclesiasticis</strong></span> <span class='ocrx_word' id='word_1_395' title='bbox 1159 4283 1562 4350; x_wconf 83' lang='lat' dir='ltr'><strong>traditionibus,</strong></span> <span class='ocrx_word' id='word_1_396' title='bbox 1587 4294 1641 4341; x_wconf 86' lang='lat' dir='ltr'><strong>et</strong></span> <span class='ocrx_word' id='word_1_397' title='bbox 1661 4287 1832 4342; x_wconf 82' lang='lat' dir='ltr'><strong>multo</strong></span> <span class='ocrx_word' id='word_1_398' title='bbox 1849 4287 2020 4357; x_wconf 77' lang='lat' dir='ltr'><strong>magis</strong></span> <span class='ocrx_word' id='word_1_399' title='bbox 2037 4286 2084 4343; x_wconf 79' lang='lat' dir='ltr'><strong>si</strong></span> 
     </span>
    </p>
   </div>
   <div class='ocr_carea' id='block_1_60' title="bbox 2186 1917 3749 1991">
    <p class='ocr_par' dir='ltr' id='par_1_60' title="bbox 2186 1917 3749 1991">
     <span class='ocr_line' id='line_1_60' title="bbox 2186 1917 3749 1991; baseline 0.003 -21"><span class='ocrx_word' id='word_1_400' title='bbox 2186 1934 2308 1987; x_wconf 87' lang='grc' dir='ltr'>χεν,</span> <span class='ocrx_word' id='word_1_401' title='bbox 2341 1917 2639 1982; x_wconf 81' lang='grc' dir='ltr'><strong>ἀκωλύτως</strong></span> <span class='ocrx_word' id='word_1_402' title='bbox 2669 1918 3041 1975; x_wconf 82' lang='grc' dir='ltr'>εἰσελεύσεται</span> <span class='ocrx_word' id='word_1_403' title='bbox 3072 1923 3154 1985; x_wconf 78' lang='grc' dir='ltr'>εἰς</span> <span class='ocrx_word' id='word_1_404' title='bbox 3177 1922 3243 1976; x_wconf 83' lang='grc' dir='ltr'>τὸ</span> <span class='ocrx_word' id='word_1_405' title='bbox 3269 1921 3429 1991; x_wconf 67' lang='grc' dir='ltr'>ἅγιον</span> <span class='ocrx_word' id='word_1_406' title='bbox 3482 1922 3749 1990; x_wconf 73' lang='grc' dir='ltr'>θυσιαστή-</span> 
     </span>
    </p>
   </div>
   <div class='ocr_carea' id='block_1_61' title="bbox 2189 2010 3748 2083">
    <p class='ocr_par' dir='ltr' id='par_1_61' title="bbox 2189 2010 3748 2083">
     <span class='ocr_line' id='line_1_61' title="bbox 2189 2010 3748 2083; baseline 0.001 -19"><span class='ocrx_word' id='word_1_407' title='bbox 2189 2026 2307 2081; x_wconf 90' lang='grc' dir='ltr'>ριον</span> <span class='ocrx_word' id='word_1_408' title='bbox 2336 2026 2349 2041; x_wconf 83' lang='grc'><em>’</em></span> <span class='ocrx_word' id='word_1_409' title='bbox 2385 2011 2433 2063; x_wconf 83' lang='grc' dir='ltr'><strong>εί</strong></span> <span class='ocrx_word' id='word_1_410' title='bbox 2463 2010 2522 2065; x_wconf 80' lang='grc' dir='ltr'>δὲ</span> <span class='ocrx_word' id='word_1_411' title='bbox 2552 2012 2644 2065; x_wconf 81' lang='grc' dir='ltr'>διὰ</span> <span class='ocrx_word' id='word_1_412' title='bbox 2685 2011 3020 2083; x_wconf 75' lang='grc' dir='ltr'>δοκιμασίαν</span> <span class='ocrx_word' id='word_1_413' title='bbox 3072 2014 3218 2068; x_wconf 74' lang='grc' dir='ltr'>κατὰ</span> <span class='ocrx_word' id='word_1_414' title='bbox 3251 2017 3382 2079; x_wconf 80' lang='grc' dir='ltr'>τοὺς</span> <span class='ocrx_word' id='word_1_415' title='bbox 3439 2016 3660 2077; x_wconf 81' lang='grc' dir='ltr'>κανόνας</span> <span class='ocrx_word' id='word_1_416' title='bbox 3689 2015 3748 2066; x_wconf 73' lang='grc' dir='ltr'><strong>τὰ</strong></span> 
     </span>
    </p>
   </div>
   <div class='ocr_carea' id='block_1_62' title="bbox 2190 2101 3749 2172">
    <p class='ocr_par' dir='ltr' id='par_1_62' title="bbox 2190 2101 3749 2172">
     <span class='ocr_line' id='line_1_62' title="bbox 2190 2101 3749 2172; baseline 0.001 -17"><span class='ocrx_word' id='word_1_417' title='bbox 2190 2102 2467 2172; x_wconf 71' lang='grc' dir='ltr'>μοναχικὰ</span> <span class='ocrx_word' id='word_1_418' title='bbox 2528 2101 2845 2170; x_wconf 78' lang='grc' dir='ltr'>ἐνεδύσατο,</span> <span class='ocrx_word' id='word_1_419' title='bbox 2934 2103 2975 2157; x_wconf 71' lang='grc' dir='ltr'><strong>ἃ</strong></span> <span class='ocrx_word' id='word_1_420' title='bbox 3038 2103 3135 2157; x_wconf 78' lang='grc' dir='ltr'>καὶ</span> <span class='ocrx_word' id='word_1_421' title='bbox 3209 2106 3568 2161; x_wconf 82' lang='grc' dir='ltr'>ἀποτίθεσθαι</span> <span class='ocrx_word' id='word_1_422' title='bbox 3618 2107 3749 2166; x_wconf 72' lang='grc' dir='ltr'>ἐντὸς</span> 
     </span>
    </p>
   </div>
   <div class='ocr_carea' id='block_1_63' title="bbox 2189 2193 3742 2267">
    <p class='ocr_par' dir='ltr' id='par_1_63' title="bbox 2189 2193 3742 2267">
     <span class='ocr_line' id='line_1_63' title="bbox 2189 2193 3742 2267; baseline 0.001 -20"><span class='ocrx_word' id='word_1_423' title='bbox 2189 2195 2438 2264; x_wconf 86' lang='grc' dir='ltr'>τριετίας</span> <span class='ocrx_word' id='word_1_424' title='bbox 2471 2193 2815 2267; x_wconf 78' lang='grc' dir='ltr'>ὲξεχωρήθη,</span> <span class='ocrx_word' id='word_1_425' title='bbox 2848 2196 2953 2248; x_wconf 83' lang='grc' dir='ltr'>οὐκ</span> <span class='ocrx_word' id='word_1_426' title='bbox 2978 2196 3358 2253; x_wconf 75' lang='grc' dir='ltr'><strong>εἰσελεύσεται</strong></span> <span class='ocrx_word' id='word_1_427' title='bbox 3388 2202 3470 2262; x_wconf 79' lang='grc' dir='ltr'><strong>είς</strong></span> <span class='ocrx_word' id='word_1_428' title='bbox 3519 2199 3576 2252; x_wconf 82' lang='grc' dir='ltr'>τὸ</span> <span class='ocrx_word' id='word_1_429' title='bbox 3604 2196 3742 2261; x_wconf 74' lang='grc' dir='ltr'>ἅγιον</span> 
     </span>
    </p>
   </div>
   <div class='ocr_carea' id='block_1_64' title="bbox 2192 2284 3748 2359">
    <p class='ocr_par' dir='ltr' id='par_1_64' title="bbox 2192 2284 3748 2359">
     <span class='ocr_line' id='line_1_64' title="bbox 2192 2284 3748 2359; baseline 0.001 -22"><span class='ocrx_word' id='word_1_430' title='bbox 2192 2284 2590 2356; x_wconf 79' lang='grc' dir='ltr'>θυσιαστήριον</span> <span class='ocrx_word' id='word_1_431' title='bbox 2620 2288 2794 2358; x_wconf 75' lang='grc' dir='ltr'>χωρὶς</span> <span class='ocrx_word' id='word_1_432' title='bbox 2820 2287 3147 2358; x_wconf 73' lang='grc' dir='ltr'>οἱασδήπσιε</span> <span class='ocrx_word' id='word_1_433' title='bbox 3172 2288 3512 2356; x_wconf 78' lang='grc' dir='ltr'>ὑποθέσεως,</span> <span class='ocrx_word' id='word_1_434' title='bbox 3527 2290 3599 2354; x_wconf 80' lang='grc' dir='ltr'><strong>ὡς</strong></span> <span class='ocrx_word' id='word_1_435' title='bbox 3629 2288 3748 2359; x_wconf 69' lang='grc' dir='ltr'>μηδι</span> 
     </span>
    </p>
   </div>
   <div class='ocr_carea' id='block_1_65' title="bbox 2187 2376 3751 2452">
    <p class='ocr_par' dir='ltr' id='par_1_65' title="bbox 2187 2376 3751 2452">
     <span class='ocr_line' id='line_1_65' title="bbox 2187 2376 3751 2452; baseline -0.006 -24"><span class='ocrx_word' id='word_1_436' title='bbox 2187 2377 2330 2446; x_wconf 79' lang='grc' dir='ltr'>μετὰ</span> <span class='ocrx_word' id='word_1_437' title='bbox 2353 2376 2463 2432; x_wconf 84' lang='grc' dir='ltr'><strong>τῶν</strong></span> <span class='ocrx_word' id='word_1_438' title='bbox 2500 2378 2757 2449; x_wconf 80' lang='grc' dir='ltr'>μοναχῶν</span> <span class='ocrx_word' id='word_1_439' title='bbox 2782 2381 3243 2452; x_wconf 80' lang='grc' dir='ltr'>συνταττόμενος,</span> <span class='ocrx_word' id='word_1_440' title='bbox 3301 2382 3419 2436; x_wconf 84' lang='grc' dir='ltr'>ἀλλ’</span> <span class='ocrx_word' id='word_1_441' title='bbox 3446 2384 3524 2435; x_wconf 73' lang='grc' dir='ltr'>ἔτι</span> <span class='ocrx_word' id='word_1_442' title='bbox 3553 2380 3622 2434; x_wconf 77' lang='grc' dir='ltr'>ὢν</span> <span class='ocrx_word' id='word_1_443' title='bbox 3652 2381 3751 2433; x_wconf 81' lang='grc' dir='ltr'><strong>λαῖ.</strong></span> 
     </span>
    </p>
   </div>
   <div class='ocr_carea' id='block_1_66' title="bbox 2185 2464 3779 2546">
    <p class='ocr_par' dir='ltr' id='par_1_66' title="bbox 2185 2464 3779 2546">
     <span class='ocr_line' id='line_1_66' title="bbox 2185 2464 3779 2546; baseline 0.004 -28"><span class='ocrx_word' id='word_1_444' title='bbox 2185 2468 2303 2529; x_wconf 83' lang='grc' dir='ltr'>κός.</span> <span class='ocrx_word' id='word_1_445' title='bbox 2355 2468 2512 2538; x_wconf 74' lang='grc' dir='ltr'>Ἐμοὶ</span> <span class='ocrx_word' id='word_1_446' title='bbox 2541 2469 2598 2523; x_wconf 74' lang='grc' dir='ltr'>δὲ</span> <span class='ocrx_word' id='word_1_447' title='bbox 2625 2470 2778 2523; x_wconf 86' lang='grc' dir='ltr'>δοκεῖ</span> <span class='ocrx_word' id='word_1_448' title='bbox 2799 2470 2884 2525; x_wconf 86' lang='grc' dir='ltr'>ὅτι</span> <span class='ocrx_word' id='word_1_449' title='bbox 2919 2472 2981 2525; x_wconf 81' lang='grc' dir='ltr'>οὐ</span> <span class='ocrx_word' id='word_1_450' title='bbox 3006 2473 3233 2527; x_wconf 85' lang='grc' dir='ltr'>δύναταί</span> <span class='ocrx_word' id='word_1_451' title='bbox 3275 2491 3360 2539; x_wconf 84' lang='grc' dir='ltr'><strong>τις</strong></span> <span class='ocrx_word' id='word_1_452' title='bbox 3409 2476 3478 2529; x_wconf 79' lang='grc' dir='ltr'>τὰ</span> <span class='ocrx_word' id='word_1_453' title='bbox 3507 2464 3779 2546; x_wconf 49' lang='grc' dir='ltr'>μοναχικν</span> 
     </span>
    </p>
   </div>
   <div class='ocr_carea' id='block_1_67' title="bbox 2184 2564 3750 2642">
    <p class='ocr_par' dir='ltr' id='par_1_67' title="bbox 2184 2564 3750 2642">
     <span class='ocr_line' id='line_1_67' title="bbox 2184 2564 3750 2642; baseline 0.003 -25"><span class='ocrx_word' id='word_1_454' title='bbox 2184 2564 2539 2634; x_wconf 69' lang='grc' dir='ltr'>ὁπωσδήποτε</span> <span class='ocrx_word' id='word_1_455' title='bbox 2570 2566 3037 2639; x_wconf 73' lang='grc' dir='ltr'>περιϐαλλόμενος</span> <span class='ocrx_word' id='word_1_456' title='bbox 3084 2569 3272 2640; x_wconf 58' lang='grc' dir='ltr'>ἄμφω</span> <span class='ocrx_word' id='word_1_457' title='bbox 3325 2571 3482 2642; x_wconf 73' lang='grc' dir='ltr'>ῥίψαι</span> <span class='ocrx_word' id='word_1_458' title='bbox 3534 2573 3623 2624; x_wconf 84' lang='grc' dir='ltr'>καὶ</span> <span class='ocrx_word' id='word_1_459' title='bbox 3651 2570 3750 2623; x_wconf 77' lang='grc' dir='ltr'>δια-</span> 
     </span>
    </p>
   </div>
   <div class='ocr_carea' id='block_1_68' title="bbox 2187 2657 3747 2734">
    <p class='ocr_par' dir='ltr' id='par_1_68' title="bbox 2187 2657 3747 2734">
     <span class='ocr_line' id='line_1_68' title="bbox 2187 2657 3747 2734; baseline 0.001 -24"><span class='ocrx_word' id='word_1_460' title='bbox 2187 2657 2382 2722; x_wconf 81' lang='grc' dir='ltr'>παῖξαι</span> <span class='ocrx_word' id='word_1_461' title='bbox 2412 2658 2572 2712; x_wconf 82' lang='grc' dir='ltr'>αὐτά.</span> <span class='ocrx_word' id='word_1_462' title='bbox 2602 2660 2677 2711; x_wconf 75' lang='grc' dir='ltr'><strong>Οὐ</strong></span> <span class='ocrx_word' id='word_1_463' title='bbox 2706 2659 2817 2731; x_wconf 85' lang='grc' dir='ltr'>γὰρ</span> <span class='ocrx_word' id='word_1_464' title='bbox 2843 2661 2982 2729; x_wconf 82' lang='grc' dir='ltr'>μετᾶ</span> <span class='ocrx_word' id='word_1_465' title='bbox 3010 2663 3333 2732; x_wconf 79' lang='grc' dir='ltr'>μοναχικῶν</span> <span class='ocrx_word' id='word_1_466' title='bbox 3366 2664 3581 2734; x_wconf 82' lang='grc' dir='ltr'>ἀμφίων</span> <span class='ocrx_word' id='word_1_467' title='bbox 3611 2663 3747 2730; x_wconf 62' lang='lat' dir='ltr'><strong>busi-</strong></span> 
     </span>
    </p>
   </div>
   <div class='ocr_carea' id='block_1_69' title="bbox 2186 2748 3747 2824">
    <p class='ocr_par' dir='ltr' id='par_1_69' title="bbox 2186 2748 3747 2824">
     <span class='ocr_line' id='line_1_69' title="bbox 2186 2748 3747 2824; baseline 0.003 -24"><span class='ocrx_word' id='word_1_468' title='bbox 2186 2748 2269 2802; x_wconf 77' lang='grc' dir='ltr'><strong>λει</strong></span> <span class='ocrx_word' id='word_1_469' title='bbox 2302 2749 2726 2819; x_wconf 82' lang='grc' dir='ltr'>δοκιμάζεσθαι,</span> <span class='ocrx_word' id='word_1_470' title='bbox 2760 2752 2898 2805; x_wconf 80' lang='grc' dir='ltr'>ἀλλὰ</span> <span class='ocrx_word' id='word_1_471' title='bbox 2927 2755 3069 2823; x_wconf 85' lang='grc' dir='ltr'>μετὰ</span> <span class='ocrx_word' id='word_1_472' title='bbox 3124 2756 3414 2824; x_wconf 77' lang='grc' dir='ltr'>σχήματος</span> <span class='ocrx_word' id='word_1_473' title='bbox 3443 2754 3625 2809; x_wconf 79' lang='grc' dir='ltr'>λαῖκοῦ</span> <span class='ocrx_word' id='word_1_474' title='bbox 3651 2753 3747 2806; x_wconf 75' lang='grc' dir='ltr'>’διὸ</span> 
     </span>
    </p>
   </div>
   <div class='ocr_carea' id='block_1_70' title="bbox 2186 2843 3747 2918">
    <p class='ocr_par' dir='ltr' id='par_1_70' title="bbox 2186 2843 3747 2918">
     <span class='ocr_line' id='line_1_70' title="bbox 2186 2843 3747 2918; baseline 0.004 -26"><span class='ocrx_word' id='word_1_475' title='bbox 2186 2844 2280 2894; x_wconf 77' lang='grc' dir='ltr'>καὶ</span> <span class='ocrx_word' id='word_1_476' title='bbox 2309 2843 2442 2895; x_wconf 76' lang='grc' dir='ltr'>πᾶσι</span> <span class='ocrx_word' id='word_1_477' title='bbox 2473 2846 2590 2906; x_wconf 82' lang='grc' dir='ltr'>τοῖς</span> <span class='ocrx_word' id='word_1_478' title='bbox 2611 2843 2671 2895; x_wconf 78' lang='grc' dir='ltr'><strong>τδ</strong></span> <span class='ocrx_word' id='word_1_479' title='bbox 2732 2844 2879 2913; x_wconf 70' lang='grc' dir='ltr'>ἱερὸν</span> <span class='ocrx_word' id='word_1_480' title='bbox 2942 2846 3132 2914; x_wconf 78' lang='grc' dir='ltr'>σχῆμα</span> <span class='ocrx_word' id='word_1_481' title='bbox 3178 2847 3582 2918; x_wconf 68' lang='grc' dir='ltr'>ὴμφιεσμένοις</span> <span class='ocrx_word' id='word_1_482' title='bbox 3634 2848 3747 2900; x_wconf 83' lang='grc' dir='ltr'>ἀπο-</span> 
     </span>
    </p>
   </div>
   <div class='ocr_carea' id='block_1_71' title="bbox 2189 2931 3745 3010">
    <p class='ocr_par' dir='ltr' id='par_1_71' title="bbox 2189 2931 3745 3010">
     <span class='ocr_line' id='line_1_71' title="bbox 2189 2931 3745 3010; baseline 0.003 -26"><span class='ocrx_word' id='word_1_483' title='bbox 2189 2931 2555 3001; x_wconf 83' lang='grc' dir='ltr'>κριμάτιστος</span> <span class='ocrx_word' id='word_1_484' title='bbox 2601 2932 2813 3003; x_wconf 80' lang='grc' dir='ltr'>ἔσταιὴ</span> <span class='ocrx_word' id='word_1_485' title='bbox 2837 2936 2917 2998; x_wconf 81' lang='grc' dir='ltr'>εις</span> <span class='ocrx_word' id='word_1_486' title='bbox 2948 2935 3006 2989; x_wconf 86' lang='grc' dir='ltr'>τὸ</span> <span class='ocrx_word' id='word_1_487' title='bbox 3036 2936 3193 3005; x_wconf 82' lang='grc' dir='ltr'>ἆγιον</span> <span class='ocrx_word' id='word_1_488' title='bbox 3230 2938 3619 3010; x_wconf 85' lang='grc' dir='ltr'>θυσιαστήριον</span> <span class='ocrx_word' id='word_1_489' title='bbox 3646 2938 3745 2989; x_wconf 70' lang='grc' dir='ltr'>εἱσ-</span> 
     </span>
    </p>
   </div>
   <div class='ocr_carea' id='block_1_72' title="bbox 2186 3023 3743 3098">
    <p class='ocr_par' dir='ltr' id='par_1_72' title="bbox 2186 3023 3743 3098">
     <span class='ocr_line' id='line_1_72' title="bbox 2186 3023 3743 3098; baseline 0.003 -24"><span class='ocrx_word' id='word_1_490' title='bbox 2186 3023 2416 3084; x_wconf 72' lang='grc' dir='ltr'>έλευσις.</span> <span class='ocrx_word' id='word_1_491' title='bbox 2449 3024 2524 3087; x_wconf 83' lang='grc' dir='ltr'>ὼς</span> <span class='ocrx_word' id='word_1_492' title='bbox 2560 3026 2697 3095; x_wconf 78' lang='grc' dir='ltr'>μηδὲ</span> <span class='ocrx_word' id='word_1_493' title='bbox 2738 3026 3061 3098; x_wconf 77' lang='grc' dir='ltr'>δυναμένοις</span> <span class='ocrx_word' id='word_1_494' title='bbox 3102 3029 3184 3092; x_wconf 75' lang='grc' dir='ltr'>είς</span> <span class='ocrx_word' id='word_1_495' title='bbox 3219 3031 3394 3086; x_wconf 84' lang='grc' dir='ltr'>τόπον</span> <span class='ocrx_word' id='word_1_496' title='bbox 3431 3031 3601 3085; x_wconf 72' lang='grc' dir='ltr'>ἐλθεῖν</span> <span class='ocrx_word' id='word_1_497' title='bbox 3639 3028 3743 3080; x_wconf 84' lang='grc' dir='ltr'>λαῖ-</span> 
     </span>
    </p>
   </div>
   <div class='ocr_carea' id='block_1_73' title="bbox 2111 3114 3745 3195">
    <p class='ocr_par' dir='ltr' id='par_1_73' title="bbox 2111 3114 3745 3195">
     <span class='ocr_line' id='line_1_73' title="bbox 2111 3114 3745 3195; baseline 0.009 -29"><span class='ocrx_word' id='word_1_498' title='bbox 2111 3129 2153 3185; x_wconf 76' lang='lat' dir='ltr'>c</span> <span class='ocrx_word' id='word_1_499' title='bbox 2189 3114 2307 3167; x_wconf 79' lang='grc' dir='ltr'>κοῦ.</span> <span class='ocrx_word' id='word_1_500' title='bbox 2351 3115 2652 3183; x_wconf 82' lang='grc' dir='ltr'>Ἀνάγνωθι</span> <span class='ocrx_word' id='word_1_501' title='bbox 2702 3121 2798 3172; x_wconf 74' lang='grc' dir='ltr'>καὶ</span> <span class='ocrx_word' id='word_1_502' title='bbox 2836 3124 2907 3174; x_wconf 73' lang='grc' dir='ltr'>τὰ</span> <span class='ocrx_word' id='word_1_503' title='bbox 2955 3121 3090 3192; x_wconf 82' lang='grc' dir='ltr'>παρ’</span> <span class='ocrx_word' id='word_1_504' title='bbox 3154 3122 3323 3194; x_wconf 76' lang='grc' dir='ltr'>ἡμῶν</span> <span class='ocrx_word' id='word_1_505' title='bbox 3373 3122 3639 3195; x_wconf 74' lang='grc' dir='ltr'>γραφέντα</span> <span class='ocrx_word' id='word_1_506' title='bbox 3676 3120 3745 3181; x_wconf 74' lang='grc' dir='ltr'><strong>είς</strong></span> 
     </span>
    </p>
   </div>
   <div class='ocr_carea' id='block_1_74' title="bbox 2186 3208 3118 3282">
    <p class='ocr_par' dir='ltr' id='par_1_74' title="bbox 2186 3208 3118 3282">
     <span class='ocr_line' id='line_1_74' title="bbox 2186 3208 3118 3282; baseline 0.008 -21"><span class='ocrx_word' id='word_1_507' title='bbox 2186 3209 2279 3261; x_wconf 78' lang='grc' dir='ltr'>τὸν</span> <span class='ocrx_word' id='word_1_508' title='bbox 2312 3208 2380 3260; x_wconf 77' lang='lat' dir='ltr'><strong>t6&#39;</strong></span> <span class='ocrx_word' id='word_1_509' title='bbox 2426 3211 2634 3264; x_wconf 81' lang='grc' dir='ltr'>κανόνα</span> <span class='ocrx_word' id='word_1_510' title='bbox 2657 3213 2761 3282; x_wconf 83' lang='grc' dir='ltr'>τῆς</span> <span class='ocrx_word' id='word_1_511' title='bbox 2787 3211 2833 3275; x_wconf 75' lang='grc' dir='ltr'><strong>ζ’</strong></span> <span class='ocrx_word' id='word_1_512' title='bbox 2869 3214 3118 3269; x_wconf 85' lang='grc' dir='ltr'>συνόδου.</span> 
     </span>
    </p>
   </div>
   <div class='ocr_carea' id='block_1_75' title="bbox 2756 3303 3207 3364">
    <p class='ocr_par' dir='ltr' id='par_1_75' title="bbox 2756 3303 3207 3364">
     <span class='ocr_line' id='line_1_75' title="bbox 2756 3303 3207 3364; baseline 0.018 -8"><span class='ocrx_word' id='word_1_513' title='bbox 2756 3303 3094 3361; x_wconf 80' lang='grc' dir='ltr'><strong>ΕΡΩΤΗΣΙΣ</strong></span> <span class='ocrx_word' id='word_1_514' title='bbox 3127 3304 3207 3364; x_wconf 86' lang='lat' dir='ltr'><strong>B&#39;.</strong></span> 
     </span>
    </p>
   </div>
   <div class='ocr_carea' id='block_1_76' title="bbox 2252 3395 3745 3471">
    <p class='ocr_par' dir='ltr' id='par_1_76' title="bbox 2252 3395 3745 3471">
     <span class='ocr_line' id='line_1_76' title="bbox 2252 3395 3745 3471; baseline -0.003 -19"><span class='ocrx_word' id='word_1_515' title='bbox 2252 3399 2323 3455; x_wconf 84' lang='lat' dir='ltr'><strong>Ei</strong></span> <span class='ocrx_word' id='word_1_516' title='bbox 2350 3398 2468 3467; x_wconf 74' lang='grc' dir='ltr'><strong>χρὴ</strong></span> <span class='ocrx_word' id='word_1_517' title='bbox 2493 3395 2607 3465; x_wconf 77' lang='grc' dir='ltr'>μὲν</span> <span class='ocrx_word' id='word_1_518' title='bbox 2673 3396 2907 3452; x_wconf 69' lang='grc' dir='ltr'>κλίνειν</span> <span class='ocrx_word' id='word_1_519' title='bbox 2936 3397 3006 3451; x_wconf 79' lang='grc' dir='ltr'>ἐν</span> <span class='ocrx_word' id='word_1_520' title='bbox 3047 3399 3337 3468; x_wconf 75' lang='grc' dir='ltr'>Σαϐϐάτῳ</span> <span class='ocrx_word' id='word_1_521' title='bbox 3368 3402 3537 3471; x_wconf 75' lang='grc' dir='ltr'>γόνυ,</span> <span class='ocrx_word' id='word_1_522' title='bbox 3565 3396 3745 3462; x_wconf 76' lang='grc' dir='ltr'>ὥσπερ</span> 
     </span>
    </p>
   </div>
   <div class='ocr_carea' id='block_1_77' title="bbox 2184 3488 3599 3562">
    <p class='ocr_par' dir='ltr' id='par_1_77' title="bbox 2184 3488 3599 3562">
     <span class='ocr_line' id='line_1_77' title="bbox 2184 3488 3599 3562; baseline 0.002 -16"><span class='ocrx_word' id='word_1_523' title='bbox 2184 3489 2328 3547; x_wconf 71' lang='grc' dir='ltr'>οὐδὲ</span> <span class='ocrx_word' id='word_1_524' title='bbox 2352 3490 2421 3544; x_wconf 83' lang='grc' dir='ltr'>ἐν</span> <span class='ocrx_word' id='word_1_525' title='bbox 2438 3488 2706 3558; x_wconf 78' lang='grc' dir='ltr'>Κυριιικῇ</span> <span class='ocrx_word' id='word_1_526' title='bbox 2738 3490 2775 3558; x_wconf 77' lang='grc' dir='ltr'><em>ἢ</em></span> <span class='ocrx_word' id='word_1_527' title='bbox 2805 3490 2876 3543; x_wconf 77' lang='grc' dir='ltr'>ἐν</span> <span class='ocrx_word' id='word_1_528' title='bbox 2896 3493 3337 3562; x_wconf 79' lang='grc' dir='ltr'>Πεντηκοστῇ;</span> <span class='ocrx_word' id='word_1_529' title='bbox 3596 3544 3599 3549; x_wconf 94' lang='grc'>.</span> 
     </span>
    </p>
   </div>
   <div class='ocr_carea' id='block_1_78' title="bbox 2241 3581 3741 3653">
    <p class='ocr_par' dir='ltr' id='par_1_78' title="bbox 2241 3581 3741 3653">
     <span class='ocr_line' id='line_1_78' title="bbox 2241 3581 3741 3653; baseline -0.003 -16"><span class='ocrx_word' id='word_1_530' title='bbox 2241 3581 2507 3637; x_wconf 84' lang='grc' dir='ltr'><strong>ΑΠΟΚΡ.</strong></span> <span class='ocrx_word' id='word_1_531' title='bbox 2561 3582 2695 3636; x_wconf 80' lang='grc' dir='ltr'><strong>Ἀπὸ</strong></span> <span class='ocrx_word' id='word_1_532' title='bbox 2733 3582 2841 3636; x_wconf 87' lang='grc' dir='ltr'>τοῦ</span> <span class='ocrx_word' id='word_1_533' title='bbox 2868 3585 3130 3650; x_wconf 80' lang='grc' dir='ltr'>κανόνος</span> <span class='ocrx_word' id='word_1_534' title='bbox 3146 3584 3270 3653; x_wconf 76' lang='grc' dir='ltr'>μὲν</span> <span class='ocrx_word' id='word_1_535' title='bbox 3294 3587 3369 3641; x_wconf 88' lang='grc' dir='ltr'>οὐ</span> <span class='ocrx_word' id='word_1_536' title='bbox 3394 3583 3705 3641; x_wconf 75' lang='grc' dir='ltr'>κεκώλυται</span> <span class='ocrx_word' id='word_1_537' title='bbox 3728 3593 3741 3609; x_wconf 89' lang='grc'><strong>·</strong></span> 
     </span>
    </p>
   </div>
   <div class='ocr_carea' id='block_1_79' title="bbox 2182 3672 3745 3744">
    <p class='ocr_par' dir='ltr' id='par_1_79' title="bbox 2182 3672 3745 3744">
     <span class='ocr_line' id='line_1_79' title="bbox 2182 3672 3745 3744; baseline -0.004 -13"><span class='ocrx_word' id='word_1_538' title='bbox 2182 3677 2238 3731; x_wconf 83' lang='grc' dir='ltr'>οι</span> <span class='ocrx_word' id='word_1_539' title='bbox 2270 3674 2490 3728; x_wconf 70' lang='grc' dir='ltr'><strong>πολλοὶ</strong></span> <span class='ocrx_word' id='word_1_540' title='bbox 2523 3672 2593 3727; x_wconf 81' lang='grc' dir='ltr'>δὲ</span> <span class='ocrx_word' id='word_1_541' title='bbox 2624 3673 2807 3729; x_wconf 81' lang='grc' dir='ltr'>διὰτὸ</span> <span class='ocrx_word' id='word_1_542' title='bbox 2823 3674 2910 3744; x_wconf 80' lang='grc' dir='ltr'>μὴ</span> <span class='ocrx_word' id='word_1_543' title='bbox 2937 3675 3381 3734; x_wconf 75' lang='grc' dir='ltr'><strong>ἐπακολουθεῖν</strong></span> <span class='ocrx_word' id='word_1_544' title='bbox 3407 3680 3475 3734; x_wconf 81' lang='grc' dir='ltr'>ἐν</span> <span class='ocrx_word' id='word_1_545' title='bbox 3496 3674 3745 3734; x_wconf 76' lang='grc' dir='ltr'>Σαϐϐάτῳ</span> 
     </span>
    </p>
   </div>
   <div class='ocr_carea' id='block_1_80' title="bbox 2181 3760 3196 3832">
    <p class='ocr_par' dir='ltr' id='par_1_80' title="bbox 2181 3760 3196 3832">
     <span class='ocr_line' id='line_1_80' title="bbox 2181 3760 3196 3832; baseline 0.005 -16"><span class='ocrx_word' id='word_1_546' title='bbox 2181 3764 2477 3830; x_wconf 87' lang='grc' dir='ltr'>νηστείαν</span> <span class='ocrx_word' id='word_1_547' title='bbox 2499 3760 2643 3816; x_wconf 84' lang='grc' dir='ltr'>οὐδὲ</span> <span class='ocrx_word' id='word_1_548' title='bbox 2677 3764 2828 3832; x_wconf 74' lang='grc' dir='ltr'>γόνυ</span> <span class='ocrx_word' id='word_1_549' title='bbox 2849 3765 3196 3821; x_wconf 69' lang='grc' dir='ltr'>κλίνουσιν.</span> 
     </span>
    </p>
   </div>
   <div class='ocr_carea' id='block_1_81' title="bbox 2253 3853 3738 3931">
    <p class='ocr_par' dir='ltr' id='par_1_81' title="bbox 2253 3853 3738 3931">
     <span class='ocr_line' id='line_1_81' title="bbox 2253 3853 3738 3931; baseline 0 -23"><span class='ocrx_word' id='word_1_550' title='bbox 2253 3853 2516 3909; x_wconf 85' lang='grc' dir='ltr'><strong>ΕΡΜΗΝ.</strong></span> <span class='ocrx_word' id='word_1_551' title='bbox 2560 3853 2628 3907; x_wconf 86' lang='grc' dir='ltr'><strong>Ἦ</strong></span> <span class='ocrx_word' id='word_1_552' title='bbox 2681 3856 3064 3927; x_wconf 76' lang='grc' dir='ltr'>προσκυνητέα</span> <span class='ocrx_word' id='word_1_553' title='bbox 3110 3859 3412 3931; x_wconf 85' lang='grc' dir='ltr'>ἀπόκρισις</span> <span class='ocrx_word' id='word_1_554' title='bbox 3463 3861 3530 3916; x_wconf 80' lang='grc' dir='ltr'><strong>δι’</strong></span> <span class='ocrx_word' id='word_1_555' title='bbox 3576 3858 3738 3925; x_wconf 82' lang='grc' dir='ltr'>ὀλίγον</span> 
     </span>
    </p>
   </div>
   <div class='ocr_carea' id='block_1_82' title="bbox 2182 3944 3743 4022">
    <p class='ocr_par' dir='ltr' id='par_1_82' title="bbox 2182 3944 3743 4022">
     <span class='ocr_line' id='line_1_82' title="bbox 2182 3944 3743 4022; baseline -0.001 -21"><span class='ocrx_word' id='word_1_556' title='bbox 2182 3945 2386 4010; x_wconf 80' lang='grc' dir='ltr'>πολλὰς</span> <span class='ocrx_word' id='word_1_557' title='bbox 2401 3945 2709 4013; x_wconf 80' lang='grc' dir='ltr'>ἀντιλογίας</span> <span class='ocrx_word' id='word_1_558' title='bbox 2729 3945 2938 4002; x_wconf 76' lang='grc' dir='ltr'>ἔλυσεν.</span> <span class='ocrx_word' id='word_1_559' title='bbox 2962 3944 3094 4002; x_wconf 73' lang='lat' dir='ltr'><strong>Eine</strong></span> <span class='ocrx_word' id='word_1_560' title='bbox 3113 3949 3225 4020; x_wconf 84' lang='grc' dir='ltr'>γὰρ</span> <span class='ocrx_word' id='word_1_561' title='bbox 3238 3951 3342 4019; x_wconf 79' lang='grc' dir='ltr'><strong>ὡς,</strong></span> <span class='ocrx_word' id='word_1_562' title='bbox 3357 3955 3475 4006; x_wconf 79' lang='grc' dir='ltr'>ἐπεὶ</span> <span class='ocrx_word' id='word_1_563' title='bbox 3500 3952 3635 4022; x_wconf 80' lang='grc' dir='ltr'>παρὰ</span> <span class='ocrx_word' id='word_1_564' title='bbox 3651 3950 3743 4002; x_wconf 87' lang='grc' dir='ltr'>τῶν</span> 
     </span>
    </p>
   </div>
   <div class='ocr_carea' id='block_1_83' title="bbox 2182 4037 3744 4114">
    <p class='ocr_par' dir='ltr' id='par_1_83' title="bbox 2182 4037 3744 4114">
     <span class='ocr_line' id='line_1_83' title="bbox 2182 4037 3744 4114; baseline 0.003 -23"><span class='ocrx_word' id='word_1_565' title='bbox 2182 4037 2355 4105; x_wconf 78' lang='grc' dir='ltr'>ἁγίων</span> <span class='ocrx_word' id='word_1_566' title='bbox 2396 4038 2657 4108; x_wconf 80' lang='grc' dir='ltr'>Πατέρων</span> <span class='ocrx_word' id='word_1_567' title='bbox 2706 4040 2814 4093; x_wconf 84' lang='grc' dir='ltr'>οὐκ</span> <span class='ocrx_word' id='word_1_568' title='bbox 2848 4039 3096 4111; x_wconf 76' lang='grc' dir='ltr'><strong>ἐκωλύθη</strong></span> <span class='ocrx_word' id='word_1_569' title='bbox 3140 4043 3329 4112; x_wconf 78' lang='grc' dir='ltr'>ῥητῶς</span> <span class='ocrx_word' id='word_1_570' title='bbox 3377 4045 3438 4099; x_wconf 80' lang='grc' dir='ltr'>τὸ</span> <span class='ocrx_word' id='word_1_571' title='bbox 3472 4045 3597 4114; x_wconf 84' lang='grc' dir='ltr'>γόνυ</span> <span class='ocrx_word' id='word_1_572' title='bbox 3622 4041 3744 4112; x_wconf 83' lang='grc' dir='ltr'><strong>κάμ-</strong></span> 
     </span>
    </p>
   </div>
   <div class='ocr_carea' id='block_1_84' title="bbox 2184 4129 3743 4207">
    <p class='ocr_par' dir='ltr' id='par_1_84' title="bbox 2184 4129 3743 4207">
     <span class='ocr_line' id='line_1_84' title="bbox 2184 4129 3743 4207; baseline 0.004 -27"><span class='ocrx_word' id='word_1_573' title='bbox 2184 4143 2342 4181; x_wconf 82' lang='grc' dir='ltr'>πτειν</span> <span class='ocrx_word' id='word_1_574' title='bbox 2367 4132 2509 4182; x_wconf 74' lang='grc' dir='ltr'>κατὰ</span> <span class='ocrx_word' id='word_1_575' title='bbox 2539 4130 2606 4182; x_wconf 71' lang='grc' dir='ltr'><strong>τὰ</strong></span> <span class='ocrx_word' id='word_1_576' title='bbox 2635 4129 2915 4197; x_wconf 80' lang='grc' dir='ltr'>Σάϐϐατα,</span> <span class='ocrx_word' id='word_1_577' title='bbox 2979 4131 3171 4204; x_wconf 82' lang='grc' dir='ltr'>ὥσπερ</span> <span class='ocrx_word' id='word_1_578' title='bbox 3211 4134 3280 4188; x_wconf 83' lang='grc' dir='ltr'>τὸ</span> <span class='ocrx_word' id='word_1_579' title='bbox 3332 4136 3611 4207; x_wconf 71' lang='grc' dir='ltr'>νηστεύειν</span> <span class='ocrx_word' id='word_1_580' title='bbox 3666 4149 3743 4187; x_wconf 85' lang='grc' dir='ltr'>κε-</span> 
     </span>
    </p>
   </div>
   <div class='ocr_carea' id='block_1_85' title="bbox 2183 4213 3742 4296">
    <p class='ocr_par' dir='ltr' id='par_1_85' title="bbox 2183 4213 3742 4296">
     <span class='ocr_line' id='line_1_85' title="bbox 2183 4213 3742 4296; baseline 0.012 -30"><span class='ocrx_word' id='word_1_581' title='bbox 2183 4213 2452 4281; x_wconf 87' lang='grc' dir='ltr'>κώλυται,</span> <span class='ocrx_word' id='word_1_582' title='bbox 2522 4217 2552 4269; x_wconf 86' lang='grc' dir='ltr'><strong>ό</strong></span> <span class='ocrx_word' id='word_1_583' title='bbox 2601 4217 2734 4286; x_wconf 86' lang='grc' dir='ltr'>γόνυ</span> <span class='ocrx_word' id='word_1_584' title='bbox 2783 4221 3059 4290; x_wconf 82' lang='grc' dir='ltr'>κάμπτων</span> <span class='ocrx_word' id='word_1_585' title='bbox 3087 4222 3149 4275; x_wconf 84' lang='grc' dir='ltr'>οὐ</span> <span class='ocrx_word' id='word_1_586' title='bbox 3197 4222 3584 4296; x_wconf 83' lang='grc' dir='ltr'>λογισθήσεται</span> <span class='ocrx_word' id='word_1_587' title='bbox 3639 4225 3742 4285; x_wconf 78' lang='grc' dir='ltr'>ταῖς</span> 
     </span>
    </p>
   </div>
   <div class='ocr_carea' id='block_1_86' title="bbox 2184 4307 3742 4389">
    <p class='ocr_par' dir='ltr' id='par_1_86' title="bbox 2184 4307 3742 4389">
     <span class='ocr_line' id='line_1_86' title="bbox 2184 4307 3742 4389; baseline 0.006 -29"><span class='ocrx_word' id='word_1_588' title='bbox 2184 4307 2674 4378; x_wconf 73' lang='grc' dir='ltr'>ἐκκλησιαστικαῖς</span> <span class='ocrx_word' id='word_1_589' title='bbox 2699 4313 3121 4384; x_wconf 78' lang='grc' dir='ltr'>ἐναντιούμενος</span> <span class='ocrx_word' id='word_1_590' title='bbox 3138 4319 3497 4387; x_wconf 86' lang='grc' dir='ltr'>παραδόσεσι,</span> <span class='ocrx_word' id='word_1_591' title='bbox 3516 4321 3603 4374; x_wconf 79' lang='grc' dir='ltr'>καὶ</span> <span class='ocrx_word' id='word_1_592' title='bbox 3625 4316 3742 4389; x_wconf 78' lang='grc' dir='ltr'>μᾶλ-</span> 
     </span>
    </p>
   </div>
   <div class='ocr_carea' id='block_1_87' title="bbox 502 4368 2082 4480">
    <p class='ocr_par' dir='ltr' id='par_1_87' title="bbox 502 4368 2077 4445">
     <span class='ocr_line' id='line_1_87' title="bbox 502 4368 2077 4445; baseline 0.008 -23"><span class='ocrx_word' id='word_1_593' title='bbox 502 4368 669 4441; x_wconf 75' lang='lat'><strong>216</strong></span> <span class='ocrx_word' id='word_1_594' title='bbox 701 4371 801 4427; x_wconf 87' lang='lat' dir='ltr'><strong>hoc</strong></span> <span class='ocrx_word' id='word_1_595' title='bbox 832 4383 1052 4442; x_wconf 80' lang='lat' dir='ltr'><strong>propter</strong></span> <span class='ocrx_word' id='word_1_596' title='bbox 1081 4378 1525 4432; x_wconf 81' lang='lat' dir='ltr'><strong>exercitationem</strong></span> <span class='ocrx_word' id='word_1_597' title='bbox 1560 4377 1769 4433; x_wconf 78' lang='lat' dir='ltr'><strong>fecerit.</strong></span> <span class='ocrx_word' id='word_1_598' title='bbox 1811 4378 2077 4445; x_wconf 88' lang='lat' dir='ltr'><strong>Quoniam</strong></span> 
     </span>
    </p>
   </div>
   <div class='ocr_carea' id='block_1_88' title="bbox 2182 4368 3741 4480">
    <p class='ocr_par' dir='ltr' id='par_1_88' title="bbox 2187 4368 3741 4480">
     <span class='ocr_line' id='line_1_88' title="bbox 2187 4368 3741 4480; baseline 0.006 -28"><span class='ocrx_word' id='word_1_599' title='bbox 2187 4398 2280 4454; x_wconf 81' lang='grc' dir='ltr'><strong>λον</strong></span> <span class='ocrx_word' id='word_1_600' title='bbox 2312 4368 2474 4474; x_wconf 66' lang='grc' dir='ltr'>είπερ</span> <span class='ocrx_word' id='word_1_601' title='bbox 2501 4368 2670 4458; x_wconf 70' lang='grc' dir='ltr'>τοῦτο</span> <span class='ocrx_word' id='word_1_602' title='bbox 2692 4408 2841 4461; x_wconf 75' lang='grc' dir='ltr'>ποιτῖ</span> <span class='ocrx_word' id='word_1_603' title='bbox 2889 4368 2978 4467; x_wconf 54' lang='grc' dir='ltr'><strong>δια</strong></span> 
     </span>
    </p>
   </div>
   <div class='ocr_carea' id='block_1_89' title="bbox 504 4465 2166 4541">
    <p class='ocr_par' dir='ltr' id='par_1_89' title="bbox 504 4465 2166 4541">
     <span class='ocr_line' id='line_1_89' title="bbox 504 4465 2166 4541; baseline 0.008 -27"><span class='ocrx_word' id='word_1_604' title='bbox 504 4473 683 4516; x_wconf 73' lang='lat' dir='ltr'><strong>auLem</strong></span> <span class='ocrx_word' id='word_1_605' title='bbox 739 4477 770 4516; x_wconf 75' lang='grc' dir='ltr'><strong>ιι</strong></span> <span class='ocrx_word' id='word_1_606' title='bbox 813 4466 1016 4520; x_wconf 85' lang='lat' dir='ltr'><strong>sanctis</strong></span> <span class='ocrx_word' id='word_1_607' title='bbox 1064 4465 1313 4522; x_wconf 82' lang='lat' dir='ltr'><strong>Patribus</strong></span> <span class='ocrx_word' id='word_1_608' title='bbox 1354 4471 1578 4524; x_wconf 87' lang='lat' dir='ltr'><strong>omnino</strong></span> <span class='ocrx_word' id='word_1_609' title='bbox 1614 4479 1740 4524; x_wconf 88' lang='lat' dir='ltr'><strong>sunt</strong></span> <span class='ocrx_word' id='word_1_610' title='bbox 1779 4485 1947 4541; x_wconf 84' lang='lat' dir='ltr'><strong>prope</strong></span> <span class='ocrx_word' id='word_1_611' title='bbox 1992 4466 2166 4528; x_wconf 69' lang='grc' dir='ltr'>εις-Ι)</span> 
     </span>
    </p>
   </div>
   <div class='ocr_carea' id='block_1_90' title="bbox 504 4552 2077 4633">
    <p class='ocr_par' dir='ltr' id='par_1_90' title="bbox 504 4552 2077 4633">
     <span class='ocr_line' id='line_1_90' title="bbox 504 4552 2077 4633; baseline 0.006 -26"><span class='ocrx_word' id='word_1_612' title='bbox 504 4564 713 4622; x_wconf 67' lang='lat' dir='ltr'><strong>aequata</strong></span> <span class='ocrx_word' id='word_1_613' title='bbox 767 4552 1000 4611; x_wconf 80' lang='lat' dir='ltr'><strong>Sabbata</strong></span> <span class='ocrx_word' id='word_1_614' title='bbox 1055 4555 1368 4623; x_wconf 87' lang='lat' dir='ltr'><strong>Dominicis,</strong></span> <span class='ocrx_word' id='word_1_615' title='bbox 1416 4571 1470 4615; x_wconf 90' lang='lat' dir='ltr'><strong>et</strong></span> <span class='ocrx_word' id='word_1_616' title='bbox 1490 4561 1582 4630; x_wconf 92' lang='lat' dir='ltr'><strong>qui</strong></span> <span class='ocrx_word' id='word_1_617' title='bbox 1618 4561 1674 4615; x_wconf 83' lang='lat' dir='ltr'><strong>in</strong></span> <span class='ocrx_word' id='word_1_618' title='bbox 1722 4562 1789 4618; x_wconf 88' lang='lat' dir='ltr'><strong>iis</strong></span> <span class='ocrx_word' id='word_1_619' title='bbox 1810 4563 2077 4633; x_wconf 85' lang='lat' dir='ltr'><strong>jejunent,</strong></span> 
     </span>
    </p>
   </div>
   <div class='ocr_carea' id='block_1_91' title="bbox 503 4644 2081 4724">
    <p class='ocr_par' dir='ltr' id='par_1_91' title="bbox 503 4644 2081 4724">
     <span class='ocr_line' id='line_1_91' title="bbox 503 4644 2081 4724; baseline 0.01 -28"><span class='ocrx_word' id='word_1_620' title='bbox 503 4644 821 4714; x_wconf 87' lang='lat' dir='ltr'><strong>puniuntur,</strong></span> <span class='ocrx_word' id='word_1_621' title='bbox 866 4663 969 4703; x_wconf 75' lang='lat' dir='ltr'><strong>nec</strong></span> <span class='ocrx_word' id='word_1_622' title='bbox 1029 4650 1074 4702; x_wconf 89' lang='lat' dir='ltr'><strong>ci</strong></span> <span class='ocrx_word' id='word_1_623' title='bbox 1124 4651 1215 4720; x_wconf 88' lang='lat' dir='ltr'><strong>qui</strong></span> <span class='ocrx_word' id='word_1_624' title='bbox 1257 4664 1394 4721; x_wconf 81' lang='lat' dir='ltr'><strong>genu</strong></span> <span class='ocrx_word' id='word_1_625' title='bbox 1430 4667 1536 4707; x_wconf 90' lang='lat' dir='ltr'><strong>non</strong></span> <span class='ocrx_word' id='word_1_626' title='bbox 1585 4651 1777 4720; x_wconf 81' lang='lat' dir='ltr'><strong>ﬂectit,</strong></span> <span class='ocrx_word' id='word_1_627' title='bbox 1828 4654 2081 4724; x_wconf 62' lang='lat' dir='ltr'><strong>prwjudi—</strong></span> 
     </span>
    </p>
   </div>
   <div class='ocr_carea' id='block_1_92' title="bbox 503 4736 2081 4815">
    <p class='ocr_par' dir='ltr' id='par_1_92' title="bbox 503 4736 2081 4815">
     <span class='ocr_line' id='line_1_92' title="bbox 503 4736 2081 4815; baseline 0.008 -26"><span class='ocrx_word' id='word_1_628' title='bbox 503 4737 642 4789; x_wconf 86' lang='lat' dir='ltr'><strong>cium</strong></span> <span class='ocrx_word' id='word_1_629' title='bbox 690 4736 968 4794; x_wconf 82' lang='lat' dir='ltr'><strong>aﬂ‘erctur.</strong></span> <span class='ocrx_word' id='word_1_630' title='bbox 998 4739 1138 4795; x_wconf 89' lang='lat' dir='ltr'><strong>Dicit</strong></span> <span class='ocrx_word' id='word_1_631' title='bbox 1181 4741 1326 4795; x_wconf 89' lang='lat' dir='ltr'><strong>enim</strong></span> <span class='ocrx_word' id='word_1_632' title='bbox 1381 4745 1649 4813; x_wconf 89' lang='lat' dir='ltr'><strong>quoddam</strong></span> <span class='ocrx_word' id='word_1_633' title='bbox 1692 4745 1830 4814; x_wconf 88' lang='lat' dir='ltr'><strong>juris</strong></span> <span class='ocrx_word' id='word_1_634' title='bbox 1876 4760 2081 4815; x_wconf 72' lang='lat' dir='ltr'><strong>praece-</strong></span> 
     </span>
    </p>
   </div>
   <div class='ocr_carea' id='block_1_93' title="bbox 501 4829 2081 4907">
    <p class='ocr_par' dir='ltr' id='par_1_93' title="bbox 501 4829 2081 4907">
     <span class='ocr_line' id='line_1_93' title="bbox 501 4829 2081 4907; baseline 0.01 -27"><span class='ocrx_word' id='word_1_635' title='bbox 501 4834 651 4896; x_wconf 85' lang='lat' dir='ltr'><strong>ptum</strong></span> <span class='ocrx_word' id='word_1_636' title='bbox 698 4830 799 4883; x_wconf 83' lang='lat' dir='ltr'><strong>hoc</strong></span> <span class='ocrx_word' id='word_1_637' title='bbox 856 4832 1053 4895; x_wconf 84' lang='lat' dir='ltr'><strong>modo,</strong></span> <span class='ocrx_word' id='word_1_638' title='bbox 1103 4829 1221 4885; x_wconf 84' lang='lat' dir='ltr'><strong>Non</strong></span> <span class='ocrx_word' id='word_1_639' title='bbox 1268 4848 1430 4907; x_wconf 83' lang='lat' dir='ltr'><strong>omne</strong></span> <span class='ocrx_word' id='word_1_640' title='bbox 1478 4835 1621 4906; x_wconf 90' lang='lat' dir='ltr'><strong>quod</strong></span> <span class='ocrx_word' id='word_1_641' title='bbox 1676 4852 1785 4895; x_wconf 87' lang='lat' dir='ltr'><strong>non</strong></span> <span class='ocrx_word' id='word_1_642' title='bbox 1841 4839 2081 4907; x_wconf 81' lang='lat' dir='ltr'><strong>prohibi-</strong></span> 
     </span>
    </p>
   </div>
   <div class='ocr_carea' id='block_1_94' title="bbox 500 4922 1125 4990">
    <p class='ocr_par' dir='ltr' id='par_1_94' title="bbox 500 4922 1125 4990">
     <span class='ocr_line' id='line_1_94' title="bbox 500 4922 1125 4990; baseline 0.011 -18"><span class='ocrx_word' id='word_1_643' title='bbox 500 4931 635 4983; x_wconf 89' lang='lat' dir='ltr'><strong>tum,</strong></span> <span class='ocrx_word' id='word_1_644' title='bbox 665 4922 988 4990; x_wconf 85' lang='lat' dir='ltr'><strong>permissum</strong></span> <span class='ocrx_word' id='word_1_645' title='bbox 1023 4933 1125 4980; x_wconf 90' lang='lat' dir='ltr'><strong>est.</strong></span> 
     </span>
    </p>
   </div>
   <div class='ocr_carea' id='block_1_95' title="bbox 957 5014 1620 5077">
    <p class='ocr_par' dir='ltr' id='par_1_95' title="bbox 957 5014 1620 5077">
     <span class='ocr_line' id='line_1_95' title="bbox 957 5014 1620 5077; baseline 0.011 -7"><span class='ocrx_word' id='word_1_646' title='bbox 957 5014 1472 5076; x_wconf 79' lang='lat' dir='ltr'><strong>INTERROGATIO</strong></span> <span class='ocrx_word' id='word_1_647' title='bbox 1526 5022 1620 5077; x_wconf 82' lang='grc'><strong>111.</strong></span> 
     </span>
    </p>
   </div>
   <div class='ocr_carea' id='block_1_96' title="bbox 607 5110 1971 5189">
    <p class='ocr_par' dir='ltr' id='par_1_96' title="bbox 607 5110 1971 5189">
     <span class='ocr_line' id='line_1_96' title="bbox 607 5110 1971 5189; baseline 0.01 -27"><span class='ocrx_word' id='word_1_648' title='bbox 607 5110 690 5163; x_wconf 80' lang='lat' dir='ltr'><strong>An</strong></span> <span class='ocrx_word' id='word_1_649' title='bbox 722 5119 958 5177; x_wconf 84' lang='lat' dir='ltr'><strong>aporteat</strong></span> <span class='ocrx_word' id='word_1_650' title='bbox 1005 5111 1271 5181; x_wconf 83' lang='lat' dir='ltr'><strong>jejunium</strong></span> <span class='ocrx_word' id='word_1_651' title='bbox 1294 5115 1345 5167; x_wconf 87' lang='lat' dir='ltr'><strong>in</strong></span> <span class='ocrx_word' id='word_1_652' title='bbox 1403 5115 1640 5185; x_wconf 80' lang='lat' dir='ltr'><strong>Augusto</strong></span> <span class='ocrx_word' id='word_1_653' title='bbox 1676 5120 1971 5189; x_wconf 83' lang='lat' dir='ltr'><strong>peragere?</strong></span> 
     </span>
    </p>
   </div>
   <div class='ocr_carea' id='block_1_97' title="bbox 570 5199 2075 5283">
    <p class='ocr_par' dir='ltr' id='par_1_97' title="bbox 570 5199 2075 5283">
     <span class='ocr_line' id='line_1_97' title="bbox 570 5199 2075 5283; baseline 0.006 -27"><span class='ocrx_word' id='word_1_654' title='bbox 570 5199 772 5256; x_wconf 83' lang='lat' dir='ltr'><em>RESP.</em></span> <span class='ocrx_word' id='word_1_655' title='bbox 807 5201 938 5256; x_wconf 82' lang='lat' dir='ltr'><strong>Erat</strong></span> <span class='ocrx_word' id='word_1_656' title='bbox 968 5206 1115 5274; x_wconf 77' lang='lat' dir='ltr'><strong>prius</strong></span> <span class='ocrx_word' id='word_1_657' title='bbox 1159 5205 1211 5259; x_wconf 83' lang='lat' dir='ltr'><strong>in</strong></span> <span class='ocrx_word' id='word_1_658' title='bbox 1242 5206 1338 5260; x_wconf 79' lang='lat' dir='ltr'><strong>hoc</strong></span> <span class='ocrx_word' id='word_1_659' title='bbox 1382 5218 1611 5277; x_wconf 82' lang='lat' dir='ltr'><strong>tempore</strong></span> <span class='ocrx_word' id='word_1_660' title='bbox 1637 5210 1929 5280; x_wconf 85' lang='lat' dir='ltr'><strong>jejunium.</strong></span> <span class='ocrx_word' id='word_1_661' title='bbox 1966 5213 2075 5283; x_wconf 59' lang='lat' dir='ltr'><strong>sed</strong></span> 
     </span>
    </p>
   </div>
   <div class='ocr_carea' id='block_1_98' title="bbox 503 5293 2067 5374">
    <p class='ocr_par' dir='ltr' id='par_1_98' title="bbox 503 5293 2067 5374">
     <span class='ocr_line' id='line_1_98' title="bbox 503 5293 2067 5374; baseline 0.008 -26"><span class='ocrx_word' id='word_1_662' title='bbox 503 5293 821 5348; x_wconf 80' lang='lat' dir='ltr'><strong>translatum</strong></span> <span class='ocrx_word' id='word_1_663' title='bbox 840 5306 939 5360; x_wconf 78' lang='lat' dir='ltr'><strong>est,</strong></span> <span class='ocrx_word' id='word_1_664' title='bbox 987 5312 1050 5352; x_wconf 87' lang='lat' dir='ltr'><strong>ne</strong></span> <span class='ocrx_word' id='word_1_665' title='bbox 1068 5313 1185 5351; x_wconf 87' lang='lat' dir='ltr'><strong>cum</strong></span> <span class='ocrx_word' id='word_1_666' title='bbox 1223 5301 1517 5368; x_wconf 82' lang='lat' dir='ltr'><strong>gentilium,</strong></span> <span class='ocrx_word' id='word_1_667' title='bbox 1545 5318 1664 5374; x_wconf 74' lang='lat' dir='ltr'><strong>qua:</strong></span> <span class='ocrx_word' id='word_1_668' title='bbox 1709 5306 1805 5359; x_wconf 74' lang='lat' dir='ltr'><strong>Itoc</strong></span> <span class='ocrx_word' id='word_1_669' title='bbox 1837 5314 2067 5373; x_wconf 77' lang='lat' dir='ltr'><strong>tempore</strong></span> 
     </span>
    </p>
   </div>
   <div class='ocr_carea' id='block_1_99' title="bbox 502 5384 2075 5457">
    <p class='ocr_par' dir='ltr' id='par_1_99' title="bbox 502 5384 2075 5457">
     <span class='ocr_line' id='line_1_99' title="bbox 502 5384 2075 5457; baseline 0.011 -20"><span class='ocrx_word' id='word_1_670' title='bbox 502 5385 713 5453; x_wconf 78' lang='lat' dir='ltr'><strong>ﬁebant,</strong></span> <span class='ocrx_word' id='word_1_671' title='bbox 740 5384 956 5457; x_wconf 83' lang='lat' dir='ltr'><strong>jejuniis</strong></span> <span class='ocrx_word' id='word_1_672' title='bbox 979 5388 1253 5444; x_wconf 86' lang='lat' dir='ltr'><strong>incideret.</strong></span> <span class='ocrx_word' id='word_1_673' title='bbox 1290 5391 1393 5447; x_wconf 82' lang='lat' dir='ltr'><strong>Sed</strong></span> <span class='ocrx_word' id='word_1_674' title='bbox 1448 5403 1624 5450; x_wconf 85' lang='lat' dir='ltr'><strong>tamen</strong></span> <span class='ocrx_word' id='word_1_675' title='bbox 1677 5397 1853 5452; x_wconf 82' lang='lat' dir='ltr'><strong>adhuc</strong></span> <span class='ocrx_word' id='word_1_676' title='bbox 1919 5398 2075 5455; x_wconf 77' lang='lat' dir='ltr'><strong>multi</strong></span> 
     </span>
    </p>
   </div>
   <div class='ocr_carea' id='block_1_100' title="bbox 501 5477 2052 5555">
    <p class='ocr_par' dir='ltr' id='par_1_100' title="bbox 501 5477 2052 5555">
     <span class='ocr_line' id='line_1_100' title="bbox 501 5477 2052 5555; baseline 0.011 -26"><span class='ocrx_word' id='word_1_677' title='bbox 501 5477 734 5532; x_wconf 81' lang='lat' dir='ltr'><strong>homines</strong></span> <span class='ocrx_word' id='word_1_678' title='bbox 769 5480 863 5531; x_wconf 83' lang='lat' dir='ltr'><strong>hoc</strong></span> <span class='ocrx_word' id='word_1_679' title='bbox 882 5479 1151 5549; x_wconf 75' lang='lat' dir='ltr'><strong>jejunium</strong></span> <span class='ocrx_word' id='word_1_680' title='bbox 1169 5482 1443 5551; x_wconf 79' lang='lat' dir='ltr'><strong>jejunum.</strong></span> <span class='ocrx_word' id='word_1_681' title='bbox 2044 5550 2052 5555; x_wconf 95' lang='lat'><em>_</em></span> 
     </span>
    </p>
   </div>
   <div class='ocr_carea' id='block_1_101' title="bbox 573 5571 2072 5655">
    <p class='ocr_par' dir='ltr' id='par_1_101' title="bbox 573 5571 2072 5655">
     <span class='ocr_line' id='line_1_101' title="bbox 573 5571 2072 5655; baseline 0.011 -30"><span class='ocrx_word' id='word_1_682' title='bbox 573 5571 994 5628; x_wconf 79' lang='lat' dir='ltr'><strong>INTERPRET.</strong></span> <span class='ocrx_word' id='word_1_683' title='bbox 1034 5574 1108 5631; x_wconf 87' lang='lat' dir='ltr'><strong>De</strong></span> <span class='ocrx_word' id='word_1_684' title='bbox 1140 5577 1242 5632; x_wconf 82' lang='lat' dir='ltr'><strong>hoc</strong></span> <span class='ocrx_word' id='word_1_685' title='bbox 1269 5578 1477 5649; x_wconf 85' lang='lat' dir='ltr'><strong>jejunio</strong></span> <span class='ocrx_word' id='word_1_686' title='bbox 1519 5582 1814 5651; x_wconf 73' lang='lat' dir='ltr'><strong>aiiquaudo</strong></span> <span class='ocrx_word' id='word_1_687' title='bbox 1869 5588 2072 5655; x_wconf 67' lang='lat' dir='ltr'><strong>quaesi-</strong></span> 
     </span>
    </p>
   </div>
   <div class='ocr_carea' id='block_1_102' title="bbox 514 5670 2075 5736">
    <p class='ocr_par' dir='ltr' id='par_1_102' title="bbox 514 5670 2075 5736">
     <span class='ocr_line' id='line_1_102' title="bbox 514 5670 2075 5736; baseline 0.014 -21"><span class='ocrx_word' id='word_1_688' title='bbox 514 5671 623 5715; x_wconf 87' lang='lat' dir='ltr'><strong>tmn</strong></span> <span class='ocrx_word' id='word_1_689' title='bbox 657 5672 743 5718; x_wconf 86' lang='lat' dir='ltr'><strong>est</strong></span> <span class='ocrx_word' id='word_1_690' title='bbox 774 5679 957 5721; x_wconf 88' lang='lat' dir='ltr'><strong>coram</strong></span> <span class='ocrx_word' id='word_1_691' title='bbox 995 5670 1198 5735; x_wconf 82' lang='lat' dir='ltr'><strong>puteuti</strong></span> <span class='ocrx_word' id='word_1_692' title='bbox 1229 5677 1283 5725; x_wconf 85' lang='lat' dir='ltr'><strong>et</strong></span> <span class='ocrx_word' id='word_1_693' title='bbox 1313 5682 1502 5727; x_wconf 89' lang='lat' dir='ltr'><strong>sancto</strong></span> <span class='ocrx_word' id='word_1_694' title='bbox 1532 5684 1724 5732; x_wconf 86' lang='lat' dir='ltr'><strong>nostro</strong></span> <span class='ocrx_word' id='word_1_695' title='bbox 1754 5676 1974 5735; x_wconf 88' lang='lat' dir='ltr'><strong>domino</strong></span> <span class='ocrx_word' id='word_1_696' title='bbox 2020 5689 2075 5736; x_wconf 81' lang='lat' dir='ltr'><strong>et</strong></span> 
     </span>
    </p>
   </div>
   <div class='ocr_carea' id='block_1_103' title="bbox 504 5755 2071 5834">
    <p class='ocr_par' dir='ltr' id='par_1_103' title="bbox 504 5755 2071 5834">
     <span class='ocr_line' id='line_1_103' title="bbox 504 5755 2071 5834; baseline 0.014 -27"><span class='ocrx_word' id='word_1_697' title='bbox 504 5755 853 5826; x_wconf 77' lang='lat' dir='ltr'><strong>imperatore,</strong></span> <span class='ocrx_word' id='word_1_698' title='bbox 918 5770 1184 5827; x_wconf 74' lang='lat' dir='ltr'><strong>praesente</strong></span> <span class='ocrx_word' id='word_1_699' title='bbox 1223 5764 1570 5824; x_wconf 81' lang='lat' dir='ltr'><strong>sanctissimo</strong></span> <span class='ocrx_word' id='word_1_700' title='bbox 1624 5769 1717 5826; x_wconf 84' lang='lat' dir='ltr'><strong>illo</strong></span> <span class='ocrx_word' id='word_1_701' title='bbox 1761 5755 2071 5834; x_wconf 80' lang='lat' dir='ltr'><strong>pati-iarcita</strong></span> 
     </span>
    </p>
   </div>
   <div class='ocr_carea' id='block_1_104' title="bbox 2189 4492 3740 4572">
    <p class='ocr_par' dir='ltr' id='par_1_104' title="bbox 2189 4492 3740 4572">
     <span class='ocr_line' id='line_1_104' title="bbox 2189 4492 3740 4572; baseline 0.007 -27"><span class='ocrx_word' id='word_1_702' title='bbox 2189 4492 2300 4546; x_wconf 81' lang='grc' dir='ltr'><strong>τῶν</strong></span> <span class='ocrx_word' id='word_1_703' title='bbox 2330 4493 2503 4561; x_wconf 82' lang='grc' dir='ltr'>ἁγίων</span> <span class='ocrx_word' id='word_1_704' title='bbox 2535 4494 2800 4566; x_wconf 83' lang='grc' dir='ltr'>Πατέρων</span> <span class='ocrx_word' id='word_1_705' title='bbox 2830 4496 3175 4570; x_wconf 73' lang='grc' dir='ltr'>ὲξισώϐησαν</span> <span class='ocrx_word' id='word_1_706' title='bbox 3201 4499 3384 4554; x_wconf 78' lang='grc' dir='ltr'>διόλου</span> <span class='ocrx_word' id='word_1_707' title='bbox 3440 4499 3619 4572; x_wconf 77' lang='grc' dir='ltr'>σχεδὸν</span> <span class='ocrx_word' id='word_1_708' title='bbox 3638 4499 3740 4556; x_wconf 82' lang='grc' dir='ltr'>ταῖς</span> 
     </span>
    </p>
   </div>
   <div class='ocr_carea' id='block_1_105' title="bbox 2191 4584 3739 4661">
    <p class='ocr_par' dir='ltr' id='par_1_105' title="bbox 2191 4584 3739 4661">
     <span class='ocr_line' id='line_1_105' title="bbox 2191 4584 3739 4661; baseline 0.001 -22"><span class='ocrx_word' id='word_1_709' title='bbox 2191 4587 2505 4661; x_wconf 68' lang='grc' dir='ltr'>Κυριακαῖς</span> <span class='ocrx_word' id='word_1_710' title='bbox 2556 4589 2625 4640; x_wconf 67' lang='grc' dir='ltr'>τὰ</span> <span class='ocrx_word' id='word_1_711' title='bbox 2691 4584 2968 4654; x_wconf 74' lang='grc' dir='ltr'>Σάϐϐατα,</span> <span class='ocrx_word' id='word_1_712' title='bbox 3047 4590 3145 4646; x_wconf 76' lang='grc' dir='ltr'>καὶ</span> <span class='ocrx_word' id='word_1_713' title='bbox 3199 4593 3251 4645; x_wconf 83' lang='lat' dir='ltr'><strong>oi</strong></span> <span class='ocrx_word' id='word_1_714' title='bbox 3311 4593 3650 4661; x_wconf 82' lang='grc' dir='ltr'>νηστεύοντες</span> <span class='ocrx_word' id='word_1_715' title='bbox 3693 4591 3739 4640; x_wconf 83' lang='grc' dir='ltr'>ὲν</span> 
     </span>
    </p>
   </div>
   <div class='ocr_carea' id='block_1_106' title="bbox 2180 4656 3737 4754">
    <p class='ocr_par' dir='ltr' id='par_1_106' title="bbox 2180 4656 3737 4754">
     <span class='ocr_line' id='line_1_106' title="bbox 2180 4656 3737 4754; baseline 0.001 -25"><span class='ocrx_word' id='word_1_716' title='bbox 2180 4656 2394 4741; x_wconf 76' lang='grc' dir='ltr'>τούτοις</span> <span class='ocrx_word' id='word_1_717' title='bbox 2428 4656 2776 4743; x_wconf 67' lang='grc' dir='ltr'>κολάζονται,</span> <span class='ocrx_word' id='word_1_718' title='bbox 2807 4679 2929 4733; x_wconf 65' lang='grc' dir='ltr'>οὐδὲ</span> <span class='ocrx_word' id='word_1_719' title='bbox 2959 4682 2987 4733; x_wconf 82' lang='grc' dir='ltr'><strong>ό</strong></span> <span class='ocrx_word' id='word_1_720' title='bbox 3013 4682 3141 4750; x_wconf 85' lang='grc' dir='ltr'>γόνυ</span> <span class='ocrx_word' id='word_1_721' title='bbox 3183 4683 3259 4753; x_wconf 79' lang='grc' dir='ltr'>μὴ</span> <span class='ocrx_word' id='word_1_722' title='bbox 3301 4656 3570 4754; x_wconf 74' lang='grc' dir='ltr'>κάμπτων</span> <span class='ocrx_word' id='word_1_723' title='bbox 3621 4695 3737 4751; x_wconf 85' lang='grc' dir='ltr'>προ-</span> 
     </span>
    </p>
   </div>
   <div class='ocr_carea' id='block_1_107' title="bbox 2181 4767 3734 4847">
    <p class='ocr_par' dir='ltr' id='par_1_107' title="bbox 2181 4767 3734 4847">
     <span class='ocr_line' id='line_1_107' title="bbox 2181 4767 3734 4847; baseline 0.008 -28"><span class='ocrx_word' id='word_1_724' title='bbox 2181 4767 2685 4839; x_wconf 81' lang='grc' dir='ltr'>κριματισθήσεται</span> <span class='ocrx_word' id='word_1_725' title='bbox 2707 4786 2722 4802; x_wconf 81' lang='grc'><em>’</em></span> <span class='ocrx_word' id='word_1_726' title='bbox 2757 4771 2876 4840; x_wconf 79' lang='grc' dir='ltr'>ἐρεῖ</span> <span class='ocrx_word' id='word_1_727' title='bbox 2897 4772 3009 4841; x_wconf 77' lang='grc' dir='ltr'>γὰρ</span> <span class='ocrx_word' id='word_1_728' title='bbox 3036 4778 3264 4843; x_wconf 81' lang='grc' dir='ltr'>νομικόν</span> <span class='ocrx_word' id='word_1_729' title='bbox 3290 4793 3346 4829; x_wconf 85' lang='grc' dir='ltr'><strong>τι</strong></span> <span class='ocrx_word' id='word_1_730' title='bbox 3373 4773 3734 4847; x_wconf 69' lang='grc' dir='ltr'>παράγγελμα,</span> 
     </span>
    </p>
   </div>
   <div class='ocr_carea' id='block_1_108' title="bbox 2177 4855 3736 4937">
    <p class='ocr_par' dir='ltr' id='par_1_108' title="bbox 2177 4855 3736 4937">
     <span class='ocr_line' id='line_1_108' title="bbox 2177 4855 3736 4937; baseline 0.003 -25"><span class='ocrx_word' id='word_1_731' title='bbox 2177 4855 2320 4914; x_wconf 76' lang='grc' dir='ltr'>οὕτω</span> <span class='ocrx_word' id='word_1_732' title='bbox 2338 4859 2637 4928; x_wconf 76' lang='grc' dir='ltr'>διεξιὸν,οὑ</span> <span class='ocrx_word' id='word_1_733' title='bbox 2659 4863 2766 4915; x_wconf 78' lang='grc' dir='ltr'><strong>πᾶν</strong></span> <span class='ocrx_word' id='word_1_734' title='bbox 2782 4863 2840 4915; x_wconf 84' lang='grc' dir='ltr'>τὸ</span> <span class='ocrx_word' id='word_1_735' title='bbox 2860 4864 2934 4933; x_wconf 80' lang='grc' dir='ltr'>μὴ</span> <span class='ocrx_word' id='word_1_736' title='bbox 2954 4865 3332 4937; x_wconf 82' lang='grc' dir='ltr'>κεκωλυμένον</span> <span class='ocrx_word' id='word_1_737' title='bbox 3348 4867 3736 4937; x_wconf 74' lang='grc' dir='ltr'>ἐπιτέτραπται.</span> 
     </span>
    </p>
   </div>
   <div class='ocr_carea' id='block_1_109' title="bbox 2737 4954 3176 5011">
    <p class='ocr_par' dir='ltr' id='par_1_109' title="bbox 2737 4954 3176 5011">
     <span class='ocr_line' id='line_1_109' title="bbox 2737 4954 3176 5011; baseline 0.011 -5"><span class='ocrx_word' id='word_1_738' title='bbox 2737 4954 3075 5008; x_wconf 77' lang='grc' dir='ltr'><strong>ΕΡΩΊῊΣῘΣ</strong></span> <span class='ocrx_word' id='word_1_739' title='bbox 3098 4957 3176 5011; x_wconf 69' lang='grc' dir='ltr'><strong>Γθ.</strong></span> 
     </span>
    </p>
   </div>
   <div class='ocr_carea' id='block_1_110' title="bbox 2202 5042 3705 5118">
    <p class='ocr_par' dir='ltr' id='par_1_110' title="bbox 2202 5042 3705 5118">
     <span class='ocr_line' id='line_1_110' title="bbox 2202 5042 3705 5118; baseline 0.009 -21"><span class='ocrx_word' id='word_1_740' title='bbox 2202 5045 2270 5099; x_wconf 81' lang='lat' dir='ltr'><strong>Et</strong></span> <span class='ocrx_word' id='word_1_741' title='bbox 2298 5042 2504 5115; x_wconf 79' lang='grc' dir='ltr'>χρὴὲν</span> <span class='ocrx_word' id='word_1_742' title='bbox 2560 5045 2642 5111; x_wconf 81' lang='grc' dir='ltr'>τῷ</span> <span class='ocrx_word' id='word_1_743' title='bbox 2679 5047 3008 5118; x_wconf 78' lang='grc' dir='ltr'>Αὐγούστῳ</span> <span class='ocrx_word' id='word_1_744' title='bbox 3044 5053 3338 5117; x_wconf 79' lang='grc' dir='ltr'>νηστείαν</span> <span class='ocrx_word' id='word_1_745' title='bbox 3390 5050 3705 5110; x_wconf 65' lang='grc' dir='ltr'>ἐπιτελεῖιῆ</span> 
     </span>
    </p>
   </div>
   <div class='ocr_carea' id='block_1_111' title="bbox 2258 5133 3737 5213">
    <p class='ocr_par' dir='ltr' id='par_1_111' title="bbox 2258 5133 3737 5213">
     <span class='ocr_line' id='line_1_111' title="bbox 2258 5133 3737 5213; baseline 0.001 -21"><span class='ocrx_word' id='word_1_746' title='bbox 2258 5136 2527 5192; x_wconf 76' lang='grc' dir='ltr'><strong>ΔΠΟΚΡ.</strong></span> <span class='ocrx_word' id='word_1_747' title='bbox 2568 5133 2680 5192; x_wconf 88' lang='grc' dir='ltr'>Ἦν</span> <span class='ocrx_word' id='word_1_748' title='bbox 2708 5141 2748 5208; x_wconf 78' lang='grc' dir='ltr'><strong>η</strong></span> <span class='ocrx_word' id='word_1_749' title='bbox 2777 5143 3033 5207; x_wconf 82' lang='grc' dir='ltr'>νηστεία</span> <span class='ocrx_word' id='word_1_750' title='bbox 3084 5149 3380 5213; x_wconf 80' lang='grc' dir='ltr'>πρότερον</span> <span class='ocrx_word' id='word_1_751' title='bbox 3414 5147 3483 5200; x_wconf 79' lang='grc' dir='ltr'>ἐν</span> <span class='ocrx_word' id='word_1_752' title='bbox 3515 5145 3591 5209; x_wconf 77' lang='grc' dir='ltr'>τῷ</span> <span class='ocrx_word' id='word_1_753' title='bbox 3628 5155 3737 5194; x_wconf 83' lang='grc' dir='ltr'>και-</span> 
     </span>
    </p>
   </div>
   <div class='ocr_carea' id='block_1_112' title="bbox 2190 5225 3737 5307">
    <p class='ocr_par' dir='ltr' id='par_1_112' title="bbox 2190 5225 3737 5307">
     <span class='ocr_line' id='line_1_112' title="bbox 2190 5225 3737 5307; baseline -0.009 -13"><span class='ocrx_word' id='word_1_754' title='bbox 2190 5225 2281 5294; x_wconf 73' lang='grc' dir='ltr'>Ρῷ</span> <span class='ocrx_word' id='word_1_755' title='bbox 2330 5230 2539 5295; x_wconf 72' lang='grc' dir='ltr'><strong>τούτῳ,</strong></span> <span class='ocrx_word' id='word_1_756' title='bbox 2589 5231 2875 5299; x_wconf 80' lang='grc' dir='ltr'>μετετέθη</span> <span class='ocrx_word' id='word_1_757' title='bbox 2913 5232 2983 5287; x_wconf 80' lang='grc' dir='ltr'>δὲ</span> <span class='ocrx_word' id='word_1_758' title='bbox 3015 5234 3111 5288; x_wconf 79' lang='grc' dir='ltr'>διὰ</span> <span class='ocrx_word' id='word_1_759' title='bbox 3153 5237 3332 5307; x_wconf 78' lang='grc' dir='ltr'>τὸμὴ</span> <span class='ocrx_word' id='word_1_760' title='bbox 3388 5237 3737 5303; x_wconf 65' lang='grc' dir='ltr'>περιπίπτειν</span> 
     </span>
    </p>
   </div>
   <div class='ocr_carea' id='block_1_113' title="bbox 2177 5319 3734 5397">
    <p class='ocr_par' dir='ltr' id='par_1_113' title="bbox 2177 5319 3734 5397">
     <span class='ocr_line' id='line_1_113' title="bbox 2177 5319 3734 5397; baseline 0.003 -26"><span class='ocrx_word' id='word_1_761' title='bbox 2177 5319 2307 5385; x_wconf 82' lang='grc' dir='ltr'>ταῖς</span> <span class='ocrx_word' id='word_1_762' title='bbox 2355 5320 2505 5374; x_wconf 81' lang='grc' dir='ltr'>κατὰ</span> <span class='ocrx_word' id='word_1_763' title='bbox 2556 5320 2665 5375; x_wconf 73' lang='grc' dir='ltr'>τὸν</span> <span class='ocrx_word' id='word_1_764' title='bbox 2705 5325 2918 5392; x_wconf 69' lang='grc' dir='ltr'>καιρὸν</span> <span class='ocrx_word' id='word_1_765' title='bbox 2951 5326 3171 5382; x_wconf 75' lang='grc' dir='ltr'>τοῦτον</span> <span class='ocrx_word' id='word_1_766' title='bbox 3209 5329 3543 5397; x_wconf 76' lang='grc' dir='ltr'>γινομέναις</span> <span class='ocrx_word' id='word_1_767' title='bbox 3599 5324 3734 5376; x_wconf 81' lang='grc' dir='ltr'>ἐθνι-</span> 
     </span>
    </p>
   </div>
   <div class='ocr_carea' id='block_1_114' title="bbox 2177 5410 3731 5484">
    <p class='ocr_par' dir='ltr' id='par_1_114' title="bbox 2177 5410 3731 5484">
     <span class='ocr_line' id='line_1_114' title="bbox 2177 5410 3731 5484; baseline 0.004 -20"><span class='ocrx_word' id='word_1_768' title='bbox 2177 5411 2311 5478; x_wconf 81' lang='grc' dir='ltr'>καῖς</span> <span class='ocrx_word' id='word_1_769' title='bbox 2340 5415 2673 5481; x_wconf 79' lang='grc' dir='ltr'>νηστείαις.</span> <span class='ocrx_word' id='word_1_770' title='bbox 2710 5417 2885 5484; x_wconf 71' lang='grc' dir='ltr'><strong>Πλὴν</strong></span> <span class='ocrx_word' id='word_1_771' title='bbox 2909 5418 3007 5472; x_wconf 79' lang='grc' dir='ltr'>καὶ</span> <span class='ocrx_word' id='word_1_772' title='bbox 3038 5419 3128 5475; x_wconf 75' lang='grc' dir='ltr'>ἔτι</span> <span class='ocrx_word' id='word_1_773' title='bbox 3151 5421 3370 5476; x_wconf 73' lang='grc' dir='ltr'>,πολλοὶ</span> <span class='ocrx_word' id='word_1_774' title='bbox 3393 5420 3511 5474; x_wconf 84' lang='grc' dir='ltr'>τῶν</span> <span class='ocrx_word' id='word_1_775' title='bbox 3532 5410 3731 5483; x_wconf 69' lang='grc' dir='ltr'><strong>ἀνθίοώ-</strong></span> 
     </span>
    </p>
   </div>
   <div class='ocr_carea' id='block_1_115' title="bbox 2175 5508 3472 5583">
    <p class='ocr_par' dir='ltr' id='par_1_115' title="bbox 2175 5508 3472 5583">
     <span class='ocr_line' id='line_1_115' title="bbox 2175 5508 3472 5583; baseline 0.009 -25"><span class='ocrx_word' id='word_1_776' title='bbox 2175 5520 2307 5559; x_wconf 76' lang='grc' dir='ltr'><strong>πων</strong></span> <span class='ocrx_word' id='word_1_777' title='bbox 2332 5508 2561 5576; x_wconf 81' lang='grc' dir='ltr'>ταύτην</span> <span class='ocrx_word' id='word_1_778' title='bbox 2583 5509 2698 5576; x_wconf 81' lang='grc' dir='ltr'>τὴν</span> <span class='ocrx_word' id='word_1_779' title='bbox 2724 5514 3020 5579; x_wconf 82' lang='grc' dir='ltr'>νηστείαν</span> <span class='ocrx_word' id='word_1_780' title='bbox 3042 5517 3472 5583; x_wconf 81' lang='grc' dir='ltr'>νηστεύουσιν.</span> 
     </span>
    </p>
   </div>
   <div class='ocr_carea' id='block_1_116' title="bbox 2245 5597 3727 5677">
    <p class='ocr_par' dir='ltr' id='par_1_116' title="bbox 2245 5597 3727 5677">
     <span class='ocr_line' id='line_1_116' title="bbox 2245 5597 3727 5677; baseline 0.011 -29"><span class='ocrx_word' id='word_1_781' title='bbox 2245 5597 2507 5652; x_wconf 80' lang='lat' dir='ltr'><strong>EPnnN.</strong></span> <span class='ocrx_word' id='word_1_782' title='bbox 2558 5600 2634 5652; x_wconf 86' lang='grc' dir='ltr'>Τὸ</span> <span class='ocrx_word' id='word_1_783' title='bbox 2663 5603 2794 5672; x_wconf 71' lang='grc' dir='ltr'>περὶ</span> <span class='ocrx_word' id='word_1_784' title='bbox 2844 5604 2946 5674; x_wconf 80' lang='grc' dir='ltr'>τῆς</span> <span class='ocrx_word' id='word_1_785' title='bbox 2983 5606 3242 5677; x_wconf 73' lang='grc' dir='ltr'>νηστείας</span> <span class='ocrx_word' id='word_1_786' title='bbox 3284 5607 3487 5676; x_wconf 82' lang='grc' dir='ltr'>ταύτης</span> <span class='ocrx_word' id='word_1_787' title='bbox 3513 5598 3727 5673; x_wconf 58' lang='lat' dir='ltr'><strong>station</strong></span> 
     </span>
    </p>
   </div>
   <div class='ocr_carea' id='block_1_117' title="bbox 2181 5687 3726 5768">
    <p class='ocr_par' dir='ltr' id='par_1_117' title="bbox 2181 5687 3726 5768">
     <span class='ocr_line' id='line_1_117' title="bbox 2181 5687 3726 5768; baseline 0.005 -29"><span class='ocrx_word' id='word_1_788' title='bbox 2181 5687 2316 5740; x_wconf 80' lang='grc' dir='ltr'>ποτὲ</span> <span class='ocrx_word' id='word_1_789' title='bbox 2345 5688 2580 5743; x_wconf 72' lang='grc' dir='ltr'>ἐνώπιον</span> <span class='ocrx_word' id='word_1_790' title='bbox 2607 5690 2705 5744; x_wconf 73' lang='grc' dir='ltr'>τοῦ</span> <span class='ocrx_word' id='word_1_791' title='bbox 2743 5694 3013 5763; x_wconf 83' lang='grc' dir='ltr'>κραταιοῦ</span> <span class='ocrx_word' id='word_1_792' title='bbox 3045 5697 3142 5752; x_wconf 70' lang='grc' dir='ltr'>καὶ</span> <span class='ocrx_word' id='word_1_793' title='bbox 3173 5699 3331 5768; x_wconf 79' lang='grc' dir='ltr'>ἁγίου</span> <span class='ocrx_word' id='word_1_794' title='bbox 3401 5695 3556 5767; x_wconf 81' lang='grc' dir='ltr'>ἡμῶν</span> <span class='ocrx_word' id='word_1_795' title='bbox 3587 5691 3726 5763; x_wconf 76' lang='grc' dir='ltr'>βασι·</span> 
     </span>
    </p>
   </div>
   <div class='ocr_carea' id='block_1_118' title="bbox 2176 5777 3717 5851">
    <p class='ocr_par' dir='ltr' id='par_1_118' title="bbox 2176 5777 3717 5851">
     <span class='ocr_line' id='line_1_118' title="bbox 2176 5777 3717 5851; baseline 0.005 -20"><span class='ocrx_word' id='word_1_796' title='bbox 2176 5777 2312 5840; x_wconf 80' lang='grc' dir='ltr'><strong>λέως</strong></span> <span class='ocrx_word' id='word_1_797' title='bbox 2338 5783 2481 5834; x_wconf 70' lang='grc' dir='ltr'>κατὰ</span> <span class='ocrx_word' id='word_1_798' title='bbox 2515 5784 2822 5846; x_wconf 78' lang='grc' dir='ltr'>παρουσίαν</span> <span class='ocrx_word' id='word_1_799' title='bbox 2855 5785 2950 5839; x_wconf 79' lang='grc' dir='ltr'><strong>τοῦ</strong></span> <span class='ocrx_word' id='word_1_800' title='bbox 2981 5787 3286 5851; x_wconf 83' lang='grc' dir='ltr'>άγιωτάτου</span> <span class='ocrx_word' id='word_1_801' title='bbox 3340 5786 3547 5843; x_wconf 74' lang='grc' dir='ltr'>ἐκείνου</span> <span class='ocrx_word' id='word_1_802' title='bbox 3623 5793 3717 5832; x_wconf 77' lang='grc' dir='ltr'>πα-</span> 
     </span>
    </p>
   </div>
  </div>
