4020 6424
376 355 472 442 ιιι

1354 373 2027 440 iNTERPRETATlON
2043 373 2128 432 Εὖ
2157 374 2243 432 CA
2257 371 2583 434 NONICE.

3509 363 3616 426 9l2

377 494 640 564 τριάρχου
701 495 869 563 κυροῦ
918 495 1106 549 Λουκᾶ
1162 494 1254 549 καὶ
1317 495 1425 547 τῶν
1496 490 1948 564 παρευρεθέντων

2075 510 2269 562 lomino
2304 509 2469 571 Luca,
2497 516 2550 561 et
2581 506 2668 574 qui
2701 520 2818 559 cum
2851 519 2916 560 eo
2969 483 3178 558 inventi
3205 509 3330 557 sunt
3359 500 3622 554 antistiti—

380 589 706 657 ἀρχιερέων.
739 591 844 642 Καὶ
879 589 1019 651 τινὲς
1054 590 1152 658 μὲν
1173 586 1327 642 εἷπον
1357 589 1431 657 μὴ
1463 586 1701 651 ὀφείλειν
1721 583 1951 654 νηστεύο

381 695 460 730 ειν
487 680 634 746 ἡμᾶς
670 679 758 730 διὶ
786 680 883 749 τὴν
915 680 970 731 ὲν
1001 682 1068 750 τῇ
1106 681 1401 748 ἀποκρίσει
1460 680 1804 750 δηλουμένην
1851 693 1949 745 με-

381 763 605 823 τάθεσιν
655 788 669 802 ο
723 764 900 841 ἕτεροι
945 771 1004 826 δὲ
1051 772 1334 826 ἀντέθεντο
1403 773 1517 839 ὡς,
1567 771 1690 825 ἐπεὶ
1738 771 1772 843 ἡ
1824 763 1952 839 ἁγία

384 858 606 915 σύνοδος
646 861 1044 923 ἁνενδοιάστως
1073 863 1208 931 φησὶ
1271 863 1528 932 νηστείαν
1564 858 1664 932 μὲν
1707 863 1955 931 γίνεσθαι

385 943 830 1020 προτερονγατὰ
870 951 1072 1015 ταύτας
1130 955 1229 1016 τὰς
1293 955 1532 1024 ἡμέρας,
1589 954 1956 1024 μετατεθῆναι

381 1036 437 1095 δὲ
453 1045 684 1112 ταύτην,
740 1045 801 1096 ού
843 1045 1098 1113 δηλοῦται
1146 1042 1201 1099 δὲ
1224 1047 1374 1102 ὅπως
1427 1049 1521 1101 καὶ
1555 1040 1690 1100 ὅπου
1725 1050 1756 1117 ἡ
1795 1045 1959 1116 μετοὶέ

389 1135 541 1196 ρετις
594 1137 841 1204 γέγονεν,
895 1139 1188 1206 ὀφείλομεν
1239 1140 1295 1205 ἐξ
1346 1139 1593 1208 ἀνάγκης
1651 1139 1953 1209 νηστεύειν.

398 1227 456 1280 'U
488 1229 543 1280 δὲ
598 1230 945 1299 πατριάρχης
1000 1231 1094 1283 καλ¹
1157 1231 1206 1283 οἱ
1270 1233 1552 1302 ἀρχιερεῖς
1609 1231 1959 1303 ἀπεφήναντο

386 1321 769 1387 ἀπαραίτητον
799 1316 941 1376 εἶναι
1020 1323 1116 1393 τὴν
1176 1323 1437 1393 νηστείαν
1491 1326 1584 1380 τοῦ
1646 1310 1958 1397 Αὐγούστου

392 1412 586 1484 μηνὶς,
659 1415 754 1468 καὶ
838 1417 919 1480 είς
994 1419 1359 1473 ἐπισύστασιν
1406 1423 1500 1475 τοῦ
1557 1421 1715 1490 λόγου
1777 1423 1960 1476 αὐτῶν

390 1501 630 1571 ἐχρῶντο
660 1506 756 1558 καὶ
783 1505 862 1576 τῷ
887 1506 1039 1578 τόμῳ
1066 1509 1166 1576 τῆς
1213 1509 1483 1574 ὲνώσεως,
1536 1509 1614 1580 τῷ
1659 1509 1964 1580 διαλαμϐά-

389 1610 536 1647 νοντι
563 1597 690 1659 τοὺς
716 1597 1021 1668 τριγάμους
1056 1601 1176 1669 τρὶς
1201 1600 1295 1654 τοῦ
1371 1601 1529 1664 ἔτους
1611 1597 1964 1672 μεταλαμδά-

388 1699 504 1741 νειν
535 1689 645 1742 τῶν
675 1687 838 1744 θείων
864 1691 1226 1762 άγιασμάτων
1256 1709 1270 1724 °
1309 1695 1448 1749 κατὰ
1505 1694 1565 1748 τὸ
1599 1695 1743 1763 μέγα
1773 1695 1964 1764 Πάσχα

388 1778 613 1850 δηλαδὴ,
645 1783 788 1836 κατὰ
817 1783 914 1855 τὴν
945 1783 1137 1856 ἑορτὴν
1168 1787 1500 1856 Κοιμὴσεως
1537 1787 1637 1856 τῆς
1659 1788 1964 1860 ύπεραγέας

389 1872 678 1950 Θεοτόκου,
702 1877 795 1927 καὶ
822 1877 961 1929 κατὰ
999 1877 1099 1946 τὴν
1126 1875 1386 1948 Γέννητιν
1432 1879 1528 1932 τοῦ
1572 1879 1780 1949 Κυρίου
1807 1879 1964 1950 ἡμῶν

401 1963 580 2031 Ἰησοῦ
609 1967 873 2035 Χριστοῦ.
909 1968 996 2020 διὰ
1025 1969 1085 2021 τὸ
1111 1971 1166 2021 ὲν
1195 1969 1424 2034 ταύταις
1471 1971 1833 2040 προηγεῖσθαι
1867 1989 1964 2041 νη-

395 2058 604 2122 στείαν,
649 2061 745 2112 καὶ
777 2062 839 2114 τὸ
880 2063 944 2115 ὲκ
967 2062 1171 2130 ταύτης
1232 2063 1449 2131 ὄφελος.
1495 2063 1968 2134 Ἀμφιὸαλλύντων

391 2146 448 2202 δὲ
480 2150 575 2203 καὶ
607 2151 778 2204 είσέτι
807 2152 932 2206 τότε
991 2153 1156 2208 τινῶν
1211 2153 1300 2208 διὰ
1346 2155 1408 2208 τδ
1479 2155 1555 2224 μὴ
1615 2155 1968 2225 εὑρίσκεσθαι

391 2235 740 2312 ὃπουδήποτε
775 2241 874 2314 τὴν
905 2240 1180 2314 ποσότητα
1209 2246 1319 2299 τῶν
1339 2247 1567 2316 ἡμερῶν
1588 2247 1689 2318 τῆς
1713 2249 1969 2318 τοιαύτης

393 2333 690 2399 νηστείας,
751 2329 905 2388 εἶπεν
971 2337 999 2406 ὁ
1066 2338 1226 2401 αὐτὸς
1274 2338 1576 2407 άγιὼτατος
1625 2341 1970 2411 πατριάρχης

395 2421 469 2481 ὡς
502 2422 610 2473 τῶν
638 2425 866 2494 ἡμερῶν
894 2424 1099 2495 ταύτης
1132 2422 1190 2479 τε
1221 2429 1315 2480 καὶ
1346 2432 1442 2499 τῆς
1505 2431 1840 2500 τελουμένης
1872 2431 1968 2501 νη-

394 2512 581 2575 στείας
612 2514 718 2582 πρὸ
739 2516 835 2586 τῆς
867 2515 1064 2586 ἑορτῆς
1095 2518 1415 2590 Γεννήσεως
1465 2521 1560 2576 τοῦ
1595 2523 1838 2594 Χριστοῦ
1892 2524 1967 2595 μὴ

394 2604 746 2683 δηλουμένων
827 2607 890 2660 ἐκ
943 2627 1090 2672 τινος
1176 2613 1475 2682 ἐγγράφου,
1544 2615 1972 2684 ἀναγκαζόμεθα

391 2697 626 2754 ἕπεσθαι
709 2705 774 2774 τῇ
860 2706 1094 2778 ἀγράφῳ
1156 2704 1589 2779 ἐκκλησιαστικῇ
1647 2692 1970 2780 παραδόσει,

393 2793 490 2846 καὶ
519 2793 813 2866 ὀφείλομεν
848 2800 1136 2869 νηστεύειν
1163 2799 1270 2854 ἀπο
1301 2801 1398 2870 τῆς
1452 2800 1676 2870 πρώτης
1741 2801 1833 2856 τοῦ
1864 2804 1972 2856 Αύ-

393 2883 626 2967 γούστου
655 2888 822 2958 μηνξς
846 2893 940 2944 καὶ
969 2894 1075 2946 ἀπ’)
1099 2894 1197 2964 τῆς
1242 2884 1301 2946 ιδδ
1325 2895 1414 2947 τοῦ
1434 2882 1745 2968 Νοεμϐρίον
1775 2900 1968 2969 μηνᾶς.

397 2979 548 3034 Είδὲ
577 2985 885 3036 καταλῦσαι
939 2986 1025 3040 διὰ
1083 2985 1410 3058 σωματικὴν
1469 2991 1756 3043 ἀσθένειαν
1807 2995 1975 3061 άναγ-

396 3072 704 3150 καζόμεοα,
729 3078 792 3130 ἐκ
825 3078 1145 3150 προτροπῆς
1167 3083 1538 3152 ἐπισκοπικῆς
1561 3085 1615 3135 αί
1646 3084 1972 3154 δηλωθεῖσαι

2051 599 2170 653 bus.
2210 599 2276 654 Et
2314 599 2551 652 nonnulli
2582 599 2794 668 quidem
2855 597 3105 652 dicebant
3137 607 3246 650 nOn
3283 594 3479 649 debere
3525 605 3623 648 nos

2050 691 2310 758 jt-junare,
2345 687 2563 758 prepter
2589 689 2999 743 translationem
3030 677 3150 756 qua:
3178 688 3230 740 in
3273 684 3626 752 responsione

2056 764 2381 834 declaratur.
2412 779 2515 832 Alii
2551 790 2730 832 autem
2768 785 2960 832 contra
2992 779 3266 840 dicebant,
3306 776 3448 844 quod
3495 791 3625 845 quo-

2057 873 2201 924 niam
2250 880 2439 924 sancta
2474 871 2713 942 synodus
2745 867 2874 924 dicit
2901 866 3105 939 absque
3135 863 3238 922 ulla
3295 868 3633 922 dubitatione

2052 966 2318 1033 jejunium
2380 965 2548 1021 luisse
2611 968 2760 1035 prius
2823 968 2924 1022 hoc
2983 964 3246 1034 tempore,
3311 967 3401 1018 scd
3466 963 3633 1017 fuisse

2061 1057 2400 1118 translatum,
2439 1072 2542 1109 non
2577 1056 2892 1111 declaratur
2925 1055 3103 1110 autem
3129 1056 3216 1108 ubi
3250 1063 3304 1108 et
3361 1053 3632 1123 quomodo

2063 1146 2346 1231 translatio
2377 1145 2515 1199 facta
2555 1145 2644 1210 sit,
2677 1146 2941 1201 debemus
2997 1141 3311 1200 necessario
3365 1144 3634 1214 jt'jtznal‘c.

2062 1223 2373 1290 i-‘atriarcba
2421 1247 2601 1290 autem
2641 1248 2690 1291 et
2744 1237 3016 1290 antistites
3063 1235 3494 1306 pronuntialmtt
3553 1234 3637 1288 in-
3684 1219 3702 1280 ἶ

2061 1329 2374 1384 excusabile
2401 1329 2524 1384 esse
2567 1324 2831 1399 jejunium
2871 1327 3119 1396 Augusti,
3155 1324 3210 1382 et
3256 1330 3319 1380 ad
3365 1327 3494 1381 dicti
3553 1328 3636 1382 sui
3704 1329 3706 1334 ’

2065 1421 2559 1490 comprobationem
2615 1426 2779 1475 etiam
2845 1420 3062 1476 unionis
3119 1429 3262 1474 tomo
3323 1419 3636 1478 utebantur,

2065 1529 2172 1584 quo
2205 1513 2423 1576 dicitur,
2455 1513 2713 1583 trigamos
2756 1521 2837 1567 ter
2873 1512 2924 1566 in
2979 1526 3124 1566 anno
3153 1526 3275 1566 esse
3322 1526 3639 1566 sacramen-

2065 1613 2244 1661 torum
2277 1604 2588 1674 participes,
2617 1603 2829 1660 scilicet
2861 1603 2915 1658 in
2948 1601 3237 1670 Paschate,
3283 1611 3338 1656 et
3403 1602 3453 1653 in
3507 1601 3642 1655 festo

2069 1696 2419 1752 Dormitionis
2450 1695 2815 1751 sanctissima:
2835 1695 3101 1766 Deiparre,
3136 1704 3190 1748 et
3223 1693 3274 1747 in
3351 1691 3646 1746 Nativitute

2068 1785 2281 1841 Domini
2306 1786 2471 1842 nostri
2506 1782 2632 1842 Jesu
2686 1787 2888 1860 Christi
2926 1806 2939 1843 :
2976 1802 3040 1841 eo
3070 1787 3209 1854 quod
3242 1782 3296 1840 in
3331 1785 3395 1838 iis
3447 1800 3650 1854 praece-

2069 1878 2528 1947 deretjejunium,
2558 1887 2614 1933 et
2646 1878 2762 1947 ejus
2790 1879 3009 1933 utilitas.
3075 1878 3411 1944 Quibusdam
3461 1887 3644 1930 autem

2071 1980 2200 2026 tunc
2229 1985 2446 2040 quoque
2476 1969 2868 2031 dubitantibus,
2923 1969 3064 2037 quod
3113 1984 3378 2036 nusquam
3441 1968 3649 2020 inveni-

2072 2071 2224 2119 retur
2268 2062 2586 2132 praescripta
2642 2060 2760 2132 ejus
2801 2061 2994 2131 jejunii
3064 2063 3270 2114 dierum
3344 2061 3646 2129 quantitas,

2072 2157 2210 2213 dixit
2243 2156 2358 2228 ipse
2395 2153 2774 2211 sanctissimus
2799 2153 3133 2224 patriarcha,
3164 2155 3308 2223 quod
3360 2169 3483 2207 cum
3535 2153 3650 2206 dies

2074 2247 2234 2315 hujus
2259 2257 2316 2302 et
2349 2246 2492 2303 illius
2542 2247 2685 2316 quod
2736 2255 2864 2300 ante
2901 2243 3104 2299 Christi
3164 2245 3400 2298 natalem
3435 2245 3527 2308 sit,
3564 2245 3649 2310 je-

2069 2343 2206 2413 juuii
2249 2356 2354 2396 non
2407 2339 2751 2396 declarentur
2794 2338 2860 2393 ab
2903 2338 3009 2392 ulla
3065 2339 3354 2404 scriptura,
3407 2337 3653 2405 cogimur

2074 2437 2222 2504 sequi
2271 2433 2699 2490 ecclesiasticam
2744 2433 3086 2488 traditionem
3123 2446 3225 2484 non
3256 2432 3535 2497 scriptam,
3600 2440 3655 2482 et.

2076 2525 2334 2581 debemus
2358 2525 2628 2596 jejunare,
2663 2542 2690 2579 a
2717 2525 2891 2594 primo
2914 2525 2999 2580 die
3033 2525 3284 2592 Augusti,
3317 2534 3366 2577 et
3397 2538 3426 2577 a
3458 2533 3654 2593 quarto

2077 2619 2289 2673 decimo
2325 2619 2410 2672 die
2447 2621 2647 2674 mensis
2681 2618 3025 2674 Novembris.
3075 2618 3167 2673 Sin
3202 2629 3378 2672 autem
3428 2625 3655 2688 propter

2078 2711 2413 2779 corporalem
2440 2710 2864 2766 imbecillitatem
2899 2711 2948 2766 id
2983 2709 3193 2765 scivere
3228 2725 3507 2778 cOgaumr,
3537 2709 3655 2777 epi-

2077 2792 2281 2874 sc0pali
2309 2803 2672 2874 permissione
2699 2803 2816 2858 dies
2847 2790 3105 2859 declarati
3142 2804 3194 2856 in
3237 2803 3538 2872 Augustum
3572 2815 3656 2854 re-

2077 2897 2366 2967 digentur;
2403 2910 2522 2950 nam
2556 2896 2660 2950 hoc
2690 2910 2906 2966 quoque
2939 2890 3142 2964 placuit
3170 2909 3232 2948 ex
3289 2908 3392 2948 uou
3451 2893 3656 2962 scripta

2078 2981 2443 3059 ecclesiastica
2475 2986 2790 3041 traditione.
2822 2977 2888 3038 Et
2923 2981 3039 3039 hate
3065 2982 3284 3053 quidem
3347 2991 3474 3038 tunc
3511 2991 3657 3036 tem-

2078 3079 2226 3150 poris
2256 3077 2599 3133 dicebantur.
2623 3077 2736 3146 Ego
2769 3087 2948 3131 autem
3003 3090 3125 3129 eum
3177 3084 3363 3143 postea
3405 3074 3657 3130 conside-

393 3165 606 3235 ἡμέραι
635 3166 744 3219 τῶν
779 3171 1050 3238 νηστειῶν
1085 3172 1670 3244 στενοχωρηθήσονται
1712 3193 1727 3207 ο
1762 3177 1846 3229 ὅτι
1878 3179 1971 3230 καὶ

2079 3183 2286 3224 rassem
2317 3169 2588 3222 undenam
2619 3177 2674 3221 et
2712 3168 2983 3236 quomodo
3009 3165 3122 3221 haec
3149 3167 3254 3219 duo
3293 3165 3500 3233 jejunia
3544 3173 3659 3219 tra-

394 3255 558 3310 τοῦτο
590 3257 835 3313 δέδοκται
866 3261 922 3326 ἐξ
971 3263 1226 3331 ἀγράφου
1275 3265 1740 3336 ὲκκλησιαστικῆς
1798 3265 1975 3336 παρα-

395 3340 617 3416 δόσεως.
652 3353 763 3406 Καὶ
786 3355 906 3408 τότε
946 3356 1045 3424 μὲν
1078 3357 1420 3430 ὲλαλήθησαν
1454 3360 1648 3413 ταῦτα.
1711 3343 1852 3427 Ἐγὼ
1909 3363 1965 3416 δὲ

400 3447 539 3513 μετὰ
573 3446 735 3501 τοῦτο
758 3446 1043 3520 σκοπήσας
1075 3451 1199 3506 ὅθεν
1253 3457 1348 3507 καὶ
1383 3455 1534 3513 ὅπως
1595 3455 1976 3525 παρεδόθησαν

394 3537 455 3591 αί
487 3537 581 3591 δύο
610 3535 769 3594 αὗται
798 3543 1060 3607 νηστεῖαι,
1097 3544 1265 3612 ἦγουν
1293 3544 1324 3611 ἡ
1361 3545 1460 3614 τῆς
1519 3545 1851 3615 Κοιμήσεως
1878 3548 1975 3616 τῆς

399 3629 564 3700 ἄγίας
596 3634 885 3698 Θεοτὸκου,
925 3638 1015 3688 καὶ
1046 3638 1077 3708 ὴ
1119 3638 1216 3706 τῆς
1243 3638 1563 3706 Γεννήσεως
1613 3640 1707 3692 τοῦ
1736 3640 1976 3707 Χριστοῦ

403 3723 500 3777 καὶ
525 3723 662 3777 Θεοῦ
695 3727 854 3796 ἡμῶν
887 3743 900 3758 ο
939 3727 1076 3779 ἀλλὰ
1116 3729 1222 3798 μὴν
1258 3730 1351 3780 καὶ
1383 3729 1416 3798 ἡ
1483 3727 1592 3798 πρὸ
1632 3731 1728 3800 τῆς
1783 3727 1978 3799 ἑορτῆς

400 3815 513 3868 τῶν
567 3816 741 3884 άγίων
786 3819 1128 3873 Ἀποστὸλων
1176 3820 1476 3890 τελουμένη
1513 3821 1755 3889 νηστεία,
1804 3820 1898 3873 καὶ
1942 3821 1975 3891 ἠ

401 3906 513 3976 πρὸ
540 3908 640 3975 τῆς
659 3909 1164 3980 Μεταμορφώσεως
1194 3911 1444 3981 νηστεία,
1483 3912 1580 3964 καὶ
1624 3912 1673 3962 εἰ
1722 3910 1780 3976 ἐξ
1810 3911 1978 3980 ἀνάγ-

394 3997 505 4069 κης
531 3999 822 4070 ὀφείλομεν
856 4002 997 4055 κατὰ
1028 4003 1230 4066 ταύτας
1265 4000 1570 4073 νηστεύειν,
1634 4003 1731 4058 καὶ
1761 4004 1854 4056 ἐπὶ
1883 3985 1982 4055 πύ-

398 4095 526 4154 σαις
557 4093 815 4164 ἡμέραις,
850 4093 995 4164 λέγω
1025 4090 1125 4166 τὴν
1155 4095 1254 4164 μὲν
1279 4096 1536 4164 νηστείαν
1572 4094 1681 4148 τῶν
1716 4095 1975 4149 τοιούτων

394 4182 685 4254 τεσσάρων
707 4183 912 4256 ἑορτῶν
941 4185 1318 4257 ἀπαραίτητον
1349 4184 1513 4262 εἶναι,
1542 4189 1643 4259 τήν
1717 4185 1774 4239 δὲ
1810 4186 1974 4239 ποσό-

395 4294 537 4347 τητα
567 4277 676 4330 τῶν
709 4278 937 4349 ἡμερῶν
967 4279 1176 4350 ταύτης
1242 4281 1316 4352 μὴ
1348 4275 1486 4334 εἷναι
1509 4282 1589 4344 είς
1619 4279 1826 4343 πάντας
1861 4276 1980 4334 ἰσά-

403 4371 602 4442 ριθμον
622 4389 636 4403 ·
665 4372 804 4442 ὅπερ
841 4373 922 4436 είς
946 4373 1046 4443 τὴν
1073 4370 1315 4444 μεγάλην
1347 4373 1467 4426 ἐστὶ
1498 4355 1977 4444 Τεσσαρακοστὴνο

397 4465 544 4519 ἀλλὰ
567 4465 674 4534 πρὸ
705 4466 804 4537 μὲν
839 4466 981 4519 ἑπτὰ
1009 4467 1238 4536 ἡμερῶν
1269 4467 1508 4538 ἑκάστης
1565 4466 1676 4520 τῶν
1716 4468 1976 4522 τοιούτων

2089 3260 2198 3312 dita
2227 3265 2370 3320 Sunt,
2408 3258 2616 3312 scilicet
2645 3255 3002 3312 Dormitionis
3059 3266 3261 3312 sanctae
3309 3253 3570 3324 Deiparac,
3605 3261 3661 3309 et

2083 3350 2396 3406 Nativitatis
2423 3347 2554 3405 .lesu
2598 3349 2823 3413 ChriSti,
2860 3357 2914 3404 et
2935 3347 3029 3403 Dei
3069 3348 3265 3407 nostri,
3299 3358 3461 3417 atque
3489 3346 3658 3401 etiam

2074 3443 2333 3513 jejunium
2361 3445 2504 3512 quod
2537 3439 2596 3496 lit
2642 3451 2769 3497 ante
2825 3440 3020 3516 festum
3072 3439 3397 3494 Sanctorum
3440 3447 3663 3510 aposto-

2077 3529 2354 3598 lorum,et
2379 3533 2642 3603 jejunium
2692 3543 2819 3587 ante
2854 3519 3443 3602 Transﬁguratiouem;
3495 3540 3550 3585 et
3591 3545 3662 3585 an

2079 3625 2390 3680 neccSSario
2421 3625 2680 3679 debemus
2705 3623 3110 3694 luecjejuuare,
3156 3631 3210 3677 et
3245 3632 3378 3692 quot
3432 3621 3659 3686 diebus;

2079 3716 2202 3772 dico
2275 3717 2375 3772 hoc
2421 3715 2636 3787 quidem
2679 3713 2941 3770 festorum
2971 3713 3237 3785 jejunium
3284 3727 3405 3768 esse
3441 3712 3664 3767 inexcu-

2081 3807 2286 3875 sabile;
2328 3807 2445 3876 ejus
2475 3815 2656 3860 autem
2688 3805 3050 3875 quantitatem
3092 3821 3196 3859 nou
3247 3819 3372 3860 esse
3429 3819 3662 3858 numero

2083 3898 2135 3953 in
2192 3899 2447 3954 omnibus
2475 3898 2761 3968 aequalem,
2797 3905 2854 3951 ut
2883 3905 2969 3951 est
2999 3896 3053 3950 in
3088 3911 3286 3963 magna
3345 3893 3664 3962 Quadrageé

2081 3987 2251 4044 sima:
2287 3987 2382 4043 sed
2415 3996 2542 4042 ante
2572 3989 2778 4056 septem
2806 3985 3023 4055 quidem
3067 3986 3184 4040 dies
3230 3984 3667 4054 uniuscujusque

2083 4081 2277 4135 horum
2308 4079 2592 4144 festorum,
2641 4082 2835 4133 omnes
2896 4077 3106 4142 ﬁdeles,
3166 4075 3290 4131 laici
3345 4076 3552 4132 scilicet
3613 4087 3668 4130 et

2086 4169 2358 4235 monachi,
2395 4179 2665 4240 coguntur
2688 4169 2937 4240 jejunare
2964 4169 3430 4233 inexeusabiliter,
3467 4180 3520 4222 et
3572 4169 3662 4236 qui

2081 4277 2191 4319 non
2240 4263 2313 4318 ita
2339 4260 2572 4325 faciunt,
2633 4261 2702 4316 ab
2745 4261 3172 4316 orthodoxorum
3224 4258 3664 4316 Christianorum

2084 4355 2465 4411 communione
2495 4352 2897 4410 alienabuntur.
2923 4351 3171 4407 Monachi
3196 4360 3375 4407 autem
3408 4351 3500 4421 qui
3539 4365 3667 4405 sua-

2083 4462 2204 4502 rum
2241 4447 2622 4502 fundationum
2644 4445 3126 4502 constitutionibus
3158 4444 3392 4513 amplius
3414 4443 3665 4513 jejuuare

399 4551 610 4628 ἱορτῶν
631 4561 832 4620 πάντες
867 4558 916 4610 oi
942 4560 1146 4624 πιστοὶ,
1175 4558 1355 4612 λαῖκοὶ
1401 4560 1642 4630 δηλονότι
1673 4558 1770 4613 καὶ
1803 4573 1971 4628 μονα-

2082 4548 2363 4608 coguntur,
2387 4538 2594 4593 scilicet
2643 4553 2674 4592 a
2719 4536 2858 4592 festo
2907 4537 3157 4591 Omnium
3221 4534 3568 4599 Sanctorum,
3610 4541 3666 4587 et

399 4652 512 4716 χοὶ,
555 4646 963 4716 ἀναγκάζονται
1003 4648 1290 4716 νηστεύειν
1321 4651 1462 4702 κατὰ
1497 4652 1556 4702 τί)
1577 4650 1979 4720 ἀπαραίτητον,

401 4744 500 4794 καὶ
532 4743 580 4794 oi
620 4743 692 4811 μὴ
727 4742 869 4794 οὕτω
902 4742 1186 4804 ποιοῦντες
1240 4745 1302 4795 ἑκ
1356 4744 1455 4812 τῆς
1509 4743 1797 4804 κοινωνίας
1867 4741 1980 4796 τῶν

399 4833 700 4904 ὀρθοδὸξων
731 4832 1074 4900 Χριστιανῶν
1103 4832 1636 4902 ἀλλοτριωθήσονται
1670 4847 1686 4862 ⁸
1709 4833 1760 4884 oi
1781 4832 1837 4884 δὲ
1867 4824 1979 4886 ἀπὸ

405 4927 520 4981 τῶν
573 4926 923 4995 κτητορικῶν
990 4924 1234 4977 τοπικῶν
1292 4924 1694 4992 συνωθούμενοι
1757 4923 1980 4992 μοναχοὶ

403 5019 692 5088 νηστεύειν
729 5017 821 5070 ἐπὶ
879 5017 1061 5081 πλέον,
1118 5014 1286 5088 ἤγουν
1344 5017 1452 5070 ἀπὸ
1491 5019 1588 5087 τῆς
1634 5015 1828 5086 ἑορτῆς
1873 5015 1979 5068 τῶν

413 5112 618 5180 Ἀγίων
651 5111 890 5172 πάντων,
938 5111 1036 5162 καὶ
1073 5111 1182 5162 ἀπὸ
1244 5110 1343 5178 τῆς
1400 5107 1460 5162 ιδ’
1515 5106 1610 5161 τοῦ
1667 5106 1978 5178 Νοεμϐρίου

409 5209 603 5279 μηνὸς,
629 5213 722 5260 καὶ
749 5207 974 5267 ἄκοντες
1000 5204 1520 5274 ἀναγκασθήσονται
1580 5204 1694 5263 τοῖς
1723 5215 1983 5268 κτητοριο

390 5303 525 5362 ’κοῖς
557 5300 737 5354 αὐτῶν
758 5302 1006 5360 τοπικοῖς
1027 5298 1364 5362 ἀκολουθεῖν,
1397 5298 1476 5349 ὅτι
1509 5294 1665 5348 τοῦτο
1697 5291 1981 5346 κανονικὸν

404 5394 504 5445 καὶ
545 5391 890 5460 σωτηριώδές
934 5388 1316 5456 ὲστιν,ὦσπερ
1363 5388 1454 5438 καὶ
1484 5387 1532 5437 oi
1582 5385 1760 5437 λαῖκοὶ
1806 5381 1980 5446 οὕτως

403 5482 588 5538 ἑκοντὶ
613 5483 963 5555 νηστεύοντες
1013 5481 1377 5552 Εὑχαριστίας
1398 5477 1809 5546 ἀξιωθήσονται.
1831 5472 1982 5527 Ἐπεὶ

399 5574 464 5628 δὲ
510 5576 609 5636 τὰς
640 5576 818 5638 αίτίας
849 5573 1054 5627 τούτων
1082 5575 1298 5628 πάντων
1330 5574 1618 5640 γραφικοῖς
1659 5569 1822 5630 θείοις
1863 5566 1986 5635 δόγ-

407 5680 546 5735 μασι
577 5665 670 5718 καὶ
695 5665 992 5732 διδάγμασι
1035 5663 1378 5724 εὐδοκοῦντος
1405 5660 1540 5713 Θεοῦ
1570 5656 1983 5726 κατιλαραλισά-

410 5755 578 5828 palla,
613 5757 710 5810 καὶ
737 5755 807 5809 δι’
839 5754 1130 5826 ἐπιστολῆς
1181 5751 1649 5819 παρεστησάμεθα
1679 5749 1985 5819 γραφείσης

409 5848 544 5918 πρὶς
583 5847 674 5900 τιν
703 5850 762 5903 ἒν
781 5847 860 5919 τῷ
893 5846 1068 5919 βουνῷ
1102 5846 1197 5900 τοῦ
1230 5844 1385 5914 ἁγίου
1447 5844 1732 5906 Αὑξεντὶον
1779 5841 1988 5909 £7415:—

2084 4645 2113 4683 a
2165 4638 2360 4698 quarto
2413 4629 2626 4684 decimo
2679 4628 2880 4683 mensis
2939 4626 3294 4689 Novembris,
3358 4624 3441 4679 vel
3509 4623 3663 4677 inviti

2084 4725 2345 4788 cogentur
2375 4716 2529 4787 sequi
2564 4724 2770 4771 statuta
2825 4729 3049 4769 suarum
3084 4712 3483 4779 futtdationttm,
3523 4725 3663 4780 quo-

2089 4810 2234 4864 niam
2291 4809 2396 4864 hoc
2457 4807 2779 4874 canonicum
2851 4813 2973 4869 est,
3027 4815 3081 4858 et
3135 4803 3413 4858 salutare:
3471 4816 3662 4871 quem~

2085 4901 2374 4956 admodum
2401 4909 2455 4954 et
2483 4899 2606 4954 laici
2632 4898 2723 4968 qui
2757 4913 2855 4952 sua
2881 4907 3074 4968 sponte
3105 4897 3179 4950 ita
3221 4885 3496 4964 jejunant,
3525 4907 3659 4965 gra-

2086 4993 2281 5046 tiarum
2353 4993 2571 5046 actione
2626 4989 2776 5059 digni
2837 4988 3203 5043 habebuntur.
3266 4985 3407 5050 Quia
3476 4993 3661 5040 autem

2085 5085 2280 5138 horum
2315 5082 2557 5138 omnium
2588 5095 2802 5144 causas,
2839 5080 2946 5132 Deo
2997 5078 3230 5144 favente,
3275 5075 3470 5132 divinis
3509 5074 3664 5130 Serio

2087 5188 2367 5247 pturarum
2426 5173 2712 5229 sententiis
2758 5185 2808 5226 et
2862 5171 3120 5226 doctrinis
3183 5169 3660 5232 confirmavimus.

2035 5269 2044 5281 '
2090 5277 2146 5322 et
2186 5268 2238 5320 in
2268 5265 2510 5334 Epistula
2533 5263 2871 5319 ostendimus
2901 5277 3059 5331 quam
3099 5262 3165 5314 ad
3194 5261 3460 5330 imprimis
3501 5273 3664 5314 vene-

2091 5358 2315 5414 rabilem
2349 5354 2671 5409 monachum
2702 5354 2983 5408 dominum
3039 5352 3400 5408 Theodosium
3443 5351 3665 5420 Sarpio-

2086 5453 2217 5516 tem,
2236 5448 2324 5518 qui
2354 5448 2407 5500 in
2426 5446 2566 5501 colle
2587 5443 2907 5499 S.Auxentii
2927 5445 3088 5514 217
3103 5444 3422 5506 includitur,
3441 5443 3660 5512 scripsi.

2089 5556 2232 5608 mus,
2254 5554 2372 5595 eam
2401 5538 2537 5609 lege.
2574 5535 2673 5592 Hic
2693 5536 3011 5591 autem'uon
3038 5537 3142 5590 sita
3161 5545 3267 5601 est,
3312 5549 3378 5589 eo
3415 5531 3559 5602 quod
3591 5532 3663 5587 sit

2097 5633 2324 5702 prolixa.
2352 5628 2552 5685 Eadem
2581 5637 2760 5683 autem
2791 5627 3041 5695 epistola,
3076 5628 3249 5682 nihilo
3293 5628 3512 5694 penitus
3541 5638 3666 5680 tnu-

2097 5734 2228 5787 tato,
2262 5722 2461 5790 scripta
2493 5729 2576 5777 est
2605 5719 2768 5776 etiam
2793 5721 2857 5773 ad
2896 5719 3147 5774 clericos.
3174 5729 3227 5774 et
3279 5717 3516 5787 reliquos
3567 5715 3659 5783 qui

2093 5825 2218 5872 sunt
2249 5815 2301 5871 iu
2332 5816 2526 5871 throno
2570 5827 2776 5883 magna;
2814 5811 3130 5868 Antiochiae.
3206 5847 3210 5849 »
