4020 6380
448 300 554 355 913

1669 303 1948 364 TllEOD.
1991 304 2082 363 BA
2096 305 2481 365 LSAMONIS

3614 312 3728 375 9H

444 405 703 458 στότατον
759 407 1090 478 τιμιώτατον
1160 410 1394 479 μοναχῆν
1435 411 1615 483 ,κυρὶιν
1674 412 1955 464 Θεοδόσιον
2015 411 2107 464 τὸν
2156 413 2536 485 Σαρπειώτην,
2585 416 2862 483 ἀνάγνωθι
2892 420 2985 472 καὶ
3014 419 3244 491 ταύτην.
3304 422 3570 476 Ἐνταῦθα
3612 430 3725 499 γὲρ

441 498 516 563 ὡς
548 501 873 573 πολύστιχος
925 505 986 556 ού
1027 505 1379 575 κατεστρώθη
1416 523 1430 535 ν
1474 506 1505 574 ἡ
1540 506 1676 577 αὑτὴ
1703 507 1757 559 δὲ
1808 505 2069 575 ἐπιστολὴ
2104 507 2321 578 ἐγράφη
2355 510 2797 581 ἀπαραλλάκτως
2854 516 2950 568 καὶ
2994 515 3132 587 πρὸς
3180 517 3308 582 τοὺς
3339 520 3397 570 ἐν
3427 516 3724 590 τῷ-θρίνῳ

442 596 545 666 τῆς
578 596 824 666 μεγάλης
858 598 1193 665 Ἀντιοχείας
1227 598 1523 666 κληρικοὺς
1559 602 1653 654 καὶ
1686 600 1927 662 λοιπούς.

905 690 1423 747 INTERROGATIO
1465 692 1554 747 IV.

517 785 597 838 Au
651 794 885 853 oporteat
936 784 1321 838 dannouiacum
1368 789 1757 840 communicare
1829 804 2015 840 sacrae

448 875 935 931 mentis?Sanetns
987 876 1124 930 enim
1179 876 1484 931 Timotheus
1536 877 1592 932 in
1647 879 2023 948 qna’stionibus

398 984 403 991 ’
446 967 548 1020 sibi
580 969 863 1038 propositis
893 968 1048 1021 aliter
1072 968 1231 1031 dixit,
1263 981 1311 1022 et
1350 970 1522 1023 sancti
1554 970 1779 1040 apostoli
1842 971 2023 1035 aliter,

446 1068 495 1113 et
534 1061 846 1128 posteriores
881 1060 1051 1114 aliter.

516 1150 659 1206 RES
671 1149 733 1207 P.
768 1152 828 1206 Si
853 1153 970 1222 quis
999 1163 1118 1206 atra
1158 1153 1258 1208 bile
1288 1155 1544 1225 agitatur,
1574 1166 1630 1209 ut
1653 1156 1700 1209 ci
1720 1160 1892 1210 leatnr
1919 1173 2028 1211 esse

443 1244 817 1310 da’moniacus,
864 1262 967 1299 non
1020 1245 1376 1314 prohibebitur
1420 1261 1438 1300 :
1493 1246 1587 1301 sed
1630 1250 1677 1301 si
1721 1259 1797 1302 est
1850 1266 2024 1302 revera

444 1336 826 1398 dwmoniacus.
864 1341 1211 1393 sacramentis
1245 1339 1462 1393 minime
1491 1341 1841 1410 dignabitur:
1877 1341 2028 1393 nulla

444 1442 515 1483 est
554 1430 691 1484 enim
723 1433 830 1484 luci
871 1431 1095 1485 societas
1126 1448 1245 1486 cum
1283 1432 1523 1487 tenebris.

514 1610 843 1667 INTERPR.
883 1611 1014 1667 Mihi
1053 1613 1266 1669 videtur
1325 1623 1548 1669 sanctus
1594 1613 1942 1680 Timotheus,
1976 1616 2026 1671 ei

446 1705 613 1759 etiam
645 1705 737 1776 qui
782 1713 868 1761 est
903 1720 999 1776 per
1033 1705 1316 1762 intervalla
1367 1706 1759 1773 damoniacns,
1805 1722 2031 1764 conces-

449 1797 591 1853 sisse
645 1797 952 1852 divinorum
1006 1806 1474 1853 sacramentorum
1532 1799 2028 1868 participationem,

446 1905 512 1946 eo
549 1900 794 1961 tempore
827 1905 934 1960 quo
961 1902 1043 1945 est
1073 1906 1220 1946 sana:
1250 1892 1471 1957 mentis,
1508 1901 1564 1946 et
1592 1893 1850 1957 maxime,
1876 1892 1921 1946 si
1962 1907 2028 1947 eo

2676 694 3008 751 ΕΡΩΤΗΣΙΣ
3044 694 3114 754 Δ’.

2195 788 2261 840 El
2285 786 2502 843 δεῖτὸν
2523 787 3017 859 δαιμονιζόμενον
3070 792 3562 860 μεταλαμϐάνειν
3599 794 3729 848 τῶν

2127 878 2517 949 ἀγιασμάτων
2553 895 2567 910 ’
2598 884 2631 936 ό
2650 879 2773 950 μὲν
2823 879 2934 951 τὰρ
2963 879 3132 951 ἅγιος
3166 882 3444 952 Τιμόθεος
3479 886 3569 951 είς
3615 886 3731 953 τὰς

2074 1048 2077 1051 _
2129 971 2280 1043 πρὸς
2303 973 2491 1029 αὐτὸν
2519 974 2846 1042 ἐρωτήσεις
2867 972 3041 1030 εἴπεν
3067 975 3292 1045 ἄλλως,
3318 979 3420 1033 καί
3454 980 3513 1034 οι
3564 979 3731 1050 ἅγιοι

2129 1066 2464 1119 ἀπόστολοι
2489 1065 2713 1133 ἄλλως,
2738 1070 2837 1122 καὶ
2863 1070 2919 1123 al
2948 1072 3447 1141 μεταγενέστεροι
3495 1072 3727 1144 ἄλλως.

2199 1158 2470 1209 ΑΠΟΚΡ.
2527 1155 2598 1210 Et
2665 1157 2786 1211 ἀπὸ
2828 1157 3096 1226 μέλανος
3127 1161 3471 1230 ἐνοχλεῖται
3525 1166 3729 1234 χυμοῦ

2130 1265 2241 1313 τις,
2279 1249 2358 1314 ὡς
2391 1248 2690 1319 δαιμονᾷν
2721 1250 2949 1318 δοκεῖν,
2981 1254 3054 1308 οὐ
3089 1254 3511 1321 κωλυθήσεται
3532 1273 3547 1289 ο
3570 1262 3626 1313 sl
3655 1259 3728 1313 δὲ

2132 1338 2205 1406 τῇ
2236 1339 2491 1408 ἀληθείᾳ
2525 1341 2833 1410 δαιμονῶν
2878 1343 3082 1408 ἐστιν,
3116 1345 3343 1413 ἣκιστα
3379 1348 3504 1403 τῶν
3553 1350 3727 1420 ἁγια-

2132 1433 2375 1501 σμὰτων
2413 1433 2816 1502 ἀξιωθήσεται
2846 1453 2858 1469 ·
2896 1437 2987 1492 ὅτι
3017 1437 3163 1494 οὐδὲ
3208 1443 3496 1496 κοινωνία
3572 1443 3725 1513 φωτὶ

2132 1522 2282 1590 πρὸς
2308 1526 2551 1592 σκότος.

2210 1614 2476 1671 ΕΡΜΠΝ.
2548 1619 2705 1690 Ἐμοὶ
2741 1620 2895 1674 δοκεῖ
2947 1621 3044 1676 καὶ
3087 1621 3168 1692 τῷ
3214 1625 3280 1679 ἐκ
3330 1623 3727 1696 διαλείμματος

2132 1707 2468 1779 δαιμονῶντι
2499 1710 2655 1782 παρὰ
2682 1710 2777 1766 τοῦ
2818 1712 2979 1782 ἁγίου
3015 1715 3291 1787 Τιμοθέου
3335 1717 3729 1789 ὲκχωρηθῆναι

2135 1799 2234 1870 τὴν
2251 1803 2360 1856 τῶν
2394 1803 2557 1857 θείων
2582 1804 2943 1872 ἁγιασμάτων
2980 1808 3291 1880 μετάληψιν
3317 1810 3444 1864 καθ’
3473 1809 3536 1865 ὃν
3563 1813 3729 1880 νήφει

2136 1892 2363 1957 πάντως
2386 1896 2581 1968 καιρόν
2606 1914 2621 1928 ·
2648 1900 2744 1952 καὶ
2774 1899 2979 1969 μᾶλλον
3019 1902 3116 1956 ἐὰν
3176 1903 3319 1957 κατὰ
3369 1903 3472 1974 τὴν
3527 1905 3731 1976 μανίαν

446 1992 692 2053 tempore
726 1999 834 2054 quo
868 1992 952 2039 est
988 1984 1174 2040 furore
1245 1985 1486 2054 percitus
1521 2001 1632 2041 non
1690 1984 2025 2055 blasphemet

2145 1987 2205 2039 ού
2237 1986 2557 2058 βλασφημεῖ
2587 1990 2730 2044 κατὰ
2759 1993 2868 2044 τῶν
2904 1993 3098 2061 ἁγίων.
3131 1994 3346 2065 Ὠσπερ
3374 1995 3486 2066 γὰρ
3542 1997 3572 2048 ὁ
3619 1996 3735 2049 ἀπὸ

446 2078 713 2134 adversus
739 2089 950 2133 sancta.
986 2077 1455 2144 Quemadmodum
1482 2077 1627 2133 enim
1675 2077 1768 2148 qui
1815 2078 1882 2132 ab
1930 2076 2029 2131 ltu-

447 2186 597 2227 more
625 2173 1019 2228 melancltolico
1072 2180 1318 2236 vexatur,
1378 2172 1423 2228 si
1489 2188 1596 2227 non
1639 2172 1789 2227 nevit
1842 2185 2029 2226 sacrav

448 2275 751 2319 ineutorum
799 2266 1054 2336 gratiam,
1113 2264 1223 2319 imo
1280 2266 1446 2319 etiam
1508 2263 1651 2334 quod
1706 2263 1880 2336 majus
1920 2256 2049 2328 eet,'

402 2351 408 2355 ’
447 2358 809 2426 blasphctnat,
846 2372 955 2413 non
989 2357 1323 2412 concedetur
1351 2355 1403 2412 ei
1447 2364 1503 2411 ut
1535 2356 1607 2411 sit
1653 2364 2029 2412 sacramento-

444 2467 563 2531 rum
611 2452 903 2521 particeps,
959 2465 1027 2505 ne
1048 2450 1230 2506 divina
1262 2466 1325 2507 ex
1351 2466 1416 2506 eo
1445 2449 1644 2521 injuria
1681 2448 2024 2504 adiciantur:

444 2546 518 2599 ita
545 2545 710 2600 etiam
743 2545 835 2615 qui
861 2560 956 2615 per
994 2545 1277 2601 intervalla
1305 2544 1472 2607 furit,
1519 2545 1565 2600 si
1588 2545 1661 2599 sit
1717 2543 1940 2615 dignus,
1973 2549 2027 2597 et

440 2636 647 2695 furoris
680 2647 925 2708 tempore
955 2640 1219 2695 adversus
1244 2639 1422 2694 divina
1460 2637 1716 2713 mysteria
1766 2652 1871 2692 non
1916 2634 2028 2693 bla-

412 2731 710 2802 'sphemet,
755 2745 861 2787 non
898 2732 1228 2799 impedietur
1250 2745 1440 2786 eorum
1474 2745 1598 2787 esse
1659 2731 1932 2800 particeps
1961 2743 2027 2783 eo

416 2828 685 2894 tempore
714 2839 821 2893 quo
853 2834 937 2879 est
986 2838 1134 2880 sanae
1164 2825 1389 2881 mentis.
1436 2825 1492 2878 In
1536 2830 1784 2878 extrema
1840 2832 2024 2877 autem

441 2917 804 2988 respiratione
834 2916 1095 2973 existimo
1121 2931 1314 2972 omnes
1344 2917 1548 2973 debere
1591 2915 1788 2987 dignos
1836 2914 2022 2970 haberi

441 3010 626 3067 divino
649 3020 947 3080 sanctoque
981 3008 1201 3065 viatico.
1235 3008 1371 3065 Nam
1400 3017 1627 3068 sanctus
1678 3021 1896 3079 quoque
1930 3005 2026 3061 Ti-

441 3104 692 3161 motheus
739 3103 987 3159 decernit
1041 3117 1139 3159 eos
1196 3112 1325 3160 tunc
1372 3102 1640 3175 baptizari
1697 3102 1916 3169 debere,
1976 3100 2023 3155 si

441 3206 599 3253 antea
633 3211 736 3252 non
770 3194 974 3251 fuerint
999 3196 1281 3265 baptizati.

930 3287 1452 3346 INTERROGATIO
1496 3288 1562 3344 ν.

2133 2078 2312 2148 χυμοῦ
2341 2080 2887 2154 μελαγχολικωτέρου
2918 2085 3273 2156 ἅχλούμενος,
3327 2089 3427 2144 ἐὰν
3457 2089 3561 2144 οὐκ
3611 2087 3729 2144 οἶδε

2131 2168 2230 2241 τὴν
2268 2173 2432 2242 χάριν
2462 2173 2574 2227 τῶν
2615 2176 3002 2246 ἁγιασμάτων,
3030 2179 3124 2232 ἐπὶ
3155 2178 3320 2232 πλέον
3350 2180 3447 2233 καὶ
3482 2180 3741 2252 βλασφηιι

2139 2264 2255 2331 μεῖ,
2286 2263 2349 2315 ού
2398 2263 2951 2337 παραχωρηθήσεται
3031 2266 3392 2337 μεταλαϐεῖν,
3498 2267 3588 2322 ῖνα
3653 2267 3743 2338 μὴ

2131 2352 2385 2407 ἐντεῦθεν
2414 2355 2876 2428 παρυὸρίζωνται
2897 2358 2968 2412 τὰ
2997 2358 3121 2412 θεῖα
3154 2373 3170 2390 ⁶
3203 2357 3351 2413 οὕτω
3423 2359 3522 2414 καὶ
3581 2361 3611 2413 ό
3666 2362 3742 2413 ἐκ

2129 2444 2520 2516 διαλείμματος
2553 2448 2903 2519 μαινόμενος,
2932 2450 3031 2505 ἐὰν
3061 2449 3211 2516 ἄξιός
3265 2452 3386 2504 ἔστι
3413 2490 3428 2517 ,
3476 2450 3572 2506 καὶ
3633 2451 3744 2507 οὐ·

2129 2536 2188 2593 δὲ
2255 2537 2568 2611 βλασφημεῖ
2620 2543 2767 2597 κατὰ
2808 2543 2902 2598 τὸν
2948 2546 3051 2616 τῆς
3092 2543 3292 2615 μανίας
3347 2544 3543 2615 καιρὸν
3615 2543 3744 2600 τῶν

2131 2629 2294 2685 θείων
2329 2633 2671 2702 μυστηρίων,
2711 2635 2820 2690 οὐκ
2845 2636 3319 2708 ὲμποδισθήσεται
3373 2636 3560 2692 αὐτῶν
3620 2655 3739 2708 με·-

2132 2727 2378 2793 τασχεῖν,
2434 2724 2558 2779 καθ’
2618 2726 2676 2780 δν
2705 2728 2869 2798 νήφει
2896 2730 3113 2800 καιρόν.
3183 2729 3342 2783 Κατὰ
3384 2729 3445 2783 δὶ
3498 2732 3602 2794 τὰς
3635 2746 3749 2786 τε·

2128 2813 2389 2880 λευταίας
2436 2818 2717 2882 ἀναπνοὰς
2749 2818 2938 2890 οίομαι
2991 2821 3202 2884 πάντας
3269 2821 3512 2891 ὀφείλειν
3541 2821 3746 2890 ἀξιοῦ-

2129 2907 2253 2961 σθαι
2284 2906 2378 2961 τοῦ
2410 2907 2558 2962 θείου
2584 2910 2680 2964 καὶ
2715 2911 2874 2980 ἁγίου
2924 2913 3142 2982 ὲφοδίου
3174 2929 3190 2944 ’
3269 2914 3356 2969 ὅτι
3389 2916 3487 2971 καὶ
3506 2915 3536 2969 δ
3568 2914 3747 2985 ἅγιος

2128 3000 2395 3069 Τιμόθεος
2451 3001 2814 3073 βαπτίζεσθαι
2854 3004 3079 3072 τούτους
3130 3005 3439 3079 τηνικαῦτα
3489 3007 3747 3081 διορίζε-

2126 3109 2242 3162 ται,
2281 3094 2360 3166 μὴ
2391 3096 2932 3165 προσαπτισθέντας.

2706 3285 3046 3341 ΕΡΩΊῊΣΙΣ
3086 3287 3162 3344 E’.

511 3381 594 3436 An
617 3390 813 3446 oportet
843 3398 905 3436 ea
929 3398 1044 3450 qua:
1077 3383 1132 3436 in
1160 3379 1401 3437 Ecclesia
1426 3381 1746 3451 oﬂeruntur,
1774 3388 1828 3435 ut
1874 3378 2021 3432 obla-

2199 3379 2271 3432 ΕΖ
2291 3376 2391 3432 δεῖ
2420 3377 2494 3432 τὰ
2518 3379 2988 3449 προσφερόμενα
3018 3381 3089 3434 ἐν
3112 3380 3192 3449 τῇ
3229 3380 3579 3452 Ἐκκλησία,
3596 3376 3747 3438 οἷον

414 3467 632 3540 ἰὅοηεε,
657 3488 842 3542 panem
873 3473 1071 3527 scilicet
1103 3482 1150 3526 et
1176 3473 1378 3536 uinum,
1411 3472 1738 3526 sacerdotem
1784 3470 2028 3524 indiscri-

440 3566 683 3619 minatim
711 3567 1001 3631 comedere,
1034 3575 1081 3618 et
1108 3562 1553 3634 quemadmodum
1574 3562 1679 3616 sibi
1727 3561 2025 3631 placuerit:

438 3667 487 3712 et
531 3674 600 3711 an
653 3658 796 3713 debet
829 3658 940 3713 lucc
969 3657 1237 3713 comedere
1261 3662 1517 3726 tanquam
1578 3670 1765 3724 partem
1789 3669 2029 3708 commu-

440 3766 600 3815 nem;
633 3761 680 3805 et
707 3752 753 3805 si
785 3752 954 3804 multa
980 3748 1285 3820 hujusmodi
1341 3748 1563 3803 collecta
1622 3747 1846 3817 fuerint,
1901 3747 2027 3817 quid

420 3832 642 3912 Vaportet
668 3843 747 3897 Itis
776 3842 978 3912 facere?

418 3926 423 3931 ’
510 3933 726 3991 RESP.
800 3934 1070 3989 Exaltatee
1125 3932 1337 4005 quidem
1396 3932 1674 3988 oblationis
1728 3933 2025 4004 fragmenta

441 4043 792 4100 nequaquam,
847 4026 939 4082 sed
986 4027 1043 4081 in
1108 4027 1224 4082 sola
1283 4026 1468 4081 debent
1522 4023 1757 4079 Ecclesia
1800 4021 2024 4085 consedi,

426 4120 603 4199 donec
666 4121 911 4176 universa
951 4121 1404 4191 consumpserint;
1447 4134 1568 4186 quae
1623 4128 1798 4170 autem
1836 4129 1902 4168 ea;
1948 4113 2028 4167 his

439 4223 744 4284 supersunt,
813 4231 917 4269 non
968 4233 1086 4271 cum
1124 4216 1285 4279 lacte,
1315 4223 1365 4270 et
1395 4228 1568 4280 caseo,
1599 4221 1648 4269 et
1684 4210 1818 4276 ouis,
1866 4216 1919 4263 et
1947 4209 2028 4277 pi-

439 4308 635 4375 scibus,
666 4310 758 4365 sed
789 4313 1096 4379 separatim,
1133 4319 1180 4365 et
1209 4325 1302 4381 per
1331 4324 1409 4367 sc.

511 4399 931 4458 INTEBPBET.
987 4401 1402 4473 Consequenler
1458 4414 1585 4457 can.
1632 4400 1664 4454 7
1735 4396 2027 4466 Theophili

443 4492 685 4564 episcopi
713 4492 1090 4560 Alexandrini,
1117 4492 1212 4563 qui
1238 4493 1378 4548 situs
1403 4500 1490 4546 est
1521 4491 1576 4545 in
1610 4488 2023 4561 compellatoria

441 4589 560 4658 ejus
609 4586 862 4645 oratione
923 4587 976 4642 in
1017 4596 1206 4643 sancta
1257 4584 1634 4656 Theophanis,
1662 4583 1887 4645 ethaec
1932 4594 2028 4636 ex-

443 4695 637 4751 presse
663 4662 877 4747 delinit,
916 4681 1049 4758 Quae
1076 4694 1176 4750 pro
1209 4692 1373 4734 sacro
1402 4676 1676 4734 sacrificio
1693 4675 2022 4741 oﬂ’eruntur,

2131 3469 2506 3538 προσφορὰς,
2545 3469 2643 3523 καὶ
2673 3469 2936 3537 νάματα,
2961 3470 3305 3542 ἀδιαφόρως
3347 3471 3583 3527 ἐσθίειν
3614 3473 3741 3526 τὸν

2131 3560 2309 3630 ἱερέα,
2361 3561 2459 3615 καὶ
2493 3561 2574 3628 ὡς
2589 3561 2885 3626 ,βούλεται
2913 3580 2928 3595 ο
2974 3563 3077 3617 καί
3116 3565 3171 3618 ει
3199 3563 3281 3630 ὡς
3300 3563 3488 3631 ἄρτον
3509 3565 3744 3619 κοινὸν

2130 3657 2362 3727 ὀφείλει
2385 3656 2576 3711 ταῦτα
2601 3655 2835 3710 ἐσθίειν
2872 3673 2888 3689 ο
2947 3656 3046 3711 καὶ
3078 3660 3131 3711 εί
3211 3657 3422 3713 ,πολλὰ
3475 3658 3743 3714 τοιαῦτα

2137 3750 2509 3820 συναχθείη,
2544 3751 2604 3804 τί
2642 3747 2738 3805 δεῖ
2763 3750 2954 3805 ταῦτα
2974 3749 3211 3818 ποιεῖν;

2205 3934 2477 3987 ΑΠΟΚΡ.
2547 3931 2623 3985 Τὰ
2660 3929 2780 4000 μὲν
2835 3928 2945 3999 τῆς
2998 3931 3353 4001 ὑψωθείσης
3406 3929 3740 4002 κλάσματα

2131 4022 2294 4091 οὐχί·
2320 4023 2464 4076 ἀλλ’
2491 4020 2563 4075 ἐν
2589 4019 2665 4090 τῇ
2721 4021 3027 4090 ἐκκλησίᾳ
3043 4023 3201 4090 μόνῃ
3223 4022 3476 4085 ἐσθίειν,
3502 4024 3631 4079 ἐστ’
3652 4023 3740 4079 ἂν

2132 4115 2376 4171 ἅπαντα
2405 4115 2815 4184 δαπανήσωσι
2835 4132 2849 4146 ο
2884 4115 2957 4170 τὰ
2981 4114 3050 4173 δὲ
3076 4116 3324 4185 περιττὰ
3352 4115 3475 4170 τῶν
3519 4116 3737 4171 mm-

2126 4209 2215 4277 μὴ
2259 4208 2413 4277 μετὰ
2477 4208 2801 4277 γάλακτος.
2849 4209 2948 4263 καί
3007 4209 3218 4278 τυροῦ,
3276 4210 3376 4263 καί
3421 4208 3573 4274 ὠῶν,
3628 4211 3733 4264 καὶ

2134 4301 2379 4370 ιχθύων,
2423 4302 2564 4357 ἀλλ’
2597 4302 3111 4373 ἀποτεταγμένως,
3152 4301 3252 4357 καί
3271 4302 3635 4368 ίδιαζόντως.

2201 4394 2470 4450 ΕΡΜΗΝ.
2515 4395 2856 4451 Ἀκολούθωε
2883 4397 2962 4465 τῷ
3010 4394 3057 4461 ζ’
3084 4395 3276 4451 κανόνι
3308 4394 3580 4466 Θεοφίλου
3601 4396 3727 4449 ἐπι-

2131 4486 2336 4541 σκόπου
2372 4486 2800 4558 Ἀλεξανδρείας,
2858 4487 2938 4559 τῷ
2997 4488 3247 4561 κειμένῳ
3295 4490 3378 4551 είς
3439 4487 3534 4543 τὸν
3585 4502 3729 4557 προ-

2131 4594 2319 4650 σφωνη
2329 4579 2559 4637 ματικδν
2578 4579 2739 4646 λόγον
2764 4580 2929 4634 αὐτοῦ
2946 4580 3037 4634 τὸν
3053 4582 3134 4644 είς
3149 4578 3221 4632 τὰ
3235 4578 3372 4648 ἅγια
3394 4578 3727 4646 Θεοφάνιια,

2130 4666 2225 4726 καὶ
2258 4670 2616 4743 διοριζομένῳ
2645 4671 2820 4726 ταῦτα
2850 4671 3055 4743 ῥητῶς,
3082 4671 3169 4725 Τὰ
3194 4672 3624 4743 προσφερόμενα
3646 4671 3729 4732 είς

440 4782 565 4844 post
604 4786 669 4830 ea
724 4786 846 4843 quae
888 4780 1286 4829 consumuntur
1332 4770 1385 4824 in
1432 4783 1592 4826 usum
1654 4779 2025 4826 sacramento-

2138 4762 2290 4831 λόγον
2323 4763 2519 4827 θυσίας
2566 4763 2706 4834 μετὰ
2735 4763 2805 4818 τὰ
2873 4762 3284 4834 ἀναλισκόμενα
3333 4763 3415 4827 είς
3465 4762 3566 4833 τὴν
3614 4761 3729 4815 τῶν

443 4864 802 4929 rum,‘clerici
848 4861 1118 4927 dividant,
1162 4869 1218 4916 et
1266 4874 1446 4931 neque
1484 4858 1908 4917 catechumenus
1956 4874 2023 4915 ex

442 4957 513 5013 iis
533 4956 810 5023 comedat,
833 4953 920 5007 vel
961 4954 1150 5019 bibat;
1187 4954 1282 5007 sed
1309 4950 1491 5022 patius
1517 4950 1724 5016 clerici.
1751 4959 1806 5007 et
1836 4949 2025 5006 ﬁdeles

441 5049 647 5110 fratres
672 5047 765 5119 qui
780 5054 911 5103 sunt
926 5060 1050 5102 cum
1081 5044 1237 5115 ipsis,
1253 5044 1535 5117 respondit
1560 5054 1747 5101 sancta
1758 5044 2021 5117 synodus.

447 5140 558 5217 Sed
589 5153 761 5195 canon
792 5137 1013 5209 quidem
1043 5152 1151 5193 non
1175 5136 1366 5193 deﬁnit
1406 5135 1477 5193 de
1520 5135 1842 5208 Fragmentis
1897 5152 2020 5209 que

447 5240 659 5288 restant
705 5244 775 5286 ex
798 5240 990 5287 sancto
1041 5243 1182 5301 pane
1232 5227 1496 5296 exaltato,
1541 5239 1598 5287 et
1629 5229 1865 5299 reliquis
1918 5243 2021 5285 nec

447 5324 712 5395 praecepit
779 5321 1063 5392 quomodo
1100 5322 1168 5379 iis
1234 5323 1312 5378 uti
1381 5331 1654 5395 Oporteat.
1709 5320 2023 5392 Responsio

451 5425 635 5471 autem
668 5430 859 5472 eorum
886 5414 1357 5485 consumptionem
1406 5414 1460 5469 in
1513 5415 1622 5470 duo
1659 5414 1862 5471 divisit.
1916 5413 2021 5469 Sed

449 5516 639 5564 sancta
668 5508 886 5579 quidem
920 5508 1163 5577 synodus
1198 5506 1269 5563 de
1298 5507 1425 5563 vino
1457 5507 1645 5563 oblato
1692 5507 1975 5578 respondit
2006 5523 2022 5562 :

449 5598 786 5671 Theophilus
807 5608 987 5657 autem
1018 5599 1193 5667 ipsum
1222 5611 1441 5671 quoque
1472 5598 1726 5656 similiter
1744 5613 1810 5652 ac
1830 5613 2024 5669 panes.

450 5693 881 5746 consumendum
932 5689 1209 5759 decrevit;
1264 5700 1322 5745 et
1391 5699 1564 5755 recte,
1634 5699 1695 5744 ut
1737 5690 2020 5745 existimo.

449 5778 638 5850 Neque
679 5782 824 5839 enim
862 5782 1374 5865 exaltatursinum,
1430 5783 1526 5840 sed
1556 5780 1732 5841 solum
1770 5781 2021 5839 sanctiﬁ-

2138 4854 2312 4925 ἁγίων
2339 4856 2534 4929 χρείαν
2562 4856 2612 4909 οῖ
2637 4856 2893 4926 κληρικοὶ
2925 4855 3402 4925 διανεμέσθωσαν,
3434 4856 3530 4908 καὶ
3563 4853 3708 4925 μήτε

2134 4947 2551 5019 κατηχούμενος
2577 4948 2643 5000 ὲκ
2667 4946 2876 5001 τούτων
2903 4945 3160 5012 ἐσθιέτω,
3217 4945 3252 5019 ἢ
3286 4949 3515 5009 πινέτω,
3585 4945 3727 5002 ἀλλὰ

2135 5037 2340 5111 μᾶλλον
2368 5039 2418 5091 οῖ
2441 5037 2697 5110 κληρικοὶ
2726 5039 2821 5092 καὶ⁸
2845 5038 2897 5092 οἱ
2949 5038 3048 5092 σὺν
3076 5038 3266 5102 αὐτοῖς
3322 5037 3513 5092 πιστοὶ
3569 5036 3729 5091 ἀδελ-

2132 5131 2247 5203 φοὶ,
2277 5130 2618 5203 ἀπεκρίνατο
2644 5132 2679 5198 ή
2701 5129 2836 5200 ἁγία
2863 5129 3107 5195 σύνοδος.
3140 5129 3291 5201 Πλὴν
3314 5131 3345 5184 ὁ
3408 5128 3510 5202 μὲν
3540 5127 3726 5185 κανὼν

2134 5224 2200 5279 ού
2229 5223 2568 5278 διεστείλατό
2596 5241 2650 5277 τι
2673 5222 2836 5295 χάριν
2868 5223 2981 5278 τῶν
3008 5222 3443 5292 περιττευόντων
3470 5220 3728 5292 κλασμά-

2132 5332 2243 5371 των
2264 5315 2374 5372 ἀπδ
2403 5314 2501 5371 τοῦ
2529 5316 2839 5388 ὑψωθέντος
2861 5316 3021 5385 ἁγίου
3044 5315 3241 5387 ἄρτου.
3296 5315 3396 5371 καὶ
3444 5315 3558 5369 τῶν
3609 5310 3725 5367 λοι-

2133 5410 2279 5473 πῶν,
2311 5410 2424 5464 οὐδ’
2450 5411 2600 5475 ὅπως
2632 5411 2843 5474 τούτοις
2875 5412 2961 5466 δεῖ
2973 5410 3217 5481 χρῆσθαι
3245 5409 3702 5482 παρεκελεύσατο

2144 5503 2213 5556 Ἥ
2250 5502 2308 5557 δὲ
2333 5503 2628 5575 ἀπόκρισις
2657 5504 2859 5564 διεῖλεν
2897 5504 2981 5566 είς
3011 5503 3107 5557 δύο
3135 5502 3236 5574 τὴν
3284 5504 3496 5556 τούτων
3548 5501 3723 5557 Band»

2135 5611 2256 5665 νην.
2291 5596 2431 5665 Περὶ
2463 5595 2653 5661 μέντοι
2683 5594 2784 5649 τοῦ
2816 5595 3271 5665 προσφερομένου
3321 5593 3471 5648 οίνου
3530 5595 3564 5665 ἠ
3622 5592 3725 5664 μὲν

2136 5688 2271 5756 ἁγία
2300 5687 2523 5753 σύνοδος
2557 5689 2712 5743 οὐδέν
2740 5705 2795 5742 τι
2829 5685 3199 5755 ἀπελογίσατο
3220 5702 3235 5720 ο
3303 5689 3333 5741 δ
3354 5686 3416 5741 δὲ
3461 5685 3725 5756 Θεόφιλος

2140 5780 2237 5841 καὶ
2265 5780 2461 5837 τοῦτον
2489 5781 2810 5851 παρομοίως
2833 5780 2947 5843 τοῖς
2977 5778 3167 5851 ἄρτοις
3212 5777 3561 5836 δαπανᾶσθαι
3595 5778 3725 5834 διω-
