4020 6440
361 394 470 460 945

1366 395 2155 458 INTERPRE'I‘ATIONES
2184 396 2605 462 CANONIC/E.

3540 398 3645 461 9i6

367 510 560 582 ρίσατο
591 524 607 542 ο
644 507 741 565 καὶ
773 508 851 573 ὡς
885 509 1116 580 νομίζω,
1146 505 1331 572 καλῶς
1362 524 1376 540 ·
1418 508 1540 564 οὐδὲ
1576 508 1688 580 γὰρ
1721 509 1954 584 ὑψοῦται

2074 522 2234 570 :atur.
2277 514 2421 586 Lege
2455 516 2619 571 etiam
2653 521 2967 574 sanctorum
2999 512 3369 585 apostolorum
3409 530 3537 571 can.
3575 518 3642 571 72

373 605 404 659 δ
437 599 603 668 οἶνος,
665 603 805 658 ἀλλά
853 601 1016 673 μόνον
1081 604 1401 673 ἁγιάζεται.
1480 602 1784 672 ’ἀνάγνωθι
1844 603 1955 657 τῶν

363 696 539 764 ἀγίων
611 694 926 752 ἀποστόλων
985 694 1189 749 κανόνα
1247 693 1324 766 οβ’
1381 695 1477 748 καὶ
1560 697 1661 767 τῆς
1706 695 1764 748 ἐν
1825 695 1953 763 Ἀγ-

366 789 431 844 κύ
443 805 512 861 pg
535 789 755 842 συνόδου
784 786 989 841 κανόνα
1012 785 1055 850 ζ’
1089 788 1184 840 καὶ
1204 793 1277 854 η’.
1339 772 1653 857 Σημείωσαι
1699 783 1757 839 δὲ
1801 786 1869 839 τά
1897 786 1956 840 ὲν

361 885 430 953 τῇ
462 882 717 954 παρούσῃ
747 881 1040 953 ἀποκρίσει
1071 879 1463 950 περιεχόμενα,
1508 880 1603 933 καὶ
1655 878 1952 950 θρήνησον,

363 976 484 1038 ’πῶς
515 976 943 1044 καταφρονεῖται
968 973 1156 1043 σχεδον
1184 973 1292 1027 ἀπὸ
1322 974 1542 1026 πάντων
1598 971 1709 1025 τῶν
1763 972 1957 1045 ἱερέων

364 1066 399 1135 ὴ
460 1065 674 1136 δαπάνη
729 1081 838 1119 των
900 1067 977 1138 μὴ
1030 1064 1334 1136 ὑψωμένων
1407 1081 1739 1135 προσφορων
1770 1081 1784 1096 ·
1873 1065 1956 1117 ὅτι

361 1156 588 1244 πλείους
618 1158 730 1227 γὰρ
760 1157 857 1211 καί⁵
889 1158 1029 1227 μετά
1059 1159 1312 1228 κρεάτων
1341 1156 1613 1211 ἐσθίουσιν
1639 1155 1828 1223 αύτάς,
1859 1156 1956 1211 καὶ

362 1247 719 1321 ἀλλοτρόπως
749 1248 1176 1304 κοινοποιοῢσιν.

961 1344 1303 1400 sparum:
1340 1347 1432 1413 (τ’.

437 1436 509 1490 El
533 1434 922 1500 ὁπουδήποτε
947 1436 1277 1505 ἀποκαρεὶς
1326 1441 1597 1507 μοναχός
1657 1455 1749 1504 τις
1796 1437 1953 1503 ,ϐλά-

363 1547 577 1586 πτεται
598 1530 751 1587 κατὰ
779 1549 834 1586 τι
868 1533 1113 1602 συμϐὰν
1140 1533 1441 1603 ψυχικῶς.
1504 1534 1600 1588 καὶ
1649 1534 1954 1603 ,ϐουλόμεσ-

361 1641 475 1692 νος
494 1622 887 1693 ὑποχωρῆσαι
915 1623 1192 1694 δεσμηθῇ
1222 1627 1384 1694 παρὰ
1414 1625 1522 1680 τοῦ
1554 1628 1778 1681 οἰκείου
1812 1643 1956 1695 προ-

361 1717 647 1785 εστῶτος,
676 1717 734 1773 τί
757 1715 1039 1786 naniam;
1069 1717 1183 1787 τῆς
1214 1718 1454 1789 βλάϐης
1479 1722 1953 1792 καταφρονήσει,

365 1815 407 1885 ἦ
435 1812 545 1868 τοῦ
579 1811 816 1884 δεσμοῦ
839 1829 860 1878 ;

2058 620 2112 664 et
2131 608 2321 680 synodi
2352 609 2649 679 Ancyranze
2707 622 2829 663 can.
2863 605 2894 658 Ἰ
2940 616 2995 661 et
3036 605 3091 664 8.
3148 604 3417 662 Observes
3456 619 3638 664 autem

2057 714 2180 770 quae
2221 702 2275 753 in
2316 699 2570 768 praesenti
2631 697 2986 768 responsione
3037 698 3427 764 continentur;
3477 712 3533 756 et
3567 702 3646 756 la-

2059 793 2260 851 mentis
2290 807 2470 858 vaces,
2503 791 2647 861 quod
2709 790 2778 846 ab
2809 791 3064 847 omnibus
3106 792 3497 862 propemodum
3557 808 3646 848 sa-

2059 887 2378 944 cerdotibus
2432 884 2700 955 neglectui
2755 884 3024 939 habeatur
3069 883 3430 951 exaltatarum
3476 884 3644 957 218

2058 980 2394 1035 oblatiouum
2422 978 2765 1046 consumptio
2802 995 2817 1033 :
2850 976 3096 1047 plerique
3139 977 3288 1032 enim
3345 992 3439 1033 eos
3473 980 3639 1033 etiam

2058 1087 2184 1128 cum
2220 1074 2481 1128 carnibus
2507 1071 2823 1138 comedunt,
2850 1079 2905 1126 et
2939 1070 3060 1125 aliis
3093 1070 3270 1126 modis
3319 1071 3638 1142 profanant.

2518 1359 3038 1420 INTERROGATIO
3091 1359 3179 1413 Vi.

2114 1456 2173 1513 Si
2193 1456 2333 1511 ullus
2350 1455 2721 1526 quocunquelin
2739 1455 2855 1509 loco
2874 1461 3058 1507 tonsus
3073 1449 3358 1505 monachus
3377 1449 3431 1504 in
3445 1448 3647 1520 aliqua,

2057 1550 2199 1620 quod
2221 1550 2337 1621 ejus
2367 1549 2606 1605 animam
2643 1550 2889 1620 offendit,
2920 1549 3156 1613 (reditur,
3203 1557 3252 1602 et
3288 1545 3464 1601 volens
3508 1560 3650 1599 rece-

2056 1644 2200 1710 dere,
2235 1663 2266 1697 a
2304 1660 2401 1698 suo
2451 1644 2735 1715 prwpositq
2805 1642 3005 1713 ligatus
3036 1640 3220 1709 fuerit,
3272 1638 3401 1711 quid
3449 1637 3651 1709 faciet?

2058 1739 2312 1790 damnum
2333 1745 2652 1802 contemnet,
2694 1751 2764 1790 an
2795 1733 3069 1790 uinculum
3092 1734 3118 1788 .’

431 1883 705 1961 AIIOKP.
765 1907 888 1977 Χρὴ
940 1909 1156 1965 τοῦτον
1212 1909 1418 1978 ,λέγειν
1486 1905 1566 1971 τῷ
1623 1906 1954 1975 προεστῶτι

2127 1914 2342 1974 RESP.
2405 1917 2619 1987 Oportet
2663 1931 2780 1972 eum
2841 1914 3017 1971 dicere
3060 1914 3343 1983 praeposito
3397 1928 3557 1982 quam
3587 1910 3652 1966 ob

366 1996 445 2053 δι’
472 1998 504 2054 δ
522 1999 863 2073 ,βλάπτεται
894 2017 912 2034 ο
937 2003 1037 2057 καὶ
1061 2006 1114 2058 ει
1138 2003 1272 2058 ἐστι
1312 1999 1633 2071 προφανὴς
1667 1999 1956 2068 κίνδυνος

366 2093 696 2156 ἐκ·τούτου,
734 2095 1074 2164 ὑποχωρεῖν
1135 2094 1388 2162 ἐκεῖθεν,
1424 2094 1528 2150 και
1567 2092 1654 2166 μὴ
1692 2092 1802 2149 τοῦ
1855 2093 1955 2148 δε-

365 2189 531 2258 σμοῦ
582 2189 941 2260 φροντίζειν.

438 2281 706 2339 ΕΡΜΗΝ.
749 2282 810 2336 Ὀ
865 2284 1055 2352 τρίτος
1088 2283 1272 2341 κανὼν
1302 2284 1403 2354 τῆς
1433 2284 1493 2338 ἐν
1546 2277 1629 2346 τῶ
1681 2280 1797 2353 ναῷ
1845 2280 1955 2339 τῶν

377 2374 583 2444 Ἀγίων
615 2376 963 2431 Ἀποστόλων
987 2379 1263 2443 συστάσης
1294 2377 1521 2446 πρώτης
1569 2377 1664 2432 καὶ
1707 2377 1805 2448 τῆς
1832 2378 1955 2432 δευ-

363 2465 529 2537 τέρας
547 2468 766 2521 συνόδου
785 2468 1145 2539 ἀφορίζεσθαι
1167 2468 1464 2541 διορίζεται
1487 2467 1581 2522 τὸν
1607 2468 1960 2540 καθηγούμε-

368 2576 486 2624 νον,
531 2559 608 2631 μὴ
640 2558 1021 2630 ἀναζητοῦντα
1057 2561 1200 2631 μετά
1256 2562 1582 2629 ἐπιμελείας
1632 2562 1728 2617 τὸν
1765 2561 1958 2616 ἀποδι-

363 2652 674 2724 δράσκοντα
702 2654 936 2724 μοναχὸν
952 2652 1119 2709 αὐτοῦ
1143 2670 1159 2687 ο
1191 2654 1286 2709 καὶ
1315 2657 1343 2708 δ
1370 2655 1413 2709 δ’
1442 2654 1625 2708 κανὼν
1655 2656 1756 2726 τῆς
1785 2654 1959 2725 αὐτῆς

370 2746 595 2802 συνόδου
651 2744 906 2818 ἀφορίζει
940 2746 1034 2800 τὸν
1060 2747 1231 2818 χωρὶς
1272 2746 1497 2817 εὐλόγου
1554 2746 1737 2810 αἰτίας
1794 2764 1957 2816 μετα-

365 2841 639 2895 πίπτοντα
674 2837 932 2911 μοναχὸν,
968 2839 1183 2893 καὶτὸν
1206 2839 1499 2911 δεχόμενον
1548 2841 1740 2895 αὐτόν.
1790 2840 1957 2895 ’Ὅθεν

364 2934 464 2988 καὶ
489 2933 523 3000 ἡ
555 2932 687 3001 ἀγία
713 2932 932 2998 σύνοδος
958 2933 1340 3004 ἀπελογήσατο
1368 2935 1443 3005 μὴ
1475 2934 1955 3005 ἀπεριμερίμνως,

369 3023 469 3074 καὶ
496 3021 641 3075 κατὰ
675 3022 738 3075 τδ
785 3021 945 3088 δόξαν
977 3022 1277 3076 σκάνδαλον
1307 3023 1388 3077 ἑνὶ
1421 3024 1640 3096 ἑκάστῳ
1690 3025 1802 3077 τῶν
1866 3043 1955 3095 μο-

368 3114 580 3183 ναχῶν,
609 3114 921 3186 ὑποχωρεῖν
942 3115 1002 3182 ἐξ
1032 3110 1101 3187 ἦς
1131 3115 1387 3187 ἀπεκάρη
1425 3117 1615 3186 μονῆς,
1646 3115 1783 3170 ἀλλά
1823 3117 1957 3173 ἀνα-

366 3207 647 3261 διδάσκειν
669 3206 830 3261 τοῦτο
885 3207 979 3260 τὸν
1005 3206 1445 3278 καθηγούμενον,
1475 3206 1572 3261 καὶ
1596 3209 1645 3260 εί
1685 3208 1759 3278 μὴ
1799 3207 1957 3277 τύχοι

363 3300 731 3372 διορθώσεως,
788 3301 1100 3372 ὑποχωρεῖν
1133 3300 1243 3353 ἀπὸ
1310 3303 1411 3369 τῆς
1465 3300 1660 3370 μονῆς,
1730 3300 1825 3355 καὶ
1885 3301 1961 3370 μὴ

368 3391 808 3462 ἐπιστρέφεσθαι
838 3390 934 3445 τοῦ
968 3390 1302 3462 ἡγεμονικοῦ
1334 3389 1561 3461 δεσμοῦ.
1602 3390 1871 3459 Ἑκλασαῦ
1902 3389 1961 3452 δὲ

366 3484 429 3538 τὸ
467 3484 543 3555 μὴ
581 3483 1011 3553 ἐπιστρέφεσθαι
1042 3483 1209 3536 αὐτὸν
1238 3481 1332 3535 τοῦ
1372 3480 1575 3552 δεσμοῦ
1647 3484 1728 3546 είς
1790 3482 1851 3535 τὸ
1888 3481 1963 3560 μὴ

368 3573 703 3629 ὑποπτεύειν
735 3573 981 3628 κίνδυνον
1014 3576 1077 3626 ὲκ
1108 3571 1209 3626 τοῦ
1272 3571 1631 3643 ὑποχωρῆσαι
1698 3574 1804 3643 πρξ
1867 3573 1962 3627 τοῦ

369 3668 601 3736 λυθῆναι
630 3668 722 3720 τδν
754 3665 955 3734 δεσμόν
981 3681 995 3695 ·
1040 3665 1115 3737 μὴ
1145 3664 1329 3733 μέντοι
1365 3682 1431 3733 γε
1492 3664 1588 3720 καὶ
1616 3666 1696 3728 είς
1761 3664 1822 3718 τὸ
1867 3680 1964 3731 γε-

367 3760 561 3813 νέσθαι
593 3760 898 3813 αὐτόλυπον
932 3773 948 3787 ·
977 3757 1460 3826 ἀναγκασθήσεται
1492 3760 1603 3829 γὲρ
1645 3756 1967 3827 προσελθεὲν

366 3853 449 3921 τῷ
470 3853 614 3906 κατά
643 3850 831 3923 χώραν
857 3852 1171 3920 ὲπισκόπῳ,
1208 3851 1303 3903 καὶ
1345 3850 1579 3918 λυθῆναι
1637 3849 1732 3903 τοῦ
1760 3850 1964 3920 δεσμοῦ

368 3947 406 4016 ἢ
440 3946 583 3999 κατὰ
608 3944 923 4014 παρουσίαν
952 3944 1047 3997 τοῦ
1099 3945 1474 4013 ἐπαγαγόντος
1529 3945 1716 4007 αὐτὸν,
1774 3944 1807 4015 ἢ
1869 3944 1967 3998 καὶ

368 4039 589 4092 ἐκείνου
621 4037 772 4108 δίχα,
826 4038 965 4108 μετά
991 4036 1091 4110 τὴν
1159 4035 1501 4108 μετάκλησιν
1531 4036 1608 4107 μὴ
1665 4036 1967 4107 παρουσιά-

368 4145 589 4194 σαντος.

1034 4224 1371 4280 ΕΡΩἸἪΣΙΣ
1406 4228 1481 4281 Ζ¹.

451 4316 814 4387 Ἦγούμενος
844 4316 1144 4373 τελευτῶν
1186 4321 1515 4373 κατέλιπεν
1576 4318 1780 4388 ἕτερον
1832 4319 1966 4373 ἀνθ’

366 4409 616 4474 ἑαυτοῦ,
647 4410 968 4478 δεσμήσας
999 4412 1190 4465 αὐτόν
1211 4412 1298 4480 μὴ
1335 4412 1756 4481 ὑποχωρῆσαι.
1802 4412 1967 4467 Ἀλλ’

368 4502 403 4554 ό
437 4498 706 4566 τοιοῦτος
735 4500 1076 4569 καταγνοὺς
1148 4501 1369 4556 ἑαυτοῦ
1440 4504 1767 4558 ἀσθένειαν
1823 4506 1970 4559 ὑπε-

365 4593 628 4666 χώρησε.
656 4596 724 4699 1'!
755 4595 908 4699 γοῦν
928 4597 1046 4665 χρὴ
1075 4596 1331 4665 ποιῆσαι
1372 4598 1507 4663 περὶ
1559 4598 1668 4652 τοῦ
1697 4599 1963 4668 δεσμοῦ;
1993 4638 2046 4699 D

441 4686 710 4744 AHOKP.
785 4689 1045 4758 Ἀλογος
1104 4693 1137 4744 ὁ
1183 4688 1434 4760 δεσμὸς.
1482 4691 1582 4746 καὶ
1641 4691 1741 4747 διὰ
1785 4693 1964 4748 τοῦτο

364 4782 839 4850 ἁνίσχυροςοκαὶ
864 4785 897 4836 ό
929 4782 1253 4850 δεσμηθεὶς
1278 4783 1733 4849 ἀπολυθήσεται
1758 4785 1965 4854 ἀρχιεο

359 4873 469 4943 ρεῒ
522 4874 907 4943 προσελθὼν,
971 4875 1073 4931 καὶ
1140 4875 1216 4931 τὰ
1284 4879 1417 4932 καθ’
1496 4877 1719 4933 ἑαυτὸν
1768 4879 1965 4949 ἀπαγ-

367 4969 604 5040 γείλας.

443 5059 710 5115 EPMHN.
780 5059 842 5114 Ὀ
873 5059 956 5130 λβ’
980 5060 1163 5116 κανὼν
1192 5061 1302 5117 τῶν
1381 5063 1560 5131 ἁγίων
1632 5065 1955 5120 ἀποστόλων

373 5153 516 5221 φησὶ
541 5154 633 5206 τὸν
657 5152 1027 5224 ἀφορισθέντα
1049 5155 1180 5225 παρ’
1213 5157 1521 5212 ἐπισκόπου
1573 5159 1648 5230 μὴ
1703 5157 1960 5229 δέχεσθαι

370 5244 509 5314 παρ’
546 5244 735 5315 ἑτέρου
773 5246 895 5300 ἀλλ’
930 5247 962 5317 ἢ
1005 5250 1157 5318 παρᾶ
1185 5247 1280 5302 τοῦ
1356 5249 1723 5319 ἀφορίσαντος
1775 5253 1962 5319 αὐτὸν,

372 5340 424 5391 εί
464 5338 537 5407 μὴ
566 5339 715 5392 κατά
761 5340 1070 5411 συγκυρίαν
1098 5341 1470 5409 τελευτήσειὸ
1520 5343 1795 5413 ἀφορίσας
1832 5346 1963 5400 τοῦ-

369 5448 489 5484 τον.
518 5430 678 5485 Κατά
721 5432 855 5501 γοῦν
894 5431 994 5501 τὴν
1018 5433 1210 5486 τούτου
1250 5433 1547 5503 περίληψιν
1575 5435 1965 5505 ἀπελογήσατο

371 5524 409 5595 ἡ
444 5523 575 5589 ἁγία
611 5521 834 5588 σύνοδος
870 5523 962 5576 τὸν
991 5524 1289 5592 ἀνεύ).ογον
1311 5525 1515 5596 δεσμὸν
1558 5527 1651 5581 τοῦ
1707 5528 1965 5601 τελευτή-

374 5630 577 5676 σαντος
635 5616 1063 5685 καθηγουμένου
1149 5615 1372 5669 λύεσθαι
1433 5618 1586 5689 παρά
1652 5618 1962 5690 ἀρχιερέως

371 5707 598 5770 πάντως
649 5709 747 5761 τοῦ
798 5711 939 5762 κατά
973 5709 1182 5780 χώραν.
1212 5711 1287 5763 Οὐ
1348 5711 1456 5783 γάρ
1513 5712 1731 5783 ἐνεδόθη
1763 5715 1961 5786 ἐτέρας

377 5800 603 5869 ἐνορίας
644 5803 894 5874 ἀρχιερεί
919 5802 1070 5856 λύειν
1113 5803 1314 5871 δεσμὸν
1359 5805 1802 5877 καθηγουμένου,
1885 5808 1960 5880 μὴ

380 5895 746 5964 ὑποκειμένου
782 5895 950 5966 αὐτῷ.
986 5894 1096 5950 Καὶ
1127 5895 1153 5949 ὁ
1192 5899 1289 5966 μὲν
1317 5896 1628 5968 παράλογος
1655 5901 1961 5971 ἀφορσμὸς

2063 2028 2171 2066 rem
2202 2010 2456 2066 (reditur:
2481 2019 2528 2065 et
2558 2010 2608 2064 si
2649 2019 2727 2065 est
2752 2022 2818 2063 ex
2843 2023 2903 2064 eo
2950 2008 3294 2078 manifestum
3335 2002 3651 2077 periculum,

2063 2105 2323 2171 recedere,
2357 2112 2407 2159 et
2433 2101 2698 2159 vinculum
2718 2117 2825 2157 non
2853 2117 3066 2157 curare.

2135 2284 2563 2345 INTERPRET.
2607 2285 2830 2343 Tertius
2867 2299 3044 2341 canon
3083 2282 3278 2354 primm
3300 2288 3354 2337 et
3395 2279 3655 2335 secundae

2064 2401 2185 2455 syn.
2230 2386 2284 2438 in
2318 2382 2518 2451 templo
2553 2379 2657 2437 SS.
2694 2377 3066 2447 apostolorum
3119 2374 3341 2441 habitae,
3373 2371 3651 2434 decernit,

2067 2489 2128 2533 ut
2147 2485 2468 2546 segregetur
2502 2471 2827 2530 monasterii
2856 2472 3203 2541 praepositus,
3229 2467 3321 2537 qui
3361 2465 3656 2534 diligenter

2068 2586 2175 2625 non
2232 2567 2463 2641 requirit
2520 2566 2848 2621 monachum
2895 2578 3055 2618 suum
3116 2562 3208 2632 qui
3280 2559 3542 2630 aufugit:
3580 2564 3656 2612 σει

2066 2669 2294 2730 quartus
2311 2672 2488 2716 canon
2517 2656 2761 2727 ejusdem
2791 2652 2984 2725 synodi
3022 2657 3282 2722 segregat
3323 2647 3654 2703 monachum

2066 2755 2157 2826 qui
2187 2752 2463 2820 sineiusta
2514 2764 2682 2806 causa
2733 2747 2962 2813 recedit,
3003 2754 3055 2800 et
3098 2760 3223 2799 eum
3253 2743 3343 2814 qui
3381 2742 3529 2796 illum
3574 2755 3662 2795 re-

2066 2846 2216 2917 cipit.
2253 2845 2406 2901 Unde
2438 2843 2602 2900 etiam
2631 2843 2689 2898 S.
2712 2856 2830 2913 syn.
2861 2835 3150 2908 respondit
3204 2851 3317 2891 non
3346 2832 3658 2889 inconside-

2067 2951 2184 2995 rate
2207 2950 2262 2994 et
2326 2954 2427 3008 pro
2494 2952 2557 2990 ea
2616 2951 2737 3006 qnze
2786 2934 2890 2991 sibi
2951 2931 3270 3002 apparuerit
3328 2928 3656 2984 offensione.

2068 3032 2234 3085 licere
2280 3025 2871 3097 unicuiqnemouacho
2928 3038 2995 3077 ex
3057 3036 3123 3075 eo
3180 3035 3305 3097 quo.
3344 3028 3534 3073 tonsus
3576 3029 3660 3073 est

2069 3121 2407 3177 monaSteriu
2433 3119 2728 3175 recedere:
2759 3116 2853 3171 sed
2887 3114 2990 3167 hoc
3041 3092 3391 3183 praepositum
3438 3108 3656 3170 docere,

2068 3224 2121 3269 ct
2147 3214 2189 3267 si
2225 3228 2330 3266 non
2364 3209 2762 3265 correctionem
2794 3215 3076 3261 assecutus
3115 3203 3207 3265 sit,
3244 3216 3273 3256 a
3320 3194 3662 3255 monasterio

2068 3308 2348 3369 recedere,
2381 3314 2436 3360 et
2464 3302 2670 3357 vinruli
2737 3301 2820 3356 sui
2873 3297 3154 3369 praepositi
3209 3293 3418 3349 nullam
3472 3307 3661 3347 curam

2068 3399 2290 3454 habere.
2324 3396 2522 3467 Accipe
2573 3404 2754 3448 autem
2790 3391 2922 3446 illud
2971 3388 3171 3444 vinculi
3237 3386 3442 3442 nullam
3475 3399 3663 3440 curam

2070 3492 2273 3548 habere
2308 3488 2374 3543 ad
2408 3489 2533 3555 hoc,
2591 3497 2648 3540 ut
2684 3500 2792 3540 non
2825 3483 3140 3553 suspicetur
3172 3481 3394 3551 aliquod
3418 3479 3520 3534 sibi
3562 3480 3667 3534 im:

2070 3584 2281 3637 minere
2312 3580 2638 3651 periculum,
2669 3593 2735 3633 eo
2762 3576 2905 3645 quod
2933 3572 3227 3628 recesserit
3250 3582 3544 3640 antequam
3586 3569 3660 3625 sit
3690 3588 3695 3591 τ

2071 3677 2307 3730 solutum
2337 3672 2650 3728 vinculum:
2686 3685 2797 3725 non
2823 3670 2988 3724 etiam
3014 3667 3083 3722 ad
3118 3667 3245 3733 hoc,
3298 3675 3356 3719 ut
3384 3665 3501 3734 ipse
3549 3677 3648 3733 per

2071 3783 2131 3824 sc
2158 3766 2494 3821 absolvatur.
2525 3762 2762 3832 Cogetur
2784 3761 2931 3815 enim
2978 3759 3241 3816 accedere
3293 3758 3361 3812 ad
3413 3755 3517 3810 loci
3548 3755 3663 3822 cpi-

2071 3876 2319 3927 scopum,
2357 3868 2412 3913 et
2441 3857 2645 3911 absolvi
2673 3872 2701 3909 a
2737 3854 2979 3918 vinculo,
3010 3852 3094 3907 vel
3133 3865 3199 3907 eo
3243 3854 3513 3919 praesente
3566 3847 3660 3915 qni

2072 3955 2349 4021 imposuit.
2420 3951 2504 4006 vel
2540 3950 2704 4004 etiam
2739 3948 2861 4003 sine
2923 3946 3038 4012 illo,
3100 3954 3391 4017 postquam
3439 3950 3667 3998 vocatus

2076 4061 2185 4100 non
2222 4042 2483 4100 adfuerit.

2533 4208 3056 4271 INTERROGATIO
3088 4208 3200 4267 VII.

2147 4300 2380 4372 Moriens
2412 4312 2728 4384 pra’positus
2769 4307 2982 4378 reliquit
3009 4321 3102 4377 pro
3127 4319 3181 4359 se
3235 4301 3426 4366 alium,
3483 4299 3548 4354 ab
3605 4314 3667 4353 eo

2072 4413 2295 4483 ligatum
2323 4425 2386 4461 ne
2422 4406 2699 4461 recederet.
2726 4401 2781 4457 Is
2812 4409 3015 4466 autem,
3050 4413 3151 4452 sua
3178 4393 3548 4450 imbecillitate
3579 4407 3669 4446 σου

2073 4505 2246 4576 gnita,
2283 4499 2519 4556 recessit.
2561 4496 2704 4564 Quid
2765 4497 2945 4562 itaque
2986 4490 3295 4562 faciendum
3333 4497 3408 4541 est
3448 4486 3512 4540 de
3546 4484 3669 4538 vin-

2072 4598 2191 4653 culo
2215 4594 2241 4648 ?

2142 4689 2350 4747 RESP.
2378 4687 2611 4744 Ratione
2642 4693 2785 4739 caret
2812 4678 3101 4743 vinculum,
3128 4683 3286 4744 atque
3329 4673 3448 4727 ideo
3476 4668 3670 4725 iuratis

2069 4788 2194 4841 dum
2222 4792 2321 4847 est,
2381 4791 2432 4837 et
2458 4777 2708 4835 accedens
2740 4775 2808 4829 ad
2838 4774 3140 4844 episcopum
3195 4768 3395 4837 ligatus
3427 4761 3670 4818 absolve-

2069 4889 2177 4945 tur,
2209 4894 2328 4932 cum
2359 4892 2459 4930 sua
2494 4875 2542 4929 ei
2570 4871 2894 4943 exposuerit.

2142 5053 2922 5117 INTERPRET.Tricesimus
2985 5048 3259 5104 secundus
3313 5059 3488 5100 canon
3541 5056 3672 5095 san-

2069 5166 2281 5213 ctorum
2315 5152 2706 5222 apostolorum,
2731 5145 2865 5201 dicit
2901 5159 3027 5200 eum
3063 5141 3155 5210 qui
3187 5141 3256 5195 ab
3283 5138 3543 5209 episcopo
3577 5149 3669 5199 se-

2071 5257 2328 5322 gregatus
2351 5256 2435 5303 est
2456 5245 2525 5301 ab
2561 5243 2670 5299 alio
2701 5256 2807 5297 non
2839 5238 3064 5308 suscipi,
3098 5244 3462 5306 praeterquam
3501 5231 3570 5286 ab
3596 5244 3663 5284 eo

2069 5343 2160 5414 qui
2197 5343 2374 5412 ipsum
2422 5336 2756 5407 segregavit,
2792 5333 2898 5388 nisi
2953 5330 3095 5385 forte
3155 5338 3401 5382 mortuus
3445 5325 3517 5379 sit
3571 5322 3665 5393 qui

2068 5451 2194 5493 eum
2245 5432 2575 5503 segregavit.
2641 5429 2796 5483 Sicut
2851 5426 2982 5495 ergo
3029 5438 3094 5478 eo
3153 5416 3668 5490 comprehenditur,

2075 5527 2358 5595 respondit
2388 5535 2574 5580 sancta
2623 5522 2867 5594 synodus
2925 5518 3184 5589 iniustum
3236 5511 3517 5570 vinculum
3570 5510 3668 5564 de-

2070 5622 2240 5677 functi
2271 5619 2545 5690 praepositi
2574 5618 2715 5674 solvi
2747 5615 2973 5670 omnino
3010 5613 3079 5668 ah
3111 5610 3367 5679 episcopo
3402 5601 3669 5676 regionis.

2069 5716 2258 5784 Neque
2288 5714 2433 5767 enim
2477 5713 2662 5766 datum
2723 5717 2807 5764 est
2838 5706 3065 5762 alterius
3129 5700 3370 5774 regionis
3428 5696 3664 5755 antistiti

2069 5808 2282 5864 solvere
2303 5803 2518 5859 vincula
2555 5799 2833 5874 praepositi
2865 5799 2969 5855 sibi
3031 5812 3142 5853 nou
3178 5792 3407 5850 subditi.
3460 5790 3527 5844 Et
3584 5788 3667 5843 iu-

2073 5900 2224 5971 justa
2256 5898 2476 5968 quidem
2502 5894 2810 5968 segregatio
2835 5892 2920 5949 sic
2952 5890 3218 5948 solvetur.
3254 5886 3331 5942 De
3382 5899 3447 5940 co
3478 5892 3662 5939 autem
