4020 6388
1512 163 1535 196 ν

352 299 460 366 949

1369 299 2150 369 INTERPRETATIONES
2189 299 2611 362 CANONICJS.

3437 339 3444 341 -
3514 306 3622 370 950

349 417 600 474 ταϐάσει
625 418 1018 488 χρησάμενον
1041 419 1314 482 πολλοὺς
1361 419 1681 474 ἀπώλεσεν
1738 414 1834 471 διὸ
1884 417 1941 470 οἱ

2045 413 2239 468 nauita:
2264 411 2529 482 perdidit:
2561 411 2664 478 Qui
2714 413 2890 483 itaque
2915 416 2970 468 in
3016 414 3138 468 boni
3195 416 3488 488 cognitione
3540 434 3630 472 ex-

349 514 421 566 ἐν
441 512 664 582 γνώσει
715 510 820 565 τοῦ
850 513 1042 566 καλοῦ
1063 512 1240 580 ὄντες
1265 511 1363 566 καὶ
1396 512 1465 566 ἐκ
1497 511 1714 566 τούτου
1741 511 1944 578 σφαλ-

349 607 599 676 λόμενοι
648 605 1282 672 ἐπανορθωθήσονται.

422 698 692 753 El’MHN.
744 699 925 752 Αῑδὺο
953 700 1279 769 ἀποκρίσεις
1319 691 1486 752 αὗται
1555 699 1749 766 σαφεῖς
1813 696 1942 749 εἰσι.

353 791 640 862 Βλέπομεν
671 792 728 845 δὲ
758 793 840 845 ὅτι
878 793 926 845 οἱ
965 791 1188 855 πλείους
1239 793 1353 846 τῶν
1402 791 1712 862 δεχομένων
1785 789 1942 858 λογι-

353 883 526 953 σμοὺς
556 884 865 953 ἀνθρώπων
899 884 1038 951 μετὰ
1061 883 1157 938 τοῦ
1182 883 1427 938 τοιούτου
1459 881 1750 936 κανονικοῦ
1783 897 1946 938 atavo-

350 972 595 1034 νίζουσιο
655 971 807 1042 ζήτει
837 967 930 1027 οὖν
983 973 1126 1028 κατὰ
1183 974 1281 1042 τὴν
1341 974 1630 1045 παροῦσαν
1676 973 1945 1043 σωτήριον

351 1063 611 1134 γενέσθαι
651 1065 972 1134 ἀπόκρισιν.
1009 1066 1085 1118 Τὸ
1130 1067 1323 1136 μέντοι
1357 1067 1434 1138 μὴ
1470 1065 1773 1136 λαμϐάνειν
1806 1064 1943 1119 κλά-

353 1169 468 1220 σμα
495 1151 784 1221 ὗψωμένου
805 1153 976 1224 ἄρτου
1005 1157 1135 1218 τοὺς
1169 1155 1614 1226 μεταλαμϐάνειν
1670 1155 1945 1211 κωλυθένξ

352 1260 450 1305 τας
485 1242 651 1296 θείων
674 1245 1042 1315 ἁγιασμάτων
1065 1249 1479 1317 πραγματικῶς
1503 1248 1790 1318 γινόμενον
1817 1246 1943 1316 βλέ-

355 1350 552 1400 πομεν.
579 1333 810 1402 Νομίζω
834 1335 889 1388 δὲ
907 1337 990 1389 ὅτι
1016 1337 1070 1389 αἱ
1137 1339 1422 1404 γυναῖκες,
1493 1337 1596 1390 κᾶν
1656 1336 1942 1389 κωλυθῶσι

352 1426 451 1492 τῆς
485 1424 845 1495 μεταλήψεως
875 1425 984 1479 τῶν
1018 1428 1403 1498 ἁγιασμάτων,
1460 1431 1558 1482 οὐκ
1603 1428 1943 1497 ὲμποδισθή-

357 1530 544 1566 σονται
583 1513 887 1584 λαμϐάνειν
915 1517 1141 1588 κλάσμα
1196 1516 1488 1587 ὑψωμένου
1550 1519 1718 1586 ἄρτου
1749 1533 1763 1546 ο
1810 1517 1941 1569 διότι

354 1607 412 1657 ὲν
450 1606 732 1676 διαφόροις
765 1608 958 1661 κανόσι
993 1610 1161 1678 φησὶν
1205 1612 1232 1662 ὁ
1288 1609 1448 1678 ἅγιος
1498 1609 1787 1671 Βασίλειος
1842 1611 1942 1672 τὰς

353 1694 718 1759 ὀλισθησάσας
736 1701 1008 1766 γυναῖκας
1032 1699 1123 1752 καὶ
1147 1699 1234 1753 διὰ
1277 1701 1436 1752 τοῦτο
1470 1701 1731 1768 ἐπιτιμίῳ
1783 1700 1939 1752 ἀκοι-

2044 505 2264 571 sistunt,
2295 513 2344 556 et
2380 504 2443 556 ab
2476 518 2534 556 eo
2565 503 2832 570 excidunt,
2859 506 3239 574 corripiantur.

2115 688 2538 743 INTERPRET.
2566 688 2656 744 "ac
2685 689 2805 744 duae
2843 689 3234 759 responsiones
3255 691 3417 746 clarae
3469 705 3621 748 sunt.

2045 781 2307 836 Videmus
2349 791 2528 835 autem
2556 780 2700 852 quod
2729 782 2986 851 permulti
3035 782 3128 852 qui
3164 783 3445 839 hominum
3500 803 3633 841 con-

2043 872 2312 928 fessiones
2340 873 2588 940 audiunt,
2650 888 2771 928 cum
2813 889 2877 929 eo
2927 874 3050 942 jure
3085 877 3345 931 canonico
3375 892 3432 932 se
3461 892 3630 933 cano-

2044 967 2168 1022 nice
2207 976 2418 1036 gerant.
2465 965 2579 1024 Ora
2609 981 2766 1036 ergo,
2800 975 2858 1020 ut
2899 966 2992 1021 ﬁat
3057 968 3445 1024 convenienter
3507 969 3632 1024 huic

2043 1058 2269 1114 salutari
2324 1058 2689 1129 responsioni.
2735 1058 2888 1124 Quod
2943 1067 3124 1113 autem
3190 1060 3415 1115 exaltati
3473 1063 3627 1131 panis

2043 1148 2410 1218 fragmentum
2445 1165 2553 1204 non
2595 1149 2888 1219 accipiant,
2936 1151 3027 1220 qui
3077 1149 3388 1206 divinorum
3447 1167 3632 1206 sacra-

2047 1254 2352 1296 mentorum
2411 1257 2534 1298 esse
2609 1242 2909 1312 participes
2962 1242 3219 1313 prohibiti
3287 1251 3436 1309 sunt,
3507 1253 3628 1297 actu

2043 1335 2160 1389 ﬁeri
2200 1335 2467 1391 ridemus.
2513 1334 2785 1391 Existimo
2809 1345 2989 1391 autem
3022 1336 3165 1406 quod
3200 1335 3474 1400 mulieres,
3505 1335 3631 1390 licet

2040 1427 2326 1498 prohibita:
2367 1426 2568 1482 fuerint
2597 1427 2802 1482 sanctis
2829 1427 3250 1491 communicare,
3291 1427 3514 1481 exaltati
3549 1437 3629 1480 ln-

2045 1535 2166 1570 men
2205 1517 2361 1586 panis
2415 1518 2778 1588 fragmentum
2817 1518 3066 1588 accipere
3113 1533 3225 1574 non
3282 1519 3628 1572 velabunlur.

2042 1609 2178 1663 Nam
2216 1611 2268 1664 in
2309 1611 2556 1666 diversis
2587 1612 3088 1667 etiamrcanonibus
3116 1613 3246 1668 dicit
3277 1622 3498 1668 sanctus
3528 1613 3631 1666 Ba-

2045 1700 2219 1766 silius,
2257 1699 2511 1756 Mulieres
2551 1716 2674 1772 quze
2704 1701 2870 1772 lapsa:
2904 1709 3053 1768 sunt,
3109 1717 3174 1757 ac
3206 1711 3494 1774 propterea
3528 1705 3632 1760 Ec-

360 1792 636 1860 νωνησίας
697 1791 1146 1864 ὲκκλησιαστικῷ
1179 1792 1692 1863 καθυποδληθεξσας
1720 1793 1816 1860 τῆς
1841 1792 1939 1862 μὲν

2044 1791 2364 1847 rlesiasticae
2408 1792 2992 1848 excommunicationis
3047 1807 3207 1863 poena
3270 1804 3538 1858 tenentur,
3600 1813 3630 1851 a

357 1884 515 1951 ἁγίας
537 1885 894 1956 μεταλήψεως
913 1885 1426 1956 ἀπαλλοτριυῦσθαι,
1445 1887 1544 1956 τῆς
1566 1886 1621 1940 δὲ
1644 1885 1937 1957 ἐκκλησια-

357 1978 548 2047 στικῆς
583 1977 858 2043 συνάξεως
925 1979 1000 2049 μὴ
1073 1978 1496 2043 ἀποξενοῦσθαι,
1569 1976 1760 2047 ὥσπερ
1813 1978 1940 2039 τοὺς

356 2071 578 2140 ἄνδρας,
611 2071 701 2124 ἴνα
731 2072 807 2142 μὴ
831 2072 1102 2136 γένωνται
1130 2072 1190 2124 ὲν
1213 2071 1487 2141 ὑπολήψει
1516 2073 1616 2124 οὐκ
1638 2070 1816 2140 ἀγαθῇ
1846 2071 1940 2122 καὶ

357 2163 511 2234 παρὰ
545 2163 708 2216 τοῦτο
740 2163 1214 2234 θριαμϐευθῶσιν.
1241 2163 1454 2233 Εἰγοῦν
1477 2163 1539 2216 οὐ
1606 2162 1789 2237 δοθείη
1841 2164 1940 2217 αὐ-

356 2258 478 2319 ταῖς
530 2255 1028 2326 ἐκκλησιαζούσαις
1106 2256 1331 2325 κλάσμα
1381 2255 1550 2326 ἄρτου
1605 2255 1937 2324 ὑψωθέντος,

356 2349 725 2422 διαγνωσθειη
763 2347 997 2419 ἑτοίμως
1033 2347 1094 2400 τὺ
1120 2348 1315 2410 κακὸν,
1352 2346 1422 2401 δι’
1446 2346 1475 2400 ὃ
1505 2345 1607 2399 οὐκ
1651 2345 1935 2412 ἀξιοῦνται

357 2444 459 2512 τῆς
540 2443 704 2512 ἁγίας
788 2441 1154 2516 μεταλῂψεως
1214 2459 1229 2474 ο
1291 2442 1428 2513 ὅπερ
1475 2441 1536 2495 οὐ
1604 2440 1856 2513 βούλεται
1910 2445 1938 2495 ὁ

358 2536 538 2605 ἅγιος.
588 2582 594 2590 .

2047 1893 2235 1940 sancta
2263 1884 2478 1955 quidem
2507 1885 2922 1956 participatione
2949 1887 3196 1952 alienari,
3229 1889 3323 1943 sed
3356 1888 3421 1944 ab
3440 1888 3629 1944 Eccle-

2041 1975 2266 2032 siastica
2305 1975 2708 2043 communione,
2745 1988 2805 2032 ut
2842 1977 3012 2042 viros,
3053 1993 3156 2031 non
3190 1980 3387 2046 arceri,
3422 1994 3493 2034 uc
3520 1995 3626 2034 non

2046 2068 2186 2124 bona
2217 2069 2282 2123 de
2330 2067 2398 2123 iis
2427 2067 2668 2138 suspicio
2694 2070 2995 2136 exoriatur,
3027 2079 3076 2124 et
3107 2077 3391 2140 pmpterea
3447 2072 3628 2125 tradu-

2046 2170 2258 2218 cantur.
2290 2159 2346 2216 Si
2397 2161 2580 2230 itaque
2603 2176 2708 2215 non
2738 2164 2921 2217 datum
2955 2162 3021 2218 iis
3063 2162 3246 2228 fuerit,
3279 2163 3332 2217 in
3394 2161 3633 2218 Ecclesia

2045 2252 2454 2319 exsistentibus,
2492 2253 2712 2308 exaltati
2741 2254 2894 2323 panis
2925 2253 3311 2325 fragmentum,
3336 2270 3632 2324 cognosce-

2047 2355 2135 2399 tur
2169 2343 2420 2414 protinus
2449 2343 2648 2398 malum
2713 2355 2935 2413 prepter
2968 2348 3112 2415 quod
3141 2355 3332 2403 sancta
3382 2363 3630 2404 commu-

2043 2441 2207 2494 nione
2256 2437 2432 2509 dignae
2475 2451 2581 2493 non
2634 2437 2925 2504 habentur.
2987 2438 3138 2506 Quod
3201 2456 3305 2496 non
3355 2441 3469 2496 vult
3503 2453 3623 2491 san-

2042 2541 2182 2589 ctus.
