4020 6412
418 363 525 428 953

1235 356 1621 416 RESPONSA
1665 356 1765 417 AD
1811 354 2550 417 lNTERROGATIONES
2591 356 2833 417 MARCI

3536 360 3643 427 954

413 478 794 550 οίκουμενικοῦ
852 481 1189 548 πατριάρχου
1228 479 1416 548 κυρίου
1457 476 1751 558 Γεωργίου.
1780 469 1880 529 Ὧν
1912 475 1980 528 τά

2089 487 2262 530 annos
2292 483 2484 546 augeat
2518 475 2659 531 Deus
2689 477 2742 529 in
2771 476 2978 528 dierum
3007 473 3418 542 longitudinem.
3452 473 3636 528 Mense

417 575 512 642 ἔτη
544 572 761 636 αὐξανεί
799 574 827 624 ὁ
866 572 996 634 Θεὸς
1040 574 1118 633 εἰς
1156 571 1475 640 μακρότητα
1533 571 1777 638 ἡμερῶν.
1825 565 1975 638 Μηνὶ

415 665 763 734 Φεϐρουαρίῳ
820 664 1194 731 ἐπινεμήσεως
1225 667 1316 728 ιγ’,
1371 662 1463 713 καὶ
1514 660 1650 714 ὲτῶν
1692 660 1830 730 μετά
1876 659 1976 727 τὴν

418 755 693 824 σάρκωσιν
732 751 824 804 τοῦ
865 750 1072 820 Κυρίου
1105 751 1200 802 καὶ
1238 747 1375 800 Θεοῦ
1408 748 1503 801 καὶ
1532 747 1778 815 Σωτῆρος
1821 746 1976 815 ἡμῶν

415 843 593 915 Ἰησοῦ
613 842 873 913 Χριστοῦ,
912 838 1069 908 ,ασγ¹.

503 937 848 1003 Ἐρώτησις.
875 935 938 986 Αἱ
988 933 1115 1002 περὶ
1149 932 1216 984 τά
1258 932 1396 1002 μέρη
1431 931 1532 1000 τῆς
1576 927 1978 1000 Ἀλεξανδρείας

419 1031 512 1084 καὶ
535 1029 644 1082 τῶν
680 1024 1070 1095 Ἱεροσολύμων
1098 1023 1606 1090 ἀναγινωσκόμεναι
1626 1018 1976 1090 λειτουργίαι,

418 1124 511 1176 καὶ
535 1118 826 1188 λεγόμεναι
871 1115 1252 1184 συγγραφῆναι
1299 1113 1448 1181 παρὰ
1491 1112 1598 1163 τῶν
1633 1111 1801 1178 ἁγίων
1839 1112 1974 1163 ἀπο-

386 1193 645 1309 ίστόλων,
707 1206 965 1261 Ἰακώϐου
1023 1204 1118 1258 τοῦ
1181 1203 1526 1270 ἀδελφοθέου,
1577 1203 1670 1254 καὶ
1727 1201 1974 1309 Μάρκου,

416 1303 603 1358 δεκταί
627 1303 731 1354 είσι
755 1303 822 1371 τῇ
851 1300 982 1368 ἁγίᾳ
1008 1299 1100 1352 καὶ
1126 1297 1384 1366 καθολικῇ
1430 1296 1746 1364 Ἐκκλησία,
1780 1294 1811 1364 ἢ
1844 1293 1904 1345 οῦ
1929 1307 1942 1356 ;

485 1399 618 1450 Ἀπ.
675 1395 733 1447 '0
763 1393 940 1462 μέγας
985 1389 1281 1451 ἀπόστολος
1311 1387 1544 1451 Παῦλος,
1593 1389 1621 1439 ό
1651 1387 1760 1439 τῶν
1813 1382 1981 1453 ἁγίων

432 1484 771 1556 Ἐκκλησιῶν
801 1481 894 1536 τοῦ
921 1480 1055 1534 Θεοῦ
1085 1482 1269 1549 ῥήτωρ
1292 1481 1386 1532 καὶ
1413 1477 1751 1542 διδάσκαλος,
1785 1478 1982 1546 Κοριν·

419 1579 552 1640 θίοις
578 1575 926 1639 ἐπιστέλλων,
963 1572 1124 1641 φησίν
1148 1587 1161 1600 ο
1202 1570 1466 1638 Ἀδελφοί,
1503 1568 1808 1641 παρακαλῶ
1837 1569 1981 1639 ὑμᾶς

417 1668 505 1722 διὰ
535 1669 626 1720 τοῦ
661 1666 922 1733 ὀνόματος
951 1666 1043 1718 τοῦ
1075 1663 1275 1731 Κυρίου
1312 1663 1466 1731 ἡμῶν
1501 1661 1673 1729 Ἰησοῦ
1725 1659 1979 1728 Χριστοῦ,

423 1762 510 1814 ἴνα
539 1760 598 1812 τὸ
634 1758 770 1810 αὐτὸ
802 1758 994 1826 λέγητε
1031 1756 1250 1816 πάντες,
1285 1754 1380 1806 καὶ
1412 1754 1485 1822 μὴ
1607 1754 1662 1803 ὲν
1711 1751 1838 1819 ὑμῖν
1865 1751 1982 1818 σχί-

425 1867 607 1922 σματα
639 1867 649 1878 ·
684 1847 781 1920 ἦτε
809 1851 863 1901 δὲ
891 1849 1316 1918 κατηρτισμένοι
1369 1847 1427 1897 ὲν
1461 1845 1537 1915 τῷ
1575 1844 1722 1912 αὐτῷ
1748 1843 1850 1907 νοῒ,
1890 1844 1980 1896 καὶ

419 1945 476 1994 ὲν
496 1946 560 2011 τῇ
592 1943 727 2009 αὐτῇ
754 1940 965 2012 γνώμῃ.
991 1938 1173 2007 Φαμὲν
1199 1937 1396 1999 τοίνυν,
1422 1937 1496 1998 ὡς
1526 1935 1650 1988 οὔτε
1682 1936 1788 1988 ἀπὸ
1830 1935 1982 1998 θείας

419 2034 668 2104 Γραφῆς,
700 2030 822 2084 οὔτε
859 2031 966 2082 ἀπὸ
1000 2029 1220 2090 κανόνος
1257 2026 1660 2095 ἐκφωνηθέντος
1693 2026 1983 2088 συνοδικῶς

419 2120 863 2188 ἀνεδιδάχθημεν,
884 2117 1278 2186 ίεροτελεστίαν
1311 2115 1415 2167 ὑπὸ
1449 2113 1544 2167 τοῦ
1572 2115 1724 2181 ἁγίου
1756 2114 1984 2168 ἀποστό-

425 2212 516 2264 λου
551 2213 779 2278 Μάρκου
813 2207 1174 2276 παραδοθῆναι
1198 2222 1212 2236 ο
1251 2205 1408 2274 μόνος
1449 2205 1502 2257 δὲ
1530 2206 1558 2256 ό
1585 2201 1663 2273 λβ⁹
1691 2202 1866 2255 κανὼν
1884 2205 1984 2272 τῆς

421 2304 480 2354 ὲν
512 2301 588 2370 τῷ
630 2297 888 2368 Τρούλλῳ
937 2296 1030 2350 τοῦ
1087 2295 1326 2366 μεγάλου
1383 2293 1648 2348 παλατίου
1711 2293 1983 2363 συστάσης

422 2391 580 2455 ἁγίας
615 2391 710 2443 καὶ
764 2390 1150 2458 οίκουμενικῆς
1209 2388 1451 2451 συνόδου,
1493 2384 1660 2456 φησὶν
1733 2387 1837 2438 ὑπὸ
1889 2386 1983 2439 τοῦ

422 2483 581 2552 ἁγίου
611 2481 866 2536 Ἰακώϐου
896 2482 991 2534 τοῦ
1021 2480 1346 2549 ἀδελφοθέου
1376 2480 1644 2551 μυστικὴν
1676 2481 1986 2550 ἱερουργίαν

424 2571 766 2640 συντεθῆναι.
785 2569 845 2625 '0
873 2572 1052 2641 μέντοι
1075 2570 1160 2624 πε⁹
1185 2569 1364 2626 κανὼν
1385 2571 1495 2625 τῶν
1523 2571 1694 2650 ἁγίων
1729 2571 1825 2625 καὶ
1848 2589 1989 2626 παν-

427 2666 692 2732 ευφήμων
731 2662 1065 2725 ἀποστόλων,
1099 2661 1195 2716 καὶ
1243 2663 1272 2716 ὁ
1300 2661 1378 2715 νθ¹
1407 2661 1590 2716 κανὼν
1632 2663 1728 2732 τῆς
1763 2665 1822 2717 ὲν
1847 2665 1987 2718 Λαο-

423 2754 598 2825 δικείᾳ
625 2753 865 2817 συνόδου,
891 2751 1367 2824 ἀπαριθμούμενοι
1415 2753 1483 2805 τὰ
1532 2753 1814 2821 ὀφείλοντα
1857 2755 1987 2824 παρ’

426 2842 559 2911 ἡμῖν
603 2839 986 2893 πολιτεύεσθαι
1063 2839 1244 2911 βιϐλία
1283 2842 1382 2910 τῆς
1431 2841 1676 2904 Παλαιᾶς
1713 2843 1989 2912 Διαθήκης

427 2931 522 2985 καὶ
581 2931 681 3000 τῆς
728 2931 962 3000 Καινῆς,
1027 2931 1120 2983 καὶ
1185 2929 1327 2984 αὑτά
1377 2930 1442 3002 δὴ
1501 2931 1568 2984 τὰ
1632 2931 1988 2997 ἁποστολικὰ,

435 3023 752 3094 ἱερουργίας
773 3021 866 3075 τοῦ
897 3021 1052 3089 ἁγίου
1089 3019 1346 3074 Ἰακώϐου
1377 3020 1409 3091 ἦ
1440 3021 1535 3074 τοῦ
1582 3022 1738 3090 ἁγίου
1761 3023 1988 3092 Μάρκου

2077 561 2394 630 Februario,
2451 565 2765 619 indictionis
2825 565 2906 630 l5,
2963 565 3089 617 anni
3129 573 3250 632 post
3307 563 3638 617 incarnatio-

2078 669 2200 708 nem
2259 655 2496 721 Domini,
2547 664 2601 711 ct
2659 655 2772 720 Dei,
2809 662 2863 709 ct
2919 654 3226 710 Servatoris
3283 654 3455 709 nostri
3515 649 3639 711 Iesu

2078 747 2302 812 Christi,
2332 746 2488 803 1205.

2153 928 2319 981 Inter.
2347 929 2396 981 1.
2424 927 2553 993 Quae
2579 927 2633 981 in
2665 928 2910 996 partibus
2933 927 3278 982 Alexandriae
3301 933 3354 980 et
3385 925 3640 983 Hieroso-

2082 1020 2363 1091 lymorum.
2386 1018 2633 1088 leguntur
2662 1017 2913 1087 liturgim,
2948 1026 3001 1072 et
3033 1019 3357 1086 conscripta:
3386 1019 3644 1072 dicuntur

2083 1111 2252 1165 fuisse
2300 1124 2330 1162 a
2370 1110 2577 1164 sanctis
2623 1109 2912 1178 apostolis,
2950 1108 3154 1163 Jacobo
3189 1109 3358 1164 fratre
3409 1111 3642 1172 Domini,

2082 1210 2135 1254 et
2175 1201 2378 1265 Marco,
2415 1201 2742 1269 recipiendae
2773 1209 2903 1256 sunt
2953 1215 2984 1255 a
3029 1213 3221 1258 sancta
3273 1212 3324 1257 et
3377 1202 3646 1258 catholica

2083 1289 2346 1350 Ecclesia,
2381 1305 2550 1344 necne
2578 1289 2600 1342 ?

2153 1379 2275 1433 Res.
2321 1379 2547 1450 Magnus
2588 1380 2873 1448 apostolus
2911 1377 3136 1445 Paulus,
3187 1389 3500 1435 Sanctarum
3552 1382 3647 1438 Dei

2083 1466 2451 1521 Ecclesiarum
2485 1476 2672 1521 orator
2697 1478 2750 1522 et
2795 1468 3011 1536 doctor,
3053 1470 3118 1522 ad
3163 1467 3481 1524 Corinthios
3515 1473 3654 1528 scri-

2083 1557 2239 1622 hens,
2295 1557 2372 1609 ait
2407 1573 2421 1609 :
2455 1555 2698 1622 Fratres,
2747 1557 2978 1614 obsecro
3033 1575 3129 1614 vos
3175 1572 3274 1628 per
3312 1577 3511 1617 nomen
3548 1564 3654 1619 Do-

2085 1647 2216 1699 mini
2247 1645 2420 1698 nostri
2457 1643 2588 1699 Jesu
2635 1643 2870 1711 Christi,
2920 1655 2978 1701 ut
3033 1650 3167 1704 idem
3199 1652 3396 1708 dicatis
3438 1668 3650 1720 omnes,

2085 1753 2186 1792 nec
2234 1739 2344 1790 sint
2401 1737 2452 1790 in
2505 1737 2658 1793 vobis
2706 1738 2932 1793 dissidia
2976 1740 3142 1796 :sitis
3202 1755 3380 1799 autem
3429 1760 3653 1814 compo-

2086 1829 2176 1883 siti
2213 1829 2229 1868 ί
2265 1829 2452 1882 eadem
2490 1838 2692 1894 mente,
2742 1829 3039 1900 eademque
3073 1833 3369 1889 voluntate.
3412 1835 3654 1892 Dicimus

2085 1921 2264 1991 igitur,
2323 1936 2425 1976 nos
2479 1936 2658 1990 neque
2714 1936 2746 1976 a
2791 1937 2950 1977 sacra
3020 1922 3332 1996 Scriptura,
3397 1941 3574 1997 neque
3623 1942 3656 1982 a

2084 2028 2294 2070 canone
2353 2017 2612 2085 synodice
2673 2017 2840 2081 edito,
2892 2018 3119 2075 edoctos
3201 2020 3370 2077 fuisse
3434 2036 3656 2077 sacrum

2085 2102 2448 2156 ministerium
2483 2101 2496 2152 ἱ
2541 2118 2572 2157 a
2612 2103 2668 2158 S.
2703 2105 2950 2174 apostolo
2992 2103 3176 2161 Marco
3219 2106 3506 2161 traditum.
3553 2107 3656 2160 So-

2085 2197 2170 2250 lus
2201 2192 2345 2246 enim
2377 2193 2446 2246 52
2488 2208 2662 2248 canon
2714 2203 2916 2248 sanctm
2959 2203 3012 2249 et
3067 2196 3418 2251 meumenicae
3463 2197 3656 2268 synodi

2085 2297 2289 2339 coacta:
2317 2285 2370 2338 in
2402 2283 2590 2339 Trullo
2615 2288 2796 2355 magni
2821 2288 3031 2356 palatii,
3072 2289 3148 2342 ait
3175 2303 3205 2342 a
3234 2288 3293 2343 S.
3315 2287 3523 2344 Jacobo
3560 2288 3658 2344 Dei

2086 2375 2257 2433 fratre
2303 2379 2591 2449 mysticum
2651 2381 2982 2436 sacriﬁcium
3035 2381 3208 2439 fuisse
3268 2383 3656 2454 compositmn.

2083 2466 2335 2523 Attamen
2372 2467 2444 2523 85
2479 2484 2655 2525 canon
2701 2480 3017 2526 sanctorum
3052 2481 3106 2528 et
3149 2474 3297 2528 omni
3329 2473 3486 2529 laude
3519 2475 3664 2530 cele-

2086 2558 2268 2614 brium
2337 2559 2748 2631 Apostolorum,
2823 2572 2877 2619 et
2961 2562 3036 2619 59
3093 2579 3270 2620 canon
3339 2563 3663 2622 Laodicena:

2087 2649 2304 2722 synodi,
2335 2661 2719 2708 enumerantes
2760 2650 2973 2708 Veteris
3012 2652 3366 2712 Testamenti,
3407 2664 3460 2709 et
3501 2653 3660 2722 Novi,

2089 2740 2347 2811 ipsosque
2374 2743 2706 2813 apostolicos
2759 2743 2954 2810 libros,
2993 2745 3086 2814 qui
3127 2745 3184 2800 in
3213 2761 3312 2800 usu
3350 2747 3510 2802 nobis
3537 2761 3664 2803 esse

2091 2834 2311 2900 debent,
2345 2835 2548 2889 nullam
2580 2834 2833 2890 sacriﬁcii
2864 2835 2892 2876 ι
2933 2837 3109 2892 sancti
3139 2835 3328 2892 Jacobi
3357 2839 3444 2894 vel
3481 2839 3662 2894 sancti

2089 2926 2258 2981 Marci
2304 2927 2637 2982 mentionem
2695 2925 2924 2982 faciunt.
2955 2926 3143 2998 Neque
3192 2928 3358 2983 etiam
3390 2929 3661 2984 catholica

2094 3017 2430 3074 sanctissimi
2465 3025 2521 3073 ct
2569 3018 2895 3073 mcunienici
2928 3019 3111 3074 throni
3155 3017 3663 3090 Constantinopolis

432 3113 621 3183 μνείαν
652 3112 790 3173 ὅλως
833 3112 894 3165 οὐ
943 3111 1245 3165 ποιοῦνται.
1293 3110 1453 3166 Ἀλλά
1506 3112 1600 3166 καὶ
1640 3113 1675 3183 ὴ
1731 3113 1996 3185 καθολικὴ

2097 3109 2340 3166 Ecclesia
2371 3109 2483 3164 ullo
2511 3109 2670 3164 modo
2703 3125 2796 3165 eas
2830 3111 3080 3181 liturgias
3115 3113 3383 3181 agnoscit.
3413 3110 3667 3168 Pronun-

441 3203 742 3272 Ἐκκλησία
779 3202 873 3256 τοῦ
906 3204 1216 3271 ἁγιωτάτου
1248 3204 1343 3256 καὶ
1376 3202 1758 3274 οἱκουμενικοῦ
1805 3204 1993 3276 θρόνου

429 3295 530 3365 τῆς
561 3295 1186 3357 Κωνσταντινουπόλεως
1223 3285 1331 3348 οὐδδ
1383 3295 1521 3358 ὅλως
1570 3294 1774 3360 ταύτας
1817 3298 1998 3366 ἐπιγι-

430 3386 647 3440 νώσκει.
678 3385 1042 3455 Ψηφιζόμεθα
1068 3381 1159 3438 οῦν
1179 3386 1253 3456 μὴ
1279 3382 1419 3440 εἶναι
1440 3387 1635 3451 δεκτὰς
1657 3389 1848 3450 αὑτάς.
1879 3389 1998 3442 Κᾶν

429 3477 538 3548 γὰρ
564 3477 829 3545 ἐγένοντο,
858 3475 1151 3539 παντελοῦς
1176 3474 1450 3548 ἀπραξίας
1475 3478 1994 3550 κατεψηφίσθησαν,

429 3569 505 3631 ώς
548 3568 644 3622 καὶ
690 3567 824 3621 ἄλλα
866 3567 1055 3622 πολλά.
1100 3569 1202 3620 Καὶ
1257 3569 1412 3637 δῆλόν
1437 3570 1584 3624 ἐστιν
1640 3571 1746 3624 ἀπὸ
1775 3570 1868 3624 τοῦ
1915 3569 1999 3626 πε¹

431 3661 654 3722 κανόνος
675 3661 780 3711 τῶν
797 3661 969 3727 ἁγίων
1004 3659 1100 3713 καὶ
1139 3661 1386 3732 πανευφή
1397 3679 1511 3731 μων
1543 3664 1873 3730 ἀποστόλων,
1905 3667 1997 3718 καὶ

431 3751 526 3805 τοῦ
568 3750 613 3821 β’
673 3753 899 3813 κανόνος
941 3755 1039 3820 τῆς
1089 3753 1146 3804 ἐν
1184 3751 1262 3822 τῷ
1298 3753 1549 3824 Τρούλλῳ
1606 3754 1701 3807 τοῦ
1760 3758 1996 3825 μεγάλου

435 3844 698 3897 παλατίου
729 3844 1001 3913 συστάσης
1023 3844 1184 3910 ἁγίας
1212 3845 1305 3897 καὶ
1332 3847 1720 3916 οἱκουμενικῆς
1756 3849 1994 3904 συνόδου.

444 3934 505 3986 ⁸0
542 3935 640 4002 μὲν
665 3934 844 4001 γάρ,ό
894 3933 1250 3997 ἀποστολικδς
1295 3935 1515 4006 δηλαδὴ,
1554 3936 1848 4005 διορίζεται
1899 3940 1998 4003 τὰς

2095 3203 2299 3256 tiamus
2329 3200 2516 3270 igitur,
2549 3214 2656 3254 non
2682 3216 2804 3257 esse
2838 3203 2935 3257 has
2964 3203 3321 3273 recipiendas.
3352 3203 3416 3257 Et
3450 3203 3497 3261 si
3517 3204 3663 3262 enim

2095 3294 2166 3350 ab
2196 3294 2264 3349 iis
2319 3295 2477 3348 factae
2506 3294 2634 3357 sint,
2687 3293 2756 3349 ab
2808 3296 2957 3350 omni
3005 3312 3107 3352 usu
3153 3311 3350 3353 vacare
3377 3296 3659 3368 iubentur,

2097 3395 2231 3442 utet
2262 3386 2369 3441 alia
2403 3385 2592 3438 multa.
2641 3383 2809 3454 quue
2852 3387 3202 3442 manifestum
3246 3395 3330 3444 est
3369 3403 3432 3444 ex
3475 3388 3547 3444 85
3572 3405 3666 3444 ca-

2096 3493 2242 3535 none
2272 3487 2588 3533 sanctorum
2623 3487 2675 3534 et
2713 3478 3127 3533 benedictorum
3174 3479 3567 3548 apostolorum,
3610 3492 3665 3535 et

2094 3569 2131 3624 2
2177 3583 2386 3624 canone
2425 3575 2626 3623 sanctae
2680 3575 2735 3620 et
2783 3567 3135 3621 meumenicm
3165 3566 3357 3637 synodi
3388 3566 3444 3622 in
3477 3565 3664 3624 Trullo

2097 3660 2278 3731 magni
2346 3659 2532 3729 palatii
2597 3666 2798 3713 coactae
2865 3675 2880 3712 :
2940 3658 3078 3711 alter
3115 3658 3282 3724 enim,
3333 3660 3668 3727 apostolicus

2096 3751 2395 3815 videlicet,
2457 3750 2647 3808 deﬁnit
2727 3751 2861 3802 duas
2911 3749 3208 3804 Clementis
3259 3750 3560 3818 epistolas,
3611 3760 3666 3805 et

2099 3841 2534 3914 dispositiones1
2587 3854 2710 3896 octo
2759 3841 3021 3896 librorum
3072 3842 3213 3910 ejus,
3262 3841 3366 3911 legi
3422 3842 3665 3911 quidem,

2098 3949 2288 3990 verum
2347 3947 2453 3987 non
2505 3932 2769 4002 evulgari,
2804 3932 2874 3984 ob
2925 3946 3124 3986 arcana
3162 3947 3283 4001 quas
3327 3934 3382 3988 in
3426 3933 3492 3988 iis
3538 3940 3668 3988 sunt

435 4023 527 4077 τοῦ
555 4025 867 4093 Κλήμεντος
889 4025 982 4078 δύο
1014 4025 1323 4090 ἐπιστολὰς,
1355 4027 1450 4080 καὶ
1477 4028 1574 4091 τὰς
1613 4029 1873 4097 διαταγὰς
1893 4029 1999 4086 τῶν

2099 4024 2421 4080 recondita:
2456 4023 2596 4078 alter
2645 4032 2826 4075 autem
2857 4022 2972 4077 vult
3021 4037 3116 4076 eas
3164 4037 3338 4092 neqne
3367 4023 3491 4094 legi,
3537 4038 3669 4093 pro-

431 4112 577 4167 ὀκτὼ
595 4113 815 4182 βιϐλίων
844 4113 1008 4166 αὑτοῦ
1046 4114 1521 4181 ἀναγινώσκεσθαι
1572 4118 1689 4188 μὲν,
1731 4119 1804 4190 μὴ
1834 4121 2002 4190 δημο-

2101 4126 2282 4190 pterea
2317 4116 2461 4187 quod
2510 4115 2578 4171 iis
2613 4116 2795 4185 spuria
2838 4114 3083 4184 quaedam
3133 4115 3300 4169 multa
3333 4122 3388 4171 et
3414 4130 3444 4168 a
3468 4116 3670 4185 pietate

438 4206 714 4260 σιεύεσθαι
749 4207 827 4272 δὲ,
869 4207 954 4260 διὰ
974 4208 1039 4260 τά
1066 4210 1122 4260 ἐν
1147 4197 1336 4272 αὑταῖς
1365 4195 1606 4280 μυστικά
1630 4229 1645 4244 ο
1679 4214 1706 4266 ό
1747 4213 1803 4265 δὲ
1857 4214 2000 4267 θέλει

2103 4211 2279 4264 aliena
2309 4207 2628 4277 interposita
2681 4207 2792 4261 sint
2840 4206 2907 4260 ab
2954 4205 3244 4261 haereticis.
3301 4206 3666 4272 Quamobrem

435 4295 636 4355 ταύτας
676 4295 811 4366 μηδὲ
846 4295 1335 4363 ἀναγινώσκεσθαι,
1379 4298 1467 4352 διά
1504 4299 1566 4352 τὸ
1605 4303 1999 4374 παρεντεθῆναι

2102 4316 2292 4356 omnes
2346 4299 2605 4354 Ecclesiae
2656 4298 2746 4352 Dei
2804 4303 2958 4367 sequi
2994 4299 3196 4353 debent
3257 4313 3461 4353 morem
3511 4313 3667 4354 novae

436 4385 627 4446 αὐταῖς
657 4385 808 4452 παρὰ
849 4385 1170 4456 ἑτεροδόξων
1213 4387 1380 4440 πολλά
1425 4405 1545 4442 τινα
1583 4391 1735 4457 νόθα,
1764 4393 1857 4445 καὶ
1901 4394 2000 4463 τῆς

2103 4391 2309 4456 Romae,
2361 4390 2619 4444 nimirum
2675 4387 3196 4458 Constantinopolis,
3226 4399 3277 4444 et
3329 4405 3485 4444 sacra
3519 4391 3666 4446 cele-

440 4476 727 4538 εὐσεϐείας
749 4476 1024 4546 ἀλλότρια.
1049 4478 1147 4531 Διά
1168 4495 1249 4531 τοι
1265 4478 1422 4532 τοῦτο
1435 4481 1528 4535 καὶ
1541 4481 1999 4549 ὀφείλουσιπᾶσαι

2106 4486 2266 4540 brare
2313 4483 2466 4554 juxta
2524 4480 2844 4537 traditiones
2901 4496 3219 4550 magnorum
3271 4483 3554 4536 doctorum
3609 4489 3664 4537 et

436 4568 493 4618 ai
554 4568 852 4637 Εκκλησίαι
879 4567 970 4621 τοῦ
999 4568 1131 4623 Θεοῦ
1168 4571 1477 4624 ἀκολουθεῖν
1503 4571 1580 4641 τῷ
1609 4573 1717 4625 ἔθει
1747 4574 1843 4644 τῆς
1874 4575 1998 4640 νὲας

2106 4579 2457 4634 luminarium
2511 4575 2751 4646 pietatis,
2801 4574 2977 4628 sancti
3022 4573 3244 4629 Joannis
3290 4575 3665 4646 Chrysostomi

449 4656 690 4727 Ῥώμης,
719 4658 834 4728 ἢτοι
860 4657 957 4726 τῆς
984 4659 1606 4725 Κωνσταντινουπόλεως
1625 4677 1638 4691 ·
1672 4663 1766 4716 καὶ
1791 4665 2000 4736 ίερουρ·

2104 4679 2159 4726 et
2210 4661 2386 4726 sancli
2419 4668 2624 4723 Basilii.
2655 4666 2747 4720 Ait
2779 4668 2922 4720 enim
2976 4666 3037 4720 41
3093 4675 3277 4734 caput,
3311 4682 3326 4720 ι
3369 4667 3450 4720 tit.
3484 4666 3518 4718 9.
3565 4666 3660 4720 lib.

435 4752 554 4816 γεῖν
584 4749 724 4802 κατά
756 4750 852 4810 τὰς
877 4749 1202 4820 παραδόσεις
1233 4750 1343 4804 τῶν
1376 4751 1629 4819 μεγάλων
1662 4753 1997 4810 διδασκάλων

2105 4760 2416 4814 Basilicon:
2454 4757 2527 4810 De
2575 4755 2773 4826 quibus
2809 4756 3009 4824 scripta
3045 4755 3126 4809 lex
3155 4769 3266 4809 non
3293 4766 3395 4821 est,
3437 4771 3667 4824 morem,

437 4842 861 4912 κα“ιφωστήρων
929 4842 1027 4910 τῆς
1085 4841 1387 4907 εὐσεϐείας,
1416 4841 1506 4896 τοῦ
1541 4845 1697 4912 ἁγίου
1749 4845 1996 4902 Ἰωάννου

2105 4867 2216 4922 quo
2245 4849 2416 4905 Roma
2445 4850 2639 4912 utitur,
2668 4848 2870 4902 servari
2906 4855 3140 4917 oportet.

436 4934 531 4987 τοῦ
563 4934 953 5004 Χρυσοστόμου
976 4934 1069 4986 καὶ
1095 4932 1186 4987 τοῦ
1236 4935 1390 5002 ἁγίου
1416 4934 1717 4989 Βασιλείου.
1749 4937 1887 5007 Φησὶ
1914 4941 2022 5014 γάρ
2051 4943 2111 4994 τὸ
2149 4948 2237 5012 μα’
2267 4939 2559 5009 κεφάλαιον
2588 4937 2680 4989 τοῦ
2731 4943 2779 4988 α’
2808 4936 2988 4989 τίτλου
3058 4937 3151 4988 τοῦ
3211 4936 3256 5006 β’
3299 4935 3502 5007 βιϐλίου
3552 4938 3666 4994 τῶν

436 5027 763 5081 Βασιλικῶν·
823 5027 960 5099 Περὶ
1019 5020 1095 5080 ὧν
1156 5026 1429 5098 ἔγγραφος
1476 5031 1536 5081 οὐ
1575 5033 1752 5084 κεῖται
1811 5031 1993 5102 νόμος,
2027 5034 2471 5107 παραφυλάττειν
2497 5032 2655 5084 δεῖτὸ
2677 5029 2819 5094 ἔθος,
2842 5023 2940 5100 ᾧή
2972 5028 3159 5099 Ῥώμη
3192 5029 3471 5101 κέχρηται.

520 5118 839 5189 Ἐρώτησις
874 5117 956 5183 β’.
1006 5118 1194 5172 Βιϐλία
1241 5118 1473 5189 διάφορα
1533 5119 1879 5189 εὑρίσκονται
1914 5121 1996 5183 είς

2185 5122 2356 5176 Inter.
2407 5120 2466 5174 2.
2509 5118 2660 5172 Varii
2716 5120 3064 5187 reperiuntur
3123 5119 3277 5182 libri,
3325 5120 3378 5173 in
3427 5122 3660 5176 oriente,

437 5209 536 5274 τὰς
585 5210 913 5272 ἀνατολικάς
963 5211 1058 5264 καὶ
1110 5211 1320 5273 νοτίους
1373 5209 1593 5281 χώρας·
1647 5212 1743 5264 καὶ
1784 5213 1851 5266 τὰ
1902 5213 2002 5282 μὲν

2109 5215 2256 5268 libus
2287 5222 2341 5267 et
2376 5210 2828 5265 meridionalibus
2852 5209 3171 5281 regionibus
3211 5228 3224 5265 :
3261 5218 3315 5265 et
3352 5212 3442 5266 alii
3486 5217 3666 5268 nomi-

440 5301 797 5370 ὀνομάζονται
831 5301 1176 5355 Διδασκαλίαι
1213 5302 1322 5355 τῶν
1353 5303 1524 5371 ἁγίων
1573 5303 1905 5368 ἀποστόλων,
1933 5304 2002 5355 τὰ

2109 5315 2314 5359 nantur
2365 5304 2638 5372 Prmccpta
2691 5309 3009 5357 sanctorum
3061 5303 3430 5372 apostolorum
3491 5321 3505 5358 :
3551 5307 3665 5372 alii,

439 5393 517 5455 δὲ,
558 5393 804 5462 Ὁράσεις
835 5393 926 5446 τοῦ
958 5393 1114 5460 ἁγίου
1148 5392 1378 5447 Παύλου.
1415 5394 1632 5463 Ἐρωτῶ
1661 5394 1752 5448 οὖν
1782 5397 1830 5447 εί
1850 5395 2001 5463 ὀφεί-

2112 5393 2367 5450 Visioncs
2409 5394 2583 5449 sancti
2622 5393 2798 5448 Pauli.
2844 5393 3041 5460 Quaero
3073 5409 3143 5450 an
3179 5394 3231 5449 lii
3269 5395 3426 5452 nobis
3459 5397 3670 5467 legendi

441 5485 605 5553 λομεν
638 5483 1028 5550 ἀναγινώσκειν
1058 5483 1196 5538 αὐτὰ
1221 5501 1235 5544 ;
2106 5485 2261 5539 sint?

1703 5642 1936 5697 VARI/ﬁ
1991 5641 2397 5698 LECTIONES.
2437 5665 2452 5682 ι

521 5737 924 5804 iconqlutinati.
1005 5735 1018 5786 ἱ
1069 5751 1271 5792 sacram
1319 5736 1707 5790 carremoniam.
1787 5737 2357 5793 ksacrwca:rimom'w.
2433 5733 2858 5806 'orwceptiones.
