4020 6416
364 338 473 399 9ῖ›“ί

1185 338 1580 415 IlESi‘ONSA
1624 342 1729 403 AD
1759 341 2512 406 lN'l‘ERROGATIONES
2554 344 2820 407 ΜΑΒίῖῐ.

361 466 467 531 γὰρ
498 460 525 511 6
551 455 636 530 μδ’
660 459 836 514 κανὼν
864 460 970 516 τῶν
1000 460 1169 534 ἁγίων
1188 464 1499 523 ἀποστόλων
1524 466 1698 521 ταῦτα
1721 467 1921 541 ῥητῶς·
1953 523 1957 532 .

2040 467 2352 528 nominatim
2412 462 2484 520 44
2545 474 2867 521 sanctorum
2923 464 3292 534 apostolorum
3345 479 3518 521 canon
3572 481 3590 521 :

375 551 700 613 ’ίίπίσκοπος
730 551 764 621 ἢ
798 553 1168 623 πρεσϐύτερος
1202 555 1237 626 ἢ
1266 556 1513 627 διάκονος
1539 557 1732 623 τόκους
1763 559 1929 612 ἀπαι-

362 644 470 695 τῶν
494 644 617 706 τοὺς
640 643 1070 712 δανειζομένους,
1094 647 1127 717 ἢ
1149 647 1467 714 παυσάσθω,
1486 649 1520 720 ἢ
1541 650 1926 721 καθαιρείσθω.

362 735 469 786 Καὶ
495 736 522 788 6
557 735 622 799 ιζ’
655 733 835 787 κανὼν
863 738 958 805 τῆς
986 737 1149 807 ἀγίας
1185 738 1279 790 καὶ
1307 741 1699 810 οίκουμενικῆς
1725 748 1771 794 α’
1807 759 1931 796 συν-

360 827 479 896 όδσυ
524 826 696 893 ταῦτα
732 827 982 897 διέξεισιν
1003 845 1017 859 ·
1071 829 1287 901 Ἐπειδὴ
1315 830 1499 894 πολλοὶ
1529 834 1586 885 ὲν
1632 832 1710 904 τῷ
1743 835 1928 887 κανόνι

361 916 767 991 ἐξεταζόμενοι,
819 916 912 995 τῂν
960 918 1278 987 πλεονεξίαν
1332 925 1428 987 καί
1456 922 1516 974 τὸ
1547 923 1930 994 αἰσχροκερδὲς

359 1004 667 1070 διώκοντες,
716 1008 1041 1071 ἐπελάθοντο
1066 1007 1159 1061 τοῦ
1191 1008 1337 1080 θείου
1362 1010 1711 1082 Γράμματος,
1748 1013 1934 1082 λέγοντ

361 1114 476 1160 τος,
512 1097 582 1148 Τὸ
618 1098 884 1168 ἀργύριον
936 1098 1104 1157 αὐτοῦ
1137 1100 1238 1165 οὐκ
1286 1100 1483 1163 ἔδωκεν
1514 1103 1606 1154 ἐπὶ
1636 1105 1776 1173 τόκῳ
1798 1121 1811 1134 ·
1839 1105 1933 1165 καὶ

363 1188 700 1256 δανείζοντες
769 1190 1069 1260 ἐκατοττᾲς
1134 1191 1477 1258 ἀπαιτοῦσιν,
1539 1194 1930 1266 ἐδικαίωσενή

367 1280 499 1349 ἀγία
530 1281 623 1333 κοιλ⁴
669 1280 876 1350 μεγάλη
910 1280 1147 1348 σύνοδος,
1178 1282 1254 1344 ὡς
1294 1282 1348 1336 εἴ
1384 1301 1467 1347 τις
1498 1286 1748 1357 εὑρεθείη
1794 1286 1934 1354 μετὰ

361 1369 454 1439 τὸν
480 1370 605 1440 ὅρον
634 1369 822 1423 τοῦτον
851 1372 1039 1437 τόκους
1061 1372 1354 1435 λαμϐάνων
1382 1377 1445 1429 ἐκ
1472 1379 1932 1448 μεταχεῳήσεωζ,
1961 1431 1965 1436 ,

362 1459 395 1530 ἢ
423 1461 596 1525 ᾅλλως
654 1463 1021 1534 ἐπερχόμενος
1072 1465 1132 1517 τὸ
1166 1467 1419 1541 πρᾶγμα,
1444 1466 1477 1537 ἢ
1506 1466 1753 1539 ἡμιολίας
1782 1469 1936 1533 ἀπαι-

362 1551 496 1616 τῶν,
540 1551 792 1633 ἢὲτερόν
837 1572 891 1608 τι
942 1557 1170 1623 ἐπινοῶν
1233 1559 1684 1629 αἰσχροκερδείας
1746 1561 1931 1625 ἕνεκα,

362 1641 824 1713 καθαιρεθήσεται
856 1647 950 1698 τοῦ
985 1646 1209 1717 κλήρου,
1263 1652 1359 1704 καὶ
1396 1650 1673 1721 ἀλλότριος
1710 1650 1802 1704 τοῦ
1833 1669 1932 1711 κα-

364 1730 515 1797 νόνος
561 1731 730 1787 ἔσται.
767 1735 846 1788 Td:
895 1737 1035 1790 αὐτά
1082 1755 1216 1807 φησι
1250 1739 1345 1791 καὶ
1376 1741 1403 1792 ό
1431 1739 1473 1798 δ’
1509 1740 1690 1807 κανὼν
1744 1743 1842 1811 τῆς
1877 1745 1934 1794 ἐν

363 1820 653 1903 ᾼτοδικείᾳ
682 1826 926 1892 συνόδου,
965 1829 1060 1881 καὶ
1101 1828 1299 1903 ἕτεροιτ

448 1900 773 1982 Ἐρώτησις
804 1922 867 1971 ε’.
913 1917 1221 1972 ’Δκίνδυνόν
1261 1900 1407 1976 ἐστιν
1441 1921 1738 1989 ἱερατεύειν
1771 1921 1928 1992 ὀρθο-

363 2005 569 2072 δῧξους,
602 2008 829 2078 Σύρους,
863 2012 957 2065 καὶ
984 2011 1043 2079 ἐξ
1080 2011 1402 2083 Ἀρμενίων,
1441 2013 1575 2067 ἀλλὰ
1612 2016 1717 2083 μὴν
1751 2016 1843 2067 καὶ
1871 2015 1928 2081 ἐξ

365 2097 566 2168 ἐτέρων
596 2100 788 2169 χωρῶν
822 2101 975 2166 τινάς
1007 2105 1253 2173 πιστοὺς,
1295 2105 1437 2173 κατὰ
1465 2104 1562 2175 τὴν
1589 2105 1791 2166 οἰκείαν
1817 2105 1928 2161 διά-

365 2187 588 2249 λεκτον·
620 2190 652 2262 ἢ
693 2194 970 2257 παντοίως
1013 2194 1413 2264 ἀναγκάζονται
1456 2195 1597 2267 μετά
1631 2196 1930 2268 Ἑλληνίδος

370 2280 666 2351 ίερατεύειν
695 2284 915 2353 γραφῆς
936 2298 953 2351 ;

447 2369 803 2439 Ἀπόκρισις.
856 2371 914 2425 Ὀ
957 2376 1130 2451 μέγας
1175 2375 1472 2443 ἀπόστολος
1525 2376 1737 2438 Παῦλος
1784 2375 1932 2429 Ῥω-

371 2460 547 2533 μαίοις
569 2462 896 2533 ἐπιστέλλων
913 2466 1096 2535 φησίν·
1119 2461 1198 2520 Ἥ
1234 2466 1500 2521 Ἰουδαίων
1527 2468 1702 2537 μόνων
1723 2470 1749 2521 6
1770 2466 1932 2535 Θεόςς

368 2542 486 2624 οὐχὶ
516 2552 572 2606 δὲ
610 2556 705 2615 καὶ
734 2555 938 2623 ἔθνῶν;
972 2558 1061 2615 ναὶ
1108 2558 1202 2611 καὶ
1242 2558 1431 2614 ἐθνῶν.
1468 2560 1529 2613 Οί
1562 2559 1691 2628 γοῦν
1720 2559 1933 2629 όρθοδο-

372 2643 587 2714 ξοῦντες
613 2647 671 2699 ὲν
702 2649 856 2716 πᾶσι,
884 2650 985 2702 κᾶν
1009 2644 1109 2703 ὦσι
1130 2650 1225 2720 τῆς
1250 2650 1552 2721 Ἑλληνίδος
1580 2651 1762 2719 φωνῆς
1785 2649 1934 2719 πάμ-

372 2753 479 2788 παν
508 2738 794 2809 ἀμέτοχοι,
840 2741 975 2810 μετά
1004 2743 1101 2812 τῆς
1157 2743 1291 2811 ίδίας
1324 2743 1602 2797 διαλέκτου
1652 2743 1936 2813 ἱερουργή-

372 2845 575 2901 ςουσιν,
596 2831 906 2903 ἀνιείγραφα
930 2833 1144 2904 ἔχοντες
1164 2835 1271 2888 τῶν
1298 2835 1542 2905 συνήθων
1573 2833 1741 2903 ἀγίων
1763 2833 1934 2905 εὐχῶν

370 2920 786 2995 ἀπαράλλακτα,
812 2925 886 2988 ὡς
928 2927 1348 2999 μεταγραφέντα
1387 2929 1452 2981 ὲκ
1480 2928 1778 2982 κοντακίων
1804 2925 1936 2979 καλ·

369 3013 818 3084 λιγραφηθέντων
843 3017 930 3071 διά
962 3014 1304 3088 γραμμάτων
1339 3018 1685 3088 Ἑλληνικῶν.

454 3104 774 3177 Ἐρώτησις
805 3106 880 3173 ς’.
938 3108 1384 3180 Ἠρῤαϐωνίσατό
1423 3127 1507 3172 τις
1555 3111 1810 3177 γυναῖκα,
1843 3107 1937 3161 καὶ

373 3197 692 3267 ἐτελεύτησε
738 3199 846 3269 πρὸ
883 3199 978 3272 τοῦ
1025 3201 1433 3271 ίερολογηθῆναι
1473 3201 1588 3272 μετ’
1630 3200 1832 3270 αὐτῆς,
1863 3200 1938 3264 ὡς

372 3288 703 3351 νενόμισται,
725 3290 817 3363 καὶ
850 3291 954 3357 πρὸ
981 3290 1074 3343 τοῦ
1100 3291 1434 3359 συναφθῆναι
1458 3292 1616 3361 αὐτῇ,
1657 3290 1938 3344 ἀκίνδυνόν

375 3383 493 3453 ἐστι
521 3383 724 3452 ταύτην
754 3380 939 3436 λαϐεῖν
969 3382 1060 3436 τὸν
1094 3382 1285 3436 τούτου
1322 3381 1567 3455 ἀδελφὸν,
1598 3382 1633 3453 ἢ
1668 3380 1765 3447 οῦς

456 3562 584 3618 Ἀρι,
625 3560 700 3617 Τδ
749 3562 912 3626 καλὸν
949 3562 1048 3615 οὒκ
1079 3562 1193 3614 ἔστι
1226 3563 1410 3625 καλὸν,
1444 3565 1493 3615 εί
1531 3562 1605 3632 μὴ
1640 3560 1820 3624 καλῶς
1845 3562 1939 3629 γέ-

374 3666 551 3720 νηται.
575 3649 637 3701 Ει
663 3649 794 3716 γοῦν
818 3651 850 3718 ἡ
885 3651 1172 3720 μνηστεία,
1195 3652 1314 3722 ἦτοι
1337 3654 1364 3705 6
1385 3650 1662 3723 ἀρραϐὼν,
1682 3650 1939 3724 ἐτελέσθη

373 3733 514 3796 κατὰ
563 3735 661 3804 τὴν
710 3735 1060 3789 ὑποτύπωσιν
1099 3738 1197 3807 τῆς
1253 3739 1452 3810 νεαρᾷς
1489 3738 1808 3807 νομοθεσίας
1845 3738 1938 3793 τοῦ

374 3823 619 3894 ἀοιδίμου
662 3824 925 3895 βασιλέως
968 3826 1158 3897 κυρίου
1211 3828 1449 3894 Ἀλεξίου
1494 3830 1585 3887 τοῦ
1631 3829 1939 3901 Κομνηνοῦ,

378 3917 517 3985 μετὰ
540 3916 762 3987 τελετῆς
805 3916 913 3969 τῶν
956 3919 1201 3987 συνήθων
1245 3918 1415 3987 ἀγίων
1448 3918 1624 3991 εὐχῶν
1646 3936 1661 3952 ⁶
1702 3920 1802 3987 τῆς
1838 3936 1938 3989 γυα

374 4008 562 4071 ναικὸς
591 4006 757 4078 οὔσης
787 4008 1177 4074 δωδεκαετοῦς,
1206 4010 1300 4065 τοῦ
1331 4012 1388 4065 δὲ
1409 4013 1599 4084 ἀνδρὸς
1630 4012 1722 4067 τὸν
1745 4029 1941 4067 τεσσαο

378 4100 795 4176 ρεσκαιδέκατον
824 4101 1012 4172 χρόνον
1046 4102 1369 4168 ἀνύσαντος,
1399 4105 1461 4156 οὐ
1486 4103 1713 4174 λήψεται
1735 4103 1940 4171 ταύτην

373 4191 457 4261 είς
494 4190 670 4260 γάμον
702 4193 730 4243 ό
776 4192 1004 4264 ἀδελφὸς
1041 4190 1228 4245 αὐτοῦ.
1272 4191 1330 4247 '0
1364 4194 1471 4264 γάρ
1499 4193 1640 4249 οὕτω
1667 4193 1942 4258 τελεσθεὶς

376 4277 631 4346 ᾁρριιΰὼν
663 4281 720 4331 ἐν
742 4280 875 4345 πᾶσι
903 4280 979 4349 τῷ
1007 4286 1223 4350 νομίμῳ
1251 4280 1414 4349 γάμῳ
1432 4281 1763 4344 ταυτίζεται.
1790 4283 1852 4335 Ei
1881 4281 1939 4347 δὲ

375 4371 517 4431 κατὰ
548 4369 645 4440 τὴν
676 4369 984 4440 κρατοῦσαν
1010 4371 1320 4441 συνήθειαν,
1354 4370 1429 4435 ὡς
1471 4372 1834 4443 μανθάνομεν,
1860 4373 1940 4436 είς

2034 558 2361 629 Episcopus,
2383 566 2475 616 aut
2498 554 2808 627 presbyter,
2847 562 2943 609 aut
2967 554 3258 619 diaconus,
3292 569 3488 610 usuras
3520 554 3589 610 ab

2033 651 2101 705 iis
2132 649 2379 719 exigens,
2413 648 2615 718 quibus
2647 655 2896 702 mutuum
2924 645 3095 713 dedit,
3123 644 3208 700 vel
3235 644 3475 710 desinat,
3505 646 3593 700 vel
3668 633 3673 637 ’

2034 741 2362 812 deponatur.
2396 738 2463 801 Et
2511 739 2575 797 17
2624 754 2802 793 canon
2832 746 3034 792 sancta
3076 746 3130 791 et
3178 736 3531 791 mcumenicae
3562 737 3587 789 l

2032 830 2226 902 synodi
2252 830 2367 884 haec
2402 846 2417 893 ς
2447 830 2715 895 Quoniam
2747 829 2926 890 multi,
2958 826 3050 897 qui
3075 826 3131 880 in
3164 841 3380 880 canone
3403 839 3596 880 recen-

2032 930 2245 986 sentur,
2273 921 2428 991 plura
2458 919 2692 974 habendi
2753 918 2997 974 studium
3055 927 3110 974 et
3157 927 3317 987 turpe
3376 917 3592 972 lucrum

2031 1019 2444 1080 persequentes,
2490 1009 2687 1064 divina:
2748 1008 3047 1079 Scriptura;
3087 1008 3241 1064 obliti
3283 1016 3432 1071 sunt,
3474 1020 3596 1077 quae

2031 1104 2165 1158 dicit
2209 1119 2223 1155 :
2259 1104 2554 1174 Argentum
2586 1118 2744 1158 suum
2798 1117 2906 1156 non
2939 1102 3092 1156 dedit
3122 1101 3190 1155 ad
3234 1115 3458 1156 usuram
3491 1115 3506 1164 ;
3542 1104 3598 1153 et

2041 1195 2356 1250 fenerautes
2395 1195 2723 1249 centesimas
2783 1195 3055 1263 exigunt:
3112 1207 3327 1262 aequum
3383 1191 3599 1245 censuit

2034 1295 2227 1351 sancta
2251 1294 2302 1339 ct
2334 1298 2532 1355 magna
2571 1284 2840 1354 synodus,
2875 1294 2933 1338 ut
2963 1282 3008 1339 si
3041 1283 3167 1352 quis
3201 1283 3455 1336 inventus
3478 1278 3600 1332 fue-

2032 1376 2388 1446 ritposthoc
2423 1380 2692 1429 statutum
2726 1388 2925 1428 usuras
2979 1380 3170 1427 mutuo
3225 1383 3467 1432 sumere,
3512 1366 3597 1419 vel

2033 1480 2152 1519 eam
2209 1480 2322 1521 rem
2356 1464 2515 1519 aliter
2542 1463 2823 1533 persequi,
2859 1462 2944 1533 vel
2997 1461 3182 1531 sesqui
3229 1460 3431 1513 alteras
3479 1456 3598 1512 exi.

2034 1570 2183 1624 gere,
2219 1555 2304 1611 vel
2339 1554 2548 1626 aliquid
2604 1554 2752 1609 aliud
2796 1554 3112 1625 excogitare
3138 1552 3316 1619 turpis
3348 1557 3598 1621 quaestus

2033 1647 2232 1716 gratia,
2270 1661 2301 1700 e
2354 1645 2501 1700 clero
2551 1643 2879 1717 deponatur,
2932 1652 2990 1700 et
3031 1643 3106 1700 sit
3158 1642 3370 1697 alienus
3420 1654 3450 1694 a
3508 1653 3597 1693 ca-

2039 1753 2201 1792 none.
2233 1737 2436 1800 Eadem
2469 1737 2544 1792 ait
2573 1747 2628 1793 et
2657 1737 2693 1793 4
2732 1750 2911 1792 canon
2943 1733 3267 1790 Laodicenae
3296 1731 3513 1803 synodi,
3543 1737 3597 1786 et

1966 1824 2009 1877 Β
2037 1829 2152 1884 alii.

2105 1919 2271 1987 Inter.
2312 1919 2500 2003 5..An
2557 1920 2848 1976 orthodoxi
2900 1920 3021 1992 Syri
3074 1929 3129 1976 et
3187 1937 3252 1976 ex
3300 1919 3600 1983 Armeniis,

2035 2025 2244 2066 necnon
2296 2026 2360 2067 ex
2416 2012 2538 2068 aliis
2586 2013 2904 2084 regionibus
2943 2012 3109 2082 aliqui
3153 2011 3338 2067 ﬁdeles
3381 2009 3599 2081 propria

2035 2103 2218 2173 lingua
2252 2112 2407 2159 extra
2447 2104 2747 2174 periculum
2787 2119 2944 2160 sacra
2991 2104 3290 2168 celebrent,
3345 2118 3414 2157 an
3472 2115 3607 2156 vero

2036 2203 2303 2266 cogantur
2332 2212 2560 2268 prorsus
2600 2213 2724 2253 cum
2760 2197 2949 2254 Graeca
2991 2199 3263 2269 scriptura
3302 2194 3605 2254 sacerdotio

2033 2283 2217 2357 fungi?

2104 2374 2231 2439 Res.
2291 2375 2521 2449 Magnus
2599 2377 2885 2448 apostolus
2945 2377 3150 2434 Paulus
3207 2377 3274 2433 ad
3334 2376 3608 2431 Romanos

2037 2469 2287 2524 scribens
2312 2469 2491 2540 inquit
2519 2487 2534 2524 :
2574 2471 2654 2524 An
2683 2469 2994 2526 δυόωσι-σω
3015 2477 3227 2525 tantum
3272 2469 3448 2525 Densi
3469 2467 3607 2522 Num

2037 2565 2092 2612 et
2137 2558 2430 2628 gentium?
2456 2567 2605 2616 certe
2641 2568 2695 2615 et
2739 2562 3002 2632 gentium.
3035 2560 3138 2628 Qui
3177 2559 3343 2629 igitur
3372 2568 3521 2615 recte
3554 2559 3609 2612 in

2038 2649 2295 2705 omnibus
2325 2650 2392 2706 de
2424 2651 2528 2706 (ide
2571 2653 2837 2718 sentiunt,
2869 2662 2922 2707 et
2948 2654 2992 2707 si
3024 2655 3136 2708 sint
3164 2651 3363 2707 (ξι-ξεστῇ
3413 2652 3610 2721 linguae

2038 2741 2264 2795 omnino
2288 2752 2561 2811 expertes,
2583 2745 2807 2814 propria
2858 2743 3090 2799 dialecto
3115 2757 3269 2798 sacra
3292 2741 3608 2819 conﬁcient,

2039 2832 2368 2902 exemplaria
2390 2844 2774 2890 consuetarum
2798 2850 3078 2890 sacrarum
3105 2848 3325 2905 precum
3349 2833 3610 2888 habentes

2039 2934 2148 2974 non
2176 2921 2500 2988 cvariantia,
2530 2930 2589 2977 ut
2622 2924 2906 2994 desumpta
2940 2938 3003 2978 ex
3034 2923 3301 2978 contaciis
3343 2923 3610 2992 graecani-

2041 3014 2122 3067 cis
2150 3011 2349 3068 litteris
2376 3014 2653 3086 eleganter
2685 3015 3000 3086 descriptis.

2113 3103 2279 3159 Inter.
2343 3105 2397 3160 6.
2449 3105 2801 3176 Desponsavit
2855 3107 2981 3176 quis
3028 3106 3131 3162 sibi
3189 3104 3497 3170 mulierem,
3553 3110 3611 3158 et

2041 3196 2359 3266 priusquam
2390 3211 2513 3250 cum
2550 3211 2611 3251 ea
2639 3214 2734 3267 per
2759 3197 3210 3261 benedictionem,
3240 3197 3385 3252 sicut
3406 3194 3612 3251 constio

2041 3292 2215 3338 tntum
2275 3294 2380 3349 est,
2429 3285 2758 3351 initiaretur,
2819 3294 2873 3342 et
2932 3301 3057 3341 cum
3107 3301 3171 3342 ea
3233 3287 3608 3357 copularetur,

2041 3376 2280 3432 decessit
2337 3391 2352 3430 :
2416 3392 2483 3431 an
2549 3393 2611 3432 ea
2677 3377 2901 3449 impune
2965 3378 3134 3434 nubet
3199 3379 3362 3449 hujus
3426 3378 3611 3446 fratri,

2041 3468 2254 3523 necne?

2110 3557 2232 3612 Res.
2272 3556 2426 3623 Quod
2468 3558 2693 3625 bonum,
2749 3574 2855 3614 non
2901 3560 3102 3614 bonum
3157 3567 3261 3626 est,
3316 3560 3424 3614 nisi
3470 3560 3612 3614 bene

2043 3649 2153 3703 ttat.
2218 3648 2274 3702 Si
2316 3651 2479 3718 igitur
2520 3650 2796 3718 sponsalia
2840 3661 2895 3705 et
2927 3652 3255 3706 arrhabonis
3303 3650 3453 3705 datio
3487 3666 3609 3720 per-

2042 3736 2182 3790 tecta
2221 3736 2333 3791 sint
2356 3737 2514 3804 juxta
2547 3737 2964 3806 dispositionem
3002 3739 3226 3792 novella:
3253 3738 3603 3792 constitutio-

2040 3828 2126 3883 nis
2183 3827 2368 3899 inclyti
2425 3827 2791 3895 imperatoris,
2845 3828 3048 3884 domini
3106 3827 3260 3882 Alexi
3318 3828 3607 3892 Comncni,

2041 3934 2164 3976 cum
2197 3919 2651 3974 consecratione'
2685 3920 2971 3974 solitarum
3013 3926 3323 3973 sanctarum
3355 3934 3606 3988 precum,

2042 4009 2245 4069 femina
2294 4008 2591 4065 excedente
2618 4024 2819 4063 annum
2853 4008 3257 4070 duodecimum,
3299 4009 3474 4062 virum
3508 4024 3607 4061 au-

2039 4110 2148 4159 tem
2197 4103 2467 4157 decimum
2517 4111 2791 4172 quartum,
2848 4116 2955 4156 non
3015 4101 3174 4155 ducet
3217 4115 3336 4155 eam
3382 4115 3607 4154 uxorem

2041 4193 2210 4249 frater
2237 4193 2381 4262 ejus.
2409 4191 2595 4262 Itaque
2615 4194 2759 4248 enim
2791 4192 3061 4262 perfectus
3084 4192 3321 4245 arrhabo
3346 4192 3609 4260 legitimis

2040 4281 2246 4352 nuptiis
2286 4283 2340 4337 in
2366 4281 2621 4336 omnibus
2651 4280 3009 4336 assimilatur.
3034 4277 3191 4346 Quod
3217 4280 3262 4334 si
3289 4280 3446 4349 juxta
3471 4292 3608 4333 con-

2042 4371 2405 4435 suetudinem,
2434 4384 2554 4441 qure
2585 4370 2666 4439 (ut
2694 4369 3006 4441 didicimus)
3028 4370 3238 4425 obtinet
3268 4370 3325 4425 in
3353 4371 3609 4425 omnibus

375 4457 556 4511 πάντα
581 4457 764 4546 σχεδὸν
786 4458 854 4513 τά
887 4457 1027 4528 μέρη
1056 4458 1150 4511 τοῦ
1167 4458 1338 4523 Νότου
1369 4459 1464 4512 καὶ
1492 4460 1589 4528 τῆς
1629 4458 1941 4530 Ἀνατολῆς,

2043 4463 2161 4519 fere
2181 4462 2367 4519 Austri
2399 4471 2452 4516 et
2470 4459 2712 4516 Orientis
2739 4461 3007 4530 partibus,
3044 4469 3409 4531 praemortuus
3452 4462 3610 4515 aliter

376 4544 534 4613 ἀλλοτ
545 4544 794 4615 ρόπωςζό
823 4545 999 4615 θανὼν
1034 4547 1133 4617 τὴν
1167 4545 1470 4617 περιοῦσαν
1500 4549 1936 4632 ηρραϐωνίσατσ,

2046 4554 2150 4612 sibi
2174 4554 2523 4625 superstitem
2554 4554 3015 4623 desponsaverat:
3046 4553 3210 4622 hujus
3237 4568 3528 4622 germanus
3556 4556 3611 4610 ei

379 4637 698 4709 συζευχθείη
720 4638 963 4708 νομίμως
991 4639 1130 4711 αὐτῇ
1167 4641 1195 4692 6
1224 4639 1419 4697 τούτου
1442 4640 1792 4709 αύτάδελφος.

462 4729 780 4798 Ἐρώτησις
819 4727 884 4790 ζ’.
959 4729 1499 4799 Ἀπροκριματίστως
1539 4729 1845 4783 διακονικοῦ
1901 4732 1938 4803 ἢ

381 4821 657 4891 ἱερατικού
688 4819 896 4892 βαθμοῦ
925 4818 1181 4895 ἀξιωθείη
1207 4820 1237 4871 ό
1265 4819 1352 4873 διὰ
1407 4820 1466 4873 τὸ
1493 4820 1811 4891 τελευτῆσαι
1837 4823 1938 4892 τὴν

381 4912 809 4982 μνηστευθεῖσαν
834 4910 1003 4980 αὐτῷ,
1036 4913 1227 4980 ἑτέραν
1254 4910 1484 4980 σύμϐιον
1515 4913 1873 4984 ἀγαγόμενος,
1904 4914 1937 4985 ἢ

376 5003 454 5065 ὡς
487 5004 712 5072 δίγαμος
742 5002 1113 5073 κωλυθήσεται
1131 5020 1149 5069 ;

465 5095 583 5153 Ἁπ.
616 5095 679 5147 Ei
704 5097 803 5164 μὲν
847 5095 988 5147 κατά
1026 5096 1125 5166 τὴν
1152 5096 1250 5165 τῆς
1288 5096 1547 5168 ρηθείσης
1576 5095 1774 5166 νεαρᾶς
1812 5095 1942 5147 ὑπο-

377 5185 623 5243 τύπωσιν
653 5185 1070 5257 ηρραὁωνίσατο
1108 5186 1207 5257 τὴν
1247 5187 1618 5257 ἀποιχομένην
1673 5186 1938 5256 μνηστὴν,

377 5279 544 5349 ἀτέρα
571 5278 791 5347 γυναικὶ
817 5278 952 5343 μετὰ
988 5277 1080 5341 τὸν
1114 5277 1317 5350 ταύτης
1344 5277 1574 5332 θάνατον
1597 5276 1937 5347 συζευχθεὶς,

378 5371 481 5435 ορκ
506 5369 761 5438 ἀξιωθείη
794 5366 999 5440 μαθμοῦ
1043 5385 1186 5432 τινος
1212 5369 1324 5421 τῶν
1359 5367 1452 5421 τοῦ
1484 5366 1749 5437 βήματος.
1777 5365 1941 5435 Δίγα-

386 5478 485 5532 μος
512 5463 621 5531 γὰρ
646 5460 1027 5532 λογίζεται.Εί
1046 5461 1102 5515 δὲ
1128 5461 1279 5534 παρά
1298 5460 1396 5534 τὴν
1425 5459 1630 5531 ταύτης
1651 5456 1941 5532 περίληψιν

2044 4647 2283 4716 legitime
2317 4643 2700 4714 coniungatur.
2983 4714 2989 4720 _

2121 4737 2291 4793 Inter.
2323 4737 2374 4791 7.
2407 4739 2488 4791 Au
2531 4739 2649 4791 sine
2675 4735 2990 4806 praejudicio
3019 4737 3307 4791 diaeonico
3334 4745 3388 4791 et
3418 4751 3609 4792 sacer.-

2047 4829 2218 4884 dotali
2260 4829 2431 4900 gradu
2474 4828 2670 4898 dignus
2727 4828 3033 4891 habebitur,
3080 4827 3171 4895 qui
3215 4841 3340 4880 cum
3390 4836 3608 4882 mortua

2044 4921 2218 4991 ipsius
2251 4926 2397 4974 esset
2443 4935 2667 4990 sponsa,
2727 4920 2890 4973 alium
2962 4918 3249 4988 conjugem
3296 4917 3489 4983 duxit,
3537 4933 3605 4971 an

2042 5013 2191 5067 velut
2221 5012 2458 5067 binuhus
2494 5011 2866 5082 prohibebitur
2886 5010 2912 5063 ?

2120 5103 2243 5158 Res.
2286 5101 2343 5156 Si
2373 5103 2591 5173 quidem
2619 5103 2772 5171 juxta
2818 5099 3091 5170 praedictae
3123 5100 3348 5155 novellae
3378 5098 3609 5151 formam
3711 5099 3726 5168 ἴ

2052 5195 2411 5265 despnnderat
2434 5192 2538 5247 sibi
2565 5201 2831 5246 mortuam
2856 5203 3135 5259 sponsam,
3168 5197 3292 5259 post
3315 5189 3434 5257 ejus
3460 5204 3606 5243 mor-

2051 5290 2157 5334 tem
2193 5277 2285 5332 alii
2329 5278 2487 5331 uxori
2520 5277 2848 5344 coniunctus
2890 5291 3001 5331 non
3040 5280 3406 5345 consequetur
3435 5274 3607 5327 ullum

2051 5371 2239 5425 altaris
2266 5369 2494 5440 gradum
2534 5388 2547 5424 :
2579 5367 2817 5423 binubus
2864 5368 3009 5423 enim
3055 5375 3327 5424 censetur.
3380 5365 3475 5420 Sin
3507 5379 3606 5418 au-

2046 5466 2155 5514 tem
2223 5466 2417 5530 praeter
2474 5458 2595 5529 ejus
2646 5467 2886 5514 tenorem
2940 5473 3067 5515 cum
3127 5466 3344 5515 mortuo
3406 5470 3609 5528 sponsa

1649 5643 1881 5699 VARI/if.
1910 5638 2310 5697 LECT:O.\'I§S.

468 5745 489 5774 "
525 5754 661 5807 pt'rat
681 5742 837 5793 ίίιιηϐο

3489 348 3692 421 958.
