4020 6394
449 350 557 415 959

1761 345 1860 404 ΤΠ
1879 347 2039 409 EOD.
2091 349 2184 406 BA
2199 347 2574 412 LSAMONIS

3597 357 3693 418 9ὓο

458 481 802 532 contractum
835 471 1088 540 inivcrat,
1127 472 1243 527 sine
1277 471 1670 540 impedimento
1702 469 2030 534 sacrabitur,

2140 469 2200 521 τὸ
2241 470 2571 538 τελευτῆσαν
2614 467 3021 538 ἐμνηστεύσατο
3045 465 3301 534 γύναιον;
3340 465 3690 537 ἀπαρεμποδί-

455 576 517 622 ut
546 567 638 634 qui
674 566 922 634 bigatnus
949 581 1052 618 non
1090 572 1398 617 censeatur.

527 655 696 715 Inter.
727 657 781 712 8.
811 656 867 709 Si
924 655 1182 710 sacerdos
1233 663 1426 707 tonsus
1483 651 1664 714 fuerit,
1713 662 2038 704 concessum

454 748 558 801 erit
585 748 633 801 ei
666 755 786 816 post
820 756 1103 800 tonsuram
1140 743 1471 806 sacriﬁcare,
1504 741 1718 797 annon?

529 837 645 893 Res.
683 837 819 891 Cum
845 837 1119 891 secundus
1155 851 1330 890 canon
1361 844 1565 889 sanctae
1596 844 1648 888 et
1683 832 2039 889 mcumenicae

453 933 646 1004 synodi
680 939 884 983 coacta:
925 931 977 983 in
1020 928 1372 982 sanctissimo
1417 927 1612 979 throno
1641 924 2035 979 Constantino-

454 1024 593 1094 polis
652 1023 768 1076 ltazc
818 1019 1139 1073 nominatim
1195 1020 1515 1088 pronuntiet
1566 1033 1580 1074 :
1645 1016 1871 1070 Etiamsi
1926 1015 2035 1070 huc

455 1130 627 1183 usque
663 1113 910 1166 nonnulli
942 1110 1238 1173 antistites,
1271 1109 1362 1176 qui
1403 1108 1467 1161 ad
1503 1107 1896 1160 monachorum
1938 1105 2036 1158 ha-

454 1209 632 1261 bitum
682 1203 1108 1263 descenderant,
1148 1210 1206 1254 ιιι
1235 1203 1287 1254 itt
1325 1199 1622 1270 episcopali
1663 1199 1880 1268 fastigio
1919 1213 2036 1250 ma-

453 1307 664 1358 nerent.
720 1298 825 1351 vim
875 1295 1244 1348 adhibuerunt
1297 1311 1310 1346 :
1357 1301 1410 1346 ct
1456 1308 1578 1345 eum
1629 1291 1731 1344 hoc
1764 1292 2031 1354 lacerent,

452 1388 682 1457 neglecti
711 1393 840 1440 sunt
876 1403 890 1439 :
923 1395 1106 1438 saneta
1135 1393 1315 1437 tamen
1360 1393 1410 1437 et
1455 1379 1776 1435 universalis
1809 1381 1920 1434 haec
1946 1395 2033 1450 sy-

452 1481 652 1541 nodus,
693 1478 834 1531 lianc
869 1477 1257 1546 negligentiam
1293 1489 1511 1543 queque
1540 1475 1843 1540 corrigens,
1878 1479 1930 1524 et
1965 1470 2030 1524 ad

450 1571 593 1624 ritus
625 1569 1031 1624 ecclesiasticos
1071 1567 1213 1621 hanc
1254 1565 1621 1620 inordinatam
1653 1565 1919 1618 actionem
1949 1577 2032 1617 re-

451 1664 663 1730 digens,
725 1662 920 1718 statuit
971 1669 1031 1714 ut
1077 1661 1120 1715 si
1170 1660 1295 1729 quis
1343 1660 1656 1729 episcopus,
1704 1658 1786 1712 vel
1830 1657 2029 1727 aliquis

450 1753 592 1806 alius
658 1767 721 1804 ex
784 1749 1080 1820 pontificali
1121 1748 1404 1818 dignitate.
1455 1747 1690 1802 voluerit
1747 1745 1815 1799 ad
1862 1747 2024 1799 vitam

2146 577 2289 622 στως
2320 560 2701 628 ἱερωθήσεται,
2733 559 2805 619 ὡς
2841 558 2915 627 μὴ
2947 556 3294 625 λογιζόμενος
3325 556 3567 626 δίγαμος.

2224 651 2540 717 Ἐρώτησις
2563 657 2636 716 η’.
2684 650 2887 719 ’ἱερεὺς
2919 650 3014 702 ὲάν
3059 650 3338 718 ἀποκαρῇ,
3376 651 3696 722 ὲκχωρηθείη

2145 741 2450 811 ἱερουργεῖν
2484 741 2621 810 μετὰ
2653 744 2751 811 τὴν
2779 743 3110 810 ἀπόκαρσιν,
3145 740 3176 810 ἢ
3205 738 3303 808 06;

2223 833 2344 886 Ἀπ’.
2392 833 2498 885 Τοῦ
2533 831 2576 902 β’
2619 832 2841 896 κανόνος
2868 833 2964 901 τῆς
3001 833 3059 885 ὲν
3114 831 3192 901 τῷ
3220 832 3505 903 ἁγιωτάτῳ
3539 833 3700 904 θρόνῳ

2137 927 2234 995 τῆς
2263 923 2892 986 Κωνσταντινουπόλεως
2927 923 3200 993 συστάσης
3228 925 3390 990 ἁγίας
3419 925 3509 977 καὶ
3537 926 3698 978 οἰκου-

2141 1015 2371 1084 μενικῆς
2399 1016 2619 1068 συνόδου
2643 1013 2819 1069 ταῦτα
2840 1013 2982 1068 κατὰ
3010 1014 3163 1084 ῥῆμα
3190 1013 3502 1078 διεξιόντοςο
3533 1015 3591 1067 Εἰ
3617 1017 3697 1068 καὶ

2139 1103 2302 1172 μέχρι
2329 1102 2422 1156 τοῦ
2464 1104 2560 1157 νῦν
2600 1104 2730 1158 ἔνιοι
2762 1104 2870 1158 τῶν
2903 1086 3231 1175 ἀρχιερέων,
3264 1106 3345 1166 εἱς
3375 1101 3435 1154 τὸ
3467 1103 3574 1158 τῶν
3602 1121 3700 1173 μο-

2135 1194 2316 1263 ναχῶν
2364 1196 2646 1259 κατιόντες
2688 1196 2897 1267 σχῆμα,
2951 1197 3009 1249 ὲν
3045 1195 3122 1267 τῷ
3152 1196 3250 1266 τῆς
3304 1197 3699 1268 ἀρχιερωσύνης

2134 1287 2411 1350 ὲῦιάζοντο
2447 1287 2724 1357 διαμένειν
2771 1287 2916 1358 ὕψει,
2939 1328 2952 1342 .
2977 1325 2995 1344 .
3019 1327 3033 1342 .
3057 1327 3072 1342 .
3093 1325 3108 1341 .
3133 1330 3146 1343 .
3171 1329 3184 1341 .
3214 1288 3334 1342 ἀλλ’
3371 1288 3464 1342 οὖν
3503 1292 3535 1360 ἠ
3582 1292 3699 1358 ἁγία

2133 1377 2232 1430 καὶ
2260 1379 2617 1449 οἱκουμενικὴ
2642 1380 2858 1445 σύνοδος
2890 1380 3052 1453 αὕτη,
3080 1383 3172 1435 καὶ
3198 1383 3358 1436 τοῦτο
3380 1382 3698 1453 ρυθμίζουσα

2133 1470 2193 1522 τὸ
2241 1473 2558 1541 παρόραμα,
2608 1474 2703 1526 καὶ
2751 1472 3052 1544 πρὺςδτοὺς
3106 1474 3594 1544 ἐκκλησιαστικοὺς
3621 1476 3692 1529 θεο

2135 1563 2307 1633 σμοὺς
2339 1563 2437 1634 τὴν
2474 1563 2710 1617 ἄτακτον
2734 1565 2942 1632 ταύτην
2975 1566 3328 1632 ὲπανάγουσα
3351 1567 3562 1636 πρᾶξιν,
3579 1566 3696 1637 ὤρι-

2134 1670 2226 1706 σεν
2250 1655 2337 1708 ἵνα
2360 1656 2412 1708 εί
2436 1673 2516 1718 τις
2550 1657 2850 1720 ἐπίσκοπος
2879 1657 2912 1726 ἦ
2936 1676 3020 1720 τις
3043 1657 3200 1720 ἄλλος
3220 1657 3317 1711 106
3337 1658 3699 1728 ἀρχιερατικοῦ

2133 1744 2446 1816 ἀξιώματος
2495 1747 2632 1817 πρὸς
2674 1749 2767 1800 τὸν
2804 1751 3098 1818 μοναχικδν
3141 1749 3392 1817 θελήσειε
3443 1750 3700 1804 κατελθεῖν

452 1846 811 1897 monasticam
852 1841 1208 1908 descendere,
1239 1843 1322 1894 vel
1353 1841 1687 1909 poenitentiae
1727 1840 1904 1892 locum
1931 1839 2030 1891 im-

2138 1814 2390 1908 βίον,καὶ
2411 1841 2502 1893 τὸν
2525 1814 2622 1910 τῆς
2653 1814 3136 1911 μετανοίας-τόπον
3162 1814 3580 1911 ἀναπληρῶσαι,
3613 1859 3702 1911 μη-

453 1935 619 2002 plere.
679 1947 747 1986 ne
799 1933 1034 2000 amplius
1083 1930 1344 1983 antistitis
1398 1929 1734 1998 dignitatem
1786 1935 2028 1997 usurpet.

451 2025 844 2078 Monacltorttm
905 2025 1049 2077 enim
1103 2021 1502 2093 professiones,
1559 2020 1922 2090 subjectionis
1981 2027 2034 2072 et

451 2117 698 2170 dzscendi
739 2115 1058 2185 cupiditatis
1108 2115 1372 2167 rationein
1422 2113 1649 2175 habent,
1699 2127 1807 2165 non
1849 2119 2032 2164 autem

450 2209 715 2262 doctrinae
748 2207 830 2260 vel
869 2207 1135 2275 primatus
1181 2225 1191 2258 :
1242 2221 1341 2258 nec
1372 2206 1512 2259 alios
1549 2219 1796 2274 pascere,
1846 2202 1940 2257 sed
1973 2216 2033 2256 se

451 2281 981 2370 pasei'protitentur.
1039 2298 1104 2350 Et
1140 2298 1282 2360 ideo,
1333 2296 1796 2365 quemadmodum
1836 2294 2034 2365 pracdi-

449 2403 598 2446 ctum
654 2399 760 2456 est,
819 2390 1168 2443 decernimus
1234 2397 1292 2441 ut
1344 2402 1503 2440 nemo
1551 2402 1762 2451 eorum,
1828 2385 1917 2454 qui
1975 2386 2031 2438 in

453 2483 813 2552 t‘piscopalettt
865 2488 1258 2552 pastorumque
1315 2481 1622 2550 catalogutn
1665 2481 1871 2532 relatus
1924 2486 2028 2541 est,

403 2614 406 2616 η
448 2574 516 2627 ιιι]
551 2589 762 2636 eorum,
789 2572 880 2642 qui
909 2581 1211 2641 pascuntur
1239 2579 1292 2625 et
1325 2582 1491 2640 agunt
1523 2571 1924 2640 paenitentiam,
1946 2571 2028 2624 lo-

448 2679 572 2718 cum
604 2679 662 2720 se
707 2664 977 2718 demittat.
1017 2665 1074 2717 Si
1118 2665 1243 2734 quis
1271 2673 1452 2718 autem
1503 2664 1606 2719 hoc
1641 2663 1821 2718 facere
1864 2677 2030 2717 ausus

449 2757 638 2822 fuerit,
669 2764 791 2826 post
820 2756 1294 2811 denuntiationem
1329 2764 1385 2810 et
1412 2754 1835 2809 declaratiOuem
1870 2753 2031 2823 hujus

447 2852 608 2905 editae
637 2851 941 2912 sententiae,
976 2853 1092 2918 ipse
1120 2853 1214 2920 qui
1246 2849 1490 2918 seipsum
1525 2847 1821 2918 episcopali
1859 2846 2030 2917 gradu

450 2946 703 3012 privavit,
737 2958 842 2996 non
880 2943 1119 3010 amplius
1149 2943 1216 2996 ad
1247 2942 1510 3012 priorem,
1535 2955 1700 3009 quani
1733 2937 1892 2992 factis
1939 2938 2030 2992 de-

456 3036 690 3105 Spicaltti
731 3035 922 3089 habuit
952 3037 1272 3104 dignitatem
1310 3043 1630 3088 revertetur.
1654 3030 2031 3101 Comprehen-

449 3129 600 3182 ditttr
647 3141 826 3181 autem
875 3137 928 3181 et
975 3137 1098 3180 ante
1141 3127 1304 3194 hujus
1357 3123 1870 3192 promulgationem,
1919 3138 2028 3176 non
2058 3147 2100 3203 ο

449 3224 624 3275 solum
659 3237 775 3276 eos.
804 3221 896 3290 qui
931 3220 1090 3272 altari
1127 3220 1398 3282 serviunt,
1452 3214 1824 3270 subdiaconus
1875 3213 2028 3269 vide-

449 3313 576 3366 licet
609 3313 869 3366 diaconos
900 3323 954 3366 et
997 3311 1346 3374 sacerdotes;
1379 3307 1472 3362 sed
1501 3308 1846 3361 etantistites
1881 3307 2030 3375 ipsos

447 3406 609 3457 etiam
654 3414 780 3474 post
813 3416 1093 3458 tonsuram
1125 3403 1455 3457 sacriﬁcare.
1491 3400 1626 3454 Cum
1675 3400 1840 3466 igitur
1883 3399 2028 3453 anti-

448 3498 608 3550 stites
639 3511 761 3548 cum
792 3496 1056 3565 graxitate
1109 3493 1374 3547 canonica
1413 3508 1442 3546 a
1480 3491 1788 3546 sacerdOtio
1820 3492 2030 3547 abalie-

449 3591 560 3640 nati
593 3589 724 3651 sint,
763 3601 1047 3657 propterea
1079 3587 1224 3656 quod
1267 3597 1389 3656 post
1427 3595 1711 3641 tonsuram
1739 3584 1807 3639 ad
1846 3585 2027 3640 locum

446 3679 844 3747 discipulorum
898 3682 950 3731 et
1001 3679 1383 3746 paenitentiam
1439 3678 1720 3741 venerint,
1791 3676 2028 3745 indeque

447 3771 611 3823 alieni
667 3769 792 3821 facti
847 3769 1049 3822 fuci-int
1107 3768 1372 3837 dignitate
1413 3767 1662 3822 doctoria
1709 3768 2027 3822 sacerdotes

444 3862 694 3925 munitio,
742 3869 797 3913 et
841 3863 934 3930 qtti
982 3861 1305 3928 simpliciter
1349 3861 1510 3913 altari
1571 3858 1817 3914 serviunt
1861 3861 2026 3913 etiam

451 3961 574 4020 post
633 3961 917 4005 tonsuram
960 3952 1098 4004 citra
1142 3949 1590 4017 impedimentum
1649 3933 2028 4018 operabuntur

448 4059 569 4110 qua:
621 4043 688 4094 ad
736 4044 976 4111 ipsorum
1022 4041 1224 4111 gradus
1270 4041 1562 4108 pertinent.
1621 4039 1755 4092 Nam
1801 4048 1854 4093 et
1899 4049 2029 4094 ante

451 4143 734 4187 tonsuram
777 4137 1002 4202 pariter,
1040 4149 1102 4186 ac
1134 4140 1254 4200 post
1285 4130 1529 4186 eamdem
1563 4129 1778 4185 fuerant
1807 4141 1861 4186 et
1897 4136 2028 4185 sunt

444 4226 701 4292 discipuli
737 4233 792 4277 et
830 4223 1082 4292 subjecti.

523 4313 688 4368 Inter.
722 4315 774 4369 9.
821 4315 876 4366 Si
909 4314 1084 4369 laicus
1138 4315 1190 4368 in
1232 4317 1438 4369 somnis
1481 4315 1812 4385 imaginatus
1841 4313 2024 4380 fuerit,

450 4417 693 4459 lltcrclut‘
717 4422 781 4460 eo
813 4407 901 4461 die
930 4408 1233 4461 divinarum
1272 4407 1766 4461 sanctiﬁcationum
1801 4407 2026 4476 partici-

2136 1933 2252 1986 κέτι
2288 1932 2474 1986 λοιπὸν
2499 1933 2596 2003 τῆς
2629 1934 3023 2005 ἀρχιερατικῆς
3058 1935 3410 2004 ἀντιποιῆται
3443 1935 3612 2001 ἀξίας.
3643 1937 3701 1988 Αἱ

2135 2024 2244 2094 γὰρ
2266 2025 2372 2078 τῶν
2417 2025 2665 2095 μοναχῶν
2713 2026 2978 2094 συνθῆκαι
3011 2027 3296 2095 ὑποταγῆς
3328 2027 3506 2096 ἔχουσι
3539 2026 3702 2095 λόγον,

2134 2117 2229 2170 καὶ
2251 2117 2571 2187 μαθητείας,
2594 2117 2708 2170 ἀλλ’
2737 2117 2858 2189 οὐχὶ
2874 2119 3220 2182 διδασκαλίας
3240 2120 3343 2171 καὶ
3367 2119 3672 2189 προεδρείας
3689 2134 3702 2149 ο

2096 2274 2100 2276 _
2134 2205 2256 2258 οὐδὲ
2280 2208 2590 2274 ποιμαίνειν
2619 2206 2832 2272 ἄλλους,
2863 2208 2999 2261 ἀλλὰ
3030 2208 3423 2278 ποιμαίνεσθαι
3454 2208 3706 2277 ἐπαγγέλ-

2133 2297 2336 2354 λονται.
2353 2300 2464 2363 Διὸ,
2486 2301 2626 2354 καθὰ
2641 2301 2990 2370 προείρηται,
3015 2301 3354 2370 θεσπίζομεν
3381 2303 3571 2373 μηκέτι
3597 2299 3707 2355 τινὰ

2132 2390 2241 2444 τῶν
2263 2393 2322 2445 ὲν
2344 2391 2720 2463 ἀρχιερατικῷ
2743 2393 3032 2461 καταλόγῳ
3053 2393 3148 2447 καὶ
3169 2393 3454 2463 ποιμένων
3475 2392 3712 2456 ἐξεταζο-

2137 2486 2313 2554 μένων
2339 2487 2418 2548 εἱς
2441 2486 2540 2555 τὴν
2561 2485 2671 2537 τῶν
2701 2485 3146 2554 ποιμαινομένων
3181 2486 3289 2539 καὶ
3325 2484 3712 2554 μετανοούντων

2133 2573 2318 2646 χώραν
2332 2576 2524 2630 ἑαυτὸν
2547 2573 2958 2640 καταϐιϐάζειν.
2979 2575 3040 2628 Et
3056 2575 3115 2629 δέ
3135 2592 3219 2639 τις
3245 2575 3418 2629 1:0610
3438 2576 3710 2646 τολμήσειε

2135 2667 2341 2738 πρᾶξαι
2360 2667 2498 2738 μετά
2515 2667 2611 2738 τὴν
2638 2667 2950 2738 ἑκφώνησιν
2977 2669 3069 2722 καὶ
3086 2667 3394 2736 διάγνωσιν
3410 2670 3503 2739 τῆς
3517 2667 3606 2720 νῦν
3624 2669 3709 2720 έκ-

2133 2756 2534 2829 πεφωνημένης
2555 2757 2756 2827 ψήφου,
2789 2757 2953 2819 αὐτὸς
2988 2756 3180 2810 ἑαυτὸν
3200 2759 3305 2811 τοῦ
3338 2755 3703 2828 ἀρχιερατικοῦ

2131 2847 2517 2918 ἀποστερήσας
2549 2847 2782 2919 βαθμοῦ,
2818 2837 3004 2901 οὐκέτι
3035 2848 3172 2915 πρὸς
3199 2849 3264 2902 τδ
3299 2837 3556 2920 προτερον
3579 2848 3703 2917 ὅπερ

2132 2939 2363 3008 nemo;
2388 2939 2475 2992 διὰ
2503 2940 2612 2992 τῶν
2636 2939 2814 3008 ἔργων
2839 2940 3056 3009 ἀξίωμα
3079 2940 3507 3011 ἐπαναστρέφει.
3531 2940 3701 2990 Κατα-

2133 3031 2474 3101 λαμδάνεται
2495 3032 2550 3084 δὲ
2580 3033 2684 3100 πρὸ
2714 3032 2814 3100 τῆς
2839 3032 3204 3101 ἐκφωνήσεως
3229 3033 3422 3086 τούτου
3459 3032 3530 3103 μὴ
3557 3033 3701 3102 μόνον

2133 3125 2262 3185 τοὺς
2310 3122 2404 3175 τοῦ
2449 3124 2716 3192 βήματος,
2765 3123 2934 3192 ἤγουν
2987 3122 3400 3188 ὑποδιακόνους,
3441 3122 3703 3182 διακόνους

2137 3215 2234 3267 καὶ
2265 3216 2448 3285 ἱερεῖς,
2487 3215 2624 3267 ἀλλά
2666 3216 2760 3269 καὶ
2801 3216 3001 3278 αὐτοὺς
3031 3217 3160 3278 τοὺς
3191 3217 3474 3288 ἀρχιερεῖς
3511 3217 3705 3286 ἱερουρ-

2136 3309 2255 3374 γεῖν
2290 3307 2383 3359 καὶ
2418 3307 2558 3376 μετὰ
2587 3309 2686 3376 τὴν
2729 3307 3058 3377 ἀπόκαρσιν.
3095 3307 3220 3360 Τῶν
3250 3309 3383 3376 γοῦν
3421 3307 3702 3378 ἀρχιερέων

2141 3399 2260 3468 μετ’
2294 3398 2613 3468 ἐμϐριθείας
2643 3400 2932 3469 κανονικῆς
2961 3401 3025 3451 ὲκ
3050 3399 3152 3466 τῆς
3192 3400 3492 3470 ἱερωσύνης
3517 3397 3701 3462 ἀποξε-

2138 3493 2439 3556 νωθέντων,
2473 3492 2562 3546 διὰ
2615 3492 2676 3543 τὸ
2727 3491 2866 3562 μετά
2920 3492 3020 3561 τὴν
3077 3491 3394 3563 ἀπόκαρσιν
3423 3493 3501 3550 εἱς
3553 3492 3703 3543 τόπον

2140 3586 2532 3656 μαθητιὼντων
2580 3584 2675 3636 καὶ
2717 3583 3128 3652 μετανοούντων
3176 3584 3377 3648 ἐλθεῖν,
3426 3581 3702 3638 κάντεῦθεν

2136 3677 2651 3747 ἀπαλλοτριωθῆναι
2680 3675 2774 3729 τοῦ
2804 3675 3190 3729 διδασκαλικοῦ
3221 3677 3552 3748 ἀξιώματος,
3581 3675 3704 3727 πάν-

2134 3787 2242 3834 τως
2278 3771 2328 3823 οἱ
2367 3771 2531 3838 ἱερεῖς
2555 3770 2650 3822 καὶ
2683 3767 2869 3831 ἁπλῶς
2900 3769 2948 3819 οἱ
2987 3767 3080 3819 106
3113 3767 3362 3837 βήματος
3393 3769 3701 3836 ἀπαρεμπο-

2134 3863 2330 3925 δίστως
2375 3860 2471 3914 καὶ
2518 3859 2653 3930 μετὰ
2701 3859 2800 3928 τὴν
2859 3858 3167 3929 ἀπόκαρσιν
3222 3859 3294 3912 τὰ
3339 3859 3446 3911 τῶν
3495 3853 3704 3926 βαθμῶν

2135 3956 2492 4026 ὲνεργήσουσι
2531 3953 2736 4007 δίκαια.
2771 3953 2880 4004 Καὶ
2911 3950 3016 4021 πρὸ
3058 3951 3155 4018 τῆς
3195 3951 3558 4022 ἀποκάρσεως
3603 3951 3701 4016 γὰρ

2135 4046 2419 4109 ὡσαύτως,
2481 4046 2579 4098 καὶ
2632 4043 2769 4114 μετά
2817 4043 2915 4114 τὴν
2969 4043 3279 4114 ἀπόκαρσιν
3325 4041 3564 4114 μαθηταὶ
3616 4039 3701 4093 καὶ

2136 4136 2498 4189 ύποτακτικοὶ
2525 4131 2668 4207 ἦσαν
2697 4135 2791 4188 καὶ
2824 4133 2952 4188 εἰσί.

2217 4322 2542 4391 Ἐρώτησις
2576 4320 2644 4377 θ’.
2697 4322 2901 4385 Λαῖκδς
2959 4321 3056 4375 ἐὰν
3104 4320 3418 4392 φαντασθῇ.
3457 4314 3698 4382 ἀξιωθείη

2135 4409 2452 4486 αὐθημερὸν
2485 4415 2586 4486 τῆς
2609 4415 2720 4468 τῶν
2750 4414 2910 4468 θείων
2954 4414 3318 4482 ἀγιασμὰτων
3359 4411 3639 4481 μεθέξεως.
3668 4407 3698 4475 ἢ

450 4503 751 4568 patiunctn,
781 4500 996 4553 necne?
1022 4498 1086 4552 Et
1115 4516 1182 4553 an
1211 4499 1492 4564 sacerdos,
1528 4499 1620 4567 qui
1645 4498 1788 4553 idem
1825 4513 2024 4570 passus

2134 4504 2194 4558 οὔ
2216 4523 2231 4573 ;
2262 4507 2356 4559 καὶ
2381 4505 2560 4576 ἱερεὺς
2581 4506 2676 4558 ἐὰν
2699 4505 3002 4576 φαντασθῇ,
3028 4505 3375 4574 ἱερουργήσέι
3403 4503 3522 4556 κατ’
3546 4498 3700 4567 αὐτὴν

446 4603 552 4653 cst,
578 4607 730 4644 saera
767 4590 1039 4654 conficiet,
1082 4591 1297 4646 necne?

527 4683 646 4738 lies.
677 4685 968 4739 Antistites
1001 4685 1205 4753 (inquit
1244 4697 1404 4736 sacra
1443 4679 1753 4750 Scriptura)
1792 4680 1937 4736 dona
1972 4691 2028 4739 et

448 4779 661 4831 hostias
692 4776 949 4839 oﬂerens,
982 4778 1050 4829 ab
1085 4776 1398 4830 hominibus
1427 4774 1644 4842 accipit,
1677 4785 1729 4828 et
1767 4776 2028 4844 quemad-

449 4870 670 4922 modum
721 4868 880 4923 oﬂ‘ert
920 4868 1029 4922 Deo
1070 4883 1168 4936 pro
1213 4866 1434 4936 populo,
1479 4865 1560 4919 sic
1600 4875 1652 4917 et
1691 4881 1790 4934 pro
1820 4869 2023 4936 seipso.

449 4959 582 5013 Nam
625 4971 676 5014 et
717 4976 841 5015 eum
894 4961 1092 5030 premit
1132 4959 1370 5013 carnalis
1411 4956 1747 5012 inlirtnitatis
1790 4960 2023 5026 pondus.

452 5050 650 5106 Verum
689 5063 747 5107 et
787 5068 882 5123 per
930 5050 1114 5106 Mosen
1158 5049 1298 5104 dixit
1328 5048 1611 5111 Dominus,
1659 5048 1842 5102 Mundi
1876 5065 2028 5103 inun-

449 5145 579 5199 dum
609 5145 828 5198 adeant.
865 5143 1131 5198 Maculam
1164 5149 1344 5193 autem
1371 5141 1578 5194 habens
1608 5141 1659 5193 in
1687 5142 1888 5204 anima,
1924 5143 2027 5196 sub

451 5237 632 5290 velum
666 5252 843 5290 meum
875 5251 983 5291 non
1034 5234 1392 5304 ingredietur,
1423 5247 1522 5284 nec
1551 5233 1616 5284 ad
1647 5233 1817 5286 altare
1845 5247 2026 5286 meum

450 5330 933 5399 appropinquabit.
971 5327 1124 5383 Unde
1156 5335 1210 5382 et
1251 5336 1358 5380 tres
1403 5326 1736 5379 sanctissimi
1789 5325 2028 5394 patriar-

451 5425 566 5475 chae
599 5423 784 5474 throni
822 5420 1203 5486 Alexandriae,
1241 5427 1464 5471 sanctus
1509 5416 1798 5487 Dionysius
1835 5417 2016 5470 videli-

450 5522 536 5567 cet
571 5512 879 5568 rescribens
915 5513 978 5568 ad
1024 5512 1314 5567 Basilidem
1342 5510 1680 5580 episcopum,
1711 5517 1763 5564 et
1797 5525 2026 5580 magnus

449 5606 808 5669 Athanasius,
835 5606 1077 5676 regulam
1107 5605 1467 5676 praescrihens
1503 5603 1770 5656 monacho
1805 5605 2026 5659 cuidam

454 5705 650 5754 Anium
680 5701 1090 5769 cognominata,
1121 5708 1176 5752 et
1211 5708 1433 5754 sanctus
1474 5695 1814 5757 Timotheus,
1848 5697 1916 5751 dc
1969 5713 2026 5752 re

448 5791 761 5860 hujusmodi
809 5792 1203 5860 respondentes
1239 5790 1586 5860 quibusdam,
1634 5787 1722 5854 qui
1756 5789 1904 5856 ipsos
1941 5791 2026 5845 itt-

2134 4598 2235 4667 τὴν
2257 4597 2477 4668 ἡμέραν
2506 4596 2598 4650 106
2624 4597 2968 4668 φαντασμοῦ,
3009 4596 3042 4665 ἢ
3073 4594 3133 4649 06
3165 4613 3180 4662 ;

2221 4691 2352 4744 Ἀει.
2401 4690 2458 4742 Ὀ
2493 4689 2823 4760 προσφέρων
2873 4688 3030 4760 (φησὶ
3059 4688 3120 4741 τὸ
3165 4671 3407 4757 Γράμμα
3445 4686 3504 4739 τὸ
3543 4679 3694 4754 ἱερὸν)

2133 4782 2285 4853 δῶρα
2327 4784 2423 4836 καὶ
2463 4782 2657 4844 θυσίας
2706 4782 3015 4850 ἀρχιερεὺς,
3041 4780 3100 4845 ἐξ
3149 4779 3454 4850 ἀνθρώπων
3500 4773 3697 4845 λαμϐά-

2132 4891 2304 4938 νεται,
2337 4875 2431 4928 καὶ
2463 4873 2650 4936 καθὼς
2681 4874 2808 4943 περὶ
2833 4872 2926 4925 106
2962 4870 3092 4924 λαοῦ
3130 4872 3431 4942 προσφέρει
3458 4869 3532 4938 τῷ
3567 4863 3694 4933 Θεῷ,

2129 4965 2274 5020 οὕτω
2301 4966 2366 5035 δὴ
2397 4967 2492 5018 καὶ
2523 4965 2652 5035 περὶ
2686 4962 2910 5016 ἑαυτοῦ·
2939 4964 3061 5016 ἐπεὶ
3090 4963 3187 5016 καὶ
3211 4962 3364 5032 αὐτῷ
3390 4962 3553 5031 βάρος
3579 4974 3697 5028 σαρ·

2129 5059 2292 5127 κικῆς
2319 5057 2604 5117 ἀσθενείας
2657 5057 2954 5108 ἐπίκειται.
3001 5054 3161 5108 Ἀλλά
3209 5055 3302 5106 καὶ
3352 5054 3439 5106 διὰ
3468 5053 3698 5109 Μωσέως

2128 5147 2284 5206 εἶπεν
2314 5155 2340 5206 ὁ
2376 5138 2602 5222 Κύριος,
2632 5152 2696 5204 Οἱ
2727 5150 2958 5220 καθαροὶ
2989 5151 3066 5218 τῷ
3088 5149 3316 5220 καθαρῷ
3345 5149 3696 5216 προσίτωσαν,

2139 5243 2202 5297 Ὀ
2237 5243 2296 5296 δὲ
2351 5242 2540 5312 μῶμον
2589 5241 2728 5311 ἔχων
2769 5244 2908 5294 κατᾶ
2953 5240 3156 5310 ψυχὴν,
3187 5242 3324 5308 πρὸς
3375 5239 3438 5291 τὸ
3463 5233 3692 5290 κατα-πέ-

2130 5333 2319 5402 τασμά
2350 5350 2450 5402 μου
2479 5333 2576 5383 οὐκ
2609 5329 3004 5396 εἰσελεύσεται,
3029 5331 3123 5382 καὶ
3157 5331 3292 5399 πρὸς
3323 5329 3383 5381 τὸ
3415 5324 3696 5392 θυσιαστή⁸

2137 5429 2252 5500 ριόν
2318 5445 2422 5490 μου
2477 5427 2576 5480 οὐκ
2627 5428 2835 5495 ὲγγιεῖο
2888 5427 3010 5479 ὅθεν
3056 5426 3151 5479 καὶ
3205 5426 3356 5495 τρεῖς
3416 5420 3693 5490 ἁγιώτατοι

2135 5522 2474 5591 πατριάρχαι
2509 5519 2600 5571 106
2635 5518 2828 5590 θρόνου
2863 5518 2963 5587 τῆς
3020 5517 3446 5586 Ἀλεξανδρείας,
3474 5517 3501 5566 ό
3548 5511 3691 5577 ἅγιος

2133 5613 2409 5674 Διονύσιος
2436 5611 2658 5681 δηλαδὴ,
2687 5609 3041 5680 ἀντιγράφων
3076 5610 3212 5678 πρὸς
3238 5604 3549 5672 Βασιλείδην
3579 5596 3691 5652 ἐπί·-

2134 5720 2358 5768 σκοπον,
2393 5704 2419 5754 ὁ
2471 5704 2645 5771 μέγας
2687 5701 3006 5764 Ἀθανάσιος
3040 5698 3340 5764 κανονίζων
3370 5693 3492 5749 τινὰ
3537 5704 3688 5761 μονα-

2134 5795 2248 5863 χὸν,
2287 5791 2486 5862 Ἀμοῦν
2513 5791 3008 5863 ἐπονομαζόμενον,
3054 5791 3146 5844 καὶ
3173 5791 3200 5843 ό
3237 5791 3397 5856 ἅγιος
3426 5777 3692 5855 Τιμόθεοςν
