4020 6406
373 364 475 432 961

1197 352 1584 416 RESPONSA
1631 351 1734 410 AD
1775 344 2513 410 lNTERROGATIONES
2553 343 2816 404 MARCI.

3491 338 3601 400 932

381 483 516 553 πρὸς
536 497 685 544 τινας
712 479 1090 551 ὲρωτήσαντας
1121 481 1248 547 περὶ⁵
1276 479 1520 532 τοιούτου
1543 479 1683 540 τινὸς
1714 480 1944 548 ἀποκρι-
1973 483 2003 540 Α

2087 484 2473 546 :rrogaverant,
2505 474 2630 528 olim
2668 487 2752 535 ea,
2790 483 2908 538 qua:
2949 473 3076 522 sunt
3105 466 3173 520 de
3196 463 3369 524 laicis.
3398 475 3598 516 conse-

383 572 616 640 νόμενοι,
647 568 781 630 τέως
825 568 893 621 τά
933 567 1196 637 περὶτῶν
1230 566 1433 619 λαῖκῶν
1475 566 1784 629 ἀκολούθως
1827 569 1942 628 ταῖς

384 662 557 722 θείαις
603 659 828 722 ταύταις
868 659 1110 729 Γραφαῖς
1143 659 1534 728 διηυλύτωσαν.
1593 661 1730 729 Φησὶ
1768 659 1872 728 γὰρ
1913 659 1944 727 ἡ

386 754 480 808 τοῦ
535 751 690 820 ἁγίου
748 749 1022 802 Διονυσίου
1065 748 1376 817 ἀπόκρισις,
1417 749 1481 800 Ei
1527 749 1627 816 μὲν
1665 749 1946 802 ὑπόκειται

317 897 329 914 ,
392 843 661 914 ἐπιθυμίᾳ
711 842 984 910 γυναικὸς,
1026 841 1126 893 οὐκ
1175 841 1408 907 ὀφείλειο
1443 842 1492 893 εί
1548 841 1604 894 δὲ
1643 843 1671 893 δ
1706 841 1947 903 Σατανᾶς

317 931 333 1006 ζ
388 934 642 1003 πειράζει
700 933 900 994 αὑτὸν,
950 931 1036 984 ἵνα
1081 931 1166 983 διὰ
1218 931 1316 998 τῆς
1369 931 1693 999 προφάσεως
1743 931 1948 998 ταύτης

389 1019 804 1116 ἀπαλλοτριώσῃ
824 1019 923 1086 τῆς
942 1013 1225 1082 κοινωνίας
1254 1019 1361 1072 τῶν
1389 1019 1720 1089 μυστηρίων,
1745 1019 1949 1087 ὀφείλει

329 1109 341 1197 ξ.
388 1111 737 1179 κοινωνῆσαι.
773 1110 924 1162 Ἐπεὶ
943 1109 1003 1160 ού
1039 1107 1304 1161 παύσεται
1328 1111 1355 1160 ὁ
1378 1109 1650 1180 πειράζων
1673 1111 1794 1162 κατ’
1816 1110 1952 1162 ἐκεῖ·

329 1229 338 1294 ἐ
388 1217 476 1294 νον
505 1199 593 1250 τὸν
621 1197 810 1268 καιρὸν
837 1197 1210 1266 ἐπιτιθέμενος
1244 1197 1407 1268 αύτῷ.
1451 1198 1541 1251 Διδ
1570 1198 1664 1251 καὶ
1695 1200 1853 1267 ἡμεῖς
1885 1197 1953 1252 τὰ

316 1285 335 1354 ,’
391 1290 530 1343 αὐτὰ
569 1289 698 1358 περὶ
749 1287 954 1341 λαῖκῶν
990 1285 1372 1357 διοριζόμενοι,
1419 1289 1547 1357 περὶ
1601 1289 1951 1354 ἐπισκόπων,

391 1381 653 1432 διακόνων
683 1379 777 1432 καὶ
806 1379 995 1448 ἱερέων
1027 1378 1448 1447 φανταζομένων
1479 1377 1621 1430 κατὰ
1660 1379 1953 1447 σατανικὴν

393 1473 487 1526 καὶ
521 1471 682 1539 μόνον
729 1471 1030 1539 ἐπήρειαν,
1077 1467 1167 1520 τὸν
1220 1469 1382 1521 αὐτὸν
1427 1469 1595 1522 τύπον
1629 1473 1849 1537 κρατεῖν
1893 1469 1952 1521 οὐ

395 1561 844 1630 διαγινώσκομεν,
899 1559 1300 1628 ὲπιζυγωθῆναι
1344 1561 1400 1612 δὲ
1435 1561 1633 1629 μᾶλλον
1655 1561 1834 1623 αὐτοῖς
1859 1559 1954 1630 τὴν

395 1651 496 1720 τῆς
528 1649 918 1718 ίεροτελεστίας
947 1649 1228 1717 ἐνέργειαν
1256 1649 1396 1702 κατὰ
1435 1651 1598 1719 μόνην
1623 1651 1721 1720 τὴν
1745 1651 1956 1720 ἡμέραν

2044 574 2274 635 quenter
2318 566 2518 621 divinis
2569 563 2656 617 his
2726 559 3026 629 Scripturis
3077 555 3452 623 expedierunt.
3507 550 3599 602 Ait

2044 658 2188 712 enim
2221 658 2398 710 sancti
2430 655 2669 722 Dionysii
2697 649 2980 719 responsio
3023 664 3036 698 :
3072 643 3349 712 Siquidem
3379 639 3602 708 subjici-

2046 759 2134 803 tur
2167 746 2407 801 mulieris
2438 743 2730 804 desiderio,
2762 724 2868 793 non
2898 737 3074 791 debet.
3111 732 3262 798 Quod
3290 732 3336 786 si
3370 729 3600 780 Satanas

2046 853 2170 893 eum
2205 845 2394 899 tentat,
2437 845 2494 888 ut
2527 835 2628 886 hac
2676 829 2966 885 occasione
2995 826 3264 896 abalienet
3295 835 3324 873 a
3361 832 3605 872 commu-

2044 930 2209 982 nione
2268 931 2754 983 sacramentorum,
2820 917 2978 971 debet
3031 910 3415 967 communione
3474 906 3600 958 frui.

2049 1014 2315 1082 Quoniam
2344 1019 2582 1066 tentator
2610 1025 2674 1064 eo
2705 1018 2948 1076 tempore
2977 1018 3083 1056 nun
3108 1001 3317 1054 desinet
3345 997 3394 1050 ei
3426 1006 3605 1049 strue~

2049 1123 2108 1162 re
2155 1106 2398 1160 insidias.
2446 1101 2804 1168 Quamobrem
2865 1108 2917 1149 et
2959 1110 3058 1148 nos
3107 1091 3296 1146 eadem
3337 1087 3404 1140 de
3450 1085 3608 1137 laicis

2051 1198 2391 1260 deﬁnientes,
2425 1194 2478 1246 in
2510 1190 2804 1261 episcopis,
2840 1185 3112 1240 diaconis,
3141 1191 3196 1234 et
3231 1175 3609 1232 sacerdotibus

2050 1287 2491 1357 imaginationem
2526 1282 2701 1352 passis
2736 1295 2828 1348 per
2855 1276 3161 1331 salanicum
3199 1270 3374 1325 solum
3409 1265 3613 1330 impro-

2055 1379 2262 1449 perium
2288 1377 2334 1439 ί,
2361 1373 2604 1430 eamdem
2639 1373 2864 1424 formam
2891 1366 3137 1419 obtinere
3163 1375 3270 1414 non
3306 1356 3555 1410 novimus
3595 1369 3606 1403 :

2055 1467 2423 1538 operationem
2455 1462 2598 1516 enim
2629 1456 2881 1514 sacriﬁcii
2912 1456 2992 1510 eis
3018 1454 3196 1522 potius
3222 1443 3612 1503 occludendam

2057 1572 2345 1615 censemus
2379 1555 2496 1610 solo
2531 1551 2728 1607 somnii
2751 1545 3026 1602 libidinosi
3057 1544 3166 1606 die,
3201 1548 3414 1608 propter
3436 1548 3614 1588 sacer.

2057 1649 2191 1704 dotii
2225 1645 2600 1706 reverentiam,
2645 1640 2749 1694 nisi
2801 1636 2940 1690 forte
2984 1646 3131 1685 mora
3191 1627 3493 1699 periculosa
3523 1622 3614 1683 sit,

396 1742 490 1811 τῆς
523 1739 852 1809 ὀνειρὼξεως
884 1709 1252 1807 ψηφιζόμεθα,
1287 1737 1375 1790 διὰ
1409 1709 1465 1791 ob
1507 1709 1605 1809 τὴς
1657 1709 1955 1810 ἱερωσύνης
1990 1801 2003 1811 ι

2087 1739 2140 1790 'el
2194 1743 2415 1804 propter
2461 1731 2566 1786 dici
2625 1727 3014 1787 celebritatem,
3055 1721 3138 1774 vel
3182 1717 3466 1772 utilitatem
3515 1709 3614 1764 rei.

402 1801 808 1900 σεϐάσμιον.Εί
845 1801 918 1900 μὴ
947 1801 1120 1899 uxr.
1157 1829 1483 1900 κινδυνώδης
1533 1801 1742 1900 eam};
1783 1801 1953 1899 ὑπέρ-
1990 1801 2003 1858 ¹

2087 1801 2232 1881 loctu
2289 1801 2432 1878 enim
2478 1820 2652 1888 frangi
2691 1825 2856 1887 queat
2891 1815 3118 1882 laqueus
3147 1806 3450 1868 tentatoris,
3475 1801 3622 1856 exal-

401 1924 570 1986 θεσις,
599 1923 630 1992 ἦ
658 1921 745 1974 διὰ
782 1921 842 1973 τὸ
869 1920 970 1990 τῆς
1011 1921 1222 1992 ἡμέρας
1274 1921 1757 1990 περιφανέστατον,
1795 1921 1828 1991 ἢ
1870 1920 1959 1973 διὰ

2063 1920 2163 1974 tari
2190 1925 2366 1973 autem
2393 1913 2644 1971 sacriﬁcii
2667 1916 2924 1980 potestas.

399 2016 460 2070 τὸ
514 2013 608 2067 τοῦ
661 2011 986 2082 πράγματος
1031 1974 1468 2080 Ξίρησιμὼτατον.
1532 2009 1610 2080 Τῇ
1658 1974 1952 2079 νυκτὶιγὰρ
1976 2006 2285 2079 συντριϐείη
2336 2004 2435 2074 μὲν
2470 2003 2503 2072 ἡ
2538 1974 2703 2067 παγ¹ις
2730 1995 2823 2049 τοῦ
2868 1985 3226 2061 ὲπηρεαστοῦ,
3271 1979 3508 2053 ὐψωθείη
3563 1974 3622 2032 δὲ

401 2108 502 2178 τῆς
537 2102 845 2175 ἱερουργίας
879 2103 910 2172 ἡ
942 2101 1192 2172 δύναμις.

487 2192 799 2260 Ἐρώτησις
830 2189 883 2246 ι’.
950 2193 1008 2244 '0
1061 2191 1197 2260 μετὰ
1236 2191 1466 2261 νομίμου
1517 2193 1747 2260 συμϐίου
1797 2189 1964 2244 αὑτοῦ

409 2282 686 2351 σαρκικῶς
723 2280 1037 2349 συναφθεὶς,
1067 2279 1323 2348 ἀξιωθείη
1364 2281 1674 2351 αὐθημερὸν
1711 2281 1811 2351 τῆς
1854 2279 1963 2333 τῶν

409 2372 768 2442 ἁγιασμάτων
800 2371 1175 2442 μεταλήψεως,
1210 2369 1244 2441 ἢ
1272 2369 1371 2436 οΰ;

493 2463 621 2515 Ἀπ.
669 2462 729 2514 '0
757 2461 1022 2531 θεοκὴρυξ
1065 2459 1337 2526 Παῦλος,ὁ
1365 2460 1464 2529 τῆς
1506 2458 1830 2529 Ἐκκλησίας
1864 2460 1962 2528 μέ-

413 2568 519 2621 γας
541 2553 880 2618 διδάσκαλος,
906 2551 1258 2620 Δοκιμαζέτω
1278 2550 1482 2620 (φησὶν)
1509 2551 1735 2614 ἕκαστος
1761 2549 1971 2614 ἑαυτὸν,

415 2644 512 2698 καὶ
539 2641 709 2704 οὕτως
744 2643 808 2694 ὲκ
843 2639 936 2694 τοῦ
973 2640 1138 2710 ἄρτου
1174 2638 1418 2700 ἐσθιέτω,
1451 2636 1546 2691 καὶ
1585 2637 1678 2690 τοῦ
1713 2638 1972 2706 ποτηρίου

417 2733 640 2787 πινέτω.
693 2731 802 2784 Καὶ
857 2730 1053 2794 πάλιν,
1102 2729 1192 2798 Μὴ
1251 2728 1720 2800 ἀποστερείτωσαν
1767 2724 1974 2795 (φησὶν)

419 2823 642 2885 ἑαυτοὺς
680 2824 729 2876 οἱ
758 2821 1034 2892 ὁμόζυγοι,
1058 2820 1106 2872 εί
1131 2821 1206 2890 μή
1245 2836 1298 2872 τι
1328 2820 1392 2872 ἑκ
1421 2816 1732 2887 συμφώνου,
1759 2816 1886 2869 ὃταν
1910 2816 1977 2884 τῇ

422 2916 696 2986 προσευχῇ
732 2914 829 2981 τῆς
866 2912 1028 2978 ἁγίας
1059 2908 1346 2972 κοινωνίας
1375 2907 1609 2977 μέλλωσι
1643 2904 1978 2976 προσελθεῖν.

422 3006 533 3063 Καὶ
557 3005 648 3058 τὸν
671 3002 832 3056 Δαϐὶδ
857 3001 914 3054 δὲ
944 3000 1188 3062 καὶτοὺς
1220 3000 1317 3052 σὺν
1347 2997 1514 3067 αὐτῷ,
1544 2997 1885 3067 ζητήσαντας
1917 2996 1981 3047 ὲκ

2139 2189 2305 2244 Inter.
2359 2188 2446 2242 10.
2498 2183 2600 2251 Qui
2649 2195 2771 2235 cum
2819 2173 3061 2243 legitima
3107 2179 3276 2222 uxore
3305 2177 3402 2218 sua
3429 2167 3626 2213 carna‘

2070 2280 2191 2335 liter
2222 2280 2545 2348 coniunctus
2579 2271 2762 2335 fuerit,
2801 2282 2869 2320 an
2902 2279 2966 2319 eo
3002 2263 3088 2315 die
3116 2258 3314 2326 dignus
3347 2251 3627 2305 habendus

2072 2374 2142 2428 sit
2173 2343 2586 2440 participatione
2612 2355 3106 2419 sanctiﬁcationum
3131 2361 3304 2402 necne
3327 2343 3352 2396 ἳ

2154 2427 2275 2517 itas.
2307 2427 2401 2511 Dei
2428 2466 2606 2524 praeco
2625 2447 2846 2510 Paulus,
2877 2451 3106 2509 magnus
3135 2432 3393 2524 Ecclesiae
3418 2427 3630 2524 doctor,

2077 2514 2364 2608 Exit—minet
2405 2514 2628 2610 (inquit)
2677 2527 3055 2599 unusquisque
3087 2521 3330 2589 seipsum
3367 2523 3422 2568 et
3455 2514 3534 2568 sic
3565 2526 3634 2564 ex

2079 2655 2218 2714 pane
2261 2599 2532 2695 comedat,
2575 2599 2630 2681 et
2684 2639 2716 2678 e
2757 2621 2929 2676 calice
2983 2614 3153 2670 bibat.
3193 2608 3261 2662 Et
3307 2619 3524 2666 rursus,
3558 2599 3637 2655 Ne

2081 2701 2317 2804 privent,
2342 2721 2539 2792 inquit.
2567 2717 2777 2784 seipsos
2802 2707 3082 2778 coniuges,
3108 2701 3213 2757 nisi
3247 2713 3314 2753 ex
3337 2707 3636 2758 consensu,

2082 2787 2299 2891 quando
2346 2787 2432 2866 ad-
2465 2815 2668 2865 sanctae
2697 2793 3098 2857 communionis
3135 2787 3503 2861 precationem
3545 2796 3640 2836 ac-

2085 2880 2294 2965 cessuri
2326 2907 2473 2957 sunt.
2503 2897 2569 2952 Et
2593 2893 2846 2948 Davidem
2874 2898 3079 2954 eosque
3099 2881 3194 2951 qui
3217 2891 3340 2932 cum
3371 2889 3435 2928 eo
3459 2880 3637 2936 erant,

2086 3004 2388 3072 quaerentes
2447 2988 2735 3045 comedere
2794 2997 2860 3038 ex
2930 2976 3165 3049 panibus
3229 2964 3638 3042 propositionis,

419 3096 530 3149 τῶν
567 3095 747 3166 ἄρτων
783 3095 978 3164 φαγεῖν
1015 3091 1117 3160 τῆς
1152 3055 1512 3161 προθέσεως,
1539 3055 1983 3158 ⁸ττροησφεπιλίσατο

2087 3099 2243 3148 caute
2273 3087 2427 3157 prius
2464 3074 2820 3146 interrogavit
2861 3066 3125 3140 pontifex,
3157 3077 3288 3118 num
3327 3055 3514 3112 mundi
3553 3069 3643 3108 es-

2816 3165 2846 3166 η
2919 3162 2930 3166 -
3047 3156 3078 3166 κ
3136 3155 3148 3166 -
3233 3159 3248 3166 -
3301 3150 3314 3166 .
3406 3146 3641 3166 ..,,,,,,

422 3189 452 3240 ὁ
483 3184 793 3256 ἀρχιερεὺς,
824 3183 871 3234 εί
902 3179 1133 3250 καθαροί
1173 3180 1310 3232 εἰσιν
1337 3175 1445 3230 ἀπὸ
1482 3177 1667 3246 κοίτης
1704 3175 1983 3244 γυναικός.

439 3277 598 3331 una
638 3276 732 3330 κα)⁵
773 3277 829 3328 ὲν
856 3276 920 3344 τῇ
950 3273 1216 3341 Μωσαῖκῇ
1245 3269 1410 3341 βίϐλῳ
1443 3269 1544 3338 τῆς
1573 3268 1782 3332 Ἐξόδου
1818 3267 1988 3319 ταῦτα

430 3366 606 3439 ῥητῶς
631 3366 1038 3418 άνατὰττονται⁶
1061 3363 1169 3420 Καὶ
1191 3357 1321 3414 εἶπε
1344 3361 1557 3428 Κύριος
1577 3358 1724 3426 πρὸς
1744 3356 1991 3425 Μωσῆν,

432 3454 700 3519 Καταϐὰς
721 3453 1105 3522 διαμάρτυραι
1131 3449 1210 3515 τῷ
1236 3448 1362 3513 λαῷ
1386 3449 1594 3511 τούτῳ,
1615 3446 1710 3499 καί
1743 3445 1996 3514 ἅγνισον

431 3549 652 3615 αὐτοὺς
681 3549 948 3617 σήμερον
972 3547 1069 3600 καὶ
1107 3547 1334 3613 αὔριον.
1358 3542 1464 3598 Καὶ
1496 3541 1902 3595 πλυνάτωσαν
1927 3539 1999 3592 τὰ

433 3643 632 3710 ίμάτια
665 3639 881 3702 αὐτῶν,
910 3639 1005 3690 καὶ
1043 3637 1325 3690 ἔστωσαν
1360 3634 1578 3702 ἕτοιμοι
1604 3635 1691 3697 είς
1715 3631 1829 3696 τὴν
1855 3629 1996 3698 ἠμέ-

429 3747 549 3798 ραν
563 3729 677 3796 τὴν
697 3729 924 3795 τρίτην.
941 3728 1018 3796 Τῇ
1043 3725 1151 3794 γὰρ
1169 3724 1350 3796 ἡμέρᾳ
1367 3726 1432 3793 τῇ
1451 3722 1607 3793 τρίτῃ
1636 3721 2002 3790 καταϐήσεται

439 3818 638 3888 Κύριος
655 3815 748 3867 ἐπὶ
771 3815 830 3867 τὸ
861 3815 983 3882 ὅρος
998 3813 1057 3866 τὸ
1085 3813 1234 3876 Σινὰ,
1255 3813 1494 3864 ἐναντίον
1517 3809 1713 3871 παντὸς
1739 3807 1831 3860 τοῦ
1849 3805 2002 3859 λαοῦ.

439 3909 551 3962 Καὶ
573 3907 755 3972 πάλιν,
781 3904 1004 3972 Κατέϐη
1037 3901 1256 3970 Μωσῆς
1286 3902 1353 3955 ἐκ
1377 3900 1484 3954 τοῦ
1520 3900 1694 3968 ὄρους
1729 3897 1877 3965 πρὸς
1901 3897 2008 3950 τὸν

441 3998 631 4063 λαὸν,
672 3997 772 4050 καί
829 3997 1084 4065 ἡγίασεν
1133 3995 1388 4059 αὐτούς·
1449 3993 1548 4046 καὶ
1603 3991 1879 4044 ἔπλυναν
1931 3989 2006 4042 τὰ

445 4087 662 4155 ἱμάτια.
698 4083 806 4140 Καὶ
837 4082 967 4138 εἷπε
999 4083 1078 4148 τῷ
1116 4083 1265 4148 λαῷ,
1294 4081 1545 4136 Γίνεσθε
1588 4079 1807 4148 ἕτοιμοι
1841 4077 2007 4145 τρίτῃ

449 4177 654 4246 ἡμέρᾳ,
686 4175 785 4229 καί
822 4174 906 4244 μὴ
952 4174 1324 4242 προσέλθητε
1353 4169 1611 4239 γυναικί.
1655 4169 1712 4221 'U
1744 4168 1800 4221 δὲ
1839 4164 2008 4233 ἁγιώ-

448 4283 608 4327 τατος
663 4267 1010 4335 πατριάρχης
1077 4262 1483 4333 Ἀλεξανδρείας
1552 4259 1818 4330 Τιμόθεος
1884 4255 2015 4324 οπερ)⁴

451 4359 641 4411 τούτου
669 4357 985 4427 ἐρωτηθεὶς,
1029 4354 1252 4424 ἔφησεν,
1299 4354 1413 4405 Οὐκ
1439 4351 1743 4419 ὀφείλουσιν
1787 4349 1836 4401 οἱ
1878 4364 2017 4416 συμ-

455 4447 753 4510 πλακέντες
783 4445 1042 4517 δμόζυγοι
1073 4443 1349 4514 σαργικῶς
1375 4439 1760 4506 καταξιοῢσθαι
1781 4437 1882 4506 τῆς
1907 4436 2013 4489 τῶν

456 4541 615 4593 θείων
667 4538 1021 4608 ἀγιασμάτων
1080 4536 1433 4606 μεταλήψεως
1462 4572 1478 4600 ,
1520 4532 1643 4588 κατ’
1695 4530 1865 4602 αὐτὴν
1917 4531 2017 4599 τὴν

457 4629 670 4700 ἡμέραν
703 4629 801 4694 τῆς
832 4627 1098 4696 σαρκικῆς
1142 4625 1324 4679 αὐτῶν
1364 4622 1749 4685 συνελεύσεως.
1796 4620 1888 4673 Διὸ
1925 4620 2020 4674 καὶ

460 4722 620 4790 ἡμεῖς
651 4721 764 4782 τοῖς
803 4718 945 4772 οὕτω
983 4717 1328 4786 διορισθεῖσιν
1367 4715 1655 4783 ἑπόμενοι,
1685 4713 1918 4781 λέγομεν
1947 4711 2022 4773 ὡς

463 4813 564 4865 οὐκ
595 4811 742 4864 ἔστιν
764 4807 1084 4880 ἐκχωρητέα
1110 4811 1218 4871 τοῖς
1243 4805 1528 4877 δμοζύγοις
1555 4806 1589 4876 ἡ
1619 4803 1726 4858 τῶν
1753 4801 2026 4872 ἁγιασμά-

464 4917 572 4954 των
605 4898 926 4969 μετάληψις,
951 4897 1090 4951 κατὰ
1117 4896 1215 4967 τὴν
1246 4893 1462 4965 ἡμέραν
1492 4891 1616 4946 καθ’
1653 4892 1720 4963 ἡν
1745 4893 2022 4962 συνὴφθη-

471 5007 567 5044 σαν
615 4988 911 5060 σαρκικῶς.
955 4985 1360 5057 Προστιθέαμεν
1411 4983 1467 5036 δὲ
1517 4983 1594 5046 ὡς
1629 4983 1750 5035 ἐπεὶ
1800 4984 1829 5035 δ
1861 4982 2024 5044 αὐτὸς

475 5083 645 5152 μέγας
674 5080 955 5150 Τιμόθεος,
995 5077 1290 5148 ἐρωτηθεὶς
1317 5077 1460 5129 κατὰ
1495 5074 1655 5126 ποίαν
1690 5071 1903 5143 ἡμέραν
1927 5070 2027 5140 τῆς

475 5173 766 5244 ἑϐδομάδος
803 5170 1107 5240 ὀφείλουσιν
1160 5165 1587 5238 ὲγκρατεύεσθαι
1634 5166 1683 5216 oi
1727 5162 2024 5233 δμόζυγοι,

473 5265 822 5334 ἀπεκρίνατο,
858 5261 1011 5315 Κατὰ
1042 5260 1102 5313 τὺ
1140 5259 1416 5314 Σάϐϐατον
1451 5257 1545 5310 καὶ
1573 5257 1672 5324 τὴν
1705 5253 1991 5324 Κυριακὴν
2014 5291 2030 5318 ,

2087 3189 2210 3239 sent
2271 3146 2299 3233 a
2353 3171 2650 3231 concubitu
2717 3162 2984 3220 mulieris.
3046 3155 3152 3211 Sed
3200 3159 3256 3207 et
3301 3150 3356 3204 in
3406 3146 3646 3201 Mosaico

2087 3234 2258 3328 Exodi
2289 3269 2449 3328 libro,
2469 3264 2584 3316 haec
2603 3253 2924 3313 nominatim
2956 3247 3352 3303 instituunturu
3377 3255 3394 3292 :
3423 3236 3486 3289 Et
3510 3234 3647 3288 dixit

2092 3326 2346 3419 geminus
2375 3326 2445 3410 ad
2474 3353 2692 3412 Mosam,
2725 3340 3046 3400 Descendens
3077 3343 3368 3391 contestare
3397 3326 3648 3396 populum

2092 3458 2248 3518 hunc,
2302 3447 2525 3520 puri/ica
2557 3459 2643 3499 eos
2683 3440 2838 3493 hodie
2867 3445 2914 3490 et
2959 3446 3100 3495 cras,
3148 3436 3198 3481 et
3241 3425 3454 3478 abluunt
3497 3418 3654 3473 vesti-

2094 3557 2268 3604 menta
2293 3561 2410 3607 sua,
2440 3551 2488 3594 et
2519 3536 2696 3608 parati
2734 3534 2837 3587 sint
2875 3530 2926 3582 in
2960 3526 3095 3578 diem
3127 3520 3356 3574 tertium.
3388 3512 3522 3567 Nam
3548 3523 3655 3566 ter-

2093 3641 2170 3695 tio
2208 3638 2296 3692 die
2333 3607 2625 3688 descendet
2653 3623 2916 3678 Dominus
2951 3619 3002 3671 in
3045 3621 3281 3668 montem
3311 3607 3440 3662 Sina
3471 3615 3655 3658 coram

2101 3729 2360 3783 universo
2415 3719 2639 3792 populo.
2680 3715 2747 3767 Et
2787 3725 3000 3769 rursus,
3045 3698 3325 3757 Descendit
3387 3692 3560 3748 Moses
3596 3689 3659 3743 de

2103 3828 2275 3873 monte
2309 3814 2376 3867 ad
2406 3783 2674 3880 populum,
2718 3813 2766 3857 et
2789 3793 3138 3865 sanctiﬁcavit
3175 3804 3259 3843 eos
3299 3801 3317 3839 :
3347 3783 3659 3837 abluerunt-

2102 3869 2199 3978 que
2239 3869 2566 3959 vestimenta.
2609 3894 2677 3948 Et
2720 3893 2854 3946 dixit
2893 3885 3106 3956 populo,
3155 3879 3334 3934 Estote
3371 3873 3550 3944 parati
3577 3869 3661 3923 die

2105 4000 2282 4061 tertio,
2322 4008 2370 4048 et
2410 4008 2472 4046 ne
2501 3981 2912 4057 rongrediamini
2948 3991 3065 4030 cum
3102 3971 3340 4024 muliere.
3370 3960 3664 4018 Sanctissi-

2105 4105 2228 4146 mus
2293 4094 2472 4141 autem
2559 4054 2900 4132 Alexandriae
2976 4065 3284 4137 patriarcha
3345 4054 3664 4110 Timotheus

2112 4189 2180 4237 de
2215 4181 2318 4232 hoc
2345 4177 2737 4238 interrogatus,
2789 4163 2924 4217 dixit
2959 4177 2972 4212 :
3003 4156 3120 4210 Non
3157 4151 3351 4206 debent
3379 4143 3662 4212 coniuges,

2110 4271 2202 4342 qui
2230 4266 2520 4324 carnaliter
2549 4256 2828 4327 conjuncti
2859 4259 3008 4313 sunt,
3038 4241 3333 4317 promereri
3364 4237 3670 4293 divinarum

2117 4357 2605 4419 sanctiﬁcationum
2650 4343 3122 4419 participationem
3168 4348 3262 4404 per
3306 4331 3480 4399 ipsum
3529 4323 3671 4378 diem

2118 4449 2352 4508 carnalis
2378 4458 2566 4502 eorum
2588 4438 2922 4506 complexus.
2952 4431 3140 4498 Itaque
3161 4438 3260 4478 nos
3289 4421 3402 4474 haec
3431 4415 3510 4471 sic
3539 4409 3674 4466 deﬁ-

2120 4544 2233 4598 nita
2257 4543 2572 4608 sequentes,
2611 4529 2846 4585 dicimus
2892 4537 2997 4576 non
3042 4531 3164 4572 esse
3203 4507 3526 4579 coniugibus
3554 4517 3674 4572 per-

2113 4589 2439 4688 ~mittendam
2477 4589 2960 4679 sanctiﬁcatinnnm
2989 4603 3412 4678 perceptionem,
3446 4608 3554 4664 quo
3592 4589 3680 4644 die

2122 4721 2416 4780 carnaliter
2466 4710 2701 4782 copulati
2757 4713 2905 4760 sunt.
2957 4698 3220 4756 Addimus
3276 4699 3480 4748 autem,
3535 4679 3680 4782 quod

2125 4825 2247 4866 cum
2279 4809 2397 4876 ipse
2430 4815 2657 4870 magnus
2695 4793 3014 4848 Timotheus
3044 4784 3426 4848 interrogatus.
3455 4787 3565 4842 quo
3594 4769 3683 4823 die

2123 4863 2484 4966 hebdomadis
2521 4863 2881 4945 'continentes
2929 4893 3051 4934 esse
3116 4872 3350 4927 debeant
3404 4863 3684 4932 coniuges,

2127 4947 2514 5056 responderit:
2551 4977 2790 5031 Sabbato
2815 4979 2868 5026 et
2896 4965 3197 5027 Dominico,
3229 4966 3516 5056 propterea
3541 4947 3688 5019 quod

2132 5042 2308 5146 magis
2347 5073 2518 5129 etiam
2557 5068 2611 5121 in
2640 5066 2720 5120 eis
2760 5059 3018 5132 spiritalis
3061 5053 3235 5108 hostia
3269 5049 3376 5102 Deo
3405 5042 3688 5098 offeratur.

2135 5169 2213 5222 Ac
2247 5161 2551 5220 necessario
2588 5155 2788 5210 debent
2816 5149 3075 5217 conjuges
3109 5158 3136 5195 a
3167 5146 3356 5194 mutua
3385 5129 3694 5189 communi-

2139 5256 2355 5312 catione
2392 5247 2637 5320 separari
2688 5258 2798 5313 quo
2832 5241 2919 5295 die
2967 5237 3182 5292 divinas
3234 5222 3694 5286 sanctiﬁcationes

476 5357 564 5410 διὰ
589 5312 649 5410 τί
666 5361 722 5410 έν
751 5312 940 5418 αύταῖς
970 5355 1064 5408 καὶ
1099 5312 1298 5424 μᾶλλον
1323 5352 1424 5420 τὴν
1452 5312 1820 5419 πνευματικὴν
1843 5312 2003 5400 θυσία

2141 5347 2450 5404 assumunt,
2489 5351 2600 5392 non
2650 5312 2812 5387 mOdo
2846 5336 2968 5382 ante
3002 5317 3458 5378 ministrationem
3499 5312 3696 5380 ipsam,

2778 5417 2814 5424 -
2940 5423 2945 5424 γ
3153 5423 3161 5424 κ
3185 5423 3193 5424 κ
3240 5408 3279 5424 ηε
3305 5405 3337 5424 -2
3396 5399 3531 5424 _---.I
3563 5409 3696 5424 mu..-

479 5447 558 5518 τῷ
595 5448 784 5520 Κυρίῳ
819 5399 1258 5516 προνσφέρεισθαι·
1289 5399 2003 5509 ὲέ-άνάγκηςῌδφείλουσινι

2142 5431 2238 5489 sed
2270 5399 2582 5497 etiam'post
2612 5435 2752 5478 eam.
2776 5417 2839 5471 Et
2862 5423 3112 5485 optamus
3140 5405 3365 5477 corrigi,
3390 5399 3534 5474 quod
3563 5409 3700 5468 prae-

1776 5606 2007 5670 VABIIE
2043 5601 2446 5664 LECTIONES.

564 5719 583 5758 ί
620 5716 972 5773 tentatianem.
1037 5723 1066 5752 ιι
1090 5711 1285 5781 scripta
1329 5709 1590 5781 teguntur.
