4020 6408
382 399 487 463 E65

1153 394 1539 491 tttt‘s'tfoxsa
1575 396 1675 453 an
1713 369 2457 460 lN'l'EitttUtiAT'ONES
2485 400 2748 466 manet.

3522 410 3628 473 966

383 535 499 583 σεις
526 518 721 588 Πάσχα
760 517 947 589 Κυρίῳ
977 517 1054 587 τῷ
1080 518 1195 587 Θεῷ
1226 537 1341 574 σου.
1374 519 1656 574 Ἐντεῦθεν
1694 521 1951 592 καθαρῶς

2053 522 2138 577 bis
2167 524 2458 581 Paschalis
2495 527 2731 581 Domino
2757 525 2866 582 Deo
2898 539 3015 584 tuo.
3043 528 3176 584 indie
3199 530 3349 585 clare
3377 531 3616 591 iunucns

377 611 747 680 αἰνιττόμενος
812 610 906 663 τοῦ
979 611 1272 665 Ἰουδαϊκοῦ
1328 612 1518 683 Πάσχα
1562 613 1658 677 τὴν
1708 611 1943 682 παντελῆ

375 704 680 778 ἀπραξίαν,
716 704 805 759 διὰ
838 705 898 757 τὸ
924 704 1016 756 τοῦ
1067 704 1233 757 τόπου
1287 702 1615 775 μονώτατον.
1678 703 1736 753 't)
1764 702 1821 755 δὲ
1867 700 1945 756 νθ¹

377 796 556 852 κανὼν
607 797 707 866 τῆς
737 799 794 848 ἐν
832 796 911 865 τῷ
941 794 1196 864 Τρούλλῳ
1241 793 1335 848 τοῦ
1388 796 1626 863 μεγάλου
1680 795 1946 850 παλατίου

377 890 653 957 συστάσης
679 886 843 953 ἁγίας
874 886 967 938 καὶ
996 887 1386 956 οίκουμενικῆς
1419 885 1659 951 συνόδου,
1690 886 1783 940 καὶ
1807 887 1833 939 6
1862 886 1945 939 πδ¹

377 979 556 1032 κανὼν
588 979 684 1048 τῆς
713 979 771 1029 ἐν
805 977 1138 1048 Καροαγένῃ
1174 977 1418 1039 συνόδου,
1451 976 1770 1046 καθαιρέσει
1804 976 1940 1030 καθ-

376 1070 741 1122 υποδάλλουσι
762 1069 852 1121 τὸν
874 1072 932 1121 ὲν
959 1068 1232 1139 εύκτηρίῳ
1253 1069 1388 1139 οἴκῳ
1419 1069 1562 1121 θεῖον
1585 1068 1945 1144 ὲκτελέφαντσ.

377 1159 676 1229 βάπτισμα.
718 1158 1053 1230 Διορίζονται
1099 1159 1208 1229 γὰρ
1263 1160 1320 1212 ἐν
1364 1159 1679 1222 καθολικαίς
1744 1160 1945 1230 ἐκκλη-

376 1254 518 1313 σίαις
537 1254 606 1303 τά
631 1250 983 1319 βαπτίσματα
1006 1251 1271 1318 γίνεσθαι.
1318 1251 1481 1304 Ἀλλὰ
1512 1251 1606 1305 καὶ
1622 1254 1649 1304 ὀ
1665 1252 1743 1303 λα’
1766 1250 1945 1306 κανὼν

370 1343 468 1410 τῆς
498 1343 554 1395 ἐν
582 1341 660 1411 τῷ
688 1341 940 1413 Τρούλλῳ
978 1343 1217 1407 συνόδου,
1252 1344 1344 1395 καὶ
1374 1344 1401 1396 6
1433 1343 1496 1414 ιβ’
1543 1341 1723 1397 κανὼν
1752 1343 1853 1411 τῆς
1888 1345 1946 1396 ἐν

371 1431 448 1500 τῷ
482 1431 594 1503 ναῷ
624 1433 731 1487 τῶν
783 1432 953 1502 ἁγίων
1006 1433 1329 1488 ἀποστόλων
1376 1435 1652 1505 συστάσης
1703 1436 1942 1499 συνόδου,

373 1523 752 1578 διατάττονται
794 1525 931 1594 μετὰ
969 1525 1327 1595 ἐκχωρήσεως
1358 1527 1719 1593 ἐπισκοπικῆς
1744 1527 1838 1580 καὶ
1866 1527 1947 1589 είς

372 1614 694 1684 σὺκτηρίους
722 1613 905 1678 οἴκους
936 1617 1209 1670 τελεῖσθαι
1243 1616 1617 1685 βαπτίσματα.
1663 1616 1724 1668 Ὀ
1760 1616 1945 1685 μέντοι

373 1708 617 1776 ἀοίδιμος
644 1706 896 1775 βασιλεὺς
921 1707 1109 1777 κύριος
1141 1708 1316 1773 Λέων,
1341 1710 1367 1761 6
1393 1710 1576 1776 σοφὸς,
1610 1707 1820 1777 βλέπων
1848 1707 1951 1778 τὴν

373 1793 652 1867 ὀροόδοξον
701 1794 885 1849 πίστιν
943 1796 1351 1866 εὐθηνουμένην
1405 1795 1481 1860 ὡς
1528 1795 1809 1865 ἄμπελον,
1853 1797 1947 1848 καὶ

373 1886 744 1955 αὐξανομένην
792 1886 868 1950 ὡς
899 1888 1135 1956 νεόφυτα
1184 1886 1402 1952 ἐλαιῶν,
1452 1886 1638 1956 κύκλῳ
1679 1888 1779 1956 τῆς
1813 1903 1945 1957 τρα-

376 1976 550 2048 πέζης
586 1978 696 2030 τῶν
738 1976 943 2047 ταύτης
986 1978 1313 2047 ἐκκλησιῶν,
1363 1978 1657 2050 διωρίσατο
1688 1980 1743 2030 ἐν
1780 1976 1822 2030 δ’
1852 1978 1946 2030 καὶ

374 2070 432 2119 ἐν
476 2073 535 2120 ιε’
580 2069 770 2138 Νεαρᾷ
815 2068 1142 2140 θεσμοθεσία
1196 2069 1362 2122 αὐτοῦ
1418 2070 1491 2140 μὴ
1529 2070 1693 2140 μόνον
1735 2071 1814 2132 είς
1847 2069 1946 2133 τὰς

375 2161 672 2233 ἐκκλησίας
722 2161 855 2217 ἀλλὰ
905 2163 999 2216 καὶ
1057 2165 1139 2225 είς
1187 2164 1313 2225 τοὺς
1370 2163 1693 2234 εὐκτηρίους
1763 2166 1946 2227 οἴκους

375 2255 735 2317 ἁδιαστίκτως
759 2255 1157 2326 ῐεροτελεστίας
1180 2256 1272 2309 καὶ
1306 2255 1656 2325 βαπτίσματα
1677 2256 1945 2324 γίνεσθαι.

374 2346 466 2400 Διὸ
499 2346 638 2399 κατὰ
666 2346 766 2416 τὴν
802 2346 1005 2400 τούτων
1036 2346 1349 2417 περίληψιν,
1380 2346 1409 2398 6
1439 2347 1575 2415 μετὰ
1605 2347 1947 2417 ἁντιμινσίου

374 2437 775 2509 ἱερουργήσας,
807 2437 840 2508 ἢ
874 2437 1142 2507 βαπτίσας
1191 2441 1271 2501 είς
1315 2439 1603 2508 εὐκτήριον
1649 2435 1830 2501 οἷκον,
1872 2438 1948 2510 μὴ

376 2528 667 2599 ίερωθέντα
697 2527 762 2581 δι’
803 2531 1100 2596 ἐγκαινίων
1128 2529 1399 2594 ἁνοιξίων,
1432 2530 1526 2583 καὶ
1554 2529 1645 2583 τοῦ
1685 2531 1944 2602 συνήθους

374 2618 748 2690 ὲνθρονισμοῦ,
776 2620 864 2674 ναὶ
892 2620 1078 2691 μέντοι
1123 2622 1214 2674 καὶ
1245 2619 1334 2673 διὰ
1363 2620 1633 2690 λειψάνων
1664 2621 1833 2687 ἁγίων
1860 2622 1947 2674 ἐν·

377 2711 673 2783 σοριασμοῦ
700 2711 894 2783 (ταῦτα
925 2712 1032 2783 γάρ
1078 2712 1185 2766 είσι
1218 2711 1328 2765 τῶν
1374 2711 1673 2766 καθολικῶν
1708 2711 1948 2781 Ἐκκλη-’

376 2802 505 2856 σιῶν
534 2803 1063 2873 ἁποθησαυρίσματα
1087 2803 1179 2857 καὶ
1201 2801 1516 2873 ὑψώματα),
1537 2800 1651 2855 ἁλλ’
1677 2802 1755 2865 είς
1780 2803 1947 2875 εὐχὴν

374 2894 627 2966 οίκιακὴν
657 2894 1021 2965 ἀφορισθέντα
1051 2893 1281 2959 πιστῶν,
1313 2893 1347 2963 ἢ
1379 2895 1461 2957 είς
1494 2892 1734 2947 οἰκίσκον
1761 2894 1948 2947 πλοια-

378 2984 494 3052 ιίου
535 2985 680 3047 τινὸς
724 2984 1199 3053 ἁποταμιευθέντα
1244 2984 1386 3056 Θεῷ,
1438 2983 1535 3037 καὶ
1563 2983 1743 3053 ἁγίαις
1775 2985 1947 3038 είκόσι

377 3073 783 3144 κοσμούμενον,
837 3074 899 3127 οὐ
955 3074 1448 3146 προκριματισθείη
1497 3074 1573 3138 ὡς
1626 3075 1950 3146 παραϐάτης

2046 611 2255 667 ιιιόαίιή
2290 612 2573 669 Paschalis
2601 617 2812 684 plenam
2850 618 3209 682 vacationem,
3252 631 3476 689 propter
3510 624 3611 680 loci

2048 705 2501 773 singularitatem.
2528 706 2717 760 Canou
2750 717 2932 762 autem
2964 708 3032 763 59
3059 718 3263 763 sanctae
3285 719 3339 764 et
3366 727 3612 767 (ecuinc-

2047 797 2184 852 nica:
2224 800 2643 869 synodicoactrc
2668 803 2720 854 in
2753 802 2941 856 Truiio
2975 806 3156 873 magni
3193 804 3403 873 palatii.
3434 816 3486 861 et
3521 824 3615 860 ca-

2045 905 2155 943 non
2212 890 2282 944 84
2324 891 2517 961 synodi
2584 892 3060 964 Carthagincnsis,
3109 898 3435 962 depositioni
3482 901 3615 954 sub-

2041 978 2243 1050 jiciunt
2318 997 2469 1046 eum,
2555 982 2649 1051 qui
2702 984 2757 1037 in
2812 989 3052 1039 oratoria
3130 987 3294 1043 domo
3369 989 3616 1042 divinum

2048 1073 2342 1142 periiciunt
2369 1066 2663 1143 baptisma.
2719 1075 2980 1130 Statuunt
3007 1079 3154 1131 enim
3189 1080 3518 1147 baptismata
3562 1084 3617 1135 in

2048 1164 2337 1219 catholicis
2383 1164 2646 1221 Ecclesiis
2677 1167 2875 1222 debere
2904 1168 3043 1223 ﬁeri.
3101 1169 3205 1223 Sed
3237 1178 3290 1225 et
3324 1172 3384 1225 5i
3440 1188 3614 1226 canon

2048 1255 2237 1325 synodi
2259 1256 2311 1309 in
2341 1256 2549 1319 Trulio,
2613 1264 2669 1312 et
2724 1257 2792 1309 12
2834 1274 3009 1312 canon
3053 1262 3246 1329 synodi
3302 1270 3507 1315 coactat
3563 1265 3616 1314 iu

2050 1347 2252 1416 templo
2289 1357 2605 1402 sanctorum
2657 1350 3053 1418 apostolorum.
3089 1354 3434 1405 constituunt
3470 1363 3527 1404 ut
3566 1361 3617 1403 tl.

2048 1436 2102 1490 in
2134 1438 2390 1492 oratoriis
2411 1437 2669 1493 domibus
2694 1440 3018 1509 baptismata
3045 1440 3173 1493 ﬂant
3201 1457 3324 1495 cum
3344 1444 3615 1510 permissu

2049 1528 2315 1598 episcopi.
2376 1529 2622 1600 inclytus
2677 1545 2810 1584 sane
2860 1531 3157 1599 imperator
3213 1533 3471 1585 dominus
3507 1532 3617 1583 Lm

2048 1619 2433 1688 philosophus,
2464 1620 2656 1674 videns
2682 1620 3045 1674 orthodoxam
3095 1621 3254 1675 (idem
3311 1624 3616 1675 exuberan-

2047 1719 2153 1762 tem
2174 1718 2232 1762 ut
2262 1712 2447 1775 vitem,
2479 1719 2895 1765 ctcrescentcm
2951 1721 3008 1765 ut
3059 1714 3324 1766 olivarum
3367 1714 3617 1780 palmitrs

2048 1795 2102 1850 in
2162 1797 2397 1851 circuitu
2458 1811 2661 1851 mensae
2723 1798 3081 1852 ecclesiarum
3151 1799 3291 1868 ejus.
3376 1799 3620 1855 deﬁnivit

2047 1885 2105 1940 in
2133 1887 2166 1940 6
2199 1896 2253 1941 et
2280 1888 2345 1941 i5
2385 1885 2629 1949 Novella,
2678 1902 2789 1942 non
2827 1897 3038 1941 tantum
3087 1889 3141 1942 in
3189 1890 3477 1944 catholicis
3516 1907 3619 1946 cc-

2049 1978 2259 2041 clesiis,
2293 1979 2386 2034 sed
2412 1989 2464 2032 et
2491 1978 2545 2032 in
2572 1981 2833 2033 oratoriis
2866 1980 3121 2033 domibus
3168 1979 3487 2037 indistincte
3531 1998 3621 2037 sa-

2046 2083 2137 2124 cra
2172 2070 2499 2132 ministeria,
2554 2079 2608 2123 ct
2672 2072 2997 2139 baptismata
3058 2070 3195 2125 ﬂeri.
3242 2070 3613 2137 Quamobrem

2043 2158 2199 2228 juxta
2237 2158 2429 2211 harum
2493 2165 2762 2221 tenorem,
2802 2158 2893 2227 qui
2926 2172 3050 2211 cum
3093 2156 3425 2211 antimensio
3459 2172 3615 2212 sacra

2049 2248 2263 2313 fecerit,
2332 2256 2427 2303 aut
2468 2248 2823 2316 baptisaverit
2864 2248 2920 2302 in
2972 2248 3210 2302 oratoria
3269 2248 3453 2311 domo,
3507 2262 3619 2303 non

2049 2349 2373 2397 consecrata
2402 2354 2500 2409 per
2531 2340 2860 2393 initiatorias
2894 2338 3294 2402 dedicationes,
3325 2347 3381 2392 et
3417 2338 3620 2391 solem-

2050 2445 2173 2487 nem
2202 2431 2381 2487 throni
2426 2429 2932 2500 inaugurationem,
2992 2430 3126 2499 quin
3191 2436 3245 2483 et
3276 2443 3372 2497 per
3397 2435 3621 2481 sancta-

2049 2537 2172 2577 rum
2206 2522 2562 2589 reiiquiarum
2615 2518 2885 2573 tumulum
2960 2517 3037 2587 (hi
3091 2518 3235 2572 enim
3269 2524 3397 2573 sunt
3429 2516 3623 2570 catho-

2049 2615 2278 2671 licarum
2305 2613 2676 2669 Ecclesiarum
2710 2613 2955 2666 thesauri
2988 2619 3043 2665 et
3067 2609 3474 2677 exaltationes),
3522 2608 3617 2663 sed

2052 2706 2105 2760 in
2130 2703 2491 2760 domesticam
2522 2703 2828 2758 orationem
2866 2701 3109 2756 ﬁdelium
3142 2708 3415 2770 separata,
3444 2709 3535 2752 aut
3562 2701 3617 2753 in

2050 2797 2249 2869 navigii
2287 2796 2520 2865 alicujus
2550 2794 2881 2849 domuncula
2916 2794 3023 2847 Deo
3044 2793 3342 2857 destinata,
3397 2802 3454 2845 et
3494 2804 3622 2844 san-

2051 2886 2160 2942 ctis
2220 2886 2549 2956 imaginibus
2578 2893 2791 2949 ornata,
2823 2898 2930 2938 non
2957 2884 3194 2952 patietur
3224 2880 3620 2952 pmjudicium,

2051 2976 2279 3047 perinde
2312 2991 2376 3030 ac
2408 2977 2454 3032 si
2483 2989 2754 3030 canonum
2790 2984 3159 3045 transgressor
3185 2983 3354 3037 esset,
3386 2974 3623 3027 nullam-

2051 3085 2159 3141 que
2193 3085 2381 3124 eorum
2408 3068 2673 3124 rationem
2711 3067 3016 3122 habuisset.
3040 3066 3132 3121 Sic
3164 3066 3312 3120 enim
3338 3074 3394 3120 et
3407 3064 3620 3129 clerici,

378 3167 622 3222 κανόνων
649 3165 745 3220 καὶ
782 3164 1092 3237 ἀδιάφορος.
1133 3163 1291 3221 Οὕτω
1318 3166 1427 3237 γὰρ
1458 3166 1555 3219 καὶ
1578 3165 1629 3218 οί
1664 3165 1802 3237 μετὰ
1843 3165 1950 3221 τῶν

2054 3163 2148 3234 qui
2183 3172 2311 3219 sunt
2342 3162 2397 3216 in
2438 3162 2829 3229 imperatorum
2877 3160 3161 3224 comitatu,
3199 3158 3253 3211 in
3284 3158 3494 3227 campis
3526 3171 3621 3212 so-

380 3260 799 3332 αὐτοκρατόρων
867 3262 1126 3331 ἑπόμενοι
1194 3259 1483 3331 κληρικοὶ,
1549 3260 1629 3323 είς
1690 3260 1950 3325 πεδιάδας

379 3350 622 3421 ἐρήμους
700 3351 1009 3423 ἱερουργεῖν
1083 3351 1498 3416 δεδικαίωνται,
1588 3349 1730 3403 κατὰ
1791 3350 1951 3421 μόνον

377 3438 442 3494 τδ
493 3442 574 3505 είς
616 3441 918 3512 ἐκκλησίαν
972 3440 1272 3513 ἁφορισθὲν
1332 3439 1657 3512 βαμϐίκινον
1705 3439 1954 3495 οίκισκά-

421 3548 524 3591 ιον.

421 3548 524 3591 ιον.

384 3546 416 3605 ρ
447 3619 773 3689 Ἐρώτησις
799 3620 885 3673 ιδ’.
920 3619 1242 3680 ’Λκινδύνως
1276 3618 1627 3689 ίερουργήσει
1653 3634 1738 3680 τις
1766 3617 1798 3687 ἥ
1822 3633 1949 3669 συν-

384 3714 596 3776 εἶξεται
644 3712 781 3781 μετὰ
834 3711 1147 3782 αίρετικῶν,
1205 3709 1537 3764 Ἰακωὸιτῶν
1592 3708 1796 3778 δηλαδὴ
1860 3707 1953 3762 καὶ

382 3803 783 3874 Νεστοριανῶν,
817 3805 896 3866 είς
950 3801 1248 3873 ἐκκλησίαν
1299 3800 1501 3864 αὐτῶν,
1552 3801 1664 3853 εἴτε
1702 3799 1807 3871 μὴν
1859 3799 1952 3852 καὶ

386 3896 689 3965 ἡμετέραν·
716 3893 750 3962 ἢ
782 3894 969 3963 κοινῆς
998 3893 1117 3963 μετ’
1149 3892 1326 3945 αὐτῶν
1360 3892 1605 3965 μετάσχῃ
1636 3888 1948 3960 τραπέζης’

384 3988 663 4061 ἢποιήσει
711 3989 971 4057 ἁνάδοχον
1009 3988 1072 4040 ἐκ
1121 3986 1215 4040 τοῦ
1260 3987 1418 4055 ἁγίου
1473 3985 1875 4056 βαπτίσματος·
1916 3983 1950 4053 ἦ

386 4080 787 4151 κατοιχομένων
870 4080 1089 4149 ποιήσει
1162 4077 1527 4156 μνημόσυναο
1577 4076 1609 4146 ἢ
1660 4073 1954 4146 μεταδώσει

386 4170 494 4224 τῶν
565 4172 726 4224 θείων
801 4170 1155 4239 ἁγιασμὰτων
1221 4169 1440 4234 αὑτοῖς;
1505 4166 1572 4220 Ἠ
1628 4165 1957 4235 στενοχωρία

387 4261 496 4331 γάρ
524 4261 618 4314 τοῦ
654 4261 820 4314 τόπου
867 4258 1040 4313 πολλὰ
1085 4258 1310 4313 τοιαῦτα
1344 4259 1509 4312 ποιεῖ.
1560 4258 1673 4311 Καὶ
1722 4255 1870 4325 ζητῶ
1897 4255 1959 4309 τὸ

388 4352 661 4422 ποιητέον.

474 4440 595 4495 Ἀπ.
626 4439 718 4510 Μὴ
751 4440 869 4493 δότε
908 4439 976 4493 τὰ
1010 4438 1142 4509 ἅγια
1190 4439 1301 4501 τοῖς
1355 4437 1513 4491 κυσὶν
1544 4435 1592 4509 (ὁ
1623 4435 1828 4507 Κύριος
1865 4437 1957 4491 καὶ

2054 3257 2249 3312 iitariis
2286 3271 2438 3311 sacra
2466 3257 2570 3311 rite
2605 3256 2784 3311 facere
2814 3259 3137 3316 censentur,
3170 3250 3277 3305 sub
3315 3249 3436 3303 solo
3471 3248 3623 3304 born-

2052 3347 2271 3419 bycino,
2310 3345 2455 3419 quod
2484 3354 2567 3402 est
2597 3346 2841 3403 ecclesiae
2863 3344 3215 3407 destinatum,
3245 3339 3509 3396 tentorio.

2124 3624 2292 3680 Inter.
2334 3626 2421 3680 Η.
2455 3626 2536 3680 An
2568 3625 2688 3681 sine
2721 3624 2971 3694 periculo
3003 3636 3158 3678 sacra
3191 3622 3275 3676 vel
3311 3630 3433 3676 vota
3460 3621 3624 3677 simul

2057 3715 2213 3769 i'..cict
2247 3716 2443 3785 aliquis
2466 3731 2587 3769 cum
2635 3715 2929 3779 haereticis,
2962 3715 3225 3770 Jacobitis
3267 3713 3518 3767 videlicet
3572 3720 3627 3768 et

2053 3806 2412 3874 Nestoriauis,
2456 3809 2509 3862 iu
2550 3823 2735 3862 corum
2771 3807 3026 3871 ecclesia,
3060 3806 3142 3861 vel
3203 3807 3370 3859 etiam
3420 3805 3475 3858 in
3524 3819 3626 3858 no-

2055 3904 2198 3961 stra,
2226 3903 2319 3951 aut
2355 3910 2699 3964 communem
2722 3910 2844 3949 cum
2884 3896 2950 3949 iis
2976 3893 3326 3964 participabit
3358 3908 3625 3955 mensam,

2058 3994 2152 4039 aut
2177 3986 2336 4041 faciet
2362 4002 2426 4040 ex
2455 3994 2651 4040 sancto
2670 3986 2885 4038 lavacro
2920 3992 3319 4054 susceptorern,
3353 3990 3445 4036 aut
3475 3998 3627 4036 mor-

2057 4085 2275 4131 tuorum
2310 4075 2615 4131 celebrabit
2668 4075 2987 4137 memorias,
3053 4081 3146 4128 aut
3203 4074 3464 4143 largietur
3519 4071 3627 4127 illis

2057 4167 2273 4222 divinas
2367 4166 2882 4222 sanctiiicationes?
2961 4165 3095 4220 Nam
3156 4164 3281 4218 .ioci
3367 4167 3626 4235 angustia:

2058 4258 2229 4311 multa
2285 4256 2598 4327 huiusmodi
2665 4254 2898 4311 faciunt.
2972 4257 3170 4323 Quer
3230 4260 3361 4331 quid
3421 4257 3628 4312 iacien-

2059 4348 2211 4401 dum.

2133 4435 2256 4493 Res.
2286 4436 2366 4494 Ne
2389 4439 2529 4495 detis
2554 4446 2742 4495 sancta
2783 4440 3040 4506 canibus,
3088 4439 3313 4509 (inquit,
3366 4440 3626 4493 Dominus

388 4531 520 4593 Θεὸς
548 4530 706 4600 ἡμῶν
736 4531 1003 4602 εἴρηκεν),
1045 4531 1178 4603 μηδέ
1213 4530 1410 4600 βάλητε
1439 4529 1567 4601 τοὺς
1618 4528 1958 4598 μαργαρίτας

2061 4536 2116 4582 et
2150 4528 2291 4584 Deus
2320 4532 2529 4600 noster)
2562 4547 2662 4586 nec
2688 4530 2989 4601 projiciatis
3015 4534 3335 4601 margaritas
3353 4542 3478 4585 ante
3505 4548 3630 4600 por-

390 4622 496 4672 τὼν
524 4622 722 4692 χοίρων
749 4620 1101 4692 ἐπίπροσθεν.
1139 4622 1241 4675 Διὰ
1284 4639 1364 4674 τοι
1392 4620 1554 4674 τοῦτο
1582 4622 1675 4673 καὶ
1699 4623 1726 4673 6
1752 4620 1822 4684 ξδ’
1857 4637 1957 4675 κα-

393 4711 496 4765 νὼν
522 4713 629 4767 τῶν
662 4712 1010 4783 θεοκηρύκων
1036 4714 1207 4782 ἁγίων
1229 4713 1541 4766 ἀποστόλων
1569 4711 1751 4782 φησὶν,
1781 4710 1849 4763 Εἴ
1873 4727 1957 4775 τις

394 4804 656 4876 κληρικὸς
685 4806 718 4880 ἢ
763 4802 953 4867 λαῖκὸς
982 4805 1202 4875 εἰσέλθῃ
1226 4806 1304 4868 είς
1341 4802 1661 4873 συναγωγὴν
1688 4802 1957 4855 Ἰουδαίων

395 4895 426 4964 ἢ
485 4895 777 4964 αίρετικῶν
824 4894 1246 4964 προσεύξασθαι,
1302 4892 1672 4965 καθαιρείσθω
1715 4893 1810 4946 καὶ
1852 4895 1957 4962 ἁφ-

398 4986 682 5055 οριζέσθω.
713 4986 823 5040 Καὶ
846 4988 873 5039 6
891 4983 972 5054 λγ¹
991 4984 1171 5040 κανὼν
1190 4986 1292 5052 τῆς
1322 4986 1378 5038 ἐν
1408 4984 1692 5054 Λαοδικείᾳ
1717 4985 1955 5048 συνόδου,

400 5077 533 5130 ἀλλὰ
575 5076 681 5147 μὴν
712 5078 809 5131 καὶ
837 5079 865 5130 ὁ
892 5074 946 5141 ς’
973 5077 1066 5130 καὶ
1093 5076 1120 5128 6
1157 5075 1253 5135 λδ’,
1303 5075 1475 5128 ταῦτὰ
1521 5091 1651 5143 φησι
1699 5075 1826 5145 περὶ
1865 5072 1957 5127 τοῦ

399 5168 700 5236 συγχωρεῖν
753 5166 864 5228 τοῖς
900 5166 1195 5237 αἱρετικοῖς
1232 5163 1458 5216 εἰσιέναι
1494 5163 1575 5226 είς
1610 5158 1756 5215 οἶκον
1800 5161 1957 5230 θεοῦ,

398 5258 715 5325 ἐπιμένουσι
747 5260 812 5328 τῇ
859 5258 1090 5327 αἱρέσει,
1128 5258 1208 5309 ὅτι
1239 5257 1313 5308 Οὐ
1348 5255 1429 5308 δεῖ
1485 5254 1749 5325 αἱρετικῷ
1778 5255 1810 5327 ἢ
1842 5272 1960 5326 σχι-

399 5347 648 5419 σματικῷ
674 5348 1178 5419 συνεύχεσθαι.”οτι
1199 5349 1258 5400 οὐ
1284 5348 1364 5400 δεῖ
1381 5346 1702 5417 Χριστιανὸν
1727 5349 1989 5415 ἐγκαταο,

398 5438 607 5494 λείπειν
648 5442 931 5511 μάρτυρας
968 5438 1227 5510 Χριστοῦ,
1263 5438 1358 5492 καὶ
1388 5438 1609 5491 ἀπιέναι
1652 5439 1788 5507 πρὸς
1836 5438 1961 5501 τοὺς

395 5534 847 5607 ψευδομάρτυρας
865 5550 878 5564 ·
903 5534 1177 5586 τουτέστιν
1200 5532 1529 5601 αίρετικοὺς,
1550 5531 1584 5600 ἢ
1608 5530 1804 5593 αὐτοὺς
1836 5532 1961 5595 τοὺς

400 5625 827 5694 προειρημένους
876 5623 1188 5694 αίρετικοὺς
1244 5623 1589 5692 γενομένους.
1648 5616 1809 5676 Οὗτοι
1853 5624 1962 5694 γὰρ

400 5717 671 5788 ἀλλότριοι
704 5715 798 5770 τοῦ
823 5715 959 5769 Θεοῦ
992 5715 1371 5787 τυγχάνουσιν.
1404 5715 1685 5768 Ἔστωσαν
1715 5713 1808 5768 οὖν
1835 5716 1965 5769 άνὰ·

404 5807 545 5880 θεμα
579 5811 626 5862 oi
658 5807 1016 5880 ἀπερχόμενοι
1044 5806 1181 5878 πρὸς
1200 5806 1415 5869 αὐτούς.
1446 5807 1544 5861 Διὰ
1568 5823 1650 5859 τοι
1678 5805 1837 5859 τοῦτο
1864 5807 1960 5861 καὶ

2060 4635 2176 4675 cos.
2209 4620 2328 4686 Qua
2367 4621 2434 4677 de
2454 4637 2620 4677 causa
2657 4631 2712 4675 et
2744 4626 3124 4693 sexagesimus
3163 4632 3396 4693 quartus
3446 4638 3628 4677 canon

2059 4713 2151 4768 Dei
2182 4730 2493 4783 prmeonum
2523 4723 2836 4770 sanctorum
2865 4714 3234 4784 apostolorum
3268 4714 3340 4765 ait
3366 4731 3379 4767 :
3411 4712 3465 4766 Si
3502 4715 3628 4779 quis

2058 4804 2319 4867 clericus,
2345 4816 2441 4858 aut
2473 4806 2669 4871 laicus,
2695 4805 2890 4859 orandi
2932 4820 3099 4859 causa
3133 4803 3416 4869 ingressus
3467 4801 3627 4856 fuerit

2061 4892 2116 4946 in
2151 4909 2483 4964 synagogam
2514 4893 2852 4957 Judaeorum,
2885 4895 2967 4948 vel
3015 4893 3417 4958 haereticorum,
3458 4892 3626 4960 depo—

2062 4993 2222 5039 natur
2245 4993 2300 5039 et
2345 4986 2869 5040 excommunicctur.
2930 4984 2996 5038 Et
3052 4984 3369 5055 trigesimus
3434 4984 3630 5037 tertius

2061 5090 2238 5131 canon
2274 5075 2589 5130 Laodicenae
2650 5077 2881 5147 synodi,
2921 5075 3050 5130 item
3084 5085 3273 5130 sextus
3322 5083 3374 5126 et
3414 5074 3625 5143 trigesi-

2063 5182 2187 5221 mus
2213 5174 2465 5237 quartus,
2494 5165 2609 5221 hare
2639 5172 2715 5221 ait
2752 5170 2815 5223 de
2837 5167 2994 5222 venia
3029 5165 3207 5219 danda
3258 5165 3536 5219 haereticis
3571 5164 3625 5217 in

2063 5274 2161 5314 sua
2188 5260 2378 5313 hatresi
2409 5260 2784 5327 perstantibus
2816 5258 3159 5328 ingrediendi
3205 5258 3427 5312 domum
3483 5254 3577 5309 Dci
3607 5272 3623 5310 :

2064 5350 2210 5419 quod
2239 5366 2347 5405 non
2372 5360 2587 5421 oportet
2619 5367 2727 5405 una
2760 5366 2884 5404 cum
2926 5349 3181 5404 iraaretico
3230 5350 3313 5402 Vel
3360 5348 3631 5402 schisma-

2068 5443 2177 5496 tico
2206 5458 2367 5498 orare
2408 5464 2422 5496 :
2456 5442 2614 5510 Quod
2644 5458 2755 5499 non
2785 5451 3001 5515 oportet
3041 5444 3210 5497 ullum
3250 5440 3628 5497 Christianum

2065 5534 2269 5589 Christi
2296 5543 2569 5606 martyras
2599 5536 2941 5606 relinquere,
2973 5545 3024 5591 et
3056 5535 3122 5589 ad
3149 5534 3319 5587 falsos
3341 5540 3631 5603 martyras,

2065 5624 2169 5680 hoc
2198 5633 2282 5679 cst
2312 5625 2618 5688 lmreticos,
2661 5627 2833 5693 abire,
2865 5628 2947 5682 vel
2968 5641 3087 5689 eos,
3118 5625 3211 5695 qui
3245 5624 3402 5694 prius
3447 5624 3623 5675 haere-

2071 5716 2158 5771 tici
2185 5716 2358 5772 i‘ucre.
2399 5715 2464 5770 Hi
2508 5717 2659 5772 enim
2689 5728 2820 5773 sunt
2858 5733 2887 5771 a
2915 5718 3023 5773 Deo
3079 5716 3264 5772 alieni.
3322 5714 3446 5770 Sint
3493 5726 3625 5782 ergo

2069 5805 2379 5873 anathema,
2411 5804 2508 5875 qui
2537 5805 2605 5859 ad
2633 5819 2729 5861 cos
2755 5805 2977 5862 abeunt.
3014 5805 3141 5860 Eam
3168 5805 3237 5859 ob
3274 5819 3386 5858 rem
3422 5813 3473 5856 ct
3524 5814 3625 5856 nos
