4020 6404
425 371 529 439 967

1639 368 1672 421 Ἰ
1693 367 1739 421 ll
1756 363 1916 422 Etll).
1964 361 2048 417 BA
2061 351 2438 416 LSAMUNIS

3525 350 3620 414 968

421 513 733 564 censemus,
761 513 871 554 non
899 493 1460 553 excommunicationi
1487 497 1694 543 tantum
1722 496 1774 541 et
1803 487 1960 556 depo-

2077 479 2237 547 ήμείς
2288 471 2640 543 ψηφιζόμεθα
2675 472 2750 543 μὴ
2783 471 2940 542 μόνον
2990 467 3284 541 ἀφορισμῷ
3311 469 3400 523 καὶ
3442 471 3616 526 καθαι-

418 593 606 650 sitioni
639 589 1014 658 subjiciendos
1049 589 1218 640 laicos
1275 592 1328 637 et
1373 584 1602 637 clericos
1632 589 1756 632 vnta
1817 576 1979 632 simul

415 687 678 740 facientes
705 683 758 736 in
795 681 1223 734 orthodoxorum
1254 677 1334 730 vel
1379 674 1755 728 lucreticorum
1799 671 1978 726 eccle-

416 779 520 842 sia,
576 782 669 828 aut
710 775 1027 841 ubicunque
1067 778 1190 822 vota
1243 781 1364 820 cum
1398 766 1474 819 eis
1511 764 1670 819 simul
1716 763 1979 816 facientes

417 869 703 930 solemnia,
766 874 818 919 et
883 861 1204 918 sacerdotali
1259 874 1430 922 more,
1479 867 1570 910 aut
1604 855 1767 909 etiam
1797 854 1976 908 cibum

416 958 578 1014 simul
609 965 908 1020 sumentes,
940 970 1122 1009 verum
1158 959 1211 1006 et
1259 952 1476 1019 gravius
1499 947 1761 1008 coerceri,
1824 945 1978 1010 juxta

416 1050 724 1102 divinorum
776 1063 1044 1101 canOnum
1077 1047 1458 1115 praedictorum
1492 1053 1755 1096 tenorem.
1805 1037 1972 1090 Loco-

416 1155 536 1194 rum
585 1142 727 1193 enim
755 1141 1020 1207 angustia»
1047 1147 1099 1191 et
1135 1137 1516 1190 ltmreticorum
1545 1131 1858 1195 multitudo,
1883 1145 1976 1184 or-

413 1231 660 1285 tbodnxae
687 1232 806 1284 ﬁdei
845 1247 948 1285 non
975 1237 1186 1284 mutant
1209 1226 1592 1293 integritatem.

493 1325 661 1377 Inter.
704 1323 790 1376 15.
824 1320 1036 1389 Captivi
1079 1317 1258 1371 Latini
1291 1325 1344 1371 ct
1382 1315 1475 1366 alii
1509 1313 1575 1366 ad
1625 1319 1846 1365 nostras
1893 1325 1977 1363 ac-

410 1415 612 1470 cedunt
647 1411 946 1466 catholicas
981 1409 1266 1469 ecclesias,
1291 1415 1344 1460 et
1375 1404 1666 1474 participes
1717 1402 1829 1454 fieri
1875 1415 1972 1468 po-

411 1509 618 1561 stulant
651 1505 962 1555 divinarum
1000 1499 1502 1556 sanctiﬁcationum
1548 1517 1560 1552 :
1599 1496 1741 1550 scire
1788 1495 1972 1560 velim,

408 1611 476 1649 an
509 1595 614 1648 hoc
635 1593 714 1647 eis
735 1588 1144 1646 concedendum
1175 1588 1267 1643 sit.

480 1769 598 1824 Res.
639 1767 743 1835 Qui
770 1784 874 1822 non
903 1776 984 1823 est
1008 1782 1242 1828 mecum,
1276 1775 1466 1821 contra
1493 1782 1574 1820 me
1607 1776 1708 1832 est,
1747 1764 1970 1836 (inquit,

407 1861 651 1914 divinum
681 1857 1058 1928 Evangelium)
1088 1867 1140 1912 et
1173 1858 1262 1925 qui
1315 1873 1423 1911 non
1479 1857 1688 1925 colligit
1733 1869 1968 1916 mecum,

404 1949 684 2020 dispergit.
715 1949 982 2016 Quoniam
1005 1949 1168 2019 igitur
1196 1957 1321 2003 ante
1369 1963 1544 2002 annos
1569 1947 1786 2008 multos.
1822 1945 1966 2000 occi-

404 2041 638 2097 dentalis
669 2042 930 2096 Ecclesiae
985 2040 1213 2113 (Romae,
1275 2039 1520 2110 inquam)
1552 2039 1784 2092 celebris
1837 2053 1970 2092 con-

403 2140 603 2186 ventus
633 2131 840 2187 divisus
873 2140 956 2186 est
989 2133 1058 2186 ab
1089 2132 1322 2184 aliorum
1378 2137 1615 2198 quatuor
1648 2137 1964 2183 sanctorum

402 2223 830 2292 patriarcharum
865 2223 1096 2291 spiritali
1125 2223 1534 2283 communione,
1569 2229 1622 2274 et
1664 2219 1730 2273 ad
1785 2233 1967 2272 mores

401 2314 762 2384 institutaque
792 2313 1034 2377 divertit,
1071 2329 1100 2367 a
1149 2313 1417 2368 catholica
1473 2311 1738 2374 Ecclesia,
1793 2317 1848 2361 et
1898 2307 1966 2361 ab

401 2403 718 2457 orthodoxis
743 2403 918 2457 aliena
956 2420 970 2457 :
1003 2418 1164 2471 quam
1193 2403 1264 2456 ob
1285 2417 1505 2456 causam
1533 2415 1708 2469 neque
1740 2399 1881 2468 Papa
1912 2400 1964 2451 in

400 2493 600 2547 divinis
631 2493 1120 2548 sacriﬁcationibus
1149 2502 1179 2542 1
1212 2493 1489 2548 communi
1518 2492 1962 2562 patriarchalium

400 2584 682 2638 nominum
720 2585 982 2640 relatione
1034 2583 1228 2653 dignus
1271 2585 1508 2639 habetur
1564 2600 1578 2637 :
1639 2599 1744 2637 non
1806 2581 1966 2636 debet

399 2671 706 2728 Latinicum
759 2690 930 2744 genus
976 2691 1138 2728 manu
1196 2676 1521 2730 sacerdotali
1568 2691 1666 2744 per
1699 2674 1880 2729 divina
1911 2680 1964 2728 et

399 2764 742 2819 inunaculata
806 2765 1062 2836 mysteria
1133 2766 1483 2832 sanctiﬁcari,
1549 2766 1652 2820 nisi
1727 2765 1964 2832 deponat

399 2853 575 2922 prius,
609 2870 666 2909 se
695 2870 724 2909 a
755 2855 1018 2911 Latinicis
1064 2857 1334 2912 institutis
1381 2867 1437 2912 et
1470 2854 1962 2911 consuetudinibus

399 2943 804 3010 abstenturum,
839 2955 892 3000 et
919 2946 1218 3001 secundum
1253 2962 1492 3002 canones
1518 2947 1818 3003 instructus
1848 2945 1966 3000 fue-

398 3032 489 3100 rit,
512 3042 566 3091 et
597 3037 916 3095 orthodoxis
947 3038 1288 3109 adaequatus.

469 3208 640 3264 Inter.
671 3211 757 3264 16.
791 3209 1107 3265 Divinarum
1133 3212 1627 3266 sanctiﬁcationum
1657 3209 1958 3279 assumptio

397 3299 684 3354 arbitraria
718 3308 800 3356 est
849 3301 1129 3354 monachis
1156 3301 1429 3365 omnibus,
1457 3302 1670 3356 clericis
1701 3310 1753 3356 et
1786 3300 1960 3366 laicis,

398 3391 491 3461 qui
525 3407 634 3445 non
657 3400 784 3446 sunt
816 3393 1076 3462 prohibiti
1116 3411 1130 3447 :
1173 3405 1230 3447 ut
1260 3392 1510 3462 quotidie
1552 3392 1665 3448 fere
1705 3409 1801 3462 per
1841 3407 1958 3446 eam

398 3480 732 3534 sanctiﬁcari
772 3481 1006 3550 possint.
1037 3481 1116 3534 An
1147 3490 1208 3534 ut
1240 3482 1342 3537 sub
1391 3481 1629 3551 pondere
1678 3483 1910 3536 libratur
1935 3491 1957 3518 ²

396 3570 634 3624 munus?
663 3568 768 3624 Sed
801 3581 855 3624 et
885 3573 937 3623 in
969 3571 1054 3633 iis,
1089 3573 1179 3640 qui
1209 3572 1272 3625 ad
1305 3574 1781 3642 congregationem
1825 3588 1958 3628 con-

396 3659 643 3724 veniunt,
695 3660 1072 3715 necessitatem
1109 3661 1271 3716 habet
1309 3663 1432 3717 boni
1482 3664 1846 3735 participatio,
1887 3681 1957 3720 an

396 3747 684 3803 arbitraria
715 3757 819 3816 est,
858 3758 910 3804 et
943 3759 1244 3819 spontanea
1272 3753 1294 3806 ?
1889 3744 1908 3754 ”

464 3923 586 3979 Res.
617 3923 1085 3992 Quemadmodum
1142 3931 1256 4002 lege
1287 3939 1552 3986 statutum
1584 3941 1665 3987 est
1689 3944 1738 3996 ι,
1775 3932 1956 4004 dignis

393 4015 510 4071 dari
567 4016 859 4088 dignitates
890 4059 905 4083 ,
961 4020 1041 4075 s'ic
1089 4031 1300 4088 sancta,
1351 4023 1575 4078 sanctis.
1634 4022 1957 4092 Quicunque

394 4107 560 4178 igitur
584 4124 678 4178 per
700 4111 823 4164 vitae
852 4111 1242 4182 integritatem,
1277 4114 1418 4168 viam
1466 4114 1568 4170 sibi
1601 4113 1668 4168 ad
1708 4115 1952 4168 divinam

393 4199 864 4268 participationem
911 4205 1352 4272 complanarunt,
1396 4206 1516 4261 sine
1568 4205 1954 4274 impedimento

393 4289 767 4344 admittentur.
799 4291 986 4362 Neque
1015 4297 1160 4348 enim
1193 4296 1244 4349 hi
1278 4297 1502 4351 omnino
1533 4312 1676 4358 eam,
1732 4307 1791 4349 ut
1838 4310 1952 4349 rem

391 4378 693 4446 quamlibet
738 4381 921 4444 aliam,
967 4384 1381 4454 aggredientur,
1428 4387 1472 4439 si
1525 4387 1712 4456 gratia:
1764 4385 1952 4437 altitu-

2087 569 2234 639 ρέσει
2286 563 2787 618 καθυποῆαλλεσθαι
2823 563 2946 624 τοὺς
2983 561 3205 623 λαῖκούς
3232 578 3288 612 τε
3316 563 3404 612 καὶ
3443 561 3614 631 κληρι-

2085 658 2231 720 κους,
2263 653 2694 722 συνευχομένους
2729 653 2787 704 ἐν
2824 652 3090 721 ἐκκλησίᾳ.
3117 651 3404 721 όρΟοδόξων
3429 653 3458 720 ἦ
3485 656 3618 720 αἱρε-

2082 747 2269 807 τικῶν,
2303 747 2336 817 ἢ
2367 744 2704 813 ὁπουδήποτε
2765 744 3187 812 συνευχομένους
3230 744 3405 804 αὐτοῖς
3437 746 3619 811 ἱερατι-

2082 833 2278 904 κῶς,ἢ
2331 833 2437 904 μὴν
2473 834 2564 886 καὶ
2613 832 3021 892 συνεσθίοντας·
3082 830 3216 882 ἀλλὰ
3248 832 3335 882 καὶ
3381 834 3620 899 μειζόως

2082 925 2424 990 κολάζεσθαι,
2460 925 2601 977 κατὰ
2637 923 2733 992 τὴν
2764 923 2872 974 τῶν
2903 922 3178 992 ῥηθέντων
3220 923 3373 973 θείων
3401 925 3620 974 κανόνων

2083 1015 2395 1087 περίληψιν.
2433 1015 2493 1066 Ἦ
2521 1015 2630 1084 γὰρ
2660 1013 2988 1080 στενοχωρία
3013 1013 3119 1063 τῶν
3148 1012 3344 1074 τόπων,
3374 1017 3453 1063 κα“·
3485 1015 3509 1063 ό
3529 1014 3623 1063 τῶν

2083 1110 2372 1178 αἱρετικῶν
2395 1106 2711 1176 πληθυσμδς
2733 1106 2831 1174 τῆς
2858 1105 3132 1173 όρθοδόξου
3174 1105 3402 1163 πίστεως
3427 1105 3484 1155 οὐ
3509 1123 3626 1171 μετ-

2081 1199 2283 1271 ήμειψε
2313 1199 2410 1268 τὴν
2446 1198 2832 1264 ἀκεραιότητα.

2149 1289 2475 1357 Ἐρώτησις
2539 1295 2621 1343 ιε’.
2673 1287 3019 1356 Αίχμάλωτοι
3086 1288 3302 1337 Λατῖνοι
3369 1286 3458 1336 καὶ
3515 1285 3622 1336 ἓτε-

2083 1401 2165 1451 ροι
2205 1379 2663 1452 παρουσιάζουσιν
2707 1381 2785 1441 εις
2859 1379 2955 1440 τὰς
3009 1377 3300 1436 καθολικὰς
3351 1377 3624 1442 ἐκκλησίας

2077 1474 2255 1544 ἡμῶν,
2290 1473 2383 1525 καὶ
2426 1471 2648 1538 ζητοῦσι
2684 1470 3002 1540 μεταλαὸεῖν
3030 1471 3136 1522 τῶν
3167 1469 3326 1522 θείων
3367 1469 3624 1535 ἀγιασμά-

2075 1585 2204 1621 των.
2274 1566 2335 1618 El
2405 1565 2535 1633 γοῦν
2583 1551 2930 1634 ἐκχωρητέον
2969 1561 3125 1614 τοῦτό
3184 1563 3323 1625 ἐστι,
3375 1559 3625 1629 ζητοῦμεν

2081 1655 2292 1726 μαθεῖν.

2161 1747 2291 1800 Ἀπ.
2337 1746 2395 1799 Ὀ
2437 1745 2509 1816 μὴ
2571 1744 2645 1801 ὢν
2679 1748 2800 1816 μετ’
2860 1747 3018 1816 ἐμοῦ,
3065 1748 3186 1801 κατ’
3232 1746 3366 1818 ἐμοῦ
3399 1747 3510 1799 ἐστι
3555 1746 3628 1814 (τὺ

2077 1836 2219 1890 θεῖον
2250 1837 2448 1906 ἔφησεν
2485 1837 2838 1904 Εὐαγγέλιον)
2869 1855 2882 1867 ⁸
2923 1838 3014 1891 καὶ
3050 1840 3076 1890 ό
3108 1837 3182 1908 μὴ
3234 1837 3476 1904 συνάγων
3524 1834 3628 1906 μετ’

2071 1930 2227 1999 ἐμοῦ,
2264 1929 2565 1999 σκορπίζει.
2611 1930 2761 1981 Ἐπεὶ
2790 1929 2880 1982 οῦν
2915 1930 3020 2000 πρὸ
3047 1931 3257 2000 χρόνων
3291 1929 3492 1982 πολλῶν
3533 1931 3626 1980 ἀπ-

2069 2022 2290 2092 εσχίσθη
2322 2023 2418 2092 τῆς
2445 2021 2666 2091 δυτικῆς
2687 2021 3017 2092 Ἑκκλησίας
3050 2021 3170 2091 (τῆς
3202 2021 3423 2091 Ῥώμης
3444 2015 3628 2090 φαμὲν)

2066 2113 2128 2166 τὸ
2160 2113 2502 2183 περιώνυμον
2535 2112 2809 2182 ἄθροισμα
2839 2115 2902 2165 ἐκ
2933 2113 3029 2183 τῆς
3061 2112 3170 2164 τῶν
3205 2113 3412 2182 ἐτέρων
3443 2107 3630 2164 τεσσά-

2072 2220 2178 2273 ρων
2230 2203 2399 2271 ἁγίων
2454 2202 2809 2273 πατριαρχῶν
2875 2202 3258 2270 πνευματικῆς
3303 2198 3630 2260 οκοινωνίας,

2072 2295 2164 2349 καὶ
2197 2293 2582 2364 ἀπεσχοινίσθη
2621 2295 2757 2364 πρὸς
2801 2293 2896 2364 ἔθη
2945 2295 3038 2346 καὶ
3086 2293 3342 2362 δόγματα
3381 2292 3474 2359 τῆς
3511 2287 3632 2343 καθ-

2065 2385 2252 2454 ολικῆς
2284 2381 2606 2454 Ἐκκλησίας
2654 2384 2747 2437 καὶ
2778 2383 2884 2435 τῶν
2913 2383 3209 2452 όρθοδόξων
3241 2383 3509 2453 ἀλλότρια.
3541 2377 3628 2432 Διά

2065 2476 2174 2546 γὰρ
2229 2473 2385 2527 τοῦτο
2453 2473 2577 2526 οὕτε
2643 2475 2700 2526 ἐν
2752 2475 2874 2536 ταῖς
2939 2475 3110 2537 θείαις
3188 2473 3627 2543 ίεροτελεστίαιςν

2067 2569 2252 2636 κοινῆς
2312 2568 2420 2619 τῶν
2502 2565 2919 2637 πατριαρχικῶν
2995 2566 3280 2635 ὀνομάτων
3367 2565 3628 2632 ἀναφορᾶς

2065 2660 2091 2710 ὁ
2122 2658 2308 2718 πάπας
2359 2657 2610 2725 ἠξίωται,
2663 2656 2765 2709 οὐκ
2799 2655 3002 2724 ὀφείλει
3049 2656 3204 2722 γένος
3261 2655 3538 2710 Λατινικδν
3572 2655 3630 2704 ἐκ

2065 2750 2244 2819 χειρὸς
2300 2751 2578 2818 ιερατικῆς
2609 2748 2696 2802 διὰ
2738 2749 2846 2801 τῶν
2879 2749 3038 2801 θείων
3081 2748 3173 2800 καὶ
3212 2747 3494 2818 ἀχράντων
3533 2763 3628 2814 μυ-

2066 2840 2301 2911 στηρίων
2349 2839 2718 2906 ἁγιάζεσθαιο
2774 2841 2822 2891 εἰ
2877 2840 2950 2910 μὴ
3002 2839 3313 2908 κατάθηται
3378 2841 3630 2909 πρότερον

2063 2932 2362 3002 ἀπέχεσθαι
2377 2932 2487 2985 τῶν
2505 2931 2810 2986 Λατινικῶν
2825 2932 3108 3002 δογμάτων
3127 2948 3185 2983 τε
3203 2933 3301 2985 καὶ
3321 2929 3628 2998 συνηθειῶν,

2063 3023 2158 3075 καὶ
2204 3022 2346 3076 κατὰ
2397 3024 2632 3086 κανόνας
2678 3023 2987 3094 κατηχηθῇ,
3038 3023 3132 3075 καὶ
3185 3024 3299 3085 τοῖς
3339 3019 3629 3091 ὀρθοδόξοις

2066 3111 2322 3182 ἐξισωθῇ.

1987 3172 2032 3232 c
2109 3172 2453 3270 V‘Epei'snatc
2479 3210 2576 3268 ις’.
2623 3202 2689 3256 Ἦ
2733 3203 2842 3256 τῶν
2879 3201 3040 3256 θείων
3069 3203 3434 3274 άγιασμάτων
3467 3199 3625 3272 μετά-

2063 3294 2223 3365 ληψις
2274 3295 2592 3365 αὐθαίρετός
2623 3295 2739 3348 ἐστι
2770 3297 2904 3348 πᾶσι
2954 3298 3066 3357 τοῖς
3119 3295 3195 3366 μὴ
3237 3293 3626 3360 κεκωλυμένοις

2065 3388 2316 3455 μοναχοίς
2369 3385 2648 3454 κληρικοῖς
2675 3402 2732 3438 τε
2766 3385 2860 3437 καὶ
2902 3384 3110 3448 λαῖκοϊς
3131 3401 3146 3416 ο
3182 3385 3327 3438 ὥστε
3378 3380 3628 3437 δύνασθαι

2059 3475 2281 3536 τούτους
2322 3475 2444 3528 καθ’
2489 3475 2726 3544 ἑκάστην
2755 3475 2942 3544 σχεδὸν
2967 3476 3033 3527 δι’
3070 3476 3241 3544 αὐτῆς
3287 3473 3626 3542 άγιάζεσθαιο

2059 3567 2092 3636 ἢ
2120 3565 2195 3629 ὼς
2226 3567 2332 3618 ὑπὸ
2365 3565 2612 3636 στάθμης
2647 3566 3058 3632 ζυγοστατεῖται
3082 3566 3141 3618 τὸ
3164 3567 3438 3636 δώρημα;
3473 3561 3628 3616 ’Δὶ-λὰ

2060 3659 2298 3721 καὶτοῖς
2348 3657 2552 3710 τούτων
2600 3657 3052 3726 ἐκκλησιάζουσιν
3083 3657 3472 3725 ἁναγκαστική
3519 3657 3626 3706 ἐστι

2057 3748 2154 3803 τοῦ
2191 3748 2396 3816 ἀγαθοῦ
2428 3751 2460 3819 ἠ
2493 3746 2814 3818 μετάληψις,
2845 3747 2877 3818 ἢ
2915 3751 3247 3818 προαιρετέα
3275 3750 3369 3801 καὶ⁹
3406 3742 3625 3799 αὐτοκέο

2058 3838 2280 3902 λευστος
2299 3855 2314 3904 ;

2135 3932 2257 3982 Ἀπ.
2306 3929 2393 3992 Ὠς
2423 3929 2733 3998 νενόμισται
2758 3928 2996 3982 δίδοσθαι
3027 3931 3135 3991 τοῖς
3165 3928 3338 3994 ἀξίοις
3375 3928 3440 3980 τὰ
3475 3923 3626 3990 ἀξιώ-

2061 4038 2225 4091 ματα,
2258 4021 2398 4074 οὕτω
2427 4022 2517 4073 καὶ
2543 4023 2654 4081 τοῖς
2699 4020 2874 4086 ἁγίοις
2906 4020 2972 4073 τὰ
3006 4019 3154 4087 ἕιγια.
3193 4022 3352 4073 Ὅσοι
3386 4018 3517 4085 γοῦν
3538 4015 3624 4069 διὰ

2056 4113 2401 4182 καθαρότητα
2451 4112 2562 4180 βίου
2619 4111 2720 4180 τῆς
2769 4111 2920 4173 θείας
2973 4111 3331 4180 μεταλήψεως
3379 4111 3478 4179 τὴν
3508 4109 3623 4160 ὁδὸν

2056 4204 2239 4264 αὐτοῖς
2285 4203 2660 4271 ἐξωμάλισαν,
2705 4202 3203 4272 ὰπαρεμποδίστως
3245 4203 3623 4272 δεχθῆσονται.

2055 4293 2277 4354 Πάντως
2312 4294 2420 4361 γὰρ
2464 4293 2585 4345 οὐδὲ
2633 4293 2788 4345 αὐτοὶ
2829 4292 3034 4360 ταύτης
3077 4292 3151 4354 ὼς
3196 4294 3429 4362 τυχαίας
3463 4308 3624 4344 κατα·

2054 4383 2406 4452 τολμήσουσι,
2438 4383 2832 4446 κατανοοῦντες
2862 4385 2922 4436 τὸ
2949 4382 3082 4453 ὕψος
3124 4385 3224 4454 τῆς
3258 4387 3501 4455 χάριτος,
3534 4382 3624 4435 καὶ

391 4468 575 4521 dinem
641 4471 1029 4540 considerent,
1099 4484 1152 4530 et
1209 4478 1534 4532 sacramenti
1618 4474 1946 4543 magnitudi-

2066 4472 2146 4526 τοῦ
2182 4473 2484 4544 μυστηρίου
2509 4477 2568 4526 τὸ
2602 4474 2853 4544 μέγεθος.

391 4571 540 4611 nem.

458 4646 587 4712 Cngi
610 4657 786 4703 autem
804 4666 1127 4724 quemquam
1145 4653 1356 4708 divinas
1385 4653 1842 4711 sanctificationes
1863 4670 1953 4710 as-

391 4751 624 4802 sumere,
677 4755 782 4795 non
835 4745 1050 4811 placuit.
1090 4737 1204 4799 Etsi
1254 4746 1397 4800 enim
1448 4746 1612 4815 aliqui
1656 4749 1953 4814 apostolico

389 4829 423 4881 9
466 4843 675 4885 canone
723 4833 829 4895 usi,
880 4834 980 4904 (sic
1029 4836 1325 4904 inquiente,
1378 4835 1701 4908 Quicunque
1760 4838 1949 4894 ﬁdeles

389 4918 770 4988 ingrediuntur
809 4931 862 4976 et
908 4926 1216 4992 Scripturas
1272 4927 1518 4989 audiunt.
1553 4927 1606 4981 in
1641 4931 1951 4997 precatione

390 5017 568 5063 autem
611 5019 666 5066 et
719 5028 876 5068 sacra
931 5019 1311 5070 communione
1356 5033 1462 5071 non
1513 5027 1848 5087 permanent,
1891 5029 1949 5074 ut

389 5096 646 5155 Ecclesia):
694 5101 1069 5158 confusionem
1127 5104 1432 5172 aﬂ‘erentes,
1469 5109 1740 5177 segregari
1788 5123 1947 5177 opor-

391 5192 488 5258 tet)
521 5191 689 5245 velint
730 5207 846 5257 eos,
876 5193 966 5262 qui
996 5199 1050 5248 in
1077 5196 1364 5250 ecclesiam
1400 5199 1750 5260 conveniunt,
1783 5200 1946 5253 etiam

392 5279 587 5333 invitos
635 5282 753 5351 cogi
802 5283 1015 5336 divinas
1060 5300 1274 5340 sumere
1335 5288 1795 5342 sanctiﬁcationes
1848 5303 1947 5343 nos

389 5376 569 5421 tamen
618 5384 878 5426 canonem
931 5389 1034 5427 non
1085 5376 1164 5430 sic
1212 5377 1646 5447 interpretamur.
1702 5378 1765 5432 Et
1802 5379 1944 5431 enim

390 5453 574 5512 lldeles
605 5459 821 5527 quidem
857 5463 922 5517 ad
973 5463 1130 5519 ﬁnem
1163 5481 1330 5536 usque
1358 5468 1524 5522 divini
1581 5467 1851 5532 sacriﬁcii.
1893 5475 1947 5522 ει

2141 4653 2580 4717 Ἀναγκαστικῶς
2603 4654 2658 4706 δέ
2687 4671 2836 4719 τινας
2859 4656 2967 4710 τῶν
2998 4657 3155 4710 θείων
3186 4656 3621 4727 μεταλαμόάνειν
3698 4699 3702 4703 .

2062 4744 2417 4811 ἁγιασμάτων
2445 4745 2503 4796 οὐ
2536 4745 2805 4798 δέδοκται.
2837 4747 2952 4800 Κᾶν
2977 4749 3081 4818 γάρ
3105 4767 3248 4811 τινες
3279 4749 3358 4818 τῷ
3394 4751 3621 4802 ἀποστοο

2060 4834 2196 4904 λικῷ
2220 4831 2263 4886 θ’
2285 4835 2467 4888 κανόνι
2488 4837 2842 4905 χρησαμένοι,
2867 4837 2964 4906 (τῷ
2988 4837 3129 4890 οὕτω
3144 4840 3382 4906 λέγοντι·
3412 4839 3622 4896 Πάντας

2055 4927 2181 4988 τοὺς
2200 4928 2462 4990 εἰσιόντας
2479 4931 2702 4992 πιστοὺς
2719 4929 2936 4982 καὶτῶν
2955 4931 3187 5000 Γραφῶν
3213 4932 3618 5000 ἀκροωμένους.

2058 5019 2133 5088 μὴ
2169 5019 2581 5087 παραμένοντας
2610 5020 2666 5072 δὲ
2709 5024 2774 5092 τῇ
2807 5025 3080 5092 προσευχῇ
3115 5035 3206 5074 και
3237 5025 3305 5092 τῇ
3333 5023 3468 5091 ἁγία
3525 5037 3616 5089 με-

2053 5109 2305 5178 ταλήψει,
2359 5109 2435 5172 ὡς
2497 5111 2724 5175 ἀταξίαν
2775 5113 3137 5182 ἐμποιοῦντας
3195 5116 3263 5182 τῇ
3328 5111 3619 5181 Ἐκκλησία

2058 5199 2410 5268 ἀφορίζεσθαι
2441 5200 2575 5271 δεῖ),
2612 5200 2821 5254 θέλουσι
2873 5204 2927 5255 δὲ
2974 5206 3099 5265 τοὺς
3161 5201 3619 5271 ἐκκλησιάζοντας

2055 5292 2160 5342 τῶν
2181 5291 2340 5343 θείων
2370 5291 2808 5361 μεταλαμσάνειν
2838 5295 3194 5362 ἁγιασμάτων
3232 5295 3326 5344 καὶ
3350 5293 3614 5350 ἄκοντας·

2055 5381 2166 5433 ἀλλ’
2199 5383 2329 5449 ἡμῖν
2358 5380 2497 5435 οῦτω
2537 5383 2603 5434 τὰ
2637 5383 2730 5437 τοῦ
2771 5385 2990 5446 κανόνος
3041 5387 3139 5436 οὑκ
3189 5382 3609 5451 ἐκλαμϐάνετω..

2067 5469 2478 5538 Ἐκκλησιάζειν
2519 5465 2614 5541 μὲν
2641 5475 2746 5544 γὰρ
2789 5475 2915 5537 τοὺς
2949 5477 3172 5538 πιστοὺς
3214 5475 3381 5544 μέχρι
3433 5469 3612 5529 τέλους

1680 5624 1909 5679 VARl/E
1948 5624 2348 5681 LECTIONES.

463 5723 492 5766 1
521 5720 573 5775 in
602 5724 771 5780 sacris
810 5732 1145 5788 caerimoniis.

1227 5743 1250 5771 ³
1284 5734 1416 5789 velut
1450 5735 1519 5788 ad
1545 5733 1744 5791 lancem
1774 5737 2115 5803 ponderatur.

2207 5748 2230 5777 ο
2263 5753 2405 5792 more
2450 5750 2705 5808 receptum
2763 5751 2856 5794 est.
