4020 6410
439 405 546 469 969

1289 405 1670 465 RESPONSA
1713 408 1811 467 AD
1857 407 2590 473 INTERROGATIONES
2629 412 2893 478 MARCI.

3570 420 3679 485 970

429 532 527 598 τῆς
583 529 731 592 θείας
784 531 1200 600 ἱεροτελεστίας.
1259 534 1353 586 καὶ
1408 535 1507 601 τῆς
1540 534 1848 597 τελευταίας
1906 533 1995 587 τοῦ

2106 534 2307 589 ultimae
2337 533 2696 588 saeriiicantis
2724 530 3057 602 precationis
3106 531 3676 604 rcmunerationlsque

429 621 838 691 ίερουργοῦντος
863 622 1045 692 εὐχῆς,
1104 625 1198 679 καὶ
1251 625 1344 677 τοῦ
1372 625 1667 697 ἀντιδώρου
1699 626 1800 695 τῆς
1834 642 2000 690 μετα-

428 710 664 780 λήψεως.
725 710 1111 781 ψηφιζόμεθα·
1156 712 1251 765 καὶ
1313 716 1426 775 τοῖς
1468 713 1610 767 οὕτω
1664 717 1738 785 μὴ
1786 715 1998 769 ποιοῦσι

427 803 523 871 τὴν
542 805 606 855 ὲκ
637 801 730 856 τοῦ
759 804 984 867 κανόνος
1018 804 1334 874 ἐπισείομεν
1367 806 1766 875 ἀγανάκτησιν.
1814 810 1999 861 Μετα-

425 894 719 963 λαμϐάνειν
749 894 806 948 δὲ
836 895 1034 957 αὐτοὺς
1063 895 1163 948 οὑκ
1196 896 1601 965 ἀναγκάζομεν,
1638 897 1725 951 διὰ
1769 898 1866 968 τὴν
1898 901 1998 968 τῆς

426 985 782 1054 συνειδήσεως
811 984 1065 1053 βάσανον.
1103 986 1441 1054 Προσεκτέον
1471 982 1584 1050 οὖν,
1610 989 1751 1040 κατὰ
1773 988 1872 1058 τὴν
1900 989 1994 1041 τοῦ

424 1076 680 1145 ῥηθέντος
728 1076 949 1136 κανόνος
995 1075 1308 1146 περίληψιν,
1367 1080 1444 1147 μὴ
1505 1078 1857 1141 ἀσυντάκτως
1928 1082 1995 1136 ὲκ

421 1168 523 1233 τῆς
573 1167 886 1236 ἱερουργίας
941 1167 1242 1236 ὑποχωρεῖν
1298 1170 1424 1230 τοὺς
1485 1170 1990 1240 ἐκκλησιάζοντας’

420 1256 535 1309 ἀλλ’
556 1255 677 1309 ἐπεὶ
705 1254 772 1308 αὖ
785 1272 841 1325 τη
875 1254 938 1308 ἐκ
962 1272 1021 1308 τε
1055 1258 1154 1326 τῆς
1187 1254 1429 1321 Παλαιᾶς
1458 1258 1733 1328 Διαθήκης
1758 1260 1852 1311 καὶ
1879 1258 1980 1327 τῆς

418 1349 562 1410 Νέας
598 1351 677 1408 είς
722 1347 850 1415 μίαν
899 1348 1204 1415 ταυτότητά
1241 1348 1627 1416 μεγαλύνεται,
1693 1352 1788 1403 καὶ
1822 1350 1988 1420 μέχρι

422 1439 523 1508 μὲν
549 1440 649 1509 τῆς
679 1437 789 1492 τῶν
830 1440 1002 1507 ἁγίων
1046 1439 1397 1507 Εὑαγγελίων
1442 1440 1851 1509 άνακηρὺξεως,
1890 1441 1989 1511 τῆς

416 1534 706 1601 Δαυῖτικῆς
737 1533 966 1602 κινύρας
1016 1531 1085 1584 τὰ
1119 1531 1533 1602 ψαλτῳδήματα
1559 1520 1651 1585 τοῦ
1690 1533 1987 1603 μυστηρίου

416 1624 512 1692 τὴν
540 1622 769 1689 δύναμιν
811 1620 1140 1689 ἁγιάζουσιο
1177 1621 1314 1692 μετὰ
1349 1622 1407 1675 δὲ
1442 1621 1647 1692 ταύτην
1695 1622 1795 1691 τῆς
1839 1625 1991 1677 ἀναι-

415 1716 623 1784 μάκτου
650 1713 839 1778 θυσίας
868 1715 1174 1781 ἀνοίγονται
1201 1714 1269 1768 τά
1298 1713 1588 1784 προαύλια,
1622 1715 1987 1784 ἐπιτρέποντα

413 1809 505 1860 καὶ
532 1810 644 1870 τοῖς
668 1806 982 1877 ἀρχιερεῦσι
1010 1806 1071 1859 τὸ
1099 1806 1197 1875 μὲν
1234 1806 1545 1876 ὲπωμὰδιον
1580 1807 1891 1876 ὠμοφόριον
1923 1808 1982 1860 τὸ

2106 624 2540 696 participationis
2577 665 2591 687 ,
2625 626 2890 680 interesse
2953 622 3209 679 concioni
3274 625 3473 680 debere
3537 642 3671 681 cen-

2103 732 2310 772 semus.
2345 716 2409 770 Et
2454 715 2522 770 iis
2551 755 2566 778 ,
2617 714 2711 784 qui
2751 714 2831 769 sic
2861 730 2966 770 non
3020 714 3249 781 faciunt,
3300 716 3528 771 canonis
3581 717 3669 771 in-

2101 808 2472 879 dignationem
2543 808 2826 862 vibramus
2881 826 2894 861 :
2948 808 3281 877 participare
3333 817 3514 863 autem
3574 823 3668 863 eos

2102 916 2210 957 non
2261 901 2528 972 cogimus,
2571 900 2642 954 ob
2688 900 3040 955 conscientia:
3088 908 3443 955 tormentum.
3475 898 3669 956 Anim-

2099 992 2488 1047 advertendum
2525 992 2711 1060 igitur,
2737 990 2896 1061 juxta
2930 990 3174 1059 praedicti
3227 992 3455 1046 canonis
3511 998 3669 1045 teno-

2096 1100 2236 1147 rem,
2305 1100 2375 1139 ne
2424 1085 2516 1154 qui
2584 1083 2878 1140 conventui
2928 1082 3222 1144 intersunt,
3283 1082 3591 1140 inordinate
3635 1099 3667 1139 α

2097 1176 2365 1232 sacrificio
2424 1183 2789 1231 revertantur.
2826 1174 2931 1230 Sed
2971 1190 3095 1229 cum
3134 1175 3315 1243 ipsum
3366 1191 3434 1229 ex
3483 1176 3667 1232 Veteri

2092 1266 2355 1340 Novoque
2404 1266 2751 1322 Testamento
2798 1266 2917 1335 pari
2962 1265 3124 1320 modo
3176 1265 3576 1334 magnificetur,
3611 1276 3666 1322 et

2093 1359 2162 1412 ad
2186 1358 2573 1435 recitationem
2598 1357 2818 1426 quidem
2859 1371 3034 1426 usque
3060 1365 3371 1410 sanctorum
3422 1355 3666 1427 Evange-

2092 1450 2312 1513 liorum,
2345 1450 2613 1505 Davidicae
2647 1451 2869 1505 citharae.
2899 1449 3142 1503 carmina
3193 1451 3522 1505 sacramenti
3565 1466 3662 1504 ce-

2091 1540 2301 1596 lebrent
2329 1549 2651 1609 potestatem
2687 1557 2700 1592 :
2731 1546 2916 1608 postea
2940 1548 3120 1594 autem
3147 1538 3443 1594 incruentas
3473 1539 3662 1595 hostia!

2091 1632 2411 1700 aperiantur
2441 1630 2735 1696 vestibula,
2789 1630 3129 1685 antistitibus
3163 1630 3533 1700 permittentia
3563 1646 3660 1686 su-

2089 1720 2520 1791 perhumeralem
2553 1721 2810 1782 amictum
2849 1719 3141 1789 deponere,
3180 1719 3275 1788 qui
3312 1720 3434 1790 agni
3488 1719 3661 1790 figura

2087 1809 2367 1879 elcganter
2394 1808 2692 1863 fabricatus
2732 1815 2836 1871 est,
2864 1816 2919 1861 ct
2952 1817 3189 1863 tractare
3218 1808 3331 1862 veri
3350 1808 3659 1877 vivitieique

413 1902 490 1962 si;
541 1899 710 1951 τύπον
758 1898 852 1950 τοῦ
903 1896 1078 1965 ἀμνοῦ
1121 1897 1544 1968 καλλιτεχνηθὲν
1598 1898 1974 1962 ἀποτίθεσθαι,

2083 1902 2221 1971 Αςηί
2253 1911 2653 1957 sacramentum
2687 1917 2702 1954 :
2742 1903 2785 1954 si
2818 1900 3035 1970 quidem
3060 1900 3120 1965 ii,
3149 1900 3243 1969 qui
3273 1899 3328 1954 in
3358 1914 3658 1972 congrega-

413 1991 883 2064 μεταχειρίζεσθαι
906 1991 962 2044 δὲ
987 1991 1081 2045 τοῦ
1111 1990 1344 2062 ἀληθοῦς
1371 1991 1464 2044 καὶ
1486 1990 1749 2054 ζωοποιοῦ
1775 1992 1975 2061 Ἀμνοῦ

411 2085 467 2137 τὸ
496 2085 832 2154 μυστήριονο
861 2083 911 2136 εί
951 2083 1049 2152 μὲν
1082 2085 1130 2136 oi
1158 2082 1612 2151 ἐκκλησιάζοντες
1648 2082 1811 2153 εὐθὺς
1842 2082 1980 2154 μετὰ

356 2202 361 2207 ι
410 2177 475 2229 τὰ
519 2176 648 2244 am
713 2175 1049 2242 Εὑαγγέλια,
1099 2173 1441 2244 αὐθαιρέτως
1506 2174 1979 2243 ὑποχωρήσουσιν,

408 2269 508 2321 οὑκ
534 2267 946 2336 αίτιαθήσονται
977 2282 993 2297 ο
1031 2266 1080 2318 εί
1119 2266 1176 2319 δὲ
1227 2265 1364 2335 μετὰ
1417 2265 1516 2332 τὴν
1561 2264 1842 2335 καταρχὴν
1883 2265 1981 2333 τῆς

407 2359 747 2426 άναιμάκτου
777 2355 967 2419 θυσίας
992 2354 1089 2410 καὶ
1124 2355 1420 2425 μυστικῆς,
1475 2355 1551 2417 ὡς
1603 2356 1830 2409 ἄτακτοι
1884 2356 1978 2409 καί⁵

408 2447 792 2502 σκανδαλισταὶ
823 2446 1047 2509 δικαίως
1071 2446 1559 2516 άφορισθήσονται.

487 2538 809 2605 Ἐρώτησις
841 2536 928 2598 ιζ’.
986 2537 1049 2590 Ol
1111 2538 1247 2606 μετὰ
1286 2536 1381 2590 τοῦ
1431 2539 1735 2608 ἀρχιερέως
1767 2537 1802 2608 ἢ
1839 2536 1978 2607 μετὰ

404 2630 705 2699 τοῦνίερέως
734 2627 1275 2698 συλλειτουργοῦντες
1293 2627 1553 2689 διάκονοι.
1580 2628 1974 2698 ἀπαραιτήτως

407 2719 848 2790 μεταλαμϐάνειν
871 2718 1199 2786 ὀφείλουσιν,
1230 2715 1265 2784 ἢ
1305 2714 1402 2782 οὕς

490 2809 621 2863 ’Λπ.
662 2810 721 2861 Ὀ
743 2807 794 2876 η’
827 2807 1012 2862 κανὼν
1031 2806 1139 2861 τῶν
1165 2807 1337 2875 ἁγίων
1371 2806 1683 2859 ἀποστόλων
1705 2807 1846 2860 οὕτω
1873 2826 1976 2879 φη-

403 2902 506 2964 σὶν,
565 2901 633 2953 Εἴ
664 2917 747 2962 τις
801 2900 1119 2963 ἐπίσκοπος,
1152 2899 1185 2968 ἢ
1216 2897 1610 2970 πρεσϐύτερος,
1644 2897 1680 2967 ἢ
1704 2896 1967 2964 διάκονος,

403 2992 558 3063 ἢτοῦ
602 2991 906 3059 καταλόγου
958 2990 1053 3044 τοῦ
1107 2989 1408 3059 ἱερατικοῦ,
1444 2991 1765 3062 προσφορᾶς
1824 3007 1972 3058 γινοο

2084 1993 2288 2048 tionem
2316 1998 2710 2053 convenerunt,
2748 1991 2929 2046 statim
2961 2002 3085 2061 post
3129 1996 3320 2045 sancta
3366 1988 3659 2059 Evangelia

2082 2091 2276 2152 sponte
2319 2083 2625 2147 discedant,
2669 2097 2781 2136 non
2836 2081 3205 2151 culpabuntur
3238 2099 3252 2135 :
3286 2078 3384 2135 sed
3430 2079 3476 2135 si
3534 2087 3661 2149 post

2081 2177 2381 2231 incruentas
2408 2175 2759 2246 mysticazque
2785 2174 3014 2228 victimae
3043 2174 3394 2244 principium,
3419 2181 3481 2227 ut
3506 2171 3656 2226 inor-

2081 2265 2252 2321 dinati
2276 2274 2332 2321 et
2358 2266 2662 2322 olfensores
2687 2266 2832 2336 iuste
2869 2264 3512 2321 excommunicabuntur.

2149 2540 2316 2595 Inter.
2352 2539 2439 2594 l7.
2473 2538 2577 2605 Qui
2617 2551 2742 2608 cum
2775 2535 3038 2607 pontifice
3068 2533 3151 2590 vel
3185 2532 3472 2589 sacerdote
3501 2546 3652 2585 com-
3726 2536 3733 2543 ‘

2079 2633 2394 2687 ministrant
2463 2631 2702 2693 diaconi,
2770 2629 2972 2684 debent
3037 2626 3173 2680 citra
3241 2622 3651 2680 excusationem

2076 2722 2523 2778 communionem
2553 2735 2861 2782 assumere,
2897 2719 3129 2774 annon?

2142 2814 2265 2869 Res.
2301 2814 2492 2869 Canon
2541 2815 2574 2867 8
2630 2821 2947 2868 sanctorum
2996 2813 3368 2883 apostolorum
3423 2814 3505 2868 sic
3532 2812 3651 2868 ait:

2076 2906 2131 2959 Si
2181 2904 2307 2975 quis
2356 2905 2673 2975 episcopus,
2726 2904 3034 2976 presbyter,
3089 2906 3174 2959 vel
3227 2906 3518 2968 diaconus,
3565 2910 3655 2964 vel

2070 3011 2136 3050 ex
2168 2994 2491 3050 sacerdotali
2524 2995 2793 3063 catalogo,
2835 2997 2980 3050 facta
3027 2995 3304 3051 oblatione
3357 3012 3465 3051 non
3499 3012 3653 3052 com-

405 3082 575 3153 μένης
607 3080 682 3153 μὴ
712 3080 1012 3154 μεταλάϐῃ,
1043 3079 1143 3150 τὴν
1167 3080 1344 3134 αἰτίαν
1365 3081 1595 3137 εἰπάτω.
1621 3080 1734 3135 Καὶ
1790 3080 1885 3134 ἐὰν

2083 3087 2451 3152 municaverit,
2491 3102 2714 3143 causam
2752 3087 2943 3141 dicat:
2976 3094 3031 3142 et
3055 3087 3102 3143 si
3140 3088 3436 3158 probabilis
3465 3086 3650 3150 fuerit,

401 3172 642 3242 εὔλογος,
704 3173 1035 3241 συγγνώμης
1082 3171 1422 3241 τυγχανέτω.
1458 3171 1521 3225 Et
1573 3171 1630 3225 δὲ
1675 3169 1752 3242 μὴ
1797 3170 1967 3241 λέγει,

2083 3179 2286 3233 veniam
2316 3186 2684 3248 consequetur
2714 3194 2732 3244 ;
2766 3180 2851 3234 sin
2909 3193 3042 3234 vero
3075 3180 3278 3241 minus,
3314 3188 3651 3250 segregetur,

402 3262 765 3334 ἁφοριζέσθω,
795 3263 872 3326 ὡς
924 3262 1094 3325 αίτιος
1123 3261 1326 3332 βλάϐης
1376 3263 1661 3333 γινόμενος
1701 3262 1781 3334 τῷ
1833 3263 1968 3335 λαῷ,

401 3355 496 3408 καὶ
535 3352 803 3407 ὑπόνοιαν
844 3351 1081 3422 ποιήσας
1137 3352 1280 3405 κατὰ
1343 3352 1440 3405 τοῦ
1504 3352 1971 3423 προσενέγκαντος

399 3445 475 3507 ὡς
515 3442 589 3512 μὴ
643 3442 813 3511 ὑγιῶς
874 3441 1355 3511 προσενεγκόντος.
1422 3442 1850 3513 Παρατηρητέον
1877 3442 1972 3497 οὖν

359 3558 369 3567 ν
400 3538 525 3601 τοὺς
546 3528 932 3597 ὑποδιακόνους
981 3532 1079 3587 καὶ
1108 3533 1234 3595 τοὺς
1270 3532 1574 3599 διακόνους,
1629 3533 1725 3586 καὶ
1769 3534 1971 3604 μᾶλλον

399 3629 527 3690 τοὺς
588 3627 1068 3697 χειραπτήσαντας
1145 3620 1589 3692 μεταλαμϐάνειν
1651 3621 1760 3675 τῶν
1811 3621 1971 3675 θείων

400 3718 761 3788 ἁγιασμάτων
795 3728 809 3744 ⁸
841 3716 873 3786 ἢ
919 3713 1027 3786 μὴν
1076 3713 1176 3784 τὴν
1232 3713 1414 3766 αἰτίαν
1441 3712 1625 3781 λέγειν
1677 3712 1745 3766 δι’
1781 3712 1850 3783 ἢν
1876 3711 1969 3765 τοῦ

399 3807 604 3878 ἀγαθοῦ
633 3806 825 3860 τούτου
844 3804 1183 3875 ἀπέστησαν.
1216 3801 1387 3857 Τοῦτο
1414 3802 1523 3872 γὰρ
1551 3803 1626 3873 μὴ
1667 3802 1968 3869 ποιοῦντες,

399 3899 859 3970 ἁφορισθήσονται
917 3894 1062 3951 κατὰ
1110 3894 1210 3949 τίεν
1259 3894 1354 3947 τοῦ
1412 3893 1675 3966 ῥηθέντος
1747 3894 1971 3958 κανόνος

399 3986 709 4057 περίληψιν.

469 4078 793 4147 Ἐρώτησις
815 4073 911 4145 ιη’.
943 4072 1248 4129 ’Δκίνδυνόν
1301 4076 1419 4129 ἐστι
1464 4075 1708 4145 γίνεσθαι
1734 4076 1834 4147 τὴν
1862 4076 1971 4130 τῶν

398 4174 562 4228 θείων
613 4172 974 4243 άγιασμάτων
1015 4170 1252 4224 διάδοσιν
1305 4172 1401 4224 καὶ
1467 4170 1774 4241 μετάληψιν
1833 4171 1971 4241 μετὰ

398 4265 608 4337 ψυχροῦ
663 4265 808 4318 οἴνου
845 4263 940 4317 καὶ
979 4260 1206 4326 ὓδατος·
1240 4262 1274 4333 ἦ
1307 4262 1688 4334 ἀπαραίτητόν
1719 4266 1836 4316 ἐστι
1872 4263 1971 4316 καὶ

402 4359 522 4413 ζέον
557 4357 704 4429 ὕδωρ
744 4356 886 4411 κατὰ
904 4355 998 4409 τδν
1027 4354 1219 4425 καιρὸν
1246 4353 1349 4422 τῆς
1389 4352 1746 4423 μεταλήψεως
1777 4354 1864 4417 είς
1895 4352 1964 4406 τὰ

402 4452 535 4520 ἅγια
560 4448 809 4521 βάλλειν;

2074 3277 2134 3324 ut
2167 3269 2260 3339 qui
2299 3269 2500 3339 populo
2529 3268 2851 3325 olfensionis
2880 3283 3045 3324 causa
3078 3271 3168 3335 sit,
3203 3280 3257 3325 et
3282 3271 3650 3340 suspicionem

2073 3358 2285 3413 dederit
2310 3358 2575 3415 adversus
2600 3374 2750 3425 eum,
2777 3359 2872 3430 qui
2912 3359 3132 3425 obtulit,
3164 3360 3322 3430 quasi
3351 3375 3459 3414 non
3490 3359 3652 3430 digne

2072 3449 2350 3505 obtulerit.
2377 3450 2785 3506 Observandum
2816 3449 3080 3520 igitur,ut
3110 3450 3652 3515 subdiaconi,ctdia-

2073 3542 2198 3596 coni
2221 3551 2276 3596 et
2295 3543 2476 3612 potius
2496 3555 2651 3597 sacra
2669 3548 3087 3607 contrectantes,
3109 3540 3324 3597 divinas
3344 3541 3647 3597 sanctifica-

2074 3631 2250 3686 tiones
2280 3638 2600 3694 assumant,
2637 3629 2720 3684 vel
2753 3640 2901 3684 certe
2922 3643 3143 3685 causam
3170 3630 3372 3694 dicant,
3387 3632 3455 3686 ob
3484 3647 3648 3700 quam

2073 3734 2140 3775 eo
2164 3720 2309 3775 bono
2330 3720 2730 3775 abstinuerunt.
2753 3719 2814 3774 Id
2847 3721 2992 3776 enim
3027 3721 3074 3778 si
3113 3736 3220 3775 non
3247 3720 3473 3788 faciant,
3493 3720 3648 3792 juxta

2074 3812 2320 3881 praedicti
2350 3813 2581 3867 canonis
2612 3822 2855 3867 tenorem
2891 3813 3537 3869 excommunicabuntur.

2145 4081 2312 4138 Inter.
2344 4082 2431 4139 l8.
2457 4082 2540 4137 An
2571 4082 2690 4138 sine
2725 4080 2971 4153 periculo
3000 4080 3308 4137 divinarum
3336 4081 3647 4136 sanctifica-

2073 4177 2281 4231 tionum
2310 4175 2625 4230 distributio
2668 4184 2721 4231 et
2751 4176 3053 4243 assumptio
3098 4174 3230 4229 ﬁant
3272 4187 3397 4248 cum
3448 4171 3646 4243 frigido

2070 4268 2199 4324 vino
2245 4275 2300 4323 et
2327 4281 2467 4336 aqua
2503 4284 2517 4322 :
2558 4281 2627 4321 an
2676 4269 2796 4322 sine
2845 4267 3203 4321 excusatione
3232 4278 3373 4334 aqua
3427 4263 3643 4320 fervens

2073 4357 2505 4429 participationis
2532 4364 2776 4427 tempore
2796 4358 2852 4412 in
2879 4367 3070 4413 sancta
3102 4356 3175 4413 sit
3208 4355 3507 4412 mittenda?

481 4539 613 4596 'Ax.
654 4540 763 4593 Τοῦ
803 4535 883 4611 λβ¹
933 4535 1160 4600 κανόνος
1221 4536 1321 4607 τῆς
1358 4537 1417 4591 ὲν
1472 4536 1551 4608 τῷ
1580 4537 1836 4609 Τρούλλῳ
1873 4540 1969 4594 τοῦ

2141 4533 2264 4589 Res.
2295 4532 2430 4589 Cum
2458 4533 2527 4588 32
2552 4546 2726 4587 canon
2756 4539 2961 4588 sanctae
2977 4540 3030 4586 et
3050 4533 3406 4587 mcumenicae
3424 4532 3642 4603 synodi,

402 4633 641 4705 μεγάλου
662 4628 930 4684 παλατίου
960 4628 1238 4695 συστάσης
1260 4627 1426 4697 ἁγίας
1471 4630 1565 4683 καὶ
1590 4631 1972 4703 οἰκουμενικῆς

399 4725 620 4778 συνόδου
679 4720 999 4792 καθαιρέσει
1058 4719 1565 4784 καθυποϐάλλοντος
1603 4721 1732 4784 τοὺς
1779 4721 1854 4792 μὴ
1884 4738 1965 4776 τε..

395 4814 677 4877 λειοῦντας
701 4811 762 4863 τὸ
817 4809 964 4863 θεῖον
1001 4808 1099 4863 καὶ
1122 4808 1278 4877 ἅγιον
1301 4810 1561 4881 ποτήριον
1599 4811 1658 4877 ἐξ
1701 4810 1845 4866 οῐνου
1877 4813 1973 4865 καὶ

401 4906 616 4968 ὕδατος,
652 4900 975 4972 αἱρεσιῶταί
1007 4917 1156 4959 τινες
1178 4900 1279 4954 οὐκ
1300 4899 1587 4970 ἀνέχονται
1611 4901 1826 4972 βάλλειν
1851 4901 1972 4967 ζέον

399 4997 480 5060 εἰς
507 4996 568 5049 τὸ
597 4994 752 5063 διγιον
776 4992 871 5047 καὶ
903 4992 1043 5045 θεῖον
1062 4992 1320 5062 ποτήριον
1338 5006 1354 5024 ο
1382 4991 1506 5046 Ὀτι
1537 4991 1712 5063 (φασὶ)
1745 4994 1813 5047 τὰ
1842 4996 1972 5064 περὶ

395 5088 585 5143 τούτου
619 5084 697 5156 τῷ
727 5084 914 5138 κανόνι
941 5083 1000 5136 οὑ
1032 5081 1421 5153 διελήφθησαν.
1461 5082 1744 5137 ’Δκοὺουσι
1775 5084 1858 5150 δὲ,
1886 5086 1969 5140 ὅτι

397 5181 458 5234 τὸ
516 5179 638 5244 ζέον
684 5175 763 5246 τῷ
820 5175 962 5246 ἁγίῳ
1030 5174 1227 5244 αἵματι
1272 5160 1696 5244 προστιθέμενον
1749 5177 1849 5247 νῆν
1904 5178 1970 5231 δι.

405 5266 596 5329 ὓδατος
651 5264 748 5319 καὶ
785 5263 928 5316 οίνου
966 5261 1162 5315 ἕνωσιν
1213 5261 1308 5315 τοῦ
1363 5263 1520 5330 ἁγίου
1571 5266 1832 5336 ποτηρίου
1872 5267 1972 5320 οὑκ

400 5358 638 5412 ἀλλοιοὶ·
666 5356 781 5410 ἐπεὶ
815 5353 949 5423 μηδὲ
979 5353 1167 5422 ἕτερόν
1224 5369 1275 5407 τι
1312 5353 1463 5424 παρὰ
1507 5355 1568 5407 τὸ
1626 5354 1771 5427 ὕδωρ
1824 5359 1964 5415 ἐστι.

398 5450 660 5504 Βάλλεται
693 5447 750 5500 δὲ
813 5447 893 5506 είς
958 5445 1336 5515 πληροφορίαν
1386 5445 1477 5499 τοῦ
1537 5443 1676 5501 εἶναι
1728 5448 1968 5513 ζωοποιὰ

398 5542 467 5593 τά
492 5539 760 5610 ῥεύσαντα
797 5534 904 5589 ἀπὸ
931 5535 1031 5604 τῆς
1047 5535 1209 5602 ἁγίας
1243 5533 1485 5604 πλευρᾶς
1514 5537 1611 5590 τοῦ
1651 5538 1856 5610 Κυρίου
1875 5542 1970 5594 καὶ

399 5630 535 5685 Θεοῦ
557 5631 650 5684 καί⁷
673 5626 1107 5697 Σωτῆροςήμῶν
1153 5623 1330 5692 Ἰησοῦ
1387 5626 1648 5696 Χριστοῦ,
1676 5630 1818 5684 κατὰ
1878 5631 1968 5684 τὸν

400 5724 593 5793 καιρὸν
621 5721 716 5775 τοῦ
739 5720 1009 5789 σωτηρίου
1040 5718 1244 5780 πάθους
1274 5718 1461 5781 αὑτοῦ,
1486 5719 1545 5771 τὸ
1561 5714 1698 5789 αἷμα
1721 5721 1966 5791 δηλονότι

403 5816 499 5868 καὶ
526 5815 586 5866 τὸ
607 5813 783 5880 ὕδωρ·
821 5811 981 5863 ἅτινα
1009 5808 1338 5878 ὲξέρῤευσαν
1373 5808 1562 5871 ζέοντα
1604 5810 1679 5874 ὡς
1709 5813 1774 5864 ὲκ
1824 5812 1961 5874 ζωο-

722 5912 994 5973 ΡΑτιιοι..
1033 5913 1148 5971 (in.
1200 5910 1610 5973 CXXXVIII.

2071 4632 2281 4680 coactas
2310 4626 2366 4678 in
2398 4622 2587 4680 'l‘rullo
2623 4622 2803 4693 magni
2836 4622 3044 4693 palatii.
3079 4622 3406 4691 depositioni
3466 4622 3642 4691 subji-

2071 4716 2181 4769 ciat
2229 4730 2350 4778 eos,
2402 4714 2495 4782 qui
2542 4714 2787 4768 divinum
2833 4720 2890 4767 et
2928 4719 3181 4767 sanctum
3233 4712 3489 4781 poculum
3532 4727 3643 4767 non

2071 4811 2400 4858 consecrant
2427 4818 2493 4857 ex
2523 4803 2652 4857 vino
2677 4812 2731 4857 et
2765 4815 2907 4872 aqua
2940 4816 2956 4865 ;
2985 4801 3288 4858 haeresiotaz
3330 4801 3495 4869 aliqui
3532 4814 3642 4856 non

2071 4895 2353 4962 patiuntur
2386 4892 2619 4947 calidam
2651 4892 2862 4947 infundi
2893 4892 2948 4947 in
2996 4901 3245 4948 sanctum
3295 4899 3349 4946 et
3392 4891 3640 4946 divinum

2069 4983 2363 5052 poculum,
2418 4981 2579 5049 Quia,
2623 4969 2925 5053 inquiunt,
2976 4983 3044 5038 de
3098 4996 3165 5038 eo
3242 4978 3376 5040 nihil
3429 4996 3642 5037 canone

2072 5075 2522 5145 comprehensum
2581 5083 2688 5130 est.
2742 5074 2991 5129 Audiunt
3048 5080 3255 5137 autem,
3339 5071 3638 5128 ferventem

2069 5175 2262 5221 sancto
2317 5166 2571 5236 sanguini
2615 5166 2878 5227 additam,
2930 5165 3188 5220 unionem
3231 5179 3385 5233 aqua:
3421 5171 3476 5217 et
3529 5163 3639 5217 vini

2071 5260 2246 5314 sancti
2310 5259 2499 5313 calicis
2543 5273 2653 5312 non
2709 5264 2942 5318 mutare,
2999 5256 3129 5328 quia
3197 5262 3393 5324 praeter
3442 5269 3638 5323 aquam

2071 5350 2210 5405 nihil
2235 5357 2318 5405 est
2344 5348 2511 5403 aliud.
2542 5346 2853 5402 lnfunditur
2894 5355 3101 5411 autem,
3156 5355 3215 5402 ut
3259 5346 3474 5401 vivifica
3516 5360 3640 5401 esse

2070 5450 2305 5504 constet,
2332 5458 2455 5513 quae
2481 5440 2658 5496 fluunt
2681 5456 2712 5495 e
2742 5450 2928 5493 sancto
2955 5440 3124 5494 latere
3155 5437 3391 5502 Domini,
3422 5444 3476 5492 et
3507 5437 3637 5503 Dei',

2071 5545 2125 5590 et
2158 5533 2465 5588 Servatoris
2499 5531 2671 5587 nostri
2694 5529 2822 5585 Jesu
2852 5529 3076 5589 Christi,
3107 5536 3348 5596 tempore
3377 5527 3638 5583 salutaris

2069 5625 2340 5696 passionis
2398 5624 2559 5694 ejus,
2605 5623 2922 5692 sanguinem
2982 5620 3228 5675 videlicet
3285 5625 3339 5673 et
3399 5633 3637 5688 aquam,

2069 5732 2191 5786 quae
2243 5714 2503 5770 ferventia
2547 5712 2891 5778 emit-xerunt,
2920 5712 3071 5766 velut
3120 5727 3189 5766 ex
3230 5708 3449 5766 vivifico
3487 5710 3638 5763 deiﬁ-

2071 5818 2196 5864 cato
2231 5821 2460 5877 corpore
2508 5804 2744 5861 vivifica.
2774 5804 2878 5873 Qui
2914 5805 2997 5859 sic
3043 5803 3210 5873 igitur
3242 5818 3355 5859 non
3408 5802 3635 5868 faciunt.

3254 5904 3322 5963 3i
