4020 6388
372 392 498 457 ‘97)

1705 390 1985 452 THEOD.
2036 376 2518 452 BALSAMCMS

3532 397 3626 460 976

397 520 576 566 autem
603 510 799 580 dignus
832 510 924 575 sit,
958 510 1068 565 fiat.
1106 508 1223 566 Non
1256 510 1400 565 enim
1432 510 1682 580 corporis
1713 509 1968 564 damnum

2083 511 2114 581 ἢ
2147 511 2208 564 τὸ
2229 512 2418 577 σκέλος
2449 514 2851 584 πεπληγμένος.
2884 512 3031 579 ἄξιος
3063 516 3116 568 δέ
3149 517 3290 567 ἐστιν
3315 516 3622 586 ἐπισκοπῆς,

396 618 521 658 eum
561 603 772 673 polluit,
815 602 911 658 sed
956 603 1152 658 animae
1187 601 1510 671 inquinatio.
1564 603 1630 656 Et
1686 601 1753 654 78
1796 616 1970 656 canon

397 695 716 750 earumdem
776 704 1089 750 sanctorum
1140 696 1510 765 apostolorum
1557 693 1637 751 sic
1671 693 1966 762 loquitur:

399 784 503 850 Qui
530 792 713 839 autem
745 784 1057 859 est‘surdus
1091 796 1145 839 et
1183 800 1382 849 caecus,
1424 801 1491 839 ne
1550 784 1623 839 sit
1656 785 1971 854 episcopus,

397 890 508 930 non
540 884 601 929 ut
635 876 892 946 pollutus,
923 873 1019 930 sed
1059 889 1125 928 ne
1151 875 1527 930 ecclesiastica
1567 875 1969 943 impediantur.

398 967 725 1035 Quicunque
754 966 923 1037 igitur
939 967 1256 1022 morborum
1289 968 1768 1036 aliquorum‘vitio
1797 969 1975 1036 prolti-

401 1057 496 1109 1λίιί
552 1055 754 1110 fuerint
805 1056 1223 1111 sacerdotalium
1255 1057 1520 1126 graduum
1556 1058 1683 1126 jura
1714 1059 1966 1128 exsequi,

402 1146 748 1214 ordinatione
776 1145 922 1217 digni
953 1162 1059 1201 non
1095 1146 1465 1202 habebuntur.
1504 1147 1604 1213 Qui
1634 1156 1815 1203 autem
1852 1157 1975 1216 post

398 1236 800 1289 ordinationem
855 1236 935 1291 sic
981 1237 1122 1291 male
1170 1237 1352 1292 affecti
1393 1245 1545 1302 sunt,
1596 1254 1752 1293 sacra
1793 1237 1975 1294 facere

397 1324 589 1376 morbo
616 1337 722 1376 non
756 1321 1144 1389 impediuntur.
1178 1322 1247 1379 Et
1278 1328 1351 1378 ita
1386 1326 1659 1380 imbecilla
1688 1327 1973 1380 constituti

325 1410 330 1415 ”
400 1410 734 1477 valetudine,
790 1411 961 1466 libere
1023 1413 1433 1470 sacrificabunt.
1493 1414 1587 1470 Dei
1629 1415 1972 1484 praeconibus

326 1488 332 1511 ’
397 1501 541 1555 enim
588 1500 809 1571 placuit,
854 1517 952 1571 per
985 1505 1386 1559 mutilationem
1413 1506 1663 1574 corporis
1690 1521 1720 1559 a
1765 1508 1967 1561 sacriﬁ-

312 1591 325 1665 ς
395 1591 611 1646 catione
659 1608 768 1646 non
822 1593 1101 1663 prohiberi
1141 1611 1488 1665 quemquam.
1525 1596 1678 1662 Quod
1725 1597 1770 1652 si
1798 1599 1971 1652 morbi

306 1657 316 1678 ’
396 1681 639 1736 debitum
657 1681 838 1737 officio
865 1682 1157 1740 sacerdotii
1182 1685 1255 1737 sit
1283 1685 1691 1755 impedimento,
1719 1702 1972 1742 exercere

397 1770 606 1826 desinet
619 1781 913 1842 aegrotans,
937 1787 966 1826 a
984 1772 1247 1842 dignitate
1271 1783 1452 1829 tamen
1472 1789 1579 1829 non
1608 1776 1966 1841 alienabitur,

395 1861 530 1928 quin
586 1862 767 1931 potius
825 1863 1170 1919 miserandus
1219 1864 1347 1931 erit,
1409 1878 1474 1917 ac
1518 1865 1702 1934 priore
1754 1865 1970 1933 quidem

397 1953 604 2008 honore
633 1952 1116 2021 fruetur,«liabebit
1148 1967 1326 2011 autem
1360 1958 1522 2010 etiam
1553 1972 1675 2027 qua:
1713 1958 1779 2010 ad
1806 1958 1972 2012 vitam

396 2044 810 2100 sustentandam
853 2045 1147 2110 sutlieiant,
1178 2056 1233 2103 et
1274 2047 1504 2117 reliqua,
1540 2046 1693 2116 juxta
1733 2048 1969 2117 priorem

398 2134 878 2189 consuetudinem.

470 2221 635 2275 Inter.
671 2223 761 2276 τι.
796 2224 879 2278 An
911 2224 1187 2287 sacerdos,
1223 2234 1307 2279 vet
1336 2226 1602 2281 diaconus
1632 2266 1647 2290 ,
1681 2232 1797 2282 sine
1826 2229 1971 2295 peri-

398 2313 522 2365 rulo
551 2312 643 2366 fiat
675 2315 1095 2380 nummularius,
1124 2318 1205 2370 vel
1234 2317 1702 2384 cmnmerciarius,
1737 2319 1818 2373 vel
1853 2334 1971 2374 me-

394 2404 572 2468 dicus,
600 2405 682 2459 vel
712 2405 1039 2475 astrologus,
1074 2408 1288 2461 necne?
1800 2406 1810 2412 ’

465 2492 586 2548 Res.
634 2497 822 2549 Canon
860 2504 1176 2551 sanctorum
1208 2504 1261 2550 et
1292 2497 1440 2552 omni
1474 2498 1634 2553 laude
1679 2499 1967 2554 beatorum

395 2584 771 2651 apostolorum
791 2625 805 2649 ,
831 2584 946 2639 haec
973 2585 1148 2654 inquit
1172 2604 1184 2638 :
1206 2584 1529 2656 Episcopus,
1548 2588 1631 2643 vel
1663 2589 1967 2658 presbyter,

391 2672 477 2727 vel
509 2673 777 2730 diaconus
802 2677 1077 2732 seculares
1111 2691 1272 2733 curas
1302 2694 1409 2733 non
1437 2680 1704 2751 suscipiat
1726 2699 1741 2740 :
1763 2682 1966 2752 alioqui

390 2765 715 2833 deponatur.
750 2765 920 2821 Nemo
949 2767 1094 2822 enim
1128 2776 1309 2839 potest
1340 2770 1554 2831 duobus
1582 2770 1819 2826 dominis
1851 2788 1966 2827 ser-

390 2853 526 2925 vire.
568 2854 636 2909 Et
670 2855 731 2911 81
779 2870 953 2911 canon
982 2857 1115 2912 dicit
1164 2857 1500 2927 :’Diximus,
1550 2876 1657 2915 non
1712 2868 1966 2929 oportere

392 2947 730 3016 episcopum,
773 2949 856 3003 vel
889 2948 1289 3019 presbyterum,
1327 2949 1564 3020 seipsum
1604 2950 1672 3004 ad
1714 2952 1964 3021 publicas

392 3037 901 3095 administrationes
956 3041 1261 3103 demittere.
1316 3044 1410 3097 sed
1461 3044 1517 3096 in
1570 3044 1964 3100 ecclesiasticis

394 3130 625 3200 negotiis
655 3133 882 3186 versari.
910 3133 1083 3188 Nemo
1139 3135 1285 3189 enim
1334 3142 1515 3204 potest
1542 3135 1758 3191 duobus
1789 3136 1966 3192 domi-

392 3221 479 3277 nis
510 3222 741 3284 servire.
769 3223 1075 3278 secundum
1125 3226 1472 3281 Dominicum
1503 3226 1753 3281 verbum.

470 3309 563 3368 Vel
608 3328 737 3384 ergo
770 3315 843 3368 ita
887 3331 997 3369 non
1036 3315 1212 3372 facere
1268 3317 1684 3387 persuadeatur,
1735 3318 1819 3374 vel
1868 3319 1968 3374 dc-

1994 3185 2041 3246 C

2074 603 2328 669 γινέσθω.
2361 608 2434 658 Οὐ
2464 608 2570 676 γὰρ
2601 606 2746 676 λώΰη
2779 606 3029 676 σώματος
3060 607 3219 659 αὐτὸν
3262 607 3475 672 μιαίνει,
3497 607 3621 660 ἀλλὰ

2072 691 2249 761 ψυχῆς
2279 695 2570 763 μολυσμός.
2630 696 2737 748 Καὶ
2759 697 2786 748 ὁ
2813 703 2892 764 οη¹
2927 698 3109 750 κανὼν
3136 696 3241 749 τῶν
3266 697 3438 750 αὐτῶν
3464 699 3620 764 ἁγίων

2075 783 2389 837 ἀποστόλων
2422 785 2564 838 οὕτω
2618 784 2858 850 διέξεισι,
2914 787 3108 853 Κωφδς
3154 787 3244 837 καὶ
3280 785 3490 854 τυφλὸς,
3544 785 3613 856 μὴ

2074 873 2306 942 γινέσθω
2343 875 2641 938 ἐπίσκοπος
2668 893 2681 908 ο
2707 878 2805 947 οὺχ
2839 876 2913 938 ὡς
2968 876 3360 945 μεμιασμένος,
3412 874 3520 927 ἀλλ’
3548 876 3625 928 ἵνα

2078 965 2152 1033 μὴ
2180 963 2247 1016 τὰ
2299 964 2725 1033 ἐκκλησιαστικά
2762 965 3262 1035 παρεμποδίζοιντο.
3290 965 3355 1016 "0
3375 981 3450 1015 σοι
3467 965 3628 1015 τοίνυν

2077 1055 2141 1106 ἐκ
2175 1054 2380 1118 πάθους
2415 1056 2862 1127 ἀρρωστημάτων
2906 1057 3066 1109 τινῶν
3098 1055 3386 1124 ἱερατικῶν
3422 1054 3629 1123 βαθμῶν

2075 1144 2314 1215 ἐνεργεῖν
2342 1147 2678 1201 κεκώλυνται
2712 1147 2894 1201 δίκαια
2924 1146 3259 1217 χειροτονίας
3290 1146 3388 1197 οὐκ
3412 1146 3631 1213 ἀξιωθή-

2077 1253 2280 1290 σονται.
2310 1239 2372 1289 Οἱ
2420 1237 2643 1307 δὲμετά
2691 1239 2787 1308 τὴν
2839 1237 3174 1308 χειροτονίαν
3200 1235 3341 1288 οὕτω
3387 1234 3631 1297 παθόντες

2074 1327 2283 1392 κακῶς,
2314 1328 2414 1380 οὐκ
2437 1329 2816 1398 ἐμποδίζονται
2851 1328 2938 1380 διὰ
2984 1328 3084 1396 τὴν
3122 1327 3275 1379 νόσον
3328 1325 3632 1395 ἱερουργεῖν,

2075 1418 2171 1470 καὶ
2204 1417 2378 1480 οὕτως
2419 1418 2718 1490 ἀρρώστως
2767 1420 3004 1488 ἔχοντες,
3032 1416 3327 1477 ἀκωλύτως
3358 1408 3633 1485 ἱερουργή-

2076 1526 2251 1566 σουσι.
2297 1510 2422 1573 Τοῖς
2465 1510 2581 1580 ,γὰρ
2619 1508 2936 1579 θεοκήρυξιν
2994 1506 3163 1571 ἔδοξε,
3211 1504 3301 1558 διὰ
3325 1505 3499 1573 λώϐην
3538 1504 3632 1554 σώ-

2079 1619 2244 1669 ματος
2285 1602 2386 1670 τῆς
2416 1601 2726 1672 ἱερουργίας
2751 1599 2873 1652 τινὰ
2917 1600 2990 1667 μὴ
3021 1596 3347 1651 κωλύεσθαι.
3373 1595 3435 1647 Et
3464 1594 3517 1646 δὲ
3540 1593 3631 1661 τῆς

2078 1693 2346 1759 ίερατείας
2370 1693 2428 1745 τὸ
2450 1693 2769 1762 σπούδασμα
2794 1690 3073 1760 ἐμποδίζει
3090 1691 3189 1758 τῆς
3217 1686 3372 1740 νόσου
3393 1684 3450 1738 τδ
3476 1684 3632 1753 ὄφλη-

2076 1801 2172 1850 μα.
2223 1785 2322 1852 τῆς
2383 1785 2658 1853 ἐνεργείας
2706 1782 3046 1853 παυθήσεται
3113 1780 3141 1831 ὁ
3194 1777 3383 1841 νοσῶν,
3440 1775 3529 1829 τοῦ
3578 1774 3630 1827 δὲ

1992 1853 2046 1907 ΑΒ
2076 1873 2382 1944 ἀξιώματος
2416 1876 2517 1928 οὐκ
2567 1874 3058 1944 ἀλλοτριωθήσεται
3086 1887 3099 1901 ’
3144 1870 3280 1923 ἀλλὰ
3323 1868 3514 1940 μᾶλλον
3552 1868 3631 1919 oi-

2075 1963 2522 2033 κτειρηθήσεται,
2584 1966 2676 2017 καὶ
2731 1963 3029 2016 ἀπολαύσει
3073 1961 3172 2030 μὲν
3223 1961 3323 2029 τῆς
3379 1956 3631 2028 προτέρας

2074 2054 2257 2123 τιμῆς,
2277 2054 2387 2119 ἔξει
2417 2055 2471 2108 δὲ
2501 2056 2593 2108 καὶ
2624 2053 2691 2107 τὰ
2720 2055 2853 2124 πρὸς
2874 2053 3200 2122 ζωάρκειαν,
3234 2050 3328 2103 καί¹
3368 2047 3434 2103 τὰ
3461 2045 3630 2111 λοιπὰ,

2074 2142 2217 2196 κατὰ
2241 2142 2338 2213 τὴν
2373 2144 2641 2214 προτέραν
2677 2143 2988 2213 συνήθειαν.

2156 2234 2479 2302 Ἐρώτησις
2510 2233 2618 2289 κδ’.
2669 2236 2989 2296 ’Λκινδύνως
3021 2235 3235 2301 γίνεται
3256 2231 3431 2301 ἱερεὺς
3462 2229 3493 2297 ἢ
3531 2226 3632 2279 διόι⁴

2074 2343 2228 2390 κονος
2257 2328 2653 2397 καταλλάκτης,
2701 2326 2732 2396 ἢ
2777 2325 3234 2395 κομμερκιόιριος,
3278 2324 3311 2393 ἢ
3359 2321 3554 2391 ἰατρὸς,
3599 2314 3631 2385 ἢ

2073 2415 2417 2484 ἀστρολόγος,
2447 2416 2478 2484 ἢ
2502 2414 2600 2482 05.;

2153 2507 2283 2559 ’Az.
2334 2505 2390 2556 Ὀ
2423 2502 2475 2568 ς’
2506 2502 2684 2556 κανὼν
2732 2502 2843 2556 τῶν
2900 2501 3069 2569 ἁγίων
3121 2501 3220 2554 καὶ
3276 2499 3634 2569 πανευφήμων

2070 2594 2380 2648 ἀποστόλων
2423 2594 2594 2648 ταῦτὰ
2627 2609 2814 2662 φησιν·
2846 2582 2851 2597 ³
2878 2594 3232 2656 Ἐπίσκοπος,
3276 2593 3307 2662 ἢ
3350 2589 3635 2660 πρεσϐύτε-

2073 2702 2186 2757 ρος,
2215 2685 2246 2754 ἢ
2275 2686 2521 2748 διάκονος
2549 2685 2818 2755 κοσμικὰς
2842 2684 3128 2754 φροντίδας
3160 2684 3239 2753 μὴ
3273 2679 3636 2750 ἁναλαμῦανέ-

2068 2797 2148 2833 τω
2172 2795 2184 2807 ·
2210 2782 2258 2833 εί
2282 2779 2339 2833 δὲ
2366 2782 2462 2852 μὴ.
2489 2779 2874 2851 καθαιρείσθω.
2902 2781 3102 2844 ζΟὖδεὶς
3132 2780 3246 2851 γὰρ
3273 2778 3489 2833 δύναται
3522 2776 3636 2828 δυσὶ

2066 2870 2276 2940 κυρίοις
2297 2871 2585 2926 δουλεύειν.
2612 2873 2722 2925 Καὶ
2751 2874 2780 2924 ὁ
2806 2869 2895 2924 ποι¹
2927 2870 3106 2925 κανὼν
3135 2865 3316 2936 εἶπεν,
3342 2870 3419 2921 ὅτι
3441 2868 3512 2920 Οὔ
3538 2864 3638 2935 χρὴ

2068 2960 2429 3032 ἐπίσκοπονῆ
2471 2962 2840 3033 πρεσϐύτερον
2890 2962 3136 3015 καθιέναι
3170 2961 3380 3014 ’ἐαυτὸν
3428 2961 3504 3020 εἰς
3549 2957 3634 3025 δη·
3702 3032 3715 3041 1

2069 3051 2335 3121 μοσιακὰς
2352 3053 2664 3122 διοικήσεις,
2695 3052 2830 3104 ἀλλά
2854 3054 3277 3123 προσευκαιρεῖν
3300 3051 3414 3112 ταῖς
3449 3045 3638 3113 Euxino

2073 3146 2380 3206 σιαστικαῖς
2410 3144 2642 3215 χρείαις.
2672 3144 2860 3207 Οὐδεὶς
2897 3143 3005 3215 γὰρ
3035 3144 3266 3197 δύναται
3288 3144 3408 3197 δυσὶ
3433 3139 3632 3211 κυρίοις

2071 3232 2363 3295 δουλεύειν,
2397 3234 2539 3287 κατὰ
2568 3235 2666 3301 τὴν
2706 3234 2989 3309 Κυριακὴν
3026 3234 3429 3304 παραγγελίαν.

2143 3322 2210 3374 Ἦ
2244 3320 2512 3375 πειθέσθω
2543 3321 2634 3374 οὖν
2666 3324 2822 3374 τοῦτο
2853 3323 2926 3392 μὴ
2960 3325 3150 3387 ποιεῖν,
3188 3324 3224 3395 ἣ
3255 3317 3633 3389 καθαιρείσθω.

392 3412 651 3470 ponatur.
697 3405 763 3458 Et
815 3420 991 3462 canon
1059 3406 1092 3461 6
1146 3407 1340 3478 synodi
1386 3406 1833 3478 Carthaginensis
1872 3409 1968 3463 de-

2070 3415 2180 3469 Καὶ
2218 3415 2246 3467 ὁ
2292 3412 2345 3478 ς’
2376 3414 2554 3468 κανὼν
2614 3416 2709 3485 τῆς
2743 3416 2800 3466 ἐν
2838 3416 3166 3486 Καρθαγένῃ
3220 3415 3439 3468 συνόδου
3477 3410 3636 3478 διορί-

393 3491 548 3561 finit,
602 3509 667 3549 ex
725 3494 914 3550 infami
970 3496 1057 3551 vel
1108 3498 1256 3567 turpi
1311 3498 1527 3567 negotio
1583 3507 1832 3553 sacratos
1888 3500 1968 3554 vi-

2070 3503 2262 3570 ζεται,
2324 3502 2432 3557 ἀπὸ
2494 3504 2689 3573 ἀτίμου
2761 3504 2794 3574 ἦ
2856 3504 3082 3573 αἰσχροῦ
3143 3506 3473 3576 πράγματος
3518 3501 3637 3560 τοὺς

388 3593 539 3639 ctum
587 3600 693 3639 non
740 3588 1199 3656 comparare.
1237 3602 1411 3642 canon
1471 3587 1537 3640 10
1592 3588 1833 3656 ejusdem
1880 3605 1968 3661 sy-

2070 3593 2397 3665 ἱερωμένους
2445 3596 2649 3665 τροφὴν
2697 3593 2770 3665 μὴ
2828 3594 3165 3664 πορίζεσθαι.
3226 3596 3337 3649 Καὶ
3383 3593 3416 3643 ό
3466 3599 3495 3644 ι’
3542 3607 3635 3642 κα-

391 3675 522 3731 nodi
574 3676 641 3731 ad
696 3676 1072 3734 institutiones
1124 3694 1412 3747 puerorum
1461 3689 1513 3733 et
1559 3677 1965 3749 Scripturarum

379 3768 680 3822 -|ectionem
744 3767 943 3823 debere
1000 3776 1223 3839 paratos
1279 3784 1400 3823 csse
1456 3769 1686 3825 clericos
1742 3770 1966 3835 definit,

391 3866 447 3910 et
485 3874 593 3913 non
651 3860 939 3914 mundanis
974 3867 1028 3914 et
1063 3860 1418 3916 satcularibus
1480 3860 1628 3917 curis
1683 3862 1967 3933 occupari.

376 3950 488 4004 Ἑει
522 3964 650 4004 vero
695 3951 857 4005 etiam
899 3949 1074 4019 jussio
1111 3948 1129 3988 τ
1183 3950 1369 4020 inclyti
1422 3951 1805 4022 imperatoris,
1869 3953 1967 4007 do-

372 4041 526 4099 ‘mini
575 4040 841 4097 Manuelis
884 4039 1180 4106 Comneni,
1229 4042 1374 4098 edita
1423 4058 1611 4099 mense
1634 4041 1967 4125 Fovembri,

372 4131 587 4188 indict.
641 4133 740 4196 15,-
762 4132 833 4188 ad
871 4132 1236 4202 quorumdam
1286 4134 1612 4190 clericorum
1659 4136 1968 4188 nummula-

398 4222 598 4274 riorum
642 4222 1065 4290 suggestionem,
1120 4223 1400 4279 insinuata
1454 4224 1508 4278 in
1538 4231 1753 4280 secreto
1784 4223 1973 4278 dome-

394 4311 657 4365 sticorum
697 4312 744 4374 ε,
807 4326 995 4367 mense
1030 4311 1341 4376 Novembri,
1386 4313 1575 4369 indict.
1618 4312 1707 4378 15,
1753 4319 1808 4367 et
1856 4310 1970 4366 haec

393 4400 699 4470 expressim
752 4401 1122 4471 praecipiens:
1170 4402 1254 4456 Ad
1300 4415 1661 4470 quoscunque
1707 4413 1970 4469 pervenc-

2068 3683 2175 3737 νὼν
2232 3684 2333 3753 τῆς
2393 3685 2562 3753 αὐτῆς
2631 3684 2848 3737 συνόδου
2909 3685 3044 3755 πρὸς
3099 3683 3453 3744 διδασκαλίας
3515 3677 3635 3733 παί-

2068 3774 2173 3828 δων
2230 3776 2324 3829 καὶ
2373 3774 2679 3844 ἀνάγνωσιν
2728 3775 2961 3846 Γραφῶν
3010 3775 3265 3846 ἑτοίμους
3324 3771 3462 3828 εἶναι
3518 3769 3637 3828 τοὺς

2070 3865 2361 3937 κληρικοὺς
2436 3865 2774 3935 διορίζεται,
2852 3867 2946 3918 καὶ
3022 3865 3094 3934 μὴ
3171 3868 3468 3935 κοσμικαῖς
3545 3861 3635 3912 καὶ

2071 3952 2350 4026 βιωτικαῖς
2413 3955 2686 4028 φροντίσιν
2741 3956 3167 4025 ὲνασχολεῖσθαιζ
3213 3956 3375 4009 Ἔστι
3434 3954 3489 4007 δὲ
3552 3949 3639 4004 καὶ

2071 4046 2399 4115 πρόσταγμα
2433 4045 2525 4099 τοῦ
2574 4046 3111 4116 ἀοιδίμου.βασιλέως
3160 4047 3356 4117 κυρίου
3392 4041 3638 4110 Μανουὴλ

2069 4135 2164 4187 τοῦ
2206 4137 2535 4207 Κομνηνοῦ,
2585 4137 2862 4207 ἐξενεχθὲν
2926 4138 3024 4207 μὲν
3078 4140 3222 4191 κατὰ
3279 4138 3423 4207 μῆνα
3471 4132 3638 4200 Νοέμ·

2072 4226 2246 4297 δριον,
2290 4230 2663 4296 ἐπινεμήσεως
2713 4234 2795 4291 ιε’,
2836 4229 2928 4280 ἐπὶ
2982 4229 3289 4299 ὑπομνήσει
3319 4227 3483 4282 τινῶν
3514 4226 3638 4292 κλη-

2075 4315 2241 4386 ρικῶν
2284 4318 2705 4371 καταλλακτῶν’
2745 4318 3129 4389 καταστρωθέν
3177 4319 3238 4371 ἐν
3281 4319 3358 4387 τῷ
3406 4313 3636 4382 σεκρέτῳ

2070 4405 2179 4457 τῶν
2234 4406 2547 4468 οίκειακῶν,
2603 4408 2742 4460 κατά
2805 4409 2950 4476 μῆνα
3001 4409 3331 4477 Νοεμϐριον,
3381 4404 3636 4471 ἐπινεμή-

376 4493 509 4568 .rint
538 4507 602 4552 ex
640 4492 914 4561 emptione
950 4491 1087 4555 tales
1131 4491 1621 4545 nummulariarum
1652 4503 1967 4544 mensarum

2075 4510 2211 4558 σεως
2281 4492 2377 4557 ιε’,
2444 4496 2538 4548 καὶ
2595 4494 2765 4548 ταῦτα
2834 4496 3010 4565 ῥητῶς
3081 4496 3633 4564 παρακελευόμενονο

394 4586 661 4651 tabernae,
706 4584 994 4653 imperium
1035 4598 1215 4636 meum
1249 4588 1568 4651 potestatem
1604 4578 1699 4635 dat
1727 4579 1966 4637 transfe-

392 4672 548 4730 rendi
569 4686 665 4731 eas
692 4672 749 4729 in
769 4673 1055 4729 honestam
1083 4682 1138 4730 et
1171 4674 1470 4727 Romanam
1506 4687 1821 4742 personam,
1850 4688 1969 4743 quac

309 4826 315 4832 _
393 4762 901 4821 occurrerit.'Vobis
930 4763 1100 4828 enim,
1123 4764 1322 4818 sacrati
1346 4777 1469 4817 cum
1497 4764 1641 4831 sitis,
1678 4765 1841 4819 talem
1879 4781 1968 4820 ar-

394 4863 503 4912 tem
534 4871 786 4912 exercere
818 4871 929 4912 non
966 4855 1129 4919 licet,
1174 4855 1304 4924 quia
1355 4870 1458 4910 nec
1494 4857 1726 4924 potestis
1764 4872 1966 4913 conve-

378 4947 568 5003 aiienti
597 4946 959 5016 castigatione
1005 4944 1277 5006 coerceri.
1302 4945 1347 4999 si
1378 4946 1745 5015 quidprteter
1771 4947 1968 5017 praefe-

384 5033 622 5089 ctoriam
650 5032 1040 5088 definitionem
1091 5030 1331 5098 faciatis,
1379 5046 1505 5088 cum
1560 5034 1682 5089 sitis
1739 5036 1966 5092 sacrati.

397 5122 720 5191 Quicunque
753 5122 918 5191 igitur
947 5130 1185 5177 vestrum
1216 5125 1509 5194 emptione,
1537 5137 1596 5180 ut
1626 5127 1829 5181 dictum
1859 5138 1964 5192 est,

398 5213 498 5267 itas
548 5212 929 5281 acquisierint,
992 5212 1187 5282 dignas
1227 5216 1293 5269 ad
1331 5215 1644 5285 praefectum
1691 5216 1969 5272 adducant

399 5316 688 5372 personas,
718 5309 832 5358 tum
864 5312 924 5359 ut
954 5304 1203 5359 admittat
1229 5321 1343 5373 eas,
1368 5315 1482 5361 tum
1513 5316 1572 5362 ut
1604 5310 1969 5365 mensularios

403 5406 504 5464 pro
536 5391 670 5463 ipsis
698 5393 868 5464 gratis
906 5396 960 5449 et
1000 5394 1206 5465 absque
1236 5398 1638 5454 consuetudine
1677 5400 1967 5454 dationeve

2073 4585 2259 4650 Ὀσοις
2313 4586 2604 4657 περιῆλθον
2646 4586 2717 4653 ἐξ
2750 4587 3057 4657 ¹ιὶιγορασίας
3105 4589 3174 4640 τὰ
3224 4585 3451 4641 τοιαῦτα
3508 4598 3637 4637 κατ-

2069 4677 2368 4731 αλλακτικὰ
2429 4677 2858 4750 τραπεζοτόπια,
2906 4678 3118 4732 δίδωσιν
3163 4677 3350 4732 ἄδειαν
3392 4679 3425 4747 ἡ
3489 4676 3636 4746 βασι-

2071 4768 2191 4821 λεία
2216 4785 2315 4837 μου
2358 4768 2719 4839 ἐναλλαγῆναι
2750 4768 2924 4822 ταῦτα
2975 4770 3053 4832 εἰς
3100 4768 3242 4837 ἅπερ
3274 4768 3342 4822 ἂν
3369 4769 3634 4840 εὐρήσητε

2073 4856 2329 4927 ἀξιόλογα
2357 4858 2449 4911 καὶ
2494 4858 2779 4927 Ῥωμαῖκά
2812 4858 3290 4928 πρόσωπα.⁹Υμά’ς
3315 4858 3447 4927 γὰρ,
3484 4858 3633 4926 ἱερω-

2078 4946 2272 5016 μένους
2309 4947 2469 5010 ὂντας
2516 4948 2618 5017 τὴν
2647 4947 2903 5017 τοιαύτην
2940 4950 3251 5018 ἐπιστήμην
3284 4946 3633 5016 μετέρχεσθαι

2069 5020 2170 5091 ούκ
2211 5037 2507 5108 ἐνδέχεται,
2549 5039 2633 5092 δτι
2665 5040 2787 5093 οὐδὲ
2828 5039 3054 5094 δυνατὸν
3093 5039 3521 5094 ἀναστέλλεσθαι
3550 5034 3634 5086 δια

2066 5129 2435 5198 προσήκοντος
2506 5129 2909 5200 σωφρονισμοῦ,
2996 5131 3230 5200 ὁπηνίκα
3321 5147 3373 5183 τι
3435 5126 3631 5179 ποιεῖτε

2068 5220 2221 5290 παρὰ
2249 5219 2342 5273 τὸν
2374 5221 2676 5291 ἐπαρχικδν
2727 5221 2975 5292 ὁρισμὸν,
3010 5222 3097 5276 διὰ
3124 5220 3184 5274 τὸ
3225 5216 3370 5274 εἶναι
3413 5214 3628 5287 ἱερωμέ-

2072 5328 2217 5375 νους.
2252 5312 2406 5365 Ὅσοι
2433 5311 2527 5367 οὖν
2550 5312 2610 5378 ἐξ
2638 5313 2792 5384 ὑμῶν
2826 5312 2887 5378 ἐξ
2923 5313 3240 5385 ἀγορασίας,
3273 5313 3350 5377 ὡς
3397 5311 3629 5381 εἴρηται,

2070 5401 2244 5455 ταῦτα
2270 5403 2560 5475 κέκτησθε,
2589 5405 3119 5476 προσκομισάτωσαν
3168 5403 3427 5473 ἀξιόλογα
3458 5397 3625 5470 πρόσι-

1693 5589 1922 5646 VARI/IS
1987 5591 2385 5650 LECTIONES.

484 5752 516 5792 ιί
545 5751 789 5827 edictum.
865 5756 891 5794 ε
919 5753 1141 5808 relatum
1176 5757 1225 5809 in
1256 5759 1591 5810 secretarium
1616 5772 1788 5811 rerum
1807 5757 2168 5826 privatarum:
