4020 6416
28 959 138 976 .,.,,,

447 369 543 431 9ῗή
1222 374 1612 434 RESPUNSA
1645 374 1747 432 AD
1783 373 2522 433 lN'l‘EliliUGATiONES
2549 377 2805 440 MAliCL
3576 377 3708 439 θεῖ’

451 504 628 564 ἄλλως
665 496 786 557 τινὰ
812 496 905 550 τοῦ
939 497 1156 558 κανόνος
1189 497 1255 549 δι’
1293 495 1756 564 αἰσχροκέρδειαν,
1790 495 1828 546 ὁ.
1851 494 2019 562 τούτῳ

2130 495 2205 550 vel
2261 499 2484 550 oumino
2541 497 2776 567 aliquem
2831 514 2891 552 ex
2940 513 3166 563 canone,
3215 502 3387 572 turpis
3441 517 3680 573 quaastus

451 594 830 662 ἐπιχειρήσας,
866 589 1139 656 ἐλεγχθεὶς
1171 587 1526 640 κινδυνευέτω
1559 587 1684 655 περὶ
1711 587 1800 637 τὸν
1829 585 2026 636 οἰκεῖον

2008 659 2026 678 ⁹

453 684 679 752 suam.
734 683 840 735 Καὶ
877 685 902 733 ό
939 679 1433 748 χειροτονούμενος,
1477 678 1643 746 μηδὲν
1685 678 1749 726 ἐκ
1776 677 1876 741 τῆς
1905 691 2004 724 κατ

456 772 727 840 ἐμπορίαν
758 769 1074 836 ὡρελείσθω
1101 767 1484 836 χειροτονείας,
1577 765 1844 835 προϐολῆς
1866 780 1879 794 ο
1908 762 2023 816 ἀλλ’

452 866 591 916 ἔστω
638 862 915 931 ἀλλότριος
943 861 1037 927 τῆς
1071 859 1224 922 ἀξίας
1275 859 1307 926 ἦ
1341 857 1434 910 τοῦ
1476 859 1905 926 φροντίσματος,
1935 853 2023 910 οὗ·

454 972 558 1024 περ
589 956 676 1006 ἐπὶ
705 957 979 1022 χρήμασιν
1004 950 1205 1019 ἔτυχεν.
1233 951 1290 1002 Εἰ
1311 950 1366 1002 δέ
1393 967 1474 1011 τις
1506 949 1803 1018 μεσιτεύων
1829 949 2020 1020 φανείη

453 1051 561 1106 τῖς
593 1044 766 1106 οὕτως
818 1045 1063 1111 αἰσχροῖς
1126 1045 1220 1093 καὶ
1267 1040 1544 1110 ἀθεμίτοις
1595 1041 1867 1109 λήμμασι,
1925 1041 2022 1094 καὶ

453 1130 628 1196 οὗτος,
689 1137 738 1186 εἱ
794 1134 889 1201 μὲν
929 1132 1188 1200 κληρικὺς
1215 1133 1323 1197 εἴη,
1361 1131 1454 1184 τοῦ
1483 1131 1683 1184 οἰκείου
1712 1132 2022 1184 ὲκπιπτέτω

455 1227 665 1296 βαθμοῦ
696 1246 706 1256 ·
745 1230 790 1278 εἰ
824 1228 878 1278 δὲ
911 1226 1098 1288 λα’ίκὸς
1133 1227 1162 1292 ἦ
1202 1227 1296 1278 καὶ
1329 1225 1593 1291 μονάζων,
1631 1223 2022 1292 ἀναθεματιζέ-

457 1319 588 1369 σθω,
648 1317 756 1368 Καὶ
801 1317 826 1367 ὁ
862 1317 944 1383 κγ’
979 1316 1155 1368 κανὼν
1205 1316 1302 1382 τῆς
1340 1316 1396 1365 ἑν
1424 1313 1501 1384 τῷ
1527 1313 1778 1382 Τρούλλῳ
1800 1313 1893 1365 τοῦ
1927 1331 2022 1381 με·

456 1411 620 1474 γάλου
681 1409 943 1460 παλατίου
990 1411 1263 1477 συστάσης
1310 1409 1468 1474 ἁγίας
1507 1408 1599 1459 καὶ
1639 1408 2021 1475 οίκουμενικῆς

458 1502 672 1553 συνόδου
707 1501 877 1552 ταῦτα
902 1501 1119 1564 διέξεισι
1155 1501 1283 1570 περὶ
1327 1500 1420 1552 τοῦ
1450 1501 1670 1567 Μηδένα
1701 1500 2015 1562 ἐπίσκοπον,

455 1593 565 1644 εἴτε
602 1592 991 1662 πρεσϐύτερον,
1048 1594 1157 1644 εἴτε
1197 1593 1460 1654 διάκονον,
1494 1593 1588 1660 τῆς
1619 1591 1886 1660 ἁχράντου
1923 1607 2019 1658 με·

456 1683 730 1734 ταδιδόντα
762 1685 1063 1744 κοινωνίας,
1097 1684 1245 1751 παρὰ
1276 1681 1366 1734 τοῦ
1392 1681 1707 1750 μετέχοντος
1761 1680 2019 1751 εἰσπράτ-

455 1792 587 1835 τειν,
647 1777 741 1842 τῆς
782 1775 1032 1842 τοιαύτης
1094 1773 1444 1843 μεταλήψεως
1487 1774 1664 1842 χάριν,
1729 1771 1936 1833 ὀϐολὸν,
1983 1771 2015 1842 ἢ

457 1860 598 1926 εἶδος
628 1864 687 1915 τὸ
715 1863 937 1915 οίονοῦν.
992 1863 1125 1913 Οὐδὲ
1161 1863 1265 1931 γὰρ
1309 1861 1631 1931 πεπραμένη
1673 1860 1819 1913 ἐστὶν
1852 1861 1882 1928 ἡ
1916 1860 2016 1927 χὰ-

462 1971 564 2023 ρις,
598 1954 716 2005 οὐδὲ
748 1955 992 2023 χρήμασι
1020 1954 1110 2004 τὸν
1151 1953 1418 2021 ἁγιασμὸν
1442 1952 1534 2003 τοῦ
1568 1951 1874 2020 πνεύματος
1928 1968 2022 2020 με·

458 2034 790 2111 ταδιδόαμεν,
855 2044 988 2095 ἀλλὰ
1041 2045 1150 2104 τοῖς
1191 2043 1359 2104 ἀξίοις
1404 2041 1497 2094 τοῦ
1544 2041 1713 2110 δώρου
1746 2043 2019 2109 ἀπανουρ-

457 2136 660 2202 γεύτως
695 2135 1034 2203 μεταδοτέον.
1070 2137 1128 2188 Εἰ
1161 2137 1213 2188 δὲ
1245 2137 1434 2203 φανείη
1463 2152 1546 2198 τις
1575 2135 1682 2187 τῶν
1709 2136 1764 2186 ἐν
1788 2135 1863 2204 τῷ
1893 2135 2024 2205 κλή-

459 2244 537 2296 ρτρ
599 2227 1031 2295 κατειλεγμένων
1103 2227 1354 2278 ἀπαιτῶν
1421 2219 1465 2293 ᾧ
1537 2227 1856 2294 μεταδίδωσι
1920 2227 2020 2295 τῆς

457 2317 722 2387 ἁχράντου
759 2319 1038 2378 κοινωνίας
1091 2318 1149 2368 τὸ
1183 2317 1386 2369 οίονοῦν
1436 2315 1595 2380 εἶδος,
1629 2317 2018 2386 καθαιρείσθω,

457 2409 532 2471 ὠς
571 2408 663 2475 τῆς
699 2407 790 2459 τοῦ
828 2407 1064 2475 Σίμωνος
1107 2407 1352 2478 ζηλωτὴς
1396 2409 1603 2478 πλάνης
1638 2409 1732 2461 καὶ
1784 2426 2022 2479 κακουρ-

460 2500 602 2565 γίας.
753 2504 759 2511 ’

540 2588 856 2656 Ἐρώτησις
908 2587 1014 2644 κοί.
1069 2590 1135 2643 Οἱ·
1167 2592 1285 2644 κατ’
1333 2591 1628 2658 ἐπίγνωσιν
1671 2591 1847 2660 ἀληθῆ
1885 2595 2020 2661 πρὸς

457 2679 554 2748 τὴν
601 2680 876 2748 ὀρθόδοξον
914 2681 1091 2733 πίστιν
1124 2682 1430 2750 ἐρχόμενοι,
1480 2683 1834 2751 Νεστοριανοὶ
1866 2681 2022 2750 δηλο-

458 2770 591 2832 νότι,
636 2771 928 2839 Ἀρμένιοι,
973 2772 1300 2833 Ἰακωδίται,
1334 2772 1422 2823 καὶ
1459 2771 1633 2840 ἕτεροι
1675 2772 2016 2838 αίρεσιῶται,

457 2860 544 2913 διὰ
582 2861 741 2930 μόνου
773 2863 863 2915 τοῦ
896 2864 1050 2929 ἁγίου
1088 2862 1258 2931 μύρου
1281 2863 1554 2932 ὀφείλουσι
1594 2864 1950 2928 τελειοῦσθαι,
1985 2864 2016 2936 ἦ

460 2953 555 3006 καὶ
580 2953 666 3004 διὰ
699 2952 844 3006 θείου
877 2955 1285 3024 ﬂammea-cog;

543 3049 671 3099 Ἀπί,
711 3047 768 3099 'U
796 3046 875 3113 ιβ’
904 3049 1082 3100 κανὼν
1113 3050 1209 3116 τῆς
1257 3052 1312 3101 ἐν
1359 3048 1434 3118 τῷ
1477 3050 1731 3118 Τρούλ).ῳ
1778 3049 2016 3112 συνόδου,

2130 587 2321 654 gratia,
2377 588 2468 656 qui
2519 590 2620 642 hoc
2663 600 2900 646 tentasse
2937 593 3220 647 convictus
3255 593 3435 655 fuerit,
3463 597 3529 648 de
3561 611 3686 663 pru-

2128 675 2245 742 prio
2281 677 2449 744 gradu
2482 679 2537 730 in
2567 678 2867 747 periculum
2900 681 3076 733 veniat
3102 690 3204 743 ;-et
3234 684 3324 752 qui
3361 693 3440 736 est
3465 684 3684 737 ordina-

2129 773 2250 828 tus,
2293 782 2358 821 ex
2406 767 2750 840 ordinatione
2789 770 2873 823 vel
2929 773 3304 840 promotioue,
3347 790 3467 842 qua}
3514 780 3684 830 instar

2127 867 2492 912 mercatorum
2543 859 2908 926 venundatur,
2947 861 3080 914 nihil
3111 861 3352 930 juvetur,
3411 865 3507 918 sed
3552 867 3621 921 sit
3655 884 3683 920 a

2128 948 2392 1017 dignitate
2451 949 2534 1003 vel
2594 949 2877 1006 curatione
2927 953 3180 1018 alienus,
3229 970 3393 1024 quam
3439 959 3685 1024 pecuniis

2126 1040 2364 1109 adeptus
2403 1050 2507 1096 est.
2539 1042 2594 1096 Si
2631 1043 2753 1112 quis
2789 1053 2968 1098 autem
3020 1054 3301 1113 sequester
3333 1057 3382 1102 et
3424 1049 3687 1104 interces-

2122 1147 2217 1186 sor
2269 1133 2405 1187 adeo
2452 1135 2702 1202 turpibus
2751 1143 2804 1190 et
2853 1137 3076 1191 nel'ariis
3129 1138 3297 1193 lucris
3345 1140 3685 1208 apparuerit,

2123 1221 2210 1274 hic
2261 1237 2496 1290 quoque,
2531 1224 2576 1276 si
2613 1225 2685 1277 sit
2724 1224 2942 1292 quidem
2977 1227 3228 1291 clericus,
3265 1229 3484 1297 proprio
3515 1229 3682 1297 gradu
3725 1295 3734 1300 ﬂ

2120 1312 2373 1378 excidat;
2408 1314 2451 1368 si
2493 1317 2564 1369 sit
2615 1323 2794 1369 autem
2841 1317 3036 1382 laicus,
3073 1321 3154 1374 vel
3202 1321 3522 1384 monachus,
3559 1334 3687 1372 θηο-

2123 1403 2531 1458 thematizetur.
2568 1405 2633 1457 Et
2681 1404 2751 1458 25
2794 1420 2967 1459 canon
3011 1417 3212 1461 sanctae
3245 1420 3297 1462 et
3338 1409 3686 1462 (ecumenica:

2119 1494 2309 1564 synodi
2350 1495 2403 1549 in
2439 1495 2627 1549 Trullo
2669 1497 2845 1565 magni
2894 1498 3073 1566 palatii
3110 1509 3311 1556 coactae
3357 1501 3469 1553 haec
3503 1515 3686 1568 perse-

2121 1587 2310 1652 quitur
2340 1603 2354 1640 :
2388 1583 2454 1640 Ut
2491 1586 2696 1650 nullus,
2737 1589 2853 1642 sive
2893 1589 3202 1657 episcopus,
3235 1592 3346 1644 sive
3375 1590 3680 1659 presbyter,

2120 1679 2233 1732 sive
2284 1677 2570 1743 diaconus,
2602 1679 3000 1733 immaculatam
3051 1682 3295 1750 praebens
3341 1682 3682 1735 communio-

2120 1786 2270 1834 nem,
2301 1771 2368 1823 ab
2411 1787 2496 1834 eo,
2535 1772 2626 1840 qui
2661 1774 3046 1836 communicat,
3084 1774 3203 1841 ejus
3253 1773 3684 1842 participatiouis

2123 1862 2318 1932 gratia,
2349 1863 2562 1928 obolos,
2594 1865 2672 1917 vel
2718 1867 2966 1932 quamvis
3011 1866 3171 1918 aliam
3216 1867 3450 1934 speciem
3481 1866 3680 1935 exigat.

2122 1951 2240 2006 Non
2277 1961 2361 2007 est
2397 1955 2539 2008 enim
2574 1955 2780 2009 venalis
2809 1955 3005 2024 gratia,
3044 1971 3142 2010 nec
3169 1971 3267 2024 ριν)
3292 1957 3682 2024 pecuniisspi-

2122 2045 2263 2098 ritus
2303 2044 2791 2101 sanctiﬁcationem
2828 2047 3168 2114 impertimur
3201 2066 3214 2103 :
3249 2049 3342 2102 sed
3382 2063 3443 2103 ea
3473 2049 3559 2111 iis,
3591 2050 3684 2118 qui

2120 2135 2270 2205 digni
2313 2146 2460 2199 sunt,
2498 2137 2702 2206 absque
2730 2132 2838 2191 ulla
2875 2147 2958 2192 est
3005 2139 3299 2194 callidltate
3327 2146 3352 2173 °
3380 2144 3686 2194 communi-

2121 2226 2316 2279 canda.
2358 2225 2412 2280 Si
2445 2228 2566 2297 quis
2596 2237 2774 2282 autem
2806 2245 3015 2291 eorum.
3050 2231 3142 2300 qui
3189 2239 3316 2285 sunt
3348 2231 3401 2285 in
3434 2232 3560 2286 cieri
3594 2247 3683 2285 ca-

2122 2316 2323 2384 talogo,
2355 2316 2421 2370 ab
2465 2332 2550 2378 eo,
2585 2318 2671 2371 cui
2721 2319 3122 2374 immaculatam
3163 2321 3403 2389 impertit
3441 2337 3685 2376 comnm-

2124 2407 2364 2470 uionem,
2391 2408 2556 2461 ullam
2586 2411 2820 2478 speciem
2858 2413 3076 2480 exigere
3105 2412 3256 2466 visus
3292 2413 3482 2478 fuerit,
3516 2413 3682 2481 depo-—

2123 2506 2307 2558 natur.
2331 2507 2388 2552 ut
2415 2497 2707 2554 Simouiaci
2733 2504 2937 2557 erroris
2960 2513 3014 2556 et
3038 2504 3286 2558 maleﬁcii
3314 2507 3614 2558 :nmulator.

2195 2588 2360 2643 Inter.
2414 2589 2503 2646 29.
2561 2590 2664 2656 Qui
2726 2606 2820 2660 per
2879 2608 3056 2646 veram
3096 2595 3454 2663 cognitionem
3487 2595 3552 2648 ad
3597 2609 3704 2648 0r-.

2121 2680 2344 2734 thoxam
2414 2680 2574 2735 ﬁdem
2639 2681 2949 2746 accedunt,
3005 2681 3336 2737 Nestioriani
3385 2683 3679 2745 videlicet,

2125 2770 2388 2835 Armenii,
2420 2770 2718 2838 Jacobitae,
2743 2780 2796 2826 et
2827 2773 2917 2825 alii
2949 2773 3208 2834 haeretici,
3239 2787 3307 2826 an
3341 2773 3459 2828 solo
3480 2781 3683 2826 sancto

2125 2871 2403 2933 unguento
2455 2863 2688 2917 debeant
2734 2862 2964 2928 initiari,
3011 2877 3081 2915 an
3121 2877 3247 2917 vero
3289 2863 3451 2917 etiam
3501 2861 3684 2916 divino

2122 2954 2377 3008 lavacro?

2192 3044 2347 3115 Resp.
2389 3045 2578 3100 Canon
2619 3044 2688 3100 95
2731 3044 2926 3116 synodi
2951 3045 3004 3099 in
3037 3044 3225 3100 Trullo
3267 3054 3490 3102 secutus
3531 3045 3561 3096 7
3595 3061 3685 3098 ca-

458 3139 822 3208 ἁκολουθήσας
857 3139 931 3208 τῷ
964 3138 1004 3202 ζ’
1042 3143 1224 3191 κανόνι
1259 3141 1354 3208 τῆς
1401 3141 1560 3206 ἁγίας
1593 3141 1685 3192 καὶ
1712 3143 2019 3209 οίκουμενι-

2124 3153 2318 3192 nouem
2367 3146 2571 3192 sancta
2614 3146 2668 3192 et
2713 3137 3067 3192 meumenicze
3109 3137 3144 3190 2
3189 3137 3415 3207 synodi,
3455 3138 3571 3191 hzec
3616 3137 3684 3189 ad

459 3230 561 3298 κῆς
590 3230 633 3299 β’
664 3231 895 3292 συνόδου,
930 3231 1051 3284 τάδε
1096 3231 1236 3283 κατὰ
1269 3232 1423 3302 ῥῆμα
1450 3232 1804 3300 διαλαμϐάνει
1829 3249 1839 3260 ·
1883 3233 2020 3296 Τοὺς

460 3321 910 3390 προστιθεμένους
932 3326 995 3392 τῇ
1023 3323 1295 3392 όρθοδοξίᾳ
1322 3326 1414 3375 καὶ
1439 3327 1501 3393 τῇ
1535 3324 1708 3394 μερίδι
1728 3324 1831 3375 τῶν
1860 3325 2021 3388 σωζο-

463 3412 638 3482 μένων
660 3414 766 3465 ἀπὸ
789 3414 1100 3482 αἱρετικῶν,
1125 3413 1389 3482 δεχόμεθα
1428 3414 1566 3466 κατὰ
1589 3413 1682 3483 τὴν
1705 3416 1808 3466 ὑπο
1823 3431 2020 3480 τεταγο

461 3502 627 3571 μένην
657 3504 970 3556 ἀκολουθίαν
1011 3522 1066 3554 τε
1108 3505 1199 3556 καὶ
1230 3505 1534 3574 συνήθειαν,
1576 3505 1888 3574 ’Δρειανοὺς
1921 3506 2020 3574 μὲν

459 3597 552 3648 καὶ
583 3596 1007 3656 Μακεδονιανοὺς
1040 3598 1132 3647 καὶ
1167 3594 1570 3659 Ναϐατιανοὺς,
1603 3597 1729 3660 τοὺς
1766 3597 2020 3665 λέγοντας

459 3686 685 3752 ἑαυτοὺς
719 3687 1012 3756 καθαροὺς,
1043 3687 1135 3737 καὶ
1173 3688 1512 3755 ἀριστεροὺς,
1551 3688 1787 3750 καὶτοὺς
1825 3705 2019 3743 τεσσα-

461 3777 956 3847 ρεσκαιδεκατίτας,
983 3777 1099 3846 ἦτοι
1125 3777 1457 3845 τετραδίτας,
1489 3777 1653 3845 ἤγουν
1685 3779 1703 3807 ²
1737 3777 2021 3831 ’Λπολινα-

462 3873 709 3940 ριαστάς,
737 3870 1000 3938 δεχόμεθα
1022 3870 1259 3931 διδόντας
1287 3869 1583 3933 λιόἐλλους,
1631 3869 1723 3922 καὶ
1754 3869 2022 3939 ἀναθεμα-

457 3961 702 4024 τίζοντας
739 3962 918 4013 πᾶσαν
949 3961 1160 4031 αἵρεσιν
1190 3961 1262 4031 μὴ
1299 3962 1602 4032 φρονοῦσαν
1649 3963 1724 4026 ὠς
1753 3965 1939 4031 φρονεί
1984 3965 2016 4033 ἡ

463 4049 591 4117 ἁγία
616 4049 706 4102 τοῦ
739 4051 870 4103 Θεοῦ
899 4051 1161 4122 καθολικὴ
1189 4054 1282 4104 καὶ
1317 4053 1648 4124 ἀποστολικὴ
1683 4053 1978 4122 Ἐκκλησία
2001 4066 2016 4083 ⁸

461 4141 930 4211 σφραγιζομένους
973 4145 1090 4212 ἦτοι
1144 4145 1467 4212 χριομένους
1519 4145 1734 4213 πρῶτον
1777 4142 1853 4213 τῷ
1879 4145 2019 4214 ἁγίῳ

463 4230 618 4300 μύρῳ
651 4231 730 4296 τό,
762 4247 820 4283 τε
855 4233 1100 4302 μέτωπον
1133 4234 1225 4286 καὶ
1255 4236 1378 4296 τοὺς
1404 4234 1734 4304 ὀφθαλμοὺς,
1787 4235 1883 4288 καὶ
1918 4236 2019 4299 τὰς

463 4323 634 4389 ρίνας,
669 4321 762 4373 καὶ
790 4323 848 4372 τὸ
881 4323 1074 4391 στόμα,
1104 4323 1289 4375 καὶτὰ
1328 4319 1462 4377 ὦτα.
1496 4325 1605 4376 Καὶ
1631 4323 2018 4393 σφραγίξοντες

459 4410 675 4474 αὐτοὺς,
702 4409 956 4480 λέγομεν,
983 4413 1223 4482 Σφραγὶς
1249 4414 1454 4484 δωρεᾶς
1496 4414 1805 4483 πνεύματος
1832 4416 2012 4482 ἁγίου.

459 4498 594 4568 Περὶ
657 4499 712 4552 δὲ
766 4501 873 4551 τῶν
931 4504 1415 4567 παυλιανισάντων,
1449 4499 1567 4556 εἶτα
1598 4505 2017 4572 προσφυγόντων

458 4592 524 4659 τῇ
559 4589 817 4661 καθολικῇ
865 4592 1184 4662 Ἐκκλησία,
1217 4596 1340 4664 ὄρος
1369 4596 1692 4662 ἐκτέθειται,
1718 4596 2026 4651 ἀναϐαπτίο

460 4678 647 4741 ζεσθαι
677 4679 876 4741 αὐτοὺς
909 4679 968 4743 ἐξ
998 4679 1255 4742 ἅπαντος.
1283 4680 1649 4751 Εύνομιανοὺς
1680 4685 1860 4753 μέντοι
1893 4687 2020 4748 τοὺς

460 4769 539 4831 εἰς
566 4771 694 4836 μίαν
724 4772 1019 4824 κατάδυσιν
1044 4771 1498 4840 βαπτιζομένους,
1529 4775 1623 4826 καὶ
1647 4775 2022 4840 Μοντανιστὰς

459 4859 584 4920 τοὺς
617 4857 853 4910 ὲκταῦθα
876 4859 1201 4928 λεγομένους
1224 4859 1462 4929 Φρύγας,
1489 4863 1582 4914 καὶ
1610 4862 2022 4930 Σαϐελλιανοὺς,

459 4952 583 5014 τοὺς
627 4952 975 5023 υίοπατορίαν
1020 4953 1344 5018 δοξάζοντας
1369 4997 1382 5020 ,
1443 4957 1536 5008 καὶ
1575 4955 1738 5028 ἕτερά
1768 4974 1891 5011 τινα
1918 4976 2018 5028 χα-

459 5039 598 5094 λεπὰ
647 5043 930 5105 ποιοῦντας
959 5059 974 5073 ο
1030 5044 1124 5096 καὶ
1184 5042 1363 5108 πάσας
1410 5045 1528 5115 trdus:
1557 5045 1722 5110 ἄλλας
1757 5048 2018 5117 αἱρέσεις,

457 5132 650 5202 ἐπειδὴ
705 5131 887 5186 πολλοί
940 5135 1076 5187 εἰσιν
1121 5134 1375 5200 ἐνταῦθα,
1434 5137 1665 5205 μάλιστα
1705 5139 1886 5191 οίάπδ
1921 5141 2021 5208 τῆς

457 5221 716 5275 Γαλατῶν
753 5221 936 5293 χώρας
963 5224 1295 5295 ὁρμώμενοι,
1329 5226 1534 5290 πάντας
1565 5229 1689 5291 τοὺς
1713 5228 1808 5281 ἀπ’
1841 5229 2016 5282 αὐτῶν

460 5312 713 5376 θέλοντας
742 5314 1127 5384 προστίθεσθαι
1157 5317 1223 5386 τῇ
1272 5315 1580 5388 ὁρθοδοξίᾳ,
1634 5318 1708 5380 ὡς
1753 5318 2017 5390 ’Έλληνας

459 5401 720 5470 δεχόμεθα
749 5419 766 5434 ’
806 5405 898 5458 καὶ
922 5404 1020 5474 τὴν
1048 5404 1270 5476 πρώτην
1304 5404 1514 5474 ἡμέραν
1545 5406 1804 5476 ποιοῦμεν
1821 5408 2019 5472 αὐτοὺς

460 5494 836 5563 Χριστιανοὺς,
874 5498 964 5549 καὶ
991 5497 1090 5566 τὴν
1112 5497 1366 5564 δευτέραν
1391 5499 1852 5569 κατηχουμένους,
1895 5494 2014 5552 εἶτα

2125 3229 2348 3283 verbum
2376 3227 2760 3297 complectitur
2791 3247 2804 3281 :
2846 3227 2969 3289 Eos,
3006 3229 3100 3297 qui
3132 3235 3294 3282 rectae
3325 3228 3391 3282 de
3427 3227 3529 3282 fide
3556 3244 3684 3280 sen-

2124 3321 2307 3376 tentiae
2333 3321 2706 3385 acoedunt,et
2752 3321 2890 3391 parti
2936 3322 3264 3390 eorum,qui
3306 3336 3370 3375 ex
3417 3321 3684 3375 haereticis

2124 3422 2432 3476 servantur,
2458 3413 2612 3483 juxta
2656 3414 2958 3482 subiectam
3002 3413 3446 3482 consequentiam
3474 3424 3527 3466 et
3554 3429 3680 3466 cnti-

2121 3505 2468 3561 suetudinem
2510 3505 2855 3574 recipientes;
2886 3505 3117 3559 Arianos
3149 3503 3390 3574 quidem,
3422 3511 3476 3558 et
3499 3503 3674 3558 Maccv

2122 3597 2410 3660 doniauos,
2453 3603 2510 3650 et
2542 3594 2894 3662 Novatianos,
2933 3595 3025 3665 qui
3071 3610 3128 3649 se
3171 3597 3442 3664 καθαροὺς
3483 3593 3561 3667 [id
3601 3601 3684 3652 est

2124 3685 2316 3758 puros]
2355 3687 2648 3757 appellant,
2678 3695 2732 3740 et
2771 3699 3011 3742 tessares
3039 3687 3305 3742 decatitas
3337 3702 3432 3742 seu
3460 3688 3678 3740 tetradi-

2122 3778 2282 3842 ditas,
2304 3784 2359 3832 et
2384 3777 2820 3845 Apollinaristas,
2842 3777 3135 3846 recipimus
3162 3776 3354 3831 dantes
3378 3776 3606 3838 libellos.
3630 3786 3686 3832 et

2121 3881 2336 3922 onmem
2371 3865 2617 3920 haeresim
2644 3864 3186 3928 anatltematizantes,
3211 3879 3330 3932 quae
3357 3878 3464 3917 non
3490 3864 3682 3927 sentit,

2121 3968 2181 4014 ut
2202 3957 2368 4013 sentit
2386 3965 2573 4011 saneta
2608 3955 2702 4010 Dei
2734 3955 3062 4009 universalis
3089 3961 3144 4008 et
3164 3953 3462 4022 apostolica
3493 3950 3679 4007 Ecetr-

2121 4052 2231 4106 sia:
2251 4057 2443 4106 sancto
2473 4050 2705 4118 prlmum
2733 4047 3026 4104 chrismate
3048 4053 3101 4100 et
3122 4045 3374 4109 frontem,
3392 4055 3451 4098 οι
3471 4047 3684 4099 oculos-

2119 4151 2174 4200 et
2210 4158 2394 4207 nares,
2436 4149 2490 4197 et
2535 4156 2616 4204 os,
2650 4149 2704 4195 et
2769 4154 2931 4193 aures
2991 4139 3385 4207 imprimeutes,
3419 4137 3680 4191 dit-imus:

2124 4234 2482 4303 Signaculum
2518 4231 2644 4286 doni
2674 4229 2910 4300 Spiritus
2937 4228 3133 4284 sancti.
3171 4227 3332 4296 De;iis
3363 4233 3566 4288 autem,
3589 4226 3683 4293 qui

2119 4327 2370 4384 Pauliani
2403 4335 2609 4381 sectam
2643 4323 2819 4379 secuti
2851 4329 3003 4384 sunt,
3030 4318 3226 4375 deinde
3259 4318 3325 4372 ad
3359 4318 3684 4372 catholicam

2119 4421 2419 4478 Ecclesiam
2455 4417 2840 4485 confugerunt,
2881 4424 3140 4469 statutum
3173 4419 3255 4466 est
3305 4418 3362 4465 ut
3393 4410 3428 4464 ii
3461 4410 3685 4464 omnino

2123 4511 2546 4581 rebaptizentur.
2595 4507 2964 4560 Eunomianos
3013 4515 3250 4572 quoque,
3284 4500 3378 4569 qui
3421 4500 3475 4554 in
3521 4513 3681 4552 unam

2122 4600 2521 4657 demersiouem
2579 4597 2877 4666 baptizaut,
2921 4602 2974 4648 et
3022 4586 3410 4655 Mon'tanistas,
3453 4590 3546 4660 qui
3598 4590 3686 4642 hic

2121 4691 2382 4745 dicuntur
2418 4687 2683 4758 Phryges,
2708 4694 2762 4739 et
2793 4683 3154 4746 Sabellianos,
3189 4681 3280 4752 qui
3309 4678 3508 4734 Filium
3541 4679 3680 4732 idem

2122 4796 2244 4836 esse
2278 4792 2406 4834 cum
2437 4778 2598 4831 Patre
2639 4775 2980 4838 existimant,
3007 4783 3061 4829 et
3087 4774 3191 4828 alia
3224 4771 3468 4841 quaedam
3499 4770 3684 4838 gravia

2122 4867 2363 4929 faciunt,
2410 4874 2463 4921 et
2501 4880 2692 4921 omnes
2737 4863 2873 4920 alias
2921 4864 3186 4927 haereses,
3226 4862 3481 4931 quoniam
3530 4859 3684 4913 multi

2122 4959 2211 5013 hic
2268 4967 2431 5021 sunt,
2485 4963 2538 5010 et
2577 4956 2814 5009 maxime
2862 4955 2953 5022 qui
2999 4967 3066 5008 ex
3111 4951 3420 5006 Galatarum
3463 4951 3686 5019 regione

2121 5046 2347 5117 profecti
2383 5053 2508 5100 sunt
2542 5063 2555 5098 :
2591 5059 2781 5099 omnes
2813 5059 2876 5098 ex
2903 5045 2992 5106 iis,
3023 5043 3116 5112 qui
3149 5041 3215 5096 ad
3247 5048 3450 5097 rectam
3484 5039 3552 5095 de
3581 5041 3684 5093 lide

2123 5136 2446 5192 sententiam
2470 5136 2658 5188 volunt.
2689 5135 2974 5197 accedere,
3001 5131 3292 5198 recipimus
3316 5139 3374 5183 ut
3397 5129 3616 5184 Graecos
3630 5140 3678 5182 ρ.

2123 5225 2189 5281 Et
2239 5227 2419 5296 primo
2450 5226 2671 5296 quidem
2718 5225 2844 5290 die,
2896 5239 2991 5280 eos
3035 5223 3378 5279 Christianus
3415 5221 3678 5284 facimus,

2123 5318 2362 5373 secundo
2396 5325 2596 5380 autem,
2631 5317 3081 5379 catechumenos,
3117 5315 3312 5369 deinde
3371 5313 3552 5375 tertio,
3583 5313 3675 5366 ad.

2115 5408 2388 5476 iuramus,
2418 5407 2581 5461 simul
2608 5407 2767 5460 etiam
2797 5415 2880 5460 ter
2915 5405 2968 5460 iu
3002 5405 3198 5460 faciem
3234 5414 3287 5459 et
3313 5418 3474 5458 aures
3502 5403 3677 5472 inspi-

2118 5506 2303 5551 rantes
2339 5514 2352 5549 :
2389 5504 2440 5551 et
2475 5497 2551 5552 sic
2581 5496 2884 5564 initiamus,
2914 5503 2968 5551 et
2997 5495 3086 5550 diu
3119 5495 3174 5550 iu
3204 5493 3433 5551 ecclesia
3473 5491 3674 5551 versari

1704 5674 1938 5732 ΥΑΒΙΑΞ
1968 5673 2256 5733 LECTION
2267 5675 2368 5730 ES.

529 5775 554 5803 ν
582 5767 788 5833 fraude.
868 5778 894 5817 Ρ
933 5783 1183 5836 paganos.
