4020 6406
463 311 568 378 983

1727 309 1824 370 ΤΗ
1838 310 2000 375 ΕΟΟ.
2046 312 2130 369 BA
2143 311 2273 371 LSA
2286 311 2438 371 ΜΘΝ
2453 310 2518 371 ξς

3602 320 3694 385 984

471 451 524 494 et
561 438 873 508 Scripturas
927 435 1116 492 audire
1157 435 1410 503 facimus,
1437 444 1491 493 et
1520 444 1654 491 tunc
1686 437 1835 507 ipsos
1867 436 2040 506 bapti-

2152 441 2243 493 καὶ
2284 440 2380 508 τήν
2436 438 2628 509 τρίτην
2659 439 3143 510 ὲξορκιζομένους,
3172 440 3311 511 μετὰ
3340 440 3432 495 τοῦ
3464 445 3692 516 ὲμφυσᾷν

470 545 683 585 tamus.
731 526 1042 593 Quinetiam
1104 526 1454 593 Manicheos,
1509 535 1563 582 et
1611 527 2046 591 Valentinianos,

470 632 525 676 ct
572 620 977 680 Marcionistas,
1005 627 1060 672 ct
1087 618 1292 674 similes
1337 617 1646 673 hereticos.
1692 616 2048 673 Nestorianos

471 720 654 765 autem
700 716 923 780 oportet
972 708 1187 762 libellos
1238 709 1437 774 facere,
1489 715 1545 763 et
1594 707 1842 762 heresim
1892 722 2045 761 suam

470 800 982 864 anathematizare,
1028 808 1083 854 et
1121 799 1428 853 Nestorium
1456 840 1472 866 ,
1517 806 1569 854 et
1619 798 1937 868 Eutychen,
1994 807 2049 852 et

472 891 817 955 Dioscorum,
846 899 900 944 et
946 891 1231 952 Severum,
1259 899 1313 944 et
1361 890 1600 958 reliquos
1639 889 1829 943 talium
1876 890 2047 942 here-

469 997 599 1037 seon
632 964 935 1052 principes,
963 990 1015 1038 et
1044 982 1134 1052 qui
1168 983 1380 1047 eadem,
1412 996 1535 1052 que
1564 981 1668 1043 illi,
1693 981 2049 1042 sentiunt,~ct

467 1086 660 1127 ninncs
711 1072 1007 1142 predictas
1084 1071 1321 1126 hereses
1353 1111 1369 1137 ,
1418 1080 1472 1125 et
1528 1072 1609 1126 sic
1662 1086 1784 1127 esse
1839 1083 2042 1128 sancte

466 1163 874 1217 communionis
905 1163 1223 1231 participes.
1253 1161 1443 1233 Itaque
1482 1162 1639 1232 juxta
1671 1164 1899 1219 canonis
1944 1165 2046 1218 hu-

462 1251 554 1314 jus
590 1261 835 1305 tenorem
867 1252 959 1305 alii
992 1251 1212 1322 quidem
1261 1252 1501 1307 heretici
1551 1252 1771 1307 lavacro
1798 1254 2045 1309 sanctiﬁ-

468 1349 683 1404 cantur,
717 1342 806 1396 alii
840 1352 1022 1398 autem
1068 1354 1261 1399 sancto
1297 1344 1565 1399 duntaxat
1591 1354 1872 1416 unguento
1907 1360 2045 1401 con-

465 1438 773 1487 secrautur.

2148 532 2331 602 τρίτον
2356 533 2434 593 είς
2462 530 2518 583 τὸ
2542 533 2855 601 πρόσωπον,
2885 534 2980 587 καὶ
3005 536 3085 596 είς
3114 534 3180 587 τὰ
3237 529 3351 588 ὦτα
3373 549 3389 566 ⁸
3425 538 3516 590 καὶ
3542 538 3693 604 οὕτως

2151 619 2515 690 κατηχοῦμεν,
2547 622 2641 674 καὶ
2667 621 2926 693 ποιοῦμεν
2969 624 3239 694 χρονίζειν
3283 628 3364 689 είς
3394 627 3488 697 τὴν
3517 618 3694 698 ἐκκλη-

2153 711 2296 775 οίαν,
2322 712 2416 764 καὶ
2439 712 2742 781 ἀκροᾶσθαι
2775 712 2884 766 τῶν
2929 714 3162 783 Γραφῶν
3189 731 3203 744 ·
3245 715 3341 768 καὶ
3374 718 3490 770 τότε
3524 719 3698 784 αὐτοὺς

2153 800 2511 871 βαπτίζομεν.
2556 804 2664 855 Καὶ
2693 805 2820 866 τοὺς
2854 804 3191 873 Μανιχαίους
3227 803 3306 871 δὲ,
3339 807 3573 870 καὶτοὺς
3604 810 3696 860 Γα-

2150 891 2510 954 λεντινιανοὺς
2540 892 2608 956 ⁸⁸,
2629 894 2723 946 καὶ
2747 894 2873 957 τοὺς
2895 895 3350 965 Μαρκιωνιστάς,
3386 899 3475 949 καὶ
3506 900 3621 961 τοὺς
3648 901 3702 951 ὲκ

2151 979 2259 1032 τῶν
2282 979 2484 1049 ὁμοίων
2511 981 2799 1053 αἱρέσεων,
2846 981 2973 1046 τοὺς
3014 984 3439 1053 Νεστοριανοὺς,
3481 988 3579 1056 χρὴ
3601 1004 3705 1039 120t-

2148 1074 2227 1124 εἰν
2250 1071 2544 1137 λιϐἑλλους,
2578 1073 2673 1127 καὶ
2697 1074 3120 1143 ἀναθεματίζειν
3149 1077 3249 1144 τὴν
3284 1077 3496 1144 αἵρεσιν
3520 1079 3702 1141 αὐτῶν,

2144 1162 2241 1217 καὶ
2287 1164 2608 1233 Νεστὸριον,
2652 1166 2748 1218 καὶ
2801 1165 3065 1235 Εὑτυχέα,
3124 1167 3220 1218 καὶ
3273 1167 3579 1237 Διόσκορον,
3624 1169 3706 1219 καὶ

2141 1254 2403 1325 Σεϐῆρον,
2442 1256 2539 1309 καὶ
2590 1257 2713 1318 τοὺς
2757 1256 2976 1321 λοιποὺς
3013 1257 3276 1326 ἐξάρχους
3311 1257 3419 1309 τῶν
3468 1257 3704 1309 τοιούτων

2142 1346 2430 1415 αἱρέσεων,
2490 1346 2584 1399 καὶ
2620 1348 2747 1409 τοὺς
2779 1346 3113 1416 φρονοῦντας
3144 1348 3212 1399 τὰ
3252 1347 3456 1407 αὐτῶν.
3494 1350 3583 1400 καὶ
3612 1349 3701 1398 πά-

2142 1454 2239 1499 σας
2306 1438 2825 1507 προσαναφυομένας
2866 1440 3142 1508 αίρέσεις”
3175 1441 3272 1492 καὶ
3315 1438 3487 1502 οὕτως
3550 1455 3700 1507 μετα·

463 1523 762 1593 λαμϐάνειν
787 1526 883 1595 τῆς
923 1525 1084 1593 ἁγίας
1116 1526 1419 1589 κοινωνίας.
1456 1526 1614 1581 Κατὰ
1641 1527 1769 1595 γοῦν
1797 1527 1896 1597 τὴν
1927 1529 2020 1582 τοῦ
2059 1529 2301 1582 τοιούτου
2333 1522 2897 1600 κανόνοςπερίληψιν,
2968 1531 3017 1582 οἱ
3084 1529 3183 1599 μὲν
3219 1530 3332 1583 τῶν
3394 1529 3700 1600 αἱρεσιωτῶν

463 1618 550 1670 διὰ
597 1618 972 1689 βαπτίσματος
1007 1619 1345 1686 ἁγιάζονται,
1400 1622 1450 1673 οἱ
1490 1620 1548 1673 δὲ
1590 1620 1681 1675 διὰ
1735 1623 1898 1690 μόνου
1941 1623 2034 1675 τοῦ
2075 1624 2231 1691 ἁγίου
2266 1623 2437 1693 μύρου
2463 1623 2813 1677 τελειοῦνται.

538 1714 711 1769 Inter.
750 1714 841 1769 50.
880 1715 939 1768 Si
985 1716 1282 1772 hereticus
1331 1717 1589 1772 sacerdos
1638 1716 1726 1770 vel
1775 1716 2044 1773 diaconus
2076 1726 2118 1780 Β

464 1805 667 1873 dignus
720 1804 941 1862 habitus
990 1805 1177 1860 divino
1223 1814 1279 1861 et
1327 1817 1521 1862 sancto
1565 1806 1917 1876 baptismate,
1959 1806 2046 1862 vel

466 1910 566 1966 per
600 1880 848 1950 sanctam
882 1896 1194 1951 unctionem
1235 1897 1615 1953 sanctiﬁcatus
1657 1899 1749 1962 sit,
1787 1897 2045 1953 licebitne

464 1985 515 2039 ei
558 1999 718 2039 sacra
763 1983 944 2040 lacere
986 2000 1109 2039 cum
1146 1986 1331 2055 priore
1383 1988 1755 2051 ordinatione,
1802 1986 1871 2042 an
1912 2002 2044 2044 vero

466 2077 513 2130 si
553 2090 720 2133 sacra.
738 2076 1054 2132 ministrare
1081 2077 1230 2141 velit,
1280 2078 1566 2134 iterabitur
1593 2080 1714 2147 ejus
1741 2081 2046 2135 ordinatio?

540 2164 667 2220 Res.
701 2164 890 2220 Canon
930 2165 998 2221 80
1031 2176 1346 2222 sanctorum
1396 2171 1765 2238 apostolorum
1803 2185 1921 2237 eos,
1949 2170 2040 2241 qui

464 2274 534 2313 ex
574 2272 786 2329 pagana
831 2258 940 2312 vita
983 2258 1048 2313 ad
1092 2259 1453 2314 orthodoxam
1499 2260 1659 2316 ﬁdem
1697 2260 1961 2316 accedunt
1990 2270 2045 2316 et

467 2354 847 2426 baptizantur,
874 2353 1239 2424 episcopalem
1281 2354 1443 2409 etiam
1475 2352 1791 2425 dignitatem
1825 2370 2042 2423 prome-

467 2446 576 2499 reri
608 2444 820 2500 deﬁnit.
851 2443 1042 2499 Priorc
1086 2444 1253 2515 igitur
1295 2444 1605 2500 sacerdotio
1647 2460 1745 2514 pro
1775 2447 2040 2513 sacrilego

468 2537 679 2603 habito,
705 2547 759 2592 et
808 2551 906 2607 pro
953 2552 1061 2591 non
1113 2536 1282 2602 facto,
1313 2539 1358 2592 si
1406 2552 1532 2593 cum
1576 2540 1838 2592 canonica
1877 2538 2044 2593 disci-

465 2628 615 2697 plina
649 2627 947 2697 judicatus,
976 2628 1068 2697 qui
1107 2628 1189 2683 sic
1235 2627 1400 2681 fuerit
1424 2628 1768 2683 orthodoxus
1796 2627 2040 2693 cll‘cctus,

467 2729 522 2773 et
567 2735 688 2775 cum
740 2729 887 2775 esset
929 2718 1225 2788 aliquando
1265 2720 1527 2788 prolanus
1556 2718 1834 2785 sacerdos,
1865 2719 1919 2773 in
1946 2734 2043 2788 po.

467 2811 696 2865 steriorc
737 2812 847 2865 vita
893 2826 990 2866 sua
1045 2809 1430 2866 indemnabilis
1480 2809 1814 2880 apparuerit,
1845 2808 2043 2879 dignus

466 2911 758 2958 censeatur
800 2917 910 2956 non
957 2903 1286 2957 sacerdotali
1331 2902 1506 2956 solum
1536 2901 1822 2972 dignitate,
1855 2900 1950 2955 sed
1987 2907 2042 2954 et

2232 1717 2557 1786 Ἐρώτησις
2584 1716 2662 1771 λ’.
2708 1717 2835 1771 Ἐὰν
2873 1718 3164 1788 αίρετικὸς,
3225 1717 3426 1788 ἱερεὺς,
3469 1717 3500 1787 ἢ
3535 1718 3699 1770 διάκοσ-

2152 1826 2260 1873 νος,
2296 1807 2499 1879 ἀξιωθῇ
2526 1806 2621 1861 τοῦ
2673 1807 2820 1860 θείου
2847 1809 2940 1861 καὶ
2963 1809 3122 1875 ἁγίου
3150 1809 3598 1878 βαπτίσματος,ἢ
3624 1809 3700 1860 διὰ

2150 1898 2239 1953 τοῦ
2269 1898 2424 1967 ἁγίου
2463 1898 2637 1970 μύρου
2673 1899 2945 1970 ἁγιασθῇ,
2994 1901 3203 1952 ἐσεῖται
3245 1901 3539 1970 ἱερουργῶν
3576 1901 3698 1966 μετὰ

2149 1991 2247 2060 τῆς
2280 1990 2550 2060 προτέρας
2580 1990 2917 2061 χειροτονίας
2958 1989 3145 2055 αὐτοῦ,
3179 1990 3212 2060 ἢ
3244 1990 3437 2060 ἐτέρας
3465 1990 3698 2058 ἀξιωθείη

2150 2081 2506 2151 χειροτονίας,
2533 2080 2628 2133 ἐὰν
2657 2079 2860 2153 θελήσῃ
2889 2081 3225 2150 ίερουργεῖνς

2238 2171 2358 2223 ‘An.
2401 2168 2462 2223 '0
2479 2169 2590 2222 τῶν
2623 2169 2796 2237 ἁγίων
2847 2170 3162 2223 ἀποστόλων
3195 2166 3249 2223 π’
3279 2170 3459 2224 κανὼν
3498 2172 3614 2233 τοὺς
3649 2171 3701 2233 ἐξ

2149 2261 2362 2315 ἐθνικοῦ
2395 2262 2511 2332 βίου
2540 2261 2937 2330 προσελθόντας
3000 2265 3065 2332 τῇ
3104 2263 3374 2333 ὀρθοδόξῳ
3410 2263 3580 2316 πίστει
3616 2264 3700 2314 καὶ

2150 2351 2561 2422 βαπτισθέντας,
2588 2352 2683 2405 καὶ
2706 2352 3065 2405 ὲπισκοπικοῦ
3091 2354 3408 2423 ἀξιώματος
3437 2352 3699 2418 καταξιοῦο

2150 2442 2274 2495 σθαι
2298 2442 2609 2512 διορίζεται.
2633 2443 2745 2513 Τῆς
2774 2442 2905 2510 γοῦν
2936 2442 3214 2511 προτέρας
3249 2442 3557 2512 ἱερωσύνης,
3585 2456 3696 2509 μια-

2154 2535 2401 2604 ρωσύνης
2458 2533 2839 2602 νομιζομένης,
2866 2534 2959 2586 καὶ
2980 2533 3053 2596 ὡς
3078 2534 3153 2604 μὴ
3193 2536 3482 2604 γινομένης
3508 2534 3695 2600 λογιζο-

2152 2625 2341 2694 μένης,
2383 2623 2477 2676 ὲάν
2527 2624 2665 2692 μετὰ
2696 2625 2793 2693 τῆς
2825 2625 3117 2694 κανονικῆς
3157 2625 3451 2696 ἀκριϐείας
3485 2626 3694 2694 ἀνακρι-

2151 2716 2368 2785 νόμενος
2402 2717 2430 2769 ὁ
2456 2715 2627 2778 οὕτως
2655 2715 3036 2787 ὀρθοδοξήσας,
3089 2715 3187 2768 καὶ
3227 2717 3302 2770 ὢν
3333 2710 3457 2770 mis
3491 2714 3695 2784 βέϐηλος

2150 2802 2351 2871 ἱερεὺς,
2407 2804 2536 2872 περὶ
2579 2802 2674 2854 τοῦ
2713 2805 2942 2874 ὑστέρου
2981 2804 3147 2858 αὐτοῦ
3196 2806 3314 2874 βίου
3349 2806 3693 2875 ἀκατάκριτος

2147 2895 2463 2965 ἀναφανείη.
2493 2894 2747 2964 ἀξιωθείη
2772 2896 2831 2947 ού
2869 2896 3029 2965 μόνον
3059 2897 3339 2967 ἱερατικοῦ
3385 2895 3690 2965 ἀξιώματος,

465 2993 788 3063 episcopali,
821 3007 919 3062 per
944 3000 1241 3049 consuetos
1269 2992 1496 3048 omnino
1521 2992 1722 3063 gradus
1749 2991 1816 3046 ad
1847 2994 2040 3046 docto-

2147 2985 2281 3038 ἀλλά
2329 2986 2422 3037 καὶ
2472 2986 2852 3049 ἔπισκοπικοῦ,
2903 2987 2993 3040 διὰ
3043 2987 3156 3040 τῶν
3210 2988 3454 3058 συνήθων
3498 2988 3690 3047 πάντωι³

465 3082 602 3135 riam
635 3091 920 3151 promotus
944 3080 1357 3136 sublimitatem.

541 3171 712 3227 Inter.
765 3173 853 3227 3|.
904 3171 963 3227 Si
1012 3171 1274 3235 heretici,
1329 3171 1422 3241 qui
1476 3171 1542 3225 ad
1607 3171 2035 3226 orthodoxorum

468 3264 631 3319 fidem
679 3266 933 3329 accessit,
979 3279 1119 3319 uxor
1164 3275 1218 3320 et
1256 3266 1436 3326 liberi.
1471 3266 1555 3320 vel
1584 3267 1747 3321 etiam
1784 3268 1872 3320 alii
1917 3268 2036 3335 ejus

467 3352 769 3408 familiares
807 3361 863 3408 et
908 3354 1219 3419 domestici,
1264 3370 1374 3409 non
1418 3356 1550 3409 (iant
1595 3356 1909 3422 orthodoxi,
1942 3356 2035 3411 3rd

467 3444 776 3497 inbereant
820 3444 991 3514 priori
1041 3444 1258 3510 heresi,
1306 3461 1376 3501 an
1423 3447 1801 3517 prohibebitur
1843 3449 1913 3514 is,
1943 3451 2036 3518 qni

468 3543 551 3599 (ut
580 3537 845 3607 diximus)
895 3537 1223 3607 baptismate
1255 3538 1502 3594 initiatus
1547 3550 1653 3605 est,
1686 3541 1751 3595 ad
1779 3541 2039 3597 sacerdo-

430 3628 629 3687 _mlcm
678 3628 758 3682 vel
802 3629 1121 3698 episcOpum
1168 3631 1467 3686 ascendere
1506 3630 1734 3700 gradum
1762 3648 1784 3711 _:
1811 3645 1879 3685 an
1909 3647 2038 3686 vero

470 3729 692 3788 propter
738 3719 954 3775 illorum
989 3722 1250 3777 malitiam
1298 3732 1355 3778 et
1388 3723 1501 3792 ipse
1544 3724 1637 3779 tali
1676 3724 1821 3779 bono
1859 3724 2039 3794 privao

469 3809 650 3864 titur?

536 3899 657 3954 Res.
719 3900 909 3958 Canon
959 3903 1180 3973 quidem
1225 3904 1295 3962 39
1345 3905 1539 3978 synodi
1589 3907 2037 3979 Carthaginiensis

472 3991 569 4056 ait,
602 3984 675 4049 ut'
689 3994 954 4066 episcopi,
983 4005 1039 4052 et
1068 3998 1391 4069 presbyteri,
1423 4009 1476 4053 et
1501 3999 1727 4077 diaconi
1747 4016 1854 4056 non
1886 4002 2037 4058 ordi-

460 4092 686 4151 nentur,
722 4087 1042 4157 priusquam
1073 4102 1267 4145 omnes
1294 4089 1386 4158 qui
1413 4099 1542 4145 sunt
1574 4093 1626 4145 in
1654 4095 1772 4148 suis
1802 4094 2035 4158 edibus,

462 4176 813 4232 Christianos
874 4177 1215 4235 orthodoxos
1284 4179 1535 4237 fecerint.
1599 4183 1785 4239 Canon
1853 4192 2036 4240 autem

459 4266 532 4321 72
571 4277 778 4323 sancte
811 4276 866 4323 et
905 4272 1259 4325 ecumenice
1288 4272 1343 4327 in
1375 4271 1566 4329 Trullo
1602 4274 1797 4346 synodi
1838 4275 1952 4331 haec
1981 4275 2035 4329 in

2069 3065 2112 3124 C
2146 3078 2370 3148 βαθμῶν
2404 3081 2483 3141 είς
2518 3079 2576 3130 τὺ
2611 3078 2983 3132 διδασκαλικὸν
3016 3079 3150 3149 ὕψος
3184 3079 3533 3150 ἀναγόμενος.

2221 3167 2543 3237 Ἐρώτησις
2569 3167 2680 3222 λα’.
2715 3168 2838 3221 Ἐὰν
2870 3170 2962 3221 τοῦ
3009 3170 3397 3238 προσελθόντος
3423 3173 3487 3239 τῇ
3528 3167 3690 3221 πίστει

2140 3259 2246 3312 τῶν
2273 3260 2566 3330 ὀρθοδόξων
2588 3260 2865 3329 αἱρετικοῦ
2890 3263 2920 3329 ἡ
2952 3261 3115 3331 γυνὴ,
3155 3262 3250 3314 καὶ
3277 3264 3326 3314 οἱ
3348 3256 3542 3325 παῖδες,
3561 3259 3592 3329 ἢ
3609 3257 3690 3310 καὶ

2138 3351 2313 3423 ἕτεροι
2339 3351 2510 3418 τούτῳ
2533 3350 2799 3403 συνέστιοι
2821 3352 2916 3404 καὶ
2955 3353 3335 3419 συγκάτοικοι,
3367 3353 3464 3405 οὺκ
3499 3349 3690 3419 ὀρθοδα-

2140 3443 2411 3512 ξήσουσιν,
2460 3440 2574 3494 ἀλλ’
2604 3440 2876 3511 ὲξέχονται
2902 3443 3000 3511 τῆς
3034 3445 3310 3514 προτέρας
3339 3442 3608 3515 αἱρέσεως,
3635 3438 3686 3489 οὑ

2140 3535 2507 3606 κωλυθήσεται
2540 3537 2572 3589 ὁ
2623 3536 2952 3602 τελειωθεὶς,
2998 3538 3074 3601 ὡς
3100 3539 3343 3608 εἴρηται,
3372 3538 3456 3591 διὰ
3487 3536 3576 3588 τοῦ
3606 3531 3688 3601 βας

2138 3627 2482 3695 πτίσματος,
2541 3629 2619 3690 είς
2672 3629 2950 3697 ἱερατικὸν
3000 3627 3211 3697 βαθμὸν
3265 3629 3298 3700 ἢ
3356 3622 3687 3680 ὲπισκοπικδν

2138 3717 2382 3772 ἀνελθεῖν
2409 3734 2421 3747 ·
2463 3718 2497 3788 ἢ
2520 3717 2606 3771 διὰ
2628 3716 2724 3786 τὴν
2750 3718 2972 3772 ἐκείνων
3007 3719 3207 3771 κακίαν
3236 3719 3329 3772 καὶ
3356 3711 3686 3777 αὐτὺςτοσού-

2138 3826 2232 3863 του
2258 3807 2458 3876 ἀγαθοῦ
2493 3808 2843 3878 ἀποστερηθῇ
2870 3826 2883 3870 ς

2223 3902 2348 3955 Ἄπι.
2420 3899 2478 3954 ὐ
2519 3899 2619 3967 μὲν
2661 3898 2750 3964 λς’
2782 3898 2959 3953 κανὼν
2986 3900 3084 3969 τῆς
3111 3901 3168 3954 ὲν
3217 3899 3539 3971 Καρθαγένῃ
3574 3910 3683 3945 aw-

2138 3991 2282 4055 όδου,
2315 3991 2502 4060 φησὶν,
2536 3990 2869 4042 Ἐπίσκοπον
2895 3991 2989 4044 καλ⁵
3024 3989 3393 4060 πρεσϐύτερον
3422 3988 3512 4043 καὶ
3530 3985 3683 4038 διάκο-

2138 4098 2227 4134 νον
2259 4080 2333 4149 μὴ
2371 4079 2796 4151 χειροτονεῖσθαι
2840 4080 2972 4150 πρὶν
3009 4082 3221 4144 πάντας
3242 4082 3366 4144 τοὺς
3387 4082 3443 4133 ὲν
3466 4077 3536 4146 τῷ
3562 4075 3681 4138 οίκῳ

2138 4173 2316 4228 αὐτῶν
2344 4174 2651 4245 ὀρθοδόξους
2677 4175 3036 4242 Χριστιανοὺς
3061 4176 3402 4247 ποιήσουσιν.
3463 4171 3519 4225 '0
3552 4168 3605 4221 δὲ
3639 4160 3679 4232 β’

2138 4262 2320 4320 κανὼν
2357 4266 2457 4335 τῆς
2500 4266 2557 4317 ὲν
2595 4265 2673 4335 τῷ
2713 4265 2968 4337 Τρούλλιρ
3006 4266 3169 4334 ἁγίας
3200 4267 3296 4320 καὶ
3318 4257 3679 4332 οίκουμενικῆς

458 4368 619 4430 parte
673 4359 868 4415 deﬁnit
917 4361 1221 4431 expressim
1281 4378 1295 4415 :
1346 4362 1402 4431 Si
1455 4373 1638 4420 autem
1696 4366 1888 4435 aliqui,
1942 4364 2036 4434 qui

2143 4356 2358 4411 συνόδου
2379 4357 2672 4426 διορίζεται
2701 4359 2758 4409 ὲν
2784 4358 2942 4427 μέρει
2968 4358 3142 4411 ταῦτα
3170 4358 3368 4429 ῥητῶς.
3391 4355 3450 4407 Εί
3474 4352 3526 4404 δέ
3551 4361 3678 4440 τινες

464 4451 649 4505 adhuc
691 4459 820 4506 sunt
868 4452 1136 4517 inﬁdeles,
1166 4462 1221 4509 et
1263 4454 1317 4508 in
1361 4455 1790 4511 orthodoxorum
1818 4471 2032 4526 gregem

457 4538 705 4594 nondum
740 4541 899 4596 relati
938 4551 1089 4607 'suut,
1121 4542 1259 4599 inter
1305 4559 1364 4599 se
1410 4545 1653 4614 legitimo
1686 4553 1813 4601 sunt
1842 4545 2033 4599 matri-

458 4631 650 4686 monio
690 4632 974 4701 conjuncti
1024 4651 1038 4688 :
1083 4633 1282 4690 deinde
1328 4636 1419 4690 hic
1469 4634 1688 4706 quidem
1735 4649 1841 4701 eo,
1887 4636 2032 4704 quod

457 4731 545 4778 est
580 4723 867 4778 honestum
883 4732 934 4790 τι,
969 4726 1169 4792 electo,
1201 4726 1266 4781 ad
1299 4728 1469 4782 lucem
1498 4727 1749 4782 veritatis
1777 4740 2031 4781 accurre-

454 4813 528 4867 rit
572 4830 587 4866 :
636 4813 728 4868 ille
753 4827 885 4869 vero
922 4815 1135 4872 erroris
1161 4815 1381 4871 vinculo
1417 4816 1672 4870 detentus
1705 4813 1891 4879 fuerit,
1929 4829 2030 4868 no-

454 4904 579 4957 lens
629 4903 848 4961 divinos
900 4906 1088 4962 radios
1132 4905 1255 4961 ﬁxis
1299 4905 1476 4960 oculis
1533 4905 1753 4969 intueri,
1793 4911 1848 4959 et
1886 4904 2028 4959 ﬁdeli

457 4994 670 5063 placeat
716 5009 841 5049 cum
889 4995 1095 5051 inﬁdeli
1143 4995 1479 5058 cohabitare,
1541 5009 1611 5050 ne
1640 5010 1669 5050 a
1703 5010 1763 5051 se
1796 4995 2029 5050 invicem

461 5092 810 5150 separentur.
841 5081 922 5137 Ex
953 5084 1122 5139 divini
1148 5085 1290 5139 enim
1319 5082 1472 5138 Pauli
1504 5085 1792 5148 sententia,
1826 5085 2030 5139 sancti-

459 5172 655 5229 ﬁcatus
672 5184 757 5230 est
776 5176 861 5230 vir
894 5175 1132 5231 inﬁdelis
1158 5176 1212 5229 in
1235 5176 1484 5238 muliere,
1505 5184 1559 5229 et
1586 5175 1921 5231 sanctiﬁcata
1945 5184 2031 5232 est

464 5263 665 5319 mulier
692 5264 928 5321 inﬁdelis
957 5265 1013 5320 in
1046 5266 1185 5319 viro.
1215 5265 1666 5321 Contrarietatcm
1694 5266 1861 5335 igitur
1885 5266 2019 5320 duo-

457 5368 577 5406 rum
630 5369 923 5421 canonum,
969 5371 1091 5426 que
1140 5369 1265 5412 esse
1312 5356 1549 5422 videtur,
1598 5346 1859 5413 canonice
1910 5355 2024 5410 sol-

2139 4444 2221 4501 E-ct
2258 4446 2316 4498 ἐν
2353 4447 2420 4516 τῇ
2453 4445 2678 4517 ἀπιστίᾳ
2727 4446 3105 4516 τυγχάνοντες,
3151 4449 3245 4500 καὶ
3300 4444 3448 4498 οὔπω
3489 4442 3550 4508 τῇ
3583 4434 3677 4487 τῶν

2133 4534 2429 4604 ὀρθοδόξων
2475 4534 2936 4602 ὲγκαταλεγέντες
2968 4535 3193 4605 ποίμνῃ,
3248 4532 3492 4601 ἀλλήλοις
3530 4525 3675 4593 γάμῳ

2132 4626 2350 4697 νομίμῳ
2391 4627 2748 4698 ήρμόσθησαν
2775 4643 2792 4659 ⁸
2824 4622 2943 4680 είτα
2973 4628 3002 4680 ό
3033 4629 3133 4697 μὲν
3184 4630 3248 4681 τὸ
3291 4625 3450 4680 καλὸν
3479 4617 3675 4680 ἐκλεξὰ-

2136 4733 2315 4788 μενος.
2360 4717 2437 4785 τῷ
2485 4716 2626 4784 φωτὶ
2665 4716 2763 4786 τῆς
2806 4715 3064 4786 ἀληθείας
3131 4719 3501 4788 προσέδραμεν
3528 4728 3542 4742 °
3573 4709 3599 4759 ὁ
3627 4705 3675 4756 δὲ

2132 4808 2237 4861 ὑπὸ
2264 4807 2358 4861 τοῦ
2386 4807 2486 4877 τῆς
2511 4806 2719 4875 πλάνης
2746 4807 3054 4877 κατεσχέθη
3079 4809 3299 4877 δεσμοῦ,
3332 4807 3405 4875 μὴ
3432 4804 3560 4872 πρὸς
3580 4798 3674 4881 ,τὰς

2133 4897 2280 4961 θείας
2328 4897 2572 4951 ἀτενίσαι
2618 4899 2841 4959 ἀκτῖνας
2896 4899 3149 4966 ἐλόμενος
3173 4916 3190 4932 ο
3256 4896 3463 4951 εὐδοκεί
3504 4892 3558 4943 δὲ
3603 4883 3672 4950 τῷ

2132 4986 2309 5056 πιστῷ
2332 4988 2367 5057 ἡ
2400 4987 2648 5051 ἄπιστος,
2682 4988 2715 5058 ἦ
2744 4987 2805 5040 τὸ
2838 4986 3065 5042 ἔκπαλιν
3100 4988 3381 5046 ό,ἀπιστος
3428 4972 3671 5033 συνοικεῖν

2130 5082 2197 5150 τῇ
2241 5080 2406 5149 πιστῆ
2439 5095 2454 5109 ⁸
2497 5077 2572 5148 μὴ
2600 5077 2942 5148 χωριζέσθω,
2973 5079 3114 5131 κατὰ
3161 5078 3260 5141 τὸν
3299 5077 3433 5128 θεῖον
3456 5066 3670 5123 ἀπόστο-

2131 5170 2241 5223 λον.
2311 5168 2600 5236 Ἦγίασται
2646 5170 2755 5238 γὰρ
2783 5171 2811 5220 ό
2843 5167 3071 5232 ἄπιστος
3103 5170 3240 5238 ἀνὴρ
3270 5168 3325 5219 ὲν
3353 5164 3416 5233 τῇ
3446 5149 3669 5229 γυναικὶ»

2139 5261 2173 5330 ἢ
2208 5260 2464 5329 ἡγίασται
2497 5260 2530 5329 ἢ
2564 5258 2791 5321 ἄπιστος
2820 5259 2957 5329 γυνὴ
2997 5261 3055 5313 ἐν
3088 5258 3165 5328 τῷ
3202 5256 3376 5325 ἀνδρί.
3414 5249 3520 5318 Τὴν
3548 5244 3664 5330 ἀνα-

2134 5350 2464 5421 φαινομένην
2506 5348 2598 5403 οὖν
2625 5351 2973 5421 ἐναντιότητα
3029 5350 3137 5403 τῶν
3169 5349 3260 5403 δύο
3300 5343 3493 5399 τούτων
3521 5326 3664 5387 κανό-

1746 5507 1986 5563 VARIA'J
2016 5503 2434 5564 LECTIUNES.

531 5600 574 5631 ⁸⁸
600 5596 1058 5661 Βαλιντινιανούς.

530 5717 722 5784 ειᾳιιοά
769 5716 957 5769 bonum
1008 5724 1104 5768 est.
