4020 6392
383 324 488 403 ςεδ

1202 337 1586 398 ltESI’ONSA
1632 338 1731 396 AD
1775 294 2512 398 m'rsnnoentoxss
2551 330 2808 395 MABCL

3494 326 3599 390 936

377 481 485 516 νων
525 459 821 522 κανονικῶς
841 462 1080 525 λύοντες,
1111 459 1337 527 λέγομεν
1367 463 1466 524 ὅτι,
1499 461 1526 510 ὀ
1552 462 1646 526 μὲν
1680 462 1742 512 ἐκ
1789 475 1939 526 γενε-
1969 498 1981 520 λ

2064 468 2253 520 rentes,
2293 458 2529 513 dicimus
2561 474 2709 523 eum,
2745 458 2836 525 qui
2877 470 3000 510 cum
3033 469 3064 509 a
3095 453 3377 511 nativitate
3408 455 3600 510 ortho-

378 557 477 622 τῆς
526 552 601 605 ὢν
638 554 910 623 ὀρθόδοξος
939 594 953 619 ,
1021 552 1157 622 μετά
1197 553 1451 618 γυναικὸς
1496 551 1770 620 αἱρετικῆς
1817 568 1941 602 συν-

378 648 590 710 αφθεὶς,
628 645 726 697 οὐκ
754 642 1009 713 ἀξιωθείη
1040 641 1387 712 κληρώσεως,
1422 642 1469 693 εί
1503 641 1576 710 μὴ
1611 640 1702 693 καὶ
1731 641 1853 703 τοὺς
1884 642 1942 693 ὲν

379 738 456 807 τῷ
493 738 626 807 οἴκῳ
656 736 818 790 αὑτοῦ
850 734 1063 803 ποιήσει
1084 733 1394 800 ὀρθοῶξους
1421 730 1773 800 Χριστιανούς
1796 746 1811 762 ’
1859 730 1940 783 ὅτι

380 828 474 878 καὶ
530 827 626 894 τῆς
680 821 1135 893 ὲκκλησιαστικῆς
1181 820 1587 889 κεχωρισμένος
1646 817 1761 869 ἐστὶ
1818 835 1941 869 συν-

380 920 572 982 agam,
601 917 673 977 ὡς
701 918 764 985 τῇ
792 913 883 967 τοῦ
915 911 1148 982 Χριστοῦ
1184 911 1357 979 μερίδι
1401 908 1711 977 συμπλέξας
1745 907 1944 975 κλῆρον

379 1007 719 1076 ἁμαρτωλὸν.
794 1006 851 1057 '0
902 1004 961 1057 δὲ
1011 1001 1335 1070 αἱρεσιώτης
1386 998 1463 1052 ῶν
1505 1001 1569 1052 ἐκ
1618 999 1944 1068 σπαργάνων

380 1098 578 1160 αὐτῶν,
606 1097 701 1148 ἐὰν
739 1095 834 1165 τὴν
856 1093 1132 1165 ὀρθὸδοξον
1159 1093 1340 1145 πίστιν
1360 1092 1672 1160 προέληται,
1696 1090 1938 1155 δικαίως,

379 1192 475 1242 ἐὰν
507 1187 614 1241 ἀπό
645 1202 789 1248 τινος
839 1186 1024 1253 ἑτέρου
1074 1184 1232 1251 λόγου
1279 1183 1376 1234 οὐκ
1416 1181 1799 1257 ἐμποδίζηται,
1830 1197 1943 1248 χει-

384 1282 626 1350 ροτονίας
670 1278 924 1346 ἀξιωθείη
984 1277 1280 1346 ἱερατικῆς.
1318 1275 1381 1325 Τί
1418 1275 1526 1343 γὰρ
1579 1269 1745 1350 οἶδας,
1782 1273 1945 1342 φησιν

382 1347 412 1425 δ
469 1373 640 1440 μέγας
695 1367 1034 1427 Ἀπόστολος,
1072 1365 1166 1418 ἐὰν
1196 1367 1223 1418 ὁ
1276 1365 1462 1427 πιστὸς
1513 1347 1793 1433 μεταγάγῃ
1846 1362 1947 1429 τὴν

384 1462 609 1515 ἄπιστον
637 1458 865 1524 σύζυγον
887 1456 1050 1509 αὐτοῦ
1080 1457 1215 1527 πρὸς
1242 1454 1339 1525 τὴν
1384 1456 1600 1519 πίστινς
1637 1452 1824 1516 Καλῶς
1854 1448 1946 1505 οὖν

385 1552 520 1610 osi;
552 1549 649 1618 τὴν
705 1547 982 1618 ὀρθόδοξον
1039 1546 1217 1598 πίστιν
1273 1543 1443 1597 ἐλθὼν
1495 1543 1602 1598 ἀπὸ
1652 1542 1983 1612 θρησκείας·

387 1640 706 1711 αἱρετικῶν,
743 1638 883 1690 κατὰ
916 1636 1144 1698 κανόνας
1182 1635 1438 1706 ἀξιωθείη
1470 1633 1777 1704 ἀξιώματος
1805 1635 1948 1704 ίερα·

387 1731 560 1796 τικοῦ,
602 1731 700 1784 κᾶν
741 1729 815 1800 μὴ
858 1728 1280 1798 όρθοδοξῇσωσιν
1309 1728 1343 1797 ἡ
1390 1727 1526 1796 γυνὴ
1569 1726 1660 1778 atati.
1687 1724 1753 1778 τά
1784 1725 1949 1777 τέκνα

388 1840 570 1875 αυτου.

472 1913 669 1979 Ἐρώτ.
738 1911 836 1977 λβ’.
923 1909 1445 1981 Ἀπροκριμάτιστόν
1504 1907 1620 1959 ἐστι
1681 1905 1950 1959 τελεῖσθαι

388 2006 590 2059 τέκνων
619 2004 883 2073 ἀναδοχάς
934 2003 1020 2055 διὰ
1052 2003 1310 2066 Λατίνων,
1352 2001 1671 2071 Ἀρμενίων,
1718 1998 1952 2054 Μονοθε-

390 2096 587 2166 λητῶν,
634 2092 1033 2161 Νεστοριανῶν,
1069 2093 1160 2147 καὶ
1185 2091 1384 2145 λοιπῶν
1415 2090 1671 2144 τοιούτων
1698 2107 1712 2122 ·
1742 2090 1776 2160 ἢ
1815 2090 1952 2156 μᾶλο

389 2190 479 2239 λον
507 2185 732 2255 μισητόν
757 2185 850 2236 καὶ
881 2185 1287 2251 ἀποτρόπαιονς

462 2276 658 2328 Ἁπόκ.
695 2275 767 2324 Τ).
821 2270 864 2338 β’
918 2272 1194 2341 θέσπισμα
1241 2270 1333 2323 τοῦ
1388 2276 1419 2322 ι’
1450 2268 1742 2337 κεφαλαίου
1773 2265 1866 2320 τοῦ
1905 2263 1951 2319 α’

390 2370 570 2421 τίτλου
604 2368 696 2419 τοῦ
752 2366 800 2420 α’
857 2366 1059 2436 βιϐλίου
1116 2365 1224 2416 τῶν
1262 2362 1607 2428 Βασιλικῶν;
1649 2358 1953 2433 Αίρετικδς,

396 2461 583 2531 φησὶν,
621 2461 758 2522 ἐστὶ,
796 2458 891 2511 καὶ
918 2460 1029 2520 τοῖς
1055 2455 1197 2509 κατὰ
1226 2472 1333 2509 των
1360 2452 1648 2525 αίρετικῶν
1676 2452 1956 2506 ὑπόκειται

394 2553 609 2621 νόμοις,
669 2551 697 2602 ὁ
756 2550 948 2620 μικρὸν
998 2548 1128 2616 γοῦν
1160 2545 1418 2600 ἐκκλίνων
1440 2547 1537 2616 τῆς
1559 2540 1837 2614 ὁρθοόόξου
1867 2542 1958 2594 πί·-

399 2660 587 2705 στεως.
658 2642 808 2693 Ἐπεὶ
856 2640 984 2709 γοῦν
1013 2641 1211 2701 πάντες
1257 2640 1305 2691 οί
1344 2635 1818 2707 άπαριθμηθέντες
1875 2635 1956 2697 εἰς

352 2727 360 2735 ’
394 2735 495 2804 τὴν
548 2733 828 2805 παροῦσαν
871 2733 1159 2804 ἐρώτησιν,
1211 2731 1269 2783 οὐ
1310 2728 1397 2782 διά
1453 2727 1670 2798 μικρὸν,
1700 2725 1833 2781 ἀλλὰ
1868 2725 1956 2780 διὰ

398 2826 603 2885 πλάτος
641 2824 785 2894 μέγα
821 2824 913 2876 καὶ
941 2821 1329 2889 δυσδιεξίτητον
1357 2821 1423 2872 ὲκ
1464 2817 1565 2887 τῆς
1596 2816 1705 2869 τῶν
1745 2814 1958 2886 690056-

401 2919 505 2981 ξων
555 2914 879 2985 Ἐκκλησίας
910 2911 1353 2981 άπεξενώθησαν,
1383 2909 1600 2969 πάντως
1632 2905 1752 2960 οὐδὲ
1797 2904 1959 2975 χάριν

399 3009 666 3078 ἁναδοχῆς
713 3007 919 3060 παίδων
970 3001 1357 3074 πνευματικῶν
1415 2996 1845 3070 μεσιτευομένης
1888 2996 1957 3050 δι’

402 3099 569 3168 ἁγίων
599 3097 772 3168 εὐχῶν
801 3097 894 3150 καὶ
916 3094 1267 3165 άγιασμάτων
1299 3091 1527 3154 πολλῶν,
1570 3090 1700 3160 ἡμῖν
1733 3103 1956 3157 συγκοι-
1986 3119 2030 3180 c

403 3192 733 3259 νωνήσουσιν
762 3201 775 3215 ⁸
812 3187 898 3238 ἵνα
949 3186 1024 3255 μὴ
1067 3185 1162 3238 καὶ
1207 3184 1360 3236 αὐτοὶ
1405 3179 1766 3249 άκοινωνησίᾳ
1790 3195 1960 3231 κατα-

405 3277 704 3347 κριθῶμεν,
737 3277 876 3329 κατὰ
904 3276 995 3328 τὸν
1027 3274 1243 3335 κανόνα,
1274 3272 1363 3324 τὸν
1389 3270 1635 3339 λέγοντα,
1681 3268 1741 3321 '0
1762 3283 1955 3321 κοινω-

406 3371 510 3421 νῶν
541 3370 904 3439 ἁκοινωνήτῳ,
939 3368 1031 3419 καί
1067 3365 1226 3427 αὐτὸς
1267 3360 1625 3430 ἀκοινώνητός
1653 3361 1818 3412 ἐστιν.

488 3458 684 3528 Ἕρώτ.
747 3460 848 3527 λγ’.
912 3454 1212 3527 Ὀρθόδοξοι
1287 3455 1541 3520 γυναῖκες
1607 3449 1964 3501 συνάπτονται

407 3552 546 3620 τάχα
574 3549 824 3621 γαμικῶς
870 3547 1004 3617 μετὰ
1034 3542 1385 3616 Σαρακηνῶν,
1418 3540 1451 3611 ἦ
1488 3540 1581 3592 καὶ
1607 3534 1963 3607 αἱρεσιωτῶν,

409 3645 505 3697 καὶ
538 3643 800 3704 θέλουσιν,
834 3640 908 3702 ὡς
939 3634 1335 3708 ὁρθοδοξοῦσαι,
1371 3629 1551 3693 καθὼς
1586 3627 1964 3689 διενίστανται,

414 3733 848 3804 μεταλαμϐάνειν
904 3730 1013 3782 τῶν
1061 3727 1218 3780 θείων
1264 3721 1652 3791 άγιασμάτωνο
1696 3715 1968 3786 ζητοῦμεν

409 3824 501 3878 οὖν
528 3823 588 3875 τὺ
613 3823 859 3891 ποιητέον
889 3819 1099 3888 μαθεῖν.

493 3915 687 3971 Ἀπόκ.
730 3914 790 3966 Ὅ
819 3911 857 3966 o'
891 3910 1069 3964 κανὼν
1105 3908 1203 3977 τῆς
1246 3908 1303 3959 ἐν
1356 3904 1433 3974 τῷ
1463 3899 1714 3972 Τρούλλῳ
1754 3896 1969 3952 συνόδου

411 4008 585 4062 ταῦτά
614 4023 747 4076 φησι
771 4020 785 4034 °
840 4002 929 4072 Μὴ
964 3999 1160 4065 ἐξεῖναι
1199 3994 1475 4066 ὀρθόδοξον
1507 3991 1673 4062 ἄνδρα
1722 3988 1968 4060 αἱρετικῇ

416 4098 779 4152 συνάπτεσθαι
803 4092 1038 4162 γυναικὶ,
1068 4090 1206 4160 μήτε
1236 4083 1492 4155 αἱρετικῷ
1516 4082 1667 4150 ἀνδρὶ
1696 4076 1973 4149 ὁρθόδοξον

413 4190 646 4263 γυναῖκα
685 4182 1102 4251 συζεύγνυσθαι.
1157 4176 1298 4230 Ἀλλ’
1339 4177 1387 4227 εἰ
1437 4174 1530 4226 καὶ
1558 4172 1700 4239 φανῇ
1734 4166 1973 4221 τοιοῦτον

415 4257 521 4331 ima
539 4292 683 4337 τινος
715 4273 821 4326 τῶν
851 4271 1105 4325 ἁπάντων
1128 4266 1431 4336 γινόμενον,
1460 4261 1661 4330 ἄκυρον
1686 4257 1777 4311 τὸν
1799 4258 1974 4325 γάμον

416 4363 701 4435 ἡγεῖσθαι,
742 4360 837 4414 καὶ
877 4358 938 4412 τδ
981 4357 1220 4425 ἄθεσμον
1261 4348 1567 4406 διαλύεσθαι
1621 4345 1974 4400 συνοικέσιον.

2046 549 2220 609 doxus
2249 558 2413 611 esset,
2441 562 2563 601 cum
2598 548 2850 602 haeretica
2877 546 3102 601 muliere
3131 545 3457 614 coniunctus
3491 552 3601 609 est,

2046 640 2271 710 dignum
2306 654 2410 693 non
2450 640 2684 702 censeri,
2716 641 2809 708 qui
2842 639 2896 692 in
2945 638 3154 692 clerum
3186 638 3468 704 allegatur,
3495 636 3599 690 nisi

2047 730 2377 785 domesticos
2415 742 2546 784 suos
2580 743 2771 783 omnes
2799 728 3140 783 Christianos
3188 725 3378 780 fecerit
3418 725 3604 779 ortho-

2049 822 2219 876 doxos
2250 838 2264 875 :
2300 820 2425 889 quia
2464 830 2516 875 et
2550 819 2619 875 ab
2649 820 3021 875 ecclesiastica
3051 826 3136 874 est
3176 826 3417 891 remotus
3454 832 3603 871 com-

2048 912 2328 976 munione,
2358 919 2542 980 utpote
2574 911 2666 980 qui
2693 910 2894 964 Christi
2943 909 3191 980 partibus
3243 908 3601 977 peccatricem

2050 1007 2252 1054 sortem
2284 1001 2645 1067 implexuerit.
2679 998 2782 1065 Qui
2811 1007 3011 1061 autem,
3044 998 3337 1052 haereticus
3362 1011 3483 1050 cum
3515 1010 3605 1047 es-

2051 1098 2134 1146 set
2177 1090 2246 1144 ab
2298 1089 2663 1153 incunabulis,
2714 1088 3070 1144 orthodoxam
3121 1086 3279 1142 ﬁdem
3319 1084 3606 1153 delegerit,

2048 1178 2194 1249 jure,
2220 1179 2326 1233 nisi
2358 1194 2480 1248 qua}
2503 1178 2657 1247 justa
2689 1191 2858 1232 causa
2896 1166 3185 1245 impediat,
3207 1174 3607 1229 ordinationem

2051 1267 2443 1322 sacerdotalem
2492 1266 2749 1335 consequi
2796 1266 2988 1335 possit.
3029 1264 3167 1330 Quid
3217 1263 3361 1319 enim
3410 1261 3609 1331 (inquit
3710 1296 3713 1303 ι

2053 1371 2280 1425 magnus
2307 1356 2622 1425 Apostolus)
2653 1356 2820 1419 nosti,
2848 1356 2893 1410 si
2943 1353 3116 1409 ﬁdelis
3156 1354 3386 1407 deducat
3416 1350 3608 1405 inﬁde-

2052 1444 2156 1499 lem
2203 1447 2491 1516 conjugem
2531 1445 2597 1498 ad
2641 1445 2840 1499 ﬁdem?
2872 1433 3038 1498 R‘ecte
3081 1444 3265 1513 igitur,
3296 1442 3387 1511 qui
3419 1440 3487 1494 ad
3514 1453 3609 1493 or-

2055 1534 2345 1588 thodoxam
2395 1535 2553 1590 ﬁdem
2605 1535 2753 1588 venit
2798 1535 2867 1588 ab
2914 1533 3291 1588 haereticorum
3344 1529 3609 1599 supersti-

2056 1624 2239 1688 tione,
2298 1623 2615 1678 sacerdOtali
2678 1623 2974 1681 secundum
3020 1637 3259 1677 canones
3314 1621 3613 1675 benoretur

2056 1715 2334 1785 dignitate,
2374 1717 2503 1772 licet
2549 1731 2685 1772 uxor
2716 1726 2770 1772 et
2815 1717 2968 1771 liberi
3017 1716 3136 1785 ejus
3184 1713 3470 1770 orthodoxi
3500 1725 3609 1767 nOn

1978 1801 2023 1861 B
2051 1805 2204 1860 ﬁant.

2122 1896 2322 1951 lnterr.
2345 1896 2434 1953 32.
2460 1896 2542 1951 An
2573 1904 2723 1951 extra
2755 1896 3128 1967 praejudicium
3158 1891 3446 1947 infantium
3489 1903 3613 1945 sus-

2050 1989 2328 2059 ceptiones
2357 1988 2494 2044 ﬁunt
2532 2003 2564 2044 a
2612 1987 2842 2052 Latinis,
2882 1986 3177 2052 Armeniis,
3207 1981 3613 2047 Monotheletis,

2051 2078 2417 2143 Nestorianis,
2463 2086 2517 2134 et
2554 2080 2768 2133 caeteris
2814 2076 3105 2147 ejusmodi,
3149 2088 3217 2127 an
3265 2071 3445 2141 potius
3487 2068 3620 2123 odio
3684 2082 3689 2085 '

2052 2169 2276 2239 dignum
2308 2178 2472 2239 atque
2510 2165 2928 2222 detestandum?

2122 2259 2281 2328 Resp.
2306 2258 2507 2314 Thema
2530 2259 2587 2323 2,
2607 2270 2743 2327 cap:
2762 2258 2848 2320 10,
2882 2256 2963 2309 tit.
2992 2270 3034 2317 ι,
3066 2257 3158 2310 ub.
3191 2253 3609 2309 IBasilicorum:

2056 2351 2373 2417 llmreticus,
2404 2350 2605 2420 inquit,
2636 2358 2754 2411 est,
2792 2354 2845 2403 et
2879 2347 3110 2417 legibus,
3144 2360 3263 2414 quae
3292 2345 3358 2398 de
3399 2345 3613 2398 haereti-

2055 2442 2136 2494 cis
2172 2448 2320 2503 sunt,
2357 2438 2676 2507 subjicitur,
2710 2437 2800 2504 qui
2835 2437 3051 2504 paulum
3085 2435 3152 2488 ab
3180 2430 3484 2487 orthodoxa
3508 2432 3623 2486 ﬁde

2058 2532 2317 2585 declinat.
2345 2530 2479 2584 Cum
2512 2529 2678 2597 igitur
2722 2528 2758 2583 ii
2794 2541 3004 2590 omnes,
3036 2525 3129 2594 qui
3174 2524 3276 2578 hac
3318 2524 3613 2592 interroga-

2056 2620 2532 2678 tioncenumerati
2563 2627 2714 2683 sunt,
2744 2632 2850 2671 non
2881 2616 3070 2685 parvo',
3105 2616 3198 2669 sed
3226 2615 3387 2685 longo
3416 2613 3622 2683 spatio,

2056 2719 2110 2767 et
2138 2711 2284 2781 quod
2324 2711 2541 2765 dillicile
2579 2705 2825 2778 superari
2863 2713 3047 2777 queat,
3080 2704 3148 2759 ab
3191 2704 3619 2759 orthodoxomm

2057 2801 2306 2857 Ecclesia
2357 2815 2583 2871 prorsus
2627 2799 2928 2855 exsulent:
2981 2812 3088 2852 non
3136 2794 3617 2850 communicabunt

2058 2893 2345 2949 nobiscum
2385 2891 2616 2962 gratiam
2651 2889 3022 2959 susceptionis
3056 2886 3355 2940 liberorum
3396 2884 3618 2955 spirita-

2061 2982 2218 3045 lium,
2253 2996 2349 3050 per
2379 2993 2569 3035 sacras
2593 2993 2782 3048 preces
2828 2985 2883 3033 et
2917 2970 3380 3033 sanctiﬁCationes
3420 2974 3622 3027 multas

2062 3070 2449 3127 intercedentis
2485 3087 2499 3125 :
2540 3084 2609 3123 ne
2656 3076 2711 3122 et
2758 3066 3323 3122 excommunicatione
3361 3062 3620 3117 condem-

2064 3176 2278 3227 nemur,
2314 3160 2470 3229 juxta
2505 3168 2768 3214 carronem
2797 3157 3090 3220 dicentem,
3122 3155 3226 3221 Qui
3256 3155 3622 3209 communicet

2064 3264 2187 3305 cum
2231 3247 2724 3313 excommunicato,
2751 3255 2836 3302 est
2873 3246 3380 3330 excommunicatus
3403 3234 3457 3299 et
3482 3245 3622 3313 ipse.

2060 3442 2063 3445 '
2140 3430 2339 3490 Interr.
2376 3430 2463 3484 55.
2513 3427 2842 3484 Orthodoxae
2897 3426 3154 3482 mulieres
3214 3426 3624 3495 conjunguntur

2068 3520 2209 3576 forte
2241 3536 2335 3591 per
2360 3520 2578 3589 nuptias
2613 3533 2738 3573 cum
2769 3516 3059 3573 Saracenis
3090 3518 3173 3571 vel
3203 3517 3494 3577 haereticis,
3528 3529 3625 3568 vo-

2069 3613 2315 3681 luntque,
2348 3620 2406 3665 ut
2435 3611 2573 3665 bene
2601 3610 2668 3663 de
2698 3609 2802 3663 ﬁde
2831 3609 3144 3674 sentientes,
3168 3603 3625 3675 quemadmodum

2070 3710 2391 3763 constanter
2423 3701 2796 3762 instituerunt,
2831 3699 3120 3768 participes
3161 3697 3277 3753 ﬁert
3316 3695 3624 3751 divinarum

2071 3790 2587 3847 sanctiﬁcationum.
2645 3787 2950 3854 Quaarimus
3002 3787 3129 3856 quid
3182 3785 3487 3839 faciendum
3533 3788 3624 3837 sit.

2147 3880 2296 3950 Resp.
2320 3880 2506 3935 Canon
2526 3879 2594 3934 70
2625 3878 2819 3947 synodi
2844 3877 2897 3932 in
2933 3877 3120 3931 Trullo
3143 3876 3257 3930 haec
3285 3874 3523 3929 ait:Non
3557 3875 3626 3927 li-

2073 3987 2197 4027 cere
2242 3972 2355 4026 viro
2394 3969 2697 4025 orthodoxo
2739 3982 2862 4022 cum
2910 3967 3138 4021 muliere
3192 3966 3443 4020 haeretica
3499 3978 3633 4018 con-

2068 4062 2247 4132 jungi,
2281 4076 2456 4129 neque
2500 4075 2629 4115 vero
2680 4058 2997 4114 orthodoxae
3044 4071 3167 4112 cum
3216 4057 3337 4109 viro
3375 4055 3630 4108 haeretico

2075 4153 2338 4224 copulari.
2371 4151 2475 4206 Sed
2505 4151 2607 4207 etsi
2639 4150 2771 4221 quid
2820 4148 3089 4220 ejusmodi
3119 4149 3187 4201 ab
3223 4147 3331 4200 ullo
3360 4161 3425 4200 ex
3451 4148 3628 4200 omni-

2078 4247 2178 4301 bus
2216 4244 2418 4300 l'actum
2463 4243 2792 4313 apparuerit,
2828 4240 3014 4295 irritas
3056 4233 3287 4307 nuptias
3306 4235 3628 4297 existimari,

2077 4348 2131 4392 et
2175 4336 2439 4391 nefarium
2477 4334 2789 4404 conjugium
2824 4330 3044 4386 dissolvi
3085 4348 3098 4384 :
3131 4343 3304 4398 neque
3359 4327 3503 4380 enim
3544 4340 3630 4388 ea,

322 4468 329 4473 ‘
528 4455 636 4525 γὰρ
668 4422 774 4522 χρὴ
815 4449 882 4502 τὰ
912 4422 1420 4517 ἄμικτα-μιγνύναι,
1466 4438 1588 4492 οὐδὲ
1616 4436 1694 4506 τῷ
1717 4434 1974 4525 προδάτῳ

2080 4444 2199 4497 quae
2244 4440 2351 4480 non
2389 4435 2517 4480 sunt
2562 4425 2859 4489 miscenda,
2902 4422 3150 4486 misceri;
3184 4434 3287 4473 nec
3316 4432 3467 4472 ovem
3509 4429 3631 4468 cum

420 4546 513 4598 τὸν
534 4523 693 4596 λύκον
721 4536 1143 4610 συμπλέκεσθαι,
1178 4534 1272 4588 καὶ
1295 4534 1359 4602 τῇ
1378 4530 1472 4582 τοῦ
1505 4525 1741 4597 Χριστοῦ
1774 4523 1976 4593 ποίμνῃ

419 4636 512 4688 τὸν
569 4635 677 4686 τῶν
725 4627 1062 4701 ἁμαρτωλῶν
1105 4624 1325 4693 κλῆρον.
1364 4621 1427 4673 El
1454 4619 1510 4672 δὲ
1542 4616 1767 4701 παραϐῇ,
1792 4629 1875 4674 τις
1910 4614 1978 4701 τά

425 4721 559 4794 παρ’
587 4720 743 4792 ἡμῶν
767 4698 1072 4788 δρισθέντα,
1110 4708 1468 4780 ἀφοριζέσθω.
1507 4705 1571 4757 Ἡ
1591 4702 1720 4764 γοῦν
1752 4700 1841 4753 διὰ
1880 4698 1978 4767 τὴν

422 4791 666 4881 ’ἄθεσμον
687 4807 890 4876 ταύτην
916 4801 1198 4857 κοινωνίαν
1232 4797 1369 4868 μετὰ
1426 4791 1727 4864 αίρετικοῦ,
1769 4791 1981 4858 ἀφωρι-

429 4903 604 4972 σμένη
635 4898 768 4954 οὖσα
798 4898 893 4950 καὶ
921 4891 1301 4960 ἀκοινώνητος,
1337 4887 1454 4949 πῶς
1499 4885 1607 4937 τῶν
1638 4882 1794 4936 θείων
1821 4880 1987 4947 ἅγια-ο

432 4971 656 5066 σμάτων
696 4986 954 5055 ἀξιωθείη
979 5002 994 5051 ;
1024 4984 1242 5043 πάντως
1267 4975 1525 5046 οὐδαμοῦ,
1562 4975 1611 5066 εί
1640 4973 1714 5066 pi;
1758 4971 1979 5066 ⁸διποσιῖῇ

431 5061 527 5141 τοῦ
557 5080 753 5146 κακοῦ,
785 5078 880 5134 καὶ
909 5075 1207 5135 κανονικοϊς
1239 5067 1530 5138 ἐπιτιμίοις
1555 5061 1839 5133 διορθωθῇ.

517 5264 717 5335 Ἕρώτ.
792 5258 889 5313 λδ’.
972 5255 1126 5316 Τινὲς
1205 5247 1542 5329 γυναικείωνΔ
1611 5239 1986 5331 μοναστηρίων

440 5357 781 5429 προεστῶται
810 5350 1061 5421 ζητοῦσιν
1098 5343 1400 5415 ἐκχώρησιν
1430 5335 1793 5401 ὲπισκοπικὴν
1832 5333 1989 5400 χάριν

441 5422 535 5503 τοῦ
582 5445 833 5516 δέχεσθαι
878 5437 1166 5508 λογισμοὺς
1222 5432 1328 5484 τῶν
1374 5427 1464 5482 ὑπ’
1502 5426 1670 5487 αὐτὰς
1717 5422 1986 5516 μοναχέῶν.

444 5539 721 5611 Ζητοῦμεν
749 5532 839 5588 οὖν
881 5535 927 5585 εἰ
958 5532 1103 5583 ἔστιν
1143 5523 1485 5593 ἐνδεχόμενον
1527 5516 1681 5569 τοῦτο
1713 5512 1987 5579 γενέσθαι.

2084 4520 2231 4589 lupo,
2271 4532 2368 4571 nec
2411 4523 2755 4586 peccatorum
2800 4521 3002 4567 sortem
3060 4527 3182 4566 cum
3232 4508 3432 4563 Christi
3486 4515 3637 4575 parte

2083 4608 2336 4678 conjungi
2366 4614 2604 4676 oportet.
2658 4605 2714 4659 Si
2760 4603 2882 4672 quis
2924 4610 3103 4655 autem
3139 4615 3224 4663 ea,
3252 4615 3372 4668 qua:
3402 4614 3430 4650 a
3477 4597 3636 4651 nobis

2085 4701 2302 4755 decreta
2342 4709 2490 4762 sunt,
2526 4708 2899 4766 transgressus
2927 4694 3113 4755 fuerit,
3143 4701 3471 4761 sagi-egetur.
3507 4691 3638 4756 Qua:

2086 4791 2252 4861 igitur
2282 4803 2377 4857 per
2412 4787 2653 4842 illicitam
2693 4787 2832 4838 hanc
2859 4799 2983 4838 cum
3021 4782 3272 4835 hmretico
3304 4782 3635 4841 societatem,

2085 4880 2442 4935 exterminata
2474 4876 3051 4940 excommunicataque
3076 4878 3187 4934 est,
3218 4884 3449 4938 quonam
3480 4868 3639 4922 modo

2091 4971 2379 5026 habebitur
2428 4967 2628 5022 divinis
2680 4962 3200 5021 sanctiﬁcationibns
3252 4960 3447 5028 digna?
3491 4959 3640 5012 nullo

2092 5076 2338 5130 prorsus,
2368 5060 2473 5113 nisi
2519 5073 2549 5112 a
2595 5056 2734 5110 malo
2766 5055 3018 5119 divertat,
3055 5060 3108 5108 et
3140 5051 3419 5106 canonicis
3451 5065 3636 5104 emen-

2095 5151 2219 5205 data
2250 5149 2321 5203 sit
2349 5145 2805 5202 correctionibus.

2164 5239 2363 5293 Interr.
2400 5236 2488 5292 54.
2529 5234 2785 5302 Quaedam
2817 5229 3159 5286 muliebrium
3184 5228 3637 5284 monasteriorum

2094 5327 2360 5398 praelecta
2400 5327 2763 5398 episcopalem
2813 5322 3097 5393 requirunt
3142 5320 3353 5375 veniam
3376 5327 3421 5385 τ,
3448 5326 3508 5371 ut
3536 5321 3636 5376 sibi

2094 5419 2433 5475 subditarum
2460 5416 2770 5470 munialium
2797 5411 3085 5467 ratiocinia
3108 5423 3128 5451 ε
3144 5409 3462 5481 suscipiant.
3484 5406 3641 5476 Quae-

2097 5511 2290 5571 rimus,
2327 5524 2393 5563 an
2436 5508 2565 5562 illud
2607 5506 2817 5560 admitti
2857 5504 3047 5572 possit.

1729 5601 1957 5658 VARI/1'3
1996 5597 2394 5655 LECTIONES.

532 5731 555 5763 "
586 5718 998 5787 permissionem.
1084 5714 1102 5741 ⁵
1142 5705 1507 5773 confessiones.
