4020 6402
475 284 576 345 9‘37

482 498 898 560 sacerdotibus,
957 496 1358 560 confessionum
1423 495 1699 561 suscipere
1753 494 2038 547 ratiocinia

483 605 605 643 cum
658 588 952 657 episcopali
1002 590 1296 655 permissu.
1331 585 1386 637 Si
1439 585 1606 652 igitur
1647 599 1752 638 non
1793 594 2040 638 sacratus

485 683 772 752 pra-fectus
817 695 917 734 nec
959 695 1081 730 cum
1130 677 1421 744 episcopali
1463 677 1737 744 permissu
1777 677 1826 728 id
1863 675 2040 728 facere

482 781 685 842 potest,
722 771 893 824 multo
927 770 1104 822 minus
1136 769 1185 820 id
1226 768 1493 836 praelecta:
1530 781 1852 820 concessum
1889 766 1990 820 erit
2024 781 2037 817 :

483 863 584 915 etsi
620 863 790 915 virtus
821 861 941 928 ejus
967 860 1133 913 solem
1166 858 1455 927 splendore
1487 865 1732 926 superet.

557 1042 754 1098 Interr.
812 1040 901 1095 35.
934 1039 1106 1094 Divini
1166 1054 1403 1094 canones
1456 1037 1886 1093 diaconissarum
1933 1051 2043 1088 me-

484 1137 778 1190 minerunt.
805 1132 1128 1196 Quaerimus.
1162 1133 1322 1200 quale
1353 1132 1424 1185 sit
1453 1145 1636 1183 earum
1664 1127 1919 1181 cilicium.

559 1318 714 1386 Resp.
748 1315 886 1371 Olim
918 1313 1210 1382 aliquando
1236 1312 1455 1367 ordines
1491 1312 1920 1365 diaconissarum
1955 1323 2046 1361 ca-

483 1407 713 1462 nonihus
744 1405 941 1473 cogniti
970 1402 1543 1467 fuere,.habeliantque
1574 1399 1703 1467 ipsa:
1723 1398 1946 1466 gradum
1977 1394 2043 1445 ad

483 1504 673 1555 altare.
705 1499 1100 1553 Menstruorum
1139 1502 1316 1547 autem
1351 1493 1657 1562 inquinatio
1681 1489 2041 1542 ministerium

483 1605 670 1644 carum
699 1603 736 1647 ,a
769 1587 953 1640 divino
987 1595 1042 1638 et
1072 1593 1260 1637 sancto
1282 1583 1439 1637 altari
1469 1582 1692 1649 expulit.
1723 1579 1779 1632 in
1809 1577 2044 1632 sanctis-

485 1683 620 1736 sima
653 1688 830 1734 autem
863 1677 1107 1730 Ecclesia
1148 1673 1292 1728 sedis
1320 1670 2040 1740 Constantinopolitauormn

483 1773 807 1826 diaconissae
845 1769 1178 1837 deliguntur,
1208 1781 1369 1817 unam
1413 1764 1631 1833 quidem
1677 1761 2046 1814 communica-

484 1866 684 1915 tionem
723 1875 828 1913 non
861 1859 1127 1911 habentes
1150 1856 1215 1908 ad
1241 1856 1433 1918 altare,
1457 1855 1509 1907 in
1539 1853 1724 1906 multis
1748 1858 1926 1903 autem
1956 1849 2048 1903 ha-

489 1957 673 2006 bentes
715 1956 1068 2010 conventum,
1108 1954 1161 1999 et
1209 1945 1523 1998 muliebrem
1551 1951 1751 1996 castum
1784 1940 2047 1995 ecclesia-

485 2055 528 2098 st
543 2047 619 2096 ice
650 2043 962 2109 dirigentes.

557 2133 753 2186 lulerr.
789 2132 880 2184 56.
911 2128 993 2182 An
1029 2125 1397 2181 subdiaconus
1435 2133 1489 2177 et
1513 2123 1772 2178 diaconus
1810 2120 2049 2190 legitime

485 2224 656 2292 possit
685 2237 805 2274 cum
837 2219 1061 2271 muliere
1085 2215 1353 2286 cupulari,
1385 2229 1576 2268 necne.

557 2318 710 2384 Resp.
752 2317 816 2370 Et
846 2329 1102 2375 canones,
1135 2323 1186 2366 et
1221 2311 1370 2380 leges
1407 2309 1567 2362 variae
1597 2314 1778 2362 vetant
1806 2314 2050 2360 sacratos

487 2419 609 2479 post
632 2406 1028 2460 ordinationem
1057 2402 1383 2486 mulieribus
1406 2397 1684 2468 conjungi.
1711 2397 1846 2451 Cum
1869 2404 2048 2449 autem

487 2501 567 2570 (nt
608 2496 836 2562 videtur)
886 2493 1206 2548 canonicum
1257 2491 1362 2544 hoc
1413 2495 1851 2544 contemneretur
1884 2485 2052 2539 inter-

486 2591 712 2650 dictum,
760 2587 899 2640 inter
942 2584 1304 2651 imperatores
1355 2578 1591 2649 inclytus
1618 2585 1672 2632 et
1710 2573 2050 2645 sapientissi-

486 2693 608 2733 mus
633 2677 884 2730 dominus
907 2673 1016 2728 Leo
1045 2686 1143 2740 per
1173 2667 1450 2725 Novellam
1487 2667 1824 2723 sanctionem
1857 2664 2046 2719 vitium

485 2768 808 2823 emendavit.
868 2764 1050 2831 lnquit
1107 2762 1252 2817 enim
1302 2759 1417 2815 haac
1449 2759 1506 2814 in
1549 2767 1703 2831 parte
1749 2757 2046 2826 expressim

485 2860 645 2914 tertia
681 2859 799 2926 ejus
843 2854 1062 2910 Novella
1100 2852 1401 2908 :Juhemus
1427 2859 1486 2906 ut
1515 2852 1582 2906 ad
1615 2859 1770 2906 vetus
1797 2847 2050 2903 Ecclesia:

488 2965 719 3020 superne
735 2949 990 3004 traditum
1007 2944 1381 3016 praescriptum
1406 2942 1712 3020 creationes
1731 2937 2044 3010 procedant:

1715 286 1990 350 THEOD.
2033 285 2522 346 BALSAMONIS

553 406 706 473 Resp.
737 405 876 459 Alibi
925 405 1085 458 etiam
1135 403 1392 465 diximus,
1442 403 1572 457 solis
1620 403 1879 458 tributum
1917 420 2035 457 esse
2067 413 2110 466 Α

3599 290 3694 346 (ελ

2222 409 2422 462 Ὰπόπ.
2467 409 2572 460 Καὶ
2615 407 2798 460 ἄλλοτε
2835 407 3075 478 εἴπομεν,
3120 411 3304 480 μόνοις
3348 418 3461 477 τοῖς
3502 415 3692 486 ἱερεῦσι

2144 498 2280 566 μετὰ
2330 500 2696 568 ὲπισκοπικῆς
2747 501 3104 569 ἐκχωρήσεως
3144 503 3433 572 δεδομένον
3481 501 3695 562 εἶναιτὸ

2139 588 2390 657 δέχεσθαι
2438 588 2752 658 λογισμούς.
2840 591 2934 642 Ἂν
2975 592 3103 654 γοῦν
3151 593 3275 645 οὐδὲ
3318 595 3529 663 ἀνίερος
3572 601 3695 650 καθ-

2141 678 2446 747 ηγούμενος
2489 677 2627 747 μετὰ
2666 681 3028 750 ὲπισκοπικῆς
3070 683 3438 751 ἐκχωρήσεως
3490 685 3697 739 δύναται

2139 769 2390 838 δέχεσθαι
2434 770 2764 836 λογισμοὺς,
2816 771 2995 838 πολλῷ
3041 772 3203 824 πλέον
3271 775 3374 826 οὑκ
3421 778 3696 847 ὲκχωρηθῇ

2140 858 2298 908 τοῦτο
2337 856 2486 926 παρὰ
2523 857 2938 927 καθηγουμένης
2978 859 3265 926 γίνεσθαι,
3332 862 3434 914 κᾶν
3468 866 3499 932 ἡ
3541 867 3697 937 ἀρετὴ

2143 949 2312 1015 αὐτῆς
2342 947 2533 1017 λάμπῃ
2555 947 2694 1014 ὑπὲρ
2725 948 2817 999 τὸν
2838 947 3009 1017 ἥλιον.

2225 1037 2422 1101 Ἐρώτ.
2481 1037 2576 1090 λε’.
2643 1041 2704 1090 Οἱ
2750 1039 2878 1090 θεῖοι
2932 1041 3152 1103 κανόνες
3219 1042 3529 1111 μέμνηνται
3593 1046 3700 1098 δια-

2144 1129 2424 1181 κονισσῶν.
2446 1128 2722 1197 Ζητοῦμεν
2746 1126 2839 1182 οῦν
2874 1132 3064 1201 μαθεῖν
3097 1133 3249 1186 ποῖόν
3275 1136 3396 1186 ἐστι
3423 1135 3484 1186 τὸ
3509 1135 3702 1189 τούτων

2143 1215 2533 1286 λειτούργημα.

2227 1305 2430 1357 Ἀπόκ.
2462 1305 2636 1357 Πάλαι
2660 1307 2787 1358 ποτὲ
2818 1307 2910 1358 καὶ
2943 1306 3194 1375 τάγματα
3215 1309 3570 1364 διακονισσῶν
3601 1317 3702 1376 τοῖς

2145 1396 2365 1448 κανόσιν
2407 1395 2825 1464 ὲπεγινώσκετο,
2861 1399 2953 1450 καὶ
2994 1397 3138 1468 εἶχον
3169 1403 3266 1454 καὶ
3313 1397 3475 1454 αὗται
3508 1404 3701 1472 βαθμὸν

2145 1488 2202 1539 ἐν
2247 1486 2324 1556 τῷ
2377 1486 2616 1556 βήματι·
2677 1489 2708 1558 ή
2759 1489 2814 1541 δὲ
2867 1491 2973 1541 τῶν
3022 1493 3287 1561 ἐμμήνων
3335 1495 3576 1557 κάκωσις
3611 1496 3698 1565 τὴν

2147 1576 2446 1644 ὑπηρεσίαν
2497 1577 2695 1646 ταύτην
2724 1581 2787 1630 ὲκ
2812 1577 2904 1630 τοῦ
2941 1577 3084 1631 θείου
3113 1581 3207 1632 καὶ
3247 1582 3408 1646 ἁγίου
3476 1583 3701 1651 βήματος

2144 1664 2488 1727 ἀπεξένωσεο
2528 1668 2678 1735 παρὰ
2725 1669 2780 1720 δὲ
2837 1671 2900 1738 τῇ
2949 1670 3224 1741 ἁγιωτάτῃ
3284 1672 3580 1744 Ἐκκλησία
3615 1674 3697 1725 τοῦ

2149 1755 2340 1826 θρόνου
2375 1757 2482 1808 τῶν
2527 1757 3175 1812 Κωνσταντινουπολιτῶν
3207 1763 3546 1815 διακόνισσαι
3580 1781 3700 1832 προσ

2149 1847 2497 1917 χειρίζονται,
2539 1849 2666 1917 μίαν
2703 1850 2802 1918 μὲν
2844 1853 3131 1919 μετουσίαν
3174 1854 3252 1923 μὴ
3287 1855 3507 1924 ἔχουσαι
3541 1859 3595 1908 ἐν
3631 1856 3699 1924 τῷ

2151 1936 2378 2005 βήματι,
2427 1937 2886 2004 ὲκκλησιάζουσαι
2927 1941 2983 1992 δὲ
3016 1943 3082 1994 τὰ
3132 1943 3328 2007 πολλὰ,
3369 1945 3464 1997 καὶ
3493 1944 3586 2014 τὴν
3613 1962 3699 2012 γυ-

2149 2030 2456 2079 ναικωνῖτιν
2481 2028 2949 2097 ὲκκλησιαστικῶς
2974 2029 3383 2103 διορθούμεναι.

2231 2117 2428 2184 Ἐρώτ.
2479 2118 2586 2183 λς’.
2643 2121 3023 2186 ’Υποδιάκονος
3067 2125 3162 2176 καὶ
3199 2126 3447 2189 διάκονος
3493 2113 3700 2178 δύναται

2148 2211 2394 2279 νομίμως
2423 2213 2754 2279 συναφθῆναι
2789 2214 3032 2281 γυναικὶ,
3060 2215 3092 2283 ἢ
3120 2214 3181 2267 οὗ
3207 2234 3221 2279 ;

2232 2302 2433 2356 Ἀπόκ.
2463 2303 2570 2355 Καὶ⁸
2601 2304 2821 2366 κανόνες
2853 2306 2947 2357 καὶ
2973 2305 3127 2374 νόμοι
3163 2306 3416 2377 διάφοροι
3443 2295 3696 2359 κωλύουσι

2148 2390 2274 2452 τοὺς
2326 2391 2653 2461 ίερωμένους
2712 2394 3078 2448 συνάπτεσθαι
3138 2399 3362 2464 γυναιξὶ
3422 2400 3555 2468 μετὰ
3610 2397 3699 2464 τὴν

2149 2481 2502 2550 χειροτονίαν.
2540 2482 2643 2535 Τοῦ
2682 2484 2738 2537 δὲ
2772 2485 3013 2538 τοιούτου
3054 2489 3345 2542 κανονικοῦ
3397 2489 3698 2560 παραγγέλ-

2152 2585 2322 2638 ματος
2376 2572 2757 2643 άθετουμένου,
2817 2575 2891 2637 ὡς
2943 2575 3147 2643 ἔοικεν,
3203 2583 3234 2633 ὁ
3287 2582 3347 2632 ἐν
3403 2578 3707 2650 βασιλεῦσιν

2149 2662 2390 2728 ἀοίδιμος
2436 2666 2528 2717 καὶ
2579 2666 2885 2734 σοφώτατος
2937 2671 3123 2739 κύριος
3170 2672 3349 2734 Λέων,
3395 2672 3480 2724 διὰ
3526 2671 3699 2724 θεσπί-

2153 2771 2358 2824 σματος
2389 2756 2605 2826 Νεαροῦ
2639 2759 2699 2810 τὸ
2743 2759 2913 2812 κακὸν
2955 2760 3330 2833 διωρθώσατο.
3373 2763 3509 2832 Φησὶ
3541 2763 3691 2832 γὰρὴ

2148 2846 2314 2946 τρίτη
2353 2846 2542 2917 Νεαρὰ
2594 2848 2759 2902 αὑτοῦ
2813 2851 2869 2902 ἐν
2928 2852 3080 2922 μέρει
3128 2852 3306 2906 ταῦτα
3332 2853 3566 2946 ῥητῶς·
3597 2854 3692 2903 Κε-

2149 2933 2376 3002 λεύομεν
2429 2937 2570 2988 κατὰ
2614 2938 2675 2990 τὸ
2725 2937 2931 2992 ἄνωθεν
2970 2941 3196 3010 ἀρχαῖον
3245 2933 3349 3010 τῆς
3389 2940 3696 3008 Ἐκκλησίας

489 3019 662 3108 neque
691 3039 834 3094 enim
877 3037 1100 3106 dignum
1151 3045 1255 3098 est,
1283 3043 1344 3088 ut
1384 3033 1477 3103 qui
1510 3019 1760 3102 'spiritali
1808 3045 2040 3085 ascensu

2151 3022 2423 3092 διάταγμα
2483 3027 2580 3088 τὰς
2649 3029 2979 3096 χειροτονίας
3042 3029 3385 3098 προῆαίνειν.
3461 3031 3533 3082 Οὐ
3597 3029 3693 3095 γὰρ

489 3145 653 3198 supra
683 3128 928 3196 corporis
967 3125 1329 3197 abiectionem
1362 3123 1534 3181 evecti
1564 3132 1715 3189 sunt,
1760 3121 1816 3178 lii
1857 3139 2048 3179 rursus

489 3218 557 3275 ad
589 3216 770 3272 carnis
798 3217 987 3272 sordes
1009 3217 1369 3286 delabantur;
1389 3214 1484 3270 sed
1507 3215 1788 3276 ediverso,
1825 3222 1884 3268 ut
1911 3213 2047 3267 divi‘

488 3323 618 3362 num
673 3307 1037 3360 ministerium
1074 3321 1137 3358 ex
1189 3306 1437 3379 corporis
1474 3303 1728 3358 sordibus
1792 3312 2048 3370 tanquam

487 3397 542 3449 in
574 3397 738 3449 altum
782 3395 1015 3464 aliquem
1047 3395 1278 3464 gradum
1319 3393 1673 3456 conscendat,
1720 3395 2050 3448 convenien-

489 3487 600 3538 tius
655 3485 836 3539 fuerit.
890 3484 1252 3549 Quamobrem
1307 3499 1466 3538 nemo
1510 3497 1723 3547 eorum,
1752 3483 1844 3552 qui
1892 3481 2049 3536 altari

491 3577 752 3639 serviunt,
781 3581 900 3642 post
924 3574 1322 3628 ordinationem
1354 3573 1610 3630 audacter
1635 3573 1752 3644 lege
1791 3573 2049 3629 connubii

491 3662 698 3716 mulieri
739 3663 1127 3730 conjungetur.
1167 3662 1335 3732 quue
1377 3663 1424 3718 si
1469 3662 1681 3728 fecerit,
1727 3663 2046 3733 deponetur.

491 3753 620 3806 Nam
668 3763 791 3807 ante
829 3754 1227 3809 ordinationem
1280 3753 1461 3811 facere
1506 3754 1680 3818 licuit,
1733 3753 1878 3824 quod
1929 3757 2051 3822 post

487 3857 606 3895 eam
639 3842 772 3896 adeo
809 3850 949 3896 male
974 3840 1076 3896 fuit
1101 3857 1290 3897 ausus.

559 4107 756 4161 Interr.
809 4106 898 4161 57.
968 4105 1199 4160 Licitum
1267 4113 1352 4160 est
1411 4107 1723 4162 sacerdotes
1761 4106 2049 4176 praafectos

489 4199 831 4260 exsistentcs,
870 4197 950 4250 vel
978 4198 1321 4266 primopapas
1341 4198 1412 4261 ν,
1436 4207 1489 4251 et
1515 4197 1817 4265 pontiﬁces,
1859 4213 2049 4265 super-

489 4287 717 4341 manicis
770 4296 824 4340 et
864 4287 1356 4356 supergcnualibus
1396 4287 1665 4356 insigniri,
1698 4302 1764 4340 an
1805 4298 1888 4342 est
1918 4289 2049 4340 veti-

487 4387 627 4431 tum.

557 4465 708 4534 Resp.
739 4467 1252 4534 Supermanicarum
1292 4475 1346 4522 et
1368 4469 1844 4538 supergenualium
1867 4483 2054 4523 sacra-

489 4559 736 4614 tissimus
774 4561 1006 4614 amictus
1052 4562 1183 4615 soiis
1221 4560 1574 4630 pontificibus
1621 4561 1918 4617 attributus
1947 4570 2048 4626 est,

491 4652 635 4704 velut
663 4651 889 4718 figuram
914 4651 1292 4706 obtinentibus
1319 4651 1556 4716 Domini,
1593 4660 1644 4705 et
1685 4651 1802 4712 Dei.
1837 4661 1890 4708 et
1930 4653 2054 4707 Ser-

489 4741 692 4794 vatoris
729 4741 896 4794 nostri
922 4738 1050 4794 Jesu
1093 4739 1298 4793 Christi
1333 4756 1345 4792 :
1375 4739 1608 4809 indeque
1640 4749 1854 4809 peccata
1886 4743 2050 4796 etiam

493 4831 769 4884 hominum
794 4831 1095 4896 remittunt,
1129 4831 1342 4899 aliaque
1366 4831 1567 4899 majora
1593 4830 1658 4884 ad
1689 4831 2044 4886 imitationem

489 4918 690 4971 Christi
732 4917 959 4979 faciunt,
993 4932 1116 4986 quae
1149 4916 1529 4970 saccrdmibus
1569 4915 1694 4969 data
1743 4931 1851 4969 non
1897 4926 2041 4970 sunt.

490 5007 668 5072 Quare
699 5021 871 5074 neque
907 5004 1431 5072 supermanicarum,
1465 5020 1642 5073 neque
1673 5021 2041 5075 supergeuua-

491 5099 623 5151 lium
674 5097 1030 5150 merebuntur
1061 5094 1339 5148 amictum.
1391 5093 1525 5148 Nam
1569 5096 1960 5164 supermanica
1988 5093 2044 5147 fl-

487 5199 622 5254 gura
687 5193 816 5237 sunt
863 5184 1226 5244 manicarum,
1271 5183 1468 5252 quibus
1523 5193 1678 5238 erant
1736 5187 2043 5239 constrictae

489 5288 684 5326 manus
729 5272 962 5337 Domini,
1007 5282 1060 5328 et
1105 5273 1219 5336 Dei.
1260 5282 1313 5328 et
1349 5273 1656 5328 Servatoris
1699 5275 1870 5328 nostri
1915 5272 2042 5327 Jesu

487 5360 709 5430 Christi,
738 5363 955 5432 quando
979 5365 1043 5419 ad
1081 5364 1440 5419 voluntariam
1477 5365 1785 5434 passionem
1813 5375 2042 5417 conten-

2149 3114 2298 3181 ἄξιόν
2348 3119 2485 3181 ἐστι,
2542 3117 2679 3188 μετὰ
2735 3117 2794 3172 τὸ
2844 3118 3190 3190 ἀννψωθῆναι
3247 3123 3345 3192 τῆς
3393 3120 3695 3192 σωματικῆς

2148 3207 2529 3264 ταπεινώσεως
2593 3210 2697 3262 ὑπὸ
2752 3211 2852 3279 τῆς
2922 3215 3307 3283 πνευματικῆς
3374 3213 3692 3272 ἀναϐάσεως,

2148 3302 2370 3366 τούτους
2397 3303 2558 3355 πάλιν
2589 3306 2680 3357 ἐπὶ
2716 3305 2814 3374 τὴν
2843 3307 3115 3376 σαρκικὴν
3145 3307 3513 3375 ταπεινότητα
3538 3319 3694 3356 κατα-

2153 3393 2407 3445 πίπτειν·
2459 3393 2768 3448 τούναντίον
2809 3394 2866 3446 δὲ
2916 3395 3116 3464 μᾶλλον
3157 3399 3266 3467 χρὴ
3317 3399 3396 3460 εἰς
3448 3394 3693 3449 ἀνάϐασιν

2150 3481 2358 3552 ὑψηλὴν
2400 3480 2498 3551 τὴν
2550 3481 2698 3535 θείαν
2743 3483 3082 3554 λειτουργίαν
3131 3489 3197 3540 ἐκ
3246 3489 3345 3556 τῆς
3392 3482 3695 3552 σωματικῆς

2150 3571 2537 3639 ταπεινότητος
2564 3571 2894 3626 ἀναϐαίνειν.
2931 3573 3022 3627 Διδ
3057 3575 3240 3641 οὐδεὶς
3271 3577 3380 3629 τῶν
3404 3576 3496 3629 τοῦ
3526 3575 3689 3644 βήμα-

2147 3676 2237 3722 τος
2259 3658 2396 3729 μετὰ
2415 3659 2511 3728 τὴν
2536 3659 2863 3727 χειροτονίαν
2889 3662 3177 3732 τολμηρῶς
3209 3665 3534 3736 συζευχθείη
3567 3661 3692 3714 κατὰ

2149 3749 2310 3817 νόμον
2339 3749 2515 3818 γάμου
2557 3751 2808 3817 γυναικί³
2861 3752 3016 3804 τοῦτο
3063 3753 3120 3806 δὲ
3163 3757 3402 3825 ποιήσας
3450 3753 3690 3820 καθαιρε-

2152 3838 2392 3906 θήσεται.
2463 3839 2620 3908 Ἑξῆν
2680 3841 2789 3909 γάρ
2844 3841 2991 3907 αὑτῷ
3053 3843 3160 3911 πρὸ
3226 3847 3328 3915 τῆς
3377 3843 3688 3914 χειροτονίας

2147 3927 2372 3996 ποιῆσαι
2401 3926 2464 3979 τὸ
2515 3930 2653 3997 μετὰ
2691 3931 2791 3998 τὴν
2825 3934 3159 4001 χειροτονίαν
3190 3933 3337 3987 οὕτω
3373 3934 3551 3995 κακῶς
3581 3931 3686 3982 τελ-

2152 4019 2344 4089 μηθέν.

2230 4109 2424 4176 Ἕρώτ.
2480 4109 2582 4174 λζ’.
2623 4109 2966 4182 Ἐκχωρητόν
2999 4114 3114 4168 ἐστι
3143 4116 3271 4180 τοὺς
3322 4116 3500 4186 ἱερεῖς,
3533 4114 3685 4182 ἡγου-

2151 4198 2341 4267 μένους
2364 4201 2541 4265 δντας,
2569 4199 2604 4270 ἢ
2635 4204 3092 4271 πρωτοπαπάδας,
3131 4207 3225 4260 καὶ
3258 4208 3382 4268 τοὺς
3411 4203 3684 4274 ἀρχιερεῖς.

2148 4287 2236 4338 διὰ
2281 4288 2622 4356 ὲπιμανίκων
2671 4291 2767 4341 καὶ
2805 4293 3165 4358 ὲπιγονατίων
3211 4287 3686 4361 ἀποσεμνύνεσθαι·

2081 4357 2124 4412 D
2158 4375 2189 4446 ἢ
2218 4375 2523 4430 κεκώλυται
2543 4394 2558 4442 ;

2229 4450 2420 4519 Ἇάόκ.
2462 4465 2527 4517 Ἥ
2548 4465 2658 4519 τῶν
2697 4467 3035 4536 ἑπιμανίκων
3075 4469 3166 4521 καὶ
3197 4471 3305 4524 τῶν
3352 4463 3688 4537 ἑπιγονατίων

2152 4555 2417 4626 ἱερωτάτη
2447 4555 2732 4626 ἔνδυμενία
2765 4559 2946 4627 μόνοις
2974 4562 3086 4624 τοῖς
3130 4560 3442 4632 ἀρχιερεῦσι
3486 4554 3687 4623 πεφιλο-

2147 4648 2396 4715 τίμηται,
2445 4646 2520 4708 ὼς
2566 4648 2657 4699 τὸν
2703 4647 2872 4700 τύπον
2915 4650 3167 4719 ἐπέχουσι
3208 4651 3300 4703 τοῦ
3359 4647 3555 4716 Κυρίου
3604 4641 3687 4695 καὶ

2147 4737 2280 4789 Θεοῦ
2308 4737 2401 4791 καὶ
2427 4737 2679 4808 Σωτῆρος
2707 4738 2875 4808 ’ἡμῶν
2918 4739 3096 4809 Ἰησοῦ
3123 4741 3381 4812 Χριστοῦ·
3413 4732 3684 4790 κάντεῦθεν

2150 4828 2245 4880 καὶ
2271 4829 2542 4898 ἁμαρτίας
2571 4829 2821 4898 άφιοῦσιν
2853 4831 3177 4901 ἀνθρώπων,
3199 4833 3291 4885 καὶ
3317 4831 3451 4885 ἄλλα
3487 4821 3684 4877 ποιοῦσι

2150 4917 2613 4988 Χριστομιμήτως
2673 4919 2915 4988 μείζονα,
2975 4923 3074 4975 ὅσα
3134 4925 3246 4986 τοῖς
3309 4919 3533 4991 ἱερεῦσιν
3593 4911 3681 4963 οὐκ

2149 5005 2492 5075 ὲνεδόθησαν.
2533 5006 2624 5058 Διὸ
2652 5006 2772 5059 οὐδὲ
2802 5007 2901 5076 τῆς
2939 5008 3048 5060 τῶν
3077 5009 3414 5080 ὲπιμανίκων
3445 5001 3558 5056 οὐδὲ
3584 4995 3681 5048 τῶν

2149 5093 2506 5160 ὲπιγονατίων
2566 5095 2882 5164 ὲνδυμενίας
2951 5097 3358 5169 ἀξιωθησονται.
3440 5093 3515 5146 Τά
3583 5085 3680 5154 γὰρ

2147 5186 2448 5255 ὲπιμάνικα
2473 5187 2643 5249 τύπος
2676 5189 2785 5240 εἰσὶ
2831 5189 2940 5242 τῶν
2969 5193 3296 5262 χειροπεδῶν
3332 5189 3437 5242 τῶν
3467 5180 3677 5252 ἑλιχθει-

2150 5275 2257 5327 σῶν
2296 5278 2374 5338 εἰς
2405 5277 2506 5339 τὰς
2543 5280 2733 5347 χεῖρας
2777 5279 2871 5331 τοῦ
2906 5281 3111 5352 Κυρίου
3151 5284 3243 5336 καὶ
3289 5279 3418 5335 Θεοῦ
3450 5277 3538 5330 καὶ
3578 5270 3675 5322 Σω-

2149 5365 2500 5436 τῆροςήμῶν
2539 5368 2712 5439 Ἰησοῦ
2764 5370 3001 5438 Χριστοῦ
3052 5373 3141 5426 ὅτε
3194 5374 3326 5441 πρὸς
3357 5367 3414 5422 τὸ
3451 5359 3674 5418 ἑκούσιον

1725 5512 1972 5592 ’νΑιιυΕ
2013 5536 2409 5597 LECTIONES.

565 5634 613 5672 “
637 5634 723 5698 qui
748 5634 954 5687 abbate:
991 5631 1119 5694 sint,
1150 5631 1225 5684 vel
1260 5633 1667 5700 protopapades.
