4020 6388
343 326 454 389 98)

1164 325 1559 387 RESI‘ONSA
1600 324 1702 382 AD
1740 322 2494 386 lNTEHliOGATIONES
2535 321 2797 384 MARCL

3467 322 3573 385 990

348 441 519 503 πάθος
565 440 844 510 ἠπείγετο.
898 442 968 494 Τὸ
1007 443 1062 495 δὲ
1092 446 1435 512 ἐπιγονάτιον
1485 446 1564 506 εἰς
1608 441 1775 497 τύποπ.Δ
1805 439 1898 492 τοῦ

2011 438 2184 494 debat.
2221 440 2623 512 Supergenuale
2652 452 2856 507 autem,
2898 441 3067 513 ﬁgura
3098 452 3182 500 est
3211 443 3385 508 lintei,
3416 448 3560 515 quod

342 528 551 582 λεντίου
584 531 751 595 ἐστὶν,
789 531 817 585 ὃ
852 534 880 584 ό
900 533 1100 602 Κύριος
1137 536 1440 596 ἐνεδύσατο,
1473 536 1712 594 καὶτοὺς
1742 534 1902 596 πόδας

344 619 453 671 τῶν
477 620 738 690 μαθητῶν
767 620 966 689 ἔνιψεν.
998 625 1168 676 Ὦσπε
1178 642 1208 693 ρ
1229 623 1321 678 οὖν
1343 626 1401 677 ού
1421 625 1598 695 δοθείη
1623 625 1903 695 ὲπισκόπῳ

344 711 452 763 τινὶ
483 709 552 763 τὰ
581 714 693 772 τοῖς
723 714 1091 784 πατριάρχαις
1125 715 1548 784 φιλοτιμηθέντα
1568 716 1653 769 sia
1680 716 1904 784 ὲνδυμε-

314 800 328 871 ξ
344 800 466 861 νίας
497 802 835 871 χαρίσματα,
860 805 1060 866 σάκκος
1088 805 1329 875 δηλονότι
1385 806 1477 858 καὶ
1507 806 1904 875 πολυσταύριον
1927 843 1938 855 .

307 886 320 945 ἔ
348 887 587 958 (τούτους
623 893 731 960 γὰρ
768 892 872 944 ὑπὸ
899 895 1101 947 τούτων
1136 895 1484 948 κυδαίνεσθαι
1518 897 1783 960 δέδοκται,
1828 897 1905 960 ὡς

346 981 442 1033 καὶ
482 982 919 1051 ἀναφερομένους
945 986 1025 1046 si;
1060 985 1160 1052 τῆς
1199 987 1524 1056 οἰκουμένης
1553 986 1621 1040 τὰ
1667 988 1900 1058 πέρατα·

346 1074 519 1139 οὓτως
566 1077 686 1129 οὐδὲ
721 1078 789 1130 τὰ
827 1081 940 1141 τοῖς
981 1080 1302 1144 ἐπισκόποις
1332 1082 1743 1153 ἀπονεμηθέντα
1776 1098 1906 1150 προ-

344 1166 506 1233 νόμια
554 1167 666 1227 τοῖς
711 1166 912 1235 ἱερεῦσι
959 1168 1276 1238 δοθήσεται·
1324 1171 1410 1224 ἴνα
1455 1171 1529 1241 μὴ
1567 1171 1675 1224 τῶν
1706 1171 1904 1241 ἐκκλη-

346 1249 638 1303 σιαστικῶν
688 1252 998 1321 προνομίων
1062 1256 1324 1325 σύγχυσις
1383 1258 1627 1327 γένηται,
1685 1259 1781 1313 καὶ
1827 1258 1904 1328 τῷ

348 1341 616 1394 Πλάσαντι
651 1343 781 1414 εἴπῃ
803 1343 864 1395 τὸ
889 1344 1133 1414 πλάσμα·
1175 1347 1485 1418 Ἐξισοῦμαί
1514 1366 1618 1404 σοι.

426 1430 627 1499 Ἑρώτ.
683 1431 785 1500 λη’.
853 1434 985 1489 Ἀπὸ
1027 1437 1259 1505 ἀρχαίας
1305 1440 1569 1510 ἐγχωρίου
1618 1443 1903 1514 συνηθείας

347 1523 647 1576 θάπτονται
696 1522 922 1591 λείψανα
970 1524 1262 1594 όρθοδόξων
1287 1529 1365 1591 εἰς
1396 1530 1496 1592 τὰς
1537 1532 1677 1586 κατὰ
1720 1532 1903 1603 χώραν

346 1612 639 1682 ἐκκλησίας
684 1612 877 1683 ἡμῶν.
922 1615 1077 1684 Ζητῶ
1120 1613 1213 1670 οὖν
1259 1618 1448 1687 μαθεῖν
1493 1622 1543 1674 εί
1585 1620 1700 1677 ἔστι
1747 1622 1904 1677 τοῦτο

346 1704 825 1772 ἁποιριμὰτιστον.

1972 708 2185 761 'menta
2231 712 2419 779 gratias
2458 712 2676 765 tributae
2713 722 2838 765 sunt
2864 715 2904 777 ι,

2008 528 2182 580 induit
2227 529 2511 593 Dominus,
2556 544 2679 584 cum
2734 531 3124 600 discipulorum
3188 533 3352 600 pedes
3403 532 3560 588 lavit.

2006 618 2467 681 Quemadmodum
2519 621 2683 689 igitur
2729 637 2849 690 qua}
2903 623 3222 690 patriarchis
3267 639 3360 692 per
3403 625 3561 679 initu-

2951 715 3042 767 ulli
3087 714 3178 767 alii
3220 730 3327 769 non
3365 716 3564 769 dantur

2004 798 2282 867 episcopo,
2325 815 2519 854 saccus
2561 800 2811 856 videlicet
2840 812 2892 855 et
2923 818 3056 856 crux
3096 806 3417 874 multiplex“
3448 807 3562 876 (eos

2004 887 2148 940 enim
2176 889 2326 943 hisce
2359 889 2603 945 decorari
2638 893 2864 959 placuit,
2892 900 3073 962 utpote
3102 895 3299 948 relatos
3330 897 3439 946 ailV
3468 896 3561 948 ha-
3620 930 3627 935 ›

2004 974 2242 1031 bitabilis
2262 977 2411 1033 orbis
2443 980 2728 1049 extrema):
2771 980 2850 1034 sic
2875 996 2975 1035 nec
3003 983 3274 1051 episcopis
3297 997 3558 1039 concessa

2004 1067 2282 1137 privilegia
2313 1069 2688 1127 sacerdotibus
2725 1071 3018 1137 dabuntur,
3051 1087 3117 1128 ne
3150 1074 3559 1145 privilegiorum

2005 1155 2498 1212 ecclesiasticorum
2563 1160 2818 1215 confusio
2877 1161 2989 1227 iiat,
3036 1172 3089 1217 et
3125 1162 3371 1220 Creatori
3414 1164 3562 1223 dicat

2005 1258 2276 1316 creatura,
2314 1250 2579 1320 Exaequor
2610 1253 2728 1307 tibi.

2080 1426 2279 1482 Interr.
2318 1428 2407 1483 58.
2447 1428 2639 1485 Vetere
2669 1432 2960 1501 provincias
3007 1439 3399 1494 consuetudine
3431 1440 3561 1494 reli-

2007 1518 2190 1586 quiatx
2236 1519 2669 1574 orthodoxorum
2712 1522 2767 1575 in
2806 1531 3006 1578 nostra:
3050 1526 3287 1594 regionis
3315 1528 3560 1584 ecclesiis

2008 1609 2364 1679 sepeliuntur.
2397 1609 2590 1677 Quaero
2615 1611 2780 1680 igitur
2801 1612 3031 1682 discere,
3052 1630 3120 1669 an
3141 1617 3243 1671 hoc
3264 1617 3399 1671 citra
3425 1634 3562 1689 prae-

2005 1698 2268 1767 judicium
2302 1698 2416 1752 fiat.

431 1793 627 1849 Ἅπόκ.
649 1794 892 1865 Διαφορὰ
921 1795 1127 1867 μεγάλη
1152 1774 1611 1871 ἐστὶνέκκλησιιῖλν
1639 1819 1902 1873 καθιερω-

2080 1785 2234 1856 Resp.
2258 1787 2445 1858 Magna
2473 1786 2779 1845 diﬂ'erentia
2806 1799 2888 1845 est
2912 1791 3055 1846 inter
3074 1792 3335 1849 ecclesias
3363 1807 3561 1848 conse-

346 1886 542 1940 θεισῶν
597 1887 686 1941 διὰ
731 1889 1024 1956 ἐγκαινίων
1072 1890 1323 1955 ἁνοιξίιον
1377 1892 1472 1943 καὶ
1521 1891 1896 1963 ὲνθρονισμοῦ,

346 1978 648 2049 χρίσματός
680 1995 740 2032 τε
764 1979 920 2046 ἁγίου
951 1978 1143 2049 μύρου,
1165 1982 1260 2035 καὶ
1288 1982 1600 2046 ἀποθέσεως
1633 1983 1900 2052 λειψάνων

347 2070 518 2138 ἁγίων
550 2063 926 2142 μαρτυρικῶν,
961 2074 1055 2124 καὶ
1081 2073 1189 2124 τῶν
1216 2073 1291 2143 μὴ
1318 2071 1488 2136 οὕτως
1513 2075 1898 2142 ἁγιασθεισῶν,

348 2162 444 2214 καὶ
468 2161 759 2232 εὐκτηρίου
783 2161 949 2215 τόπον
970 2163 1300 2232 ἐπεχουσῶν.
1330 2165 1423 2216 Διὸ
1455 2165 1513 2216 ἐν
1540 2166 1772 2229 ἐκείναις
1803 2168 1901 2235 μὲν

347 2255 405 2305 ἐν
435 2245 524 2315 αἷς
551 2251 795 2322 δηλονότι
831 2253 1144 2324 μαρτυρικὰ
1178 2253 1408 2324 λείψανα
1452 2257 1899 2328 τεθησαύρισται,

349 2343 444 2397 καὶ
487 2343 644 2411 ἁγίου
682 2342 853 2413 μύρου
892 2344 1263 2414 ὲμεσολάϐησε
1309 2346 1537 2416 χρίσμα,
1566 2347 1902 2418 ἀνθρώπινον

348 2432 599 2501 λείψανον
626 2434 1009 2504 οίονδηποτοῦν
1037 2435 1099 2488 οὐ
1118 2436 1436 2506 ταφήσεται
1466 2435 1625 2507 (κατὰ
1653 2438 1715 2490 τὸ
1741 2437 1785 2508 β’
1809 2455 1902 2491 κε-

350 2524 576 2592 φάλαιον
601 2524 694 2578 τοῦ
721 2524 771 2578 α’
814 2526 995 2580 τίτλου
1018 2528 1111 2581 τοῦ
1137 2528 1179 2580 ε’
1207 2527 1412 2598 βιϐλίου
1451 2528 1558 2581 τῶν
1578 2528 1900 2592 Βασιλικῶν,

349 2615 411 2668 τὸ
436 2613 619 2684 λέγον*
644 2616 850 2686 Μηδεὶς
890 2618 949 2672 tv
975 2619 1240 2689 ἐκκλησίᾳ
1264 2618 1512 2673 θαπτέτω
1553 2620 1764 2690 νεκρόν.
1793 2619 1905 2673 Καὶ

354 2705 495 2758 κατὰ
529 2705 621 2759 τὸν
666 2705 867 2769 ἔξωθεν
917 2707 1085 2762 αὑτοῦ
1129 2709 1382 2780 κείμενον
1416 2709 1664 2773 παλαιὸν,
1692 2710 1787 2764 τὸν
1812 2709 1904 2763 λέ-

351 2812 539 2863 γονταο
573 2798 690 2851 Οὐκ
731 2796 908 2865 ἔξεστι
942 2799 1168 2853 θάπτειν
1198 2800 1319 2854 τινὰ
1356 2802 1414 2854 ἔν
1460 2799 1743 2871 ἐκκλησίᾳ,
1777 2798 1905 2854 ἔνθα

351 2887 591 2955 δηλονότι
637 2888 911 2960 μάρτυρος
959 2891 1137 2943 ἐκεῖσε
1165 2891 1323 2961 σῶμα
1361 2891 1667 2963 ἀπόκειται)
1693 2908 1708 2923 ο
1732 2892 1812 2956 είς
1848 2891 1907 2946 δὲ

353 2978 478 3042 τοὺς
540 2978 614 3049 μὴ
678 2978 821 3033 οὕτω
874 2980 1325 3052 καθιερωθέντας,
1360 2983 1547 3050 ἁγίους
1585 2984 1907 3056 εύκτηρίους

2003 1885 2186 1931 cratas
2245 1891 2344 1947 per
2396 1876 2729 1934 initiatorias
2793 1879 3205 1947 dedicationes,
3260 1892 3318 1940 et
3378 1887 3561 1941 throni

2002 1967 2476 2038 inaugurationem
2514 1971 2802 2040 sanctique
2833 1974 3095 2041 unguenti
3131 1976 3463 2041 unctionem,
3508 1989 3564 2033 et

2003 2067 2318 2117 sanctarum
2348 2061 2698 2131 reliquiarum
2747 2072 3048 2134 martyrum
3092 2065 3562 2138 iudigitationetn;

2001 2160 2056 2206 et
2092 2166 2188 2210 eas
2221 2168 2343 2224 quae
2373 2155 2454 2210 sic
2497 2154 2851 2210 sanctiﬁcata:
2882 2171 2991 2211 non
3026 2168 3177 2224 sunt,
3210 2160 3563 2230 obtinentque

2001 2245 2228 2299 oratorii
2263 2246 2465 2301 locum.
2507 2245 2743 2316 ideoque
2771 2247 2825 2301 in
2852 2248 3053 2316 quibus
3089 2249 3339 2304 videlicet
3360 2261 3567 2321 marty-

2000 2333 2128 2389 rica:
2167 2335 2408 2405 reliquias
2434 2336 2726 2391 reconditae
2755 2343 2900 2402 sunt,
2919 2346 2974 2392 et
3003 2337 3178 2392 sancti
3195 2342 3453 2410 unguenti
3480 2342 3563 2396 in»

2003 2423 2236 2479 tervenit
2299 2424 2506 2487 unctio,
2557 2423 2858 2499 humanum
2919 2426 3296 2496 qualecunque
3331 2430 3563 2486 cadaver

2003 2528 2113 2568 non
2139 2512 2456 2581 sepelietur,
2481 2512 2640 2580 juxta
2674 2511 2711 2568 2
2737 2520 2922 2582 caput,
2955 2514 2982 2568 1
3031 2515 3137 2580 tit.,
3183 2515 3217 2569 ὅ
3241 2515 3335 2571 lib.
3373 2516 3570 2572 Basili-

2004 2614 2190 2656 corum
2215 2600 2501 2671 inquiens:
2524 2600 2719 2656 Nullus
2752 2602 2807 2655 in
2832 2601 3065 2658 ecclesia
3091 2605 3391 2671 sepeliatur
3418 2620 3565 2662 more

2005 2699 2155 2746 tuus.
2191 2690 2260 2745 Et
2294 2692 2594 2746 secundum
2619 2701 2853 2748 veterem
2866 2700 2918 2757 γ,
2946 2703 3097 2748 extra
3127 2709 3251 2750 eum
3293 2698 3567 2767 positum:

2003 2780 2123 2838 Non
2152 2781 2279 2837 licet
2303 2782 2535 2850 sepelire
2563 2796 2893 2852 quemquam
2928 2782 2982 2839 in
3004 2783 3257 2852 ecclesia,
3284 2787 3375 2843 ubi
3412 2787 3565 2844 scili-

2008 2880 2096 2927 cet
2131 2871 2385 2944 martyris
2410 2887 2607 2942 corpus
2629 2873 2933 2943 depositum
2955 2885 3057 2930 est.
3080 2875 3139 2929 in
3162 2879 3366 2932 sanctis
3382 2887 3564 2934 autem

2007 2963 2268 3018 oratoriis
2334 2964 2640 3034 appellatis,
2667 2980 2790 3035 quas
2824 2967 2901 3020 ita
2929 2975 3249 3023 consecrata
3281 2984 3391 3025 non
3417 2979 3564 3037 sunt,

354 3067 906 3139 κατονομαζομένους,
991 3071 1288 3135 ἀκινδύνως
1381 3055 1905 3144 ὲνταφιασθήσονται
1928 3080 1976 3144 c
2006 3055 2250 3127 τθιίιιυίω
2265 3056 2385 3112 Sine
2412 3057 2655 3128 Ρθΐίευλο
2681 3057 3029 3153 εθρςιίειιιυτο

355 3158 411 3212 λε
421 3158 542 3228 ίψαν
552 3179 582 3212 1
591 3200 605 3215 .

434 3251 635 3318 Ἐρώτ.
691 3250 794 3312 λθ’.
849 3252 1107 3307 Κὰτοικοί
1154 3271 1314 3308 τινων
1369 3255 1612 3326 ὲνοριιῖιν,
1648 3257 1748 3320 τὰς
1798 3257 1909 3311 τῶν

357 3342 574 3396 οἱκείων
606 3343 906 3416 ἀρχιερέων
936 3346 1272 3415 χειροτονίας
1311 3348 1756 3417 παραιτούμενοι,
1789 3348 1910 3402 ἐτό-

363 3449 470 3503 ρων
504 3434 726 3503 ὲνοριῶν
758 3434 1078 3498 ἐπισκόποις
1111 3435 1502 3507 προσέρχονται
1538 3437 1632 3492 καὶ
1671 3455 1912 3510 χειροτον-

358 3523 507 3587 νιῶν,
567 3524 748 3588 καθὼς
805 3525 1035 3588 ἕκαστος
1103 3525 1214 3597 ἔχει
1281 3526 1600 3598 θελήματος.
1659 3528 1720 3581 Ei
1783 3529 1911 3596 γοῦν

357 3613 614 3679 ἀσφαλῶς
649 3614 833 3678 αὐτοῖς
869 3616 1081 3682 γίνεται
1105 3616 1285 3679 τοῦτο,
1319 3618 1466 3687 ζητῶ
1502 3616 1714 3687 μαθεῖν.

442 3704 647 3760 Ἀπόκ.
688 3704 825 3768 Τοὺς
857 3705 954 3774 μὲν
980 3704 1330 3772 ἀναγνώστας
1372 3707 1497 3768 τοὺς
1540 3707 1909 3775 ἁθετήσαντας

359 3794 457 3857 τὰς
482 3794 815 3863 χειροτονίας
834 3794 943 3846 τῶν
965 3796 1272 3848 ἐπισκόπων
1286 3796 1484 3859 αὐτῶν,
1509 3796 1603 3850 καὶ
1624 3797 1701 3859 είς
1720 3798 1911 3868 ἑτέρας

359 3884 575 3952 ἑνορίας
626 3885 870 3953 μείζονος
914 3884 1245 3948 ἀξιωθέντας
1293 3884 1500 3956 βαθμοῦ
1539 3887 1625 3940 διὰ
1673 3887 1912 3957 χειροθε-

365 3971 486 4037 σίας
502 3973 886 4041 ὲπισκοπικῆς,
911 3973 1308 4042 ἁκοινωνησίας
1331 3974 1590 4043 ἐπιτιμίῳ
1613 3975 1663 4026 oi
1689 3974 1913 4038 κανόνες

361 4062 832 4117 καθυποῆάλλουσι
857 4077 872 4094 ο
917 4067 1009 4133 καὶ
1053 4065 1115 4117 οὐ
1167 4064 1326 4132 μόνον
1374 4064 1589 4127 αὐτοὺς,
1633 4064 1768 4119 ene
1817 4067 1914 4121 καὶ

357 4153 486 4214 τοὺς
544 4155 1035 4223 χειροτονήσαντας
1102 4152 1362 4218 τούτους,
1433 4155 1611 4216 καθὼς
1666 4155 1734 4210 τὰ
1785 4157 1913 4226 περὶ

359 4240 552 4294 τούτου
609 4226 942 4312 παρίσταται
996 4241 1103 4294 ἁπδ
1157 4242 1250 4295 τοῦ
1307 4241 1378 4296 νδ¹
1439 4243 1659 4307 κανόνος
1709 4242 1807 4313 τῆς
1854 4245 1913 4295 ὲν

361 4332 689 4403 Καρθαγὲνῃ
733 4332 987 4396 συνόδου,
1029 4334 1200 4388 ταῦτα
1230 4333 1370 4388 κατὰ
1417 4335 1568 4406 ρἧα
1613 4334 1914 4404 διαλαμϐά-

2083 3237 2281 3295 Interr.
2307 3238 2397 3296 39.
2414 3240 2784 3307 Quarumdam
2805 3243 3168 3312 parasciarum
3200 3243 3410 3309 incolat,
3440 3258 3571 3301 suo-

2011 3346 2131 3387 rum
2200 3331 2518 3402 pontiﬁcum
2578 3332 2951 3391 ordinationes
3015 3345 3362 3406 respuentes,
3429 3336 3566 3392 alia-

2011 3437 2135 3480 rum
2157 3423 2478 3481 dimcesium
2507 3430 2565 3480 et
2588 3424 2990 3481 ordinationum
3018 3427 3304 3497 episcopos
3341 3429 3563 3491 adeunt,

2011 3522 2174 3585 prout
2199 3514 2435 3585 quisque
2491 3513 2745 3569 vuit:an
2794 3522 2914 3570 tuto
2969 3514 3197 3583 faciant,
3247 3533 3434 3588 quaero
3480 3520 3564 3575 di-

2011 3620 2185 3661 scere.
2340 3619 2345 3623 ’

2084 3693 2243 3764 Resp.
2265 3693 2520 3750 Lectores
2546 3694 2789 3765 quidem.
2811 3695 2904 3765 qui
2934 3712 3157 3754 suorum
3188 3701 3567 3771 episcoporum

2013 3783 2386 3839 ordinationes
2411 3793 2769 3854 spreverunt:
2803 3794 2860 3841 et
2887 3788 2938 3840 in
2973 3788 3095 3843 aliis
3122 3791 3416 3857 provinciis
3456 3808 3572 3846 ms-

2008 3873 2182 3941 jorem
2221 3873 2447 3944 gradum
2475 3888 2570 3942 per
2599 3875 2921 3944 episcopalis
2950 3891 3142 3933 manus
3169 3879 3566 3948 impositionem

2017 3965 2297 4021 consecuti
2327 3973 2490 4030 sunt,
2521 3966 3102 4021 excommunicationis
3130 3982 3305 4036 poenae
3334 3983 3575 4025 canones

2019 4056 2341 4125 subjiciunt,
2371 4070 2473 4110 nec
2500 4069 2593 4110 eos
2618 4055 2796 4120 modo,
2819 4055 2913 4111 sed
2937 4065 2991 4110 et
3016 4071 3131 4122 eos,
3153 4060 3247 4127 qui
3286 4060 3569 4115 ordinave-

2013 4155 2163 4212 runt,
2184 4145 2637 4217 quemadmodum
2683 4147 3006 4215 exprimitur
3034 4163 3246 4204 canone
3269 4150 3338 4205 54
3375 4153 3566 4222 synodi

2015 4236 2485 4306 Carthaginensis,
2536 4237 2650 4290 haec
2701 4237 3095 4304 complectente
3146 4239 3213 4292 ad
3276 4242 3499 4294 verbum
3552 4258 3568 4294 :

2021 4326 2263 4382 Clericos
2285 4327 2341 4379 in
2364 4326 2594 4380 ecclesia
2615 4312 2858 4395 agentes,
2883 4336 2942 4380 ut
2970 4327 3081 4396 jam
3109 4328 3436 4393 deliniimus,
3463 4347 3570 4385 non

361 4437 544 4482 νοντος
577 4436 595 4452 ο
636 4420 947 4492 Κληρικοὺς
1002 4422 1084 4484 είς
1132 4421 1427 4487 ἐκκλησίαν
1478 4422 1785 4487 τελοῦντας,
1842 4422 1917 4485 ὡς

2024 4417 2185 4473 licere
2210 4416 2466 4472 ordinare
2509 4417 2563 4470 in
2601 4417 2741 4471 alius
2765 4417 3002 4472 civitatis
3032 4419 3283 4482 ecclesia,
3308 4421 3401 4475 sed
3438 4436 3570 4475 con-

360 4512 464 4581 ἧδη
484 4511 781 4581 ὡρίσαμεν,
803 4511 878 4582 μὴ
897 4510 1094 4576 ἐξεῖναι
1115 4514 1194 4575 είς
1209 4512 1372 4580 ἄλλης
1390 4512 1598 4575 πόλεως
1624 4513 1914 4566 τάττεσθαι

359 4601 677 4672 ἐκκλησίαν,
713 4601 851 4654 ἁλλὰ
898 4602 1144 4672 στέργειν
1186 4602 1400 4670 εκείνην
1427 4605 1484 4656 ὲν
1520 4597 1554 4674 ᾖ
1583 4603 1918 4674 λειτουργεῖν

361 4690 425 4756 ἐξ
446 4692 622 4763 ἀρχῆς
656 4689 969 4761 ἠξιώθησαν
989 4708 1004 4723 ⁸
1048 4692 1202 4755 ὲκτὺς
1242 4693 1464 4748 ἐκείνων
1491 4694 1685 4756 οἵτινες
1718 4693 1917 4748 ἁπολὲ-

364 4795 562 4844 σαντσς
587 4781 685 4843 τὰς
718 4781 853 4846 ἰδίας
896 4781 1185 4849 πατρίδας,
1220 4780 1323 4834 ὑπὸ
1361 4783 1605 4852 ἀνάγκης
1638 4785 1718 4846 είς
1749 4784 1917 4852 ἄλλην

361 4870 659 4937 ἐκκλησίαν
691 4871 974 4940 μετῆλθον.
1008 4872 1070 4924 Ei
1095 4870 1151 4924 δέ
1186 4888 1271 4933 τις
1308 4871 1624 4937 ἐπίσκοπος,
1658 4874 1797 4943 μετὰ
1823 4875 1920 4927 τὸν

362 4957 491 5026 ὅρον
543 4957 752 5020 τοῦτον,
799 4957 944 5026 ἄλλῳ
983 4956 1265 5024 ἔπισκόπῳ
1310 4959 1653 5028 προσήκοντα
1702 4958 1918 5029 δέξηται

364 5043 655 5114 κληρικδν,
702 5044 882 5110 ἔδοξεν
906 5044 1271 5114 ἀκοινώνητον
1296 5040 1436 5099 εἷναι
1461 5047 1554 5099 καὶ
1587 5047 1678 5101 τὸν
1706 5048 1920 5119 δεχθέν-

364 5150 438 5187 τα
463 5135 558 5188 καὶ
578 5134 669 5189 τὸν
710 5132 1004 5203 δεξάμενον
1024 5147 1038 5163 ·
1074 5133 1181 5198 ἓως
1208 5133 1276 5189 ἂν
1299 5136 1328 5188 ὁ
1359 5136 1629 5205 μεταστὰς
1662 5137 1921 5209 κληρικὸς

365 5227 449 5292 εις
492 5226 592 5296 τὴν
643 5226 777 5280 ίδίαν
823 5226 1089 5296 ὲπανέλθη
1130 5225 1470 5294 Ἐκκλησίαν.
1517 5227 1654 5297 Περὶ
1704 5228 1762 5282 δὲ
1812 5228 1922 5283 τῶν

366 5314 576 5369 λαῖκῶν
626 5315 965 5385 συνεζητήθη
1014 5315 1163 5369 Δποτὲ
1218 5315 1370 5384 παρὰ
1425 5315 1597 5389 ταύτῃ
1657 5320 1723 5388 τῇ
1789 5318 1922 5388 ἁγίᾳ

368 5403 574 5473 συνόδῳ
606 5403 706 5472 τῆς
732 5404 839 5457 τῶν
878 5402 1522 5457 Κωνσταντινουπολιτῶν
1567 5405 1913 5474 Ἐκκλησίας,

370 5493 862 5564 πατριαρχεύοντος
887 5493 981 5549 τοῦ
1018 5494 1319 5563 ἁγιωτάτου
1350 5494 1411 5547 tv
1435 5494 1796 5566 πατριάρχαις
1827 5500 1923 5552 καὶ

2023 4517 2203 4561 lentos
2221 4520 2343 4560 esse
2370 4506 2481 4569 illa,
2517 4506 2570 4558 in
2593 4519 2701 4573 qua
2738 4506 2807 4558 ab
2836 4505 2995 4558 initio
3025 4507 3337 4569 ministrare
3367 4525 3578 4565 merue-

2021 4609 2149 4653 runt
2193 4615 2209 4651 :
2250 4598 2318 4651 iis
2357 4598 2622 4665 exceptis,
2655 4598 2747 4665 qui
2787 4598 2984 4651 amissa
3020 4614 3118 4653 sua
3148 4600 3343 4668 patria,
3373 4617 3440 4656 ex
3474 4619 3572 4656 ne-

2019 4689 2275 4744 cessitate
2323 4690 2379 4741 in
2434 4688 2597 4740 aliam
2643 4690 2924 4742 ecclesiam
2977 4689 3295 4757 migrsrunt.
3336 4692 3490 4759 Quod
3526 4697 3571 4749 si

2019 4779 2144 4847 quis
2187 4777 2476 4845 episcopus
2528 4780 2649 4844 post
2693 4779 2830 4831 hanc
2876 4768 3279 4842 deﬁnitionem,
3315 4783 3573 4838 clericum

2019 4866 2321 4934 susceperit
2348 4864 2415 4917 ad
2446 4864 2613 4919 aliisin
2657 4867 2974 4935 episcopum
3005 4871 3364 4938 pertinentem
3392 4911 3407 4935 ,
3453 4874 3572 4942 pla-

2019 4959 2135 5013 cuit
2159 4956 2688 5010 eacommunicatum
2712 4973 2852 5021 esse,
2891 4968 2996 5012 tam
3038 4972 3373 5030 susceptum,
3408 4978 3572 5032 quam

2021 5046 2432 5114 suscipientem,
2456 5045 2631 5099 donec
2656 5047 2751 5115 qui
2788 5050 3040 5118 migravit
3067 5052 3321 5116 clericus,
3354 5053 3420 5107 ad
3447 5068 3573 5122 pro-

2019 5136 2196 5206 priam
2226 5133 2513 5189 ecclesiam
2547 5142 2865 5190 revertatur.
2902 5138 2976 5192 De
3022 5139 3176 5194 laieis
3199 5150 3377 5195 autem
3413 5142 3568 5204 simul

2022 5225 2309 5294 quasitum
2367 5233 2453 5277 est
2505 5224 2563 5276 in
2609 5232 2795 5278 sancta
2849 5224 3575 5297 Constantinopolitanorum

2024 5314 2281 5370 Ecclesiae
2320 5313 2551 5385 synodo,
2582 5314 3002 5383 patriarchatum
3041 5316 3320 5373 obtinente
3349 5320 3575 5374 sanctis-

2024 5408 2164 5462 simo
2207 5406 2346 5460 inter
2394 5402 2729 5473 patriarchas
2793 5415 2850 5460 et
2897 5407 3302 5476 sapientissimo
3352 5409 3577 5464 domino

2025 5495 2284 5552 Michaele
2305 5493 2591 5561 Anchiale,
2627 5502 2683 5549 et
2719 5510 2905 5552 mense
2930 5496 3243 5566 Novembri,
3278 5499 3576 5555 indictione

1651 5611 1884 5666 VARI/{‘3
1905 5608 2306 5667 LECTIONES.

448 5707 467 5744 ί
496 5723 585 5775 per;
626 5705 997 5772 supellectilem
1027 5704 1272 5772 beneﬁcia
1313 5705 1510 5758 tributa
1550 5714 1691 5759 stntt.

370 5782 407 5817 κ
436 5786 711 5833 cadauera.
778 5785 806 5827 7
835 5777 1052 5841 scilicet,
1086 5776 1438 5839 interpretem.

1772 5716 1796 5743 υ
1837 5705 2242 5775 polystaurium.

2316 5712 2341 5740 ν
2368 5717 2587 5769 quarunt
2621 5702 2833 5757 nomina
2873 5703 3171 5772 referuntur
3215 5706 3268 5760 in
3300 5706 3463 5761 sacris
3483 5705 3572 5761 ad.
