4020 6402
358 380 463 443 993

1179 382 1568 444 RESPONSl
1620 386 1721 444 AD
1764 387 2498 451 lNIl‘ERROGATIONES
2536 392 2798 455 MARCI.

3475 399 3583 462 953i

430 505 624 573 Ἐρώτ.
692 507 799 577 μβ’.
867 511 987 572 Τοῖς
1058 511 1547 581 παλλακευομένας
1622 532 1936 585 συγχωρηση

2080 513 2276 570 Inlcrr.
2316 516 2403 571 42.
2435 518 2488 571 1η
2510 519 2873 573 concubinatu
2904 517 3188 586 agentibus
3218 515 3578 586 permittenda

350 600 446 652 τέα
483 600 631 653 ἐστὶν
682 602 721 671 ἡ
770 602 877 655 τῶν
914 603 1073 657 θείων
1108 604 1465 674 ἀγιασμάτων
1520 606 1840 677 μετάληψις,
1877 609 1910 678 ἢ

347 689 444 756 ei");

428 780 623 835 Ἆπόκ.
662 783 720 837 '0
744 782 915 852 μέγας
941 785 995 835 ἐν
1024 785 1334 854 ἀρχιερεῦσι
1351 783 1626 847 Βασίλειος
1654 787 1710 837 ἐν
1725 785 1912 853 διαφόο
1979 823 1983 826 ρ

352 887 463 938 pot;
485 873 704 925 κανόσιν
725 873 889 928 αὑτοῦ
915 876 975 926 οὐ
1010 875 1224 928 δίδωσιν
1276 877 1461 930 ἄδειαν
1511 879 1623 940 τοῖς
1691 876 1915 946 πορνεύ-

346 977 466 1012 ουσι
492 961 601 1013 τῶν
638 962 798 1016 θείων
828 964 1185 1032 ἁγιασμάτων
1235 963 1696 1033 μεταλαμϐάνειν.
1741 963 1829 1015 Ἐν
1856 963 1913 1015 δὲ

346 1050 424 1118 τῷ
467 1058 519 1104 π’
573 1056 756 1106 κανόνι
810 1054 975 1106 αὑτοῦ
1030 1054 1342 1123 διορίζεται,
1374 1056 1472 1123 τὴν
1523 1053 1911 1123 πορνεύουσαν,

346 1145 661 1196 ἀποστᾶσαν
693 1149 788 1214 τῆς
817 1146 1091 1215 πορνείας,
1126 1148 1198 1215 μὴ
1234 1145 1586 1211 άπεντεῦθεν,
1607 1145 1741 1199 ἀλλὰ
1777 1146 1915 1215 μετὰ

344 1235 585 1304 τριετίαν
607 1236 713 1288 τῶν
737 1236 893 1290 θείων
918 1237 1273 1307 άγιασμάτων
1298 1239 1750 1308 μεταλαμϐάνειν.

431 1326 629 1393 Ἔρὼτ.
691 1326 801 1397 μγ’.
878 1330 942 1382 Ἡ
1012 1330 1383 1399 συμπενοερία
1437 1331 1546 1382 τῶν
1607 1331 1909 1383 συντέκνων

349 1417 513 1486 μέχρι
541 1420 707 1471 πόσου
741 1419 949 1488 βαθμοῦ
977 1421 1241 1473 κωλύεται
1267 1438 1281 1482 ;

415 1505 621 1558 Ἀπόκ.
669 1506 726 1557 ’0
758 1508 855 1573 μὲν
889 1505 970 1575 νγ⁹
997 1509 1178 1560 κανὼν
1207 1509 1303 1576 τῆς
1344 1511 1401 1561 ἐν
1430 1510 1505 1576 τῷ
1535 1509 1787 1579 Τρούλλῳ
1821 1509 1913 1563 τοῦ

348 1596 583 1664 μεγάλου
616 1598 882 1651 παλατίου
916 1601 1187 1668 συστάσης
1216 1601 1376 1667 ἁγίας
1406 1601 1500 1652 καὶ
1530 1602 1915 1670 οίκουμενικῆς

346 1687 562 1740 συνόδου
602 1689 818 1753 κολάζει
857 1691 980 1752 τους
1008 1691 1301 1761 ἀναδόχους
1348 1692 1716 1744 συνάπτεσθαι
1748 1709 1916 1759 γαμι-

346 1779 457 1840 ad);
495 1783 616 1842 ταῖς
659 1783 898 1850 μητράσι
948 1781 1058 1833 τῶν
1104 1784 1168 1834 ὲκ
1208 1782 1302 1834 τοῦ
1354 1782 1511 1849 ἁγίου
1544 1782 1913 1852 βαπτίσματος

346 1869 749 1938 ἀναδεχθέγτιιΝ
813 1872 1040 1925 παίδων.
1116 1874 1225 1926 Καὶ
1276 1872 1417 1940 μετὰ
1464 1874 1765 1927 ἀπόστασιν
1822 1874 1915 1927 τοῦ

346 1960 541 2022 κακοῦ,
592 1948 998 2015 καθυποεόιλλει
1031 1965 1396 2032 πορνευόντων
1430 1966 1712 2035 ἐπιτιμίῳ.
1754 1964 1826 2018 Τὸ
1862 1966 1917 2019 δὲ

343 2052 651 2106 τελευταῖον
687 2054 965 2121 θέσπισμα
1009 2054 1102 2107 τοῦ
1131 2053 1161 2107 ι’
1194 2055 1485 2122 κεφαλαίου
1526 2056 1618 2109 τοῦ
1669 2054 1710 2111 ε’
1739 2057 1915 2111 τίτλου

342 2145 434 2197 τοῦ
466 2151 552 2214 κη’
589 2146 796 2215 βιϐλίου
828 2147 932 2198 τῶν
960 2147 1267 2201 Βασιλικῶν
1297 2148 1390 2200 ἐπὶ
1421 2146 1583 2201 πλέον
1616 2147 1916 2202 ἐπεκτείνει

342 2238 442 2307 τὴν
467 2238 708 2291 κόλασιν.
745 2239 862 2290 ’Ότι
886 2239 941 2290 δὲ
962 2241 1055 2291 καὶ
1074 2242 1101 2291 ὀ
1120 2238 1377 2309 δηλωοεὶς
1410 2239 1589 2294 κανὼν
1615 2242 1709 2294 καὶ
1738 2241 1768 2292 ὁ
1800 2241 1918 2294 δια-

342 2328 568 2397 ληφθεὶς
596 2330 760 2398 ιιόμος
801 2331 1021 2399 μείζονα
1048 2331 1145 2399 τὴν
1177 2331 1318 2383 κατὰ
1346 2330 1561 2400 πνεῦμα
1597 2331 1916 2399 συγγένειαν

343 2422 556 2487 λέγουσι
586 2425 685 2490 τῆς
721 2422 1036 2490 σωματικῆς
1062 2421 1377 2490 συναφείας,
1402 2421 1591 2488 γέγονε
1625 2422 1917 2492 σημείωμα

346 2514 620 2566 συνοδικὸν
651 2514 742 2566 ἐπὶ
767 2514 859 2567 τοῦ
888 2514 1218 2580 ἁγιωτάτου.
1262 2513 1504 2566 Ἑκείνου
1540 2514 1915 2584 παρτριάρχου

342 2605 532 2673 κυρίου
571 2605 864 2663 Νικολάου.
892 2603 1034 2657 κατὰ
1073 2604 1218 2673 μῆνα
1238 2605 1414 2657 Μάῖον
1440 2603 1540 2671 τῆς
1572 2600 1633 2655 ιε’
1660 2605 1918 2676 ἐπινεμή-

345 2713 502 2758 σεως,
532 2696 626 2748 ἐπὶ
682 2698 952 2766 ἐρωτήσει
1000 2696 1095 2749 τοῦ
1151 2698 1457 2767 ὑπερτίμου
1485 2695 1693 2750 ἐκείνου
1725 2700 1915 2769 κυρίου

342 2788 643 2857 Γρηγορίθυ
671 2786 764 2839 τοῦ
788 2786 986 2857 Ξηροῦ,
1025 2786 1393 2856 διοριζόμενον
1419 2792 1530 2853 τοῖς
1560 2793 1741 2853 αὐτοῖς
1771 2792 1918 2858 ὅροις

343 2873 737 2943 συσφίγγεσοαι
789 2876 880 2928 καὶ
932 2874 1313 2942 ὑφαπλοῦσθαι
1346 2878 1442 2945 τὴν
1463 2879 1551 2932 διὰ
1581 2880 1681 2949 τῆς
1725 2897 1915 2932 συντε-

344 2963 496 3026 xxix;
522 2968 799 3019 συστᾶσαν
844 2967 1223 3037 πνευματικὴν
1266 2970 1605 3037 συγγένειαν,
1633 2965 1713 3034 οἷς
1737 2970 1832 3023 καὶ
1858 2970 1914 3022 al

346 3059 654 3125 σωματικαὶ
679 3059 988 3124 συγγένειαι
1010 3058 1434 3130 περιορίζονται.

428 3147 625 3216 Ἐρώτ.
678 3147 781 3217 μδ’.
836 3147 900 3200 Ἡ
960 3150 1112 3220 χώρα
1148 3151 1259 3203 τῶν
1337 3150 1729 3222 Ἀλεξανδρέων
1785 3152 1917 3205 πολ·
1944 3159 1992 3220 c

341 3236 460 3298 λαίς
515 3239 743 3305 μυριάσι
801 3241 1293 3310 γενεαλογουμένη,
1348 3242 1446 3295 καὶ
1515 3241 1914 3313 πληθυνομένη,

338 3328 638 3398 ὀρθοδόξων
694 3331 1178 3398 Χριστιανῶν......
1232 3332 1503 3401 ζητοῦμεν
1549 3331 1667 3387 οὖν’
1704 3334 1915 3402 μαθεῖν,

343 3423 391 3472 εί
445 3420 656 3487 ἐφεῖται
713 3421 807 3472 καὶ
857 3422 1005 3483 ὲντδς
1052 3422 1143 3475 τοῦ
1198 3420 1253 3486 ς’
1297 3422 1506 3493 βαθμοῦ
1569 3425 1919 3495 συνάλλαγμα

343 3510 590 3575 γίνεσθαι
647 3511 912 3578 γαμικὸν,
973 3510 1060 3564 διὰ
1097 3509 1196 3582 τὴν
1245 3513 1491 3582 ἀνάγκην
1537 3513 1632 3565 τοῦ
1663 3515 1920 3585 πράγμα-

343 3619 453 3655 τος.
556 3652 565 3657 ,

427 3695 620 3748 Ἁπόκ.
656 3696 719 3747 Ol
748 3694 878 3748 θεῖοι
906 3693 1002 3747 καὶ
1034 3694 1166 3762 ἱεροὶ
1196 3694 1420 3757 κανόνες
1454 3697 1547 3748 καὶ
1572 3695 1726 3763 νόμοι
1758 3698 1919 3766 χάριν

343 3787 449 3839 τῶν
482 3788 736 3856 γαμικῶν
792 3785 1251 3857 συναλλαγμάτων
1304 3787 1363 3837 ὲν
1419 3789 1584 3842 πᾶσιν
1615 3788 1919 3859 ὁμοφρονήσ-

342 3895 556 3940 σαντες,
584 3880 677 3931 καὶ
727 3878 1039 3948 θεαρέστοις
1090 3877 1442 3947 σχοινίσμασι
1490 3880 1585 3932 καὶ
1626 3880 1918 3948 διδάγμασι

343 3970 411 4021 τά
436 3959 672 4038 γαμικά’
691 3969 1100 4039 περιορίσαντες
1142 3950 1585 4039 συναλλάγματα.
1614 3971 1674 4034 ἐξ
1713 3972 1922 4041 οίουδή-

340 4076 490 4120 τινος
515 4059 719 4129 τρόπον
754 4057 990 4123 ἐξελθεῖν
1029 4057 1202 4112 ταῦτα
1244 4059 1344 4111 οὐκ
1386 4059 1733 4129 ἐξεχώρησαν
1759 4077 1772 4089 ·
1804 4059 1920 4112 ἀλλ’

345 4149 440 4200 ἐπὶ
475 4148 570 4217 μὲν
595 4149 704 4200 τῶν
751 4149 1012 4203 ἀνιόντων
1061 4149 1152 4201 καὶ
1192 4149 1489 4202 κατιόντων
1528 4151 1628 4218 τὴν
1675 4151 1921 4221 γαμικὴν

346 4239 645 4308 συνάφειαν
675 4239 886 4292 κεκωλυ
898 4240 1064 4308 μένην
1094 4235 1235 4293 εἶναι
1263 4241 1544 4303 παντελῶς
1574 4242 1917 4313 διωρίσαντο⁸

340 4329 453 4382 τῶν
483 4332 546 4383 ἐκ
581 4331 813 4399 πλαγίου
862 4330 921 4382 δὲ
950 4330 1049 4401 τὴν
1094 4332 1418 4398 συγγένειαν
1453 4332 1646 4401 μέχρις
1690 4333 1919 4403 ὲόδόμου

344 4420 556 4490 βαθμοῦ
616 4421 840 4483 δικαίως
900 4420 1365 4493 ὲστενοχώρησαν.
1412 4421 1523 4488 Τὴν
1564 4421 1621 4475 δὲ
1656 4422 1716 4486 ἐξ
1743 4424 1918 4493 ,ἀγχι-

343 4509 551 4571 στείας,
588 4511 707 4577 ἦτοι
768 4508 1193 4577 συμπενθερίας,
1242 4509 1581 4576 συγγένειαν.
1630 4511 1771 4563 κατὰ
1822 4510 1914 4563 τὸν

339 4600 500 4652 ἕκτον
518 4599 724 4668 βαθμὸν
747 4600 1043 4653 ἀπέλυσαν.
1073 4598 1376 4667 Ὀφείλουσι
1389 4600 1520 4668 γοῦν
1542 4600 1636 4653 καὶ
1664 4601 1714 4654 oi
1736 4601 1915 4669 Ἀλεξ-

339 4689 555 4760 ανδρείς
596 4690 739 4743 οὕτω
771 4690 1028 4758 γαμικῶς
1078 4691 1479 4752 συναλλάττειν,
1518 4693 1612 4744 καὶ
1657 4693 1756 4761 τὴν
1793 4710 1915 4745 στε-

339 4780 607 4849 νοχωρίαν
640 4780 749 4831 τῶν
803 4777 1098 4845 ὀρθοδόξων
1125 4779 1466 4848 Χριστιανῶν
1510 4784 1590 4843 εἰς
1637 4782 1912 4850 ἁμαρτίας

338 4869 616 4937 δικαίωμα
666 4867 743 4938 μὴ
766 4867 1181 4938 προϐάλλεσθαι.
1214 4869 1683 4938 Διασπασθήσεται
1719 4871 1827 4940 γὰρ
1855 4871 1916 4925 τδ

342 4960 494 5028 παρὰ
517 4959 689 5012 ταῦτα
718 4959 1081 5029 γενησόμενον
1111 4958 1441 5012 συνοικέσιον
1475 4975 1490 4989 ο
1518 4962 1610 5013 καὶ
1635 4964 1914 5032 μοιχευόν-

341 5066 452 5102 των
489 5051 786 5121 ἐπιτιμίοις
814 5051 866 5103 oi
901 5050 962 5103 τὸ
986 5050 1243 5119 ἀθέμιτον
1300 5051 1727 5115 συναλλάξαντες
1772 5054 1911 5107 καθ·-

342 5141 842 5212 υποῦληθήσονται.
890 5141 1044 5194 Ἐπεὶ
1071 5141 1129 5194 δὲ
1166 5141 1261 5194 καὶ
1312 5141 1419 5193 άπὸ
1466 5140 1560 5193 τοῦ
1594 5142 1761 5212 τόμου
1815 5143 1911 5198 τοῦ

343 5232 652 5298 άγιωτάτου
679 5232 1020 5301 πατριάρχου
1055 5230 1264 5283 ἐκείνου
1302 5230 1493 5299 κυρίου
1524 5230 1786 5284 Σισιννίου
1817 5232 1913 5285 δύο

344 5320 553 5390 πρῶτοι
583 5318 866 5390 ὲξάδελφοι
915 5320 1011 5373 δύο
1032 5316 1290 5388 ’ἀδελφὰς
1336 5319 1398 5372 οὐ
1424 5319 1781 5389 λαμϐάνουσι,
1817 5324 1912 5376 καὶ

342 5410 540 5475 ταῦτα,
571 5412 666 5465 τοῦ
717 5412 1166 5482 συναλλάγματος
1200 5412 1536 5482 ἀναγομένου
1561 5414 1641 5473 είς
1667 5413 1824 5465 ἕκτον
1850 5413 1912 5478 se

344 5501 658 5570 ἀγχιστείας
693 5501 921 5572 βαθμὸν,
950 5501 1041 5555 ἔσο
1077 5503 1172 5556 καὶ
1196 5502 1265 5555 τὰ
1299 5503 1425 5573 περὶ
1483 5502 1672 5555 τούτου
1709 5502 1864 5567 εἰδώς
1889 5520 1905 5536 ο

348 5589 436 5642 ίνα
467 5589 541 5662 μὴ
566 5595 707 5647 κατὰ
724 5592 898 5665 λήθην
926 5593 1002 5665 τῷ
1028 5594 1124 5665 τῆς
1146 5592 1473 5664 Ἐκκλησίας
1495 5592 1605 5647 ἔθει
1637 5592 1913 5665 ψυχοϐλαο

347 5677 460 5743 σῶς
477 5684 824 5754 ὲναντιωθῇς.

2014 615 2098 661 εει
2121 606 2428 662 divinarum
2455 610 2946 663 sanctilicationum
2975 608 3338 679 participatio,
3370 608 3583 664 necne?

2082 783 2237 853 Resp.
2277 784 2505 856 Magnus
2546 787 2598 841 in
2633 787 2970 842 antistitibus
3009 787 3263 851 Basilius,
3323 787 3379 841 in
3412 789 3582 845 variis

2015 875 2321 929 canonibus
2349 876 2463 930 suis
2493 891 2600 930 non
2626 876 2720 929 dat
2748 876 3117 931 scortantibus
3145 876 3416 930 licentiam
3446 878 3583 931 divi-

2017 978 2115 1017 nas
2142 965 2601 1019 sanctilicationcs
2628 966 2961 1033 assumendi.
2996 964 3051 1017 In
3075 965 3144 1020 80
3171 974 3346 1020 autem
3373 982 3581 1020 canone

2016 1051 2226 1115 delinit,
2274 1058 2676 1118 scortatricem,
2710 1070 2829 1123 qua:
2874 1070 2903 1108 a
2935 1056 3267 1110 scortatione
3308 1055 3580 1119 discessit,

2016 1157 2125 1195 non
2163 1143 2375 1204 exinde,
2402 1145 2495 1197 sed
2532 1152 2656 1212 post
2682 1144 2998 1208 triennium,
3035 1144 3343 1198 divinarum
3375 1144 3582 1198 sancti-

2019 1230 2331 1284 ﬁcationum
2363 1232 2688 1300 participem
2724 1231 2861 1285 ﬁeri.
3039 1296 3043 1303 ,

2088 1320 2285 1373 lnterr.
2335 1324 2427 1375 45.
2458 1303 2857 1377 Consoccratus
2887 1313 3231 1391 compatrum
3257 1322 3324 1376 ad
3353 1330 3580 1391 quotum

2020 1428 2191 1479 usque
2228 1413 2450 1482 gradum
2490 1412 2859 1481 prohibetur?

2085 1500 2240 1569 Resp.
2311 1500 2497 1556 Canon
2557 1502 2773 1570 quidem
2816 1501 3297 1571 quinquagesimus
3351 1509 3582 1568 quartus

2018 1604 2219 1647 sanctae
2242 1603 2295 1647 et
2325 1595 2674 1649 mcumcnicaa
2703 1593 2997 1664 synodi,in
3017 1592 3201 1646 Trullo
3219 1592 3395 1660 magni
3428 1591 3583 1659 pala-

2018 1684 2077 1738 tii
2110 1696 2330 1747 coactat,
2374 1694 2517 1737 vetat
2560 1695 2906 1753 suscciptores
2946 1684 3217 1737 connubio
3257 1681 3406 1752 ,ἰυηεὶ
3455 1696 3577 1735 cum

2019 1774 2286 1829 matribus
2324 1774 2611 1828 infantium
2646 1789 2676 1828 ο
2713 1784 2902 1828 sancto
2927 1775 3142 1828 lavacro
3172 1784 3576 1843 susceptorum,

2017 1876 2071 1919 et
2107 1874 2225 1935 post
2279 1865 2672 1920 discessionem
2707 1881 2735 1919 a
2769 1865 2934 1931 malo,
2977 1865 3194 1935 subjicit
3222 1865 3580 1919 scortantium

2019 1972 2213 2025 poenae.
2239 1957 2474 2012 Ultimus
2507 1966 2685 2011 autem
2730 1957 3033 2011 versiculus
3079 1958 3145 2009 10
3170 1971 3224 2010 c.
3265 1956 3319 2018 5,
3364 1956 3446 2009 tit.
3482 1955 3576 2021 28,

2019 2044 2159 2099 libro
2209 2045 2509 2108 Basilicwv,
2551 2046 2779 2101 alterius
2809 2047 3141 2115 punitionem
3171 2047 3430 2100 extendit.
3471 2045 3581 2100 Sed

2018 2138 2280 2206 quoniam
2316 2146 2369 2191 et
2413 2136 2722 2191 declaratus
2753 2152 2955 2207 canon,
2989 2144 3043 2191 et
3074 2152 3237 2206 supra
3267 2120 3468 2207 scripta
3496 2137 3579 2192 lex

2017 2225 2319 2294 spiritalem
2347 2227 2726 2294 cognationem
2749 2227 2934 2280 dicunt
2952 2227 3208 2292 majorem
3236 2227 3579 2295 conjunctio-

2019 2330 2091 2368 ne
2144 2314 2418 2383 corporali
2471 2330 2486 2367 :
2546 2313 2685 2369 facta
2739 2313 2842 2367 fuit
2867 2317 3127 2385 synodica
3174 2316 3580 2384 subnotationc,

2016 2413 2264 2476 tempore
2295 2407 2635 2461 sanctissimi
2662 2406 2808 2460 illius
2832 2406 3174 2474 patriarchae,
3195 2406 3400 2461 domini
3420 2405 3583 2461 Nico-

2018 2498 2113 2560 lai,
2146 2511 2333 2551 mense
2366 2496 2529 2562 Maio,
2575 2497 2977 2568 decimaquinta
3015 2497 3334 2561 indictione,
3392 2497 3458 2550 ad
3502 2499 3584 2552 in-

2019 2589 2438 2658 terrogationem
2501 2600 2758 2659 perquam
2811 2590 3112 2644 honorandi
3168 2589 3313 2645 illius
3371 2590 3579 2645 domini

2016 2677 2265 2749 Gregorii
2294 2678 2446 2746 Xeri,
2482 2681 2748 2735 deﬁniens
2783 2681 2974 2736 iisdem
3006 2681 3305 2750 constringi
3338 2689 3392 2735 ct
3418 2684 3585 2753 εχριί-

2014 2774 2127 2827 cari
2160 2776 2410 2829 terminis
2436 2774 2464 2814 δ
2489 2775 2809 2841 spiritalem,
2832 2788 2953 2840 quae
2975 2774 3581 2842 percompaternitatem

2015 2867 2377 2931 contrahitur,
2397 2867 2773 2936 cognationem
2798 2883 2812 2932 ;
2834 2866 3031 2936 quibus
3045 2866 3358 2934 corporales
3383 2881 3584 2936 cogna-

2020 2957 2201 3013 tiones
2230 2959 2781 3014 circumscribuntur.

2094 3141 2289 3195 Interr.
2315 3142 2404 3195 44.
2435 3140 2925 3194 Alexandrinorum
2962 3140 3110 3211 regio
3143 3140 3327 3194 multis
3360 3155 3584 3210 genera-

2024 3233 2231 3286 tionum
2289 3233 2626 3295 myriadilnts
2667 3233 2948 3301 populosa
3014 3244 3099 3286 eet
3140 3240 3194 3287 et
3236 3234 3582 3302 ampliﬁcata,

2018 3322 2352 3380 Christianis
2381 3333 2559 3376 autem
2595 3324 2920 3378 orthodoxis
2960 3333 3335 3389 roangustata.
3377 3325 3585 3390 Quaeri-

2021 3430 2143 3469 mus
2170 3431 2300 3484 ergo
2343 3416 2581 3479 discere,
2622 3429 2690 3468 an
2725 3415 3052 3483 permissum
3089 3417 3160 3469 sit
3189 3425 3241 3469 et
3280 3416 3423 3470 intra
3462 3434 3588 3472 sex-

2022 3515 2135 3559 tum
2161 3508 2387 3574 gradum
2413 3509 2631 3579 nuptias
2667 3510 3015 3574 contrahere,
3051 3516 3271 3579 propter
3297 3510 3373 3564 rei
3399 3526 3589 3566 neces-

2022 3598 2267 3652 sitatem.

2100 3689 2250 3757 Resp.
2287 3690 2459 3744 Divini
2477 3698 2531 3745 et
2556 3691 2697 3745 sacri
2717 3706 2976 3753 canones.
2996 3699 3050 3746 et
3074 3692 3236 3759 leges,
3261 3694 3581 3764 nnptialium

2020 3789 2401 3836 conti-actuum
2450 3795 2615 3835 causa
2668 3780 2722 3833 in
2763 3780 3018 3834 omnibus
3063 3782 3487 3842 consentientes;
3528 3792 3583 3838 et

2021 3877 2131 3932 Deo
2160 3876 2328 3946 gratis
2360 3876 2659 3930 intervallis
2682 3885 2734 3929 et
2757 3877 3037 3943 praeceptis
3071 3876 3337 3944 nuptiales
3365 3890 3584 3932 contra-

2021 3978 2144 4024 ctus
2172 3967 2707 4031 circumscribentes,
2745 3967 2896 4021 nullo
2934 3968 3093 4021 modo
3132 3983 3195 4020 ea
3223 3968 3404 4036 egredi
3440 3970 3582 4025 sive-

2025 4069 2148 4128 runt
2175 4077 2189 4113 :
2212 4060 2304 4115 sed
2326 4062 2466 4112 inter
2490 4059 2845 4113 ascendentes
2874 4059 3090 4126 quidem
3117 4071 3169 4113 et
3190 4060 3582 4117 descendentes

2022 4149 2320 4218 nuptialem
2381 4148 2631 4217 capulam
2694 4147 3017 4217 prohibitam
3064 4164 3188 4204 esse
3236 4148 3581 4206 deﬁnierunt.

2025 4237 2221 4292 Eorum
2255 4248 2456 4299 autem,
2480 4238 2572 4306 qni
2602 4247 2810 4292 suntex
2837 4249 3164 4302 transverso,
3204 4243 3580 4310 cognationem

1976 4362 1983 4365 -
2023 4332 2090 4385 ad
2130 4330 2421 4400 septimum
2462 4345 2636 4398 usque
2673 4331 2899 4398 gradum
2940 4331 3064 4400 jure
3114 4343 3578 4401 coangustarunt:

2022 4423 2401 4490 cognationem
2429 4436 2576 4484 vero,
2610 4436 2730 4490 quae
2759 4436 2854 4488 per
2891 4421 3224 4487 alIinitatem,
3262 4425 3342 4478 vel
3384 4437 3583 4478 conso-

2020 4525 2265 4572 ceratum
2297 4516 2642 4586 conciliatur,
2682 4526 2803 4586 post
2830 4520 3042 4569 sextum
3071 4515 3294 4583 gradum
3328 4515 3585 4571 obsolnc-

2020 4615 2170 4662 runt.
2210 4606 2415 4660 Debent
2442 4606 2610 4675 igitur
2639 4614 2692 4659 et
2724 4605 3075 4660 Alexandrini
3108 4607 3325 4672 nuptias
3355 4606 3410 4660 in
3442 4610 3585 4665 hunc

2022 4696 2241 4750 modum
2292 4696 2641 4760 contrahere,
2694 4704 2749 4749 et
2792 4696 3115 4764 paucitatem
3156 4697 3582 4751 orthodoxnrnm

2018 4785 2461 4840 Christianorum
2500 4787 2565 4840 ad
2594 4786 3266 4855 peccatijustilicationem
3306 4803 3415 4840 non
3456 4775 3587 4856 pro-5

2021 4892 2242 4944 ponere.
2282 4874 2615 4930 Distrahitur
2649 4890 2802 4945 ergo,
2838 4877 2981 4943 quod
3018 4884 3210 4943 praeter
3239 4875 3353 4929 haec
3382 4875 3582 4930 factum

2020 4968 2208 5032 fuerit,
2257 4967 2625 5036 conjugium;
2681 4976 2737 5022 et
2789 4966 3179 5021 mtecbantium
3240 4960 3435 5030 pannis,
3487 4965 3582 5034 qui

2018 5056 2279 5111 illicitum.
2324 5057 2714 5120 contraxerint,
2768 5055 3149 5124 subjicientur.
3207 5053 3343 5120 Quia
3401 5063 3580 5108 autem

2020 5146 2358 5203 sanctissimi
2381 5147 2548 5201 etiam
2574 5146 2898 5214 patriarchae
2922 5146 3093 5209 illius,
3116 5144 3321 5199 domini
3355 5142 3578 5201 Sisinnii

2016 5238 2298 5296 decisione
2322 5282 2336 5305 ,
2368 5239 2479 5294 duo
2516 5239 2791 5308 patrueles
2831 5252 2929 5292 seu
2974 5237 3309 5300 consobrini,
3363 5252 3581 5294 sorores

2016 5331 2155 5386 duas
2184 5346 2291 5385 non
2331 5330 2631 5399 accipiunt,
2662 5336 2716 5384 et
2748 5328 2882 5393 haec,
2916 5337 3200 5382 contractu
3238 5327 3472 5381 deducto
3511 5326 3580 5383 ad

2018 5430 2228 5475 sextum
2270 5419 2551 5473 aliinitatis
2585 5418 2834 5488 gradum,
2869 5416 3040 5481 disce,
3065 5429 3187 5484 quae
3224 5414 3278 5468 in
3312 5429 3375 5470 ea
3405 5414 3583 5471 canti-

2014 5514 2249 5563 nentur:
2288 5522 2378 5573 ne,
2409 5522 2506 5578 per
2528 5508 2879 5568 oblivionem,
2914 5504 3171 5559 Ecclesia
3199 5502 3579 5559 consuetudini

2018 5614 2145 5654 cum
2182 5601 2379 5656 animae
2406 5600 2732 5656 detrimento
2766 5597 3089 5655 adverseris.

1629 5775 1865 5833 VARI/EI
1907 5776 2309 5834 LECTIONES.

439 5865 693 5921 διπιεηιίέ
722 5867 915 5935 ﬁnibus
