4020 6412
538 384 643 447 995

544 599 755 666 captiva
795 597 1123 661 Christiana,
1163 599 1475 666 pariterque
1505 597 1827 662 orthodoxa,
1861 599 1979 653 siue
2015 612 2104 667 pe-

547 689 722 742 riculo
752 694 811 741 ut
845 702 1055 741 servam
1088 702 1206 741 eam
1238 687 1482 741 vendet?

619 866 774 934 Resp.
802 865 1127 919 Potcstatem
1152 866 1311 920 habet
1339 868 1593 921 dominus
1624 884 1652 922 a
1684 882 1743 922 se
1775 877 2105 937 constupra-

548 964 655 1007 tam
689 956 938 1008 ancillam
982 970 1135 1007 suam
1169 955 1458 1020 vendendi,
1490 956 1717 1024 ejusque
1748 958 1980 1024 pretium
2022 957 2106 1008 lu-

549 1046 887 1100 crifacieudi.
920 1046 1071 1100 Tunc
1101 1047 1244 1100 enim
1284 1047 1587 1101 libertatem
1631 1058 1974 1116 promeretur
2007 1062 2107 1101 an-

549 1137 709 1198 cilla,
766 1152 886 1204 quae
942 1151 1064 1189 cum
1098 1138 1345 1190 'domino
1413 1139 1576 1193 simul
1636 1148 1892 1207 corrupta
1946 1150 2029 1193 est
2055 1138 2107 1203 δ.

548 1225 763 1291 quando
796 1225 861 1277 ad
898 1233 1201 1289 extremum
1236 1241 1409 1294 usque
1442 1228 1716 1295 spiritum,
1750 1229 1958 1281 nullum
1990 1229 2108 1297 ejus

547 1310 900 1366 divendendze
943 1314 1167 1379 przebuit
1210 1324 1609 1383 argumentum.
1643 1318 1887 1371 Aiteuim
1918 1319 1952 1370 2
1984 1333 2105 1387 cap.

554 1400 616 1453 l9
671 1403 750 1454 tit.
798 1401 865 1453 48
907 1403 999 1455 lib.
1046 1404 1157 1457 haec
1232 1405 1546 1458 nominatim
1612 1425 1625 1459 :
1687 1407 1742 1460 Si
1809 1408 1933 1483 quis
2000 1424 2108 1462 non

549 1488 755 1542 habens
788 1506 1038 1552 uxorem,
1069 1495 1123 1546 in
1159 1508 1258 1547 suo
1282 1496 1572 1549 concubitu
1606 1498 1857 1552 ancillam
1888 1500 2107 1566 habeat,

548 1586 603 1629 et
639 1593 759 1631 cum
801 1595 863 1631 ea
904 1582 968 1633 ad
1012 1593 1241 1637 mortem
1290 1601 1464 1654 usque
1506 1597 1745 1653 maneat,
1787 1592 1899 1643 sive
1935 1606 2001 1644 ex
2045 1606 2108 1645 ea

550 1670 876 1735 susceperit,
918 1670 1036 1724 sive
1072 1687 1178 1725 non
1220 1682 1274 1726 et
1313 1674 1380 1729 de
1416 1690 1479 1730 ea
1519 1676 1652 1731 nihil
1690 1679 1743 1731 in
1785 1688 2108 1734 testamento

549 1772 652 1811 suo
686 1758 885 1812 dixerit
914 1779 927 1814 :
960 1761 1031 1815 sit
1068 1762 1152 1816 illa
1184 1763 1374 1817 libera.

623 1940 818 1995 Interr.
861 1944 951 1996 47.
996 1942 1051 1997 Si
1087 1945 1428 2002 orthodoxus
1456 1957 1731 2006 scortatus
1764 1952 1835 2005 sit
1860 1968 1981 2007 cum
2015 1953 2109 2006 Ju-

547 2033 683 2096 dira,
708 2044 799 2086 aut
821 2035 1066 2103 Agarena
1093 2037 1336 2104 muliere,
1355 2053 1585 2097 censura
1616 2044 2011 2110 emendabitur,
2041 2061 2108 2100 au

549 2124 1015 2190 rebaptizahitur?

621 2213 773 2283 Resp.
834 2216 1299 2288 Quadragesimus
1356 2221 1617 2291 septimus
1663 2226 1880 2295 quidem
1933 2242 2108 2283 canon

550 2312 865 2358 Sanctorum
913 2313 967 2359 ct
1020 2310 1167 2363 omni
1209 2310 1368 2365 laude
1403 2314 1696 2369 celebrium
1740 2319 2108 2385 apostolorum

553 2394 664 2446 inec
710 2396 784 2446 ait
832 2413 845 2449 :
897 2396 1211 2466 Episcopus,
1261 2400 1345 2454 vel
1390 2403 1697 2473 presbyter,
1736 2407 1783 2461 si
1826 2424 1970 2472 eum,
2016 2410 2108 2479 qui

554 2501 679 2539 vere
708 2487 867 2540 habet
898 2488 1249 2558 baptismum,
1278 2492 1346 2546 de
1378 2495 1591 2565 integro
1622 2496 1997 2567 baptizaverit,
2026 2502 2110 2555 vel

551 2578 599 2632 si
631 2593 776 2641 ειιιιι,
806 2580 898 2649 qui
931 2581 1001 2635 ab
1034 2581 1215 2652 impiis
1247 2584 1484 2653 pollutus
1513 2594 1616 2651 est,
1650 2604 1759 2642 non
1797 2589 2107 2658 baptizave-

554 2667 662 2730 rit,
709 2670 1027 2736 deponatur,
1070 2679 1128 2724 ut
1164 2673 1256 2743 qui
1286 2675 1511 2730 irrideat
1547 2688 1775 2733 mortem
1811 2687 1865 2734 et
1893 2694 2108 2736 crucem

558 2756 789 2823 Domini,
821 2768 874 2814 et
902 2776 1006 2816 non
1038 2762 1317 2819 discernat
1344 2769 1657 2825 sacerdotes
1688 2785 1717 2823 a
1749 2770 1901 2827 falsis
1932 2788 2112 2827 sacer-

553 2845 794 2901 dotibus.
850 2847 1057 2905 Forsan
1114 2852 1276 2923 igitur
1333 2856 1530 2911 dixerit
1584 2859 1877 2929 quispiam,
1921 2864 2109 2917 ortho-

553 2934 776 3000 duxum,
831 2938 925 3006 qui
979 2954 1100 2993 cum
1157 2944 1318 3012 impia
1367 2955 1641 3003 scortatus
1691 2958 1793 3016 est,
1844 2952 2108 3020 pollutum

555 3038 696 3087 esse,
730 3033 782 3077 ct
829 3028 1150 3096 rebaptizari
1178 3033 1394 3091 debere.
1417 3036 1571 3101 Quod
1612 3053 1799 3094 verum
1839 3056 1949 3095 non
1988 3054 2107 3098 est:

1735 380 2013 444 THEOD.
2047 382 2089 438 Β
2111 381 2275 439 \LSA
2292 380 2520 441 ΜΘΝ-8

619 508 813 562 Interr.
837 506 923 560 46.
953 507 1135 575 Siquis
1160 516 1432 561 scortatus
1472 508 1633 561 fuerit
1656 519 1677 545 ο
1715 522 1838 561 cum
1877 508 2107 560 muliere
2137 511 2182 566 Α

3642 388 3730 451 996

2974 521 3055 567 τις
3116 504 3387 574 πορνικῶς
3467 507 3725 578 συμφθαρῇ

2209 597 2347 662 μετὰ
2413 594 2670 662 γυναικὸς
2719 594 3063 662 αἰχμαλώτου
3106 596 3455 665 Χριστιανῆς,
3485 596 3572 649 καὶ
3611 600 3731 653 κατὰ

2205 681 2399 733 ταύτὸν
2445 680 2747 745 ὀρθοδόξου,
2803 680 3098 744 ἀκινδύνως
3149 683 3224 745 ὡς
3268 682 3460 752 δούλην
3514 685 3729 755 πωλήσει

2208 772 2377 841 αὑτήν
2398 788 2414 838 ;

2286 863 2493 916 Ἀπόκ.
2537 862 2752 915 Ἀδειαν
2801 865 2828 915 ὁ
2864 861 3128 930 δεσπότης
3152 862 3263 925 ἔξει
3292 860 3392 932 τὴν
3445 862 3544 914 ύπὺ
3567 863 3733 917 τούτου

2208 950 2608 1020 πορνευομένην
2660 952 2854 1020 δούλην
2916 951 3080 1003 αὑτοῦ
3128 951 3351 1013 πωλεῖν,
3384 953 3478 1004 καὶ
3522 954 3735 1021 ἀποκερ-

2206 1042 2404 1094 δαίνειν
2439 1041 2501 1094 τὸ
2524 1042 2729 1110 ταύτης
2776 1042 3011 1111 τίμημα.
3075 1041 3421 1109 Ἐλευθερίας
3461 1042 3565 1110 γάρ
3628 1044 3732 1095 τότε

2207 1132 2450 1197 ἀξιοῦται
2490 1134 2523 1201 ἠ
2566 1132 2723 1202 δούλη
2783 1131 2921 1201 μετὰ
2976 1130 3070 1183 τοῦ
3127 1132 3388 1184 δεσπότου
3440 1133 3736 1201 συμφθειρο-

2213 1224 2370 1292 μένη,
2426 1224 2513 1275 ὅτε
2556 1222 2715 1291 μέχρι
2760 1221 3070 1283 τελευταίας
3102 1221 3294 1275 τούτου
3322 1223 3737 1294 άναπνοῆξηούδέν

2208 1332 2258 1366 τι
2290 1312 2419 1382 περὶ
2476 1312 2821 1379 διαπράσεως
2871 1313 3071 1381 ταύτης
3115 1313 3311 1379 φθάσει
3332 1316 3596 1380 γενέσθαι.
3623 1320 3736 1385 Φησὶ

2208 1403 2314 1472 γὰρ
2336 1403 2395 1454 τὸ
2429 1401 2472 1471 β’
2507 1402 2796 1467 κεφάλαιον
2842 1403 2933 1453 τοῦ
2959 1402 3022 1452 ιϐ’
3051 1403 3103 1453 τί
3116 1403 3231 1456 aloe
3292 1406 3384 1456 τοῦ
3447 1412 3534 1473 μη¹
3561 1407 3735 1475 βιϐλίον

2209 1496 2380 1547 ταῦτα
2443 1498 2640 1566 ῥητῶς·
2682 1494 2805 1546 Ἐάν
2850 1511 2933 1556 τις
2961 1494 3156 1564 δούλην
3186 1498 3287 1565 σχῇ
3322 1498 3379 1548 ὲν
3402 1499 3467 1564 τῇ
3504 1498 3601 1566 ἰδίᾳ
3631 1514 3735 1548 συν-

2207 1584 2392 1653 αφεία,
2425 1584 2497 1654 μὴ
2526 1583 2665 1653 ἔχων
2726 1584 3009 1651 γαμετὴν,
3061 1587 3155 1636 καὶ
3221 1587 3383 1654 μείνῃ
3439 1588 3553 1654 μετ’
3594 1587 3737 1653 αὐτῆς

2210 1676 2368 1745 μέχρι
2395 1675 2670 1742 τελευτῆς,
2704 1674 2811 1726 εἴτε
2840 1674 2976 1743 ἔχων
3007 1674 3197 1735 παῖδας
3223 1676 3282 1737 ἐξ
3311 1677 3497 1745 αὐτῆς,
3515 1675 3614 1726 εἴτε
3648 1676 3733 1742 μή·

2210 1762 2498 1837 κάλ’μηδὲν
2549 1768 2677 1836 εἴπῃ
2703 1766 2832 1835 περὶ
2860 1766 3027 1834 αὐτῆς
3053 1768 3109 1816 ὲν
3138 1765 3246 1834 ἰδίᾳ
3269 1766 3520 1837 διαθήκῃ·
3555 1766 3737 1832 γίνεται

2213 1862 2395 1927 ἐκείνη
2427 1859 2707 1928 ἐλευθέρα.

2289 1950 2485 2016 Ἑρώτ.
2563 1951 2668 2019 μζν.
2750 1951 2876 2004 Ἐὰν
2934 1949 3212 2018 ὀρθόδοξος
3271 1948 3559 2018 συμφθαρῇ
3622 1962 3737 2014 πορ-

2209 2039 2373 2101 νικῶς
2433 2040 2569 2108 μετὰ
2605 2038 2862 2101 ἰουδαίας
2930 2037 2962 2108 ἢ
3012 2038 3329 2107 ’Λγαρηνῆς
3378 2036 3638 2104 γυναικὸς,
3683 2032 3738 2086 δι’

2209 2130 2483 2196 ἐπιτιμίου
2513 2128 2851 2198 διορθωθείη,
2880 2129 2911 2198 ἢ
2949 2126 3518 2196 ἀναὸαπτισθήσεταις

2299 2222 2502 2276 Ἀπόκ.
2545 2221 2604 2271 '0
2627 2221 2724 2288 μὲν
2746 2219 2831 2291 μζ¹
2860 2218 3038 2273 κανὼν
3058 2219 3167 2271 τῶν
3197 2218 3366 2285 ἁγίων
3381 2218 3471 2271 καὶ
3494 2217 3740 2283 πανευφή-

2213 2331 2328 2384 μων
2363 2312 2674 2368 ἀποστόλων
2725 2311 2895 2365 ταῦτά
2932 2326 3118 2379 φησιν·
3169 2308 3557 2378 Ἐπίσκοποςῆ
3631 2322 3741 2375 πρε-

2211 2406 2477 2475 σϐύτερος
2527 2404 2619 2457 τὸν
2653 2404 2794 2456 κατὰ
2847 2401 3103 2473 ἀλήθειαν
3131 2401 3327 2471 ἔχοντα
3362 2400 3627 2470 βάπτισμα
3662 2396 3740 2448 ἐὰν

2209 2497 2416 2551 ἄνωθεν
2466 2494 2724 2565 βαπτίσῃ,
2752 2493 2786 2563 ἢ
2843 2493 2935 2546 τὸν
3001 2491 3416 2561 μεμολυσμένον
3473 2489 3613 2556 παρὰ
3650 2485 3741 2537 τῶν

2210 2586 2421 2642 ἀσεϐῶν
2477 2585 2551 2655 μὴ
2595 2583 2851 2655 βαπτίσῃ,
2906 2581 3298 2651 καθαιρείσθω,
3350 2579 3423 2642 ὼς
3463 2577 3625 2645 γελῶν
3665 2575 3741 2627 τὸν

2211 2676 2444 2749 σταυρὸν
2476 2677 2571 2729 καὶ
2621 2675 2713 2729 τὸν
2762 2674 2858 2727 τοῦ
2899 2675 3102 2743 Κυρίου
3143 2672 3402 2733 θάνατον,
3427 2669 3517 2722 καὶ
3556 2667 3623 2735 μὴ
3645 2666 3740 2718 δια-

2209 2767 2408 2838 κρίνων
2447 2767 2625 2837 ἱερέας
2680 2764 3057 2835 ψευδοῖερὲων.
3120 2761 3286 2824 ¹ἰσως
3354 2760 3444 2814 ὄῦν
3496 2759 3628 2811 εἴποι
3670 2767 3739 2812 τις

2209 2858 2440 2926 ὀφείλειν
2485 2855 2698 2909 καὶτὸν
2745 2853 3116 2924 πορνεύσαντα
3141 2850 3422 2922 δρθόδοξον
3486 2848 3618 2918 μετὰ
3656 2845 3740 2910 τῆς

2210 2948 2440 3010 ἀσεσοῦς
2500 2945 2846 3018 μολυνθῆναι,
2877 2944 2972 2998 καὶ
3015 2942 3489 3011 ἁναϐαπτισθῆναι
3514 2936 3737 3006 ὀφείλειν.

2213 3039 2326 3091 Ούκ
2379 3037 2493 3089 ἔστι
2521 3036 2577 3090 δὲ
2608 3035 2768 3089 τοῦτο
2827 3034 3048 3104 ἀληθές.
3082 3033 3322 3095 Ἐκεῖνος
3348 3032 3454 3102 γὰρ
3489 3028 3739 3099 μολύνεται

2298 506 2492 572 Ἐρώτ.
2563 509 2679 570 με’.
2774 504 2898 557 Ἐάν

557 3115 605 3168 is
637 3116 778 3166 enim
808 3116 875 3170 ab
906 3118 969 3172 iis
1004 3120 1282 3188 polluitur,
1309 3124 1402 3192 qui
1434 3134 1625 3194 sponte
1654 3128 1927 3185 abluendo
1958 3135 2110 3187 exuit

2213 3127 2364 3197 παρὰ
2410 3126 2519 3179 τῶν
2561 3124 2795 3189 ἀσεϐῶν,
2832 3122 2889 3185 ὃς
2921 3123 3100 3176 ἑκοντὶ
3159 3124 3262 3190 μὲν
3316 3119 3652 3174 άπονὶπτεται
3692 3111 3741 3163 τὸ

556 3206 800 3259 divinum
836 3218 1190 3279 sanctumque
1232 3213 1499 3283 baptisma
1532 3215 1813 3289 induitque
1840 3221 2108 3290 baptisma

562 3297 875 3363 impiorum.
918 3296 1134 3354 Judicio
1170 3317 1301 3371 ergo
1334 3304 1627 3375 episcOpali
1672 3322 1767 3377 per
1807 3310 2109 3377 graviorem

560 3402 775 3454 poenam
799 3390 1194 3456 emendabitur,
1211 3404 1265 3447 et
1293 3402 1353 3447 ut
1379 3405 1670 3456 scortator.
1696 3406 1749 3451 et
1776 3407 1833 3452 ut
1857 3402 2111 3455 satanicze

556 3478 955 3531 connnunionis
986 3480 1280 3549 cumimpio
1331 3480 1506 3537 factus
1538 3484 1806 3556 particeps
1857 3504 1871 3540 :
1920 3502 2109 3542 verum

560 3580 671 3617 non
707 3566 1090 3634 baptizabitur.

632 3654 829 3711 Interr.
854 3659 943 3712 48.
973 3660 1115 3723 Quot
1147 3673 1410 3714 annorum
1440 3676 1555 3717 mas
1575 3662 1884 3721 autfemina
1913 3665 2113 3723 admit-

560 3756 706 3800 tatur
731 3749 795 3800 ad
825 3750 1265 3803 confessionem?
2032 3760 2045 3767 ‘

633 3837 788 3905 Resp.
832 3838 1006 3909 Leges
1028 3841 1252 3909 quidem
1278 3842 1499 3900 delictis
1537 3847 1876 3916 impuberum
1914 3850 2118 3905 condo-

563 3930 802 3983 nandum
837 3945 959 3984 esse
987 3929 1196 3984 dicunt.
1232 3932 1545 4002 lmpuberes
1574 3944 1753 3990 autem
1784 3945 1913 3991 sunt
1942 3952 2116 3993 mares

562 4020 807 4087 quidem,
856 4023 951 4090 qui
999 4022 1272 4077 decimum
1319 4034 1574 4091 quartum
1619 4040 1819 4081 annum
1865 4030 2119 4096 impleve-

566 4120 694 4165 runt
743 4130 757 4167 :
801 4112 1017 4167 feminae
1054 4128 1203 4179 vero,
1248 4114 1533 4170 duodecim
1574 4132 1862 4172 annorum.
1906 4116 2117 4174 Forsan

565 4203 729 4269 igitur
757 4202 953 4257 dixerit
983 4204 1179 4274 aliquis
1213 4216 1334 4275 post
1359 4207 1739 4262 duodecimum
1771 4218 1826 4264 et
1850 4210 2118 4264 decimum

564 4300 817 4360 quartum
852 4295 1026 4349 aetatis
1055 4310 1254 4349 annum
1289 4311 1383 4352 eos
1413 4298 1609 4351 debere
1644 4307 1866 4367 peccata
1900 4314 1998 4353 sua
2027 4298 2122 4353 de-

566 4382 823 4435 clarare:
881 4392 1068 4451 utpote
1123 4385 1447 4439 delictorum
1494 4386 1762 4454 judicium
1805 4386 2118 4452 subeuntes,

516 4524 519 4527 γ
564 4481 620 4525 et
669 4487 897 4542 capaces
947 4476 1317 4540 scortatiouis,
1355 4475 1697 4543 aliorumque
1737 4479 2118 4546 quorumpiam
2149 4457 2197 4515 Ῑ)

572 4571 919 4630 peccatorqu
955 4564 1196 4619 ell‘ectos.
1237 4563 1347 4620 Nos
1376 4575 1552 4618 autem
1588 4566 1656 4618 ab
1686 4565 1803 4633 ipsa
1839 4567 2121 4634 experien—

570 4654 664 4715 tia,
695 4655 787 4709 sed
821 4655 889 4707 ab
927 4652 993 4710 iis
1045 4670 1165 4724 qua:
1200 4654 1389 4708 talium
1419 4654 1784 4723 quorumdam
1818 4670 1984 4710 causa
2028 4671 2124 4725 per

567 4743 720 4796 varia
752 4753 1001 4813 tempora
1043 4745 1301 4815 synodice
1337 4742 1541 4812 prolata
1574 4754 1721 4810 sunt,
1752 4745 2120 4812 consulimus;

569 4841 630 4886 ut
669 4842 790 4902 post
820 4843 1032 4889 sextum
1065 4848 1266 4887 annum
1309 4847 1489 4887 mares
1514 4842 1568 4888 et
1597 4832 1812 4890 femina:
1846 4850 1940 4904 per
1984 4852 2122 4890 con-

574 4924 845 4980 fessiones
872 4926 1147 4981 emendari
1181 4935 1236 4981 et
1264 4925 1594 4981 sanctiﬁcari
1620 4926 1872 4981 debeant.
1903 4926 2040 4992 Quia
2070 4935 2125 4982 et

571 5014 805 5070 clericus
850 5015 1070 5083 quidam
1111 5030 1207 5083 per
1239 5015 1559 5084 obligatoria
1595 5016 1822 5086 scripta,
1856 5019 2127 5089 desponsa

574 5119 745 5157 uxore
797 5105 1065 5173 septenni,
1112 5114 1167 5158 et
1221 5112 1343 5174 post
1392 5105 1512 5174 ejus
1561 5117 1790 5163 mortem
1846 5110 1940 5165 alii
1992 5125 2126 5165 con-

566 5196 797 5261 junctus
843 5194 1081 5257 mulieri,
1125 5196 1382 5265 synodice
1421 5212 1528 5251 non
1571 5198 1899 5267 impetravit,
1942 5207 2002 5253 ut
2037 5214 2129 5254 ca-

574 5286 827 5338 nonicam
916 5295 1343 5355 consequeretur
1419 5288 1857 5356 ordinationem,
1937 5299 2122 5359 utpote

574 5374 843 5442 bigamus.
912 5376 1003 5427 Ait
1058 5377 1200 5429 enim
1268 5386 1456 5432 sancta
1523 5378 2121 5448 Constantinopolitaua

576 5462 838 5532 synodus,
891 5472 1202 5531 seplennem
1248 5464 1504 5522 feminam
1553 5468 1757 5523 amoris
1800 5484 1922 5524 esse
1959 5482 2123 5536 capa-

2211 3217 2351 3270 θεῖον
2374 3220 2469 3270 καὶ
2514 3215 2669 3283 ἅγιον
2697 3214 3000 3284 βάπτισμα,
3030 3212 3276 3266 ἐνδύεται
3305 3213 3360 3265 δὲ
3384 3212 3619 3281 βάπισμα
3637 3208 3741 3258 ἁτε-

2212 3310 2336 3362 6ῶν.
2363 3308 2440 3361 Δι’
2469 3307 2741 3376 ἐπιτιμίου
2774 3305 2905 3373 γοῦν
2954 3304 3312 3375 σφοδροτέρου
3366 3303 3484 3356 κατ’
3549 3303 3741 3351 ἐπισκο-

2211 3400 2379 3468 πικὴν
2417 3398 2687 3467 διάκρισιν
2712 3396 3052 3467 διορθωθείη,
3124 3397 3222 3448 καὶ
3270 3396 3346 3456 ὼς
3393 3394 3611 3462 πόρνος,
3664 3386 3742 3437 καὶ

2211 3492 2287 3553 ὡς
2312 3490 2646 3558 κοινωνήσας
2686 3487 2826 3558 μετὰ
2854 3485 3086 3551 ἀσεσοῦς
3117 3485 3405 3547 κοινωνίας
3456 3476 3738 3544 σατανιχῆς⁶

2212 3582 2389 3637 ἀλλ-ού
2418 3581 2865 3650 βαπτισθήσεται.

2296 3670 2493 3739 Ἐρώτ.
2544 3676 2653 3740 μη’.
2701 3669 2977 3737 Ποσαετὴς
3009 3668 3147 3739 ἀνὴρ
3176 3668 3212 3737 ἢ
3263 3666 3398 3736 γυνὴ
3439 3659 3634 3733 δεχθείη
3674 3656 3739 3715 εἰς

2216 3760 2532 3830 ὲξαγορείαν
2550 3775 2565 3823 ;

2296 3853 2491 3907 Ἁπόκ.
2516 3851 2578 3905 Οἱ
2612 3851 2710 3917 μὲν
2743 3849 2898 3919 νόμοι
2941 3849 3300 3919 συγχωρητέα
3326 3848 3391 3901 τὰ
3422 3848 3524 3898 τῶν
3553 3838 3738 3910 ἀνήϐων

2219 3943 2584 4014 ἁμαρτήματα
2627 3940 2877 4006 λέγουσιν
2922 3934 3082 3994 εἶναι.
3128 3940 3355 4008 ’Δνησοι
3391 3938 3444 3990 δὲ
3494 3937 3618 3987 εἰσιν
3661 3928 3736 3981 ἐπὶ

2222 4033 2320 4103 μὲν
2348 4031 2456 4083 τῶν
2493 4029 2758 4100 ἀρρένων,
2787 4032 2835 4081 oi
2858 4029 2949 4082 τὸν
2967 4027 3553 4097 τεσσαρεσκαιδέκατον
3573 4019 3737 4091 χρόνον

2221 4120 2603 4190 πληρώσαντες
2625 4134 2642 4152 ⁸
2671 4119 2764 4173 ἐπὶ
2783 4120 2839 4172 δὲ
2861 4120 2969 4171 τῶν
2993 4118 3246 4187 Θηλειῶν,
3300 4119 3355 4171 al
3395 4110 3734 4169 δωδεκαετεῖς.

2224 4214 2385 4272 Ἴσως
2398 4210 2489 4263 οὖν
2509 4209 2636 4282 εἴπῃ
2686 4226 2793 4273 τις,
2827 4209 2961 4278 μετὰ
2984 4208 3074 4260 τὸν
3102 4207 3400 4261 δωδέκατον
3430 4205 3519 4257 καὶ
3536 4202 3619 4253 τὸν
3637 4209 3739 4248 rra-

2228 4301 2715 4370 σαρεσκαιδέκατον
2739 4300 2926 4368 χρόνον
2954 4298 3052 4367 τῆς
3086 4297 3304 4367 ἡλικίας
3329 4295 3502 4351 αὐτῶν
3536 4288 3737 4359 ὀφείλειν

2222 4391 2442 4453 τούτους
2463 4389 2822 4461 ἐξαγορεύειν,
2851 4389 2925 4451 ὡς
2948 4389 3038 4442 καὶ
3062 4386 3120 4454 ιξ
3156 4386 3559 4458 ἁμαρτημάτων
3598 4376 3734 4432 εὐθυ-

2221 4481 2596 4550 νομένους,κα“ι
2622 4480 2911 4546 γεγονότας
2933 4479 3187 4546 πορνείας
3207 4482 3302 4530 καὶ
3318 4477 3500 4545 Δἄλλων
3523 4474 3736 4541 ἁμαρτη-

2224 4572 2412 4641 μάτων
2438 4572 2599 4622 τινῶν
2619 4568 2918 4629 δεκτικοὺς.
2967 4567 3128 4636 Ἡμῖν
3155 4566 3212 4619 δὲ
3238 4567 3343 4618 ἀπὸ
3369 4564 3554 4633 πείρας
3573 4557 3733 4623 αὐτῆς,

2221 4661 2359 4715 ἀλλὰ
2395 4662 2499 4730 μὴν
2520 4661 2613 4712 καὶ
2637 4659 2744 4710 ἀπὸ
2766 4657 3104 4726 λαληθέντων
3129 4656 3417 4716 συνοδικῶς
3476 4649 3607 4703 κατά
3641 4646 3734 4697 Bia-

2221 4753 2419 4822 φόρους
2455 4750 2699 4818 καιροὺς,
2739 4750 2900 4819 χάριν
2931 4747 3187 4800 τοιούτων
3216 4748 3395 4810 τινῶν,
3420 4735 3735 4811 γνωμοδοτεῖ-

2228 4858 2319 4894 ται
2337 4857 2351 4872 ο
2391 4840 2527 4909 μετὰ
2549 4841 2639 4892 τὸν
2663 4839 2820 4891 ’ἐκτον
2852 4838 3096 4889 ἐνιαυτὸν
3125 4838 3362 4905 ὀφείλειν
3391 4833 3483 4886 καὶ
3518 4830 3631 4888 τοὺς
3658 4824 3737 4889 ἄῤ*

2224 4934 2384 5001 ῥενας
2432 4931 2522 4982 καὶ
2573 4930 2671 4990 τὰς
2717 4928 2931 4997 Θηλείας
2961 4926 3031 4980 δι’
3073 4925 3383 4995 ἑξαγορείας
3433 4912 3733 4988 διορθοῦσθαι

2224 5021 2318 5075 καὶ
2342 5019 2681 5086 άγιάζεσοαι.
2717 5019 2837 5069 Ὀτι
2865 5019 2955 5070 καὶ
2982 5015 3239 5085 κληρικός
3264 5031 3346 5074 τις
3386 5010 3471 5064 διὰ
3497 5010 3730 5099 δεσμευτι-

2228 5114 2337 5166 κῶν
2360 5113 2650 5179 ἐγγράφων
2707 5106 3218 5175 κατεγγυησάμενος
3249 5104 3478 5171 γυναῖκα
3507 5100 3734 5183 iurans,

2229 5202 2320 5252 καὶ
2353 5200 2488 5266 μετὰ
2528 5198 2752 5250 θάνατον
2777 5194 2979 5262 ταύτης
3004 5194 3168 5264 ἑτέρᾳ
3192 5189 3497 5259 συζευχοεὶς
3521 5193 3697 5248 γυναικ
3721 5210 3732 5229 ο

2227 5290 2287 5341 ού
2342 5287 2707 5357 παρεχωρήθη
2782 5284 3071 5346 συνοδικῶς
3125 5282 3405 5350 κανονικῆς
3473 5269 3732 5339 ἀξιωθῆναι

2229 5378 2579 5448 Χειροτονίας,
2637 5377 2709 5439 ὼς
2739 5376 2983 5443 διγαμος.
3040 5370 3173 5427 Et?“
3199 5373 3307 5440 γὰρ
3332 5373 3364 5439 ἡ
3398 5371 3454 5421 ιν
3482 5368 3733 5418 Κωνστινο

2228 5470 2530 5523 τινουπόλει
2571 5469 2699 5534 ἁγία
2728 5466 2940 5529 σύνοδος
2970 5466 3066 5534 τὴν
3091 5464 3322 5532 ἑπταετῆ
3349 5460 3567 5529 γυναῖκα
3587 5452 3734 5506 δυεῖν

1835 5602 2066 5657 ἺΑΚΙΕ
2090 5602 2485 5659 LECTIONES.

684 5750 707 5778 ο
738 5741 906 5800 stupri
926 5743 1344 5796 consuetudinem
1377 5743 1634 5797 habuerit.
1710 5741 1735 5781 ἀ
1762 5742 1928 5809 εωρνὶ
1949 5742 2368 5797 consuetudinem
2420 5742 2590 5794 habet.
