4020 6396
393 371 493 435 927

1141 380 1533 443 RESPONSA
1568 380 1670 444 AD
1706 383 2443 449 INTERROGATIONES
2468 388 2731 454 MARCI.

3505 399 3610 464 998

397 500 495 567 κῆν
525 496 723 565 ἔρωτος
750 492 908 552 εἶναι’
939 500 1226 555 κάντεῦθεν
1254 504 1345 555 καὶ
1372 503 1579 573 φθορὰν
1600 504 1944 573 ὑφίστασθαι,

2052 522 2191 572 cem,
2222 511 2528 581 exindeque
2557 523 2805 584 stuprum
2833 515 2968 585 pati,
2993 521 3044 569 et
3071 515 3414 571 scortationis
3443 516 3602 587 argui

394 591 487 644 καὶ
537 592 638 659 τῆς
690 590 944 660 πορνείας
974 595 1088 654 τοῖς
1116 591 1394 664 λογισμοῖς
1428 594 1768 651 ἁλίσκεσθαι.
1803 598 1863 650 El
1891 598 1949 651 δὲ

393 683 482 735 ἐπὶ
536 684 791 750 γυναικὸς
817 685 988 737 ταῦτα
1013 683 1236 748 δικαίως
1279 686 1731 757 πεφιλοσόφηται,
1773 689 1952 758 πολλῷ

392 773 551 824 πλέον
577 775 671 826 ἐπὶ
696 775 887 844 ἀνδρὸς
921 775 1346 846 ψηφισθὴσεται.

473 865 662 931 Ἐρώτ,
702 865 814 934 μθ’.
842 869 997 921 Κατὰ
1025 869 1123 938 τὴν
1172 870 1409 939 ἑσπέραν
1467 872 1567 937 τῆς
1604 872 1950 941 κυριωνύμου

393 956 616 1025 πρώτης
667 960 879 1029 ἡμέρας
928 962 1024 1014 ἐὰν
1060 962 1452 1030 συμπλακῶσιν
1470 962 1728 1032 ὁμόζυγοι
1762 980 1952 1033 σαρκι-

392 1047 1026 1119 κῶςοὲπιτιμηθήσονται
1042 1053 1117 1116 ὡς
1144 1055 1653 1124 παρανομήσαντες.
1680 1055 1714 1124 ἥ
1746 1054 1807 1106 οὗ
1830 1072 1844 1118 ;
1872 1066 1875 1069 '

472 1138 674 1193 Ἀπόκ.
707 1141 815 1193 Καὶ
837 1142 1038 1194 ἆιωθεν
1059 1144 1291 1213 εἴρηται.
1311 1147 1453 1197 κατὰ
1474 1144 1534 1198 τὸ
1561 1144 1833 1197 Σάϐϐατον
1855 1144 1951 1197 καὶ

392 1228 489 1298 τὴν
526 1231 817 1300 Κυριακὴν
862 1233 1099 1298 ὀφείλειν
1142 1236 1441 1304 ἀπέχεσθαι
1491 1238 1617 1297 τοὺς
1650 1234 1951 1303 ὁμοζύγους

392 1322 488 1386 τῆς
518 1323 786 1391 σαρκικῆς
817 1325 1133 1384 κοινωνίας
1172 1326 1259 1378 διὰ
1293 1326 1352 1379 τὸ
1378 1328 1435 1381 ἐν
1450 1327 1642 1389 αὐταῖς
1656 1327 1758 1395 τὴν
1789 1343 1953 1379 πνευ-

393 1409 627 1475 μανικὴν
672 1408 865 1462 θυσίαν
916 1412 1281 1480 ἀναφέρεσθαι
1335 1413 1413 1483 τῷ
1480 1413 1670 1483 Κυρίῳ
1703 1430 1718 1445 ο
1769 1410 1952 1474 καθὼς

393 1500 547 1551 τοῦτο
597 1501 689 1552 καὶ
714 1502 741 1553 ὁ
774 1501 943 1569 μέγας
974 1504 1032 1554 ὲν
1056 1503 1229 1568 ἁγίοις
1296 1503 1559 1571 Τιμόθεος
1603 1504 1952 1574 πατριάρχης

404 1588 808 1659 Ἀλεξανδρείας
864 1591 1000 1661 πρὸς
1029 1594 1158 1655 τοὺς
1178 1593 1560 1663 ἐρωτήσαντας
1600 1595 1730 1664 περὶ
1758 1592 1951 1647 τούτου

392 1682 749 1751 ἁπεκρίνατο.
801 1687 865 1738 Οί
923 1686 1054 1753 γοῦν
1105 1688 1178 1757 μὴ
1219 1690 1301 1752 είς
1350 1688 1553 1752 ταύτας
1598 1690 1699 1752 τὰς
1740 1689 1954 1760 ἡμέρας

391 1774 867 1843 ἐγκρατευόμενοι,
931 1777 1050 1839 πῶς
1105 1778 1204 1830 καὶ
1275 1778 1397 1831 τότε
1432 1778 1571 1832 κατὰ
1602 1778 1788 1847 κοινὴν
1816 1794 1954 1847 συμ-

2054 597 2380 656 ratiociniis.
2414 603 2567 668 Quod
2607 606 2653 658 si
2690 604 2804 659 haec
2833 604 2901 659 de
2933 604 3133 660 femina
3168 604 3315 677 juste
3362 616 3605 665 tractan-

2053 696 2164 754 tur,
2194 691 2366 747 multo
2395 694 2568 764 magis
2612 695 2666 749 in
2705 710 2856 752 mare
2888 697 3214 752 sciscentur.

2125 867 2323 925 Interr.
2351 870 2441 926 L9.
2472 871 2529 926 In
2562 886 2786 942 vespera
2836 874 2994 942 primi
3037 875 3143 929 diei
3189 873 3454 930 Dominici
3494 886 3519 916 ο
3558 877 3603 931 si

2052 958 2314 1029 conjuges
2355 960 2647 1015 carnaliter
2697 962 3060 1030 implicentur,
3108 978 3339 1017 censura
3388 978 3608 1017 coerce-

2052 1048 2277 1115 buntur,
2312 1060 2372 1103 ut
2411 1057 2842 1120 transgressores
2880 1053 3079 1120 legunt,
3112 1052 3333 1106 atuton?

2119 1138 2272 1207 Resp.
2304 1140 2368 1194 Et
2398 1142 2652 1209 superius
2688 1142 2893 1196 dictum
2923 1150 3028 1208 est,
3066 1144 3119 1196 in
3150 1143 3385 1198 Sahhato
3406 1153 3461 1199 et
3497 1144 3604 1199 Do-

2051 1230 2254 1284 minico
2279 1232 2537 1302 conjuges
2559 1233 2837 1287 abstinere
2862 1233 3059 1287 debere
3088 1236 3292 1287 carnali
3324 1237 3601 1297 societate,

2051 1323 2196 1391 quod
2250 1325 2305 1377 in
2354 1325 2436 1379 eis
2482 1326 2744 1396 spiritalis
2794 1327 2970 1381 hostia
3015 1328 3272 1381 oﬂeratur
3321 1327 3544 1381 Domino
3587 1344 3602 1380 :

2050 1412 2506 1481 quemadmodum
2555 1430 2784 1483 magnus
2835 1417 2980 1470 inter
3026 1427 3245 1471 sanctos
3292 1415 3605 1472 Timotheus

2049 1502 2389 1559 Alexandriae
2419 1506 2750 1574 patriarcha,
2785 1506 2851 1560 ad
2884 1522 2999 1569 eos,
3029 1509 3119 1575 qui
3151 1507 3218 1560 de
3246 1508 3347 1559 huc
3379 1508 3610 1561 interro-

2051 1592 2270 1662 gabant,
2305 1596 2611 1664 respondit.
2640 1594 2745 1661 Qui
2782 1597 2948 1667 igitur
2981 1596 3064 1651 bis
3093 1598 3286 1651 diebus
3322 1598 3608 1651 cominen-

2051 1689 2135 1735 ter
2192 1695 2301 1736 non
2360 1691 2571 1753 agunt,
2627 1698 2864 1752 quonam
2921 1685 3082 1739 modo
3144 1692 3274 1740 tunc
3332 1684 3607 1736 communi

2051 1772 2324 1827 vacabunt
2370 1773 2455 1843 (ut
2511 1787 2744 1845 magnus
2798 1775 2877 1829 ait
2926 1773 3241 1845 Apostolus)
3294 1775 3607 1841 congressui

391 1865 591 1928 φωνίαν
618 1866 969 1934 σχολὰσουσιν
988 1867 1084 1937 (ὡς
1107 1869 1135 1920 ὁ
1169 1868 1345 1935 μέγας
1393 1866 1710 1930 ’Δπόστολος
1736 1864 1946 1937 εἴρηκε)

2052 1872 2175 1913 cum
2217 1858 2328 1915 Deo
2373 1869 2429 1917 et
2472 1863 2755 1918 orationi?
2796 1863 2958 1917 Nullo
2995 1865 3155 1933 plane
3199 1864 3377 1917 modo.
3425 1863 3609 1933 Itaque

392 1959 455 2023 τῇ
494 1955 627 2025 πρὸς
649 1956 779 2008 Θεὸν
805 1956 1043 2022 ἐντεύξει
1065 1957 1162 2009 καὶ
1183 1960 1497 2029 προσευχῇς
1531 1958 1756 2020 Πάντως
1799 1955 1949 2009 οὐδέ-

394 2062 543 2098 ποτε.
571 2049 660 2100 Διὸ
689 2049 782 2101 καὶ
810 2048 878 2101 δι’
908 2049 1203 2119 ἐπιτιμίων
1226 2049 1462 2122 μετρίων
1489 2052 1537 2104 οί
1569 2048 1742 2114 οὕτως
1765 2049 1950 2119 ἡμαρ-

394 2139 620 2204 muri-:5;
653 2138 1137 2208 διορθωθὴσονται.

473 2228 650 2294 Ἐρώτ
696 2235 757 2282 v'.
832 2230 958 2283 Ἐὰν
1008 2229 1155 2284 κατὰ
1216 2231 1317 2301 τὴν
1361 2229 1950 2302 Τεσσαρακονθὴμερον

393 2317 646 2384 νηττείας
684 2319 784 2370 ούκ
820 2318 1276 2389 ἐγκρατεύωνται·
1316 2321 1367 2373 oi
1392 2319 1672 2390 ὀμόζυγοι,
1707 2318 1948 2390 ἀξιωθή-

395 2424 577 2459 σονται
626 2408 728 2477 τῆς
804 2408 915 2461 τῶν
981 2408 1139 2463 θείων
1200 2411 1558 2481 ἀγιασμάτων
1627 2409 1947 2473 κοινωνίας,

391 2499 529 2550 κατᾶ
554 2499 652 2570 τὴν
676 2499 766 2552 τοῦ
799 2500 1033 2570 μεγάλου
1050 2501 1247 2573 Πάσχα
1283 2502 1723 2573 κοσμοσωτὴριον
1735 2499 1947 2572 ἑορτὴν,

392 2588 599 2655 ἠοῦς.

474 2677 673 2730 Ἀπόκ.
704 2678 765 2731 Ei
804 2678 939 2748 μηδὲ
992 2677 1341 2749 ίχθυοτραγείν
1372 2678 1728 2751 ἐδιδάχθημεν
1749 2718 1768 2745 ,
1814 2675 1951 2747 μηδὲ

395 2768 580 2831 ἁπλῶς
612 2769 900 2823 καταλύειν
928 2769 995 2824 δι’
1026 2770 1154 2841 ὅλης
1167 2772 1265 2840 τῆς
1293 2769 1452 2839 ἁγίας
1473 2769 1946 2839 Τεσσαρακοστῆς,

393 2860 487 2909 καὶ
537 2861 677 2913 κατὰ
723 2861 905 2913 πᾶσαν
944 2861 1199 2932 τετράδα,
1228 2861 1322 2914 καὶ
1354 2858 1740 2930 Παρασκευὴν,
1769 2854 1950 2927 πολλῷ

393 2946 553 3000 πλέον
606 2951 705 3018 τῆς
763 2927 1055 3021 σαρκικὴς
1104 2950 1424 3021 συμπλοκῆς
1443 2927 1685 3020 ’ἀπέχειν
1711 2927 1993 3016 ἀνῆκα)

395 3038 703 3108 σθήσονται.
734 3042 797 3093 Οἱ
821 3041 952 3108 γοῦν
1014 3042 1506 3112 παρανομήσαντες
1530 3039 1708 3103 οὕτως
1746 3036 1948 3108 ὁμόζυ-

393 3146 508 3195 γοι,
527 3128 618 3184 καὶ
642 3133 721 3193 είς
751 3131 1020 3203 ἀκρασίαν
1050 3131 1342 3201 σατανιχὴν
1373 3128 1951 3203 μεταστοιχειώσαντες

392 3223 489 3288 τὴν
517 3222 621 3274 απ»
653 3223 750 3291 τῆς
782 3224 1033 3292 νηστείας
1063 3223 1281 3294 καὶτῆς
1310 3222 1636 3293 ἀπαλλαγῆς
1675 3220 1785 3277 τῶν
1818 3235 1952 3290 σαρ-

394 3312 564 3363 κικῶν
617 3314 917 3382 ὲ-ιθυμιῶν
971 3314 1287 3385 σωτηριώδη
1350 3314 1638 3384 μετάνοιαν
1663 3310 1875 3383 (ὥσπερ
1901 3310 1951 3362 εί

398 3403 473 3468 μὴ
500 3401 594 3454 τοῦ
630 3403 751 3456 ὅλου
794 3403 1044 3458 ἐνιαυτοῦ
1071 3406 1104 3474 ἡ
1135 3403 1439 3475 περιδρομὴ
1469 3403 1692 3471 ἐξήρκει
1740 3399 1953 3461 τούτοις

400 3508 422 3539 ε
436 3495 480 3550 ³ς
534 3492 923 3562 ἀποπλήρωσιν
948 3493 1055 3547 τῶν
1079 3493 1359 3563 σαρκικῶν
1400 3490 1701 3561 δπιθυμιῶν
1726 3486 1949 3557 αὐτῶν)⁶

393 3580 516 3630 οὔτε
579 3584 677 3651 τῆς
737 3582 885 3646 θείας
925 3584 1017 3635 καὶ
1068 3583 1229 3649 ἁγίας
1283 3580 1632 3651 μεταλήψιως
1679 3576 1823 3631 κατὰ
1852 3575 1953 3647 τὴν

398 3672 592 3739 ἑορτὴν
654 3671 747 3723 τοῦ
800 3672 955 3740 ἁγίου
1002 3674 1097 3725 καὶ
1127 3672 1365 3740 μεγάλου
1397 3670 1589 3738 Πάσχα
1619 3668 1952 3739 ἀξιωθήσον-

396 3779 507 3824 τα·,
540 3761 675 3813 ἀλλὰ
699 3763 789 3815 καὶ
821 3763 887 3816 δι’
918 3762 1206 3831 ἑπιτιμιῶν
1233 3761 1709 3831 δωρθωθὴσονται.

482 3854 674 3918 Ἐρὼτ.
733 3858 836 3907 να¹.
906 3851 1211 3905 ’Δκίνδυνόν
1267 3852 1384 3904 ἔστι
1440 3849 1582 3904 κατὰ
1630 3848 1731 3919 τὴν
1782 3849 1955 3919 Κυρι-

398 3943 614 4008 ώνυμον
640 3942 854 4013 ἡμέραν
887 3944 967 4004 είς
1001 3942 1278 4011 βαλανεῖον
1315 3940 1673 4010 ἀπέρχεσθαι,
1703 3939 1799 3993 καὶ
1829 3938 1953 4009 θερ-

402 4034 519 4099 μοῖς
552 4031 793 4099 λουτροῖς
817 4031 1232 4097 ἀπονίπτεσθαι,
1260 4030 1291 4099 ἢ
1322 4029 1382 4083 οὔ
1412 4047 1426 4093 ;
1523 4056 1533 4067 ·

483 4117 673 4174 Ἁπὶςκ.
711 4121 865 4173 Κατὰ
893 4120 990 4191 τὴν
1006 4121 1365 4190 Κυριώνυμον
1396 4121 1554 4190 ἔργου
1576 4121 1775 4182 παντὸς
1815 4121 1953 4174 ἀπο-

393 4212 426 4263 δ
453 4211 694 4264 ίστασθαι
707 4214 831 4273 τοὺς
845 4212 1090 4276 πιστοὺς,
1109 4212 1202 4264 καὶ
1212 4215 1261 4265 oi
1279 4210 1664 4280 θεῖοιΠατέρες
1687 4211 1952 4276 ἐδίδαξαν,

397 4306 488 4354 καὶ
505 4305 536 4371 ἡ
551 4301 617 4355 νδ’
636 4303 824 4371 Νεαρὰ
836 4301 930 4356 τοῦ
949 4302 1207 4371 βασιλέως
1224 4302 1411 4371 κυρίου
1427 4302 1651 4365 Λέοντος
1670 4302 1764 4356 τοῦ
1783 4301 1952 4370 Σοφοῦ

394 4393 618 4454 δικαίως
651 4392 1037 4463 ὲθεσπιῴδησε,
1071 4395 1204 4461 φησὶ
1230 4392 1337 4463 γὰρ
1374 4396 1432 4446 ὲν
1464 4395 1619 4464 μέρει
1648 4392 1844 4448 ταῦτα’

2052 1949 2145 2019 qui
2180 1950 2262 2007 sie
2287 1950 2651 2022 deliquerunt,
2689 1954 2869 2025 poenis
2905 1954 3356 2010 moderatioribus
3380 1951 3403 1992 ί
3431 1970 3610 2010 emen-

2053 2038 2350 2097 dabuntur.

2122 2213 2313 2269 Intern
2367 2213 2455 2269 50.
2482 2213 2541 2270 Si
2596 2230 2695 2286 per
2746 2214 3118 2285 Quadi-agente
3154 2217 3420 2286 jejunium
3473 2234 3609 2273 con-

2049 2302 2208 2373 juges
2274 2305 2616 2360 continenter
2679 2320 2784 2361 non
2859 2317 3042 2376 agant,
3107 2307 3254 2379 digni
3325 2309 3607 2363 habebun-

2055 2403 2146 2448 tur
2216 2394 2538 2449 divinarum'
2605 2396 3098 2452 sanctiﬁcationum
3179 2399 3608 2462 communione,

2054 2484 2112 2538 in
2171 2482 2353 2554 magni
2399 2484 2688 2541 Paschalis
2725 2486 2913 2541 mundi
2981 2489 3208 2542 salutari
3275 2487 3436 2554 festo,
3507 2503 3609 2542 an-

2053 2574 2207 2630 non!

2122 2665 2281 2731 Resp.
2340 2666 2397 2722 Si
2447 2682 2625 2737 neque
2668 2668 2847 2737 pisces
2886 2669 3047 2725 edere
3096 2668 3378 2737 docemur,
3432 2685 3610 2741 neque

2056 2760 2378 2829 simpliciter
2421 2758 2687 2829 jejunium
2732 2762 2942 2816 solvere
2997 2778 3093 2831 per
3140 2772 3304 2817 totam
3362 2773 3608 2819 sanctam

2055 2847 2467 2919 Quadragenam
2492 2852 2542 2912 ε.
2594 2851 2768 2905 multo
2814 2852 2987 2918 magis
3020 2866 3051 2905 a
3084 2834 3287 2907 carnali
3323 2854 3611 2923 complexu

2055 2941 2331 2996 abstinere
2370 2948 2653 3011 cogentur.
2701 2941 2976 3013 Coniuges
3020 2955 3168 3012 ergo,
3195 2947 3287 3013 qui
3318 2947 3399 2999 sic
3427 2954 3610 3000 trans-

2054 3028 2228 3099 gressi
2261 3037 2412 3091 suat,
2455 3037 2510 3083 et
2538 3031 2593 3083 in
2637 3031 2939 3085 satanicam
2975 3032 3425 3089 incontinentiam
3459 3051 3611 3090 com—

2056 3130 2335 3176 mutarunt
2378 3121 2666 3177 salutarem
2716 3123 3111 3190 pmnitentiam,
3144 3138 3265 3195 quae
3296 3140 3365 3181 es
3402 3125 3610 3196 jejunio

2052 3219 2157 3278 est,
2204 3220 2258 3267 et
2310 3212 2628 3268 liberatione
2679 3215 3031 3282 cupiditatum
3080 3216 3403 3281 carnalium,
3454 3217 3613 3286 quasi

2055 3302 2221 3359 totius
2268 3304 2398 3358 anni
2441 3303 2775 3358 curriculum
2806 3304 2892 3359 bis
2934 3319 3040 3359 non
3089 3305 3327 3361 suiliciat
3366 3306 3433 3361 ad
3480 3321 3612 3362 suas

2048 3395 2349 3464 explendas
2390 3395 2646 3452 libidines
2682 3413 2697 3450 :
2733 3396 2970 3451 divinam
3009 3405 3064 3453 et
3104 3410 3346 3453 sanctam
3390 3398 3614 3468 partici-

2053 3486 2327 3554 pationem
2373 3487 2429 3541 in
2470 3488 2559 3543 die
2604 3489 2778 3543 sancti
2833 3489 3122 3558 magnique
3167 3489 3449 3545 Paschalis
3501 3504 3613 3544 non

2053 3576 2508 3646 promerebuntur
2546 3594 2560 3631 :
2608 3579 2853 3649 quinimo
2900 3580 3083 3648 potius
3129 3583 3306 3651 poenis
3354 3579 3614 3637 emenda-

2053 3667 2281 3723 buntur.

2125 3841 2325 3897 Iaurr.
2359 3842 2448 3897 51.
2489 3841 2620 3896 Sine
2665 3842 2905 3911 periculo
2948 3851 3055 3910 est,
3079 3843 3170 3899 die
3218 3843 3500 3902 Dominico
3532 3846 3616 3903 in-

2055 3934 2208 4003 gredi
2254 3934 2547 3999 balneum,
2610 3945 2664 3989 et
2695 3935 2888 3992 calidis
2954 3937 3186 3993 lavacris
3245 3937 3443 4019 ablui,
3511 3954 3613 3997 an-

2054 4040 2165 4079 non
2191 4026 2215 4078 ἲ

2124 4113 2278 4184 Resp.
2306 4113 2403 4169 Die
2429 4114 2713 4169 Dominico
2743 4115 2942 4173 debere
2973 4117 3041 4171 ab
3064 4116 3214 4172 omni
3247 4132 3415 4188 opere
3446 4118 3617 4176 absti-

2054 4222 2185 4261 nere
2220 4207 2426 4270 ﬁdeles,
2474 4218 2529 4262 et
2561 4209 2670 4263 divi
2708 4207 2898 4264 Patres
2928 4202 3263 4274 ’doeuerunt,
3307 4218 3361 4266 et
3397 4211 3465 4266 54
3502 4209 3615 4265 No~

2055 4301 2195 4356 Velia
2230 4302 2577 4370 imperatoris
2626 4302 2833 4357 domini
2866 4300 3065 4359 Leonis
3101 4304 3433 4374 philosophi,
3464 4304 3615 4374 juste

2054 4393 2336 4446 oraculum
2366 4391 2555 4453 edidit,
2598 4392 2709 4447 hac
2736 4393 2878 4447 enim
2915 4393 2992 4446 ait
3022 4394 3073 4446 in
3109 4401 3295 4458 parte:

477 4483 758 4552 Ὀρίζομεν
813 4483 909 4535 καὶ
970 4484 1129 4550 ἡμεῖς
1195 4482 1231 4537 ἃ
1282 4483 1361 4554 τῷ
1396 4484 1538 4558 ἁγίῳ
1578 4485 1724 4551 εδοξε
1782 4485 1953 4539 Πνεύ-

2130 4481 2435 4537 Statuimus
2468 4497 2572 4537 nos
2605 4484 2792 4546 etiam,
2830 4483 2972 4552 quod
3005 4482 3233 4554 Spiritui
3280 4491 3493 4549 sancto,
3543 4483 3614 4539 ab

400 4588 569 4640 ματι,
612 4572 704 4623 καὶ
756 4573 869 4633 τοῖς
924 4572 1017 4626 ὑπ’
1070 4572 1233 4626 αὐτοῦ
1295 4576 1664 4645 μεμνημένοις
1723 4578 1954 4631 ἀποστό-

394 4662 504 4725 λοις
549 4676 564 4691 ο
614 4662 755 4715 ὥστε
804 4663 1010 4725 πάντας
1056 4664 1115 4714 ἐν
1146 4667 1211 4735 τῇ
1258 4665 1379 4735 θεία
1426 4667 1527 4720 οιαὶ
1584 4667 1684 4735 τὴν
1746 4668 1955 4739 ἀφθαρ-

395 4755 523 4807 σίαν
576 4754 733 4823 ἡμῶν
796 4755 1218 4826 ἔγκαινισαμένῃ
1276 4757 1458 4827 ἡμέρᾳ
1520 4757 1800 4827 σχολάζειν
1854 4761 1953 4834 ἁρ-

392 4844 511 4911 γία,
545 4847 637 4895 καὶ
695 4845 833 4913 μήτε
883 4845 1128 4918 γεωργὸν
1191 4846 1327 4915 μήτε
1381 4847 1502 4900 τινὰ
1552 4847 1738 4918 ἕτερον
1786 4849 1955 4904 ἄπτε-

395 4932 521 4983 σθαι
572 4933 733 5002 ιργου
798 4934 855 4987 ιν
909 4932 1078 5003 ταύτῃ
1135 4932 1242 4986 τῶν
1300 4932 1377 5004 μὴ
1422 4936 1838 5005 νενομισμένων.
1888 4938 1952 4991 El

395 5024 503 5092 γὰρ
528 5024 576 5076 οί
607 5024 825 5077 παλαιοὶ
853 5023 952 5087 τὰς
983 5024 1139 5087 σκιὰς
1160 5025 1250 5077 καὶ
1277 5026 1401 5087 τοὺς
1419 5025 1623 5089 τύπους
1661 5028 1949 5096 τιμῶντες,

394 5111 484 5164 διὰ
508 5113 773 5180 τοσαύτης
793 5107 926 5183 ἦγον
947 5112 1110 5182 τιμῆς
1138 5114 1235 5183 τὴν
1259 5113 1351 5165 τοῦ
1383 5113 1664 5168 Σαϐϐάτου
1706 5116 1947 5187 ἡμέραν,

395 5206 471 5268 ὡς
498 5207 750 5260 παντελεῖ
770 5207 966 5269 αὐτοὺς
993 5207 1237 5277 ἀπραξία
1264 5208 1485 5273 διδόναι,
1517 5209 1635 5273 πῶς
1684 5210 1831 5273 είκὺς
1853 5210 1948 5274 οὒς

281 5321 289 5327 ·
397 5299 431 5366 ἡ
466 5298 620 5367 χάρις
648 5297 985 5367 θεραπευτὰς
1010 5297 1122 5367 ἔχει
1151 5299 1296 5367 καὶὴ
1323 5297 1569 5370 ἀλήθεια,
1618 5300 1840 5363 τούτους
1874 5302 1949 5371 μὴ

396 5388 559 5455 τιμᾷν
583 5388 681 5456 τὴν
700 5387 909 5457 ἡμέραν
944 5389 1066 5457 ἥτις
1090 5389 1150 5441 τὸ
1180 5390 1359 5456 τίμιον
1388 5390 1538 5460 παρὰ
1557 5390 1651 5443 τοῦ
1672 5393 1946 5444 Δεσπάτου

398 5472 716 5544 ἐπλούτησε,
771 5477 868 5529 καὶ
909 5476 1055 5546 ἡμᾶς
1103 5478 1440 5548 ἠλευθέρωσε
1495 5479 1594 5548 τῆς
1648 5482 1711 5533 ἐκ
1743 5480 1950 5550 φθορᾶς

2053 4575 2563 4644 ipsoqueinstitntis
2590 4576 2854 4644 apostolis
2891 4576 3112 4645 placuit,
3142 4584 3200 4629 ut
3230 4590 3421 4631 omnes
3455 4577 3512 4631 in
3525 4576 3617 4633 die

2053 4680 2235 4730 sacro,
2291 4681 2514 4734 quoque
2567 4673 2757 4720 nostra
2788 4666 3074 4735 integritas
3103 4665 3410 4720 instaurata
3445 4678 3551 4732 est,
3582 4682 3613 4723 a

2052 4755 2242 4810 labore
2267 4762 2462 4809 vacent
2496 4772 2512 4808 :
2543 4770 2723 4824 neque
2749 4755 3022 4825 agricolas,
3050 4770 3227 4823 neque
3245 4754 3505 4824 quiquam
3520 4757 3613 4813 alii

2052 4848 2111 4903 in
2137 4848 2232 4902 illo
2262 4846 2516 4901 illicitum
2563 4860 2704 4915 Opus
2761 4847 3167 4916 aggrediantur.
3228 4845 3285 4900 Si
3339 4847 3484 4901 enim
3520 4845 3608 4916 qui

2053 4939 2302 4996 umbram
2322 4937 2611 5009 quamdam
2639 4945 2802 5009 atque
2828 4938 3051 5007 ﬁguram
3084 4937 3467 5003 observabant,
3493 4947 3614 4992 tan-

2055 5041 2241 5099 topere
2283 5029 2505 5084 Sabbati
2558 5028 2701 5083 diem
2773 5026 3198 5089 venerabantur,
3264 5032 3325 5080 ut
3364 5027 3434 5081 ab
3465 5027 3612 5081 omni

2053 5134 2284 5191 prorsus
2327 5133 2490 5189 opere
2539 5118 2880 5173 abstinerent
2916 5134 2930 5171 :
2966 5117 3244 5185 quomodo
3291 5118 3383 5185 qui
3426 5117 3617 5185 gratia

2051 5209 2249 5272 lucem,
2283 5209 2566 5277 ipsamque
2598 5206 2883 5261 veritatem
2923 5205 3133 5268 colunt,
3168 5204 3269 5259 bos
3290 5219 3414 5258 eum
3445 5205 3610 5275 diem,

2052 5298 2146 5367 qui
2173 5311 2205 5351 a
2228 5294 2459 5350 Domino
2483 5296 2691 5349 honore
2723 5293 2932 5349 ditatus
2962 5301 3066 5357 est,
3098 5307 3311 5363 nosque
3352 5292 3422 5347 ab
3457 5288 3613 5347 exitii

2056 5387 2322 5441 dedecore
2355 5383 2622 5445 liberavit,
2658 5396 2767 5436 non
2788 5383 3035 5437 venerari
3080 5395 3180 5452 par
3204 5380 3324 5437 est?
3349 5389 3440 5434 aut
3472 5394 3614 5450 quo-

2055 5477 2219 5533 modo
2239 5492 2361 5532 cum
2387 5490 2452 5531 ex
2488 5484 2694 5543 septem
2725 5474 2916 5530 diebus
2948 5488 3091 5528 unus
3122 5473 3178 5527 in
3202 5470 3415 5527 Domini
3444 5469 3612 5527 hono-

1672 5590 1902 5647 νΑιιιΑι]
1942 5589 2351 5648 LECTIONES.

404 5746 417 5759 O
476 5687 503 5717 ο
554 5695 586 5729 a
635 5680 844 5733 domino
896 5680 1234 5734 denominati.

400 5762 452 5799 υῑ
486 5764 716 5805 parasite:
732 5766 777 5802 θ.

1335 5679 1354 5718 ί
1413 5682 1573 5748 pomis
1606 5680 1843 5735 modicis.
1924 5685 1950 5723 ε
1974 5701 2063 5751 per
2119 5693 2284 5737 totam
2325 5680 2805 5751 quadragesimum,
2852 5687 2901 5732 et
2947 5675 3127 5747 quavis
3157 5683 3348 5747 quarta
3371 5673 3527 5747 feria,
3556 5685 3606 5729 et
