4020 6406
515 354 617 415 990

1723 359 2003 424 'I'HEOD.
2050 361 2528 424 BALSAMONIS

3579 375 3689 438 100i}

525 493 639 532 rem
697 489 1053 537 consecratus
1108 485 1199 547 sit,
1252 499 1350 540 nos
1405 487 1632 543 aliorum
1675 490 1740 544 ad
1764 507 1925 562 Opera
1980 511 2066 550 usu

2183 498 2451 566 ἀτιμίας;
2495 499 2560 549 Ἢ
2585 498 2699 560 πῶς
2727 500 2789 552 ού
2833 500 3110 564 παντελῶς
3161 502 3508 574 ἀσυνείδητον,
3566 507 3685 563 ἐπτά

524 577 810 624 contentos
836 585 945 625 non
977 587 1121 639 esse,
1156 589 1332 643 neque
1379 577 1529 630 illum
1563 580 1791 637 Domino
1816 585 2077 640 eximium

523 669 578 712 et
605 660 922 716 inviolatum
956 679 1282 722 conservare
1319 685 1332 721 :
1375 669 1468 724 sed
1497 670 1670 738 ipsum
1699 676 1862 728 etiam
1894 679 2080 747 vulga~

526 764 638 801 rem
687 751 884 814 facere,
919 756 1224 824 nostrisque
1252 758 1510 824 operibus
1544 763 1924 829 applicandum
1981 784 2080 837 pu-

524 849 662 901 tare,
697 841 970 910 religionis
999 860 1104 897 non
1135 855 1219 899 cst
1245 862 1469 914 prorsus
1500 850 1810 907 dissolutae?
1834 856 2080 924 Quapro-

528 939 645 995 pter
675 932 906 988 dicimus
939 943 992 988 et
1017 951 1136 1000 nos,
1167 939 1312 992 omni
1349 943 1668 1007 operatione
1697 947 2078 1013 (quemadmo-

525 1017 666 1072 dunr
691 1019 891 1075 dictum
937 1028 1038 1091 est)
1098 1039 1347 1083 cessante
1368 1030 1418 1094 ιι,
1467 1047 1590 1086 cum
1637 1044 1690 1088 et
1748 1037 1848 1102 ipsi
1883 1041 2074 1094 rustici

523 1109 890 1175 negotientur,
923 1121 976 1164 et
1007 1115 1263 1169 omnibus
1298 1121 1507 1174 coactis
1542 1124 1748 1177 versari
1810 1125 1864 1179 in
1900 1129 2075 1181 eccle-

522 1200 642 1262 siis,
666 1210 718 1253 et
751 1203 1054 1269 glorilicare
1086 1210 1264 1274 potius
1293 1208 1456 1263 Deum
1493 1211 1582 1266 die
1613 1213 2072 1287 Dominico,quod

521 1287 706 1344 ﬁdeles
748 1291 839 1358 qui
871 1308 1081 1358 sumus,
1115 1297 1167 1349 in
1213 1313 1274 1350 ea
1308 1300 1606 1357 viderimus
1637 1304 1863 1372 iustitiae
1895 1309 2071 1364 Solem

519 1379 921 1445 resplenduisse
961 1384 1002 1435 ί.
1044 1385 1232 1454 Neque
1279 1388 1442 1456 igitur
1465 1393 1557 1458 qui
1597 1394 1915 1450 balneorum
1939 1415 2077 1468 prae-

518 1470 767 1522 censoria
807 1471 1128 1540 lavacraque
1143 1487 1195 1528 et
1223 1477 1425 1546 reliqua
1447 1479 1676 1547 faciunt,
1695 1485 1778 1539 his
1797 1487 2075 1543 ministra-

517 1556 672 1615 bunt.
707 1573 882 1626 neque
913 1561 1084 1616 ﬁdelis
1121 1565 1264 1620 ullus
1296 1570 1505 1623 vcniam
1529 1574 1858 1640 merebitur,
1892 1578 1981 1644 qui
2003 1579 2073 1631 ab

516 1645 762 1700 oratione
796 1649 1101 1715 abstinens,
1153 1662 1207 1708 et
1250 1669 1278 1709 a
1313 1658 1538 1712 multum
1589 1663 1926 1718 celebrandis
1957 1668 2074 1736 glo—

517 1733 909 1792 riﬁcationibus
991 1744 1548 1817 praeceptionibusque
1627 1753 1732 1807 diei
1803 1754 2067 1811 Dominici

2183 588 2405 657 ἡμερῶν
2433 588 2624 651 ούσῶν,
2661 582 2735 641 ὧν
2769 590 2866 659 μία
2924 592 3002 653 είς
3029 593 3354 664 Δεσποτικὴν
3385 595 3537 666 τιμὴν
3565 598 3688 652 ἀνεί-

2181 695 2290 740 ται,
2333 679 2406 747 μὴ
2455 680 2736 749 ἀρκεῖσθαι
2798 682 2941 748 ἡμᾶς
2997 684 3116 743 ταῖς
3159 682 3216 748 ἒξ
3258 685 3688 754 ἀποκεχρημένους

2181 771 2261 831 εἰς
2322 769 2499 839 ἔργον,
2548 771 2640 822 καὶ
2693 772 3050 840 ἀναφαίρετον
3102 773 3179 842 τῷ
3229 775 3459 843 Δεσπότῃ
3507 776 3690 844 ἐκείνην

2181 863 2409 928 τηρεῖνο
2444 861 2578 913 ἀλλά
2627 863 2720 914 καὶ
2765 863 2970 932 ταύτην
3019 864 3445 928 κοινοποιεῖσθαι,
3491 865 3573 918 καὶ
3601 867 3690 918 τῶν

2180 953 2462 1020 ἡμετέρων
2491 953 2665 1022 ἔργων
2683 953 2921 1023 νομίζειν
2966 955 3188 1023 καιρόν;
3225 956 3311 1007 Διό
3381 973 3548 1023 φαμεν
3604 959 3683 1007 καὶ

2179 1046 2358 1111 ἡμεῖς,
2409 1043 2588 1112 πάσης
2617 1046 2893 1114 ἐνεργείας
2922 1046 3387 1114 ὲμπορευομένων,
3431 1047 3517 1098 καὶ
3539 1046 3692 1098 αὐτῶν

2176 1134 2238 1203 δὴ
2261 1136 2367 1186 τῶν
2393 1135 2672 1204 γεωργῶν,
2729 1136 3179 1204 ἀπρακτησάσης,
3228 1135 3300 1197 ὠς
3348 1136 3566 1204 εἴρηται,
3614 1135 3694 1187 καὶ

2177 1226 2392 1278 πάντων
2420 1225 2876 1293 ἀναγκαζομένων
2920 1228 3040 1286 ταῖς
3088 1226 3398 1289 ἐκκλησίαις
3421 1226 3694 1293 ἐνασχυλεῖ-

2179 1314 2320 1377 σθαι,
2357 1315 2449 1368 καὶ
2491 1315 2784 1384 δοξολογείν
2813 1317 2902 1370 τὸν
2931 1318 3062 1369 Θεὸν
3097 1318 3294 1385 μᾶλλον
3340 1319 3474 1369 κατά
3515 1317 3694 1383 ταύτην

2174 1407 2269 1475 τὴν
2313 1407 2672 1476 κυριώνυμον,
2697 1408 2783 1460 διὰ
2835 1408 2896 1459 τὸ
2943 1410 3000 1459 ὲν
3055 1408 3188 1477 αὐτῇ
3233 1408 3356 1459 ἰδεῖν
3407 1409 3545 1476 ἡμᾶς
3587 1408 3693 1466 τοὺς

2175 1499 2395 1562 πιστοὺς
2422 1498 2510 1550 τὸν
2528 1499 2625 1567 τῆς
2654 1498 2993 1569 δικαιοσύνης
3026 1499 3210 1552 Ἰίλιον
3246 1499 3550 1568 λάμψανταο
3589 1496 3694 1550 οὔτε

2171 1582 2263 1638 οὖν
2284 1588 2332 1639 oi
2359 1587 2426 1640 τὰ
2454 1587 2560 1640 τῶν
2587 1587 2877 1656 βαλανείων
2903 1592 3332 1660 προκαυστήρια,
3358 1587 3600 1657 λουτήριά
3625 1603 3692 1650 τε,

2171 1677 2266 1730 καὶ
2302 1677 2462 1731 λοιπά
2489 1679 2832 1749 ἐνεργοῦντες
2861 1680 3069 1743 τούτοις
3099 1680 3541 1751 ὑπηρετήσουσιν,
3588 1676 3693 1730 οὕτε

2170 1783 2253 1829 τις
2285 1769 2471 1832 πιστὸς
2505 1769 2832 1838 συγγνώμης
2857 1770 3111 1838 ἀξιωθείη
3134 1787 3150 1801 ο
3177 1771 3276 1841 τῆς
3311 1771 3404 1839 μὲν
3424 1767 3695 1838 προσευχῆς

516 1825 794 1888 recedens,
823 1831 978 1895 aquis
1018 1833 1211 1888 calidis
1243 1835 1481 1893 adhaeret
1511 1847 1566 1894 ct
1597 1851 1897 1911 occupatur
1927 1865 1940 1901 :
1970 1849 2062 1903 sed

2167 1852 2554 1922 ἀποσχόμενος,
2584 1856 2676 1907 καὶ
2709 1855 2816 1908 τῶν
2873 1855 3265 1926 πολυῦμνήτων
3287 1855 3585 1922 δοξολογιῶν
3619 1853 3696 1904 καὶ

517 1914 806 1981 episcopali
827 1918 1034 1986 judicio
1062 1926 1535 1983 emendationihus
1567 1933 1888 2003 corrigetur.

2169 1942 2522 1997 διδασκαλιῶν
2554 1949 2650 2016 τῆς
2689 1947 3030 2017 κυριωνύμου
3065 1948 3446 2014 ἀφιστάμενος,
3471 1950 3555 1998 καὶ
3585 1945 3691 2012 θερ-

520 2002 638 2067 μοῖς
669 2001 822 2071 ύδασι
883 2012 1226 2080 προσανέχων
1275 2016 1368 2067 καὶ
1421 2001 1856 2100 ἀσχολούμενος·
1909 2027 2045 2082 ἀλλά
2081 2029 2170 2084 διά
2196 2033 2485 2102 ἐπιτιμίων
2545 2001 2683 2091 καίτά
2711 2001 2806 2108 την
2867 2039 3230 2107 ὲπισκοπικὴν
3283 2039 3542 2105 διάκρισιν
3614 2037 3695 2088 δι-

511 2092 900 2166 ορθωθήσεται.

584 2182 784 2241 Interr.
825 2189 914 2242 52.
953 2189 1226 2258 Jejunium
1259 2199 1482 2256 solvens
1510 2205 1784 2273 carnibus,
1821 2224 1981 2267 caseo
2011 2223 2064 2269 ct

517 2289 638 2341 ovo,
658 2277 850 2334 diebus
898 2280 1146 2340 Mercurii
1174 2295 1227 2342 et
1257 2288 1480 2348 Veneris
1515 2296 1681 2352 totius
1729 2302 1879 2367 anni,
1910 2307 2068 2361 venia

515 2367 732 2436 dignus,
756 2373 974 2424 annon?

587 2455 738 2526 Resp.
769 2461 1152 2532 Sexagesimus
1179 2483 1350 2525 nonus
1391 2487 1564 2529 canon
1597 2489 1909 2536 sanctorum
1939 2500 2070 2555 apo-

515 2549 777 2603 stolorum
807 2553 879 2604 ait
909 2571 920 2605 :
950 2555 1004 2607 Si
1037 2558 1160 2624 quis
1191 2561 1496 2631 episcopus.
1539 2568 1622 2621 vel
1653 2575 1953 2644 presbyter,
1977 2549 2069 2632 vel

514 2636 796 2701 diaconus,
831 2642 914 2694 vel
952 2643 1139 2711 lector,
1190 2650 1274 2702 vel
1319 2661 1530 2718 cantor,
1568 2636 2067 2724 sanctam'Pascba:

515 2725 991 2797 Quadragesimam
1018 2751 1123 2789 non
1147 2739 1378 2806 jejuuat,
1405 2747 1484 2799 vel
1516 2757 1766 2816 quartum
1791 2755 1956 2820 diem,
1983 2761 2065 2814 vel

513 2818 874 2887 Parascevcn,
906 2832 1100 2892 praeter
1131 2844 1292 2896 quam
1322 2834 1366 2886 si
1398 2841 2060 2904 propterimbecillitatem

513 2910 848 2976 corporalem
879 2914 1226 2982 impediatur,
1267 2921 1572 2990 deponatur
1605 2946 1620 2981 :
1657 2931 1700 2984 si
1751 2935 1822 2986 sit
1880 2947 2058 2992 autem

513 2995 705 3060 laicus,
738 3012 1066 3070 segregetur.
1097 3005 1198 3070 Qui
1247 3009 1410 3077 igitur
1447 3015 1563 3068 sine
1595 3022 1863 3086 corporali
1910 3025 2061 3077 inﬁr-

512 3088 696 3142 mitate
717 3090 966 3146 dissolvit
997 3092 1011 3143 i
1050 3094 1167 3151 dies
1192 3096 1446 3155 Mercurii
1473 3113 1527 3158 et
1560 3107 1802 3174 Veneris,
1836 3116 2061 3180 punitur

505 3176 658 3243 juxta
686 3181 912 3235 canonis
940 3183 1103 3251 hujus
1139 3196 1401 3245 tenorem.
1436 3193 1664 3258 Quando
1698 3176 2060 3272 veroprOpter

2247 2218 2438 2282 Ἐρώτ.
2490 2217 2587 2287 νβ’.
2663 2217 2719 2269 Ὀ
2775 2217 3054 2272 καταλύων
3100 2219 3188 2271 διὰ
3233 2219 3488 2288 κρέατσς,
3545 2212 3689 2280 τυροῦ

2165 2309 2260 2362 καὶ
2283 2307 2411 2374 ὼοῦ,
2440 2309 2536 2370 τὰς
2597 2308 2859 2377 τετράδας
2915 2310 3008 2361 καὶ
3063 2309 3160 2370 τὰς
3231 2307 3569 2380 παρασκευὰς
3617 2320 3696 2356 του

2161 2397 2288 2451 ὅλου
2312 2396 2525 2466 χρόνου,
2558 2397 2928 2463 συγγνωστέος
2951 2396 3119 2464 ἐστὶν,
3144 2398 3176 2467 ἢ
3201 2397 3262 2449 οὗ
3292 2415 3306 2461 ;

2247 2485 2437 2538 Ἀπόκ.
2469 2485 2527 2536 Ὀ
2554 2483 2630 2548 ξο¹
2655 2484 2830 2538 κανὼν
2857 2484 2962 2536 τῶν
2991 2485 3158 2551 ἁγίων
3188 2485 3500 2538 ἀποστόλων
3531 2483 3692 2552 φησίν

2167 2575 2233 2627 Et
2253 2592 2334 2636 τις
2372 2576 2684 2639 ἐπίσκοπος,
2715 2574 2747 2645 ἢ
2772 2575 3158 2646 πρεσϐύτερος,
3185 2576 3219 2646 ἦ
3253 2573 3559 2670 διάκονοςχῆ
3584 2574 3694 2670 ἅναξ

2166 2666 2434 2738 γνώστης,
2479 2668 2762 2738 ἢψάλτης,
2796 2668 2899 2737 τὴν
2939 2669 3100 2736 ἁγίαν
3129 2665 3572 2737 Τεσσαρακοστὴν
3615 2665 3695 2714 τοῦ

2162 2758 2352 2827 Πάσχα
2379 2758 2440 2810 οὐ
2488 2757 2753 2827 νηστεύει,
2785 2758 3083 2829 ἦτετράδα,
3118 2758 3150 2827 ἢ
3195 2756 3558 2828 παρασκευὴν,
3584 2751 3697 2804 καο-

2162 2847 2422 2918 αιρείσθω
2446 2865 2460 2880 ο
2513 2850 2562 2901 εί
2594 2849 2668 2918 μὴ
2720 2849 2788 2901 δι’
2818 2848 3102 2902 ἀσθένειαν
3135 2850 3506 2916 ἐμποδίζοιτο.
3539 2844 3596 2896 Εί
3648 2842 3695 2893 δὲ

2163 2939 2348 3001 λαῖκὸς
2373 2941 2479 3008 εἴη,
2513 2940 2873 3010 ἀφοριςέσθω.
2914 2940 2971 2992 Ὀ
2997 2940 3129 3008 γοῦν
3155 2938 3438 2995 καταλύων
3465 2939 3582 2992 ἄνευ
3605 2949 3695 2986 cu)-

2169 3028 2404 3098 ματικῆς
2450 3029 2730 3092 ἀσθενείας
2780 3030 2880 3092 τάς
2938 3032 3206 3102 τετράδας
3250 3032 3344 3084 καὶ
3399 3029 3494 3090 τὰς
3537 3041 3696 3092 παρα·

2167 3121 2384 3184 σκευὰς,
2417 3119 2701 3182 κολάζεται
2737 3120 2876 3173 κατὰ
2909 3122 3006 3191 τὴν
3070 3120 3165 3172 τοῦ
3212 3121 3449 3172 τοιούτου
3499 3114 3697 3170 κανόνος

2171 3208 2486 3276 περίληψιν.
2527 3209 2654 3261 Ὅτε
2678 3208 2734 3261 δὲ
2791 3208 2856 3260 δι’
2881 3208 3165 3262 ἀσθένειαν
3214 3202 3574 3275 ἀναγκασθείη
3623 3213 3694 3258 τις

516 3267 939 3326 imbecillitatem
991 3284 1212 3332 coactus
1263 3279 1422 3336 fuerit
1459 3284 1779 3354 dissolvere,
1818 3267 2062 3362 piscibus

2166 3267 2489 3361 καταλύσαι,
2519 3298 2606 3350 διὰ
2645 3297 2841 3367 ἰχθύων
2870 3299 2902 3368 ἢ
2934 3298 3113 3350 ἐλαίου
3163 3267 3448 3370 μετριάσει
3472 3293 3561 3346 τοῦ
3607 3291 3695 3356 ὰρ-

510 3358 594 3413 vel
624 3359 743 3414 oleo
762 3363 1127 3421 moderabitur
1153 3376 1525 3439 aegrotationis
1548 3358 1909 3439 aﬂlictionetn.
1934 3385 2065 3440 Car-

510 3464 608 3504 nes
633 3453 776 3506 enim
796 3455 878 3508 vel
909 3469 1150 3521 caseum,
1179 3473 1272 3515 aut
1290 3478 1450 3518 ovum
1478 3469 1744 3540 attingere
1763 3489 1870 3529 non
1903 3475 2065 3532 fuerit

509 3554 853 3607 concessum,
892 3545 1020 3601 licet
1035 3559 1332 3604 extremam
1357 3553 1496 3610 cﬂlet
1518 3560 1774 3627 animam,
1809 3580 1984 3634 neque
2008 3569 2062 3621 in

513 3646 707 3700 magna
732 3632 1112 3708 Quadragena,
1135 3656 1312 3712 neque
1336 3644 1390 3698 in
1416 3648 1783 3720 qualicunque
1806 3632 2060 3713 Mercurii

507 3721 590 3774 vel
625 3719 850 3779 Veneris
873 3726 982 3782 die.
1023 3727 1230 3786 Sufﬁcit
1253 3733 1394 3786 enim
1419 3736 1490 3802 ei,
1515 3739 1606 3806 qui
1631 3719 1942 3798 necessario
1970 3761 2064 3814 per

504 3811 779 3868 aridorum
815 3830 968 3871 esum
1003 3821 1351 3888 magniﬁcare
1373 3825 1531 3881 debet
1558 3829 1675 3886 dies
1726 3811 1982 3890 Mercurii
2008 3845 2062 3891 et

506 3898 760 3969 Veneris,
797 3921 893 3976 per
928 3910 1110 3964 oleum
1153 3921 1210 3967 et
1266 3915 1447 3984 pisces
1478 3922 1652 3977 morbi
1712 3927 2059 3984 acerbitatem

505 3993 770 4063 mitigare.
817 3995 1018 4068 Excipe
1065 4001 1200 4056 mihi
1237 4005 1355 4060 dies
1415 4006 1666 4067 Mercurii
1713 4024 1766 4068 et
1810 4015 2058 4084 Veneris,

503 4086 1316 4161 carnisprivii,septuagesima,
1360 4103 1729 4159 renovationis
1758 4113 1813 4160 et
1850 4109 2061 4164 duode»

503 4174 608 4228 cim
657 4177 889 4233 dierum.
930 4182 990 4236 In
1039 4184 1126 4239 his
1153 4188 1298 4241 enim
1332 4205 1428 4258 per
1457 4207 1650 4248 carnes
1703 4196 1892 4261 etiam,
1921 4198 2059 4254 citra

503 4267 803 4333 periculum
842 4271 1046 4340 jejunia
1083 4275 1429 4347 frangimus:
1485 4285 1613 4352 quia
1644 4286 1789 4340 circa
1825 4288 2060 4344 dodeca-

505 4356 782 4412 hemerum
813 4360 1062 4431 jejunant
1084 4368 1325 4424 Armenii
1343 4382 1564 4441 propter
1587 4374 1983 4443 Artzibnrium,
2003 4382 2057 4436 in

505 4448 839 4506 hebdomade
863 4456 1035 4521 prima
1063 4461 1436 4530 carnisprivii,
1469 4475 1693 4536 propter
1731 4468 2002 4526 Ninivitas
2040 4489 2053 4525 :

503 4547 556 4592 et
579 4540 630 4593 in
665 4541 999 4602 hebdomade
1030 4551 1313 4620 tyrophagi
1341 4552 1632 4610 Tetradita:
1666 4557 2056 4630 hzereticijeju-

503 4631 652 4684 nium
681 4648 936 4704 magnum
985 4640 1302 4695 observant.
1330 4643 1440 4698 Nos
1481 4645 1646 4714 igitur
1683 4653 1959 4706 contraria
1987 4654 2055 4710 iis
2090 4631 2134 4685 D

504 4723 1184 4799 facientes.rl‘rangimusk,
1232 4749 1301 4788 ne
1349 4735 1637 4792 videamur
1661 4756 1784 4794 cum
1820 4743 1888 4797 iis
1924 4759 2058 4799 con-

503 4815 731 4878 sentire,
772 4833 837 4871 eo
883 4828 1129 4888 excepto,
1174 4823 1317 4889 quod
1364 4825 1499 4879 illud
1537 4828 1648 4892 ﬁet,
1679 4830 1726 4884 si
1781 4833 1905 4900 quis
1929 4849 2054 4888 cum

502 4903 796 4962 Tetraditis
826 4919 919 4963 aut
966 4913 1240 4966 Armeniis
1278 4914 1503 4971 habitet.
1557 4920 1774 4989 Alioqui
1805 4924 1971 4989 enim,
2007 4927 2056 4981 si

503 4995 555 5047 in
582 4998 802 5066 regione
824 5000 1018 5068 degat,
1048 5003 1135 5056 ubi
1169 5003 1354 5059 nullus
1391 5017 1474 5061 cst
1503 5008 1831 5076 ejuscemodi
1850 5052 1864 5076 ,
1896 5014 2058 5082 degu-

501 5087 667 5140 stabit
695 5096 903 5142 tantum
953 5106 1018 5144 ex
1048 5094 1330 5159 carnibus,
1371 5099 1453 5152 vel
1482 5113 1663 5166 caseo,
1699 5111 1752 5156 et
1781 5105 2050 5171 suspicio-

502 5193 622 5230 nem
673 5182 974 5235 attenuabit
1003 5198 1097 5253 per
1150 5187 1559 5256 continentiam,
1591 5207 1698 5247 non
1751 5208 1847 5263 per
1871 5196 2052 5265 inglu-

2166 3388 2519 3456 ῥωστὴματος
2538 3387 2635 3457 τὴν
2685 3388 2983 3457 κακότητα.
3016 3389 3262 3457 Κρέατος
3320 3387 3428 3455 γὰρ
3471 3383 3503 3453 ἦ
3549 3383 3694 3447 τυρου

2162 3477 2197 3548 ἢ
2226 3477 2333 3530 ἀ)θῦ
2359 3477 2596 3547 ἅψασθαι
2629 3479 2689 3531 οὗ
2718 3481 3118 3550 συγχωρηθείη,
3150 3480 3258 3532 κᾶν
3299 3479 3432 3548 πνέῃ
3484 3475 3549 3526 τά
3600 3469 3696 3521 λοί-

2163 3567 2307 3635 σθια,
2387 3567 2510 3621 οὔτε
2556 3571 2612 3621 ὲν
2667 3573 2733 3639 τῇ
2777 3569 2984 3639 μεγάλῃ
3034 3567 3479 3666 Τεσσαρακοστῇ,
3509 3561 3624 3662 οὔτε

2159 3659 2422 3730 οίᾳδήτινι
2459 3660 2675 3729 τετράδι
2708 3661 2802 3712 καλ⁵
2830 3661 3148 3729 παρασκευῇ
3175 3675 3190 3688 ·
3226 3659 3389 3729 ἀρκεῖ
3423 3655 3527 3724 γὰρ
3545 3655 3614 3719 τῷ
3645 3655 3696 3712 ἐξ

2161 3752 2406 3821 ἀνάγκης
2431 3750 2519 3802 διὰ
2549 3749 2883 3819 ξηροφαγίας
2943 3748 3265 3818 μεγαλύνειν
3314 3747 3593 3850 ὀφείλοντὶ
3609 3740 3694 3850 τὰς

2159 3843 2414 3913 τετράδας
2436 3841 2528 3895 καὶ
2551 3842 2649 3904 τὰς
2680 3841 3051 3911 παρασκευὰς,
3086 3839 3172 3892 διὰ
3203 3840 3381 3894 ὲλαίου
3401 3839 3494 3892 καὶ
3518 3835 3696 3902 ίχοὺων

2160 3933 2501 3987 ὲπιεικεῦσαι
2529 3934 2589 3984 τὸ
2627 3930 3129 4000 νόσημα.Ὑπέξελέ
3162 3948 3254 3999 μοι
3292 3931 3390 3990 τὰς
3431 3925 3693 3996 τετράδας.

2161 4025 2254 4078 καὶ
2291 4023 2388 4086 τὰς
2428 4023 2776 4092 παρασκευάς
2807 4022 2905 4090 τῆς
2930 4021 3205 4087 ἀπόκρεω,
3264 4021 3360 4088 τῆς
3407 4013 3694 4115 τυροφάγρυ

2157 4117 2258 4185 τῆς
2298 4115 2672 4182 διακινησίμου
2723 4113 2788 4174 ⁸⁸,
2843 4112 2938 4164 καὶ
3005 4112 3097 4163 τοῦ
3142 4102 3693 4210 δωδεκαημέρουκῖιεν

2159 4207 2380 4268 ταύταις
2405 4206 2513 4275 γὰρ
2536 4205 2629 4257 καὶ
2659 4204 2747 4256 διὰ
2795 4204 3024 4272 κρέατος
3080 4203 3381 4264 ἀκινδύνως
3447 4203 3694 4253 καταλῦον

2162 4311 2278 4365 μεν·
2344 4295 2425 4346 ὅτι
2482 4293 2622 4346 κατά
2677 4294 2738 4345 τὸ
2799 4292 3212 4362 δωδεκαήμερον
3262 4291 3602 4360 νηστεύουσιν
3651 4281 3692 4332 οί

2171 4385 2442 4454 Ἀρμένιοι
2474 4384 2561 4436 διὰ
2617 4383 2708 4435 τὸν
2746 4381 3146 4452 Ἀρτζιϐούριον
3169 4399 3182 4412 ·
3254 4382 3397 4435 κατὰ
3420 4380 3514 4449 τὴν
3565 4374 3696 4426 ἑϐδοο

2162 4475 2300 4544 μάδα
2323 4474 2419 4542 τῆς
2442 4471 2662 4542 πρώτης
2688 4473 2960 4542 ἀπόκρεω,
2989 4472 3074 4524 διὰ
3106 4471 3236 4534 τοὺς
3265 4472 3314 4524 Ν
3323 4472 3550 4564 ινευίτας
3569 4483 3582 4496 ·
3613 4461 3695 4564 καί

2159 4563 2300 4616 κατά
2329 4563 2426 4627 τὴν
2453 4561 2720 4630 ἑϐδομάδα
2747 4561 2844 4630 τῆς
2897 4561 3208 4630 τυροφάγου
3256 4559 3598 4656 νηστεύουσιν
3654 4559 3694 4656 υἱ

2160 4655 2475 4723 Τετραδίται
2503 4653 2552 4704 oi.
2581 4651 2848 4720 αἱρετικοὶ
2903 4651 3160 4720 νηστείαν
3207 4650 3468 4719 μεγάλην.
3500 4646 3697 4748 -Ἥμεῖξ

2158 4745 2252 4798 οὖν
2277 4744 2728 4812 ἀντιπράττοντες
2781 4740 3010 4806 τούτοις,
3076 4740 3442 4810 καταλύομεν,
3500 4737 3582 4788 ἵνα
3629 4737 3696 4801 μὴ

2158 4837 2394 4904 δόξωμεν
2439 4834 2757 4904 ὁμοφρονεῖν
2804 4833 3005 4894 αὐτοῖς.
3038 4832 3180 4901 Πλὴν
3211 4834 3306 4883 καὶ
3368 4829 3522 4880 τοῦτο
3548 4823 3695 4890 γενή-

2161 4943 2334 4988 σεται,
2361 4926 2485 4978 ὅταν
2517 4941 2602 4986 τις
2631 4924 2766 4991 μετὰ
2795 4922 3132 4991 Τετραδιτῶν
3163 4922 3195 4991 ἢ
3248 4918 3544 4990 Ἀρμενίων
3584 4929 3696 4965 συν-

2159 5017 2462 5086 αυλίζηται.
2545 5016 2606 5066 Et
2638 5013 2744 5083 γὰρ
2764 5015 2844 5075 είς
2869 5012 3052 5081 χώραν
3082 5012 3256 5080 διάγει
3318 5011 3448 5106 ξνθα
3475 5008 3571 5106 οὐκ
3595 5004 3698 5106 ἐστι

2157 5107 2417 5169 τοιοῦτος,
2449 5105 2812 5172 ἀπογεύσεται
2857 5103 3017 5173 μόνον
3066 5101 3356 5172 κρέατοςῆ
3401 5095 3584 5166 τυροῦ,
3614 5091 3700 5144 καὶ

2165 5197 2482 5267 μετεωρίσει
2529 5197 2627 5266 τὴν
2660 5195 2892 5264 ὑποψίαν
2921 5194 2985 5246 δι’
3019 5193 3365 5263 ἐγκρατείας,
3394 5193 3453 5244 οὐ
3499 5189 3602 5257 μὴν
3620 5183 3698 5236 διὰ

1771 5324 2004 5383 νΑιυιιΕ
2043 5329 2339 5385 LECTION
2347 5331 2449 5385 ES.

586 5448 632 5480 δ’
661 5449 1099 5523 διακαινησίμου.

570 5562 597 5600 ιι
625 5581 740 5618 cum
769 5584 916 5619 omne
945 5585 1070 5632 opus
1102 5573 1500 5638 negotiatorum,
1539 5587 1584 5629 et
1620 5578 1853 5644 ipsorum
1888 5593 2086 5644 quoque
2109 5578 2463 5646 agricolarum
2494 5584 2676 5638 εεδεεί,
2715 5576 2986 5628 ηίάίειιυη
3014 5585 3114 5646 βεεν
3160 5579 3696 5646 οπτηεεσηενεοθαητυν

501 5634 554 5681 in
592 5636 818 5688 ecclesiis
858 5641 1073 5691 versari.

1155 5643 1169 5678 ί
1213 5643 1590 5707 νεψίεηαιιὶεεε
1621 5643 1728 5699 {ne
1751 5643 2078 5716 quidemreos
2105 5686 2118 5706 ,
2145 5643 2242 5707 ἀιιὶ
2287 5647 2585 5701 balneorum
2620 5647 2872 5701 (caluaria
2911 5654 2960 5698 et
3004 5645 3234 5710 lavacra,
3276 5657 3326 5700 et
3359 5645 3552 5715 reliqua
3599 5650 3694 5692 παι

499 5713 660 5766 σηπίη,
703 5706 780 5758 his
813 5721 994 5773 operas
1036 5726 1162 5761 suas
1192 5706 1424 5777 [acturos
1526 5713 1538 5763 i
1569 5706 1773 5770 violat:
1827 5717 1850 5754 ι(
1880 5715 2133 5768 uiolamus
2163 5719 2291 5770 hwc.
