4020 6388
421 382 544 445 ωσι

1271 367 1652 430 RESPONSA
1693 366 1793 424 AD
1831 361 2559 426 lNTEllltOGATlONES
2597 359 2860 422 MARCI.

3505 357 3645 420 1002
3691 404 3705 426 ,

425 500 776 566 ἀδδηφαγέας.
827 498 983 550 Κατά
1030 497 1086 548 δὲ
1121 498 1217 567 τὴν
1254 498 1523 568 ἑϐδομάδα
1557 497 1654 566 τῆς
1685 497 1981 566 διακινησί-
2014 541 2020 554 ι

2097 496 2248 550 riem.
2282 492 2624 548 llebdomade
2674 499 2851 544 autem
2903 484 3285 554 antipascnalis
3337 482 3454 535 sine
3498 487 3640 551 peri-

427 609 526 660 μου
562 592 607 622 ⁵ο
636 589 930 651 ἀκινδύνως
963 591 1446 659 κρεωφαγήσομεν,
1499 590 1639 643 κατά
1675 588 1772 656 τὴν
1811 587 1981 655 αὐτῆς

425 682 672 750 τετράδα,
697 681 790 734 καὶ
828 681 1199 750 παρασκευήν.
1247 681 1334 742 Ὠς
1388 681 1486 750 μία
1545 681 1652 749 γὰρ
1713 678 1982 746 λογίζεται

427 770 760 840 κυριώνυμος
788 771 848 823 τὸ
882 771 1225 840 ἐπταήμερον
1251 769 1412 821 τοῦτο
1458 770 1750 839 διάστημα.

508 862 705 928 Ἐρώτ.
739 869 834 927 νγ’.
893 863 956 913 Ai
1008 862 1252 931 νηστεῖαι
1304 861 1398 929 τῆς
1439 859 1632 931 ἑορτῆς
1666 858 1775 912 τῶν
1810 859 1983 928 ἁγίων

433 953 774 1016 ἀποστόλων,
821 952 915 1004 καὶ
953 951 1052 1020 τῆς
1093 950 1328 1018 Χριστοῦ
1370 951 1674 1021 γεννήσεως
1697 989 1714 1014 ,
1760 950 1852 1002 καὶ
1884 948 1984 1019 τῆς

429 1045 736 1112 κοιμήσεως
791 1043 887 1110 τῆς
944 1043 1102 1110 ἁγίας
1139 1041 1422 1106 Θεοτόκου,
1469 1039 1687 1095 καὶτοῦ
1711 1038 1982 1110 Σωτῆρος,

428 1133 786 1202 ἁπαραίτητοί
818 1135 976 1195 εἰσιν,
1000 1134 1032 1199 ἢ
1076 1125 1451 1203 συγχωρητέαι
1475 1131 1573 1186 καὶ
1601 1131 1918 1201 ἀδιάφοροις

517 1224 710 1277 Ἂπόκ.
800 1222 864 1273 Ἥ
932 1222 1028 1292 μὲν
1108 1223 1166 1274 ἐν
1228 1219 1788 1274 Κωνσταντινουπόλει
1855 1217 1986 1287 ἁγία

431 1311 644 1371 σύνοδος
701 1311 793 1361 ἐπὶ
855 1310 962 1360 τῶν
998 1308 1222 1379 ἡμερῶν
1280 1307 1375 1360 τοῦ
1428 1307 1735 1374 άγιωτάτου
1778 1305 1985 1358 ἐκείνου

432 1401 931 1469 πατριάρχου.......
963 1398 1296 1468 ἐρωτηθεῖσα
1318 1399 1366 1450 εί
1387 1396 1494 1468 χρὴ
1518 1396 1616 1466 τὴν
1663 1396 1721 1448 ἐν
1757 1395 1834 1465 τῷ
1874 1394 1985 1448 Αύ-

431 1492 643 1560 γούστῳ
671 1490 922 1559 νηστείαν
962 1489 1251 1552 ἐπιτελεῖν,
1308 1488 1683 1558 ἀπελογήσατο
1738 1486 1814 1550 ὡς
1849 1487 1986 1557 αὕτη

432 1581 716 1652 ὴνηστεία
762 1580 1039 1650 μετετέθη.
1093 1580 1179 1633 διὰ
1229 1579 1289 1632 τὸ
1339 1580 1413 1649 μὴ
1449 1579 1797 1649 περιπίπτειν
1859 1579 1985 1640 ταῖς

433 1675 572 1727 κατὰ
597 1673 688 1725 τὸν
711 1672 897 1742 καιρὸν
920 1670 1106 1724 τοῦτον
1153 1669 1464 1740 γινομέναις
1494 1669 1736 1732 ἐθνικαῖς
1765 1667 2003 1744 νηστεί-Δ

433 1783 540 1827 αις.
572 1765 718 1835 Πλὴν
736 1765 829 1817 καὶ
857 1764 936 1814 ἔτι
970 1763 1156 1816 πολλοὶ
1186 1761 1294 1814 τῶν
1339 1760 1641 1830 ἀνθρώπων
1663 1758 1864 1827 ταύτην
1890 1757 1987 1827 τὴν

434 1855 684 1922 νηστείαν
735 1853 1104 1924 νηστεύουσιν.
1139 1853 1332 1920 Ἡμεῖς
1378 1851 1459 1916 δὲ,
1511 1851 1878 1919 σκοπήσαντες
1922 1849 1990 1900 τὰ
2019 1817 2062 1872 Β

434 1947 562 2017 περὶ
587 1946 800 2006 τούτου,
829 1943 1264 2013 ἀπολογούμεθα,
1310 1944 1392 1995 ὅτι
1436 1942 1493 2007 ἐξ
1549 1941 1798 2009 ἀνάγκης
1851 1955 1986 2008 προ-

432 2033 688 2104 ηγοῦνται
723 2035 963 2102 νηστείαι
993 2033 1096 2101 πρὸ
1111 2031 1216 2084 τῶν
1239 2031 1513 2100 τεσσάρων
1528 2031 1727 2084 τούτων
1753 2027 1950 2099 ἑορτῶν
1971 2041 1990 2058 ο

439 2127 606 2195 ἤγουν
639 2127 862 2197 πρὸτῆς
894 2125 1084 2195 ἑορτῆς
1115 2123 1224 2176 τῶν
1266 2123 1464 2190 ’Λγίων
1494 2120 1856 2186 Ἀποστόλων,
1893 2118 1993 2188 τῆς

437 2216 742 2286 Γεννήσεως
789 2217 882 2276 τοῦ
926 2213 1184 2284 Χριστοῦ,
1237 2215 1336 2278 τῆς
1365 2209 1848 2282 Μεταμορφώσεως
1897 2206 1990 2260 τοῦ

435 2305 670 2374 Χριστοῦ
701 2307 796 2358 καὶ
838 2304 971 2356 Θεοῦ
1016 2304 1194 2372 ἡμῶν,
1252 2303 1346 2354 καὶ
1389 2301 1487 2370 τῆς
1516 2300 1844 2369 Κοιμὴσεως
1891 2298 1991 2367 τῆς

437 2399 594 2463 ἁγίας
641 2395 925 2448 Θεοτόκου’
973 2394 1110 2464 πλὴν
1143 2395 1501 2463 ἑπταήμεροι.
1537 2392 1652 2444 Μία
1691 2389 1801 2460 γὰρ
1864 2405 1992 2442 τεσ-

439 2483 912 2554 σαρακονθήμερος
939 2483 1161 2551 νηστεία
1193 2483 1361 2546 ἐστὶν,
1397 2477 1540 2550 ἢτοῦ
1591 2477 1749 2547 ἁγίου
1784 2477 1876 2530 καὶ
1900 2493 1994 2547 με⁸

438 2575 602 2641 γάλου
653 2574 863 2642 Πάσχα.
904 2573 964 2624 Ei
1001 2572 1057 2625 δέ
1081 2589 1162 2634 τις
1197 2571 1292 2624 καὶ
1336 2571 1494 2624 πλέον
1533 2569 1642 2621 τῶν
1674 2567 1813 2620 ὲπτὰ
1855 2569 1996 2637 ἡμε-

440 2663 547 2732 ρῶν
560 2664 700 2716 κατά
718 2665 815 2732 τὴν
831 2663 1026 2733 ἑορτὴν
1043 2663 1152 2714 τῶν
1176 2661 1372 2729 Ἀγίων
1392 2659 1452 2713 Ἀ
1464 2658 1733 2713 ποστόλων
1747 2655 1996 2711 καὶκατὰ

437 2755 534 2821 τὴν
580 2755 770 2823 ἑορτὴν
801 2755 898 2822 τῆς
943 2754 1250 2818 Γεννήσεως
1295 2751 1389 2804 τοῦ
1433 2749 1670 2818 Χριστοῦ
1724 2747 1993 2817 νηστεύει,

437 2847 469 2915 ἢ
499 2846 700 2906 ἑκοντὶ,
725 2844 759 2914 ἢ
783 2844 888 2896 ἀπὸ
927 2842 1250 2914 κτητορικοῦ
1281 2839 1510 2893 τυπικοῦ
1569 2836 1992 2905 συνωθούμενος,

436 2939 497 2990 οὐ
519 2936 1064 3006 καταισχυνθήσεται.
1100 2934 1286 2996 Ὅπως
1309 2933 1364 2985 δὲ
1391 2931 1482 2984 καὶ
1505 2930 1646 2983 διατί
1705 2927 1810 2998 πρὸ
1865 2927 1997 2980 ἑκά-

441 3047 573 3100 στης
632 3030 836 3082 τούτων
881 3028 992 3080 τῶν
1036 3026 1313 3095 τεσσάρων
1382 3023 1586 3092 ἑορτῶν
1647 3020 1995 3088 ἑπταήμερον

2088 588 2208 641 culo
2241 586 2496 640 carnibus
2551 595 2837 638 vescemur
2877 580 2931 632 in
2983 577 3103 644 ejus
3164 574 3422 628 Mercurii
3469 575 3557 628 die
3591 585 3642 626 vi.

2085 678 2328 733 Veneris.
2367 676 2498 732 Nam
2529 689 2627 744 pro
2665 686 2774 726 uno
2805 671 2894 724 die
2950 663 3233 719 Dominico
3263 663 3504 718 habetur
3533 663 3638 715 hoc

2083 775 2286 838 septem
2315 767 2521 820 dierum
2551 762 2918 817 intervallum.

2154 859 2351 914 Interr.
2370 858 2457 913 5'5.
2488 855 2700 925 Jejunia
2727 854 2834 908 diei
2862 851 2984 908 l'esti
3000 851 3324 906 Sanctorum
3345 846 3638 915 Apostolo-

2085 963 2230 1014 rum,
2265 957 2319 1002 et
2353 944 2562 999 Natalis
2585 941 2828 1006 Christi,
2869 949 2922 995 et
2956 937 3390 996 Obdormitionis
3442 944 3644 989 sanctae

2090 1042 2340 1110 Deiparze
2364 1028 2419 1093 et
2442 1036 2773 1100 Servatoris,
2824 1031 3218 1088 inexcusabilia
3250 1038 3400 1092 sunt,
3425 1043 3492 1081 an
3527 1040 3647 1096 per-

2084 1129 2348 1186 mittenda
2372 1137 2425 1182 et
2447 1123 2854 1182 indiﬁ‘erentia?

2155 1220 2310 1288 Resp.
2331 1214 2932 1284 Constantinopolitana
2953 1211 3172 1282 quidem
3194 1216 3381 1262 sancta
3407 1204 3644 1276 synodus

2087 1313 2144 1368 in
2171 1311 2362 1366 diebus
2390 1306 2722 1364 sanctissimi
2761 1305 2908 1358 illius
2955 1299 3371 1370 patriarcha...
3408 1297 3645 1349 interro-

2086 1411 2232 1473 gata,
2259 1415 2326 1453 an
2356 1404 2605 1468 oporteat
2654 1395 2884 1466 Augusti
2919 1393 3126 1446 mensis
3159 1388 3427 1459 jejunium
3477 1383 3642 1452 perli-

2086 1507 2211 1548 cere
2241 1490 2261 1530 1
2299 1506 2313 1542 :
2351 1487 2654 1557 respondit,
2687 1487 2741 1540 id
2781 1485 3048 1554 jejunium
3083 1487 3349 1534 mutatum
3391 1490 3530 1535 esse,
3577 1489 3646 1526 ne

2086 1596 2210 1637 cum
2244 1579 2472 1650 paganis
2527 1575 2749 1646 jejuniis
2803 1588 2922 1642 qua:
2961 1570 3149 1624 eodem
3206 1568 3451 1634 tempore
3486 1563 3643 1624 ﬁunt,

2087 1676 2399 1726 concurrat.
2430 1666 2582 1721 Multi
2605 1673 2783 1718 tamen
2815 1661 3060 1716 homines
3099 1658 3151 1711 id
3179 1656 3446 1725 jejunium
3466 1652 3647 1705 adhuc

2089 1763 2404 1816 observant.
2440 1756 2549 1811 Nos
2581 1765 2760 1809 autem
2791 1767 2914 1806 cum
2954 1765 3038 1812 ea,
3068 1763 3187 1817 quae
3226 1746 3290 1799 ad
3343 1745 3445 1797 hoc
3477 1741 3646 1810 perti-
3709 1766 3711 1770 ι

2090 1858 2240 1913 nent,
2268 1844 2798 1902 consideraverimus
2819 1881 2836 1907 ,
2865 1839 3205 1894 defendimus
3223 1834 3429 1904 jejunia
3457 1846 3648 1887 neces-

2092 1943 2238 2000 sario
2257 1939 2562 2011 praecedere
2587 1937 2703 1990 haec
2719 1941 2952 2003 quatuor
2977 1930 3112 1984 festa
3137 1945 3150 1980 :
3180 1927 3432 1981 nimirum
3453 1923 3648 1978 festum

2092 2035 2413 2089 Sanctorum
2459 2027 2840 2097 Apostolorum
2865 2064 2879 2087 ,
2919 2019 3125 2073 Natalis
3166 2015 3403 2075 Christi,
3443 2011 3649 2065 Transv

2094 2123 2431 2180 formationis
2455 2117 2657 2175 Christi
2683 2123 2740 2172 et
2773 2115 2863 2169 Dei
2894 2111 3086 2173 nostri,
3117 2117 3172 2164 et
3204 2102 3648 2161 Obdormitionis

2093 2225 2296 2271 sanctae
2325 2213 2586 2280 Deiparae,
2613 2208 2705 2262 sed
2735 2213 2944 2259 tantum
2969 2207 3174 2268 septem
3211 2198 3444 2252 dierum.
3472 2193 3649 2248 Unum

2092 2307 2234 2363 enim
2263 2311 2346 2360 est
2361 2299 2720 2372 quadraginta
2741 2297 2950 2349 dierum
2979 2290 3242 2361 jejunium
3262 2284 3435 2341 sancti
3454 2293 3507 2337 et
3535 2298 3652 2336 ma-

2093 2398 2180 2468 gni
2209 2394 2520 2450 Paschatis.
2559 2388 2716 2455 Quod
2744 2386 2788 2441 si
2823 2385 2948 2454 quis
2975 2383 3259 2452 plusquam
3296 2385 3503 2446 septem
3537 2374 3650 2426 die.-

2093 2465 2196 2541 bus
2223 2485 2368 2538 circa
2400 2482 2597 2537 festum
2627 2479 2948 2532 Sanctorum
2969 2469 3353 2542 Apostolorum
3387 2473 3442 2519 et
3456 2465 3652 2518 festum

2094 2576 2298 2631 natalis
2325 2572 2527 2628 Christi
2557 2570 2786 2638 jejunct,
2825 2581 2917 2620 seu
2953 2571 3170 2633 sponte,
3209 2575 3303 2614 seu
3335 2573 3364 2612 a
3399 2555 3652 2609 fundato-

2094 2668 2174 2722 ria
2205 2665 2389 2734 regula
2418 2673 2458 2700 ω
2487 2659 2780 2730 impulsus,
2811 2671 2919 2711 non
2959 2650 3378 2722 vituperabitur.
3410 2648 3653 2711 Quomo-

2095 2759 2164 2811 (lo
2182 2765 2382 2814 autem,
2419 2761 2474 2806 et
2491 2757 2708 2820 propter
2728 2747 2855 2815 quid
2874 2751 2998 2798 ante
3014 2739 3439 2808 unumquodque
3454 2735 3652 2787 horum

2095 2855 2333 2914 quatuor
2370 2843 2634 2896 festorum
2689 2837 2939 2906 jejunare
2969 2833 3288 2891 debeamus,
3321 2827 3655 2880 declaratum

2095 2913 2152 2992 in
2203 2933 2452 3007 synodali
2509 2929 2811 2990 decisione,
2839 2926 2907 2980 de
2959 2939 3025 2979 eo
3078 2937 3109 2976 a
3162 2921 3322 2974 nobis
3356 2918 3520 2970 facta.
3552 2913 3656 2978 Qui

2095 3028 2260 3099 igitur
2281 3041 2386 3080 non
2413 3024 2659 3094 jejunant
2691 3031 2816 3072 ante
2834 3011 3266 3084 unumquodque
3297 3009 3489 3062 horum
3518 3018 3658 3073 qua-

437 3091 688 3191 νηστείαν
715 3119 773 3184 ἐξ
801 3119 1044 3187 ἀνάγκης
1087 3091 1365 3187 νηστεύειν
1413 3091 1716 3180 ὀφείλομεν,
1753 3107 1992 3178 ἐδηλώθη

2097 3128 2222 3174 ιιιοι·
2253 3091 2512 3170 festorum
2545 3111 2664 3166 sine
2684 3109 2792 3162 ulla
2821 3105 3043 3160 omnino
3068 3097 3424 3155 excusatione
3447 3091 3660 3161 magnis

439 3216 497 3268 ἐν
529 3213 604 3282 τῷ
628 3213 872 3280 γεγονότι
909 3209 1040 3277 παρ’
1076 3207 1232 3278 ήμῶν
1283 3206 1441 3276 χάριν
1499 3202 1688 3255 τούτου
1732 3198 1992 3270 συνοδικῷ

2101 3202 2536 3259 ernendabuntur
2567 3196 2770 3268 pcenis.

440 3274 610 3373 τόμιρ.
640 3274 716 3356 Οἱ.
738 3301 866 3367 γοῦν
903 3274 1358 3370 μὴ’νηστεύοντες
1389 3295 1496 3367 πρὸ
1533 3293 1770 3363 ἑκάστης
1790 3291 1993 3346 τούτων
2029 3294 2138 3349 τῶν
2163 3294 2442 3364 τεσσάρων
2465 3291 2667 3362 ἑορτῶν
2705 3286 2846 3341 κατὰ
2911 3285 2972 3337 τὸ
3042 3281 3230 3350 πάντη·
3270 3274 3660 3346 ἀπαραίτητον,

440 3396 504 3449 δι’
536 3395 826 3464 ἐπιτιμίων
854 3394 1103 3464 μεγάλων
1133 3391 1608 3462 διορθωθήσονται.

516 3488 718 3557 Ἐρώτ.
749 3486 844 3541 νδ¹.
879 3487 942 3539 Οἱ
985 3484 1124 3538 κατὰ
1147 3485 1348 3546 ταύτας
1395 3483 1492 3544 τὰς
1518 3480 1770 3552 νηστείας
1797 3480 2001 3550 ἐγκρα-

441 3577 752 3646 τευόμενοι,
813 3575 948 3645 πρὸς
1012 3575 1070 3626 δὲ
1133 3572 1228 3625 καὶ
1283 3575 1332 3625 οἱ
1391 3571 1536 3624 κατὰ
1590 3571 1688 3632 τὰς
1740 3569 2002 3640 τετράδας

445 3666 538 3717 καὶ
583 3665 940 3734 παρασκευὰς
1004 3661 1460 3733 ξηροφαγοῦντες,
1515 3658 2003 3729 ,ἐκχωρηθήσονται

441 3756 529 3810 διὰ
553 3757 814 3825 δευτέρας
841 3754 1124 3828 τραπέζης
1152 3752 1486 3822 θεραπεῦσαι
1545 3751 1644 3820 τὴν
1686 3749 1780 3802 τοῦ
1816 3747 2002 3819 σώμα-

442 3865 531 3910 τος
551 3847 780 3912 ἔνδειαν,
821 3847 852 3915 ἢ
896 3845 1002 3912 οὒς

525 3935 726 3988 Ἀπόκ.
747 3932 968 4002 Κυρίως
984 3933 1018 4002 ἡ
1039 3930 1353 4000 ἐγκράτεια,
1371 3927 1594 4000 νηστεία
1611 3926 1757 3981 ἐστίν
1777 3941 1792 3956 ο
1809 3928 1892 3980 ὅτι
1907 3925 2004 3979 καὶ⁹

446 4021 796 4086 παθοκτόνος,
850 4024 967 4076 οὐκ.
992 4021 1438 4092 ἀνθρωποκτόνος
1475 4019 1745 4072 καλεῖται.
1776 4017 1841 4070 El.
1871 4015 2004 4084 γοῦν

444 4115 494 4167 oi
549 4114 1032 4184 ὲγκρατευόμενοι,
1083 4112 1176 4166 διὰ
1204 4109 1464 4165 σύστασιν
1507 4109 1600 4162 τοῦ
1632 4107 1880 4178 σώματος
1911 4106 2008 4160 καὶ

445 4205 703 4274 δευτέρας
763 4203 1044 4272 τραπέζης
1095 4203 1380 4272 δεηθῶσιν,
1431 4201 1493 4253 οὐ
1536 4195 2010 4270 προκριματισθή-

448 4311 653 4348 σονται.
711 4295 934 4356 Πάντως
987 4293 1095 4363 γὰρ
1129 4294 1222 4346 καὶ
1246 4293 1398 4346 αὐτοὶ
1435 4291 1534 4361 τὴν
1580 4289 1879 4359 ὁλοήμερον
1910 4287 2010 4339 οὐκ

445 4383 806 4453 ὰτιμάσουσιν
861 4383 1208 4452 ἐγκράτειαν,
1245 4380 1332 4433 διὰ
1367 4377 1658 4449 ἑσπερινῆς
1720 4374 2009 4445 ἀκρασίας.

448 4473 615 4527 Τοῦτο
643 4474 701 4526 δὲ
735 4476 1082 4543 ποιήσαντες,
1115 4471 1626 4540 ὲπιτιμηθήσονται.

530 4566 728 4631 Ἐρώτ.
766 4571 858 4618 νε’.
920 4563 1079 4616 Κατὰ
1122 4562 1222 4633 τὴν
1279 4560 1600 4631 παραμονὴν
1643 4559 1742 4628 τῆς
1795 4559 1862 4609 ὲκ
1919 4573 2012 4608 νε-

449 4657 598 4729 κρῶν
629 4657 905 4728 ὲγέρσεως
938 4655 1034 4709 τοῦ
1064 4655 1276 4721 δικαίου
1310 4654 1582 4723 Λαζάρου,
1629 4653 1723 4705 καὶ
1751 4649 1890 4702 κατὰ
1911 4649 2012 4719 τὴν

449 4749 642 4820 ἑορτὴν
667 4749 776 4802 τῶν
826 4747 1005 4814 Αγίων
1026 4745 1468 4815 Τεσσαράκοντα,
1490 4742 1781 4802 ἀκινδύνως
1801 4739 2012 4792 τελείαν

452 4839 764 4910 ἱερουργίαν
821 4837 1165 4908 ίερουργήσει
1211 4851 1316 4897 τις,
1369 4834 1403 4903 ἢ
1453 4831 1549 4898 ob;
1593 4830 1867 4890 Ὡσαύτως
1917 4827 2014 4880 καὶ¹

451 4929 591 4982 κατὰ
614 4929 714 4997 τὴν
752 4927 878 5000 ὃλην
909 4928 1072 4994 ἁγίαν
1101 4924 1554 4995 Τεσσαρακοστὴν
1597 4921 1774 4988 ἔξεστι
1807 4919 2014 4988 βαπτί-

451 5018 586 5083 ζειν,
643 5020 677 5090 ἢ
733 5019 1030 5088 ἱερολογίας
1086 5019 1278 5088 γάμων
1331 5015 1429 5069 καὶ
1474 5012 1776 5085 ανηστειῶν
1817 5012 2012 5075 ποιεῖν,

452 5109 610 5179 ἢοῦς

525 5199 719 5254 ’Δπὸθμ
755 5199 813 5255 Ὀ
835 5198 910 5270 νβ’
925 5199 1102 5253 κανὼν
1115 5199 1210 5268 τῆς
1224 5200 1280 5252 ὲν
1300 5195 1376 5268 τῷ
1389 5192 1640 5266 Τρούλλῳ
1662 5189 1756 5243 τοῦ
1777 5185 2012 5260 μεγάλου

2167 3474 2368 3529 Interr.
2398 3471 2487 3526 54.
2539 3468 2642 3535 Qui
2674 3467 2760 3522 his
2804 3463 3027 3534 jejuniis
3078 3457 3423 3514 continenter
3469 3457 3656 3519 agunt,

2100 3564 2284 3619 adhaec
2312 3573 2363 3617 et
2386 3560 2580 3616 diebus
2613 3555 2866 3610 Mercurii
2899 3561 2953 3606 et
2971 3549 3199 3606 Veneris
3227 3544 3398 3600 aridis
3427 3552 3660 3594 vescun-

2101 3664 2212 3719 tur,
2239 3653 2488 3708 sinentur
2515 3663 2613 3718 per
2645 3643 3028 3702 secundariam
3062 3652 3304 3694 mensam
3323 3647 3515 3690 curare
3537 3644 3662 3686 cor-

2102 3743 2255 3814 poris
2285 3739 2664 3818 indigentiam,
2701 3733 2916 3790 annon?

2183 3917 2338 3987 Resp.
2375 3914 2602 3985 PrOprie
2647 3907 3011 3972 continentia,
3069 3901 3340 3974 jejunium
3379 3904 3498 3964 est;
3539 3893 3665 3964 quia

2113 4017 2169 4066 et
2203 3985 2527 4070 aﬂ'ecticida,
2562 4018 2671 4057 non
2703 3999 2971 4056 homicida
3014 4002 3258 4052 vocatur.
3291 3991 3348 4044 Si
3392 4003 3543 4056 ergo,
3573 3985 3667 4054 qui

2113 4099 2461 4157 continenter
2505 4075 2736 4158 vivunt,
2790 4091 2858 4145 ad
2915 4087 3166 4157 corporis
3217 4079 3666 4139 sustentationem

2113 4187 2440 4247 secundaria
2506 4197 2694 4239 mensa
2755 4179 3072 4248 indigeant,
3125 4169 3501 4243 przejudiciurn
3561 4177 3670 4220 non

2114 4282 2411 4351 patientur.
2439 4275 2573 4329 Nam
2607 4287 2710 4327 nec
2731 4271 2789 4325 hi
2825 4278 2936 4324 tota
2961 4267 3047 4320 die
3081 4259 3478 4320 continentiam
3527 4252 3670 4308 infa-

2118 4371 2345 4426 mabunt
2379 4382 2476 4438 per
2509 4361 2962 4421 incontinentiam
3013 4365 3336 4411 nocturnam
3360 4359 3412 4403 ιι.
3443 4349 3496 4401 ld
3525 4344 3672 4400 enim

2117 4461 2164 4518 si
2207 4458 2457 4521 fecerint,
2485 4453 2908 4510 coercebuntur.

2188 4549 2387 4605 Interr.
2454 4545 2544 4602 55.
2606 4545 2664 4598 ln
2718 4539 3130 4610 exspectatione
3179 4525 3601 4589 resurrectionis
3643 4537 3674 4574 a

2119 4642 2350 4696 mortuis
2374 4639 2504 4708 justi
2542 4635 2757 4698 Lazari,
2796 4641 2851 4686 et
2893 4633 2946 4685 in
2990 4629 3125 4683 festo
3168 4625 3491 4678 Sanctorum
3526 4615 3676 4680 Qua-

2119 4732 2392 4800 draginta,
2421 4729 2537 4782 sine
2566 4726 2811 4796 periculo
2840 4720 3169 4776 sacriﬁcium
3204 4711 3475 4783 quispiam
3500 4704 3678 4774 ριϊῖρς

2119 4834 2267 4885 ctum
2315 4819 2608 4875 celebrabit
2637 4857 2653 4882 ,
2703 4814 2922 4869 annon?
2980 4810 3192 4864 Pariter
3221 4814 3275 4859 et
3321 4809 3433 4855 tota
3482 4804 3672 4850 sancta

2122 4914 2480 4982 Quadragena
2524 4910 2656 4962 licet
2710 4906 3022 4974 baptizare,
3101 4905 3194 4952 aut
3271 4888 3676 4947 benedictiones

2121 5004 2440 5075 nuptiarum
2468 4999 2984 5069 sponsaliorumque
3016 4991 3217 5052 facere,
3253 4979 3472 5039 annon?

2193 5181 2346 5250 Resp.
2365 5175 2864 5246 Quinquagesimus
2890 5169 3164 5225 secundus
3190 5177 3368 5217 canon
3391 5167 3594 5214 sancta:
3626 5162 3679 5205 ct

1727 5379 1953 5434 VARUE
2009 5367 2415 5430 LECTIONES.

529 5515 578 5548 ⁸⁸
607 5517 1045 5591 διακαινησίμου.

535 5648 558 5690 ι
592 5652 826 5722 Augusto
866 5671 1053 5717 mense,
1092 5655 1354 5724 jejunium
1389 5663 1614 5707 servaret
1645 5666 1663 5706 :

1762 5664 1802 5692 ω
1830 5669 1919 5705 seu
1955 5669 1984 5704 a
2013 5648 2316 5714 municipali
2338 5645 2560 5700 cundum
2589 5639 2810 5714 rlrrrcln.

2905 5643 2931 5670 τι
2963 5629 3188 5686 Omnino
3225 5632 3392 5675 tamen
3441 5622 3530 5664 nec
3579 5598 3678 5665 ipsi

472 5730 580 5777 tota
605 5725 685 5776 die
705 5725 1058 5776 continuatam
1091 5709 1510 5790 ἷεῖηρωπηιὶαυι,
1538 5739 1625 5787 per
1654 5725 1997 5790 vespertinam
2039 5709 2491 5776 intempm'nminm
2549 5709 2932 5764 deformabunt.

740 5822 972 5879 Parum
1052 5823 1171 5877 (in.
1221 5816 1449 5876 CXXX
1470 5814 1570 5870 VI!
1589 5814 1631 5872 l.

3294 5788 3323 5828 5?
3332 5789 3364 5828 ι)

3291 5825 3366 5845 τις.
