4020 6394
422 407 559 472 1005

1266 408 1657 468 IliiSl‘ONSA
1700 407 1801 466 AD
1838 407 2578 473 INTERROGATIONES
2620 411 2880 477 MARCI.

3512 418 3651 481 1006

415 534 664 604 μοσύνων
728 532 1130 602 κατοιχομένων
1162 534 1584 605 εἰσκομιζόμενα
1613 537 1688 607 τῷ
1726 536 1858 608 ναῷ,
1893 538 1985 591 καὶ

2095 547 2408 595 sanctorum
2438 532 2739 604 memoriis,
2786 544 2839 592 et
2871 550 2971 606 pro
3022 545 3365 591 mortuorum
3406 549 3644 593 comme-

410 628 478 680 τὰ
506 626 645 695 ὑπὲρ
673 623 920 695 ψυχικῶν
975 626 1261 678 διαδόσεων
1307 630 1428 691 ταῖς
1455 629 1775 698 ἐκκλησίαις
1833 629 1985 699 παρά

412 735 572 770 τινων
596 717 1036 786 προσφερόμενα.
1061 721 1171 780 τοῖς
1206 719 1524 782 ἐπισκόποις
1554 720 1791 774 δίδοσθαι
1821 738 1990 774 κεκα-

411 807 675 870 νόνισται,
723 811 817 860 καὶ
878 809 1030 879 παρὰ
1056 808 1260 862 τούτων
1286 813 1422 881 πρός
1457 829 1515 863 τε
1542 813 1663 874 τοὺς
1694 811 1986 883 κληρικοὺς

413 899 508 951 καὶ
540 901 662 961 τοὺς
695 898 1065 970 ξενιζομένους
1090 901 1183 954 καὶ
1213 902 1383 965 ἄλλως
1406 902 1799 973 πενητεύοντας
1835 903 1989 956 ἁδελ-

413 991 548 1056 φοὺς
578 990 1009 1058 διαμερίζεσθαι,
1040 992 1183 1045 κατὰ
1206 993 1304 1061 τὴν
1326 993 1530 1046 τούτων
1549 995 1987 1065 διάκρισιν.Φησὶ

413 1080 522 1149 γὰρ
552 1082 578 1133 ὁ
604 1077 649 1146 γ’
681 1079 860 1132 κανὼν
890 1082 999 1133 τῶν
1028 1081 1199 1149 ἁγίων
1236 1082 1549 1135 ἀποστόλων
1579 1083 1749 1136 ταῦτα
1785 1084 1982 1153 ῥιγιῶς⁸

413 1172 481 1222 Εἴ
506 1188 587 1232 τις
619 1171 917 1233 ἐπίσκοπος
948 1171 978 1239 ἣ
1019 1171 1392 1242 πρεσῦὗτερος
1454 1173 1602 1242 παρὰ
1627 1160 1723 1245 τὴν
1748 1172 1842 1226 τοῦ
1876 1173 1989 1227 Κυ-

419 1264 533 1330 ρίου
568 1262 806 1326 διάταξιν
837 1262 933 1331 τὴν
964 1263 1056 1314 ἐπὶ
1118 1265 1183 1334 τῇ
1225 1263 1384 1334 θυσίᾳ
1441 1265 1782 1337 προσενέγκῃ
1827 1264 1990 1332 ἕτερά

415 1372 537 1405 τινα
566 1355 656 1406 ἐπὶ
702 1353 762 1404 τὸ
806 1352 1216 1422 θυσιαστήριον,
1254 1354 1286 1425 ἢ
1321 1354 1462 1423 μέλι,
1515 1353 1547 1423 ἢ
1600 1354 1760 1421 γάλα,
1802 1353 1835 1415 ἦ
1867 1353 1989 1406 ἀντὶ

415 1450 558 1499 οἴνου
600 1448 792 1515 σίκερα
853 1447 1196 1517 ὲπιτηδευτὰ,
1265 1447 1299 1518 ἢ
1347 1447 1514 1517 ὅρνις,
1546 1447 1579 1518 ἦ
1616 1445 1731 1511 ζῶά
1774 1447 1983 1516 τινα,ἢ

415 1540 637 1605 ὄσπρια,
691 1539 840 1608 παρὰ
894 1540 991 1608 τὴν
1040 1537 1319 1603 διάταξιν,
1367 1540 1781 1609 καθαιρείσθωο
1850 1539 1989 1611 πλὴν

416 1631 549 1680 νέων
582 1629 803 1699 χίδρων,
850 1630 926 1700 τῷ
956 1632 1132 1702 καιρῷ
1173 1632 1250 1702 τῷ
1277 1632 1469 1686 δέοντι.
1505 1633 1598 1702 Μὴ
1620 1631 1737 1696 ἐξὸν
1766 1633 1821 1685 δὲ
1850 1633 1991 1684 ἔστω

423 1720 612 1789 ἕτερόν
643 1740 693 1773 τι
742 1723 1110 1789 προσάγεσθαι
1141 1724 1220 1787 είς
1251 1725 1309 1777 τὸ
1337 1724 1740 1795 θυσιαστήριον,
1768 1724 1801 1795 ἢ
1830 1724 1991 1793 μόνον

420 1813 600 1864 ἔλαιον
644 1815 721 1875 εἰς
762 1814 861 1881 τὴν
911 1814 1152 1884 λυχνίαν,
1184 1817 1279 1869 καὶ
1306 1815 1558 1886 θυμίαμα
1579 1815 1656 1885 τῷ
1692 1814 1868 1885 καιρῷ
1891 1816 1992 1883 τῆς

421 1903 581 1969 ἁγίας
610 1907 923 1973 προσρορᾶς
943 1923 956 1937 ί
989 1909 1020 1975 ἡ
1051 1907 1182 1975 ἄλλη
1212 1907 1264 1959 δὲ
1301 1908 1449 1960 πᾶσα
1482 1907 1673 1976 ὀπώρα
1729 1908 1810 1971 είς
1841 1903 1989 1960 οἷκον

419 1995 854 2060 ἀποστελλέσθω,
894 1997 1113 2067 ἀπαρχὴ
1138 1999 1216 2068 τῷ
1252 1998 1538 2069 ἐπισκόπῳ
1575 2000 1802 2062 καὶτοῖς
1854 2016 1990 2069 πρε-

422 2085 732 2153 σευτέροιζ,
762 2086 896 2138 ἀλλὰ
926 2087 998 2157 μὴ
1049 2088 1182 2155 πρὸς
1206 2088 1267 2141 τὸ
1302 2087 1711 2160 θυσιαστήριον.
1735 2091 1903 2159 Δῆλον
1932 2089 1990 2142 δὲ

417 2176 495 2236 ὡς
528 2178 556 2227 ό
581 2177 877 2239 ἐπίσκοπος
904 2178 995 2228 καὶ
1015 2180 1061 2230 οἱ
1091 2179 1448 2249 πρεσϐύτεροι
1470 2181 1853 2250 ἐπιμερίσουσι
1878 2185 1991 2243 τοῖς

418 2265 685 2328 διακόνοις
717 2267 809 2319 καὶ
850 2270 963 2329 τοῖς
1003 2268 1211 2330 λοιποῖς
1241 2269 1540 2339 κληρικοῖς.
1598 2272 1705 2323 Καὶ
1742 2272 1769 2323 ό
1809 2271 1853 2334 ζ’
1896 2273 1991 2326 καὶ

419 2359 446 2406 ό
470 2355 517 2425 η’
545 2356 724 2409 κανὼν
750 2357 850 2426 τῆς
867 2359 923 2410 ὲν
944 2358 1170 2429 Γάγγρςι
1191 2359 1406 2411 συνόδου
1420 2359 1589 2413 ταῦτα
1617 2360 1990 2431 παρακελεύεη

420 2462 552 2497 ταιύ
567 2447 632 2500 ΕΞ
655 2463 738 2507 τις
770 2447 1147 2517 καρποφορίας
1178 2448 1351 2500 ἐθέλει
1382 2449 1700 2518 λαμϐάνειν,
1734 2450 1765 2518 ἦ
1793 2449 1990 2504 διδόναι

420 2537 524 2601 ἔξω
560 2538 655 2606 τῆς
681 2537 996 2607 ἐκκλησίας,
1050 2538 1201 2609 παρὰ
1244 2538 1469 2609 γνώμην
1507 2540 1601 2592 τοῦ
1663 2543 1987 2605 ἐπισκόπου,

421 2629 454 2700 ἢ
484 2630 577 2683 τοῦ
611 2632 1086 2701 ὲγκεχειρισμὲνου
1105 2633 1171 2683 τὰ
1195 2631 1440 2697 τοιαῦτα,
1464 2634 1557 2685 καὶ
1579 2634 1651 2703 μὴ
1689 2634 1825 2702 μετὰ
1851 2637 1990 2702 γνὼν

425 2739 532 2789 tu};
555 2719 721 2774 αὑτοῦ
778 2722 949 2774 ἐθέλει
1015 2724 1298 2792 πράττειν,
1332 2723 1581 2793 ἀνάθεμα
1627 2724 1785 2778 ἔστω.
1826 2727 1935 2779 Καὶ
1966 2729 1993 2779 ό

417 2814 495 2879 οβ’
522 2794 874 2875 άπσστολικδς
905 2813 1082 2864 κανὼν
1112 2812 1285 2867 ταῦτά
1312 2830 1498 2883 φησιν’
1529 2815 1681 2876 Εῖτις
1708 2814 1989 2888 κληρικὸς,

420 2898 679 2967 ἥλαῖκδς,
714 2898 820 2951 ἀπὸ
852 2899 949 2967 τῆς
983 2900 1141 2967 ἁγίας
1176 2901 1468 2969 ἐκκλησίας
1525 2903 1788 2974 ἀφέληται
1826 2906 1994 2974 κηρὸν

422 2988 456 3057 ἦ
485 2990 685 3055 ἔλαιον,
713 2976 1075 3061 ἀφοριξὲσθω.
1107 2993 1216 3046 Καὶ
1242 2994 1270 3045 ό
1290 2992 1369 3063 ογ¹
1400 2995 1577 3047 κανὼν
1607 2996 1775 3064 λέγει’
1796 2998 1992 3058 Σκεῦος

422 3080 711 3151 γρυσοῦνῆ
745 3081 1021 3150 ἀργυροῦν
1072 3083 1350 3150 ἀγιασθὲν,
1394 3084 1426 3155 ἢ
1461 3085 1669 3157 ὀθόνην,
1708 3089 1894 3158 μηδεὶς
1914 3092 1991 3151 εἰς

2087 631 2484 685 morationibus
2517 630 2829 685 inferuntur
2857 631 2912 683 in
2952 629 3213 699 templum
3240 670 3255 695 ,
3300 640 3353 684 et
3388 644 3509 699 qua:
3552 645 3652 699 pro

2088 724 2415 778 animalibus
2444 723 2861 793 trajeCtionibus
2900 722 3151 780 ecclesiis
3183 733 3211 760 ιι
3257 721 3326 776 ab
3379 722 3652 791 aliquibus

2088 814 2421 878 oﬁ'eruntur.
2448 815 2723 886 episcopis
2757 815 2875 870 dari
2927 814 3197 870 canonice
3232 820 3501 868 statutum
3546 820 3652 872 est,

2088 914 2142 960 et
2170 903 2237 958 ab
2265 904 2353 960 bis
2385 904 2641 959 distribui
2674 906 2727 957 in
2760 904 2995 959 clericos
3047 902 3365 973 peregrinos
3418 901 3655 969 hospitio

2088 1006 2371 1063 exceptos,
2404 1002 2457 1049 et
2490 995 2735 1064 alidquin
2779 994 2965 1064 inopia
2986 1008 3211 1064 pressos
3245 992 3469 1053 fratres,
3495 1001 3655 1060 prout

2090 1085 2192 1155 ipsi
2215 1084 2603 1153 judicaverint.
2629 1086 2717 1139 Ait
2743 1087 2888 1140 enim
2913 1086 3109 1141 tertius
3137 1100 3314 1140 canon
3338 1091 3655 1139 sanctorum

2091 1177 2461 1245 apostolorum
2498 1176 2613 1230 haec
2652 1178 2999 1245 cxprcssitn:
3056 1179 3112 1232 Si
3166 1177 3292 1247 quis
3339 1176 3654 1245 episcopus,

2091 1268 2176 1321 vel
2211 1271 2517 1338 presbyter,
2559 1275 2755 1337 pnetcr
2788 1267 3001 1321 Domini
3026 1268 3093 1322 de
3129 1268 3408 1323 sacriﬁcio
3438 1266 3657 1320 ordinac

2091 1360 2318 1421 tionem,
2353 1360 2458 1411 alia
2495 1357 2744 1428 quaedam
2771 1359 2836 1412 ad
2868 1359 3043 1413 altare
3089 1358 3359 1423 attulerit,
3414 1357 3539 1433 mel,
3574 1357 3657 1410 vel

2092 1451 2197 1515 lac,
2228 1451 2310 1504 vel
2342 1466 2439 1519 pro
2470 1451 2598 1503 vino
2628 1451 2866 1504 siceram
2902 1459 2951 1513 ν,
2981 1450 3065 1504 vel
3097 1449 3364 1514 confecta,
3397 1449 3477 1502 vel
3507 1462 3657 1513 aves,

2092 1541 2173 1595 vel
2203 1541 2381 1609 aliqua
2415 1542 2672 1597 animalia
2698 1578 2712 1603 ,
2752 1541 2835 1595 vel
2871 1542 3165 1610 legumina,
3201 1550 3396 1609 praeter
3440 1540 3659 1593 ordina-

2096 1625 2320 1693 tionem,
2354 1627 2687 1697 deponatur:
2752 1636 3112 1698 praeterquam
3164 1645 3302 1683 nova
3359 1628 3658 1696 legumina,

2096 1726 2343 1788 tempore
2368 1729 2701 1789 opportuno.
2738 1718 2815 1774 Ne
2848 1720 3007 1775 liceat
3038 1729 3222 1774 autem
3267 1719 3473 1788 aliquid
3510 1719 3657 1773 aliud

2096 1810 2163 1864 ad
2227 1810 2398 1865 altare
2445 1809 2663 1878 offerre,
2717 1826 2881 1882 quam
2926 1811 3109 1865 oleum
3149 1810 3216 1864 ad
3274 1811 3564 1876 luminare,
3609 1821 3663 1865 et

2095 1904 2403 1968 incensum,
2483 1910 2734 1973 tempore
2804 1912 3010 1958 sancta:
3070 1902 3389 1957 oblationis.
3467 1901 3659 1955 Omnis

2092 1999 2275 2047 autem
2338 1991 2480 2047 alius
2544 1991 2760 2047 fructus
2817 1993 3040 2045 domum
3099 1993 3381 2056 mittatur,
3440 2001 3499 2044 ut
3553 1992 3661 2044 siut

2094 2085 2351 2156 primitiae
2381 2087 2662 2156 episcopo,
2696 2092 2750 2139 et
2800 2085 3158 2155 presbyteris.
3214 2082 3432 2137 Clarum
3476 2090 3656 2136 autem

2092 2188 2196 2242 est,
2229 2180 2545 2247 episcopum
2578 2186 2631 2233 et
2660 2178 3018 2247 presbyteros
3051 2176 3317 2241 diaconis,
3344 2183 3397 2229 et
3433 2175 3660 2242 reliquis

2093 2270 2310 2325 cierieis
2342 2252 2765 2323 distributuros.
2803 2267 2863 2320 Et
2918 2268 2947 2319 7
2980 2275 3034 2321 et
3066 2266 3099 2319 8
3125 2281 3303 2320 canon
3361 2266 3661 2335 Gangrenm

2094 2360 2288 2431 synodi
2325 2360 2439 2415 bace
2473 2361 2751 2429 praecipit:
2789 2359 2844 2413 Si
2875 2359 2998 2429 quis
3025 2359 3143 2413 vult
3174 2357 3386 2412 fructus
3414 2358 3661 2411 ecclesia.

2095 2453 2311 2507 oblatos
2347 2444 2625 2521 accipere,
2657 2454 2741 2507 vel
2765 2454 2895 2506 dare
2931 2460 3085 2506 extra
3111 2449 3425 2513 ecclesiam,
3469 2458 3662 2515 praeter

2094 2544 2337 2613 episcopi
2389 2545 2739 2609 sententiam,
2795 2543 2881 2596 vel
2942 2541 3099 2611 ejus,
3147 2540 3236 2592 cui
3300 2554 3433 2593 cura
3472 2553 3658 2591 eormn

2095 2637 2296 2691 tradita
2332 2645 2435 2700 est,
2488 2646 2540 2689 et
2596 2652 2703 2689 non
2747 2650 2870 2689 cum
2931 2633 3051 2703 ejus
3102 2630 3371 2685 sententia
3425 2644 3487 2684 ea
3533 2630 3657 2682 velit

2097 2744 2287 2797 agere.
2319 2729 2391 2781 sit
2420 2728 2731 2781 anathema.
2765 2726 2924 2779 E172
2972 2723 3313 2792 apostolicus
3344 2736 3519 2775 canon
3547 2719 3661 2772 iure

2094 2821 2206 2874 ait:
2238 2819 2294 2873 Si
2327 2820 2453 2888 quis
2475 2807 2730 2878 clericus,
2768 2816 2849 2871 vel
2888 2816 3082 2877 laicus,
3129 2830 3158 2866 a
3195 2820 3384 2866 sancta
3427 2811 3659 2865 ecclesia

2097 2925 2278 2963 (terant
2310 2910 2392 2962 vel
2421 2908 2597 2961 oiettttt
2642 2906 2872 2969 auferat,
2897 2912 3235 2975 segregetur.
3281 2903 3342 2956 Et
3390 2902 3459 2956 75
3487 2915 3660 2955 cano"

2098 2999 2207 3052 ait:
2241 2997 2349 3051 Vas
2376 3012 2625 3060 aureum,
2654 2996 2737 3050 vel
2775 3003 3118 3063 argenteum,
3152 2993 3233 3048 vel
3269 2994 3447 3047 velum
3500 3006 3662 3045 sanc-

2096 3089 2385 3155 tiﬁcatum,
2421 3102 2581 3142 nemo
2611 3086 2844 3155 amplius
2876 3086 2929 3139 in
2966 3101 3127 3140 suum
3158 3100 3317 3139 usum
3345 3092 3655 3138 convertat:

419 3174 627 3226 οἰκείαν
682 3175 876 3243 χρῆσιν
929 3175 1362 3243 σφετεριζέσθω·
1400 3179 1714 3248 παράνομον
1760 3181 1886 3250 γάρ.
1932 3182 1991 3233 Εἰ

2097 3182 2201 3238 hoc
2238 3181 2383 3237 enim
2414 3180 2473 3234 tit
2510 3180 2832 3250 prmterjus,
2875 3188 2928 3233 et
2975 3186 3167 3231 contra
3215 3177 3387 3246 leges.
3446 3175 3502 3231 Si
3536 3175 3662 3246 quis

423 3265 481 3319 δέ
515 3282 603 3328 τις
636 3266 943 3336 φωραθείη,
974 3267 1317 3337 ὲπιτιμάσθω
1341 3270 1654 3340 ἀφορισμῷ.
1686 3271 1743 3323 '0
1765 3272 1820 3325 δὲ
1843 3271 1872 3324 ι’
1904 3291 1997 3328 κα-

422 3356 528 3409 νὼν
549 3359 647 3427 τῆς
664 3360 721 3410 ὲν
742 3358 817 3427 τῷ
847 3358 959 3429 ναῷ
980 3360 1086 3413 τῶν
1128 3360 1325 3429 Ἀγίων
1362 3362 1702 3416 Ἀποστόλων
1723 3366 1996 3435 συστάσης

419 3451 801 3518 οἰκουμενικῆς
829 3450 990 3515 ἁγίας
1012 3451 1254 3517 συνόδου,
1275 3452 1401 3514 τοὺς
1436 3454 1535 3519 μὲν
1555 3453 1993 3516 κοινοποιοῦντας

420 3539 491 3592 τὰ
533 3538 627 3592 τοῦ
706 3542 948 3609 βήματος
1008 3540 1126 3609 ἱερὰ
1198 3540 1513 3611 καθαιρέσει
1555 3543 1993 3596 καθυποϐάλλειο

421 3634 550 3696 τοὺς
580 3634 637 3687 δὲ
665 3634 734 3685 τὰ
762 3633 963 3698 ἔξωθεν
1009 3632 1104 3686 τοῦ
1134 3633 1374 3704 βήματος
1407 3634 1533 3687 ὄντα
1567 3635 1687 3704 ἱερὰ
1717 3636 1883 3707 σκεύη
1915 3638 1997 3700 είς

423 3727 636 3796 ἀνίερον
691 3726 887 3795 χρῆσιν
930 3726 1378 3796 μεταποιοῦντας,
1444 3727 1731 3797 ἀφορίζει·
1770 3731 1891 3791 τοὺς
1940 3731 1997 3784 δὲ

421 3819 792 3887 ἁρπάζοντας,
823 3818 897 3881 ὡς
931 3818 1243 3888 ἱεροσῦλους
1274 3821 1614 3891 κατακρίνει.
1659 3821 1715 3872 ὐ
1742 3821 1797 3874 δὲ
1822 3822 1997 3892 μέγας

426 3909 691 3979 Κύριλλος
718 3911 773 3962 ὲν
806 3913 869 3980 τῇ
901 3910 1031 3978 πρὸς
1064 3910 1265 3979 Λόμνον
1304 3912 1558 3983 ἐπιστολῇ
1592 3912 1764 3965 ταῦτά
1798 3932 1960 3983 φησιν
1982 3931 1996 3945 ο

427 4002 693 4064 Ἕκαστος
723 4002 879 4072 ἡμῶν
930 3997 1036 4054 τῶν
1084 4001 1228 4056 ἰδίων
1270 4004 1480 4071 καιρῶν
1529 4004 1897 4071 δώσειλόγους
1922 4004 1998 4075 τῷ

424 4097 642 4150 πάντων
692 4096 893 4165 Κριτῇ.
962 4095 1261 4164 Κειμήλιον
1315 4098 1413 4165 μὲν
1461 4096 1589 4166 γὰρ,
1633 4099 1725 4149 καὶ
1781 4092 1997 4167 κτήσεις

423 4189 709 4259 ἀκινήτους
775 4188 1110 4256 ἀνεκποίητα
1167 4191 1285 4250 ταῖς
1343 4191 1657 4257 ἐκκλησίαις
1724 4192 1998 4255 σώζεσθαι

421 4278 968 4350 χρὴ,θαρσεῐσθαιδὲ
998 4280 1107 4342 τοῖς
1160 4280 1299 4330 κατὰ
1339 4282 1529 4350 καιρὸν
1571 4282 1667 4350 τὴν
1709 4283 1859 4335 θείαν
1918 4284 2000 4335 δι-

422 4370 641 4422 άπουσιν
668 4366 997 4439 ἱερωσύνην,
1023 4366 1131 4418 τῶν
1156 4370 1616 4437 παραπιπτόντων
1634 4372 2001 4441 ἀναλωμάτων

419 4463 521 4534 τὴν
545 4462 876 4531 οἰκονομίαν.
909 4462 1068 4532 Ζήτει
1096 4463 1187 4514 καὶ
1237 4462 1441 4530 βιϐλίου
1482 4465 1552 4516 νδ¹
1598 4465 1773 4517 τίτλον
1806 4474 1872 4534 γ’,
1905 4485 1994 4519 κε-

2099 3286 2278 3332 autcm
2310 3274 2681 3344 deprehensus
2713 3272 2900 3337 fuerit,
2930 3273 3213 3327 multetur.
3249 3271 3439 3325 Canon
3477 3283 3661 3325 autem

2097 3367 2345 3422 decimus
2375 3363 2727 3419 meumenicze
2752 3369 2952 3416 sanctae
2983 3360 3196 3431 synodi,
3238 3369 3576 3429 congregatae
3606 3359 3662 3413 in

2098 3456 2304 3524 templo
2360 3452 2689 3508 Sanctorum
2762 3449 3193 3520 Apostolorum,
3251 3462 3345 3502 eos
3418 3446 3664 3516 quidem,

2098 3547 2191 3617 qui
2219 3548 2408 3601 altaris
2429 3560 2585 3600 sacra
2605 3543 3007 3606 contaminant,
3035 3540 3368 3611 depositioni
3407 3539 3660 3606 subjicit:

2098 3654 2194 3694 eos
2226 3651 2431 3703 autem,
2467 3637 2559 3706 qui
2595 3645 2751 3690 extra
2781 3634 2956 3689 altare
2984 3633 3308 3688 cxsistentia
3328 3646 3486 3686 sacra
3538 3646 3662 3683 vasa

2098 3730 2153 3785 in
2198 3728 2487 3799 profanum
2545 3742 2707 3780 usum
2761 3732 3118 3788 convertunt,
3179 3723 3662 3778 excommunicat:

2103 3837 2199 3876 eos
2233 3835 2385 3895 vero,
2409 3819 2500 3889 qui
2525 3816 2809 3886 diripiunt,
2863 3823 2924 3869 ut
2956 3814 3258 3883 sacrilegos
3311 3812 3662 3867 condemnat.

2097 3911 2270 3967 Porro
2297 3926 2527 3980 magnus
2574 3908 2814 3978 Cyrillus
2870 3907 2924 3959 in
2984 3904 3216 3975 epistola
3288 3904 3354 3957 ad
3395 3904 3662 3959 Damnum

2098 4005 2326 4074 scripta,
2355 4004 2469 4057 hate
2488 4003 2565 4057 ait
2591 4018 2604 4055 :
2631 3999 3024 4071 Unusquisque
3044 4004 3298 4052 nostrum
3317 3995 3663 4065 propriorum

2101 4108 2403 4167 temporum
2469 4095 2712 4150 rationes
2766 4090 2960 4148 reddet
3024 4088 3205 4144 Iudici
3261 4088 3532 4143 omnium.
3561 4083 3668 4137 Va-

2100 4204 2285 4245 sorum
2308 4187 2453 4243 enim
2488 4188 2801 4246 thesauros,
2835 4193 2888 4239 et
2922 4183 3303 4252 possessiones
3336 4178 3663 4237 immobiles,

2100 4279 2481 4337 irrationabiles
2552 4278 2803 4334 ccclesiis
2877 4276 3197 4332 conservari
3278 4282 3528 4343 oportet:
3599 4269 3672 4321 iis

2103 4383 2305 4436 autem,
2338 4370 2432 4440 qui
2468 4385 2563 4439 per
2599 4377 2817 4439 tempus
2851 4367 3037 4422 divino
3078 4365 3381 4435 funguntur
3412 4360 3671 4418 sacerdoo

2103 4464 2201 4525 tio,
2273 4459 2808 4514 administrationem
2882 4464 3198 4525 sumptuum
3269 4451 3665 4521 erogandorum

421 4553 649 4624 φάλαιον
682 4551 744 4622 β’.
784 4553 957 4622 Χάριν
991 4553 1045 4604 δὲ
1083 4554 1180 4621 τῆς
1208 4553 1526 4624 ὀφειλούσης
1558 4556 1793 4608 δίδοσθαι
1828 4558 1992 4608 ποσό-

2100 4523 2301 4609 titlucia
2328 4551 2609 4622 praeditam
2645 4565 2766 4604 esse
2795 4557 2842 4601 ι.
2886 4523 3079 4614 Quaere
3109 4554 3163 4600 et
3201 4543 3327 4599 libri
3368 4543 3454 4603 54,
3496 4542 3582 4594 tit.
3610 4541 3665 4595 5.

419 4660 581 4714 mro;
599 4645 737 4713 ὑπὲρ
772 4642 1057 4696 κανονικοῦ
1098 4644 1249 4712 παρὰ
1295 4646 1663 4706 κοινολαῖτῶν,
1687 4648 1733 4697 οἱ
1768 4648 1991 4710 κανόνες

423 4734 522 4802 μὲν
550 4733 702 4785 οὐδέν
731 4750 782 4785 τι
809 4732 1153 4798 διορίζονται,
1175 4736 1504 4802 πρόσταγμα
1532 4735 1588 4786 δὲ
1616 4735 1709 4787 τοῦ
1744 4738 1989 4806 ἀοιδίμου

422 4818 688 4894 βασιλέως
722 4823 933 4876 ἐκείνου
994 4822 1182 4891 κυρίου
1240 4825 1507 4877 Ὶσαακξου
1547 4826 1639 4877 τοῦ
1705 4828 1989 4897 Κομνηνοῦ

421 4918 688 4971 ἑποτυποῖ
721 4915 892 4968 πολλά
922 4933 1040 4967 τινα
1074 4914 1310 4968 δίδοσθαι
1346 4919 1454 4978 τοῖς
1485 4918 1803 4987 ἐπισκόποις
1835 4922 1985 4988 παρὰ

417 5007 526 5059 τῶν
553 5010 610 5062 ὲν
638 5009 759 5068 ταῖς
791 5006 1025 5074 ὲνορίαις
1050 5006 1224 5057 αὐτῶν
1261 5008 1732 5078 προσκαθημένων
1759 5009 1983 5067 λαῖκῶν.

433 5095 587 5147 Ἐπεὶ
641 5092 698 5146 δὲ
748 5096 784 5163 ὴ
832 5095 940 5147 τῶν
975 5095 1316 5163 πραγμάτων
1363 5096 1647 5167 ἀνωμαλία
1682 5100 1773 5152 καὶ
1809 5101 1985 5155 ἔνδεια

417 5187 517 5257 τὴν
548 5185 754 5239 τούτων
797 5185 1068 5253 ἐκάλυψεν
1113 5185 1461 5240 ὑποτύπωσιν
1505 5188 1986 5261 (πολλοστημόριον

422 5280 528 5349 γάρ
552 5296 635 5342 τις
669 5277 850 5332 αὐτῶν
886 5278 946 5329 οὐ
986 5277 1170 5329 δίδωσι
1223 5278 1358 5347 πρὸς
1408 5281 1749 5350 ἐπίσκοπον),
1792 5285 1991 5354 ἀρκού-

428 5370 566 5436 μεθα
589 5373 655 5442 τῇ
698 5368 959 5441 συνηθείᾳ
993 5373 1088 5423 καὶ
1122 5373 1439 5441 προαιρέσει
1468 5374 1574 5425 τῶν
1605 5375 1877 5431 διδόντων,

2080 4662 2220 4716 cap.
2256 4646 2313 4701 2.
2350 4643 2426 4699 De
2452 4645 2760 4713 quantitate
2808 4648 3014 4704 autem,
3071 4652 3194 4707 qua:
3227 4651 3326 4706 pro
3373 4631 3670 4689 canonario

2100 4740 2274 4793 danda
2296 4747 2380 4793 est
2408 4753 2437 4791 a
2474 4736 2698 4805 piebeiis
2734 4744 2784 4798 γ,
2819 4747 3060 4787 canones
3121 4730 3342 4799 quidem
3379 4726 3512 4779 nihil
3540 4726 3671 4778 deti~

2099 4831 2295 4884 niunt:
2362 4844 2550 4883 verum
2609 4827 2787 4897 jussio
2842 4825 3026 4895 inclyti
3098 4822 3443 4891 imperatoris
3501 4821 3668 4884 illius,

2094 4922 2298 4978 domini
2320 4920 2511 4973 lsaacii
2531 4917 2819 4979 Comncni,
2846 4916 3075 4970 formam
3098 4913 3349 4983 designat
3369 4912 3666 4965 multorum

2094 5010 2487 5079 quorumdam,
2525 5023 2646 5077 quae
2670 5006 2945 5076 episcopis
3007 5004 3211 5059 dantur
3260 5018 3290 5055 a
3351 5002 3524 5068 laicis,
3577 5019 3667 5071 qut

2094 5103 2253 5158 sedes
2275 5103 2328 5156 in
2358 5116 2545 5155 eorum
2574 5099 2906 5155 dimccsibus
2932 5098 3286 5152 stabiiicrunt
3319 5105 3368 5148 ι.
3398 5094 3667 5160 Quoniam

2098 5204 2280 5247 autem
2321 5207 2503 5247 rerum
2539 5190 2919 5260 irregularitas
2959 5198 3012 5243 et
3064 5187 3443 5257 indulgentia!l
3478 5187 3669 5240 horum

2097 5286 2394 5339 occultavit
2419 5284 2846 5351 descriptionem
2884 5280 3275 5351 (multesimam
3311 5280 3455 5334 enint
3480 5294 3668 5333 eorum

2101 5383 2308 5445 partem
2342 5374 2603 5443 episcopo
2633 5375 2724 5426 dat
2749 5370 2959 5432 nemo),
2993 5372 3235 5424 contenti
3289 5385 3480 5424 sumus
3537 5383 3669 5422 cou-

2104 5467 2415 5531 suetudine,
2448 5476 2501 5519 et
2534 5466 2780 5518 dantinm
2826 5464 3172 5516 liberalitate.

1698 5581 1930 5637 VAltl/E
1972 5586 2378 5644 [.ECTIONES.

497 5669 523 5697 υ
545 5674 662 5737 qua;
692 5663 899 5737 nomine
928 5665 1360 5720 distributionum
1393 5671 1712 5737 spiritalium
1738 5676 1991 5730 ecclesiis.

426 5744 542 5782 cum
593 5729 784 5793 ﬁducia
818 5737 1096 5786 committi.

424 5801 518 5853 riis
547 5801 834 5856 domicii’ia.
915 5820 935 5842 υ
976 5816 1021 5855 et
1050 5807 1253 5869 iiiU,”i(L’.

1174 5744 1343 5814 l‘qua:
1398 5744 1637 5795 canonici
1688 5747 1892 5799 nomine
1937 5751 2247 5814 pra’standa
2296 5761 2371 5803 est
2413 5744 2442 5803 ὰ
2478 5753 2645 5804 (atris.

2106 5687 2131 5715 ν
2167 5683 2387 5733 siceram
2425 5671 2712 5747 factit'iam,
2759 5676 2834 5729 rc!
2870 5675 3120 5747 gallinas.

2729 5759 2748 5783 ι
2784 5748 2870 5815 qui
2904 5746 3095 5800 habens
3143 5746 3193 5796 iu
3226 5743 3404 5798 eorum
3464 5743 3665 5798 territo

3229 5689 3253 5715 κ
3285 5672 3668 5744 erogandorum
3732 5689 3751 5695 -
