4020 6392
448 337 592 401 ίῗθἹ

515 465 711 521 Interr.
746 466 836 522 58.
877 467 1225 525 ()rthodoxus
1256 472 1560 541 quidamab
1584 473 1848 544 Agarenis
1876 489 2001 544 cap-
2039 478 2086 532 Α

432 569 556 622 tus,
594 568 646 613 et
704 574 800 627 per
831 560 937 613 vim
987 562 1344 617 orthodoxam
1407 565 1563 618 tidem
1618 567 1888 635 ejuratus,
1946 582 2010 622 ac

445 651 829 716 circumcisus,
852 652 1061 721 absque
1097 654 1502 709 intermissione
1544 654 1658 711 fere
1711 656 2009 711 immuml‘-

434 740 576 793 'tiem
634 740 813 806 deﬁet,
869 751 922 797 et
983 744 1121 797 clam
1181 760 1303 799 cum
1367 744 1686 801 or’thodoxis
1731 747 2009 813 convenit,

447 831 774 903 invocatque
802 837 1054 889 salutem.
1089 834 1225 901 Quia
1257 844 1438 893 autem
1474 837 1593 891 vult
1636 846 2010 893 sacramento-

444 935 567 973 rum
614 921 1079 994 lierijparticeps,
1126 925 1447 994 quaerimus,
1499 926 1631 998 quid
1674 927 1749 984 sit
1784 927 2012 982 ‘l‘acien—

445 1010 595 1066 dum.

516 1102 675 1173 Resp.
719 1104 1056 1160 Certan’tium
1104 1115 1234 1163 sunt
1291 1123 1530 1175 coronae,
1561 1120 1613 1165 et
1636 1110 1902 1167 Dominus
1945 1126 2011 1168 ac

460 1200 591 1247 .teus
625 1203 815 1249 noster
843 1193 1002 1251 Jesns
1035 1195 1328 1252 Christus:
1366 1198 1422 1252 Si
1457 1200 1578 1268 quis
1628 1216 1713 1255 me
1746 1202 2010 1257 conﬁtea-

474 1299 571 1349 ur,
598 1286 812 1355 inquit,
842 1302 1027 1340 coram
1080 1288 1396 1345 hominibus
1423 1331 1437 1354 ,
1471 1300 1523 1345 et
1563 1307 1663 1362 ego
1711 1294 2012 1348 conﬁtebor

447 1391 570 1430 eum
598 1392 783 1431 coram
816 1376 976 1433 Patre
1007 1394 1150 1445 meo,
1187 1382 1278 1449 qui
1329 1382 1380 1435 in
1423 1384 1583 1438 costis
1626 1392 1734 1439 est.
1768 1384 2011 1437 immun-

443 1463 572 1518 dum
630 1481 763 1536 ergo
815 1483 933 1532 vas,
986 1470 1051 1523 ad
1098 1472 1506 1540 susceptionem
1562 1474 1848 1541 unguenti,
1902 1488 2009 1544 qua

446 1556 650 1611 mentis
707 1558 1040 1615 alienatione
1080 1562 1433 1630 admittetur?
1479 1562 1846 1629 Quamobrem
1881 1580 2013 1620 con-

442 1645 771 1700 solationem
799 1649 1021 1716 quidem
1053 1650 1446 1721 episcopicam,
1479 1662 1534 1707 et
1579 1654 1728 1709 aliud
1758 1656 2011 1724 Spiritale

441 1735 892 1805 colloquiumille
934 1740 1014 1795 sic
1068 1744 1368 1810 pcenitens,
1405 1754 1458 1800 et
1510 1746 1651 1800 bona
1698 1748 2009 1804 mutatione

445 1825 645 1881 mutari
685 1829 899 1894 volens,
930 1833 1366 1899 prome-rebitur;
1417 1835 1520 1890 sed
1574 1839 1781 1894 sanctis
1827 1854 2013 1895 sacra-

442 1921 643 1974 mentis
668 1921 867 1992 dignus
886 1930 992 1978 non
1019 1924 1331 1981 habebitur.
1354 1927 1522 1983 Debet
1542 1931 1687 1985 enim
1709 1931 2010 2002 impietatis

418 2013 635 2068 sordes
663 2015 906 2079 abluere,
939 2024 993 2071 et
1019 2018 1092 2071 ita
1117 2018 1328 2074 admitti
1354 2038 1369 2074 :
1395 2028 1447 2075 et
1483 2030 1609 2091 post
1643 2025 2008 2092 praestitutum

413 2115 660 2177 'tempus
686 2118 887 2164 sanctae
938 2113 1103 2167 etiam
1136 2113 1654 2172 communicationis
1682 2116 1804 2186 .ﬁet
1834 2118 2011 2187 parti-

442 2212 592 2267 ceps.

514 2284 736 2342 Interr.-
776 2287 1242 2347 59.”Vic:morum
1298 2295 1471 2349 turbae
1523 2310 1673 2361 eum,
1727 2296 1820 2367 qui
1877 2297 2011 2369 ipsis

439 2379 659 2433 videtur
684 2395 807 2435 esse
835 2380 1033 2450 dignus
1076 2385 1393 2454 episcopali,
1422 2386 1506 2440 vel
1550 2386 1885 2442 sacerdotali
1927 2387 2006 2441 di-

447 2470 678 2540 gnitate,
708 2472 842 2527 mihi
884 2474 1174 2540 exhibent;
1210 2485 1509 2546 petuntque
1540 2485 1599 2532 ut
1648 2478 1766 2535 sine
1791 2478 2009 2549 repulsa

447 2564 797 2617 renuntietur
826 2564 1227 2636 ardineturque
1257 2566 1524 2636 pontifex,
1579 2577 1675 2625 aut
1723 2570 2004 2634 sacerdos,

442 2652 525 2705 vel
588 2652 877 2708 diaconus.
936 2654 1132 2721 Qumro
1196 2658 1395 2726 igitur,
1454 2674 1523 2713 an
1560 2661 2009 2719 acclamationes

412 2784 417 2789 .
443 2744 626 2814 populi
653 2747 805 2815 sequi
842 2748 1139 2825 compellar
1162 2748 1212 2801 ι).

486 2832 667 2903 ‘Recp.
699 2834 847 2891 'Olim
878 2838 1171 2908 aliquando
1201 2839 1579 2899 ordinationes
1605 2843 2004 2915 episcoporum,

439 2932 493 2976 et
522 2925 863 2994 reliquorum
888 2929 1066 2983 sacris
1111 2929 1451 2985 initiatorum
1483 2933 1773 2989 ordinibus
1806 2934 2010 2989 ﬁebant

412 3038 415 3041 ·
440 3033 536 3086 per
563 3018 885 3075 electionem
919 3022 1309 3087 multitudinis,
1338 3038 1661 3095 eorumque,
1716 3026 1810 3095 qui
1840 3027 2005 3082 simul

1682 335 1781 393 Ἧι
1797 334 1885 394 EO
1895 337 1956 399 ί).
2012 340 2097 397 ΒΑ
2112 340 2241 399 LSA
2254 338 2487 400 MONIS

3538 339 3657 402 1.33

2195 474 2392 542 Ἐρὼτ.
2471 479 2571 546 νην.
2664 473 2967 544 Ὀρθιύδοςός
3058 490 3140 531 τις
3225 470 3661 543 αἰχμαλωτισθεὶς

2113 566 2267 634 παρᾶ
2311 552 2650 637 Ἂγαρηνῶν,
2704 566 2794 618 καὶ
2825 564 2965 617 κατὰ
2999 564 3120 634 βίαν
3153 563 3250 632 τὴν
3289 564 3555 633 ὀρθόδοξον
3582 565 3661 617 πίο

2114 671 2231 708 στιν
2280 655 2704 724 ἐξομοσάμενος,
2737 654 2830 707 καὶ
2884 653 3265 723 περιτμηθεὶς,
3288 654 3457 706 διόλου
3493 654 3662 722 σχεδὸν

2111 747 2210 816 τὴν
2241 748 2583 817 ἀκαθαρσίαν
2619 746 2999 812 άποκλαίεται,
3037 745 3131 799 καὶ
3178 746 3316 815 μετὰ
3341 746 3445 798 τῶν
3467 746 3665 815 690066-

2113 837 2218 904 ξων
2255 838 2527 908 λαθραίως
2563 838 2901 906 συνέρχεται,
2928 838 3018 889 καὶ
3053 835 3150 905 τὴν
3178 835 3448 905 σωτηρίαν
3475 837 3664 889 ἀνακα-

2111 927 2303 982 λεῖται.
2351 927 2504 980 Ἐπεὶ
2542 926 2599 979 δὲ
2630 926 2804 979 ἐθέλει
2834 925 2928 978 καὶ
2960 927 3068 979 τῶν
3113 925 3469 994 ἁγιασμάτων
3517 944 3666 995 μετα-

2094 1019 2436 1088 λαμϐάνειν,
2465 1017 2736 1088 ζητοῦμεν
2762 1019 2821 1071 τὸ
2845 1019 3095 1087 ποιητέον
3124 1017 3340 1086 μαθεῖν.

2195 1108 2398 1162 Ἀπόκ.
2431 1108 2552 1159 Τῶν
2577 1107 2992 1178 ἀγωνιζομένων
3023 1107 3160 1159 εἰσὶν
3199 1108 3247 1158 οἱ
3284 1105 3553 1172 στέφανοι.
3583 1106 3668 1158 καὶ

2112 1201 2140 1253 6
2169 1199 2370 1271 Κύριος
2403 1200 2496 1252 καὶ
2516 1199 2647 1262 Θεὸς
2678 1199 2832 1269 ἡμῶν
2867 1197 3075 1264 Ἰητοῦς
3110 1197 3367 1268 Χριστός.
3416 1196 3480 1249 Et
3505 1195 3582 1256 τίς
3608 1214 3668 1265 με

2113 1290 2459 1359 ὁμολογήσει,
2491 1289 2675 1360 φησὶν,
2711 1290 3019 1359 ἔμπροσθεν
3047 1288 3153 1339 τῶν
3184 1286 3505 1357 ἀνθρώπων,
3529 1286 3670 1353 κάγὼ

2108 1381 2430 1451 ὁμολογήσω
2453 1380 2615 1433 αὐτὸν
2669 1379 2978 1450 ἔμπροσθεν
3014 1379 3106 1431 τοῦ
3136 1378 3347 1447 Πατρός
3385 1395 3484 1447 μου
3510 1376 3596 1430 τοῦ
3618 1376 3669 1428 ἐν

2114 1473 2382 1541 οὐρανοῖς.
2425 1472 2760 1542 ’Λκάθαρτον
2816 1470 2946 1536 γοῦν
2994 1473 3214 1537 ἀγγεῖον
3244 1467 3377 1539 πρὸς
3419 1468 3669 1537 ὑποδοχὴν

2118 1552 2288 1633 μύρου
2324 1560 2438 1625 πῶς
2470 1560 2967 1632 παραφρονούντως
3004 1560 3369 1639 δεχθήσεται;
3416 1561 3504 1615 Διὸ
3544 1577 3671 1629 παρ·

2114 1654 2340 1724 ηγορίας
2395 1654 2493 1724 μὲν
2535 1652 2905 1723 ὲπισκοπικῆς
2960 1654 3055 1706 καὶ
3102 1652 3270 1721 ἄλλης
3310 1650 3667 1721 πνευματικῆς

2114 1743 2351 1812 ὁμιλίας,
2404 1744 2432 1796 6
2482 1742 2626 1796 οὕτω
2685 1742 2981 1813 μετανοῶν,
3036 1743 3132 1795 καὶ
3179 1742 3279 1812 τὴν
3317 1741 3486 1810 καλὴν
3516 1741 3667 1795 θέλων

2112 1833 2470 1905 ἀλλοιωθῆναι
2504 1834 2807 1898 ἀλλοίωσιν,
2842 1833 3206 1902 ἀξιωθήσεται
3229 1848 3244 1863 θ
3295 1832 3402 1885 τῶν
3427 1832 3482 1885 δὲ
3510 1831 3667 1899 άγίων

2116 1926 2433 1997 μυστηρίων
2482 1926 2581 1978 οὐκ
2617 1925 3004 1995 ἀξιωθήσεται.
3029 1925 3305 1994 Πρότερον
3339 1923 3445 1994 γὰρ
3480 1924 3666 1993 ὀφείλει

2111 2017 2212 2087 τῆς
2250 2017 2503 2080 ἀσεϐείας
2536 2016 2632 2088 τὴν
2668 2014 3669 2088 βεόιήλωσινάπονίψασθαιλκαὶοὕτως

2094 2107 2367 2178 “δεχθῆναι
2393 2122 2407 2137 ·
2452 2108 2544 2159 καὶ
2594 2108 2741 2177 μετὰ
2772 2106 2866 2160 τὸν
2904 2105 3308 2175 ’νενομισμένον
3367 2105 3549 2175 καῳδν
3579 2103 3667 2157 καὶ

2108 2199 2210 2269 τῆς
2241 2199 2404 2267 ἁγίας
2444 2197 2796 2268 μεταλήψεως
2824 2199 3111 2277 γενήσεται
3143 2197 3388 2265 μέτοχος.
3430 2220 3431 2223 η

2193 2291 2387 2358 Ἐρὼτ.
2422 2291 2521 2345 νϐ’.
2555 2289 2743 2359 Πλήθη
2794 2287 3063 2359 χωριτικὰ
3112 2287 3205 2340 τὸν
3254 2287 3510 2340 δοκοῦντα
3538 2281 3662 2339 τοὺ·

2111 2400 2223 2446 τοις
2250 2381 2399 2446 ἄξιον
2434 2376 2572 2436 εἶναι
2608 2382 2747 2452 πρὸς
2790 2378 3005 2449 ἀξίωμα
3054 2381 3411 2433 ἐπισκοπικὶν
3453 2379 3485 2449 ἢ
3531 2380 3667 2446 ίεσρα-

2112 2475 2261 2529 τικδν
2293 2473 2601 2545 παριστῶσί
2631 2491 2722 2544 μοι
2745 2488 2760 2503 ⁸
2794 2473 2888 2526 καὶ
2916 2471 3139 2542 ζητοῦσι
3194 2471 3336 2526 κατὰ
3361 2471 3417 2524 τὸ
3446 2470 3667 2538 ἀπαραί-

2112 2584 2273 2639 τητον
2294 2565 2732 2637 ὲπικηρυχθῆναι
2759 2565 2855 2617 καὶ
2912 2563 3359 2634 χειροτονηθῆναι
3399 2562 3664 2631 ἀρχιερέα,

2110 2661 2142 2731 ἢ
2174 2659 2440 2714 διάκονον.
2482 2656 2639 2727 Ζητῶ
2663 2657 2840 2709 τοίνυν
2879 2655 3070 2724 μαθεῖν
3122 2657 3174 2707 εί
3204 2658 3323 2718 ταῖς
3354 2653 3666 2723 φωναῖςτῶν

2092 2753 2280 2824 ’ὄχλων
2304 2748 2728 2819 ἀναγκαζόμεθα
2756 2747 3203 2801 κατακολουθεῖν.

2193 2842 2520 2899 Ἆπ.’Πὰλαι
2545 2841 2673 2894 ποτὲ
2697 2841 2753 2893 αἱ
2779 2838 3105 2910 χειροτονίαι
3124 2837 3237 2891 τῶν
3265 2834 3666 2890 ἐπισκόπωνκαὶ

2108 2936 2219 2989 τῶν
2254 2934 2458 2988 λοιπῶν
2510 2933 2825 3004 ἱερωμένων
2860 2931 2927 2983 δι’
2979 2929 3244 2998 ἐπιλογῆς
3273 2928 3367 2981 τοῦ
3402 2925 3662 2998 ὄχλουκαὶ

2108 3028 2219 3082 τῶν
2248 3024 2833 3098 παραδυναστευόντων
2857 3022 3093 3090 ἐγίνοντο
3117 3039 3129 3052 ·
3161 3023 3191 3075 ὀ
3212 3022 3267 3074 δὲ
3291 3027 3356 3090 ιγ’
3382 3020 3551 3074 κανὼν
3574 3017 3666 3086 τῆς

439 3109 805 3177 imperabant.
838 3110 1092 3166 Decimus
1132 3113 1328 3168 tertius
1377 3123 1559 3169 autem
1590 3130 1766 3171 canon
1812 3116 2009 3172 Laodi-

2111 3122 2168 3174 έν
2203 3116 2495 3187 Λαοδικείᾳ
2525 3115 2768 3177 συνόδου,
2802 3115 2896 3167 καὶ
2927 3115 2954 3165 6
2981 3112 3029 3179 γ’
3054 3111 3239 3165 κανὼν
3270 3112 3370 3182 τῆς
3397 3110 3555 3179 ἁγίας
3579 3105 3666 3159 καὶ

439 3214 589 3253 (τουτο
633 3201 849 3272 synodi,
897 3213 947 3256 et
992 3202 1029 3257 3
1080 3218 1253 3260 canon
1301 3217 1507 3260 sancta:
1554 3216 1608 3263 et
1650 3209 2049 3266 mcurnenicae'

423 3290 469 3347 '7
502 3292 712 3363 synodi,
740 3293 1058 3362 'hujusmodi
1104 3297 1479 3352 ordinationes
1523 3299 1591 3353 ab
1631 3302 2005 3358 ecclesiastico

441 3382 628 3451 reiecit
665 3384 837 3440 statu.
860 3384 956 3440 Ille
995 3386 1140 3441 enim
1191 3389 1287 3452 ait,
1338 3389 1514 3445 turbis
1568 3406 1674 3444 non
1725 3408 1848 3449 esse
1878 3410 2005 3464 per-

441 3474 763 3530 mittendum
796 3491 1004 3541 eorum,
1036 3479 1126 3546 qui
1160 3488 1291 3534 sunt
1344 3482 1396 3535 in
1428 3483 1747 3540 sacerdotio
1800 3488 2007 3542 consti-

437 3563 654 3632 tuendi,
687 3565 1255 3624 electionem'l‘acere.
1306 3569 1403 3627 Hic
1431 3582 1611 3628 autem
1648 3578 2001 3643 pronuntiat:

437 3657 664 3712 Omnem
696 3658 1040 3726 electionem,
1068 3698 1072 3705 ν
1101 3676 1222 3731 qua:
1255 3663 1312 3716 lit
1353 3678 1383 3718 a
1415 3666 1846 3734 magistratibus,
1888 3663 2006 3740 epi-

437 3747 614 3817 scopi,
650 3750 733 3805 vel
764 3751 1091 3823 presbyteri,
1116 3754 1201 3810 vel
1229 3755 1468 3821 diaconi,
1496 3758 1710 3813 irritam
1742 3758 2000 3818 manere:

436 3854 501 3891 ex
530 3855 739 3896 canone
776 3842 1011 3907 dicente,
1047 3842 1102 3898 Si
1137 3846 1260 3916 quis
1318 3848 1609 3917 episcopus
1644 3853 2003 3908 smcularibus

441 3932 847 4001 magistratibus
886 3950 1039 4003 usus,
1074 3952 1171 4008 per
1201 3953 1296 3994 eos
1348 3939 1635 3995 ecclesiam
1679 3942 2001 4009 obtinuerit,

436 4020 742 4090 deponatur
765 4063 781 4089 ,
813 4032 869 4079 et
912 4037 1265 4098 segregetur,
1307 4037 1360 4083 et
1393 4045 1584 4085 omnes
1638 4033 1728 4101 qui
1787 4049 1910 4088 eum
1939 4051 2005 4091 eo

436 4115 869 4170 communicant.
904 4114 1128 4186 Oportet
1156 4120 1300 4173 enim
1326 4135 1474 4183 eum,
1502 4122 1596 4191 qui
1655 4130 1737 4177 est
1785 4139 2006 4192 promo-

412 4203 649 4259 vven'dus
672 4203 740 4259 ad
767 4206 1165 4276 episcopatum,
1194 4209 1262 4263 ab
1284 4211 1556 4280 episcopis
1601 4212 1725 4281 eligi
1747 4255 1762 4274 ,
1812 4226 2007 4283 quem-

436 4292 796 4348 admodum'a
822 4298 1031 4352 sanctis
1068 4295 1327 4355 Patribus
1356 4297 1533 4355 Nieeaa
1586 4300 1865 4356 decretum
1901 4309 2005 4367 est,

438 4385 492 4437 in
528 4399 741 4440 canone
771 4387 1071 4456 quidieit:
1120 4388 1450 4459 Episcopum
1496 4400 1714 4460 oportet
1770 4392 2007 4445 maxime

2107 3207 2490 3278 οίκουμενικῆς
2545 3202 2590 3268 ζ’
2624 3205 2842 3258 συνόδου
2865 3245 2879 3270 ,
2922 3204 3018 3264 τὰς
3056 3204 3315 3266 τοιαύτας
3350 3197 3662 3272 χειροτονίας

2110 3299 2219 3354 ἀπὸ
2252 3302 2350 3369 τῆς
2381 3296 2847 3367 ὲκκλησιαστικῆς
2881 3295 3234 3358 άπεξένωσαν
3271 3292 3663 3347 καταστάσεως.

2122 3391 2179 3445 Ὀ
2222 3390 2320 3463 μὲν
2341 3389 2450 3462 γάρ
2477 3405 2611 3460 φησι
2639 3389 2768 3458 περὶ
2798 3385 2891 3440 τοῦ
2916 3386 2990 3457 μὴ
3020 3385 3202 3455 δχλοις
3240 3383 3551 3453 ἐπιτρέπειν
3577 3377 3666 3437 τὰς

2106 3481 2338 3551 ἐκλογὰς
2386 3479 2657 3535 ποιεῖσθαι
2691 3477 2803 3531 τῶν
2846 3476 3151 3546 μελλόντων
3203 3472 3554 3528 καθίστασθαι
3595 3470 3666 3528 εἰς

2110 3574 2407 3644 ίερατεῖονσ
2446 3571 2476 3624 6
2510 3570 2567 3623 δὲ
2611 3567 2786 3623 ταῦτα
2814 3566 3057 3631 διέξεισι,
3090 3565 3284 3619 Πᾶσαν
3332 3563 3507 3632 ψῆφον
3530 3574 3663 3627 γινοο

2114 3666 2283 3737 μένην
2310 3662 2463 3735 παρὰ
2488 3662 2599 3716 τῶν
2620 3660 2919 3731 ἀρχόντων,
2947 3657 3278 3723 ἐπισκόπου,
3306 3656 3348 3727 ’ἢ
3375 3649 3665 3723 πρεσϐυτέ-

2111 3771 2227 3825 ρου,
2258 3754 2291 3824 ἢ
2315 3751 2590 3816 διακόνου,
2622 3750 2826 3820 ἄκυρον
2854 3747 3055 3817 μένειν,
3087 3746 3231 3801 κατὰ
3261 3746 3351 3799 τὸν
3371 3743 3565 3797 κανόνα
3583 3738 3665 3790 τὸν

2106 3845 2354 3915 λέγοντα.
2388 3843 2458 3899 Εἴ
2478 3860 2563 3906 τις
2585 3841 2882 3903 ἐπίσκοπος
2907 3839 3191 3909 κοσμικοῖς
3222 3838 3447 3908 ἄρχουσι
3475 3828 3666 3903 χρησά-

2094 3953 2292 4006 μενος,
2322 3933 2390 3989 δι’
2412 3933 2592 3989 αὐτῶν
2606 3932 2879 4003 ἐγκρατὴς
2905 3929 3204 4000 ἐκκλησίας
3223 3929 3466 4022 γένηται,
3485 3923 3657 4022 καθωῐ

2113 4027 2311 4098 ρείσθω
2358 4025 2452 4079 καὶ
2506 4023 2872 4095 άφοριξέσθω,
2911 4023 3008 4075 καὶ
3034 4023 3084 4075 οί
3127 4018 3512 4077 κοινωνοῦντες
3531 4015 3667 4078 αὖτῷ

2111 4118 2337 4180 πάντες.
2363 4118 2455 4169 Δεῖ
2470 4116 2580 4186 γὰρ
2600 4114 2698 4168 τὸν
2724 4114 2991 4185 μέλλοντα
3011 4110 3442 4182 προσιδάζεσθαι
3467 4105 3669 4179 είςκὲπι-

2111 4208 2342 4278 σκοπὴν,
2397 4207 2503 4260 ὑπὸ
2546 4205 2863 4259 ἐπισκόπων
2915 4202 3282 4274 ψηφίζεσθαι·
3352 4197 3528 4259 καθὼς
3582 4196 3665 4247 καὶ

2112 4299 2265 4369 παρὰ
2298 4296 2412 4359 τῶν,
2434 4295 2608 4365 ἁγίων
2669 4295 2930 4366 Πατέρων
2966 4293 3077 4347 τῶν
3113 4295 3170 4346 ὲν
3195 4291 3400 4361 Νικαίᾳ
3424 4288 3663 4358 ὥρισται»

2111 4392 2168 4443 ὲν
2187 4390 2265 4459 τῷ
2299 4388 2486 4443 κανόνι
2518 4387 2596 4457 τῷ
2617 4387 2855 4454 λέγοντι.
2908 4385 3245 4438 Ἐπίσκοπον
3288 4381 3546 4453 προσήκει
3570 4370 3666 4444 μά-

437 4474 656 4544 quidem
688 4477 757 4532 ab
779 4478 1054 4544 omnibus,
1088 4480 1183 4549 qui
1210 4489 1339 4535 sunt
1370 4481 1425 4534 in
1461 4481 1760 4549 provincia,
1791 4481 2003 4537 consti-

2111 4482 2270 4535 λιστα
2293 4478 2391 4551 μὲν
2418 4479 2522 4533 ὑπὸ
2554 4479 2772 4532 πάντων
2804 4476 2912 4530 τῶν
2942 4479 3001 4529 ἐν
3047 4478 3113 4545 τῇ
3148 4473 3392 4545 ’ἐπαρχία
3422 4468 3663 4523 καθίστα-

418 4569 559 4621 ‘tui:
605 4567 650 4623 si
713 4571 1057 4624 autem'lioc
1120 4570 1346 4625 ‘dil'ﬁcile
1397 4569 1586 4632 fuerit,
1646 4571 1729 4625 vel
1786 4580 2007 4641 propter

443 4665 731 4728 urgentem
771 4660 1182 4725 necessitatem,
1243 4660 1325 4714 vel
1360 4668 1581 4728 propter
1630 4661 1731 4715 via:
1763 4661 2006 4731 longitu-

438 4751 644 4813 dinem,
675 4760 785 4806 tres
806 4752 1031 4807 omnino
1048 4750 1235 4806 eodem
1260 4750 1672 4815 convenientes,
1693 4752 1761 4806 iis
1788 4767 2008 4822 quoque

435 4843 529 4909 qui
564 4842 787 4905 absunt,
820 4843 980 4896 simul
1007 4842 1328 4911 suﬂragium
1364 4840 1686 4907 ferentibus,
1725 4850 1780 4897 et
1815 4857 2006 4899 assen-

434 4922 700 4988 tientibus
755 4948 852 5003 per
917 4933 1163 4997 litteras,
1205 4940 1334 4986 tunc
1402 4931 1584 4987 facere
1654 4933 2004 4989 electionem.

434 5023 638 5079 Eorum
681 5033 887 5089 autem,
948 5018 1075 5093 quas
1122 5038 1151 5076 a
1213 5039 1271 5078 se
1329 5024 1485 5089 ﬁunt,
1535 5023 2003 5081 conﬁrmationem

438 5116 570 5171 dare
618 5117 915 5184 unicuique
965 5115 1403 5185 metropolitano.

501 5205 709 5261 'Interr.
743 5206 1045 5263 60.‘Liberi
1069 5224 1134 5263 ex
1164 5210 1424 5265 secundis
1469 5210 1674 5280 nuptiis
1706 5216 2002 5282 procreati,

437 5310 488 5353 et
525 5299 619 5369 qui
650 5315 714 5353 ex
748 5300 984 5366 ancillis,
1023 5317 1085 5356 ac
1119 5302 1473 5368 concubinis,
1512 5304 1821 5360 sacerdotio
1851 5305 2002 5376 digni

436 5390 850 5459 iudicabuntur,
886 5393 1109 5447 annon?

509 5484 663 5554 Resp.
686 5485 1061 5541 Secundarum
1094 5486 1406 5556 nuptiarum
1442 5488 1596 5543 liberi
1619 5488 1763 5542 nulla
1789 5489 2003 5544 ratione

518 5751 546 5793 ὃ
570 5771 633 5806 an
679 5773 821 5809 voces
858 5770 1132 5823 papumrcs
1179 5756 1323 5822 sequi
1357 5769 1621 5823 cogamur.

2116 4573 2243 4627 σθαι
2265 4588 2279 4603 ⁸
2309 4573 2357 4625 εί
2381 4572 2437 4624 δὲ
2460 4569 2721 4640 δυσχερὲς
2748 4570 2832 4639 εἴη
2857 4567 3040 4629 τοῦτο,
3071 4566 3104 4636 ἢ
3126 4565 3217 4620 διὰ
3250 4564 3664 4629 κατεπείγουσαν

2114 4666 2381 4736 ἀνάγκην,
2410 4663 2443 4732 ἢ
2473 4663 2562 4716 διὰ
2595 4648 2769 4732 μῆκος
2799 4660 2942 4724 ὁδοῦ,
2977 4657 3037 4723 ἐξ
3062 4658 3303 4719 ἅπαντος
3335 4655 3481 4723 τρεῖς
3509 4641 3666 4746 sitire

2114 4758 2248 4811 αὐτὸ
2274 4754 2697 4824 συναγομένους,
2753 4750 3062 4821 συμψήφων
3113 4748 3412 4816 γινομένων
3454 4739 3663 4794 καὶτῶν

2113 4847 2382 4913 ἀπόντων,
2436 4844 2531 4899 καὶ
2582 4842 2983 4912 συντιθεμένων
3032 4838 3120 4893 διὰ
3157 4835 3516 4906 γραμμάτων,
3554 4824 3662 4913 τότε

2114 4939 2213 5009 τὴν
2243 4935 2577 5008 χειροτονίαν
2620 4930 2917 4986 ποιεῖσθαι.
2948 4931 3028 4983 Τὸ
3054 4929 3113 4982 δὲ
3141 4927 3308 4996 κῦρος
3335 4922 3438 4977 τῶν
3465 4912 3665 4989 γινομέ-

2114 5046 2222 5082 νων
2260 5027 2495 5081 δίδοσθαι
2552 5024 2678 5079 καθ’
2703 5021 2944 5091 ἑκάστην
2991 5018 3262 5090 ἐπαρχίαν
3293 5014 3369 5084 τῷ
3402 5022 3662 5083 μητροπο-

2114 5120 2398 5278 λίτὲζοώτ.
2446 5205 2509 5273 ξ’.
2546 5207 2611 5261 Οἱ
2655 5203 2751 5258 τοῦ
2799 5201 3055 5272 δευτέρου
3086 5197 3264 5267 γάμου
3314 5190 3518 5252 παῖδες,
3570 5182 3656 5278 ξίίξλ

2116 5305 2167 5357 οἱ
2198 5274 2305 5355 ἀπὸ
2329 5300 2582 5353 δουλίδων
2638 5297 2733 5351 καὶ
2785 5291 3077 5349 παλλακῶν
3115 5286 3413 5358 τεχθέντες,
3443 5274 3659 5344 ἀξιωθή-

2122 5411 2304 5447 σονται
2334 5391 2657 5464 ἱερωσύνης,
2694 5389 2728 5459 ἢ
2755 5387 2852 5455 ob;

2183 5489 2241 5540 Ἀ
2253 5448 2400 5539 adu:
2421 5486 2484 5537 Ol
2503 5448 2602 5537 τοῑί
2776 5448 2869 5550 pob
2887 5477 3066 5548 γάμου
3090 5474 3275 5537 παῖδες
3290 5468 3349 5535 ἐξ
3364 5456 3561 5521 οὐδενὸς
3580 5448 3658 5505 λό’

1709 5662 1935 5717 Vllle
1976 5659 2373 5717 LECTIONES.
2464 5748 2470 5757 '
