4020 6392
475 358 609 421 1009

1297 356 1680 419 Riib'l‘ONSA
1726 355 1827 416 AD
1864 350 2591 415 lNl‘ERROGATIONES
2626 346 2885 416 MARCI.

3534 350 3693 415 lilO‘

476 508 573 559 γου
609 487 904 542 κωλύονται
956 483 1220 555 ἱερᾶσθαι.
1260 482 1319 536 Ὀ
1365 484 1471 552 γὰρ
1498 482 1590 535 ἐπὶ
1617 481 1709 535 τοῦ
1750 482 2063 551 Πορφυροει⁴

2143 490 2381 536 vetantur
2418 482 2593 536 sacris
2625 481 2908 536 ordinibus
2932 478 3159 534 initiari.
3210 478 3479 549 Synodiea
3522 476 3671 531 enim

476 578 733 647 γεννήτου
782 577 875 629 καὶ
914 572 1172 644 βασιλέως
1235 571 1423 640 κυρίου
1478 569 1881 623 Κωνσταντίνου
1935 585 2028 636 γε·

477 666 648 734 γονὼς
684 666 845 734 τόμος
872 662 1141 724 συνοδικὸς
1164 663 1240 730 τῷ
1266 660 1462 731 πρώτῳ
1483 660 1643 730 γάμῳ
1665 659 1753 713 τὸν
1781 659 2029 729 δεύτερον

479 758 569 809 ἐπὶ
624 758 790 809 πᾶσιν
832 754 1075 818 ἐξίσωσε.
1100 752 1191 803 Διὸ
1227 751 1321 804 καὶ
1351 750 1659 814 ὑπεξούσιοι
1706 750 2029 821 κληρονόμοι

478 847 571 899 τοῦ
595 847 798 915 πατρός
819 848 978 897 εἰσιν.
1013 843 1171 896 Ἀλλά
1196 844 1289 897 καὶ
1321 844 1369 896 oi
1405 843 1511 896 ἀπὸ
1530 840 1779 895 δουλίδων
1816 842 2030 910 τεχθέν-

478 953 590 999 τες,
630 935 725 988 καὶ
755 933 1064 1002 ἐλευθερίας
1092 930 1432 996 ἀξιωθέντες,
1463 930 1722 994 ὡσαύτως
1746 931 1839 984 καὶ
1885 931 1935 983 οἱ
1969 932 2032 983 ἐκ

481 1025 771 1082 παλλακῶν
802 1025 1172 1093 γεννηθέντες,
1203 1023 1263 1076 οὐ
1297 1021 1693 1092 κωλυθήσονται
1715 1021 2028 1089 ίερωθῆναι.

479 1120 543 1171 Δί
559 1116 666 1186 γὰρ
686 1116 917 1186 μητέρες
942 1116 1120 1167 αὐτῶν
1136 1114 1429 1182 ἐπιτιμίοις
1442 1114 1805 1183 πορνευόντων
1829 1114 2031 1165 ὑπέπε-

480 1225 592 1269 σον,
616 1206 771 1260 αὐτοὶ
800 1207 854 1258 δὲ
883 1206 1033 1258 οὐδὲν
1059 1207 1325 1273 ἥμαρτον,
1353 1203 1447 1256 καὶ
1466 1204 1552 1256 διὰ
1587 1202 1744 1255 τοῦτο
1773 1202 1892 1255 οὐδὲ
1915 1203 2034 1254 ἐπι-

478 1294 675 1362 τιμίοις
703 1293 1035 1346 ὑπόκεινται.
1064 1294 1218 1346 Κατά
1254 1290 1381 1357 γοῦν
1396 1292 1530 1363 βοῦς
1557 1290 1777 1351 λοιποὺς
1823 1288 2033 1359 ἀνθρώ-

480 1400 614 1445 πους
642 1385 764 1445 τοὺς
792 1382 958 1453 μηδὲν
994 1382 1400 1451 ἡμαρτηκότας,
1432 1382 1524 1434 καὶ
1557 1381 1710 1434 αὐτοὶ
1760 1380 1921 1450 τιμῆς
1952 1380 2029 1432 ἱε-

484 1472 709 1541 ρατικῆς
732 1473 870 1524 κατὰ
901 1474 1127 1534 κανόνας
1160 1469 1576 1540 ἁξιωθήσονται.

568 1582 770 1650 Ἐρώτ.
860 1581 961 1649 Ea’.
1052 1583 1427 1650 Ἀναγνῶστης
1505 1581 1657 1653 παρά
1728 1581 2031 1650 ἡγουμένου

483 1675 801 1743 ἐπιτραπεὶς
860 1674 1063 1727 διέπειν
1114 1674 1369 1741 κτήματα
1419 1674 1851 1742 μοναστηριακά,
1888 1673 2031 1725 θέλει

2130 571 2370 639 decisio,
2410 573 2551 628 facta
2586 582 2825 642 tempore
2875 570 3217 641 imperatoris
3275 568 3476 623 domini
3528 567 3672 624 Con-

2132 665 2356 720 stantini
2388 664 2936 734 Porphyrogenuetaa,
2961 662 3154 731 primis
3173 660 3376 730 nuptiis
3402 659 3674 727 secundas

2133 759 2188 810 in
2221 756 2476 811 omnibus
2518 738 2840 825 exaequavit.
2911 752 3143 820 Ideoque
3197 760 3252 806 et
3296 750 3379 805 sui
3435 750 3695 804 haeredes.

2132 853 2260 901 sunt
2292 850 2457 914 patri.
2496 845 2601 901 Sed
2628 853 2683 901 et
2710 845 2906 914 qui-ex.
2938 842 3153 898 ancillis
3185 841 3322 904 nati,
3385 849 3439 894 et
3489 837 3675 892 donati

2130 936 2400 1001 libertate,
2433 936 2657 1005 parique
2689 934 2870 998 modo,
2898 933 2993 1003 qui
3024 947 3091 987 ex
3119 930 3439 986 concubinis
3484 928 3677 997 geniti,

2132 1042 2238 1079 non
2290 1034 2539 1079 vetantur
2568 1025 2797 1079 sacrari.
2828 1022 3026 1078 Matres
3075 1020 3220 1076 enim
3261 1033 3451 1074 eorum
3503 1017 3697 1087 penis,

2133 1118 2482 1172 scortantium
2512 1116 2863 1170 succiderunt
2894 1123 2941 1177 ε,
2976 1110 3079 1181 ipsi
3116 1116 3295 1163 autem
3359 1107 3496 1160 nihil
3538 1106 3679 1160 deli-

2132 1220 2403 1279 querunt:
2438 1207 2791 1276 quamobrem
2819 1218 2918 1259 nec
2967 1201 3147 1272 pmnis
3181 1198 3572 1269 subjiciuntur.
3610 1196 3694 1252 Ut-

2134 1300 2330 1369 reliqui
2370 1300 2533 1369 igitur
2565 1296 2832 1362 homines,
2863 1295 2957 1365 qui
2986 1293 3119 1347 nihil
3155 1299 3471 1362 peccaruut,
3504 1288 3683 1343 hono—

2136 1406 2248 1446 rem
2276 1389 2663 1445 sacerdotalem
2693 1387 2992 1443 secundum
3019 1396 3259 1437 canones
3279 1386 3685 1436 consequentur

2136 1485 2193 1533 et
2219 1477 2341 1548 ipsi.

2205 1589 2399 1644 Interr.
2432 1588 2518 1642 61.
2556 1587 2748 1642 Lector
2778 1590 3046 1655 potestate
3096 1596 3127 1636 a
3171 1580 3355 1650 priore
3382 1577 3409 1617 ἀ
3438 1583 3682 1647 accepta,

2136 1680 2554 1737 administrandi
2612 1679 2993 1750 possessiones
3065 1669 3513 1729 monasteriales,
3570 1664 3686 1720 vult

482 1764 860 1833 προκαθῆσθαι
909 1764 1014 1815 τῶν
1061 1767 1236 1815 ἐκεῖσε
1273 1764 1442 1817 ὄντων
1479 1763 1686 1833 ἱερέων,
1714 1766 1805 1818 καὶ
1832 1764 2031 1816 λοιπῶν

2143 1773 2436 1843 praecedere
2471 1769 2800 1834 sacerdotes,
2830 1775 2885 1822 et
2919 1765 3053 1820 alios
3079 1762 3310 1819 clericos
3378 1759 3490 1813 illic
3542 1754 3687 1810 exsi-

482 1853 775 1922 κληρικῶν,
811 1854 903 1906 καὶ
954 1855 1013 1906 ἐν
1057 1858 1178 1916 ταῖς
1228 1855 1394 1925 ἱεραῖς
1450 1855 1754 1921 ἁγιστείαις
1784 1855 1920 1924 μετά
1942 1854 2032 1908 τὸν

482 1942 782 2011 ἡγούμενον
806 1944 1260 2013 μνημονεύεσθαι.
1308 1944 1524 2015 Ἐρωτῶ
1549 1945 1730 1999 τοίνυν
1765 1944 1956 2017 μαθεῖν
1985 1945 2036 1999 εί

483 2035 659 2097 καλῶς
690 2035 819 2104 περὶ
847 2034 1034 2088 τούτου
1065 2035 1374 2104 φιλονεικεῖ.

564 2148 766 2202 Ἀπόκ.
795 2146 962 2215 Τάξις
992 2150 1207 2217 συνέχει
1230 2148 1299 2202 τὰ
1334 2150 1560 2221 οὐράνια
1581 2149 1676 2202 καὶ
1700 2150 1768 2203 τὰ
1798 2150 2033 2219 ἐπίγεια.

482 2238 570 2290 Διὸ
603 2239 696 2292 καὶ
722 2240 749 2290 ὁ
780 2240 981 2309 Κύριος
1038 2239 1194 2310 ἡμῶν
1239 2239 1446 2309 Ἰησοῦς
1471 2240 1729 2312 Χριστὸς,
1751 2241 1851 2310 τῆς
1881 2258 2037 2295 κενο-

482 2329 660 2392 δοξίας
689 2330 1029 2382 ἀναστέλλων
1083 2329 1180 2401 τὴν
1222 2330 1581 2401 ματαιότητα,
1610 2329 1784 2386 Ὅταν
1834 2331 2039 2404 κληθῇς

484 2421 560 2481 εἰς
591 2420 767 2487 γάμον
810 2420 912 2472 ὑπό
957 2437 1123 2484 τινος,
1156 2421 1377 2488 ἔφησεν,
1413 2423 1491 2482 είς
1520 2422 1916 2495 πρωτοκλισίας
1943 2424 2040 2477 τά-

485 2527 662 2581 πητας
688 2511 762 2582 μὴ
791 2512 1106 2583 ἀνακλιθῇς,
1137 2510 1251 2565 ἀλλ’
1282 2513 1364 2575 είς
1392 2511 1617 2583 ἔσχατον
1638 2512 1802 2565 τόπον
1831 2511 2036 2565 ἀνάπε-

368 2619 389 2644 ο
485 2618 575 2654 σον
606 2619 621 2632 ·
654 2601 743 2655 ἵνα
772 2604 1010 2675 ἀκούσης
1058 2605 1207 2673 παρὰ
1255 2604 1348 2657 τοῦ
1391 2605 1719 2674 κεκληκότος
1752 2620 1808 2656 σε
1844 2620 1862 2638 ο
1892 2603 2038 2669 Φίλε,

486 2693 880 2764 προσανάϐηθι.
945 2694 1052 2747 Καὶ
1084 2692 1256 2756 οὓτως
1303 2692 1457 2747 ἔσται
1521 2709 1602 2745 σοι
1657 2691 1785 2757 δόξα
1848 2690 2036 2760 πολλή.

497 2782 556 2835 '0
587 2782 715 2848 γοῦν
745 2782 924 2850 ζητῶν
976 2785 1332 2853 ἀναγνώστης
1367 2782 1471 2853 πρὸ
1500 2781 1607 2835 τῶν
1658 2781 1845 2851 ἱερέων
1902 2780 2040 2834 καθα

486 2872 670 2941 ἧσθαι,
692 2876 784 2925 καὶ
823 2874 963 2942 μετά
999 2874 1089 2926 τὸν
1119 2873 1422 2943 ἡγούμενον
1457 2870 1902 2942 μνημονεύεσθαι,
1927 2870 2040 2933 τοῖς

491 2965 782 3032 Κυριακοῖς
814 2965 1213 3033 ὲναντιοφρονεί
1227 2962 1704 3032 παραγγέλμασιν.
1733 2962 1794 3014 El
1822 2961 1876 3014 δέ
1900 2961 2040 3014 κατά

486 3050 585 3119 τὴν
612 3051 862 3120 διήγησίν
892 3068 983 3105 σου
1009 3054 1036 3104 ὁ
1070 3052 1425 3121 ἀναγνώστης
1444 3051 1523 3113 εις
1552 3049 1737 3121 χώραν
1762 3051 2047 3120 ἐπιδημεῖ,-

491 3140 900 3209 καθηγουμένου
922 3142 1083 3194 τόπον
1118 3120 1467 3211 ἀναπληρῶν,
1506 3120 1804 3204 ἀκινδύνως
1840 3141 2041 3211 μᾶλλον
2068 3120 2113 3179 c

487 3231 543 3282 δὲ
574 3230 738 3294 ἀξίως
773 3230 1068 3298 φιλονεικεῖ
1105 3231 1211 3302 πρὸ
1277 3232 1384 3285 τῶν
1411 3232 1598 3303 ίερέων
1633 3230 1922 3300 καθῆσθαι,
1950 3233 2046 3285 καὶ

492 3320 946 3387 μνημονεύεσθαι,
975 3321 1050 3383 ὡς
1071 3322 1235 3374 τόπον
1275 3322 1490 3390 ἐπέχων
1528 3321 1622 3374 τοῦ
1652 3321 2045 3391 ἐπιτρέψαντος

488 3408 635 3476 αὐτῷ
681 3409 740 3461 τὸ
785 3409 1173 3479 λειτούργημα.
1224 3410 1335 3463 Kal
1368 3411 1699 3481 παρίσταται
1752 3410 1910 3463 τοῦτο
1938 3411 2047 3463 ἀπὸ

488 3498 578 3550 τοῦ
602 3497 650 3561 ,ζ’
691 3499 913 3562 κανόνος
945 3499 1043 3568 τῆς
1092 3502 1152 3553 ἐν
1198 3499 1449 3570 Τρούλλῳ
1490 3498 1584 3551 τοῦ
1620 3499 1853 3569 μεγάλου
1876 3498 2050 3551 παλα-

489 3587 602 3640 τίου
630 3588 903 3655 συστάσης
956 3589 1116 3656 ἁγίας
1156 3591 1251 3641 καὶ
1294 3589 1680 3656 οίκουμενικῆς
1727 3586 1781 3651 ς’
1828 3588 2047 3640 συνόδου

489 3678 547 3728 ἐν
604 3679 757 3746 μέρει
799 3679 968 3731 ταῦτα
1029 3678 1337 3743 διεξιόντος.
1390 3678 1809 3749 Μεμαθήκαμεν
1840 3678 1895 3731 έν
1937 3695 2048 3730 τισι

489 3768 595 3821 τῶν
627 3769 958 3837 Ἐκκλησιῶν
991 3770 1264 3832 διακόνους
1301 3772 1451 3832 τινὰς
1475 3769 1732 3840 αὐθαδείᾳ
1763 3770 1856 3823 καὶ
1888 3770 2049 3822 αὺτο-

492 3859 650 3929 νομίᾳ
700 3862 1090 3929 κεχρημένους,
1121 3860 1326 3929 τολμᾷν
1358 3862 1464 3929 πρὸ
1505 3858 1613 3913 τῶν
1651 3860 2043 3929 πρεσϐυτέρων

490 3947 2046 4013 καθέζεσθαι,....ο........

490 4038 651 4101 ἐκτὸς
680 4039 730 4090 εί
786 4040 860 4111 μὴ
894 4042 954 4093 τὸ
983 4041 1273 4110 πρόσωπον
1316 4040 1527 4109 ἐπέχων
1555 4038 1650 4094 τοῦ
1702 4037 1903 4093 οἰκείου
1941 4053 2051 4090 πα-

490 4131 771 4199 τριάρχου,
811 4131 844 4201 ἢ
879 4131 1295 4203 μητροπολίτου,
1328 4133 1385 4183 ἐν
1430 4132 1592 4201 ἐτέρᾳ
1627 4131 1778 4184 πόλει
1806 4132 2047 4201 παραγί-

492 4236 672 4289 νηται,
724 4222 817 4275 ἐπί
841 4239 948 4274 τινι
974 4222 1273 4291 κεφαλαίῳ.
1293 4222 1424 4275 Τότε
1461 4222 1588 4293 γὰρ,
1618 4222 1693 4285 ὡς
1722 4221 1812 4275 τὸν
1839 4222 2049 4275 ἐκείνου

491 4311 651 4362 τόπον
674 4311 1021 4383 ἀναπληρῶν,
1052 4312 1438 4382 τιμηθήσεται.

577 4508 776 4578 Ἐρώτ.
829 4510 929 4580 ξβ’.
991 4510 1411 4586 Ἀγροικώτερος
1479 4515 1656 4584 ίερεὺς
1722 4513 1816 4566 ὲάν
1867 4480 2129 4582 τρίτουυ

500 4600 672 4667 γάμου
732 4602 1030 4671 ίερολογίαν
1098 4606 1332 4675 ποιήσῃ,
1393 4607 1491 4676 τὴν
1557 4605 1914 4675 τριτογαμίαν
1974 4605 2052 4656 εί-

490 4689 620 4849 ἓιξς,
666 4691 970 4762 κολασθείη,
1018 4691 1051 4762 ἢ
1096 4693 1172 4756 ὡς
1204 4694 1465 4764 χωρίτης,
1514 4692 1840 4764 συγγνώμης
1888 4692 2053 4759 ἀξιω-

572 4796 718 4834 σεται
749 4798 765 4847 ;

578 4893 781 4948 Ἀπὸκ.
832 4892 891 4946 '0
941 4893 1038 4963 μὲν
1092 4894 1295 4962 φὰκτον
1339 4896 1610 4965 ἀγνοήσας
1630 4934 1644 4957 ,
1687 4888 1799 4958 οἷος
1844 4894 1910 4948 ἂν
1956 4894 2051 4948 καὶ

499 4982 666 5048 ἐστιν,
706 4984 947 5050 ἀξιοῦται
992 4986 1131 5038 κατά
1184 4984 1378 5055 νόμους
1421 4986 1779 5057 συγγνώμηςο
1814 4988 1843 5039 ό
1877 4986 1934 5039 δὲ
1963 4987 2055 5039 νό-

503 5091 603 5143 μον
657 5076 961 5146 ἀγνοήσας,
992 5078 1054 5129 οὐ
1085 5076 1531 5146 συγγινώσκεται.
1571 5078 1722 5131 Ἐπεὶ
1741 5078 1796 5130 δέ
1837 5079 1944 5131 ἀπὸ
1958 5078 2055 5147 τῆς

498 5168 714 5236 Νεαρᾶς
734 5167 1052 5236 νομοθεσίας
1096 5168 1189 5221 τοῦ
1249 5169 1491 5240 ἀοιδίμου
1552 5169 1809 5241 βασιλέως
1862 5170 2050 5240 κυρίου

499 5256 906 5310 Κωνσταντίνου
937 5257 1030 5310 τοῦ
1083 5259 1597 5330 Πορφυρογεννήτου
1642 5259 1670 5310 ὁ
1716 5259 1899 5329 τρίτος
1946 5258 2050 5326 γά-

502 5362 600 5411 μος
628 5347 703 5415 πῆ
742 5347 840 5415 μὲν
865 5348 1234 5415 συγγνωστέος
1282 5349 1418 5415 ἐστὶ,
1468 5349 1545 5419 πῆ
1576 5348 1634 5402 δὲ
1674 5349 2053 5417 ἀσύγγνωστος

499 5440 571 5505 (οἱ
607 5439 714 5509 γὰρ
746 5439 960 5509 ἔχοντες
986 5441 1177 5505 παῖδας
1201 5443 1267 5494 ἐκ
1292 5444 1506 5513 πρώτου
1561 5443 1592 5513 ἢ
1644 5443 1896 5512 δευτέρου
1940 5442 2053 5518 γά-

2133 1872 2361 1929 stentes,
2388 1861 2521 1916 etin
2550 1861 2753 1917 sanctis
2781 1856 3212 1925 sacriﬁciispost
3248 1848 3559 1921 praefectum
3592 1861 3684 1902 seu

2134 1956 2372 2026 priorem
2403 1968 2447 2019 ο,
2478 1950 3048 2008 commemorationem
3088 1945 3172 2002 sui
3199 1943 3336 1998 ﬁeri.
3369 1940 3565 2007 Quaero
3615 1952 3685 1990 an

2133 2054 2281 2102 recte
2305 2044 2371 2100 de
2395 2059 2463 2101 eo
2482 2041 2798 2099 contendat.

2205 2157 2358 2228 Resp.
2430 2156 2575 2211 Ordo
2641 2153 2883 2209 etelestia
2948 2158 3002 2207 et
3085 2146 3360 2204 terrestria
3422 2142 3687 2200 continet.

2136 2247 2369 2315 Ideoque
2419 2244 2679 2299 Dominus
2734 2250 2924 2297 noster
2976 2238 3138 2295 Jesus
3186 2235 3441 2291 Christus
3509 2233 3689 2286 inanis

2137 2336 2320 2407 gloriae
2346 2336 2637 2389 vanitatem
2690 2332 3008 2402 reprimens,
3041 2329 3174 2383 Cum
3203 2336 3429 2381 vocatus
3490 2321 3683 2390 fueris,

2139 2429 2337 2498 inquit,
2384 2428 2450 2481 ad
2487 2426 2705 2494 nuptias
2764 2418 2832 2478 tib
2861 2423 3067 2491 aliquo,
3131 2436 3200 2474 ne
3249 2416 3569 2472 diseumbas
3624 2415 3688 2466 ad

2140 2517 2301 2587 primi
2341 2516 2624 2570 accubitus
2676 2519 2902 2582 tapetes,
2930 2510 3025 2566 sed
3077 2508 3333 2563 recumbe
3390 2507 3442 2559 in
3501 2502 3690 2556 ultimo

2143 2611 2293 2664 loco:
2348 2617 2406 2660 ut
2447 2605 2638 2659 audias
2674 2604 2741 2657 ab
2792 2618 2858 2658 eo
2886 2602 2977 2670 qui
3037 2608 3090 2655 te
3148 2596 3448 2653 invitavit:
3482 2593 3689 2650 Amice.

2140 2696 2370 2753 ascende
2400 2694 2674 2765 superius.
2716 2693 2781 2747 Et
2837 2694 2906 2747 ita
2969 2692 3074 2746 erit
3127 2691 3224 2745 tibi
3270 2688 3442 2757 gloria
3500 2683 3689 2737 multa.

2141 2788 2338 2843 Lector
2397 2788 2561 2856 igitur
2612 2787 2802 2840 volens
2859 2791 2986 2838 ante
3029 2780 3346 2836 sacerdotes
3394 2776 3605 2839 sedere,
3640 2785 3694 2829 et

2141 2888 2264 2948 post
2292 2878 2606 2948 praefectum
2640 2877 2660 2915 ί
2696 2873 3136 2937 Commemorari,
3170 2869 3465 2925 Dominicis
3499 2866 3691 2921 adver-

2143 2977 2295 3025 satur
2320 2967 2625 3037 prmeeptis.
2656 2964 2811 3031 Quod
2841 2964 2911 3030 si,
2960 2959 3419 3032 quemadmodum
3474 2968 3690 3011 narras.

2145 3059 2313 3114 lector
2342 3058 2396 3111 in
2450 3057 2667 3127 regione
2719 3055 3119 3125 peregrinatur,
3174 3048 3420 3120 prmi‘eeti
3456 3048 3636 3102 locum
3668 3048 3694 3083 ε

2144 3150 2376 3219 implens
2401 3187 2415 3211 ,
2444 3148 2561 3202 sine
2591 3145 2853 3216 periculo,
2884 3144 2968 3197 vel
2991 3143 3173 3213 potius
3205 3140 3422 3203 merito,
3470 3146 3696 3192 conten-

2147 3243 2226 3297 dit
2253 3250 2377 3294 ante
2406 3239 2720 3293 sacerdotes
2743 3236 2934 3291 sedere
2960 3244 3015 3289 et
3044 3230 3490 3293 commemorari,
3530 3228 3693 3283 veluti

2145 3333 2324 3385 locum
2380 3328 2633 3386 obtinens
2690 3327 2831 3397 ejus,
2896 3326 2986 3397 qui
3035 3324 3314 3380 mandavit
3366 3323 3415 3378 ei
3474 3336 3694 3375 munus.

2146 3424 2311 3492 quue
2340 3420 2648 3476 ostenditur
2670 3433 2701 3473 e
2730 3433 2940 3473 canone
2974 3418 3206 3487 septimo
3230 3421 3436 3471 sanctae
3465 3422 3520 3468 et
3550 3428 3699 3468 oecu-
3798 3418 3807 3421 '

2146 3514 2373 3567 meuicae
2406 3520 2572 3566 sexta:
2601 3509 2817 3581 synodi,
2837 3515 3177 3577 congregata:
3209 3508 3263 3561 in
3298 3504 3487 3560 Trullo
3516 3505 3696 3572 magni

2146 3602 2353 3673 palatii,
2382 3601 2498 3655 haec
2549 3600 2602 3654 in
2634 3608 2787 3668 parte
2847 3598 3264 3667 persequentis:
3305 3594 3362 3648 ln
3417 3592 3699 3649 nonnulli.-

2149 3692 2410 3747 Ecclesiis
2463 3691 2721 3746 diacones
2784 3689 2958 3743 oilicia
3044 3685 3420 3743 ecclesiastica
3501 3682 3702 3736 habere
3792 3724 3795 3733 .

2147 3782 2470 3837 didicimus:
2495 3790 2546 3835 et
2576 3796 2640 3834 ex
2676 3781 2776 3835 hoc
2803 3779 3094 3834 nonnullos
3125 3790 3338 3840 eorum,
3390 3771 3702 3840 arrogantia

2148 3883 2203 3929 et
2233 3874 2449 3928 licentia
2477 3871 2666 3936 fretos,
2691 3878 2816 3926 ante
2852 3869 3201 3939 presbyteros
3239 3865 3429 3920 sedere
3456 3880 3471 3917 :
3503 3862 3695 3917 statui-

2151 3979 2294 4027 mus,
2320 3972 2378 4015 ut
2410 3946 2695 4027 diaconus,
2727 3959 2940 4014 etiamsi
3000 3959 3056 4012 in
3082 3956 3366 4026 dignitate,
3397 3952 3453 4007 id
3500 3960 3608 4016 est,
3648 3951 3702 4003 iu

2152 4054 2348 4122 quovis
2382 4053 2455 4107 sit
2491 4050 2669 4107 oﬂicio
2700 4048 3097 4109 ecclesiastica,
3159 4053 3283 4099 ante
3328 4043 3702 4114 presbyterum

2152 4158 2220 4197 ne
2253 4141 2469 4196 sedeat:
2509 4148 2896 4208 praeterquam,
2918 4138 2990 4192 sit
3018 4134 3223 4206 proprii
3246 4131 3590 4203 patriarchae,
3622 4134 3703 4181 vel

2155 4232 2555 4302 melrbpolitani
2583 4234 2755 4285 vicem
2792 4214 3010 4299 gerens',
3056 4225 3199 4280 adsit
3229 4225 3284 4278 in
3331 4223 3437 4276 alia
3485 4220 3705 4275 civitate

2158 4339 2324 4391 super
2350 4322 2533 4391 aliquo
2558 4320 2754 4389 capite.
2804 4317 2958 4372 Tunc
3021 4315 3190 4379 enim,
3224 4321 3287 4368 ut
3343 4312 3518 4367 locum
3558 4308 3706 4364 illius

2156 4414 2407 4483 implens,
2438 4411 2815 4465 honorabitur.

2229 4525 2427 4581 lnterr.
2466 4525 2555 4579 6'2.
2584 4523 2865 4594 Agrestior
2892 4520 3150 4577 sacerdos
3170 4518 3215 4572 si
3252 4516 3396 4571 tertii
3424 4512 3708 4569 matrimo-

2158 4618 2237 4671 nii
2272 4630 2485 4671 sacram
2518 4613 2948 4668 benedictionem
2977 4611 3155 4687 sciens
3186 4606 3396 4672 fecerit,
3427 4603 3706 4675 punietur,

2158 4721 2249 4771 an,
2277 4714 2335 4759 ut
2371 4704 2631 4768 rusticus,
2667 4702 2875 4756 veniam
2900 4698 3234 4754 merebitur?

2215 4901 2379 4978 'Resp.
2400 4897 2501 4966 Qui
2522 4898 2720 4953 factum
2745 4899 2950 4967 ignorat
2969 4897 3361 4967 qualiscunque
3379 4893 3472 4956 sit,
3501 4889 3709 4961 legibus

2158 5000 2452 5047 excusatur
2483 5008 2496 5043 :
2533 4985 2624 5059 qui
2655 4997 2833 5043 autem
2861 4989 3031 5057 legem
3065 4987 3299 5056 ignorat,
3337 4984 3549 5038 veniam
3600 4995 3707 5034 non

2161 5080 2540 5149 consequitur.
2581 5078 2849 5144 Quoniam
2874 5084 3054 5131 autem
3073 5077 3290 5129 Novella
3315 5072 3711 5129 constitutione

2162 5168 2350 5239 inclyti
2380 5166 2743 5236 imperatoris,
2771 5165 2970 5219 domini
3025 5163 3372 5219 Constantini
3404 5163 3714 5233 Porphyro-

2159 5268 2425 5330 gennetae,
2480 5259 2655 5313 tertiae
2686 5257 2886 5325 nuptiae
2921 5257 3114 5326 partim
3170 5256 3470 5310 suntveuia
3511 5256 3708 5325 digna'.

2159 5352 2354 5419 partim
2398 5350 2620 5404 minime
2671 5357 2816 5418 (nam
2867 5352 2958 5417 qui
3015 5365 3075 5402 ex
3131 5349 3442 5417 primo,vel
3472 5345 3711 5401 secunda

2160 5442 2510 5497 matrimonio
2538 5442 2735 5496 habent
2764 5442 2985 5505 liberos,
3022 5452 3077 5495 et
3111 5443 3201 5511 qui
3235 5439 3711 5512 quadragesimum

1762 5605 1996 5659 VARI/IS
2032 5604 2433 5660 LECTIONES.

577 5720 596 5746 θ
645 5711 868 5765 obnoxia
891 5713 1122 5780 fuerunt.
1196 5716 1221 5756 ἀ
1252 5717 1315 5770 ab
1366 5719 1568 5774 abbate.

1652 5734 1672 5758 ι·
1706 5732 1818 5789 post
1851 5720 2110 5774 abbatem.
2194 5719 2214 5758 ἲ
2253 5720 2509 5777 abbatem.
2590 5720 2840 5774 ‘ablmtis
2894 5723 3023 5775 vices
3069 5734 3268 5783 gerens.
