4020 6434
392 272 517 343 1011

1578 285 1868 346 'TIIEOD.
1898 285 2129 345 BALSA
2145 285 2374 348 MOle

3491 294 3623 361 1012

396 403 575 460 aetatis
608 417 809 459 annum
852 409 1227 469 excesserunt,
1266 404 1455 457 tertias
1497 403 1818 455 contrahere
1850 415 1958 452 non

2065 418 2191 468 μου,
2226 403 2319 455 καὶ
2344 406 2392 457 οἱ
2422 407 2852 475 τεσσαρακοστὸν
2881 408 3070 477 χρόνον
3090 409 3189 479 τῆς
3212 411 3429 481 ἡλικίας
3452 415 3623 471 αὐτῶν

398 495 647 566 possunt)
673 513 689 550 :
719 496 952 551 dicimus
982 497 1340 556 sacerdotem,
1360 496 1451 564 qui
1474 492 1782 562 huiusmodi
1817 491 1958 544 vetio

396 595 573 641 tarum
602 585 917 655 nuptiarum
948 585 1379 639 benedictionem
1414 583 1625 647 fecerit,
1679 581 1956 648 deponen-

394 679 521 732 dum
553 692 708 733 esse:
745 677 866 745 ejus
914 679 1057 732 enim
1106 692 1287 731 crassa
1328 687 1409 729 est
1456 675 1589 743 legis
1629 672 1954 742 ignorantia.

395 769 607 824 Rustici
644 777 826 823 autem
859 769 904 824 si
937 767 1293 823 subtilitatem
1322 766 1455 833 legis
1486 765 1755 833 ignorent,
1783 765 1958 816 inter—

393 857 519 909 dum
560 865 929 920 excusantur,
981 870 1087 908 non
1147 864 1343 917 tamen,
1375 853 1420 906 si
1461 850 1713 905 omnibus
1739 848 1959 901 manife-

393 956 475 999 sta
500 946 647 1015 jura.
828 1003 840 1016 ,

463 1044 657 1097 Iulerr.
690 1042 778 1096 63.
802 1041 993 1094 Mulier
1017 1038 1260 1107 qumdam
1301 1053 1328 1089 a
1361 1038 1578 1107 proprio
1604 1044 1756 1103 patre
1771 1043 1956 1089 coacta

397 1139 638 1207 legitime
677 1134 931 1201 conjungi
970 1131 1105 1192 viro,
1139 1139 1193 1183 et
1224 1130 1415 1182 videns
1443 1128 1788 1191 obligatoriis
1817 1126 1956 1180 seri-

394 1237 500 1299 ptis
528 1229 841 1297 conjugium
876 1242 906 1278 a
957 1233 1109 1293 patre
1143 1223 1435 1285 munitum,
1466 1221 1747 1282 indicavit,
1810 1218 1954 1286 quod

393 1331 541 1374 recte
594 1320 796 1372 factum
857 1327 993 1381 erat,
1031 1315 1243 1369 cuidam
1290 1314 1553 1367 amatorie
1589 1325 1718 1378 erga
1780 1311 1953 1378 ipsam

393 1412 609 1467 affecto.
636 1411 733 1464 Hic
760 1418 965 1473 autem,
998 1417 1055 1462 ut
1092 1406 1299 1476 perdite
1335 1418 1545 1467 amans,
1573 1402 1709 1457 nihil
1740 1410 1961 1454 cuncta-

391 1512 503 1564 tus,
546 1516 670 1555 cum
727 1498 1006 1554 nonnullis
1043 1497 1119 1549 rei
1182 1495 1389 1565 ignaris
1423 1494 1785 1547 familiaribus
1834 1492 1949 1545 suis

390 1603 548 1648 nocte
562 1591 793 1661 quadam
818 1590 874 1643 in
903 1588 1149 1641 mulieris
1200 1585 1537 1640 domicilium
1565 1584 1780 1651 irrupit,
1809 1597 1955 1634 eam-

390 1699 497 1754 que
547 1683 814 1737 volentem
875 1679 1078 1747 rapuit,
1149 1677 1479 1744 abduxitque
1524 1674 1743 1728 domum
1775 1687 1948 1731 suam,

389 1777 532 1828 intra
580 1772 714 1825 lines
759 1771 899 1824 alius
956 1768 1211 1822 territorii
1271 1767 1461 1822 sitam.
1497 1766 1712 1830 Quaero,
1762 1780 1828 1816 an
1860 1764 1951 1832 qui

388 1865 551 1918 talem
577 1870 791 1931 raptum
821 1862 1152 1922 molitisuut,
1186 1860 1399 1929 possint
1425 1874 1519 1927 per
1547 1872 1759 1912 sacram
1789 1858 1951 1910 ὺειηω-

390 1955 681 2011 dictionem
706 1953 967 2007 canonice
995 1953 1248 2022 conjungi
1284 1969 1298 2003 :
1324 1952 1579 2017 maxime,
1607 1964 1730 2005 cum
1764 1950 1954 2019 puell.e

389 2045 794 2121 parentes‘illud
815 2044 976 2100 modo
1010 2044 1120 2099 ﬁeri
1159 2045 1343 2099 velint.

457 2302 617 2371 Resp.
640 2302 886 2358 Tertium
908 2313 1068 2373 caput
1089 2303 1156 2357 58
1186 2304 1270 2356 tit.
1300 2303 1394 2358 lih.
1422 2303 1491 2357 60
1523 2303 1811 2366 Basilicon,
1840 2305 1951 2357 haec

389 2396 467 2448 ait
507 2393 852 2450 nominatim.
912 2395 987 2449 Ne
1028 2396 1196 2448 nubat
1231 2403 1383 2461 rapta
1424 2396 1651 2462 raptori.
1680 2395 1871 2449 Sedet
1909 2397 1951 2449 si

389 2488 759 2557 taliconjugio
788 2496 1043 2556 parentes
1087 2489 1205 2556 ejus
1232 2490 1597 2550 consentiant,
1622 2488 1816 2543 exsilio
1847 2491 1954 2542 cir-

388 2578 856 2633 cumscribuntur.
886 2577 949 2631 Et
976 2579 1043 2632 27
1070 2593 1241 2631 canon
1274 2588 1476 2631 sancta:
1522 2588 1575 2631 et
1608 2580 1956 2634 (ecumeuicze

389 2676 600 2736 quartae
623 2667 813 2739 synodi
850 2668 964 2723 lucc
993 2669 1200 2738 inquit:
1237 2668 1366 2731 Eos,
1401 2670 1493 2736 qui
1527 2669 1744 2722 nomine
1768 2670 1957 2737 conju-
1986 2707 1996 2714 .

387 2762 460 2832 gii
514 2762 769 2816 mulieres
816 2762 1054 2829 rapiunt,
1091 2761 1175 2814 vel
1198 2775 1352 2829 opem
1393 2761 1572 2813 ferunt
1616 2774 1678 2813 ac
1727 2772 1957 2815 constan-

387 2854 533 2907 tiunt
562 2853 648 2913 iis.
681 2852 771 2921 qui
806 2853 1058 2921 rapiunt;
1098 2852 1287 2906 statuit
1313 2852 1574 2921 synodus,
1610 2853 1654 2905 si
1686 2851 1799 2906 sint
1829 2851 1955 2921 qui-

387 2944 509 2999 dem
545 2945 752 3008 clerici,
812 2944 1037 3013 proprio
1079 2944 1251 3013 gradu
1278 2943 1532 2997 excidere
1570 2960 1583 2995 :
1637 2944 1719 2997 sin
1775 2953 1953 2997 autem

389 3035 542 3099 laici,
573 3036 1055 3090 anathematizari.
1092 3036 1457 3102 Quamobrem
1486 3044 1537 3088 et
1556 3050 1655 3088 nos
1684 3036 1798 3088 hinc
1825 3036 1955 3105 legi-
1980 3064 2025 3123 α

388 3130 522 3184 time
550 3130 922 3199 canoniceque
970 3132 1266 3185 constituta
1301 3140 1613 3199 sequentes,
1670 3127 1903 3183 dicimus
1937 3147 1950 3183 :

390 3222 440 3277 si
470 3237 594 3290 res,
648 3229 710 3278 ut
765 3222 1197 3292 interrogatione
1255 3231 1348 3277 tua
1406 3221 1761 3291 proposuisti,
1786 3222 1858 3273 ita
1893 3235 1952 3275 se

390 3313 587 3381 habet;
644 3328 821 3383 neque
846 3313 1066 3381 nuptias
1102 3311 1318 3366 futuras
1354 3312 1495 3365 inter
1548 3319 1755 3376 raptam
1785 3319 1839 3364 et
1866 3325 1956 3364 ra-

391 3412 626 3472 ptorem,
679 3414 735 3459 et
793 3405 838 3458 si
890 3410 1044 3472 pater
1084 3402 1233 3455 illius
1285 3418 1395 3455 rem
1437 3402 1742 3471 approhet:
1777 3418 1953 3472 neque

391 3503 583 3564 raptus
610 3509 801 3563 poenas
838 3494 1180 3565 ell‘ugituros,
1204 3494 1296 3565 qui
1327 3494 1444 3561 ejus
1478 3485 1682 3551 iuerint
1724 3495 1952 3561 conscii,

391 3586 487 3640 sed
514 3586 676 3639 etiam
712 3586 902 3641 ultimo
926 3586 1146 3642 allectos
1175 3587 1240 3639 iri
1270 3586 1563 3654 supplicio.

2064 491 2526 560 ύπεραναϐάντες,
2570 495 2753 564 τρίτον
2799 498 3173 551 συναλλάττειν
3194 502 3258 551 οὐ
3309 501 3621 573 δύνανται)’

2059 582 2241 649 φαμὲν
2275 584 2356 635 ὅτι
2388 586 2416 635 ὁ
2440 584 2680 637 τοιούτου
2712 586 3091 655 κεκωλυμένου
3118 589 3307 658 τρίτου
3340 582 3621 659 γάμουίε-

2061 672 2308 742 ρολογίαν
2332 674 2643 745 πεποιηκὼς
2670 677 2864 749 ἱερεὺς,
2892 678 3248 747 καθαιρετέος
3303 680 3454 731 ἐστίν
3480 696 3494 710 ο
3522 699 3624 732 πα-

2058 764 2263 833 χύτητα
2301 765 2408 833 γὰρ
2436 767 2597 834 νόμου
2622 768 2903 837 ἠγνόησεν.
2933 770 2995 820 Οἱ
3024 770 3080 821 δὲ
3131 772 3394 838 χωρῖται,
3435 770 3624 822 λεπτόν

2056 869 2193 921 τητα
2219 855 2382 922 νόμου
2413 857 2759 924 ἠγνοηκότες,
2824 858 2995 910 ἐνίοτε
3031 860 3526 926 συγγινώσκονται,
3566 860 3624 910 οὐ

2061 942 2167 1010 μὴν
2197 943 2265 995 τὰ
2296 945 2428 996 πᾶσι
2459 945 2593 1014 δῆλα
2622 947 2847 1015 νόμιμα.

2140 1034 2334 1099 Ἐρὼτ.
2386 1036 2481 1104 ξγ’.
2539 1038 2676 1105 Γυνή
2700 1052 2782 1098 τις
2829 1038 3252 1107 ἁναγκαζομένη
3337 1039 3489 1106 παρὰ
3534 1039 3623 1092 τοῦ

2057 1126 2255 1178 οἰκείου
2314 1129 2519 1196 πατρὸς
2584 1129 2829 1198 νομίμως
2877 1130 3240 1199 συζευχθῆναι
3300 1132 3478 1201 ἀνδρὶ,
3535 1133 3625 1184 καί¹

2059 1220 2331 1289 βλέπουσα
2369 1220 2437 1273 δι’
2468 1221 2761 1291 ἐγγράφων
2819 1221 3171 1290 δεσμωτικῶν
3220 1225 3323 1293 τὴν
3366 1224 3626 1291 συζυγίαν

2058 1313 2161 1364 ὑπὸ
2185 1312 2278 1364 τοῦ
2319 1313 2523 1381 πατρὸς
2555 1313 3012 1381 ἁσφαλιζομένην,
3062 1293 3291 1383 μήνυμα
3315 1315 3469 1368 ἔθετο
3493 1317 3623 1383 πρός

2054 1422 2176 1457 τινα
2200 1405 2542 1474 διακείμενον
2570 1405 2846 1475 ἐρωτικῶς
2877 1405 3011 1475 πρὸς
3058 1407 3232 1474 αὐτὴν
3263 1408 3359 1457 τοῦ
3408 1408 3624 1475 γινομὲο

2056 1496 2146 1543 νου
2174 1491 2355 1543 καλοῦ.
2398 1491 2455 1542 '0
2488 1490 2565 1553 δὲ,
2609 1491 2773 1561 μηδὲν
2812 1493 3102 1561 μελλήσας,
3133 1493 3212 1557 ὡς
3240 1495 3620 1563 ἐρωτομανῶν,

2059 1582 2196 1649 μετά
2251 1599 2412 1634 τινων
2454 1583 2789 1636 ἀπαιδεύτων
2848 1586 3093 1654 συνήθων
3141 1588 3297 1654 αὐτῷ
3329 1590 3386 1639 ὲν
3417 1589 3623 1659 ἑσπέρᾳ

2060 1674 2156 1743 μιᾷ
2190 1673 2287 1743 τὴν
2318 1673 2417 1742 τῆς
2456 1674 2708 1740 γυναικὸς
2732 1677 3011 1728 κατοικίαν
3034 1678 3303 1732 κατέλαϐε
3330 1695 3345 1712 ο
3383 1680 3476 1733 καὶ
3498 1680 3622 1734 ταύ-

2057 1766 2152 1834 τὴν
2181 1766 2398 1834 ἥρπασε
2429 1764 2712 1827 θέλουσαν,
2757 1768 2852 1819 καὶ
2898 1767 3185 1836 ἀπήγαγεν
3218 1773 3300 1832 εἰς
3326 1770 3429 1839 τὴν
3450 1789 3624 1823 κατοι-

2056 1850 2178 1901 κίαν
2212 1848 2399 1914 αὑτοῦ,
2433 1848 2785 1918 διακειμένην
2845 1852 2925 1913 εἰς
2965 1852 3151 1920 ἐτέρου
3209 1855 3414 1923 χωρίου
3472 1873 3622 1923 πεμ-

2056 1943 2211 2011 οχήν.
2256 1942 2474 2011 Ἐρωτῶ
2507 1937 2598 1994 οὖν
2628 1943 2815 2011 μαθεῖν
2846 1943 2895 1994 εί
2933 1942 3185 1998 δύνανται
3217 1947 3307 1997 διὰ
3330 1946 3624 2015 ἱερολογίας

2055 2035 2350 2096 κανονικὼς
2372 2035 2705 2104 συναφθῆναι
2732 2035 2937 2090 οίοῦτω
2962 2036 3058 2107 τὴν
3087 2037 3351 2108 τοιαύτην
3371 2038 3619 2108 ἁρπαγὴν

2058 2124 2506 2188 συσκευάσαντες.
2545 2127 2652 2180 Καὶ
2677 2129 2725 2179 οἱ
2764 2132 2940 2195 γονεῖς
2977 2130 3084 2199 γὰρ
3111 2131 3211 2200 τῆς
3240 2131 3500 2197 γυναικὸς
3535 2131 3620 2181 θέ-

2054 2218 2233 2271 λουσιν
2260 2218 2460 2287 ἀρτίως
2495 2216 2653 2271 τοῦτο
2689 2219 2961 2286 γενέσθαι.

2137 2312 2340 2365 Ἀπόκ.
2375 2311 2449 2363 Τὸ
2480 2309 2529 2378 γ’
2561 2315 2851 2381 κεφάλαιον
2881 2314 2974 2367 τοῦ
3005 2322 3084 2385 νη¹
3121 2316 3303 2369 τίτλου
3335 2315 3429 2366 τοῦ
3463 2315 3505 2379 ξ’
3542 2313 3617 2381 βι-

2056 2401 2200 2472 βλίου
2230 2403 2334 2453 τῶν
2358 2401 2660 2455 Βασιλικών
2679 2403 2852 2458 ταῦτά
2882 2422 3014 2474 φησι
3055 2407 3261 2475 ῥητῶς·
3295 2408 3384 2475 Μὴ
3436 2406 3618 2472 γαμεί-

2057 2492 2167 2544 σθω
2197 2493 2230 2562 ἡ
2260 2491 2572 2560 ἁρπαγεῖσα
2617 2492 2693 2562 τῷ
2750 2494 3056 2562 ἁρπάσαντι
3095 2496 3271 2566 αὐτὴν
3298 2512 3312 2528 ·
3365 2494 3499 2548 ἀλλὰ
3532 2493 3617 2545 καὶ

2056 2584 2103 2635 εί
2136 2583 2508 2636 συναινέσουσι
2556 2584 2634 2659 τῷ
2679 2585 2905 2657 τοιούτῳ
2968 2588 3294 2655 συνοικεσίῳ
3331 2589 3378 2640 oi
3447 2588 3619 2654 γονεῖς

2055 2675 2226 2744 αὐτῆς
2248 2715 2263 2741 ,
2314 2676 2735 2746 περιορίζονται,
2801 2679 2907 2730 Καὶ
2936 2680 2964 2730 ὁ
2992 2679 3073 2741 κζ’
3103 2679 3288 2731 κανὼν
3320 2679 3419 2746 τῆς
3465 2678 3617 2738 ἁγίας

2056 2768 2149 2819 καὶ
2173 2767 2555 2836 οἱκουμενικῆς
2583 2766 2624 2818 δ’
2653 2769 2867 2819 συνόδου
2898 2768 3070 2821 ταῦτα
3120 2786 3259 2838 φησι
3286 2785 3298 2796 ·
3335 2769 3471 2825 Τοὺς
3523 2768 3617 2834 ἁρ-

2057 2856 2327 2922 πάζοντας
2393 2861 2657 2926 γυναῖκας
2743 2860 2831 2912 ἐπ’
2900 2859 3124 2931 ὀνόματι
3193 2856 3613 2926 συνοικεσίου,ῆ

2059 2949 2523 3019 συμπράττοντας,
2556 2950 2588 3019 ἢ
2626 2951 3049 3020 συναιρομένους
3096 2954 3210 3015 τοῖς
3268 2952 3614 3022 ἁρπάζουσιν,

2057 3041 2251 3110 ὥρισεν
2283 3045 2316 3109 ἡ
2354 3042 2483 3108 ἁγία
2507 3040 2743 3105 σύνοδος,
2774 3043 2821 3094 εἰ
2846 3042 2945 3111 μὲν
2998 3042 3255 3112 κληρικοὶ
3288 3041 3415 3105 εἷεν,
3463 3037 3614 3092 ἐκπί-

2060 3149 2216 3183 πτειν
2242 3132 2334 3183 τοῦ
2396 3130 2604 3199 βαθμοῦ
2628 3148 2641 3161 ο
2693 3134 2742 3183 εί
2793 3133 2848 3185 δὲ
2880 3132 3076 3196 λαῖκοὶ,
3107 3127 3613 3202 ἀναθεματίζεσθαι.

2061 3223 2151 3274 Διὸ
2177 3223 2271 3275 καὶ
2298 3224 2456 3291 ἡμεῖς
2489 3224 2600 3285 τοῖς
2624 3222 2762 3275 οὕτω
2791 3223 3235 3292 διατεταγμένοις
3284 3224 3524 3291 νομίμως
3558 3235 3612 3269 τε

2060 3315 2154 3366 καὶ
2206 3312 2504 3375 κανονικῶς
2576 3312 3062 3382 ἀκολουθήσαντες,
3116 3315 3351 3382 λέγομεν
3416 3312 3489 3371 ὡς
3569 3311 3613 3359 εἰ

2061 3402 2229 3466 οὕτως
2266 3404 2449 3473 ἔχουσι
2484 3403 2552 3456 τὰ
2586 3404 2679 3456 τοῦ
2709 3406 3027 3475 πράγματος
3058 3406 3239 3470 καθὼς
3273 3408 3305 3475 ἡ
3358 3403 3612 3473 ἐρώτησις

2061 3495 2439 3563 περιέστησεν,
2476 3494 2597 3547 οὔτε
2628 3497 2803 3563 γάμος
2831 3498 3118 3565 γενήσεται
3148 3496 3351 3565 μεταξὺ
3378 3495 3471 3562 τῆς
3523 3492 3611 3559 dp-

2063 3586 2328 3654 παγείσης
2362 3587 2455 3637 καὶ
2487 3585 2580 3637 τοῦ
2616 3587 2981 3657 ἁρπάσαντος,
3015 3587 3116 3639 κᾶν
3146 3588 3174 3638 ὁ
3207 3588 3387 3655 πατὴρ
3424 3582 3611 3646 ταύτης

389 3674 702 3745 ἀσπάζηται
728 3675 788 3728 τὸ
813 3678 1111 3746 γινόμενον,
1140 3675 1264 3729 οὕτε
1311 3678 1377 3728 τά
1408 3678 1506 3747 τῆς
1555 3678 1808 3748 ἁρπαγῆς
1836 3677 2084 3748 ἐπιτίμια
2122 3678 2497 3747 διαδράσουσιν
2527 3679 2575 3730 oi
2640 3678 2845 3747 ταύτης
2915 3680 3252 3748 συνίστορες,
3320 3676 3453 3729 ἀλλὰ
3531 3676 3614 3723 και

390 3770 633 3840 ἐσχάτως
662 3771 1159 3841 τιμωρηθήσονται.

462 3861 659 3918 lnterr.
684 3863 772 3918 64.
798 3862 991 3918 Mulier
1019 3865 1263 3933 quaedam
1287 3864 1438 3935 gravi
1462 3865 1651 3919 morbo
1674 3864 1953 3926 laborans,

392 3965 556 4009 nocte
610 3955 738 4009 mali
790 3946 1139 4010 aiilictionem
1186 3957 1322 4021 ulta,
1358 3959 1593 4024 seipsam
1636 3956 1689 4008 in
1729 3964 1955 4010 mortem

398 4043 651 4112 proiecit,
688 4054 741 4097 et
770 4044 963 4099 mortis
992 4045 1174 4099 hausit
1220 4046 1499 4114 poculum.
1542 4044 1636 4098 Vir
1659 4044 1800 4113 ejus.
1831 4059 1956 4100 cum

395 4134 566 4187 lector
619 4140 751 4187 tunc
795 4145 991 4200 esset,
1050 4136 1317 4203 hodieque
1363 4135 1463 4200 sit,
1521 4136 1735 4202 quaerit,
1782 4150 1852 4188 an
1888 4135 1957 4188 ob

393 4239 513 4279 eam
561 4239 676 4278 rem
725 4226 1125 4280 saderdotalem
1165 4226 1488 4297 dignitatem
1538 4227 1800 4297 consequi
1843 4241 1953 4280 non

395 4313 588 4383 possit.

469 4485 626 4554 Resp.
649 4486 729 4550 Si,
758 4488 1217 4559 quemadmodum
1238 4503 1454 4555 narras,
1478 4490 1551 4543 ita
1574 4503 1633 4544 se
1660 4504 1749 4542 res
1775 4489 1958 4555 habet,
1991 4468 2035 4522 Ῑ)

398 4574 572 4629 lector
590 4574 710 4630 sine
744 4577 1134 4646 impedimento
1163 4578 1491 4633 sacrahitur.
1548 4575 1618 4631 Ut
1666 4578 1808 4632 enim
1835 4578 1960 4632 dili-

400 4678 611 4738 gentem
646 4670 866 4740 pigritia
902 4686 1007 4725 non
1028 4671 1175 4725 la'dit
1206 4672 1630 4742 uegligentis,ex
1651 4673 1959 4727 divinorum

400 4773 669 4814 canonum
723 4763 993 4815 sententia
1025 4778 1038 4815 :
1066 4762 1145 4815 sic
1204 4761 1393 4815 lectori
1447 4763 1819 4831 praejudiciunt
1854 4778 1962 4817 non

403 4848 568 4906 faciet
601 4854 792 4907 uxoris
856 4853 979 4919 ejus
1035 4861 1340 4921 peccatum.
1378 4850 1761 4922 Unusquisque
1818 4854 1961 4907 enim

404 4942 639 5010 prapriis
725 4944 940 4997 catenis
1033 4944 1134 5012 (ut
1218 4944 1374 5015 vulgo
1457 4944 1663 5014 fertur)
1748 4960 1963 4999 coerce-

402 5040 493 5086 tur
540 5032 590 5085 ιι.

576 5201 896 5260 OFFICIUM
931 5204 1021 5260 ET
1064 5207 1406 5265 DEFlNl'l'lO
1443 5211 1773 5291 EPISC‘OPI.

406 5291 491 5346 Ex
542 5292 680 5346 libro
717 5292 781 5347 de
817 5295 975 5416 iure,
1008 5299 1096 5365 qui
1148 5309 1222 5351 est
1277 5300 1485 5363 Basilii,
1519 5291 1872 5358 Constantini
1913 5318 1961 5358 et

864 5368 1026 5416 conis.
1068 5369 1218 5416 titulo
1265 5386 1315 5416 ν-
1358 5386 1473 5416 run.
1509 5387 1545 5416 ι-

864 5370 1026 5431 conis,
1068 5370 1218 5422 titulo
1265 5386 1315 5424 ν.
1358 5386 1473 5437 cap.
1509 5387 1545 5423 ι.

430 5594 435 5599 ῃ
477 5505 777 5582 Episcopus
831 5524 915 5570 est
948 5518 1220 5588 inspector
1253 5532 1304 5575 et
1341 5534 1560 5576 curator
1616 5526 1858 5578 omnium
1895 5526 1962 5579 ad

2144 3858 2344 3925 Ἐρώτ.
2410 3858 2500 3921 ξςν.
2560 3859 2700 3928 Γυνή
2760 3875 2843 3921 τις
2912 3859 3192 3930 ἀρρωστίᾳ
3256 3853 3612 3927 περιπεσοῦσα

2056 3950 2226 4018 δεινῇ,
2264 3950 2320 3999 ὲν
2376 3946 2493 4016 ὥρᾳ
2544 3949 2853 4017 νυκτερινῇ,
2907 3948 3001 3999 τοῦ
3060 3954 3364 4018 νοσήματος
3419 3950 3612 4012 ἀμυνο-

2062 4039 2196 4107 μένη
2224 4037 2388 4105 δῆθεν
2433 4037 2532 4105 τὴν
2563 4036 2826 4101 κάκωσιν,
2875 4038 3073 4106 ἑαυτὴν
3135 4040 3217 4101 είς
3261 4039 3486 4091 θάνατον
3532 4033 3611 4101 ἔρ-

2063 4129 2207 4200 ριψε,
2247 4127 2341 4180 καὶ
2373 4127 2434 4180 τὸ
2472 4127 2568 4179 τοῦ
2619 4127 2848 4180 θανάτου
2897 4131 3153 4200 ποτήριον
3180 4130 3352 4181 ἔπιεν.
3420 4123 3612 4192 Ἑρωτᾷ

2061 4217 2207 4271 οὖνὸ
2252 4217 2453 4287 ταύτης
2489 4217 2647 4287 ἀνὴρ,
2688 4219 3037 4289 ἀναγνώστης
3096 4212 3170 4274 ὢν
3220 4222 3311 4274 καὶ
3364 4220 3478 4270 τότε
3530 4216 3612 4265 καὶ

2067 4311 2329 4379 σήμερον,
2385 4310 2434 4361 εἰ
2477 4310 2726 4363 ἐντεῦθεν
2790 4311 3054 4365 κωλύεται
3111 4316 3295 4382 τυχεῖν
3355 4303 3608 4378 ἱερατικοῦ

2065 4399 2391 4468 ἀξιώματος.

2146 4490 2351 4544 Ἀπόκ.
2412 4490 2472 4542 Εί
2514 4489 2656 4542 κατὰ
2702 4489 2799 4559 τὴν
2831 4490 3079 4558 διήγησίν
3115 4510 3204 4544 σου
3235 4492 3519 4544 συνέπεσον
3552 4486 3610 4536 τὶ

2061 4580 2156 4633 τοῦ
2225 4580 2567 4650 πράγματος,
2623 4583 3112 4652 άπαρεμποδίστως
3167 4585 3194 4635 ὁ
3272 4580 3606 4645 ἀναγνώστης

2065 4670 2436 4740 ἱερωθήσεται.
2501 4671 2587 4733 Ὠς
2627 4670 2734 4741 γὰρ
2781 4673 2840 4724 οὐ
2916 4673 3140 4736 βλάπτει
3192 4676 3281 4726 τὶν
3337 4670 3603 4725 cnosia?”

2067 4764 2100 4831 ἡ
2134 4761 2375 4831 ῥᾳθυμία
2421 4759 2515 4813 τοῦ
2571 4762 2826 4829 ἀμελοῦς,
2875 4764 3015 4816 κατὰ
3045 4766 3142 4833 τὴν
3170 4765 3275 4817 τῶν
3327 4763 3478 4815 θείων
3534 4756 3605 4803 ’.ό-

2075 4868 2191 4920 μων
2220 4850 2531 4919 περίληψιν,
2567 4852 2689 4902 οὐδὲ
2724 4853 2813 4904 τὸν
2853 4853 3205 4922 ἀναγνώστην
3267 4844 3582 4921 προκριματί
3631 4853 3645 4901 λ.
3703 4888 3707 4893 .

2070 4954 2153 4989 σει
2193 4939 2292 5005 τῆς
2326 4938 2583 5004 γυναικὸς
2610 4936 2774 4990 αὐτοῦ
2799 4940 2857 4991 τὸ
2886 4939 3178 5008 ὀλίσθημα.
3226 4940 3483 4994 Ἕκαστος
3512 4944 3608 4994 γαρ

2070 5029 2191 5089 ταῖς
2219 5027 2448 5089 οἰκείαις
2493 5031 2722 5098 σειραῖς,
2777 5030 2916 5082 κατὰ
2975 5031 3064 5082 τὸν
3106 5031 3345 5090 εἰπόντα,
3396 5020 3609 5087 συσφίῖ·

2071 5134 2245 5184 γεται.

2128 5210 2215 5261 ΤΟ
2242 5210 2583 5266 ΚΑΘΗΚΟΝ
2616 5211 2734 5263 ΚΑΙ
2765 5212 2936 5265 ΟΡΟΣ
2980 5214 3116 5265 ΤΟΥ
3148 5203 3547 5267 ΕΠῘΣΚΟΠΟΥ.

2084 5301 2226 5351 Ἀπὸ
2279 5300 2383 5353 τοῦ
2464 5301 2717 5368 νομίμου
2779 5304 3023 5365 βιϐλίου
3085 5294 3606 5368 Βιισιλειρυμῐίίων⁶

2141 5370 2463 5437 σταντίνου
2526 5365 2623 5422 καὶ
2690 5371 2967 5437 Λέοντος,
3011 5375 3128 5427 ἀ.τό
3188 5371 3292 5426 τοῦ
3325 5375 3365 5421 ε’
3395 5365 3601 5419 τίτλον,

2140 5455 2271 5505 κεῖρε
2310 5436 2382 5492 α’.

2154 5530 2475 5593 Ἐπίσκοπος
2544 5531 2688 5583 ἐστιν
2748 5532 3078 5604 ὲπιτηρητὴς
3147 5532 3235 5587 καὶ
3290 5514 3598 5594 ἐπιμελητὴς

1708 5614 1938 5670 VARI/1‘;
1979 5615 2378 5671 LECTIONES.

481 5686 508 5729 δ’
543 5699 941 5767 constringitur.
