4020 6448
429 302 559 369 1οί5

1665 308 1942 379 ΤῙΙΕΟΙ).
1985 314 2069 376 BA
2085 317 2214 378 LSA
2225 313 2379 378 MON
2394 315 2460 378 [S

3554 319 3687 386 ιριε

435 425 707 482 ιιιιεηιὶοηο
740 424 918 495 throni
967 425 1561 499 Constantinopolitani
1608 433 1769 496 facta,
1801 433 1978 488 Roma!

2085 432 2314 525 δέδωκεν
2345 439 2484 508 αὐτῇ
2513 439 2578 492 τὰ
2607 442 2866 511 πρεσϐεῖα
2890 447 2987 512 τῆς
3020 447 3265 514 παλαιᾶς
3301 450 3572 525 Ῥώμης,
3593 456 3678 514 δια

430 519 629 573 veteris
677 516 750 569 illi
786 518 1075 571 honoraria
1108 518 1229 589 jura
1276 522 1487 588 tribuit,
1520 533 1803 594 propterea
1837 527 1981 595 quod

432 607 665 671 essettut
694 605 869 676 ipsius
895 608 1075 662 verbis
1128 609 1269 681 utar)
1295 610 1462 665 Roma
1492 628 1631 668 nova
1668 632 1682 668 :
1718 617 1982 685 quemad-

429 697 652 750 modum
709 696 827 750 hzec
877 697 1117 753 secundo
1167 708 1221 752 et
1280 701 1441 755 tertio
1483 704 1674 773 synodi
1739 702 1980 771 ejusdem

428 803 642 843 canone
692 786 1067 843 declarantur.
1127 788 1195 843 Ut
1251 800 1430 845 autem
1474 795 1649 848 bonus
1700 795 1854 860 ordo,
1894 808 1995 849 res.

428 879 674 933 omnium
724 881 1114 949 pulcherrima,
1194 881 1251 935 in
1344 880 1708 938 Ecclesiarum
1765 899 1982 954 quoque

426 971 698 1038 capitibus
745 971 987 1040 perinde,
1040 980 1308 1037 servetur,
1366 981 1526 1043 atque
1574 975 1892 1029 caelestibus
1925 975 1980 1029 in

422 1061 706 1116 ordinibus
735 1104 749 1129 ,
800 1061 979 1115 divina
1013 1069 1067 1116 et
1099 1063 1421 1119 universalis
1475 1072 1665 1119 sancta
1717 1064 1978 1136 synodus,

429 1151 482 1203 in
541 1149 729 1204 Trullo
768 1151 993 1219 majoris
1054 1153 1234 1220 palatii
1268 1164 1476 1217 coacta,
1516 1170 1636 1223 (ιυει³
1687 1157 1877 1225 quinta
1927 1163 1983 1211 et

344 1264 353 1310 ε
421 1255 574 1300 sexta
606 1245 832 1310 dicitur,
871 1245 986 1300 haec
1018 1246 1235 1300 disertis
1265 1247 1449 1301 verbis
1506 1247 1766 1302 decrevit.

342 1296 353 1361 ἲ

489 1335 808 1390 Renouantes
830 1353 915 1402 ea,
947 1352 1064 1407 qua
1090 1354 1122 1391 a
1145 1347 1349 1392 centum
1373 1339 1754 1409 quinquaginta
1783 1341 1980 1394 sanctis

422 1427 693 1488 l’atribus,
720 1428 776 1480 in
800 1429 1065 1482 custodita
1097 1430 1350 1483 divinitus
1384 1439 1432 1482 et
1482 1431 1823 1499 imperatoria
1855 1433 1982 1485 urbe

415 1518 725 1587 congressis,
772 1527 822 1572 et
874 1535 905 1571 a
945 1520 1200 1573 sexcentis
1253 1535 1315 1571 ac
1352 1520 1590 1589 triginta,
1627 1521 1717 1590 qui
1763 1521 1977 1577 Chalce-

415 1608 549 1663 done
596 1619 967 1671 convenerunt,
1021 1611 1228 1663 sancito
1280 1620 1401 1664 sunt
1461 1627 1479 1663 :
1521 1611 1863 1677 decernimus,
1920 1624 1976 1666 ut

414 1700 631 1756 thronus
727 1701 1211 1769 Constantinopolis
1304 1702 1590 1771 tequalibus
1680 1704 1976 1759 honorariis

412 1795 629 1859 fruatur
662 1791 872 1861 furibus
906 1792 1094 1861 quibus
1122 1794 1306 1847 veteris
1328 1792 1509 1849 Roma:
1538 1794 1791 1859 thronus;
1821 1804 1976 1865 utque

409 1897 591 1947 parem
619 1896 737 1933 cum
776 1880 868 1933 illo
892 1880 1257 1935 ecclesiasticis
1296 1883 1348 1935 in
1391 1884 1542 1937 rebus
1575 1884 1974 1953 amplitudinem

410 1970 662 2030 obtineat.
693 1980 739 2024 et
770 1970 835 2023 ab
863 1968 955 2023 illo
986 1969 1246 2025 secundus
1270 1971 1340 2024 sit
1372 1987 1390 2023 :
1414 1981 1530 2038 post
1565 1989 1743 2041 quam,
1774 1990 1976 2044 magna

408 2062 552 2114 urbis
605 2060 986 2116 Alexandrina:
1066 2061 1283 2116 thronus
1347 2050 1649 2117 numeretur
1698 2080 1717 2117 :
1764 2065 1972 2129 deinde.

410 2153 765 2207 Antiochcnus
811 2168 829 2206 :
873 2162 922 2207 et
994 2163 1109 2221 post
1175 2153 1332 2219 hunc,
1400 2153 1543 2207 urbis
1597 2154 1975 2228 Hierosolymi-

408 2253 548 2299 tante
604 2244 842 2297 thronus.
880 2242 1168 2313 Propterea
1199 2245 1499 2299 secundum
1550 2246 1628 2312 id,
1673 2247 1818 2316 quod
1873 2247 1975 2303 hoc

407 2354 618 2393 cano-te
672 2338 1005 2399 continetur,
1057 2352 1123 2391 es
1172 2352 1238 2391 co
1295 2345 1541 2407 tempore
1605 2340 1711 2394 huc
1778 2356 1972 2409 usque,

408 2427 882 2481 sanctissimorum
913 2426 1144 2480 istorum
1178 2426 1423 2494 quinque
1454 2428 1713 2482 soliorum
1749 2426 1989 2500 magnos

407 2516 694 2585 pontiﬁces
720 2529 817 2585 per
850 2514 1038 2569 orbem
1064 2514 1377 2569 universum
1415 2515 1518 2570 hoc
1550 2518 1711 2571 modo
1751 2534 1977 2573 venera-

409 2625 554 2662 mur.
590 2606 799 2662 Etenim
830 2606 974 2676 iusta
1000 2620 1150 2676 papae
1181 2606 1383 2661 veteris
1407 2605 1590 2662 Romae
1620 2612 1686 2664 ab
1714 2609 1974 2665 Ecclesiis

408 2699 703 2764 abscissio,
738 2698 984 2754 .minime
1032 2698 1277 2751 ordinent
1332 2701 1654 2758 canonicum
1715 2702 1971 2757 abolevit.

408 2793 673 2847 Praeterea
734 2790 944 2861 primus
1007 2788 1268 2845 adversus
1324 2792 1624 2845 secundum
1684 2808 1807 2848 sese
1866 2809 1972 2848 non

406 2882 588 2948 eﬂ‘crt,
645 2895 821 2951 neque
873 2878 1151 2936 secundus
1221 2880 1484 2935 adversus
1536 2881 1753 2936 tertium
1824 2885 1974 2938 :sed

406 2990 533 3031 cum
578 2974 756 3029 instar
792 2973 1036 3043 quinque
1081 2985 1344 3045 sensuum
1407 2972 1603 3042 capitis
1652 2974 1817 3030 unius
1858 2977 1971 3045 (qui
2020 2963 2031 2974 ’

2084 507 2149 576 τδ
2174 520 2312 579 εἶναι
2346 507 2549 598 ταύτην
2571 507 2747 601 (φησι)
2777 532 2902 585 νέαν
2943 507 3191 607 Ῥώμην,
3226 507 3438 605 τιιαθὼςΙ

2096 632 2188 668 ται
2217 620 2285 670 τὰ
2317 621 2444 690 περὶ
2496 622 2686 675 τούτου
2741 624 2848 676 ἀπὸ
2891 627 2984 677 τοῦ
3037 628 3311 700 δευτέρου
3360 635 3464 687 καὶ
3495 639 3679 705 τρίτου

2084 708 2300 771 κανόνος
2334 712 2432 779 τῆς
2458 710 2625 782 αὐτῆς
2654 714 2893 768 συνόδου.
2924 716 3041 770 Ἵνα
3064 717 3200 772 δὲτὸ
3219 721 3534 776 κάλλιστον
3549 728 3682 796 χρῆ-

2086 813 2160 865 μα
2193 799 2289 866 τῆς
2322 799 2575 865 εὐταξίας
2619 804 2714 856 καὶ
2760 806 2837 866 είς
2872 806 2969 869 τὰς
3017 809 3274 876 κεφαλὰς
3323 812 3681 885 φυλάττηται

2079 886 2188 938 τῶν
2219 886 2573 958 Ἑκκλησιῶν,
2589 891 2776 963 ὥσπερ
2797 896 2889 947 καὶ
2920 898 2999 959 είς
3017 897 3085 949 τὰ
3105 899 3164 950 οὐ
3175 899 3357 967 ράνια
3391 903 3679 972 τάγματα,

2081 974 2278 1046 ὥρισεν
2307 980 2341 1048 ὴ
2369 980 2426 1032 ἐν
2454 981 2531 1050 τῷ
2554 981 2808 1055 Τρούλλῳ
2835 985 2929 1038 τοῦ
2967 988 3208 1056 μεγάλου
3247 990 3536 1045 παλατίου
3584 1010 3680 1046 συ-

2084 1070 2257 1123 στᾶσα
2298 1071 2418 1125 θεία
2467 1072 2560 1125 καὶ
2597 1076 2943 1145 οίκουμενικὴ
2994 1079 3127 1145 ἁγία
3180 1080 3452 1147 σύνοδος,
3495 1085 3533 1152 ἡ
3590 1085 3684 1139 καὶ

2083 1158 2352 1230 πενθέκτη
2388 1162 2677 1235 λεγομένη,
2706 1165 2879 1220 ταῦτα
2900 1169 3098 1239 ῥητῶς.

2148 1344 2596 1412 Ἀνανεούμενοι
2634 1347 2705 1400 τὰ
2749 1351 2907 1415 παρὰ
2955 1348 3073 1425 τῷν
3101 1351 3198 1418 ps"
3240 1354 3445 1421 ἁγίων
3490 1346 3695 1410 Harii?

2072 1448 2217 1499 ρων,
2248 1431 2367 1485 τῶν
2393 1433 2460 1486 ἐν
2502 1433 2576 1501 τῇ
2603 1435 2989 1502 θεοφυλάκτῳ
3014 1440 3112 1492 καί
3136 1441 3446 1503 βασιλίδι
3499 1445 3677 1499 πόλει

2077 1523 2512 1588 συνελθόντων,
2550 1523 2647 1576 καί
2683 1522 2801 1578 τῶν
2832 1526 3166 1588 ἑξακοσίων
3190 1530 3538 1597 τριάκοντα
3558 1532 3678 1588 τῶν

2076 1613 2145 1665 ἐν
2208 1611 2545 1679 Χαλκηδόνι
2619 1617 3039 1671 συνελθόντων
3087 1623 3639 1692 νενομοθετημένα
3657 1641 3671 1654 ·

2079 1699 2346 1768 ὁρίζομεν
2364 1741 2379 1763 ,
2419 1700 2573 1755 ὥστε
2618 1702 2726 1756 τὸν
2782 1704 2891 1772 τῆς
2942 1710 3670 1780 Κωνσταντινουπόλεως

2076 1793 2293 1858 θρόνον
2317 1791 2435 1845 τῶν
2475 1793 2626 1846 ἴσων
2660 1794 2991 1871 ἀπολαύειν
3018 1802 3370 1865 πρεσϐείων
3411 1804 3526 1859 τοῦ
3562 1804 3669 1871 τῆς

2075 1883 2481 1950 πρεσϐυτέρας
2517 1870 2740 1952 Ῥώμὴς
2774 1886 3013 1952 θρόνου,
3040 1888 3138 1941 καί
3164 1890 3243 1941 ἐν
3285 1890 3423 1956 τοῖς
3442 1892 3667 1960 ἐκκλη-

2075 1974 2409 2039 σιαστικοῒς
2436 1975 2514 2039 ὠς
2543 1973 2777 2028 ἐκεῖνον
2798 1977 3262 2045 μεγαλύνεσθαι
3316 1980 3659 2049 πράγμασι,

2074 2063 2355 2133 δεύτερον
2384 2066 2509 2132 μετ’
2534 2065 2767 2119 ἐκεῖνον
2800 2066 3150 2136 ὑπάρχοντα
3169 2083 3185 2097 '
3225 2070 3373 2137 μεθ’
3407 2068 3485 2125 ὃν
3506 2074 3542 2126 ό
3561 2069 3666 2139 τῆς

2087 2151 2527 2231 ᾉλεξανδρείας
2538 2155 2996 2224 μεγαλοπόλεως
3022 2155 3262 2224 ἀριθμεί
3264 2161 3399 2213 σθω
3428 2160 3665 2226 θρόνος·

2074 2242 2200 2299 εἶτα
2216 2248 2248 2298 ό
2271 2244 2381 2313 τῆς
2408 2245 2526 2299 τῶν
2545 2246 2918 2314 Ἀντιοχέωνο
2942 2246 3038 2300 καὶ
3055 2248 3213 2316 μετὰ
3239 2250 3492 2313 τοῦτον,
3510 2254 3545 2305 ό
3558 2251 3665 2318 τῆς

2074 2332 2195 2387 τῶν
2251 2334 2746 2404 Ἱεροσολυμιτῶν
2798 2338 3048 2402 πόλεως.
3082 2338 3175 2390 Διὸ
3208 2341 3308 2392 καὶ
3372 2343 3519 2393 κατὰ
3567 2343 3665 2410 τὴν

2073 2425 2266 2478 τούτου
2292 2425 2608 2496 περίληψιν,
2643 2426 2829 2481 ἔκτοτε
2854 2430 2947 2481 καὶ
2989 2430 3148 2499 μέχρι
3182 2431 3285 2482 τοῦ
3326 2431 3429 2483 νῦν
3465 2432 3516 2484 oi
3557 2432 3662 2483 τῶν

2073 2514 2330 2567 τοιούτων
2363 2515 2521 2567 πέντε
2554 2515 2871 2582 ἁγιωτάτων
2931 2516 3135 2586 θρόνων
3174 2517 3419 2587 μεγάλοι
3477 2521 3660 2587 ἀρχιε-

2074 2610 2187 2676 ρεῖς
2214 2605 2353 2659 οὕτω
2378 2606 2521 2659 κατὰ
2566 2608 2748 2659 πᾶσαν
2780 2607 2879 2675 τὴν
2916 2608 3253 2676 οἰκουμένην
3311 2605 3660 2669 σεδάζονται.

2075 2696 2182 2750 Τοῦ
2212 2697 2322 2767 γὰρ
2350 2697 2509 2750 πάπα
2559 2697 2657 2764 τῆς
2694 2696 2929 2760 παλαιᾶς
2979 2696 3204 2767 Ῥώμης
3257 2699 3294 2768 ἡ
3347 2697 3541 2751 δικαία
3597 2698 3657 2748 ἐκ

2073 2791 2181 2843 τῶν
2224 2787 2561 2859 Ἐκκλησιῶν
2612 2787 2844 2858 ὲκκοπὴ,
2883 2788 2984 2859 τὴν
3036 2791 3342 2860 κανονικὴν
3405 2787 3661 2853 εὐταξίαν

2074 2880 2173 2933 οὐκ
2203 2881 2529 2950 ἐλυμήνατο.
2558 2879 2718 2949 Παρὰ
2741 2878 2900 2932 τοῦτο
2925 2878 3001 2946 δὲ,
3032 2879 3126 2934 τοῦ
3154 2880 3428 2952 δευτέρου
3459 2881 3488 2932 δ
3511 2879 3657 2948 πρῶ·

2074 2989 2164 3034 τος
2198 2973 2258 3024 οὐ
2299 2970 2733 3043 κατεπαίρεται,
2787 2971 2907 3023 οὐδὲ
2938 2970 3032 3023 τοῦ
3066 2971 3261 3042 τρίτου
3284 2973 3315 3024 ὁ
3362 2972 3617 3040 δεύτερος
3640 2985 3654 2998 ⁹

409 3078 491 3123 tot
517 3081 642 3123 esse
671 3079 900 3121 numero
929 3063 1211 3126 dicuntur,
1237 3077 1338 3116 nec
1365 3063 1685 3120 dividuntur
1711 3075 1890 3123 tamen
1917 3069 1972 3123 in

2082 3063 2194 3117 ἀλλ’
2233 3062 2308 3126 ὥς
2340 3062 2624 3133 αἰσθήσεις
2653 3063 2812 3115 πέντε
2847 3064 2975 3132 μιᾶς
3008 3063 3259 3133 κεφαλῆς
3311 3062 3657 3134 ἀριθμούμε-

408 3163 616 3228 partes)
647 3153 791 3226 apud
837 3153 1096 3223 populum
1136 3150 1510 3206 Christianum
1541 3154 1862 3221 habeantur,
1894 3157 1974 3210 di-

415 3250 624 3320 gnitate
672 3247 1030 3303 nihilominus
1075 3261 1236 3316 pares
1283 3254 1411 3301 sunt
1471 3246 1524 3299 in
1573 3246 1865 3313 omnibus;
1919 3256 1972 3302 et

408 3358 533 3396 cum
580 3339 761 3410 capita
797 3348 1112 3394 sanctarum
1152 3351 1248 3405 per
1283 3336 1597 3391 universum
1633 3339 1817 3390 orbem
1866 3337 1971 3392 Ec-

409 3430 701 3485 clesiarum
749 3427 843 3482 Dei
888 3426 1013 3495 jure
1045 3426 1321 3490 dicantur,
1357 3425 1540 3481 locum
1579 3426 1633 3479 in
1664 3427 1744 3481 eis
1774 3428 1971 3482 discri-

410 3539 531 3575 men
577 3521 644 3576 ab
690 3518 1008 3574 hominibus
1059 3526 1324 3573 statutum
1364 3515 1563 3572 habere
1609 3531 1715 3571 non
1745 3527 1967 3587 potest:

414 3627 588 3682 neque
629 3611 697 3666 dc
733 3609 1001 3666 sententia
1052 3608 1416 3679 quorumdam
1461 3623 1569 3663 non
1620 3609 1801 3679 magni
1857 3626 1973 3663 mo—

414 3702 580 3756 mrnti
629 3716 714 3756 res
761 3699 1126 3763 aﬂ‘erentium,
1186 3714 1339 3769 papa:
1389 3698 1636 3754 Romano
1685 3709 1970 3770 propterea

410 3792 471 3846 tit
524 3790 754 3862 injuria,
799 3791 944 3860 quod
1005 3790 1122 3859 ipse
1174 3800 1396 3860 propter
1451 3791 1686 3867 litteram
1736 3789 1784 3843 Β
1835 3789 1969 3862 (57),

412 3887 457 3939 si
493 3885 796 3939 litterarum
831 3882 1242 3936 collocationem
1278 3882 1654 3950 respiciamus,
1683 3884 1876 3938 tertius
1917 3883 1971 3937 in

410 3973 601 4025 ordine
628 3970 736 4034 sit;
767 3979 819 4023 et
846 3968 1036 4022 eadem
1079 3968 1292 4021 ratione
1327 3966 1971 4038 Constantinopolitanus

414 4079 505 4130 per
528 4061 570 4117 C
603 4062 840 4115 litteram
865 4059 1186 4122 honoretur,
1220 4072 1284 4111 ac
1301 4059 1538 4127 priorem
1572 4059 1751 4113 locum
1781 4074 1974 4115 conse-

411 4162 634 4224 quatur.
686 4150 796 4205 Nec
840 4148 1130 4204 otTcnsioni
1181 4154 1369 4218 aperta
1413 4147 1647 4203 fenestra
1697 4146 1802 4203 fuit
1830 4150 1975 4204 inter

412 4242 836 4300 Alexandrinum
863 4251 918 4296 et
951 4239 1369 4305 Antiochenum,
1407 4246 1629 4308 propter
1650 4237 1697 4291 Α
1715 4239 1973 4306 litteram,

413 4337 562 4391 velut
596 4347 786 4390 eorum
839 4331 1080 4401 quolibet
1109 4331 1302 4385 locum
1348 4329 1452 4384 sibi
1511 4329 1749 4398 priorem
1796 4328 1977 4384 vindi-

2079 3171 2166 3207 ναι
2197 3156 2293 3207 καὶ
2319 3154 2393 3222 μὴ
2441 3152 2818 3223 μεριζόμεναι,
2859 3153 3009 3224 παρὰ
3031 3153 3109 3224 τῷ
3140 3155 3522 3233 χριστωνύμῳ
3549 3149 3660 3219 λαῷ

2078 3243 2435 3312 λογιζόμενοι,
2474 3242 2743 3310 ἰσοτιμίαν
2785 3244 2843 3294 ὲν
2865 3242 3064 3296 ἅπασιν
3103 3242 3324 3311 ἔχουσι,
3367 3244 3464 3296 καὶ
3486 3241 3651 3309 κάραι

2075 3334 2185 3387 τῶν
2217 3333 2357 3387 κατὰ
2399 3334 2580 3386 πᾶσαν
2621 3332 2721 3402 τὴν
2749 3333 3072 3402 οίκουμένην
3101 3332 3283 3400 ἁγίων
3320 3329 3653 3400 Ἐκκλησιῶν

2078 3426 2171 3479 τοῦ
2210 3426 2347 3479 Θεοῦ
2376 3427 2597 3489 δικαίως
2629 3426 2971 3494 καλούμενοι,
2998 3426 3268 3494 διαφορὰν
3302 3422 3651 3492 ἀνθρωπίνην

2077 3518 2138 3569 ού
2171 3517 2503 3587 πάσχουσιν·
2545 3517 2666 3570 οὐδὲ
2701 3518 2841 3570 κατὰ
2877 3515 3310 3587 σμικρολόγους,
3368 3515 3398 3565 δ
3470 3513 3648 3571 παπαί

2087 3608 2306 3679 Ῥώμης
2325 3608 2664 3679 ύσριοπαθεῖ,
2682 3611 2760 3663 ὅτι
2788 3610 2947 3670 αὐτὸς
2978 3609 3075 3678 μὲν
3094 3608 3183 3661 διὰ
3204 3608 3301 3662 τοῦ
3324 3609 3368 3660 Ρ
3385 3604 3647 3673 στοιχείου

2077 3702 2256 3772 τρίτος
2283 3704 2349 3771 τῇ
2380 3701 2525 3753 θέσει
2580 3701 2688 3754 τῶν
2745 3703 3088 3771 γραμμάτων
3140 3697 3646 3769 κατεστοιχείωταν,

2076 3793 2104 3843 ὁ
2142 3790 2199 3843 δὲ
2227 3791 2845 3853 Κωνσταντινουπόλεως
2882 3792 2971 3845 διὰ
3016 3791 3110 3844 τοῦ
3165 3793 3217 3845 Κ.
3269 3790 3502 3861 τιμᾶται
3558 3784 3648 3838 καὶ

2091 3884 2502 3956 προτερεύεται.
2559 3885 2691 3937 Οὐδὲ
2728 3886 3022 3940 σκανδάλου
3064 3885 3305 3951 πάροδος
3334 3884 3527 3952 γέγονε
3559 3876 3649 3948 μέ·-

2083 3992 2175 4028 σον
2203 3974 2297 4027 τοῦ
2341 3973 2745 4042 Ἀλεξανδρείας
2780 3975 2876 4027 καὶ
2926 3973 3021 4028 τοῦ
3082 3974 3436 4044 ’Δντιοχείας,
3491 3968 3645 4039 χάριν

2079 4065 2172 4119 τοῦ
2203 4066 2349 4133 ἄλφα
2393 4065 2678 4135 στοιχείου,
2703 4064 2777 4126 ὡς
2828 4064 3059 4117 ἑκάστου
3113 4065 3301 4118 αὐτῶν
3350 4059 3643 4130 ἱδιουμένου

2083 4156 2175 4207 τὸν
2206 4158 2503 4225 πρότερον
2538 4154 2653 4208 ἀλλ’
2684 4154 2874 4222 ὥσπερ
2900 4156 2933 4225 ἡ
2972 4154 3172 4217 πεντὰς
3198 4154 3311 4208 τῶν
3346 4149 3645 4219 αίσθήσεων

2084 4247 2287 4315 στοιχεῖ
2309 4248 2374 4315 τῇ
2399 4245 2682 4299 διαπλάσει
2709 4245 2802 4298 τοῦ
2838 4244 3214 4316 ἀρχιτέκτονος
3261 4244 3360 4297 καὶ
3411 4239 3643 4292 πλάστου

2084 4333 2243 4397 Θεοῦ,
2271 4335 2366 4386 καὶ
2392 4334 2451 4385 ού
2485 4334 2810 4402 κατατρέχει
2835 4332 2997 4402 τυχὸν
3039 4333 3074 4402 ὴ
3100 4331 3294 4400 ὅρασις
3310 4329 3412 4397 τῆς
3439 4323 3640 4392 ὀσφρή-

412 4434 573 4481 cante
613 4442 627 4479 :
659 4423 754 4479 sed
778 4421 1237 4492 quemadmodum
1263 4419 1547 4490 quinarius
1578 4419 1669 4475 illc
1694 4434 1978 4487 sensuum,

2088 4442 2246 4488 σεως,
2298 4424 2418 4477 οὐδὲ
2443 4427 2476 4494 ἡ
2505 4425 2645 4494 ἀκοὴ
2671 4424 2770 4494 τῆς
2802 4425 2944 4494 ἁφῆς
2975 4424 3068 4477 καὶ
3111 4425 3211 4492 τῆς
3262 4420 3527 4490 γεύσεως,
3560 4416 3640 4467 ὅτι

414 4516 695 4572 architecti
747 4524 801 4570 et
829 4512 1130 4569 conditoris
1169 4510 1263 4566 Dei
1317 4510 1629 4565 formationi
1665 4510 1975 4578 respondet,

416 4622 517 4663 nec
548 4615 799 4676 aspectus
826 4605 999 4677 (verbi
1032 4603 1229 4674 gratia)
1253 4601 1566 4665 odoratum,
1613 4617 1714 4656 nec
1756 4601 1979 4658 auditus

322 4719 329 4724 λ
417 4706 619 4755 tactum
686 4697 766 4753 vel
817 4704 1091 4766 gustatum
1149 4693 1420 4749 hostiliter
1462 4706 1582 4747 eam
1633 4693 1703 4746 ob
1757 4705 1977 4747 causam

419 4788 648 4854 invadit,
689 4789 831 4858 quod
848 4802 1036 4842 eorum
1060 4784 1281 4840 nomina
1314 4782 1454 4837 forte
1472 4782 1565 4836 tali
1598 4783 1740 4837 serie
1767 4797 1798 4836 a
1817 4782 1980 4838 nobis

2087 4515 2217 4585 παρ’
2249 4518 2381 4585 ἡμῖν
2435 4515 2576 4567 οὕτω
2608 4532 2723 4578 πως
2778 4514 3163 4584 ὀνομάζονταιο
3196 4512 3370 4576 οὕτως
3418 4507 3537 4563 οὐδέ
3565 4519 3643 4564 τις

2089 4604 2197 4658 τῶν
2223 4605 2541 4674 ἁγιωτάτων
2566 4604 2918 4676 πατριαρχῶν
2948 4606 3014 4658 ὲκ
3043 4605 3150 4657 τῶν
3177 4604 3340 4657 θείων
3406 4596 3638 4652 κανόνων

2089 4698 2253 4748 τόπον
2301 4695 2723 4765 κληρωσάμενος
2783 4694 3066 4766 πρότερον,
3106 4694 3202 4747 τοῦ
3250 4690 3505 4758 δευτέρου
3555 4680 3641 4735 καίὶ

2091 4785 2183 4838 τοῦ
2218 4786 2337 4856 μετ’
2367 4784 2526 4839 αὐτὸν
2550 4785 2626 4847 ὡς
2655 4784 2981 4855 ὑπερφέρων
3006 4783 3411 4848 άλαζονεὺεται.
3641 4813 3665 4853 χ

426 4881 773 4952 proferantur
804 4898 818 4935 :
855 4881 924 4933 ita
971 4894 1069 4934 nec
1132 4876 1605 4932 sanctissimorum
1639 4878 2077 4947 patriarcharum
2109 4880 2327 4949 aliquis,
2371 4881 2459 4934 cui
2527 4894 2623 4949 per
2649 4878 2862 4933 divinos
2924 4892 3163 4934 canones
3228 4876 3437 4946 primus
3502 4861 3643 4921 attri-

421 4978 584 5029 butus
612 4982 698 5027 est
728 4973 906 5037 locus,
941 4971 1202 5024 adversus
1233 4967 1559 5042 secundum,
1583 4976 1639 5023 et
1662 4971 1974 5038 proximum
2019 4972 2085 5026 ad
2117 4971 2237 5038 hoc,
2262 4979 2580 5040 arroganter
2611 4978 2785 5025 semet
2807 4966 2982 5024 eﬂert.

492 5070 633 5133 Quia
672 5082 800 5121 vero
847 5065 1092 5121 nonnulli
1126 5065 1334 5129 dicunt,
1363 5078 1470 5118 non
1499 5078 1623 5120 esse
1659 5065 1986 5134 permissum

425 5157 800 5213 Alexandrino
837 5156 920 5212 vel
956 5155 1313 5216 Antiocheno,
1349 5155 1497 5227 verbi
1536 5154 1730 5224 gratia,
1773 5163 1830 5208 ut
1862 5170 1985 5209 cum

427 5248 674 5318 lampade
703 5247 789 5300 vel
825 5248 941 5301 l'ace
981 5246 1327 5315 patriarchali
1362 5244 1527 5299 faciat
1566 5245 1670 5300 iter
1696 5243 1764 5299 ad
1799 5246 1987 5302 urbem

426 5336 853 5410 imperatoriam,
901 5337 985 5391 vel
1042 5337 1095 5391 in
1156 5337 1318 5392 aliam
1382 5335 1689 5402 diaeresin;
1746 5339 1988 5407 exceptis

427 5432 534 5485 illis
589 5428 909 5500 provinciis,
971 5444 1090 5499 quae
1144 5444 1240 5499 per
1287 5443 1528 5485 canones
1575 5427 1657 5484 eis
1715 5429 1988 5484 attributae

1651 5601 1882 5658 VARI/13

500 5699 608 5766 (337)
650 5697 780 5765 Qurc
813 5697 984 5767 prima
1015 5704 1096 5749 cst
1142 5694 1193 5748 in
1240 5696 1506 5751 vocabulo
1542 5695 1739 5750 Ronur.

2180 5068 2333 5121 Ἐπεὶ
2354 5066 2411 5119 δέ
2440 5081 2581 5129 τινες
2602 5065 2874 5133 λέγουσιν,
2905 5063 2983 5127 ὡς
3011 5064 3111 5117 οὐκ
3150 5063 3359 5132 ἐφεῖται
3388 5055 3465 5125 τῷ
3500 5049 3636 5104 Ἀλε-

2091 5157 2371 5226 ξανδρείας
2478 5153 2557 5225 τῷ
2594 5154 2920 5224 Ἀντιοχείας
2972 5153 3153 5222 τυχὸν,
3204 5149 3341 5221 μετὰ
3369 5138 3636 5213 λαμπάδος

2093 5248 2497 5318 πατριαρχικῆς
2523 5246 2620 5318 τὰς
2649 5245 2954 5315 ὁδοιπορίας
2978 5247 3151 5297 ποιεῖν
3178 5243 3257 5303 εἰς
3287 5240 3385 5308 τὴν
3416 5233 3522 5286 τῶν
3547 5226 3635 5318 πύ-

2090 5315 2226 5391 λεων
2259 5315 2664 5408 βασιλεύουσαν,
2694 5335 2729 5404 ἢ
2756 5335 2834 5396 εἰς
2865 5335 3057 5405 ἑτέραν
3077 5332 3358 5401 διοίκησιν,
3382 5320 3525 5390 παρὰ
3544 5316 3632 5408 τᾲς

2094 5428 2533 5498 ἀπονεμηθείσας
2602 5425 2709 5481 ἀπὸ
2741 5425 2848 5479 τῶν
2904 5425 3141 5479 κανόνων
3166 5422 3366 5482 αὐτοῖς.
3424 5414 3489 5466 Ἦ
3531 5403 3631 5475 γὰρ

1950 5599 2343 5657 LECTlUNiiS.
