4020 6444
420 386 550 452 1017

1842 376 2260 440 MEDITATA.

3490 372 3623 436 1018

426 508 646 576 Ικμπὶς
680 506 774 560 τοῦ
790 500 1191 564 διδασκαλικοῦ.
1224 498 1408 569 φασὶν,
1439 499 1587 550 ἐστὶν
1640 496 1967 566 ἀξιώματος.

2083 506 2219 548 sunt.
2270 492 2480 561 Quippe
2515 490 2624 557 las,
2676 493 2947 562 inquiunt,
2980 493 3045 545 ad
3094 492 3322 547 ofﬁcium
3380 494 3616 551 ductoris

433 596 805 671 Ιιαρ’ὲνρρίαν
856 594 912 648 δὲ
960 593 1230 648 διδάσκειν
1279 593 1379 644 οὐκ
1431 591 1638 656 ἐφεῖται
1704 588 1970 657 ἀρχιερεῖ,

427 689 567 745 κατὰ
592 688 685 743 τδν
721 685 1000 740 κ”κανόνα
1023 684 1121 753 τῆς
1166 685 1224 735 ὲν
1261 681 1339 751 τῷ
1382 680 1635 750 Τρούλλῳ
1676 678 1837 745 ἁγίας
1879 676 1974 729 καὶ

425 777 805 848 οίκουμενικῆς
825 776 990 843 ἕκτης
1045 771 1287 825 συνόδου.
1335 771 1445 823 Καὶ
1491 771 1571 830 είς
1617 767 1973 820 ὲπισύστασιν

428 871 587 941 δῆθεν
611 867 703 921 τοῦ
729 867 886 934 λόγου
914 862 1113 928 αὐτῶν,
1151 862 1243 915 καὶ
1274 863 1383 924 τοῖς
1427 858 1803 927 εὐαγγελικοῖς
1840 857 1975 909 ἀπο-

427 958 665 1031 χρῶνται
691 957 917 1025 ῥήμασι,
979 954 1074 1006 καὶ
1132 953 1390 1017 λέγουσι·
1424 948 1710 1017 Λαμψάτω
1758 946 1818 998 τὸ
1860 944 1974 1014 φῶς

426 1047 578 1117 ὐμῶν
644 1043 949 1114 ἔμπροσθεν
993 1040 1102 1094 τῶν
1155 1032 1478 1111 ἀνθρώπων.
1537 1035 1971 1098 Ἀκουσάτωσαν,

422 1139 495 1200 ὡς
524 1139 571 1189 οἱ
602 1134 837 1205 βασιλεῖς
866 1135 958 1186 καὶ
986 1134 1034 1185 οι
1084 1132 1422 1201 πατριάρχαι
1454 1128 1842 1199 μεγαλύνονται
1879 1125 1976 1194 μὲν

426 1228 518 1278 καὶ
565 1224 966 1285 διδασκαλικοῖς
1026 1221 1321 1288 ἀξιώμασι,
1378 1220 1467 1273 διὰ
1521 1217 1619 1288 τὴν
1668 1217 1763 1270 τοῦ
1818 1216 1974 1283 ἁγίου

425 1312 721 1383 χρίσματος
734 1311 987 1380 δύναμιν⁸
1020 1309 1265 1362 ἐντεῦθεν
1291 1308 1399 1377 γὰρ
1427 1307 1477 1358 σί
1507 1306 1691 1359 πιστοὶ
1720 1305 1976 1357 δεσπόται

427 1404 517 1454 καὶ
539 1401 935 1468 αὐτοκράτορες
964 1397 1344 1469 κατηχητικῶς
1371 1395 1619 1465 ὁμιλοῦσι
1641 1395 1716 1464 τῷ
1742 1410 1978 1463 χριστω-

424 1494 578 1560 νύμῳ
603 1490 736 1559 λαῷ,
769 1489 801 1559 ἢ
837 1490 1102 1558 θυμιῶσιν
1129 1489 1204 1549 ὼς
1233 1488 1416 1556 ίερετς,
1449 1487 1545 1539 καὶ
1572 1484 1708 1554 μετὰ
1730 1482 1975 1552 δικηρίου

427 1581 804 1648 σφραγὶςουσι.
835 1577 990 1629 Κατὰ
1020 1575 1177 1628 τοῦτο
1199 1576 1257 1628 δὲ
1283 1575 1442 1644 μόνον
1471 1572 1721 1644 λαμπάσι
1746 1571 1977 1636 ζωννυο-

429 1670 614 1736 μέναις
642 1667 910 1736 ἀργυροῖς
940 1665 1035 1718 καὶ
1053 1663 1360 1733 διαχρύσοις
1392 1657 1521 1730 (οἷον
1545 1661 1740 1731 εἰπεῖν)
1776 1676 1974 1727 στεφα-

426 1760 667 1825 νώμασιν
695 1757 795 1807 οὐκ
828 1753 1317 1823 ἀποσεμνύνονται,
1347 1751 1461 1804 ἀλλ’
1489 1752 1571 1804 ὄτι
1601 1755 1694 1804 καὶ
1723 1751 1863 1803 κατά
1882 1749 1972 1802 τὸν

425 1850 673 1918 οὐράνιον
717 1846 947 1914 γίγαντα
1002 1844 1062 1897 τὸ
1115 1843 1338 1912 κέντρον
1392 1842 1824 1910 καταφωτίζουσι
1877 1841 1978 1910 τῆς

426 1938 731 2010 ὁρθοδοξίας
795 1938 909 1999 τοῖς
961 1935 1322 2006 ἀμαρύγμασι
1379 1934 1473 1986 καὶ
1508 1934 1541 2003 ἡ
1572 1934 1746 1999 ἔξοδος
1797 1932 1976 1988 αὐτῶν

428 2033 521 2083 ἀπ’
544 2030 716 2100 ἄκρου
748 2028 953 2097 λάμπει
981 2026 1075 2079 τοῦ
1122 2026 1372 2098 οὐρανοῦ,
1409 2028 1505 2080 καὶ
1550 2025 1611 2079 τὸ
1656 2025 1978 2093 κατάντημα

430 2123 607 2175 αὐτῶν
632 2120 737 2182 ἓως
765 2121 935 2190 ἄκρου
963 2119 1156 2187 φθάνει
1185 2117 1276 2172 τοῦ
1298 2115 1525 2187 οὐρανοῦ
1545 2131 1560 2146 ⁶
1593 2117 1685 2169 καὶ
1705 2116 1805 2169 οὐκ
1833 2114 1978 2169 ἐστιν

319 2235 326 2241 ·
427 2213 484 2272 ὃς
512 2212 614 2280 τῆς
647 2204 865 2281 ’θέρμης
885 2209 1062 2262 αὐτῶν
1082 2208 1518 2279 ἀποκρύπτεται.
1560 2207 1623 2260 Εί
1673 2206 1782 2275 γὰρ
1819 2206 1979 2275 μόνον

427 2304 513 2357 διὰ
537 2303 597 2355 τὸ
624 2302 724 2372 τῆς
747 2301 1093 2363 διδασκαλίας
1142 2300 1356 2368 ἀξίωμα
1389 2298 1495 2352 τῶν
1523 2297 1776 2352 τοιούτων
1835 2296 1977 2364 λαμ-

432 2395 613 2449 πάδων
646 2393 916 2463 ἐπενοήθη
946 2394 1007 2446 τὸ
1039 2393 1444 2463 σεμνολόγημα,
1502 2393 1535 2461 ἡ
1572 2390 1710 2445 κατά
1753 2389 1979 2461 καιροὺς

428 2481 565 2546 τέως
594 2483 1056 2554 αὐτοκρατόρισσα
1081 2484 1146 2534 ὲκ
1191 2481 1285 2535 τοῦ
1324 2482 1620 2552 προνομίου
1666 2479 1854 2533 τούτου
1905 2479 1982 2532 δι-

432 2573 600 2633 καίως
621 2572 687 2626 ἂν
712 2574 922 2643 ἀφῆκεν
984 2573 1306 2641 ἀφώτιστος.
1361 2575 1629 2637 Γυναῖκας
1675 2574 1783 2642 γὰρ
1823 2576 1983 2645 σιγᾷν

433 2664 528 2717 καὶ
586 2665 661 2734 μὴ
702 2664 978 2718 διδάσκειν
1023 2664 1464 2736 νενομοθέτηται.
1521 2664 1681 2718 Ἀλλά
1730 2665 1837 2735 μὴν
1889 2666 1984 2719 καὶ

432 2752 634 2817 ταύτας
656 2755 870 2825 δρῶμεν
897 2754 1038 2808 οὕτω
1058 2755 1419 2825 δοξαζομένας
1465 2755 1606 2808 κατὰ
1650 2756 1776 2818 τοὺς
1828 2754 1982 2825 βασι·

410 2844 570 2917 ελεῖς.
621 2845 732 2899 Καὶ
779 2845 829 2898 oi
878 2846 1133 2916 ἐγχώριοι
1173 2846 1231 2899 δὲ
1266 2847 1464 2909 πάντες
1517 2847 1792 2917 ἀρχιερεῖς
1841 2864 1984 2917 παρ-

435 2935 633 3004 ομοίως
663 2936 762 2999 τὰς
792 2937 1182 3006 ἀρχιερατικὰς
1215 2937 1311 2991 καὶ
1352 2937 1568 3000 ἀλλοίας
1597 2937 1854 3008 προόδους
1888 2940 1985 2990 επ-

436 3026 617 3079 ινδουν
660 3025 726 3080 ἄν
749 3041 764 3057 ο
820 3027 915 3090 καὶ
940 3023 1078 3081 εἶδεν
1106 3027 1173 3081 ἄν
1195 3044 1279 3090 τις
1306 3026 1467 3096 τυχὸν
1514 3027 1604 3081 τὸν
1640 3028 1734 3081 τοῦ
1785 3027 1986 3097 Ἀθύρα

2075 595 2302 654 spectat.
2338 585 2502 638 Extra
2542 585 2876 653 provinciam
2919 599 3045 638 vero
3084 586 3303 647 docere,
3347 601 3451 639 non
3498 602 3617 655 per-
3698 639 3705 646 _

2075 674 2301 729 missum
2364 684 2447 728 est
2512 673 2801 743 pontiﬁci;
2859 673 3153 728 secundum
3220 690 3486 729 canonem
3554 693 3619 729 xx

2076 767 2272 821 habita:
2315 767 2369 820 in
2428 767 2615 832 Trullo
2662 775 2862 820 sanctae
2910 774 3069 832 atque
3118 767 3434 820 universalis
3457 776 3620 821 sexta:

2074 856 2288 922 synodi.
2338 855 2405 909 Et
2461 859 2527 909 ad
2586 855 3010 909 conﬁrmandam
3085 856 3293 909 scilicet
3340 856 3480 909 hanc
3538 872 3624 909 ra-

2076 948 2279 1001 tionem
2341 961 2494 1001 suam
2527 985 2544 1010 ,
2589 946 2912 1015 evangelicis
2963 961 3179 1015 quoque
3260 948 3439 1000 verbis
3481 949 3626 1002 hisce

2076 1046 2304 1091 utuntur
2348 1052 2363 1090 :
2408 1035 2611 1091 Luceat
2671 1036 2762 1089 lux
2827 1046 3005 1089 veStra
3054 1050 3236 1089 coram
3291 1037 3623 1092 hominibus.

2076 1127 2312 1181 Audiant
2357 1126 2436 1188 hi,
2468 1135 2577 1180 tam
2629 1126 2695 1179 ad
2740 1126 3150 1193 amplitudinem
3199 1127 3624 1193 imperatorimn,

2077 1232 2237 1287 quam
2296 1216 2742 1286 patriarchalem,
2797 1215 2966 1269 cilicia
3042 1216 3273 1270 docendi
3331 1219 3624 1284 pertinere,

2075 1316 2297 1379 propter
2341 1307 2616 1363 unctionis
2670 1322 2842 1361 sacrae
2895 1310 2998 1359 vim
3065 1317 3227 1373 atque
3280 1317 3623 1376 potestatem.

2079 1398 2217 1453 llinc
2243 1399 2387 1452 enim
2424 1398 2703 1459 usuvenit,
2730 1406 2788 1451 ut
2827 1397 3008 1450 ﬁdeles
3053 1396 3326 1465 principes
3365 1404 3419 1451 et
3461 1399 3629 1467 impe-

2077 1502 2288 1547 ratores
2328 1491 2662 1547 catecbetico
2701 1506 2848 1545 more
2881 1506 3004 1545 cum
3075 1492 3274 1560 popqu
3317 1491 3629 1546 Chrisuano

2076 1586 2473 1654 colloquantur,
2521 1593 2616 1636 aut
2650 1581 2885 1637 suﬁitum
2932 1581 3132 1635 faciant
3167 1597 3318 1637 more
3365 1583 3630 1637 sacerdo-

2079 1681 2215 1739 tum,
2233 1685 2286 1728 et
2310 1687 2433 1727 cum
2456 1686 2578 1726 cera
2604 1669 2805 1739 duplici
2837 1670 3142 1738 obsignent.
3166 1669 3365 1725 Verum
3389 1671 3489 1724 hac
3516 1673 3631 1726 sola

2081 1765 2149 1820 de
2173 1779 2335 1819 causa
2380 1762 2608 1826 facibus,
2642 1777 2763 1831 qua:
2813 1762 3086 1830 argenteis
3132 1770 3186 1815 et
3230 1764 3409 1816 aureis
3440 1762 3522 1831 (ut
3559 1763 3630 1815 ita

2078 1855 2330 1924 dixerim)
2388 1853 2608 1908 corollis
2683 1853 2875 1907 cinctae
2917 1862 3064 1912 sunt,
3128 1868 3234 1906 non
3290 1861 3518 1906 utuntur
3577 1854 3630 1907 in

2077 1947 2290 2017 pompis
2335 1963 2349 1998 :
2392 1944 2484 1999 sed
2536 1945 2721 2008 etiam,
2770 1942 2917 2011 quod
2970 1942 3146 1997 instar
3196 1942 3436 1998 cmlestis
3484 1942 3632 1998 illius

2078 2038 2310 2109 gigantis
2359 2036 2495 2109 (58),
2552 2035 2656 2089 hoc
2699 2029 2945 2089 centrum
2992 2032 3310 2089 orthodoxae
3372 2035 3632 2088 doctrina:

2078 2129 2247 2183 radiis
2272 2129 2595 2182 collustrent
2628 2144 2642 2179 :
2668 2125 2925 2194 quodque
2958 2124 3152 2189 luceat,
3180 2138 3366 2178 eorum
3389 2125 3631 2192 egressio

2078 2218 2146 2271 ab
2168 2225 2409 2270 extremo
2438 2214 2598 2280 C(BIO,
2628 2224 2682 2267 et
2726 2227 2985 2268 occursus
3030 2213 3271 2282 ipsorum
3307 2213 3372 2267 ad
3405 2213 3629 2268 alteram

2079 2305 2202 2361 cmli
2237 2304 2423 2360 tendat
2464 2303 2903 2359 extremitatem:
2939 2318 3062 2357 cum
3094 2303 3308 2359 interim
3351 2317 3511 2358 nemo
3536 2304 3630 2362 sit.

2079 2396 2170 2467 qui
2223 2396 2292 2449 ab
2328 2410 2516 2451 eorum
2560 2395 2738 2450 calore
2797 2409 2858 2451 se
2914 2394 3086 2464 possit
3129 2396 3348 2450 abdere.
3402 2395 3533 2449 Nam
3585 2396 3631 2449 si

2081 2488 2346 2542 duntaxat
2378 2495 2595 2554 propter
2617 2485 2930 2556 dignitatem
2965 2484 3126 2539 ollicii
3167 2482 3421 2545 docendi,
3455 2482 3631 2537 lacum

2081 2577 2349 2648 ejusmodi
2431 2577 2713 2646 speciosus
2793 2577 2935 2632 ritus
3003 2576 3341 2647 echgitatus
3422 2582 3633 2631 esset:

2084 2669 2352 2739 cujusque
2384 2668 2649 2737 temporis
2675 2667 2993 2736 imperatrix
3033 2681 3225 2735 expers
3268 2667 3491 2737 hujusce
3521 2665 3638 2736 pri-

2083 2758 2260 2829 vilegii
2288 2758 2450 2822 foret,
2480 2773 2545 2812 ac
2582 2758 2796 2811 facibus
2823 2771 2932 2811 non
2957 2757 3055 2811 abs
3087 2772 3146 2811 re
3166 2768 3396 2811 careret.
3428 2755 3639 2824 Quippe

2085 2850 2356 2908 sancitum
2394 2858 2500 2916 est,
2536 2856 2596 2903 ut
2643 2856 2859 2904 taceant
2890 2847 3165 2910 mulieres,
3200 2861 3264 2900 ac
3298 2845 3521 2900 minime
3549 2846 3639 2900 do-

2084 2948 2262 2995 ceant.
2287 2928 2540 2995 Attamen
2593 2938 2678 2991 his
2724 2950 2942 3007 quoque
2993 2936 3240 2991 videmus
3289 2936 3476 2990 eodem
3510 2950 3635 2990 cum

2087 3031 2507 3102 imperatoribus
2549 3032 2657 3087 ritu
2688 3029 2838 3086 faces
2868 3028 3132 3100 praeferri.
3166 3028 3468 3097 Regionum
3503 3043 3638 3099 prte-

438 3118 752 3185 ὲπίσκοπον,
782 3119 877 3172 καὶ
906 3118 995 3172 τὸν
1017 3118 1194 3189 πολλῷ
1217 3119 1404 3172 τούτου
1432 3119 1979 3191 μικροπρεπέστερον,

2090 3136 2233 3179 terea
2268 3122 2552 3193 pontiﬁces
2591 3123 2850 3187 universi,
2884 3120 3243 3177 consimiliter
3273 3130 3382 3187 tum
3416 3120 3641 3191 pontiﬁ-

437 3208 575 3278 πεζῇ
602 3207 701 3277 μὲν
727 3208 820 3261 καὶ
847 3209 1012 3278 βάδην
1034 3211 1130 3274 τὰς
1152 3210 1408 3280 προόδους
1435 3211 1531 3281 τῆς
1549 3211 1752 3273 οίκείας
1775 3212 1982 3280 ὲνορίας

2091 3213 2258 3281 cales,
2292 3221 2404 3268 tum
2454 3212 2590 3267 alias
2638 3211 2691 3265 in
2740 3211 3013 3280 publicum
3068 3211 3443 3280 processiones
3483 3210 3643 3265 iusti-

441 3295 882 3366 περιερχόμενον,
913 3298 1156 3367 λαμπάδι
1184 3298 1241 3351 δὲ
1262 3302 1631 3370 πατριαρχικῇ
1669 3299 1986 3369 κυδαινόμε-

439 3402 550 3450 νον,
584 3386 667 3439 ὅτι
693 3387 788 3439 καλ⁸
815 3387 971 3441 αὐτοὶ
988 3387 1363 3443 διδασκαλικὸν
1391 3389 1606 3459 ἀξίωμα
1630 3389 1987 3460 περιϐέϐλην-

437 3493 547 3529 tau.
573 3470 648 3531 Οὗ
695 3477 749 3530 τί
770 3477 835 3531 ἄν
869 3495 949 3540 τις
971 3479 1101 3549 φαίη
1137 3483 1661 3550 καινοπρεπέστερον
1683 3521 1698 3544 ,
1725 3481 1759 3551 ἢ
1788 3482 1988 3551 μᾶλλον

438 3569 632 3633 εἰπεῖν,
658 3567 1027 3638 ἀηδέστερον;
1062 3569 1126 3624 Εἰ
1154 3570 1212 3622 δὲ
1238 3569 1394 3624 τοῦτο
1453 3571 1707 3624 οὐδέποτέ
1743 3589 1826 3634 τις
1879 3568 1987 3624 εἶδε

443 3658 730 3727 γινόμενον
763 3660 842 3722 είς
871 3676 994 3712 τινα
1025 3659 1132 3713 τῶν
1163 3661 1572 3731 μητροπολιτῶν
1593 3662 1627 3732 ἢ
1657 3661 1767 3714 τῶν
1803 3663 1988 3733 ἀρχιε-

444 3750 747 3817 πισκόπων,
780 3750 963 3821 πολλῷ
1023 3751 1082 3806 δὲ
1118 3752 1277 3805 πλέον
1305 3751 1415 3805 τῶν
1465 3754 1798 3816 ἐπισκόπων,
1858 3755 1987 3807 ἄνευ

444 3837 618 3905 μόνων
649 3837 757 3891 τῶν
777 3839 1162 3905 αὐτοκεφάλων
1201 3841 1669 3910 ἀρχιεπισκόπων,
1701 3841 1793 3895 τοῦ
1826 3842 1989 3894 Βουλ-

441 3925 637 3997 γαρίας
690 3927 856 3997 φημὶ,
898 3927 1116 3982 καὶτοῦ
1166 3927 1416 3998 Κύπρου,
1444 3928 1538 3980 καί
1587 3945 1748 3982 τινων
1793 3929 1987 3996 ὀλίγων

444 4016 854 4085 μητροπολιτῶν
894 4017 1164 4070 λαϐόντων
1194 4018 1301 4071 ἀπὸ
1344 4017 1654 4089 φιλοτιμίας
1705 4019 1990 4089 βασιλικῆς

445 4102 618 4170 ἰδικῆς
644 4102 804 4155 τοῦτο
831 4108 889 4157 τὸ
911 4104 1148 4158 δίκαιον·
1205 4106 1400 4179 ἄραρε,
1439 4106 1621 4175 μόνοις
1670 4110 1781 4171 τοῖς
1833 4108 1989 4179 βασι-

443 4191 596 4245 λεῦσι
641 4193 737 4246 καὶ
782 4195 894 4256 τοῖς
945 4193 1312 4264 πατριάρχαις
1336 4195 1440 4248 ὐπὸ
1464 4196 1564 4264 τῆς
1583 4195 1678 4249 τοῦ
1722 4197 1988 4265 παναγίου

450 4281 760 4351 Πνεύματος
784 4283 1027 4353 χάριτος,
1058 4285 1153 4338 καὶ
1198 4286 1297 4355 τῆς
1337 4286 1833 4357 ἀρχαιοπαραδότου
1867 4304 1991 4340 συν-

438 4371 647 4439 ηθείας,
679 4375 776 4427 καὶ
802 4374 1073 4442 εὐταξίας,
1098 4377 1608 4447 ἐπιφιλοτιμηθῆναι
1644 4377 1799 4431 τοῦτο
1825 4377 1885 4430 τὸ
1907 4367 1989 4431 6i?-

440 4478 595 4515 καιον
629 4463 716 4517 διὰ
737 4463 835 4527 τὰς
863 4464 1117 4535 ῥηθείσας
1139 4466 1340 4529 αἰτίας.

2092 3311 2305 3358 tuerent
2331 3317 2346 3355 :
2369 3315 2433 3355 ac
2459 3299 2666 3356 videret
2689 3300 2887 3369 aliquis
2916 3300 3228 3369 episcopum
3253 3301 3641 3369 Athyrensem,

2095 3393 2244 3448 verbi
2275 3390 2471 3460 gratia,
2500 3390 2584 3444 vel
2613 3389 2776 3444 etiam
2822 3390 2982 3459 longe
3010 3393 3314 3459 quempiam
3363 3390 3467 3444 hoc
3505 3389 3644 3443 infe-

2096 3484 2321 3544 riorem,
2370 3480 2603 3549 peditem
2659 3479 2810 3532 illum
2844 3478 3062 3548 quidem
3110 3481 3163 3533 iu
3216 3479 3496 3548 provincia
3543 3492 3642 3533 sua

2092 3569 2444 3638 prodeuntem
2502 3567 2558 3621 in
2610 3567 2906 3634 publicum,
2942 3576 2997 3622 et
3043 3567 3146 3621 hac
3201 3567 3326 3621 illac
3377 3568 3641 3632 itantem;

2092 3659 2187 3713 sed
2234 3658 2425 3712 facula:
2455 3665 2636 3711 tamen
2687 3656 3068 3727 patriarcbalis
3095 3658 3298 3713 honore
3320 3665 3642 3721 tumentem,

2091 3748 2309 3818 quando
2340 3748 2395 3801 hi
2424 3749 2588 3802 etiam
2615 3748 2860 3816 episcopi
2892 3747 3065 3801 oﬁicio
3093 3747 3320 3801 docendi
3364 3733 3645 3801 fruuntur.

2092 3840 2211 3905 Quo
2239 3853 2370 3893 sane
2404 3838 2537 3909 quid
2561 3838 2669 3892 dici
2702 3838 2876 3908 possit
2920 3838 3240 3893 insolentius
3268 3838 3292 3890 ‘l
3331 3838 3409 3891 vel
3441 3839 3641 3893 rectius

2094 3936 2156 3984 ut
2209 3929 2422 3998 loquar,
2477 3926 2607 3997 quid
2682 3927 3075 3995 injucundius?
3139 3928 3210 3980 At
3263 3928 3309 3983 si
3365 3943 3640 3994 nunquam

2092 4019 2381 4090 quisquam
2408 4018 2512 4072 hoc
2554 4015 2668 4071 ﬁeri
2695 4002 2831 4072 vidit
2863 4018 2920 4070 in
2977 4017 3159 4085 aliquo
3191 4017 3274 4071 vel
3324 4017 3644 4087 metropoli-

2094 4120 2243 4173 tano,
2307 4106 2391 4162 vel
2445 4107 2897 4175 archiepiscopo,
2959 4114 3167 4160 tantum
3233 4108 3389 4162 abest
3470 4117 3528 4162 ut
3588 4109 3643 4161 in

2093 4197 2379 4267 episcopos
2409 4195 2584 4258 cadat,
2626 4197 2866 4265 exceptis
2890 4197 3218 4266 quibusdam
3271 4199 3643 4268 archiepisco-

2095 4289 2202 4357 pis,
2261 4287 2354 4357 qui
2406 4292 2569 4355 caput
2644 4287 2745 4356 ipsi
2809 4301 3033 4360 suorum
3114 4297 3281 4353 suut;
3356 4287 3642 4359 Bulgaria,

2098 4380 2341 4448 inquam,
2374 4385 2429 4432 et
2455 4376 2641 4448 Cypri,
2672 4384 2727 4431 et
2759 4379 2948 4445 paucis
2977 4379 3301 4447 quibusdam
3333 4381 3645 4450 metropoli-

2028 4467 2070 4521 D
2104 4469 2281 4534 tanis;
2305 4467 2396 4536 qui
2423 4482 2489 4521 ex
2521 4467 2867 4533 imperatoria
2892 4468 3114 4536 speciali
3161 4470 3529 4525 muniﬁcentia
3554 4471 3645 4536 jus

443 4554 547 4606 hoc
584 4552 974 4607 obtinuerunt:
1004 4554 1268 4622 sequitur,
1306 4555 1439 4610 solis
1480 4557 1897 4625 imperatoribus
1922 4567 1976 4613 et
2010 4558 2332 4631 patriarcbis
2367 4572 2463 4626 per
2493 4559 2718 4626 gratiam
2770 4559 3007 4629 Spiritus
3035 4562 3230 4626 sancti,
3268 4569 3322 4618 et
3366 4576 3642 4636 acceptam

443 4644 747 4711 antiquitus
800 4645 1245 4700 consuetudinem
1302 4654 1463 4714 atque
1527 4647 1796 4710 ordinem,
1827 4648 1916 4716 jus
1939 4651 2044 4707 hoc
2089 4658 2309 4720 propter
2353 4646 2615 4702 iudicatas
2648 4662 2991 4704 causassesse
3024 4665 3364 4704 concessum.

515 4738 634 4789 Ὀτι
662 4737 718 4790 δὲ
741 4736 849 4789 τῶν
877 4737 974 4806 μὲν
992 4738 1405 4807 αὐτοκρατόρων
1438 4740 1472 4808 ἡ
1499 4738 1688 4809 ἀρωγὴ
1720 4741 1853 4811 πρὸς
1881 4759 1992 4809 φω-

441 4826 634 4894 τισμὸν
663 4827 762 4880 καὶ
785 4827 1044 4879 σύστασιν
1073 4827 1443 4880 ἐπεκτείνεται
1471 4827 1645 4899 ψυχῆς
1666 4846 1726 4881 τε
1763 4832 1856 4884 καὶ
1883 4830 1992 4883 σώ-

446 4932 637 4984 ματος,
669 4916 730 4968 τδ
757 4915 814 4968 δὲ
844 4915 1127 4983 μεγαλεῖον
1163 4915 1271 4968 τῶν
1296 4919 1647 4987 πατριαρχῶν
1694 4920 1775 4982 είς
1826 4920 1993 4989 μόνην

441 5005 678 5076 ψυχικὴν
700 5005 1127 5076 ὲστενοχώρηται
1159 5007 1487 5060 λυσιτέλειαν
1527 5009 1698 5080 (ὀλίγη
1719 5012 1825 5079 γὰρ
1872 5014 1995 5064 τού·

443 5111 555 5155 τοις
602 5093 717 5146 ἐστὶ
748 5096 966 5163 φροντὶς
1016 5093 1305 5156 εὐπαθείας
1338 5096 1692 5165 σωματικῆς),
1735 5097 1994 5161 ὡσαύτως

444 5185 540 5237 καὶ
573 5185 607 5254 ἡ
635 5184 760 5253 περὶ
792 5185 915 5245 τοὺς
937 5185 1208 5253 ὑπηκόους
1238 5186 1334 5254 τῆς
1358 5185 1673 5255 βασιλίσσης
1702 5189 1992 5258 κηδεμονία

448 5277 544 5326 καὶ
610 5273 848 5344 μέριμνα
895 5275 1032 5342 πρὸς
1084 5274 1251 5345 μόνην
1281 5277 1598 5346 σωματικὴν
1618 5276 1855 5355 εὐζωῖαν
1905 5279 1993 5343 ἐξ-

2165 4741 2306 4808 Quia
2334 4755 2460 4795 vero
2489 4741 2877 4809 imperatorum
2907 4742 3165 4797 auxilium
3199 4748 3264 4796 ad
3295 4745 3645 4800 illuminatio-

2095 4848 2217 4887 nem
2246 4841 2301 4886 et
2331 4831 2749 4888 stabilimentum
2785 4846 2905 4886 sese
2938 4840 3046 4886 tam
3086 4834 3274 4899 animi,
3318 4849 3478 4903 quam
3516 4852 3643 4890 eor-

2094 4924 2243 4993 poris
2304 4922 2534 4993 porrigit
2565 4938 2581 4988 ;

2093 5013 2257 5067 animi
2293 5014 2554 5067 duntaxat
2585 5013 2867 5069 utilitatem
2936 5017 3228 5071 constricta
3271 5018 3642 5089 (perexiguam

2095 5106 2292 5172 quippe
2337 5117 2525 5157 curam
2571 5109 2763 5171 gerunt
2811 5104 2863 5156 hi
2913 5104 2980 5158 de
3028 5105 3191 5159 rebus
3237 5106 3302 5159 ad
3353 5120 3642 5176 corporqu

2097 5193 2377 5247 commoda
2410 5192 2827 5265 spectantibus),
2879 5202 2933 5249 et
2957 5195 3312 5250 consimiliter
3339 5197 3647 5266 imperatri-

2100 5284 2181 5337 cis
2226 5297 2356 5336 cura
2404 5292 2459 5335 et
2507 5282 2813 5338 sollicitudo
2861 5283 2929 5339 de
2976 5284 3232 5347 subditis,
3274 5286 3536 5341 duntaxat
3579 5288 3643 5342 ad

446 5363 692 5431 ήπλωται
715 5363 918 5436 (πάσης
953 5366 1060 5435 γὰρ
1086 5366 1317 5435 ψυχικῆς
1364 5366 1609 5437 βοηθείας
1636 5369 1692 5418 αἱ
1747 5372 1982 5437 γυναῖκες

2102 5374 2226 5427 vitae
2270 5359 2569 5441 corporalis
2611 5375 3020 5443 prosperitatem
3059 5377 3368 5431 ettenditur
3412 5379 3642 5447 (nullum

447 5453 809 5524 ἐστέρηνται),
842 5457 896 5508 αἱ
926 5457 1202 5524 λαμπάδες
1232 5457 1331 5527 μὲν
1361 5459 1468 5511 τῶν
1511 5458 1771 5527 βασιλέων
1804 5460 1996 5522 διττοίς

2103 5464 2246 5518 enim
2284 5464 2583 5518 animarum
2627 5478 2657 5518 a
2697 5465 3024 5521 mulierculis
3051 5468 3465 5537 exspectandqu
3497 5469 3645 5522 auxi-

1938 5648 2167 5705 ΝΟΤᾸΞ.

669 5730 808 5789 Solis
836 5735 1099 5789 videlicet.

2655 4924 3006 4993 amplitudine
3081 4928 3513 4994 patriarcharum
3574 4931 3643 4984 ad
3717 4959 3724 4966 -
