4020 6384
521 319 651 383 Ιίιίί)

1763 333 2042 391 Titani).
2088 317 2557 396 n.\t.s.\:.iole

3597 345 3709 411 1026

519 455 680 525 lium)
719 470 732 506 :
777 456 982 511 idcirco
1029 458 1173 513 faces
1216 461 1602 528 imperatorum
1641 461 1872 528 geminis
1905 459 2063 510 aurei:

2188 457 2496 526 διαχρύσοις
2557 460 3007 529 περιζωννύονται
3045 459 3426 530 στεφανώμασι
3454 479 3467 493 ·
3511 467 3607 519 τῶν
3657 471 3704 521 δὲ

419 604 430 614 ,
518 549 816 617 cinguntur
874 552 1118 614 corollis,
1172 567 1296 604 cum
1355 567 1474 619 qme
1545 553 1974 618 patriarcharum
2033 559 2088 602 et

519 637 888 708 imperatricis
944 655 1092 704 sunt,
1145 657 1252 696 uno
1301 643 1454 712 quasi
1503 643 1804 710 scpitncnto
1849 643 2087 694 circnm-

516 729 737 784 dentur.
780 731 884 785 Sed
917 734 1057 788 dicet
1083 737 1348 801 quispiam
1377 751 1390 786 :
1423 732 1505 785 Sit
1538 733 1636 796 ita,
1660 747 1812 786 sane.
1847 732 2086 784 Conces-

518 832 638 872 sum
667 827 807 882 esto,
834 822 1082 876 lucernas
1111 822 1500 890 patriarchales
1531 819 1752 874 accendi
1785 835 1880 888 per
1905 820 2080 887 ignem

517 915 601 962 tet
625 910 1001 977 traditionnm,
1025 913 1134 965 veri
1169 914 1400 980 speciem
1433 912 1768 965 habentium.
1798 909 1904 964 Sed
1936 909 2081 964 unde

518 998 820 1065 profectum
850 1011 952 1063 est,
975 1005 1116 1069 quod
1143 1003 1346 1056 eisdem
1381 1017 1445 1055 ex
1475 1012 1701 1070 argento
1725 1002 1806 1054 vis
1833 1000 2078 1070 quamam

518 1086 780 1138 accedat?
815 1086 1145 1152 Suﬂicieliat,
1179 1089 1443 1142 duntaxat
1479 1089 1836 1142 ecclesiarum
1887 1087 2079 1155 capiti—

516 1173 622 1230 bus
677 1192 772 1243 per
829 1179 1108 1244 lampadas
1170 1181 1470 1247 maiestatis
1527 1180 1728 1245 aliquid
1791 1180 2072 1241 accedere,

517 1275 680 1334 atque
708 1267 925 1321 interim
957 1285 1072 1333 eos,
1102 1270 1194 1338 qui
1227 1280 1494 1338 vagantur
1525 1270 1577 1322 in
1607 1269 1823 1330 exsilio,
1860 1276 1913 1322 et
1942 1283 2075 1336 pau-

512 1368 670 1423 peres
698 1364 846 1414 sunt.
874 1371 991 1409 eant
1026 1358 1096 1410 ob
1129 1372 1351 1411 causam
1383 1372 1491 1412 non
1523 1357 1730 1410 vexari.
1761 1355 2076 1422 Responde-

513 1458 657 1506 mus,
709 1445 990 1513 piissimos
1049 1447 1430 1513 imperatores,
1493 1453 1548 1498 et
1602 1445 2072 1498 Sanctissimorum

510 1535 943 1602 patriarcharum
988 1537 1322 1605 quinarium,
1374 1550 1495 1591 esse
1539 1535 1745 1590 similes
1789 1534 2068 1604 agricolis,

509 1625 940 1680 consistentibus
999 1628 1054 1680 in
1114 1643 1239 1681 area
1307 1626 1561 1680 frumenti
1628 1626 1944 1694 largiti-ioc,
2005 1639 2070 1678 ae

510 1715 812 1770 ventilabro
845 1717 1120 1771 unctionis
1146 1717 1494 1771 vitiositatem
1527 1733 1625 1771 ceu
1667 1718 1848 1784 paleas
1885 1725 2065 1770 exter-

511 1805 764 1870 minare,
817 1817 870 1860 et
919 1807 1172 1860 virtutem
1227 1823 1322 1860 ceu
1373 1822 1542 1876 grana
1597 1807 1854 1874 colligere
1910 1823 1924 1860 :

511 1897 719 1952 similes
785 1911 910 1951 esse
984 1897 1191 1952 normis
1256 1905 1402 1952 recta
1471 1897 1660 1951 circuli
1726 1896 2067 1965 superﬁciem

509 1986 836 2042 librantibns
891 1995 945 2040 et
1017 1995 1265 2042 centrum
1318 2001 1414 2056 per
1462 1986 1694 2055 justitia:
1743 1986 1923 2039 radios
1959 1984 2069 2038 col—

462 2139 468 2142 ,
509 2075 866 2134 lustrantibu-s
903 2092 918 2130 :
961 2079 1042 2132 vel
1083 2076 1342 2131 maritimi
1376 2079 1576 2145 navigii
1614 2078 1773 2132 malis
1811 2093 1877 2130 ac
1908 2077 2064 2139 velis,

505 2169 634 2222 dum
668 2169 1035 2238 imperatoriis
1063 2169 1329 2233 consiliis,
1362 2177 1416 2223 et
1445 2167 1733 2239 praeceptis
1765 2167 2066 2235 spirituali-

505 2259 608 2314 bus
664 2261 912 2330 cymbam
971 2261 1156 2313 mundi
1222 2261 1384 2330 hujus
1442 2260 1784 2314 incolumem-
1825 2266 2064 2312 servant.

506 2350 627 2414 Quo
659 2351 737 2410 lit.
782 2360 840 2404 nt
878 2366 1001 2405 cum
1033 2353 1244 2421 exiguis
1287 2367 1477 2422 magna
1523 2361 1902 2422 comparantes
1935 2351 2064 2404 reli-

507 2443 802 2509 giosissimi
834 2445 1216 2514 imperatores,
1247 2455 1413 2516 atque
1437 2447 1578 2499 inter
1605 2457 1826 2500 sanetos
1854 2445 2062 2506 Patres,

500 2531 687 2588 eximii
729 2533 933 2602 quique
979 2538 1294 2590 necessario
1339 2536 1650 2599 statuerint,
1700 2536 1804 2590 ista
1855 2537 2065 2589 ratione

503 2622 844 2676 comitandos
877 2638 1000 2678 esse
1032 2639 1261 2692 magnos
1295 2625 1604 2694 pontilices,
1639 2627 1868 2695 parique
1905 2626 2064 2679 modo

504 2716 612 2760 tam
660 2710 1002 2778 opulentum,
1039 2727 1200 2781 quam
1248 2729 1540 2783 pauperem
1590 2715 1898 2770 habendum
1942 2730 1956 2770 :
1998 2722 2064 2770 ut

504 2807 665 2852 rectae
702 2801 920 2867 quidem
971 2801 1228 2857 doctrina
1277 2812 1602 2868 sectatores,
1641 2808 1768 2859 dum
1809 2793 2077 2876 magnam,

503 2887 651 2941 illam
677 2897 732 2943 et
761 2899 1046 2960 augustam
1079 2907 1331 2963 pompam
1375 2895 1510 2950 solis
1556 2897 1976 2965 imperatoribus
2008 2906 2063 2953 et

503 2981 832 3050 patriarcliis
873 2982 1117 3038 exhiberi
1158 2983 1362 3049 vident,
1409 2986 1818 3040 convenientem
1859 2987 2063 3056 gratia-

501 3085 622 3126 rum
645 3073 914 3155 actionem
939 3073 1116 3127 instar
1140 3074 1276 3143 grati
1301 3073 1530 3140 sumtus,
1550 3076 1781 3131 olferant
1807 3075 2058 3140 Domino,
2084 3111 2130 3175 ρ

497 3161 591 3230 qui
627 3163 770 3216 intra
797 3170 1048 3216 centrum
1090 3161 1378 3217 mundanae
1404 3163 1827 3232 pulchritudinis
1867 3163 2066 3218 defend

499 3266 654 3307 sores
702 3251 822 3322 ejus
877 3252 1186 3322 gloriﬁcat;
1233 3261 1401 3319 utque
1444 3252 1586 3308 ﬂexo
1623 3267 1763 3325 genu
1811 3262 1997 3324 petant
2029 3269 2062 3308 a

503 3341 751 3406 Domino,
796 3356 906 3411 quo
952 3343 1175 3410 tropmis
1233 3341 1602 3410 imperatoriis
1652 3343 1908 3399 universa
1955 3343 2060 3400 sub

499 3433 614 3487 sole
657 3432 819 3488 tellus
867 3432 1240 3498 collustretur,
1279 3440 1332 3488 et
1381 3433 1778 3502 patriai-obicis
1806 3435 2058 3503 precibus

496 3532 730 3577 terrenae
763 3537 849 3578 res
873 3523 1204 3578 irradientur
1234 3539 1248 3576 :
1285 3531 1339 3576 at
1362 3537 1491 3579 vero
1522 3525 1749 3579 diversae
1776 3527 2059 3580 sementim

494 3623 820 3679 seetatores,
867 3615 960 3684 qui
1013 3615 1251 3683 potentia
1283 3629 1382 3670 sua
1416 3616 1666 3670 nituntur
1699 3656 1712 3682 ,
1751 3624 1805 3671 et
1843 3617 1958 3672 suis
2001 3633 2060 3672 se

493 3704 704 3773 jactant
752 3703 946 3772 opibus
1003 3704 1316 3772 (simulacra
1363 3719 1594 3774 namque
1638 3705 1878 3773 gentium
1929 3713 2059 3758 sunt

497 3809 690 3849 aurum
722 3803 776 3849 et
807 3795 1115 3864 argentum)
1152 3794 1218 3848 ad
1271 3797 1342 3858 id,
1387 3795 1530 3864 quod
1577 3796 1841 3859 cernitur,
1885 3811 2060 3850 caeco-

499 3893 636 3938 nant
681 3901 697 3938 :
744 3893 798 3940 et
851 3884 1181 3940 excusorum
1229 3897 1392 3953 opera
1446 3898 1584 3938 vana
1635 3885 2055 3953 atque~inutilta

495 3975 834 4038 existiment,
860 3975 1260 4046 mundanaeque
1283 3973 1558 4042 opinionis
1585 3989 1829 4030 munera.
1855 3975 1917 4028 Et
1945 3976 2058 4031 hate

493 4066 714 4135 quidem
739 4064 808 4119 de
838 4066 1180 4134 lampadibus
1211 4065 1608 4134 patriarcliicis.
1637 4064 1904 4130 Quoniam
1930 4083 2058 4122 vero

495 4155 744 4214 baculus.
785 4161 840 4208 et
877 4169 1091 4217 saccus,
1135 4163 1188 4208 et
1238 4169 1432 4208 cruces
1475 4155 1740 4223 plurimae,
1789 4155 2057 4224 plenaque

495 4246 676 4300 tunica
730 4244 916 4314 ﬁguris
962 4260 1177 4314 gamma
1232 4245 1464 4300 litteram
1519 4246 2052 4314 repraesentantibus,

495 4336 910 4406 patriarchalem
967 4338 1314 4392 sanctitatem
1379 4336 1551 4391 solam
1607 4337 1934 4400 nobilitant,
1993 4353 2057 4393 ac

2189 548 2542 618 πατριάρχιῖ)ν
2581 552 2674 602 καὶ
2701 550 2798 616 τῆς
2825 551 3138 620 βασιλίσσης
3174 552 3251 602 ἐνὶ
3283 557 3706 611 κατακυκλοῦνται
3786 577 3798 590 ·

2186 635 2548 706 θριγγώματι.
2599 639 2736 692 Ἀλλ’
2785 642 2902 710 ἐρεῖ
2943 657 3024 702 τις
3049 657 3063 670 ο
3099 639 3300 693 Ἔστω
3330 643 3568 706 δεδόσθω,
3625 650 3706 709 τὰς

2185 730 2588 798 πατριαρχικὰς
2621 731 2911 800 λαμπάδας
2941 733 3276 786 ἀνάπτεσθαι
3315 735 3444 799 πυρὶ
3472 737 3708 790 τοσούτων

2183 817 2554 884 εύλογοφανῶν
2589 822 2957 889 παραδόσεων.
3010 823 3082 874 Τὸ
3127 823 3329 886 ταύτας
3379 827 3436 888 ἐξ
3493 827 3708 896 ἀργύρου

2183 905 2642 975 περιζωννύεσθαι
2671 911 2921 980 δύναμιν,
2963 913 3127 966 πόθεν
3182 914 3542 984 περιεζώσατο
3568 917 3710 970 δύναο

2184 1011 2312 1062 μιν;
2341 999 2538 1067 Ἤρκει
2566 999 2652 1053 διὰ
2678 1002 2852 1070 μόνων
2886 1001 2993 1054 τῶν
3035 1002 3334 1072 λαμπάδων
3371 1007 3466 1066 τὰς
3497 1007 3710 1074 κεφαλὰς

2177 1085 2284 1136 τῶν
2332 1088 2639 1156 ἐκκλησιῶν
2691 1091 3111 1160 μεγαλύνεσθαι,
3143 1094 3237 1146 καὶ
3266 1093 3402 1156 τέως
3436 1097 3712 1165 τοὺςὺπερ-

2175 1176 2356 1243 ορίους
2381 1179 2770 1248 πλανωμένους
2794 1183 2885 1234 καὶ
2913 1183 3326 1253 πενητεύοντας,
3361 1185 3516 1254 χάριν
3541 1186 3709 1238 τούτου

2178 1266 2250 1334 μὴ
2286 1267 2628 1324 σκύλλεσθαι.
2662 1274 2843 1340 Φαμὲν
2875 1271 2989 1336 οὖν,
3041 1275 3114 1336 ὡς
3156 1277 3204 1326 οἱ
3235 1275 3600 1328 εὐσεϐέστατοι
3627 1277 3710 1344 βαι

2175 1355 2360 1423 σιλεῖς,
2393 1359 2486 1411 καὶ
2509 1361 2615 1412 τῶν
2637 1362 2958 1428 ἁγιωτάτων
3005 1365 3360 1434 πατριαρχῶν
3419 1367 3451 1434 ἡ
3512 1368 3705 1428 πεντὰς,

2173 1445 2379 1498 ἐοίκασι
2409 1453 2674 1518 γεωργοῖς
2707 1451 2870 1520 μέσον
2909 1453 3161 1522 ἑστηκόσι
3221 1455 3533 1516 σιτοδότιδος
3585 1455 3710 1508 ἄλω-

2171 1552 2280 1599 νος,
2331 1541 2426 1591 καὶ
2469 1539 2548 1608 τῷ
2601 1542 2754 1609 πτύῳ
2793 1543 2886 1595 τοῦ
2939 1546 3242 1612 χρίσματος
3289 1545 3386 1612 τὴν
3438 1545 3626 1598 κακίαν
3645 1547 3710 1606 ὡς

2171 1627 2369 1698 ἄχυρον
2393 1631 2798 1698 ὲκφαυλίζουσι,
2817 1634 2910 1686 καὶ
2942 1635 3040 1703 τὴν
3067 1636 3266 1702 ἀρετὴν
3287 1634 3360 1698 ὼς
3393 1636 3580 1688 κόκκον
3603 1652 3708 1686 συν-

2169 1719 2392 1783 άγουσιν
2425 1737 2438 1749 ι
2470 1721 2501 1790 ἢ
2541 1722 2826 1788 διαϐήταις
2886 1725 3311 1792 ζυγοστατοῦσιν
3360 1726 3602 1788 ίθυτενῶς
3627 1725 3705 1777 τοῦ

1984 1805 2064 1858 vel
2099 1781 2138 1838 Β
2171 1805 2371 1858 κύκλου
2401 1809 2498 1879 τὴν
2547 1811 2890 1878 ἐπιφάνειαν,
2938 1813 3032 1864 καὶ
3086 1811 3150 1866 τὸ
3211 1813 3432 1882 κέντρον
3457 1829 3708 1882 καταπυρ-

2169 1902 2383 1954 σεύουσι
2415 1904 2514 1973 τῆς
2546 1903 2891 1975 δικαιοσύνης
2919 1909 3029 1968 τοῖς
3064 1907 3458 1978 ἀμαρύγμασιν
3479 1923 3493 1938 ·
3538 1907 3569 1977 ἢ
3598 1907 3706 1976 νηὸς

2167 1996 2608 2067 ποντοπορούσης
2668 1998 2828 2076 ἱστοῖς
2863 1998 2958 2051 καὶ
3009 1999 3381 2069 πετάσμασιν,
3426 2000 3482 2051 ὲν
3521 2014 3706 2068 προμη·

2168 2082 2341 2148 Oeten;
2375 2086 2700 2155 βασιλικαῖς,
2751 2092 2845 2143 καὶ
2898 2091 3296 2160 παραγγελίαις
3339 2092 3705 2161 πνευματικαῖς

2165 2175 2226 2227 τὸ
2257 2179 2517 2247 κοσμικὺν
2555 2181 2779 2233 ἀκάτιον
2821 2181 3069 2245 σώζουσι.
3105 2181 3195 2251 Τῷ
3243 2199 3324 2234 τοι
3365 2183 3456 2235 καὶ
3517 2183 3706 2251 μικροῖς

2165 2268 2234 2320 τὰ
2258 2270 2468 2336 μεγάλα
2495 2271 2875 2342 σταθμώμενοι
2906 2273 3012 2325 τῶν
3047 2273 3312 2340 βασιλέων
3333 2275 3380 2325 οι
3413 2273 3706 2326 εὐσεϐέστα-

2163 2377 2264 2422 τοι,
2307 2363 2400 2413 καὶ
2430 2362 2538 2415 τῶν
2565 2364 2734 2430 ἁγίων
2782 2365 3038 2433 Πατέρων
3073 2366 3125 2416 οἱ
3162 2365 3515 2436 προύχοντες,
3542 2363 3706 2433 διωρί-

2167 2467 2326 2502 σαντο
2353 2451 2410 2515 ἐξ
2439 2453 2682 2521 ἀνάγκης
2732 2454 2872 2506 οὕτω
2928 2455 3345 2525 δορυφορεῖσθαι
3373 2457 3494 2517 τοὺς
3555 2454 3706 2524 payi-

2164 2541 2286 2604 λους
2308 2544 2602 2612 ἀρχιερεῖς,
2627 2547 2719 2597 καὶ
2745 2545 2880 2598 εἶναι
2911 2547 3200 2599 ἐπιτοαυτὸ
3231 2547 3482 2599 πλούσιόν
3525 2563 3580 2596 τε
3627 2545 3706 2597 καὶ

2164 2635 2372 2702 πένητα
2397 2650 2411 2665 ο
2443 2634 2518 2696 ὡς
2553 2636 2616 2687 ἂν
2642 2637 2691 2687 ot
2724 2638 2822 2704 μὲν
2848 2637 3117 2706 ὁρθὸδοξοι
3156 2637 3447 2706 βλέποντες
3490 2636 3548 2689 τὸ
3578 2636 3706 2704 μέγα

2162 2724 2319 2776 τοῦτο
2344 2724 2438 2777 καὶ
2463 2725 2754 2796 σεϐάσμιον
2807 2727 3189 2796 σεμνολόγημα
3251 2727 3400 2797 παρὰ
3455 2725 3704 2797 βασιλεῦσι

2165 2816 2258 2868 καὶ
2289 2815 2654 2885 πατριάρχαις
2687 2817 2868 2886 μόνοις
2895 2817 3334 2886 πολιτευόμενον,
3382 2816 3704 2888 εὐχαριστίαν

2162 2905 2422 2973 ἀνάλογον
2449 2905 2524 2968 ὡς
2537 2906 2784 2975 θυμίαμα
2811 2907 2994 2960 δεκτδν
3022 2907 3098 2976 τῷ
3128 2908 3328 2977 Κυρίῳ
3357 2907 3702 2976 προσφέρωσι.

2161 2997 2238 3065 τῷ
2303 2997 2470 3066 μέσον
2505 2998 2598 3050 τοῦ
2637 2999 2862 3068 κέντρου
2911 2999 3013 3066 τῆς
3070 3000 3350 3069 κοσμικῆς
3397 2999 3703 3066 ὼραιότητος

2163 3089 2287 3150 τοὺς
2315 3086 2639 3157 δεφένσορας
2668 3089 2859 3140 τούτου
2890 3087 3162 3152 δοξάζοντι
3191 3105 3208 3122 ο
3265 3091 3358 3142 καὶ
3377 3085 3703 3157 γονυκλιτῶσι

2166 3173 2299 3242 πρὸς
2327 3176 2553 3246 Κύριον,
2583 3176 2862 3246 τροπαίοις
2915 3175 3214 3246 βασιλικοῖς
3250 3177 3348 3249 τὴν
3375 3177 3590 3247 ὑφή).ιον
3619 3189 3704 3227 κα-

2160 3265 2556 3334 ταλάμπεσθαι,
2615 3266 2712 3319 καὶ
2741 3267 2928 3336 εὐχαῖς
2964 3269 3402 3338 πατριαρχικαῖς
3444 3264 3700 3320 ἀκτινοόοο

2159 3355 2367 3408 λεῖσθαι
2395 3355 2465 3408 τὰ
2497 3356 2777 3426 ὲπιχθόνια
2803 3371 2820 3388 ο
2854 3359 2904 3410 ot
2937 3356 2992 3410 δὲ
3029 3358 3352 3420 πεποιθότες
3396 3358 3489 3410 ἐπὶ
3534 3359 3595 3426 τῇ
3617 3355 3698 3408 δυ-

2158 3447 2320 3515 νάμει
2373 3445 2553 3500 αὐτῶν
2601 3446 2920 3517 ἑτερόδοξοι,
2982 3449 3076 3502 καὶ
3133 3449 3480 3519 καυχώμενοι
3525 3448 3611 3500 ἐπὶ
3633 3444 3700 3513 τῷ

2160 3538 2378 3608 πλούτῳ
2407 3539 2587 3591 αὐτῶν
2621 3539 2709 3609 (τὰ
2771 3541 2880 3610 γὰρ
2911 3539 3104 3593 εἴδωλα
3151 3543 3263 3595 τῶν
3310 3543 3477 3594 ἐθνῶν
3500 3540 3697 3609 χρυσίον

2158 3629 2266 3681 εἰσὶ
2292 3629 2386 3682 καὶ
2415 3628 2720 3700 ἀργύριον),
2760 3630 2899 3700 πρὸς
2922 3631 2982 3683 τὸ
3007 3629 3286 3701 ὁρώμενον
3316 3616 3696 3698 ἀσλέπτήσωσε.

2157 3719 2252 3772 καὶ
2280 3719 2572 3788 νομίσωσιν
2595 3721 2732 3788 ἔργα
2762 3719 3121 3790 χαλκοτύπων
3170 3719 3312 3776 εἶναι
3372 3723 3570 3792 μάταια
3617 3718 3696 3770 καὶ

2155 3812 2406 3881 ἀνόνητα,
2465 3812 2556 3864 καὶ
2613 3811 2878 3881 κοσμικοῦ
2919 3811 3176 3882 δοξαρίου
3232 3814 3558 3886 χαρίσματα.
3601 3809 3697 3862 Καὶ

2155 3899 2325 3953 ταῦτα
2358 3899 2456 3968 μὲν
2493 3899 2621 3970 περὶ
2653 3901 2760 3952 τῶν
2783 3899 3199 3970 πατριαρχικῶν
3231 3901 3542 3970 λαμπάδων.
3562 3899 3694 3950 Ἐπεὶ

2153 3987 2211 4040 δὲ
2245 3986 2340 4039 καὶ
2367 3985 2577 4056 ῥάϐδος,
2617 3987 2710 4039 καὶ
2740 3987 2960 4051 σάκκος,
3015 3989 3110 4041 καὶ
3169 3990 3578 4059 πολυσταύριον,
3615 3987 3696 4039 καὶ

2153 4078 2242 4130 διὰ
2275 4077 2616 4146 γραμμάτων
2645 4079 2694 4110 ⁷⁸
2742 4079 3036 4149 στιχάριον,
3067 4090 3167 4150 την
3197 4082 3591 4151 πατριαρχικὴν
3614 4079 3695 4129 καὶ

2157 4169 2321 4238 μόνην
2352 4168 2660 4234 δοξάζουσιν
2687 4171 2968 4239 ἁγιότητα,
3011 4171 3225 4224 θέλουσι
3259 4174 3317 4225 δέ
3375 4174 3519 4234 τινες
3568 4186 3694 4221 τισιν

2155 4260 2216 4324 ἐξ
2247 4261 2426 4316 αὐτῶν
2451 4279 2602 4326 τινας
2630 4262 2737 4316 τῶν
2779 4267 3133 4335 πατριαρχῶν
3192 4269 3364 4320 ἐνίοτε
3423 4265 3497 4336 μὴ
3543 4279 3694 4316 κατα-

2155 4351 2548 4417 ποικίλλεσθαι,
2579 4355 2710 4424 φέρε
2749 4356 2842 4410 καὶ
2872 4355 3226 4426 περὶτούτων
3265 4357 3470 4427 βραχέα
3496 4355 3691 4425 φιλοσοσ

495 4428 740 4483 nonnulli
783 4430 994 4494 volunt,
1030 4428 1295 4498 quosdam
1327 4443 1393 4482 ex
1431 4429 1754 4496 patriarchis
1795 4443 2052 4482 nonnon-

2164 4441 2438 4510 φήσωμεν.
2460 4441 2653 4496 Κλῖνον
2669 4443 2727 4496 τὸ
2743 4439 2836 4507 οὖς
2856 4461 2974 4510 σου,
3007 4445 3402 4514 πανιερώτατε,
3432 4444 3522 4497 καί⁵
3547 4443 3695 4496 ἄκου-

488 4534 653 4589 quam
696 4521 968 4590 aliquibus
1009 4521 1200 4575 borum
1241 4535 1348 4576 non
1375 4519 1626 4574 exornari
1665 4535 1678 4572 :
1713 4534 1832 4588 age,
1863 4519 1930 4574 de
1966 4520 2049 4575 his

486 4613 652 4664 etiam
700 4610 937 4665 breviter
983 4611 1339 4668 disseramus.
1392 4609 1598 4664 lnclina
1640 4625 1826 4665 aurem
1873 4622 2044 4677 tuam,

485 4699 854 4767 sanctissime,
898 4709 952 4755 et
998 4715 1086 4756 me
1123 4700 1271 4755 audi.
1312 4700 1432 4755 Non
1477 4701 1624 4756 enim
1673 4701 1728 4756 in
1772 4704 2046 4772 parabolis

485 4793 731 4858 aperiam
762 4806 824 4846 os
857 4805 1056 4856 meum,
1089 4790 1186 4846 sed
1214 4791 1544 4859 quaestiones
1573 4792 1642 4846 ab
1671 4793 1882 4860 origine
1914 4809 2039 4862 [νιος

489 4881 682 4948 feram,
709 4897 847 4950 quas
871 4883 1122 4936 divorum
1160 4881 1380 4936 Patrum
1412 4884 1586 4950 gratia
1622 4897 1708 4937 me
1733 4885 1934 4937 docuit.

556 4972 944 5028 Sanctissimos
980 4975 1224 5042 quinque
1259 4973 1598 5042 patriarchas
1645 4977 1846 5044 (adhuc
1893 4979 2036 5031 enim

487 5073 547 5118 ut
574 5063 772 5118 hedera
792 5065 1039 5133 quercui,
1062 5065 1142 5118 sic
1170 5063 1284 5132 ipse
1309 5066 1615 5120 concordia:
1643 5081 1792 5137 papie
1820 5067 2046 5124 Romani

483 5154 646 5222 quasi
686 5154 962 5208 mordicus
990 5154 1253 5220 inhaereo,
1283 5165 1336 5209 et
1364 5155 1434 5209 ob
1463 5160 1863 5226 separationem
1898 5162 2043 5215 illus

482 5245 672 5298 animo
695 5245 922 5308 laceror,
950 5254 1111 5314 atque
1135 5246 1376 5316 quotidie
1430 5251 1837 5334 conversionem
1870 5253 2042 5318 ipsius

480 5337 754 5406 egregiam
825 5336 1102 5408 exspecto)
1179 5353 1279 5407 pro
1348 5339 1465 5392 solo
1541 5342 1718 5410 capite
1790 5345 2040 5410 corporis

481 5427 726 5480 mortium
758 5426 1122 5484 Eeclesiarum
1156 5431 1250 5486 Dei
1281 5433 1646 5503 agnoscimus,
1676 5437 2040 5502 quemadmo-

2158 4533 2249 4583 σόν
2287 4549 2412 4601 μου.
2465 4533 2540 4584 Οὐ
2562 4535 2669 4602 γὰρ
2697 4535 2754 4586 ἐν
2783 4535 3118 4604 παραϐολαῖς
3171 4535 3370 4601 ἀνοίξω
3417 4530 3476 4588 τὸ
3537 4533 3691 4601 στόμα

2157 4641 2283 4692 μου,
2313 4623 2456 4679 ἀλλὰ
2487 4624 2784 4694 φθέγξομαι
2819 4625 3181 4696 προϐλήματα
3217 4629 3311 4680 ἀπ’
3363 4626 3551 4697 ἀρχῆς,
3604 4625 3692 4676 ὅσα

2155 4719 2228 4786 μὴ
2265 4716 2421 4768 θείων
2453 4716 2710 4784 Πατέρων
2736 4717 2894 4785 χάρις
2922 4715 3146 4780 ἐδίδαξε,

2217 4976 2353 5038 Τοὺς
2375 4941 3080 5044 ἁγιωτάτουςρπατριάρχας
3123 4973 3281 5027 πέντε
3314 4974 3428 5042 (καὶ
3466 4971 3539 5024 ἔτι
3591 4966 3689 5036 γὰρ

2146 5067 2219 5127 ὡς
2253 5065 2437 5127 κισσὸς
2467 5064 2648 5135 δρυὸς,
2678 5064 2776 5130 τῆς
2803 5063 3054 5132 ὁμονοίας
3109 5062 3202 5114 τοῦ
3259 5064 3414 5115 πάπα
3482 5057 3688 5128 Ῥώμης

2149 5157 2424 5227 ἐξέχομαι,
2450 5157 2544 5210 καὶ
2566 5155 2642 5223 τῷ
2667 5153 2928 5226 χωρισμῷ
2956 5152 3146 5206 τούτου
3178 5151 3275 5221 τὴν
3305 5151 3528 5220 καρδίαν
3561 5162 3687 5200 σπα-

2151 5251 2436 5317 ράττομαι,
2483 5249 2577 5300 καὶ
2603 5245 2702 5316 τὴν
2751 5245 2919 5314 καλὴν
2976 5245 3309 5312 ἐπιστροφὴν
3365 5239 3686 5304 καθεκάστην

2148 5339 2456 5410 καραδοκῶ)
2491 5341 2620 5408 μίαν
2648 5338 2872 5408 οἴδαμεν
2903 5333 3147 5404 κεφαλὴν
3192 5331 3286 5385 τοῦ
3322 5330 3564 5402 σώματος
3588 5342 3686 5378 πι-

2149 5435 2255 5486 σῶν
2273 5432 2380 5484 τῶν
2419 5431 2750 5501 Ἐκκλησιῶν
2783 5429 2877 5482 τοῦ
2899 5426 3056 5495 Θεοῦ,
3115 5420 3297 5486 καθὼς
3348 5427 3440 5479 καὶ
3496 5417 3682 5474 ἄνωθεν

1706 5606 1937 5660 VARI/ﬁ
1989 5607 2384 5661 LECTIONE'JS.

551 5691 596 5721 "
618 5709 730 5763 γαμ
738 5691 939 5762 μάτων.
