4020 6428
299 366 427 432 met

1742 374 1793 432 Μ
1811 372 2154 435 ΕΜΎΛΤΑ.

3389 382 3528 443 10.3

305 489 556 558 είρηται²
602 488 694 541 καὶ
724 489 1069 553 πιστεύοντες
1101 492 1446 560 telam-Gaium
1500 493 1718 554 τούτους
1769 498 1864 561 τῆς

1986 495 2095 548 lum
2127 506 2178 550 et
2213 514 2375 566 supra
2421 499 2623 552 dictum
2669 499 2767 552 fuit
2806 518 2819 552 ι
2858 509 2911 551 et
2950 499 3076 567 quia
3116 498 3389 553 credimus
3430 517 3526 555 eos

304 580 616 653 ἁγιωσύνης
673 582 753 652 τῷ
813 585 1115 653 χρίσματι,
1170 586 1436 655 Χριστοὺς
1496 588 1723 656 Κυρίου,
1773 590 1866 640 καὶ

308 673 647 741 ἀγιωτάτους
698 675 1169 743 κατονομάζομεν,
1216 678 1308 728 καὶ
1367 677 1866 746 στηλογραφοῦντες

310 763 578 832 μετὰτῶν
610 763 777 829 ἀγίων
806 763 897 816 καὶ
928 765 1199 833 θεοφόρων
1244 767 1501 835 Πατέρων
1537 767 1713 835 ἡμῶν,
1773 767 1866 818 καὶ

310 854 574 923 σχετικῶς
596 854 983 923 ἀσπαζόμενοι,
1032 848 1519 925 πληροφορούμεθα
1550 859 1635 910 διὰ
1663 857 1867 909 τούτων

234 964 237 967 ν
302 946 439 1012 ἡμῖν
467 944 565 1006 τὰς
594 945 764 1015 Οὐρας
807 946 906 1014 τῆς
950 946 1222 1015 βασιλείας
1268 948 1379 998 τῶν
1443 948 1689 1016 οὐρανῶν
1730 951 1868 1000 ἀπο·-

308 1034 581 1086 κλείεσθαι
627 1036 721 1087 καὶ
759 1036 1093 1103 ἀνοίγεσθαι,
1116 1040 1211 1089 καὶ
1261 1038 1348 1089 διὰ
1380 1038 1489 1089 τῶν
1517 1038 1742 1106 χειλέων
1769 1038 1866 1090 αὺ-

306 1121 413 1174 τῶν
433 1123 525 1174 τὸν
556 1124 1165 1193 Θεὸνάποστοματίζειν
1188 1127 1254 1179 τὰ
1298 1128 1575 1194 μέλλοντα.
1641 1131 1716 1181 Οὐ
1758 1129 1868 1199 γὰρ

309 1210 449 1282 σὰρξ
493 1215 585 1266 καὶ
637 1212 797 1285 αἷμα,
847 1217 961 1269 ἀλλ’
1008 1218 1036 1268 ὁ
1070 1219 1319 1287 οὐράνιος
1374 1221 1563 1288 Πατὴρ
1593 1221 1685 1273 καὶ
1737 1222 1869 1284 Θεὸς

306 1303 486 1370 ἡμῶν,
521 1306 549 1357 ὁ
580 1305 751 1357 εἰπών
786 1322 799 1335 ·
847 1308 935 1360 Ἐν
964 1312 1083 1371 ταῖς
1132 1311 1363 1379 ἡμέραις
1410 1312 1645 1374 ἐκείναις
1689 1313 1865 1381 ἐκχεῶ

312 1393 415 1445 ἀπὸ
445 1396 538 1446 τοῦ
580 1397 887 1465 πνεύματός
918 1418 1040 1466 μου,
1075 1403 1169 1453 καὶ
1199 1402 1249 1453 οἱ
1294 1402 1469 1455 δοῦλοί
1519 1420 1617 1472 μου
1658 1422 1871 1473 προφη-

324 1483 609 1546 ἐύσουσιν,
670 1488 1043 1542 ἀποκαλύπτει
1086 1490 1295 1554 τούτοις
1350 1493 1417 1546 τὰ
1471 1495 1600 1546 ὄντα
1653 1497 1747 1549 καὶ
1802 1496 1870 1549 τὰ

339 1572 561 1640 σόμενα.
605 1576 759 1631 Οὕτω
811 1579 919 1648 γὰρ
951 1582 1045 1632 καὶ
1108 1582 1278 1634 Σαοὺλ
1321 1587 1377 1635 ὲν
1408 1587 1733 1654 προφήταις,
1776 1590 1869 1641 καὶ

308 1665 565 1732 Καϊάφας
593 1668 739 1720 ἄκων
767 1662 1229 1738 προεῷητεύσατο.
1258 1674 1446 1726 εἰπών·
1469 1678 1747 1748 Συμφέρει
1774 1679 1869 1733 ἕνα

307 1757 606 1811 ἀπολέσθαι
639 1760 779 1828 ὑπὲρ
812 1764 904 1812 τοῦ
943 1761 1071 1815 λαοῦ
1102 1765 1196 1815 καὶ
1228 1767 1366 1835 ὑπὲρ
1390 1769 1482 1819 τοῦ
1514 1768 1700 1833 ἔθνους
1735 1790 1871 1824 παν-

306 1845 419 1908 τός.
464 1846 521 1898 '0
552 1848 771 1916 μὲνγὰρ
794 1850 869 1918 τῷ
897 1852 1154 1922 χρίσματι
1209 1858 1305 1924 τῆς
1341 1855 1617 1923 βασιλείας
1641 1859 1874 1932 ὑπεθερ-

312 1940 554 2008 μαίνετο,
577 1942 604 1992 ὁ
632 1941 688 1993 δὲ
708 1941 805 2008 τῆς
826 1944 1234 2014 ἀρχιερωσύνης
1279 1950 1342 2016 τῇ
1367 1948 1571 2018 χάριτι.
1596 1945 1705 2003 Ἦν
1736 1952 1867 2021 γὰρ,

309 2029 498 2098 φησὶν,
538 2032 826 2100 ἀρχιερεὺς
865 2034 955 2085 τοῦ
996 2037 1237 2088 ἐνιαυτοῦ
1265 2039 1490 2091 ἐκείνου.
1534 2041 1625 2092 Διδ
1654 2041 1747 2093 καὶ
1799 2042 1874 2105 ὡς

307 2118 471 2173 τόπον
501 2120 789 2189 ἐπέχοντες
813 2123 906 2175 τοῦ
928 2126 1162 2194 Χριστοῦ
1192 2130 1284 2179 καὶ
1302 2129 1435 2180 Θεοῦ
1456 2130 1632 2198 ἡμῶν,
1651 2131 1874 2194 δικαίως

308 2211 741 2279 ἀποσεμνύνουσι
769 2216 835 2265 τὰ
867 2215 1090 2268 ἑκούσια
1139 2219 1283 2288 πάθη
1318 2221 1504 2282 αὐτοῦ,
1552 2224 1646 2276 καὶ
1675 2225 1741 2275 τὰ
1787 2225 1873 2277 διὰ

309 2303 407 2372 τὴν
466 2307 743 2375 σωτηρίαν
776 2309 930 2376 ἡμῶν
961 2311 1317 2379 ἐπενεχθέντα
1345 2314 1518 2384 τούτῳ
1560 2317 1708 2385 παρὰ
1766 2318 1874 2370 τῶν

311 2396 618 2466 ἀχαρίστων
658 2399 925 2450 Ἰουδαίων
982 2402 1280 2471 ἐφύϐριστα
1333 2406 1438 2473 πρὸ
1491 2406 1584 2458 τοῦ
1640 2409 1872 2478 σταυροῦ

310 2487 405 2540 καὶ
441 2487 537 2558 τῆς
564 2490 928 2554 ἀναστάσεως.
954 2492 1081 2546 Ποῖα
1111 2493 1165 2546 δὲ
1187 2496 1359 2549 ταῦτά
1399 2500 1557 2557 εἰςιν,
1587 2498 1876 2553 ἀκουσάτω

309 2583 343 2649 ἡ
375 2583 583 2649 ἱερέτης
616 2600 731 2636 σου.
777 2586 889 2635 Κέὶν
926 2587 1032 2654 γὰρ
1093 2588 1257 2649 κόπος
1296 2588 1526 2639 ἐνώπιόν
1573 2589 1673 2658 μού
1727 2593 1876 2644 ἐστιν

310 2672 415 2734 ἕως
437 2668 495 2726 οὗ
537 2674 761 2727 εἰσέλθω
799 2676 879 2737 εἰς
935 2677 995 2728 τὸ
1026 2679 1380 2747 ἁγιαστῆρεον
1440 2679 1532 2730 τοῦ
1581 2680 1734 2744 Θεοῦ,
1783 2684 1876 2733 καὶ

312 2762 457 2814 συνῶ
483 2766 550 2816 τὰ
582 2766 637 2814 ἐν
670 2765 813 2833 αὐτῷ
843 2768 935 2817 καὶ
980 2768 1104 2833 περὶ
1147 2769 1296 2831 αὐτο,
1345 2768 1462 2820 ἀλλ’
1502 2770 1531 2838 ἡ
1577 2771 1736 2839 χάρις
1780 2770 1873 2822 τοῦ

311 2852 581 2919 παναγίου
631 2852 946 2922 Πνεύματος
991 2857 1022 2924 ἡ
1061 2858 1116 2906 ὲν
1177 2857 1539 2926 πατριάρχαις
1587 2875 1876 2927 προτυπω-

312 2939 486 3003 οεῖσα,
510 2943 566 2994 ὲν
600 2946 904 3012 προφήταις
937 2946 1401 3015 πρλοκηρυχθεῐσα,
1461 2948 1519 2999 ὲν
1554 2949 1875 3013 ἀποστόλοις

222 3024 228 3028 ’
312 3027 721 3097 θεμελιωθεῖσα,
764 3035 824 3085 ὲν
874 3035 1108 3102 μάρτυσι
1139 3037 1507 3102 τελειωθεῖσα,
1540 3040 1636 3093 καὶ
1675 3042 1733 3092 ἐν
1765 3042 1877 3112 ἱερ-

1968 602 2063 655 per
2097 590 2411 644 unctionem
2449 591 2759 644 sanctitatis
2805 590 3010 657 perlici,
3047 600 3239 641 unctos
3288 589 3526 650 Domini,

1966 687 2020 729 et
2067 680 2446 732 sanctissimos
2490 680 2849 748 appellamus,
2893 696 2957 733 ac
3003 680 3302 732 referentes
3343 696 3438 731 (ιυε
3471 682 3527 734 itt

1969 783 2251 823 numerum
2276 778 2587 824 sanctorum
2614 780 2667 823 et
2690 771 2953 824 divinitus
2981 771 3280 821 alilatornm
3309 770 3528 822 Patrum

1967 869 2303 924 nostrorum,
2353 870 2407 914 et
2459 870 2706 913 amanter
2748 863 2895 928 ipsos
2944 863 3358 927 amplectentes,
3392 861 3527 911 certi

1967 968 2176 1017 sumus,
2235 954 2378 1008 fores
2435 956 2587 1021 regni
2634 956 2874 1009 caelestis
2924 971 3018 1023 per
3065 969 3159 1007 eos
3207 955 3362 1006 nobis
3417 963 3528 1003 tum

1968 1044 2203 1106 occludi,
2238 1054 2350 1097 tum
2389 1044 2605 1111 aperiri,
2643 1053 2696 1099 et
2742 1060 2838 1112 per
2880 1046 3119 1119 ipsorum
3150 1045 3313 1096 'lahra
3366 1043 3529 1093 Deum

1969 1134 2116 1186 velut
2146 1149 2240 1188 ore
2269 1137 2488 1203 proprio
2532 1136 2714 1188 futura
2757 1135 3020 1202 proferre.
3068 1135 3183 1187 Non
3219 1136 3365 1187 enim
3404 1149 3536 1185 raro

1968 1227 2023 1271 et
2062 1222 2301 1288 sanguis,
2333 1222 2425 1276 sed
2463 1224 2700 1277 caelestis
2741 1224 2828 1276 ille
2865 1223 3025 1276 Pater
3064 1238 3126 1276 ac
3173 1223 3313 1275 Deus
3351 1233 3533 1274 uoster

1972 1309 2087 1379 (qui
2115 1311 2277 1364 dixit:
2312 1311 2368 1365 ln
2397 1313 2589 1366 diebus
2623 1314 2727 1368 illis
2753 1314 3022 1367 effundam
3053 1315 3118 1366 de
3150 1312 3353 1381 Spiritu
3389 1327 3530 1374 meo,

1968 1408 2021 1455 et
2086 1403 2229 1456 servi
2292 1403 2395 1457 mei
2465 1405 2951 1473 vaticinabuntur).
3016 1406 3219 1459 revelat
3280 1405 3359 1457 eis
3425 1414 3531 1455 tam

1970 1495 2286 1564 praesentia,
2333 1509 2493 1564 quam
2542 1495 2745 1549 futura.
2788 1498 2878 1549 Sic
2930 1498 3071 1550 enim
3119 1505 3171 1550 et
3217 1496 3347 1548 Saul
3394 1495 3537 1546 inter

1972 1583 2305 1651 prophetas.
2370 1592 2426 1637 et
2481 1584 2751 1654 Caiaphas
2824 1586 3024 1638 invitus
3082 1586 3361 1638 oraculum
3434 1587 3536 1636 hoc

1973 1674 2238 1743 protulit:
2306 1673 2533 1742 Expedit
2594 1690 2759 1728 unum
2832 1658 3006 1743 perire
3072 1690 3168 1743 pro
3231 1675 3428 1743 populo
3484 1683 3539 1728 et

1973 1778 2070 1831 pro
2102 1764 2201 1817 hac
2237 1762 2491 1817 universa
2532 1764 2773 1818 natione.
2805 1762 2939 1816 Nam
2966 1764 3054 1817 ille
3080 1779 3174 1832 per
3226 1764 3536 1816 unrtionem

1976 1856 2176 1923 regiam
2217 1855 2610 1919 incalescchat,
2648 1857 2735 1910 hic
2773 1872 2871 1925 per
2900 1858 3129 1925 gratiam
3165 1855 3535 1924 pontiﬁcatus.

1975 1947 2103 2002 Erat
2144 1948 2308 2011 enim,
2350 1947 2549 2016 inquit,
2598 1945 2718 2014 ejus
2772 1947 2898 1999 anni
2949 1945 3189 2015 pontifex
3245 1943 3534 1997 maximus.

1974 2040 2263 2110 Propterea
2308 2039 2481 2094 nostri
2535 2039 2877 2107 patriarchaa,
2944 2046 3201 2106 tanquam
3230 2036 3542 2090 obtinentes

1976 2114 2151 2188 locum
2175 2133 2378 2187 Christi
2407 2131 2609 2202 Deique
2632 2132 2828 2193 nostri,
2853 2146 2960 2186 non
2990 2131 3087 2185 abs
3115 2145 3172 2182 re
3200 2128 3539 2181 voluntarios

1977 2221 2147 2291 ipsius
2179 2221 2479 2295 cruciatus,
2513 2228 2566 2273 et
2600 2219 2795 2289 probra
2837 2219 3031 2272 salutis
3066 2226 3266 2271 nostra:
3293 2230 3458 2270 causa
3488 2215 3538 2269 ei

1976 2312 2111 2363 ante‘
2130 2322 2350 2363 crucem
2386 2318 2440 2361 et
2473 2308 2933 2361 resurrectionem
2974 2305 3042 2359 ab
3077 2304 3309 2373 ingratis
3337 2302 3541 2356 ludatis

1976 2404 2145 2468 illata,
2172 2417 2294 2455 cum
2325 2402 2592 2470 gravitate
2624 2406 3034 2469 repraesentant.
3068 2399 3201 2465 Quae
3230 2407 3411 2450 autem
3448 2396 3540 2448 illa

1978 2494 2105 2553 sint,
2154 2491 2339 2544 audiat
2383 2500 2475 2543 tua
2520 2491 2806 2544 sanetitas.
2869 2488 3004 2542 Nam
3066 2487 3284 2541 tametsi
3328 2484 3540 2538 videam

1978 2600 2062 2637 me
2087 2584 2328 2637 laborem
2358 2582 2690 2644 subiturum,
2717 2581 2891 2634 donec
2914 2579 3189 2649 ingrediar
3212 2579 3263 2629 in
3289 2583 3541 2630 sanctua-

1976 2678 2118 2729 rium
2173 2673 2285 2737 Dei,
2333 2687 2559 2741 qna-que
2608 2672 2659 2724 in
2708 2685 2775 2724 eo
2829 2678 2978 2734 sunt,
3030 2678 3083 2722 et
3132 2669 3276 2721 circa
3339 2668 3538 2736 ipsum,

1977 2764 2269 2833 intelligam
2316 2782 2328 2817 :
2373 2763 2727 2816 nihilominus
2771 2761 2941 2816 sancti
2989 2758 3226 2830 Spiritus-
3272 2760 3441 2827 gratia
3485 2756 3540 2809 in

1979 2855 2307 2924 patriarchis
2349 2853 2720 2923 pra’ﬁgurata,
2763 2852 2818 2904 in
2867 2851 3146 2920 prophetis
3179 2858 3302 2903 ante
3332 2850 3546 2902 denun-

1978 2949 2134 3013 tiata,
2164 2948 2218 3001 in
2251 2945 2510 3015 apostolis
2542 2944 2789 3007 fundata,
2816 2944 2869 2997 in
2903 2944 3238 3013 martyribus
3266 2943 3541 3001 absoluta,

1981 3042 2035 3094 in
2084 3040 2386 3093 hierarchis
2420 3039 2682 3091 decorata
2709 3079 2723 3104 ,
2755 3036 3198 3091 subministrabit
3240 3035 3542 3087 orationem

313 3120 510 3188 ἁρχαις
576 3125 1076 3194 κατακοσμηθείσα,
1108 3126 1267 3180 δώσει
1299 3129 1457 3196 λόγον
1478 3132 1533 3183 ἐν
1565 3133 1761 3195 ἀνοίξει
1781 3134 1871 3187 τοῦ

1982 3132 2033 3186 in
2075 3133 2349 3201 apertione
2383 3132 2496 3185 oris
2536 3130 2662 3182 mei.
2715 3144 2722 3151 '

313 3212 580 3279 στόματός
614 3230 740 3284 μου.

384 3299 464 3352 Τὰ
507 3302 616 3354 τῶν
655 3305 1006 3375 πατριαρχῶν
1049 3306 1156 3360 τῶν
1197 3309 1367 3375 ἁγίων
1405 3311 1740 3381 ἐπιμάνικσι,
1782 3316 1879 3377 τὰς

312 3392 633 3459 χειροπέδας
661 3394 754 3446 τοῦ
791 3397 991 3464 Κυρίου
1023 3398 1338 3462 δοξάζουσιν
1366 3441 1380 3462 ,
1413 3401 1479 3464 ἃς
1507 3404 1646 3459 ἑκὼν
1673 3405 1878 3477 ὑπέστη

312 3482 403 3534 διὰ
457 3484 554 3553 τὴν
612 3486 887 3556 σωτηρίαν
946 3489 1141 3558 ἡμῶν,
1196 3492 1338 3545 κατά
1398 3496 1688 3563 μαστιγίαν
1746 3498 1883 3566 πρὸς

316 3573 573 3642 Καϊάφαν
605 3577 889 3644 ἀγόμενος.
921 3581 999 3632 Τὰ
1033 3582 1411 3652 ὲπιτραχήλια,
1449 3584 1509 3636 τὸ
1559 3588 1882 3655 φραγέλλιον

317 3663 378 3715 τὸ
408 3663 640 3719 ἐλκύσαν
688 3668 786 3737 τὴν
830 3667 972 3740 ζωὴν
1019 3670 1154 3739 πρὸς
1198 3673 1286 3724 τὸν
1333 3672 1579 3727 θάνατον.
1630 3675 1710 3728 Τὰ
1745 3678 1885 3745 μετά

319 3756 597 3823 ποταμίων
620 3757 892 3828 πιχὰρια,
910 3762 1033 3820 τοὺς
1056 3763 1316 3831 κρουνοὺς
1331 3765 1424 3817 τοῦ
1443 3765 1669 3835 αἵματος
1685 3767 1882 3821 καὶτοῦ

316 3844 510 3909 ὕδατος
534 3887 549 3911 ,
584 3850 709 3911 τοὺς
759 3853 821 3903 ὲκ
862 3852 960 3920 τῆς
988 3852 1136 3916 θείας
1172 3856 1409 3924 πλευρᾶς
1450 3859 1880 3924 ἀποστὰξαντας.

317 3937 439 3989 Τῶν
463 3942 724 4005 γονατίων
753 3941 821 3994 τὰ
847 3943 1036 4013 amatr,
1047 3961 1211 4014 ματα,
1242 3945 1334 3999 τοῦ
1366 3946 1572 4001 λεντίου
1607 3952 1670 4001 τὸ
1701 3952 1881 4019 ἐγχει-

320 4029 508 4098 ρίδιον,
539 4031 603 4083 δι’
634 4025 695 4085 οῦ
728 4034 853 4097 τοὺς
901 4034 1069 4098 πόδας
1111 4037 1139 4087 ὁ
1188 4037 1391 4107 Κύριος
1429 4038 1537 4090 τῶν
1572 4040 1884 4094 ἀποστόλων

316 4121 658 4193 ἀπέσμηξεν.
691 4125 752 4177 Ol
782 4126 994 4190 σάκκοι,
1032 4127 1130 4196 τὴν
1159 4127 1378 4197 χλαῖναν
1410 4131 1504 4197 τῆς
1541 4129 1770 4201 ὕϐρεως.
1805 4133 1886 4186 Τὰ

315 4214 624 4285 ὠμοφόρια,
658 4215 755 4285 τὴν
786 4219 850 4271 ὲκ
872 4218 966 4271 τοῦ
1001 4218 1126 4289 ᾅδου
1163 4220 1297 4288 πρὸς
1329 4221 1558 4289 οὐρανὸν
1606 4223 1699 4276 τοῦ
1733 4243 1886 4295 πρωι-

314 4306 619 4361 τοπλάστου
641 4309 958 4376 μετάϐασιν.
979 4311 1057 4366 Τὰ
1075 4312 1162 4364 διὰ
1179 4311 1590 4383 πολυσταυρίων
1615 4318 1884 4383 φαινόλια,

316 4396 414 4450 τοῦ
440 4398 622 4466 τιμίου
652 4399 884 4467 σταυροῦ
917 4402 1016 4469 τὴν
1050 4402 1390 4473 παγκόσμιον
1421 4405 1577 4470 δόξαν
1605 4407 1698 4460 καὶ
1730 4408 1889 4460 δύνα-

2052 3319 2378 3372 Sanctorum
2437 3314 2870 3385 patriarcharum
2932 3312 3273 3385 epimanica,
3331 3309 3547 3363 Domini

1987 3411 2229 3464 manicas
2266 3409 2566 3473 celebrant,
2596 3422 2735 3477 quas
2759 3408 2950 3461 volens
2981 3405 3245 3460 sustinuit
3295 3405 3362 3457 ob
3397 3402 3547 3455 salu-

1986 3512 2092 3556 tem
2125 3510 2389 3563 nostram,
2426 3516 2549 3553 cum
2583 3500 2757 3555 instar
2787 3498 3110 3553 verberonis
3152 3496 3218 3550 ad
3251 3495 3547 3562 Caiapham

1986 3592 2301 3645 duceretur.
2360 3589 2621 3652 Collaria,
2660 3590 2835 3641 lorum
2890 3588 3043 3652 illud,
3078 3584 3223 3653 quod
3282 3586 3447 3637 vitam
3479 3584 3544 3635 ad

1989 3690 2218 3736 mortem
2246 3680 2427 3733 traxit.
2462 3679 2685 3733 Tunicae
2716 3678 2911 3732 ﬂuvios
2946 3678 3233 3736 habentes,
3264 3675 3550 3742 sanguinis

1988 3780 2042 3823 et
2072 3785 2226 3835 aqua:
2277 3771 2442 3831 rivos,
2471 3772 2563 3839 qui
2601 3786 2664 3822 ex
2730 3768 2915 3824 dirino
2956 3769 3127 3822 latere
3175 3767 3546 3822 destillat-unt.

1987 3854 2235 3912 Genuum
2286 3859 2540 3921 amictus,
2599 3859 2719 3925 ejus
2772 3858 2923 3911 lintei
2979 3857 3393 3916 docmuentnm,
3444 3870 3551 3920 quc

1986 3950 2149 4018 pedes
2238 3949 2612 4016 apostolorum
2689 3949 2953 4001 Dominus
3029 3948 3276 4002 extersit.
3369 3945 3548 4007 Sacci,

1988 4040 2212 4109 pallium
2242 4040 2375 4095 illud
2408 4040 2752 4095 contumelia
2784 4046 2948 4108 atque
2995 4038 3295 4107 opprobrii.
3354 4036 3554 4089 llnmc—

1990 4130 2148 4194 ralia,
2182 4130 2442 4200 primitivi
2507 4130 2798 4184 transitum
2850 4131 2918 4184 ab
2986 4128 3178 4182 inferis
3224 4126 3288 4180 ad
3332 4128 3548 4180 (mlum.

1988 4217 2175 4272 Multis
2254 4219 2526 4287 insignita:
2605 4220 2863 4273 crucibus
2925 4218 3159 4287 penula,
3230 4215 3553 4270 venerandze

1990 4309 2172 4364 crucis
2210 4309 2572 4364 universalem
2598 4310 2825 4378 gloriam
2861 4319 3020 4377 atque
3048 4316 3387 4375 potestatem.
3423 4306 3553 4371 Qua:

1992 4401 2204 4454 suntin
2264 4400 2350 4455 his
2393 4401 2687 4469 triangula,
2741 4400 2972 4468 lapidem
3027 4401 3179 4452 ilimu
3240 4399 3552 4466 angularem

321 4509 438 4561 μιν.
464 4491 544 4545 Τὰ
574 4493 631 4546 ὲν
651 4491 860 4555 τούτοις
875 4493 1159 4564 τριγώνια,
1184 4495 1275 4549 τὸν
1301 4496 1691 4566 ἀκρογωνιαϊον
1714 4499 1878 4562 λίθον,

1991 4492 2267 4546 Christum
2305 4491 2469 4548 Deum
2502 4502 2774 4556 nostrum,
2798 4492 2890 4561 qui
2923 4492 3195 4559 disjuncta
3243 4490 3552 4557 conjunxit.

316 4583 553 4652 Χριστὸν
578 4584 667 4637 τὸν
691 4583 821 4638 Θεὸν
844 4584 1018 4654 ἡμῶν,
1051 4586 1141 4639 τὸν
1171 4587 1240 4639 τὰ
1266 4588 1526 4641 διεστῶτα
1554 4589 1884 4659 συνάψαντα.

318 4675 432 4729 Καὶ
464 4676 520 4728 αἱ
554 4674 737 4745 ῥάϐδοι
778 4676 868 4729 τὸν
900 4676 1143 4745 κάλαμον
1164 4716 1180 4741 ,
1225 4678 1316 4730 τὸν
1345 4679 1443 4747 τὴν
1486 4681 1755 4749 σωτηρίαν
1792 4680 1887 4732 τοῦ

317 4767 510 4833 γένους
563 4765 674 4819 τῶν
724 4765 1026 4837 ἀνθρώπων
1083 4767 1628 4836 καλλιγραφήσαντα.
1687 4770 1798 4823 Καὶ
1862 4773 1889 4824 ὁ

324 4857 536 4926 μάρτυς
575 4859 633 4910 ὲν
659 4858 871 4928 οὐρανῷ
906 4858 1112 4921 πιστός.
1171 4859 1304 4913 Ἀπὸ
1331 4858 1461 4927 γοῦν
1489 4860 1598 4913 τῶν
1626 4860 1769 4915 οὕτω
1799 4863 1887 4915 δε-

318 4949 665 5018 δοξασμένων
708 4951 1011 5016 ἀγακλεῶς,
1045 4952 1140 5005 καὶ
1173 4952 1253 5013 είς
1301 4950 1473 5005 τύπον
1504 4955 1888 5008 καταστάντων

319 5039 414 5092 τοῦ
441 5040 694 5110 ἀληθινοῦ
721 5041 958 5113 Χριστοῦ
991 5043 1085 5095 καὶ
1114 5040 1248 5095 Θεοῦ
1275 5043 1449 5112 ἡμῶν,
1480 5045 1632 5108 ποῖός
1663 5061 1747 5107 τις
1768 5046 1889 5097 τολ-

322 5130 525 5199 μητίας
556 5132 649 5184 καὶ
680 5130 1076 5201 θρασυκάρδιος
1109 5132 1374 5199 ἀφέληταί
1407 5148 1459 5182 τι
1499 5132 1706 5185 δίκαιον
1740 5133 1890 5202 ἱερα-

322 5222 475 5275 τικὸν
503 5223 886 5292 ὁπωσδήποτες
920 5223 1144 5284 Πάντως
1173 5222 1369 5282 οὐδείς.
1412 5221 1661 5276 Ἀκούσει
1691 5223 1796 5295 γὰρ
1828 5224 1891 5277 ἐκ

326 5310 421 5363 τοῦ
452 5310 801 5382 θεοπάτοροςο
826 5311 899 5364 Σὺ
942 5311 995 5364 δὲ
1036 5311 1240 5363 ἀπώσω
1279 5312 1373 5363 καὶ
1400 5311 1762 5374 ἐξουδένωσας
1801 5313 1891 5364 τὸν

326 5404 563 5473 Χριστόν
608 5419 722 5465 σου,
759 5404 852 5455 καὶ
903 5403 962 5455 τὸ
1013 5402 1258 5471 ἁγίασμα
1309 5403 1471 5456 αὐτοῦ
1523 5401 1887 5472 ὲὸεὖήλωσας.

330 5495 543 5565 Ὠσπερ
577 5494 755 5546 τοίνυν
799 5495 899 5547 οὐκ
947 5494 1118 5559 ἔξεστι
1150 5494 1255 5545 τῶν
1296 5493 1548 5546 ἁπάντων
1578 5494 1684 5545 τινὶ
1715 5492 1892 5559 λέγειν

325 5587 460 5657 περὶ
486 5585 577 5637 τοῦ
613 5586 730 5645 ἑνὸς
752 5585 987 5655 Χριστοῦ
1015 5584 1105 5638 καὶ
1137 5584 1270 5636 Θεοῦ
1302 5583 1478 5654 ήμῶν,
1509 5583 1685 5645 ἄλλως
1711 5584 1808 5652 μὲν
1837 5585 1893 5635 ἐν

324 5677 468 5747 τῷδε
508 5678 604 5747 τῆς
648 5678 970 5746 οἰκουμένης
1010 5676 1087 5745 τῷ
1121 5675 1343 5745 κλίματι
1379 5675 1764 5743 παρουσιάζειν
1803 5678 1894 5727 καὶ

330 5769 756 5836 μεγαλύνεσθαι,
793 5771 962 5830 ἄλλως
1012 5768 1055 5820 δ’
1101 5770 1157 5820 ἐν
1202 5769 1391 5837 ἐκείνῳ
1424 5767 1770 5833 δοξάζεσθαι,

1990 4582 2199 4648 Baculi,
2245 4585 2569 4637 arundinem
2633 4585 2803 4647 illaut,
2868 4600 2988 4653 quae
3052 4585 3283 4636 salutem
3339 4597 3553 4651 generis

1993 4675 2213 4728 humani
2237 4675 2451 4744 egregie
2505 4675 2770 4743 depinxit.
2827 4675 3007 4729 Testis
3062 4678 3117 4726 in
3164 4674 3305 4726 coelo
3359 4674 3553 4726 ﬁdelis.

1996 4766 2332 4821 Patriarchis
2362 4780 2490 4834 ergo
2525 4775 2633 4817 tam
2688 4766 2947 4833 prmclare
3005 4765 3331 4827 nobilitatis,
3388 4773 3441 4817 ct
3501 4781 3551 4816 ιιι

1993 4857 2346 4911 simulacrum
2371 4855 2484 4908 veri
2516 4854 2719 4908 Christi
2744 4870 2807 4908 ac
2842 4855 2934 4908 Dei
2978 4854 3154 4908 nostri
3213 4854 3552 4913 constitutis,

1993 4947 2114 5016 quis
2143 4946 2276 5001 adeo
2301 4946 2622 4999 temerarius
2652 4955 2706 4999 et
2748 4944 2926 4998 audax
2980 4945 3167 5006 fuerit,
3223 4952 3280 4996 ut
3317 4944 3409 5011 jus
3455 4943 3554 4995 ali—

1992 5037 2137 5106 quod
2167 5036 2505 5091 sacerdotale
2530 5052 2859 5106 quocunque
2888 5036 3047 5091 modo
3070 5036 3311 5089 adimat?
3334 5036 3557 5088 omnino

1993 5128 2200 5181 nullus.
2230 5126 2430 5182 Audiet
2457 5129 2599 5180 enim
2631 5143 2659 5180 a
2719 5127 2919 5182 Christi
2986 5138 3136 5197 patre
3191 5127 3430 5180 Daviile:
3474 5124 3552 5177 Tn

1993 5226 2173 5272 autent
2232 5218 2481 5286 repulisti
2530 5228 2585 5271 et
2632 5218 2947 5271 annihilasti
3005 5227 3228 5271 unctum
3286 5228 3459 5280 tuum,
3499 5225 3555 5270 et

1994 5308 2477 5364 sanctilicationem
2543 5309 2661 5378 ejus
2714 5309 3039 5378 profanasti.
3085 5309 3552 5375 Quemadmodum

1994 5416 2122 5468 ergo
2162 5400 2367 5454 nemini
2400 5399 2582 5455 dicere
2611 5402 2734 5454 licet
2769 5400 2834 5455 de
2894 5416 3002 5454 uno
3056 5399 3277 5455 Christo
3339 5399 3556 5467 Deoquc

1997 5500 2207 5555 nostro,
2232 5491 2376 5560 quod
2409 5492 2567 5546 aliter
2593 5493 2646 5545 in
2674 5493 2776 5545 hoc
2807 5488 2956 5547 orbis
2991 5501 3162 5547 tractu
3198 5493 3269 5546 sit
3316 5507 3554 5561 praesens

1996 5595 2047 5637 et
2075 5581 2475 5650 magniﬁcetur,
2503 5583 2662 5637 aliter
2691 5584 2741 5636 in
2774 5583 2863 5636 illo
2887 5585 3227 5653 glorilicetur
3253 5599 3266 5647 ;
3302 5598 3368 5636 ne
3398 5597 3555 5637 vesa-

1999 5674 2102 5727 niae
2138 5684 2393 5726 extremm
2447 5690 2597 5726 reum
2656 5690 2715 5729 se
2758 5674 2940 5738 faciat,
3001 5682 3052 5728 et
3104 5676 3170 5729 ad
3224 5674 3553 5741 impietatem

2001 5764 2306 5818 cxorbitct:
2340 5765 2417 5819 sic
2443 5766 2602 5817 etiam
2658 5781 2815 5818 nemo
2866 5766 3281 5841 patriarchalem
3338 5778 3553 5817 sacram
