4020 6440
547 350 589 412 1⁷
617 352 682 412 93

1762 358 2034 416 ΤΠΕΟΙ).
2087 359 2559 421 BALSAMDNIS

3577 367 3687 433 102i

542 475 954 540 amplitudinem
989 476 1150 527 dividi
1184 476 1381 532 debere
1412 479 1624 539 dixi-rit,
1677 479 1753 532 uti
1781 480 1860 532 vel
1885 480 2058 545 major

2194 481 2265 548 μὴ
2297 482 2677 550 παραπληξίας
2703 481 2932 549 ἐσχάτης
2960 484 3257 554 κατακριθῇ
3279 524 3294 547 ,
3327 486 3414 537 καὶ
3435 487 3562 556 πρὸς
3582 489 3688 542 δυσ-

540 567 619 615 vel
655 566 862 617 minora
927 568 1118 620 habeat
1179 571 1476 636 privilegia.
1525 571 1862 637 Quapropter
1919 571 2081 625 etiam

539 662 799 708 statutum
828 667 929 716 est.
961 668 1016 710 ut
1063 659 1114 712 in
1179 663 1370 726 quavis
1421 660 1648 712 ecclesia
1699 661 1811 724 Dei,
1855 661 1970 714 sive
2016 659 2080 712 ad

538 743 888 812 Euphratem,
919 751 1029 802 sive
1055 751 1117 802 ad
1151 751 1350 815 Tigrim
1374 793 1388 814 ,
1424 751 1537 805 sive
1571 751 1636 803 ad
1668 752 1844 818 ipsum
1879 752 2082 818 pertin-

536 832 946 900 gatOceanum,
974 839 1302 905 conjunctim
1360 855 1545 892 eorum
1577 841 1792 892 nomina
1844 839 2084 892 referan—

536 936 645 978 tur.
700 926 1038 995 Acceperunt
1101 931 1282 992 enim,
1345 931 1423 982 uti
1496 932 1761 999 scriptum
1830 931 2078 998 legimus,

535 1016 784 1082 regiones
846 1020 1124 1084 gentium;
1168 1028 1221 1072 et
1267 1036 1454 1073 eorum
1511 1021 1689 1074 throni
1734 1029 1864 1074 sunt
1911 1022 2083 1073 instar

533 1103 673 1159 lunae
704 1108 970 1175 perfectae,
1004 1125 1066 1162 ac
1091 1111 1225 1164 solis
1258 1113 1430 1164 instar
1463 1126 1644 1164 coram
1684 1127 1768 1166 me
1791 1120 1938 1165 sunt.

601 1285 706 1340 Sed
744 1287 881 1340 dicet
909 1287 1144 1356 aliquis:
1181 1288 1313 1341 Cum
1350 1289 1517 1344 divini
1549 1298 1602 1343 et
1653 1291 1796 1344 sacri
1833 1302 2078 1342 canones

527 1378 674 1430 velut
737 1379 1053 1446 arvipendio
1127 1380 1361 1449 quodam
1439 1381 1766 1450 patriarchis
1843 1389 2079 1448 quatuor

473 1506 476 1508 η
527 1467 673 1520 Orbis
717 1479 896 1535 partes
950 1468 1351 1534 distribuerint,
1403 1469 1495 1537 qui
1531 1470 1607 1531 lit,
1646 1480 1704 1522 ut
1746 1470 1862 1537 ipse
1911 1469 2076 1523 semel

527 1565 730 1610 statuta
760 1560 1188 1627 tranSgrediens,
1222 1560 1354 1614 velis
1382 1575 1475 1614 eas
1500 1561 1669 1613 instar
1699 1561 1862 1614 unius
1891 1559 2075 1612 haberi

527 1656 838 1723 provinciae,
864 1673 1090 1726 quaeque
1121 1658 1292 1710 divisa
1338 1665 1482 1710 recte
1505 1667 1651 1718 sunt,
1681 1657 1818 1710 male
1853 1654 2077 1709 confun-

525 1743 690 1798 dere?
723 1746 800 1798 Ad
858 1746 995 1798 hanc
1041 1746 1400 1814 objectiouem
1446 1747 1858 1815 respondemus,
1909 1761 2076 1815 posse

2189 570 2400 623 σέϐειαν
2433 572 2812 641 μετακυλισθῇ.
2847 573 3014 635 οὕτως
3040 575 3160 626 οὐδὲ
3199 579 3295 644 τὴν
3323 581 3685 648 πατριαρχικὴν

2187 660 2333 714 Θείαν
2370 662 2758 730 μεγαλειότητα
2787 660 3088 732 ’διαιρετέαν
3135 665 3276 716 εἴποι
3312 681 3393 728 τις
3424 662 3550 720 εἶναι
3571 707 3583 730 ,
3613 671 3690 720 καὶ

2185 752 2318 822 πρὸς
2341 752 2563 820 μείζονα
2584 755 2677 805 καὶ
2697 753 2952 807 ἐλάττονα
2975 754 3240 825 προνόμια
3266 758 3688 824 μεταπίπτουσαν.

2185 840 2275 910 Τῷ
2311 858 2390 892 τοι
2420 841 2510 892 καὶ
2559 842 2796 894 δέδοκται
2859 844 2998 894 κατὰ
3040 846 3218 897 πᾶσαν
3258 846 3554 914 ἐκκλησίαν,
3587 849 3694 916 περὶ

2181 931 2271 982 τὸν
2305 931 2616 1000 Εὐφράτην,
2641 934 2734 983 καὶ
2754 932 3016 1003 Τίγρητα,
3035 938 3127 987 καὶ
3149 936 3304 988 αὑτὸν
3331 937 3601 1004 διήκουσαν
3621 938 3696 989 τὸν

2181 1021 2416 1072 ὠκεανὸν
2435 1059 2450 1083 ,
2478 1021 2650 1074 ἰλαδὸν
2694 1023 2890 1084 αὑτοὺς
2919 1025 3300 1092 ἀναφέρεσθαι.
3333 1026 3551 1078 Ἔλαὸον
3585 1026 3694 1096 γὰρ,

2181 1114 2334 1180 φησι,
2358 1112 2538 1181 χώρας
2563 1113 2727 1166 ἐθνῶν
2750 1154 2761 1174 ,
2782 1115 2874 1166 καὶ
2899 1117 2947 1166 οἰ
2977 1116 3155 1183 θρόνοι
3178 1117 3354 1169 αὑτῶν
3377 1117 3500 1169 ὡσεὶ
3523 1133 3698 1184 κατηρ-

2179 1202 2405 1269 τισμένη
2441 1201 2656 1269 σελήνη,
2688 1203 2781 1254 καὶ
2815 1204 2888 1264 ὡς
2917 1203 3068 1272 ἥλιός
3097 1207 3233 1256 εἰσιν
3268 1207 3497 1257 ἐναντίον
3527 1222 3639 1274 μου.

2259 1289 2540 1356 Ἀλλ’ἐρεῖ
2573 1307 2693 1350 τις·
2748 1291 2855 1342 Καὶ
2910 1292 3026 1353 πῶς
3081 1293 3188 1344 τῶν
3243 1293 3398 1345 θείων
3434 1294 3522 1345 καὶ
3561 1293 3702 1362 ἱερῶν

2179 1379 2415 1432 κανόνων
2446 1379 2520 1443 ὡς
2549 1381 2604 1432 ἐν
2642 1381 2857 1450 σχοινίῳ
2903 1380 3256 1450 κληροδοσίας
3299 1368 3701 1452 ἐπιμερισὸίντων

2176 1470 2290 1529 τοῖς
2320 1468 2685 1537 πατριάρχαις
2711 1470 2813 1537 τῆς
2838 1471 3159 1538 οἰκουμένης
3186 1474 3285 1540 τὴν
3315 1472 3698 1542 τετραμὲρειαν,

2176 1557 2334 1619 αὐτὸς
2356 1558 2696 1626 ὑπερϐαίνων
2720 1559 2788 1612 τὰ
2816 1558 3040 1622 δόξαντα
3069 1562 3240 1623 θέλεις
3263 1561 3337 1624 ὡς
3364 1562 3485 1629 μίαν
3512 1559 3702 1629 ἐνορίαν

2173 1646 2376 1710 ταύτας
2405 1646 2712 1715 λογίζεσθαι
2738 1691 2752 1714 ,
2788 1651 2883 1701 καὶ
2931 1651 3181 1719 συγχέειν
3214 1651 3397 1713 κακῶς
3423 1651 3488 1705 τὰ
3523 1650 3702 1719 διαιρε-

2176 1735 2336 1789 θέντα
2368 1736 2580 1802 καλῶς;
2615 1739 2793 1806 Φαμὲν
2821 1734 2913 1792 οὖν
2946 1741 3081 1808 πρὸς
3111 1740 3210 1810 τὴν
3239 1741 3489 1810 τοιαύτην
3519 1738 3703 1792 ἀντίθε-

525 1837 726 1902 piriter
749 1843 802 1888 et
835 1836 946 1889 haec
971 1837 1078 1888 vim
1108 1852 1260 1890 suam
1305 1837 1571 1900 obtinere,
1621 1836 2058 1904 quemadmodun

2177 1843 2281 1888 σιν,
2308 1827 2379 1887 ὼς
2405 1827 2521 1880 ἔστι
2545 1828 2636 1880 καὶ
2660 1828 2830 1881 ταῦτα
2849 1833 3068 1899 κρατεῖν
3092 1830 3273 1891 καθὼς
3305 1831 3407 1882 ὑπὸ
3427 1831 3529 1881 τῶν
3553 1829 3701 1894 ἁγίων

524 1939 552 1976 a
577 1927 785 1980 sanctis
813 1925 1067 1981 Patribus
1100 1929 1307 1981 sancite
1343 1929 1455 1982 sint
1478 1969 1492 1993 ,
1526 1936 1580 1981 et
1604 1938 1782 1982 tamen
1822 1929 2075 1981 identita-

522 2022 625 2066 tum
653 2019 868 2069 unionis
891 2034 994 2070 non
1018 2018 1297 2071 confundi.
1323 2017 1511 2087 Opifex
1531 2019 1621 2072 ille
1648 2017 1809 2086 hujus
1834 2018 2072 2072 universi

519 2105 684 2169 Deus,
723 2108 808 2173 qui
838 2107 1108 2161 hominem
1157 2121 1309 2162 suam
1348 2108 1414 2161 ad
1459 2109 1747 2176 imaginem
1809 2107 1985 2170 tinxit,
2019 2113 2073 2158 et

521 2208 695 2262 regem
726 2197 1059 2249 terrestrium
1088 2197 1391 2260 constituit,
1445 2197 1538 2265 qui
1591 2197 1805 2250 coalitus
1855 2209 2071 2263 regere-

520 2292 627 2346 tur,
663 2285 987 2351 przeilicalur
1012 2285 1101 2338 ille
1132 2285 1351 2352 quidem
1382 2299 1502 2337 cum
1533 2292 1758 2352 propter
1807 2284 2068 2350 reliquam

523 2372 762 2439 ﬁgmenti
799 2372 961 2440 huius
993 2373 1246 2426 eximiam
1284 2387 1634 2442 compagem;
1681 2381 1792 2424 tum
1826 2371 1968 2440 quod
2001 2385 2070 2424 ex

520 2462 810 2516 immortali
870 2465 1088 2532 partim,
1141 2464 1337 2532 partim
1397 2463 1614 2518 mortali
1669 2464 1920 2527 mistura,
1970 2477 2068 2516 vas

517 2555 645 2606 illud
679 2552 1082 2622 apte‘ﬂuxerit:
1119 2555 1263 2623 quod
1322 2569 1454 2609 sane
1482 2570 1602 2607 cum
1660 2555 1781 2608 loco
1829 2555 2067 2610 circum-

518 2643 808 2705 scribatur,
841 2645 1051 2698 ratione
1087 2645 1360 2698 crassitici
1387 2643 1646 2704 carnalis,
1680 2653 1858 2698 mente
1887 2651 2064 2696 tamen

517 2745 578 2784 ea
606 2740 830 2799 spectat,
863 2745 981 2800 quae
1003 2731 1086 2784 vel
1138 2732 1276 2798 apud
1299 2729 1476 2784 Gades
1530 2730 1822 2784 exsistunt.
1879 2727 2066 2795 Neque

518 2821 696 2874 minus
717 2822 764 2875 ei
796 2821 1097 2890 maiestatis
1111 2835 1178 2874 ex
1208 2835 1272 2874 eo
1302 2820 1581 2884 tribuitur,
1610 2819 1754 2889 quod
1784 2819 2063 2872 hominum

518 2913 676 2964 vitam
715 2926 808 2978 per
837 2913 1078 2979 quinque
1119 2926 1314 2965 sensus
1358 2910 1470 2979 regi
1531 2911 1780 2971 voluerit,
1831 2924 2059 2977 quorum

516 3002 742 3069 quilibet
775 3002 881 3054 vim
915 3003 1016 3056 sibi
1044 3003 1368 3070 peculiarem
1397 3001 1719 3062 vindicaret,
1752 3014 1874 3052 cum
1923 2999 2062 3051 inte-

515 3097 616 3147 rim
646 3095 959 3149 societatem
993 3101 1236 3146 mutuam
1266 3106 1370 3144 non
1402 3091 1688 3159 abnegent.
1737 3089 1888 3142 Licet
1914 3088 2056 3142 enim

2175 1917 2433 1984 Πατέρων
2463 1917 2832 1985 τεθέσπισταί,
2873 1920 2967 1973 καὶ
2998 1920 3096 1989 τὴν
3132 1921 3437 1988 ταυτότητα
3466 1920 3560 1988 τῆς
3596 1916 3703 1971 ἐνώ-

2175 2022 2312 2063 σεως
2346 2006 2418 2075 μὴ
2455 2008 2794 2077 συγχέεσθαι.
2847 2008 2904 2061 Ὃ
2933 2010 3275 2079 Δημιουργδς
3301 2011 3409 2064 τῶν
3439 2011 3565 2061 ὅλων
3592 2009 3704 2068 Θεὸς

2173 2097 2292 2148 κατ’
2321 2097 2526 2150 οἰκείαν
2563 2098 2744 2151 εἰκόνα
2792 2099 3247 2170 πλαστουργήσας
3291 2102 3380 2155 τὸν
3413 2101 3704 2170 ἄνθρωπον,

2172 2186 2265 2236 καὶ
2297 2184 2519 2253 βασιλέα
2545 2189 2896 2256 καταστήσας
2924 2189 3031 2241 τῶν
3055 2191 3145 2241 ἐπὶ
3173 2191 3278 2256 γῆς
3311 2189 3705 2258 βασιλευόμενον

2170 2273 2394 2339 ἄνωθεν,
2419 2278 2664 2344 ὑμνεῖται
2696 2279 2794 2347 μὲν
2816 2279 2909 2330 καὶ
2932 2281 3090 2350 χάριν
3114 2281 3212 2350 τῆς
3233 2282 3397 2350 ἄλλης
3421 2276 3704 2350 ὑπερφυοῦς

2170 2366 2431 2436 ἁρμονίας
2457 2367 2550 2420 τοῦ
2581 2368 2918 2438 πλάσματος,
2943 2372 3036 2424 καὶ
3060 2371 3175 2433 πῶς
3202 2373 3263 2438 ἐξ
3292 2372 3555 2425 ἀθανάτου
3583 2369 3704 2436 κρά-

2170 2471 2336 2523 ματος
2357 2457 2447 2508 καί⁸
2469 2457 2661 2528 θνητοῦ
2696 2459 2756 2510 τὸ
2783 2460 3028 2527 ἐφόλκιον
3057 2461 3430 2530 διωργάνωσε,
3456 2460 3545 2513 καὶ
3573 2461 3702 2527 τόπῳ

2168 2549 2638 2617 περιγραφόμενον
2666 2548 2743 2618 τῷ
2765 2549 2907 2618 λόγῳ
2932 2551 3031 2620 τῆς
3063 2551 3378 2621 σαρκώδους
3401 2551 3702 2621 παχύτητος.

2170 2635 2370 2702 νοερῶς
2404 2637 2471 2687 τὰ
2495 2637 2640 2706 παρά
2664 2638 2934 2709 Γαδείρων
2961 2641 3406 2709 περιεργάζεται.
3431 2640 3539 2708 Οὐχ
3563 2635 3706 2710 ἧττον

2164 2723 2220 2774 δὲ
2261 2725 2617 2791 μεγαλύνεται
2639 2763 2653 2789 ,
2687 2727 2768 2778 ὅτι
2797 2727 2894 2796 τὴν
2928 2726 3073 2798 ζωὴν
3104 2729 3213 2780 τῶν
3245 2730 3544 2800 ἀνθρώπων
3579 2728 3707 2780 εὑδό-

2164 2833 2296 2885 κησε
2336 2819 2422 2870 διὰ
2454 2820 2610 2871 πέντε
2654 2821 2958 2890 αἰσθήσεων
2999 2820 3381 2891 διεξάγεσθαι,
3414 2821 3703 2891 σφετεριζο·

2165 2909 2338 2976 μένων
2381 2911 2478 2978 τὴν
2520 2909 2786 2980 ίδικότητα
2813 2954 2826 2977 ,
2876 2911 2970 2964 καὶ
3014 2913 3100 2982 ’μὴ
3150 2913 3577 2984 ἀπαρνουμένων
3621 2913 3711 2981 τὴν.

2161 2999 2529 3053 ἀνακοίνωσιν.
2567 3001 2682 3054 Κᾶν
2699 3003 2805 3072 γὰρ
2837 3006 2868 3072 ἡ
2895 3003 3015 3070 ὄψις
3043 3004 3207 3074 τυχὸν
3232 3007 3435 3076 ἐνεργῇ
3463 3004 3554 3058 καὶ
3568 3018 3706 3073 μονο-

2165 3089 2345 3158 μερῶς
2393 3091 2455 3142 τὸ
2503 3092 2889 3162 ἀποκληρωθὲν
2931 3093 3100 3165 ταύτῃ
3164 3095 3538 3167 λειτούργημα
3573 3091 3708 3162 παρὰ

512 3196 788 3254 aspectus,
813 3184 961 3238 verbi
997 3185 1189 3251 gratia,
1215 3197 1414 3235 munus
1435 3181 1535 3234 sibi
1562 3179 1825 3233 divinitus
1881 3178 2058 3247 injun-

2163 3147 2340 3243 ὸεοῢ,
2368 3180 2505 3232 καθά
2555 3199 2606 3233 τι
2649 3147 2852 3234 δίκαιον
2884 3147 3140 3253 ὄφλημα,
3196 3147 3704 3255 μῆὟιΞιὲτέιέιξομέῖιη

511 3285 659 3327 ctum
715 3275 874 3326 etiam
925 3289 1022 3341 pro
1076 3289 1171 3328 sua
1203 3281 1355 3340 parte
1402 3270 1667 3324 duntaxat
1738 3269 1917 3332 obeat,
1959 3282 2056 3321 ceu

513 3365 754 3416 debitum
815 3362 1086 3431 quoddam
1141 3362 1493 3430 persolvens,
1552 3360 1606 3414 in
1663 3374 1770 3427 quo
1841 3358 2060 3411 minime

511 3455 762 3522 cognatis
791 3467 819 3505 a
844 3453 1094 3507 sensibus
1134 3451 1444 3518 impeditur,
1502 3463 1844 3536 nequaquam
1877 3455 2057 3502 tamen

510 3547 577 3599 ab
607 3545 798 3616 horum
832 3545 1090 3597 societate
1123 3543 1394 3605 avellitur,
1455 3543 1548 3594 sed
1588 3541 1704 3595 vult
1747 3556 1842 3594 eos
1877 3539 2056 3609 digni-

507 3637 637 3689 tatis
696 3651 807 3689 sua:
866 3635 1156 3703 participes
1213 3647 1373 3694 esse,
1438 3641 1760 3701 mutuasque
1807 3631 2056 3684 conferre

506 3743 701 3796 operas
734 3731 906 3779 instar
940 3726 1164 3778 lidarum
1201 3725 1543 3786 ancillarum,
1577 3724 1640 3776 ad
1667 3723 1965 3776 curandum
2000 3721 2052 3774 id

505 3834 725 3887 corpus,
753 3819 838 3872 cui
870 3833 1064 3871 sensus
1097 3817 1144 3868 hi
1179 3817 1288 3870 dati
1322 3826 1466 3870 sunt.
1493 3815 1761 3870 Praeterea
1818 3821 2056 3868 meretur

504 3907 939 3968 admirationem,
977 3904 1120 3970 quod
1158 3905 1454 3971 quemlibet
1497 3902 1690 3957 horum
1744 3903 2054 3969 geminave-

506 3999 610 4062 rit;
655 4006 713 4050 ut
771 3997 984 4049 tametsi
1051 3997 1230 4064 perire
1276 3996 1566 4064 contigerit
1617 4011 1808 4060 unum,
1871 4003 2051 4047 tamen

503 4091 745 4156 reliquus
778 4089 924 4142 illius
951 4089 1111 4140 etiam
1143 4088 1312 4140 vicem
1348 4087 1587 4153 impleat,
1630 4101 1732 4141 nec
1788 4085 2053 4138 adversus

500 4195 624 4234 eum
658 4180 982 4231 insolescant
1010 4192 1205 4231 sensus
1236 4177 1417 4230 adhuc
1453 4177 1670 4246 integri,
1724 4174 1817 4230 sed
1873 4174 2053 4242 potius

499 4271 548 4323 ci
582 4269 924 4331 condoleaut,
955 4285 1020 4320 ne
1079 4269 1312 4321 ludibrio
1364 4268 1753 4336 paterfamilias
1805 4269 2049 4335 ipsorum

500 4361 790 4413 habeatur.
825 4359 1034 4426 Quippe
1084 4359 1130 4412 si
1167 4360 1456 4428 contigerit
1512 4360 1829 4419 alterutram
1863 4371 2049 4410 aurem

2163 3269 2310 3337 παρὰ
2332 3269 2439 3322 τῶν
2469 3272 2778 3340 συντρόφων
2805 3275 3129 3344 αἰσθήσεων,
3153 3276 3296 3329 ἀλλὰ
3320 3277 3420 3345 τῆς
3443 3271 3706 3333 κοινωνίας

2163 3359 2339 3411 αὑτῶν
2372 3361 2431 3410 ού
2463 3361 2782 3430 χωρίζεταιο
2816 3363 2959 3416 θέλει
3001 3365 3059 3418 δὲ
3095 3367 3305 3429 ταύτας
3339 3366 3581 3436 μετέχειν
3610 3363 3704 3414 τῶν

2163 3449 2482 3518 ἀξιωμάτων
2512 3453 2700 3519 αὐτῆς,
2741 3454 2836 3505 καὶ
2865 3456 3193 3524 συναρήγειν
3222 3458 3305 3520 εἰς
3332 3457 3393 3510 τὸ
3423 3456 3548 3508 αὑτὸ
3581 3451 3708 3506 κατά

2160 3540 2401 3603 δουλίδας
2430 3543 2624 3604 πιστὰς
2643 3581 2657 3606 ,
2698 3546 2833 3614 πρδς
2870 3545 3165 3614 θεραπείαν
3194 3547 3294 3600 τοῦ
3323 3547 3527 3608 ταύτας
3556 3545 3708 3596 πλου-

2161 3631 2420 3698 τήσαντος
2464 3632 2730 3701 σώματος.
2778 3634 2898 3687 Ἔτι
2933 3634 3310 3701 θαυμάζεται,
3340 3636 3457 3698 πῶς
3489 3635 3710 3697 ἑκάστην

2159 3720 2362 3772 τούτων
2387 3720 2792 3787 ἐδιπλασίασεν,
2825 3723 2912 3775 ἵνα
2946 3724 3048 3777 κᾶν
3091 3727 3276 3795 συμϐῇ
3311 3724 3707 3795 περιαιρεθῆναι

2158 3809 2256 3879 τὴν
2289 3811 2416 3878 μίαν
2437 3850 2450 3874 ,
2479 3812 2512 3880 ἡ
2542 3812 2946 3880 περιλειφθεῖσα
2975 3814 3236 3884 κάκείνης
3271 3816 3364 3869 τὸν
3399 3817 3558 3868 τόπον
3591 3815 3709 3866 ἀνα-

2161 3901 2501 3971 πληρώσειε,
2551 3902 2646 3954 καλ⁹
2699 3903 2775 3972 μὴ
2827 3903 3372 3966 καταλαζονεύωνται
3411 3906 3611 3974 ταύτης
3661 3903 3709 3954 αί

2159 3993 2521 4060 ἁρτιόσωμοι,
2565 3994 2878 4060 συμπονῶσι
2908 3994 2963 4045 δὲ
2997 3995 3193 4062 μᾶλλον
3238 3997 3400 4066 αὑτῇ,
3432 3996 3507 4058 ὡς
3553 3995 3614 4048 ἂν
3645 3991 3712 4062 μὴ

2157 4085 2185 4135 ό
2208 4082 2587 4151 οἰκοδεσπότης
2609 4084 2781 4136 αὐτῶν
2809 4082 3230 4153 θριαμϐεύηται.
3273 4085 3364 4150 Ὦς
3391 4086 3547 4156 εἴπερ
3574 4084 3712 4152 τύχοι

2157 4173 2252 4224 καὶ
2275 4172 2371 4242 τὴν
2399 4173 2630 4241 θατέραν
2671 4175 3034 4242 ἀχρειωθῆναι
3063 4175 3172 4229 τῶν
3203 4177 3422 4245 ἀκοῶν,
3452 4176 3629 4231 οὐκέτι
3659 4171 3711 4224 τὸ

2157 4263 2440 4316 κάλλιστον
2484 4264 2674 4333 χρῆμα
2723 4267 2749 4317 ὁ
2790 4264 3095 4335 ἄνθρωπος,
3129 4268 3359 4336 ἐντελὴς
3414 4268 3509 4324 καὶ
3566 4265 3708 4326 σῶος,

2157 4351 2251 4404 καὶ
2279 4348 2388 4404 οἷον
2423 4353 2582 4406 αὑτὸν
2616 4356 2644 4406 ὀ
2672 4354 2802 4417 Θεὸς
2851 4356 3178 4422 εἰργάσατο,
3215 4356 3471 4425 λέγεται·
3505 4357 3616 4410 ἀλλ’
3643 4353 3710 4415 ὡς

500 4452 746 4504 inutilem
780 4451 954 4510 reddi,
979 4465 1084 4502 non
1111 4451 1341 4517 amplius
1394 4451 1576 4510 homo,
1611 4455 1851 4500 creatum
1889 4447 2049 4516 longe

2161 4441 2416 4511 ἔκτρωμά
2463 4459 2515 4495 τι
2561 4443 2858 4510 λογίζεται,
2909 4445 3013 4498 ὑπὸ
3059 4445 3166 4498 τῶν
3205 4446 3419 4504 λοιπῶν
3448 4447 3710 4514 τεττάρων

498 4537 948 4608 pulcherrimum,
993 4536 1264 4604 perfectus
1299 4544 1351 4589 et
1395 4535 1709 4592 incolumis.
1749 4543 1803 4587 et
1833 4533 2045 4602 qualem

496 4631 642 4683 Deus
669 4629 930 4690 condidit,
982 4643 1102 4681 esse
1167 4627 1397 4691 dicitur;
1457 4625 1550 4679 sed
1600 4625 1774 4678 instar
1825 4626 2047 4678 abortus

495 4719 744 4783 habetur,
797 4734 916 4770 cum
979 4732 1007 4769 a
1057 4717 1277 4783 reliquis
1311 4725 1544 4784 quatuor
1593 4718 1865 4778 sensibus,
1918 4715 2045 4768 licet

495 4809 797 4861 incolumes
823 4808 949 4869 sint,
975 4805 1160 4858 auxilii
1183 4806 1315 4858 nihil
1340 4806 1554 4859 habeat.
1580 4805 2043 4870 Quemadmodum

491 4914 621 4966 ergo
657 4899 901 4966 quolibet
938 4911 1102 4950 sensu
1135 4911 1332 4948 munus
1365 4912 1521 4950 suum
1573 4897 1851 4965 implente,
1883 4907 2044 4951 crete-

492 5001 673 5038 rorum
711 5001 868 5038 usum
899 5000 1003 5038 non
1054 4984 1380 5049 inﬁciamur,
1429 5001 1527 5040 nec
1579 4986 1901 5042 damnamus
1950 5003 2044 5043 eos

495 5085 750 5142 tanquam
779 5074 953 5128 foedos
993 5083 1045 5127 et
1067 5074 1314 5140 inutiles,
1346 5063 1638 5144 propterea
1657 5079 1798 5145 quod
1829 5079 2041 5146 gemina

491 5167 699 5219 ratione
749 5181 852 5217 non
901 5165 1012 5219 sint
1066 5165 1332 5232 eﬂicaces,
1385 5167 1837 5235 quemadmodum
1885 5177 2042 5223 erant

490 5256 716 5318 rondili,
742 5256 833 5308 sed
854 5256 1041 5324 potius
1077 5255 1154 5310 eis
1186 5254 1427 5310 favemus
1463 5255 1681 5328 (quippe
1715 5259 1760 5311 si
1801 5274 1940 5312 unus
1973 5275 2037 5313 ex

487 5346 589 5405 eis,
623 5345 699 5398 uti
732 5345 936 5398 dictum
971 5355 1072 5408 est,
1106 5346 1158 5399 in
1183 5347 1498 5400 universum
1533 5347 1828 5412 defecerit;
1859 5357 2028 5403 totum

487 5447 686 5500 corpus
736 5434 927 5488 inutile
973 5434 1244 5500 redditur,
1296 5444 1350 5489 et
1395 5436 1464 5489 ab
1519 5437 1832 5492 hominibus
1887 5438 2028 5492 haud

483 5525 640 5576 aliter
677 5523 900 5578 habetur
939 5534 1101 5593 atque
1156 5527 1201 5578 si
1250 5542 1358 5580 non
1395 5528 1719 5595 exsisteret),
1753 5529 1831 5582 sic
1867 5531 2028 5584 etiam

482 5613 766 5678 quinarius
811 5613 1243 5682 patriarcharum
1309 5624 1453 5672 recte
1481 5626 1642 5686 atque
1672 5620 1863 5674 ordine
1909 5636 2028 5676 sese

483 5711 649 5770 geret.
685 5703 814 5757 Nam
841 5705 1065 5773 quilibet
1097 5705 1289 5761 horum
1342 5709 1870 5765 administrationem
1923 5713 2023 5767 sibi

2151 4531 2477 4596 αἰσθήσεων,
2502 4531 2859 4596 ὑγιαινουσῶν
2885 4534 3193 4597 καὶταῦτα,
3224 4536 3302 4606 μὴ
3336 4535 3706 4606 βοηθούμενος.

2163 4621 2248 4683 Ὠς
2286 4620 2415 4687 γοῦν
2459 4621 2695 4691 ἑκάστης
2743 4622 2851 4675 τῶν
2898 4624 3200 4694 αἰσθήσεων
3251 4628 3577 4698 πληρούσης
3623 4626 3708 4694 τὴν

2147 4711 2351 4764 οἰκείαν
2378 4711 2678 4781 ἐνέργειαν,
2701 4713 2807 4765 τῶν
2835 4712 3036 4767 λοιπῶν
3066 4716 3125 4768 τὸ
3146 4719 3426 4788 χρήσιμον
3448 4721 3549 4773 οὑκ
3574 4721 3706 4771 ἀπα-

2148 4803 2455 4871 ναινόμεθα,
2487 4803 2605 4855 οὑδὲ
2636 4804 3131 4874 καταψηφιζόμεθα
3163 4808 3373 4862 τούτων
3407 4807 3710 4880 ἀσχημοσύ-

2147 4908 2243 4960 νην
2268 4893 2362 4944 καὶ
2394 4893 2718 4961 ἀχρειότητα
2741 4933 2754 4957 ,
2781 4893 2868 4945 διὰ
2894 4895 2954 4946 τὸ
2990 4895 3064 4964 μὴ
3094 4894 3417 4962 διπλοειδῶς
3452 4900 3704 4969 ἐνεργεῖν,

2147 4981 2327 5044 καθὼς
2357 4982 2897 5052 πεπλαστούργηνται
2919 5023 2934 5045 ,
2974 4986 3171 5054 μᾶλλον
3207 4987 3311 5055 μὲν
3342 4987 3441 5042 οὖν
3472 4992 3568 5043 καὶ
3596 5005 3708 5040 συν-

2146 5073 2347 5142 άγομεν
2380 5073 2531 5143 (μιᾶς
2565 5075 2671 5144 γὰρ
2700 5075 2759 5137 ἐξ
2784 5075 2960 5127 αὑτῶν
2990 5076 3336 5147 σχολασάσης
3368 5081 3610 5142 τελείως.
3637 5077 3704 5137 ὡς

2142 5165 2376 5233 εἴρηται,
2419 5164 2536 5216 ὅλον
2581 5165 2642 5215 τὸ
2689 5164 2850 5233 σῶμα
2886 5167 3207 5234 ἠχρείωται,
3263 5170 3365 5222 καὶ
3393 5170 3470 5233 ὡς
3497 5170 3629 5239 μηδὲ
3651 5166 3707 5219 ὃν

2140 5255 2250 5316 τοῖς
2273 5252 2576 5320 ἀνθρώποις
2595 5252 2908 5322 λογίζεται)’
2925 5255 3064 5308 οὕτω
3086 5257 3176 5308 καὶ
3198 5257 3313 5311 τῶν
3351 5255 3702 5330 πατριαρχῶν

2140 5347 2173 5410 ή
2210 5345 2408 5406 πεντὰς
2433 5385 2447 5409 ,
2495 5345 2719 5408 δικαίως
2748 5347 2842 5398 καὶ
2886 5349 3142 5416 ἀσφαλῶς
3186 5351 3698 5422 οἰκονομηθ,ήσεται.

2142 5435 2404 5498 Ἕκαστος
2435 5435 2542 5504 γὰρ
2570 5435 2796 5502 τούτων,
2833 5440 2930 5506 τὴν
2961 5439 3058 5506 μὲν
3083 5439 3536 5511 ἀπονεμηθεῖσαν
3561 5439 3698 5508 αὑτῷ

2137 5527 2397 5597 διοίκησιν
2446 5528 2726 5599 ἐνεργήσει
2759 5529 3075 5596 μονοειδῶς,
3121 5531 3205 5583 ἰνα
3240 5533 3322 5604 μὴ
3366 5535 3699 5605 συγχέωνται

2135 5619 2241 5672 τῶν
2289 5619 2456 5687 ἁγίων
2506 5620 2836 5691 Ἐκκλησιῶν
2869 5621 2936 5675 τὰ
2965 5623 3264 5692 προνόμια⁹
3300 5626 3414 5678 τῶν
3440 5627 3496 5679 δὲ
3539 5626 3696 5694 τιμῆς

2133 5710 2226 5762 τοῦ
2273 5711 2405 5764 Θεοῦ
2441 5713 2531 5765 καὶ
2565 5713 2670 5766 τῶν
2710 5713 2969 5768 ἀνέκαθεν
3014 5714 3318 5785 δεδομένων
3365 5719 3590 5772 δικαίων
3633 5719 3690 5786 τῇ
