4020 6388
404 357 567 420 ’ίοὶῦ

1861 358 2274 420 ΜΕΟΙΤΛΤΛ.
2363 362 2367 367 ⁷

3501 378 3637 443 1026

435 477 804 546 πατριαρχικῇ
834 473 952 547 θείᾳ
985 477 1395 547 μεγαλειότητι,
1427 479 1597 543 οὐδεὶς
1639 480 1983 551 ἀποξενωθή-

2091 482 2345 536 tributam
2370 483 2536 536 obibit
2567 497 2659 551 pro
2693 494 2842 550 parte
2866 498 2987 547 sua,
3032 499 3097 537 ne
3123 496 3432 542 sanctarum
3462 493 3630 546 eccle-

440 585 610 621 σεται.
644 568 706 619 Et
738 567 845 636 γάρ
874 566 1110 620 τοιοῦτόν
1136 585 1187 621 τι
1214 568 1456 638 γένηται,
1489 574 1579 622 καὶ
1607 570 1696 623 τὸν
1736 571 1982 636 Ἀλεξαν-

436 657 621 728 δρείας
673 657 833 726 τυχὸν
897 657 1280 728 εὑρισκόμενον
1337 660 1414 721 είς
1466 659 1564 729 τὴν
1624 660 1732 712 τῶν
1785 650 1989 713 πόλεων

439 746 842 817 βασιλεύουσαν,
873 746 978 799 τῶν
1004 748 1413 818 πατριαρχικῶν
1452 751 1760 819 προνομίων
1789 752 1988 816 ἀποξε-

437 839 598 890 νὼσει
626 854 730 900 τις,
757 838 838 890 ὃτι
865 837 1006 890 κατὰ
1026 839 1123 906 τὴν
1152 839 1355 892 οἰκείαν
1380 838 1590 907 ἐνορίαν
1612 841 1671 892 οὐ
1695 840 1986 909 πάρεστιν,

437 926 725 997 ἀχρειώσει
755 927 850 998 τὴν
877 928 1112 999 κεφαλὴν
1134 929 1208 991 ὡς
1233 906 1603 996 κωφεύουσαν,
1627 929 1660 999 ἢ
1681 906 1989 983 least-r106-

437 1038 553 1082 σαν,
581 1021 674 1072 καὶ
701 1020 805 1073 ὑπὸ
829 1022 1119 1091 τεττάρων,
1168 1021 1200 1090 ἢ
1255 1022 1346 1074 καὶ
1394 1021 1559 1091 τριῶν
1604 1022 1989 1092 διεξαγομένην

435 1111 758 1180 αἰσθήσεων.
786 1108 884 1162 Διὰ
911 1109 1113 1177 ταύτην
1145 1109 1242 1176 τὴν
1268 1109 1466 1171 αἰτίαν,
1493 1110 1566 1171 ὡς
1594 1110 1755 1171 ἔοικε,
1788 1126 1987 1179 προτε-

432 1200 677 1253 τύπωται
735 1198 1131 1272 προϐάλλεσθαι
1195 1199 1337 1252 κατὰ
1369 1198 1429 1250 τὸ
1474 1199 1846 1269 ἀπαραίτητον
1893 1199 1988 1251 καὶ

432 1292 557 1354 τοὺς
589 1291 662 1360 μὴ
698 1291 917 1360 ἔχοντας
958 1290 1298 1360 πατριάρχας
1347 1288 1471 1351 τοὺς
1503 1289 1988 1359 ἀποκληρωθέντας

435 1382 617 1443 αὐτοῖς
644 1379 830 1447 ἁγίους
851 1378 1191 1448 θρόνους,διά
1217 1378 1314 1448 τὴν
1341 1378 1636 1446 ἐπιδρομὴν
1665 1378 1772 1430 τῶν
1795 1377 1983 1440 ἐθνῶν,

435 1470 524 1523 τὸν
555 1468 886 1539 ’Λντιοχείας
914 1467 1118 1523 καὶτὸν
1154 1466 1537 1536 Ἱεροσολύμων
1570 1469 1736 1538 φημί.

2087 573 2289 627 siarum
2322 575 2601 642 privilegia
2626 575 3066 629 confundantur:
3101 593 3198 630 nec
3225 584 3406 633 tamen
3426 580 3636 637 honore

2088 677 2352 719 concesso
2386 664 2666 730 divinitus,
2700 666 2911 720 datisve
2951 667 3253 735 antiquitus
3289 670 3636 736 patriarchali

2091 764 2260 805 sacra:
2288 752 2628 820 amplitudini
2674 751 2929 821 juribus,
2965 752 3238 822 quispiam
3292 756 3637 822 spoliabitur.

2092 840 2299 912 Quippe
2341 843 2385 897 si
2420 844 2529 898 tale
2558 844 2688 914 quid
2722 844 3065 907 usuvenerit,
3119 851 3173 898 et
3214 845 3641 899 Alexandrinum

2096 934 2265 1003 (verbi
2300 936 2483 1008 causa)
2518 936 2571 991 in
2600 939 2735 992 urbe
2779 938 3131 1007 imperatrice
3190 952 3644 1002 commorantem,

2094 1024 2389 1095 privilegiis
2469 1027 2924 1096 patriarchalibus
3004 1038 3287 1098 propterea
3366 1031 3641 1099 quistiiam

2094 1113 2428 1183 spoliaverit,
2460 1116 2604 1185 quod
2623 1133 2731 1171 non
2756 1117 2914 1188 degat
2938 1119 2990 1171 in
3014 1119 3292 1188 provincia
3317 1133 3418 1174 sua
3445 1137 3461 1179 ;
3484 1130 3649 1188 caput

2091 1204 2267 1273 ipsum
2298 1206 2492 1262 inutile
2512 1207 2721 1269 reddet,
2744 1217 2997 1277 tanquam
3029 1211 3281 1274 surdum,
3303 1211 3391 1263 vel
3419 1226 3648 1269 mecum,

2092 1303 2144 1344 et
2177 1301 2430 1360 quatuor.
2463 1302 2556 1347 aut
2607 1297 2779 1351 tribus
2815 1296 3081 1350 duntaxat
3135 1299 3393 1352 sensibus
3453 1300 3648 1367 prmiti-

2093 1388 2228 1435 tum.
2257 1383 2337 1437 0b
2365 1383 2505 1437 hanc
2558 1385 2731 1454 ipsam
2765 1401 3011 1448 causam,
3054 1402 3151 1440 ceu
3196 1388 3342 1440 credi
3413 1403 3510 1456 par
3546 1398 3649 1449 est,

2088 1471 2408 1537 jamdudum
2445 1475 2715 1528 sancitum
2757 1483 2861 1541 est,
2902 1488 2956 1529 ut
2992 1477 3135 1530 haud
3174 1477 3339 1530 dubie
3393 1493 3486 1544 per
3536 1479 3648 1531 ele-

434 1559 669 1613 ct'ionem
728 1558 1084 1611 instituantur
1129 1557 1291 1610 etiam
1351 1558 1388 1610 ii
1458 1558 1817 1626 patriarchas,
1886 1558 1980 1628 qui
2017 1563 2309 1632 ceteroqui
2343 1578 2529 1618 sacros
2553 1565 2654 1619 sibi
2680 1565 2984 1619 destinatos
3062 1566 3310 1629 thronos,
3373 1567 3444 1620 ob
3488 1582 3646 1636 paga-

434 1666 629 1705 norum
660 1649 887 1705 hostiles
910 1650 1187 1712 incursus,
1234 1648 1378 1703 haud
1410 1649 1721 1717 possident:
1758 1650 2157 1717 Antiochenus,
2197 1654 2441 1725 inquam,
2484 1663 2539 1710 et
2577 1656 3124 1726 llicrosolymitanus.

500 1740 621 1794 Κᾶν
652 1739 757 1809 γάρ
781 1737 1092 1807 ἐξώσθησαν
1127 1740 1223 1808 τῆς
1244 1738 1401 1808 δόξης
1424 1738 1532 1790 τῶν
1556 1738 1760 1809 θρόνων
1787 1739 1986 1806 αὐτῶν,

2160 1741 2362 1808 Quavis
2389 1745 2533 1800 enim
2562 1747 2733 1816 gloria
2782 1749 3104 1800 thronornm
3148 1760 3370 1800 suorum
3409 1760 3505 1814 per
3542 1745 3649 1798 vim

435 1831 550 1884 ἀλλ’
589 1833 622 1901 ἠ
683 1828 1029 1900 πνευματικὴ
1061 1829 1240 1900 χάρις,
1282 1831 1423 1883 κατὰ
1451 1830 1542 1882 τὸν
1573 1830 1757 1893 Δαόὶδ,
1790 1831 1849 1883 οὐ
1883 1848 1989 1886 na-

435 1923 809 1992 λαιωθήσεται.
836 1922 990 1987 Ἥξει
1017 1921 1074 1975 δὲ
1099 1921 1295 1991 μᾶλλον
1316 1923 1343 1974 ὁ
1366 1921 1495 1983 Θεὸς
1528 1921 1682 1990 ἡμῶν
1712 1921 1989 1990 ἐμφανῶς,

437 2015 530 2067 καὶ
582 2013 642 2064 οὐ
690 2014 1172 2081 παρασιωπήσεται
1193 2025 1208 2041 ο
1269 2012 1342 2074 ὡς
1373 2014 1652 2081 συναγάγῃ
1686 2011 1832 2080 αὑτῷ
1862 2012 1990 2074 τοὺς
2022 2017 2029 2026 '

435 2104 613 2166 ὁσίους
639 2102 825 2167 αὐτοῦ,
881 2102 1004 2164 τοὺς
1036 2101 1437 2171 διατιθεμένους
1471 2102 1571 2171 τὴν
1604 2102 1866 2171 διαθήκην
1889 2102 1992 2155 αὐ-

435 2195 552 2250 τοῦ.
586 2192 1005 2265 Φιλοφρονητέον
1036 2191 1213 2245 τοίνυν
1234 2193 1359 2255 τοὺς
1407 2191 1853 2257 ἀποξενωθέντας
1884 2210 1990 2246 παα

436 2289 701 2358 τριάρχας
727 2288 788 2338 ἐκ
814 2285 920 2338 τῶν
976 2284 1293 2352 ἁγιωτάτων
1344 2285 1648 2355 ἐκκλησιῶν
1671 2286 1868 2351 αὐτῶν,
1898 2289 1992 2340 καὶ

438 2375 760 2444 ὑπερορίους
797 2374 1139 2446 καθημένους
1196 2376 1275 2437 εἰς
1310 2374 1496 2445 ἐτέρου
1552 2376 1886 2447 πατριάρχου
1914 2377 1993 2429 δι·-

437 2466 668 2533 οίκησιν,
696 2464 787 2517 καὶ
810 2463 882 2533 μὴ
899 2464 1246 2533 άτιμαστέον.
1272 2462 1663 2519 Κεκανόνισται
1683 2466 1787 2536 γὰρ
1810 2483 1992 2538 παρα-

438 2552 715 2606 καλεῖσθαι
796 2552 1050 2618 τούτους,
1131 2552 1226 2606 καὶ
1292 2553 1474 2625 πάσης
1519 2554 1836 2622 ἐπιμελείας
1896 2558 1992 2608 καὶ

438 2639 701 2709 ὑποδοχῆς
728 2640 1024 2706 ἀξιοῦσθαι,
1058 2641 1119 2694 οὐ
1140 2641 1257 2712 ,μὴν
1284 2642 1598 2711 ὑϐρίζεσθαι
1643 2643 1729 2697 διὰ
1756 2644 1855 2713 τὴν
1882 2644 1992 2696 τῶν

439 2730 774 2801 πραγμάτων
806 2731 1152 2800 ἀνωμαλίαν,
1209 2731 1419 2801 Θρήνων
1470 2732 1625 2797 ἀξίαν
1679 2733 1862 2796 οὖσαν,
1900 2736 1993 2788 καὶ

441 2819 515 2890 μὴ
531 2819 847 2882 ἀλαζονείας
871 2821 1211 2890 γεννήτριαν.
1229 2814 1362 2872 Εἶτα
1385 2820 1493 2873 τῶν
1515 2821 1672 2875 θείων
1696 2823 1789 2875 καὶ
1822 2823 1991 2891 ἁγίων

438 2912 668 2983 Γραφῶν
717 2911 811 2965 καὶ
843 2911 950 2963 τῶν
987 2912 1276 2980 Πατρικῶν
1322 2912 1667 2980 παραδόσεων
1693 2931 1993 2984 κατονομα-

437 3002 646 3066 ζουσῶν
680 3003 873 3056 Πάπαν
896 3002 985 3055 τὸν
1010 3002 1305 3055 ἐπίσκοπον
1342 3001 1582 3072 Ῥώμης,
1609 3003 1868 3067 ὡσαύτως
1896 3006 1991 3058 καὶ
2016 2987 2022 2993 ³

2090 1835 2657 1900 exciderunt,.tamen
2726 1837 3024 1903 spiritualis
3093 1837 3290 1906 gratia,
3345 1835 3644 1890 secundum

2090 1922 2369 1987 Davidc’m,
2417 1941 2524 1979 non
2560 1926 2851 1980 exolescet.
2889 1926 2999 1979 lino
3050 1926 3229 1994 potius
3278 1926 3457 1980 veniet
3508 1926 3650 1980 Deus

2090 2022 2279 2066 noster
2325 2013 2637 2077 manifesto,
2694 2030 2795 2069 nec
2858 2015 3134 2081 silebitur;
3175 2024 3233 2068 ut
3272 2016 3493 2083 colligat
3546 2017 3648 2069 sibi

2092 2110 2312 2157 sanctos
2351 2119 2500 2165 suos.
2548 2105 2640 2173 qui
2684 2112 3065 2158 testamentum
3113 2104 3285 2173 ipsius
3333 2105 3666 2173 disponunt:

2090 2191 2277 2261 Itaque
2325 2193 2719 2262 complectendi
2763 2201 2891 2248 sunt
2937 2202 3183 2247 amanter
3232 2194 3267 2247 ii
3304 2195 3648 2262 patriarclnr.

2091 2282 2182 2351 qui
2243 2284 2605 2339 sanctissimis
2657 2283 2918 2339 Ecclesiis
2974 2285 3090 2340 suis
3140 2284 3355 2354 spoliati
3398 2290 3548 2349 sunt,
3599 2292 3651 2335 et

2092 2373 2310 2429 exsules
2350 2374 2401 2427 in
2429 2374 2653 2428 alterius
2687 2374 3006 2442 patriarcha:
3034 2375 3257 2429 diwcesi
3287 2375 3510 2443 degunt,
3548 2376 3651 2424 mi-

2092 2464 2345 2532 nimeque
2404 2463 2748 2526 contumeliis
2796 2464 3082 2518 alliciendi.
3121 2463 3330 2533 Quippe
3382 2466 3649 2517 sancitum

2089 2554 2394 2608 canouibus
2433 2560 2536 2618 est,
2578 2561 2637 2606 ιιι
2689 2568 2783 2607 eos
2825 2554 3186 2618 consolemur,
3234 2565 3288 2608 et
3321 2553 3469 2607 omni
3519 2568 3650 2605 cura

2100 2644 2551 2714 susceptioneque
2617 2644 2917 2713 iignemur;
2958 2659 3065 2697 non
3109 2642 3325 2711 injuriis
3354 2642 3651 2695 afﬁciamus

2093 2734 2161 2788 ob
2190 2748 2373 2788 rerum
2431 2733 2792 2787 humanarum
2869 2733 3316 2795 inconstantiam,
3385 2746 3506 2800 quae
3571 2732 3650 2783 Ia-

2091 2824 2292 2893 crymis
2330 2824 2511 2892 potius
2541 2831 2625 2878 est
2662 2823 2845 2892 digna,
2880 2837 3043 2892 quam
3085 2830 3143 2877 ut
3187 2822 3536 2875 insolentiam
3572 2822 3650 2889 gi-

2093 2928 2256 2982 gnere
2313 2914 2525 2968 debeat.
2576 2914 2841 2967 Cazlerum
2889 2928 3013 2968 cum
3063 2928 3231 2968 sacra:
3269 2912 3505 2977 Litteras,
3547 2912 3652 2967 Pa—

2097 3010 2351 3070 trumque
2369 3003 2708 3061 traditiones.
2727 3004 3038 3073 episcopum
3062 3003 3362 3057 Romanum
3383 3003 3652 3072 appellent

431 3095 526 3147 τὸν
566 3093 961 3163 Ἀλεξανδρείας
984 3109 997 3122 ·
1023 3092 1157 3146 ἀλλὰ
1189 3092 1293 3162 μὴν
1325 3096 1414 3146 καὶ
1446 3094 1536 3145 τὸν
1564 3096 1990 3148 Κωνσταντινου-

2092 3108 2282 3162 papam
2305 3110 2318 3157 ;
2356 3092 2650 3161 itidemque
2675 3092 3123 3157 Alexandrinum,
3147 3102 3201 3147 et
3228 3094 3403 3162 ipsum
3435 3110 3651 3163 quoque

434 3182 666 3248 πόλεως,
690 3184 785 3237 καὶ
809 3184 898 3236 τὸν
928 3184 1333 3254 Ἰεροσολύμων,
1367 3185 1824 3253 ἀρχιεπισκόπους
1848 3203 1863 3218 ·
1897 3187 1993 3256 μό-

435 3293 523 3330 νον
547 3276 605 3328 δέ
645 3276 735 3327 τὸν
780 3275 1127 3345 Ἀντιοχείας,
1166 3277 1531 3344 πατριάρχην.
1575 3276 1699 3338 Πῶς
1732 3278 1838 3328 τῶν
1873 3275 1994 3328 Ἀν·

432 3367 655 3438 τιοχέων
699 3368 761 3436 ὴῖ
794 3365 1052 3436 ἐκκλησία
1106 3367 1203 3435 οὐχ
1246 3365 1584 3435 ὑϐριοπαθεῖ,
1649 3367 1992 3436 μανθάνουσα

434 3458 529 3510 καὶ
556 3458 677 3520 τοὺς
710 3456 947 3519 λοιποὺς,
975 3457 1314 3526 πατριάρχας
1340 3458 1832 3527 ἀνακηρύττεσθαι;
1859 3460 1993 3513 πάν-

432 3567 542 3612 τως
591 3548 680 3602 διὰ
704 3547 803 3617 τὴν
831 3546 1134 3616 ταυτότητα
1163 3547 1263 3614 τῆς
1296 3547 1478 3616 τιμῆς,
1537 3551 1629 3601 καὶ
1655 3548 1740 3601 διά
1783 3550 1845 3601 τὸ
1894 3551 1991 3603 ἐπ-

432 3639 581 3707 έχειν
609 3638 734 3700 τοὺς
768 3632 928 3691 πὲντε
953 3637 1296 3706 πατριάρχας
1331 3636 1495 3691 τόπον
1527 3636 1625 3705 τῆς
1662 3638 1790 3706 μιᾶς
1823 3653 1992 3707 κεφα-

431 3724 533 3794 λῆς
559 3722 652 3777 τοῦ
692 3721 956 3793 σώματος,
989 3721 1187 3793 δηλαδὴ
1210 3722 1315 3777 τῶν
1337 3723 1505 3790 ἁγίων
1534 3723 1870 3794 Ἐκκλησιῶν
1895 3725 1988 3779 τοῦ

429 3813 591 3869 Θεοῦ.

517 3905 668 3959 Ἐπεὶ
697 3905 755 3973 δέ
810 3922 953 3967 τινες
987 3904 1200 3972 λέγουσι
1236 3904 1400 3973 μηδὲν
1452 3897 1672 3958 εῖναιτδ
1718 3905 1987 3975 ἐμποδὼν,

431 3999 676 4061 καὶτοὺς
704 3997 980 4065 ἐκασταχῆ
1013 3995 1497 4066 ἀρχιερατεύοντας
1546 3994 1689 4049 οὕτω
1728 3997 1988 4066 τιμᾶσθαι

431 4087 528 4139 καὶ
582 4084 997 4155 μεγαλύνεσθαι.
1063 4086 1172 4137 Καὶ
1235 4078 1382 4138 οὗτοι
1442 4100 1549 4151 γαρ
1605 4084 2028 4158 διδασκαλικοῦ,

430 4176 739 4245 ἀξιώματος
762 4176 1144 4253 κατηξίωνται,
1172 4176 1262 4229 καὶ
1284 4176 1426 4229 κατὰ
1453 4177 1654 4229 Μωσέα
1675 4177 1766 4227 καὶ
1781 4173 1990 4245 Ἀαρὼν

426 4270 514 4331 είς
539 4271 606 4322 τὰ
627 4269 758 4337 ἅγια
771 4268 879 4320 τῶν
905 4268 1074 4336 ἁγίων
1094 4269 1374 4337 ἐστήκασι,
1407 4268 1501 4322 καὶ
1522 4268 1620 4338 τὴν
1655 4268 1989 4338 ἀναίμακτον

429 4359 622 4413 θυσίαν
649 4358 1034 4430 προσφέρουσι.
1074 4358 1274 4428 Φαμὲν,
1309 4358 1383 4421 ὡς
1420 4359 1526 4412 ἀπὸ
1568 4359 1674 4413 τῶν
1715 4359 1880 4412 θείων
1896 4359 1989 4412 καὶ

2091 3184 2780 3252 Constantinopolitanum,
2837 3200 2899 3239 ac
2943 3183 3515 3255 llierosolymitauum,
3564 3202 3652 3239 ar-

2090 3276 2502 3345 chiepiscopos;
2560 3277 2735 3330 solum
2788 3290 2913 3330 vero
2970 3276 3365 3332 Autiochenum
3418 3278 3651 3346 patriar-

2090 3367 2249 3421 cham
2280 3383 2293 3419 :
2327 3369 2416 3436 qui
2445 3367 2559 3421 ﬁeri
2589 3376 2783 3436 potest,
2817 3376 2876 3422 ut
2906 3367 3242 3423 Antiochena
3283 3369 3512 3423 ecclesia
3542 3385 3652 3424 non

2091 3457 2329 3526 patiatur
2368 3457 2646 3525 injuriam,
2691 3472 2811 3525 quas
2866 3456 3152 3527 intelligat,
3196 3456 3435 3527 reliqu’os
3486 3458 3648 3512 etiam

2091 3548 2305 3616 publice
2348 3546 2453 3601 dici
2503 3546 2880 3616 patriarchas?
2917 3546 3149 3602 Omnino
3190 3549 3247 3601 lit
3286 3549 3386 3602 hoc
3432 3558 3652 3618 propter

2089 3638 2427 3692 identitatem
2457 3639 2702 3702 honoris,
2735 3645 2790 3692 et
2815 3639 2957 3707 quod
2987 3639 3039 3692 bi
3064 3640 3308 3708 quinque
3328 3640 3651 3707 patriarcha:

2089 3728 2260 3782 vicem
2313 3730 2476 3782 unius
2506 3729 2725 3798 vcapitis
2777 3730 3019 3784 universi
3062 3731 3311 3799 corporis
3347 3730 3646 3796 obtineant,
3682 3773 3686 3778 .

2089 3822 2403 3871 sanctarum
2426 3813 2676 3870 videlicet
2704 3814 3073 3870 Ecclesiarum
3109 3817 3228 3871 Dei.

2157 3904 2293 3972 Quia
2321 3921 2448 3961 vero
2478 3905 2699 3976 quidam
2738 3907 3048 3976 perhibent,
3076 3906 3211 3961 nihil
3244 3921 3368 3962 esse
3415 3907 3671 3977 impedi-r

2088 4007 2299 4059 mento,
2384 3997 2713 4073 quominus.
2760 3998 2941 4051 ubivis
2991 3997 3276 4052 constituti
3334 3999 3644 4067 pontiﬁces,

2088 4091 2275 4142 eodem
2324 4103 2444 4141 cum
2516 4088 2844 4157 patriarchis
2910 4089 3118 4163 honore
3181 4090 3645 4159 amplitudinisque

2088 4177 2357 4240 fruantur,
2419 4195 2539 4232 cum
2589 4187 2643 4233 et
2701 4179 2803 4248 ipsi
2857 4179 3087 4234 docendi
3132 4180 3449 4247 dignitatem
3502 4182 3641 4232 ﬂat'li

2089 4275 2240 4329 sunt,
2280 4274 2333 4321 et
2362 4267 2608 4335 exemplo
2648 4265 2813 4320 Mosis
2842 4274 2895 4320 ct
2933 4266 3166 4319 Aaronis
3201 4265 3489 4348 in'sanctis
3520 4280 3647 4318 san-

2088 4368 2315 4413 etorum'
2342 4360 2665 4418 consistant.
2705 4358 3161 4424 incruentamque
3205 4356 3480 4410 victimam
3509 4355 3645 4410 oﬂ'e-

362 4496 369 4499 _
426 4449 592 4518 ίερῶν
623 4422 875 4501 κανόνων.
900 4449 1080 4516 μόνοις
1105 4422 1214 4511 τοὶς
1246 4448 1605 4520 πατριάρχαις
1636 4449 1990 4517 πεφιλοτίμη-

2091 4457 2251 4503 rant:
2279 4450 2670 4518 respondemus
2694 4463 2789 4518 per
2813 4448 3028 4502 divinos
3050 4461 3348 4515 sacrosque
3382 4461 3640 4507 canones,

424 4556 518 4591 ται
569 4539 669 4605 τῆς
724 4539 1048 4606 οἰκουμένης
1102 4538 1169 4590 τά
1225 4539 1482 4607 κλίματα.
1518 4538 1828 4591 Κάντεῢθεν
1867 4538 1988 4590 οὐδὲ

421 4631 541 4700 ἔχει
580 4648 661 4693 τις
688 4629 872 4700 ἔτερος
904 4630 1087 4696 οίκείῳ
1118 4629 1308 4698 δικαίῳ
1331 4629 1563 4697 ἐνορίαν,
1599 4629 1631 4697 ἢ
1657 4628 1783 4681 ἄλλο
1821 4645 1874 4679 τι
1905 4629 1985 4681 δί-

424 4733 584 4769 καιον
618 4716 886 4786 ίερατικόν
904 4732 917 4746 ·
948 4715 1059 4767 ἀλλ’
1082 4717 1254 4768 ἐκεῖνο
1302 4717 1395 4769 καὶ
1422 4717 1580 4785 μόνον
1604 4716 1664 4769 τὸ
1694 4718 1857 4785 μέρος
1888 4717 1988 4784 τῆς

421 4806 746 4876 διοικήσεως
800 4807 1088 4876 ίερατικῶς
1125 4808 1354 4875 ἐνεργεῖ,
1389 4806 1449 4859 τὸ
1477 4807 1628 4860 δοθὲν
1656 4807 1806 4877 αὐτῷ
1837 4808 1989 4877 παρά

425 4894 528 4961 τῆς
581 4894 985 4967 πατριαρχικῆς
1045 4894 1192 4957 θείας
1228 4895 1660 4964 μεγαλειότητος.
1708 4897 1870 4950 Ὀθεν
1909 4898 1986 4960 ὡς

424 4984 878 5054 ἀποστελλόμενοι
906 4984 1057 5053 παρά
1089 4984 1459 5055 πατριάρχῶν,
1490 4986 1584 5038 καὶ¹
1610 4985 1986 5055 ἀναπληροῦν-

422 5087 520 5133 τες
549 5071 641 5125 τὸν
662 5073 826 5127 τόπον
853 5072 960 5126 τῶν
989 5073 1146 5126 θείων
1176 5075 1270 5126 καὶ
1299 5074 1467 5142 ἁγίων
1499 5076 1827 5142 ἀποστόλων,
1846 5077 1983 5128 ἀπο-

424 5161 692 5216 στολικῶν
752 5163 850 5232 μὲν
887 5165 1196 5233 προνομίων
1257 5163 1511 5234 ἠξίωνται
1556 5166 1835 5235 (δεσμοῠσι
1875 5167 1982 5236 γὰρ

424 5249 520 5301 καὶ
549 5251 735 5308 λύουσι
767 5255 887 5307 κατ’
911 5254 1107 5316 αὐτοὺς
1133 5254 1227 5307 καὶ
1244 5257 1577 5325 χειροτονίας
1601 5257 1833 5322 ποιοῦσι,
1891 5260 1985 5312 καὶ

418 5337 522 5404 τὴν
558 5342 892 5413 ἀναίμακτον
948 5344 1156 5409 θυσίαν,
1189 5346 1543 5417 προσάγουσι)
1576 5348 1985 5419 πατριαρχικῶν

422 5433 485 5486 δέ
516 5432 739 5488 δικαίων
761 5437 822 5489 οὐ
852 5436 1233 5503 κατηξίωνται.
1260 5435 1397 5490 Οὔτε
1440 5440 1548 5508 γὰρ
1573 5439 1829 5505 σάκκους,
1857 5437 1982 5492 οὔτε

425 5523 803 5594 πολυσταύρια
830 5526 1222 5579 ἐνδιδύσκονται
1245 5526 1412 5585 ’.οὔτε
1467 5531 1601 5598 μετά
1643 5529 1984 5601 γραμμάτων

424 5616 523 5670 καὶ
546 5618 852 5685 τριγωνίων
876 5620 1142 5689 στιχάρια.
1177 5618 1360 5672 Ταῦτα
1387 5620 1443 5673 δὲ
1469 5620 1610 5674 οὕτω
1636 5623 1873 5690 γίνεται,
1902 5623 1983 5675 ὅτι

426 5706 523 5759 καὶ
550 5710 659 5763 τῶν
719 5710 885 5772 ἁγίων
917 5709 1224 5763 ἀποστόλων
1278 5712 1311 5779 ἠ
1360 5711 1476 5763 θεία
1508 5715 1780 5783 ὁμήγυρις
1804 5714 1863 5765 τὸ
1890 5713 1982 5767 τοῦ

2088 4540 2221 4595 solis
2274 4540 2601 4610 patriarchis
2654 4556 2774 4595 esse
2833 4553 3126 4593 concessos
3175 4539 3324 4591 orbis
3376 4546 3642 4591 terrarum

2087 4638 2317 4684 tractus.
2356 4630 2512 4685 Unde
2537 4631 2616 4694 lit,
2646 4639 2706 4683 ut
2740 4630 2882 4683 alius
2927 4629 3197 4698 quispiam
3235 4642 3335 4682 suo
3359 4628 3484 4695 jure
3520 4641 3646 4696 pro-

2085 4720 2321 4787 vinciam
2351 4734 2454 4773 non
2488 4719 2700 4784 habeat,
2734 4720 2816 4774 vel
2849 4720 2993 4773 aliud
3024 4719 3310 4789 quodpiam
3335 4720 3426 4787 jus
3458 4733 3645 4770 sacer-

2086 4807 2265 4864 dotale
2298 4822 2314 4859 :
2344 4807 2439 4862 sed
2468 4808 2520 4860 in
2558 4823 2620 4861 ea
2653 4807 2917 4862 duntaxat
2944 4819 3094 4877 parte
3124 4807 3377 4861 dioecesis
3420 4821 3643 4859 munere

2087 4897 2409 4953 sacerdotali
2444 4896 2710 4967 fungitur,
2743 4913 2863 4966 quae
2897 4898 2995 4966 ipsi
3031 4912 3061 4949 a
3102 4910 3255 4950 sacra
3289 4893 3641 4964 patriarchali

2087 4986 2442 5054 amplitudine
2475 5001 2734 5041 concessa
2766 4995 2869 5041 est.
2904 4985 3058 5040 Unde
3093 4986 3257 5039 veluti
3296 4985 3387 5054 qui
3422 4986 3645 5037 mittan-

2086 5088 2177 5133 tur
2204 5096 2231 5131 a
2256 5079 2601 5148 patriarchis,
2622 5086 2676 5132 et
2696 5079 2867 5131 vicem
2891 5076 3197 5130 divinorum
3220 5085 3643 5143 sanctorumque

2086 5170 2455 5238 apostolorum
2490 5168 2766 5237 impleant,
2800 5166 3094 5236 apostolica
3116 5168 3331 5235 quidem
3364 5165 3639 5234 privilegia

2084 5257 2368 5314 consecuti
2406 5267 2533 5311 sunt
2567 5259 2758 5327 (ligant
2791 5258 2935 5311 enim
2977 5263 3031 5310 et
3071 5257 3288 5309 solvunt
3336 5271 3429 5323 per
3465 5270 3545 5320 se,
3577 5268 3644 5309 ac

2086 5348 2457 5402 ordinationes
2486 5344 2714 5408 faciunt,
2754 5352 2810 5399 et
2841 5345 3185 5398 incruentam
3233 5343 3467 5397 hostiam
3506 5342 3644 5397 oﬂ'e-
3727 5393 3737 5399 .

2086 5437 2271 5509 runt),
2304 5448 2358 5491 at
2380 5436 2765 5507 patriarchalia
2795 5436 2919 5505 jura
2961 5450 3072 5490 non
3111 5435 3484 5490 obtinuerunt.
3530 5433 3643 5489 Nec

2087 5528 2233 5583 enim
2257 5528 2340 5582 vel
2365 5542 2580 5593 saccos,
2613 5528 2696 5581 vel
2735 5526 2960 5596 penulas
2989 5526 3173 5580 multis
3204 5525 3488 5595 insignitas
3513 5539 3643 5585 ,ει-αι

2086 5619 2242 5673 cibus
2262 5617 2519 5681 induunt,
2541 5631 2642 5671 nec
2661 5617 2874 5670 tunicas
2902 5614 3170 5685 frequenti
3203 5615 3380 5667 littera
3404 5626 3638 5679 gamma,

2095 5710 2485 5780 triangulisqne
2519 5710 2785 5779 depictas.
2821 5707 2942 5763 llaec
2986 5719 3163 5760 autem
3198 5708 3269 5759 ita
3315 5706 3465 5765 litim,
3496 5706 3640 5774 «μιυά
