  <div class='ocr_page' id='page_1' title='image "/cluster/home/n/w/nwhite01/storage/ocr_20150623/138:no.2/coo.31924054870435/523.png"; bbox 0 0 4020 6388; ppageno 0'>
   <div class='ocr_carea' id='block_1_1' title="bbox 495 332 621 398">
    <p class='ocr_par' dir='ltr' id='par_1_1' title="bbox 495 332 621 398">
     <span class='ocr_line' id='line_1_1' title="bbox 495 332 621 398; baseline 0.032 -5"><span class='ocrx_word' id='word_1_1' title='bbox 495 332 621 398; x_wconf 69' lang='lat'><strong>1031</strong></span> 
     </span>
    </p>
   </div>
   <div class='ocr_carea' id='block_1_2' title="bbox 1748 336 2546 401">
    <p class='ocr_par' dir='ltr' id='par_1_2' title="bbox 1748 336 2546 401">
     <span class='ocr_line' id='line_1_2' title="bbox 1748 336 2546 401; baseline -0.003 -4"><span class='ocrx_word' id='word_1_2' title='bbox 1748 338 1845 397; x_wconf 81' lang='grc' dir='ltr'><strong>ΤΙΙ</strong></span> <span class='ocrx_word' id='word_1_3' title='bbox 1855 338 2019 401; x_wconf 83' lang='lat' dir='ltr'><strong>EOD.</strong></span> <span class='ocrx_word' id='word_1_4' title='bbox 2067 337 2156 395; x_wconf 80' lang='grc' dir='ltr'><strong>ΒΑ</strong></span> <span class='ocrx_word' id='word_1_5' title='bbox 2166 337 2299 397; x_wconf 79' lang='lat' dir='ltr'><strong>LSA</strong></span> <span class='ocrx_word' id='word_1_6' title='bbox 2310 336 2465 397; x_wconf 62' lang='grc' dir='ltr'><strong>ΜΘΝ</strong></span> <span class='ocrx_word' id='word_1_7' title='bbox 2479 336 2495 396; x_wconf 78' lang='grc' dir='ltr'>ἱ</span> <span class='ocrx_word' id='word_1_8' title='bbox 2508 340 2546 395; x_wconf 73' lang='lat' dir='ltr'>S</span> 
     </span>
    </p>
   </div>
   <div class='ocr_carea' id='block_1_3' title="bbox 3472 348 3686 415">
    <p class='ocr_par' dir='ltr' id='par_1_3' title="bbox 3472 348 3686 415">
     <span class='ocr_line' id='line_1_3' title="bbox 3472 348 3686 415; baseline -0.005 0"><span class='ocrx_word' id='word_1_9' title='bbox 3472 374 3487 391; x_wconf 65' lang='grc' dir='ltr'><strong>ι</strong></span> <span class='ocrx_word' id='word_1_10' title='bbox 3569 348 3686 415; x_wconf 63' lang='grc' dir='ltr'>ιοιει.</span> 
     </span>
    </p>
   </div>
   <div class='ocr_carea' id='block_1_4' title="bbox 485 446 2051 529">
    <p class='ocr_par' dir='ltr' id='par_1_4' title="bbox 485 451 2051 527">
     <span class='ocr_line' id='line_1_4' title="bbox 485 451 2051 527; baseline -0.002 -21"><span class='ocrx_word' id='word_1_11' title='bbox 485 460 577 527; x_wconf 81' lang='lat' dir='ltr'><strong>qui</strong></span> <span class='ocrx_word' id='word_1_12' title='bbox 615 454 830 524; x_wconf 84' lang='lat' dir='ltr'><strong>quidem</strong></span> <span class='ocrx_word' id='word_1_13' title='bbox 864 455 1044 509; x_wconf 82' lang='lat' dir='ltr'><strong>cuivis</strong></span> <span class='ocrx_word' id='word_1_14' title='bbox 1074 453 1140 508; x_wconf 86' lang='lat' dir='ltr'><strong>ad</strong></span> <span class='ocrx_word' id='word_1_15' title='bbox 1172 465 1391 507; x_wconf 83' lang='lat' dir='ltr'><strong>manum</strong></span> <span class='ocrx_word' id='word_1_16' title='bbox 1430 461 1573 516; x_wconf 84' lang='lat' dir='ltr'><strong>sunt,</strong></span> <span class='ocrx_word' id='word_1_17' title='bbox 1620 459 1879 519; x_wconf 80' lang='lat' dir='ltr'><strong>tanquam</strong></span> <span class='ocrx_word' id='word_1_18' title='bbox 1915 451 2051 504; x_wconf 92' lang='lat' dir='ltr'><strong>libe-</strong></span> 
     </span>
    </p>
   </div>
   <div class='ocr_carea' id='block_1_5' title="bbox 2155 446 3681 529">
    <p class='ocr_par' dir='ltr' id='par_1_5' title="bbox 2162 446 3681 529">
     <span class='ocr_line' id='line_1_5' title="bbox 2162 446 3681 529; baseline 0.005 -28"><span class='ocrx_word' id='word_1_19' title='bbox 2162 449 2309 519; x_wconf 78' lang='grc' dir='ltr'>παρὰ</span> <span class='ocrx_word' id='word_1_20' title='bbox 2342 450 2513 519; x_wconf 83' lang='grc' dir='ltr'>ταύτῃ</span> <span class='ocrx_word' id='word_1_21' title='bbox 2542 450 2608 518; x_wconf 83' lang='grc' dir='ltr'><strong>τῇ</strong></span> <span class='ocrx_word' id='word_1_22' title='bbox 2650 446 3005 518; x_wconf 71' lang='grc' dir='ltr'><strong>βασιλευούσῃ</strong></span> <span class='ocrx_word' id='word_1_23' title='bbox 3058 447 3165 500; x_wconf 81' lang='grc' dir='ltr'><strong>τῶν</strong></span> <span class='ocrx_word' id='word_1_24' title='bbox 3192 450 3392 503; x_wconf 83' lang='grc' dir='ltr'>πόλεων</span> <span class='ocrx_word' id='word_1_25' title='bbox 3442 456 3681 529; x_wconf 71' lang='grc' dir='ltr'>καθεστή-</span> 
     </span>
    </p>
   </div>
   <div class='ocr_carea' id='block_1_6' title="bbox 486 542 2053 615">
    <p class='ocr_par' dir='ltr' id='par_1_6' title="bbox 486 542 2053 615">
     <span class='ocr_line' id='line_1_6' title="bbox 486 542 2053 615; baseline -0.005 -14"><span class='ocrx_word' id='word_1_26' title='bbox 486 549 599 601; x_wconf 83' lang='lat' dir='ltr'><strong>ralc</strong></span> <span class='ocrx_word' id='word_1_27' title='bbox 640 544 913 615; x_wconf 88' lang='lat' dir='ltr'><strong>quoddam</strong></span> <span class='ocrx_word' id='word_1_28' title='bbox 961 555 1014 599; x_wconf 90' lang='lat' dir='ltr'><strong>et</strong></span> <span class='ocrx_word' id='word_1_29' title='bbox 1061 545 1210 597; x_wconf 92' lang='lat' dir='ltr'><strong>nullo</strong></span> <span class='ocrx_word' id='word_1_30' title='bbox 1266 555 1521 597; x_wconf 76' lang='lat' dir='ltr'><strong>constans</strong></span> <span class='ocrx_word' id='word_1_31' title='bbox 1567 544 1742 612; x_wconf 90' lang='lat' dir='ltr'><strong>pretio</strong></span> <span class='ocrx_word' id='word_1_32' title='bbox 1784 542 2053 611; x_wconf 85' lang='lat' dir='ltr'><strong>epulum:</strong></span> 
     </span>
    </p>
   </div>
   <div class='ocr_carea' id='block_1_7' title="bbox 486 631 2057 704">
    <p class='ocr_par' dir='ltr' id='par_1_7' title="bbox 486 631 2057 704">
     <span class='ocr_line' id='line_1_7' title="bbox 486 631 2057 704; baseline -0.004 -13"><span class='ocrx_word' id='word_1_33' title='bbox 486 652 662 704; x_wconf 83' lang='lat' dir='ltr'><strong>neque</strong></span> <span class='ocrx_word' id='word_1_34' title='bbox 710 635 935 688; x_wconf 84' lang='lat' dir='ltr'><strong>dubium</strong></span> <span class='ocrx_word' id='word_1_35' title='bbox 990 643 1095 697; x_wconf 86' lang='lat' dir='ltr'><strong>est,</strong></span> <span class='ocrx_word' id='word_1_36' title='bbox 1142 635 1273 702; x_wconf 87' lang='lat' dir='ltr'><strong>qttin</strong></span> <span class='ocrx_word' id='word_1_37' title='bbox 1330 632 1835 686; x_wconf 75' lang='lat' dir='ltr'><strong>ltorum.doctrin:e</strong></span> <span class='ocrx_word' id='word_1_38' title='bbox 1878 631 2057 685; x_wconf 90' lang='lat' dir='ltr'><strong>mulso</strong></span> 
     </span>
    </p>
   </div>
   <div class='ocr_carea' id='block_1_8' title="bbox 487 721 2053 797">
    <p class='ocr_par' dir='ltr' id='par_1_8' title="bbox 487 721 2053 797">
     <span class='ocr_line' id='line_1_8' title="bbox 487 721 2053 797; baseline -0.006 -16"><span class='ocrx_word' id='word_1_39' title='bbox 487 731 801 783; x_wconf 80' lang='lat' dir='ltr'><strong>tlulccsccrc</strong></span> <span class='ocrx_word' id='word_1_40' title='bbox 842 728 1015 797; x_wconf 88' lang='lat' dir='ltr'><strong>possit</strong></span> <span class='ocrx_word' id='word_1_41' title='bbox 1046 728 1273 780; x_wconf 87' lang='lat' dir='ltr'><strong>istorum</strong></span> <span class='ocrx_word' id='word_1_42' title='bbox 1305 723 1665 794; x_wconf 81' lang='lat' dir='ltr'><strong>ignoratiouis</strong></span> <span class='ocrx_word' id='word_1_43' title='bbox 1692 721 2053 777; x_wconf 76' lang='lat' dir='ltr'><strong>absinthium.</strong></span> 
     </span>
    </p>
   </div>
   <div class='ocr_carea' id='block_1_9' title="bbox 494 815 2054 884">
    <p class='ocr_par' dir='ltr' id='par_1_9' title="bbox 494 815 2054 884">
     <span class='ocr_line' id='line_1_9' title="bbox 494 815 2054 884; baseline -0.003 -13"><span class='ocrx_word' id='word_1_44' title='bbox 494 821 590 871; x_wconf 75' lang='lat' dir='ltr'><strong>Sin</strong></span> <span class='ocrx_word' id='word_1_45' title='bbox 627 828 807 871; x_wconf 88' lang='lat' dir='ltr'><strong>autem</strong></span> <span class='ocrx_word' id='word_1_46' title='bbox 839 833 1000 871; x_wconf 85' lang='lat' dir='ltr'><strong>sacro</strong></span> <span class='ocrx_word' id='word_1_47' title='bbox 1042 816 1355 884; x_wconf 81' lang='lat' dir='ltr'><strong>pontiﬁcum</strong></span> <span class='ocrx_word' id='word_1_48' title='bbox 1391 816 1640 884; x_wconf 88' lang='lat' dir='ltr'><strong>catalogo</strong></span> <span class='ocrx_word' id='word_1_49' title='bbox 1676 815 2054 875; x_wconf 81' lang='lat' dir='ltr'><strong>continentur,</strong></span> 
     </span>
    </p>
   </div>
   <div class='ocr_carea' id='block_1_10' title="bbox 491 905 2054 975">
    <p class='ocr_par' dir='ltr' id='par_1_10' title="bbox 491 905 2054 975">
     <span class='ocr_line' id='line_1_10' title="bbox 491 905 2054 975; baseline -0.003 -15"><span class='ocrx_word' id='word_1_50' title='bbox 491 908 676 960; x_wconf 61' lang='lat' dir='ltr'><strong>italia?!</strong></span> <span class='ocrx_word' id='word_1_51' title='bbox 711 922 947 975; x_wconf 89' lang='lat' dir='ltr'><strong>quonam</strong></span> <span class='ocrx_word' id='word_1_52' title='bbox 991 905 1151 959; x_wconf 90' lang='lat' dir='ltr'><strong>modo</strong></span> <span class='ocrx_word' id='word_1_53' title='bbox 1178 908 1300 973; x_wconf 90' lang='lat' dir='ltr'><strong>quis</strong></span> <span class='ocrx_word' id='word_1_54' title='bbox 1323 906 1515 961; x_wconf 85' lang='lat' dir='ltr'><strong>horum</strong></span> <span class='ocrx_word' id='word_1_55' title='bbox 1547 905 2054 961; x_wconf 84' lang='lat' dir='ltr'><strong>condemnationem</strong></span> 
     </span>
    </p>
   </div>
   <div class='ocr_carea' id='block_1_11' title="bbox 487 992 2053 1064">
    <p class='ocr_par' dir='ltr' id='par_1_11' title="bbox 487 992 2053 1064">
     <span class='ocr_line' id='line_1_11' title="bbox 487 992 2053 1064; baseline -0.001 -16"><span class='ocrx_word' id='word_1_56' title='bbox 487 995 1047 1064; x_wconf 75' lang='lat' dir='ltr'><strong>expresserit?Quam</strong></span> <span class='ocrx_word' id='word_1_57' title='bbox 1089 995 1233 1049; x_wconf 90' lang='lat' dir='ltr'><strong>enim</strong></span> <span class='ocrx_word' id='word_1_58' title='bbox 1276 995 1574 1049; x_wconf 89' lang='lat' dir='ltr'><strong>mercbitur</strong></span> <span class='ocrx_word' id='word_1_59' title='bbox 1604 994 1650 1049; x_wconf 91' lang='lat' dir='ltr'><strong>is</strong></span> <span class='ocrx_word' id='word_1_60' title='bbox 1677 994 1916 1055; x_wconf 83' lang='lat' dir='ltr'><strong>veniam,</strong></span> <span class='ocrx_word' id='word_1_61' title='bbox 1960 992 2053 1062; x_wconf 91' lang='lat' dir='ltr'><strong>qui</strong></span> 
     </span>
    </p>
   </div>
   <div class='ocr_carea' id='block_1_12' title="bbox 488 1086 2054 1155">
    <p class='ocr_par' dir='ltr' id='par_1_12' title="bbox 488 1086 2054 1155">
     <span class='ocr_line' id='line_1_12' title="bbox 488 1086 2054 1155; baseline -0.001 -15"><span class='ocrx_word' id='word_1_62' title='bbox 488 1105 611 1141; x_wconf 82' lang='lat' dir='ltr'><strong>cum</strong></span> <span class='ocrx_word' id='word_1_63' title='bbox 644 1105 702 1143; x_wconf 89' lang='lat' dir='ltr'><strong>se</strong></span> <span class='ocrx_word' id='word_1_64' title='bbox 726 1103 964 1142; x_wconf 81' lang='lat' dir='ltr'><strong>canones</strong></span> <span class='ocrx_word' id='word_1_65' title='bbox 994 1089 1190 1141; x_wconf 72' lang='lat' dir='ltr'><strong>docere</strong></span> <span class='ocrx_word' id='word_1_66' title='bbox 1218 1086 1556 1155; x_wconf 71' lang='lat' dir='ltr'><strong>proﬁteatur,</strong></span> <span class='ocrx_word' id='word_1_67' title='bbox 1583 1100 1854 1140; x_wconf 87' lang='lat' dir='ltr'><strong>canonum</strong></span> <span class='ocrx_word' id='word_1_68' title='bbox 1873 1094 2054 1140; x_wconf 90' lang='lat' dir='ltr'><strong>tamen</strong></span> 
     </span>
    </p>
   </div>
   <div class='ocr_carea' id='block_1_13' title="bbox 488 1177 2053 1247">
    <p class='ocr_par' dir='ltr' id='par_1_13' title="bbox 488 1177 2053 1247">
     <span class='ocr_line' id='line_1_13' title="bbox 488 1177 2053 1247; baseline -0.001 -16"><span class='ocrx_word' id='word_1_69' title='bbox 488 1180 792 1232; x_wconf 88' lang='lat' dir='ltr'><strong>crassitiem</strong></span> <span class='ocrx_word' id='word_1_70' title='bbox 850 1193 957 1230; x_wconf 90' lang='lat' dir='ltr'><strong>non</strong></span> <span class='ocrx_word' id='word_1_71' title='bbox 996 1177 1162 1240; x_wconf 86' lang='lat' dir='ltr'><strong>videt,</strong></span> <span class='ocrx_word' id='word_1_72' title='bbox 1213 1193 1337 1246; x_wconf 67' lang='lat' dir='ltr'><strong>qua:</strong></span> <span class='ocrx_word' id='word_1_73' title='bbox 1379 1177 1559 1247; x_wconf 87' lang='lat' dir='ltr'><strong>ipsqu</strong></span> <span class='ocrx_word' id='word_1_74' title='bbox 1612 1191 1778 1245; x_wconf 78' lang='lat' dir='ltr'><strong>prope</strong></span> <span class='ocrx_word' id='word_1_75' title='bbox 1816 1185 2053 1230; x_wconf 91' lang='lat' dir='ltr'><strong>montem</strong></span> 
     </span>
    </p>
   </div>
   <div class='ocr_carea' id='block_1_14' title="bbox 486 1266 2054 1335">
    <p class='ocr_par' dir='ltr' id='par_1_14' title="bbox 486 1266 2054 1335">
     <span class='ocr_line' id='line_1_14' title="bbox 486 1266 2054 1335; baseline -0.001 -15"><span class='ocrx_word' id='word_1_76' title='bbox 486 1272 663 1321; x_wconf 80' lang='lat' dir='ltr'><strong>Athon</strong></span> <span class='ocrx_word' id='word_1_77' title='bbox 728 1268 995 1335; x_wconf 85' lang='lat' dir='ltr'><strong>superat?</strong></span> <span class='ocrx_word' id='word_1_78' title='bbox 1054 1266 1291 1321; x_wconf 90' lang='lat' dir='ltr'><strong>Omnino</strong></span> <span class='ocrx_word' id='word_1_79' title='bbox 1340 1267 1565 1320; x_wconf 92' lang='lat' dir='ltr'><strong>nullam.</strong></span> <span class='ocrx_word' id='word_1_80' title='bbox 1615 1266 1725 1320; x_wconf 93' lang='lat' dir='ltr'><strong>lmo</strong></span> <span class='ocrx_word' id='word_1_81' title='bbox 1776 1267 1954 1335; x_wconf 87' lang='lat' dir='ltr'><strong>potius</strong></span> <span class='ocrx_word' id='word_1_82' title='bbox 1988 1281 2054 1319; x_wconf 80' lang='lat' dir='ltr'><strong>ex</strong></span> 
     </span>
    </p>
   </div>
   <div class='ocr_carea' id='block_1_15' title="bbox 486 1355 2053 1426">
    <p class='ocr_par' dir='ltr' id='par_1_15' title="bbox 486 1355 2053 1426">
     <span class='ocr_line' id='line_1_15' title="bbox 486 1355 2053 1426; baseline 0 -19"><span class='ocrx_word' id='word_1_83' title='bbox 486 1358 846 1424; x_wconf 82' lang='lat' dir='ltr'><strong>munipotenti</strong></span> <span class='ocrx_word' id='word_1_84' title='bbox 912 1359 1020 1411; x_wconf 88' lang='lat' dir='ltr'><strong>Deo</strong></span> <span class='ocrx_word' id='word_1_85' title='bbox 1054 1358 1253 1411; x_wconf 88' lang='lat' dir='ltr'><strong>audiet.</strong></span> <span class='ocrx_word' id='word_1_86' title='bbox 1290 1355 1369 1410; x_wconf 87' lang='lat' dir='ltr'><strong>Tu</strong></span> <span class='ocrx_word' id='word_1_87' title='bbox 1427 1357 1661 1426; x_wconf 90' lang='lat' dir='ltr'><strong>rejecisti</strong></span> <span class='ocrx_word' id='word_1_88' title='bbox 1687 1356 1978 1421; x_wconf 88' lang='lat' dir='ltr'><strong>justitiam,</strong></span> <span class='ocrx_word' id='word_1_89' title='bbox 2004 1364 2053 1408; x_wconf 92' lang='lat' dir='ltr'><strong>et</strong></span> 
     </span>
    </p>
   </div>
   <div class='ocr_carea' id='block_1_16' title="bbox 487 1446 2057 1516">
    <p class='ocr_par' dir='ltr' id='par_1_16' title="bbox 487 1446 2057 1516">
     <span class='ocr_line' id='line_1_16' title="bbox 487 1446 2057 1516; baseline -0.001 -18"><span class='ocrx_word' id='word_1_90' title='bbox 487 1461 586 1516; x_wconf 76' lang='lat' dir='ltr'><strong>ego</strong></span> <span class='ocrx_word' id='word_1_91' title='bbox 618 1447 862 1516; x_wconf 76' lang='lat' dir='ltr'><strong>rt-jicia&#39;m</strong></span> <span class='ocrx_word' id='word_1_92' title='bbox 900 1454 972 1511; x_wconf 86' lang='lat' dir='ltr'><strong>te,</strong></span> <span class='ocrx_word' id='word_1_93' title='bbox 1006 1463 1074 1501; x_wconf 91' lang='lat' dir='ltr'><strong>ne</strong></span> <span class='ocrx_word' id='word_1_94' title='bbox 1107 1448 1241 1501; x_wconf 85' lang='lat' dir='ltr'><strong>mihi</strong></span> <span class='ocrx_word' id='word_1_95' title='bbox 1275 1447 1352 1501; x_wconf 86' lang='lat' dir='ltr'><strong>sis</strong></span> <span class='ocrx_word' id='word_1_96' title='bbox 1382 1447 1660 1501; x_wconf 85' lang='lat' dir='ltr'><strong>sacerdos.</strong></span> <span class='ocrx_word' id='word_1_97' title='bbox 1709 1446 2057 1514; x_wconf 87' lang='lat' dir='ltr'><strong>Quapropter</strong></span> 
     </span>
    </p>
   </div>
   <div class='ocr_carea' id='block_1_17' title="bbox 486 1536 2053 1605">
    <p class='ocr_par' dir='ltr' id='par_1_17' title="bbox 486 1536 2053 1605">
     <span class='ocr_line' id='line_1_17' title="bbox 486 1536 2053 1605; baseline 0.001 -18"><span class='ocrx_word' id='word_1_98' title='bbox 486 1539 633 1590; x_wconf 89' lang='lat' dir='ltr'><strong>omni</strong></span> <span class='ocrx_word' id='word_1_99' title='bbox 664 1538 729 1590; x_wconf 91' lang='lat' dir='ltr'><strong>de</strong></span> <span class='ocrx_word' id='word_1_100' title='bbox 775 1539 875 1591; x_wconf 89' lang='lat' dir='ltr'><strong>hoc</strong></span> <span class='ocrx_word' id='word_1_101' title='bbox 910 1537 1258 1591; x_wconf 85' lang='lat' dir='ltr'><strong>contentione</strong></span> <span class='ocrx_word' id='word_1_102' title='bbox 1291 1539 1519 1599; x_wconf 82' lang='lat' dir='ltr'><strong>omissa,</strong></span> <span class='ocrx_word' id='word_1_103' title='bbox 1554 1537 1759 1605; x_wconf 86' lang='lat' dir='ltr'><strong>scripto</strong></span> <span class='ocrx_word' id='word_1_104' title='bbox 1799 1536 2053 1605; x_wconf 59' lang='lat' dir='ltr'><strong>praesenti</strong></span> 
     </span>
    </p>
   </div>
   <div class='ocr_carea' id='block_1_18' title="bbox 485 1627 2058 1682">
    <p class='ocr_par' dir='ltr' id='par_1_18' title="bbox 485 1627 2058 1682">
     <span class='ocr_line' id='line_1_18' title="bbox 485 1627 2058 1682; baseline 0 -3"><span class='ocrx_word' id='word_1_105' title='bbox 485 1628 551 1680; x_wconf 85' lang='lat' dir='ltr'><strong>ad</strong></span> <span class='ocrx_word' id='word_1_106' title='bbox 583 1630 887 1681; x_wconf 85' lang='lat' dir='ltr'><strong>tollendum</strong></span> <span class='ocrx_word' id='word_1_107' title='bbox 915 1644 1076 1681; x_wconf 89' lang='lat' dir='ltr'><strong>omne</strong></span> <span class='ocrx_word' id='word_1_108' title='bbox 1111 1627 1431 1681; x_wconf 82' lang='lat' dir='ltr'><strong>scandalum</strong></span> <span class='ocrx_word' id='word_1_109' title='bbox 1469 1628 1707 1682; x_wconf 88' lang='lat' dir='ltr'><strong>inseram</strong></span> <span class='ocrx_word' id='word_1_110' title='bbox 1741 1643 1923 1682; x_wconf 79' lang='lat' dir='ltr'><strong>xum</strong></span> <span class='ocrx_word' id='word_1_111' title='bbox 1962 1643 2058 1680; x_wconf 91' lang='lat' dir='ltr'><strong>ca-</strong></span> 
     </span>
    </p>
   </div>
   <div class='ocr_carea' id='block_1_19' title="bbox 485 1715 2052 1786">
    <p class='ocr_par' dir='ltr' id='par_1_19' title="bbox 485 1715 2052 1786">
     <span class='ocr_line' id='line_1_19' title="bbox 485 1715 2052 1786; baseline 0.003 -19"><span class='ocrx_word' id='word_1_112' title='bbox 485 1731 682 1768; x_wconf 88' lang='lat' dir='ltr'><strong>nonem</strong></span> <span class='ocrx_word' id='word_1_113' title='bbox 718 1729 922 1770; x_wconf 56' lang='lat' dir='ltr'><strong>coacta</strong></span> <span class='ocrx_word' id='word_1_114' title='bbox 948 1718 999 1769; x_wconf 89' lang='lat' dir='ltr'><strong>in</strong></span> <span class='ocrx_word' id='word_1_115' title='bbox 1042 1717 1224 1784; x_wconf 86' lang='lat' dir='ltr'><strong>magni</strong></span> <span class='ocrx_word' id='word_1_116' title='bbox 1270 1717 1456 1786; x_wconf 85' lang='lat' dir='ltr'><strong>palatii</strong></span> <span class='ocrx_word' id='word_1_117' title='bbox 1501 1715 1687 1770; x_wconf 90' lang='lat' dir='ltr'><strong>Trullo</strong></span> <span class='ocrx_word' id='word_1_118' title='bbox 1740 1728 1945 1772; x_wconf 73' lang='lat' dir='ltr'><strong>sancta:</strong></span> <span class='ocrx_word' id='word_1_119' title='bbox 1988 1732 2052 1771; x_wconf 85' lang='lat' dir='ltr'><strong>ac</strong></span> 
     </span>
    </p>
   </div>
   <div class='ocr_carea' id='block_1_20' title="bbox 488 1810 2048 1881">
    <p class='ocr_par' dir='ltr' id='par_1_20' title="bbox 488 1810 2048 1881">
     <span class='ocr_line' id='line_1_20' title="bbox 488 1810 2048 1881; baseline 0.005 -22"><span class='ocrx_word' id='word_1_120' title='bbox 488 1810 814 1863; x_wconf 81' lang='lat' dir='ltr'><strong>universalis</strong></span> <span class='ocrx_word' id='word_1_121' title='bbox 842 1811 1057 1881; x_wconf 86' lang='lat' dir='ltr'><strong>synodi,</strong></span> <span class='ocrx_word' id='word_1_122' title='bbox 1086 1827 1207 1877; x_wconf 69' lang='lat' dir='ltr'><strong>quae</strong></span> <span class='ocrx_word' id='word_1_123' title='bbox 1240 1812 1428 1879; x_wconf 90' lang='lat' dir='ltr'><strong>quinta</strong></span> <span class='ocrx_word' id='word_1_124' title='bbox 1458 1820 1510 1864; x_wconf 87' lang='lat' dir='ltr'><strong>et</strong></span> <span class='ocrx_word' id='word_1_125' title='bbox 1544 1822 1694 1866; x_wconf 80' lang='lat' dir='ltr'><strong>sexta</strong></span> <span class='ocrx_word' id='word_1_126' title='bbox 1724 1812 1827 1866; x_wconf 89' lang='lat' dir='ltr'><strong>dici</strong></span> <span class='ocrx_word' id='word_1_127' title='bbox 1858 1814 1998 1866; x_wconf 88' lang='lat' dir='ltr'><strong>solet</strong></span> <span class='ocrx_word' id='word_1_128' title='bbox 2032 1832 2048 1867; x_wconf 88' lang='lat'><strong>:</strong></span> 
     </span>
    </p>
   </div>
   <div class='ocr_carea' id='block_1_21' title="bbox 484 1900 2053 1968">
    <p class='ocr_par' dir='ltr' id='par_1_21' title="bbox 484 1900 2053 1968">
     <span class='ocr_line' id='line_1_21' title="bbox 484 1900 2053 1968; baseline 0.004 -17"><span class='ocrx_word' id='word_1_129' title='bbox 484 1900 576 1966; x_wconf 89' lang='lat' dir='ltr'><strong>qui</strong></span> <span class='ocrx_word' id='word_1_130' title='bbox 609 1915 741 1953; x_wconf 84' lang='lat' dir='ltr'><strong>sane</strong></span> <span class='ocrx_word' id='word_1_131' title='bbox 769 1916 943 1953; x_wconf 89' lang='lat' dir='ltr'><strong>canon</strong></span> <span class='ocrx_word' id='word_1_132' title='bbox 971 1903 1042 1954; x_wconf 91' lang='lat' dir='ltr'><strong>ita</strong></span> <span class='ocrx_word' id='word_1_133' title='bbox 1076 1910 1233 1955; x_wconf 88' lang='lat' dir='ltr'><strong>sonat</strong></span> <span class='ocrx_word' id='word_1_134' title='bbox 1263 1902 1327 1955; x_wconf 87' lang='lat' dir='ltr'><strong>ad</strong></span> <span class='ocrx_word' id='word_1_135' title='bbox 1364 1904 1587 1955; x_wconf 81' lang='lat' dir='ltr'><strong>verbum</strong></span> <span class='ocrx_word' id='word_1_136' title='bbox 1616 1919 1629 1955; x_wconf 89' lang='lat'><strong>:</strong></span> <span class='ocrx_word' id='word_1_137' title='bbox 1671 1904 1811 1968; x_wconf 84' lang='lat' dir='ltr'><strong>Quia</strong></span> <span class='ocrx_word' id='word_1_138' title='bbox 1834 1903 2053 1958; x_wconf 80' lang='lat' dir='ltr'><strong>diversis</strong></span> 
     </span>
    </p>
   </div>
   <div class='ocr_carea' id='block_1_22' title="bbox 487 1989 2053 2060">
    <p class='ocr_par' dir='ltr' id='par_1_22' title="bbox 487 1989 2053 2060">
     <span class='ocr_line' id='line_1_22' title="bbox 487 1989 2053 2060; baseline 0.004 -20"><span class='ocrx_word' id='word_1_139' title='bbox 487 1989 802 2057; x_wconf 77' lang='lat' dir='ltr'><strong>temporibus</strong></span> <span class='ocrx_word' id='word_1_140' title='bbox 863 1991 1220 2045; x_wconf 42' lang='lat' dir='ltr'><strong>Barb’arorum</strong></span> <span class='ocrx_word' id='word_1_141' title='bbox 1296 1993 1664 2059; x_wconf 85' lang='lat' dir='ltr'><strong>impressiones</strong></span> <span class='ocrx_word' id='word_1_142' title='bbox 1730 1995 2053 2060; x_wconf 88' lang='lat' dir='ltr'><strong>acciderunt,</strong></span> 
     </span>
    </p>
   </div>
   <div class='ocr_carea' id='block_1_23' title="bbox 484 2076 2055 2151">
    <p class='ocr_par' dir='ltr' id='par_1_23' title="bbox 484 2076 2055 2151">
     <span class='ocr_line' id='line_1_23' title="bbox 484 2076 2055 2151; baseline 0.008 -25"><span class='ocrx_word' id='word_1_143' title='bbox 484 2085 534 2127; x_wconf 91' lang='lat' dir='ltr'><strong>et</strong></span> <span class='ocrx_word' id='word_1_144' title='bbox 576 2076 727 2129; x_wconf 87' lang='lat' dir='ltr'><strong>urbes</strong></span> <span class='ocrx_word' id='word_1_145' title='bbox 784 2078 901 2130; x_wconf 85' lang='lat' dir='ltr'><strong>hinc</strong></span> <span class='ocrx_word' id='word_1_146' title='bbox 943 2080 1187 2147; x_wconf 73' lang='lat' dir='ltr'><strong>plurima:</strong></span> <span class='ocrx_word' id='word_1_147' title='bbox 1235 2080 1461 2135; x_wconf 76' lang='lat' dir='ltr'><strong>redacta:</strong></span> <span class='ocrx_word' id='word_1_148' title='bbox 1515 2093 1634 2135; x_wconf 87' lang='lat' dir='ltr'><strong>sunt</strong></span> <span class='ocrx_word' id='word_1_149' title='bbox 1668 2087 1721 2135; x_wconf 88' lang='lat' dir='ltr'><strong>in</strong></span> <span class='ocrx_word' id='word_1_150' title='bbox 1749 2092 2055 2151; x_wconf 83' lang='lat' dir='ltr'><strong>potestatem</strong></span> 
     </span>
    </p>
   </div>
   <div class='ocr_carea' id='block_1_24' title="bbox 484 2168 2055 2243">
    <p class='ocr_par' dir='ltr' id='par_1_24' title="bbox 484 2168 2055 2243">
     <span class='ocr_line' id='line_1_24' title="bbox 484 2168 2055 2243; baseline 0.008 -27"><span class='ocrx_word' id='word_1_151' title='bbox 484 2168 789 2235; x_wconf 86' lang='lat' dir='ltr'><strong>impiorum,</strong></span> <span class='ocrx_word' id='word_1_152' title='bbox 821 2170 897 2221; x_wconf 89' lang='lat' dir='ltr'><strong>ita</strong></span> <span class='ocrx_word' id='word_1_153' title='bbox 935 2178 991 2223; x_wconf 88' lang='lat' dir='ltr'><strong>ut</strong></span> <span class='ocrx_word' id='word_1_154' title='bbox 1037 2173 1275 2238; x_wconf 76' lang='lat' dir='ltr'><strong>deinceps</strong></span> <span class='ocrx_word' id='word_1_155' title='bbox 1322 2172 1479 2240; x_wconf 83' lang='lat' dir='ltr'><strong>hujus</strong></span> <span class='ocrx_word' id='word_1_156' title='bbox 1511 2173 1638 2227; x_wconf 85' lang='lat' dir='ltr'><strong>talis</strong></span> <span class='ocrx_word' id='word_1_157' title='bbox 1674 2175 1818 2227; x_wconf 86' lang='lat' dir='ltr'><strong>urbis</strong></span> <span class='ocrx_word' id='word_1_158' title='bbox 1862 2191 2055 2243; x_wconf 67' lang='lat' dir='ltr'><strong>presses</strong></span> 
     </span>
    </p>
   </div>
   <div class='ocr_carea' id='block_1_25' title="bbox 481 2263 2056 2332">
    <p class='ocr_par' dir='ltr' id='par_1_25' title="bbox 481 2263 2056 2332">
     <span class='ocr_line' id='line_1_25' title="bbox 481 2263 2056 2332; baseline 0.003 -19"><span class='ocrx_word' id='word_1_159' title='bbox 481 2270 597 2325; x_wconf 82' lang='lat' dir='ltr'><strong>post</strong></span> <span class='ocrx_word' id='word_1_160' title='bbox 628 2263 1008 2315; x_wconf 80' lang='lat' dir='ltr'><strong>ordinationem</strong></span> <span class='ocrx_word' id='word_1_161' title='bbox 1037 2280 1186 2316; x_wconf 87' lang='lat' dir='ltr'><strong>suam</strong></span> <span class='ocrx_word' id='word_1_162' title='bbox 1226 2280 1329 2317; x_wconf 90' lang='lat' dir='ltr'><strong>non</strong></span> <span class='ocrx_word' id='word_1_163' title='bbox 1354 2266 1582 2332; x_wconf 83' lang='lat' dir='ltr'><strong>potuerit</strong></span> <span class='ocrx_word' id='word_1_164' title='bbox 1610 2265 1852 2319; x_wconf 90' lang='lat' dir='ltr'><strong>thronum</strong></span> <span class='ocrx_word' id='word_1_165' title='bbox 1901 2283 2056 2320; x_wconf 87' lang='lat' dir='ltr'><strong>suum</strong></span> 
     </span>
    </p>
   </div>
   <div class='ocr_carea' id='block_1_26' title="bbox 483 2351 2059 2423">
    <p class='ocr_par' dir='ltr' id='par_1_26' title="bbox 483 2351 2059 2423">
     <span class='ocr_line' id='line_1_26' title="bbox 483 2351 2059 2423; baseline 0.006 -22"><span class='ocrx_word' id='word_1_166' title='bbox 483 2351 735 2413; x_wconf 74' lang='lat' dir='ltr'><strong>deripere.</strong></span> <span class='ocrx_word' id='word_1_167' title='bbox 786 2362 942 2421; x_wconf 82' lang='lat' dir='ltr'><strong>atque</strong></span> <span class='ocrx_word' id='word_1_168' title='bbox 993 2355 1044 2405; x_wconf 91' lang='lat' dir='ltr'><strong>in</strong></span> <span class='ocrx_word' id='word_1_169' title='bbox 1101 2370 1160 2406; x_wconf 89' lang='lat' dir='ltr'><strong>eo</strong></span> <span class='ocrx_word' id='word_1_170' title='bbox 1218 2371 1312 2423; x_wconf 88' lang='lat' dir='ltr'><strong>pro</strong></span> <span class='ocrx_word' id='word_1_171' title='bbox 1368 2357 1668 2410; x_wconf 80' lang='lat' dir='ltr'><strong>conditione</strong></span> <span class='ocrx_word' id='word_1_172' title='bbox 1737 2358 2059 2412; x_wconf 81' lang='lat' dir='ltr'><strong>sacerdotali</strong></span> 
     </span>
    </p>
   </div>
   <div class='ocr_carea' id='block_1_27' title="bbox 481 2442 2054 2511">
    <p class='ocr_par' dir='ltr' id='par_1_27' title="bbox 481 2442 2054 2511">
     <span class='ocr_line' id='line_1_27' title="bbox 481 2442 2054 2511; baseline 0.004 -16"><span class='ocrx_word' id='word_1_173' title='bbox 481 2442 758 2506; x_wconf 88' lang='lat' dir='ltr'><strong>collocari,</strong></span> <span class='ocrx_word' id='word_1_174' title='bbox 817 2453 865 2496; x_wconf 89' lang='lat' dir='ltr'><strong>et</strong></span> <span class='ocrx_word' id='word_1_175' title='bbox 909 2460 1006 2497; x_wconf 88' lang='lat' dir='ltr'><strong>usu</strong></span> <span class='ocrx_word' id='word_1_176' title='bbox 1046 2454 1250 2511; x_wconf 90' lang='lat' dir='ltr'><strong>recepta</strong></span> <span class='ocrx_word' id='word_1_177' title='bbox 1303 2449 1681 2502; x_wconf 80' lang='lat' dir='ltr'><strong>consuetudine</strong></span> <span class='ocrx_word' id='word_1_178' title='bbox 1729 2458 1838 2501; x_wconf 87' lang='lat' dir='ltr'><strong>tam</strong></span> <span class='ocrx_word' id='word_1_179' title='bbox 1905 2448 2054 2501; x_wconf 81' lang='lat' dir='ltr'><strong>ordi—</strong></span> 
     </span>
    </p>
   </div>
   <div class='ocr_carea' id='block_1_28' title="bbox 483 2533 2057 2607">
    <p class='ocr_par' dir='ltr' id='par_1_28' title="bbox 483 2533 2057 2607">
     <span class='ocr_line' id='line_1_28' title="bbox 483 2533 2057 2607; baseline 0.006 -23"><span class='ocrx_word' id='word_1_180' title='bbox 483 2533 739 2596; x_wconf 73' lang='lat' dir='ltr'><strong>nationes,</strong></span> <span class='ocrx_word' id='word_1_181' title='bbox 790 2549 949 2600; x_wconf 83' lang='lat' dir='ltr'><strong>quam</strong></span> <span class='ocrx_word' id='word_1_182' title='bbox 1002 2535 1114 2587; x_wconf 88' lang='lat' dir='ltr'><strong>alia</strong></span> <span class='ocrx_word' id='word_1_183' title='bbox 1171 2537 1370 2600; x_wconf 84' lang='lat' dir='ltr'><strong>omnia,</strong></span> <span class='ocrx_word' id='word_1_184' title='bbox 1430 2554 1545 2607; x_wconf 77' lang='lat' dir='ltr'><strong>qua:</strong></span> <span class='ocrx_word' id='word_1_185' title='bbox 1584 2538 1653 2591; x_wconf 82' lang='lat' dir='ltr'><strong>ad</strong></span> <span class='ocrx_word' id='word_1_186' title='bbox 1683 2540 1909 2606; x_wconf 80' lang='lat' dir='ltr'><strong>episcopi</strong></span> <span class='ocrx_word' id='word_1_187' title='bbox 1935 2555 2057 2605; x_wconf 81' lang='lat' dir='ltr'><strong>per—</strong></span> 
     </span>
    </p>
   </div>
   <div class='ocr_carea' id='block_1_29' title="bbox 483 2622 2054 2700">
    <p class='ocr_par' dir='ltr' id='par_1_29' title="bbox 483 2622 2054 2700">
     <span class='ocr_line' id='line_1_29' title="bbox 483 2622 2054 2700; baseline 0.008 -29"><span class='ocrx_word' id='word_1_188' title='bbox 483 2622 651 2674; x_wconf 84' lang='lat' dir='ltr'><strong>tinent</strong></span> <span class='ocrx_word' id='word_1_189' title='bbox 689 2623 933 2690; x_wconf 77' lang='lat' dir='ltr'><strong>oﬂicium.</strong></span> <span class='ocrx_word' id='word_1_190' title='bbox 968 2627 1216 2693; x_wconf 83' lang='lat' dir='ltr'><strong>perﬁcere</strong></span> <span class='ocrx_word' id='word_1_191' title='bbox 1240 2638 1396 2696; x_wconf 88' lang='lat' dir='ltr'><strong>atque</strong></span> <span class='ocrx_word' id='word_1_192' title='bbox 1432 2643 1673 2682; x_wconf 75' lang='lat' dir='ltr'><strong>exercere</strong></span> <span class='ocrx_word' id='word_1_193' title='bbox 1698 2644 1718 2683; x_wconf 89' lang='lat'><strong><em>:</em></strong></span> <span class='ocrx_word' id='word_1_194' title='bbox 1754 2647 1848 2682; x_wconf 89' lang='lat' dir='ltr'><strong>nos</strong></span> <span class='ocrx_word' id='word_1_195' title='bbox 1880 2631 2054 2700; x_wconf 86' lang='lat' dir='ltr'><strong>digni-</strong></span> 
     </span>
    </p>
   </div>
   <div class='ocr_carea' id='block_1_30' title="bbox 483 2717 2055 2786">
    <p class='ocr_par' dir='ltr' id='par_1_30' title="bbox 483 2717 2055 2786">
     <span class='ocr_line' id='line_1_30' title="bbox 483 2717 2055 2786; baseline 0.008 -23"><span class='ocrx_word' id='word_1_196' title='bbox 483 2722 643 2765; x_wconf 83' lang='lat' dir='ltr'><strong>tatem</strong></span> <span class='ocrx_word' id='word_1_197' title='bbox 682 2722 729 2767; x_wconf 90' lang='lat' dir='ltr'><strong>et</strong></span> <span class='ocrx_word' id='word_1_198' title='bbox 761 2717 1145 2769; x_wconf 81' lang='lat' dir='ltr'><strong>venerationem</strong></span> <span class='ocrx_word' id='word_1_199' title='bbox 1171 2717 1455 2771; x_wconf 85' lang='lat' dir='ltr'><strong>sacerdotii</strong></span> <span class='ocrx_word' id='word_1_200' title='bbox 1482 2729 1706 2783; x_wconf 85' lang='lat' dir='ltr'><strong>tuentes,</strong></span> <span class='ocrx_word' id='word_1_201' title='bbox 1739 2722 2055 2786; x_wconf 85' lang='lat' dir='ltr'><strong>minimeque</strong></span> 
     </span>
    </p>
   </div>
   <div class='ocr_carea' id='block_1_31' title="bbox 482 2803 2054 2878">
    <p class='ocr_par' dir='ltr' id='par_1_31' title="bbox 482 2803 2054 2878">
     <span class='ocr_line' id='line_1_31' title="bbox 482 2803 2054 2878; baseline 0.008 -24"><span class='ocrx_word' id='word_1_202' title='bbox 482 2803 727 2870; x_wconf 68' lang='lat' dir='ltr'><strong>nolentes,</strong></span> <span class='ocrx_word' id='word_1_203' title='bbox 765 2815 820 2858; x_wconf 84' lang='lat' dir='ltr'><strong>ut</strong></span> <span class='ocrx_word' id='word_1_204' title='bbox 847 2806 1047 2873; x_wconf 82' lang='lat' dir='ltr'><strong>injuria</strong></span> <span class='ocrx_word' id='word_1_205' title='bbox 1085 2824 1414 2876; x_wconf 78' lang='lat' dir='ltr'><strong>paganorum</strong></span> <span class='ocrx_word' id='word_1_206' title='bbox 1440 2809 1654 2878; x_wconf 84' lang='lat' dir='ltr'><strong>juribus</strong></span> <span class='ocrx_word' id='word_1_207' title='bbox 1680 2813 2054 2866; x_wconf 80' lang='lat' dir='ltr'><strong>ecclesiasticis</strong></span> 
     </span>
    </p>
   </div>
   <div class='ocr_carea' id='block_1_32' title="bbox 479 2895 2054 2967">
    <p class='ocr_par' dir='ltr' id='par_1_32' title="bbox 479 2895 2054 2967">
     <span class='ocr_line' id='line_1_32' title="bbox 479 2895 2054 2967; baseline 0.008 -24"><span class='ocrx_word' id='word_1_208' title='bbox 479 2895 793 2949; x_wconf 81' lang='lat' dir='ltr'><strong>detrimento</strong></span> <span class='ocrx_word' id='word_1_209' title='bbox 856 2899 951 2962; x_wconf 85' lang='lat' dir='ltr'><strong>sit,</strong></span> <span class='ocrx_word' id='word_1_210' title='bbox 1010 2902 1064 2951; x_wconf 90' lang='lat' dir='ltr'><strong>in</strong></span> <span class='ocrx_word' id='word_1_211' title='bbox 1118 2903 1254 2952; x_wconf 85' lang='lat' dir='ltr'><strong>hunc</strong></span> <span class='ocrx_word' id='word_1_212' title='bbox 1309 2901 1521 2954; x_wconf 86' lang='lat' dir='ltr'><strong>modum</strong></span> <span class='ocrx_word' id='word_1_213' title='bbox 1573 2903 1857 2967; x_wconf 86' lang='lat' dir='ltr'><strong>ordinatis,</strong></span> <span class='ocrx_word' id='word_1_214' title='bbox 1904 2912 1955 2957; x_wconf 84' lang='lat' dir='ltr'><strong>et</strong></span> <span class='ocrx_word' id='word_1_215' title='bbox 1990 2904 2054 2957; x_wconf 84' lang='lat' dir='ltr'><strong>ob</strong></span> 
     </span>
    </p>
   </div>
   <div class='ocr_carea' id='block_1_33' title="bbox 480 2992 2053 3062">
    <p class='ocr_par' dir='ltr' id='par_1_33' title="bbox 480 2992 2053 3062">
     <span class='ocr_line' id='line_1_33' title="bbox 480 2992 2053 3062; baseline 0.007 -24"><span class='ocrx_word' id='word_1_216' title='bbox 480 3004 697 3040; x_wconf 77' lang='lat' dir='ltr'><strong>causam</strong></span> <span class='ocrx_word' id='word_1_217' title='bbox 737 3006 895 3056; x_wconf 90' lang='lat' dir='ltr'><strong>supra</strong></span> <span class='ocrx_word' id='word_1_218' title='bbox 922 2992 1150 3056; x_wconf 87' lang='lat' dir='ltr'><strong>positam</strong></span> <span class='ocrx_word' id='word_1_219' title='bbox 1182 2992 1395 3047; x_wconf 83' lang='lat' dir='ltr'><strong>thronos</strong></span> <span class='ocrx_word' id='word_1_220' title='bbox 1433 3010 1556 3047; x_wconf 90' lang='lat' dir='ltr'><strong>suos</strong></span> <span class='ocrx_word' id='word_1_221' title='bbox 1597 3012 1701 3049; x_wconf 90' lang='lat' dir='ltr'><strong>non</strong></span> <span class='ocrx_word' id='word_1_222' title='bbox 1730 2994 2053 3062; x_wconf 83' lang='lat' dir='ltr'><strong>possidenti-</strong></span> 
     </span>
    </p>
   </div>
   <div class='ocr_carea' id='block_1_34' title="bbox 2161 537 3683 615">
    <p class='ocr_par' dir='ltr' id='par_1_34' title="bbox 2161 537 3683 615">
     <span class='ocr_line' id='line_1_34' title="bbox 2161 537 3683 615; baseline 0.006 -24"><span class='ocrx_word' id='word_1_223' title='bbox 2161 556 2305 603; x_wconf 86' lang='grc' dir='ltr'>κασι,</span> <span class='ocrx_word' id='word_1_224' title='bbox 2342 539 2433 591; x_wconf 64' lang='grc' dir='ltr'><strong>καλ⁸</strong></span> <span class='ocrx_word' id='word_1_225' title='bbox 2460 540 2779 609; x_wconf 82' lang='grc' dir='ltr'><strong>πρόκεινται</strong></span> <span class='ocrx_word' id='word_1_226' title='bbox 2802 537 2880 607; x_wconf 84' lang='grc' dir='ltr'><strong>τῷ</strong></span> <span class='ocrx_word' id='word_1_227' title='bbox 2904 537 3213 609; x_wconf 79' lang='grc' dir='ltr'><strong>βουλομένῳ</strong></span> <span class='ocrx_word' id='word_1_228' title='bbox 3256 541 3407 594; x_wconf 80' lang='grc' dir='ltr'>παντὶ</span> <span class='ocrx_word' id='word_1_229' title='bbox 3435 544 3683 615; x_wconf 79' lang='grc' dir='ltr'>φιλότιμος</span> 
     </span>
    </p>
   </div>
   <div class='ocr_carea' id='block_1_35' title="bbox 2158 629 3684 705">
    <p class='ocr_par' dir='ltr' id='par_1_35' title="bbox 2158 629 3684 705">
     <span class='ocr_line' id='line_1_35' title="bbox 2158 629 3684 705; baseline -0.003 -23"><span class='ocrx_word' id='word_1_230' title='bbox 2158 630 2450 683; x_wconf 81' lang='grc' dir='ltr'><strong>πανδαισία</strong></span> <span class='ocrx_word' id='word_1_231' title='bbox 2495 629 2591 683; x_wconf 74' lang='grc' dir='ltr'>καὶ</span> <span class='ocrx_word' id='word_1_232' title='bbox 2621 629 3099 699; x_wconf 83' lang='grc' dir='ltr'>ἀπραγμάτευτος,</span> <span class='ocrx_word' id='word_1_233' title='bbox 3129 632 3225 682; x_wconf 70' lang='grc' dir='ltr'>καὶ</span> <span class='ocrx_word' id='word_1_234' title='bbox 3273 631 3483 695; x_wconf 85' lang='grc' dir='ltr'>πάντως</span> <span class='ocrx_word' id='word_1_235' title='bbox 3505 637 3575 704; x_wconf 85' lang='grc' dir='ltr'>τῷ</span> <span class='ocrx_word' id='word_1_236' title='bbox 3604 655 3684 705; x_wconf 89' lang='grc' dir='ltr'>με-</span> 
     </span>
    </p>
   </div>
   <div class='ocr_carea' id='block_1_36' title="bbox 2157 719 3687 795">
    <p class='ocr_par' dir='ltr' id='par_1_36' title="bbox 2157 719 3687 795">
     <span class='ocr_line' id='line_1_36' title="bbox 2157 719 3687 795; baseline 0.008 -30"><span class='ocrx_word' id='word_1_237' title='bbox 2157 719 2397 789; x_wconf 77' lang='grc' dir='ltr'>λικράτῳ</span> <span class='ocrx_word' id='word_1_238' title='bbox 2424 719 2523 789; x_wconf 80' lang='grc' dir='ltr'>τῆς</span> <span class='ocrx_word' id='word_1_239' title='bbox 2549 719 2903 782; x_wconf 83' lang='grc' dir='ltr'>διδασκαλίας</span> <span class='ocrx_word' id='word_1_240' title='bbox 2943 719 3123 772; x_wconf 79' lang='grc' dir='ltr'>αὐτῶν</span> <span class='ocrx_word' id='word_1_241' title='bbox 3176 721 3475 792; x_wconf 82' lang='grc' dir='ltr'>ὲμελιτώθη</span> <span class='ocrx_word' id='word_1_242' title='bbox 3522 724 3579 777; x_wconf 86' lang='grc' dir='ltr'><strong>τὺ</strong></span> <span class='ocrx_word' id='word_1_243' title='bbox 3603 726 3687 795; x_wconf 74' lang='grc' dir='ltr'>τῆς</span> 
     </span>
    </p>
   </div>
   <div class='ocr_carea' id='block_1_37' title="bbox 2158 798 3689 883">
    <p class='ocr_par' dir='ltr' id='par_1_37' title="bbox 2158 798 3689 883">
     <span class='ocr_line' id='line_1_37' title="bbox 2158 798 3689 883; baseline 0.003 -20"><span class='ocrx_word' id='word_1_244' title='bbox 2158 810 2377 879; x_wconf 81' lang='grc' dir='ltr'><strong>ἀγνοίας</strong></span> <span class='ocrx_word' id='word_1_245' title='bbox 2408 811 2630 863; x_wconf 72' lang='grc' dir='ltr'>ἐκείνων</span> <span class='ocrx_word' id='word_1_246' title='bbox 2663 798 2928 879; x_wconf 71' lang='grc' dir='ltr'>ἀψίνθιον.</span> <span class='ocrx_word' id='word_1_247' title='bbox 2960 810 3021 862; x_wconf 85' lang='grc' dir='ltr'><strong>Εἰ</strong></span> <span class='ocrx_word' id='word_1_248' title='bbox 3055 810 3111 862; x_wconf 85' lang='grc' dir='ltr'>δὲ</span> <span class='ocrx_word' id='word_1_249' title='bbox 3129 810 3222 863; x_wconf 82' lang='grc' dir='ltr'>τοῦ</span> <span class='ocrx_word' id='word_1_250' title='bbox 3257 811 3398 866; x_wconf 81' lang='grc' dir='ltr'>θείου</span> <span class='ocrx_word' id='word_1_251' title='bbox 3422 816 3689 883; x_wconf 57' lang='grc' dir='ltr'>καταλόγου</span> 
     </span>
    </p>
   </div>
   <div class='ocr_carea' id='block_1_38' title="bbox 2156 900 3692 975">
    <p class='ocr_par' dir='ltr' id='par_1_38' title="bbox 2156 900 3692 975">
     <span class='ocr_line' id='line_1_38' title="bbox 2156 900 3692 975; baseline 0.004 -23"><span class='ocrx_word' id='word_1_252' title='bbox 2156 900 2264 952; x_wconf 84' lang='grc' dir='ltr'><strong>τῶν</strong></span> <span class='ocrx_word' id='word_1_253' title='bbox 2293 900 2592 971; x_wconf 78' lang='grc' dir='ltr'>ἀρχιερέων</span> <span class='ocrx_word' id='word_1_254' title='bbox 2622 901 2749 965; x_wconf 79' lang='grc' dir='ltr'>εἶσὶ,</span> <span class='ocrx_word' id='word_1_255' title='bbox 2780 900 2977 968; x_wconf 77' lang='grc' dir='ltr'>βαϐαίί</span> <span class='ocrx_word' id='word_1_256' title='bbox 3017 901 3133 965; x_wconf 85' lang='grc' dir='ltr'><strong>πῶς</strong></span> <span class='ocrx_word' id='word_1_257' title='bbox 3156 901 3221 955; x_wconf 81' lang='grc' dir='ltr'>ἄν</span> <span class='ocrx_word' id='word_1_258' title='bbox 3239 918 3322 965; x_wconf 89' lang='grc' dir='ltr'><strong>τις</strong></span> <span class='ocrx_word' id='word_1_259' title='bbox 3354 905 3477 975; x_wconf 85' lang='grc' dir='ltr'>εῐπῃ</span> <span class='ocrx_word' id='word_1_260' title='bbox 3514 906 3601 958; x_wconf 74' lang='grc' dir='ltr'>καὶ</span> <span class='ocrx_word' id='word_1_261' title='bbox 3625 907 3692 958; x_wconf 85' lang='grc' dir='ltr'>δι-</span> 
     </span>
    </p>
   </div>
   <div class='ocr_carea' id='block_1_39' title="bbox 2157 991 3690 1065">
    <p class='ocr_par' dir='ltr' id='par_1_39' title="bbox 2157 991 3690 1065">
     <span class='ocr_line' id='line_1_39' title="bbox 2157 991 3690 1065; baseline 0.003 -22"><span class='ocrx_word' id='word_1_262' title='bbox 2157 991 2535 1061; x_wconf 80' lang='grc' dir='ltr'>ηγήσεταιτὴν</span> <span class='ocrx_word' id='word_1_263' title='bbox 2558 993 2904 1062; x_wconf 78' lang='grc' dir='ltr'>ἐπαγομένην</span> <span class='ocrx_word' id='word_1_264' title='bbox 2932 992 3141 1055; x_wconf 80' lang='grc' dir='ltr'>τούτοις</span> <span class='ocrx_word' id='word_1_265' title='bbox 3171 994 3520 1065; x_wconf 85' lang='grc' dir='ltr'>κατάκρισιν;</span> <span class='ocrx_word' id='word_1_266' title='bbox 3547 997 3690 1060; x_wconf 84' lang='grc' dir='ltr'>Ποίας</span> 
     </span>
    </p>
   </div>
   <div class='ocr_carea' id='block_1_40' title="bbox 2156 1078 3696 1152">
    <p class='ocr_par' dir='ltr' id='par_1_40' title="bbox 2156 1078 3696 1152">
     <span class='ocr_line' id='line_1_40' title="bbox 2156 1078 3696 1152; baseline 0.004 -21"><span class='ocrx_word' id='word_1_267' title='bbox 2156 1080 2264 1150; x_wconf 85' lang='grc' dir='ltr'>γὰρ</span> <span class='ocrx_word' id='word_1_268' title='bbox 2297 1078 2629 1150; x_wconf 83' lang='grc' dir='ltr'><strong>συγγνώμης</strong></span> <span class='ocrx_word' id='word_1_269' title='bbox 2689 1081 3054 1152; x_wconf 80' lang='grc' dir='ltr'>ἀξιωθήσεται</span> <span class='ocrx_word' id='word_1_270' title='bbox 3102 1085 3130 1136; x_wconf 85' lang='grc' dir='ltr'><strong>ὁ</strong></span> <span class='ocrx_word' id='word_1_271' title='bbox 3177 1082 3444 1136; x_wconf 79' lang='grc' dir='ltr'>διδάσκειν</span> <span class='ocrx_word' id='word_1_272' title='bbox 3490 1086 3696 1147; x_wconf 85' lang='grc' dir='ltr'>κανόνας</span> 
     </span>
    </p>
   </div>
   <div class='ocr_carea' id='block_1_41' title="bbox 2158 1170 3697 1244">
    <p class='ocr_par' dir='ltr' id='par_1_41' title="bbox 2158 1170 3697 1244">
     <span class='ocr_line' id='line_1_41' title="bbox 2158 1170 3697 1244; baseline 0.005 -23"><span class='ocrx_word' id='word_1_273' title='bbox 2158 1170 2646 1240; x_wconf 79' lang='grc' dir='ltr'>ἐπαγγειλάμενος,</span> <span class='ocrx_word' id='word_1_274' title='bbox 2676 1174 2769 1226; x_wconf 69' lang='grc' dir='ltr'>καὶ</span> <span class='ocrx_word' id='word_1_275' title='bbox 2800 1173 3040 1225; x_wconf 80' lang='grc' dir='ltr'>κανόνων</span> <span class='ocrx_word' id='word_1_276' title='bbox 3079 1173 3154 1243; x_wconf 87' lang='grc' dir='ltr'>μὴ</span> <span class='ocrx_word' id='word_1_277' title='bbox 3184 1173 3396 1243; x_wconf 82' lang='grc' dir='ltr'>βλέπων</span> <span class='ocrx_word' id='word_1_278' title='bbox 3412 1174 3697 1244; x_wconf 82' lang='grc' dir='ltr'>παχύτητα,</span> 
     </span>
    </p>
   </div>
   <div class='ocr_carea' id='block_1_42' title="bbox 2155 1257 3701 1331">
    <p class='ocr_par' dir='ltr' id='par_1_42' title="bbox 2155 1257 3701 1331">
     <span class='ocr_line' id='line_1_42' title="bbox 2155 1257 3701 1331; baseline 0.005 -23"><span class='ocrx_word' id='word_1_279' title='bbox 2155 1257 2247 1309; x_wconf 81' lang='grc' dir='ltr'>τὸν</span> <span class='ocrx_word' id='word_1_280' title='bbox 2288 1258 2470 1311; x_wconf 79' lang='grc' dir='ltr'>Ἀθων</span> <span class='ocrx_word' id='word_1_281' title='bbox 2504 1260 2666 1312; x_wconf 80' lang='grc' dir='ltr'>αὐτὸν</span> <span class='ocrx_word' id='word_1_282' title='bbox 2691 1260 2875 1330; x_wconf 79' lang='grc' dir='ltr'>σχεδὸν</span> <span class='ocrx_word' id='word_1_283' title='bbox 2905 1261 3367 1331; x_wconf 76' lang='grc' dir='ltr'>ὑπερϐαίνουσαν;</span> <span class='ocrx_word' id='word_1_284' title='bbox 3400 1263 3611 1326; x_wconf 83' lang='grc' dir='ltr'>Πάντως</span> <span class='ocrx_word' id='word_1_285' title='bbox 3625 1266 3701 1316; x_wconf 77' lang='grc' dir='ltr'><strong>οὐ·</strong></span> 
     </span>
    </p>
   </div>
   <div class='ocr_carea' id='block_1_43' title="bbox 2155 1346 3699 1423">
    <p class='ocr_par' dir='ltr' id='par_1_43' title="bbox 2155 1346 3699 1423">
     <span class='ocr_line' id='line_1_43' title="bbox 2155 1346 3699 1423; baseline 0.005 -25"><span class='ocrx_word' id='word_1_286' title='bbox 2155 1346 2372 1415; x_wconf 74' lang='grc' dir='ltr'>δεμιᾶςο</span> <span class='ocrx_word' id='word_1_287' title='bbox 2401 1348 2623 1401; x_wconf 81' lang='grc' dir='ltr'>ἀκούσει</span> <span class='ocrx_word' id='word_1_288' title='bbox 2661 1349 2717 1402; x_wconf 81' lang='grc' dir='ltr'>δὲ</span> <span class='ocrx_word' id='word_1_289' title='bbox 2743 1351 2943 1418; x_wconf 72' lang='grc' dir='ltr'>μᾶλλον</span> <span class='ocrx_word' id='word_1_290' title='bbox 2969 1353 3077 1404; x_wconf 74' lang='grc' dir='ltr'><strong>ἀπὸ</strong></span> <span class='ocrx_word' id='word_1_291' title='bbox 3099 1351 3234 1405; x_wconf 81' lang='grc' dir='ltr'>Θεοῦ</span> <span class='ocrx_word' id='word_1_292' title='bbox 3269 1355 3699 1423; x_wconf 84' lang='grc' dir='ltr'>παντοκράτορος’</span> 
     </span>
    </p>
   </div>
   <div class='ocr_carea' id='block_1_44' title="bbox 2157 1436 3701 1513">
    <p class='ocr_par' dir='ltr' id='par_1_44' title="bbox 2157 1436 3701 1513">
     <span class='ocr_line' id='line_1_44' title="bbox 2157 1436 3701 1513; baseline 0.005 -26"><span class='ocrx_word' id='word_1_293' title='bbox 2157 1436 2229 1487; x_wconf 84' lang='grc' dir='ltr'><strong>Σὺ</strong></span> <span class='ocrx_word' id='word_1_294' title='bbox 2262 1437 2466 1490; x_wconf 85' lang='grc' dir='ltr'>ἀπώσω</span> <span class='ocrx_word' id='word_1_295' title='bbox 2492 1437 2861 1508; x_wconf 80' lang='grc' dir='ltr'>δικαιοσύνην,</span> <span class='ocrx_word' id='word_1_296' title='bbox 2909 1441 3064 1509; x_wconf 84' lang='grc' dir='ltr'>κάγὼ</span> <span class='ocrx_word' id='word_1_297' title='bbox 3092 1442 3390 1512; x_wconf 83' lang='grc' dir='ltr'>ἀπώσομαι</span> <span class='ocrx_word' id='word_1_298' title='bbox 3424 1460 3480 1495; x_wconf 85' lang='grc' dir='ltr'><strong>σε</strong></span> <span class='ocrx_word' id='word_1_299' title='bbox 3521 1444 3607 1496; x_wconf 77' lang='grc' dir='ltr'>τοῦ</span> <span class='ocrx_word' id='word_1_300' title='bbox 3637 1444 3701 1513; x_wconf 82' lang='grc' dir='ltr'>μὴ</span> 
     </span>
    </p>
   </div>
   <div class='ocr_carea' id='block_1_45' title="bbox 2158 1526 3703 1603">
    <p class='ocr_par' dir='ltr' id='par_1_45' title="bbox 2158 1526 3703 1603">
     <span class='ocr_line' id='line_1_45' title="bbox 2158 1526 3703 1603; baseline 0.005 -25"><span class='ocrx_word' id='word_1_301' title='bbox 2158 1526 2454 1595; x_wconf 80' lang='grc' dir='ltr'>ἱερατεύειν</span> <span class='ocrx_word' id='word_1_302' title='bbox 2488 1545 2600 1594; x_wconf 90' lang='grc' dir='ltr'>μοι.</span> <span class='ocrx_word' id='word_1_303' title='bbox 2635 1530 2795 1584; x_wconf 88' lang='grc' dir='ltr'>Ὅθεν</span> <span class='ocrx_word' id='word_1_304' title='bbox 2829 1531 2927 1600; x_wconf 81' lang='grc' dir='ltr'>τὴν</span> <span class='ocrx_word' id='word_1_305' title='bbox 2961 1533 3091 1603; x_wconf 77' lang='grc' dir='ltr'>περὶ</span> <span class='ocrx_word' id='word_1_306' title='bbox 3122 1533 3312 1585; x_wconf 88' lang='grc' dir='ltr'>τούτου</span> <span class='ocrx_word' id='word_1_307' title='bbox 3361 1534 3552 1600; x_wconf 82' lang='grc' dir='ltr'>πολλὴν</span> <span class='ocrx_word' id='word_1_308' title='bbox 3578 1536 3703 1587; x_wconf 70' lang='lat' dir='ltr'><strong>am-</strong></span> 
     </span>
    </p>
   </div>
   <div class='ocr_carea' id='block_1_46' title="bbox 2155 1616 3702 1696">
    <p class='ocr_par' dir='ltr' id='par_1_46' title="bbox 2155 1616 3702 1696">
     <span class='ocr_line' id='line_1_46' title="bbox 2155 1616 3702 1696; baseline 0.006 -26"><span class='ocrx_word' id='word_1_309' title='bbox 2155 1616 2343 1686; x_wconf 84' lang='grc' dir='ltr'>λογίαν</span> <span class='ocrx_word' id='word_1_310' title='bbox 2376 1622 2709 1684; x_wconf 85' lang='grc' dir='ltr'>καταλιπὼν,</span> <span class='ocrx_word' id='word_1_311' title='bbox 2758 1626 3192 1693; x_wconf 82' lang='grc' dir='ltr'>καταστρωννύω</span> <span class='ocrx_word' id='word_1_312' title='bbox 3224 1628 3360 1696; x_wconf 83' lang='grc' dir='ltr'>πρὸς</span> <span class='ocrx_word' id='word_1_313' title='bbox 3391 1628 3702 1696; x_wconf 80' lang='grc' dir='ltr'>περιαίρεσιν</span> 
     </span>
    </p>
   </div>
   <div class='ocr_carea' id='block_1_47' title="bbox 2159 1710 3703 1788">
    <p class='ocr_par' dir='ltr' id='par_1_47' title="bbox 2159 1710 3703 1788">
     <span class='ocr_line' id='line_1_47' title="bbox 2159 1710 3703 1788; baseline 0.007 -27"><span class='ocrx_word' id='word_1_314' title='bbox 2159 1710 2456 1765; x_wconf 84' lang='grc' dir='ltr'>σκανδάλου</span> <span class='ocrx_word' id='word_1_315' title='bbox 2489 1714 2690 1776; x_wconf 81' lang='grc' dir='ltr'>παντὸς</span> <span class='ocrx_word' id='word_1_316' title='bbox 2715 1717 2779 1786; x_wconf 84' lang='grc' dir='ltr'><strong>τῇ</strong></span> <span class='ocrx_word' id='word_1_317' title='bbox 2809 1716 3060 1788; x_wconf 82' lang='grc' dir='ltr'>παρούσῃ</span> <span class='ocrx_word' id='word_1_318' title='bbox 3085 1722 3269 1788; x_wconf 81' lang='grc' dir='ltr'>γραφῇ</span> <span class='ocrx_word' id='word_1_319' title='bbox 3306 1719 3395 1771; x_wconf 76' lang='grc' dir='ltr'><strong>τὸν</strong></span> <span class='ocrx_word' id='word_1_320' title='bbox 3422 1719 3496 1783; x_wconf 78' lang='grc' dir='ltr'><strong>λζ’</strong></span> <span class='ocrx_word' id='word_1_321' title='bbox 3526 1720 3703 1773; x_wconf 82' lang='grc' dir='ltr'>κανόνα</span> 
     </span>
    </p>
   </div>
   <div class='ocr_carea' id='block_1_48' title="bbox 2156 1798 3705 1876">
    <p class='ocr_par' dir='ltr' id='par_1_48' title="bbox 2156 1798 3705 1876">
     <span class='ocr_line' id='line_1_48' title="bbox 2156 1798 3705 1876; baseline 0.008 -27"><span class='ocrx_word' id='word_1_322' title='bbox 2156 1798 2253 1866; x_wconf 80' lang='grc' dir='ltr'>τῆς</span> <span class='ocrx_word' id='word_1_323' title='bbox 2284 1800 2341 1852; x_wconf 78' lang='grc' dir='ltr'>ὲν</span> <span class='ocrx_word' id='word_1_324' title='bbox 2362 1801 2440 1871; x_wconf 82' lang='grc' dir='ltr'><strong>τῷ</strong></span> <span class='ocrx_word' id='word_1_325' title='bbox 2470 1802 2723 1873; x_wconf 82' lang='grc' dir='ltr'>Τρούλλῳ</span> <span class='ocrx_word' id='word_1_326' title='bbox 2770 1805 2865 1857; x_wconf 72' lang='grc' dir='ltr'>τοῦ</span> <span class='ocrx_word' id='word_1_327' title='bbox 2902 1807 3138 1874; x_wconf 86' lang='grc' dir='ltr'>μεγάλου</span> <span class='ocrx_word' id='word_1_328' title='bbox 3166 1807 3428 1860; x_wconf 86' lang='grc' dir='ltr'>παλατίου</span> <span class='ocrx_word' id='word_1_329' title='bbox 3458 1809 3705 1876; x_wconf 73' lang='grc' dir='ltr'>συστάσης</span> 
     </span>
    </p>
   </div>
   <div class='ocr_carea' id='block_1_49' title="bbox 2154 1892 3706 1968">
    <p class='ocr_par' dir='ltr' id='par_1_49' title="bbox 2154 1892 3706 1968">
     <span class='ocr_line' id='line_1_49' title="bbox 2154 1892 3706 1968; baseline 0.003 -23"><span class='ocrx_word' id='word_1_330' title='bbox 2154 1892 2315 1960; x_wconf 90' lang='grc' dir='ltr'>άγίας</span> <span class='ocrx_word' id='word_1_331' title='bbox 2339 1894 2433 1947; x_wconf 73' lang='grc' dir='ltr'>καὶ</span> <span class='ocrx_word' id='word_1_332' title='bbox 2462 1894 2849 1963; x_wconf 78' lang='grc' dir='ltr'>οίκουμενικῆς</span> <span class='ocrx_word' id='word_1_333' title='bbox 2876 1897 3094 1949; x_wconf 89' lang='grc' dir='ltr'>συνόδου</span> <span class='ocrx_word' id='word_1_334' title='bbox 3122 1897 3222 1967; x_wconf 84' lang='grc' dir='ltr'><strong>τῆς</strong></span> <span class='ocrx_word' id='word_1_335' title='bbox 3252 1898 3545 1968; x_wconf 84' lang='grc' dir='ltr'>λεγομένης</span> <span class='ocrx_word' id='word_1_336' title='bbox 3565 1898 3706 1951; x_wconf 86' lang='grc' dir='ltr'>πενθ-</span> 
     </span>
    </p>
   </div>
   <div class='ocr_carea' id='block_1_50' title="bbox 2166 1982 3706 2056">
    <p class='ocr_par' dir='ltr' id='par_1_50' title="bbox 2166 1982 3706 2056">
     <span class='ocr_line' id='line_1_50' title="bbox 2166 1982 3706 2056; baseline 0.002 -20"><span class='ocrx_word' id='word_1_337' title='bbox 2166 1983 2355 2054; x_wconf 84' lang='grc' dir='ltr'>έκτης,</span> <span class='ocrx_word' id='word_1_338' title='bbox 2392 1982 2563 2047; x_wconf 76' lang='grc' dir='ltr'>οὕτως</span> <span class='ocrx_word' id='word_1_339' title='bbox 2594 1984 2688 2037; x_wconf 69' lang='grc' dir='ltr'><strong>ἐπὶ</strong></span> <span class='ocrx_word' id='word_1_340' title='bbox 2713 1985 2910 2049; x_wconf 81' lang='grc' dir='ltr'>λέξεως</span> <span class='ocrx_word' id='word_1_341' title='bbox 2937 1986 3152 2056; x_wconf 78' lang='grc' dir='ltr'>ἔχοντα·</span> <span class='ocrx_word' id='word_1_342' title='bbox 3171 1988 3407 2055; x_wconf 78' lang='grc' dir='ltr'>Ἐπειδὴ</span> <span class='ocrx_word' id='word_1_343' title='bbox 3438 1988 3581 2042; x_wconf 82' lang='grc' dir='ltr'>κατὰ</span> <span class='ocrx_word' id='word_1_344' title='bbox 3599 1987 3706 2040; x_wconf 81' lang='grc' dir='ltr'>δια-</span> 
     </span>
    </p>
   </div>
   <div class='ocr_carea' id='block_1_51' title="bbox 2155 2074 3704 2149">
    <p class='ocr_par' dir='ltr' id='par_1_51' title="bbox 2155 2074 3704 2149">
     <span class='ocr_line' id='line_1_51' title="bbox 2155 2074 3704 2149; baseline 0.003 -22"><span class='ocrx_word' id='word_1_345' title='bbox 2155 2075 2378 2143; x_wconf 76' lang='grc' dir='ltr'>φόρους</span> <span class='ocrx_word' id='word_1_346' title='bbox 2393 2074 2634 2142; x_wconf 80' lang='grc' dir='ltr'>καιροὺς</span> <span class='ocrx_word' id='word_1_347' title='bbox 2647 2076 3003 2144; x_wconf 72' lang='grc' dir='ltr'>,βαρϐαρικαὶ</span> <span class='ocrx_word' id='word_1_348' title='bbox 3029 2081 3356 2147; x_wconf 78' lang='grc' dir='ltr'>γεγόνασιν</span> <span class='ocrx_word' id='word_1_349' title='bbox 3380 2079 3594 2149; x_wconf 70' lang='grc' dir='ltr'>ἔφοδοι,</span> <span class='ocrx_word' id='word_1_350' title='bbox 3619 2079 3704 2131; x_wconf 73' lang='grc' dir='ltr'>καὶ</span> 
     </span>
    </p>
   </div>
   <div class='ocr_carea' id='block_1_52' title="bbox 2157 2166 3706 2239">
    <p class='ocr_par' dir='ltr' id='par_1_52' title="bbox 2157 2166 3706 2239">
     <span class='ocr_line' id='line_1_52' title="bbox 2157 2166 3706 2239; baseline 0.003 -21"><span class='ocrx_word' id='word_1_351' title='bbox 2157 2166 2433 2220; x_wconf 77' lang='grc' dir='ltr'>πλεῖσται</span> <span class='ocrx_word' id='word_1_352' title='bbox 2445 2166 2651 2233; x_wconf 81' lang='grc' dir='ltr'>πόλεις</span> <span class='ocrx_word' id='word_1_353' title='bbox 2665 2167 2947 2222; x_wconf 80' lang='grc' dir='ltr'>ἐντεῦθεν</span> <span class='ocrx_word' id='word_1_354' title='bbox 2967 2172 3302 2239; x_wconf 76' lang='grc' dir='ltr'>ὑποχείριοι</span> <span class='ocrx_word' id='word_1_355' title='bbox 3334 2171 3457 2235; x_wconf 84' lang='grc' dir='ltr'>τοῖς</span> <span class='ocrx_word' id='word_1_356' title='bbox 3484 2172 3706 2239; x_wconf 80' lang='grc' dir='ltr'>ἀνόμοις</span> 
     </span>
    </p>
   </div>
   <div class='ocr_carea' id='block_1_53' title="bbox 2156 2257 3705 2329">
    <p class='ocr_par' dir='ltr' id='par_1_53' title="bbox 2156 2257 3705 2329">
     <span class='ocr_line' id='line_1_53' title="bbox 2156 2257 3705 2329; baseline 0.001 -19"><span class='ocrx_word' id='word_1_357' title='bbox 2156 2257 2558 2324; x_wconf 77' lang='grc' dir='ltr'>κατέστησαν,</span> <span class='ocrx_word' id='word_1_358' title='bbox 2594 2257 2676 2324; x_wconf 85' lang='grc' dir='ltr'><strong>ὡς</strong></span> <span class='ocrx_word' id='word_1_359' title='bbox 2700 2259 2981 2314; x_wconf 73' lang='grc' dir='ltr'>ἐντεῦθεν</span> <span class='ocrx_word' id='word_1_360' title='bbox 2996 2259 3082 2329; x_wconf 84' lang='grc' dir='ltr'>μὴ</span> <span class='ocrx_word' id='word_1_361' title='bbox 3116 2259 3453 2328; x_wconf 83' lang='grc' dir='ltr'>δυνηθῆναι</span> <span class='ocrx_word' id='word_1_362' title='bbox 3482 2261 3582 2313; x_wconf 78' lang='grc' dir='ltr'>τὸν</span> <span class='ocrx_word' id='word_1_363' title='bbox 3612 2257 3705 2324; x_wconf 75' lang='grc' dir='ltr'>τῆς</span> 
     </span>
    </p>
   </div>
   <div class='ocr_carea' id='block_1_54' title="bbox 2156 2347 3703 2421">
    <p class='ocr_par' dir='ltr' id='par_1_54' title="bbox 2156 2347 3703 2421">
     <span class='ocr_line' id='line_1_54' title="bbox 2156 2347 3703 2421; baseline 0.001 -20"><span class='ocrx_word' id='word_1_364' title='bbox 2156 2350 2437 2414; x_wconf 83' lang='grc' dir='ltr'>τοιαύτης</span> <span class='ocrx_word' id='word_1_365' title='bbox 2479 2349 2711 2416; x_wconf 74' lang='grc' dir='ltr'>πόλεως</span> <span class='ocrx_word' id='word_1_366' title='bbox 2750 2350 3041 2418; x_wconf 74' lang='grc' dir='ltr'>πρόεδρον</span> <span class='ocrx_word' id='word_1_367' title='bbox 3092 2353 3249 2421; x_wconf 82' lang='grc' dir='ltr'>μετὰ</span> <span class='ocrx_word' id='word_1_368' title='bbox 3285 2352 3400 2420; x_wconf 81' lang='grc' dir='ltr'>τὴν</span> <span class='ocrx_word' id='word_1_369' title='bbox 3427 2352 3517 2404; x_wconf 81' lang='grc' dir='ltr'><strong>ἐπ’</strong></span> <span class='ocrx_word' id='word_1_370' title='bbox 3561 2347 3703 2411; x_wconf 85' lang='grc' dir='ltr'><strong>αὐτῷ</strong></span> 
     </span>
    </p>
   </div>
   <div class='ocr_carea' id='block_1_55' title="bbox 2158 2437 3706 2509">
    <p class='ocr_par' dir='ltr' id='par_1_55' title="bbox 2158 2437 3706 2509">
     <span class='ocr_line' id='line_1_55' title="bbox 2158 2437 3706 2509; baseline -0.001 -16"><span class='ocrx_word' id='word_1_371' title='bbox 2158 2439 2527 2508; x_wconf 79' lang='grc' dir='ltr'>χειροτονίαν</span> <span class='ocrx_word' id='word_1_372' title='bbox 2552 2440 2662 2493; x_wconf 88' lang='grc' dir='ltr'>τὸν</span> <span class='ocrx_word' id='word_1_373' title='bbox 2693 2440 2914 2495; x_wconf 70' lang='grc' dir='ltr'>οἰκεῖον</span> <span class='ocrx_word' id='word_1_374' title='bbox 2948 2443 3167 2509; x_wconf 86' lang='grc' dir='ltr'>θρόνον</span> <span class='ocrx_word' id='word_1_375' title='bbox 3195 2442 3573 2506; x_wconf 74' lang='grc' dir='ltr'>καταλαϐεῖν,</span> <span class='ocrx_word' id='word_1_376' title='bbox 3621 2437 3706 2493; x_wconf 78' lang='grc' dir='ltr'><strong>καί</strong></span> 
     </span>
    </p>
   </div>
   <div class='ocr_carea' id='block_1_56' title="bbox 2157 2526 3709 2602">
    <p class='ocr_par' dir='ltr' id='par_1_56' title="bbox 2157 2526 3709 2602">
     <span class='ocr_line' id='line_1_56' title="bbox 2157 2526 3709 2602; baseline -0.001 -19"><span class='ocrx_word' id='word_1_377' title='bbox 2157 2532 2226 2583; x_wconf 82' lang='grc' dir='ltr'>ἐν</span> <span class='ocrx_word' id='word_1_378' title='bbox 2255 2529 2415 2594; x_wconf 79' lang='grc' dir='ltr'><strong>αὐτῷ</strong></span> <span class='ocrx_word' id='word_1_379' title='bbox 2462 2529 2727 2599; x_wconf 73' lang='grc' dir='ltr'>ἱερατικῇ</span> <span class='ocrx_word' id='word_1_380' title='bbox 2788 2532 3154 2587; x_wconf 80' lang='grc' dir='ltr'>καταστάσει</span> <span class='ocrx_word' id='word_1_381' title='bbox 3201 2533 3595 2602; x_wconf 81' lang='grc' dir='ltr'>ἐνιδρυθῆναι,</span> <span class='ocrx_word' id='word_1_382' title='bbox 3624 2526 3709 2583; x_wconf 74' lang='grc' dir='ltr'>καὶ</span> 
     </span>
    </p>
   </div>
   <div class='ocr_carea' id='block_1_57' title="bbox 2156 2619 3707 2694">
    <p class='ocr_par' dir='ltr' id='par_1_57' title="bbox 2156 2619 3707 2694">
     <span class='ocr_line' id='line_1_57' title="bbox 2156 2619 3707 2694; baseline 0 -20"><span class='ocrx_word' id='word_1_383' title='bbox 2156 2620 2308 2674; x_wconf 78' lang='grc' dir='ltr'>οὕτω</span> <span class='ocrx_word' id='word_1_384' title='bbox 2373 2619 2523 2673; x_wconf 80' lang='grc' dir='ltr'>κατὰ</span> <span class='ocrx_word' id='word_1_385' title='bbox 2576 2621 2644 2674; x_wconf 91' lang='grc' dir='ltr'>τὸ</span> <span class='ocrx_word' id='word_1_386' title='bbox 2674 2620 2986 2689; x_wconf 81' lang='grc' dir='ltr'>κρατῆσαν</span> <span class='ocrx_word' id='word_1_387' title='bbox 3024 2624 3177 2688; x_wconf 77' lang='grc' dir='ltr'>ἐθος-</span> <span class='ocrx_word' id='word_1_388' title='bbox 3196 2623 3308 2691; x_wconf 85' lang='grc' dir='ltr'>τὰς</span> <span class='ocrx_word' id='word_1_389' title='bbox 3345 2621 3707 2694; x_wconf 84' lang='grc' dir='ltr'>χειροτονίας.</span> 
     </span>
    </p>
   </div>
   <div class='ocr_carea' id='block_1_58' title="bbox 2158 2709 3711 2783">
    <p class='ocr_par' dir='ltr' id='par_1_58' title="bbox 2158 2709 3711 2783">
     <span class='ocr_line' id='line_1_58' title="bbox 2158 2709 3711 2783; baseline -0.001 -19"><span class='ocrx_word' id='word_1_390' title='bbox 2158 2711 2256 2764; x_wconf 79' lang='grc' dir='ltr'>καὶ</span> <span class='ocrx_word' id='word_1_391' title='bbox 2284 2709 2499 2773; x_wconf 83' lang='grc' dir='ltr'>πάντα,</span> <span class='ocrx_word' id='word_1_392' title='bbox 2544 2710 2583 2765; x_wconf 81' lang='grc' dir='ltr'>ἆ</span> <span class='ocrx_word' id='word_1_393' title='bbox 2626 2709 2706 2777; x_wconf 79' lang='grc' dir='ltr'>τῷ</span> <span class='ocrx_word' id='word_1_394' title='bbox 2728 2711 3041 2778; x_wconf 80' lang='grc' dir='ltr'>ἐπισκόπφ</span> <span class='ocrx_word' id='word_1_395' title='bbox 3088 2713 3325 2781; x_wconf 80' lang='grc' dir='ltr'>ἀνήκει,</span> <span class='ocrx_word' id='word_1_396' title='bbox 3369 2714 3637 2783; x_wconf 76' lang='grc' dir='ltr'>πράττειν</span> <span class='ocrx_word' id='word_1_397' title='bbox 3656 2726 3711 2763; x_wconf 83' lang='grc' dir='ltr'><strong>τε</strong></span> 
     </span>
    </p>
   </div>
   <div class='ocr_carea' id='block_1_59' title="bbox 2158 2803 3711 2877">
    <p class='ocr_par' dir='ltr' id='par_1_59' title="bbox 2158 2803 3711 2877">
     <span class='ocr_line' id='line_1_59' title="bbox 2158 2803 3711 2877; baseline -0.001 -20"><span class='ocrx_word' id='word_1_398' title='bbox 2158 2804 2255 2857; x_wconf 73' lang='grc' dir='ltr'>καὶ</span> <span class='ocrx_word' id='word_1_399' title='bbox 2306 2804 2842 2873; x_wconf 80' lang='grc' dir='ltr'>μεταχειρίζεσθαι,</span> <span class='ocrx_word' id='word_1_400' title='bbox 2900 2805 3070 2875; x_wconf 72' lang='grc' dir='ltr'>ἡμεῖς</span> <span class='ocrx_word' id='word_1_401' title='bbox 3098 2807 3165 2859; x_wconf 86' lang='grc' dir='ltr'>τὸ</span> <span class='ocrx_word' id='word_1_402' title='bbox 3201 2808 3396 2877; x_wconf 85' lang='grc' dir='ltr'>τίμιον</span> <span class='ocrx_word' id='word_1_403' title='bbox 3432 2807 3523 2861; x_wconf 77' lang='grc' dir='ltr'><strong>καί</strong></span> <span class='ocrx_word' id='word_1_404' title='bbox 3557 2803 3711 2859; x_wconf 75' lang='grc' dir='ltr'>σεϐά-</span> 
     </span>
    </p>
   </div>
   <div class='ocr_carea' id='block_1_60' title="bbox 2158 2894 3710 2981">
    <p class='ocr_par' dir='ltr' id='par_1_60' title="bbox 2158 2894 3710 2981">
     <span class='ocr_line' id='line_1_60' title="bbox 2158 2894 3710 2981; baseline 0.003 -33"><span class='ocrx_word' id='word_1_405' title='bbox 2158 2909 2338 2963; x_wconf 85' lang='grc' dir='ltr'>σμιον</span> <span class='ocrx_word' id='word_1_406' title='bbox 2367 2894 2444 2964; x_wconf 76' lang='grc' dir='ltr'>τῇ</span> <span class='ocrx_word' id='word_1_407' title='bbox 2499 2897 2794 2966; x_wconf 78' lang='grc' dir='ltr'>ἱερωσύνῃ</span> <span class='ocrx_word' id='word_1_408' title='bbox 2838 2896 3274 2966; x_wconf 68' lang='grc' dir='ltr'>φυλάττοντες,</span> <span class='ocrx_word' id='word_1_409' title='bbox 3321 2900 3420 2981; x_wconf 66' lang='grc' dir='ltr'>ναξ</span> <span class='ocrx_word' id='word_1_410' title='bbox 3454 2894 3710 2968; x_wconf 77' lang='grc' dir='ltr'>μηδαμῶς</span> 
     </span>
    </p>
   </div>
   <div class='ocr_carea' id='block_1_61' title="bbox 2157 2987 3711 3057">
    <p class='ocr_par' dir='ltr' id='par_1_61' title="bbox 2157 2987 3711 3057">
     <span class='ocr_line' id='line_1_61' title="bbox 2157 2987 3711 3057; baseline -0.001 -18"><span class='ocrx_word' id='word_1_411' title='bbox 2157 2987 2306 3055; x_wconf 78' lang='grc' dir='ltr'>πρὸς</span> <span class='ocrx_word' id='word_1_412' title='bbox 2333 2988 2535 3057; x_wconf 73' lang='grc' dir='ltr'>λύμην</span> <span class='ocrx_word' id='word_1_413' title='bbox 2583 2987 2702 3040; x_wconf 87' lang='grc' dir='ltr'>τῶν</span> <span class='ocrx_word' id='word_1_414' title='bbox 2744 2988 3274 3056; x_wconf 73' lang='grc' dir='ltr'>ἐκκλησιαστικῶν</span> <span class='ocrx_word' id='word_1_415' title='bbox 3329 2990 3566 3044; x_wconf 83' lang='grc' dir='ltr'>δικαίων</span> <span class='ocrx_word' id='word_1_416' title='bbox 3613 2988 3711 3053; x_wconf 82' lang='grc' dir='ltr'>τὴν</span> 
     </span>
    </p>
   </div>
   <div class='ocr_carea' id='block_1_62' title="bbox 483 3076 2051 3153">
    <p class='ocr_par' dir='ltr' id='par_1_62' title="bbox 483 3076 2051 3149">
     <span class='ocr_line' id='line_1_62' title="bbox 483 3076 2051 3149; baseline 0.008 -23"><span class='ocrx_word' id='word_1_417' title='bbox 483 3076 608 3139; x_wconf 88' lang='lat' dir='ltr'><strong>bus,</strong></span> <span class='ocrx_word' id='word_1_418' title='bbox 630 3079 722 3145; x_wconf 87' lang='lat' dir='ltr'><strong>jus</strong></span> <span class='ocrx_word' id='word_1_419' title='bbox 763 3095 918 3131; x_wconf 85' lang='lat' dir='ltr'><strong>suum</strong></span> <span class='ocrx_word' id='word_1_420' title='bbox 954 3083 1148 3149; x_wconf 82' lang='lat' dir='ltr'><strong>absque</strong></span> <span class='ocrx_word' id='word_1_421' title='bbox 1175 3081 1486 3149; x_wconf 82' lang='lat' dir='ltr'><strong>prtejudicio</strong></span> <span class='ocrx_word' id='word_1_422' title='bbox 1523 3083 1598 3137; x_wconf 87' lang='lat' dir='ltr'><strong>sic</strong></span> <span class='ocrx_word' id='word_1_423' title='bbox 1633 3084 2051 3138; x_wconf 76' lang='lat' dir='ltr'><strong>conservandum</strong></span> 
     </span>
    </p>
   </div>
   <div class='ocr_carea' id='block_1_63' title="bbox 2155 3076 3711 3153">
    <p class='ocr_par' dir='ltr' id='par_1_63' title="bbox 2155 3078 3711 3153">
     <span class='ocr_line' id='line_1_63' title="bbox 2155 3078 3711 3153; baseline -0.001 -19"><span class='ocrx_word' id='word_1_424' title='bbox 2155 3080 2406 3150; x_wconf 82' lang='grc' dir='ltr'>ἐθνικὴν</span> <span class='ocrx_word' id='word_1_425' title='bbox 2444 3080 2727 3150; x_wconf 76' lang='grc' dir='ltr'>ἐπήρειαν</span> <span class='ocrx_word' id='word_1_426' title='bbox 2769 3080 3136 3151; x_wconf 78' lang='grc' dir='ltr'>ἐνεργεῖσθαι</span> <span class='ocrx_word' id='word_1_427' title='bbox 3164 3083 3532 3152; x_wconf 76' lang='grc' dir='ltr'>,ϐουλόμενοι</span> <span class='ocrx_word' id='word_1_428' title='bbox 3551 3121 3565 3143; x_wconf 88' lang='grc'><strong>,</strong></span> <span class='ocrx_word' id='word_1_429' title='bbox 3599 3078 3711 3153; x_wconf 66' lang='grc' dir='ltr'>τοῖς</span> 
     </span>
    </p>
   </div>
   <div class='ocr_carea' id='block_1_64' title="bbox 480 3166 2051 3242">
    <p class='ocr_par' dir='ltr' id='par_1_64' title="bbox 480 3166 2051 3232">
     <span class='ocr_line' id='line_1_64' title="bbox 480 3166 2051 3232; baseline 0.008 -17"><span class='ocrx_word' id='word_1_430' title='bbox 480 3166 819 3232; x_wconf 78' lang='lat' dir='ltr'><strong>decrevimus,</strong></span> <span class='ocrx_word' id='word_1_431' title='bbox 850 3179 905 3222; x_wconf 90' lang='lat' dir='ltr'><strong>ut</strong></span> <span class='ocrx_word' id='word_1_432' title='bbox 934 3181 982 3223; x_wconf 91' lang='lat' dir='ltr'><strong>et</strong></span> <span class='ocrx_word' id='word_1_433' title='bbox 1009 3171 1717 3227; x_wconf 82' lang='lat' dir='ltr'><strong>ordinationes—diversorum</strong></span> <span class='ocrx_word' id='word_1_434' title='bbox 1745 3174 2051 3230; x_wconf 81' lang='lat' dir='ltr'><strong>clericorum</strong></span> 
     </span>
    </p>
   </div>
   <div class='ocr_carea' id='block_1_65' title="bbox 2155 3166 3713 3242">
    <p class='ocr_par' dir='ltr' id='par_1_65' title="bbox 2157 3170 3713 3242">
     <span class='ocr_line' id='line_1_65' title="bbox 2157 3170 3713 3242; baseline -0.003 -17"><span class='ocrx_word' id='word_1_435' title='bbox 2157 3172 2308 3225; x_wconf 82' lang='grc' dir='ltr'>οὕτω</span> <span class='ocrx_word' id='word_1_436' title='bbox 2349 3170 2841 3242; x_wconf 84' lang='grc' dir='ltr'>χειροτονηθεῒσι,</span> <span class='ocrx_word' id='word_1_437' title='bbox 2888 3172 2985 3227; x_wconf 77' lang='grc' dir='ltr'>καὶ</span> <span class='ocrx_word' id='word_1_438' title='bbox 3034 3173 3133 3227; x_wconf 84' lang='grc' dir='ltr'>διὰ</span> <span class='ocrx_word' id='word_1_439' title='bbox 3165 3173 3288 3242; x_wconf 78' lang='grc' dir='ltr'>τὴν</span> <span class='ocrx_word' id='word_1_440' title='bbox 3338 3171 3713 3242; x_wconf 83' lang='grc' dir='ltr'>προκειμένην</span> 
     </span>
    </p>
   </div>
   <div class='ocr_carea' id='block_1_66' title="bbox 471 3242 2051 3332">
    <p class='ocr_par' dir='ltr' id='par_1_66' title="bbox 471 3242 2051 3331">
     <span class='ocr_line' id='line_1_66' title="bbox 471 3242 2051 3331; baseline 0.006 -22"><span class='ocrx_word' id='word_1_441' title='bbox 471 3256 636 3325; x_wconf 76' lang='lat' dir='ltr'><strong>juxta</strong></span> <span class='ocrx_word' id='word_1_442' title='bbox 666 3274 891 3314; x_wconf 85' lang='lat' dir='ltr'><strong>canones</strong></span> <span class='ocrx_word' id='word_1_443' title='bbox 922 3242 1228 3324; x_wconf 75' lang='lat' dir='ltr'><strong>instituant,</strong></span> <span class='ocrx_word' id='word_1_444' title='bbox 1263 3274 1310 3315; x_wconf 89' lang='lat' dir='ltr'><strong>et</strong></span> <span class='ocrx_word' id='word_1_445' title='bbox 1346 3265 1664 3317; x_wconf 87' lang='lat' dir='ltr'><strong>auctoritate</strong></span> <span class='ocrx_word' id='word_1_446' title='bbox 1703 3265 2051 3331; x_wconf 64' lang='lat' dir='ltr'><strong>praesidentia:</strong></span> 
     </span>
    </p>
   </div>
   <div class='ocr_carea' id='block_1_67' title="bbox 2155 3242 3712 3332">
    <p class='ocr_par' dir='ltr' id='par_1_67' title="bbox 2155 3262 3712 3332">
     <span class='ocr_line' id='line_1_67' title="bbox 2155 3262 3712 3332; baseline 0.001 -15"><span class='ocrx_word' id='word_1_447' title='bbox 2155 3264 2352 3318; x_wconf 74' lang='grc' dir='ltr'>αἰτίαν</span> <span class='ocrx_word' id='word_1_448' title='bbox 2375 3263 2590 3329; x_wconf 82' lang='grc' dir='ltr'>ἐντοῖς</span> <span class='ocrx_word' id='word_1_449' title='bbox 2637 3262 2866 3317; x_wconf 74' lang='grc' dir='ltr'>ἑαυτῶν</span> <span class='ocrx_word' id='word_1_450' title='bbox 2908 3263 2993 3332; x_wconf 81' lang='grc' dir='ltr'>μὴ</span> <span class='ocrx_word' id='word_1_451' title='bbox 3039 3264 3448 3332; x_wconf 82' lang='grc' dir='ltr'>ἐγκαταστᾶσι</span> <span class='ocrx_word' id='word_1_452' title='bbox 3483 3264 3712 3331; x_wconf 70' lang='grc' dir='ltr'>θρόνοις.</span> 
     </span>
    </p>
   </div>
   <div class='ocr_carea' id='block_1_68' title="bbox 482 3350 2051 3424">
    <p class='ocr_par' dir='ltr' id='par_1_68' title="bbox 482 3350 2051 3423">
     <span class='ocr_line' id='line_1_68' title="bbox 482 3350 2051 3423; baseline 0.006 -23"><span class='ocrx_word' id='word_1_453' title='bbox 482 3350 765 3403; x_wconf 80' lang='lat' dir='ltr'><strong>secundum</strong></span> <span class='ocrx_word' id='word_1_454' title='bbox 795 3352 1006 3403; x_wconf 85' lang='lat' dir='ltr'><strong>modum</strong></span> <span class='ocrx_word' id='word_1_455' title='bbox 1039 3352 1312 3421; x_wconf 81' lang='lat' dir='ltr'><strong>fruantur.</strong></span> <span class='ocrx_word' id='word_1_456' title='bbox 1350 3370 1411 3407; x_wconf 91' lang='lat' dir='ltr'><strong>ac</strong></span> <span class='ocrx_word' id='word_1_457' title='bbox 1435 3354 1656 3423; x_wconf 84' lang='lat' dir='ltr'><strong>denique</strong></span> <span class='ocrx_word' id='word_1_458' title='bbox 1674 3355 1834 3423; x_wconf 76' lang='lat' dir='ltr'><strong>ﬁrma</strong></span> <span class='ocrx_word' id='word_1_459' title='bbox 1856 3364 1904 3409; x_wconf 88' lang='lat' dir='ltr'><strong>et</strong></span> <span class='ocrx_word' id='word_1_460' title='bbox 1932 3366 2051 3410; x_wconf 87' lang='lat' dir='ltr'><strong>rata</strong></span> 
     </span>
    </p>
   </div>
   <div class='ocr_carea' id='block_1_69' title="bbox 2155 3350 3711 3424">
    <p class='ocr_par' dir='ltr' id='par_1_69' title="bbox 2155 3354 3711 3424">
     <span class='ocr_line' id='line_1_69' title="bbox 2155 3354 3711 3424; baseline -0.003 -17"><span class='ocrx_word' id='word_1_461' title='bbox 2155 3354 2223 3408; x_wconf 85' lang='grc' dir='ltr'>τὸ</span> <span class='ocrx_word' id='word_1_462' title='bbox 2245 3354 2752 3424; x_wconf 79' lang='grc' dir='ltr'>ἀποκριμάτιστον</span> <span class='ocrx_word' id='word_1_463' title='bbox 2766 3355 3218 3424; x_wconf 82' lang='grc' dir='ltr'>συντηρηθῆναι</span> <span class='ocrx_word' id='word_1_464' title='bbox 3244 3357 3683 3423; x_wconf 78' lang='grc' dir='ltr'>συνεωράκαμεν</span> <span class='ocrx_word' id='word_1_465' title='bbox 3698 3366 3711 3380; x_wconf 90' lang='grc'><strong>·</strong></span> 
     </span>
    </p>
   </div>
   <div class='ocr_carea' id='block_1_70' title="bbox 481 3442 2051 3516">
    <p class='ocr_par' dir='ltr' id='par_1_70' title="bbox 481 3442 2051 3510">
     <span class='ocr_line' id='line_1_70' title="bbox 481 3442 2051 3510; baseline 0.007 -19"><span class='ocrx_word' id='word_1_466' title='bbox 481 3442 551 3491; x_wconf 81' lang='lat' dir='ltr'><strong>sit</strong></span> <span class='ocrx_word' id='word_1_467' title='bbox 584 3442 754 3493; x_wconf 88' lang='lat' dir='ltr'><strong>omnis</strong></span> <span class='ocrx_word' id='word_1_468' title='bbox 781 3443 845 3493; x_wconf 87' lang='lat' dir='ltr'><strong>ab</strong></span> <span class='ocrx_word' id='word_1_469' title='bbox 878 3443 1010 3507; x_wconf 86' lang='lat' dir='ltr'><strong>ipsis</strong></span> <span class='ocrx_word' id='word_1_470' title='bbox 1040 3443 1275 3510; x_wconf 79' lang='lat' dir='ltr'><strong>profecta</strong></span> <span class='ocrx_word' id='word_1_471' title='bbox 1305 3445 1730 3500; x_wconf 83' lang='lat' dir='ltr'><strong>administratio.</strong></span> <span class='ocrx_word' id='word_1_472' title='bbox 1761 3444 1882 3500; x_wconf 88' lang='lat' dir='ltr'><strong>Non</strong></span> <span class='ocrx_word' id='word_1_473' title='bbox 1911 3449 2051 3502; x_wconf 85' lang='lat' dir='ltr'><strong>enim</strong></span> 
     </span>
    </p>
   </div>
   <div class='ocr_carea' id='block_1_71' title="bbox 2155 3442 3716 3516">
    <p class='ocr_par' dir='ltr' id='par_1_71' title="bbox 2156 3445 3716 3516">
     <span class='ocr_line' id='line_1_71' title="bbox 2156 3445 3716 3516; baseline -0.001 -19"><span class='ocrx_word' id='word_1_474' title='bbox 2156 3445 2311 3499; x_wconf 84' lang='grc' dir='ltr'>ὥστε</span> <span class='ocrx_word' id='word_1_475' title='bbox 2342 3445 2440 3498; x_wconf 73' lang='grc' dir='ltr'><strong>καὶ</strong></span> <span class='ocrx_word' id='word_1_476' title='bbox 2468 3446 2836 3514; x_wconf 85' lang='grc' dir='ltr'>χειροτονίας</span> <span class='ocrx_word' id='word_1_477' title='bbox 2885 3445 3184 3514; x_wconf 64' lang='grc' dir='ltr'>διαφόρων</span> <span class='ocrx_word' id='word_1_478' title='bbox 3229 3446 3530 3516; x_wconf 74' lang='grc' dir='ltr'>κληρικῶν</span> <span class='ocrx_word' id='word_1_479' title='bbox 3556 3460 3716 3497; x_wconf 82' lang='grc' dir='ltr'>κανο-</span> 
     </span>
    </p>
   </div>
   <div class='ocr_carea' id='block_1_72' title="bbox 481 3532 2050 3607">
    <p class='ocr_par' dir='ltr' id='par_1_72' title="bbox 481 3532 2050 3607">
     <span class='ocr_line' id='line_1_72' title="bbox 481 3532 2050 3607; baseline 0.009 -29"><span class='ocrx_word' id='word_1_480' title='bbox 481 3532 821 3582; x_wconf 85' lang='lat' dir='ltr'><strong>accuratione</strong></span> <span class='ocrx_word' id='word_1_481' title='bbox 866 3548 960 3599; x_wconf 85' lang='lat' dir='ltr'><strong>per</strong></span> <span class='ocrx_word' id='word_1_482' title='bbox 1001 3534 1329 3587; x_wconf 78' lang='lat' dir='ltr'><strong>necessitatis</strong></span> <span class='ocrx_word' id='word_1_483' title='bbox 1383 3545 1585 3601; x_wconf 88' lang='lat' dir='ltr'><strong>tempus</strong></span> <span class='ocrx_word' id='word_1_484' title='bbox 1624 3538 2050 3607; x_wconf 87' lang='lat' dir='ltr'><strong>circumscripta,</strong></span> 
     </span>
    </p>
   </div>
   <div class='ocr_carea' id='block_1_73' title="bbox 480 3617 1663 3695">
    <p class='ocr_par' dir='ltr' id='par_1_73' title="bbox 480 3617 1663 3695">
     <span class='ocr_line' id='line_1_73' title="bbox 480 3617 1663 3695; baseline 0.009 -25"><span class='ocrx_word' id='word_1_485' title='bbox 480 3617 565 3671; x_wconf 68' lang='lat' dir='ltr'><strong>{ex</strong></span> <span class='ocrx_word' id='word_1_486' title='bbox 596 3618 1001 3686; x_wconf 85' lang='lat' dir='ltr'><strong>dispensationis</strong></span> <span class='ocrx_word' id='word_1_487' title='bbox 1029 3624 1084 3677; x_wconf 89' lang='lat' dir='ltr'><strong>in</strong></span> <span class='ocrx_word' id='word_1_488' title='bbox 1124 3636 1405 3693; x_wconf 84' lang='lat' dir='ltr'><strong>angustum</strong></span> <span class='ocrx_word' id='word_1_489' title='bbox 1432 3637 1663 3695; x_wconf 85' lang='lat' dir='ltr'><strong>cogetur.</strong></span> 
     </span>
    </p>
   </div>
   <div class='ocr_carea' id='block_1_74' title="bbox 2158 3534 3715 3607">
    <p class='ocr_par' dir='ltr' id='par_1_74' title="bbox 2158 3534 3715 3607">
     <span class='ocr_line' id='line_1_74' title="bbox 2158 3534 3715 3607; baseline -0.003 -16"><span class='ocrx_word' id='word_1_490' title='bbox 2158 3535 2341 3602; x_wconf 86' lang='grc' dir='ltr'>νικῶς</span> <span class='ocrx_word' id='word_1_491' title='bbox 2396 3536 2609 3601; x_wconf 78' lang='grc' dir='ltr'>ποιεῖν,</span> <span class='ocrx_word' id='word_1_492' title='bbox 2654 3536 2752 3590; x_wconf 76' lang='grc' dir='ltr'>καὶ</span> <span class='ocrx_word' id='word_1_493' title='bbox 2803 3534 2879 3604; x_wconf 75' lang='grc' dir='ltr'>τῇ</span> <span class='ocrx_word' id='word_1_494' title='bbox 2926 3536 3038 3605; x_wconf 85' lang='grc' dir='ltr'>τῆς</span> <span class='ocrx_word' id='word_1_495' title='bbox 3076 3540 3429 3607; x_wconf 83' lang='grc' dir='ltr'>προεδρείας</span> <span class='ocrx_word' id='word_1_496' title='bbox 3458 3535 3715 3599; x_wconf 65' lang='lat' dir='ltr'><strong>audet-tia</strong></span> 
     </span>
    </p>
   </div>
   <div class='ocr_carea' id='block_1_75' title="bbox 2161 3627 3718 3697">
    <p class='ocr_par' dir='ltr' id='par_1_75' title="bbox 2161 3627 3718 3697">
     <span class='ocr_line' id='line_1_75' title="bbox 2161 3627 3718 3697; baseline -0.001 -15"><span class='ocrx_word' id='word_1_497' title='bbox 2161 3627 2313 3682; x_wconf 81' lang='grc' dir='ltr'>κατὰ</span> <span class='ocrx_word' id='word_1_498' title='bbox 2335 3630 2441 3682; x_wconf 80' lang='grc' dir='ltr'>τὸν</span> <span class='ocrx_word' id='word_1_499' title='bbox 2490 3627 2645 3687; x_wconf 79' lang='grc' dir='ltr'>ῑδιον</span> <span class='ocrx_word' id='word_1_500' title='bbox 2670 3629 2812 3696; x_wconf 84' lang='grc' dir='ltr'>ὅρον</span> <span class='ocrx_word' id='word_1_501' title='bbox 2853 3629 3203 3697; x_wconf 82' lang='grc' dir='ltr'>κεχρῆσθαι,</span> <span class='ocrx_word' id='word_1_502' title='bbox 3243 3631 3344 3685; x_wconf 76' lang='grc' dir='ltr'>καὶ</span> <span class='ocrx_word' id='word_1_503' title='bbox 3368 3630 3613 3696; x_wconf 78' lang='grc' dir='ltr'>βεϐαίαν</span> <span class='ocrx_word' id='word_1_504' title='bbox 3632 3632 3718 3680; x_wconf 73' lang='grc' dir='ltr'><strong>καί</strong></span> 
     </span>
    </p>
   </div>
   <div class='ocr_carea' id='block_1_76' title="bbox 478 3713 3717 3791">
    <p class='ocr_par' dir='ltr' id='par_1_76' title="bbox 478 3713 3717 3791">
     <span class='ocr_line' id='line_1_76' title="bbox 478 3713 3717 3791; baseline 0.003 -31"><span class='ocrx_word' id='word_1_505' title='bbox 478 3715 921 3781; x_wconf 82' lang='grc' dir='ltr'>νενομισμένην</span> <span class='ocrx_word' id='word_1_506' title='bbox 955 3713 1108 3769; x_wconf 85' lang='grc' dir='ltr'>εΐναι</span> <span class='ocrx_word' id='word_1_507' title='bbox 1140 3717 1346 3771; x_wconf 85' lang='grc' dir='ltr'>πᾶσαν</span> <span class='ocrx_word' id='word_1_508' title='bbox 1379 3719 1479 3771; x_wconf 79' lang='grc' dir='ltr'><strong>ὑπ’</strong></span> <span class='ocrx_word' id='word_1_509' title='bbox 1499 3718 1698 3772; x_wconf 83' lang='grc' dir='ltr'>αὐτῶν</span> <span class='ocrx_word' id='word_1_510' title='bbox 1718 3720 2053 3786; x_wconf 75' lang='grc' dir='ltr'>προϊοῦσαν</span> <span class='ocrx_word' id='word_1_511' title='bbox 2089 3719 2413 3787; x_wconf 85' lang='grc' dir='ltr'>διοίκησιν.</span> <span class='ocrx_word' id='word_1_512' title='bbox 2452 3721 2533 3774; x_wconf 86' lang='grc' dir='ltr'><strong>Οὐ</strong></span> <span class='ocrx_word' id='word_1_513' title='bbox 2578 3718 2686 3789; x_wconf 74' lang='grc' dir='ltr'>γὰρ</span> <span class='ocrx_word' id='word_1_514' title='bbox 2712 3719 2831 3774; x_wconf 81' lang='grc' dir='ltr'>ἀπὸ</span> <span class='ocrx_word' id='word_1_515' title='bbox 2891 3721 2998 3774; x_wconf 87' lang='grc' dir='ltr'>τοῦ</span> <span class='ocrx_word' id='word_1_516' title='bbox 3061 3722 3172 3791; x_wconf 86' lang='grc' dir='ltr'>τῆς</span> <span class='ocrx_word' id='word_1_517' title='bbox 3212 3722 3483 3791; x_wconf 76' lang='grc' dir='ltr'>ἀνάγκης</span> <span class='ocrx_word' id='word_1_518' title='bbox 3510 3714 3717 3785; x_wconf 80' lang='grc' dir='ltr'>,καιροῦ</span> 
     </span>
    </p>
   </div>
   <div class='ocr_carea' id='block_1_77' title="bbox 478 3795 2795 3880">
    <p class='ocr_par' dir='ltr' id='par_1_77' title="bbox 478 3795 2795 3880">
     <span class='ocr_line' id='line_1_77' title="bbox 478 3795 2795 3880; baseline 0.001 -17"><span class='ocrx_word' id='word_1_519' title='bbox 478 3795 588 3864; x_wconf 74' lang='grc' dir='ltr'><strong>τῆς</strong></span> <span class='ocrx_word' id='word_1_520' title='bbox 610 3800 905 3870; x_wconf 76' lang='grc' dir='ltr'>ἀκριϐείας</span> <span class='ocrx_word' id='word_1_521' title='bbox 945 3809 1431 3875; x_wconf 66' lang='grc' dir='ltr'>περιγραφείσης,</span> <span class='ocrx_word' id='word_1_522' title='bbox 1482 3811 1515 3863; x_wconf 87' lang='grc' dir='ltr'><strong>ό</strong></span> <span class='ocrx_word' id='word_1_523' title='bbox 1549 3808 1657 3877; x_wconf 79' lang='grc' dir='ltr'>τῆς</span> <span class='ocrx_word' id='word_1_524' title='bbox 1712 3810 2055 3878; x_wconf 78' lang='grc' dir='ltr'>οῑκονομίας</span> <span class='ocrx_word' id='word_1_525' title='bbox 2093 3810 2233 3880; x_wconf 86' lang='grc' dir='ltr'>ὅρος</span> <span class='ocrx_word' id='word_1_526' title='bbox 2255 3812 2795 3879; x_wconf 76' lang='grc' dir='ltr'>περιορισθήσεται.</span> 
     </span>
    </p>
   </div>
   <div class='ocr_carea' id='block_1_78' title="bbox 554 3891 2047 3973">
    <p class='ocr_par' dir='ltr' id='par_1_78' title="bbox 554 3891 2047 3973">
     <span class='ocr_line' id='line_1_78' title="bbox 554 3891 2047 3973; baseline 0.009 -30"><span class='ocrx_word' id='word_1_527' title='bbox 554 3891 758 3948; x_wconf 78' lang='lat' dir='ltr'><strong>Praeter</strong></span> <span class='ocrx_word' id='word_1_528' title='bbox 806 3895 953 3952; x_wconf 87' lang='lat' dir='ltr'><strong>lmuc</strong></span> <span class='ocrx_word' id='word_1_529' title='bbox 1004 3914 1134 3952; x_wconf 78' lang='lat' dir='ltr'><strong>vero</strong></span> <span class='ocrx_word' id='word_1_530' title='bbox 1188 3912 1477 3965; x_wconf 84' lang='lat' dir='ltr'><strong>canOncm,</strong></span> <span class='ocrx_word' id='word_1_531' title='bbox 1531 3903 1740 3972; x_wconf 89' lang='lat' dir='ltr'><strong>scripto</strong></span> <span class='ocrx_word' id='word_1_532' title='bbox 1794 3905 2047 3973; x_wconf 84' lang='lat' dir='ltr'><strong>praesenti</strong></span> 
     </span>
    </p>
   </div>
   <div class='ocr_carea' id='block_1_79' title="bbox 2215 3901 3717 3973">
    <p class='ocr_par' dir='ltr' id='par_1_79' title="bbox 2215 3901 3717 3973">
     <span class='ocr_line' id='line_1_79' title="bbox 2215 3901 3717 3973; baseline -0.005 -18"><span class='ocrx_word' id='word_1_533' title='bbox 2215 3904 2318 3957; x_wconf 76' lang='grc' dir='ltr'><strong>Σὺν</strong></span> <span class='ocrx_word' id='word_1_534' title='bbox 2351 3902 2429 3973; x_wconf 86' lang='grc' dir='ltr'><strong>τῷ</strong></span> <span class='ocrx_word' id='word_1_535' title='bbox 2465 3902 2689 3973; x_wconf 84' lang='grc' dir='ltr'>τοιούτῳ</span> <span class='ocrx_word' id='word_1_536' title='bbox 2715 3902 2770 3954; x_wconf 75' lang='grc' dir='ltr'>δὲ</span> <span class='ocrx_word' id='word_1_537' title='bbox 2797 3903 2978 3956; x_wconf 81' lang='grc' dir='ltr'>κανόνι</span> <span class='ocrx_word' id='word_1_538' title='bbox 3000 3903 3339 3957; x_wconf 70' lang='grc' dir='ltr'>ἀναδιδάσκω</span> <span class='ocrx_word' id='word_1_539' title='bbox 3400 3902 3521 3962; x_wconf 69' lang='grc' dir='ltr'>τοὺς</span> <span class='ocrx_word' id='word_1_540' title='bbox 3547 3901 3717 3959; x_wconf 72' lang='grc' dir='ltr'>ἐντυγ-</span> 
     </span>
    </p>
   </div>
   <div class='ocr_carea' id='block_1_80' title="bbox 479 3983 2051 4067">
    <p class='ocr_par' dir='ltr' id='par_1_80' title="bbox 479 3983 2049 4063">
     <span class='ocr_line' id='line_1_80' title="bbox 479 3983 2049 4063; baseline 0.01 -28"><span class='ocrx_word' id='word_1_541' title='bbox 479 3983 715 4039; x_wconf 85' lang='lat' dir='ltr'><strong>lectorcs</strong></span> <span class='ocrx_word' id='word_1_542' title='bbox 746 4003 964 4054; x_wconf 80' lang='lat' dir='ltr'><strong>moneo,</strong></span> <span class='ocrx_word' id='word_1_543' title='bbox 997 3991 1161 4045; x_wconf 86' lang='lat' dir='ltr'><strong>etiam</strong></span> <span class='ocrx_word' id='word_1_544' title='bbox 1212 3994 1453 4047; x_wconf 72' lang='lat' dir='ltr'><strong>edictum</strong></span> <span class='ocrx_word' id='word_1_545' title='bbox 1505 3996 1781 4063; x_wconf 85' lang='lat' dir='ltr'><strong>quoddam</strong></span> <span class='ocrx_word' id='word_1_546' title='bbox 1829 4005 2049 4051; x_wconf 77' lang='lat' dir='ltr'><strong>exstare</strong></span> 
     </span>
    </p>
   </div>
   <div class='ocr_carea' id='block_1_81' title="bbox 2155 3983 3717 4067">
    <p class='ocr_par' dir='ltr' id='par_1_81' title="bbox 2155 3986 3717 4065">
     <span class='ocr_line' id='line_1_81' title="bbox 2155 3986 3717 4065; baseline -0.006 -15"><span class='ocrx_word' id='word_1_547' title='bbox 2155 3996 2413 4065; x_wconf 75' lang='grc' dir='ltr'>χάνοντας</span> <span class='ocrx_word' id='word_1_548' title='bbox 2467 3998 2532 4064; x_wconf 85' lang='grc' dir='ltr'>τῇ</span> <span class='ocrx_word' id='word_1_549' title='bbox 2583 3994 2835 4065; x_wconf 85' lang='grc' dir='ltr'>παρούσῃ</span> <span class='ocrx_word' id='word_1_550' title='bbox 2889 3996 3074 4064; x_wconf 63' lang='grc' dir='ltr'>γραφῇ</span> <span class='ocrx_word' id='word_1_551' title='bbox 3105 4036 3120 4060; x_wconf 89' lang='grc'><strong>,</strong></span> <span class='ocrx_word' id='word_1_552' title='bbox 3157 3995 3236 4057; x_wconf 84' lang='grc' dir='ltr'>ὡς</span> <span class='ocrx_word' id='word_1_553' title='bbox 3289 3995 3382 4047; x_wconf 77' lang='grc' dir='ltr'><strong>καὶ</strong></span> <span class='ocrx_word' id='word_1_554' title='bbox 3436 3986 3717 4061; x_wconf 76' lang='grc' dir='ltr'>πρόσταξξς</span> 
     </span>
    </p>
   </div>
   <div class='ocr_carea' id='block_1_82' title="bbox 485 4077 2048 4151">
    <p class='ocr_par' dir='ltr' id='par_1_82' title="bbox 485 4077 2048 4151">
     <span class='ocr_line' id='line_1_82' title="bbox 485 4077 2048 4151; baseline 0.008 -26"><span class='ocrx_word' id='word_1_555' title='bbox 485 4077 823 4129; x_wconf 85' lang='lat' dir='ltr'><strong>memorandi</strong></span> <span class='ocrx_word' id='word_1_556' title='bbox 851 4078 1218 4147; x_wconf 84' lang='lat' dir='ltr'><strong>imperatoris,</strong></span> <span class='ocrx_word' id='word_1_557' title='bbox 1268 4084 1471 4138; x_wconf 93' lang='lat' dir='ltr'><strong>domini</strong></span> <span class='ocrx_word' id='word_1_558' title='bbox 1521 4085 1698 4139; x_wconf 80' lang='lat' dir='ltr'><strong>Alexii</strong></span> <span class='ocrx_word' id='word_1_559' title='bbox 1759 4085 2048 4151; x_wconf 80' lang='lat' dir='ltr'><strong>Contneni,</strong></span> 
     </span>
    </p>
   </div>
   <div class='ocr_carea' id='block_1_83' title="bbox 485 4166 2046 4244">
    <p class='ocr_par' dir='ltr' id='par_1_83' title="bbox 485 4166 2046 4244">
     <span class='ocr_line' id='line_1_83' title="bbox 485 4166 2046 4244; baseline 0.009 -30"><span class='ocrx_word' id='word_1_560' title='bbox 485 4178 675 4220; x_wconf 85' lang='lat' dir='ltr'><strong>mense</strong></span> <span class='ocrx_word' id='word_1_561' title='bbox 704 4166 997 4223; x_wconf 84' lang='lat' dir='ltr'><strong>Novembri</strong></span> <span class='ocrx_word' id='word_1_562' title='bbox 1023 4172 1275 4226; x_wconf 66' lang='lat' dir='ltr'><strong>secundae</strong></span> <span class='ocrx_word' id='word_1_563' title='bbox 1316 4173 1630 4230; x_wconf 72' lang='lat' dir='ltr'><strong>intlictionis</strong></span> <span class='ocrx_word' id='word_1_564' title='bbox 1683 4176 2046 4244; x_wconf 84' lang='lat' dir='ltr'><strong>publicatum,</strong></span> 
     </span>
    </p>
   </div>
   <div class='ocr_carea' id='block_1_84' title="bbox 2148 4071 3713 4151">
    <p class='ocr_par' dir='ltr' id='par_1_84' title="bbox 2148 4071 3713 4151">
     <span class='ocr_line' id='line_1_84' title="bbox 2148 4071 3713 4151; baseline -0.007 -15"><span class='ocrx_word' id='word_1_565' title='bbox 2148 4086 2268 4137; x_wconf 74' lang='grc' dir='ltr'>ἐστι</span> <span class='ocrx_word' id='word_1_566' title='bbox 2335 4082 2429 4136; x_wconf 84' lang='grc' dir='ltr'><strong>τοῦ</strong></span> <span class='ocrx_word' id='word_1_567' title='bbox 2487 4081 2731 4151; x_wconf 86' lang='grc' dir='ltr'>ἀοιδίμου</span> <span class='ocrx_word' id='word_1_568' title='bbox 2784 4080 3047 4151; x_wconf 85' lang='grc' dir='ltr'>βασιλέως</span> <span class='ocrx_word' id='word_1_569' title='bbox 3104 4081 3279 4151; x_wconf 85' lang='grc' dir='ltr'>κυροῦ</span> <span class='ocrx_word' id='word_1_570' title='bbox 3345 4079 3579 4146; x_wconf 80' lang='grc' dir='ltr'>Ἀλεξίου</span> <span class='ocrx_word' id='word_1_571' title='bbox 3629 4071 3713 4126; x_wconf 82' lang='grc' dir='ltr'>τοῦ</span> 
     </span>
    </p>
   </div>
   <div class='ocr_carea' id='block_1_85' title="bbox 2147 4166 3716 4255">
    <p class='ocr_par' dir='ltr' id='par_1_85' title="bbox 2147 4166 3716 4255">
     <span class='ocr_line' id='line_1_85' title="bbox 2147 4166 3716 4255; baseline -0.001 -30"><span class='ocrx_word' id='word_1_572' title='bbox 2147 4171 2460 4242; x_wconf 81' lang='grc' dir='ltr'>Κομνηνοῦ,</span> <span class='ocrx_word' id='word_1_573' title='bbox 2513 4172 2656 4225; x_wconf 83' lang='grc' dir='ltr'><strong>κατά</strong></span> <span class='ocrx_word' id='word_1_574' title='bbox 2683 4171 2774 4225; x_wconf 79' lang='grc' dir='ltr'><strong>τὸν</strong></span> <span class='ocrx_word' id='word_1_575' title='bbox 2813 4171 3121 4242; x_wconf 78' lang='grc' dir='ltr'>Νοέμϐριον</span> <span class='ocrx_word' id='word_1_576' title='bbox 3157 4172 3309 4255; x_wconf 76' lang='grc' dir='ltr'>μῆνα</span> <span class='ocrx_word' id='word_1_577' title='bbox 3347 4174 3447 4242; x_wconf 81' lang='grc' dir='ltr'>τῆς</span> <span class='ocrx_word' id='word_1_578' title='bbox 3474 4166 3716 4235; x_wconf 74' lang='grc' dir='ltr'>δευτέρας</span> 
     </span>
    </p>
   </div>
   <div class='ocr_carea' id='block_1_86' title="bbox 486 4254 2051 4352">
    <p class='ocr_par' dir='ltr' id='par_1_86' title="bbox 486 4254 2044 4329">
     <span class='ocr_line' id='line_1_86' title="bbox 486 4254 2044 4329; baseline 0.01 -25"><span class='ocrx_word' id='word_1_579' title='bbox 486 4268 549 4306; x_wconf 91' lang='lat' dir='ltr'><strong>ac</strong></span> <span class='ocrx_word' id='word_1_580' title='bbox 583 4254 867 4312; x_wconf 84' lang='lat' dir='ltr'><strong>ﬁscalibus</strong></span> <span class='ocrx_word' id='word_1_581' title='bbox 906 4267 960 4312; x_wconf 89' lang='lat' dir='ltr'><strong>et</strong></span> <span class='ocrx_word' id='word_1_582' title='bbox 1015 4263 1409 4319; x_wconf 85' lang='lat' dir='ltr'><strong>ecclesiasticis</strong></span> <span class='ocrx_word' id='word_1_583' title='bbox 1467 4266 1698 4319; x_wconf 86' lang='lat' dir='ltr'><strong>secretis</strong></span> <span class='ocrx_word' id='word_1_584' title='bbox 1755 4266 2044 4329; x_wconf 88' lang='lat' dir='ltr'><strong>insertum,</strong></span> 
     </span>
    </p>
   </div>
   <div class='ocr_carea' id='block_1_87' title="bbox 2155 4254 3713 4352">
    <p class='ocr_par' dir='ltr' id='par_1_87' title="bbox 2155 4254 3713 4352">
     <span class='ocr_line' id='line_1_87' title="bbox 2155 4254 3713 4352; baseline -0.003 -36"><span class='ocrx_word' id='word_1_585' title='bbox 2155 4264 2527 4333; x_wconf 76' lang='grc' dir='ltr'>ὲπινεμήσεως</span> <span class='ocrx_word' id='word_1_586' title='bbox 2572 4264 2925 4329; x_wconf 82' lang='grc' dir='ltr'>ἀπολυθεῖσα,</span> <span class='ocrx_word' id='word_1_587' title='bbox 2964 4264 3056 4316; x_wconf 83' lang='grc' dir='ltr'>καὶ</span> <span class='ocrx_word' id='word_1_588' title='bbox 3093 4265 3206 4325; x_wconf 88' lang='grc' dir='ltr'>τοῖς</span> <span class='ocrx_word' id='word_1_589' title='bbox 3249 4254 3600 4331; x_wconf 83' lang='grc' dir='ltr'>δημοσιακοῖς</span> <span class='ocrx_word' id='word_1_590' title='bbox 3630 4256 3713 4352; x_wconf 64' lang='grc' dir='ltr'>καὶ</span> 
     </span>
    </p>
   </div>
   <div class='ocr_carea' id='block_1_88' title="bbox 481 4345 2043 4417">
    <p class='ocr_par' dir='ltr' id='par_1_88' title="bbox 481 4345 2043 4417">
     <span class='ocr_line' id='line_1_88' title="bbox 481 4345 2043 4417; baseline 0.006 -20"><span class='ocrx_word' id='word_1_591' title='bbox 481 4345 625 4412; x_wconf 90' lang='lat' dir='ltr'><strong>quod</strong></span> <span class='ocrx_word' id='word_1_592' title='bbox 660 4348 853 4401; x_wconf 86' lang='lat' dir='ltr'><strong>statuit</strong></span> <span class='ocrx_word' id='word_1_593' title='bbox 881 4349 1014 4417; x_wconf 75' lang='lat'><strong>(60),</strong></span> <span class='ocrx_word' id='word_1_594' title='bbox 1044 4368 1151 4406; x_wconf 91' lang='lat' dir='ltr'><strong>non</strong></span> <span class='ocrx_word' id='word_1_595' title='bbox 1196 4355 1376 4409; x_wconf 89' lang='lat' dir='ltr'><strong>solum</strong></span> <span class='ocrx_word' id='word_1_596' title='bbox 1427 4355 1626 4410; x_wconf 85' lang='lat' dir='ltr'><strong>debere</strong></span> <span class='ocrx_word' id='word_1_597' title='bbox 1680 4356 1819 4409; x_wconf 86' lang='lat' dir='ltr'><strong>citra</strong></span> <span class='ocrx_word' id='word_1_598' title='bbox 1873 4355 2043 4408; x_wconf 90' lang='lat' dir='ltr'><strong>ullum</strong></span> 
     </span>
    </p>
   </div>
   <div class='ocr_carea' id='block_1_89' title="bbox 481 4426 2048 4512">
    <p class='ocr_par' dir='ltr' id='par_1_89' title="bbox 481 4426 2048 4512">
     <span class='ocr_line' id='line_1_89' title="bbox 481 4426 2048 4512; baseline 0.009 -27"><span class='ocrx_word' id='word_1_599' title='bbox 481 4435 926 4505; x_wconf 85' lang='lat' dir='ltr'><strong>impedimentum</strong></span> <span class='ocrx_word' id='word_1_600' title='bbox 951 4426 1072 4510; x_wconf 88' lang='lat' dir='ltr'><strong>eligi</strong></span> <span class='ocrx_word' id='word_1_601' title='bbox 1101 4446 1386 4512; x_wconf 81' lang='lat' dir='ltr'><strong>pontiﬁces</strong></span> <span class='ocrx_word' id='word_1_602' title='bbox 1434 4446 1488 4498; x_wconf 90' lang='lat' dir='ltr'><strong>in</strong></span> <span class='ocrx_word' id='word_1_603' title='bbox 1531 4445 1827 4499; x_wconf 89' lang='lat' dir='ltr'><strong>orientales</strong></span> <span class='ocrx_word' id='word_1_604' title='bbox 1856 4444 2048 4499; x_wconf 87' lang='lat' dir='ltr'><strong>Eccle-</strong></span> 
     </span>
    </p>
   </div>
   <div class='ocr_carea' id='block_1_90' title="bbox 482 4526 2048 4601">
    <p class='ocr_par' dir='ltr' id='par_1_90' title="bbox 482 4526 2048 4601">
     <span class='ocr_line' id='line_1_90' title="bbox 482 4526 2048 4601; baseline 0.007 -26"><span class='ocrx_word' id='word_1_605' title='bbox 482 4526 615 4586; x_wconf 75' lang='lat' dir='ltr'><strong>sias,</strong></span> <span class='ocrx_word' id='word_1_606' title='bbox 668 4541 698 4578; x_wconf 92' lang='lat' dir='ltr'><strong>a</strong></span> <span class='ocrx_word' id='word_1_607' title='bbox 751 4531 976 4595; x_wconf 76' lang='lat' dir='ltr'><strong>paganis</strong></span> <span class='ocrx_word' id='word_1_608' title='bbox 1021 4547 1329 4600; x_wconf 80' lang='lat' dir='ltr'><strong>possessas,</strong></span> <span class='ocrx_word' id='word_1_609' title='bbox 1384 4534 1509 4587; x_wconf 89' lang='lat' dir='ltr'><strong>licet</strong></span> <span class='ocrx_word' id='word_1_610' title='bbox 1572 4532 1633 4596; x_wconf 84' lang='lat' dir='ltr'><strong>ii,</strong></span> <span class='ocrx_word' id='word_1_611' title='bbox 1680 4533 1772 4601; x_wconf 84' lang='lat' dir='ltr'><strong>qui</strong></span> <span class='ocrx_word' id='word_1_612' title='bbox 1827 4532 1891 4586; x_wconf 88' lang='lat' dir='ltr'><strong>ad</strong></span> <span class='ocrx_word' id='word_1_613' title='bbox 1954 4548 2048 4586; x_wconf 89' lang='lat' dir='ltr'><strong>eas</strong></span> 
     </span>
    </p>
   </div>
   <div class='ocr_carea' id='block_1_91' title="bbox 482 4622 2050 4694">
    <p class='ocr_par' dir='ltr' id='par_1_91' title="bbox 482 4622 2050 4694">
     <span class='ocr_line' id='line_1_91' title="bbox 482 4622 2050 4694; baseline 0.005 -25"><span class='ocrx_word' id='word_1_614' title='bbox 482 4622 894 4683; x_wconf 78' lang='lat' dir='ltr'><strong>renuntiantur,</strong></span> <span class='ocrx_word' id='word_1_615' title='bbox 926 4639 1065 4690; x_wconf 88' lang='lat' dir='ltr'><strong>quos</strong></span> <span class='ocrx_word' id='word_1_616' title='bbox 1121 4626 1297 4679; x_wconf 87' lang='lat' dir='ltr'><strong>sortiti</strong></span> <span class='ocrx_word' id='word_1_617' title='bbox 1342 4635 1471 4679; x_wconf 89' lang='lat' dir='ltr'><strong>sunt</strong></span> <span class='ocrx_word' id='word_1_618' title='bbox 1506 4625 1735 4678; x_wconf 88' lang='lat' dir='ltr'><strong>thronos</strong></span> <span class='ocrx_word' id='word_1_619' title='bbox 1797 4626 2050 4694; x_wconf 87' lang='lat' dir='ltr'><strong>accipere</strong></span> 
     </span>
    </p>
   </div>
   <div class='ocr_carea' id='block_1_92' title="bbox 483 4715 2045 4783">
    <p class='ocr_par' dir='ltr' id='par_1_92' title="bbox 483 4715 2045 4783">
     <span class='ocr_line' id='line_1_92' title="bbox 483 4715 2045 4783; baseline 0.008 -26"><span class='ocrx_word' id='word_1_620' title='bbox 483 4718 758 4775; x_wconf 77' lang='lat' dir='ltr'><strong>nequeant</strong></span> <span class='ocrx_word' id='word_1_621' title='bbox 823 4723 1043 4780; x_wconf 82' lang='lat' dir='ltr'><strong>propter</strong></span> <span class='ocrx_word' id='word_1_622' title='bbox 1094 4715 1357 4766; x_wconf 89' lang='lat' dir='ltr'><strong>malitiam</strong></span> <span class='ocrx_word' id='word_1_623' title='bbox 1423 4729 1793 4783; x_wconf 79' lang='lat' dir='ltr'><strong>paganorum:</strong></span> <span class='ocrx_word' id='word_1_624' title='bbox 1858 4732 2045 4770; x_wconf 82' lang='lat' dir='ltr'><strong>verum</strong></span> 
     </span>
    </p>
   </div>
   <div class='ocr_carea' id='block_1_93' title="bbox 481 4799 2047 4873">
    <p class='ocr_par' dir='ltr' id='par_1_93' title="bbox 481 4799 2047 4873">
     <span class='ocr_line' id='line_1_93' title="bbox 481 4799 2047 4873; baseline 0.01 -25"><span class='ocrx_word' id='word_1_625' title='bbox 481 4799 644 4850; x_wconf 80' lang='lat' dir='ltr'><strong>ctiam</strong></span> <span class='ocrx_word' id='word_1_626' title='bbox 701 4802 845 4868; x_wconf 90' lang='lat' dir='ltr'><strong>quod</strong></span> <span class='ocrx_word' id='word_1_627' title='bbox 902 4814 1023 4870; x_wconf 82' lang='lat' dir='ltr'><strong>post</strong></span> <span class='ocrx_word' id='word_1_628' title='bbox 1067 4805 1469 4859; x_wconf 87' lang='lat' dir='ltr'><strong>ordinationem</strong></span> <span class='ocrx_word' id='word_1_629' title='bbox 1535 4805 1732 4861; x_wconf 84' lang='lat' dir='ltr'><strong>habere</strong></span> <span class='ocrx_word' id='word_1_630' title='bbox 1793 4809 2047 4873; x_wconf 84' lang='lat' dir='ltr'><strong>debeant,</strong></span> 
     </span>
    </p>
   </div>
   <div class='ocr_carea' id='block_1_94' title="bbox 482 4888 2047 4964">
    <p class='ocr_par' dir='ltr' id='par_1_94' title="bbox 482 4888 2047 4964">
     <span class='ocr_line' id='line_1_94' title="bbox 482 4888 2047 4964; baseline 0.008 -25"><span class='ocrx_word' id='word_1_631' title='bbox 482 4904 829 4959; x_wconf 59' lang='lat' dir='ltr'><strong>quascunque</strong></span> <span class='ocrx_word' id='word_1_632' title='bbox 862 4903 991 4947; x_wconf 85' lang='lat' dir='ltr'><strong>ante</strong></span> <span class='ocrx_word' id='word_1_633' title='bbox 1041 4888 1189 4945; x_wconf 72' lang='lat' dir='ltr'><strong>illam</strong></span> <span class='ocrx_word' id='word_1_634' title='bbox 1247 4893 1720 4964; x_wconf 87' lang='lat' dir='ltr'><strong>Constantinopoli</strong></span> <span class='ocrx_word' id='word_1_635' title='bbox 1770 4897 2047 4952; x_wconf 84' lang='lat' dir='ltr'><strong>habebant</strong></span> 
     </span>
    </p>
   </div>
   <div class='ocr_carea' id='block_1_95' title="bbox 476 4975 2045 5056">
    <p class='ocr_par' dir='ltr' id='par_1_95' title="bbox 476 4975 2045 5056">
     <span class='ocr_line' id='line_1_95' title="bbox 476 4975 2045 5056; baseline 0.008 -23"><span class='ocrx_word' id='word_1_636' title='bbox 476 4980 638 5046; x_wconf 85' lang='lat' dir='ltr'><strong>jura:</strong></span> <span class='ocrx_word' id='word_1_637' title='bbox 706 4986 964 5037; x_wconf 89' lang='lat' dir='ltr'><strong>nimirum</strong></span> <span class='ocrx_word' id='word_1_638' title='bbox 1035 4985 1316 5048; x_wconf 71' lang='lat' dir='ltr'><strong>abbatiss,</strong></span> <span class='ocrx_word' id='word_1_639' title='bbox 1388 4975 1798 5056; x_wconf 81' lang='lat' dir='ltr'><strong>adelpltatorum</strong></span> <span class='ocrx_word' id='word_1_640' title='bbox 1872 5005 2045 5045; x_wconf 83' lang='lat' dir='ltr'><strong>anno-</strong></span> 
     </span>
    </p>
   </div>
   <div class='ocr_carea' id='block_1_96' title="bbox 485 5072 2044 5146">
    <p class='ocr_par' dir='ltr' id='par_1_96' title="bbox 485 5072 2044 5146">
     <span class='ocr_line' id='line_1_96' title="bbox 485 5072 2044 5146; baseline 0.008 -23"><span class='ocrx_word' id='word_1_641' title='bbox 485 5087 583 5126; x_wconf 81' lang='lat' dir='ltr'><strong>nas</strong></span> <span class='ocrx_word' id='word_1_642' title='bbox 618 5072 750 5141; x_wconf 80' lang='lat' dir='ltr'><strong>(6t),</strong></span> <span class='ocrx_word' id='word_1_643' title='bbox 782 5085 835 5126; x_wconf 93' lang='lat' dir='ltr'><strong>et</strong></span> <span class='ocrx_word' id='word_1_644' title='bbox 868 5075 1097 5141; x_wconf 87' lang='lat' dir='ltr'><strong>reliqua.</strong></span> <span class='ocrx_word' id='word_1_645' title='bbox 1150 5076 1325 5145; x_wconf 83' lang='lat' dir='ltr'><strong>Atque</strong></span> <span class='ocrx_word' id='word_1_646' title='bbox 1384 5093 1484 5132; x_wconf 91' lang='lat' dir='ltr'><strong>nos</strong></span> <span class='ocrx_word' id='word_1_647' title='bbox 1536 5081 1755 5146; x_wconf 84' lang='lat' dir='ltr'><strong>quidem</strong></span> <span class='ocrx_word' id='word_1_648' title='bbox 1818 5084 1928 5135; x_wconf 66' lang='lat' dir='ltr'><strong>haec</strong></span> <span class='ocrx_word' id='word_1_649' title='bbox 1973 5083 2044 5136; x_wconf 84' lang='lat' dir='ltr'><strong>ita</strong></span> 
     </span>
    </p>
   </div>
   <div class='ocr_carea' id='block_1_97' title="bbox 485 5163 2045 5243">
    <p class='ocr_par' dir='ltr' id='par_1_97' title="bbox 485 5163 2045 5243">
     <span class='ocr_line' id='line_1_97' title="bbox 485 5163 2045 5243; baseline 0.008 -31"><span class='ocrx_word' id='word_1_650' title='bbox 485 5163 659 5230; x_wconf 74' lang='lat' dir='ltr'><strong>rogati</strong></span> <span class='ocrx_word' id='word_1_651' title='bbox 696 5165 1134 5233; x_wconf 77' lang='lat' dir='ltr'><strong>perscripsimus.</strong></span> <span class='ocrx_word' id='word_1_652' title='bbox 1163 5167 1433 5223; x_wconf 69' lang='lat' dir='ltr'><strong>Cmterum</strong></span> <span class='ocrx_word' id='word_1_653' title='bbox 1465 5170 1607 5224; x_wconf 81' lang='lat' dir='ltr'><strong>Deus</strong></span> <span class='ocrx_word' id='word_1_654' title='bbox 1640 5172 1729 5226; x_wconf 88' lang='lat' dir='ltr'><strong>ille</strong></span> <span class='ocrx_word' id='word_1_655' title='bbox 1758 5175 1930 5240; x_wconf 84' lang='lat' dir='ltr'><strong>pacis,</strong></span> <span class='ocrx_word' id='word_1_656' title='bbox 1952 5175 2045 5243; x_wconf 87' lang='lat' dir='ltr'><strong>qui</strong></span> 
     </span>
    </p>
   </div>
   <div class='ocr_carea' id='block_1_98' title="bbox 485 5252 2046 5331">
    <p class='ocr_par' dir='ltr' id='par_1_98' title="bbox 485 5252 2046 5331">
     <span class='ocr_line' id='line_1_98' title="bbox 485 5252 2046 5331; baseline 0.013 -32"><span class='ocrx_word' id='word_1_657' title='bbox 485 5266 580 5317; x_wconf 70' lang='lat' dir='ltr'><strong>per</strong></span> <span class='ocrx_word' id='word_1_658' title='bbox 637 5252 886 5307; x_wconf 83' lang='lat' dir='ltr'><strong>Davidcm</strong></span> <span class='ocrx_word' id='word_1_659' title='bbox 926 5259 1237 5324; x_wconf 77' lang='lat' dir='ltr'><strong>prophetarit</strong></span> <span class='ocrx_word' id='word_1_660' title='bbox 1286 5260 1459 5315; x_wconf 82' lang='lat' dir='ltr'><strong>dixit:</strong></span> <span class='ocrx_word' id='word_1_661' title='bbox 1494 5262 1546 5315; x_wconf 91' lang='lat' dir='ltr'><strong>Si</strong></span> <span class='ocrx_word' id='word_1_662' title='bbox 1602 5264 1836 5331; x_wconf 89' lang='lat' dir='ltr'><strong>populus</strong></span> <span class='ocrx_word' id='word_1_663' title='bbox 1893 5281 2046 5319; x_wconf 89' lang='lat' dir='ltr'><strong>meus</strong></span> 
     </span>
    </p>
   </div>
   <div class='ocr_carea' id='block_1_99' title="bbox 491 5351 2044 5421">
    <p class='ocr_par' dir='ltr' id='par_1_99' title="bbox 491 5351 2044 5421">
     <span class='ocr_line' id='line_1_99' title="bbox 491 5351 2044 5421; baseline 0.01 -29"><span class='ocrx_word' id='word_1_664' title='bbox 491 5353 757 5410; x_wconf 76' lang='lat' dir='ltr'><strong>pra-cepta</strong></span> <span class='ocrx_word' id='word_1_665' title='bbox 795 5360 911 5399; x_wconf 69' lang='lat' dir='ltr'><strong>mea</strong></span> <span class='ocrx_word' id='word_1_666' title='bbox 944 5351 1260 5415; x_wconf 81' lang='lat' dir='ltr'><strong>servaverit,</strong></span> <span class='ocrx_word' id='word_1_667' title='bbox 1296 5354 1346 5403; x_wconf 85' lang='lat' dir='ltr'><strong>tu</strong></span> <span class='ocrx_word' id='word_1_668' title='bbox 1384 5354 1532 5421; x_wconf 63' lang='lat' dir='ltr'><strong>Virga</strong></span> <span class='ocrx_word' id='word_1_669' title='bbox 1593 5354 1824 5407; x_wconf 82' lang='lat' dir='ltr'><strong>visitabo</strong></span> <span class='ocrx_word' id='word_1_670' title='bbox 1856 5355 2044 5408; x_wconf 81' lang='lat' dir='ltr'><strong>inimi-</strong></span> 
     </span>
    </p>
   </div>
   <div class='ocr_carea' id='block_1_100' title="bbox 484 5440 2038 5515">
    <p class='ocr_par' dir='ltr' id='par_1_100' title="bbox 484 5440 2038 5515">
     <span class='ocr_line' id='line_1_100' title="bbox 484 5440 2038 5515; baseline 0.01 -32"><span class='ocrx_word' id='word_1_671' title='bbox 484 5445 583 5485; x_wconf 84' lang='lat' dir='ltr'><strong>cos</strong></span> <span class='ocrx_word' id='word_1_672' title='bbox 650 5450 873 5501; x_wconf 83' lang='lat' dir='ltr'><strong>eorum,</strong></span> <span class='ocrx_word' id='word_1_673' title='bbox 936 5448 988 5492; x_wconf 91' lang='lat' dir='ltr'><strong>et</strong></span> <span class='ocrx_word' id='word_1_674' title='bbox 1047 5440 1099 5495; x_wconf 89' lang='lat' dir='ltr'><strong>in</strong></span> <span class='ocrx_word' id='word_1_675' title='bbox 1161 5441 1387 5513; x_wconf 77' lang='lat' dir='ltr'><strong>ﬂagellis</strong></span> <span class='ocrx_word' id='word_1_676' title='bbox 1448 5446 1763 5515; x_wconf 81' lang='lat' dir='ltr'><strong>iniquitatcs</strong></span> <span class='ocrx_word' id='word_1_677' title='bbox 1814 5463 2038 5513; x_wconf 78' lang='lat' dir='ltr'><strong>eorum;</strong></span> 
     </span>
    </p>
   </div>
   <div class='ocr_carea' id='block_1_101' title="bbox 2153 4346 3719 4424">
    <p class='ocr_par' dir='ltr' id='par_1_101' title="bbox 2153 4346 3719 4424">
     <span class='ocr_line' id='line_1_101' title="bbox 2153 4346 3719 4424; baseline -0.004 -19"><span class='ocrx_word' id='word_1_678' title='bbox 2153 4352 2628 4424; x_wconf 83' lang='grc' dir='ltr'>ὲκκλησιαστικοῖς</span> <span class='ocrx_word' id='word_1_679' title='bbox 2663 4355 2943 4424; x_wconf 78' lang='grc' dir='ltr'>σεκρέτοις</span> <span class='ocrx_word' id='word_1_680' title='bbox 2993 4353 3446 4422; x_wconf 71' lang='grc' dir='ltr'>καταπρωθεῖσα</span> <span class='ocrx_word' id='word_1_681' title='bbox 3467 4391 3482 4415; x_wconf 90' lang='grc'><strong>,</strong></span> <span class='ocrx_word' id='word_1_682' title='bbox 3514 4352 3605 4403; x_wconf 83' lang='grc' dir='ltr'>καὶ</span> <span class='ocrx_word' id='word_1_683' title='bbox 3645 4346 3719 4400; x_wconf 83' lang='grc' dir='ltr'>δι·</span> 
     </span>
    </p>
   </div>
   <div class='ocr_carea' id='block_1_102' title="bbox 2152 4441 3719 4522">
    <p class='ocr_par' dir='ltr' id='par_1_102' title="bbox 2152 4441 3719 4522">
     <span class='ocr_line' id='line_1_102' title="bbox 2152 4441 3719 4522; baseline -0.002 -19"><span class='ocrx_word' id='word_1_684' title='bbox 2152 4449 2452 4521; x_wconf 78' lang='grc' dir='ltr'>οριζομένη</span> <span class='ocrx_word' id='word_1_685' title='bbox 2483 4450 2557 4521; x_wconf 80' lang='grc' dir='ltr'>μὴ</span> <span class='ocrx_word' id='word_1_686' title='bbox 2582 4450 2742 4520; x_wconf 88' lang='grc' dir='ltr'>μόνον</span> <span class='ocrx_word' id='word_1_687' title='bbox 2760 4449 3253 4520; x_wconf 88' lang='grc' dir='ltr'>ἀπαρεμποδίστως</span> <span class='ocrx_word' id='word_1_688' title='bbox 3270 4450 3548 4522; x_wconf 76' lang='grc' dir='ltr'>ἀρχιερεῖς</span> <span class='ocrx_word' id='word_1_689' title='bbox 3570 4441 3719 4515; x_wconf 72' lang='grc' dir='ltr'>ψηφί-</span> 
     </span>
    </p>
   </div>
   <div class='ocr_carea' id='block_1_103' title="bbox 2154 4534 3718 4612">
    <p class='ocr_par' dir='ltr' id='par_1_103' title="bbox 2154 4534 3718 4612">
     <span class='ocr_line' id='line_1_103' title="bbox 2154 4534 3718 4612; baseline -0.007 -16"><span class='ocrx_word' id='word_1_690' title='bbox 2154 4542 2344 4607; x_wconf 77' lang='grc' dir='ltr'>ζεσθαι</span> <span class='ocrx_word' id='word_1_691' title='bbox 2367 4543 2447 4605; x_wconf 90' lang='grc' dir='ltr'><strong>είς</strong></span> <span class='ocrx_word' id='word_1_692' title='bbox 2467 4543 2564 4605; x_wconf 85' lang='grc' dir='ltr'>τὰς</span> <span class='ocrx_word' id='word_1_693' title='bbox 2586 4542 2914 4606; x_wconf 79' lang='grc' dir='ltr'>ἀνατολικάς</span> <span class='ocrx_word' id='word_1_694' title='bbox 2951 4541 3305 4612; x_wconf 85' lang='grc' dir='ltr'>Ἐκκλησίας,</span> <span class='ocrx_word' id='word_1_695' title='bbox 3329 4540 3431 4601; x_wconf 84' lang='grc' dir='ltr'><strong>τὰς</strong></span> <span class='ocrx_word' id='word_1_696' title='bbox 3459 4537 3605 4608; x_wconf 84' lang='grc' dir='ltr'>παρὰ</span> <span class='ocrx_word' id='word_1_697' title='bbox 3624 4534 3718 4587; x_wconf 81' lang='grc' dir='ltr'>τῶν</span> 
     </span>
    </p>
   </div>
   <div class='ocr_carea' id='block_1_104' title="bbox 2155 4626 3717 4704">
    <p class='ocr_par' dir='ltr' id='par_1_104' title="bbox 2155 4626 3717 4704">
     <span class='ocr_line' id='line_1_104' title="bbox 2155 4626 3717 4704; baseline -0.006 -19"><span class='ocrx_word' id='word_1_698' title='bbox 2155 4634 2324 4687; x_wconf 74' lang='grc' dir='ltr'>ἐθνῶν</span> <span class='ocrx_word' id='word_1_699' title='bbox 2360 4634 2768 4704; x_wconf 84' lang='grc' dir='ltr'>κατεχομένας,</span> <span class='ocrx_word' id='word_1_700' title='bbox 2824 4634 2927 4687; x_wconf 86' lang='grc' dir='ltr'>κᾶν</span> <span class='ocrx_word' id='word_1_701' title='bbox 2971 4633 3033 4686; x_wconf 82' lang='grc' dir='ltr'>οὐ</span> <span class='ocrx_word' id='word_1_702' title='bbox 3078 4632 3338 4687; x_wconf 89' lang='grc' dir='ltr'>δύνανται</span> <span class='ocrx_word' id='word_1_703' title='bbox 3371 4633 3421 4686; x_wconf 80' lang='lat' dir='ltr'><strong>oi</strong></span> <span class='ocrx_word' id='word_1_704' title='bbox 3455 4634 3511 4684; x_wconf 81' lang='grc' dir='ltr'>ὲν</span> <span class='ocrx_word' id='word_1_705' title='bbox 3544 4626 3717 4684; x_wconf 82' lang='grc' dir='ltr'>αὑταῖς</span> 
     </span>
    </p>
   </div>
   <div class='ocr_carea' id='block_1_105' title="bbox 2155 4716 3716 4799">
    <p class='ocr_par' dir='ltr' id='par_1_105' title="bbox 2155 4716 3716 4799">
     <span class='ocr_line' id='line_1_105' title="bbox 2155 4716 3716 4799; baseline -0.008 -18"><span class='ocrx_word' id='word_1_706' title='bbox 2155 4723 2639 4799; x_wconf 71' lang='grc' dir='ltr'>ἐπικηρυττόμενοι</span> <span class='ocrx_word' id='word_1_707' title='bbox 2669 4727 3113 4797; x_wconf 75' lang='grc' dir='ltr'>καταλαμϐάνειν</span> <span class='ocrx_word' id='word_1_708' title='bbox 3145 4727 3276 4789; x_wconf 80' lang='grc' dir='ltr'>τοὺς</span> <span class='ocrx_word' id='word_1_709' title='bbox 3308 4726 3573 4797; x_wconf 81' lang='grc' dir='ltr'>λαχόντας</span> <span class='ocrx_word' id='word_1_710' title='bbox 3605 4716 3716 4773; x_wconf 82' lang='grc' dir='ltr'>τού·</span> 
     </span>
    </p>
   </div>
   <div class='ocr_carea' id='block_1_106' title="bbox 2155 4806 3719 4891">
    <p class='ocr_par' dir='ltr' id='par_1_106' title="bbox 2155 4806 3719 4891">
     <span class='ocr_line' id='line_1_106' title="bbox 2155 4806 3719 4891; baseline -0.008 -18"><span class='ocrx_word' id='word_1_711' title='bbox 2155 4837 2281 4884; x_wconf 89' lang='grc' dir='ltr'>τους</span> <span class='ocrx_word' id='word_1_712' title='bbox 2308 4821 2531 4891; x_wconf 88' lang='grc' dir='ltr'>θρόνους</span> <span class='ocrx_word' id='word_1_713' title='bbox 2562 4820 2653 4873; x_wconf 81' lang='grc' dir='ltr'><strong>διὰ</strong></span> <span class='ocrx_word' id='word_1_714' title='bbox 2676 4822 2774 4889; x_wconf 80' lang='grc' dir='ltr'>τὴν</span> <span class='ocrx_word' id='word_1_715' title='bbox 2804 4820 3025 4890; x_wconf 78' lang='grc' dir='ltr'>ὲθνικὴν</span> <span class='ocrx_word' id='word_1_716' title='bbox 3048 4819 3270 4882; x_wconf 89' lang='grc' dir='ltr'>κακίαν,</span> <span class='ocrx_word' id='word_1_717' title='bbox 3301 4819 3440 4872; x_wconf 85' lang='grc' dir='ltr'><strong>ἀλλά</strong></span> <span class='ocrx_word' id='word_1_718' title='bbox 3473 4816 3565 4869; x_wconf 84' lang='grc' dir='ltr'>καὶ</span> <span class='ocrx_word' id='word_1_719' title='bbox 3594 4806 3719 4881; x_wconf 81' lang='grc' dir='ltr'>μετὰ</span> 
     </span>
    </p>
   </div>
   <div class='ocr_carea' id='block_1_107' title="bbox 2154 4897 3719 4979">
    <p class='ocr_par' dir='ltr' id='par_1_107' title="bbox 2154 4897 3719 4979">
     <span class='ocr_line' id='line_1_107' title="bbox 2154 4897 3719 4979; baseline -0.004 -18"><span class='ocrx_word' id='word_1_720' title='bbox 2154 4909 2254 4979; x_wconf 79' lang='grc' dir='ltr'>τὴν</span> <span class='ocrx_word' id='word_1_721' title='bbox 2290 4909 2625 4979; x_wconf 88' lang='grc' dir='ltr'>χειροτονίαν</span> <span class='ocrx_word' id='word_1_722' title='bbox 2659 4908 2805 4979; x_wconf 74' lang='grc' dir='ltr'>ἔχειν</span> <span class='ocrx_word' id='word_1_723' title='bbox 2852 4910 2953 4962; x_wconf 83' lang='grc' dir='ltr'>ὅσα</span> <span class='ocrx_word' id='word_1_724' title='bbox 2998 4909 3104 4979; x_wconf 74' lang='grc' dir='ltr'>πρὸ</span> <span class='ocrx_word' id='word_1_725' title='bbox 3149 4909 3359 4978; x_wconf 86' lang='grc' dir='ltr'>ταύτης</span> <span class='ocrx_word' id='word_1_726' title='bbox 3395 4907 3551 4976; x_wconf 75' lang='grc' dir='ltr'>ἔσχον</span> <span class='ocrx_word' id='word_1_727' title='bbox 3589 4897 3719 4955; x_wconf 68' lang='grc' dir='ltr'>κατὰ</span> 
     </span>
    </p>
   </div>
   <div class='ocr_carea' id='block_1_108' title="bbox 2150 4989 3716 5070">
    <p class='ocr_par' dir='ltr' id='par_1_108' title="bbox 2150 4989 3716 5070">
     <span class='ocr_line' id='line_1_108' title="bbox 2150 4989 3716 5070; baseline -0.009 -15"><span class='ocrx_word' id='word_1_728' title='bbox 2150 4999 2249 5070; x_wconf 83' lang='grc' dir='ltr'>τὴν</span> <span class='ocrx_word' id='word_1_729' title='bbox 2280 4999 2642 5069; x_wconf 85' lang='grc' dir='ltr'>μεγαλόπολιν</span> <span class='ocrx_word' id='word_1_730' title='bbox 2663 5000 2869 5053; x_wconf 86' lang='grc' dir='ltr'>δίκαια.</span> <span class='ocrx_word' id='word_1_731' title='bbox 2911 4998 3303 5066; x_wconf 86' lang='grc' dir='ltr'>Ἥγουμενείας</span> <span class='ocrx_word' id='word_1_732' title='bbox 3330 4997 3554 5067; x_wconf 80' lang='grc' dir='ltr'>δηλαδὴ,</span> <span class='ocrx_word' id='word_1_733' title='bbox 3578 4989 3716 5045; x_wconf 83' lang='grc' dir='ltr'>ἀδελ·</span> 
     </span>
    </p>
   </div>
   <div class='ocr_carea' id='block_1_109' title="bbox 2153 5079 3717 5161">
    <p class='ocr_par' dir='ltr' id='par_1_109' title="bbox 2153 5079 3717 5161">
     <span class='ocr_line' id='line_1_109' title="bbox 2153 5079 3717 5161; baseline -0.002 -20"><span class='ocrx_word' id='word_1_734' title='bbox 2153 5091 2335 5156; x_wconf 79' lang='grc' dir='ltr'>φάτων</span> <span class='ocrx_word' id='word_1_735' title='bbox 2364 5090 2648 5161; x_wconf 81' lang='grc' dir='ltr'>σιτηρέσια</span> <span class='ocrx_word' id='word_1_736' title='bbox 2673 5129 2687 5153; x_wconf 90' lang='grc'><strong>,</strong></span> <span class='ocrx_word' id='word_1_737' title='bbox 2722 5088 2818 5142; x_wconf 76' lang='grc' dir='ltr'>καὶ</span> <span class='ocrx_word' id='word_1_738' title='bbox 2846 5089 3029 5141; x_wconf 89' lang='grc' dir='ltr'>λοιπά.</span> <span class='ocrx_word' id='word_1_739' title='bbox 3070 5090 3180 5141; x_wconf 80' lang='grc' dir='ltr'>Καὶ</span> <span class='ocrx_word' id='word_1_740' title='bbox 3221 5090 3389 5159; x_wconf 76' lang='grc' dir='ltr'>ἡμεῖς</span> <span class='ocrx_word' id='word_1_741' title='bbox 3421 5085 3518 5157; x_wconf 74' lang='grc' dir='ltr'>μὲν</span> <span class='ocrx_word' id='word_1_742' title='bbox 3549 5079 3717 5138; x_wconf 74' lang='grc' dir='ltr'>καθὼς</span> 
     </span>
    </p>
   </div>
   <div class='ocr_carea' id='block_1_110' title="bbox 2151 5173 3714 5250">
    <p class='ocr_par' dir='ltr' id='par_1_110' title="bbox 2151 5173 3714 5250">
     <span class='ocr_line' id='line_1_110' title="bbox 2151 5173 3714 5250; baseline -0.003 -18"><span class='ocrx_word' id='word_1_743' title='bbox 2151 5180 2464 5250; x_wconf 76' lang='grc' dir='ltr'>ἠξιώθημεν</span> <span class='ocrx_word' id='word_1_744' title='bbox 2485 5223 2498 5244; x_wconf 91' lang='grc'><strong>,</strong></span> <span class='ocrx_word' id='word_1_745' title='bbox 2531 5180 2706 5234; x_wconf 79' lang='grc' dir='ltr'>ταῦτα</span> <span class='ocrx_word' id='word_1_746' title='bbox 2737 5181 3117 5249; x_wconf 80' lang='grc' dir='ltr'>γεγράφαμεν.</span> <span class='ocrx_word' id='word_1_747' title='bbox 3165 5180 3225 5231; x_wconf 86' lang='grc'><strong>’0</strong></span> <span class='ocrx_word' id='word_1_748' title='bbox 3271 5179 3331 5232; x_wconf 78' lang='grc' dir='ltr'>δὲ</span> <span class='ocrx_word' id='word_1_749' title='bbox 3373 5178 3476 5246; x_wconf 79' lang='grc' dir='ltr'>τῆς</span> <span class='ocrx_word' id='word_1_750' title='bbox 3507 5173 3714 5243; x_wconf 74' lang='grc' dir='ltr'>εἰρήνης</span> 
     </span>
    </p>
   </div>
   <div class='ocr_carea' id='block_1_111' title="bbox 2152 5258 3712 5341">
    <p class='ocr_par' dir='ltr' id='par_1_111' title="bbox 2152 5258 3712 5341">
     <span class='ocr_line' id='line_1_111' title="bbox 2152 5258 3712 5341; baseline -0.002 -19"><span class='ocrx_word' id='word_1_751' title='bbox 2152 5271 2306 5335; x_wconf 71' lang='grc' dir='ltr'>Θεὸς,</span> <span class='ocrx_word' id='word_1_752' title='bbox 2330 5273 2359 5323; x_wconf 85' lang='grc' dir='ltr'>ὁ</span> <span class='ocrx_word' id='word_1_753' title='bbox 2386 5270 2554 5323; x_wconf 76' lang='grc' dir='ltr'>εἰπὼν</span> <span class='ocrx_word' id='word_1_754' title='bbox 2586 5272 2673 5324; x_wconf 73' lang='grc' dir='ltr'><strong>διὰ</strong></span> <span class='ocrx_word' id='word_1_755' title='bbox 2702 5270 2796 5323; x_wconf 81' lang='grc' dir='ltr'>τοῦ</span> <span class='ocrx_word' id='word_1_756' title='bbox 2829 5271 3108 5341; x_wconf 82' lang='grc' dir='ltr'>προφήτου</span> <span class='ocrx_word' id='word_1_757' title='bbox 3144 5269 3310 5322; x_wconf 80' lang='grc' dir='ltr'><strong>Δαῦίδ</strong></span> <span class='ocrx_word' id='word_1_758' title='bbox 3339 5285 3352 5298; x_wconf 97' lang='grc'><strong>·</strong></span> <span class='ocrx_word' id='word_1_759' title='bbox 3391 5267 3517 5320; x_wconf 83' lang='grc' dir='ltr'><strong>Ἐὰν</strong></span> <span class='ocrx_word' id='word_1_760' title='bbox 3544 5266 3571 5318; x_wconf 85' lang='grc' dir='ltr'>ὁ</span> <span class='ocrx_word' id='word_1_761' title='bbox 3597 5258 3712 5319; x_wconf 76' lang='grc' dir='ltr'>λαός</span> 
     </span>
    </p>
   </div>
   <div class='ocr_carea' id='block_1_112' title="bbox 2159 5349 3709 5430">
    <p class='ocr_par' dir='ltr' id='par_1_112' title="bbox 2159 5349 3709 5430">
     <span class='ocr_line' id='line_1_112' title="bbox 2159 5349 3709 5430; baseline -0.005 -17"><span class='ocrx_word' id='word_1_762' title='bbox 2159 5379 2259 5429; x_wconf 90' lang='grc' dir='ltr'><strong>μου</strong></span> <span class='ocrx_word' id='word_1_763' title='bbox 2289 5361 2384 5422; x_wconf 78' lang='grc' dir='ltr'><strong>τὰς</strong></span> <span class='ocrx_word' id='word_1_764' title='bbox 2416 5361 2633 5424; x_wconf 78' lang='grc' dir='ltr'>ἐντολάς</span> <span class='ocrx_word' id='word_1_765' title='bbox 2660 5378 2760 5429; x_wconf 88' lang='grc' dir='ltr'><strong>μου</strong></span> <span class='ocrx_word' id='word_1_766' title='bbox 2785 5360 3017 5430; x_wconf 79' lang='grc' dir='ltr'>φυλάξῃ,</span> <span class='ocrx_word' id='word_1_767' title='bbox 3052 5363 3109 5412; x_wconf 82' lang='grc' dir='ltr'>ὲν</span> <span class='ocrx_word' id='word_1_768' title='bbox 3142 5358 3323 5430; x_wconf 70' lang='grc' dir='ltr'>ῥάϐδῳ</span> <span class='ocrx_word' id='word_1_769' title='bbox 3347 5360 3475 5420; x_wconf 75' lang='grc' dir='ltr'>τοὺς</span> <span class='ocrx_word' id='word_1_770' title='bbox 3499 5349 3709 5422; x_wconf 66' lang='grc' dir='ltr'><strong>ἐχθριὺς</strong></span> 
     </span>
    </p>
   </div>
   <div class='ocr_carea' id='block_1_113' title="bbox 2160 5439 3710 5523">
    <p class='ocr_par' dir='ltr' id='par_1_113' title="bbox 2160 5439 3710 5523">
     <span class='ocr_line' id='line_1_113' title="bbox 2160 5439 3710 5523; baseline -0.006 -18"><span class='ocrx_word' id='word_1_771' title='bbox 2160 5453 2337 5505; x_wconf 71' lang='grc' dir='ltr'>αὐτῶν</span> <span class='ocrx_word' id='word_1_772' title='bbox 2366 5453 2754 5523; x_wconf 69' lang='grc' dir='ltr'>ἐπισκέψομαι,</span> <span class='ocrx_word' id='word_1_773' title='bbox 2789 5453 2883 5505; x_wconf 84' lang='grc' dir='ltr'>καὶ</span> <span class='ocrx_word' id='word_1_774' title='bbox 2914 5455 2971 5506; x_wconf 80' lang='grc' dir='ltr'>ὲν</span> <span class='ocrx_word' id='word_1_775' title='bbox 3007 5452 3222 5521; x_wconf 82' lang='grc' dir='ltr'>μάστιξι</span> <span class='ocrx_word' id='word_1_776' title='bbox 3249 5452 3351 5515; x_wconf 81' lang='grc' dir='ltr'><strong>τὰς</strong></span> <span class='ocrx_word' id='word_1_777' title='bbox 3380 5448 3588 5509; x_wconf 78' lang='grc' dir='ltr'>ἀδικίας</span> <span class='ocrx_word' id='word_1_778' title='bbox 3616 5439 3710 5497; x_wconf 73' lang='grc' dir='ltr'><strong>αὖ·</strong></span> 
     </span>
    </p>
   </div>
   <div class='ocr_carea' id='block_1_114' title="bbox 1977 5620 2209 5677">
    <p class='ocr_par' dir='ltr' id='par_1_114' title="bbox 1977 5620 2209 5677">
     <span class='ocr_line' id='line_1_114' title="bbox 1977 5620 2209 5677; baseline 0.004 -1"><span class='ocrx_word' id='word_1_779' title='bbox 1977 5620 2209 5677; x_wconf 64' lang='lat' dir='ltr'><strong>NOTAE.</strong></span> 
     </span>
    </p>
   </div>
   <div class='ocr_carea' id='block_1_115' title="bbox 561 5697 1900 5769">
    <p class='ocr_par' dir='ltr' id='par_1_115' title="bbox 561 5697 1900 5769">
     <span class='ocr_line' id='line_1_115' title="bbox 561 5697 1900 5769; baseline 0.01 -16"><span class='ocrx_word' id='word_1_780' title='bbox 561 5697 675 5769; x_wconf 75' lang='lat'><strong>(00)</strong></span> <span class='ocrx_word' id='word_1_781' title='bbox 707 5701 836 5755; x_wconf 75' lang='lat' dir='ltr'><strong>Vulc</strong></span> <span class='ocrx_word' id='word_1_782' title='bbox 865 5702 1132 5760; x_wconf 67' lang='lat' dir='ltr'><strong>Novi-Ilum</strong></span> <span class='ocrx_word' id='word_1_783' title='bbox 1178 5718 1384 5762; x_wconf 69' lang='lat' dir='ltr'><strong>sextam</strong></span> <span class='ocrx_word' id='word_1_784' title='bbox 1416 5710 1585 5764; x_wconf 68' lang='lat' dir='ltr'><strong>Alexii</strong></span> <span class='ocrx_word' id='word_1_785' title='bbox 1619 5712 1900 5767; x_wconf 77' lang='lat' dir='ltr'><strong>Coruncni.</strong></span> 
     </span>
    </p>
   </div>
   <div class='ocr_carea' id='block_1_116' title="bbox 2231 5714 3605 5785">
    <p class='ocr_par' dir='ltr' id='par_1_116' title="bbox 2231 5714 3605 5785">
     <span class='ocr_line' id='line_1_116' title="bbox 2231 5714 3605 5785; baseline 0.003 -22"><span class='ocrx_word' id='word_1_786' title='bbox 2231 5714 2340 5785; x_wconf 68' lang='lat' dir='ltr'><strong>(Gl)</strong></span> <span class='ocrx_word' id='word_1_787' title='bbox 2373 5715 2500 5780; x_wconf 75' lang='lat' dir='ltr'><strong>Quzc</strong></span> <span class='ocrx_word' id='word_1_788' title='bbox 2533 5717 2807 5784; x_wconf 70' lang='lat' dir='ltr'><strong>pnt&#39;linttcs</strong></span> <span class='ocrx_word' id='word_1_789' title='bbox 2840 5717 3064 5770; x_wconf 68' lang='lat' dir='ltr'><strong>fratrum</strong></span> <span class='ocrx_word' id='word_1_790' title='bbox 3098 5726 3242 5776; x_wconf 77' lang='lat' dir='ltr'><strong>sunt,</strong></span> <span class='ocrx_word' id='word_1_791' title='bbox 3277 5716 3351 5768; x_wconf 81' lang='lat' dir='ltr'><strong>uti</strong></span> <span class='ocrx_word' id='word_1_792' title='bbox 3396 5719 3605 5768; x_wconf 83' lang='lat' dir='ltr'><strong>vocant.</strong></span> 
     </span>
    </p>
   </div>
  </div>
