4020 6386
435 307 573 375 1033

1839 298 2248 364 ΜΕΟΙΤΑΤΑι

3505 290 3637 356 1034

432 427 560 481 τῶνο
599 425 660 478 τὸ
697 423 752 478 δὲ
785 423 930 486 ἔλεός
975 439 1074 491 μου
1123 411 1182 474 οῦ
1221 420 1294 492 μὴ
1347 418 1681 474 διασκεδὰσω
1727 421 1833 474 ἀπὸ
1874 420 1982 474 τῶν

2090 416 2514 504 misericordiam
2547 434 2673 474 vero
2704 433 2877 476 meam
2907 434 3016 476 non
3065 419 3374 489 dispergam
3433 430 3464 471 a
3509 415 3636 471 dili~

432 516 766 586 ἀγαπώντων
799 533 886 585 με,
918 517 1025 568 οὐδ’
1057 515 1120 568 οὗ
1162 512 1235 584 μὴ
1266 513 1556 585 βεσηλώσω
1587 513 1685 582 τὴν
1722 511 1982 581 διαθήκην

435 622 574 676 μου·
619 605 713 675 τὴν
750 606 847 674 μὲν
896 603 1113 672 έθνικὴν
1155 603 1410 656 ἀπιστίαν
1451 601 1822 671 διασκορπίσει
1853 599 1982 652 ὡσεὶ

353 741 356 744 .
433 695 706 766 κονιορτὸν
737 694 842 748 ἀπὸ
874 693 1072 755 ἅλωνος
1101 685 1336 764 θερινῆς,
1369 693 1492 755 τοὺς
1525 683 1583 745 δὲ
1611 691 1787 754 ὁσίους
1817 690 1980 743 αὐτοῦ

433 785 734 858 συναγάγῃ,
763 785 855 837 καὶ
878 784 1036 836 δώσει
1067 783 1247 845 αὐτοῖς
1275 781 1455 853 χώρας
1485 781 1653 834 ὲθνῶν
1675 782 1765 834 καὶ
1789 780 1978 847 φυλὰς.

432 878 539 930 Καὶ
567 879 682 946 ἐρεῖ
721 876 824 938 πᾶς
881 875 909 927 ὁ
937 873 1063 937 λαός
1095 889 1110 905 ·
1155 873 1454 944 Εὐλογητὸς
1506 872 1709 942 Κύριος
1764 872 1842 934 είς
1893 869 1982 922 τὸν

431 965 622 1017 αίῶνα.
654 963 886 1028 Γένοιτο,
926 963 1151 1029 γένοιτο.

1000 1094 1135 1146 ΤΟΥ
1180 1092 1407 1145 ΑΥΤΟΥ

432 1223 685 1291 Μελέτη,
715 1223 890 1290 χάριν
910 1223 1028 1274 τῶν
1052 1222 1160 1274 δύο
1193 1220 1502 1288 ὀφφικίων,
1522 1217 1653 1291 *τοῦ
1681 1233 1744 1270 τε
1769 1232 1980 1286 καρτο-

707 1287 1001 1361 έόύζιακος,
1025 1292 1122 1343 καὶ
1150 1287 1254 1344 τοῦ
1281 1287 1706 1353 πρωτεκδίκου.

501 1399 874 1469 Τοῦ.μεγάλου
909 1397 1225 1451 διδασκάλου
1265 1397 1364 1466 τῆς
1411 1395 1737 1466 Ἐκκλησίας
1770 1392 1980 1446 Παύλου

428 1491 522 1545 τοῦ
557 1492 883 1559 θεοκήρυκος
921 1488 1170 1556 λέγοντος
1193 1527 1206 1550 ,
1242 1488 1352 1556 Οὐχ
1391 1485 1566 1554 ἑαυτῷ
1593 1499 1676 1547 τις
1718 1482 1983 1550 λαμϐάνει

430 1583 614 1652 τιμὴν,
647 1581 781 1634 ἀλλά
820 1579 1146 1649 καλούμενος
1183 1578 1286 1630 ὑπὸ
1331 1575 1424 1630 τοῦ
1471 1575 1605 1628 Θεοῦ
1630 1616 1645 1640 ,
1679 1573 1905 1642 ὠφειλεν
1955 1575 1982 1626 ὁ

431 1673 797 1744 πρωτέκδικος
837 1671 1123 1742 ἀρκεῖσθαι
1170 1670 1281 1731 τοῖς
1329 1666 1630 1736 δεδομένοις
1670 1663 1836 1732 αὐτῷ,
1889 1662 1984 1715 καλ⁸

431 1763 550 1814 κατ’
575 1763 714 1830 ἰχνία
742 1763 786 1793 ⁷⁸
822 1760 1023 1831 βαίνειν
1055 1759 1163 1811 τῶν
1197 1757 1301 1827 πρὸ
1340 1752 1526 1818 αὐτοῦ,
1561 1753 1787 1824 παντοίᾳ
1820 1751 1981 1820 σοφίᾳ
2009 1739 2056 1798 Β

430 1856 538 1908 τῶν
571 1855 827 1908 πλειόνων
873 1852 1298 1920 κεκοσμημένων
1345 1851 1409 1920 τῇ
1453 1848 1635 1918 χάριτι
1676 1845 1770 1898 τοῦ
1823 1843 1980 1909 Θεοῦ,

429 1944 611 2007 καθὼς
637 1946 729 1998 καὶ
760 1944 918 2006 αὑτός
944 1945 1077 2006 ἐστι,
1113 1942 1209 1994 καὶ
1245 1941 1313 1993 τὰ
1347 1939 1652 2009 ὑψηλότατα
1682 1939 1780 2005 τῆς
1821 1937 1986 2002 ἁγιω-

430 2036 596 2104 τάτης
625 2036 717 2088 τοῦ
761 2034 894 2087 Θεοῦ
930 2033 1171 2104 μεγάλης
1207 2032 1534 2102 Ἐκκλησίας
1574 2029 1983 2100 ἐνεργησάντων

429 2125 677 2194 δφφίκια,
712 2124 873 2176 τινῶν
899 2123 954 2176 δὲ
988 2123 1079 2175 καὶ
1113 2122 1254 2175 κατά
1283 2121 1536 2191 γνησίους
1568 2116 1984 2189 πτερυξαμένων

429 2215 682 2275 ἀετιδεῖς,
713 2215 807 2267 κοιλ⁸
835 2215 914 2274 εἰς
946 2214 1037 2265 τὸν
1079 2212 1252 2282 μέγαν
1297 2210 1616 2278 φθασάντων
1665 2207 1851 2277 θρόνον
1886 2205 1985 2273 τῆς

432 2304 1078 2370 Κωνσταντινουπόλεως,
1109 2303 1203 2356 καὶ⁸
1228 2303 1296 2354 τά
1325 2299 1639 2370 κυρωθέντα
1663 2297 1747 2350 διὰ
1779 2295 1984 2365 χρόνων

433 2395 853 2463 ἁμνημονεύτων
913 2394 1132 2463 σχεδὸν,
1195 2391 1268 2462 μὴ
1326 2390 1576 2444 σπεύδειν
1632 2384 1984 2452 ἀλλοιωθῆναι

434 2488 573 2538 κατά
607 2485 818 2552 σηπύας
854 2484 1205 2553 αὐθημερὸν,
1259 2483 1351 2534 καὶ
1394 2480 1539 2534 οῦτω
1602 2475 1984 2548 ῥιψοκινδύνως

434 2575 805 2639 σκανδαλίζειν
838 2575 931 2627 καὶ
967 2573 1409 2636 σκανδαλίζεσθαι
1433 2588 1447 2603 ⁸
1482 2570 1654 2623 θέλειν
1687 2569 1742 2622 δὲ
1789 2565 1985 2636 μᾶλλον

435 2669 656 2737 εἰρήνην
684 2667 774 2719 ἐπὶ
801 2667 890 2719 τὸν
920 2667 1046 2721 λαὸν
1078 2665 1172 2719 τοῦ
1203 2664 1367 2726 Θεοῦ,
1398 2664 1490 2716 καὶ
1524 2662 1616 2716 ἐπὶ
1655 2662 1778 2723 τοὺς
1807 2659 1986 2720 ὁσίους

434 2758 620 2813 αὐτοῦ.
665 2759 815 2811 Ἐπεὶ
860 2757 903 2809 δ’
949 2759 1048 2811 οὐκ
1094 2752 1190 2810 οἷδ’
1239 2758 1383 2818 ὅπως
1437 2751 1807 2824 παραδραμὼν
1862 2753 1986 2813 τοὺς

433 2849 740 2920 ἑγείροντας
764 2849 831 2902 τά
859 2848 1127 2901 σκάνδαλα
1153 2847 1417 2917 μύλωνας,
1445 2846 1538 2897 καὶ
1560 2845 1627 2896 τὰ
1649 2840 1985 2912 διορισθέντα

433 2940 730 3002 κανονικῶς
779 2939 919 2993 κατὰ
961 2938 1070 2992 τῶν
1126 2938 1510 3007 παραλυόντων
1570 2933 1987 3004 ἀπερισκέπτως

434 3029 720 3097 συνήθειαν
753 3028 968 3098 μακρὰν
997 3026 1453 3096 ὲκκλησιαστικὴν
1494 3024 1802 3093 οἱανδήτινα
1849 3021 1986 3093 (καὶ

429 3119 631 3189 ταύτην
658 3120 762 3190 γὰρ
793 3121 1014 3188 κρατεῖν
1043 3118 1117 3180 ὡς
1150 3117 1276 3179 τοὺς
1315 3116 1489 3178 θείους
1516 3115 1744 3176 κανόνας
1765 3129 1984 3182 νενομο-

431 3211 698 3281 θέτηται),
725 3211 819 3264 καὶ
851 3210 1200 3280 ὑπεραναὸἀς
1225 3209 1314 3262 τὸν
1339 3208 1610 3279 ὁρίζοντα,
1635 3205 1779 3258 θέλει
1810 3221 1988 3274 παρα-

437 3301 694 3355 σαλεῦσαι
723 3301 788 3353 τὰ
834 3299 928 3353 τοῦ
959 3299 1368 3370 χαρτοφῦλακος
1398 3297 1667 3368 προνόμια
1686 3337 1700 3361 ,
1734 3296 1829 3348 καὶ
1868 3311 1990 3348 συν-

436 3392 567 3459 ἅψαι
597 3395 708 3454 τοῖς
739 3392 1029 3453 ἑκδικικοῖς
1057 3389 1506 3459 λειτουργήμασι,
1530 3388 1668 3441 κατὰ
1695 3402 1846 3448 τινας
1871 3385 1990 3437 έτε-

434 3485 602 3553 ροφυῆ
637 3482 1109 3552 συμμοσχεῦοντας
1135 3481 1380 3551 σώματα,
1409 3481 1502 3532 καὶ
1532 3479 1665 3548 πρὸς
1692 3477 1989 3530 ὲπισύστα-

432 3589 517 3628 σιν
543 3573 638 3626 τοῦ
669 3573 866 3627 οἰκείου
891 3573 1218 3642 θελήματος,
1259 3570 1447 3624 κανόσι
1477 3569 1676 3639 χρῆται
1700 3567 1798 3636 τῆς
1831 3565 1990 3633 ἁγίας

431 3665 527 3716 καὶ
559 3663 941 3732 οίκουμενικῆς
968 3663 1236 3731 τετάρτης
1262 3659 1503 3723 συνόδου,
1526 3657 1659 3729 πρὸς
1685 3656 1741 3710 δὲ
1767 3655 1856 3708 καί
1881 3670 1989 3707 τισι

434 3755 499 3824 ρή
511 3770 641 3822 μασι
674 3753 766 3806 τοῦ
795 3751 1156 3820 ἀποκειμένου
1196 3749 1398 3819 βιϐλίου
1432 3751 1488 3801 ἐν
1516 3746 1595 3816 τῷ
1626 3745 1864 3814 σεκρέτῳ
1893 3741 1989 3794 τοῦ

433 3836 576 3907 ἱεροῦ
598 3838 883 3904 ὲκδικείου,
921 3836 1170 3904 παριστῶ
1198 3837 1290 3889 καὶ
1320 3835 1482 3898 αὐτὸς
1514 3833 1603 3886 διὰ
1646 3833 1744 3902 τῆς
1782 3829 1990 3901 παρού-

433 3941 531 3997 σης
545 3929 760 3998 γραφῆς
790 3944 912 3998 μου,
935 3927 1117 3989 καθὼς
1141 3926 1398 3997 ἡξίωμαι,
1421 3927 1490 3979 τὰ
1518 3923 1726 3989 τοῦτον,
1754 3921 1828 3984 ὡς
1853 3914 1992 3990 ὲγῷ-

435 4035 553 4087 μαι,
579 4017 800 4080 δικαίως
843 4015 1282 4088 ὲπιστομίζοντα,
1317 4017 1412 4070 καὶ
1451 4016 1543 4069 τὸν
1573 4015 1715 4070 κατά
1763 4013 1992 4084 καιροὺς

431 4107 814 4177 χαρτοφύλακα
859 4108 1164 4176 φιλαλήθως
1208 4106 1675 4176 ἀποσεμνύνοντα.
1723 4103 1854 4156 ’Δπὺ
1895 4103 1990 4156 τοῦ

429 4205 526 4266 κγ’
543 4198 764 4262 κανόνος
789 4199 896 4252 τῶν
923 4200 980 4253 ὲν
1003 4198 1306 4267 Χαλκηδόνι
1331 4196 1690 4250 συνελθόντων
1717 4195 1795 4264 χλ¹
1822 4193 1991 4261 ἁγίων
2024 4225 2026 4228 ν

433 4289 721 4360 Πατέρων,
773 4289 997 4360 συκίνην
1036 4289 1356 4360 ἐπικουρίαν
1387 4289 1414 4340 ό
1452 4287 1817 4358 πρωτέκδικος
1851 4283 1994 4338 ίδιώ-

2012 3080 2055 3141 C

2084 507 2334 579 gentibus
2365 526 2469 577 me,
2494 526 2592 566 nec
2623 511 2921 582 profanabo
2958 518 3361 566 testamentum
3415 521 3632 561 meum:

2083 599 2128 652 is
2155 613 2282 668 ergo
2321 613 2654 670 paganorum
2704 601 2920 670 quidem
2959 590 3331 654 inlidelitatem
3383 596 3635 664 dissipet,

2083 689 2247 742 veluti
2301 689 2581 759 pulverem
2634 707 2700 746 ex
2735 706 2861 745 area
2919 692 3130 753 aestiva,
3183 696 3404 744 sanctos
3453 697 3634 740 autem

2082 773 2484 851 suos'colligat,
2520 789 2574 836 et
2623 796 2957 852 paganorum
3011 780 3092 836 eis
3130 779 3222 834 det
3266 779 3514 848 regiones
3572 789 3638 828 ac

2083 871 2276 925 tribus.
2323 871 2388 925 Et
2454 872 2599 926 dicat
2647 873 2878 943 populus
2929 871 3218 938 universus
3263 868 3638 924 :Benedictus

2086 960 2344 1016 Dominus
2375 962 2428 1016 in
2457 963 2737 1018 saeculum.
2774 955 2915 1028 Fiat,
2950 962 3064 1016 fiat.

2708 1069 3009 1148 Eiusnsu

2084 1208 2416 1282 Medianum,
2450 1221 2512 1274 de
2542 1217 2744 1274 duobus
2779 1222 2887 1275 illis
2918 1221 3095 1284 oﬂiciis
3122 1261 3135 1284 ,
3169 1215 3485 1271 chartularii
3532 1215 3638 1269 sci-

2454 1291 2593 1354 licet,
2636 1307 2697 1342 ac
2739 1291 2894 1358 primi
2928 1291 3241 1358 defensoris.

2152 1394 2287 1448 Cum
2323 1409 2552 1464 magnus
2593 1396 2682 1450 ille
2732 1396 2924 1450 doctor
2981 1395 3259 1460 Ecclesiae,
3313 1395 3638 1468 divinusque

2085 1500 2260 1555 praeco
2288 1483 2486 1540 Paulus
2511 1486 2678 1551 dicat,
2709 1501 2818 1540 non
2860 1485 2962 1541 sibi
3012 1487 3321 1555 quempiam
3376 1488 3634 1542 honorem

2084 1589 2318 1640 sumere,
2352 1575 2442 1630 sed
2471 1591 2499 1629 a
2529 1574 2636 1631 Deo
2661 1587 2945 1643 vocatum;
2975 1592 3104 1631 sane
3137 1573 3368 1632 debebat
3431 1580 3636 1648 primus
3719 1596 3725 1601 ·

2084 1667 2338 1722 defensor
2375 1667 2480 1722 sibi
2516 1669 2796 1724 concessis
2835 1683 2957 1723 esse
3015 1677 3328 1734 contentus,
3363 1678 3416 1726 et
3445 1670 3636 1726 deces-

2084 1771 2267 1810 sorum
2289 1767 2510 1810 suorum
2531 1757 2773 1824 vestigiis
2793 1757 3074 1822 insistere;
3104 1766 3336 1827 quorum
3367 1759 3634 1828 plerique,

2086 1848 2298 1902 sicutet
2338 1847 2478 1917 ipse,
2519 1862 2614 1917 per
2646 1845 2736 1901 Dei
2803 1848 3032 1916 gratiam
3077 1848 3365 1920 om'nigena
3415 1847 3639 1903 fuerunt

2084 1938 2261 1992 ornati
2329 1938 2607 2002 doctrina,
2673 1949 3067 2008 supremasque
3127 1939 3492 1995 sanctissimae
3543 1927 3637 1993 Dei

2087 2029 2308 2098 majoris
2345 2027 2599 2083 Ecclesiae
2623 2028 2912 2098 dignitates
2940 2037 3253 2100 gesserant,
3281 2039 3445 2101 atque
3468 2030 3636 2085 etiam

2086 2120 2252 2190 aliqui
2287 2121 2646 2190 genuinorum
2690 2122 2743 2175 in
2790 2137 2993 2177 morem
3048 2121 3320 2193 pullorum
3373 2125 3642 2194 aquilino-

2088 2223 2210 2288 rum
2236 2211 2351 2267 alas
2388 2218 2762 2280 sumpserunt,
2797 2212 2849 2266 et
2878 2213 2944 2267 ad
2999 2228 3253 2283 magnum
3311 2213 3463 2268 illum
3495 2207 3641 2268 Con-

2087 2303 2477 2373 stantinOpolis
2532 2305 2790 2358 thronum
2841 2315 3248 2374 pervenerunt:
3307 2307 3640 2374 minimeque

2086 2395 2217 2450 dare
2241 2393 2472 2449 debebat
2504 2403 2748 2466 operam,
2807 2405 2867 2449 ut
2916 2397 3075 2451 annis
3130 2397 3409 2451 hominum
3471 2410 3640 2465 prope

2088 2486 2407 2541 memoriam
2450 2486 2843 2542 excedentibus
2900 2487 3243 2551 conﬁrmata,
3297 2493 3640 2540 mutarentur

2087 2590 2196 2630 uno
2228 2577 2334 2642 die,
2358 2579 2633 2648 sepiarum
2662 2579 2713 2633 in
2741 2594 2945 2634 morem
2969 2596 2983 2645 ;
3005 2589 3166 2648 atque
3211 2579 3281 2632 ita
3329 2579 3636 2648 periculose

2089 2677 2195 2722 tam
2254 2667 2548 2734 odendere,
2615 2685 2778 2740 quam
2837 2671 3071 2726 oll'endi:
3133 2671 3225 2725 sed
3273 2664 3410 2724 velle
3459 2659 3639 2738 potius

2089 2773 2274 2827 pacem
2303 2773 2466 2828 supra
2497 2761 2758 2830 populum
2806 2758 2921 2824 Dei,
2956 2766 3011 2814 et
3038 2774 3204 2828 supra
3237 2768 3456 2814 sanctos
3501 2758 3638 2822 eius.

2089 2848 2289 2903 Verum
2326 2851 2448 2920 quia
2498 2853 2688 2906 nescio
2743 2851 3016 2922 quomodo
3051 2851 3352 2906 molaribus
3403 2849 3641 2904 excitan-

2087 2937 2235 2992 tibus
2267 2938 2520 2993 scandala
2555 2940 2867 3008 praeteritis,
2924 2948 3087 3009 atque
3140 2939 3327 2993 itidem
3392 2937 3482 3000 iis,
3513 2944 3636 3004 quae

2092 3025 2358 3079 canonice
2425 3031 2631 3081 statuta
2706 3033 2836 3082 sunt
2902 3026 3165 3082 adversus
3238 3025 3644 3080 inconsiderate

2091 3114 2361 3172 violantes
2401 3129 2784 3186 quamcunque
2826 3116 3141 3171 diuturnam
3192 3113 3642 3171 consuetudinem

2091 3207 2517 3263 ecclesiasticam
2569 3207 2718 3278 (nam
2754 3213 2806 3265 et
2833 3207 2983 3262 illam
3030 3205 3254 3277 perinde
3310 3206 3482 3260 ratam
3522 3219 3646 3258 esse

2091 3298 2290 3353 debere
2334 3299 2608 3354 sancitum
2661 3303 2763 3363 est,
2822 3305 2984 3369 atque
3035 3305 3223 3354 sacros
3275 3293 3536 3361 canones)
3591 3306 3646 3348 et

2093 3398 2412 3445 transcenso
2434 3389 2669 3459 denique
2691 3391 2996 3453 horizonte,
3019 3386 3305 3457 privilegia
3327 3385 3644 3442 chartularii

2091 3485 2382 3533 concutere
2427 3479 2563 3543 vult,
2612 3489 2665 3534 et
2710 3494 2833 3534 cum
2883 3478 3262 3535 {unctionibus
3321 3477 3647 3533 deiensoriis

2092 3567 2442 3639 conjungere,
2471 3584 2621 3626 more
2642 3563 3028 3640 quorumdam,
3052 3570 3144 3640 qui
3173 3569 3404 3624 diversae
3435 3577 3646 3623 naturae

2095 3671 2327 3726 corpora
2383 3660 2604 3715 sibimet
2683 3661 2975 3716 inserendo
3042 3661 3334 3730 copulant:
3412 3675 3651 3729 cumque

2100 3746 2340 3802 instituti
2375 3749 2459 3804 sui
2486 3750 2756 3819 probandi
2773 3765 2958 3816 causa,
2988 3760 3195 3807 sanctae
3232 3761 3284 3806 et
3316 3751 3648 3805 universalis

2093 3849 2303 3907 quartae
2359 3840 2549 3910 synodi
2616 3843 2926 3897 canonibus
2978 3846 3194 3904 utatur.
3252 3857 3314 3896 ac
3391 3847 3652 3912 praetcrea

2091 3928 2275 3984 verbis
2303 3929 2631 3998 quibusdam
2659 3931 2902 3998 exlibro,
2940 3933 3034 4002 qui
3067 3941 3316 3988 servator
3345 3934 3398 3987 in
3442 3943 3652 3987 secreto

2094 4020 2237 4074 sacri
2276 4020 2575 4076 defensorii
2611 4039 2625 4076 :
2685 4022 2958 4092 proferam
2987 4026 3041 4079 et
3091 4026 3208 4094 ipse
3244 4025 3346 4079 hoc
3398 4026 3652 4093 ιιι-διερειιὶ

2094 4111 2321 4182 scripto,
2345 4113 2802 4182 quemadmodum
2838 4122 2868 4168 a
2897 4131 2984 4170 me
3017 4116 3242 4185 petitum
3285 4124 3390 4178 est,
3417 4129 3537 4184 quae
3573 4129 3638 4168 os

2093 4203 2220 4259 huic
2247 4217 2356 4258 non
2381 4205 2477 4260 abs
2495 4218 2573 4268 re,
2611 4221 2731 4262 meo
2751 4205 2970 4276 quidem
2995 4205 3223 4276 judicio,
3275 4215 3401 4262 sunt
3435 4205 3658 4260 obtura-

2095 4298 2249 4361 tura;
2308 4302 2363 4349 et
2425 4309 2552 4351 vere
2614 4297 2790 4353 cuivis
2851 4312 2951 4367 pro
3011 4304 3258 4368 tempore
3324 4294 3656 4350 chartulario

433 4400 582 4450 σατο,
613 4383 772 4455 χάριν
797 4383 892 4435 τοῦ
924 4382 1132 4452 κρίνειν
1161 4378 1498 4451 ἱδιορυθμίας
1531 4377 1870 4448 μοναζόντων
1897 4376 1990 4430 καὶ

2098 4385 2507 4441 venerationem
2531 4387 2911 4444 conciliatura.
2970 4387 3138 4457 Igitur
3172 4397 3237 4444 ex
3285 4403 3494 4443 canone
3522 4402 3658 4442 χχιιι

431 4474 736 4545 κληρικῶν,
785 4474 880 4526 καὶ
929 4473 1246 4544 ἀνακρίνειν
1292 4469 1601 4540 ἀποδημίας
1650 4467 1868 4532 αὐτῶν,
1898 4467 1995 4520 καὶ

430 4569 775 4640 κατακρίνειν
821 4568 896 4630 ὡς
939 4566 1205 4634 φυγαδίας
1248 4565 1658 4632 δουλοπρεπεῖς.
1713 4561 1827 4632 Πρὸ
1887 4560 1996 4630 γὰρ

432 4661 627 4714 ἑκατὸν
661 4661 864 4730 χρόνων
902 4657 1098 4727 μικρόν
1139 4673 1192 4710 τι
1222 4656 1384 4708 πλέον
1417 4653 1450 4725 ἢ
1476 4654 1730 4716 ἔλαττον,
1762 4648 1856 4704 τοῦ
1883 4650 1997 4703 ἀοι-

431 4751 589 4819 δίμου
615 4747 873 4818 βασιλέως
902 4745 996 4798 τοῦ
1025 4741 1536 4804 Ἰουστινιανοῦ,τοῦ
1559 4735 1993 4808 τὴνἚκκλησίαν

430 4837 715 4906 ἀγακλεῶς
756 4835 1198 4905 οὐρανὼσαντος,
1248 4831 1276 4885 ό
1317 4828 1554 4891 τοιοῦτος
1608 4826 1788 4882 κανὼν
1829 4827 1996 4880 ἐκπε-

433 4927 704 4996 φώνηται,
741 4927 829 4978 ὅτε
873 4925 1031 4991 λόγος
1060 4924 1160 4975 οὐκ
1197 4918 1263 4992 ἦν
1297 4921 1524 4974 ὲκδίκων
1553 4919 1721 4972 ὄντων
1752 4917 1863 4971 ἀπὸ
1901 4917 1994 4971 τοῦ

411 5018 712 5085 -βήματος,
761 5014 963 5066 λαῖκῶν
1033 5012 1089 5065 δὲ
1146 5013 1264 5072 ταῖς
1335 5008 1652 5076 ἐκκλησίαις
1706 5005 1997 5075 διδομένων

435 5107 692 5158 ἑκάστοτε
720 5104 852 5174 πρὸς
887 5103 1182 5170 ἐκδίκησιν.
1213 5099 1322 5152 Καὶ
1350 5098 1505 5151 τοῦτο
1534 5097 1690 5166 δῆλόν
1710 5097 1858 5150 ἐστιν
1889 5095 1996 5147 ἀπὸ

436 5194 534 5251 τοῦ
562 5201 631 5249 οε⁹
660 5194 878 5255 κανόνος
917 5193 1016 5261 τῆς
1053 5193 1109 5243 ὲν
1140 5189 1469 5260 Καρθαγένῃ
1511 5188 1729 5242 συνόδου
1751 5223 1767 5252 ,
1799 5185 1997 5243 οὑτωσὶ

433 5287 722 5350 διεξιόντος
757 5284 934 5356 ῥητῶς
957 5298 970 5313 ο
1003 5284 1137 5350 Περὶ
1162 5281 1414 5336 ἐκδίκων
1445 5279 1561 5332 τῶν
1600 5276 1990 5344 Ἐκκλησιῶν,

435 5374 554 5429 τῶν
581 5374 942 5443 ὀφειλόντων
991 5373 1106 5426 ἀπὸ
1143 5372 1248 5426 τοῦ
1296 5372 1603 5437 ,βασιλέως
1659 5367 1988 5437 αὶτηθῆναι,

437 5469 759 5536 σύμπασιν
805 5465 1015 5530 ἔδοξεν
1061 5464 1300 5531 αἰτῆσαι
1366 5465 1483 5517 ἀπὸ
1522 5464 1636 5516 τῶν
1681 5460 1994 5525 βασιλέων

2101 4485 2410 4531 sanctorum
2441 4475 2687 4543 Patrum,
2729 4480 2820 4549 qui
2868 4477 3216 4535 Chalcedone
3263 4489 3656 4535 convenerunt.

2099 4562 2361 4619 ﬁculnum
2393 4567 2704 4635 praesidium
2743 4569 2846 4624 sibi
2869 4567 3122 4625 defensor
3177 4571 3446 4638 qumsivit,
3499 4568 3656 4638 quasi

2094 4653 2303 4723 iudicet
2333 4657 2448 4726 ipse
2470 4657 2537 4713 de
2559 4658 2648 4723 iis.
2670 4674 2789 4727 quae
2824 4661 2950 4714 sunt
2978 4653 3136 4714 oilicii
3184 4659 3576 4714 monachorum
3604 4668 3659 4711 et

2097 4746 2444 4810 clericdrum,
2482 4747 2752 4817 quasique
2783 4747 2851 4803 de
2881 4747 3077 4804 horum
3120 4747 3656 4818 peregrinationibus

2099 4835 2360 4906 inquirat,
2401 4852 2606 4908 easque
2645 4839 2809 4893 veluti
2842 4839 3238 4908 mancipiorum
3276 4837 3497 4908 aufugia
3525 4853 3658 4893 cono

2095 4925 2334 4981 demnet.
2403 4925 2667 4982 Nimirum
2748 4928 2907 4983 annis
2972 4929 3134 4998 paulo
3208 4928 3331 4998 plus
3411 4929 3657 4982 minusve

2094 5025 2315 5069 centum
2389 5025 2516 5072 ante
2589 5018 2958 5074 clarissimum
3031 5019 3182 5072 illum
3265 5019 3652 5087 imperatorem

2095 5100 2497 5170 Iustinianum,
2573 5107 2664 5178 qui
2743 5107 2885 5161 hanc
2955 5107 3239 5162 ecclesiam
3313 5101 3658 5161 laudabiliter

2099 5197 2255 5268 quasi
2290 5197 2526 5267 quodam
2563 5197 2771 5254 caelesti
2807 5213 2972 5268 opere
3013 5199 3341 5261 consuuxit,
3380 5194 3426 5252 is
3479 5212 3653 5252 canon

2099 5285 2411 5356 publicatus
2444 5285 2581 5341 fuit:
2634 5300 2749 5356 quo
2787 5293 3032 5354 tempore
3087 5284 3272 5338 nullus
3303 5293 3420 5338 erat
3474 5296 3654 5336 seruo

2098 5376 2164 5430 de
2210 5374 2593 5431 defensoribus
2643 5391 2710 5430 ex
2773 5373 2966 5430 ordine
3031 5387 3210 5436 sacro,
3263 5371 3356 5426 sed
3403 5369 3651 5422 ccclesiis

2092 5478 2306 5534 semper
2337 5464 2460 5519 laici
2521 5463 2856 5523 defensionis
2911 5476 3075 5518 causa
3126 5461 3424 5516 dabantur.
3485 5461 3662 5531 Atque

1712 5595 1944 5651 γΑιιυΕ
1984 5595 2384 5656 LECTIONES.

517 5693 562 5725 "
597 5692 867 5760 κατίχνια.

675 5787 681 5793 ⁷
737 5797 1004 5854 ΡΑτῐιοι..
1041 5792 1156 5852 GR.
1201 5791 1599 5857 CXXXVIII.

3279 5792 3355 5849 33
