4020 6398
527 320 662 385 1035

1802 314 2078 382 THEOD.
2116 317 2205 377 BA
2215 316 2510 378 LSAMON
2525 317 2589 377 lS
3635 320 3750 388 1036

534 456 635 511 hoc
673 450 1024 507 manifestum
1055 457 1139 507 est
1167 463 1232 506 ex
1252 462 1394 507 Lm!
1436 461 1647 503 canone
1698 446 1916 501 concilii
1952 443 2086 500 Car-

2213 444 2309 499 διὰ
2338 447 2451 514 τὴν
2491 445 2611 501 τῶν
2670 443 2943 512 πενήτων
2993 444 3282 510 κάκωσιν,
3308 435 3402 498 ὧν
3451 442 3576 510 ταῖς
3622 443 3745 498 ἐπα-

532 541 915 614 thaginiensis,
938 541 1096 612 cujus
1122 542 1236 596 haec
1265 539 1428 595 verba
1462 547 1628 594 sunt:
1683 537 1760 594 De
1803 536 2091 606 defensori-

532 636 626 690 bus
684 632 1063 701 Ecclesiarum,
1115 634 1206 704 qui
1255 632 1319 688 ab
1368 635 1685 703 imperatore
1736 629 1838 697 peti
1885 627 2092 693 debent,

533 726 700 779 visum
764 733 842 780 est
900 725 1180 791 uniuersis,
1239 726 1484 794 petendos
1547 723 1611 777 ab
1660 718 2088 791 imperatoribus,

534 825 745 885 propter
778 816 1110 887 aﬂiictionem
1167 831 1477 884 pauperum,
1508 828 1728 881 quorum
1760 807 2085 881 gravamini-

2205 537 2427 604 χθειαις
2457 537 2777 601 ἀπαύστως
2806 538 2843 605 ἡ
2880 535 3213 602 Ἐκκλησία
3270 533 3709 602 παρενοχλεῒται
3728 577 3743 604 ,

2200 626 2356 680 ὥστε
2384 626 2663 692 ἐκδίκους
2691 627 2923 691 τούτοις
2950 625 3100 695 μετὰ
3129 623 3242 693 τῆς
3282 622 3403 679 τῶν
3430 625 3747 679 ἐπισκόπων

2199 718 2484 782 προνοίας
2518 717 2898 788 ἐπιλέγεσθαι
2949 717 3097 770 κατὰ
3122 715 3231 785 τῆς
3287 713 3411 769 τῶν
3466 718 3748 770 πλουσίων

2203 808 2577 875 utpar-ridae.

537 911 634 962 bus
662 909 1012 963 indesinenter
1046 906 1282 961 Ecclesia
1311 908 1653 961 molestatur:
1683 915 1739 959 ut
1785 904 2080 972 defensores
2119 900 2215 963 eis,
2278 902 2650 957 interveniente
2687 902 3014 971 providentia
3072 900 3463 972 epierporum,
3510 902 3746 972 eligantur

539 998 787 1053 adversus
813 1000 1175 1069 apulentorum
1216 999 1566 1068 tyrannidem.

610 1092 795 1147 Itidem
820 1100 974 1161 paret
1005 1092 1109 1145 hoc
1141 1106 1207 1144 ex
1238 1107 1305 1145 xv
1325 1091 1534 1145 novella
1574 1088 1919 1158 imperatoris
1964 1087 2096 1141 Jus-

541 1179 756 1244 tiniani,
779 1196 898 1250 qua
916 1187 1094 1234 exstat
1117 1180 1261 1235 libro
1292 1196 1344 1235 v1
1374 1179 1754 1243 Basilicorum,
1783 1179 1942 1232 titulo
1966 1192 2096 1231 xvm

540 1271 596 1325 in
626 1271 765 1324 hanc
789 1270 1150 1327 sententiam:
1202 1269 1535 1327 Defensores
1565 1285 1628 1326 ex
1676 1270 1873 1323 incolis
1914 1268 2099 1336 cujus-

542 1363 671 1415 libet
721 1362 872 1417 urbis
919 1378 1014 1431 per
1064 1363 1212 1419 vices
1263 1362 1409 1433 eligi,
1455 1362 1582 1416 licet
1638 1361 1879 1414 illustres
1933 1358 2101 1427 aliqui

539 1454 672 1516 sint,
704 1464 756 1505 et
810 1452 1142 1509 clarissimi:
1194 1461 1359 1523 alque
1416 1453 1516 1507 bos
1567 1452 1834 1507 duntaxat
1882 1449 2103 1505 biennio

541 1539 879 1597 defensionis
914 1557 1117 1597 munus
1151 1542 1449 1598 sustinere.
1482 1540 1662 1607 Quare
1693 1557 1815 1596 cum
1847 1538 2099 1595 defenso-

542 1647 630 1685 res
659 1639 713 1685 et
736 1632 1026 1701 eligantur.
1057 1648 1156 1688 ceu
1179 1633 1382 1689 dictum
1419 1640 1523 1697 est,
1574 1642 1627 1687 et
1660 1645 1848 1687 eorum
1900 1644 2100 1685 munus

541 1730 692 1774 certo
728 1722 986 1791 temporis
1025 1722 1203 1792 spatio
1225 1722 1542 1777 definiatur.:
1597 1727 1871 1791 nugantur
1925 1735 2055 1773 sane
2081 1758 2096 1785 ,

542 1806 634 1873 qui
668 1822 733 1861 ex
766 1806 1005 1863 indicato
1028 1822 1237 1863 canone
1263 1807 1496 1863 stabiliri
1521 1807 1807 1877 perhibent
1843 1806 1916 1871 id,
1946 1805 2092 1875 quod

2288 1088 2559 1152 Ὡσαύτως
2597 1091 2693 1143 καὶ
2738 1090 2846 1143 ἀπὸ
2892 1089 2992 1158 τῆς
3038 1090 3100 1142 ιε’
3132 1089 3338 1158 νεαρᾶς
3383 1088 3477 1141 τοῦ
3515 1087 3751 1157 βασιλέως

2216 1179 2609 1247 ’1ουστινιανοῦ,
2644 1182 2738 1249 τῆς
2774 1182 3031 1251 κειμένης
3064 1183 3121 1235 ὲν
3153 1180 3346 1251 βιδλῖῳ
3388 1178 3442 1244 ς’
3479 1180 3752 1233 τῶνΒασισ

2204 1266 2392 1334 λικῶν,
2421 1269 2583 1340 τιτλῳ
2617 1267 2707 1340 ιη’,
2737 1270 2831 1323 καὶ⁵
2857 1269 3359 1340 διαλαμὸανοὺσης,
3383 1269 3509 1331 τοὺς
3534 1269 3751 1330 ἐκδίκους

2207 1358 2314 1410 ἀπὸ
2350 1358 2457 1412 τῶν
2496 1361 2768 1415 κατοικῶν
2806 1361 3042 1430 ἑκάστης
3076 1360 3289 1424 πόλεως
3326 1360 3617 1428 ἀμοιϐαδδν
3652 1361 3750 1412 ἐπι-

2206 1446 2480 1514 λέγεσθαι,
2504 1449 2605 1503 κᾶν
2629 1450 2950 1521 ἰλλούστριοί
2975 1467 3118 1513 τινες
3138 1445 3243 1504 ὦσι
3262 1451 3361 1504 καὶ
3378 1449 3748 1519 λαμπρότατοι·

2208 1537 2300 1591 καὶ
2321 1538 2411 1591 ἐπὶ
2442 1539 2577 1610 μόνῃ
2607 1540 2780 1611 διετία
2803 1541 2865 1593 τὸ
2899 1540 3000 1610 τῆς
3029 1540 3366 1610 ἐκδικήσεως
3407 1541 3623 1609 ὑπέχειν
3644 1538 3749 1591 τού-

2203 1643 2329 1692 τους
2357 1629 2744 1701 λειτούργημα.
2781 1630 2902 1684 Τῶν
2932 1632 3060 1700 γοῦν
3099 1632 3334 1685 ὲκδίκων
3380 1629 3750 1698 ἐπιλεγομένων
3816 1638 3839 1651 ‘

2206 1718 2282 1781 ὡς
2310 1718 2544 1789 εἴρηται,
2572 1718 2668 1772 καὶ
2693 1719 2791 1789 τῆς
2820 1719 3164 1789 λειτουργίας
3188 1719 3374 1773 αὐτῶν
3405 1718 3749 1789 μετρουμένης

2207 1810 2442 1880 χρονικῷ
2461 1810 2807 1881 διαστήματι,
2832 1810 3278 1881 εἰκαιομυθοῦσιν
3298 1814 3349 1863 ol
3372 1810 3634 1877 λέγοντες,
3659 1808 3749 1861 ἀπὸ

543 1911 571 1948 a
616 1900 791 1968 primo
820 1897 1104 1954 defensore
1158 1899 1442 1955 asseritur.
1484 1896 1660 1953 Verba
1694 1912 1823 1952 vero
1873 1894 1998 1951 libri
2034 1897 2101 1952 de

2213 1901 2299 1954 τοῦ
2353 1901 2610 1971 ῥηθέντος
2669 1902 2891 1965 κανόνος
2948 1902 3303 1972 στηρίζεσθαι
3360 1903 3422 1956 τὸ
3477 1902 3620 1973 παρὰ
3670 1900 3746 1953 τοῦ

542 1987 719 2044 ollicio
758 1988 1267 2058 primidefensoris,
1305 2002 1427 2058 quae
1473 1986 1866 2057 propemodum
1908 1986 2097 2056 hujus-

541 2079 690 2132 modi
721 2087 885 2133 sunt:
937 2078 1155 2147 Oportet
1206 2095 1317 2142 vos,
1349 2078 1396 2132 si
1426 2078 1542 2148 quis
1590 2077 2007 2145 presbyterorum
2052 2086 2102 2129 et

542 2166 886 2222 diaconorum
911 2185 1031 2222 cum
1056 2170 1232 2240 aliquo
1253 2168 1397 2223 litem
1429 2169 1658 2232 habebit,
1690 2186 1807 2222 eum
1835 2173 1921 2237 qui
1948 2186 2077 2225 accu

544 2269 716 2321 satur,
749 2261 961 2312 tertium
988 2261 1175 2323 citare,
1205 2256 1486 2313 secundum
1545 2259 1840 2312 indicatum
1871 2262 2102 2324 modum,

545 2359 594 2404 et
658 2367 761 2405 non
823 2355 1182 2421 obsequentem
1216 2353 1592 2408 condemnare:
1673 2354 1808 2418 haec,
1855 2355 2100 2425 inquam,

547 2440 713 2495 verba
746 2457 921 2511 neque
944 2443 1233 2510 radicitus,
1265 2459 1439 2514 neque
1464 2445 1547 2499 vel
1580 2446 1737 2512 rami,
1765 2446 1851 2501 vel
1883 2448 2106 2502 corticis

548 2541 840 2599 respectu,
873 2533 1315 2603 iurisdictionem
1367 2531 1683 2589 cbartularii
1723 2536 1776 2589 in
1817 2536 2105 2591 universos

550 2622 725 2678 sacris
755 2622 1002 2679 initiatos
1041 2631 1315 2689 evertunt,
1345 2631 1398 2680 et
1425 2626 1489 2679 ad
1520 2624 1835 2683 defensores
1872 2627 2107 2683 transfe-

551 2720 702 2766 runt.
856 2720 859 2723 ’

618 2800 828 2873 Quippe
852 2817 960 2858 non
983 2804 1063 2860 sic
1085 2803 1477 2877 intelliguntur,
1517 2805 1580 2860 de
1605 2806 1764 2877 primi
1805 2805 2107 2869 defensoris

550 2895 840 2962 sententia,
885 2896 1037 2965 quasi
1085 2898 1259 2967 possit
1302 2898 1347 2952 is
1393 2913 1584 2968 cogere
1621 2899 1705 2955 vel
1746 2900 1946 2955 invitos
1987 2916 2106 2968 eos,

551 2982 643 3051 qui
690 2997 719 3036 a
764 2981 1010 3038 diaconis
1060 2993 1113 3038 et
1166 2985 1497 3055 presbyteris
1543 2986 1861 3056 quibusdam
1908 3003 2111 3044 conve-

553 3074 796 3139 niuntur,
837 3074 1087 3130 fortassis
1132 3075 1234 3146 ipsi
1275 3076 1417 3144 laici,
1464 3085 1520 3131 ut
1562 3079 1704 3147 apud
1732 3093 1853 3134 eum
1888 3095 2107 3136 causam

552 3162 757 3229 dicant,
810 3163 881 3219 ob
927 3180 1086 3234 quam
1146 3167 1511 3238 postylantur.
1568 3166 1703 3223 Nam
1762 3171 2108 3225 temerarium

552 3252 734 3308 isthuc
769 3260 875 3320 est,
911 3232 971 3309 ac
1011 3268 1079 3310 ne
1124 3232 1472 3326 patriarcha“
1521 3257 1739 3327 quidem
1783 3271 1952 3311 sacrae
1994 3271 2111 3312 am-
2137 3232 2182 3294 (ἶ

557 3344 807 3411 plitudini
866 3360 1212 3414 concessum,
1270 3347 1437 3403 veluti
1489 3348 1700 3418 legibus
1754 3349 2109 3414 contrarium,

555 3450 673 3503 quae
710 3445 923 3492 actores
958 3436 1133 3492 forum
1182 3454 1400 3494 reorum
1445 3441 1597 3508 sequi
1638 3439 1843 3496 volunt.
1877 3439 2031 3506 Quod
2068 3442 2113 3496 si

554 3523 680 3592 quis
727 3526 886 3593 primi
942 3525 1244 3583 defensoris
1291 3536 1521 3583 mentem
1575 3529 1812 3599 probans
1863 3530 2009 3601 (nam
2060 3539 2115 3586 et

558 3614 827 3671 malitiose
867 3617 1152 3686 agentibus
1181 3618 1322 3688 quod
1370 3618 1544 3685 aiunt,
1577 3620 1850 3674 interdum
1890 3621 2114 3678 benedi-

555 3705 741 3778 citur),
791 3725 929 3762 vano
969 3725 1091 3763 cum
1143 3708 1290 3765 fastu
1342 3710 1619 3781 subiiciet,
1675 3713 1915 3768 indicata
1953 3716 2115 3770 verba

557 3795 700 3866 loqui
764 3798 830 3853 de
874 3800 1082 3857 duabus
1128 3801 1396 3870 partibus,
1463 3818 1583 3873 quae
1627 3804 1857 3860 diversis
1920 3805 2117 3861 studiis

557 3901 665 3942 non
709 3889 1150 3962 distinguantur;
1193 3893 1289 3949 sed
1327 3910 1445 3966 quae
1484 3896 1788 3951 communis
1823 3896 2115 3952 sacerdotii

560 3979 896 4048 professione
943 3983 1247 4052 conjunctae
1291 3986 1403 4042 sint
1448 4003 1460 4039 :
1508 3987 1555 4047 is
1590 3987 1794 4052 audiet,
1825 3987 1927 4043 hoc
1961 3990 2119 4044 modo

560 4075 903 4126 temerariam
955 4075 1291 4133 vacationem
1339 4087 1393 4134 et
1448 4078 1735 4149 justicium
1787 4079 1953 4133 indici
2011 4094 2118 4133 non

561 4160 874 4217 cliartularii
916 4163 1181 4221 duntaxat
1225 4168 1597 4239 jurisdictioni
1626 4207 1641 4233 ,
1722 4182 1909 4221 verum
1957 4167 2119 4222 etiam

563 4249 730 4316 ipsius
762 4255 1140 4319 patriarcbalis
1171 4258 1531 4312 sacratissimi
1569 4257 1878 4311 tribunalis.
1908 4255 2120 4325 Quippe

561 4338 605 4393 si
652 4340 754 4393 hoc
794 4358 1110 4400 concessum
1155 4348 1245 4412 sit,
1278 4347 1503 4417 primus
1549 4347 1805 4401 defensor
1844 4346 1937 4415 jus
1977 4344 2122 4401 dicet

562 4427 843 4492 audacter,
895 4433 1004 4486 imo
1057 4450 1309 4503 suprema
1359 4450 1482 4489 eum
1530 4442 1819 4504 potestate,
1857 4434 2121 4491 adversus

2203 1992 2574 2062 πρωτεκδίκου
2597 1991 2909 2062 λεγόμενον.
2929 1993 3008 2046 Τὰ
3027 1992 3084 2045 δὲ
3109 1994 3341 2063 ῥήματα
3364 1991 3456 2046 τοῦ
3479 1989 3744 2063 πρωτεκδεσ

2202 2098 2299 2135 κου
2326 2082 2552 2152 βιϐλίου,
2576 2082 2644 2137 τὰ
2668 2083 2809 2137 οὕτω
2834 2103 2949 2148 πως
2974 2084 3112 2138 κατὰ
3141 2085 3296 2157 ῥῆμα
3320 2084 3742 2153 διαλαμϐάνοντα·

2204 2171 2302 2224 Δεῖ
2338 2169 2515 2239 ὑμᾶς,
2544 2172 2600 2225 εἴ
2637 2189 2727 2237 τις
2750 2172 2869 2225 τῶν
2895 2173 3321 2241 πρεσϐυτέρων
3350 2173 3451 2229 καὶ
3485 2171 3749 2225 διακόνων

2204 2260 2383 2327 δίκην
2404 2260 2526 2325 ἕξει
2550 2262 2703 2329 μετά
2739 2279 2929 2329 τινος,
2957 2263 3392 2331 προκαλεῖσθαι
3413 2262 3458 2294 ⁸ο
3479 2261 3579 2314 τὸν
3613 2258 3743 2324 διετ-

2204 2354 2581 2418 καλούμενον
2608 2354 2676 2406 ἐκ
2710 2354 2906 2420 τρίτου
2943 2354 3093 2407 κατὰ
3131 2354 3243 2406 τόν
3291 2351 3598 2420 εἰρημένον
3636 2348 3747 2416 τρό-

2205 2457 2341 2509 πον,
2360 2442 2456 2495 καὶ
2468 2442 2883 2512 μὴῠπείκοντα
2898 2441 3332 2503 καταδικάζειν.
3357 2443 3431 2494 Οὐ
3461 2437 3746 2502 κατασπῶσι

2207 2532 2590 2604 προθέλυμνόν,
2626 2534 2735 2588 οὐδ’
2775 2534 2836 2600 ἐξ
2874 2535 3206 2601 ἁποσπάδος,
3228 2534 3339 2587 οὐδ’
3366 2535 3430 2585 ὲκ
3450 2530 3640 2601 φλοιοῦ,
3669 2527 3748 2595 τὴν

2206 2624 2347 2676 κατὰ
2366 2624 2579 2679 πάντων
2595 2624 2702 2677 τῶν
2735 2625 3043 2696 ἱερωμένων
3076 2622 3445 2679 δικαιοδοσίαν
3467 2621 3556 2675 τοῦ
3582 2634 3747 2690 χαρτοο

2209 2711 2447 2781 φύλακος
2470 2753 2486 2779 ,
2512 2713 2604 2767 καὶ
2632 2714 2767 2783 πρὸς
2830 2715 2954 2778 τοὺς
2994 2713 3246 2777 ἐκδίκους
3305 2710 3747 2783 μεταφυτεύουσιν.

2280 2802 2416 2858 Οὐδὲ
2446 2803 2555 2875 γὰρ
2585 2804 3036 2873 ὲκλαμϐἁνονται,
3064 2804 3251 2867 καθώς
3279 2821 3449 2873 φησιν
3474 2805 3501 2856 ό
3536 2800 3748 2870 πρωτέκ·

2209 2894 2380 2960 δικος,
2442 2896 2520 2956 εἰς
2547 2894 2606 2948 τὸ
2641 2894 2900 2949 δύνασθαι
2946 2895 3132 2948 τοῦτον
3186 2892 3620 2963 καταναγκάζειν
3668 2886 3743 2939 καὶ

2209 2985 2441 3048 ἄκοντας
2470 2984 2600 3047 τοὺς
2630 2985 2997 3053 ὲναγομένους
3022 2984 3174 3054 παρὰ
3201 2986 3465 3038 διακόνων
3521 2980 3608 3034 καὶ
3636 2992 3743 3046 πρε·

2215 3074 2491 3147 σϐυτέρων
2523 3076 2707 3141 τινῶν,
2744 3077 2874 3140 iam;
2894 3077 3054 3139 ὄντας
3081 3079 3174 3133 καὶ
3202 3079 3446 3141 λαῖκοὺς,
3497 3068 3746 3137 ἀπολογεῖ·

2216 3165 2337 3219 σθαι
2367 3167 2517 3236 παρὰ
2541 3167 2714 3238 τούτῳ
2743 3171 2870 3238 περὶ
2896 3164 2970 3223 ὧν
3001 3169 3312 3240 ήαξτιασις.
3348 3168 3515 3221 Τοῦτο
3540 3165 3636 3233 γὰρ
3669 3158 3745 3213 καὶ

2214 3257 2483 3329 τολμηρόν
2540 3258 2709 3327 ἐστιν,
2762 3260 2882 3314 οὐδὲ
2917 3263 2983 3332 τῇ
3035 3262 3410 3332 πατριαρχικῇ
3459 3257 3573 3327 θείᾳ
3610 3267 3746 3323 μεγα-

2215 3347 2449 3418 λειότητι
2496 3349 2724 3415 δέδοται,
2783 3352 2858 3415 ὡς
2923 3353 3246 3407 ὑπεναντίον
3281 3354 3394 3415 τοῖς
3438 3350 3630 3417 νόμοις.
3657 3342 3748 3399 τοῖς

2215 3436 2597 3509 διοριζομὲνοις
2613 3439 2720 3493 τῶν
2748 3442 3090 3510 ὲναγομένων
3117 3441 3195 3513 τῷ
3223 3443 3370 3512 φόρῳ
3401 3438 3520 3499 τοὺς
3551 3433 3743 3503 ἐνάγοντ

2214 3544 2311 3590 τας
2327 3527 2575 3584 ἕπεσθαι.
2610 3531 2670 3583 Et
2700 3530 2755 3583 δέ
2794 3548 2879 3595 τις
2901 3530 2994 3584 τοῦ
3014 3529 3447 3601 πρωτεκδικικοῢ
3482 3524 3746 3592 θελήματος

2215 3618 2570 3688 ἀντεχόμενος
2595 3620 2959 3688 (εὐλογοῦνται
3007 3620 3138 3691 γὰρ,
3177 3620 3336 3691 φησι,
3365 3618 3456 3672 καὶ
3500 3621 3745 3677 unum?“

2218 3707 2440 3775 γοῦντες
2483 3710 2697 3779 ἐνίοτε),
2735 3711 2996 3780 ὑποθήσει
3033 3711 3409 3781 κινεμϐατῶν,
3435 3707 3499 3759 τὰ
3548 3699 3746 3772 ρηθέντα

2219 3798 2439 3867 ῥήματα
2466 3799 2802 3865 διαλέγεσθαι
2818 3799 2944 3869 περὶ
2967 3799 3147 3869 μερῶν
3165 3801 3244 3871 μὴ
3278 3792 3629 3869 μεριζομένων
3649 3785 3743 3836 ita-

2227 3891 2413 3960 φόροις
2440 3888 2887 3958 ἐπιτηδεύμασιν,
2923 3888 3038 3942 ἀλλ’
3055 3890 3351 3959 ήνωμένων
3373 3887 3463 3952 τῆς
3489 3875 3743 3950 ἱερωσύνης

2217 3981 2295 4052 τῷ
2325 3980 2719 4048 ὲπαγγέλματι,
2752 3979 2975 4033 ἀκούσει
3003 3980 3092 4031 διὰ
3145 3979 3336 4032 τούτου
3364 3972 3549 4045 σχολὴν
3574 3966 3742 4052 coitur

2222 4050 2322 4142 ρόιν
2356 4068 2827 4140 καταψηφίζεσθαι
2863 4068 2955 4122 καὶ
2988 4069 3316 4139 παρόρασιν,
3378 4066 3450 4133 μὴ
3497 4058 3641 4130 μόνον
3663 4050 3742 4116 τῆς

2220 4159 2577 4221 δικαιοδοσίας
2603 4157 2699 4211 τοῦ
2740 4155 3172 4227 χαρτοφύλακος,
3211 4155 3348 4209 ἀλλὰ
3390 4151 3477 4204 καὶ
3523 4144 3608 4198 τοῦ
3653 4151 3740 4227 πᾷ·

2219 4248 2541 4319 τριαρχικοῦ
2576 4226 2851 4301 θειοτάτου
2887 4247 3150 4317 βήματος.
3185 4247 3248 4299 Ei
3273 4245 3378 4313 γὰρ
3399 4240 3548 4292 τοῦτο
3572 4226 3738 4319 δοθείην

2225 4316 2618 4408 δικαιοδοτήσει
2649 4316 3016 4409 θαρρούντωξ,
3050 4336 3286 4406 μάλιστα
3313 4332 3356 4385 δ’
3386 4327 3551 4382 εἰπεῖν
3580 4316 3740 4409 αὐθεν-

2220 4430 2386 4492 τικῶς
2418 4429 2447 4482 ό
2484 4397 2874 4496 ⁴ιτρωτιὲκδικος,
3105 4423 3425 4496 ἀρχιερέων,
3477 4413 3564 4467 καὶ
3590 4397 3742 4498 δξικὸ⁹

560 4517 863 4586 pontiﬁces,
917 4528 971 4578 et
1032 4496 1314 4589 diaconos,
1377 4532 1430 4578 et
1487 4496 1738 4593 reliquos
1783 4524 2110 4593 sacerdotes,

2220 4537 2346 4583 νων,
2384 4519 2477 4572 καὶ
2506 4518 2711 4572 λοιπῶν
2732 4517 2840 4572 τῶν
2869 4516 2960 4571 τοῦ
2985 4517 3249 4588 βήματος,
3282 4514 3426 4566 ἔστιν
3456 4508 3537 4559 ὅτε
3559 4496 3740 4607 καὶὲμε-

560 4609 775 4677 magnis
825 4625 1215 4682 nonnunquam
1268 4614 1626 4684 dignitatibus
1688 4610 1953 4683 insignes.
1999 4630 2120 4686 quas

562 4697 737 4769 ipsius
787 4702 951 4757 etiam
1006 4706 1163 4773 primi
1216 4703 1526 4759 defensoris
1578 4704 2011 4772 iurisdictionem
2053 4720 2119 4760 ex

563 4790 830 4848 diametro
863 4797 1267 4849 transcendant.
1314 4794 1457 4861 Quin
1502 4803 1556 4849 et
1597 4796 1974 4866 episcopiauos
2015 4798 2119 4854 sibi

563 4883 839 4939 vindicare
869 4885 1173 4950 conabitur,
1199 4886 1358 4941 veluti
1385 4885 1479 4955 qui
1504 4888 1738 4956 episcOpi
1774 4888 2116 4943 ratiocinium

564 4972 792 5028 sortitUs
826 4974 916 5028 sit.
970 4973 1122 5040 Quod
1178 4990 1331 5039 sane,
1366 4991 1528 5046 quam
1581 4975 1872 5031 absurdum
1919 4978 2010 5040 sit,
2053 4992 2121 5031 ne

564 5060 669 5114 diei
702 5063 916 5129 quidem
961 5071 1219 5117 meretur.
1270 5064 1541 5121 Caeterum
1583 5065 1726 5135 quod
1764 5066 1982 5134 quidam
2022 5066 2117 5129 ait,

563 5165 658 5206 eos
692 5151 783 5221 qui
820 5167 848 5205 a
875 5140 1260 5210 sacerdotibus
1291 5156 1432 5225 apud
1467 5156 1793 5212 defensores
1823 5156 1892 5210 ob
1926 5171 2122 5226 quam-

565 5256 780 5310 cunque
806 5257 1022 5296 causam
1058 5244 1135 5299 vel
1167 5245 1402 5311 civilem,
1435 5246 1514 5301 vel
1554 5246 1914 5310 criminalcm,
1949 5248 2000 5300 in
2033 5244 2123 5313 jus

568 5334 829 5400 rapiatur,
860 5350 958 5407 per
985 5342 1092 5391 tres
1119 5337 1562 5393 denuntiationes
1588 5352 1710 5393 esse
1741 5337 2121 5400 arcessendos,

570 5431 625 5475 et
667 5424 1110 5480 condemnandos
1165 5427 1208 5482 si
1262 5411 1368 5483 non
1451 5433 1804 5497 compareant
1851 5424 1930 5491 (id
1978 5426 2123 5478 enim

573 5516 796 5567 omnino
831 5514 916 5568 fiat
955 5530 1172 5573 necesse
1217 5528 1299 5572 est
1347 5518 1392 5572 si
1442 5532 1763 5573 concessum
1813 5515 1993 5578 fuerit,
2034 5529 2126 5581 per

2221 4609 2364 4678 γάλα
2392 4609 2799 4679 διαπρεπόντων
2837 4585 3088 4676 ὸφφιέιᾷ,
3149 4606 3245 4661 καὶ
3281 4603 3378 4673 τὴν
3431 4585 3741 4679 πρωτεκδικι·

2224 4677 2325 4772 κὴν
2382 4677 2798 4768 ἰουρισδικτίονα
2857 4697 2998 4752 κατὰ
3046 4697 3334 4766 διάμετρον
3390 4677 3736 4772 ὑπερπαίοῖτα-

2224 4791 2457 4859 Ζητήσει
2482 4790 2537 4843 δὲ
2563 4790 2656 4860 καὶ
2687 4789 2813 4851 τοὺς
2839 4786 3294 4847 ὲκισκοπειανοὺς
3342 4760 3735 4862 σφετεέίσασθῗιῖ

2222 4880 2295 4943 ὡς
2318 4858 3069 4948 ἐπισκόπουκληρωσάμενος
3120 4874 3445 4943 λογοθέσιον.
3474 4860 3636 4923 Ὅπερ

2223 4933 2444 5033 ἄτοπον,
2498 4933 2625 5023 οὐδὲ
2673 4933 2924 5036 λέγεσθαι
2977 4933 3148 5032 ἄξιον.
3194 4933 3278 5016 ’Τὸ
3330 4961 3383 5012 δὲ
3410 4954 3577 5019 λέγειν
3614 4933 3735 5036 trivit,

2222 5063 2347 5124 τοὺς
2388 5061 2710 5131 ἑλκομένους
2744 5034 3035 5128 impasci;
3074 5056 3306 5114 ὲκδίκοις
3326 5046 3427 5101 ὑπό
3458 5050 3608 5134 τινων

2367 5125 2610 5239 tutela:
2835 5125 2845 5128 '
3286 5125 3736 5245 ῆέτξλτιςξιι

2225 5200 2556 5312 οἱασδήτινος
2585 5200 3172 5307 ὑποθέισεωξόιρειλειν
3223 5200 3735 5333 μετακαλῗσξῖἒᾶῗῗ

2230 5292 2605 5312 --ηηηηρπ
2873 5292 2911 5304 .,
2981 5292 2992 5307 .
3223 5292 3235 5303 .
3539 5303 3551 5319 ,

2230 5331 2562 5402 μηνυμάτων
2589 5330 2776 5397 τριῶν,
2800 5327 2893 5380 καὶ
2928 5320 3377 5388 καταδικάζεσθαι
3431 5292 3734 5419 μῂ.υῗξξκοέ

2231 5440 2329 5485 τας
2363 5421 2525 5487 (οὕτω
2556 5420 2661 5489 γὰρ
2690 5421 2902 5489 ἀνάγκη
2930 5418 3076 5470 πᾶσα
3121 5414 3396 5486 πρόκειται
3424 5387 3735 5511 rivatim:

2229 5470 2407 5583 ἐξόεῖτξ
2424 5470 2523 5568 δια
2999 5470 3260 5580 ῥημάτων
3303 5495 3396 5553 τοῦ
3425 5470 3694 5559 πρωτειιδικ

1867 5655 2097 5713 VARIIE
2134 5628 2533 5711 Lacrimas.

650 5724 693 5756 ’°
718 5731 1124 5797 προταλεῐσθαι.
