4020 6380
338 311 399 376 ιο
420 309 465 375 ,7

1763 308 2180 376 ΜΕΒΙΤΑΤΑ.
2209 351 2213 354 ν

3436 308 3567 373 1033

340 440 439 496 κοῦ
484 437 690 507 βιϐλίου
720 400 905 490 λαϐεῖν
958 436 1047 490 τὸν
1077 437 1447 505 πρωτέκδικον
1514 436 1721 501 ἄδειαν,
1773 435 1903 507 περὶ

2030 434 2245 488 ndicata
2298 431 2457 487 verba
2506 428 2629 483 libri
2679 426 2747 482 de
2794 424 2967 481 ollicio
3020 424 3180 493 primi
3232 423 3559 492 defensoris,

341 536 521 601 πάσης
550 530 854 592 ὑποθέσεως
880 529 1117 591 δικάζειν
1140 529 1420 591 διακόνους
1452 531 1546 582 καὶ
1581 530 1746 599 ἱερεῖς
1767 528 1905 599 μετά

343 624 450 678 τῶν
480 620 895 677 ἁντιθετούντων
923 619 1148 689 αὐτοῖς),
1180 621 1297 682 πῶς
1318 621 1418 672 οὐκ
1449 620 1566 672 ἐστι
1590 619 1689 689 τῆς
1718 634 1904 690 πρωτ-

342 714 624 782 εκδικικῆς
642 706 839 779 ,σοφίας
872 710 1127 775 suam;
1159 709 1330 763 Βαϐαῖ
1354 711 1482 778 γάρ,
1516 710 1659 762 πόσα
1714 708 1904 761 τούτου

342 804 589 864 δοθέντος
626 799 941 854 ἀθετοῦνται
977 799 1225 851 θειότατα
1270 799 1509 867 νόμιμαῐ
1565 798 1707 849 πόσα
1753 795 1906 864 βασι-

344 895 478 946 λέων
534 890 828 962 ὀρθοδόξων
901 888 1362 958 θεσπιωδήματαῑ
1443 888 1584 941 πόσα
1649 886 1908 955 Πατέρων

345 987 506 1038 θείων
566 983 814 1051 δόγματα
860 981 954 1033 καὶ
989 980 1328 1050 διδάγματα,
1380 980 1507 1043 τοὺς
1552 980 1911 1049 ἐναγομένους

346 1073 613 1134 παντοίως
650 1074 971 1137 συνάγοντα,
1000 1068 1141 1141 [καὶ]
1187 1071 1253 1122 δι’
1289 1069 1731 1139 ἐπιφωνημάτων
1755 1085 1911 1139 τρια-

346 1163 704 1232 κονθημέρων
730 1160 1259 1230 μετακαλουμένους,
1313 1162 1406 1212 καὶ
1452 1160 1669 1222 διπλαῖς
1716 1158 1913 1227 ἐκκλή-

348 1272 461 1316 τοις
489 1254 589 1322 τὴν
621 1248 829 1307 τοῗότων
863 1252 1158 1321 καταδίκην
1206 1251 1633 1320 μετεωρίζονταί
1690 1250 1914 1311 Πάντως

352 1343 539 1405 πολλὰ,
583 1342 677 1394 καὶ
735 1340 911 1393 πάντα
963 1340 1147 1409 σχεδὸν
1214 1338 1446 1408 ἀριθμὸν
1495 1336 1911 1406 ὑπερϐαίνοντα.

350 1434 647 1499 Συνάγεται
677 1431 853 1483 τοίνυν
894 1428 1284 1500 ἀπροσπαθῶς,
1313 1428 1409 1481 καὶ
1463 1428 1563 1498 τὴν
1595 1429 1659 1481 ὲκ
1712 1428 1915 1481 τούτων

347 1523 456 1574 τῶν
489 1522 746 1591 ῥημάτων
780 1519 1214 1589 ἀναφαινομένην
1243 1519 1402 1587 δῆθεν
1424 1518 1692 1585 ἀσάφειαν
1710 1532 1916 1586 συναρ-

355 1594 700 1683 μολογέῖσθαι
746 1610 923 1672 καλῶς
983 1611 1046 1679 τῇ
1080 1608 1208 1679 περὶ
1257 1607 1581 1677 ἐλευθεριῶν
1618 1607 1778 1677 λοιπῇ
1821 1605 1915 1658 τοῦ

354 1702 559 1773 βιϐλίου
593 1704 776 1770 γραφῇ
807 1716 817 1730 ·
856 1701 950 1752 καὶ
975 1701 1103 1762 τοὺς
1135 1699 1289 1770 παρὰ
1314 1697 1705 1768 πρεσϐυτέρων
1738 1699 1771 1767 ἢ
1799 1698 1919 1749 δια-

2007 533 2326 597 potestatem
2362 521 2622 592 consequi
2674 521 2908 590 primum
2959 516 3297 573 defensorem
3322 555 3336 582 ,
3370 518 3564 587 quavis

2007 618 2063 670 in
2112 630 2274 671 causa
2317 612 2601 683 jndicandi
2652 610 2915 665 diaconos
2966 614 3019 662 et
3060 606 3390 671 sacerdotes,
3438 623 3562 661 cum

2008 722 2196 763 eorum
2235 702 2611 772 adversariis),
2651 700 2706 756 id
2744 715 2873 754 vero
2908 713 3013 768 quo
3046 706 3206 767 pacto
3241 698 3563 766 sapientiam

2007 799 2170 866 primi
2220 795 2533 850 defensoris
2576 808 2680 847 non
2733 792 3015 861 indignum
3058 789 3184 844 est?
3224 788 3402 856 Babm,
3437 798 3567 858 quot

2010 888 2102 942 illo
2144 901 2413 941 concesso
2452 879 2834 941 sacratissima:
2874 883 3021 952 leges
3064 880 3384 934 abolentur!
3442 887 3574 949 quot

2011 977 2438 1031 ortliodoxorum
2475 974 2777 1042 principum
2806 971 3153 1026 sanctiones!
3187 978 3322 1039 quot
3357 978 3576 1023 sancto-

2012 1081 2132 1120 rum
2184 1064 2408 1119 Patrum
2469 1065 2688 1118 decreta
2747 1063 2951 1131 pariter
2991 1070 3043 1114 et
3097 1059 3404 1115 doctrinm?
3454 1074 3575 1129 qua!

2015 1157 2183 1212 variis
2225 1156 2398 1211 modis
2444 1156 2551 1209 rcis
2591 1155 2790 1217 favent,
2821 1153 2948 1206 dum
2989 1167 3087 1209 eos
3132 1167 3230 1220 per
3262 1151 3437 1203 edicta
3473 1152 3575 1203 tri—

2014 1250 2159 1319 ginta
2207 1250 2413 1304 dierum
2444 1258 2751 1313 arcessunt,
2786 1253 2843 1302 et
2870 1246 3084 1299 duabus
3123 1243 3578 1311 appellationibus

2016 1340 2521 1396 condemnationem
2562 1353 2747 1392 eorum
2779 1335 3167 1406 suspendunt?
3192 1332 3390 1399 Multae,
3436 1335 3579 1387 haud

2017 1431 2202 1493 dubie,
2235 1439 2394 1499 atque
2427 1442 2643 1482 omnem
2677 1441 2962 1480 numerant
3010 1427 3354 1479 excedentes.
3397 1426 3580 1493 Itaque

2020 1523 2172 1576 nullo
2205 1521 2602 1576 interveniente
2633 1518 2799 1572 animi
2839 1518 3032 1572 allecto
3073 1517 3369 1587 colligitur.
3399 1533 3579 1572 emer-

2020 1622 2233 1682 gentem
2287 1626 2351 1666 ex
2400 1610 2550 1664 hisce
2591 1608 2768 1663 verbis
2811 1607 3200 1662 obscuritatem
3246 1607 3579 1675 ambiguam,

2021 1710 2166 1757 recte
2200 1700 2479 1755 conciliari
2516 1713 2611 1769 per
2642 1698 2718 1763 id,
2751 1697 2897 1768 quod
2935 1698 2991 1752 in
3025 1697 3215 1752 eodem
3258 1697 3397 1751 libro
3431 1697 3586 1775 dein:-

353 1768 526 1846 κόνων
559 1768 879 1860 ἑλκομένους
904 1788 1052 1859 παρὰ
1080 1792 1191 1851 τοῖς
1220 1768 1667 1852 θεοσεϐεστάτοις
1685 1787 1920 1851 ἐκδίκοις

2029 1807 2149 1862 eeps
2181 1768 2544 1861 perscriptum
2586 1797 2673 1844 est
2713 1789 2781 1844 de
2814 1789 3155 1844 libertatibus
3183 1788 3438 1841 nimirum
3466 1768 3580 1852 eos,

357 1882 516 1951 χάριν
533 1880 1054 1949 ἐλευθεροϐοούντων
1090 1862 1147 1949 ἢ’
1179 1879 1708 1950 δουλαγωγουμένων
1737 1879 1918 1942 τινῶν,

365 1973 460 2025 καὶ
496 1970 635 2040 μετά
662 1973 809 2040 τρεῖς
841 1970 1120 2034 διαλαλιὰς
1165 1971 1240 2040 μὴ
1296 1970 1657 2040 πειθομένους
1726 1968 1920 2034 ἐλθεῖν,

362 2063 678 2134 μονομερῶς
713 2062 1159 2131 κατακρίνεσθαι,
1199 2062 1286 2115 διὰ
1328 2062 1397 2115 τά
1439 2061 1645 2133 νόμιμα
1675 2061 1792 2113 θεῖα
1836 2042 1924 2112 θε-

361 2156 663 2223 σπίσματα,
698 2153 764 2207 τὰ
816 2153 915 2224 τὴν
965 2152 1276 2223 ἐλευθερίαν
1326 2153 1465 2222 ὑπὲρ
1518 2152 1693 2205 πάντα
1740 2150 1923 2221 σχεδὸν

363 2245 789 2314 περιϐάλποντα,
857 2244 953 2297 καὶ
1012 2245 1070 2308 ἐξ
1122 2242 1380 2296 ἐπιπέδου
1431 2242 1775 2311 διοριζόμενα
1827 2241 1924 2310 τὴν

363 2335 563 2403 ταύτης
594 2335 821 2405 ζήτησιν
862 2334 1127 2402 γίνεσθαι,
1167 2335 1262 2385 καὶ
1318 2335 1393 2403 μὴ
1434 2333 1758 2402 ὡφελεῖσθαι
1799 2335 1924 2395 τοὺς

363 2426 501 2478 οὓτω
527 2426 622 2495 τὴν
655 2425 952 2494 καταδίκην
982 2422 1105 2476 καθ’
1138 2423 1346 2477 ἑαυτῶν
1401 2423 1810 2493 σχεδιάσαντας,
1859 2425 1925 2476 ἐκ

364 2512 455 2568 τοῦ
480 2510 616 2568 εἶναι
644 2515 738 2568 τοῦ
770 2514 1008 2585 βήματος
1041 2515 1141 2584 τῆς
1179 2514 1491 2583 ἐλευθερίας
1547 2515 1671 2578 τοὺς
1705 2514 1924 2585 ἀντιλή-

368 2622 594 2675 πτορας.
635 2605 791 2659 Οὕτω
823 2605 880 2658 δέ
906 2604 1112 2658 τούτων
1151 2605 1407 2675 ἐχόντων,
1448 2605 1672 2668 δικαίως
1693 2606 1925 2674 ἐπιτρα-

368 2696 598 2763 πήσεται
624 2697 651 2748 ό
692 2694 1083 2765 πρωτέκδικος,
1134 2695 1243 2748 τῶν
1277 2698 1374 2764 μὲν
1429 2696 1587 2765 χάριν
1613 2694 1925 2766 ἐλευθερίας

366 2786 464 2850 τὴν
495 2784 960 2854 ἐκκλησιαστικὴν
992 2785 1300 2855 ζητούντων
1335 2785 1604 2854 βοήθειαν,
1664 2786 1802 2855 μετά
1850 2788 1928 2839 δι-

374 2875 677 2937 καιοδοσίας
710 2875 1208 2945 ἀντιλαμϐάνεσθαι
1235 2892 1251 2908 ο
1284 2875 1394 2928 τῶν
1421 2875 1479 2928 δὲ
1513 2876 1716 2930 λοιπῶν
1756 2894 1925 2947 προσ-

371 2965 555 3033 φΰγων
604 2965 1023 3029 ἀντιποιεῖσθαι,
1071 2964 1258 3035 ὥσπερ
1281 2965 1375 3018 καὶ
1405 2965 1537 3018 ὅπου
1571 2965 1881 3036 νενόμισται
1908 2980 1923 2996 ⁸

2021 1883 2114 1952 qui
2148 1896 2179 1936 a
2209 1882 2543 1952 presbyteris
2577 1880 2661 1936 vel
2690 1881 2938 1935 diaeonis
2980 1890 3333 1935 arcessantur
3363 1881 3428 1933 ad
3461 1881 3585 1933 reli-

2022 1972 2375 2043 giosissimos
2405 1972 2730 2027 defensores
2763 1971 2979 2027 illorum
3014 1986 3202 2035 causa,
3232 1973 3324 2041 qui
3368 1973 3585 2042 procla-
3662 2032 3669 2041 ,

2023 2073 2175 2118 mant
2204 2064 2269 2119 ad
2304 2064 2632 2126 libertatem,
2666 2062 2749 2115 vel
2786 2061 2839 2115 in
2871 2063 3184 2116 servitutem
3220 2063 3584 2131 abripiuntur,

2023 2156 2070 2210 si
2102 2162 2224 2224 post
2259 2155 2433 2209 edicta
2472 2154 2576 2207 tria
2622 2160 2873 2207 recusent
2909 2166 3256 2220 comparere,
3310 2169 3414 2206 una
3442 2152 3587 2207 dun-

2023 2250 2174 2297 taxat
2219 2252 2372 2313 parte
2411 2251 2677 2313 praesente
2721 2242 3102 2305 condemnari,
3141 2252 3362 2312 propter
3402 2258 3589 2298 sacras

2019 2332 2162 2402 juris
2195 2334 2530 2399 sanctiones,
2571 2348 2692 2403 qua:
2735 2333 3039 2387 libertatem
3082 2348 3251 2402 prope
3294 2348 3456 2402 supra
3504 2349 3591 2387 res

2025 2439 2217 2480 omnes
2242 2423 2447 2487 fovent,
2477 2433 2531 2479 et
2559 2425 2757 2494 inquiri
2781 2424 2848 2480 de
2890 2426 2991 2481 hac
3022 2426 3237 2495 jubent,
3265 2440 3329 2480 ex
3359 2424 3591 2494 simplici

2024 2523 2078 2570 et
2103 2516 2299 2585 plano;
2331 2530 2432 2569 nec
2461 2517 2536 2569 ita
2562 2514 2954 2570 condemnatos
2982 2514 3276 2585 quidquam
3300 2529 3365 2568 ex
3387 2529 3451 2568 eo
3467 2514 3593 2568 sub-

2028 2604 2153 2659 sidii
2178 2619 2369 2673 capere
2414 2605 2625 2668 volunt,
2664 2608 2808 2675 quod
2834 2605 3098 2661 libertatis
3141 2613 3592 2675 propugnatores,

2027 2697 2168 2751 sacri
2214 2696 2324 2751 sint
2377 2697 2586 2753 ordinis
2644 2698 2916 2752 homines.
2985 2696 3117 2761 Quae
3167 2709 3291 2750 cum
3350 2697 3425 2747 ita
3459 2695 3589 2758 sint,

2028 2785 2173 2841 haud
2209 2787 2306 2841 abs
2342 2802 2400 2841 re
2437 2787 2613 2855 primo
2649 2786 2917 2841 defensori
2981 2786 3308 2855 permissum
3357 2784 3483 2849 erit,
3540 2795 3599 2836 ut

2026 2879 2096 2933 iis
2160 2876 2401 2948 quidem,
2456 2878 2552 2948 qui
2635 2893 2792 2948 opem
2842 2877 3267 2932 ecclesiasticam
3330 2876 3598 2930 libertatis

2027 2984 2198 3025 causa
2232 2969 2549 3038 implorant,
2579 2984 2675 3037 per
2704 2968 3144 3036 jurisdictionem
3196 2982 3352 3022 suam
3403 2966 3600 3020 subve-

371 3057 465 3107 καὶ
497 3055 848 3107 συνίστασθαι
888 3055 1087 3125 μᾶλλον
1115 3055 1351 3117 τούτοις,
1377 3060 1471 3108 καὶ
1526 3055 1760 3109 ἐκδικεῖν
1817 3056 1927 3110 ἀπὸ

2034 3060 2185 3116 niat:
2228 3066 2282 3112 at
2334 3058 2671 3127 reliquorum
2725 3058 2790 3112 ad
2842 3058 3113 3113 Ecclesias
3167 3056 3596 3126 confugientium

370 3144 477 3197 τῶν
509 3144 919 3213 ἐπηρεαζόντων
950 3146 1167 3208 αὐτοὺς,
1192 3144 1373 3208 καθώς
1405 3162 1507 3198 που
1533 3146 1625 3199 καὶ
1649 3146 1928 3215 κέκληται.

368 3233 525 3286 υθτω
551 3234 659 3304 γάρ
689 3235 879 3298 ποιῶν,
909 3234 1005 3287 καὶ
1034 3234 1274 3302 φυλάξας
1320 3235 1479 3297 ὁσίως
1517 3236 1584 3289 τά
1614 3237 1756 3297 ὅσια.
1786 3237 1933 3289 δεόν-

372 3340 476 3385 τως
498 3326 876 3394 όσιωθήσεται.
903 3326 1013 3378 Καὶ
1040 3326 1212 3378 ταῦτα
1241 3326 1341 3395 μὲν
1390 3326 1751 3396 ἀποχρώντως
1774 3328 1935 3397 ἐγρά-

327 3472 333 3477 ,
372 3432 551 3481 φησαν
584 3416 664 3477 είς
722 3416 999 3485 ἐκτροπὴν
1043 3415 1155 3468 τῶν
1212 3416 1363 3487 παρὰ
1412 3416 1508 3469 τοῦ
1561 3418 1933 3487 πρωτεκδίκου

374 3505 799 3572 προτιθεμένων,
842 3506 939 3557 καὶ
998 3506 1451 3575 παρασπωμένων
1507 3508 1577 3558 τὰ
1627 3507 1779 3576 παρά
1840 3508 1933 3559 τοῦ

375 3596 789 3664 χαρτοφόλακος
820 3596 1127 3665 ἀμέμπτως
1162 3596 1433 3665 νεμόμενα
1471 3596 1671 3651 δίκαια.
1719 3598 1936 3667 Ῥητέον

374 3687 427 3737 δὲ
451 3690 543 3739 καὶ
565 3687 633 3740 τὰ
660 3688 997 3741 συνιστῶντα
1054 3688 1146 3738 τὸν
1175 3688 1582 3756 χαρτοφύλακα.
1608 3689 1830 3741 Είπὰτω
1878 3688 1935 3740 δὲ

376 3782 574 3850 μᾶλλον
598 3783 767 3834 ταῦτα
790 3782 888 3852 τῆς
919 3780 1172 3848 ἀληθείας
1202 3783 1259 3833 τὸ
1283 3783 1475 3851 στόμα,
1499 3782 1590 3833 καὶ
1612 3781 1709 3848 τῆς
1737 3781 1935 3833 δικαιο-

376 3874 538 3940 σύνης
568 3876 594 3925 ό
643 3873 814 3942 ἥλιος.
854 3875 989 3927 Οὐδὲ
1022 3875 1131 3941 γὰρ
1185 3874 1396 3926 οἴκοθεν
1430 3875 1674 3943 εἴπωμεν
1730 3872 1935 3941 ἐπιμύ-

376 3962 507 4024 θιον,
538 3964 678 4015 κατὰ
698 3966 823 4027 τοὺς
850 3964 1218 4034 κνηθομένους
1240 3964 1338 4027 τὰς
1362 3965 1554 4028 ἀκοὰς,
1585 3963 1661 4032 τῷ
1686 3964 1827 4032 λόγῳ
1842 3964 1935 4016 τοῦ
1958 3971 1962 3974 ‘

374 4051 743 4123 διαφέροντος,
766 4055 857 4107 καὶ
896 4056 1019 4117 τοὺς
1051 4056 1143 4108 ἐπὶ
1173 4054 1360 4115 ὓδατος
1387 4056 1690 4122 ἀντιλογίας
1713 4056 1936 4124 δοκιμά-

376 4143 571 4207 ζοντας
623 4145 691 4197 τά
745 4145 1020 4213 ἀμφίϐολα
1052 4161 1065 4175 ·
1110 4145 1223 4198 ἀλλ’
1255 4147 1439 4199 ἐκεῖνα
1479 4146 1706 4217 διπλόης
1758 4147 1987 4217 πάσης⁶

376 4234 533 4294 ἐκτὸς
575 4236 951 4303 σχεδ.άσομεν,
985 4236 1085 4288 ὅσα
1133 4238 1297 4305 πεῖρα
1346 4237 1555 4306 μακρά,
1604 4238 1697 4290 καὶ
1749 4239 1967 4308 χρόνοςσ

379 4326 567 4387 πολὺς,
600 4328 695 4378 καὶ
728 4326 889 4379 θείων
915 4326 1148 4394 Γραφῶν
1172 4328 1477 4394 ἀνάγνωσις
1501 4331 1645 4399 ἡμᾶς
1700 4330 1938 4382 ἀνεδίδα-

2034 3163 2255 3206 oausam
2299 3156 2536 3211 tueatur,
2573 3150 3030 3218 quemadmodum
3064 3158 3118 3203 et
3152 3149 3239 3202 ubi
3275 3148 3486 3217 legibus
3519 3154 3603 3199 est

2035 3240 2315 3294 definitum
2355 3254 2369 3293 :
2419 3228 2660 3309 adeoque
2692 3241 2874 3309 potius
2909 3241 2994 3295 bis
3048 3240 3286 3303 assistat,
3319 3247 3372 3291 et
3413 3239 3602 3292 defen-

2034 3333 2129 3386 dat
2198 3348 2293 3387 eos
2368 3333 2436 3387 ab
2518 3331 2881 3385 inferentibus
2957 3330 3238 3400 injuriam.
3290 3330 3451 3385 sicuti
3504 3346 3605 3383 no-

2035 3424 2199 3479 minis
2263 3424 2436 3492 ipsius
2482 3423 2623 3476 ratio
2679 3422 2934 3491 pOstulat.
2995 3421 3127 3475 Nam
3162 3423 3232 3475 ita
3261 3422 3303 3478 si
3338 3437 3397 3476 se
3428 3430 3603 3490 geret,

2037 3529 2099 3567 ac
2130 3522 2318 3569 sancte
2358 3524 2547 3569 sancta
2591 3515 2932 3576 servaverit,
2989 3514 3128 3567 haud
3173 3514 3338 3568 dubie
3380 3529 3606 3568 venera—

2036 3604 2238 3657 tionem
2273 3603 2587 3656 merebitur.
2620 3602 2677 3656 Et
2713 3602 2826 3655 Itrec
2850 3601 3067 3671 quidem
3100 3604 3303 3670 scripta
3333 3601 3604 3654 solliciant

2037 3693 2101 3744 all
2138 3708 2199 3744 ca
2240 3690 2580 3752 divertenda,
2624 3706 2745 3759 quas
2786 3705 2816 3744 a
2868 3692 3043 3760 primo
3083 3690 3372 3745 defensore
3413 3691 3599 3755 profe—

2037 3795 2251 3841 runtur,
2301 3795 2364 3832 ac
2404 3780 2529 3846 jura
2574 3780 2906 3843 convellunt,
2949 3779 3001 3831 in
3053 3793 3283 3845 quorum
3331 3777 3604 3845 inculpata

2039 3870 2388 3938 possessione
2428 3869 2795 3922 cliartularius
2836 3877 2938 3922 est.
2983 3866 3142 3921 Nunc
3178 3869 3245 3922 de
3282 3870 3348 3923 iis
3387 3884 3605 3935 unoque

2038 3959 2353 4024 dicendum,
2382 3973 2503 4028 qua:
2546 3971 2645 4027 pro
2677 3958 3011 4012 cbartulario
3048 3956 3278 4010 faciunt.
3331 3958 3421 4011 Vel
3457 3958 3607 4011 dicat

2037 4066 2100 4107 ea
2148 4052 2328 4118 potius
2368 4050 2545 4119 ipsttm
2577 4050 2822 4103 veritatis
2856 4064 2939 4113 os,
2981 4059 3036 4102 et
3079 4049 3160 4103 sol
3199 4048 3445 4117 justitiae.
3488 4046 3606 4102 Non

2037 4146 2181 4200 enim
2212 4160 2277 4199 ex
2314 4144 2469 4198 nobis
2506 4141 2747 4195 fabulam
2790 4142 3105 4205 alferemus,
3140 4142 3317 4196 instar
3359 4142 3598 4204 illorum,

2039 4237 2234 4306 quibus
2266 4250 2425 4289 aures
2468 4234 2726 4304 pruriunt
2754 4232 2820 4285 ad
2866 4232 3167 4286 orationem
3214 4232 3286 4285 de
3343 4246 3407 4282 eo
3460 4232 3606 4298 quod

2041 4329 2174 4399 ipsis
2214 4326 2460 4397 expedit;
2497 4334 2550 4379 et
2583 4339 2770 4378 eorum
2806 4337 2982 4386 more,
3018 4323 3109 4391 qui
3142 4323 3208 4376 ad
3240 4336 3432 4391 aquam
3474 4337 3607 4375 con-

378 4415 495 4477 ξαν,
537 4419 791 4483 Ἀρκτέον
814 4413 929 4485 οὖν,
951 4418 1073 4472 ὅθεν
1105 4420 1367 4489 ἄρχεσθαι
1403 4422 1655 4489 ἄμεινον’
1697 4423 1792 4474 καὶ
1838 4438 1928 4474 πο-

2046 4417 2389 4471 tradictionis
2405 4416 2720 4468 examinant
2755 4429 2844 4467 res
2876 4422 3257 4467 controversas
3292 4426 3305 4465 :
3339 4411 3431 4465 sed
3470 4412 3605 4464 citra

379 4508 595 4574 ρευτέον
632 4508 696 4559 ὲκ
733 4508 1014 4576 δυνάμεως
1047 4510 1207 4561 πάλιν
1239 4512 1315 4571 είς
1340 4509 1587 4578 δύναμιν.

2050 4511 2233 4564 fucum
2286 4521 2500 4559 omnem
2546 4520 2609 4558 ea
2664 4503 2986 4573 simpliciter
3035 4517 3403 4573 proponemus
3431 4541 3443 4563 ,
3488 4516 3608 4570 qua:

376 4602 669 4654 diuturnus
721 4616 873 4666 usus,
912 4610 966 4654 et
1001 4601 1145 4669 longi
1194 4603 1459 4669 temporis
1501 4602 1841 4660 exercitatio,
1872 4609 1923 4655 ct
1963 4615 2244 4658 sacrarum
2276 4597 2604 4651 Litterarum
2639 4596 2802 4650 lectio
2839 4610 2938 4649 nos
2983 4595 3311 4648 docuerunt.
3345 4594 3607 4662 Incipien-

376 4694 506 4744 dum
550 4691 738 4758 igitur,
781 4693 924 4743 unde
968 4700 1188 4758 praestat
1234 4690 1443 4742 initiqu
1489 4690 1601 4742 fieri

450 4780 674 4848 Κεφιλὴ
706 4780 802 4848 τῆς
847 4779 1153 4847 ἁγιωτάτης
1201 4776 1295 4829 τοῦ
1317 4777 1449 4829 Θεοῦ
1477 4779 1714 4847 μεγάλης
1739 4780 1941 4849 ἐκκλη-

380 4871 502 4930 σίας
539 4872 677 4933 ἐυτὶ,
722 4871 858 4938 μετά
902 4869 1000 4938 τὴν
1025 4867 1246 4938 πρώτην
1294 4868 1549 4937 ἄναρχον,
1601 4871 1695 4921 καὶ
1750 4870 1938 4934 ἀΐδιον,

380 4964 473 5011 καὶ
504 4959 939 5029 ἁπειροὸύναμον
972 4957 1236 5028 κεφαλὴν,
1285 4958 1376 5008 τὸν
1409 4958 1613 5028 Κύριον
1668 4960 1761 5011 καὶ
1808 4961 1940 5013 Θεὸν

377 5048 536 5118 ἡμῶν
578 5048 785 5119 Ἰησοῦν
846 5050 1098 5117 Χριστὸν,
1126 5049 1154 5098 ὁ
1188 5048 1555 5115 πνευματικὸς
1589 5048 1818 5116 νυμφίος
1845 5049 1940 5102 αὑ-

375 5138 476 5207 τῆς
533 5139 561 5189 ὁ
609 5138 752 5191 κατὰ
804 5142 1028 5207 καιροὺς
1077 5137 1374 5205 ἀγιὼτατος
1410 5138 1788 5207 οίκουμενικὺς
1842 5157 1938 5192 πα-

378 5228 952 5298 τριάρχη;.Τῶνγοῦν
1000 5228 1470 5296 ἐκκλησιαστικῶν
1528 5226 1754 5279 δικαίων
1801 5228 1939 5281 διαι-

381 5322 663 5389 ρουμένων
697 5320 842 5387 διχῆ,
866 5320 945 5381 εἷς
977 5335 1034 5370 τε
1071 5319 1140 5371 τὰ
1173 5319 1498 5386 διαφέροντα
1544 5321 1609 5388 τῇ
1643 5317 1939 5389 Ἐκκλησία

382 5410 704 5476 πολυειδῶς,
747 5412 843 5461 καὶ
872 5413 949 5473 εἰς
997 5411 1064 5461 τὰ
1134 5401 1210 5478 τῷ
1267 5409 1580 5480 πατριάργῃ
1628 5426 1937 5480 προσκυρω-

379 5501 542 5555 θέντα
588 5502 903 5564 κανονικῶς,
962 5502 1149 5570 ἐδέησε
1202 5503 1311 5563 τοῖς
1363 5504 1427 5552 τὰ
1450 5502 1546 5569 τῆς
1612 5502 1938 5569 Ἐκκλησξας

377 5593 764 5665 ὁροθετήσασιν
797 5595 1093 5665 ὀρθοδόξοις
1142 5596 1300 5663 ἡμῶν
1334 5595 1780 5663 αὐτοκράτορσιν,
1839 5610 1935 5644 κα-

378 5686 671 5755 ταμερίσαι
703 5688 871 5740 ταῦτα
901 5688 1032 5756 πρὸς
1068 5688 1224 5742 πέντε
1273 5686 1542 5756 σεκρὲτιυν
1588 5685 1759 5753 εὐαγῆ
1788 5685 1938 5747 >ογοο

1649 4708 1660 4742 :
1706 4699 1757 4742 et
1794 4706 1823 4743 a
1856 4692 2116 4745 facultate
2148 4690 2408 4757 majorem
2442 4687 2505 4741 ad
2537 4687 2848 4739 facultatem
2882 4684 3359 4753 progrediendum.
3400 4680 3403 4683 ’

2115 4781 2290 4848 Caput
2323 4777 2684 4831 sanctissimae
2713 4774 2809 4829 Dei
2844 4774 3067 4840 majoris
3101 4773 3379 4835 Ecclesiae,
3413 4789 3608 4828 secun-

2045 4871 2173 4925 dum
2198 4876 2362 4936 caput
2391 4867 2523 4920 illud
2556 4866 2789 4934 primum
2817 4865 2978 4919 initio
3008 4878 3203 4919 carens
3240 4871 3293 4918 et
3319 4875 3603 4928 aeternum,

2044 4969 2095 5013 et
2131 4957 2354 5011 infinita:
2394 4958 2668 5024 potentia,
2721 4952 3003 5007 Dominum
3037 4952 3316 5021 Deumque
3357 4962 3607 5008 nostrum

2043 5048 2226 5103 Jesum
2261 5048 2557 5107 Christum,
2595 5051 2677 5099 est
2726 5044 3024 5114 spiritualis
3066 5045 3154 5098 ille
3190 5059 3425 5113 sponsus
3463 5046 3603 5113 ejus,

2043 5138 2425 5192 sanctissimus
2481 5135 2750 5204 cujusque
2808 5136 3069 5203 temporis
3128 5136 3454 5191 universalis
3513 5153 3607 5206 pa.

2046 5228 2308 5281 triarcha.
2343 5226 2478 5280 Cum
2533 5233 2714 5277 autem
2765 5224 3136 5279 ecclesiastica
3182 5226 3307 5294 jura
3357 5228 3605 5280 bifariam

2044 5316 2380 5378 dividantur,
2430 5315 2702 5379 videlicet,
2739 5315 2791 5368 in
2838 5330 2921 5380 ea,
2958 5332 3077 5383 quze
3120 5318 3286 5372 variis
3329 5319 3501 5372 modis
3540 5319 3606 5371 ad

2044 5408 2215 5477 ipsam
2250 5406 2546 5461 licclesiam
2582 5406 2854 5474 pertinent
2883 5423 2896 5473 ;
2929 5415 2982 5459 et
3021 5408 3075 5460 in
3119 5423 3201 5471 ca,
3233 5423 3352 5475 quze
3383 5424 3479 5477 per
3511 5424 3605 5461 ca-

2045 5514 2215 5554 nones
2250 5500 2603 5567 peculiariter
2637 5498 2848 5552 addicta
2886 5507 3015 5552 sunt
3050 5500 3374 5568 patriarcha:
3401 5517 3413 5551 :
3444 5516 3607 5568 opor-

2045 5591 2148 5644 tuit
2204 5593 2430 5645 omnino
2486 5589 2759 5659 principes
2830 5599 3053 5644 nostros
3108 5594 3462 5654 ortliodoxos,
3511 5591 3607 5660 qui

2045 5684 2210 5736 rebus
2236 5681 2495 5735 Ecclesiae
2520 5690 2724 5735 certam
2757 5680 2925 5750 legem
2953 5682 3236 5748 dederunt,
3265 5685 3377 5737 lia‘c
3400 5684 3610 5753 disper-
