4020 6398
595 301 730 367 1039

1829 315 2106 377 ΤΗΕΟΙ).
2145 315 2238 376 BA
2249 313 2622 377 LSAMONIS

3623 322 3736 386 1010

588 435 678 489 tiri
730 433 785 485 in
841 429 1082 500 quinque
1133 433 1472 484 secretorum
1524 426 1772 498 religiosa
1818 425 2139 492 ratiocinia;

2248 427 2398 481 Θέσια
2430 445 2443 458 ο
2469 427 2564 481 καὶ
2599 424 2874 478 ἀναθεῖναι
2917 430 3013 496 τὴν
3043 426 3243 481 τούτων
3294 429 3548 499 ’διοίκησιν
3589 433 3735 491 διαχο-

591 534 755 593 atque
816 521 1011 574 horum
1071 503 1598 574 administrationem
1653 517 1814 570 certis
1871 516 2139 570 ministris

587 612 950 667 committere.
990 606 1125 662 Nam
1175 607 1397 661 minime
1438 605 1790 660 conveniebat
1837 605 2009 674 ipsum
2048 617 2141 671 pa-

588 700 904 762 triarcham,
968 705 1078 753 tam
1139 698 1422 768 insigniter
1476 698 1530 751 in
1590 695 1846 751 omnibus
1903 693 2138 764 speciem

588 791 773 861 sponsi
805 804 913 858 prae
944 803 1002 842 sc
1033 787 1320 854 ferentem,
1343 787 1596 857 occupari
1630 784 1911 840 tractando
1941 792 2138 845 rastro,

589 879 988 948 mancipiisque
1026 877 1307 932 satiandis.
1340 876 1468 931 inde
1501 877 1664 946 igitur
1689 877 1742 930 in
1785 875 1931 929 hunc
1970 888 2143 941 usque

463 999 483 1018 ε
586 968 750 1028 diem,
781 980 809 1018 a
836 967 1076 1034 quinque
1105 965 1424 1034 praesidibus
1445 980 1580 1034 quos
1605 964 1972 1033 magistratus.
2004 963 2143 1014 Exo-

586 1056 878 1110 catacoelos
921 1055 1171 1117 dicimus,
1219 1063 1474 1123 tanquam
1525 1068 1554 1106 a
1600 1053 1841 1122 quinque
1889 1051 2141 1106 sensibus

585 1147 700 1200 haec
721 1145 1173 1199 administrantur
1200 1161 1213 1196 :
1248 1144 1508 1197 nimirum
1539 1158 1570 1195 a
1615 1157 1811 1211 magno
1836 1154 2138 1205 oeconomo,

585 1249 613 1287 a
661 1248 858 1300 magno
919 1232 1244 1295 sacellario,
1305 1246 1334 1284 a
1391 1246 1590 1302 magno
1649 1229 2054 1298 scevophylaee,
2110 1241 2141 1280 a

584 1323 940 1386 chartulario,
990 1331 1045 1376 et
1082 1336 1145 1375 ea
1187 1322 1418 1391 praeside
1460 1320 1686 1374 sacellii.
1731 1318 1957 1388 Magnus
1995 1330 2141 1370 (nco-

583 1429 781 1468 nomus
827 1413 1155 1482 pradiorum
1193 1409 1688 1465 ecclesiasticarum
1727 1421 1912 1461 curam
1955 1403 2138 1474 gerit:

583 1519 813 1574 magnus
872 1502 1192 1558 sacellarius
1248 1509 1358 1555 tam
1414 1500 1640 1564 urbana,
1695 1513 1856 1568 quam
1916 1495 2142 1551 ulterius

592 1595 697 1649 sita
738 1593 1070 1648 monasteria
1104 1600 1260 1646 curat
1280 1591 1421 1660 (cum
1456 1591 1607 1644 urbis
1643 1587 1998 1658 imperatricis
2050 1587 2144 1642 de-

583 1683 722 1737 cima
766 1684 925 1738 tertia
951 1683 1122 1752 regio,
1145 1682 1215 1737 sit
1243 1681 1362 1750 ejus
1391 1681 1538 1750 regio
1562 1679 1846 1748 extrema),
1874 1678 1941 1734 de
1971 1677 2143 1733 sacris

581 1776 815 1832 cimeliis
843 1775 1112 1831 sollicitus
1137 1783 1220 1830 est
1247 1789 1475 1844 magnus
1507 1773 1596 1828 ille
1627 1787 1879 1827 vasorum
1914 1781 2141 1828 custos:

585 1869 939 1925 ecclesiarum
1011 1867 1064 1922 in
1121 1881 1336 1937 genere,
1397 1871 1562 1935 atque
1612 1865 1773 1918 etiam
1826 1862 2145 1934 emphyteu-

585 1961 728 2016 sium
804 1958 1245 2024 administratio,
1317 1973 1486 2028 penes
1557 1956 1767 2012 sacellii
1829 1954 2142 2026 praefectum

581 2059 686 2110 est.

651 2146 1027 2202 Cbartularius
1053 2151 1232 2200 autem
1264 2159 1360 2216 pro
1382 2161 1478 2200 sua
1503 2153 1651 2214 parte
1680 2144 1828 2202 solus
1851 2157 1916 2198 ea
1941 2141 2144 2212 dirigit,

583 2254 705 2308 quae
733 2239 855 2308 jure
894 2233 1244 2308 pontiﬁcatus
1273 2237 1339 2291 ad
1367 2237 1726 2306 patriarcbam
1764 2235 2055 2305 pertinent.
2081 2235 2147 2288 Et

582 2344 691 2400 quo
723 2323 955 2398 "quidem
1005 2336 1160 2398 pacto
1207 2336 1525 2382 cteterorum
1577 2339 1808 2396 quatuor
1855 2325 2143 2396 praesidum

583 2419 956 2475 institutiones
1007 2433 1102 2473 seu
1149 2417 1441 2472 electiones
1476 2418 1588 2471 tieri
1633 2417 1826 2472 debere
1874 2417 2144 2471 sancitum

583 2507 673 2569 sit,
704 2517 756 2561 et
785 2514 917 2576 quot
941 2521 1062 2560 nam
1093 2507 1317 2576 quilibet
1347 2507 1536 2560 horum
1555 2507 1915 2560 cltartularios
1945 2505 2147 2560 laboris

581 2606 866 2651 consortes
918 2595 1136 2659 habeat,
1168 2601 1366 2663 quotve
1399 2608 1497 2648 suo
1526 2594 1578 2646 in
1607 2600 1816 2648 secreto
1841 2592 2142 2654 ministros,

583 2685 814 2739 alienum
863 2685 966 2739 hoc
1017 2683 1140 2739 loco
1187 2683 1350 2738 fuerit
1391 2684 1589 2738 dicere.
1640 2681 1756 2737 Non
1783 2682 1926 2738 enim
1964 2682 2146 2736 dehis

581 2772 729 2842 loqui
782 2788 927 2827 nunc
964 2773 1324 2828 instituimus.
1369 2770 1521 2826 Unde
1553 2787 1703 2838 vero,
1747 2782 1798 2827 et
1825 2771 2058 2842 qualiter
2091 2773 2145 2827 id

578 2863 947 2918 venerationis
979 2862 1033 2916 in
1072 2862 1247 2932 signis
1294 2861 1704 2931 chartophylaci
1751 2862 2042 2926 tribuatur,
2087 2871 2147 2917 ut

578 2967 642 3008 os
673 2962 726 3006 et
765 2968 958 3008 manus
987 2953 1308 3022 patriarcha:
1337 2961 1704 3022 nuncupetur,
1738 2952 2148 3022 inquirendum.

579 3041 646 3097 Et
669 3045 796 3111 quia
841 3044 1086 3098 nonnulli
1120 3059 1316 3098 nomen
1347 3043 1782 3114 chartophylacis
1815 3059 1879 3097 ex
1911 3059 1976 3098 eo
2004 3044 2149 3099 deri-

579 3139 732 3196 vant,
760 3133 905 3201 quod
936 3132 1282 3186 membranas
1308 3133 1421 3187 sive
1445 3131 1661 3186 codices
1678 3130 1947 3186 custodiat
1978 3148 1990 3182 :
2024 3137 2148 3185 ante

579 3222 764 3276 omnia
797 3222 1117 3287 tollendum,
1167 3222 1311 3292 quod
1347 3222 1471 3277 inde
1501 3223 1654 3278 nasci
1687 3231 1890 3290 posset,
1917 3223 2149 3276 scanda—

580 3313 709 3366 lum.
745 3312 1142 3382 Chartophylax
1194 3328 1302 3367 non
1335 3323 1440 3380 est,
1472 3313 1552 3367 uti
1591 3313 1808 3383 quidam
1839 3311 2146 3381 perhibent,

580 3413 771 3458 custos
797 3402 1011 3468 secreti,
1041 3411 1095 3457 et
1154 3402 1367 3472 janitor
1422 3404 1582 3473 (nam
1614 3402 1960 3456 ostiariorum
1995 3410 2147 3455 vetus

577 3507 641 3548 ea
664 3493 932 3564 professio
959 3492 1100 3563 est),
1135 3493 1227 3547 sed
1272 3492 1502 3548 idoneus
1523 3493 1726 3561 jurium
1760 3492 2146 3562 episc0palium

579 3591 821 3638 curator.
861 3583 952 3638 Sic
981 3585 1123 3638 enim
1159 3591 1212 3639 et
1253 3583 1718 3653 nomophylacem,
1754 3591 1807 3637 et
1843 3584 2147 3653 scevophy-

579 3671 752 3726 lacem
779 3679 1082 3727 castrorum
1109 3673 1371 3742 principis
1394 3673 1647 3728 dicimus.
1673 3671 1824 3738 Quod
1857 3672 1904 3727 si
1936 3673 2148 3727 fortiter

579 3763 680 3817 boc
707 3762 1012 3819 inﬁciantes
1035 3773 1303 3832 quaerant,
1345 3764 1438 3832 qui
1473 3763 1584 3824 ﬁat,
1605 3770 1665 3816 ut
1691 3763 1922 3818 aliorum
1961 3778 2146 3818 secre-

579 3865 756 3908 torum
785 3855 1066 3924 prmsides,
1088 3869 1198 3908 non
1217 3854 1470 3909 dicantur
1482 3855 1758 3920 custodes,
1780 3869 1904 3908 cum
1928 3853 2144 3922 quidem

578 3959 759 3999 rerum
812 3945 1288 4001 administratores
1331 3946 1482 4010 sint;
1537 3959 1635 3999 cur
1688 3960 1872 4010 unus,
1917 3960 2146 4014 magnus

575 4043 800 4087 vocetur
849 4046 1168 4087 (nconomus
1223 4049 1237 4099 ;
1313 4033 1471 4098 alius,
1519 4047 1745 4103 magnus
1805 4032 2144 4097 sacellarius,

577 4119 740 4184 alius,
773 4121 976 4175 sacellii
1003 4119 1294 4191 praefectus
1321 4139 1334 4175 :
1366 4122 1610 4185 audiant,
1641 4123 1782 4177 idem
1814 4135 1934 4176 esse
1951 4137 2145 4176 nomen

577 4211 875 4272 mconomi,
911 4209 1184 4274 custodis,
1227 4211 1495 4265 sacellarii
1541 4220 1595 4266 et
1635 4211 1837 4266 sacellii
1880 4210 2143 4280 praefecti.

577 4296 711 4350 Nam
747 4298 888 4366 apud
911 4297 1188 4354 Romanos
1217 4302 1474 4356 sacellum
1506 4301 1574 4355 ab
1605 4301 2073 4355 administratione
2095 4309 2147 4354 et

2241 518 2447 585 νηταῖς.
2486 515 2619 569 Οὐδὲ
2650 515 2755 586 γὰρ
2779 515 2996 569 ἕδειτδν
3025 515 3195 580 οὕτως
3233 519 3502 587 ἀγακλεῶς
3540 525 3588 575 ὲν
3627 527 3735 578 πᾶσι

2241 605 2792 674 νυμφοστολούμενον,
2825 605 2953 674 περὶ
2989 608 3272 676 σκαπάνην
3307 611 3630 679 ἀσχολεῖσθαι
3662 617 3738 668 καὶ

2239 689 2436 745 δούλων
2461 693 2832 762 χορτάσματα.
2871 694 3091 746 Ἔκτοτε
3121 696 3249 761 γοῦν
3277 698 3368 749 καὶ
3400 699 3547 769 μέχρι
3567 701 3740 757 τοῦνῦν

2241 780 2390 850 παρὰ
2423 781 2579 834 πέντε
2613 781 3066 851 προκαθημένων,
3101 784 3208 838 τῶν
3231 785 3645 848 ὲξωκατακοίλων
3670 793 3742 862 ἀρο

2239 866 2438 934 χόντων
2474 868 2637 936 φημὶ,
2664 867 2736 930 ὼς
2770 869 2872 920 ὑπὸ
2893 869 3054 922 πέντε
3112 872 3413 942 αἰσθήσεων
3450 876 3595 926 ταυτὶ
3634 876 3744 942 διεξ-

2242 957 2464 1024 άγονται
2491 973 2505 988 ⁶
2539 960 2704 1026 ἤγουν
2729 959 2822 1011 τοῦ
2848 960 3083 1028 μεγάλου
3106 962 3405 1031 οἰκονόμου,
3428 961 3518 1016 τοῦ
3548 966 3744 1034 μεγάλου

2244 1046 2611 1118 σακελλαρίου,
2643 1047 2734 1099 τοῦ
2764 1048 2996 1116 μεγάλου
3027 1050 3443 1117 σκευοφύλακος,
3465 1052 3554 1104 τοῦ
3583 1071 3746 1121 χαρτοο

2243 1137 2500 1204 φύλακος,
2535 1137 2746 1190 καὶτοῦ
2775 1138 3081 1193 σακελλίου.
3117 1141 3227 1194 Καὶ
3287 1141 3399 1210 ἔχει
3431 1142 3532 1195 τῶν
3580 1145 3748 1212 ἐκκλη-

2245 1228 2531 1280 σιαστικῶν
2573 1229 2872 1298 κτημάτων
2897 1229 2994 1298 τὴν
3023 1232 3300 1300 πρόνοιαν.
3339 1234 3366 1284 6
3422 1231 3586 1301 μέγας
3631 1237 3749 1286 οἰκο-

2241 1318 2403 1386 νόμος
2430 1334 2443 1350 °
2477 1318 2584 1370 τῶν
2605 1319 2746 1371 κατὰ
2771 1319 2943 1384 πόλιν,
2987 1319 3083 1372 καὶ
3117 1321 3222 1373 τῶν
3265 1323 3565 1392 περατικῶν
3610 1340 3747 1392 μονα-

2245 1406 2479 1474 στηρίων
2499 1407 2598 1476 τὴν
2631 1408 2901 1476 μέριμναν
2934 1408 3400 1478 (τρισκαιδέκατος
3441 1412 3544 1481 γὰρ
3579 1411 3750 1479 ρεγεὼν

2241 1495 2339 1564 τῆς
2392 1496 2778 1566 βασιλευούσης
2813 1498 2921 1550 τῶν
2977 1499 3220 1565 πόλεων,
3263 1503 3294 1570 ἡ
3340 1503 3531 1568 περαία
3583 1501 3749 1571 ταύτης

2242 1587 2438 1655 ἐστὶν),
2471 1588 2500 1639 6
2533 1589 2704 1657 μέγας
2736 1589 3089 1660 σακελλάριος
3120 1607 3134 1620 ·
3166 1591 3275 1644 τῶν
3309 1593 3465 1662 ἱερῶν
3494 1593 3750 1664 κειμηλίων

2241 1676 2338 1748 τὴν
2362 1679 2696 1746 ἐπιμέλειαν,
2725 1681 2752 1732 6
2788 1680 2960 1748 μέγας
3008 1682 3346 1750 σκευοφύλαξ
3367 1699 3382 1714 ο
3410 1684 3618 1738 καὶτῶν
3641 1683 3748 1738 καθ·

2242 1768 2437 1822 ολικῶν
2492 1769 2812 1839 ἐκκλησιῶν,
2875 1772 3010 1839 πρὸς
3043 1770 3100 1824 δὲ
3152 1773 3246 1825 καὶ
3279 1773 3385 1826 τῶν
3414 1774 3751 1843 ὲμφυτεύσεων

2245 1858 2344 1928 τὴν
2365 1858 2651 1928 διοίκησιν,
2681 1859 2709 1911 6
2742 1859 3046 1913 σακελλίου.

2322 2134 2384 2191 Ὀ
2411 2136 2468 2189 δὲ
2510 2137 2849 2208 χαρτοφύλαξ
2912 2136 3225 2191 κατευθύνει
3276 2137 3579 2208 μονομερῶς
3611 2136 3668 2189 τά
3695 2136 3755 2204 τῷ

2249 2228 2591 2295 πατριάρχῃ,
2647 2226 2839 2297 δικαίῳ
2877 2227 2974 2296 τῆς
3005 2227 3448 2297 ἀρχιερωσύνης,
3506 2229 3754 2298 ἀνήκοντα.

2249 2317 2434 2380 Ὅπως
2472 2317 2569 2386 μὲν
2596 2317 2688 2370 οὖν
2723 2317 2830 2372 τῶν
2864 2317 3037 2370 ἄλλων
3063 2318 3346 2389 τεσσάρων
3370 2318 3757 2390 προκαθημένων

2246 2403 2342 2466 τὰς
2403 2404 2730 2474 προδλήσεις
2798 2404 3100 2458 τετύπωται
3144 2406 3412 2472 γίνεσθαι.
3470 2407 3558 2459 καὶ
3595 2406 3758 2464 πόσους

2245 2493 2472 2546 ἕκαστον
2501 2497 2704 2546 τούτων
2735 2494 2846 2563 ἔχει
2881 2496 3304 2565 χαρτουλαρίους
3339 2496 3430 2549 τοῦ
3461 2496 3620 2550 κόπου
3651 2511 3759 2562 συμ-

2250 2585 2534 2656 μεριστάς,
2581 2585 2674 2638 καὶ
2703 2587 2901 2656 πόσους
2937 2587 3290 2653 σεκρετικοὺς
3335 2585 3657 2656 διακονητάς,
3681 2583 3758 2635 οὑκ

2246 2676 2360 2728 ἐστι
2407 2677 2585 2745 λέγειν
2614 2677 2824 2747 καιρός.
2883 2675 3016 2732 Οὐδὲ
3056 2678 3163 2746 γὰρ
3208 2681 3334 2749 περὶ
3378 2679 3571 2732 τούτων
3620 2678 3760 2728 εἰπεῖν

2246 2767 2605 2838 προεθέμεθα.
2668 2769 2827 2822 Ὅθεν
2854 2768 2930 2833 δὲ,
2983 2770 3076 2822 καὶ
3106 2771 3255 2833 ὅπως
3287 2773 3314 2823 6
3346 2769 3667 2840 χαρτοφύλαξ
3692 2782 3760 2819 σε-

2250 2857 2584 2928 μνολογεῖται
2613 2858 2974 2923 πανευκλεῶς,
3004 2859 3097 2912 καὶ
3131 2859 3380 2913 καλεῖται
3411 2859 3500 2912 τοῦ
3529 2858 3759 2927 πατριάρ-

2247 2966 2340 3019 χου
2383 2950 2552 3018 στόμα
2585 2948 2676 3001 καὶ
2708 2951 2847 3017 χεὶρ,
2883 2947 3164 3018 ζητητέον.
3213 2952 3364 3004 Ἐπεὶ
3395 2952 3452 3005 δέ
3482 2968 3615 3011 τινες
3644 2963 3760 3016 παρ-

2248 3037 2610 3105 ωνυμξζεσθαι
2665 3037 2757 3089 τὸν
2829 3038 3217 3107 χαρτοφύλακα
3287 3040 3526 3094 Θέλουσιν
3584 3041 3640 3090 ἐκ
3689 3034 3760 3087 τοῦ

2251 3125 2536 3192 φυλάττειν
2573 3125 2888 3194 μεμϐράνας
2937 3127 3056 3195 ἦτοι
3122 3129 3372 3190 κωδίκια,
3436 3127 3764 3198 περιαιρετέον

2251 3214 2355 3286 πρὸ
2412 3217 2628 3267 πάντων
2668 3215 2727 3267 τὸ
2757 3217 2823 3268 ὲκ
2850 3216 3038 3270 τούτου
3070 3218 3336 3288 φυόμενον
3369 3218 3662 3273 σκάνδαλον.
3718 3213 3764 3264 '0

2248 3302 2592 3374 χαρτοφύλαξ
2619 3305 2721 3358 οὐκ
2750 3305 2914 3369 ἔστιν,
2947 3305 3022 3370 ῶς
3041 3325 3184 3370 τινες
3217 3310 3483 3376 λέγουσιν,
3515 3306 3670 3377 φύλαξ
3690 3301 3764 3355 τοῦ

2251 3399 2529 3468 σεκρέτου,
2583 3399 2678 3450 καὶ
2728 3398 2970 3469 Θυρωρδς
3019 3400 3198 3470 (τοῦτο
3238 3404 3347 3473 γὰρ
3380 3402 3486 3454 τῶν
3521 3397 3765 3467 όστιαρξων

2248 3487 2474 3556 ἀρχαῖον
2501 3487 2865 3557 ὲπάγγελμα)’
2889 3491 3266 3545 ὲπισκοπικῶν
3304 3493 3361 3545 δὲ
3390 3491 3602 3545 δικαίων
3631 3503 3766 3558 φρον-

2247 3579 2434 3647 τιστὴς
2463 3576 2776 3646 ἀξιόμαχος.
2813 3575 2967 3628 Οὕτω
2997 3577 3103 3647 γὰρ
3133 3581 3232 3631 καὶ
3281 3575 3582 3648 νομοφύλαξ
3615 3573 3765 3628 καλεῖς

2247 3686 2358 3734 ται,
2397 3670 2488 3721 καὶ
2519 3667 2860 3736 σκευοφύλαξ
2892 3670 3261 3738 στρατοπέδου
3299 3671 3592 3741 βασιλικοῦ.
3642 3667 3696 3720 Εἰ
3733 3663 3766 3714 δ’

2247 3760 2715 3831 ἀπισχυριζονται,
2757 3760 2874 3823 πῶς
2922 3761 3027 3813 τῶν
3070 3761 3252 3815 ἄλλων
3295 3763 3560 3832 σεκρέτων
3586 3760 3630 3812 οἱ
3663 3769 3768 3824 προ·

2249 3851 2570 3921 καθήμενοι,
2605 3852 2851 3920 φύλακες
2883 3852 2943 3904 ού
2979 3853 3470 3923 κατονομάζονται,
3522 3848 3768 3905 καὶταῦτα

2250 3945 2586 4014 πραγμάτων
2649 3943 2802 4007 ὄντες
2861 3944 3130 4014 διοικηταί
3171 3961 3183 3976 ·
3237 3946 3354 3999 ἀλλ’
3387 3948 3415 3999 6
3461 3945 3593 4024 μὲν,
3627 3939 3768 4012 μέγας

2246 4035 2526 4104 οἰκονόμος
2563 4034 2834 4088 καλεῖται·
2879 4035 2908 4086 6
2937 4035 3016 4099 δὲ,
3061 4037 3234 4105 μέγας
3263 4038 3606 4105 σακε).λάριος
3626 4051 3639 4064 ⁶
3667 4031 3764 4088 ὁδὲο

2248 4117 2566 4177 σακελλίου·
2599 4126 3012 4190 ἀκουσάτωσαν,
3064 4126 3139 4189 ὡς
3177 4129 3373 4181 ταυτόν
3425 4129 3565 4180 ἐστιν
3606 4121 3765 4182 εἰπεῖν,

2247 4215 2548 4285 οἰκονόμον,
2585 4216 2819 4284 φύλακα,
2855 4217 3226 4288 σακελλάριον,
3265 4221 3360 4272 καὶ
3384 4218 3471 4270 τὸν
3503 4211 3768 4268 σακελλίον.

2248 4304 2406 4375 Παρὰ
2439 4305 2548 4375 γὰρ
2579 4308 2692 4369 τοῖς
2730 4307 3022 4376 Ῥωμαίοις
3071 4307 3354 4373 σάκελλον,
3403 4305 3550 4373 παρά
3579 4303 3634 4355 τὸ
3661 4299 3767 4351 διοι-

576 4388 826 4441 custodia
857 4388 1080 4445 dicitur.
1107 4390 1286 4459 Atque
1311 4392 1476 4446 etiam
1519 4391 1645 4444 hinc
1679 4391 1880 4445 sacella
1908 4393 2144 4458 patriar-

2249 4398 2364 4448 κεῖν
2394 4397 2486 4448 καὶ
2519 4389 2802 4464 φυλάττειν
2831 4400 2968 4452 ἐστι.
3002 4399 3110 4452 Καὶ
3143 4401 3176 4467 ὴ
3230 4401 3356 4463 τοὺς
3388 4397 3704 4465 κακούργους
3725 4386 3768 4438 δὲ

577 4477 772 4544 cbalis,
820 4493 926 4548 qua
957 4481 1185 4534 maleﬁci
1225 4482 1633 4546 custodiuntur,
1677 4495 1786 4533 non
1817 4481 2034 4536 aliunde
2061 4499 2150 4553 ap-

577 4570 778 4638 pellata
801 4577 927 4638 est;
968 4573 1114 4627 sicut
1153 4583 1206 4627 et
1250 4573 1538 4627 saculium.
1573 4571 1898 4628 Sacellarius
1931 4574 2146 4643 quidem

577 4661 780 4714 dicitur
805 4664 1264 4717 monasteriorum
1292 4663 1698 4718 administrator
1732 4680 1746 4718 :
1771 4674 1823 4718 et
1859 4665 2148 4734 praefectus

580 4753 766 4806 sacelli
812 4755 1168 4818 deminutive,
1205 4755 1559 4808 ecclesiarum
1591 4754 1646 4808 in
1672 4770 1869 4823 genere
1906 4765 2144 4812 curator.

577 4841 844 4898 Caeterum
895 4859 963 4898 ne
1011 4845 1065 4898 hi
1111 4847 1351 4914 quinque
1387 4845 1642 4914 praesides
1689 4862 1856 4901 unum
1887 4848 2150 4905 duntaxat

578 4930 844 4985 haberent
893 4947 1093 4986 nomen
1123 4971 1141 4998 ,
1201 4932 1407 5000 placuit
1455 4931 1792 4988 diversorum
1847 4934 2145 4990 oﬂiciorum

580 5021 1036 5090 appellationibus
1064 5037 1161 5077 eos
1189 5023 1482 5092 ampliores
1507 5024 1657 5079 reddi
1680 5024 1894 5080 debere.
1927 5025 2046 5091 Quo
2067 5027 2147 5092 lit,

583 5120 640 5163 ut
657 5112 933 5164 actionum
959 5111 1159 5166 ﬁnibus
1179 5111 1318 5166 idem
1337 5115 1657 5183 existentes,
1680 5115 2150 5171 oliiciorumvoca-

579 5201 723 5254 bulis
753 5201 1178 5270 distinguantur.
1213 5201 1326 5258 Hoc
1354 5205 1515 5259 modo
1543 5217 1687 5260 recte
1717 5206 1931 5260 sublato
1959 5206 2146 5270 dubio,

582 5291 726 5354 quod
756 5291 1018 5346 adversus
1070 5293 1542 5365 chartophy’tacen
1577 5295 1732 5350 tacite
1757 5298 1904 5350 nasci
1933 5303 2151 5364 poterat

581 5379 789 5448 reliqua
809 5381 971 5434 etiam
992 5381 1316 5438 declaranda
1337 5387 1579 5441 veniunt.
1603 5384 1800 5442 lunus
1832 5388 2149 5444 cluat-tmarii

582 5470 795 5521 varium
840 5479 894 5522 et
936 5471 1215 5540 multiplex
1243 5482 1346 5529 est.
1389 5473 1591 5530 idcirco
1626 5477 2005 5533 accusamus
2050 5493 2148 5547 pro

585 5567 829 5626 tempore
855 5561 1188 5629 patriarcha,
1220 5563 1368 5618 velut
1413 5564 1637 5622 alterum
1683 5566 1970 5629 humu,
2005 5567 2147 5621 hunc

587 5649 848 5720 deligens,
881 5668 1000 5709 cum
1035 5653 1178 5710 biose
1217 5655 1344 5711 dicit
1382 5655 1438 5710 ul
1477 5652 1798 5716 Domina:
1895 5656 2148 5726 aspiciat

2252 4487 2597 4555 φυλάττουσα
2627 4491 3000 4560 πατριαρχικὴ
3029 4489 3264 4559 σακέλλη
3295 4490 3560 4550 ἐντεῦθεν,
3589 4485 3670 4538 καὶ
3690 4479 3768 4531 οὐκ

2250 4577 2470 4630 ἄλλοθεν
2503 4579 2942 4648 μετωνόμασται,
2973 4580 3159 4652 ῶσπερ
3187 4580 3254 4651 δὴ
3283 4582 3380 4635 καὶ
3414 4580 3475 4632 τὸ
3507 4573 3768 4631 σακούλιον.

2249 4667 2478 4735 Λέγεται
2503 4668 2632 4736 γοῦν
2659 4669 3028 4739 σακελλάριος,
3070 4673 3097 4723 6
3125 4670 3233 4722 τῶν
3270 4668 3636 4740 μοναστηρέων
3669 4663 3768 4714 διοιο

2249 4759 2421 4827 κητής
2449 4775 2465 4788 ο
2496 4757 2589 4810 καὶ
2618 4761 2645 4811 6
2671 4757 2952 4811 σακελλίου
2987 4760 3438 4828 ὑποκοριστικῶς,
3473 4761 3499 4810 6
3531 4757 3631 4810 τῶν
3667 4748 3768 4804 καο-

2249 4846 2443 4900 ολικῶν
2499 4848 2802 4917 ἐκκλησιῶν
2856 4849 3196 4918 φροντιστής.
3233 4849 3349 4902 Ἵνα
3378 4851 3433 4901 δὲ
3481 4849 3512 4915 ἡ
3545 4846 3643 4897 τῶν
3667 4854 3770 4907 πΡ⁹⁴

2249 4935 2574 5006 καθημένων
2627 4937 2826 5000 πεντὰς
2881 4938 2956 5007 μὴ
3016 4938 3488 5007 ταυτωνυμίζηται
3522 4975 3536 4998 ,
3594 4927 3768 4998 ὡρίσθη

2249 5027 2519 5096 διαφόρων
2573 5026 2843 5094 ὁφφικίων
2891 5028 3147 5096 ὀνόμασιν
3182 5028 3354 5095 αὐτὴν
3399 5017 3769 5096 μεγεθύνεσθαιο

2250 5116 2341 5186 Τῷ
2369 5135 2450 5170 τοι
2482 5119 2575 5170 καὶ
2609 5117 2970 5188 ταυτιζομένη
2993 5118 3100 5169 τῶν
3135 5116 3426 5186 ἐνεργειῶν
3467 5116 3575 5176 τοῖς
3610 5112 3773 5163 ἀποτε-

2249 5206 2503 5274 λέσμασι,
2561 5205 2840 5275 μερίζεται
2900 5207 3005 5260 τῶν
3040 5206 3311 5274 όφφίκίων
3354 5207 3474 5266 ταῖς
3533 5201 3768 5267 κλήσεσιν.

2252 5295 2405 5350 Οὕτω
2451 5296 2580 5363 γοῦν
2646 5297 3102 5364 περιαιρουμένης
3142 5295 3344 5359 καλῶς,
3376 5295 3472 5362 τῆς
3499 5294 3561 5346 εκ
3583 5289 3669 5356 τῆς
3694 5295 3771 5346 φιν

2251 5386 2425 5456 λακῆς
2474 5386 2958 5456 ὑποκλεπτομένης
2995 5387 3263 5454 ἀσαφείας
3311 5385 3453 5439 κατά
3493 5380 3581 5434 τοῦ
3611 5386 3771 5448 καρτο-

2252 5477 2508 5546 φύλακος,
2547 5478 2903 5546 σαφηνιστέον
2936 5478 3028 5530 καὶ
3059 5477 3125 5530 τὰ
3162 5476 3342 5529 λοιπά.
3384 5473 3489 5528 Τοῦ
3539 5458 3772 5541 χαρτοφὺο

2250 5569 2415 5630 λακος
2465 5570 2497 5638 ή
2557 5569 2805 5638 ἐνέργεια
2839 5568 3118 5638 πολυειδὴς
3172 5566 3264 5620 καὶ
3300 5562 3616 5634 πολυσχιδής
3657 5558 3770 5638 ἐστί’

2256 5659 2346 5712 Διὸ
2372 5661 2466 5714 καὶ
2488 5637 2521 5713 ό
2568 5637 2707 5713 κατὰ
2733 5659 2951 5729 καιροὺς
2985 5657 3285 5726 ἀγιώτατος
3322 5653 3668 5727 πατριάρχης,
3710 5637 3772 5698 ὡς
