4020 6388
345 406 476 468 ῙΟΠ

1770 413 2178 476 MEDITATA.

3412 415 3543 480 10f!

320 542 477 591 ἄλλον
519 538 726 609 Ἀαρὼν
763 537 947 591 τοῦτον
977 536 1379 606 ἐπιλεγόμενος,
1415 535 1560 602 λέγει
1591 537 1726 606 μετὰ
1751 537 1871 588 Μωο

1975 533 2244 589 Dominus
2298 534 2440 589 Deus
2509 543 2721 604 patrum
2786 547 3117 603 nostrorum,
3175 546 3226 590 et
3281 541 3544 594 universae

318 633 456 694 σέως
487 629 623 700 πρὸς
656 629 882 696 Κύριον·
921 647 940 680 ι
985 625 1396 695 Ἐπισκεψάσθω
1449 625 1651 695 Κύριος
1683 629 1710 677 ό
1744 626 1875 689 Θεὸς

318 721 428 776 τῶν
473 717 722 788 πατέρων
749 719 840 770 καὶ
865 718 1044 787 πάσης
1078 716 1300 785 σαρκὸς,
1333 715 1612 786 ἄνθρωπον
1654 715 1748 768 ἐπί
1779 717 1876 784 τῆς

325 810 648 878 συναγωγῆς
676 809 896 877 ταύτης,
924 809 1069 870 ὅστις
1093 806 1426 870 ἐξελεύσεται
1457 809 1563 859 ἀπὸ
1585 808 1884 878 προσώπου,

317 899 452 967 ἐμοῦ
477 917 524 962 ι,
551 897 644 950 καὶ
671 897 816 957 ὅστις
839 894 1201 948 εἰσελεύσεται
1231 894 1335 964 πρὸ
1361 895 1648 964 προσώπου
1675 894 1874 957 αὐτῶν,

317 990 413 1042 καὶ
459 989 608 1050 ὅστις
655 986 857 1050 εἰσάξει
903 987 1098 1047 αὐτοὺς
1139 985 1215 1048 ὡς
1235 985 1352 1054 ἐμὲ,
1387 986 1479 1038 καὶ
1508 986 1658 1048 ὅστις
1699 985 1876 1050 ἐξάξει

317 1078 518 1140 αὐτοὺς
566 1077 626 1140 ἐξ
666 1075 836 1144 ἐμοῦσ
890 1077 983 1128 καὶ
1031 1075 1202 1139 οὕτως
1244 1075 1518 1145 ἐπιτίθησι
1552 1077 1650 1139 τὰς
1688 1078 1877 1146 χεῖρας

316 1168 479 1222 αὐτοῦ
515 1168 602 1220 ἐπ’
629 1167 806 1230 αὐτὸν,
839 1167 932 1220 καί
961 1166 1171 1218 δίδωσιν
1203 1165 1350 1236 αύτῷ
1378 1168 1473 1234 τὴν
1503 1167 1657 1230 δόξαν
1689 1167 1875 1231 αὑτοῦ,

317 1261 462 1320 ὅπως
497 1258 770 1311 ἀκούωσιν
820 1256 980 1309 αὐτοῦ
1017 1258 1063 1308 οἰ
1094 1258 1199 1309 υἰοὶ
1241 1256 1479 1326 Ἰσραήλ.
1551 1257 1875 1327 Ἐγχειρίζει

317 1347 491 1418 τούτῳ
524 1349 617 1401 καὶ
655 1347 884 1416 χρυσοῦν
919 1346 994 1408 ὡς
1037 1348 1102 1400 ἄν
1147 1363 1230 1408 τις
1279 1347 1420 1399 είιτοι
1445 1347 1745 1414 δακτύλιον,
1778 1366 1876 1401 κα-

319 1439 428 1502 θὼς
474 1435 594 1492 εἷπε
647 1439 848 1508 Κύριος
897 1439 1030 1510 πρὸς
1081 1439 1322 1507 Μωσῆνο
1380 1442 1470 1492 καὶ
1509 1439 1786 1509 ἐπιθήσεις
1816 1440 1877 1492 τὸ

320 1531 526 1596 λογεῖον
558 1530 649 1582 ἐπὶ
680 1531 740 1580 τὸ
773 1529 964 1598 στῆθος
995 1529 1086 1580 τοῦ
1131 1528 1358 1598 Ἀαρὼν,
1395 1531 1488 1582 καὶ
1517 1531 1762 1599 ποιήσεις
1787 1530 1879 1582 δα-

319 1621 532 1674 κτύλιον
589 1620 845 1691 χρυσοῦν,
895 1621 987 1673 καί
1031 1621 1528 1690 συναρμολογήσεις
1576 1621 1733 1673 αὐτὸν
1781 1621 1874 1673 τοῦ

316 1714 544 1780 Λογείου
596 1716 706 1774 τοῖς
751 1713 999 1783 χείλεσιν,
1035 1713 1120 1780 ἐφ’
1153 1706 1197 1779 ᾧ
1251 1712 1318 1765 δι’
1372 1712 1535 1765 αὐτοῦ
1584 1713 1692 1766 τῶν
1745 1714 1876 1767 υἰῶν

319 1805 533 1873 Ἰσραὴλ
564 1803 973 1874 ἀπογράφεσθαι
1013 1803 1082 1856 τὰ
1121 1804 1378 1872 ὀνόματα.
1438 1805 1593 1865 Ποῑος
1630 1805 1684 1856 δέ
1720 1800 1872 1866 οὗτός

320 1895 467 1956 latr;
518 1894 590 1946 Τὸ
632 1896 1022 1964 πατριαρχικὸν
1071 1894 1480 1964 βουλλωτήριον,
1532 1897 1593 1946 τὸ
1625 1896 1772 1965 παρὰ
1800 1895 1875 1964 τῷ
1909 1880 1948 1934 Β

318 1985 507 2054 στήθει
556 1983 648 2036 τοῦ
696 1983 1105 2054 χαρτοφύλακος
1134 1984 1561 2056 ἀπῃωρημένον,
1595 1985 1668 2048 ὡς
1697 1985 1872 2049 εἴωθε,

316 2076 508 2144 δοχείῳ
538 2076 890 2145 καθεστηκότι
916 2076 1132 2143 λογικοῦ
1157 2077 1407 2129 παντοίου
1462 2077 1876 2146 σπουδάσματος

319 2166 479 2236 (Τοῖς
515 2167 622 2234 γὰρ
667 2166 856 2231 ἀξίοις,
903 2167 1056 2236 φησί,
1105 2166 1287 2219 δοτέον
1336 2167 1400 2219 τὰ
1439 2167 1760 2237 ἀξιώματα)
1807 2168 1874 2221 δι’

319 2249 380 2308 οὗ
417 2259 540 2318 τοὺς
572 2255 891 2326 ὀλοθρευτὰς
938 2256 1294 2325 ἀσφαλίζεται
1341 2257 1437 2309 σὺν
1471 2258 1724 2328 σφραγῖδι
1779 2259 1874 2310 καὶ

320 2347 520 2418 χάριτι,
547 2348 668 2409 τοὺς
698 2346 1051 2414 ἁμαρτωλοὺς
1085 2347 1399 2416 ἐπιστρέφει
1423 2347 1752 2415 σὺνγραφίδι
1782 2348 1874 2399 καί

319 2437 529 2505 μέλανι,
574 2439 698 2498 τοὺς
728 2439 1230 2507 καταπονουμένους
1261 2438 1518 2490 διεκδικεῖ
1547 2439 1642 2488 σὺν
1675 2438 1872 2507 βακτη-

321 2524 412 2596 ρίᾳ
451 2526 544 2576 καὶ
580 2525 823 2593 σύριγγι,
865 2528 956 2578 καὶ
993 2527 1116 2589 τοὺς
1155 2526 1338 2594 ἀξίους
1365 2527 1442 2599 τῷ
1469 2527 1735 2600 πνεύματι
1777 2547 1873 2601 χα-

323 2615 602 2686 ρισμάτων
661 2617 952 2687 ἰερατικῶν
1010 2617 1184 2684 ἀξιοῖο
1237 2622 1362 2682 τοὺς
1419 2621 1518 2689 μὲν
1577 2622 1732 2684 ἐκτὸς
1777 2623 1872 2676 τοῦ

317 2706 580 2775 βήματος,
642 2707 1041 2777 κληρικοποιῶν
1075 2725 1088 2738 ⁵
1153 2712 1278 2772 τοὺς
1331 2710 1386 2762 δὲ
1443 2711 1624 2776 ἐντὸς,
1669 2713 1872 2766 τελειο-

316 2795 508 2849 ποιῶν.
561 2797 657 2848 Διὰ
689 2797 876 2851 τούτου
908 2797 1002 2849 καὶ
1037 2798 1173 2849 κατὰ
1209 2800 1387 2852 πᾶσαν
1419 2799 1516 2868 τήν
1550 2801 1871 2872 οἰκουμένην

315 2886 502 2954 σχεδον
535 2888 902 2957 πατριαρχικὰ
931 2889 1344 2959 καταγράφεται
1383 2889 1474 2941 καὶ
1509 2888 1689 2942 δίδωσι
1717 2906 1872 2943 σταυο

313 2974 574 3041 ροπήγια,
625 2977 713 3028 καὶ
751 2976 956 3028 πολλῶν
1017 2979 1223 3031 πόλεων
1255 2979 1677 3048 ἐκκλησιαστικὰ
1713 2998 1874 3051 μετα-

309 3063 493 3134 τίθησι
527 3066 758 3136 κάρηνα,
797 3068 875 3130 εῖς
908 3071 1007 3138 τῆς
1039 3070 1258 3138 πρώτης
1281 3070 1521 3140 κεφαλῆς
1546 3071 1608 3124 τὸ
1640 3072 1870 3127 ἀνάκτο-

312 3172 426 3225 ρον.
445 3157 680 3209 Δίδονται
701 3157 785 3211 διὰ
814 3158 1002 3212 τούτου
1026 3159 1100 3230 τῷ
1131 3161 1497 3232 χαρτοφύλακι
1527 3162 1615 3215 καὶ
1646 3165 1700 3215 αἱ
1723 3164 1870 3227 κλεῖς
1894 3198 1939 3260 C

306 3249 412 3316 τῆς
442 3247 714 3317 βασιλείας
737 3250 842 3303 τῶν
870 3252 1130 3322 οὐρανῶν,
1187 3254 1262 3315 ὡς
1294 3253 1396 3306 ὑπὸ
1425 3254 1517 3306 τοῦ
1563 3255 1764 3324 Κυρίου
1792 3257 1869 3325 τῷ

311 3335 455 3408 φίλῳ
485 3339 670 3409 Πέτρῳ
697 3338 790 3392 καὶ
821 3341 1054 3409 μαθητῇ.
1087 3342 1222 3408 Φησὶ
1246 3343 1370 3412 γὰρ,
1395 3339 1502 3395 οἷον
1527 3343 1659 3412 πρὸς
1689 3344 1868 3411 αὐτὸν,

307 3429 336 3478 ὁ
372 3427 540 3494 μέγας
573 3429 882 3497 ἀρχιερεύςο
925 3431 989 3483 '0
1018 3431 1110 3484 ἐὰν
1137 3431 1302 3502 λύσῃς
1341 3432 1431 3483 ἐπὶ
1449 3435 1545 3502 τῆς
1572 3435 1696 3501 γῆς,
1719 3433 1871 3487 ἔσται

309 3515 600 3585 λελυμένον
627 3520 682 3568 ἐν
708 3523 818 3583 τοῖς
847 3520 1092 3590 οὐρανοῖς
1117 3537 1129 3552 °
1170 3524 1261 3575 καὶ
1291 3521 1318 3574 δ
1340 3522 1434 3576 ἐὰν
1464 3524 1631 3594 δήσῃς
1655 3525 1743 3576 ἐπὶ
1771 3525 1871 3594 τῆς

312 3605 436 3677 γῆς,
473 3607 622 3661 ἔσται
663 3609 944 3678 δεδεμένον
977 3612 1066 3664 καί
1100 3613 1158 3664 ἐν
1190 3614 1300 3674 τοῖς
1327 3613 1595 3683 οὐρανοῖς.
1660 3616 1770 3668 Καὶ
1811 3617 1870 3668 τὸ

313 3697 529 3751 πάντων
569 3699 898 3770 καινότερον,
933 3702 991 3754 ού
1039 3702 1196 3772 μόνον
1230 3695 1384 3766 οὗτος
1420 3704 1694 3773 τοσαύτης
1721 3705 1870 3771 ἐξου-

313 3786 434 3848 σίας
465 3787 760 3858 ἐπλούτησε
798 3791 1062 3860 χάρισμα,
1101 3791 1236 3846 ana:
1277 3793 1370 3846 καὶ
1397 3794 1444 3845 oi
1475 3793 1531 3858 ἐξ
1570 3792 1734 3847 αὐτοῦ
1770 3795 1869 3864 τὴν

308 3874 470 3948 χάριν
516 3879 720 3948 ταύτην
771 3879 1156 3950 λαμϐάνοντες.
1229 3881 1550 3950 Ἐπιτρέπει
1588 3883 1695 3953 γὰρ
1724 3883 1871 3952 ἰερα-

307 3967 523 4021 τεύουσι
565 3971 848 4038 μοναχοῖς,
898 3971 1198 4041 ἀνθρώπων
1259 3971 1507 4042 δέχεσθαι
1555 3973 1865 4042 λογισμοὺς,

307 4059 406 4114 καὶ
453 4060 802 4130 διαρρήσσειν
857 4061 1271 4132 ἁμαρτημάτων
1329 4065 1694 4134 χειρόγραφαο
1733 4065 1868 4134 ὅπερ

307 4150 492 4219 μόνοις
527 4151 846 4215 ἐπισκόποις
877 4151 985 4204 ἀπὸ
1020 4153 1114 4206 τοῦ
1158 4155 1421 4218 παναγίου
1459 4155 1666 4207 δέδοται
1697 4155 1866 4207 Πνεύ-

310 4255 500 4308 ματος.
565 4239 664 4292 Ἂν
701 4240 819 4308 ἴδῃς
869 4240 925 4293 δέ
958 4241 1145 4294 τοῦτον
1186 4243 1477 4305 συνοδικῶς
1521 4243 1867 4312 σχεδιάζοντα

303 4332 409 4382 ὅσα
443 4329 616 4383 λαλῶν
647 4331 869 4401 λαλήσει
899 4332 1123 4403 Μωσῆς,
1155 4333 1378 4385 κάκεῖνα
1409 4335 1700 4404 κρουνηδδν
1729 4335 1868 4390 ἀπο-

303 4426 725 4494 στοματίζοντα,
761 4428 860 4479 ὅσα
901 4427 1195 4495 νεφελώσει
1227 4429 1320 4480 καὶ
1354 4428 1615 4482 ύδατώσει
1648 4431 1744 4499 τῆς
1781 4446 1866 4483 κε·

302 4515 483 4585 φαλῆς
515 4518 546 4586 ή
589 4515 888 4586 ἀκρώρεια,
931 4518 991 4569 ού
1022 4518 1276 4585 ζητήσεις
1333 4519 1460 4571 ἰδεῖν
1515 4519 1721 4590 Ἀαρὼν
1748 4521 1864 4572 θεοο
1891 4545 1946 4606 D

301 4605 538 4676 γράφων
572 4606 796 4659 πλακῶν
832 4607 1242 4674 ἀπαγγέλλοντα
1282 4609 1532 4677 ῥήματα,
1594 4609 1713 4661 ούδέ
1758 4609 1868 4662 Βα-

304 4699 439 4768 ροὺχ
483 4694 800 4765 περιδεξίως
834 4697 1292 4766 ἀπογραφόμενον
1337 4699 1434 4766 τῆς
1489 4699 1748 4762 Ἰουδαίας
1771 4699 1868 4769 τὴν

303 4788 509 4841 ἅλωσιν
530 4805 543 4818 ο
596 4788 912 4859 ἁρκεσθήσῃ
942 4788 997 4840 δὲ
1042 4789 1150 4850 τοῖς
1181 4786 1319 4840 οὕτω
1344 4789 1731 4858 πραττομένοις
1765 4789 1868 4842 ὑπὸ

303 4877 400 4929 τοῦ
450 4879 906 4948 χαρτοφύλακος,
956 4877 1049 4930 καὶ
1087 4880 1508 4947 Δευτερονόμιον
1567 4879 1869 4949 συμπεραί-

299 4981 478 5017 νουσι.
511 4967 651 5035 Πρὸς
687 4965 893 5028 τούτοις
925 4965 1221 5035 θαύμασον,
1259 4965 1374 5028 πῶς
1399 4967 1506 5020 τῶν
1529 4966 1688 5022 θείων
1716 4969 1872 5021 κανό-

299 5066 414 5102 νων
450 5052 630 5119 μόνοις
659 5054 1090 5124 ἐκχωρησάντων
1111 5057 1222 5116 τοῖς
1263 5055 1319 5106 ἐν
1350 5054 1569 5107 πόλεσιν
1607 5057 1866 5125 ἀρχιερα-

299 5137 523 5190 τεύουσι
566 5140 662 5208 τὴν
707 5145 802 5192 τοῦ
835 5132 1105 5193 διδάσκειν
1131 5142 1220 5194 τὸν
1249 5141 1373 5193 λαὸν
1411 5145 1866 5212 σεμνοπρέπειαν,

299 5231 334 5281 ὁ
368 5230 712 5298 χαρτοφύλαξ
739 5231 833 5284 καὶ
881 5232 1036 5301 μόνος
1081 5235 1140 5284 τὸ
1183 5232 1451 5287 διδάσκειν
1487 5234 1868 5304 κατηχητικῶς

296 5319 396 5374 τὸν
445 5321 569 5374 λαὸν
623 5323 708 5374 ἐπ’
744 5323 1036 5393 ἐκκλησίας
1091 5323 1519 5394 ἀπεκληρώσατο
1565 5341 1580 5356 °
1621 5325 1737 5388 πῶς
1771 5325 1868 5387 τὰς

302 5413 709 5481 πατριαρχικὰς
742 5414 1058 5480 διαγνώσεις
1089 5415 1468 5484 καλλιγραφεῖ,
1504 5415 1597 5468 καὶ
1629 5415 1870 5483 ὑπογρα-

301 5502 435 5569 φαίς
462 5502 690 5566 οἰκείαις
739 5506 833 5556 καὶ
873 5507 1134 5574 σφραγῖσι
1187 5506 1551 5574 κατεμπεδοῖ·
1608 5507 1704 5558 καὶ
1752 5505 1868 5567 πῶς

300 5593 660 5663 δικαστηρίου
717 5595 949 5664 μεγάλου
996 5595 1337 5665 προκάθηται
1394 5598 1488 5649 καὶ
1549 5597 1868 5650 δικαιοδοτεῖ

302 5682 450 5735 κατὰ
483 5682 580 5750 μὲν
617 5683 818 5744 παντὸς
847 5682 1156 5750 ἀνθρώπου,
1190 5684 1289 5737 κᾶν
1323 5684 1438 5747 οἵας
1483 5684 1547 5737 ἂν
1573 5685 1656 5754 εἴη
1701 5683 1867 5755 τύχης

306 5772 405 5828 καὶ
437 5773 668 5841 φύσεως,
705 5775 832 5846 περὶ
887 5773 1350 5846 ἐκκλησιαστικῶν
1381 5775 1730 5845 ζητημάτων,
1773 5775 1866 5830 καὶ

1984 625 2187 690 carnis,
2231 625 2502 678 hominem
2561 626 2613 678 in
2683 627 2786 679 hoc
2819 637 2988 694 ccetu,
3044 628 3136 696 qui
3171 629 3478 696 egrediatur
3515 647 3542 683 ιι

1985 712 2122 767 facie
2175 728 2314 778 mea,
2372 732 2390 765 ι
2429 724 2481 769 et
2521 714 2854 784 ingrediatur
2884 727 3011 772 ante
3040 716 3231 772 faciem
3263 733 3472 786 eorum,
3494 731 3546 775 et

1984 805 2298 862 introducat
2322 823 2414 862 eos
2434 806 2501 860 ad
2529 823 2633 870 me,
2660 807 2976 862 et'abducat
3010 822 3104 864 eos
3133 823 3162 863 a
3193 824 3278 864 me
3305 827 3318 863 ε
3351 809 3548 879 quibus

1983 896 2167 962 dictis,
2220 912 2414 952 manus
2460 899 2508 952 ei
2549 913 2678 954 suas
2716 899 2961 968 imponit,
3014 907 3066 954 et
3101 899 3193 954 dat
3225 899 3273 953 ei
3323 901 3548 969 gloriam

1983 1003 2160 1054 suam,
2195 997 2252 1042 ut
2281 990 2502 1043 audiant
2525 1005 2646 1043 eum
2679 990 2775 1043 filii
2809 989 3043 1046 Israelis.
3077 990 3252 1046 Etiam
3291 992 3338 1046 ei
3373 992 3551 1061 porri-

1983 1078 2061 1149 git
2090 1080 2143 1132 in
2169 1095 2388 1134 manum
2421 1081 2681 1134 annulum
2721 1095 2944 1135 aureum
2969 1121 2984 1146 ,
3027 1083 3170 1136 sicut
3201 1091 3255 1136 et
3288 1081 3550 1136 Dominus

1984 1169 2049 1223 ad
2086 1169 2284 1225 Mosem
2307 1170 2442 1224 dixit
2469 1191 2481 1226 :
2516 1170 2580 1224 Et
2601 1171 2846 1240 impones
2869 1170 3154 1226 Rationale
3184 1186 3350 1240 super
3376 1173 3549 1226 Aaro-

1983 1257 2072 1313 nis
2111 1269 2326 1328 pectus,
2357 1268 2409 1314 et
2443 1260 2706 1314 annulum
2748 1259 2915 1316 facies
2951 1275 3204 1326 aureum,
3237 1269 3290 1315 et
3331 1275 3548 1315 accom-

1984 1352 2236 1406 modabis
2276 1366 2396 1406 eum
2427 1352 2595 1408 labris
2627 1352 2801 1422 ipsius
2833 1353 3156 1419 Rationatis,
3197 1362 3253 1406 ut
3295 1369 3387 1424 per
3423 1369 3545 1408 eum

1984 1441 2204 1494 nomina
2239 1441 2469 1496 filiorum
2503 1441 2719 1497 Israelis
2750 1444 3154 1498 describantur.
3210 1443 3275 1497 Et
3322 1446 3544 1513 quinam
3645 1435 3652 1446 ’

1984 1532 2030 1586 is
2058 1531 2182 1587 est?
2215 1531 2580 1587 Patriarcbale
2607 1534 2970 1599 bulloterium,
3008 1549 3106 1603 pro
3141 1549 3288 1588 more
3319 1550 3550 1603 suspen-

1983 1638 2102 1677 sum
2139 1627 2204 1676 ad
2232 1622 2544 1676 chartularii
2581 1633 2788 1692 pectus,
2819 1625 3220 1693 receptaculum
3246 1626 3411 1680 studii
3450 1627 3549 1680 du-

1982 1713 2279 1766 ctrinarum
2305 1714 2484 1768 omnis
2511 1715 2747 1782 generis,
2782 1715 2981 1784 (dignis
3009 1715 3176 1780 enim,
3207 1715 3347 1783 quod
3370 1716 3547 1782 aiunt,

1982 1805 2324 1858 concedenda
2361 1806 2838 1876 suntdignitates),
2855 1821 2962 1874 quo
2988 1809 3350 1861 internecivos
3375 1809 3547 1861 munit

1977 1910 2100 1948 cum
2127 1895 2304 1964 sigillo
2330 1903 2382 1951 et
2407 1897 2598 1965 gratia,
2635 1908 2950 1965 peccatores
2971 1899 3239 1953 convertit
3274 1915 3394 1952 cum
3421 1900 3545 1953 stilo

1976 1991 2029 2037 et
2067 1990 2372 2037 atramento
2402 2023 2416 2047 ,
2450 1990 2704 2051 gravatos
2740 1981 3119 2038 afﬂictionibus
3148 1983 3388 2036 defendit
3421 1998 3542 2036 cum

1976 2071 2170 2124 bacqu
2198 2080 2251 2125 et
2282 2071 2484 2134 fistula,
2527 2071 2719 2140 dignos
2757 2069 2992 2138 denique
3021 2071 3241 2140 spiritus
3263 2071 3423 2124 donis
3457 2085 3546 2124 sa-
3606 2110 3610 2114 -

1976 2159 2346 2213 cerdotalibus
2387 2159 2594 2214 aflicit:
2631 2159 2757 2213 dum
2819 2174 2916 2214 eos
2959 2159 3052 2229 qui
3117 2169 3269 2214 extra
3317 2161 3541 2229 gradum

1976 2250 2254 2304 constituti
2285 2258 2432 2316 sunt,
2471 2250 2702 2304 clericos
2735 2249 2862 2303 facit
2897 2269 2910 2312 ;
2945 2249 3114 2320 gradu
3158 2251 3535 2319 comprmhen-

1975 2355 2088 2403 sos,
2149 2340 2376 2408 perficit.
2441 2340 2554 2394 Hoc
2610 2341 2994 2408 patriarchalia
3053 2339 3315 2395 describit
3357 2350 3409 2395 et
3452 2341 3544 2396 dat

1977 2431 2324 2498 stauropegia
2357 2445 2452 2498 per
2483 2430 2798 2486 universum
2831 2445 2998 2500 prope
3027 2439 3293 2486 terrarum
3331 2432 3540 2493 orbem.

1974 2538 2038 2578 ac
2077 2523 2368 2576 multarum
2409 2523 2624 2577 urbium
2663 2523 3035 2578 ecclesiastica
3073 2525 3249 2593 capita
3287 2524 3544 2578 transfert

1974 2613 2040 2667 ad
2097 2613 2256 2684 primi
2309 2613 2502 2682 capitis
2557 2614 2783 2686 regiam.
2841 2613 2942 2668 Dat
2997 2617 3156 2669 etiam
3211 2616 3543 2670 chartulario

1973 2703 2280 2774 patriarcha
2334 2704 2511 2759 claves
2560 2703 2709 2774 regni
2762 2704 3045 2765 emtorum,
3092 2703 3248 2758 sicuii
3302 2719 3428 2758 caro
3467 2704 3541 2757 illi

1973 2795 2150 2859 Petro,
2202 2795 2487 2864 eidemque
2531 2793 2802 2864 discipulo
2855 2795 2990 2846 datae
3038 2803 3165 2846 sunt
3210 2809 3241 2846 a
3292 2793 3540 2851 Domino.

1972 2885 2184 2955 Quippe
2223 2885 2364 2941 sicut
2396 2885 2654 2938 Dominus
2692 2883 2758 2937 ad
2787 2885 2954 2950 hunc,
2989 2884 3059 2938 ita
3100 2900 3330 2953 magnus
3356 2885 3543 2954 ponti-

1971 2975 2059 3031 fex
2091 2976 2156 3030 ad
2196 2975 2349 3029 illum
2388 2993 2402 3030 :
2439 2971 2712 3044 Quidquid
2747 2976 2996 3040 solveris,
3043 2976 3239 3045 inquit,
3284 2977 3339 3030 in
3375 2985 3540 3043 terra,
3641 3003 3644 3006 ~

1971 3068 2205 3123 solutum
2233 3067 2336 3121 erit
2355 3068 2407 3120 in
2430 3067 2584 3121 omlis
2603 3086 2615 3120 :
2635 3073 2689 3120 et
2719 3067 2983 3136 quidquid
3014 3067 3265 3137 ligaveris
3288 3068 3341 3122 in
3371 3076 3537 3133 terra,

1971 3156 2196 3225 ligatum
2240 3158 2402 3210 etiam
2445 3157 2497 3208 in
2530 3155 2686 3209 caelis
2722 3156 2848 3210 erit.
2887 3155 2952 3210 Et
2989 3157 3134 3224 quod
3175 3155 3427 3225 inprimis
3459 3166 3542 3212 est

1972 3261 2192 3310 novum,
2220 3261 2326 3300 non
2357 3246 2532 3300 solum
2563 3245 2652 3299 hic
2672 3253 2834 3299 tanta:
2869 3246 3150 3314 potestatis
3181 3246 3380 3316 largam
3408 3261 3544 3300 con-

1973 3346 2190 3392 secutus
2223 3346 2304 3392 est
2335 3339 2563 3406 gratiam
2602 3359 2612 3392 :
2652 3351 2839 3390 verum
2874 3338 3036 3390 etiam
3073 3336 3160 3401 iis,
3193 3338 3283 3405 ‘qui
3313 3338 3538 3407 gratiam

1973 3427 2110 3482 hanc
2143 3427 2208 3481 ab
2236 3428 2354 3495 ipso
2383 3427 2679 3495 accipiunt.
2717 3425 2870 3480 Facit
2899 3427 3040 3480 enim
3068 3435 3390 3495 potestatem
3426 3441 3542 3478 mo-

1970 3519 2162 3573 nachis
2189 3520 2534 3574 sacerdotum
2569 3534 2770 3573 munus
2801 3518 3250 3588 suscipientibus,
3287 3518 3538 3572 audiendi

1969 3607 2210 3662 rationes
2244 3607 2550 3674 hominum,
2586 3617 2639 3661 et
2669 3616 3010 3676 peccatorum
3061 3608 3422 3676 chirographa
3454 3607 3540 3659 di-

1969 3695 2296 3764 scerpendi:
2345 3696 2488 3765 quod
2526 3697 2730 3765 alioqui
2777 3697 2910 3752 solis
2953 3697 3221 3766 episc0pis
3252 3711 3282 3750 a
3333 3695 3538 3766 Spiritu

1969 3792 2162 3838 sancto
2211 3799 2536 3839 concessum
2587 3794 2692 3838 est.
2745 3785 2900 3850 Quod
2951 3786 2995 3839 si
3063 3785 3248 3838 videas
3288 3784 3439 3838 illum
3483 3786 3538 3838 in

1968 3876 2176 3946 synodo
2217 3877 2352 3930 citra
2399 3876 2800 3932 meditationem
2816 3892 2877 3930 ea
2907 3875 3293 3946 proferentem,
3317 3891 3437 3948 quae
3457 3880 3537 3933 vel

1967 3966 2104 4034 ipse,
2155 3967 2201 4022 si
2253 3967 2540 4021 dicendum
2599 3967 2648 4021 ei
2709 3967 2868 4032 foret,
2930 3967 2988 4022 in
3042 3968 3277 4024 medium
3325 3969 3540 4024 afferret

1969 4055 2145 4110 Moses
2179 4074 2192 4110 :
2243 4057 2536 4126 itidemque
2565 4057 2724 4110 silani
2756 4057 2810 4111 in
2843 4071 3050 4111 morem
3082 4071 3147 4112 ea
3175 4059 3539 4128 pronuntian-

1969 4149 2097 4208 tem,
2126 4159 2248 4212 qua:
2293 4143 2486 4213 capitis
2524 4144 2628 4213 ipsi
2669 4154 2854 4199 vertex
2894 4145 3067 4200 instar
3099 4148 3262 4202 nubis
3296 4158 3350 4201 et
3385 4162 3539 4217 aqua!

1967 4232 2275 4302 suppeditat
2308 4250 2322 4287 :
2357 4233 2628 4288 Aaronem
2664 4233 2848 4289 videre
2878 4250 2986 4290 non
3019 4235 3376 4300 desiderabis,
3402 4239 3538 4291 scri-

1967 4335 2181 4394 ptarum
2218 4327 2484 4383 divinitus
2518 4327 2826 4382 tabularum
2865 4330 3025 4383 verba
3055 4329 3412 4396 recitantem;
3444 4345 3540 4386 ne-

1967 4431 2073 4485 que
2098 4415 2429 4482 Baruchum,
2474 4419 2661 4474 dextre
2699 4418 3068 4489 captivitatem
3097 4419 3297 4476 Judaeaa
3326 4420 3538 4476 descri-

1973 4505 2188 4561 bentem
2222 4525 2235 4559 :
2281 4508 2374 4562 sed
2400 4516 2690 4564 contentus
2717 4509 2786 4564 iis
2827 4510 2959 4577 eris,
3006 4525 3127 4580 quae
3167 4511 3536 4568 chartularius

1970 4605 2111 4666 aget,
2141 4613 2368 4667 quaeque
2404 4599 2881 4654 Deuteronomium
2914 4601 3224 4670 perficiunt.
3268 4602 3360 4656 Est
3397 4617 3536 4669 prae-

1966 4691 2114 4740 terea
2143 4685 2287 4755 quod
2317 4687 2554 4754 mireris,
2581 4703 2701 4742 cum
2737 4687 2880 4741 sacri
2915 4703 3152 4743 canones
3188 4690 3537 4758 permiserint

1969 4775 2184 4830 urbium
2223 4775 2484 4830 duntaxat
2516 4775 2866 4846 pontificibus
2894 4780 3276 4832 auctoritatem
3303 4779 3534 4834 docendi

1967 4867 2223 4935 p0pulnm
2259 4883 2273 4932 ;
2309 4867 2667 4922 nihilominus
2716 4869 3106 4922 cliartularium
3151 4871 3328 4924 solum
3384 4886 3536 4924 more

1969 4957 2302 5012 catechetico
2329 4959 2582 5028 populum
2615 4961 2670 5014 in
2692 4959 2926 5015 ecclesia
2947 4960 3178 5015 docendi
3204 4970 3526 5030 potestatem

1970 5051 2224 5104 sortitum
2268 5066 2433 5105 esse:
2482 5051 3159 5119 patriarchaleseumdem
3196 5054 3535 5123 cognitiones

1971 5137 2024 5190 in
2070 5137 2276 5191 litteras
2311 5137 2534 5203 referre,
2593 5140 2818 5209 suisque
2849 5142 3347 5210 subscriptionibus
3375 5152 3427 5198 et
3461 5143 3536 5196 si-

1970 5228 2112 5296 gillis
2162 5229 2377 5282 munire
2413 5247 2426 5281 :
2467 5245 2666 5299 magno
2707 5232 3003 5300 praesidere
3051 5234 3328 5298 tribunali,
3359 5245 3409 5288 et
3443 5233 3533 5303 jus

1969 5333 2090 5372 cum
2143 5319 2348 5372 homini
2395 5319 2570 5373 cuivis
2622 5321 2822 5386 dicere,
2882 5322 3261 5394 cujuscunque
3314 5327 3530 5381 tandem

1969 5409 2200 5463 fortunae
2229 5411 2296 5463 sit
2321 5423 2384 5463 ac
2406 5423 2589 5473 sexus,
2623 5411 2674 5464 in
2709 5411 3100 5480 quaestionibus
3125 5414 3528 5478 ecclesiasticis,

1968 5510 2021 5552 et
2050 5499 2214 5552 animi
2244 5499 2564 5552 delictorum
2599 5501 2975 5556 emendatione
3011 5510 3161 5556 :tum
3199 5517 3326 5556 vero
3350 5519 3531 5557 sacer-

1968 5591 2187 5645 dotibus
2229 5599 2284 5644 et
2318 5591 2621 5655 monachis,
2669 5591 2720 5644 in
2759 5591 2950 5660 quavis
2997 5593 3262 5646 criminali
3304 5602 3356 5646 et
3385 5595 3529 5648 civili

1969 5697 2156 5737 causa.
2193 5681 2400 5750 Quippe
2429 5683 2509 5736 vel
2549 5682 2616 5736 ad
2650 5682 2796 5752 ipsas
2826 5697 2998 5751 usque
3020 5682 3194 5738 Gades
3223 5683 3528 5751 jnrisdictio

1969 5774 2288 5829 chartularii
2322 5775 2577 5844 pertinet,
2618 5774 2661 5828 si
2693 5775 2812 5844 quis
2852 5775 3204 5839 concesserit,
3232 5783 3389 5828 etiam
3418 5775 3522 5834 illi:
