4020 6400
542 381 565 445 1
581 385 678 447 ίῖ43

1776 384 2050 443 THEOD.
2096 381 2563 445 BALSAMONIS

3574 374 3688 441 10H

532 511 748 580 aliquos
795 505 1062 572 habitare,
1125 504 1264 561 solio
1311 503 1915 572 ConstantinOpolitano
1958 506 2089 558 sub-

2195 504 2521 572 σφαλμάτων
2551 500 2794 570 ψυχικῶν
2827 495 3180 568 διορθώσεως.
3224 498 3376 552 Κατᾶ
3403 498 3456 553 δὲ
3492 500 3690 570 ἱερωμέ-

532 602 733 671 jectos.

2195 610 2301 645 νων
2351 591 2444 644 καὶ
2473 589 2739 658 μοναχῶν,
2793 591 2919 657 περὶ
2970 587 3147 655 πάσης
3200 586 3580 659 ἐγκληματικῆς
3618 595 3696 647 καὶ

530 687 878 760 χρηματικῆς
906 687 1213 747 αἱτιάσεως.
1250 684 1396 753 Περᾷ
1441 682 1547 753 γὰρ
1576 683 1668 735 καὶ
1699 683 1859 752 μέχρι
1899 681 2164 750 Γαδείρων
2197 679 2382 732 αὐτῶν
2409 680 2443 748 ή
2468 677 2794 730 δικαιοδοσία
2862 674 2954 729 τοῦ
3026 675 3439 744 χαρτοφύλακος.
3507 680 3549 731 εί
3601 678 3697 751 δοίη

530 796 611 843 τις
643 774 862 830 κάκείσέ
899 790 1049 836 τινας
1075 773 1338 825 κατοικεῖν
1368 772 1763 839 ὑποκειμένους
1791 770 1868 840 τῷ
1912 770 2082 840 θρόνῳ
2119 770 2217 839 τῆς
2242 769 2881 831 Κωνσταντινουπόλεως.

602 866 721 922 Jam
778 880 927 930 vero,
989 864 1129 931 quod
1189 863 1443 932 pra'sidet
1498 858 1612 932 ipse
1669 862 1954 916 duodecim
1993 875 2089 930 pa-

533 957 917 1012 triarehalihus
988 953 1239 1018 notariis,
1318 967 1434 1006 eam
1476 968 1541 1007 ex
1590 956 1715 1009 sede
1765 953 1923 1006 ﬁdem
1974 953 2078 1005 ha-

535 1047 807 1108 hentibus,
880 1059 1041 1111 quam
1103 1043 1308 1096 habent
1366 1043 1649 1097 duodecim
1711 1043 1906 1096 notarii
1979 1050 2087 1095 tam

536 1135 675 1197 Veli,
722 1151 881 1204 quam
914 1134 1267 1202 llippozlromi
1321 1132 1569 1202 judicum
1634 1134 1813 1204 (mitto
1856 1149 2090 1202 namque

538 1228 741 1289 dicere,
816 1226 896 1276 his
948 1223 1277 1276 duodecim:
1335 1238 1456 1276 eum
1510 1221 1940 1290 patriarcharum
1986 1222 2087 1276 bu-

540 1319 772 1370 manitns
804 1326 854 1369 et
918 1316 1211 1368 submissio
1267 1313 1505 1383 pertrahi
1565 1330 1622 1368 se
1679 1329 1785 1366 non
1855 1314 2090 1384 patiatur

533 1413 595 1460 :nl
648 1407 997 1460 evertendum
1049 1422 1133 1470 ea,
1182 1424 1299 1475 qua:
1344 1405 1645 1473 antiquitus
1692 1407 1745 1458 in
1782 1422 1880 1458 usu
1911 1405 2088 1473 sunt),

533 1511 595 1549 ac
628 1498 833 1547 ratione
877 1494 1173 1557 consimili,
1225 1494 1365 1560 quod
1401 1494 1652 1560 praesidet
1715 1501 1844 1546 ante
1892 1502 2088 1547 metro-

534 1588 805 1653 politanos
840 1586 890 1638 in
927 1583 1282 1637 electionibus
1313 1584 1687 1651 episcoporum
1721 1583 1787 1635 ad
1836 1594 2091 1637 vacantes

542 1676 825 1737 ecclesias,
876 1684 921 1725 et
959 1674 1011 1725 in
1040 1673 1103 1725 iis
1133 1672 1362 1741 publicis
1392 1672 1797 1739 congressibus,
1828 1671 1918 1740 qui
1942 1681 2091 1725 extra

2259 862 2332 915 Τὸ
2358 862 2414 915 δὲ
2446 861 2824 932 προκαθῆσθαι
2870 858 3058 912 τοῦτον
3088 857 3380 920 δωδεκάδος
3413 875 3702 929 πατριαρχι-

2189 954 2300 1008 κῶν
2332 955 2595 1023 νοταρίων
2624 954 2974 1006 αύτοπιστίαν
3002 953 3253 1022 ἐχόντων,
3291 951 3405 1002 οἷαν
3433 951 3539 1020 ἔχει
3567 951 3701 1019 καὶὴ

2189 1046 2424 1109 δωδεκὰς
2449 1046 2555 1100 τῶν
2582 1045 2674 1098 τοῦ
2699 1044 2868 1113 Βήλου
2899 1044 2993 1096 καὶ
3012 1043 3105 1097 τοῦ
3139 1041 3484 1109 Ἰπποδρόμου
3531 1041 3706 1109 κριτῶν

2191 1137 2288 1207 (ὲῶ
2315 1138 2423 1208 γὰρ
2454 1139 2626 1190 εἰπεῖν
2650 1136 2944 1197 δωδεκάδος
2970 1135 3182 1204 διπλῆς,
3207 1135 3288 1186 ὅτι
3320 1132 3427 1185 τῶν
3466 1148 3702 1202 πατριαρ-

2189 1229 2298 1299 χῶν
2342 1231 2375 1300 ή
2407 1229 2788 1299 φιλανθρωπία
2812 1230 2905 1281 καὶ
2949 1225 3354 1293 συγκατάὸασις
3383 1225 3475 1293 οὐχ
3517 1222 3710 1275 ἕλκεται

2190 1322 2324 1389 πρὸς
2356 1321 2635 1390 ἀναίρεσιν
2662 1319 2771 1372 τῶν
2800 1318 3205 1386 νενομισμένων
3243 1311 3540 1381 ἀνέκαθεν),
3560 1312 3712 1364 ώσαύ·

2191 1429 2296 1473 τως
2324 1412 2421 1464 καὶ
2451 1411 2510 1463 τὸ
2541 1408 2919 1481 προκαθῆσθαι
2952 1407 3061 1460 τῶν
3092 1403 3495 1476 μητροπολιτῶν
3536 1404 3588 1455 ἐν
3612 1404 3710 1464 ταῖς

2190 1497 2391 1567 ψήφοις
2440 1496 2549 1549 τῶν
2604 1495 2951 1565 χηρευουσῶν
3024 1494 3342 1560 ἁγιωτάτων
3420 1490 3708 1557 ἐκκλησιῶν,

2192 1591 2286 1644 καὶ
2315 1593 2372 1642 ὲν
2424 1593 2545 1651 ταῖς
2595 1587 2794 1655 ἔξωθεν
2872 1587 2964 1640 τοῦ
3028 1585 3426 1656 πατριαρχικοῦ
3496 1581 3707 1651 βήματος

2193 1679 2505 1749 γινομέναις
2534 1680 2736 1741 κοιναῖς
2765 1677 3158 1743 συνελεύσεσιν,
3196 1675 3331 1728 ἀλλὰ
3364 1673 3467 1743 μὴν
3493 1674 3580 1723 καὶ
3607 1672 3708 1735 ἑορ-

536 1765 899 1835 patriarchale
930 1764 1168 1817 tribunal
1206 1764 1362 1828 ﬁunt,
1393 1766 1501 1817 imo
1545 1763 1707 1816 etiam
1753 1764 1807 1816 in
1827 1763 2086 1817 festorum

2195 1771 2436 1840 τασίμοις
2465 1769 2760 1840 πανδήμοις
2816 1769 3058 1831 τελεταῖς
3100 1785 3159 1820 τε
3190 1768 3286 1822 καὶ
3339 1762 3704 1835 πανηγύρεσιν,

534 1857 765 1925 publicis
808 1855 1133 1910 caerimoniis
1180 1864 1340 1923 atque
1371 1854 1746 1917 conventibus,
1777 1868 1882 1906 non
1915 1854 2087 1906 solum

535 1947 683 2015 ipsas
722 1948 861 2000 intra
894 1957 1079 2016 partes
1143 1946 1406 2009 ecclesizc,
1460 1960 1646 1999 verum
1701 1944 1863 1997 etiam
1899 1943 2089 2010 quovis

534 2040 589 2092 in
651 2040 791 2102 loco,
836 2039 978 2106 quod
1022 2040 1153 2093 nulli
1208 2052 1535 2092 concessum
1582 2044 1664 2089 est
1693 2037 1939 2100 diacono,
1963 2052 2089 2104 pro—

534 2144 718 2200 pterea
759 2134 898 2202 quod
941 2132 1159 2186 disertis
1196 2131 1376 2185 verbis
1412 2144 1441 2183 a
1493 2144 1624 2181 xvm
1654 2142 1859 2181 canOne
1889 2136 2089 2180 sanetae

536 2232 597 2271 ac
624 2218 944 2273 universalis
980 2217 1166 2287 primre
1199 2216 1391 2287 synodi
1436 2213 1819 2283 prohibeatur;
1854 2228 2087 2283 quonam

534 2325 719 2375 quaeso
748 2312 979 2375 referes,
1015 2310 1226 2363 auditor
1251 2305 1705 2378 prudentissime?
1731 2304 1962 2360 Omnino
2012 2305 2090 2358 fa-

538 2400 740 2454 teberis
777 2400 967 2454 horum
1022 2403 1263 2453 omnium
1335 2406 1657 2468 potestatem
1722 2397 1770 2450 ei
1836 2397 2087 2451 tributam

535 2492 1007 2561 propterea,quod
1038 2492 1377 2543 existimetur
1425 2504 1546 2543 esse
1596 2505 1678 2550 os,
1711 2497 1763 2541 et
1815 2489 1988 2553 labra,
2039 2498 2090 2542 et

538 2594 732 2633 manus
787 2579 1020 2648 quodam
1097 2579 1257 2632 modo
1331 2579 1673 2647 patriarcha).
1736 2577 1946 2645 Abripit
2006 2592 2090 2631 me

537 2669 797 2739 proclivis
838 2667 1303 2737 impetusanimi,
1365 2674 1424 2721 ut
1482 2669 1682 2730 dicam,
1733 2675 1784 2719 ιιι
1840 2675 2088 2721 accurate

536 2762 824 2827 declarent,
868 2775 1028 2828 quam
1059 2759 1127 2812 ob
1177 2774 1395 2813 causam
1448 2774 1607 2827 supra
1649 2769 1874 2813 caeteros
1899 2759 2088 2828 prasi-

536 2847 633 2902 des
659 2849 806 2902 solus
858 2847 1221 2900 chartularius
1262 2847 1480 2901 ordines
1522 2847 1921 2901 ecclesiasticos
1979 2861 2090 2899 ma-

535 2938 671 3009 joris
734 2939 1079 2993 auctoritatis
1126 2953 1292 2993 causa
1335 2940 1578 3007 geminos
1628 2938 1845 3004 habeat,
1880 2938 2088 3008 episco-

540 3030 821 3097 pianornm
862 3030 1131 3094 videlicet,
1155 3044 1216 3083 ac
1246 3029 1576 3085 secreticoru
1595 3045 1665 3083 m.
1704 3028 1806 3082 Sed
1834 3029 2086 3096 quoniam

2195 1865 2253 1915 οὐ
2288 1864 2446 1933 μόνον
2476 1863 2625 1925 ἐντὸς
2670 1861 2778 1915 τῶν
2820 1861 2918 1931 τῆς
2971 1861 3262 1929 ἐκκλησίας
3300 1857 3492 1928 μερῶν,
3523 1853 3625 1908 ἀλλ’
3664 1853 3710 1903 ὲν

2194 1956 2343 2024 τόπῳ
2378 1957 2561 2019 παντὶ,
2620 1955 2754 2024 ὅπερ
2801 1953 2976 2006 οὐδενὶ
3025 1952 3258 2023 διακόνῳ
3302 1947 3710 2018 πεφιλοτίμηται,

2195 2045 2280 2097 διὰ
2313 2045 2371 2097 τὸ
2398 2044 2579 2113 ῥητῶς
2626 2042 2731 2096 ὑπὸ
2775 2042 2870 2095 τοῦ
2904 2040 2972 2112 ιη’
3011 2041 3232 2103 κανόνος
3291 2039 3389 2108 τῆς
3440 2035 3588 2104 ἁγίας
3636 2033 3713 2084 καὶ

2195 2134 2576 2203 οἱκουμενικῆς
2597 2135 2818 2204 πρώτης
2841 2131 3032 2186 σποδοῦ
3054 2130 3380 2194 κωλύεσθαι,
3412 2126 3508 2179 ποῦ
3528 2124 3714 2194 θήσεις,

2195 2229 2440 2298 ἀκροατὰ
2510 2226 2880 2290 συνετώτατε;
2936 2225 3162 2285 Πάντως
3217 2223 3283 2275 ἂν
3327 2221 3495 2280 είποις
3538 2212 3713 2266 τούτων

2195 2320 2413 2372 πάντων
2442 2319 2659 2388 δοθῆναι
2687 2317 2782 2386 τὴν
2832 2316 3078 2381 ἐξουσίαν
3128 2313 3302 2383 αὐτῷ,
3335 2308 3421 2363 διὰ
3446 2307 3503 2359 τὸ
3530 2301 3714 2370 λογίζε-

2197 2410 2319 2463 σθαι
2349 2408 2543 2478 στόμα,
2573 2409 2665 2461 καὶ
2697 2404 2872 2478 χείλη,
2895 2407 2989 2459 καὶ
3032 2407 3221 2475 χεῖρας
3255 2402 3449 2456 ὡσανεὶ
3483 2407 3717 2463 πατριαρ·

2194 2500 2374 2572 χικάς.
2408 2499 2596 2552 Ἕλκει
2629 2516 2697 2569 με
2740 2498 2801 2551 τὸ
2828 2497 3105 2567 πρόθυμον
3128 2496 3303 2547 εἰπεῖν
3326 2491 3420 2544 καὶ
3443 2481 3711 2572 ὲπεξεργάξ

2198 2569 2417 2654 σασθαι,
2469 2591 2611 2652 τίνος
2642 2588 2800 2659 χάριν
2835 2585 2985 2656 παρά
3022 2586 3146 2647 τοὺς
3182 2586 3375 2644 ἄλλους
3410 2569 3716 2645 προκαθημέ-

2193 2700 2316 2744 νους
2350 2684 2378 2734 ό
2427 2678 2773 2752 χαρτοφύλαξ
2815 2679 2909 2731 καὶ
2945 2676 3104 2746 μόνος
3130 2676 3328 2735 διττοῖς
3372 2670 3717 2752 ἐκκλησιαστι-

2195 2774 2311 2835 κοῖς
2353 2750 2711 2841 μεγαλύνεται
2745 2768 3037 2835 τάγμασιν,
3076 2762 3511 2821 ὲπισκοπειανοῖς
3544 2750 3714 2824 δηλαδὴ

2196 2866 2292 2919 καὶ
2322 2865 2681 2933 σεκρετικοίς.
2716 2860 2839 2912 ’Ότι
2861 2857 2918 2910 δὲ
2947 2857 3047 2924 τῆς
3078 2855 3282 2908 τούτων
3311 2850 3566 2920 εὑρέσεως
3594 2843 3710 2895 ὐπο-

2196 2956 2373 3025 6ἀθρα
2428 2970 2516 3016 τις
2572 2952 2841 3021 τιμήεσσα
2890 2947 3196 3017 πρόκειται,
3253 2943 3347 2996 καὶ
3393 2939 3452 2993 τὸ
3513 2935 3714 3025 πρᾶγμα

2195 3021 2501 3116 παρακαλεί
2553 3044 2647 3096 καὶ
2690 3042 2891 3109 ταύτην
2935 3031 3495 3108 ἀργυρογνώμονῆσαι
3527 3025 3607 3078 διὰ
3634 3021 3716 3116 τήν

538 3120 906 3176 institutionis
957 3121 1150 3172 horum
1188 3120 1402 3189 insigne
1446 3121 1716 3188 quoddam
1771 3120 2089 3173 fundamen-

2195 3111 2291 3211 τῆς
2318 3138 2570 3206 ἀληθείας
2597 3135 2961 3204 παράστασιν,
3008 3127 3357 3198 ἀναμεινάτω
3543 3111 3716 3211 Δμικρὸν

544 3220 659 3263 tum
693 3219 795 3275 est,
844 3226 907 3264 ac
947 3228 1034 3265 res
1098 3212 1211 3279 ipsa
1246 3212 1502 3280 postulat,
1533 3213 1632 3265 hoc
1668 3213 1839 3279 ipsum
1881 3228 2094 3280 quoque

546 3303 795 3356 veritatis
856 3302 1171 3356 exhibendae
1211 3316 1375 3357 causa
1430 3302 1726 3356 examinari
1779 3302 2096 3370 :paulisper

547 3393 863 3446 diﬁeramus
907 3408 1025 3447 eam
1085 3393 1411 3454 orationem,
1478 3405 1585 3459 qua
1638 3391 1979 3459 supradictos
2041 3391 2094 3445 in

543 3480 763 3535 ordines
827 3481 1222 3550 disquiremus,
1268 3496 1331 3536 ac
1394 3480 1680 3546 dicamus;
1743 3481 2095 3549 quamobrem

545 3580 737 3641 przeter
768 3573 841 3636 id,
873 3573 1012 3641 quod
1038 3573 1208 3627 sacris
1224 3571 1525 3627 cauonibus
1558 3570 1892 3636 continetur,
1938 3571 2096 3625 char-

542 3662 775 3716 tularius
822 3662 1176 3716 diaconorum
1233 3661 1287 3714 in
1326 3675 1553 3714 numero
1603 3661 1935 3726 consistens,
1970 3668 2096 3716 ante

543 3753 827 3822 pontiﬁces
852 3754 1055 3807 sedeat.
1107 3749 1231 3805 Haec
1277 3751 1597 3821 pervuigata
1649 3751 1881 3820 quaestio
1926 3752 2096 3806 multa

542 3844 775 3898 diversis
821 3843 1165 3912 temporibus
1214 3842 1473 3896 excitavit
1526 3842 1811 3907 scandala,
1842 3844 2097 3911 varieque

540 3932 842 4002 disceptata
898 3934 999 3987 fuit
1059 3934 1199 3986 inter
1247 3932 1632 3987 ehartularium
1705 3939 1758 3987 et
1816 3932 2096 4001 pontiﬁces

544 4024 665 4076 solii
692 4021 1303 4091 Constantinopolitani.
1330 4022 1573 4091 Cumque
1601 4021 1840 4092 cognitio
1869 4021 2097 4089 patriar-

540 4114 734 4173 chalis,
760 4114 1107 4183 pontilicihus
1128 4112 1343 4179 favens,
1366 4114 1573 4169 eisdem
1603 4113 1782 4168 obiter
1805 4112 2095 4179 arrideret,

543 4205 612 4255 oh
640 4204 863 4259 indicati
891 4206 1144 4274 superius
1172 4206 1399 4260 canonis
1430 4206 1756 4259 sententiam
1788 4223 1799 4256 :
1827 4205 2094 4273 prolatum

541 4304 622 4347 est
650 4294 884 4347 edictum
917 4296 1208 4350 clarissimi
1227 4296 1507 4365 principis,
1523 4295 1727 4348 domini
1745 4295 1916 4349 Alexii
1937 4295 2098 4348 Com-

542 4388 689 4447 nt-ni,
716 4401 820 4454 quo
852 4385 965 4440 haec
988 4386 1054 4440 ad
1087 4388 1312 4443 verbum
1343 4386 1695 4441 continentur
1724 4402 1737 4437 :

620 4496 638 4528 ι
675 4475 1041 4533 Ecclesiastici
1072 4478 1180 4549 (62)
1219 4476 1400 4533 decori
1443 4488 1629 4529 curam
1659 4472 1915 4540 majestas
1973 4486 2092 4527 mea
2125 4479 2170 4535 D

543 4582 763 4635 gerens,
805 4579 859 4624 et
919 4584 1042 4623 cum
1083 4571 1138 4622 in
1201 4567 1349 4622 omni
1383 4565 1527 4621 civili
1587 4572 1732 4619 statu
1762 4562 1964 4617 bonum
2006 4578 2099 4618 or-

545 4656 730 4711 dinem
760 4660 1064 4728 requirens,
1096 4666 1209 4712 tum
1234 4657 1288 4711 in
1330 4656 1429 4710 hoc
1454 4654 1731 4709 studiosus
1757 4654 2099 4721 incumbens,

546 4760 606 4803 ut
655 4750 704 4804 is
759 4750 929 4821 magis
976 4751 1139 4804 etiam
1192 4747 1363 4803 sacris
1417 4747 1470 4801 in
1535 4745 1698 4801 rebus
1739 4745 2100 4810 observetur;

547 4842 833 4912 privilegia
885 4847 1079 4911 cuique
1126 4840 1391 4910 graduum
1440 4838 1940 4895 ecclesiasticorum
1985 4838 2098 4907 jam

546 4932 676 4986 olim
709 4933 931 4996 tributa,
965 4947 1198 5001 eumque
1247 4936 1471 4996 statum,
1511 4930 1605 5000 qui
1641 4930 1906 4984 hactenus
1938 4929 1995 4983 in
2016 4928 2097 4983 eis

548 5022 743 5092 viguit,
785 5024 948 5077 etiam
1001 5023 1260 5091 deinceps
1282 5021 1673 5076 immutabilem
1713 5020 2011 5076 subsistere
2036 5034 2099 5075 ac

549 5129 870 5186 permanere
901 5116 1075 5185 cupit,
1129 5121 1182 5168 et
1234 5128 1445 5183 aequum
1491 5120 1700 5180 censet,
1760 5112 2099 5169 sanctissime

547 5203 785 5265 domine,
854 5203 1001 5258 velut
1058 5218 1088 5256 a
1144 5190 1224 5258 tot
1279 5204 1437 5258 annis
1483 5213 1782 5273 acceptum,
1831 5212 1885 5256 et
1937 5202 2100 5269 longo

544 5292 655 5362 jam
687 5290 863 5360 spatio
892 5293 1147 5360 temporis
1203 5295 1570 5358 observatum,
1636 5303 1687 5346 et
1733 5292 2003 5362 perpetuis
2032 5292 2099 5348 ab

552 5399 661 5439 uno
693 5392 935 5454 tempore
966 5387 1020 5440 in
1080 5386 1226 5441 aliud
1286 5388 1759 5457 progressionibus
1820 5387 2101 5456 hucusque

549 5474 689 5533 citra
750 5477 1104 5533 mutationem
1150 5482 1409 5549 praeclare
1455 5480 1841 5534 conﬁrmatum
1894 5493 1957 5532 ac
1990 5488 2103 5532 sta-

2196 3208 2404 3296 όλόγος
2459 3228 2555 3297 τὴν
2594 3226 2701 3277 τῶν
2763 3222 3035 3293 ῥηθέντων
3089 3218 3384 3286 ταγμάτων
3435 3208 3716 3297 συζήτησιγ.

2197 3322 2290 3373 καὶ
2316 3290 2526 3388 ῥητέον,
2558 3315 2701 3377 τίνος
2736 3290 2893 3384 χάριν
2925 3311 3076 3380 παρά
3105 3310 3207 3380 τὴν
3245 3307 3350 3360 τῶν
3393 3301 3544 3356 θείων
3580 3290 3717 3388 κανό-

2197 3382 2652 3481 νωνγπερίληψιν,
2703 3382 2767 3459 ἐν
2812 3382 3079 3465 διακόνοις
3110 3403 3137 3454 ὁ
3166 3382 3718 3481 χαρτοιρύλαξᾼταττό·

2200 3518 2379 3574 μενος,
2413 3478 2560 3553 Ἵτῶν
2611 3494 2911 3567 ἀρχιερέων
2979 3490 3349 3561 προκάθηται.
3406 3484 3476 3536 Th
3529 3478 3721 3547 ζήτημα

2193 3593 2350 3647 τοῦτο
2375 3592 2434 3644 τὸ
2453 3588 2885 3659 πολυθρύλλητον
2924 3584 3088 3639 πολλὰ
3121 3581 3271 3635 κατά
3315 3574 3592 3645 διαφόρους
3622 3577 3722 3659 και-

2198 3685 2323 3755 ροὺς
2350 3683 2607 3754 ἀνήγειρε
2627 3651 2935 3741 σκάνδαλα,
2969 3676 3061 3729 καὶ
3093 3673 3307 3743 μεγάλη
3339 3666 3524 3722 τούτου
3550 3651 3722 3755 κατεξ-

2195 3751 2378 3836 έτασις
2429 3751 2619 3842 γέγονε
2668 3770 2831 3840 μέσον
2890 3767 2986 3821 τοῦ
3054 3763 3469 3835 χαρτοφύλακος
3508 3751 3597 3842 καλἸ
3631 3751 3721 3798 τῶν

2196 3839 2637 3936 ἀρχιερέωντοῦ
2672 3839 2887 3930 θρόνου
2946 3856 3044 3926 τῆς
3104 3839 3719 3936 Κωνσταντινονπόλεως-

2340 3930 2480 4024 τάχα
2517 3950 2808 4022 μειδιώσης
2830 3944 3141 4018 ἀκροθιγῶς
3163 3945 3265 4012 τῆς
3285 3940 3421 4008 ὑπὲρ
3447 3934 3551 3988 τῶν

2198 4047 2336 4118 ρέων
2393 4018 2796 4114 πἀτριαρχικῆς
2827 4039 3170 4108 διαγνώσεως
3200 4035 3292 4090 διὰ
3320 4033 3411 4086 τὸν
3437 4027 3528 4118 τοῦ
3556 4018 3722 4118 ῥηθξνα

2194 4107 2283 4197 τος
2311 4107 2565 4200 ἀνωτέρω
2590 4107 2813 4190 κανόνος
2839 4107 3150 4199 περίληψιν,
3178 4117 3550 4196 προεκομίσθη
3577 4107 3724 4205 τυρόεις

2193 4242 2381 4294 ταγμα
2420 4222 2514 4276 τοῦ
2565 4221 2809 4292 ἀοιδίμου
2849 4219 3131 4289 βασιλέως,
3181 4214 3352 4284 κυροῦ
3398 4206 3620 4273 Ἀλεξίου
3651 4218 3725 4252 τέ·

2196 4314 2504 4386 Κομνηνοῦ,
2524 4315 2649 4368 τάδε
2678 4311 2816 4365 κατά
2859 4311 3007 4381 ῥῆμα
3033 4306 3403 4371 διαλαμϐάνον
3434 4316 3449 4331 ⁶
3708 4383 3757 4427 ἡ

2276 4511 2294 4543 ι
2347 4490 2410 4542 Ἢ
2437 4488 2683 4560 βασιλεία
2713 4503 2815 4556 μου
2846 4486 2943 4557 τῆς
2972 4478 3436 4554 ἐκκλησιαστικῆς
3460 4464 3725 4560 εὐκοσμίας

2198 4550 2579 4653 φροντίζόυσα,
2643 4550 2739 4632 καλ.
2793 4577 2855 4630 τὸ
2898 4550 3165 4629 εὔτακτον
3203 4572 3299 4626 καὶ
3357 4571 3412 4620 ὲν
3443 4560 3605 4653 παντὶἶ
3648 4550 3727 4653 μὲν

2199 4672 2435 4742 ζητοῦσα
2485 4670 2562 4739 τῷ
2619 4668 2996 4738 πολιτεύματι,
3051 4664 3309 4718 ὲπιπλέον
3342 4660 3398 4712 δὲ
3437 4657 3546 4716 τοῖς
3586 4645 3725 4742 θείοις

2196 4725 2354 4815 τούτο
2404 4725 2857 4827 ὲμπόλιτεύεσθαι
2904 4725 2994 4806 διά
3061 4750 3300 4820 σπουδῆς
3359 4741 3626 4809 τιθεμένη,
3673 4725 3728 4830 ξά

2200 4848 2440 4921 ἀρχῆθεν
2494 4844 2947 4914 ἀπονενεμημένα
3025 4841 3299 4911 προνόμια.
3353 4835 3563 4897 ἑκάστῳ
3596 4834 3726 4923 Δτων

2200 4917 2670 5009 ἐκκλησιαστικῶν
2724 4935 2968 5006 βαθμῶν,
3033 4934 3128 4986 καὶ
3166 4931 3266 5001 τὴν
3301 4928 3431 4999 ἄχρι
3476 4923 3565 4976 καὶ
3593 4917 3729 5009 δεῦρξ>

2201 5030 2646 5098 ἐπικρατήσασαν
2695 5026 2753 5080 ὲν
2803 5025 3011 5086 τούτοις
3075 5024 3435 5079 κατάστασιν,
3493 5009 3630 5098 κατᾷ
3678 5000 3729 5051 τδ

2201 5095 2556 5173 ἀναλλοίωτον
2597 5119 2691 5170 καὶ
2741 5117 2820 5180 είς
2864 5116 2924 5168 τὸ
2983 5115 3130 5184 ἑξῆς
3157 5113 3301 5165 εἶναι
3360 5107 3454 5162 καὶ⁸
3483 5095 3729 5184 διαμένειγ

2204 5209 2451 5281 βούλεταί
2474 5226 2535 5261 τε
2564 5209 2659 5262 καὶ
2685 5207 2912 5270 εὐδοκεῖ,
2950 5205 3219 5273 ἁγιώτατε
3263 5201 3517 5255 δέσποτα,
3547 5191 3616 5248 ὡς
3650 5178 3728 5277 κα)

2205 5299 2632 5371 παραδεχθείσαν
2676 5298 2765 5351 διὰ
2808 5296 3075 5349 τοσούτων
3105 5293 3262 5355 ἑτῶν,
3300 5291 3396 5344 καὶ
3441 5286 3515 5354 τῷ
3552 5288 3728 5375 ’μακρξιξ

2204 5393 2380 5462 χρόνῳ
2408 5389 2966 5462 ἐμπολιτευσαμένην,
3020 5388 3113 5439 καὶ
3173 5387 3293 5445 ταῖς
3333 5379 3426 5433 ἀπ’
3485 5372 3727 5462 ἄλλοᾼυιεις

2207 5454 2365 5531 mox;
2391 5454 2531 5530 κατὰ
2560 5460 2621 5529 σέδ
2652 5454 3042 5541 ἀνεξάλλακτον
3073 5473 3175 5536 ιως
3202 5468 3298 5523 τοῦ
3336 5466 3430 5523 νῦν
3456 5454 3728 5535 μεταῦτιλσε’

2036 5650 2267 5713 NOTAE.

627 5748 739 5820 (6‘2)
768 5747 896 5802 Vide
928 5750 1191 5807 novellam
1224 5765 1255 5803 ι
1280 5749 1452 5804 Alexii
1477 5751 1763 5807 Comneni.
