4020 6416
404 399 538 465 1043

1845 404 2254 466 MEDITATA.

3464 405 3602 471 1016

399 548 483 584 σιν
506 526 880 596 ἑπικριθεῖσαν
913 531 1001 578 καί
1051 519 1417 588 βεϐαωθεῖσαν
1460 519 1657 582 καλῶς.
1703 518 1854 572 Ἑπεὶ
1886 515 1942 569 δὲ

2055 513 2284 569 bilitum.
2340 511 2476 578 Quia
2522 526 2649 568 vero
2695 527 2840 568 nunc
2886 513 3144 583 majestas
3197 533 3311 574 mea
3382 520 3593 589 didicit,

401 623 492 677 νῦν
529 622 561 691 ἡ
592 617 832 690 βασιλεία
865 633 964 686 μου
999 614 1182 684 μάθοι,
1213 614 1290 677 ὥς
1323 628 1466 675 τινες
1499 611 1606 664 τῶν
1649 609 1945 680 ἀρχιερέων

400 708 959 781 ἀντιφιλοτιμούμενοι
985 705 1279 776 πειρῶνται
1308 704 1369 757 τὸ
1400 702 1492 756 τοῦ
1535 699 1946 772 χαρτοφύλακος

400 798 728 853 ύποϐιϐάσαι
750 796 1065 866 προνόμιον,
1094 794 1188 847 καὶ
1219 794 1451 856 κανόνας
1479 793 1559 854 είς
1604 789 1766 862 μέσον
1810 805 1945 859 προ-

401 891 680 961 φέροντες,
729 887 814 941 διά
839 886 1041 939 τούτων
1074 883 1435 954 φιλονεικοῦσι
1468 881 1545 953 μὴ
1572 880 1947 951 προκαθῆσθαι

399 981 559 1034 αὑτὸν
583 978 691 1033 τῶν
722 977 1043 1048 ἀρχιερέων,
1074 976 1310 1047 ὁπηνίκα
1337 975 1446 1028 δέοι
1486 973 1710 1038 τούτους
1763 971 1952 1040 συνέρ-

397 1069 586 1139 χεσθαι
613 1068 753 1122 κατά
768 1084 889 1121 τινα
903 1065 1112 1138 χρείαν,
1137 1067 1231 1119 καὶ
1258 1063 1625 1134 συνεδριάξειν
1651 1062 1791 1115 κατά
1821 1076 1950 1114 ταυ-

396 1161 507 1223 τὺν,
551 1159 655 1229 πρὸ
683 1159 781 1227 τῆς
836 1159 917 1220 είς
948 1157 1048 1228 τὴν
1102 1156 1409 1224 ἁγιωσύνην
1444 1172 1536 1207 σου
1577 1152 1949 1216 είσελεύσεως,

395 1250 494 1302 οὐκ
533 1250 829 1319 ἀνασχετὸν
876 1253 941 1320 τῇ
977 1249 1222 1319 βασιλεία
1267 1265 1367 1318 μου
1401 1246 1569 1312 ἔδοξε,
1605 1247 1838 1316 πρᾶγμα
1865 1243 1953 1297 διά

396 1340 652 1393 τοσούτου
675 1340 869 1410 χρόνου
901 1340 1241 1409 βασανισθὲν,
1271 1339 1367 1392 καὶ
1389 1339 1499 1401 τοῖς
1530 1340 1660 1408 πρὶν
1684 1337 1952 1409 πατριάρ-

396 1446 518 1498 χαις
580 1430 674 1481 καὶ
730 1429 842 1492 τοῖς
900 1429 1078 1492 ἄλλοις
1136 1427 1503 1498 ἀρχιερεῦσιν,
1561 1427 1696 1480 ἀλλὰ
1742 1426 1807 1496 δὴ
1861 1426 1951 1479 καὶ

396 1523 577 1582 αὑτοῖς
613 1522 727 1582 τοῖς
757 1519 852 1572 νῦν
882 1521 983 1573 ούκ
1029 1520 1115 1571 ἐπ’
1146 1519 1351 1587 εὐλόγῳ
1389 1517 1627 1588 ἐρίζουσι
1665 1517 1952 1586 πράγματι

395 1610 483 1663 διὰ
530 1611 628 1678 τῆς
682 1610 1024 1681 πολυημέρου
1063 1610 1252 1679 δεχθὲν
1283 1608 1515 1676 σιωπῆς,
1550 1608 1688 1661 κατά
1714 1608 1777 1660 τὸ
1814 1623 1952 1677 παρ-

400 1701 554 1754 έλκον
577 1701 926 1771 ἀθετηθῆναι,
963 1702 1057 1756 καὶ
1086 1701 1160 1764 ὣς
1184 1720 1235 1755 τι
1265 1701 1373 1754 τῶν
1399 1700 1757 1771 ἠμελημένων
1786 1717 1953 1770 παρα·

397 1790 649 1861 συρῆναι.
705 1791 898 1844 Τοίνυν
933 1792 1028 1845 καὶ
1069 1791 1363 1862 διορίζεται
1404 1792 1687 1862 πράγματι
1731 1789 1951 1856 εὔλογον

396 1882 497 1934 καῖ
524 1882 662 1935 πάνυ
693 1883 901 1935 δίκαιον
947 1882 1124 1936 τοῦτο.
1187 1883 1249 1934 Ei
1292 1881 1390 1951 μὲν
1425 1882 1531 1951 γὰρ
1587 1882 1824 1952 αἱροῖντο
1861 1880 1954 1933 καὶ

396 1972 558 2025 πάλιν
586 1973 636 2025 οἱ
665 1973 941 2042 ἀρχιερεῖς
987 1972 1060 2042 μὴ
1096 1973 1265 2025 κινεῖν
1317 1970 1385 2024 τὰ
1422 1970 1674 2041 ἀκίνητα,
1714 1970 1849 2040 μηδὲ
1884 1970 1953 2024 τά

395 2064 510 2125 τοῖς
550 2062 678 2133 πρὶν
719 2061 1013 2131 δεδογμένα
1042 2061 1315 2133 Πατράσιν
1335 2103 1350 2128 ,
1382 2060 1517 2115 ἀλλὰ
1546 2061 1609 2131 δὴ
1640 2061 1734 2114 κα)⁵
1766 2060 1952 2122 αὐτοῖς

394 2153 481 2205 διὰ
514 2152 612 2222 τῆς
666 2154 881 2223 μακρᾶς
922 2152 1247 2217 συνδόξαντα
1301 2142 1532 2221 σιωπῆς,
1581 2152 1677 2205 καὶ
1718 2151 1818 2221 τῆς
1847 2149 1953 2215 ἕως

394 2245 488 2297 τοῦ
512 2244 604 2297 νῦν
631 2244 845 2315 ἀνοχῆς,
876 2245 938 2296 ὲκ
966 2245 1328 2314 παλιμϐολίας
1356 2242 1543 2314 ὥσπερ
1573 2243 1949 2308 ἀναπαλαίειν,

396 2332 456 2387 εὖ
480 2331 545 2385 ἂν
573 2332 706 2403 ἔχοι,
756 2334 846 2386 καὶ
892 2333 1070 2403 χάρις,
1101 2335 1181 2386 ὅτι
1210 2333 1268 2387 τδ
1301 2332 1536 2402 μάχιμον
1570 2332 1949 2402 καταθέμενοι,

397 2420 458 2472 τὸ
489 2420 761 2490 εἰρηναῖόν
782 2422 1270 2493 προτετιμήκασιν.
1319 2422 1381 2475 Εί
1421 2422 1474 2474 δὲ
1502 2422 1597 2476 καὶ
1631 2421 1710 2474 ἔτι
1749 2422 1954 2477 τούτων

394 2513 538 2578 τινὲς
584 2514 691 2568 τῶν
744 2513 838 2567 τοῦ
897 2515 1121 2577 κανόνος
1172 2515 1430 2585 ῥημάτων
1495 2515 1950 2586 ἀντιποιούμενοι,

399 2604 518 2676 (τῆς
544 2604 653 2676 γάρ
691 2606 897 2667 ἐννοίας
927 2607 1113 2677 πόρρω
1158 2604 1605 2677 ἀποδιεστήκασι)
1653 2605 1949 2674 πειρῶνται

394 2694 457 2746 τὸ
502 2697 697 2748 οἰκεῖον
720 2699 985 2766 συστῆσαι
1017 2695 1248 2766 θέλημα,
1287 2696 1381 2749 καὶ
1405 2696 1498 2748 ἐπὶ
1543 2696 1603 2747 τὸ
1636 2695 1868 2751 ἄτακτον
1888 2697 1950 2749 ού

396 2785 571 2848 καλῶς
638 2786 734 2856 τὴν
790 2786 944 2850 τάξιν
1012 2784 1486 2855 μεταϐιϐάζουσιν,
1545 2786 1609 2855 ἐᾷ
1647 2785 1743 2854 μὲν
1777 2784 1869 2838 νῦν
1919 2785 1952 2855 ἡ

400 2877 642 2945 βασιλεία
663 2895 762 2947 μου
795 2879 894 2948 τὴν
924 2877 1015 2930 τοῦ
1044 2877 1266 2938 κανόνος
1292 2876 1628 2947 ἑρμηνεῦσαι
1659 2876 1752 2929 καὶ
1779 2890 1952 2945 σαφη-

396 2967 540 3019 νίσαι
566 2968 727 3038 ὑφὴν,
760 2968 965 3039 ῥᾴστην
998 2967 1162 3021 οὖσαν
1186 2967 1597 3037 καταληφθῆναι
1621 2967 1712 3019 καὶ
1735 2967 1957 3034 διαγνω-

399 3057 591 3126 σθῆναι
658 3059 838 3121 καλῶς
898 3061 1013 3121 τοῖς
1048 3059 1345 3127 βάπτουσιν
1395 3059 1472 3120 είς
1504 3057 1811 3128 ἀκρίϐειαν,
1860 3059 1954 3111 καὶ

399 3147 686 3216 κανονικῆς
737 3145 945 3207 ἐννοίας
988 3146 1334 3214 θιγγάνουσιν
1354 3161 1368 3175 ο
1413 3143 1542 3196 αὐτὸ
1574 3143 1630 3196 δὲ
1656 3143 1813 3196 τοῦτο
1842 3146 1952 3206 τοῖς

400 3235 745 3307 ἀρχιερεῦσιν
777 3234 1028 3305 ἐπιτιμᾷ,
1059 3236 1112 3287 τί
1141 3235 1203 3304 δή
1231 3250 1358 3286 ποτε
1383 3232 1472 3286 τὸν
1504 3233 1701 3286 κανόνα
1729 3232 1952 3298 εἰδότες,

401 3329 492 3379 καὶ
513 3326 580 3379 τά
621 3328 837 3397 ῥήματα
882 3326 1073 3381 τούτου
1113 3323 1584 3395 ἐξακριϐούμενοι,
1615 3322 1713 3391 τὴν
1747 3322 1955 3375 ἑαυτῶν

402 3417 704 3486 συνείδησιν
748 3416 1051 3484 ἀνευλόγως
1112 3415 1417 3484 ὲπάτησαν,
1461 3414 1555 3467 καὶ
1599 3411 1692 3465 τοῦ
1731 3413 1955 3475 κανόνος

393 3505 947 3576 ωραρριπτουμένου
979 3505 1276 3575 ἠνείχοντο,
1306 3506 1401 3557 καὶ⁸
1440 3503 1539 3573 τὴν
1570 3503 1828 3572 ύφεδρίαν
1860 3500 1951 3554 ἐπὶ

394 3596 501 3649 τῶν
553 3597 682 3666 πρὶν
737 3595 1168 3666 χαρτοφυλάκων
1219 3593 1552 3663 ἠσπάζοντο·
1616 3593 1710 3647 καὶ
1762 3592 1953 3661 μισθὸν

394 3685 603 3750 τούτοις
628 3686 726 3756 τῆς
759 3686 868 3739 τῶν
901 3669 1060 3756 ἱερῶν
1101 3682 1339 3736 κανόνων
1379 3682 1823 3752 περιφρονήσεως
1852 3682 1953 3752 τὴν

394 3776 490 3829 ἐπὶ
549 3775 649 3838 τὰς
707 3775 976 3846 λαχούσας
1039 3774 1234 3834 αὐτοὺς
1295 3772 1615 3842 Ἐκκλησίας
1668 3772 1949 3836 ἀπέλασιν,

395 3862 600 3929 δίδωσι,
639 3863 826 3916 κανόνι
862 3861 1148 3933 στοιχοῦσα
1174 3857 1454 3914 κάνταῦθα
1493 3859 1949 3929 ἐκκλησιαστικῷ,

393 3956 491 4009 καὶ
545 3957 657 4018 τοῖς
725 3957 1149 4025 περιφρονηταίς
1206 3950 1313 4005 τῶν
1388 3951 1645 4016 κανόνων,
1708 3950 1950 4015 ἐκείνους

396 4047 593 4108 αὐτοὺς
657 4046 782 4108 τοὺς
837 4046 1014 4116 ἱεροὺς
1079 4042 1307 4106 κανόνας
1368 4042 1449 4106 είς
1507 4040 1716 4110 ἄμυναν
1767 4041 1953 4106 ἀντεξ-

392 4135 620 4205 άγουσα.
662 4155 681 4188 ι

464 4234 572 4285 Καὶ
617 4232 738 4286 ἐπεὶ
781 4232 916 4303 μετά
954 4230 1051 4302 τὴν
1099 4229 1285 4283 τούτου
1334 4224 1667 4300 προκομιδὴν
1718 4224 1789 4277 τὰ
1847 4224 1953 4277 ἀπὸ

399 4325 616 4394 μακρᾶς
680 4323 966 4393 συνηθείας
1005 4321 1375 4392 κραθὴσαντα,
1408 4318 1504 4374 καὶ
1534 4317 1620 4371 διὰ
1674 4314 1952 4387 βασιλικοῦ

394 4412 816 4482 προστάγματος
864 4411 1116 4480 γεγόνασι
1170 4409 1551 4480 κραταιότερα,
1614 4406 1952 4476 προκάθηται

2050 605 2315 674 quosdam
2347 603 2632 673 pontiﬁces
2664 604 2960 662 ambitione
3023 608 3258 678 quadam
3310 610 3597 683 impulsos,

2051 694 2374 749 chartularii
2435 694 2751 765 dignitatem
2823 697 3130 767 deprimere
3190 700 3345 766 velle.
3389 718 3603 774 perque

2052 797 2290 839 canones
2316 785 2371 838 in
2408 786 2646 841 medium
2689 787 2984 857 productos
3006 791 3356 858 contendere,
3379 809 3490 850 non
3524 796 3601 850 illi

2054 876 2354 930 sessionem
2415 891 2581 947 supra
2661 878 2942 949 pontiﬁces
3010 891 3337 950 competere,
3394 885 3607 953 quoties

2051 966 2134 1020 eis
2179 965 2412 1036 alicujus
2445 968 2647 1036 negotii
2699 983 2863 1025 causa
2907 973 3341 1029 conveniendum
3393 975 3486 1040 sit,
3550 986 3606 1031 et

2053 1071 2162 1112 una
2199 1058 2590 1114 considendum
2638 1060 2694 1115 in
2747 1068 2964 1127 senatu,
3020 1070 3147 1118 ante
3202 1079 3487 1121 accessum
3536 1068 3605 1122 ad

2056 1147 2402 1201 sanctitatem
2457 1156 2656 1204 tuam:
2716 1151 2940 1206 minime
3003 1151 3285 1209 ferendum
3336 1157 3604 1226 majestati

2057 1250 2190 1290 meae
2233 1236 2406 1292 visum
2469 1247 2582 1303 est,
2629 1249 2684 1293 ut
2711 1255 2798 1296 res
2849 1250 3002 1295 tanto
3041 1238 3154 1314 jam
3202 1252 3445 1316 tempore
3478 1264 3604 1316 pro-

2056 1326 2203 1393 bata,
2244 1335 2299 1382 et
2322 1344 2353 1383 a
2384 1331 2762 1397 superioribus
2794 1334 3142 1402 patriarchis,
3175 1351 3238 1391 ac
3259 1338 3606 1405 pontiﬁcibus

2054 1419 2195 1485 aliis,
2251 1428 2412 1488 atque
2447 1420 2556 1474 illis
2613 1420 2746 1489 ipsis
2787 1423 2956 1488 adeo,
3005 1424 3097 1494 qui
3149 1425 3262 1496 jam
3302 1442 3409 1481 non
3457 1429 3602 1498 justa

2054 1508 2121 1562 de
2177 1522 2341 1564 causa
2405 1511 2675 1575 rixantur,
2747 1512 3005 1570 diuturno
3062 1517 3285 1572 silentio
3342 1520 3603 1585 admissa,

2056 1609 2281 1668 urgente
2304 1601 2449 1655 nulla
2479 1603 2689 1658 ratione
2711 1605 3010 1672 aboleatur,
3034 1616 3086 1661 et
3114 1610 3268 1677 quasi
3298 1611 3604 1680 neglectum

2055 1690 2263 1759 aliquid
2295 1693 2657 1748 convellatur.
2703 1692 3047 1765 QuaprOpter
3093 1700 3351 1767 quiddam
3405 1703 3605 1758 rationi

2056 1781 2212 1835 valde
2235 1791 2664 1839 consentaneum
2703 1793 2757 1838 et
2787 1799 3004 1855 aequum
3039 1789 3253 1844 statuit.
3286 1790 3496 1862 Quippe
3557 1795 3605 1849 si

2057 1872 2236 1926 adhuc
2287 1874 2571 1942 pontiﬁces
2627 1876 2849 1932 immota
2917 1892 3026 1933 non
3099 1894 3318 1937 movere
3383 1884 3605 1952 vellent,

2053 1977 2154 2016 ne:
2206 1978 2326 2032 qua:
2355 1965 2608 2033 placuere
2655 1967 2953 2036 superioris
3008 1972 3283 2026 memoriae
3327 1971 3603 2044 Patribus,

2053 2059 2107 2105 et
2155 2053 2399 2121 ipsismet
2452 2055 2614 2125 longo
2635 2057 2852 2113 silentio
2886 2060 3260 2130 patientiaque
3284 2063 3352 2119 ad
3385 2065 3605 2123 hodier-

2054 2156 2182 2195 num
2213 2158 2383 2213 usque
2424 2145 2566 2200 diem
2609 2148 2962 2217 comprobata
3014 2149 3255 2219 fuerunt,
3314 2168 3381 2209 ex
3411 2155 3604 2212 incon-

2054 2234 2253 2288 stantia
2292 2236 2439 2290 velut
2498 2251 2809 2308 Oppuguare
2858 2247 3004 2295 recte
3051 2241 3331 2312 facerent,
3402 2256 3458 2302 et
3508 2248 3608 2305 ha~

2054 2322 2242 2379 bendae
2276 2325 2414 2395 ipsis
2455 2328 2661 2396 gratiae,
2685 2331 2826 2399 quod
2849 2332 3064 2402 abjecto
3092 2337 3367 2405 pugnandi
3401 2339 3604 2404 studio,

2055 2427 2244 2482 pacem
2284 2417 2464 2486 potius
2510 2420 2738 2489 amplexi
2772 2433 2974 2479 essent.
3030 2426 3115 2480 At’
3151 2441 3283 2483 vero
3311 2428 3357 2483 si
3388 2429 3606 2499 quidam

2058 2505 2234 2559 adhuc
2272 2508 2434 2561 verba
2482 2511 2711 2567 canonis
2745 2524 3095 2585 usurpantes.
3151 2517 3392 2588 (quando
3420 2534 3449 2574 a
3484 2536 3610 2577 sen-

2055 2600 2224 2651 tentia
2279 2597 2440 2669 longe
2522 2602 2740 2671 absunt)
2804 2605 3083 2660 libidinem
3144 2622 3298 2662 suam
3378 2610 3606 2680 probare

2056 2690 2323 2756 nituntur,
2382 2691 2735 2762 ordinemque
2788 2695 3039 2763 nequiter
3110 2696 3167 2750 in
3230 2697 3604 2754 confusionem

2058 2779 2419 2835 inordinatam
2454 2790 2792 2839 commutant
2822 2799 2837 2836 :
2868 2786 3095 2841 canonis
3113 2786 3329 2856 quidem
3352 2791 3609 2858 majestas

2056 2884 2175 2923 mea
2221 2880 2535 2928 contextum
2583 2874 2934 2945 interpretari
2997 2891 3061 2932 ac
3099 2877 3379 2935 declarare
3422 2882 3607 2945 mittit,

2055 2972 2314 3030 perceptu
2366 2972 2422 3018 et
2455 2963 2736 3020 intellectu
2771 2965 3088 3023 facillimum
3139 2969 3231 3035 iis,
3267 2972 3360 3040 qui
3393 2974 3609 3028 subtili-

2056 3055 2171 3104 tate
2227 3059 2352 3107 sunt
2380 3052 2595 3118 imbuti,
2641 3063 2985 3126 mentemque
3009 3059 3234 3115 canonis
3273 3062 3547 3131 attingunt
3588 3078 3605 3119 :

2059 3152 2243 3191 verum
2295 3139 2397 3194 hoc
2430 3141 2484 3194 in
2535 3143 2881 3211 pontiﬁcibus
2918 3145 3286 3214 reprehendit,
3309 3151 3451 3217 quod
3483 3166 3605 3204 cum

2059 3242 2322 3282 canonem
2358 3241 2603 3295 nossent,
2635 3232 2865 3303 ejusque
2910 3236 3077 3290 verba
3121 3246 3474 3306 peraccurate
3535 3251 3613 3294 te-

2058 3329 2271 3385 nerent,
2336 3335 2491 3375 suam
2554 3323 2796 3392 ipsorum
2835 3326 3227 3382 conscientiam
3277 3338 3474 3399 praeter
3525 3347 3612 3407 ra:

2059 3406 2259 3462 tionem
2296 3412 2704 3475 conculcarint,
2734 3425 2787 3469 et
2816 3416 2967 3484 rejici
3003 3431 3262 3474 canonem
3298 3422 3445 3491 passi
3479 3406 3608 3486 sint,

2057 3510 2123 3549 ac
2153 3497 2462 3554 inferiorem
2495 3505 2794 3558 sessionem
2833 3506 2936 3562 sub
2987 3513 3261 3564 memoriae
3312 3515 3610 3583 superioris

2057 3587 2404 3645 cltartulariis
2436 3592 2665 3660 amplexi
2698 3593 2920 3650 fuerint.
2958 3597 3194 3667 ideoque
3215 3615 3311 3668 pro
3332 3617 3609 3657 sacrorum

2056 3691 2324 3735 canonum
2382 3690 2659 3749 contentu,
2686 3685 2985 3741 mercedem
3055 3689 3193 3743 haue
3222 3692 3300 3745 eis
3332 3690 3612 3763 [majestas

2056 3766 2203 3840 mea]
2235 3770 2446 3836 tribuit,
2482 3783 2542 3828 ut
2567 3789 2696 3829 suas
2725 3777 2793 3831 ad
2828 3775 3108 3834 Ecclesias
3148 3782 3475 3852 alligantur;
3520 3803 3602 3842 eo-

2055 3860 2348 3918 clesiastici
2408 3866 2633 3922 canonis
2677 3868 2842 3922 etiam
2880 3868 2985 3924 hac
3036 3872 3094 3926 in
3154 3882 3307 3941 parte
3361 3879 3607 3948 vestigiis

2055 3951 2336 4020 insistens,
2387 3966 2441 4010 et
2513 3958 2773 4016 adversus
2843 3975 3115 4017 canonum
3189 3973 3608 4035 euntempiores,

2056 4040 2207 4111 ipsos
2264 4058 2499 4103 canones
2558 4063 2744 4104 sacros
2770 4049 2822 4103 in
2867 4051 3170 4108 subsidium
3219 4056 3545 4122 producens.
3585 4079 3604 4112 ι

2127 4227 2194 4282 Et
2242 4229 2498 4298 quoniam
2562 4230 2666 4286 hoc
2728 4231 3070 4302 promulgato
3135 4246 3232 4301 ea,
3280 4252 3401 4305 qua:
3449 4238 3612 4309 longa

2058 4320 2461 4376 consuetudine
2501 4320 2866 4384 invaluerant,
2906 4337 3006 4393 per
3042 4325 3215 4394 ipsius
3257 4328 3417 4381 etiam
3462 4330 3613 4398 prin-

2059 4407 2200 4476 cipis
2243 4408 2484 4464 edictum
2528 4411 2713 4479 magis
2748 4412 2989 4467 stabilita
3036 4413 3255 4469 luerunt
3285 4432 3299 4470 :
3330 4417 3611 4473 cbartula-
3656 4423 3669 4436 '

399 4502 561 4571 μέχρι
614 4501 710 4555 τοῦ
747 4500 843 4555 νῦν
882 4503 1081 4563 παντὸς
1128 4497 1627 4570 ἀρχιερατεύοντος,
1663 4494 1767 4548 κᾶν
1813 4493 1950 4565 τύχῃ

2062 4501 2175 4553 rius
2229 4499 2285 4553 in
2334 4500 2481 4555 hunc
2522 4515 2696 4567 usque
2747 4502 2890 4557 diem
2942 4504 3095 4559 sedet
3145 4512 3269 4561 ante
3317 4508 3615 4576 quemlibet

389 4592 580 4645 τοῦτον
628 4593 724 4645 καὶ
775 4590 1050 4660 βασιλικὸν
1103 4589 1248 4659 ἔχειν
1300 4587 1532 4656 ἀξίωμα,
1572 4582 1871 4653 ὑπερτίμου
1914 4582 1947 4650 ἢ

393 4682 880 4753 πρωτοσυγκέλλου
908 4682 1090 4750 τυχόν.
1127 4681 1237 4734 Καὶ
1268 4679 1391 4731 τότε
1431 4679 1527 4747 μὲν
1553 4677 1693 4729 οὕτω
1739 4675 1948 4728 διευλυο

393 4771 541 4841 τώθη
565 4773 626 4825 τὸ
654 4773 817 4841 δῆθεν
858 4772 1177 4841 ἀμφίϐολον.
1222 4769 1360 4837 Ἐγὼ
1395 4769 1451 4821 δὲ
1474 4767 1551 4837 τῷ
1579 4764 1841 4837 βασιλικῷ
1868 4765 1948 4818 δι-

392 4861 612 4932 ορισμῷ
649 4861 791 4925 κατά
811 4862 870 4913 τὸ
901 4858 1285 4928 νενομισμένον
1315 4854 1642 4919 ἀκολουθῶν,
1676 4855 1741 4923 τῇ
1777 4869 1946 4905 κατα-

392 4951 738 5024 σκευαζούσῃ
760 4951 953 5020 γνώμῃ
981 4950 1081 5018 τὴν
1110 4947 1401 5018 προεδρίαν
1421 4946 1527 5005 τοῦ,
1540 4942 1951 5016 χαρτοφύλακος

386 5040 477 5093 διὰ
507 5041 672 5111 μόνην
719 5040 815 5108 τὴν
853 5039 1096 5109 ἄγραφον
1134 5036 1478 5107 μακροτάτην
1520 5033 1825 5105 συνήθειαν,
1851 5033 1951 5102 τὴν

386 5135 511 5188 ἀντὶ
580 5134 746 5203 νόμου
829 5131 1413 5205 παραλαμϐανομένην,
1472 5130 1547 5192 ὡς
1622 5126 1948 5197 γέγραπται,

392 5224 455 5276 ού
511 5222 891 5293 προστίθεμαι.
945 5219 1073 5275 Οἶδα
1112 5219 1219 5288 γὰρ
1270 5219 1393 5272 τότε
1430 5219 1529 5289 τὴν
1568 5216 1782 5287 μακράν
1820 5231 1947 5267 συν-

391 5312 582 5383 ήθειαν
611 5313 732 5366 ἀντὶ
784 5313 949 5381 νόμου
1002 5313 1243 5382 κρατεῖν,
1285 5309 1702 5380 δοκιμασθεῖσαν
1733 5305 1949 5367 πάντως

391 5403 744 5467 δικαστικῶς,
791 5403 879 5455 ὅτε
928 5401 1083 5472 νόμοι
1139 5401 1235 5454 καὶ
1274 5401 1497 5462 κανόνες
1528 5400 1615 5453 διά
1642 5398 1844 5468 ταύτης
1886 5394 1946 5448 ού

390 5493 780 5566 παραλύονται.
813 5492 974 5562 Λέγω
993 5493 1048 5546 δὲ
1073 5491 1173 5563 τὴν
1197 5492 1518 5563 προεδρείαν
1540 5491 1682 5562 ἔχειν
1698 5490 1788 5543 τὸν
1812 5503 1948 5557 χαρ-

2060 4590 2395 4659 pontiﬁcem,
2426 4590 2909 4660 licetdignitatem
2953 4594 3151 4649 habeat
3193 4596 3261 4649 ab
3297 4596 3416 4665 ipso
3461 4600 3614 4666 prin-

2059 4678 2178 4748 cipe
2217 4692 2555 4742 concessam,
2599 4688 2661 4733 ut
2719 4681 3028 4753 hypertimi,
3076 4682 3161 4736 vel
3205 4690 3611 4757 protosyncelli.

2055 4768 2136 4822 Ac
2175 4776 2307 4823 tunc
2338 4768 2557 4838 quidem
2606 4771 2918 4841 ambiguum
2954 4772 3057 4827 hoc
3101 4773 3173 4827 ita
3203 4775 3442 4830 solutum
3487 4778 3609 4833 fuit.

2052 4860 2166 4933 Ego
2211 4876 2341 4915 vero
2388 4870 2533 4916 sicut
2571 4861 2915 4930 imperatoris
2948 4864 3236 4929 sanctioni,
3277 4874 3441 4934 prout
3479 4868 3609 4937 legi-

2054 4951 2157 5006 bus
2206 4960 2482 5019 receptum
2539 4959 2663 5016 est,
2719 4952 2993 5006 assentior
3043 4969 3059 5007 :
3108 4953 3184 5007 ita
3237 4958 3605 5026 sententiam,

2054 5036 2391 5090 chartulario
2437 5036 2671 5105 primam
2724 5039 3025 5092 sessionem
3078 5049 3455 5105 astruentem,
3509 5061 3607 5114 per

2054 5125 2225 5181 solam
2259 5139 2367 5179 non
2405 5126 2664 5193 scriptam
2697 5126 2995 5196 longissimi
3024 5130 3281 5198 temporis
3308 5143 3606 5191 consuetu-

2056 5215 2257 5279 dinem,
2287 5230 2406 5284 quce
2441 5215 2574 5285 legis
2606 5216 2685 5286 (ut
2721 5225 2880 5270 antea
2913 5217 3254 5291 scripsimus)
3292 5220 3415 5277 loco
3457 5224 3609 5277 duci-

2055 5314 2143 5357 tur
2187 5303 2318 5374 (65),
2353 5305 2575 5358 minime
2612 5306 2801 5374 probo.
2836 5304 3047 5376 Quippe
3085 5316 3214 5364 tunc
3246 5310 3361 5365 scio
3398 5311 3610 5368 diutur-

2059 5410 2182 5449 nam
2214 5394 2665 5450 consuetudinem
2699 5409 2795 5465 pro
2822 5394 2935 5465 lege
2955 5398 3154 5463 valere,
3182 5402 3406 5455 omnino
3429 5411 3609 5457 tamen

2055 5484 2109 5538 in
2131 5484 2339 5554 judicio
2367 5483 2520 5551 prius
2550 5483 2938 5553 examinatam,
2963 5499 3085 5541 cum
3117 5487 3262 5559 leges
3287 5496 3340 5543 et
3372 5503 3608 5546 canones

1876 5660 2104 5717 NOTxE.

463 5758 573 5829 (65)
606 5759 644 5814 1.
668 5757 736 5816 ὂί
767 5760 827 5814 D.
866 5758 1107 5827 Delegib.
1161 5766 1214 5815 et
1242 5760 1277 5813 1.
1308 5760 1360 5814 3.
1393 5760 1453 5815 C.
1490 5747 1620 5825 Qua:
1672 5760 1738 5813 sit
1793 5758 1934 5827 long.
1976 5765 2205 5811 consuet.
