4016 6404
511 348 644 415 1047

1737 364 2021 433 THEOD.
2061 370 2466 435 BALSAMON
2473 373 2548 433 IS

3555 385 3670 452 1048

512 494 607 550 per
622 492 736 533 eam
755 493 864 533 non
882 478 1256 536 debilitantur.
1270 480 1437 550 igitur
1453 483 1949 547 aio,chartularium
1969 488 2043 539 ha

2164 490 2463 558 τοφύλακα,
2499 493 2638 544 κατὰ
2670 492 2767 562 τὴν
2795 495 2902 546 τῶν
2928 491 3086 547 θείων
3122 498 3359 553 κακόνων
3395 503 3666 575 περίληψιν,

510 573 639 626 bere
653 569 884 640 primam
903 571 1196 626 sessionem
1223 571 1381 625 etiam
1398 573 1687 628 secundum
1707 575 1758 628 id
1785 592 1836 644 ,q
1847 577 1948 629 uod
1977 593 2064 630 sa-

2163 579 2320 631 τοῠτο
2343 581 2534 650 ὅπερή
2581 582 2848 650 βασίλειος
2885 583 3004 638 θεία
3041 588 3286 659 περιωπὴ
3330 591 3497 645 ἑκοντὶ
3540 612 3666 664 τηνι-

511 662 623 716 eris
638 661 944 716 canonibus
956 662 1264 716 continetur
1284 679 1299 716 :
1322 664 1463 732 quod
1489 678 1620 718 sane
1635 679 1787 720 sacra
1807 667 2043 735 principi

2164 667 2339 720 καῦτα
2377 670 2790 740 παρεσιώπησε.
2826 673 2944 726 Κᾶν
2981 673 3089 744 γὰρ
3116 678 3144 727 ό
3177 675 3354 745 ῥηθεὶς
3391 679 3486 747 τῆς
3512 682 3568 733 ὲκ
3589 661 3665 735 Νι·

510 751 927 818 eireumspectio
941 757 1071 804 tunc
1089 758 1280 820 sponte
1304 751 1536 808 reticuit.
1556 750 1688 806 Nam
1711 755 1838 809 licet
1858 755 2064 811 indica-

507 844 603 892 tus
623 837 710 890 ille
727 837 927 891 Νξοωηὶ
949 840 1108 905 primi
1123 839 1338 892 concilii
1358 853 1529 895 canon
1553 843 2063 908 statuit,diaeonum

509 943 607 982 nec
628 928 963 997 participare,
990 943 1087 982 nec
1106 929 1293 983 sedere
1311 938 1435 984 ante
1446 934 1775 999 sacerdotes,
1801 935 2062 1003 septimus

505 1025 689 1072 tamen
707 1034 880 1074 canon
908 1027 1109 1073 sancta:
1135 1034 1197 1074 ac
1235 1023 1560 1079 universalis
1577 1027 1940 1095 sextaesynodi
1969 1026 2061 1095 juv

504 1109 617 1174 bet,
648 1119 707 1163 ut
730 1110 797 1174 is,
831 1110 922 1178 qui
948 1125 1236 1180 personam
1264 1115 1606 1180 patriarchae,
1631 1117 1714 1170 vel
1741 1117 2062 1186 simpliciter

505 1199 748 1269 episcopi
799 1201 977 1268 gerit,
1030 1210 1155 1258 ante
1211 1202 1525 1260 sacerdotes
1574 1205 1782 1261 sedeat.
1826 1205 2061 1277 Ideoque

504 1303 734 1356 magnus
782 1303 844 1342 ac
892 1298 1113 1344 sanctus
1155 1291 1316 1344 etiam
1365 1291 1624 1363 Cyrillus,
1661 1295 2059 1358 Alexandrinus

509 1395 688 1449 papa,
735 1380 898 1449 capiti
952 1381 1176 1436 fasciam
1226 1384 1586 1440 circumdedit
1636 1401 1897 1453 auream,
1946 1403 2058 1458 quo

504 1480 748 1538 tempore
795 1481 994 1525 sancta:
1047 1479 1100 1526 et
1140 1473 1434 1528 universali
1477 1477 1650 1531 tertia
1688 1479 1895 1547 synodo
1919 1495 2056 1548 prae-

501 1557 624 1611 fuit.
676 1557 884 1628 Quippe
930 1559 1185 1615 Ceiestini
1237 1562 1412 1618 locum
1470 1565 1745 1622 obtinebat
1787 1568 1926 1636 ejus,
1961 1569 2054 1636 qui

501 1646 803 1703 Romanam
831 1657 960 1702 tunc
991 1651 1212 1719 regebat
1239 1651 1571 1722 Ecclesiam;
1601 1657 2052 1726 quemadmodum

500 1738 670 1805 liquet
700 1753 765 1794 ex
795 1739 932 1792 actis
957 1739 1197 1808 ejusdem
1245 1744 1437 1813 synodi
1479 1748 1665 1802 tertiae.
1699 1749 1768 1802 Et
1811 1764 1918 1817 qua
1947 1749 2051 1805 Ce-

501 1829 730 1884 lestinus
781 1831 1036 1884 utebatur
1085 1831 1295 1900 gloria,
1359 1837 1656 1890 secundum
1716 1841 2047 1894 sanctionem

501 1919 765 1986 apostolis
794 1919 1018 1988 aequalis
1055 1919 1201 1974 illius
1232 1922 1404 1976 sancti
1435 1927 1722 1994 magnique
1779 1925 2049 1980 Constan-

498 2009 620 2072 tini,
652 2007 851 2062 factam
885 2012 951 2063 ad
985 2022 1229 2065 sanetum
1279 2012 1626 2080 Silvestrum,
1667 2031 1788 2068 cum
1840 2017 2048 2086 imperii

499 2110 712 2171 secptra
772 2117 867 2170 per
923 2102 1016 2155 Dei
1076 2102 1468 2170 providentiam
1533 2120 1595 2158 er
1650 2108 1816 2160 veteri
1879 2107 2046 2162 Roma

497 2193 927 2246 transferrentur
961 2193 1015 2246 in
1063 2192 1202 2247 hanc
1237 2194 1420 2247 urbem
1471 2195 1684 2251 urbium
1715 2197 2045 2264 principem;

497 2297 604 2351 qua
643 2282 924 2349 statuitur,
961 2297 1122 2338 aurea
1155 2283 1326 2337 fascia
1360 2293 1472 2337 tum
1508 2284 1680 2353 ipsius
1724 2287 1898 2339 sancti
1949 2285 2049 2340 Sil-

494 2376 686 2438 vestri,
729 2384 838 2429 tum
889 2389 1264 2430 successorum
1307 2377 1450 2444 ejus,
1489 2376 1807 2444 pontificum
1848 2377 2046 2432 Roma-

493 2482 689 2520 norum
736 2473 899 2535 caput
948 2465 1304 2520 condecorari
1344 2466 1540 2521 debere
1572 2483 1586 2520 :
1618 2468 1804 2523 eadem
1842 2476 1896 2524 et
1938 2469 2045 2539 Cy~

494 2557 652 2610 rillus
706 2555 1093 2610 exornabatur.
1139 2556 1500 2621 Quamobrem
1556 2566 1611 2612 et
1666 2558 1722 2624 ii,
1772 2559 1863 2628 qui
1924 2569 2047 2628 post

495 2651 670 2718 ipsum
713 2648 1056 2703 Alexandria:
1105 2650 1482 2719 pontiﬁcatum
1538 2665 1783 2721 gessere,
1829 2663 2047 2722 propter

493 2747 751 2794 aeternam
820 2740 1136 2792 memoriam
1199 2741 1338 2808 ejus,
1391 2741 1534 2810 quod
1592 2751 1720 2797 tunc
1767 2743 2044 2798 decretum

492 2829 618 2894 fuit,
646 2828 838 2883 eodem
885 2830 1046 2883 modo
1091 2830 1145 2883 in
1179 2829 1321 2885 hunc
1356 2846 1529 2901 usque
1558 2832 1697 2888 diem
1740 2835 1899 2889 titulo
1944 2849 2046 2890 suo

493 2923 944 2978 cehonestantur.
972 2920 1217 2991 Cumque
1247 2937 1437 2978 omnes
1463 2924 1553 2978 alii
1581 2925 1850 2994 capitibus
1884 2941 2045 2997 aper-

494 3015 566 3067 tis
613 3026 702 3066 res
748 3026 934 3068 sacras
982 3022 1270 3082 peragant,
1310 3014 1460 3068 solus
1502 3015 1904 3072 Alexandrinus
1951 3033 2045 3086 pa-

2161 760 2306 828 καίᾴ
2325 759 2544 832 πρώτης
2589 764 2804 816 συνόδου
2855 766 3030 818 κανὼν
3058 766 3373 838 διορίζηται,
3419 770 3490 842 μὴ
3529 789 3663 840 μετα·

2168 849 2468 919 λαμϐάνειν
2498 852 2633 921 μηδὲ
2664 854 2931 924 καθῆσθαι
2966 857 3071 926 πρὸ
3098 859 3203 911 τῶν
3228 861 3411 929 ἱερέων
3438 863 3670 932 διάκονον,

2159 939 2274 993 ἀλλ’
2298 943 2325 993 ὁ
2348 939 2394 1004 ζ’
2419 939 2595 994 κανὼν
2638 941 2737 1010 τῆς
2767 944 2924 1010 ἁγίας
2971 947 3066 998 καὶ⁵
3117 949 3484 1018 οἰκουμενικῆς
3533 951 3674 1022 ἕκτης

2162 1027 2378 1082 συνόδου
2445 1031 2914 1097 παρακελεύεται,
2971 1033 3064 1085 τὸν
3121 1035 3378 1104 ἐπέχοντα
3414 1040 3674 1108 πρόσωπον

2160 1121 2559 1190 πατριαρχικὺν
2586 1121 2618 1190 ἢ
2656 1122 2840 1185 ἁπλῶς
2869 1124 3246 1190 ἐπισκοπικὲιν,
3273 1127 3374 1197 πρὸ
3393 1127 3493 1180 τῶν
3513 1131 3676 1200 ἱερέων

2158 1208 2503 1273 καθέζεσθαι.
2539 1211 2628 1263 Διὸ
2659 1212 2752 1264 καὶ
2783 1215 2811 1265 ό
2848 1215 3019 1282 μέγας
3051 1214 3205 1282 ἅγιος
3243 1218 3498 1286 Κύριλλος
3521 1222 3548 1272 ὁ
3587 1222 3678 1274 πάι

2155 1314 2265 1360 πας
2334 1298 2770 1373 Ἀλεξανδρείας,
2819 1301 2912 1355 ἐπὶ
2963 1305 3202 1373 κεφαλῆς
3251 1307 3475 1374 χρυσοῦν
3527 1308 3679 1379 λῶρον

2155 1389 2565 1459 περιεϐέϐλητο,
2600 1391 2686 1443 ὅτε
2729 1391 2827 1461 τῆς
2857 1393 3020 1460 ἁγίας
3055 1394 3149 1447 καὶ
3173 1397 3546 1467 οίκουμενικῆς
3575 1401 3675 1469 τρία

2153 1495 2254 1548 της
2297 1479 2512 1532 συνόδου
2562 1481 2874 1550 προΐστατο.
2917 1483 3130 1552 Ἐπεῖχε
3165 1485 3272 1555 γάρ
3303 1486 3508 1539 καὶτὸν
3536 1488 3679 1543 τόπον

2151 1569 2246 1622 τοῦ
2287 1570 2628 1634 Κελεστίνου,
2688 1571 2781 1624 τοῦ
2826 1572 2925 1641 τὴν
2981 1573 3294 1642 Ἐκκλησίαν
3347 1576 3445 1645 τῆς
3487 1576 3680 1646 Ῥώμης

2156 1658 2447 1726 ίθύνοντος,
2470 1660 2650 1724 καθὼς
2688 1661 2844 1716 τοῦτο
2882 1665 3213 1736 παρίσταται
3247 1669 3310 1720 ὲκ
3339 1667 3441 1722 τῶν
3473 1686 3677 1740 πρακτι-

2130 1749 2392 1819 ,.κῶνητῆς
2420 1750 2610 1822 τρίτης
2657 1753 2892 1814 συνόδου.
2950 1756 3069 1808 Kal.
3089 1758 3164 1820 ὡς
3195 1759 3402 1821 ἐκεῖνος
3435 1759 3677 1829 ἐμεγαλύ-

2151 1858 2289 1905 νετο,
2338 1842 2476 1895 κατὰ
2529 1843 2587 1896 τὸ
2649 1841 2922 1913 θέσπισμα
2975 1846 3068 1898 τοῦ
3143 1849 3492 1901 ίσαποστόλου
3543 1852 3677 1916 ἁγίου

2153 1931 2387 2005 μεγάλου
2429 1934 2858 2000 Κωνσταντίνου,
2901 1936 2962 1988 τὸ
2995 1940 3217 2002 γεγονὸς
3254 1940 3388 2009 πρὸς
3427 1941 3514 1994 τὸν
3543 1941 3676 2008 ἅγιον

2149 2022 2496 2093 Σίλϐεστρον,
2522 2024 2608 2076 ὅτε
2644 2023 2709 2076 τὰ
2759 2029 3012 2095 σκῆπτρα
3039 2028 3137 2095 τῆς
3190 2029 3469 2097 βασιλείας
3499 2033 3556 2083 ὲκ
3595 2032 3677 2098 τῆς

2148 2114 2382 2176 παλαιᾶς
2431 2114 2645 2184 Ῥώμης
2693 2116 2834 2169 κατὰ
2861 2116 2995 2170 Θεοῦ
3044 2119 3299 2186 πρόνοιαν
3344 2122 3680 2191 μετετέθησαν

2148 2205 2227 2266 είς
2256 2204 2353 2272 τὴν
2384 2203 2490 2256 τῶν
2527 2206 2736 2258 πόλεων
2763 2205 3170 2275 βασιλεύουσαν,
3202 2211 3300 2262 καὶ
3321 2211 3677 2282 διοριζόμενον,

2151 2295 2290 2362 μετὰ
2329 2295 2705 2362 χρυσοπάστου
2736 2293 2910 2364 λώρου
2942 2297 3039 2366 τὴν
3070 2299 3163 2350 τοῦ
3195 2299 3355 2368 ἁγίου
3385 2302 3676 2369 Σιλϐέστρου

2148 2382 2413 2449 κεφαλὴν,
2451 2383 2542 2434 καὶ⁵
2568 2381 2676 2436 τῶν
2708 2384 2826 2451 μετ’
2847 2384 3006 2438 αὐτὸν
3028 2386 3330 2456 ἀρχιερέων
3355 2389 3451 2456 τῆς
3486 2389 3678 2458 Ῥώμης

2146 2469 2672 2534 κατακαλλύνεσθαι,
2723 2472 2820 2523 καὶ
2868 2472 3030 2536 αὐτὸς
3082 2475 3506 2545 τοιουτοτρόπως
3556 2476 3674 2528 καθ·

2145 2559 2749 2627 ωραῖζετο.Κάντεῦθεν
2771 2561 2864 2613 καὶ
2894 2563 2939 2614 οί
2961 2559 3078 2630 μετ’
3100 2563 3308 2617 ἐκεῖνον
3338 2567 3414 2628 είς
3454 2565 3680 2630 Ἀλεξάν-

2143 2650 2325 2718 δρειαν
2380 2649 2871 2720 ἀρχιερατεῦοντες,
2923 2651 3010 2704 διὰ
3068 2654 3294 2724 μνήμην
3347 2655 3552 2708 αἰώνιον
3597 2653 3678 2705 τοῦ

2145 2737 2265 2791 τότε
2293 2736 2667 2803 συνδόξαντος,
2717 2736 2977 2799 ὡσαύτως
3015 2739 3174 2807 μέχρι
3205 2741 3305 2793 τοῦ
3330 2742 3425 2794 νῦν
3469 2758 3676 2794 κατακοα

2146 2830 2406 2898 σμοῦνται
2466 2827 3022 2899 στηλογραφούμενοι.
3071 2830 3180 2882 Καὶ
3251 2832 3463 2884 πάντων
3508 2833 3680 2902 ἀπερι-

2143 2920 2438 2983 καλύπτοις
2498 2920 2921 2990 ἱερουργούντων
2956 2923 3075 2984 ταῖς
3126 2923 3393 2988 κεφαλαῖς
3421 2962 3434 2988 ,
3486 2923 3628 2990 μόνος
3654 2921 3679 2972 ὁ

2142 3010 2488 3080 πατριάρχης
2529 3007 2932 3078 Ἀλεξανδρείας
2953 3008 3224 3077 ίερουργεῖ
3257 3008 3390 3078 μετά
3414 3006 3502 3059 τοῦ
3525 3007 3676 3076 λώρου

493 3103 734 3158 ιτὶ-οτοιιιι
791 3118 902 3157 rem
962 3103 1202 3158 divinam
1249 3103 1420 3169 facit,
1478 3105 1647 3161 fascia
1692 3107 1837 3162 dicta
1881 3117 2043 3178 caput

2148 3101 2244 3170 τὴν
2290 3099 2531 3168 κεφαλὴν
2579 3097 3004 3166 καλυπτόμενος.
3047 3098 3155 3150 Καὶ
3196 3100 3328 3161 τοὺς
3389 3098 3583 3150 δώδεκα
3631 3095 3677 3147 δὲ

492 3195 808 3250 obvolutus.
840 3194 1142 3260 Quinetiam
1196 3210 1272 3249 xu
1318 3196 1442 3251 illos
1492 3197 1834 3252 cardinarios
1879 3196 2037 3266 Papae

2147 3189 2553 3258 Καρδηναρίους
2585 3187 2677 3240 τοῦ
2723 3187 2886 3240 Πάπα
2926 3185 3256 3256 παρομοίως
3304 3187 3563 3256 βλέπομεν
3593 3200 3673 3236 κε·

495 3285 854 3342 consimiliter
901 3286 1144 3341 vldemus
1188 3287 1344 3355 pileis
1397 3289 1576 3342 aureis
1625 3299 1849 3343 ornatos
1904 3289 2035 3358 (64),

494 3376 661 3432 veluti
684 3375 839 3447 Papae
869 3390 1152 3445 personam
1178 3388 1646 3448 repraesentantes,
1675 3379 1898 3448 ejusque
1917 3379 2040 3448 jura

493 3466 803 3522 fulcientes.
831 3464 964 3520 Nam
1002 3467 1366 3538 appellatione
1389 3469 1630 3524 cardinis
1670 3473 1810 3540 apud
1842 3471 2040 3527 Roma-

493 3570 592 3610 nos
635 3564 822 3624 postes
856 3555 1051 3611 forium
1099 3557 1342 3612 veniunt.
1387 3559 1569 3630 itaque
1615 3571 2036 3617 consentaneum

491 3654 596 3710 est,
637 3660 732 3702 eos
771 3646 914 3701 haud
945 3646 1108 3704 dubie
1146 3664 1332 3704 verum
1377 3650 1582 3716 dicere,
1612 3655 1700 3722 qui
1733 3655 2034 3724 perhibent,

491 3740 654 3792 etiam
690 3738 955 3807 cujusque
1003 3740 1262 3809 temporis
1308 3740 1693 3798 chartularium
1733 3761 1892 3801 aurea
1920 3747 2040 3814 ejus

491 3829 634 3882 modi
681 3829 843 3895 tiara,
889 3836 1074 3884 certos
1122 3836 1248 3884 ante
1287 3846 1479 3898 annos,
1527 3833 1582 3888 in
1634 3836 1867 3904 publicis
1913 3837 2035 3904 qui~

488 3916 720 3972 busdam
755 3919 1114 3974 conventibus
1159 3934 1338 3987 usum,
1385 3923 1479 3991 qui
1525 3939 1635 3980 non
1684 3933 1894 3980 tantum
1941 3940 2042 3996 pro

491 4022 643 4063 more
704 4009 1032 4064 haberentur
1078 4010 1130 4064 in
1180 4009 1474 4078 Ecelesiis,
1533 4030 1718 4070 verum
1762 4018 1925 4071 etiam
1979 4018 2039 4072 in

487 4099 949 4168 processionibus,
1000 4107 1054 4155 et
1099 4099 1234 4158 foris
1282 4103 1530 4170 publicis.
1570 4105 1746 4174 Atque
1788 4107 2035 4175 equidem

487 4199 638 4243 certo
665 4190 799 4255 scio,
826 4191 880 4244 in
925 4191 1070 4247 hunc
1103 4208 1275 4262 usque
1300 4193 1441 4249 diem
1475 4195 1768 4263 repositum
1803 4211 1924 4250 esse
1950 4195 2037 4264 pi-

487 4279 633 4332 leum
662 4281 781 4348 ejus
810 4282 957 4334 modi
985 4297 1119 4337 auro
1144 4283 1536 4353 interspersum
1563 4284 1616 4338 in
1652 4298 1774 4338 arca
1812 4285 2040 4338 chartu-

489 4369 616 4421 larii
640 4385 653 4421 :
681 4384 855 4438 neque
899 4370 1114 4442 longum
1155 4373 1459 4439 intercedit,
1492 4387 1555 4426 ac
1596 4379 1858 4426 remotum
1900 4381 2035 4426 tem-

2142 3282 2439 3351 κοσμένους
2468 3280 2686 3349 χρυσοῖς
2713 3277 2906 3346 ὲπιϐλή
2917 3293 3101 3346 μασιν,
3122 3274 3197 3339 ὡς
3222 3274 3673 3344 άντιπροσωποῦνο

2141 3391 2242 3436 τας
2270 3371 2346 3442 τῷ
2379 3371 2564 3434 Πάπα,
2596 3369 2692 3422 καὶ
2737 3368 2805 3420 τὰ
2837 3365 3026 3420 τούτου
3087 3367 3442 3437 στηρίζοντας
3490 3365 3671 3417 δίκαια.

2140 3464 2374 3534 Κάρδων
2406 3463 2514 3531 γάρ
2544 3459 2694 3528 παρὰ
2743 3457 3049 3526 Ῥωμαίοις,
3080 3459 3136 3509 αἱ
3189 3459 3342 3521 φλιαὶ
3385 3455 3490 3509 τῶν
3516 3452 3675 3522 θυρῶν

2139 3549 2514 3620 ὀνομάζονται.
2553 3550 2789 3618 Ἀραρεν
2817 3542 2910 3598 οὖν
2955 3545 3241 3614 ἀληθεύειν
3291 3544 3531 3616 ἐναργῶς
3563 3541 3673 3601 τοὺς

2137 3641 2392 3708 λέγοντας
2425 3639 2521 3692 καὶ
2566 3636 2658 3689 τὸν
2687 3635 2825 3689 κατὰ
2863 3635 3089 3704 καιροὺς
3133 3633 3518 3704 χαρτοφύλακα
3552 3627 3675 3700 μετὰ

2137 3731 2391 3801 τοιαύτης
2421 3729 2614 3799 τιάρας
2645 3727 2852 3797 χρυσῆς
2903 3725 3009 3795 πρὸ
3055 3727 3441 3795 μετρουμένων
3486 3721 3672 3795 χρόνων

2137 3824 2322 3887 τινῶν,
2353 3821 2410 3882 ἐν
2440 3837 2550 3874 τισι
2597 3818 2894 3889 πανδήμοις
2925 3815 3246 3882 δοξάζεσθαι
3297 3817 3671 3887 πανηγύρεσιν,

2135 3915 2197 3966 οὐ
2232 3913 2391 3982 μόνον
2427 3912 2513 3964 ἐπ’
2571 3909 2896 3977 Ἐκκλησίας
2953 3909 3289 3978 γινομέναις,
3349 3910 3426 3972 ὡς
3477 3905 3670 3968 είωθεν,

2142 4004 2276 4058 ἀλλὰ
2310 4005 2404 4060 καὶ
2425 4005 2483 4062 ὲν
2505 4001 2770 4072 προόδοις,
2795 3999 2890 4053 καὶ
2911 3999 3158 4069 ἀγοραῖς.
3189 3999 3674 4070 Πεπληροφόρημαι

2135 4095 2192 4147 δὲ.
2220 4095 2314 4148 καὶ
2347 4093 2525 4155 αὐτὸς,
2558 4089 2872 4144 ἀποκεῖσθαι
2914 4089 3070 4160 μέχρι
3098 4089 3190 4142 τοῦ
3231 4089 3325 4145 νῦν
3378 4091 3455 4153 είς
3505 4088 3560 4142 τὸ
3586 4085 3668 4138 τοῦ

2136 4183 2542 4254 χαρτοφύλακος
2589 4179 2862 4244 κιϐώτιον,
2897 4180 3274 4250 χρυσόπαστον
3299 4179 3534 4234 τοιοῦτον
3563 4175 3672 4230 επι-

2137 4275 2236 4343 ϐλη
2246 4291 2323 4343 μα
2346 4290 2359 4304 ο
2391 4273 2483 4325 καὶ
2506 4273 2693 4342 χρόνος
2715 4270 2814 4324 οὐκ
2842 4271 2955 4322 ἐστι
2981 4270 3258 4340 γηραλέος
3277 4271 3370 4323 καὶ
3389 4267 3622 4338 assumis

2137 4362 2272 4414 άλλᾶ
2305 4362 2422 4423 νέος
2453 4363 2544 4413 κοιλ⁹
2590 4360 2918 4431 πρόσφατος.
2953 4359 3062 4410 Καὶ
3093 4359 3285 4425 φθόνος
3327 4360 3424 4411 οὐκ
3467 4355 3615 4424 άγενὶ

487 4459 634 4526 poris
680 4460 943 4530 spatium,
996 4460 1092 4515 sed
1137 4462 1215 4515 rei
1263 4462 1521 4515 memoria
1561 4475 1751 4516 recens
1783 4471 1886 4515 est.
1923 4460 2034 4515 Nec

2142 4453 2169 4523 ἢ
2207 4453 2298 4506 καὶ
2351 4452 2674 4514 ἀπαίδευτος
2707 4449 2865 4520 δῆθεν
2910 4449 3186 4514 εὐλάϐεια,
3233 4453 3300 4503 τά
3345 4451 3404 4503 τὸ
3452 4446 3670 4500 τοιοῦτον

486 4549 741 4617 ignobilis
775 4551 1000 4615 invidia,
1037 4551 1120 4605 vel
1152 4552 1399 4620 imperita
1432 4550 1640 4604 scilicet
1677 4551 1885 4620 religio,
1921 4566 2034 4605 ma~

486 4651 652 4706 gnum
697 4636 964 4707 ejusmodi
1000 4637 1339 4707 privilegium
1387 4636 1550 4704 hujus
1586 4634 1743 4688 oiiicii
1789 4635 2034 4690 aboleve-

393 4786 402 4796 _
481 4733 632 4781 runt.
667 4728 874 4797 Quippe
912 4742 1007 4796 per
1047 4729 1219 4796 ipsam
1249 4735 1299 4780 te
1324 4726 1605 4781 veritatem
1635 4723 1898 4787 obtestor,
1939 4738 2033 4791 per

481 4815 804 4872 charitatem
847 4816 1176 4881 fraternam,
1227 4829 1322 4882 per
1363 4826 1602 4867 amorem
1651 4827 1776 4880 erga
1824 4811 2026 4876 Deum,

389 4889 413 4942 ἶ·
479 4904 568 4958 die
612 4905 765 4970 mihi,
808 4905 1080 4975 quodnam
1130 4905 1308 4974 majus
1355 4904 1517 4958 fuerit
1557 4917 1734 4973 opera:
1774 4904 2026 4972 pretium,

478 5008 639 5062 quam
671 4993 1060 5049 cbartularium
1088 4995 1268 5049 videre
1313 5007 1699 5062 nonnunquam
1726 5009 1821 5062 per
1849 4991 2023 5045 forum

478 5083 858 5148 procedentem
891 5098 1013 5139 cum
1041 5098 1173 5138 auro
1206 5085 1538 5152 interspersa
1569 5083 1726 5144 tiara,
1757 5083 1844 5151 qui
1877 5082 2025 5134 mulo

478 5173 728 5237 vehatur,
760 5182 814 5227 et
850 5189 998 5228 more
1032 5177 1379 5243 patriai-ebuli
1409 5183 1636 5229 ornatus
1664 5176 1733 5227 sit
1763 5173 1886 5226 albo
1917 5172 2022 5224 lin-

477 5271 583 5330 teo,
612 5264 1062 5332 quemadmodum
1093 5267 1148 5325 id
1173 5283 1386 5337 quoque
1429 5281 1522 5336 per
1558 5265 1847 5319 indicatam
1890 5277 2019 5316 sano

2133 4542 2467 4612 σχολάσαντα
2495 4541 2635 4610 μέγα
2666 4539 2758 4600 τοῦ
2801 4539 3053 4609 ὀφφικίου
3101 4539 3417 4608 προνόμιον.
3447 4537 3510 4588 Τί
3552 4534 3669 4605 γὰρ,

2129 4636 2248 4688 είπέ
2299 4652 2386 4703 μοι
2415 4632 2545 4702 πρὸς
2567 4633 2662 4701 τῆς
2689 4631 2945 4700 ἀληθείας
2969 4630 3158 4700 αὐτῆς,
3189 4630 3325 4698 πρὸς
3350 4631 3446 4697 τῆς
3470 4626 3668 4692 ἀδελφιο
3717 4691 3728 4700 .

2128 4726 2230 4794 κῆς
2286 4724 2526 4792 ἀγάπης,
2565 4722 2700 4790 πρὸς
2734 4721 2830 4788 τῆς
2866 4720 3005 4772 κατὰ
3061 4719 3190 4772 Θεὸν
3223 4719 3536 4779 διαθέσεως,
3593 4715 3669 4781 εἴη

2129 4816 2196 4869 ἂν
2228 4814 2664 4882 σπουδαιότερον,
2697 4812 2790 4867 τοῦ
2821 4812 3035 4880 βλέπειν
3065 4811 3210 4862 ἐστιν
3236 4810 3325 4862 ὅτε
3370 4810 3460 4864 τὸν
3489 4820 3670 4875 χαρτο-

2133 4905 2348 4974 φύλακα
2381 4902 2468 4956 διὰ
2506 4905 2604 4972 τῆς
2631 4902 2836 4970 ἀγορᾶς
2867 4899 3221 4969 προοδεύοντα
3253 4898 3392 4967 μετὰ
3422 4893 3671 4967 χρυσοπά-

2130 5012 2254 5048 στου
2295 4995 2512 5064 τιάρας,
2544 4993 2637 5045 καὶ
2672 4990 3033 5060 ἐποχούμενον
3061 4991 3117 5050 ἐν
3145 4990 3377 5059 ἡμιόνῳ,
3415 5000 3668 5055 πατριαρ-

2127 5086 2294 5154 χικῶς
2332 5082 2469 5152 μετὰ
2496 5082 2702 5134 όθονίου
2749 5080 3138 5150 κεκοσμημένη
3180 5078 3224 5109 ⁸⁸
3258 5075 3476 5138 λευκοῦ,
3501 5070 3666 5130 καθὼς

2126 5173 2412 5228 καὶτοῦτο
2459 5172 2546 5223 διὰ
2579 5170 2672 5223 τοῦ
2724 5169 2978 5240 ῥηθέντος
3009 5169 3381 5237 θεσπίσματος
3430 5165 3664 5232 ὥρισται.

2130 5266 2222 5318 καὶ
2269 5262 2372 5314 ὑπὸ
2403 5261 2808 5329 ὲξκουϐιτὼρων
2860 5261 3360 5330 δορυφορούμενονς
3390 5257 3449 5309 Εί
3483 5253 3552 5324 μή
3588 5265 3664 5310 τις

1735 5397 1968 5451 VARI/IS
2001 5395 2398 5462 LECTIONES.

543 5488 584 5518 ⁸³
606 5488 1034 5558 κεκοσμημένον.

2023 5600 2244 5656 NOTAE.

542 5698 656 5760 (641
685 5697 818 5754 Nota
854 5699 1149 5757 cardinales
1178 5700 1427 5756 Ecclesia:
1481 5699 1636 5755 Rom.
1686 5700 1812 5755 olim
1875 5698 2157 5756 duodecim
2199 5695 2390 5753 fuisse.
