4016 6394
427 389 565 455 1049

1829 383 2231 444 MEDITA'I‘A.

3497 370 3636 435 10.30

432 516 581 582 λέγει
615 512 984 585 προτιμητέαν
1013 507 1150 566 εἶναι
1179 508 1280 583 τὴν
1321 511 1560 580 κεφαλὴν
1589 511 1684 578 τῆς
1716 507 1912 577 χειρὸς,
1939 503 1972 572 ἢ

2102 502 2309 554 ιιίοηοιιι
2367 506 2634 554 statutum
2693 509 2817 566 est,
2885 512 2940 555 et
2997 499 3370 554 excubitorum
3431 501 3626 556 habeat

431 607 590 660 άλλου
630 605 821 676 μέλους
852 604 944 657 τοῦ
976 603 1245 672 σώματος.
1288 603 1456 654 Τοῦτο
1500 601 1604 669 γὰρ
1626 600 1712 652 διὰ
1758 598 1853 668 τὴν
1886 598 1978 649 εὐ-

433 696 621 764 ήθειαν
653 695 713 746 οὐ
760 691 1233 762 παραλληλίςεται.
1293 687 1432 743 Ἀλλ’
1482 688 1758 742 ἐπανιτέον
1788 685 1906 738 ὅθεν
1952 685 1980 735 6

437 787 594 853 λόγος
649 783 936 853 μετέπεσε,
977 781 1072 835 καὶ
1112 781 1394 850 ζητητέον,
1452 779 1596 833 τίνος
1656 777 1816 849 χάριν
1872 776 1980 828 τῶν

438 877 536 946 μὲν
577 875 752 928 ἀλλων
801 875 1072 944 σεκρέτων
1101 874 1150 925 oi
1197 871 1604 940 προκαθήμενοι
1659 871 1838 939 μόνοις
1892 867 1979 930 ἐξ·

443 964 838 1034 υπηρετοῦνται
875 965 1210 1032 σεκρετικοῖς
1231 961 1558 1022 δουλευταῖςο
1579 963 1606 1012 6
1633 961 1688 1013 δὲ
1713 956 1981 1030 χαρτοφύ-

433 1052 533 1116 λαξ
553 1054 798 1121 τάγμασι
819 1053 1017 1115 διττοῖς
1039 1050 1370 1121 διακονητῶν
1402 1049 1772 1119 μεγεθύνεται.
1800 1047 1982 1118 Φαμὲν

433 1139 547 1208 οὖν,
580 1144 661 1196 ὅτι
688 1144 756 1196 τὰ
779 1144 870 1196 τοῦ
904 1143 1313 1213 χαρτοφύλακος
1347 1143 1524 1196 δίκαια
1541 1140 1783 1211 ψυχικῶν
1813 1142 1983 1210 ῥυπα-

437 1233 658 1300 σμάτων
691 1233 797 1285 είσὶ
823 1232 1188 1304 καθαρτήρια,
1207 1233 1298 1285 καὶ
1315 1231 1635 1302 νοσημάτων
1659 1229 1983 1299 σωματικῶν

435 1322 772 1393 ἀλεξιτήρια.
809 1323 902 1376 Διὸ
951 1324 1045 1376 καὶ
1087 1323 1415 1388 τετύπωται,
1462 1322 1753 1391 ταγμάτων
1795 1319 1985 1372 διττῶν

438 1411 733 1480 ὕπουργοῖς
749 1411 888 1464 αὐτὰ
916 1410 1361 1465 κατευθύνεσθαι.
1388 1411 1484 1465 Ἂν
1505 1411 1634 1478 γοῦν
1653 1409 1984 1479 θεμιστεύων

443 1503 806 1573 προκάθηται,
843 1504 936 1555 καὶ
989 1503 1278 1556 δικαστικά
1323 1502 1570 1565 διῦλίξων
1595 1502 1860 1571 νοήματα,
1899 1502 1986 1555 νό-

445 1610 577 1663 μους
611 1593 856 1663 συνάπτῃ
908 1593 1156 1663 νομίμοις
1195 1593 1626 1663 θεσπιωδήμασι,
1668 1593 1762 1645 καὶ
1799 1595 1986 1646 κανόσι

440 1684 674 1746 κανόνας
719 1683 1024 1754 άρμολογῇ,
1080 1685 1146 1738 ἂν
1203 1683 1498 1751 δικολογῶν
1553 1685 1840 1754 προτάσεις
1893 1684 1989 1737 καὶ

442 1773 740 1836 ἀντιθέσεις
771 1774 1109 1844 σφυρηλατῇ,
1146 1775 1238 1827 καὶ
1280 1775 1376 1836 τάς
1406 1774 1504 1842 μὲν
1544 1773 1884 1846 άποσμιλεύῃ
1919 1777 1982 1845 τῇ

2080 589 2439 646 satellitium?
2486 590 2586 644 nisi
2636 591 2758 659 quis
2804 592 2982 646 dicere
3035 592 3190 655 velit,
3239 593 3356 660 plus
3402 593 3628 649 honoris

2079 679 2428 734 deferendum
2460 679 2643 746 capiti,
2671 695 2831 747 quam
2856 679 3062 743 manui,
3093 681 3175 734 vel
3202 680 3354 734 alteri
3383 684 3628 735 membro

2081 769 2349 836 corporis.
2382 768 2516 821 Nam
2548 769 2661 822 haec
2691 771 3044 836 comparatio,
3078 784 3176 823 ceu
3202 769 3388 834 stulta,
3419 784 3523 823 non
3548 770 3631 821 in-

2081 861 2347 920 stituitur.
2389 859 2495 916 Sed
2528 860 2888 926 redeundum,
2935 862 3076 916 unde
3101 862 3319 916 deﬂexit
3350 864 3548 923 oratio,
3579 869 3632 915 et

2084 951 2462 1019 inqulrendum
2501 991 2515 1014 ,
2580 950 2931 1018 quamobrem
3004 951 3232 1004 aliorum
3293 957 3628 1005 secretorum

2082 1043 2342 1111 praesides
2392 1043 2671 1100 secreticis
2744 1042 3006 1096 duntaxat
3061 1043 3300 1098 servitiis
3350 1053 3572 1097 utantur
3616 1060 3633 1095 :

2083 1145 2206 1186 cum
2246 1132 2614 1188 chartularius
2645 1133 2986 1188 auctoritatis
3017 1133 3240 1202 majoris
3269 1147 3434 1188 causa
3464 1133 3636 1202 gemi-

2084 1238 2184 1278 nos
2223 1223 2417 1279 habeat
2461 1225 2837 1279 ministrorum
2879 1223 3117 1278 ordines.
3148 1224 3334 1293 Itaque
3378 1223 3634 1290 dicimus,

2085 1313 2140 1367 in
2169 1329 2233 1368 eo
2262 1314 2468 1368 versari
2510 1315 2633 1382 jura
2661 1315 2999 1379 chartularii,
3029 1326 3082 1367 ut
3109 1315 3413 1369 animorum
3445 1317 3636 1370 sordes

2087 1410 2369 1473 expurget,
2387 1417 2450 1456 ac
2478 1405 2682 1459 morbis
2705 1406 2982 1473 corporeis
3011 1405 3335 1459 medicinam
3360 1406 3635 1461 adhibeat.

2086 1491 2320 1562 Ideoque
2361 1501 2624 1548 statutum
2660 1504 2764 1558 est,
2798 1495 2912 1548 haec
2955 1509 3076 1549 esse
3105 1495 3386 1564 dirigenda
3425 1510 3520 1564 per
3548 1511 3640 1565 ge-

2088 1583 2360 1638 minorum
2395 1584 2647 1638 ordinum
2679 1584 3049 1640 administros.
3085 1585 3208 1640 Sive
3237 1588 3400 1656 igitur
3424 1587 3516 1656 jus
3553 1587 3640 1642 tli-

2087 1688 2217 1727 cens
2260 1674 2566 1744 praesideat,
2612 1685 2667 1730 et
2727 1673 3055 1742 judiciarios
3100 1677 3386 1744 percolans
3432 1677 3642 1733 intelle-

2091 1772 2232 1826 ctus,
2273 1763 2418 1833 leges
2451 1779 2573 1818 cum
2620 1766 2794 1835 legum
2837 1767 3209 1821 sanctionibus
3237 1777 3542 1837 componat,
3586 1775 3640 1822 et

442 1863 595 1933 λυδίᾳ
628 1864 722 1933 τῆς
766 1863 1136 1930 διαγνώσεως,
1187 1865 1284 1925 τὰς
1330 1865 1386 1917 δὲ
1444 1864 1844 1935 παραδέχηται⁶
1895 1866 1988 1918 καὶ

2102 1868 2327 1908 :anones
2375 1869 2496 1908 cum
2549 1855 2854 1910 canonibus
2907 1857 3203 1914 conciliet:
3264 1859 3378 1912 sive
3441 1873 3639 1914 causas

445 1951 614 2014 τέλος,
638 1951 703 2004 ἂν
729 1950 937 2017 κρίσεις
957 1969 1156 2021 πατρια
1166 1953 1364 2022 ρχικῶν
1385 1954 1648 2023 νοταρίων
1665 1953 1987 2024 ζυγοστατῇ,

446 2046 781 2110 σεκρετικῶν
829 2041 1128 2105 διαλαλιαῖς
1185 2042 1573 2111 μεγαλύνεταιο
1623 2044 1716 2096 καὶ
1769 2044 1990 2112 μᾶλλον,

449 2132 576 2185 ὅταν
616 2133 674 2185 τὸ
703 2133 1051 2203 δικαστήριον
1077 2135 1132 2184 ἐν
1160 2133 1338 2201 μόνοις
1360 2133 1642 2203 πράγμασι
1670 2132 1994 2203 στημονίζη·

445 2238 555 2275 ται.
594 2223 655 2275 El
702 2223 758 2276 δὲ
790 2222 1133 2294 προκάθηται
1156 2222 1398 2292 ψυχικῶν
1425 2223 1868 2293 ἀρρωστημάτων
1909 2224 1995 2276 θε-

451 2311 680 2380 ραπείαν
736 2311 1074 2380 ποιούμενος,
1136 2312 1228 2364 καὶ
1293 2313 1604 2380 σεσηπότων
1670 2313 1995 2382 τραυμάτων

449 2403 909 2472 ἐπισκεπτόμενος
932 2403 1278 2473 κακοήθειαν,
1306 2404 1379 2472 πῆ
1403 2403 1498 2471 μὲν
1526 2404 1726 2473 σιδήρῳ
1746 2403 1995 2473 χωνεύων

453 2493 544 2544 τοῦ
576 2493 784 2555 πάθους
815 2493 912 2562 τὴν
951 2493 1310 2562 ὑπουλότητα,
1345 2495 1420 2563 πῆ
1444 2495 1488 2546 δ’
1519 2495 1836 2547 ἑπιπάσσων
1860 2495 1996 2564 ἤπια

453 2583 740 2652 φάρμακα,
787 2582 936 2652 παρὰ
979 2584 1075 2651 τῆς
1113 2581 1318 2646 τάξεως
1353 2584 1698 2652 ὑπηρετεῖται
1745 2585 1852 2636 τῶν
1881 2586 1999 2637 ἐπι-

456 2674 811 2727 σκοπειανῶν.
865 2675 928 2727 El
982 2674 1026 2726 δ’
1059 2674 1205 2727 ἔστιν
1236 2675 1324 2727 ὅτε
1381 2675 1520 2728 κατὰ
1571 2674 1846 2746 διορισμὸν
1894 2694 1997 2730 πα-

451 2764 791 2836 τριαρχικὸν,
817 2764 940 2818 τινὰ
985 2765 1095 2818 τῶν
1136 2765 1446 2836 προνομίων
1491 2765 1695 2820 τούτων
1751 2784 1998 2838 παρασα-

450 2849 707 2915 λεύοιντο,
739 2853 874 2915 τέως
903 2852 1012 2921 ἐγὼ
1034 2854 1232 2920 ἀγνοῶ,
1267 2854 1360 2907 καὶ
1398 2854 1724 2925 συγγνώμης
1761 2856 1997 2926 ἀξιωθή-

451 2957 638 3011 σομαι,
671 2943 768 3012 τὴν
798 2942 1032 2997 παλαιάν
1055 2945 1418 2998 ἀναδιδάσκων
1445 2945 1760 3015 παράδοσιν.
1784 2946 1998 3000 Τούτων

452 3028 546 3087 οὖν
583 3033 723 3086 οὕτω
761 3035 940 3098 καλῶς
983 3035 1482 3105 διευκρινηοέντων,
1515 3037 1588 3099 ὠς
1630 3033 1800 3108 οἶμαι,
1831 3039 1998 3107 ἀναγο

463 3126 608 3176 ιιαῖον
636 3125 778 3188 ἔδοξέ
821 3142 910 3195 μοι
939 3127 1159 3196 ποιῆσαι
1188 3130 1278 3180 καὶ
1307 3128 1442 3197 πρὸς
1465 3130 1555 3182 τὸν
1595 3130 1735 3182 κατὰ
1774 3133 1998 3201 καιροὺς

456 3213 842 3282 χαρτοφύλακα
875 3215 1091 3269 δικαίαν
1121 3215 1365 3280 ἀξίωσιν.
1395 3219 1637 3272 Δέσποτά
1673 3237 1774 3285 μου
1804 3238 1998 3290 χαρτο-

457 3304 652 3371 φύλαξ,
720 3305 782 3358 τὸ
837 3306 1199 3375 έμπιστευθέν
1257 3325 1340 3361 σοι
1398 3309 1654 3362 τάλαντον
1710 3309 1816 3362 ἀπὸ
1865 3310 2000 3364 Θεοῦ

459 3396 919 3465 παντοκράτορος,
956 3396 1030 3466 μὴ
1064 3397 1447 3468 καταχωσθείη
1475 3398 1562 3452 διὰ
1588 3399 1852 3470 νωθρείαν
1884 3418 1998 3466 σου,

459 3482 546 3535 ἵνα
577 3483 652 3553 μὴ
683 3483 918 3555 ἀκούσῃς
941 3485 1124 3548 δοῦλος
1147 3485 1378 3555 πονηρὸς
1396 3487 1490 3541 καὶ
1521 3488 1812 3559 ἀχάριστος
1831 3505 1844 3518 ο
1870 3489 2004 3558 μηδὲ

456 3572 517 3625 τὸ
549 3574 731 3643 κέρμα
757 3573 863 3628 τῶν
906 3575 1158 3644 μεγάλων
1193 3577 1500 3646 προνομίων
1520 3578 1684 3632 αὑτοῦ
1722 3578 2003 3650 προδοθείη

469 3665 612 3717 κατά
643 3663 741 3733 σὴν
776 3664 978 3734 πολλὴν
1004 3666 1306 3718 ἐπιείκειαν
1329 3683 1344 3699 ·
1385 3666 1521 3721 ἀλλὰ
1549 3668 1841 3738 διαδοθήτω
1871 3671 2008 3738 πρὸς

468 3753 819 3822 τραπεζίτας,
860 3753 955 3807 καὶ
983 3754 1525 3826 διπλασιασθήσεται.
1554 3758 1762 3810 Σκοπόν
1796 3775 1854 3811 σε
1883 3776 2010 3815 κατε

461 3839 655 3911 ἐστησε
706 3841 958 3913 δεύτερον
1002 3845 1030 3897 6
1078 3844 1208 3908 Θεὸς
1254 3845 1343 3898 διὰ
1391 3846 1571 3916 χειρὸς
1626 3849 2007 3918 ὲπισκοπικῆς.

466 3930 773 3984 Κάντεῦθεν
800 3933 890 3984 ἐπὶ
929 3932 1005 4002 τῷ
1037 3935 1261 4004 στόματί
1307 3951 1398 3988 σου
1445 3935 1644 3999 πάντες
1675 3937 2008 4008 είσέρχονται

464 4023 542 4083 είς
577 4019 723 4076 οῐκον
749 4021 884 4076 Θεοῦ
914 4025 1370 4096 παντοκράτορος,
1420 4026 1515 4080 καὶ
1557 4027 1649 4080 ἐπὶ
1677 4028 1753 4098 τῷ
1784 4029 2010 4099 στόματί

466 4128 560 4179 σου
593 4113 928 4182 ἐξέρχονται.
968 4114 1060 4185 Μὴ
1097 4113 1190 4169 οὖν
1219 4115 1402 4186 εἴπῃς,
1435 4117 1500 4169 Τί
1545 4116 1725 4188 δοθείη
1771 4136 1883 4188 μοι,
1918 4121 2012 4173 καὶ

464 4202 516 4254 τί
541 4204 863 4274 προστεθείη
897 4222 988 4275 μοι
1015 4205 1151 4276 πρὸς
1185 4207 1454 4277 μέριμναν
1493 4207 1826 4278 όλοχρόνιον;
1862 4209 2012 4280 Μηδὲ

469 4293 720 4365 σιγήσῃς,
785 4294 917 4364 μηδὲ
968 4295 1380 4370 καταπραύνῃς,
1443 4297 1577 4366 μηδὲ
1649 4297 1883 4370 λαλήσῃς
1936 4299 2012 4362 ῶς

462 4383 768 4454 ἀνθρώποις
837 4386 1117 4455 ἀρέσκων,
1177 4382 1332 4440 εἷπεν
1396 4388 1425 4438 6
1496 4389 1667 4457 μέγας
1720 4389 2013 4450 ἀπόστολος

2091 1960 2277 2013 agens,
2325 1946 2724 2015 propositiones
2766 1955 2820 2000 et
2867 1946 3197 2013 objectiones
3240 1949 3342 2004 sub
3389 1949 3639 2003 incudem

2091 2041 2326 2097 revocet,
2357 2043 2412 2087 et
2457 2035 2554 2088 has
2599 2035 2814 2104 quidem
2861 2037 3007 2089 velut
3038 2038 3260 2091 abradat
3293 2055 3387 2108 per
3414 2037 3643 2111 Lydium

2093 2123 2426 2192 c0gnitionis
2477 2125 2730 2192 lapidem,
2778 2125 2900 2181 illas
2941 2127 3219 2193 admittat;
3266 2129 3381 2184 sive
3412 2131 3645 2199 denique

2089 2213 2292 2282 judicia
2337 2216 2673 2268 notariorum
2717 2217 3160 2286 patriarcltalium
3205 2222 3500 2289 ponderet,
3549 2238 3646 2292 per

2095 2306 2483 2361 secreticorum
2513 2307 2890 2362 ministrorum
2927 2309 3141 2364 decreta
3169 2301 3417 2381 magnam
3455 2322 3649 2368 aucto-

2095 2395 2308 2451 ritatem
2339 2399 2724 2467 consequitur;
2756 2400 3055 2469 praesertim
3087 2417 3208 2456 cum
3240 2404 3373 2458 solis
3402 2403 3456 2459 in
3483 2405 3649 2460 rebus

2091 2486 2355 2555 judicium
2391 2488 2542 2544 texit.
2586 2488 2680 2543 Sin
2714 2490 2789 2544 ita
2829 2492 3099 2558 praesidet,
3148 2501 3206 2547 ut
3234 2495 3649 2564 mgritudinibus

2097 2577 2264 2631 animi
2297 2580 2593 2632 remedium
2627 2580 2902 2645 adhibeat,
2928 2589 2982 2636 et
3003 2583 3337 2650 putridorum
3365 2587 3646 2642 vulnerum

2096 2667 2394 2722 fmditatem
2438 2668 2719 2738 inspiciat,
2769 2686 2832 2725 ac
2875 2687 3262 2743 nonnunquam
3298 2675 3444 2731 ferro
3475 2678 3648 2733 latens

2100 2757 2215 2810 vitii
2257 2757 2458 2811 malum
2505 2759 2717 2824 adurat,
2755 2776 3142 2832 nonnunquam
3179 2765 3324 2819 mitia
3370 2766 3647 2838 inspergat

2098 2848 2532 2916 medicamenta,
2585 2851 2793 2906 ordinis
2838 2853 3304 2922 episcopianorum
3349 2857 3652 2914 ministerio

2101 2939 2293 2994 utitur.
2350 2941 2430 2994 An
2474 2956 2601 2996 vero
2647 2942 2920 2996 interdum
2963 2943 3042 2999 sic
3084 2944 3310 3013 jubente
3341 2961 3406 3003 ac
3439 2949 3652 3005 volente

2103 3030 2410 3098 patriarcha
2445 3033 2757 3096 usuvcniat,
2807 3043 2866 3087 ut
2917 3034 3136 3103 aliquod
3185 3036 3376 3092 borum
3428 3041 3652 3109 privile-

2102 3120 2314 3189 giorum
2344 3122 2463 3175 loco
2496 3133 2804 3190 moveatur;
2829 3125 3078 3193 equidem
3113 3127 3254 3181 scire
3278 3143 3386 3184 non
3411 3145 3649 3198 possum.

2104 3217 2158 3261 et
2204 3209 2415 3263 veniam
2460 3211 2725 3276 merebor,
2749 3214 2842 3281 qui
2884 3215 3334 3269 consuetudinem
3374 3218 3652 3287 antiquam

2103 3301 2291 3356 doceo.
2326 3300 2420 3358 His
2451 3302 2615 3369 igitur
2654 3302 2708 3356 in
2734 3302 2878 3356 hunc
2909 3303 3126 3357 modum
3166 3314 3311 3360 recte
3341 3305 3653 3375 declaratis,

2105 3398 2164 3445 ut
2195 3391 2450 3458 arbitror,
2479 3393 2848 3448 necessarium
2876 3391 3006 3446 mihi
3029 3393 3211 3448 visum
3242 3402 3347 3461 est,
3373 3403 3434 3450 ut
3453 3397 3656 3466 justam

2105 3482 2418 3550 petitionem
2463 3481 2530 3536 ad
2573 3482 2812 3552 cujusvis
2852 3483 3112 3552 temporis
3144 3484 3530 3542 chartularium
3573 3489 3658 3544 in-

2107 3571 2351 3625 Stituam.
2397 3571 2624 3626 Domine
2657 3571 2731 3626 mi
2778 3571 3189 3644 chartophylax,
3221 3574 3480 3631 talentum
3535 3578 3658 3635 ﬁdei

2109 3669 2214 3714 tum
2259 3662 2524 3715 creditum
2569 3663 2637 3717 ab
2677 3662 3046 3732 omnipotente
3091 3664 3223 3730 Deo,
3261 3681 3358 3735 per
3386 3670 3656 3738 ignaviam

2109 3759 2258 3806 tuam
2289 3767 2357 3806 ne
2385 3751 2660 3806 defossum
2688 3752 2795 3820 sit;
2827 3768 2896 3807 ne
2924 3769 3114 3809 servus
3137 3770 3367 3825 nequam
3396 3769 3449 3812 et
3479 3761 3660 3830 ingra-

2109 3850 2199 3897 tus
2237 3842 2524 3911 appelleris
2571 3859 2587 3896 :
2638 3857 2776 3897 neve
2813 3858 3131 3911 magnorum
3165 3845 3325 3914 hujus
3359 3851 3514 3904 oﬂicii
3549 3854 3663 3920 pri-

2109 3931 2426 4001 vilegiorum
2459 3947 2553 3997 aes,
2591 3933 2755 3986 nimia
2789 3935 3203 3990 mansuetudine
3231 3946 3320 3990 ttta
3353 3941 3615 4008 prodatur
3644 3983 3660 4007 ,

2112 4021 2205 4075 sed
2237 4023 2378 4074 inter
2415 4021 2808 4075 nummularius
2835 4022 3219 4089 distribuatur,
3248 4034 3302 4081 et
3332 4028 3658 4097 duplicetur.

2111 4111 2356 4165 Alterum
2401 4120 2451 4165 te
2491 4125 2715 4181 scopum
2757 4112 2897 4168 Deus
2929 4128 3026 4183 per
3053 4116 3408 4184 episcopalem
3439 4135 3658 4180 manum

2119 4201 2428 4257 constituit.
2473 4201 2594 4267 Quo
2650 4201 2730 4266 ﬁt,
2775 4211 2835 4256 ut
2873 4204 2939 4258 ad
2984 4218 3047 4259 os
3085 4214 3235 4259 tuum
3279 4209 3663 4276 omnipotentis

2114 4289 2212 4344 Dei
2255 4290 2476 4344 domum
2523 4305 2714 4345 omnes
2761 4290 3155 4362 ingrediantur,
3198 4302 3252 4350 et
3294 4295 3360 4350 ad
3401 4311 3463 4352 os
3511 4307 3659 4356 tuum

2114 4381 2481 4450 egrediantur.
2524 4379 2640 4436 Non
2687 4397 2816 4451 ergo
2867 4383 3070 4440 dixeris
3116 4401 3130 4438 :
3183 4384 3320 4452 Quid
3368 4388 3483 4443 dari
3527 4391 3661 4446 mihi

465 4474 696 4538 Παῦλος,
737 4475 856 4528 κατ’
899 4479 1104 4530 ἐκεῖνον
1150 4477 1242 4530 τὸν
1290 4479 1528 4547 πονηρὸν
1579 4478 1864 4548 μισθωτὸν,
1914 4478 2001 4532 τὸν

2114 4470 2308 4538 possit,
2332 4480 2385 4524 et
2412 4469 2540 4538 quid
2572 4469 2733 4538 adjici
2770 4471 2836 4524 ad
2855 4471 3275 4528 sollicitudinem
3319 4481 3666 4546 perpetuam!

466 4563 590 4618 aut)"
619 4565 810 4619 ἑαυτὸν
861 4566 1222 4637 ψιθυρίσαντα
1249 4583 1262 4597 ⁸
1295 4567 1353 4619 τὸ
1401 4567 1647 4620 ἐκλεῖπον
1693 4568 2008 4633 έκλειπέτω,

465 4655 522 4704 τὸ
551 4654 980 4725 ὶσκορπισμένον
1013 4658 1086 4726 μὴ
1119 4657 1429 4726 συναχθείη,
1458 4657 1554 4710 καὶ
1599 4658 1660 4709 τὸ
1695 4659 2016 4728 συντετριμὲ

469 4745 628 4814 μένον
659 4746 733 4815 μὴ
755 4745 1129 4815 ὁλομεληθείη.
1179 4747 1364 4815 Ἀρκεῖ
1390 4747 1494 4816 γὰρ
1536 4749 1601 4816 τῇ
1637 4746 1818 4817 ἡμέρᾳ
1845 4749 1878 4818 ἡ
1909 4731 2020 4800 καέ

468 4835 562 4888 κία
615 4837 806 4906 αὐτῆς.
862 4836 1021 4890 Ἀλλά
1061 4836 1290 4906 σήρυξον
1342 4836 1729 4900 ἀποστολικῶς,
1786 4835 2015 4890 ἐνώπιον

468 4925 602 4977 Θεοῦ
636 4925 734 4994 τὴν
783 4925 1058 4994 ἀλήθειαν.
1117 4925 1401 4996 Ἐπίστηθι
1429 4925 1718 4996 εὐκαίρως,
1751 4927 2013 4997 ἀκαίρως,

471 5013 706 5084 ίλεγξον,
759 5017 1100 5086 ἐπιτίμησον,
1161 5017 1564 5086 παρακάλεσον,
1615 5019 2015 5088 κακοπάθησον,

474 5105 632 5176 ἔργον
683 5105 905 5176 ποίησον
966 5105 1370 5174 εόαγγελιστοῦ,
1420 5107 1520 5175 τὴν
1596 5107 1868 5162 διακονίαν
1923 5125 2016 5162 σου

475 5198 910 5268 πληροφόρησον.
948 5197 1058 5249 Καὶ
1086 5196 1225 5265 τάχα
1254 5195 1513 5258 νεανικῶς
1554 5197 1695 5248 οὕτω
1733 5197 1824 5250 τὸν
1859 5196 2020 5251 καλὸν

477 5289 660 5355 ἀγῶνα
704 5287 844 5340 κατὰ
872 5286 932 5339 τὸ
970 5285 1319 5356 ἀπῃτημένον
1353 5286 1778 5353 ἀγωνισάμενος,
1809 5289 1900 5339 καὶ
1925 5287 2024 5356 τὴν

477 5379 750 5433 διακονίαν
830 5394 924 5430 σου
990 5379 1334 5448 συντηρήσας
1417 5377 1860 5434 ἀνεπιϐούλευτον
1931 5379 2024 5433 καὶ

478 5471 767 5544 ἀμείωτον,
815 5470 871 5519 ἐν
917 5467 994 5538 τῷ
1030 5467 1215 5536 μηδενὶ
1242 5468 1305 5522 ἂν
1348 5466 1686 5540 ταπεινώσῃς
1717 5468 1841 5530 τοὺς
1877 5470 2024 5522 ἀντιο

479 5559 798 5620 πίπτοντας,
839 5558 931 5611 καὶ
972 5560 1136 5627 ἐρεῖς,
1187 5557 1290 5610 Τὸν
1341 5557 1538 5627 δρόμον
1592 5557 1872 5621 τετέλεκα,
1927 5559 2024 5629 τὴν

480 5650 665 5702 πίστιν
691 5649 990 5719 τετήρηκα.
1024 5649 1221 5702 Λοιπὸν
1250 5648 1535 5702 ἀπόκειταί
1564 5666 1652 5718 μοι
1687 5649 1784 5719 τῆς
1819 5647 2022 5707 δικαιο-

484 5740 647 5808 σύνης
670 5741 695 5794 6
729 5739 1013 5809 στέφανος.
1057 5741 1153 5805 Ὃς
1183 5741 1274 5795 καὶ
1301 5739 1582 5810 δοθήσεταί
1615 5756 1695 5794 σοι
1721 5740 1870 5809 ποιρά
1893 5737 2025 5791 9εοῦ

2113 4560 2259 4615 Neve
2311 4556 2567 4622 tacueris,
2599 4575 2698 4615 nec
2727 4561 3070 4629 demulseris,
3099 4579 3201 4618 nec
3231 4565 3444 4622 locutus
3474 4567 3662 4634 fueris,

2115 4651 2281 4706 veluti
2317 4651 2409 4721 qui
2445 4650 2758 4706 hominibus
2790 4652 3002 4720 placere
3032 4653 3187 4720 velis,
3227 4655 3406 4724 inquit
3437 4671 3664 4727 magnus

2116 4743 2205 4798 ille
2227 4743 2426 4797 Paulus
2448 4743 2746 4814 apostolus,
2768 4745 2941 4801 instar
2965 4746 3108 4800 illius
3145 4748 3291 4816 pravi
3320 4751 3664 4815 mercenarii,

2119 4832 2211 4900 qui
2253 4833 2396 4901 apud
2439 4833 2789 4902 semetipsum
2838 4835 3206 4890 susurrabat:
3240 4835 3480 4899 Deficiat,
3506 4835 3665 4907 quod

2119 4923 2328 4986 deﬁcit,
2369 4922 2674 4993 dispersum
2721 4940 2830 4980 non
2874 4925 3174 4993 colligatur,
3218 4927 3511 4982 contritum
3557 4944 3663 4982 non

2119 5015 2538 5083 redintegretur.
2589 5014 2797 5070 Suﬂicit
2845 5031 3082 5084 namque
3127 5017 3234 5071 diei
3281 5017 3500 5072 aﬂlictio
3545 5033 3668 5073 sua.

2121 5105 2224 5160 Sed
2255 5106 2436 5174 potius
2477 5106 2774 5175 apostolico
2805 5119 2958 5160 more
2988 5106 3268 5161 veritatem
3297 5108 3352 5161 in
3377 5119 3668 5177 conspectu

2121 5196 2215 5250 Dci
2249 5196 2562 5266 praedicata.
2590 5195 2736 5250 Iusta
2759 5205 3083 5264 opportune,
3109 5196 3433 5265 importune.
3465 5198 3671 5252 Redar-

2124 5303 2248 5357 με,
2284 5286 2523 5356 increpa,
2557 5286 2863 5351 cohortare,
2897 5285 3134 5340 tolerans
3157 5294 3296 5349 esto,
3324 5285 3408 5341 fac
3437 5287 3668 5342 oﬂicium

2123 5376 2487 5445 evangelista,
2523 5375 2885 5430 ministerium
2923 5383 3073 5430 tuum
3107 5375 3291 5444 imple.
3322 5377 3397 5429 Ac
3426 5375 3671 5430 fortassis

2126 5468 2198 5522 ita
2234 5467 2546 5535 juveniliter
2582 5467 2830 5522 absoluto
2859 5466 3117 5536 prmelaro
3151 5466 3467 5531 certamine,
3509 5476 3670 5535 prout

2128 5559 2224 5613 abs
2254 5565 2308 5613 te
2340 5558 2671 5628 postulatum
2713 5557 2896 5620 fuerit,
2931 5567 2984 5611 et
3017 5564 3340 5611 conservato
3370 5557 3674 5611 ministerio

2130 5658 2222 5703 tuo
2264 5649 2396 5703 citra
2444 5648 2691 5710 insidias,
2729 5662 2791 5701 ac
2837 5647 3059 5701 minime
3092 5645 3388 5710 deminuto,
3432 5645 3484 5698 in
3528 5646 3676 5699 nullo

2132 5740 2444 5794 humiliahis
2483 5739 2856 5806 adversantes,
2891 5752 2950 5792 ac
2980 5736 3127 5793 dices
3153 5755 3164 5792 :
3189 5736 3417 5793 Cursum
3446 5735 3674 5799 abso'vi,
