4016 6448
479 396 611 467 1051

1722 412 1996 476 ΤΗΕΟΒ.
2038 414 2511 475 BALSAMONIS

3536 418 3650 486 1052

478 539 637 592 ﬁdem
679 539 1024 592 conservavi.
1059 539 1131 593 De
1164 548 1363 593 caetero
1394 538 1630 606 reposita
1663 538 1795 592 mihi
1831 546 1913 592 est
1946 553 2004 593 co

2105 564 2120 597 ι
2146 537 2578 607 παντοκράτορος
2610 536 2669 590 ἐν
2698 554 2758 590 τε
2784 536 2861 608 τῷ
2888 537 2983 591 νῦν
3020 538 3195 603 αίῶνι,
3237 539 3325 593 καὶ
3347 542 3399 594 ἐν
3438 541 3505 613 τῷ
3535 544 3642 614 μέλι

477 643 608 682 rona
649 627 898 697 justitim.
930 628 1061 692 Quae
1107 628 1326 697 quidem
1359 628 1579 682 dabitur
1611 627 1704 681 tibi
1752 628 1817 681 ab
1858 629 2031 682 omni-

478 729 696 788 potente
739 718 849 775 Dco
886 730 992 773 tam
1041 718 1097 774 in
1140 720 1247 774 hoc
1296 721 1513 783 saeculo,
1545 735 1705 788 quam
1743 719 1794 773 in
1827 720 2033 782 futuro,

475 807 640 875 idque
686 809 737 860 in
783 806 998 863 Christo
1044 806 1169 863 Jesu
1218 807 1445 862 Domino
1495 817 1704 874 nostro,
1732 810 1820 864 cui
1866 810 2033 880 gloria

474 907 529 953 et
556 899 840 969 imperium
869 900 922 954 in
955 902 1178 956 saecula.
1215 901 1410 953 Amen.

1092 1010 1404 1066 EJUSDEM

474 1120 737 1191 Cognitio.
780 1123 844 1176 de
890 1124 1181 1191 disceptata
1222 1125 1275 1176 in
1318 1126 1515 1193 synodo
1563 1126 1866 1193 quiralione,
1909 1142 2031 1179 nun:

612 1207 747 1245 unus
781 1203 830 1247 et
859 1192 994 1247 idem
1030 1184 1235 1247 duabus
1261 1184 1484 1248 solfrinis
1506 1184 1659 1264 junéi
1691 1184 1895 1248 debeat.

536 1377 946 1431 Atheniensium
981 1386 1092 1430 tam
1120 1378 1405 1448 indigenae,
1437 1392 1600 1448 quam
1630 1377 1869 1442 advenae,
1895 1380 2027 1433 nulli

467 1467 558 1521 alii
591 1467 668 1519 rei
710 1468 996 1532 vacabant,
1025 1469 1201 1536 inquit
1235 1485 1458 1555 magnus
1493 1470 1581 1521 ille
1613 1467 1833 1532 Paulus,
1865 1486 2025 1539 quam

2140 628 2305 690 λοντι,
2340 630 2396 682 ὲν
2428 628 2648 699 Χριστῷ
2685 629 2861 700 Ἰησοῦ
2901 628 2978 699 τῷ
3003 629 3190 701 Κυρίῳ
3225 631 3392 702 ἡμῶν,
3426 626 3645 705 ᾧὴδόξα

2141 721 2233 774 καὶ
2258 719 2319 772 τὸ
2346 719 2543 790 κράτος
2569 721 2648 784 είς
2676 721 2800 787 τοὺς
2820 721 3043 785 αἰῶνας.
3086 722 3273 793 Ἀμήν.

2702 1016 2839 1071 ΤΟΥ
2890 1012 3123 1072 ΑΥΤΟΥ

2136 1124 2479 1200 Διὰπνωσις,
2517 1126 2691 1200 χάριν
2723 1127 2829 1200 τοῦ
2850 1129 3219 1200 λαληθέντος
3242 1128 3558 1197 συναδικῶς
3575 1131 3654 1200 ἴῃ·

2204 1195 2481 1266 σήματος,
2511 1197 2792 1266 περὶτοῦ,
2839 1199 2891 1251 εί
2936 1195 3050 1266 χρὴ
3084 1195 3204 1252 τὸν(
3234 1201 3414 1255 αὐτὸν
3445 1195 3656 1256 καίὲκα

2204 1263 2343 1317 δυσὶ
2373 1264 2838 1335 δισεξαδέλφαις
2868 1263 3302 1327 συνάπτεσθαι.

2201 1376 2262 1428 0i
2291 1378 2400 1429 τῶν
2447 1377 2744 1448 Ἀθηναίων
2781 1378 3044 1448 ἰθαγενεῖς
3082 1381 3178 1433 καὶ
3206 1382 3551 1451 ,προσήλυτοι
3590 1383 3660 1445 είς

2128 1465 2278 1518 οὐδὲν
2316 1466 2501 1539 ἕτερον
2546 1469 2856 1540 εὐκαίρουν,
2905 1472 2933 1523 ὁ
2974 1470 3147 1540 μέγας
3186 1470 3393 1535 Παῦλός
3430 1472 3659 1543 φησιν,η

467 1566 526 1610 ut
559 1556 763 1625 aliquid
803 1560 927 1611 novi
979 1567 1091 1611 tum
1143 1552 1465 1627 profrirrcut,
1502 1569 1614 1611 tum
1657 1552 1927 1613 audit-ent.
1961 1564 2001 1614 A

2128 1553 2304 1621 λέγειν
2334 1573 2386 1609 τι
2419 1558 2513 1609 καὶ
2550 1557 2773 1618 ,ἀκούειν
2803 1559 3137 1629 καινότερον.
3185 1559 3249 1613 Ἠ
3294 1560 3573 1631 Ἐκκλησία
3609 1561 3659 1614 δὲ

465 1664 597 1703 vero
652 1649 895 1703 Ecclesia
930 1649 1045 1710 Dci.
1077 1651 1157 1704 vel
1195 1666 1348 1705 sacra
1395 1653 1578 1719 potius
1620 1654 1764 1720 regia
1798 1654 2028 1707 sanctis-

464 1740 615 1792 sima:
672 1738 763 1792 Dei
835 1736 1057 1809 majoris
1113 1740 1387 1802 Ecclesiae,
1441 1758 1467 1794 a
1519 1745 1724 1797 sanctis
1772 1743 2024 1799 Patribus

2125 1643 2220 1696 τοῦ
2247 1645 2403 1709 Θεοῦ,
2437 1648 2532 1700 καὶ
2562 1647 2765 1714 μᾶλλον
2791 1646 2850 1699 τὸ
2877 1646 3022 1701 θεῖον
3045 1648 3343 1719 ἀνάκτορον
3369 1653 3465 1720 τῆς
3514 1651 3660 1718 ἁγιω-

2124 1733 2290 1803 τάτης
2316 1733 2410 1787 τοῦ
2447 1734 2580 1788 Θεοῦ
2616 1738 2855 1806 μεγάλης
2891 1738 3240 1810 Ἐκκλησίας,
3289 1742 3355 1794 τὰ
3382 1741 3523 1811 παρά
3564 1741 3657 1795 τῶν

463 1829 680 1881 decreta
726 1831 1118 1894 corroborans,
1150 1845 1363 1884 omnem
1406 1837 1832 1901 supertluitatem
1866 1835 1991 1888 novi

2124 1822 2294 1889 ἀγίων
2326 1823 2585 1894 Πατὲρων
2632 1825 3063 1895 δογματισθέντα
3092 1828 3453 1899 κρατύνουσα,
3490 1830 3660 1900 προθὲι

467 1921 594 1973 tatis
625 1921 861 1987 speciem
900 1921 1184 1975 habentem
1219 1923 1479 1978 radicitus
1511 1926 1796 1994 exstirpat,
1825 1932 1877 1980 et
1909 1926 2022 1979 cul-

2125 1913 2325 1983 λυμνον
2345 1915 2565 1987 ἀποσπᾷ
2608 1919 2786 1971 πᾶσαν
2817 1919 3121 1988 καινοφανῆ
3174 1922 3546 1991 περιττότητα,
3575 1920 3657 1973 καὶ

461 2026 607 2063 mum
640 2012 886 2065 veritatis
917 2012 983 2065 ad
1010 2012 1285 2066 ferendum
1319 2012 1552 2066 fructum
1583 2017 1891 2085 centuplum
1912 2017 1998 2070 vul

2124 2005 2265 2059 θέλει
2310 2004 2410 2075 τῆς
2456 2007 2714 2089 ἀληθείας
2741 2009 2831 2061 τὸν
2860 2009 3099 2078 ἄσταχυν
3130 2011 3443 2064 ἀνατέλλειν
3489 2013 3659 2064 ἑκατο-

458 2115 724 2155 crescere.
760 2100 981 2154 Prottcit
1024 2103 1165 2155 enim
1216 2117 1310 2170 per
1354 2102 1444 2157 Dei
1494 2105 1748 2173 gratiam,
1784 2107 1835 2159 in
1872 2108 2019 2161 omni

457 2200 675 2258 accepta
725 2191 831 2245 Deo
884 2199 991 2245 tam
1044 2194 1314 2259 oratione,
1345 2209 1504 2262 quam
1553 2197 1789 2264 negotio.
1820 2195 2021 2261 Quam-

457 2282 643 2335 obrem
675 2282 839 2334 etiam
886 2282 962 2344 id,
993 2283 1058 2335 de
1090 2297 1197 2350 quo
1229 2298 1338 2337 non
1379 2283 1452 2337 ita
1491 2283 1698 2353 pridem
1733 2286 2015 2355 quaesituri)

455 2382 537 2428 est
566 2375 620 2427 in
660 2374 890 2444 synodo,
928 2390 1056 2427 num
1095 2390 1236 2429 unus
1294 2382 1348 2429 et
1393 2375 1533 2430 idem
1588 2376 1799 2431 duabus
1843 2377 2019 2432 sobri-

454 2466 543 2519 nis
594 2464 838 2534 capulari
891 2465 1115 2529 debeat,
1166 2467 1392 2519 minime
1447 2466 1619 2519 voluit
1669 2482 1767 2522 ceu
1816 2483 2013 2522 novum

457 2557 683 2626 aliquid,
717 2557 771 2611 in
817 2556 1074 2625 angulum
1130 2556 1365 2625 aliquem
1414 2555 1610 2610 cadere
1661 2542 2011 2626 neglectum:

454 2648 547 2701 sed
595 2648 670 2700 uti
712 2661 825 2701 rem
873 2645 1107 2713 alicujus
1142 2645 1402 2699 momenti
1451 2654 1503 2699 et
1542 2646 1915 2712 utilissimam,
1948 2648 2013 2704 ad

451 2754 681 2792 examen
715 2739 990 2808 publicum
1025 2738 1330 2808 proposuit.
1361 2737 1424 2791 Et
1462 2738 1591 2807 quia
1633 2740 2014 2797 sanctissimus

452 2831 542 2883 illc
573 2845 807 2900 sponsus
841 2830 981 2899 ejus,
1013 2839 1066 2883 et
1094 2830 1481 2884 canoniearum
1519 2830 1868 2884 traditionum
1902 2846 2015 2886 me-

451 2921 658 2974 ditator
685 2919 1162 2988 vigilantissimus,
1196 2935 1296 2976 nos
1329 2935 1545 2989 quoque
1576 2909 1866 2990 participes
1894 2921 2013 2992 ejus

451 3010 575 3062 boni
617 3024 737 3063 esse
784 3009 992 3075 voluit,
1040 3010 1269 3063 dicimus
1315 3010 1527 3078 aliquos
1564 3010 1724 3063 latam
1757 3019 1810 3064 et
1838 3009 2008 3065 oﬂ'en-

448 3100 619 3154 sionis
678 3108 953 3168 expertem
1027 3108 1124 3171 (ut
1179 3100 1283 3168 ipsi
1344 3100 1561 3170 quidem
1624 3100 1808 3170 aiunt)
1866 3101 2006 3171 viam

2123 2095 2398 2149 στεύοντα.
2443 2096 2749 2167 Προκόπτει
2775 2099 2884 2166 γὰρ
2924 2102 2989 2170 τῇ
3019 2100 3206 2170 χάριτι
3253 2100 3351 2154 τοῦ
3383 2101 3534 2165 Θεοῦ,
3578 2101 3659 2154 ἐπὶ

2121 2187 2280 2239 παντὶ
2307 2185 2581 2258 θεαρέστῳ
2618 2188 2759 2259 λόγῳ
2796 2190 2889 2243 mi.
2924 2191 3234 2260 πράγματι.
3269 2193 3370 2248 Διά
3406 2210 3487 2247 τοι
3521 2191 3661 2246 τοῦτο

2119 2278 2213 2329 καὶ
2244 2276 2303 2329 τὸ
2338 2277 2632 2343 συνοδικῶς
2659 2280 2936 2349 ἐρωτηθὲν
2970 2282 3073 2351 πρὸ
3101 2283 3326 2352 μικροῦ,
3360 2283 3486 2352 περὶ
3512 2281 3598 2336 τοῦ
3618 2283 3661 2335 εί

2117 2369 2222 2439 χρὴ
2256 2368 2345 2422 τὸν
2369 2369 2529 2422 αὐτὸν
2560 2370 2653 2427 καὶ
2705 2368 2802 2424 ἕνα
2831 2372 2954 2425 δυσὶ
2982 2372 3389 2444 δισεξαδέλφαις
3418 2375 3661 2428 συνάπτε·

2120 2457 2262 2521 σθαι,
2295 2457 2394 2510 οὐκ
2425 2459 2724 2529 ηὐδόκησεν
2755 2459 2830 2522 ῶς
2863 2477 2914 2513 τι
2964 2464 3331 2533 καινοπρεπὲς
3361 2462 3465 2516 ὑπὸ
3481 2461 3662 2531 γωνίαν

2117 2547 2302 2598 πεσεῖν
2350 2545 2693 2616 ἀτημέλητον
2721 2565 2734 2578 υ
2767 2548 2883 2601 ἀλλ’
2915 2549 2990 2612 ὡς
3030 2551 3326 2622 σπουδαῖον
3369 2550 3462 2605 καὶ
3488 2567 3667 2621 χρησι-

2118 2635 2388 2716 μώτατον,
2415 2636 2492 2699 είς
2517 2636 2698 2716 κοινὴν
2723 2638 2984 2709 προέθετο
3014 2641 3391 2707 κατεξέτασιν.
3411 2642 3556 2695 Ἐπεὶ
3582 2640 3663 2693 οῦν

2111 2727 2140 2778 ὁ
2170 2711 2579 2793 παναγιώτατος
2622 2729 2852 2798 νυμφίος
2883 2730 3074 2801 αὐτῆς,
3116 2733 3217 2787 καὶ
3249 2735 3360 2787 τῶν
3387 2732 3667 2788 κανονικῶν

2112 2816 2461 2885 παραδόσεων
2514 2818 2820 2888 μελεδωνδς
2855 2822 3297 2891 ἀγρυπνότατος,
3334 2824 3557 2893 ἠθέλησε
3583 2821 3669 2875 καὶ

2109 2909 2258 2978 ἡμᾶς
2300 2908 2673 2979 συμμεριστάς
2702 2910 2954 2978 γενέσθαι
2984 2910 3078 2965 τοῦ
3121 2911 3355 2982 ἀγαθοῦ,
3395 2914 3571 2983 φαμὲν
3592 2913 3667 2966 δτι

2109 2995 2253 3058 τινὲς
2299 2995 2560 3050 πλατεῖαν
2611 2996 2728 3050 ὁδὸν
2779 2998 2875 3052 καὶ
2927 3000 3285 3070 ἀπρόσκοπον
3339 3001 3436 3072 (ὥς
3493 3000 3665 3071 φασιν)

2108 3084 2370 3154 ἥπλωσαν
2427 3086 2504 3156 τῷ
2541 3087 2844 3159 Δημητρίῳ
2894 3089 3080 3159 τυχὸν,
3140 3090 3223 3162 τῷ
3278 3092 3668 3163 χρηματίσαντι

445 3189 728 3257 aperuisse
781 3189 1067 3254 Demetrio,
1098 3189 1190 3258 qui
1224 3189 1405 3243 Maria:
1446 3189 1730 3259 cujusdam
1783 3190 2004 3246 maritus

2112 3175 2328 3246 γαμέτῃ
2343 3176 2562 3246 Μαρίας
2584 3179 2748 3242 τινὸς,
2771 3178 3154 3251 δισεξαδέλφην
3174 3182 3386 3253 ταύτης
3403 3182 3669 3250 Θεοδώραν

446 3279 645 3338 fuerat.
676 3278 1028 3332 matrimonio
1078 3278 1366 3348 copulandi
1413 3280 1691 3333 sobrinam
1736 3278 1880 3348 ejus,
1911 3294 2008 3333 no-

444 3368 591 3421 mine
634 3365 995 3421 Theodoram.
1046 3367 1108 3420 Et
1156 3369 1493 3436 interregati,
1544 3366 1923 3435 quamobrem,
1953 3376 2006 3422 et

444 3460 718 3528 quomodo
752 3460 816 3513 ad
852 3459 951 3513 hnc
984 3460 1212 3513 invitent
1236 3499 1249 3522 ,
1282 3459 1459 3523 aiunt,
1490 3458 1636 3512 hunc
1661 3465 2002 3512 contractum

444 3548 508 3602 ad
557 3549 844 3618 septimum
895 3549 1121 3618 gradum
1172 3550 1497 3619 pertingere,
1532 3557 1814 3617 propterea
1860 3548 2005 3617 quod

445 3637 752 3694 Demetrius
785 3649 838 3693 et
863 3639 1053 3704 Maria,
1088 3639 1287 3703 cnnjux
1320 3639 1440 3705 ejus
1476 3646 1711 3703 mortua,
1744 3651 2005 3706 personas

441 3732 614 3796 duas,
664 3740 717 3785 et
761 3742 1163 3800 consequenter
1201 3730 1400 3797 gradus
1444 3728 1582 3783 duos
1627 3730 1998 3793 constituant,

439 3821 567 3875 licet
613 3823 683 3876 ob
727 3837 1052 3876 consensum
1100 3827 1153 3874 et
1192 3834 1430 3873 amorem
1478 3829 1725 3873 mutuum
1765 3833 1864 3888 pro
1893 3833 2000 3874 una

438 3913 604 3965 carne
657 3913 1004 3966 haberentur.
1054 3912 1187 3965 Nam
1238 3912 1425 3979 Maria,
1466 3912 1739 3980 inquiunt,
1787 3922 1998 3966 sextum

439 4016 562 4055 cum
599 4002 883 4056 Theodora
916 4001 1143 4073 gradum
1190 4003 1393 4067 habuit,
1431 4018 1536 4057 non
1580 4004 1763 4058 itidem
1807 4003 1998 4058 Deme-

439 4094 598 4155 trius,
624 4094 788 4146 veluti
817 4095 908 4163 qui
940 4093 1005 4146 ad
1037 4109 1317 4163 personam
1349 4095 1652 4163 septimam,
1677 4102 1729 4149 et
1755 4094 1997 4163 ejusdem

434 4183 646 4237 numeri
674 4184 898 4252 gradum
928 4184 1210 4239 referatur.
1235 4186 1305 4238 At
1328 4183 1626 4239 secundum
1654 4183 1833 4238 thema
1874 4182 1995 4253 (65)

435 4273 632 4340 capitis
676 4288 829 4326 xxxii
891 4274 1031 4327 tituli
1072 4289 1099 4325 ν
1158 4274 1281 4328 libri
1330 4289 1497 4327 xxvm
1535 4272 1915 4337 Basilicorum,
1943 4279 1998 4325 et

433 4377 608 4416 canon
639 4377 728 4416 LIV
756 4371 954 4416 coactae
991 4363 1041 4415 in
1066 4362 1242 4431 magni
1273 4362 1459 4431 palatii
1491 4361 1679 4441 Trullo
1713 4372 1917 4415 sanctae
1944 4368 1998 4413 et

2110 3266 2451 3336 καλουμένην
2512 3267 2878 3336 ἁρμόσασθαι.
2938 3270 3050 3323 Καὶ
3104 3270 3482 3341 ἐρωτώμενοι,
3517 3269 3667 3323 πόθεν

2106 3356 2202 3409 καὶ
2234 3359 2379 3419 ὅπως
2420 3357 2580 3410 τοῦτο
2630 3359 3011 3429 προτρέπουσι,
3049 3360 3308 3428 λέγουσιν
3337 3364 3421 3426 είς
3457 3360 3669 3430 ἕϐδομον

2107 3445 2314 3518 βαθμὸν
2369 3450 2639 3518 καταντᾷν
2683 3450 2780 3520 τὴν
2828 3449 2921 3502 τοῦ
2957 3450 3414 3522 συναλλάγματος
3442 3452 3668 3522 ποίησιν,

2104 3538 2194 3591 διὰ
2239 3539 2298 3591 τὸ
2331 3541 2597 3608 πρόσωπα
2641 3539 2753 3603 δύο,
2806 3542 2901 3593 καὶ
2930 3538 3248 3606 ἀκολούθως
3298 3544 3395 3597 δύο
3443 3542 3670 3614 βαθμοὺς

2105 3628 2471 3684 καθίστασθαι
2499 3630 2589 3683 τὸν
2619 3633 2926 3701 Δημήτριον
2986 3632 3126 3702 μετά
3179 3636 3407 3707 Μαρίας
3450 3632 3548 3703 τῆς
3574 3634 3673 3687 ἀπο

2103 3722 2393 3792 οιχομένης
2424 3723 2659 3789 συζύγου
2708 3723 2896 3789 αὐτοῦ,
2932 3724 3036 3779 κᾶν
3070 3728 3137 3795 τῇ
3182 3728 3417 3798 ὁμονοίᾳ
3472 3727 3564 3779 καὶ
3609 3727 3669 3793 τῇ

2104 3816 2302 3883 στοργῇ
2336 3812 2472 3884 σὰρξ
2495 3814 2594 3884 μία
2610 3814 2957 3882 λογίζωνται.
3000 3816 3064 3869 Ἦ
3091 3817 3207 3888 γὰρ
3239 3821 3457 3892 Μαρία,
3494 3817 3671 3886 φασιν,

2101 3902 2256 3956 ἕκτον
2306 3899 2419 3974 εἶχε
2478 3904 2616 3973 μετά
2660 3905 2760 3971 τῆς
2793 3905 3073 3976 Θεοδώρας
3106 3907 3351 3979 βαθμὸν,
3414 3911 3477 3963 οὐ
3517 3908 3620 3978 μὴν
3646 3907 3672 3958 ὁ

2100 3995 2432 4064 Δημήτριος,
2476 3993 2552 4058 ὡς
2590 3996 2671 4057 είς
2695 3995 2922 4065 ἕϐδομον
2960 3997 3284 4067 πρόσωπον,
3321 4001 3419 4054 καὶ
3473 3997 3669 4072 βαθμὸν

2099 4084 2535 4155 τοσαυτάριθμον
2565 4085 2924 4155 ἀναγόμενος.
2958 4087 3032 4140 Τδ
3063 4087 3121 4141 δὲ
3164 4090 3214 4160 β’
3248 4090 3419 4163 θέμα,
3465 4091 3561 4144 τοῦ
3598 4082 3673 4157 λβ¹

2098 4174 2394 4242 κεφαλαίου
2420 4173 2512 4227 τοῦ
2543 4175 2585 4227 ε’
2614 4176 2794 4230 τίτλου
2842 4177 2938 4231 τοῦ
2976 4176 3063 4249 κη’
3102 4178 3321 4249 βιϐλίου
3378 4182 3490 4235 τῶν
3519 4183 3671 4235 Βασι-

2094 4264 2285 4329 λικῶν,
2317 4268 2411 4317 καὶ
2433 4266 2462 4318 ὁ
2492 4264 2563 4319 νδ¹
2593 4265 2772 4322 κανὼν
2804 4269 2903 4339 τῆς
2948 4269 3008 4322 ὲν
3038 4270 3118 4339 τῷ
3149 4273 3424 4343 Τρούλλῳ
3452 4274 3548 4327 τοῦ
3583 4289 3672 4342 με·

2092 4356 2261 4423 γάλου
2311 4356 2591 4419 πῐπιλατίου⁴
2622 4359 2895 4429 συστάσης
2938 4359 3098 4428 ἁγίας
3138 4364 3240 4417 καὶ
3283 4363 3670 4437 οἱκουμενικῆς

435 4454 761 4507 universalis
802 4452 1016 4524 synodi,
1062 4468 1233 4521 usque
1265 4453 1330 4506 ad
1362 4450 1580 4520 gradum
1622 4458 1834 4504 sextum
1877 4465 1992 4502 ma-

2105 4448 2340 4512 συνόδου,
2372 4448 2535 4519 μέχρι
2587 4449 2681 4503 τοῦ
2732 4450 2890 4504 ἕκτου
2937 4451 3147 4523 βαθμοῦ
3182 4458 3283 4510 καὶ
3324 4458 3496 4511 αὐτοῦ
3526 4456 3593 4511 τά
3618 4455 3671 4519 ἐξ

432 4545 685 4599 trimonia
733 4553 839 4600 tam
885 4561 950 4599 ex
992 4544 1270 4606 aﬁinitate,
1302 4557 1463 4612 quam
1508 4540 1831 4609 cognatione
1861 4554 1991 4593 con-

2105 4515 2407 4610 ἀγχιστείας
2432 4515 2525 4594 καὶ
2545 4542 2613 4595 τὰ
2641 4539 2701 4606 ἐξ
2725 4515 2955 4612 αἵματος
2979 4515 3400 4619 ἐξεστενοχώρη
3414 4566 3516 4602 σαν
3560 4515 3691 4599 συνξΔ

429 4644 621 4698 tracta,
652 4635 1125 4690 constrinxerunt.
1153 4632 1287 4698 Quae
1331 4645 1459 4685 vero
1493 4638 1706 4685 sextum
1748 4644 1988 4698 sequun-

427 4729 564 4785 tur,
635 4723 810 4778 Hbere
880 4711 1103 4779 conflari
1170 4721 1556 4792 permiserunt.
1620 4722 1699 4774 Ac
1769 4719 1986 4774 tametsi

426 4813 738 4885 publicatus
765 4814 835 4865 sit
875 4827 1067 4866 recens
1098 4820 1278 4864 tomus
1304 4808 1602 4880 synodalis,
1630 4809 1983 4865 conﬁrmatus

425 4900 590 4953 etiam
650 4900 830 4955 edicto
888 4898 1287 4969 imperatorio,
1337 4912 1447 4966 quo
1508 4899 1860 4968 pracipitur,
1920 4915 1989 4954 ne

430 4992 603 5059 gradu
641 4992 874 5059 septimo
911 4989 1192 5058 conjuncti
1232 5004 1325 5057 per
1362 4991 1764 5057 cognationem,
1797 4991 1987 5044 matri-

424 5082 606 5135 monia
654 5083 982 5137 contrahant
1018 5098 1032 5134 :
1077 5088 1257 5134 tamen
1304 5078 1371 5134 ad
1419 5080 1522 5135 hoc
1574 5080 1631 5144 ii,
1662 5080 1752 5150 qui
1795 5081 1983 5135 eodem

422 5171 595 5239 gradu
641 5184 739 5239 per
786 5168 1095 5222 amnitatcm
1145 5183 1267 5224 sese
1298 5168 1661 5237 constrigunt,
1708 5183 1815 5222 non
1854 5183 1985 5223 con-

421 5261 790 5330 stringuntur.
842 5259 1096 5329 ﬂagnum
1153 5261 1301 5315 enim
1358 5260 1654 5315 discrimen
1707 5271 1788 5314 est
1837 5260 1979 5315 inter

418 5350 882 5407 necessitudinem
934 5351 1239 5421 sanguinis,
1286 5359 1341 5406 et
1386 5352 1724 5422 cognaticam
1775 5349 1979 5419 simpli-

416 5442 554 5495 citer
595 5440 1102 5511 propinquitatem:
1136 5455 1198 5495 ac
1240 5455 1434 5509 magna
1483 5440 1623 5494 inter
1660 5441 1772 5493 haec
1815 5438 1976 5493 stabi-

417 5531 512 5585 lita
544 5532 682 5586 ratio
713 5541 816 5598 est,
846 5532 984 5588 alios
1011 5532 1295 5601 copulans,
1320 5530 1454 5584 alios
1482 5529 1765 5584 dirimens.
1797 5528 1970 5582 Etiam

2093 4629 2436 4700 αλλάγματα.
2485 4631 2566 4684 Τά
2600 4632 2658 4684 δὲ
2705 4632 2843 4702 μετά
2892 4631 3113 4701 τοῦτον,
3161 4637 3352 4701 ἀδεῶς
3403 4640 3673 4693 ἀπέλυσαν

2092 4719 2519 4790 ἀναχὼννυσθαι.
2557 4722 2667 4775 Καὶ
2694 4723 2799 4776 κᾶν
2830 4723 3090 4795 ἐξηνέχθη
3129 4730 3483 4798 προσφάτως
3514 4730 3673 4798 τόμος

2093 4812 2391 4879 συνοδικὸς,
2429 4813 2740 4884 στηριχθεὶς
2770 4816 2865 4868 καὶ
2888 4814 3191 4887 προστάξει
3229 4820 3522 4891 βασιλικῇ,
3557 4821 3675 4880 τοὺς
3732 4831 3741 4837 “

2089 4901 2149 4967 ἐξ
2185 4902 2414 4973 αἵματος
2443 4903 2604 4967 δντας
2634 4904 2860 4976 ἑϐδόμου
2904 4906 3112 4978 βαθμοῦ
3153 4910 3234 4979 μὴ
3277 4910 3673 4983 συνάπτεσθαι,

2088 4991 2224 5045 ἀλλὰ
2271 4994 2397 5056 τοὺς
2435 4994 2493 5061 ἐξ
2547 4995 2864 5065 ἀγχιστείας
2913 4998 3194 5052 οίκείωσιν
3250 5003 3677 5071 τοιουτόμετρον

2088 5082 2328 5153 ἔχοντας,
2366 5086 2466 5139 οὐκ
2510 5084 2937 5157 ἐστενοχωρησε.
2985 5088 3127 5140 Πολὺ
3165 5091 3283 5160 γάρ
3317 5094 3442 5146 ἐστι
3476 5094 3538 5145 τὸ
3561 5088 3676 5144 διά-

2088 5188 2252 5242 φορον
2290 5172 2456 5242 μέσον
2488 5175 2805 5243 συγγενείας
2831 5175 2889 5241 ἐξ
2914 5175 3169 5247 αἵματος,
3208 5182 3312 5234 καὶ
3343 5179 3677 5250 συγγενικῆς

2088 5261 2276 5326 ἁπλῶς
2311 5263 2673 5327 οίκειὼσεωςο
2722 5266 2815 5317 καὶ
2877 5265 3034 5335 λόγος
3081 5269 3269 5337 μέγας
3337 5273 3510 5342 μέσον
3557 5268 3675 5323 τούο

2083 5368 2191 5404 των
2245 5353 2597 5422 ἐστήρικται,
2664 5355 2791 5418 τοὺς
2847 5354 2948 5425 μὲν
3007 5356 3350 5425 συνάπτων,
3421 5363 3554 5424 τοὺς
3620 5357 3674 5412 δὲ

2082 5440 2424 5512 διαιρῶν.οί
2474 5439 2692 5505 πλείους
2736 5442 2792 5495 δὲ
2844 5442 3050 5497 τούτων
3105 5445 3210 5497 καὶ
3267 5449 3672 5519 ἐπιχειρήμασι

2083 5528 2510 5598 συλλογιστικοῖς
2541 5571 2558 5598 ,
2615 5533 2707 5586 καὶ
2742 5534 2829 5587 διὰ
2866 5534 2965 5605 τῆς
3011 5537 3090 5599 είς
3129 5535 3197 5590 τὸ
3245 5537 3525 5599 ἀδύνατον
3571 5536 3675 5596 ἀπῖ-

1920 5688 2147 5746 ΝΟΤΛΕ.

479 5782 591 5852 (65)
626 5784 776 5850 Quo.)
808 5784 1205 5863 paragraphuni
1238 5786 1409 5838 nostri
1437 5784 1651 5838 dicunt.
