4016 6390
415 399 552 463 1055

1661 403 1941 465 TilEUD.
1986 401 2456 462 BAISATthNlS

3486 401 3607 464 Ῑθῗθ

418 529 610 584 Omnis
637 528 772 598 lapis
819 531 1000 583 anima
1052 531 1307 600 praeditus
1354 545 1474 590 est:
1525 547 1587 588 ac
1644 546 1836 585 rursus
1903 541 1964 580 cx

2086 526 2255 595 τυχὸν,
2290 527 2404 587 Πᾶς
2425 524 2568 585 λίθος
2595 522 2836 592 ἔμψυχός
2863 522 2998 586 ἐστι,
3036 519 3128 574 καὶ
3155 522 3428 592 ἑτέρωθεν,
3460 525 3596 578 Πᾶσα

419 621 585 672 altera
617 627 792 687 parte,
830 620 1018 675 Omnis
1079 627 1396 694 smaragdos
1437 636 1520 679 est
1549 626 1686 692 lapis
1723 641 1734 674 :
1769 637 1820 678 et
1845 639 1974 678 con-

421 706 629 774 cludat,
650 709 838 764 Omnis
862 727 988 782 ergo
1009 713 1144 780 lapis
1175 716 1494 783 smaragtlus
1524 726 1606 770 est
1637 716 1815 768 anima
1848 731 1976 783 pra:-

420 798 569 853 ditus
847 801 1084 870 colliget,
1145 815 1560 872 evlrcmumque
1611 804 1973 858 mendacium.

424 886 579 942 Unde
632 889 710 954 fit,
767 898 824 942 ut
877 893 966 959 qui
1023 893 1154 946 dicit
1210 910 1304 964 per
1363 896 1692 950 matrimonii
1752 898 1977 964 copula-

422 980 624 1033 tionem
655 997 773 1036 esse
804 981 995 1036 factam
1049 1000 1402 1052 personarum
1457 987 1861 1052 confusionem,
1925 997 1976 1041 et

421 1071 736 1141 conjugium
784 1089 904 1128 esse
963 1086 1386 1132 transtnutatum
1442 1081 1496 1132 in
1559 1079 1976 1143 fraternitatem,

421 1170 584 1230 atque
629 1165 700 1217 ita
750 1165 890 1218 forte
951 1167 1344 1224 absurditatem
1389 1172 1708 1237 concludit;
1759 1187 1980 1242 compe—

422 1253 544 1307 dem
598 1254 812 1323 linguae,
854 1273 961 1311 non
1027 1259 1306 1313 veritatem
1366 1262 1603 1328 colligat.
1635 1262 1789 1327 Quod
1854 1277 1976 1316 cum

423 1342 498 1397 ita
551 1345 642 1409 sit,
675 1361 907 1414 cumque
940 1357 1060 1417 post
1083 1353 1521 1419 conjunctionem
1558 1370 1721 1409 sexus
1753 1364 1980 1425 uterque

424 1443 638 1489 maneat
667 1436 909 1507 integer,
969 1455 1128 1494 nemo
1205 1450 1312 1495 tam
1353 1444 1425 1498 sit
1475 1446 1671 1510 audax,
1733 1454 1792 1500 ut
1835 1447 1982 1515 ipsos

421 1527 680 1595 eonjuges
711 1531 940 1598 appellet
976 1531 1194 1596 fratres,
1229 1535 1292 1587 ad
1325 1537 1807 1604 reprehensionem
1849 1537 1980 1593 dicti

421 1613 616 1679 divini,
650 1617 811 1685 cujus
862 1622 1025 1676 verba
1071 1630 1236 1676 sunt:
1280 1623 1346 1676 Et
1388 1625 1650 1695 conjuges
1722 1629 1823 1696 ipsi
1873 1644 1980 1683 non

423 1706 655 1773 amplius
703 1719 863 1763 erunt
907 1711 1036 1777 duo,
1081 1713 1173 1766 sed
1223 1729 1386 1769 unus.
1423 1715 1633 1785 Quippe
1667 1718 1981 1774 sicutolea-

424 1804 536 1848 ster
597 1811 879 1866 propterea
953 1817 1063 1854 non
1122 1803 1326 1858 dicitur
1396 1806 1560 1869 oliva,
1606 1809 1750 1876 quod
1798 1826 1982 1866 ramus

422 1886 542 1952 ejus
569 1887 621 1940 in
656 1890 852 1944 olivam
890 1895 1186 1949 translatus
1241 1897 1310 1950 sit
1355 1912 1369 1949 :
1443 1897 1520 1952 sic
1550 1915 1726 1966 neque
1775 1909 1980 1970 patrem

422 1978 636 2046 puellae,
699 1997 948 2038 socerum
1012 1988 1205 2056 puellae
1253 1991 1588 2059 vocabimus,
1666 1993 1784 2059 Quo
1851 2010 1983 2049 sane

422 2073 663 2127 stabilito
729 2091 824 2145 per
897 2080 1421 2137 demonstrationem
1479 2093 1706 2150 certam,
1784 2097 1840 2142 et
1892 2088 1981 2141 cui

422 2163 720 2218 contradici
760 2177 1012 2235 nequeat,
1045 2180 1230 2224 nostra
1271 2171 1490 2240 quidem
1546 2175 1834 2243 opinione,
1887 2193 1981 2232 ue-

425 2265 531 2316 que
570 2253 750 2306 vocari
805 2255 988 2311 licebit
1037 2258 1358 2313 alterutrum
1389 2277 1576 2316 eorum
1645 2264 1711 2317 ad
1765 2280 1982 2320 succes-

426 2341 639 2396 sionem
686 2344 949 2408 del'uncti,
999 2349 1078 2402 vel
1119 2351 1351 2420 alicujus
1401 2353 1503 2422 ipsi
1535 2356 1800 2426 sanguine
1858 2373 1985 2428 pro-

423 2431 751 2498 pinquorum
781 2434 911 2504 (quo
941 2439 1084 2491 enim
1114 2439 1166 2492 id
1212 2443 1410 2508 pacto?
1459 2459 1580 2498 cum
1606 2447 1982 2513 possessiones

427 2523 706 2591 accipiant
757 2525 816 2592 ii,
847 2527 1044 2595 quibus
1064 2529 1178 2599 lege
1207 2533 1550 2605 deferuntur)
1581 2551 1756 2606 neque
1797 2554 1982 2607 repre-

431 2609 592 2663 hendi
650 2614 864 2682 poterit,
937 2626 1030 2670 aut
1095 2619 1516 2676 abominandum
1575 2627 1696 2691 erit,
1751 2629 1794 2681 si
1860 2630 1983 2696 quis

426 2700 614 2764 dicat,
696 2703 886 2759 iisdem
963 2707 1159 2764 finibus
1250 2714 1620 2770 circumscribi
1704 2729 1984 2774 contracta

425 2799 481 2844 et
544 2793 806 2849 aliinitate
849 2805 902 2852 et
965 2815 1031 2853 ex
1099 2804 1420 2871 cognatione
1475 2809 1835 2863 matrimonia.
1895 2812 1986 2867 Sic

434 2879 575 2930 enim
633 2884 932 2938 canonibus
973 2897 1056 2940 est
1108 2897 1392 2946 statutum.
1425 2891 1576 2957 Quod
1635 2907 1814 2952 autem
1886 2915 1987 2968 pa-

434 2981 589 3027 truus
650 2983 703 3028 et
752 2974 938 3032 fratris
972 2981 1131 3045 filius,
1163 2999 1285 3036 cum
1317 2987 1481 3039 amita
1538 2996 1590 3042 et
1646 2989 1826 3047 fratris
1879 2992 1984 3048 ﬁlia

428 3066 794 3132 copulentur,
854 3086 960 3124 non
1017 3081 1119 3135 est,
1178 3085 1235 3129 ut
1279 3077 1444 3144 aliqui
1514 3082 1821 3148 perhibent,
1892 3100 1987 3154 per

2080 616 2385 686 σμάραγδος
2442 615 2586 677 λίθος
2644 613 2792 665 ὲστί·
2854 613 2946 664 καὶ
2980 615 3332 681 συμπερανεῖ,
3365 614 3469 676 Πᾶς
3507 615 3599 684 ἀρα

2078 707 2222 770 λίθος
2269 706 2579 776 σμάραγδος
2617 704 2856 775 ἔμψυχός
2905 703 3271 771 ὲστι,.....ψιν
3322 705 3598 793 συναγάγῃ,

2079 800 2173 852 καὶ
2220 799 2413 868 ψεῦδος
2464 797 2715 866 ἔσχατον.
2758 795 2917 849 Ὅθεν
2961 795 3056 847 καὶ
3097 796 3125 847 ό
3169 793 3338 860 λέγων
3377 795 3604 860 γενέσθαι

2077 889 2166 942 διὰ
2192 889 2290 958 τῆς
2345 887 2637 956 συναφείας
2684 887 2790 938 τῶν
2839 885 3186 937 ὑποστάσεων
3212 883 3306 954 τὴν
3340 882 3605 952 σύγχυσιν,

2080 980 2174 1033 καὶ
2206 979 2303 1048 τὴν
2326 977 2624 1048 ὁμοζυγίαν
2662 973 3206 1045 μεταστοιχειωθῆναι
3236 974 3368 1041 πρὸς
3411 972 3610 1040 ἀδελφό-

2079 1087 2238 1140 τητα,
2277 1069 2369 1122 καὶ
2384 1069 2524 1121 οὕτω
2549 1064 2932 1136 συμπεραίνων
2959 1065 3100 1133 τάχα
3121 1064 3181 1116 τὸ
3202 1064 3414 1126 ἄτοπον,
3448 1063 3606 1128 γλωτ-

2079 1160 2308 1229 τοπέδην
2339 1159 2666 1230 συνήγαγεν,
2701 1159 2798 1210 οὐκ
2837 1156 3114 1226 ἀλήθειαν.
3143 1154 3340 1207 Τούτου
3365 1153 3419 1206 δὲ
3455 1152 3611 1215 οὕτως

2081 1249 2316 1319 ἔχοντος,
2347 1248 2569 1302 καὶτῶν
2601 1247 2772 1314 γενῶν
2824 1244 3144 1313 σωζομένων
3190 1241 3456 1310 ἑκατέρων
3489 1238 3612 1308 μετὰ

2080 1341 2178 1410 τὴν
2209 1341 2424 1402 ἕνωσιν,
2455 1337 2530 1408 μὴ
2561 1335 2855 1407 τολμητέον
2893 1333 3155 1400 ἀδελφοὺς
3183 1333 3306 1394 τοὺς
3336 1328 3616 1399 όμοζύγους

2083 1433 2255 1485 εἰπεῖν
2281 1433 2361 1487 εἰς
2391 1428 2784 1497 ὲπιστομισμδν
2818 1425 2912 1478 τοῦ
2949 1426 3194 1494 ῥήματος
3221 1421 3312 1474 τοῦ
3345 1420 3495 1486 Θεοῦ,
3522 1418 3606 1470 τοῦ

2084 1526 2354 1588 εἰπόντος·
2387 1525 2499 1578 Καὶ
2530 1523 2711 1576 οὐκέτι
2742 1521 2957 1572 ἔσονται
2983 1519 3031 1570 οἱ
3057 1514 3323 1585 ὁμόζυγες
3353 1512 3460 1576 δύο,
3492 1510 3613 1562 ἀλλά

2082 1614 2183 1681 εἷς.
2223 1617 2308 1679 Ὠς
2337 1617 2444 1684 γὰρ
2473 1615 2532 1666 ού
2570 1612 2784 1681 λέγεται
2828 1609 2889 1663 τὸ
2931 1607 3242 1677 ἀγριέλαιον
3277 1603 3612 1666 καλλιέλαιον,

2083 1707 2166 1760 ὅτι
2195 1706 2386 1768 κλάδος
2417 1703 2580 1758 αὑτοῦ
2630 1700 2769 1773 μετά
2819 1697 3161 1754 καλλιελαίου
3201 1692 3614 1765 μετεμοσχεύθη,

2085 1798 2257 1861 οὕτως
2283 1799 2406 1852 οὐδὲ
2440 1797 2653 1866 πατέρα
2687 1795 2785 1864 τῆς
2815 1793 2984 1862 κόρης
3011 1790 3104 1842 τὸν
3137 1787 3340 1857 ταύτης
3389 1787 3618 1852 εἴποιμεν

2013 1861 2057 1917 Β
2085 1891 2367 1962 πενθερόν.
2395 1861 2598 1942 Τούτου
2642 1887 2700 1940 δὲ
2732 1861 3112 1954 στηριχθέντος
3146 1879 3204 1945 ἐξ
3247 1875 3616 1945 ἀναντιρρήτου

2083 1984 2178 2037 καὶ
2223 1980 2498 2050 ἀσφαλοῦς
2551 1975 2895 2040 ἀποδείξεως,
2975 1972 3050 2035 ὡς
3107 1968 3353 2039 οἰόμεθα,
3407 1965 3521 2018 οὔτε
3568 1962 3620 2016 τὸ

2085 2072 2366 2127 καλεῖσθαι
2416 2069 2641 2138 θάτερον
2685 2064 2746 2128 ἐξ
2788 2062 2966 2117 αὐτῶν
3006 2063 3086 2123 εἰς
3130 2057 3231 2128 τὴν
3278 2051 3621 2126 κληρονομίαν

2082 2165 2176 2218 τοῦ
2217 2163 2664 2231 τελευτήσαντος,
2714 2156 2747 2225 ἢ
2793 2155 2938 2216 τινὸς
2984 2151 3091 2204 τῶν
3130 2149 3192 2213 ἐξ
3237 2146 3460 2216 αἵματος
3491 2141 3622 2210 αὐτῷ

2086 2254 2394 2324 προσγενῶν
2428 2247 2966 2322 παρῤησιασθήσεται
3013 2242 3155 2315 (πῶς
3185 2240 3323 2310 γάρ;
3358 2235 3621 2307 προσλαμ·

2093 2346 2362 2398 δανόντων
2415 2342 2522 2393 τῶν
2563 2338 2920 2408 κτησαμένων
2950 2336 3012 2387 ὲκ
3043 2333 3209 2403 νόμου
3254 2329 3349 2393 τὰς
3395 2327 3622 2378 διακατο-

2085 2437 2226 2508 χὰς),
2259 2434 2383 2487 οὒτε
2413 2429 2688 2504 μεμπτέον
2730 2429 2881 2480 ἔσται
2921 2425 3016 2477 καὶ
3047 2421 3410 2488 ἀποτρόπαιον
3447 2414 3503 2467 τὸ
3542 2412 3621 2508 λέ-

2085 2504 2225 2599 γειν,
2253 2529 2362 2588 τοῖς
2377 2526 2560 2587 αὐτοῖς
2581 2523 2726 2592 ὅροις
2756 2515 3135 2571 συστέλλεσθαι
3157 2515 3225 2566 τά
3249 2511 3307 2575 ἐξ
3330 2504 3620 2578 ἀγχιστείας

2085 2621 2180 2675 καὶ
2213 2622 2280 2674 τά
2311 2617 2370 2682 ἐξ
2403 2616 2632 2685 αἵματος
2664 2609 3103 2678 συναλλάγματα.
3151 2603 3309 2658 Οῦτω
3340 2602 3445 2669 γὰρ
3470 2610 3619 2649 κεκα-

2085 2714 2348 2765 νόνισται.
2386 2706 2459 2760 Τὸ
2480 2706 2535 2759 δὲ
2569 2699 2932 2757 συνάπτεσθαι
2955 2698 3096 2750 θεῖον
3127 2695 3225 2748 καὶ
3257 2691 3470 2762 ἀνεψιὸν
3499 2685 3624 2755 μετὰ

2090 2805 2240 2866 θείας
2291 2800 2383 2854 καὶ
2432 2797 2679 2867 ἀνεψιᾶς,
2726 2795 2826 2846 οὐκ
2882 2791 3027 2845 ἐστιν
3060 2789 3158 2859 (ὣς
3220 2803 3363 2850 τινες
3404 2777 3624 2849 λέγουσι)

2087 2894 2374 2965 συνηθείας
2401 2891 2652 2960 ἀγράφου
2699 2884 3061 2955 παγκράτιον,
3099 2880 3133 2951 ἢ
3171 2881 3263 2934 καὶ
3301 2874 3621 2965 ἀπαραδότρυ

2086 2961 2549 3057 ὲκκλησιαστικῆς
2594 2980 2978 3040 καταστάσεως
3016 2972 3470 3048 τροπαιούχημα⁹
3503 2961 3624 3057 ἀλλὰ

2087 3054 2382 3148 πρόσταξις
2421 3074 2543 3127 θεία
2563 3070 2658 3124 τοῦ
2688 3069 2928 3139 ἀοιδίμου
2963 3064 3248 3136 βασιλέως,
3296 3059 3460 3131 κυροῦ

428 3159 876 3213 consuetudinem
909 3175 1018 3215 non
1049 3165 1306 3233 scriptam
1341 3167 1733 3233 introductum,
1763 3175 1844 3227 vel
1867 3144 1984 3230 sine

2089 3144 2199 3236 ﬁiou
2220 3167 2312 3221 τοῦ
2340 3163 2646 3236 Κομνηνοῦ,
2673 3160 3011 3230 ἐξενεχθεῖσα
3035 3157 3127 3209 ἐπὶ
3150 3155 3448 3225 ὑπομνήσει
3467 3144 3629 3245 βάρδα

429 3245 722 3301 traditione
779 3265 875 3318 per
931 3260 1130 3308 statum
1181 3259 1606 3315 ecclesiasticum
1667 3264 1983 3320 invectum:

426 3338 521 3392 sed
564 3339 849 3396 clarissimi
912 3346 1193 3416 principis,
1258 3350 1460 3406 domini
1513 3353 1686 3408 Alexii
1727 3356 1987 3413 Comneni

429 3439 648 3478 sacrum
690 3428 952 3492 edictum,
993 3435 1262 3501 prolatum
1316 3437 1382 3491 ad
1411 3440 1817 3518 suggestionem
1850 3443 1986 3498 Bar-

427 3515 512 3568 dae
546 3517 854 3584 cujusdam,
911 3523 1001 3590 qui
1047 3523 1221 3581 Xerus
1256 3530 1649 3596 appellabatur,
1714 3515 1769 3587 et
1833 3551 1987 3590 rece-

428 3616 579 3676 ptum
637 3620 741 3663 tam
781 3613 833 3666 in
871 3615 1209 3683 reipublicae,
1239 3635 1399 3687 quam
1429 3621 1481 3675 in
1509 3623 1861 3681 ecclesiarum
1900 3645 1989 3683 ar-

427 3699 587 3753 chiva
636 3711 690 3755 et
718 3705 953 3767 codices,
982 3707 1249 3775 ejusmodi
1309 3712 1527 3780 nuptias
1595 3714 1796 3771 liberas
1840 3717 1984 3784 fecit,

433 3804 533 3858 pro
554 3805 614 3844 ea
649 3803 934 3862 potestate,
992 3813 1111 3866 quae
1159 3801 1373 3854 ccelitus
1427 3809 1510 3856 est
1572 3804 1988 3874 imperatoribus

431 3881 578 3937 data.
613 3882 726 3937 Non
760 3887 924 3955 igitur
970 3901 1262 3946 accuratus
1292 3891 1544 3948 Ecclesia:
1575 3905 1752 3952 status
1779 3902 1989 3955 calum-

428 3971 670 4028 niandus
728 3983 829 4029 est.
889 3975 1022 4030 Nam
1083 3981 1431 4034 matrimonia
1471 3997 1534 4035 ex
1579 3981 1860 4054 afﬁnitate,
1919 3990 1988 4044 ad

428 4072 640 4117 sextum
675 4082 848 4136 usque
896 4069 1121 4139 gradum
1176 4083 1230 4128 et
1283 4079 1596 4132 coarctaltat
1638 4095 1875 4150 semper,
1935 4094 1990 4138 et

427 4157 608 4212 adhuc
659 4163 1148 4233 constringitsicut
1183 4170 1344 4223 etiam
1396 4175 1741 4228 matrimonia
1795 4190 1857 4229 ex
1893 4189 1990 4229 co-

429 4249 684 4314 gnatione
751 4269 764 4303 :
809 4252 862 4304 in
926 4269 1033 4322 quo
1076 4249 1181 4309 tam
1249 4259 1450 4329 legum,
1502 4276 1663 4330 quam
1716 4277 1988 4317 canonum

429 4349 632 4394 statuta
708 4346 973 4413 sequitur,
1062 4359 1115 4403 et
1180 4357 1384 4406 tomum
1457 4352 1601 4408 illius
1659 4355 1988 4408 sanctissimi

429 4432 773 4498 patriarchae,
815 4435 1016 4490 domini
1063 4437 1312 4495 Sisinnii.
1378 4442 1534 4506 Quod
1579 4443 1724 4496 enim
1756 4443 1821 4496 ad
1870 4445 1988 4514 ejus

2091 3261 2233 3322 τινος
2253 3256 2546 3328 λεγομένου
2589 3252 2788 3323 Ξηροῦ,
2833 3252 2929 3305 καὶ
2982 3246 3381 3316 ὲπιγνωσθεῖσα
3412 3243 3520 3302 τοῖς
3544 3237 3630 3328 δη-

2095 3340 2376 3423 μοσιοῖκοῖς
2416 3348 2510 3403 καὶ
2548 3343 3018 3414 ἐκκλησιαστικαῖς
3045 3338 3289 3409 ἀρχείοις
3317 3337 3408 3389 καὶ
3437 3327 3628 3432 κὼδιξξ,

2089 3447 2181 3500 τὸν
2207 3443 2448 3498 τοιοῦτον
2472 3442 2648 3510 γάμον
2678 3435 2914 3490 ἀπέλυσε
2941 3432 3082 3486 κατά
3111 3431 3210 3501 τὴν
3233 3428 3510 3497 δεδομένην
3534 3428 3632 3478 τοῖς

2093 3536 2404 3609 βασιλεῦσιν
2431 3531 2635 3587 ἀνωθεν
2666 3527 2993 3599 κυριότητα·
3041 3523 3115 3593 μὴ
3159 3520 3342 3573 τοίνυν
3378 3525 3630 3609 συκοφσῗῖ

2090 3595 2280 3696 τητέον
2310 3624 2406 3694 τὴν
2432 3619 2633 3690 ἀκριὸἧ
2673 3595 2770 3686 τῆς
2792 3613 3120 3682 Ἐκκλησίας
3185 3607 3531 3696 κατάστασιν.
3561 3595 3632 3648 Τὰ

2092 3693 2199 3786 γάρ
2231 3715 2288 3781 ἐξ
2321 3693 2636 3782 ἀγχιστείας
2667 3704 3109 3805 συναλλάγματα,
3143 3701 3326 3805 μέχρι,
3349 3695 3436 3749 τοῦ
3487 3693 3630 3805 Exit:

2094 3802 2304 3875 βαθμοῦ
2333 3799 2429 3855 καὶ
2475 3796 2662 3863 αὑτοῦ,
2707 3793 2804 3848 καὶ
2850 3788 3204 3858 ἐστενοχώρει
3259 3786 3632 3875 πάντοτεηκαι

2095 3868 2441 3963 στενοχώρει,
2479 3887 2661 3950 καθώς
2691 3902 2793 3938 που
2819 3884 2910 3936 καὶ
2937 3881 3004 3934 τὰ
3029 3879 3088 3943 ἐξ
3124 3880 3380 3949 αἵματος,
3410 3868 3630 3963 ἑπομένη

2093 3960 2350 4055 νομικοῖς
2387 3980 2482 4035 καὶ
2521 3976 2822 4037 κανονικοῖς
2874 3973 3230 4041 διατάγμασι,
3281 3968 3373 4023 καὶ
3398 3964 3471 4032 τῷ
3499 3960 3633 4055 τόμῳ

2090 4050 2185 4132 τοῦ
2219 4073 2520 4142 ἀγιωτόιτου
2560 4067 2768 4123 ἐκείνου
2797 4063 3156 4135 πατριάρχου,
3195 4059 3364 4131 κυροῦ
3389 4050 3625 4108 Σισινίου.

2093 4169 2167 4223 Τὸ
2209 4165 2319 4234 γάρ
2351 4163 2436 4216 ἐπ’
2475 4160 2753 4228 ἀνατροπῇ
2791 4155 2980 4209 τούτου
3012 4153 3283 4223 διορισθὲν
3317 4148 3463 4218 παρὰ
3503 4144 3634 4214 βασι·

2093 4257 2248 4326 λικῆς
2281 4256 2428 4318 θείας
2453 4251 2888 4323 μεγαλειότητος,
2909 4249 2988 4308 είς
3014 4245 3173 4314 ἔργον
3199 4243 3371 4296 ἐλθεῖν
3395 4243 3422 4292 ό
3447 4238 3634 4326 δίκαιος

2094 4323 2285 4422 κριτὴς
2311 4347 2409 4400 οὐκ
2453 4343 2777 4412 ηὐδόκησεν,
2821 4337 2894 4399 ὼς
2955 4335 3160 4388 οἴδασιν
3196 4333 3246 4385 οἱ
3285 4323 3632 4400 μεμυημένοι,

2093 4444 2190 4498 καὶ
2217 4443 2277 4496 οὐ
2314 4438 2708 4507 πεπλάνηνται.

429 4525 764 4579 eversionem
798 4529 864 4582 ab
926 4530 1272 4600 imperatoria
1342 4549 1496 4588 sacra
1533 4534 1815 4602 majestate
1865 4511 2264 4608 promulgatum
2311 4532 2432 4594 fuit,
2486 4536 2544 4581 ut
2604 4526 2658 4578 in
2699 4521 2947 4578 effectum
3034 4516 3414 4573 deduceretur,
3468 4511 3633 4578 justus

433 4621 522 4674 ille
564 4620 728 4688 judex
796 4625 1016 4678 minime
1045 4625 1211 4678 voluit
1242 4643 1254 4678 :
1289 4624 1740 4694 quemadmodum
1789 4635 1990 4681 norunt
2029 4625 2250 4688 initiati,
2280 4637 2384 4676 nec
2421 4620 2476 4673 in
2505 4629 2689 4670 errore
2707 4616 3013 4666 versantur.

499 4712 687 4779 Atqui,
733 4714 954 4783 subjicit
978 4690 1346 4778 adversarius,
1385 4729 1453 4768 ne
1485 4715 1535 4768 id
1566 4715 1809 4784 quidem,
1839 4717 1981 4786 quod

2159 4715 2287 4779 Ναί,
2323 4711 2510 4780 φησιν,
2542 4704 2656 4760 ἀλλ’
2693 4701 2812 4756 οὐδὲ
2840 4701 2900 4753 τὸ
2929 4698 3188 4767 σύγχυσιν
3223 4694 3318 4747 καὶ
3349 4690 3636 4760 ἀπρέπειαν

429 4804 680 4858 confusio
741 4814 794 4858 et
842 4805 1080 4859 dedecus
1139 4806 1418 4859 nominum
1465 4805 1859 4869 introducatur,
1923 4809 1992 4863 ob

430 4901 696 4969 graduum
753 4898 1233 4959 necessitudinem,
1286 4897 1583 4965 quominus
1639 4898 1825 4966 primae
1855 4914 1990 4953 con-

426 4991 573 5060 jugis
630 5006 740 5046 suae
786 4991 1059 5045 sobrinam
1113 4989 1275 5041 ducat
1337 4988 1666 5049 Demetrius.
1715 4991 1988 5059 impediet.

431 5081 546 5136 Hoc
598 5083 741 5135 enim
784 5082 893 5136 illis
953 5081 1118 5134 etiam
1169 5080 1434 5148 sanguine
1491 5080 1810 5150 propinquis
1864 5097 1995 5136 usu-

433 5170 606 5232 venit,
664 5186 788 5223 cum
830 5170 970 5224 inter
1007 5185 1066 5224 se
1101 5170 1443 5238 copulantur,
1477 5173 1566 5240 qui
1604 5173 1683 5224 vel
1717 5183 1986 5228 octavose

433 5259 605 5331 gradu
646 5261 988 5330 contingunt,
1041 5261 1167 5313 dum
1205 5261 1464 5330 coojuges
1519 5263 1723 5329 alisque
1783 5263 1990 5330 pudore

435 5367 713 5417 vocamus,
751 5367 888 5421 quos
948 5361 1142 5407 natura
1180 5353 1526 5406 sobrinorum
1559 5356 1696 5409 filios
1725 5354 1987 5422 agnoscit,

435 5459 734 5513 eorumque
779 5444 980 5499 liberos
1007 5460 1105 5514 pro
1137 5445 1398 5499 fratribus
1453 5445 1727 5510 ducimus,
1785 5460 1908 5499 cum
1962 5460 1991 5497 a

440 5545 630 5590 natura
652 5537 760 5591 sint
796 5544 1189 5606 prognatorum
1220 5553 1282 5590 ex
1327 5536 1563 5591 sobrinis
1593 5537 1710 5589 filii.
1733 5535 1839 5590 ('ur
1861 5552 1991 5604 ergo

435 5639 637 5680 novum
699 5637 752 5683 et
798 5629 1035 5684 insolens
1091 5629 1187 5694 sit,
1218 5629 1358 5683 idem
1413 5629 1514 5681 hoc
1544 5629 1708 5682 etiam
1761 5627 1812 5680 in
1854 5641 1992 5695 prae-

437 5717 577 5773 senti
639 5719 940 5788 quaestione
1002 5719 1106 5774 dici
1160 5730 1318 5788 atque
1369 5718 1520 5772 ﬁeri?
1580 5717 1684 5771 Sed
1745 5716 1987 5779 audiant,

434 5812 526 5876 qui
583 5811 694 5867 haec
750 5815 823 5867 ita
874 5810 1156 5880 colligunt,
1201 5805 1852 5878 qu0tl,~quemadtnodum
1907 5817 1991 5869 ea,

2087 4808 2365 4876 ὀνομάτων
2395 4796 2713 4866 εἰσάγεσθαι
2749 4792 2837 4849 διὰ
2866 4790 2964 4860 τὴν
2991 4787 3098 4840 τῶν
3131 4783 3354 4876 βαθμῶν
3393 4780 3633 4876 ίδιότητα,

2089 4869 2371 4966 ἐμποδίσει
2403 4891 2588 4945 λαϐεῖν
2631 4887 2721 4939 τὸν
2763 4881 3076 4966 Δημήτριον
3117 4876 3215 4942 τὴν
3271 4869 3637 4966 δισεξαδέλφην

2089 4957 2186 5059 της
2227 4984 2498 5055 προτέρας
2545 4977 2707 5032 αὐτοῦ
2755 4964 3037 5042 γυναικός.
3090 4967 3262 5020 Τοῦτο
3294 4957 3638 5059 γὰρ-καὶᾳείς

2090 5047 2214 5141 τοῦς
2239 5047 2677 5142 συναπτομένους
2703 5065 2762 5129 ἐξ
2786 5064 3015 5132 αἵματος
3039 5058 3322 5124 συγγενεῖς
3354 5053 3445 5106 καὶ
3467 5047 3637 5142 ὀγδόου

2092 5140 2250 5232 ὄντας
2291 5140 2497 5237 βαθμοῦ
2550 5157 2963 5232 θριαμϐεύεται,
2993 5151 3059 5203 δι’
3098 5144 3172 5204 ὧν
3215 5145 3511 5218 όμοζύγους
3555 5140 3638 5237 ἀν-

2095 5228 2466 5331 ερυθριάστως
2522 5228 2983 5318 κατονομαζομεν,
3014 5241 3106 5304 οὓς
3150 5242 3182 5310 ἡ
3235 5238 3394 5331 φύσις
3422 5228 3639 5331 spicis?-

2096 5319 2359 5421 σδέλφους
2394 5348 2681 5415 ἐγνώρισε,
2714 5341 2807 5394 καὶ
2835 5339 2959 5398 τοῦς
2992 5333 3184 5394 παῖδας
3204 5329 3383 5425 αῦτῶν
3405 5328 3477 5425 ὡς
3503 5319 3638 5425 ἀδελ·

2099 5419 2249 5512 φοῦς-
2289 5440 2642 5511 περιέπομεν,
2694 5425 3221 5498 τετταρεξαδὲλφους
3253 5421 3410 5482 ὄντας
3446 5419 3505 5512 ὲκ
3549 5419 3638 5480 φυ-

2103 5507 2256 5596 σεως.
2287 5507 2517 5598 ’Τί-γοῦν
2549 5529 2663 5579 ἐστι
2689 5522 2870 5576 καινὸν
2900 5524 3004 5573 κάν
3031 5536 3107 5586 τῳ
3132 5515 3358 5584 παρόντι
3384 5507 3635 5577 ζητήματι

2099 5618 2374 5673 λαλεῖσθαι
2403 5596 2560 5667 τοῦτο
2599 5611 2692 5665 καὶ
2740 5609 3024 5677 γίνεσθαις
3074 5604 3214 5659 Ἂλλ⁹
3265 5596 3635 5677 ἀκουσάτωσαν

2101 5712 2150 5762 οἱ
2176 5708 2344 5761 ταῦτα
2385 5704 2741 5772 συνείροντες,
2767 5700 2847 5751 ὅτι
2894 5696 3072 5758 καθὼς
3102 5695 3167 5747 τὰ
3210 5691 3476 5757 Γαδείρων
3503 5676 3635 5736 ὲντδς

2101 5796 2438 5866 διακείμενα,
2479 5794 2568 5846 καὶ
2609 5786 3086 5860 ἀκριϐολοτοῦνται
3111 5781 3205 5838 καὶ
3226 5775 3638 5847 ἀπογράφονται,
