4016 6404
506 268 645 334 1057

1909 272 2324 339 MEDITATA.

3552 278 3691 342 1058

504 397 572 449 τὰ
601 395 655 446 δὲ
687 356 827 464 πέρα
883 393 1148 465 Γαδείρων
1204 395 1264 446 οὐ
1320 394 1532 466 πέρατά
1591 395 1759 447 είσιν·
1801 392 1944 445 οὓτω
1979 391 2046 443 τὰ

2158 406 2266 459 quae
2294 393 2372 447 eis
2401 393 2576 448 Gades
2618 397 2719 449 sita
2744 402 2891 461 sunt,
2930 402 3181 451 accurate
3213 397 3341 452 sciri
3366 411 3429 452 ac
3455 399 3689 455 describi

508 486 606 555 μὲν
628 484 774 545 ἐντὸς
794 483 888 537 τοῦ
929 483 1088 537 ἕκτου
1126 484 1332 554 βαθμοῦ
1362 485 1621 554 γινόμενα
1668 481 2049 551 συναλλάγμα-

504 590 589 636 τα,
621 576 711 626 καὶ
737 573 824 626 διὰ
875 576 933 627 τὸ
966 575 1123 642 φύσει
1175 577 1380 628 δίκαιον
1419 576 1514 629 καὶ
1565 575 1838 644 εὐπρεπὲς
1876 590 2047 628 κατα-

504 663 776 732 κρίνονται
804 678 817 692 ·
846 663 914 715 τὰ
944 664 1000 715 δὲ
1038 663 1194 728 ὲκτδς
1220 664 1409 731 αὐτῶν,
1436 645 1898 750 μετέωριξόμενα,
1929 662 2049 715 οὐδὲ

505 753 907 816 κατασπῶνται,
950 752 1069 806 οὐδὲ
1112 753 1480 823 κουφίζονται,
1508 753 1635 808 ἄνευ
1670 755 1832 823 μόνου
1865 752 1960 806 τοῦ
1991 753 2051 816 ἐξ

452 852 461 859 ‘
504 842 733 910 αἵματος
760 842 987 912 ἑϐδόμου
1019 841 1255 912 βαθμοῦ.

572 1105 771 1159 Τοῦτον
816 1106 922 1177 γὰρ
967 1106 1239 1177 βασιλικὸς
1285 1109 1504 1180 ὁρισμὸς
1532 1109 1625 1162 καὶ
1653 1111 1815 1180 τόμος
1844 1111 2046 1165 συνοδμ

504 1199 597 1261 κὸς
628 1199 739 1261 τοῖς
770 1196 861 1251 τοῦ
895 1197 1054 1252 ἕκτου
1087 1199 1291 1269 βαθμοῦ
1318 1201 1720 1271 συναλλάγμασι
1765 1203 2051 1267 συνεξίσω-

504 1305 622 1342 σαν.
664 1287 813 1341 Ἐπεὶ
839 1287 930 1342 οὖν
960 1290 1159 1354 ἱκανῶς
1191 1291 1506 1360 διελάῦομεν
1542 1293 1611 1346 τά
1644 1310 1752 1346 τισι
1784 1294 2052 1347 δικαιολο-

504 1379 741 1449 γούμενα
797 1380 924 1450 περὶ
975 1381 1072 1435 τοῦ
1119 1384 1199 1446 είς
1248 1382 1343 1435 ενα
1377 1383 1580 1452 βαθμὸν
1609 1386 1733 1447 τοὺς
1752 1366 2052 1454 ὁμοζύγους

504 1471 820 1537 ἀνάγεσθαι,
845 1471 954 1524 εἴτε
993 1473 1086 1525 καὶ
1109 1473 1183 1542 μή
1215 1488 1230 1503 ·
1259 1473 1394 1543 Φέρε
1415 1475 1509 1525 καὶ
1539 1475 1600 1526 τὸ
1629 1476 1759 1542 ἡμῖν
1787 1476 2051 1544 παριστάο

507 1578 664 1630 μενον
697 1561 855 1631 χάριν
890 1562 984 1615 τοῦ
1014 1562 1253 1615 τοιούτου
1296 1561 1627 1631 ζητήματος,
1678 1565 1935 1631 εἴπωμεν.
1987 1566 2050 1618 Ol

503 1651 978 1722 νενομοθετηκότες
1006 1653 1130 1723 περὶ
1162 1653 1552 1752 κεκωλυμένων
1574 1656 1766 1725 γάμων
1786 1656 2051 1711 διδάσκον·
2077 1693 2124 1752 Β

504 1757 595 1804 τις
625 1743 683 1794 ὲν
721 1741 908 1812 βιϐλίῳ
952 1740 1059 1811 κη’,
1094 1741 1256 1810 τίτλῳ
1298 1740 1360 1807 ε’,
1404 1744 1485 1805 είς
1513 1743 1605 1796 δύο
1635 1744 1902 1815 διαιροῦσι
1925 1746 2051 1808 τοὺς

508 1832 784 1899 συγγενεῖς
809 1847 821 1860 ·
853 1832 930 1893 είς
959 1830 1203 1892 ἀνιόντας
1225 1832 1316 1884 καὶ
1345 1831 1644 1897 κατιόντας,
1670 1832 1863 1895 παῖδας
1891 1833 2053 1904 δηλα-

504 1919 569 1990 δὴ
603 1921 696 1974 καὶ
721 1923 913 1987 γονεῖς,
959 1922 1054 1974 καὶ
1098 1922 1179 1984 είς
1206 1924 1332 1985 τοὺς
1377 1923 1443 1975 ὲκ
1489 1923 1742 1992 πλαγίου,
1792 1924 2053 1994 ἀδελφούς

507 2028 649 2082 φημι
677 2014 771 2065 καὶ
801 2012 1021 2074 λοιποὺς
1066 2010 1125 2078 ἐξ
1152 2012 1379 2081 αἵματος
1419 2016 1753 2085 προσγενεϊς.
1794 2015 1902 2067 Καὶ
1944 2015 2054 2071 τῶν

510 2101 610 2170 μὲν
645 2102 902 2155 ἀνιόντων
939 2103 1031 2155 καὶ
1067 2103 1378 2170 κατιόντων,
1408 2106 1513 2158 κᾶν
1555 2107 1764 2175 γνήσιοι
1789 2098 1907 2171 ὦσι,
1949 2108 2053 2161 κᾶν

508 2191 744 2258 φυσικοὶ,
772 2192 871 2246 κᾶν
901 2193 1064 2259 Ossol,
1094 2193 1218 2257 τοὺς
1246 2195 1454 2265 γάμους
1485 2195 1778 2250 κωλύουσιν
1810 2199 1888 2259 είς
1922 2198 2054 2251 ἀπέ-

511 2296 718 2349 ραντον.
762 2283 883 2336 Τῶν
911 2282 966 2336 δὲ
998 2283 1056 2347 ἐξ
1085 2282 1337 2353 αἵματος,
1385 2284 1575 2356 μέχρις
1621 2287 1777 2339 ἕκτου
1823 2287 2052 2359 βαθμοῦ.

506 2369 658 2424 Μετὰ
693 2371 871 2439 μέντοι
917 2373 976 2426 τὸ
1016 2375 1400 2445 τεχνολογῆσαι
1430 2376 1498 2428 τὰ
1530 2377 1908 2446 περὶτούτων,
1960 2379 2056 2433 καὶ

507 2461 585 2524 είς
630 2461 752 2530 ὄψιν
810 2463 1103 2533 προθέσθαι
1156 2465 1256 2537 τὴν
1283 2467 1392 2519 τῶν
1444 2465 1666 2536 βαθμῶν
1715 2467 1932 2536 βαθείαν
1963 2472 2055 2527 καὶ

507 2551 894 2625 δυσδιεξίτητον
941 2556 1277 2629 ύπουλότητα
1306 2556 1724 2632 (δυσχερεστάτῃ
1769 2563 1876 2633 γάρ
1902 2581 2054 2633 φησι,

509 2645 600 2699 καὶ
653 2646 752 2699 οὐκ
798 2646 1203 2719 εύκατάληπτος
1253 2651 1287 2719 ἠ
1338 2653 1401 2702 ὲκ
1434 2650 1661 2717 πλαγίου
1706 2652 1814 2704 τῶν
1833 2652 2056 2722 βαθμῶν

511 2737 657 2789 ἔστιν
693 2736 927 2810 εὕρεσις)
971 2740 1318 2809 προστιθέασι
1362 2741 1654 2795 καὶταῦτα
1684 2744 1859 2813 ῥητῶς
1881 2758 1896 2774 ⁸
1935 2747 2057 2799 Είσὶ

507 2826 564 2880 δὲ
594 2830 686 2881 καὶ
712 2828 887 2899 ἕτεροι
915 2831 1100 2901 γάμοι,
1136 2832 1196 2884 ού
1221 2832 1309 2886 διὰ
1341 2833 1538 2904 θεσμὸν
1588 2837 1933 2902 συγγενείας,
1969 2837 2057 2892 διὰ

507 2917 563 2970 δὲ
590 2919 897 2988 ἀγχιστείαν
927 2922 1001 2992 μὴ
1028 2922 1427 2993 προϐαίνοντες.
1474 2925 1777 2994 Ἀγχιστεία
1806 2927 1864 2979 δέ
1908 2930 2055 2981 ἐστιν

2149 489 2393 548 possunt,
2442 496 2562 535 cum
2595 498 2715 552 qua:
2753 485 2891 538 ultra
2922 486 3098 541 Gades
3130 496 3254 540 sunt
3289 486 3487 555 posita,
3521 503 3687 556 pene-

2150 572 2280 625 trari
2310 582 2579 641 nequeant
2608 591 2623 628 :
2653 575 2732 628 sic
2761 574 2924 629 etiam
2976 576 3341 643 matrimonia,
3392 591 3513 646 qua:
3547 578 3690 630 intra

2149 672 2359 716 sextum
2406 665 2631 731 gradum
2688 665 3100 730 contrahuntur,
3162 668 3247 720 vel
3319 667 3436 737 ipsa
3480 670 3694 723 ratione

2149 751 2410 804 naturalis
2461 751 2730 820 aequitatis
2770 762 2824 806 et
2878 753 3086 807 honesti
3145 754 3518 809 damnentur:
3571 771 3692 823 qua:

2148 849 2325 891 autem
2353 844 2502 892 extra
2523 840 2722 909 gradus
2762 840 2925 894 hosce
2965 843 3394 910 suspenduntur,
3438 858 3535 897 nec
3558 842 3693 895 diri-

2149 935 2383 989 muntur,
2417 943 2515 983 nec
2548 931 2878 993 releventur,
2921 942 3146 1002 excepto
3168 932 3285 987 solo
3304 948 3373 986 ex
3412 939 3694 1004 sanguinis

2148 1016 2531 1083 conjunctione
2551 1018 2778 1086 septimo
2808 1019 2997 1087 gradu.

2215 1101 2348 1155 Nam
2381 1103 2527 1156 illum
2557 1113 2662 1157 tam
2698 1105 3040 1173 imperatoria
3075 1108 3302 1174 sanctio,
3331 1124 3491 1178 quam
3517 1118 3696 1165 tomus

2149 1194 2448 1261 synodalis,
2489 1195 2625 1249 sexti
2663 1197 2861 1265 gradus
2884 1197 3248 1252 matrimoniis
3278 1200 3596 1269 exaequavit.
3631 1200 3699 1253 Et

2149 1280 2364 1347 quando
2392 1281 2501 1349 jam
2534 1281 2666 1336 satis
2693 1281 3049 1338 disseruimus
3081 1286 3148 1340 de
3186 1285 3273 1347 iis,
3302 1302 3422 1355 qua:
3450 1288 3697 1341 nonnulli

2151 1371 2251 1422 hac
2276 1371 2330 1423 in
2356 1371 2652 1440 quaestione
2674 1373 2925 1441 allegant,
2949 1375 3126 1430 sintne
3151 1376 3409 1445 conjuges
3431 1377 3497 1430 ad
3528 1393 3693 1431 unum

2151 1460 2414 1514 referendi
2445 1462 2667 1531 gradum
2692 1502 2708 1525 ,
2737 1478 2910 1519 necne
2945 1482 2961 1519 :
3022 1479 3123 1534 age
3154 1465 3490 1533 proferamus
3533 1468 3694 1521 etiam

2152 1550 2224 1614 id,
2263 1552 2402 1620 quod
2437 1552 2505 1607 de
2536 1556 2831 1622 quaestione
2854 1556 3129 1626 proposita
3158 1556 3318 1610 nobis
3350 1557 3416 1610 ad
3452 1558 3692 1610 animum

2151 1643 2367 1696 accidit.
2425 1641 2832 1710 Iurisconsulti,
2888 1645 2980 1716 qui
3038 1645 3105 1701 de
3157 1647 3361 1714 nuptiis
3411 1647 3700 1716 prohibitis

2152 1730 2344 1784 docent
2366 1731 2503 1785 libro
2528 1731 2882 1788 Basilicorum
2910 1749 3099 1799 xxvm,
3129 1734 3286 1790 titulo
3336 1750 3371 1789 v
3394 1773 3410 1797 .
3443 1734 3694 1790 bifariam

2151 1831 2410 1892 cognatos
2457 1822 2752 1878 dividunt:
2799 1824 3154 1879 ascendentes
3193 1834 3245 1880 et
3286 1825 3694 1888 descendentes,

2153 1912 2352 1967 liberos
2373 1913 2583 1968 scilicet
2612 1928 2675 1969 ac
2704 1923 2956 1984 parentes
2981 1932 2997 1982 ;
3023 1923 3077 1970 et
3115 1915 3170 1969 in
3209 1930 3326 1981 eos,
3350 1916 3443 1985 qui
3472 1923 3600 1971 sunt
3630 1930 3697 1968 ex

2153 2010 2485 2071 transverso,
2533 2003 2730 2059 fratres
2776 2005 3015 2074 inquam,
3055 2013 3110 2061 et
3147 2006 3385 2075 reliquos
3412 2006 3701 2074 sanguine

2153 2095 2506 2165 propinquos.
2530 2094 2595 2150 Et
2621 2096 3021 2151 ascendentium
3044 2095 3257 2164 quidem
3281 2111 3344 2151 ac
3371 2095 3702 2151 descenden-

2154 2189 2309 2247 tium,
2344 2186 2456 2240 sive
2478 2185 2699 2255 legitimi
2731 2186 2858 2250 sint,
2883 2186 2994 2240 sive
3021 2186 3315 2248 naturales,
3346 2186 3460 2240 sive
3488 2184 3699 2254 adopti-

2152 2274 2228 2340 vi,
2260 2275 2475 2342 nuptias
2501 2274 2787 2344 prohibent
2814 2275 2869 2328 in
2892 2275 3157 2329 inﬁnitum
3185 2290 3408 2329 :eorum
3436 2290 3584 2340 vero,
3608 2276 3698 2344 qui

2155 2366 2417 2436 sanguine
2442 2365 2729 2435 propinqui
2748 2373 2895 2427 sunt,
2924 2365 2988 2418 ad
3014 2375 3221 2421 sextum
3251 2381 3421 2435 usque
3449 2366 3696 2433 gradum.

2154 2455 2442 2527 Postquam
2469 2456 2574 2513 ista
2599 2456 2871 2513 subtiliter
2887 2464 3267 2525 exposuerunt,
3299 2465 3351 2511 et
3371 2455 3545 2509 oculis
3574 2456 3699 2509 sub-

2150 2545 2401 2616 iecerunt
2420 2547 2679 2616 graduum
2705 2543 3025 2613 profundam
3056 2554 3107 2600 et
3124 2551 3404 2613 peuetratu
3428 2527 3697 2597 diﬂicilem

2154 2635 2543 2691 obscuritatem
2587 2633 3036 2703 (impeditissima
3079 2647 3311 2701 namque
3352 2641 3411 2684 ut
3457 2631 3694 2699 ipsorum

2155 2727 2335 2783 verbis
2369 2734 2493 2780 utar
2520 2739 2617 2780 nec
2649 2734 2903 2794 perceptu
2935 2723 3112 2778 facilis
3143 2730 3226 2778 cst
3251 2723 3304 2776 in
3336 2721 3425 2784 iis,
3458 2723 3546 2789 qui
3575 2727 3702 2774 sunt

2155 2836 2221 2876 ex
2235 2830 2544 2874 transverso
2560 2816 2822 2887 graduum
2847 2812 3126 2882 inventio),
3141 2812 3360 2867 disertis
3386 2812 3564 2867 verbis
3588 2811 3701 2864 haec

2155 2911 2317 2964 etiam
2352 2906 2613 2976 adjiciunt
2642 2920 2658 2956 :
2710 2903 2847 2959 Sunt
2889 2912 2942 2957 et
2978 2903 3095 2956 alia:
3130 2902 3332 2971 nuptiae
3360 2910 3409 2964 Ρ,
3461 2915 3565 2954 non
3598 2901 3703 2952 illa:

508 3010 773 3080 οἰκειότης
807 2988 1107 3081 προσώπων
1163 3015 1226 3065 ἐκ
1273 3013 1465 3083 γάμων
1504 2988 1634 3085 ἡμίν
1676 3019 2053 3086 συνημμένων,

2159 2999 2375 3069 quidem
2411 3003 2628 3064 propter
2654 2994 2742 3063 jus
2776 2992 3138 3061 cognationis,
3171 2989 3262 3045 sed
3296 2988 3515 3058 propter
3535 2988 3705 3041 amni-

510 3099 828 3165 συγγενείας
865 3102 1040 3164 ἐκτός.
1101 3096 1226 3155 Οίον
1254 3102 1349 3155 οὖν
1392 3102 1712 3157 οίκειοῦνται
1760 3106 1967 3176 βαθμὸν
2005 3111 2053 3162 oi

508 3185 773 3255 δμόζυγες
804 3189 939 3258 μετὰ
970 3191 1067 3260 τὴν
1114 3192 1430 3261 συνάφειαν,
1471 3193 1721 3264 καθαρῶς
1763 3196 1860 3265 μὲν
1885 3199 1946 3251 οὐ
1974 3199 2053 3251 δι-

509 3274 835 3331 δάσκουσινο
886 3281 1150 3348 ἐπάγουσι
1198 3281 1274 3343 δὲ,
1317 3281 1389 3353 μὴ
1442 3282 1698 3337 δύνασθαί
1753 3303 1873 3340 τινα
1920 3288 2055 3357 πρὸς

510 3366 685 3434 γάμον
716 3368 896 3422 λαϐεῖν
919 3370 1016 3441 τὴν
1039 3372 1245 3423 οίκείαν
1271 3370 1488 3441 νύμφην
1522 3375 1554 3444 ἢ
1583 3377 1871 3445 προγονήν.
1915 3378 2054 3432 Ἀλλ’

510 3456 630 3508 οὐδὲ
660 3458 758 3527 τὴν
789 3461 1075 3527 μητρυιὰν,
1108 3462 1140 3530 ἢ
1175 3460 1273 3532 τὴν
1321 3462 1585 3532 πενθερὰν
1610 3504 1625 3527 ,
1673 3466 1856 3535 ἐπειδὴ
1889 3470 2056 3537 μητέ-

512 3563 621 3612 ρων
650 3550 802 3614 τάξιν
837 3552 1110 3620 ἐπέχουσι.
1167 3552 1470 3621 Σκοπητέον
1500 3555 1676 3608 τοίνυν
1708 3557 1810 3625 πρὸ
1839 3560 2056 3613 πάντων

511 3638 572 3690 τὸ
618 3639 745 3708 περὶ
796 3639 903 3693 τῶν
940 3640 1181 3711 βαθμῶν.
1240 3643 1395 3697 Οὕτω
1436 3645 1542 3715 γὰρ
1591 3636 1964 3719 ὲξομαλισθείη
1996 3651 2057 3704 τὸ

512 3728 604 3781 τοῦ
641 3728 948 3801 ζητήματος
982 3733 1225 3797 ἄναντες.

582 4003 642 4056 Oi
665 4001 763 4073 τῆς
789 4003 1103 4070 συγγενείας
1132 4002 1349 4074 βαθμοὶ,
1379 4004 1443 4057 ὲκ
1482 4003 1592 4058 τῶν
1633 4005 1904 4074 βαθμίδων
1958 4008 2056 4076 τῆς

514 4092 777 4158 κλίμακος
802 4094 1213 4165 ὠνομάσθησαν.
1256 4094 1342 4156 Ὧς
1369 4094 1478 4165 γὰρ
1506 4097 1708 4148 ἐκεῖναι
1752 4095 2059 4165 λαμϐάνου-

519 4200 606 4235 σαι
632 4173 908 4254 καταρχῆν
951 4184 1010 4248 ἐξ
1056 4184 1310 4238 ἐπιπέδου
1339 4186 1501 4250 τινὸς,
1534 4187 1627 4240 καὶ
1667 4188 1745 4248 είς
1772 4186 1842 4239 τὰ
1874 4188 2062 4257 πρόσω

516 4273 927 4343 προδαίνουσαι,
976 4275 1075 4345 τὴν
1105 4274 1325 4330 κάθοδον
1356 4274 1388 4346 ἢ
1418 4274 1516 4344 τὴν
1545 4275 1727 4329 ἄνοδον
1758 4277 2063 4348 συμπεραί-

2161 3097 2322 3145 tatem
2353 3102 2459 3142 non
2488 3084 2857 3156 procedentes.
2877 3081 3117 3137 Alliuitas
3136 3090 3309 3134 autem
3357 3089 3435 3134 cst
3468 3079 3708 3132 necessi-

2161 3183 2290 3237 tudo
2326 3181 2569 3249 quaedam
2600 3164 2974 3247 personarum,
3004 3189 3100 3242 per
3134 3172 3349 3240 nuptias
3391 3170 3547 3223 nobis
3577 3184 3707 3222 con-

2155 3275 2486 3344 junctarum,
2547 3271 2714 3323 citra’
2747 3268 3145 3336 cognationem.
3202 3264 3344 3333 Ergo
3396 3275 3554 3330 quem
3601 3257 3707 3311 sibi

2160 3362 2386 3432 gradum
2416 3365 2538 3427 post
2579 3357 2772 3413 initum
2821 3353 3220 3408 matrimonium
3262 3349 3536 3402 vindicent
3577 3360 3708 3399 con-

2157 3454 2331 3522 jugcs,
2391 3463 2523 3519 pure
2564 3446 2640 3503 illi
2677 3444 2891 3515 quidem
2933 3457 3040 3497 non
3081 3442 3276 3496 docent
3314 3456 3328 3492 :
3375 3437 3708 3507 subjungunt

2164 3555 2364 3604 tamen,
2395 3540 2625 3608 aliquem
2660 3551 2854 3593 nurum
2900 3547 3075 3596 suam,
3105 3531 3188 3585 vei
3216 3529 3533 3600 privignam,
3574 3539 3708 3578 uxo-

2159 3649 2274 3690 rem
2323 3633 2519 3686 ducere
2561 3644 2666 3682 non
2711 3640 2886 3695 posse.
2935 3622 3046 3677 Nec
3096 3623 3222 3675 item
3271 3631 3575 3677 novercam,
3625 3613 3707 3667 vel

2160 3739 2380 3782 socrum
2413 3741 2426 3776 :
2458 3720 2714 3791 quoniam
2737 3727 2966 3771 matrum
2989 3713 3107 3768 loco
3130 3717 3276 3765 sunt.
3304 3707 3707 3764 Consideranda

2161 3818 2326 3888 igitur
2342 3819 2465 3868 ante
2492 3811 2670 3865 omnia
2700 3806 2964 3876 graduum
2984 3804 3140 3856 ratio.
3160 3792 3250 3855 Sic
3272 3798 3412 3855 enim
3434 3796 3703 3864 exatquari

2162 3886 2360 3981 poterit
2386 3905 2500 3973 ipsa
2528 3896 2837 3970 quaestionis
2867 3895 3011 3949 velut
3036 3891 3255 3946 acclivis
3283 3886 3635 3957 inaequalitas.

2233 3997 2446 4052 Gradus
2475 3988 2812 4061 cognationis
2837 3984 2969 4040 dicti
2998 3989 3124 4038 sunt
3156 3995 3186 4034 a
3216 3976 3567 4036 similitudine
3588 3990 3712 4043 gra-

2165 4089 2331 4143 duum
2385 4081 2616 4150 alicujus
2664 4078 2845 4133 scalae.
2891 4072 3025 4127 Nam
3059 4071 3202 4127 sicut
3246 4069 3350 4122 illa;
3385 4065 3707 4135 principium
3789 4134 3794 4139 ν

2167 4185 2446 4233 sumentes
2491 4187 2520 4224 a
2579 4167 2827 4241 planitie.
2888 4176 3216 4231 sursumque
3262 4157 3578 4217 tendentes,
3639 4154 3708 4208 ad

2168 4260 2606 4321 descendendum
2645 4257 2728 4312 vel
2761 4252 3160 4310 ascendendum
3215 4248 3372 4304 nobis
3411 4247 3652 4302 serviunt
3692 4264 3705 4298 :

516 4334 716 4430 νουσιν,
763 4334 1045 4417 οὕτωκαὶ.
1073 4365 1123 4417 οἱ
1174 4334 1392 4434 βαθμοὶ,
1420 4334 1495 4427 ὡς
1532 4365 1595 4416 ὲκ
1620 4363 1773 4434 ῥίζης
1802 4334 2058 4435 ὁμοφυεῖς

2166 4358 2248 4415 sic
2305 4365 2360 4411 et
2413 4352 2467 4408 hi
2504 4350 2727 4422 gradus,
2757 4347 2905 4404 velut
2939 4342 3181 4414 ejusdem
3219 4349 3427 4396 naturae
3463 4336 3599 4390 rami
3640 4349 3708 4389 ex

515 4452 696 4506 κλάδοι
750 4453 842 4506 τοῦ
893 4453 1110 4524 πρώτου
1182 4454 1507 4525 γεννήτορος
1567 4455 1905 4525 προιέμενοι,
1963 4456 2062 4527 τὴν

519 4542 838 4610 συγγένειαν
890 4543 1323 4613 καταρτίζουσιν.
1375 4544 1600 4613 Ἰδωμεν
1625 4540 1739 4608 οὖν,
1773 4546 1901 4598 ποία
1937 4546 2062 4616 ῥίζα

517 4633 613 4684 καὶ
669 4633 914 4704 καταρχὴ
956 4632 1228 4701 μεσιτεύει
1262 4632 1353 4686 τὸν
1381 4632 1550 4702 ἄνδρα
1588 4634 1721 4701 μετὰ
1746 4634 1845 4703 τῆς
1872 4650 2062 4703 γυναι-

516 4722 631 4789 κὸς,
666 4721 802 4774 ὥστε
829 4723 962 4792 πρὸς
987 4723 1189 4791 ταύτην
1213 4722 1558 4792 ἀναδραμεῖν,
1586 4724 1679 4777 καὶ
1705 4724 1764 4788 ἐξ
1795 4725 1963 4796 αὐτῆς
1986 4727 2063 4791 ὡς

514 4811 606 4864 διὰ
631 4812 885 4882 βαθμίδος
925 4812 1059 4881 πρὸς
1087 4812 1307 4874 τούτους
1339 4811 1532 4866 ἐλθεῖν.
1567 4814 1790 4877 Πάντως
1814 4815 2062 4883 οὐδεμία.

518 4902 651 4956 Οὐδὲ
683 4904 792 4971 γὰρ
843 4901 1063 4957 δύναταί
1104 4919 1188 4964 τις
1226 4902 1398 4954 είπεῖν
1423 4941 1439 4966 ,
1483 4901 1541 4955 '0
1576 4903 1776 4973 Πέτρος
1806 4906 2065 4976 ὲγγένησε

517 4991 608 5045 τὸν
638 4992 966 5062 Δημήτριον.
1012 4991 1071 5045 '0
1102 4991 1263 5055 αὐτὸς
1291 4991 1385 5045 καὶ
1409 4993 1507 5061 τὴν
1535 4992 1753 5059 Μαρίαν
1780 4994 2066 5051 ἀπέτεκεν.

521 5082 682 5134 Ὥστε
732 5082 951 5147 τούτους
984 5082 1077 5136 δύο
1116 5081 1336 5153 βαθμῶν
1376 5082 1520 5153 ἔχειν
1553 5083 1888 5151 συγγένειαν.
1924 5087 2069 5157 Προ-

522 5171 685 5234 φανὲς
721 5172 828 5239 γὰρ
862 5170 1053 5241 ψεῦδός
1085 5172 1222 5225 ἐστι.
1278 5169 1465 5239 Πολλῷ
1494 5170 1552 5223 δὲ
1602 5172 1761 5223 πλέον
1787 5173 1887 5226 οὐκ
1921 5174 2065 5228 εἴποι

521 5275 605 5322 ⁶1ης
634 5260 958 5323 ὑποστάσεις
999 5260 1200 5325 διττὰς,
1240 5261 1357 5322 ἑνὸς
1385 5256 1524 5313 εἶναι
1564 5260 1790 5328 βαθμοῦ.
1828 5261 1930 5314 Δύο
1957 5263 2064 5335 γὰρ

522 5350 798 5418 γεννήσεις
841 5349 1065 5412 τούτους
1129 5350 1469 5420 παρήγαγον,
1529 5350 1592 5402 υἱ
1646 5348 1773 5416 γοῦν
1818 5351 2067 5419 λέγοντες

2166 4445 2372 4509 radice,
2403 4443 2577 4513 primo
2618 4437 2824 4493 scilicet
2857 4440 3080 4504 parente
3112 4427 3484 4501 procedentes,
3508 4437 3710 4494 cogna-

2169 4541 2369 4595 tionem
2395 4532 2705 4605 perﬁciunt.
2743 4526 3036 4582 Videamus
3068 4536 3218 4591 ergo,
3262 4532 3507 4589 quaenam
3554 4517 3709 4571 radix

2169 4645 2231 4686 ac
2244 4624 2567 4699 principium
2591 4621 2731 4674 inter
2757 4617 2930 4672 virum
2957 4624 3010 4668 et
3038 4626 3258 4667 uxorem
3287 4610 3367 4664 sic
3392 4609 3711 4699 intercedat,

2169 4695 2333 4773 ιιι-δά
2371 4728 2490 4771 eam
2536 4712 2608 4768 sit
2647 4706 3057 4766 recurrendum,
3097 4711 3151 4756 et
3190 4700 3259 4754 ab
3295 4713 3358 4754 ea
3396 4712 3493 4752 ceu
3545 4695 3713 4766 gradu

2168 4809 2401 4879 quodam
2423 4804 2652 4874 adipsos
2668 4796 3011 4856 veniendum.
3038 4792 3195 4848 Nulla
3223 4804 3448 4879 prorsus
3479 4788 3713 4879 exsistit.

2170 4875 2287 4953 Non
2319 4895 2464 4958 enim
2514 4893 2697 4947 dicere
2739 4885 3009 4957 quispiam
3047 4888 3244 4951 potest,
3282 4876 3479 4931 Petrus
3530 4875 3716 4943 genuit

2171 4988 2522 5045 Demetrium.
2546 4983 2688 5037 Idem
2719 4990 2773 5034 et
2810 4976 3025 5031 Mariam
3055 4970 3393 5041 procreavit:
3419 4981 3525 5036 quo
3550 4966 3630 5031 tit,
3655 4972 3715 5018 ut

2171 5083 2226 5137 hi
2271 5081 2500 5134 duorum
2541 5072 2803 5144 graduum
2845 5066 3162 5136 cognatione
3206 5060 3378 5133 juncti
3420 5061 3548 5153 sint.
3601 5054 3715 5153 Hoc

2171 5170 2312 5224 enim
2345 5163 2844 5220 manifestissimum
2878 5154 3212 5210 mendacium
3235 5157 3335 5205 est.
3360 5148 3527 5202 Multo
3546 5148 3723 5213 magis

2173 5259 2383 5314 cavebit
2410 5254 2630 5322 aliquis,
2657 5267 2725 5305 ne
2759 5249 2921 5312 dicat,
2952 5247 3088 5300 duas
3117 5255 3375 5311 personas
3407 5240 3566 5293 unius
3594 5249 3716 5290 esse

2173 5350 2393 5420 gradus.
2423 5346 2632 5415 Quippe
2656 5343 2775 5397 duae
2797 5338 3170 5409 generationes
3195 5348 3287 5388 cos
3327 5330 3714 5402 produxerunt.

1812 5462 2042 5519 VARIIE
2078 5462 2479 5519 LECTIONES.

587 5558 609 5583 °
638 5550 770 5623 Vide
796 5551 1045 5623 eclogam,
1077 5553 1470 5623 Basilicarum;
1522 5554 1636 5610 vide
1678 5555 1758 5608 tit.
1814 5554 1875 5607 de
1912 5553 2176 5609 Gradibus
2224 5552 2569 5623 cognationis,
2603 5551 2655 5603 ιι.
2706 5549 2797 5603 lib.
2847 5544 3219 5600 Basilicarum.

529 5621 732 5689 prohib.
762 5633 906 5685 num.
944 5624 995 5677 ά.
1027 5621 1119 5677 lib.
1158 5622 1345 5676 Basili.

3328 5551 3355 5589 ρ
3383 5540 3495 5592 cide
3524 5535 3603 5587 tit.
3653 5531 3723 5588 de
